{"id": "battle-gen9randombattle-181", "formatid": "gen9randombattle", "format": "[Gen 9] Random Battle", "players": ["p0x181d137", "p0y1817e2c"], "log": "|init|battle\n|title|p0x181d137 vs. p0y1817e2c\n|j|\u2606p0x181d137\n|j|\u2606p0y1817e2c\n|t:|1783541207\n|gametype|singles\n|player|p1|p0x181d137|101|\n|player|p2|p0y1817e2c|169|\n|gen|9\n|tier|[Gen 9] Random Battle\n|rule|Species Clause: Limit one of each Pok\u00e9mon\n|rule|HP Percentage Mod: HP is shown in percentages\n|rule|Sleep Clause Mod: Limit one foe put to sleep\n|rule|Illusion Level Mod: Illusion disguises the Pok\u00e9mon's true level\n|\n|t:|1783541207\n|teamsize|p1|6\n|teamsize|p2|6\n|start\n|switch|p1a: Mudsdale|Mudsdale, L83, M|302/302\n|switch|p2a: Palafin|Palafin, L77, M|100/100\n|turn|1\n|inactive|Battle timer is ON: inactive players will automatically lose when time's up. (requested by p0x181d137)\n|inactive|p0y1817e2c also wants the timer to be on.\n|\n|t:|1783541209\n|move|p2a: Palafin|Bulk Up|p2a: Palafin\n|-boost|p2a: Palafin|atk|1\n|-boost|p2a: Palafin|def|1\n|move|p1a: Mudsdale|Stealth Rock|p2a: Palafin\n|-sidestart|p2: p0y1817e2c|move: Stealth Rock\n|\n|upkeep\n|turn|2\n|inactive|Time left: 300 sec this turn | 300 sec total\n|\n|t:|1783541210\n|switch|p1a: Ampharos|Ampharos, L88, F|302/302\n|move|p2a: Palafin|Bulk Up|p2a: Palafin\n|-boost|p2a: Palafin|atk|1\n|-boost|p2a: Palafin|def|1\n|\n|upkeep\n|turn|3\n|inactive|Time left: 300 sec this turn | 300 sec total\n|\n|t:|1783541211\n|move|p2a: Palafin|Ice Punch|p1a: Ampharos\n|-damage|p1a: Ampharos|232/302\n|move|p1a: Ampharos|Thunderbolt|p2a: Palafin\n|-supereffective|p2a: Palafin\n|-damage|p2a: Palafin|0 fnt\n|faint|p2a: Palafin\n|\n|upkeep\n|\n|t:|1783541212\n|switch|p2a: Magmortar|Magmortar, L88, F|100/100\n|turn|4\n|inactive|Time left: 300 sec this turn | 300 sec total\n|\n|t:|1783541214\n|move|p2a: Magmortar|Fire Blast|p1a: Ampharos\n|-damage|p1a: Ampharos|133/302\n|-status|p1a: Ampharos|brn\n|move|p1a: Ampharos|Thunderbolt|p2a: Magmortar\n|-damage|p2a: Magmortar|62/100\n|\n|-damage|p1a: Ampharos|115/302 brn|[from] brn\n|upkeep\n|turn|5\n|inactive|Time left: 300 sec this turn | 300 sec total\n|\n|t:|1783541215\n|move|p2a: Magmortar|Fire Blast|p1a: Ampharos\n|-damage|p1a: Ampharos|9/302 brn\n|move|p1a: Ampharos|Volt Switch|p2a: Magmortar\n|-crit|p2a: Magmortar\n|-damage|p2a: Magmortar|17/100\n|inactive|Time left: 300 sec this turn | 300 sec total | 5 sec grace\n|\n|t:|1783541216\n|switch|p1a: Mudsdale|Mudsdale, L83, M|302/302|[from] Volt Switch\n|\n|upkeep\n|turn|6\n|inactive|Time left: 300 sec this turn | 300 sec total\n|\n|t:|1783541217\n|move|p2a: Magmortar|Fire Blast|p1a: Mudsdale\n|-damage|p1a: Mudsdale|125/302\n|-ability|p1a: Mudsdale|Stamina|boost\n|-boost|p1a: Mudsdale|def|1\n|move|p1a: Mudsdale|Earthquake|p2a: Magmortar\n|-supereffective|p2a: Magmortar\n|-damage|p2a: Magmortar|0 fnt\n|faint|p2a: Magmortar\n|\n|-heal|p1a: Mudsdale|143/302|[from] item: Leftovers\n|upkeep\n|\n|t:|1783541218\n|switch|p2a: Banette|Banette, L93, M|100/100\n|-damage|p2a: Banette|88/100|[from] Stealth Rock\n|turn|7\n|inactive|Time left: 300 sec this turn | 300 sec total\n|\n|t:|1783541219\n|-terastallize|p2a: Banette|Ghost\n|move|p2a: Banette|Poltergeist|p1a: Mudsdale\n|-activate|p1a: Mudsdale|move: Poltergeist|Leftovers\n|-damage|p1a: Mudsdale|0 fnt\n|faint|p1a: Mudsdale\n|-damage|p2a: Banette|78/100|[from] item: Life Orb\n|\n|upkeep\n|inactive|Time left: 300 sec this turn | 300 sec total | 5 sec grace\n|\n|t:|1783541220\n|switch|p1a: Avalugg|Avalugg-Hisui, L90, M|317/317\n|turn|8\n|inactive|Time left: 300 sec this turn | 300 sec total\n|\n|t:|1783541221\n|move|p2a: Banette|Thunder Wave|p1a: Avalugg\n|-status|p1a: Avalugg|par\n|move|p1a: Avalugg|Avalanche|p2a: Banette\n|-damage|p2a: Banette|42/100\n|\n|upkeep\n|turn|9\n|inactive|Time left: 300 sec this turn | 300 sec total\n|\n|t:|1783541222\n|move|p2a: Banette|Poltergeist|p1a: Avalugg\n|-activate|p1a: Avalugg|move: Poltergeist|Heavy-Duty Boots\n|-damage|p1a: Avalugg|179/317 par\n|-damage|p2a: Banette|32/100|[from] item: Life Orb\n|move|p1a: Avalugg|Avalanche|p2a: Banette\n|-damage|p2a: Banette|0 fnt\n|faint|p2a: Banette\n|\n|upkeep\n|\n|t:|1783541223\n|switch|p2a: Toxapex|Toxapex, L82, M|100/100\n|-damage|p2a: Toxapex|88/100|[from] Stealth Rock\n|turn|10\n|inactive|Time left: 300 sec this turn | 300 sec total\n|\n|t:|1783541224\n|move|p2a: Toxapex|Toxic Spikes|p1a: Avalugg\n|-sidestart|p1: p0x181d137|move: Toxic Spikes\n|cant|p1a: Avalugg|par\n|\n|upkeep\n|turn|11\n|inactive|Time left: 300 sec this turn | 300 sec total\n|\n|t:|1783541225\n|move|p2a: Toxapex|Liquidation|p1a: Avalugg\n|-supereffective|p1a: Avalugg\n|-damage|p1a: Avalugg|119/317 par\n|-unboost|p1a: Avalugg|def|1\n|move|p1a: Avalugg|Stone Edge|p2a: Toxapex\n|-damage|p2a: Toxapex|44/100\n|\n|upkeep\n|turn|12\n|inactive|Time left: 300 sec this turn | 300 sec total\n|\n|t:|1783541226\n|move|p2a: Toxapex|Recover|p2a: Toxapex\n|-heal|p2a: Toxapex|94/100\n|move|p1a: Avalugg|Recover|p1a: Avalugg\n|-heal|p1a: Avalugg|278/317 par\n|\n|upkeep\n|turn|13\n|inactive|Time left: 300 sec this turn | 300 sec total\n|\n|t:|1783541227\n|move|p2a: Toxapex|Liquidation|p1a: Avalugg\n|-supereffective|p1a: Avalugg\n|-damage|p1a: Avalugg|176/317 par\n|move|p1a: Avalugg|Rapid Spin|p2a: Toxapex\n|-damage|p2a: Toxapex|78/100\n|-boost|p1a: Avalugg|spe|1\n|-damage|p1a: Avalugg|124/317 par|[from] item: Rocky Helmet|[of] p2a: Toxapex\n|-sideend|p1: p0x181d137|Toxic Spikes|[from] move: Rapid Spin|[of] p1a: Avalugg\n|\n|upkeep\n|turn|14\n|inactive|Time left: 300 sec this turn | 300 sec total\n|\n|t:|1783541228\n|move|p2a: Toxapex|Liquidation|p1a: Avalugg\n|-supereffective|p1a: Avalugg\n|-damage|p1a: Avalugg|26/317 par\n|cant|p1a: Avalugg|par\n|\n|upkeep\n|turn|15\n|inactive|Time left: 300 sec this turn | 300 sec total\n|\n|t:|1783541229\n|move|p2a: Toxapex|Liquidation|p1a: Avalugg\n|-supereffective|p1a: Avalugg\n|-damage|p1a: Avalugg|0 fnt\n|faint|p1a: Avalugg\n|\n|upkeep\n|inactive|Time left: 300 sec this turn | 300 sec total | 5 sec grace\n|\n|t:|1783541230\n|switch|p1a: Slowking|Slowking, L88, F|310/310\n|turn|16\n|inactive|Time left: 300 sec this turn | 300 sec total\n|\n|t:|1783541231\n|move|p2a: Toxapex|Toxic Spikes|p1a: Slowking\n|-sidestart|p1: p0x181d137|move: Toxic Spikes\n|move|p1a: Slowking|Scald|p2a: Toxapex\n|-resisted|p2a: Toxapex\n|-damage|p2a: Toxapex|62/100\n|\n|upkeep\n|turn|17\n|inactive|Time left: 300 sec this turn | 300 sec total\n|\n|t:|1783541232\n|move|p2a: Toxapex|Recover|p2a: Toxapex\n|-heal|p2a: Toxapex|100/100\n|move|p1a: Slowking|Psyshock|p2a: Toxapex\n|-supereffective|p2a: Toxapex\n|-damage|p2a: Toxapex|38/100\n|\n|upkeep\n|turn|18\n|inactive|Time left: 300 sec this turn | 300 sec total\n|\n|t:|1783541233\n|move|p2a: Toxapex|Recover|p2a: Toxapex\n|-heal|p2a: Toxapex|88/100\n|move|p1a: Slowking|Psyshock|p2a: Toxapex\n|-supereffective|p2a: Toxapex\n|-damage|p2a: Toxapex|26/100\n|\n|upkeep\n|turn|19\n|inactive|Time left: 300 sec this turn | 300 sec total\n|\n|t:|1783541234\n|move|p2a: Toxapex|Recover|p2a: Toxapex\n|-heal|p2a: Toxapex|76/100\n|move|p1a: Slowking|Psyshock|p2a: Toxapex\n|-supereffective|p2a: Toxapex\n|-damage|p2a: Toxapex|17/100\n|\n|upkeep\n|turn|20\n|inactive|Time left: 300 sec this turn | 300 sec total\n|\n|t:|1783541235\n|move|p2a: Toxapex|Recover|p2a: Toxapex\n|-heal|p2a: Toxapex|67/100\n|move|p1a: Slowking|Psyshock|p2a: Toxapex\n|-supereffective|p2a: Toxapex\n|-damage|p2a: Toxapex|11/100\n|\n|upkeep\n|turn|21\n|inactive|Time left: 300 sec this turn | 300 sec total\n|\n|t:|1783541236\n|move|p2a: Toxapex|Recover|p2a: Toxapex\n|-heal|p2a: Toxapex|61/100\n|move|p1a: Slowking|Psyshock|p2a: Toxapex\n|-supereffective|p2a: Toxapex\n|-damage|p2a: Toxapex|4/100\n|\n|upkeep\n|turn|22\n|inactive|Time left: 300 sec this turn | 300 sec total\n|\n|t:|1783541237\n|move|p2a: Toxapex|Toxic Spikes|p1a: Slowking\n|-sidestart|p1: p0x181d137|move: Toxic Spikes\n|move|p1a: Slowking|Psyshock|p2a: Toxapex\n|-supereffective|p2a: Toxapex\n|-damage|p2a: Toxapex|0 fnt\n|faint|p2a: Toxapex\n|\n|upkeep\n|\n|t:|1783541238\n|switch|p2a: Zangoose|Zangoose, L85, M|100/100\n|-damage|p2a: Zangoose|88/100|[from] Stealth Rock\n|turn|23\n|inactive|Time left: 300 sec this turn | 300 sec total\n|\n|t:|1783541239\n|move|p2a: Zangoose|Knock Off|p1a: Slowking\n|-supereffective|p1a: Slowking\n|-damage|p1a: Slowking|132/310\n|-enditem|p1a: Slowking|Heavy-Duty Boots|[from] move: Knock Off|[of] p2a: Zangoose\n|move|p1a: Slowking|Scald|p2a: Zangoose\n|-damage|p2a: Zangoose|39/100\n|-status|p2a: Zangoose|brn\n|\n|-damage|p2a: Zangoose|33/100 brn|[from] brn\n|upkeep\n|turn|24\n|inactive|Time left: 300 sec this turn | 300 sec total\n|\n|t:|1783541240\n|move|p2a: Zangoose|Facade|p1a: Slowking\n|-damage|p1a: Slowking|0 fnt\n|faint|p1a: Slowking\n|\n|-damage|p2a: Zangoose|27/100 brn|[from] brn\n|upkeep\n|inactive|Time left: 300 sec this turn | 300 sec total | 5 sec grace\n|\n|t:|1783541241\n|switch|p1a: Scizor|Scizor, L79, F|240/240\n|turn|25\n|inactive|Time left: 300 sec this turn | 300 sec total\n|\n|t:|1783541242\n|move|p2a: Zangoose|Close Combat|p1a: Scizor\n|-damage|p1a: Scizor|196/240\n|-unboost|p2a: Zangoose|def|1\n|-unboost|p2a: Zangoose|spd|1\n|move|p1a: Scizor|Swords Dance|p1a: Scizor\n|-boost|p1a: Scizor|atk|2\n|\n|-damage|p2a: Zangoose|21/100 brn|[from] brn\n|upkeep\n|turn|26\n|inactive|Time left: 300 sec this turn | 300 sec total\n|\n|t:|1783541243\n|move|p1a: Scizor|Bullet Punch|p2a: Zangoose\n|-damage|p2a: Zangoose|0 fnt\n|faint|p2a: Zangoose\n|-damage|p1a: Scizor|172/240|[from] item: Life Orb\n|\n|upkeep\n|\n|t:|1783541244\n|switch|p2a: Delibird|Delibird, F|100/100\n|turn|27\n|inactive|Time left: 300 sec this turn | 300 sec total\n|\n|t:|1783541245\n|-terastallize|p1a: Scizor|Steel\n|move|p1a: Scizor|Bullet Punch|p2a: Delibird\n|-supereffective|p2a: Delibird\n|-damage|p2a: Delibird|0 fnt\n|faint|p2a: Delibird\n|-damage|p1a: Scizor|148/240|[from] item: Life Orb\n|\n|win|p0x181d137", "uploadtime": 1783541245, "views": 0, "rating": 0, "private": 0, "password": null, "_winner": "p0x181d137", "_our_name": "p0x181d137"}