{"id": "battle-gen9randombattle-2822", "formatid": "gen9randombattle", "format": "[Gen 9] Random Battle", "players": ["p0x2822c341", "p0y2822c4e1"], "log": "|init|battle\n|title|p0x2822c341 vs. p0y2822c4e1\n|j|\u2606p0x2822c341\n|j|\u2606p0y2822c4e1\n|t:|1783572510\n|gametype|singles\n|player|p1|p0x2822c341|2|\n|player|p2|p0y2822c4e1|102|\n|gen|9\n|tier|[Gen 9] Random Battle\n|rule|Species Clause: Limit one of each Pok\u00e9mon\n|rule|HP Percentage Mod: HP is shown in percentages\n|rule|Sleep Clause Mod: Limit one foe put to sleep\n|rule|Illusion Level Mod: Illusion disguises the Pok\u00e9mon's true level\n|\n|t:|1783572510\n|teamsize|p1|6\n|teamsize|p2|6\n|start\n|switch|p1a: Weavile|Weavile, L79, M|100/100\n|switch|p2a: Stonjourner|Stonjourner, L91, M|330/330\n|turn|1\n|inactive|Battle timer is ON: inactive players will automatically lose when time's up. (requested by p0x2822c341)\n|inactive|Time left: 300 sec this turn | 300 sec total | 60 sec grace\n|inactive|p0y2822c4e1 also wants the timer to be on.\n|\n|t:|1783572512\n|switch|p1a: Regirock|Regirock, L83|100/100\n|move|p2a: Stonjourner|Stone Edge|p1a: Regirock\n|-damage|p1a: Regirock|61/100\n|-damage|p2a: Stonjourner|297/330|[from] item: Life Orb\n|\n|upkeep\n|turn|2\n|inactive|Time left: 300 sec this turn | 300 sec total\n|\n|t:|1783572513\n|-terastallize|p2a: Stonjourner|Ground\n|move|p2a: Stonjourner|Earthquake|p1a: Regirock\n|-supereffective|p1a: Regirock\n|-damage|p1a: Regirock|0 fnt\n|faint|p1a: Regirock\n|-damage|p2a: Stonjourner|264/330|[from] item: Life Orb\n|\n|upkeep\n|\n|t:|1783572514\n|switch|p1a: Rotom|Rotom, L88|100/100\n|turn|3\n|inactive|Time left: 300 sec this turn | 300 sec total\n|\n|t:|1783572515\n|move|p1a: Rotom|Shadow Ball|p2a: Stonjourner\n|-damage|p2a: Stonjourner|22/330\n|-unboost|p2a: Stonjourner|spd|1\n|-damage|p1a: Rotom|91/100|[from] item: Life Orb\n|move|p2a: Stonjourner|Stone Edge|p1a: Rotom\n|-damage|p1a: Rotom|0 fnt\n|faint|p1a: Rotom\n|-damage|p2a: Stonjourner|0 fnt|[from] item: Life Orb\n|faint|p2a: Stonjourner\n|\n|upkeep\n|inactive|Time left: 300 sec this turn | 300 sec total | 5 sec grace\n|\n|t:|1783572515\n|switch|p1a: Beartic|Beartic, L91, F|100/100\n|switch|p2a: Cloyster|Cloyster, L80, F|211/211\n|turn|4\n|inactive|Time left: 300 sec this turn | 300 sec total\n|\n|t:|1783572517\n|-terastallize|p1a: Beartic|Fighting\n|move|p2a: Cloyster|Shell Smash|p2a: Cloyster\n|-unboost|p2a: Cloyster|def|1\n|-unboost|p2a: Cloyster|spd|1\n|-boost|p2a: Cloyster|atk|2\n|-boost|p2a: Cloyster|spa|2\n|-boost|p2a: Cloyster|spe|2\n|-enditem|p2a: Cloyster|White Herb\n|-clearnegativeboost|p2a: Cloyster|[silent]\n|move|p1a: Beartic|Close Combat|p2a: Cloyster\n|-supereffective|p2a: Cloyster\n|-damage|p2a: Cloyster|5/211\n|-unboost|p1a: Beartic|def|1\n|-unboost|p1a: Beartic|spd|1\n|\n|upkeep\n|turn|5\n|inactive|Time left: 300 sec this turn | 300 sec total\n|\n|t:|1783572517\n|move|p1a: Beartic|Aqua Jet|p2a: Cloyster\n|-resisted|p2a: Cloyster\n|-damage|p2a: Cloyster|0 fnt\n|faint|p2a: Cloyster\n|\n|upkeep\n|inactive|Time left: 300 sec this turn | 300 sec total | 5 sec grace\n|\n|t:|1783572518\n|switch|p2a: Volcarona|Volcarona, L77, M|257/257\n|turn|6\n|inactive|Time left: 300 sec this turn | 300 sec total\n|\n|t:|1783572519\n|move|p2a: Volcarona|Fire Blast|p1a: Beartic\n|-damage|p1a: Beartic|44/100\n|move|p1a: Beartic|Swords Dance|p1a: Beartic\n|-boost|p1a: Beartic|atk|2\n|\n|upkeep\n|turn|7\n|inactive|Time left: 300 sec this turn | 300 sec total\n|\n|t:|1783572520\n|move|p1a: Beartic|Aqua Jet|p2a: Volcarona\n|-supereffective|p2a: Volcarona\n|-damage|p2a: Volcarona|21/257\n|move|p2a: Volcarona|Fire Blast|p1a: Beartic\n|-damage|p1a: Beartic|0 fnt\n|faint|p1a: Beartic\n|\n|upkeep\n|\n|t:|1783572521\n|switch|p1a: Weavile|Weavile, L79, M|100/100\n|turn|8\n|inactive|Time left: 300 sec this turn | 300 sec total\n|\n|t:|1783572522\n|switch|p2a: Cinderace|Cinderace, L77, M|250/250\n|move|p1a: Weavile|Ice Shard|p2a: Cinderace\n|-resisted|p2a: Cinderace\n|-damage|p2a: Cinderace|222/250\n|\n|upkeep\n|turn|9\n|inactive|Time left: 300 sec this turn | 300 sec total\n|\n|t:|1783572523\n|move|p1a: Weavile|Knock Off|p2a: Cinderace\n|-damage|p2a: Cinderace|86/250\n|-enditem|p2a: Cinderace|Heavy-Duty Boots|[from] move: Knock Off|[of] p1a: Weavile\n|move|p2a: Cinderace|Pyro Ball|p1a: Weavile\n|-supereffective|p1a: Weavile\n|-damage|p1a: Weavile|0 fnt\n|faint|p1a: Weavile\n|\n|upkeep\n|\n|t:|1783572524\n|switch|p1a: Deoxys|Deoxys-Speed, L82|100/100\n|-ability|p1a: Deoxys|Pressure\n|turn|10\n|inactive|Time left: 300 sec this turn | 300 sec total\n|\n|t:|1783572525\n|move|p1a: Deoxys|Focus Blast|p2a: Cinderace\n|-damage|p2a: Cinderace|0 fnt\n|faint|p2a: Cinderace\n|-damage|p1a: Deoxys|91/100|[from] item: Life Orb\n|\n|upkeep\n|inactive|Time left: 300 sec this turn | 300 sec total | 5 sec grace\n|\n|t:|1783572526\n|switch|p2a: Inteleon|Inteleon, L81, M|246/246\n|turn|11\n|inactive|Time left: 300 sec this turn | 300 sec total\n|\n|t:|1783572527\n|move|p1a: Deoxys|Dark Pulse|p2a: Inteleon\n|-damage|p2a: Inteleon|162/246\n|-damage|p1a: Deoxys|81/100|[from] item: Life Orb\n|move|p2a: Inteleon|Hydro Pump|p1a: Deoxys\n|-crit|p1a: Deoxys\n|-damage|p1a: Deoxys|0 fnt\n|faint|p1a: Deoxys\n|\n|upkeep\n|\n|t:|1783572527\n|switch|p1a: Sneasler|Sneasler, L74, M|100/100\n|turn|12\n|inactive|Time left: 300 sec this turn | 300 sec total\n|\n|t:|1783572528\n|move|p2a: Inteleon|Hydro Pump|p1a: Sneasler|[miss]\n|-miss|p2a: Inteleon|p1a: Sneasler\n|move|p1a: Sneasler|Dire Claw|p2a: Inteleon\n|-damage|p2a: Inteleon|45/246\n|-status|p2a: Inteleon|slp\n|\n|upkeep\n|turn|13\n|inactive|Time left: 300 sec this turn | 300 sec total\n|\n|t:|1783572529\n|cant|p2a: Inteleon|slp\n|move|p1a: Sneasler|Swords Dance|p1a: Sneasler\n|-boost|p1a: Sneasler|atk|2\n|\n|upkeep\n|turn|14\n|inactive|Time left: 300 sec this turn | 300 sec total\n|\n|t:|1783572530\n|cant|p2a: Inteleon|slp\n|move|p1a: Sneasler|Dire Claw|p2a: Inteleon\n|-damage|p2a: Inteleon|0 fnt\n|faint|p2a: Inteleon\n|\n|upkeep\n|inactive|Time left: 300 sec this turn | 300 sec total | 5 sec grace\n|\n|t:|1783572531\n|switch|p2a: Hawlucha|Hawlucha, L80, M|256/256\n|turn|15\n|inactive|Time left: 300 sec this turn | 300 sec total\n|\n|t:|1783572532\n|move|p2a: Hawlucha|Brave Bird|p1a: Sneasler\n|-supereffective|p1a: Sneasler\n|-damage|p1a: Sneasler|0 fnt\n|faint|p1a: Sneasler\n|-damage|p2a: Hawlucha|177/256|[from] Recoil\n|\n|win|p0y2822c4e1", "uploadtime": 1783572532, "views": 0, "rating": 0, "private": 0, "password": null, "_winner": "p0y2822c4e1", "_our_name": "p0y2822c4e1"}