{"id": "battle-gen9randombattle-385", "formatid": "gen9randombattle", "format": "[Gen 9] Random Battle", "players": ["p0x3853007", "p0y38506f5"], "log": "|init|battle\n|title|p0x3853007 vs. p0y38506f5\n|j|\u2606p0x3853007\n|j|\u2606p0y38506f5\n|t:|1783543563\n|gametype|singles\n|player|p1|p0x3853007|170|\n|player|p2|p0y38506f5|1|\n|gen|9\n|tier|[Gen 9] Random Battle\n|rule|Species Clause: Limit one of each Pok\u00e9mon\n|rule|HP Percentage Mod: HP is shown in percentages\n|rule|Sleep Clause Mod: Limit one foe put to sleep\n|rule|Illusion Level Mod: Illusion disguises the Pok\u00e9mon's true level\n|\n|t:|1783543563\n|teamsize|p1|6\n|teamsize|p2|6\n|start\n|switch|p1a: Salazzle|Salazzle, L83, F|249/249\n|switch|p2a: Furret|Furret, L94, F|100/100\n|-item|p1a: Salazzle|Heavy-Duty Boots|[from] ability: Frisk|[of] p2a: Furret\n|turn|1\n|inactive|Battle timer is ON: inactive players will automatically lose when time's up. (requested by p0y38506f5)\n|inactive|Time left: 300 sec this turn | 300 sec total | 60 sec grace\n|inactive|p0x3853007 also wants the timer to be on.\n|\n|t:|1783543565\n|move|p1a: Salazzle|Sludge Wave|p2a: Furret\n|-damage|p2a: Furret|54/100\n|move|p2a: Furret|Tidy Up|p2a: Furret\n|-boost|p2a: Furret|atk|1\n|-boost|p2a: Furret|spe|1\n|\n|upkeep\n|turn|2\n|inactive|Time left: 300 sec this turn | 300 sec total\n|\n|t:|1783543566\n|move|p2a: Furret|Double-Edge|p1a: Salazzle\n|-damage|p1a: Salazzle|0 fnt\n|faint|p1a: Salazzle\n|-damage|p2a: Furret|28/100|[from] Recoil\n|-damage|p2a: Furret|18/100|[from] item: Life Orb\n|\n|upkeep\n|inactive|Time left: 300 sec this turn | 300 sec total | 5 sec grace\n|\n|t:|1783543567\n|switch|p1a: Chien-Pao|Chien-Pao, L72|234/234\n|-ability|p1a: Chien-Pao|Sword of Ruin\n|turn|3\n|inactive|Time left: 300 sec this turn | 300 sec total\n|\n|t:|1783543568\n|move|p1a: Chien-Pao|Ice Shard|p2a: Furret\n|-damage|p2a: Furret|0 fnt\n|faint|p2a: Furret\n|\n|upkeep\n|\n|t:|1783543569\n|switch|p2a: Skeledirge|Skeledirge, L79, M|100/100\n|turn|4\n|inactive|Time left: 300 sec this turn | 300 sec total\n|\n|t:|1783543570\n|switch|p1a: Pincurchin|Pincurchin, M|258/258\n|-fieldstart|move: Electric Terrain|[from] ability: Electric Surge|[of] p1a: Pincurchin\n|move|p2a: Skeledirge|Torch Song|p1a: Pincurchin\n|-damage|p1a: Pincurchin|189/258\n|-boost|p2a: Skeledirge|spa|1\n|\n|-heal|p1a: Pincurchin|205/258|[from] item: Leftovers\n|upkeep\n|turn|5\n|inactive|Time left: 300 sec this turn | 300 sec total\n|\n|t:|1783543571\n|move|p2a: Skeledirge|Torch Song|p1a: Pincurchin\n|-damage|p1a: Pincurchin|97/258\n|-boost|p2a: Skeledirge|spa|1\n|move|p1a: Pincurchin|Discharge|p2a: Skeledirge\n|-damage|p2a: Skeledirge|41/100\n|\n|-heal|p1a: Pincurchin|113/258|[from] item: Leftovers\n|upkeep\n|turn|6\n|inactive|Time left: 300 sec this turn | 300 sec total\n|\n|t:|1783543573\n|-terastallize|p1a: Pincurchin|Water\n|move|p2a: Skeledirge|Hex|p1a: Pincurchin\n|-damage|p1a: Pincurchin|4/258\n|move|p1a: Pincurchin|Discharge|p2a: Skeledirge\n|-damage|p2a: Skeledirge|0 fnt\n|faint|p2a: Skeledirge\n|\n|-heal|p1a: Pincurchin|20/258|[from] item: Leftovers\n|upkeep\n|\n|t:|1783543574\n|switch|p2a: Weavile|Weavile, L79, F|100/100\n|turn|7\n|inactive|Time left: 300 sec this turn | 300 sec total\n|\n|t:|1783543575\n|move|p2a: Weavile|Knock Off|p1a: Pincurchin\n|-damage|p1a: Pincurchin|0 fnt\n|-enditem|p1a: Pincurchin|Leftovers|[from] move: Knock Off|[of] p2a: Weavile\n|faint|p1a: Pincurchin\n|\n|upkeep\n|inactive|Time left: 300 sec this turn | 300 sec total | 5 sec grace\n|\n|t:|1783543576\n|switch|p1a: Hitmonlee|Hitmonlee, L85, M|224/224\n|turn|8\n|inactive|Time left: 300 sec this turn | 300 sec total\n|\n|t:|1783543577\n|-terastallize|p2a: Weavile|Ice\n|move|p2a: Weavile|Triple Axel|p1a: Hitmonlee\n|-damage|p1a: Hitmonlee|182/224\n|-damage|p1a: Hitmonlee|90/224\n|-damage|p1a: Hitmonlee|0 fnt\n|faint|p1a: Hitmonlee\n|-hitcount|p1: Hitmonlee|3\n|\n|-fieldend|move: Electric Terrain\n|upkeep\n|inactive|Time left: 300 sec this turn | 300 sec total | 5 sec grace\n|\n|t:|1783543578\n|switch|p1a: Chien-Pao|Chien-Pao, L72|234/234\n|-ability|p1a: Chien-Pao|Sword of Ruin\n|turn|9\n|inactive|Time left: 300 sec this turn | 300 sec total\n|\n|t:|1783543579\n|switch|p1a: Whimsicott|Whimsicott, L84, M|238/238\n|move|p2a: Weavile|Knock Off|p1a: Whimsicott\n|-resisted|p1a: Whimsicott\n|-damage|p1a: Whimsicott|184/238\n|-enditem|p1a: Whimsicott|Leftovers|[from] move: Knock Off|[of] p2a: Weavile\n|\n|upkeep\n|turn|10\n|inactive|Time left: 300 sec this turn | 300 sec total\n|\n|t:|1783543580\n|move|p1a: Whimsicott|Encore|p2a: Weavile\n|-start|p2a: Weavile|Encore\n|move|p2a: Weavile|Knock Off|p1a: Whimsicott\n|-resisted|p1a: Whimsicott\n|-damage|p1a: Whimsicott|145/238\n|\n|upkeep\n|turn|11\n|inactive|Time left: 300 sec this turn | 300 sec total\n|\n|t:|1783543581\n|switch|p2a: Tropius|Tropius, L91, M|100/100\n|move|p1a: Whimsicott|Leech Seed|p2a: Tropius\n|-immune|p2a: Tropius\n|\n|upkeep\n|turn|12\n|inactive|Time left: 300 sec this turn | 300 sec total\n|\n|t:|1783543581\n|switch|p1a: Chien-Pao|Chien-Pao, L72|234/234\n|-ability|p1a: Chien-Pao|Sword of Ruin\n|move|p2a: Tropius|Air Slash|p1a: Chien-Pao\n|-damage|p1a: Chien-Pao|123/234\n|\n|upkeep\n|turn|13\n|inactive|Time left: 300 sec this turn | 300 sec total\n|\n|t:|1783543582\n|move|p2a: Tropius|Protect|p2a: Tropius\n|-singleturn|p2a: Tropius|Protect\n|move|p1a: Chien-Pao|Icicle Crash|p2a: Tropius\n|-activate|p2a: Tropius|move: Protect\n|\n|upkeep\n|turn|14\n|inactive|Time left: 300 sec this turn | 300 sec total\n|\n|t:|1783543583\n|switch|p2a: Snorlax|Snorlax, L82, F|100/100\n|move|p1a: Chien-Pao|Icicle Crash|p2a: Snorlax\n|-damage|p2a: Snorlax|75/100\n|\n|-heal|p2a: Snorlax|81/100|[from] item: Leftovers\n|upkeep\n|turn|15\n|inactive|Time left: 300 sec this turn | 300 sec total\n|\n|t:|1783543584\n|move|p1a: Chien-Pao|Icicle Crash|p2a: Snorlax\n|-damage|p2a: Snorlax|57/100\n|cant|p2a: Snorlax|flinch\n|\n|-heal|p2a: Snorlax|63/100|[from] item: Leftovers\n|upkeep\n|turn|16\n|inactive|Time left: 300 sec this turn | 300 sec total\n|\n|t:|1783543585\n|move|p1a: Chien-Pao|Icicle Crash|p2a: Snorlax|[miss]\n|-miss|p1a: Chien-Pao|p2a: Snorlax\n|move|p2a: Snorlax|Body Slam|p1a: Chien-Pao\n|-damage|p1a: Chien-Pao|9/234\n|\n|-heal|p2a: Snorlax|69/100|[from] item: Leftovers\n|upkeep\n|turn|17\n|inactive|Time left: 300 sec this turn | 300 sec total\n|\n|t:|1783543586\n|move|p1a: Chien-Pao|Icicle Crash|p2a: Snorlax\n|-damage|p2a: Snorlax|44/100\n|move|p2a: Snorlax|Body Slam|p1a: Chien-Pao\n|-damage|p1a: Chien-Pao|0 fnt\n|faint|p1a: Chien-Pao\n|\n|-heal|p2a: Snorlax|50/100|[from] item: Leftovers\n|upkeep\n|inactive|Time left: 300 sec this turn | 300 sec total | 5 sec grace\n|\n|t:|1783543587\n|switch|p1a: Kommo-o|Kommo-o, L77, M|242/242\n|turn|18\n|inactive|Time left: 300 sec this turn | 300 sec total\n|\n|t:|1783543587\n|switch|p2a: Tropius|Tropius, L91, M|100/100\n|move|p1a: Kommo-o|Swords Dance|p1a: Kommo-o\n|-boost|p1a: Kommo-o|atk|2\n|\n|upkeep\n|turn|19\n|inactive|Time left: 300 sec this turn | 300 sec total\n|\n|t:|1783543588\n|move|p1a: Kommo-o|Scale Shot|p2a: Tropius\n|-damage|p2a: Tropius|86/100\n|-damage|p2a: Tropius|70/100\n|-damage|p2a: Tropius|56/100\n|-damage|p2a: Tropius|42/100\n|-enditem|p2a: Tropius|Sitrus Berry|[eat]\n|-heal|p2a: Tropius|67/100|[from] item: Sitrus Berry\n|-hitcount|p2a: Tropius|4\n|-unboost|p1a: Kommo-o|def|1\n|-boost|p1a: Kommo-o|spe|1\n|move|p2a: Tropius|Air Slash|p1a: Kommo-o\n|-supereffective|p1a: Kommo-o\n|-damage|p1a: Kommo-o|104/242\n|\n|-item|p2a: Tropius|Sitrus Berry|[from] ability: Harvest\n|upkeep\n|turn|20\n|inactive|Time left: 300 sec this turn | 300 sec total\n|\n|t:|1783543589\n|move|p1a: Kommo-o|Iron Head|p2a: Tropius\n|-damage|p2a: Tropius|38/100\n|-enditem|p2a: Tropius|Sitrus Berry|[eat]\n|-heal|p2a: Tropius|63/100|[from] item: Sitrus Berry\n|move|p2a: Tropius|Air Slash|p1a: Kommo-o\n|-supereffective|p1a: Kommo-o\n|-damage|p1a: Kommo-o|0 fnt\n|faint|p1a: Kommo-o\n|\n|upkeep\n|inactive|Time left: 300 sec this turn | 300 sec total | 5 sec grace\n|\n|t:|1783543590\n|switch|p1a: Whimsicott|Whimsicott, L84, M|145/238\n|turn|21\n|inactive|Time left: 300 sec this turn | 300 sec total\n|\n|t:|1783543591\n|move|p1a: Whimsicott|Substitute|p1a: Whimsicott\n|-start|p1a: Whimsicott|Substitute\n|-damage|p1a: Whimsicott|86/238\n|move|p2a: Tropius|Air Slash|p1a: Whimsicott\n|-supereffective|p1a: Whimsicott\n|-end|p1a: Whimsicott|Substitute\n|\n|-item|p2a: Tropius|Sitrus Berry|[from] ability: Harvest\n|upkeep\n|turn|22\n|inactive|Time left: 300 sec this turn | 300 sec total\n|\n|t:|1783543592\n|move|p1a: Whimsicott|Substitute|p1a: Whimsicott\n|-start|p1a: Whimsicott|Substitute\n|-damage|p1a: Whimsicott|27/238\n|move|p2a: Tropius|Air Slash|p1a: Whimsicott\n|-supereffective|p1a: Whimsicott\n|-end|p1a: Whimsicott|Substitute\n|\n|upkeep\n|turn|23\n|inactive|Time left: 300 sec this turn | 300 sec total\n|\n|t:|1783543593\n|move|p1a: Whimsicott|Moonblast|p2a: Tropius\n|-damage|p2a: Tropius|40/100\n|-unboost|p2a: Tropius|spa|1\n|-enditem|p2a: Tropius|Sitrus Berry|[eat]\n|-heal|p2a: Tropius|65/100|[from] item: Sitrus Berry\n|move|p2a: Tropius|Air Slash|p1a: Whimsicott\n|-supereffective|p1a: Whimsicott\n|-damage|p1a: Whimsicott|0 fnt\n|faint|p1a: Whimsicott\n|\n|win|p0y38506f5", "uploadtime": 1783543593, "views": 0, "rating": 0, "private": 0, "password": null, "_winner": "p0y38506f5", "_our_name": "p0x3853007"}