{"id": "battle-gen9randombattle-429", "formatid": "gen9randombattle", "format": "[Gen 9] Random Battle", "players": ["p0x4292d1b", "p0y4295dda"], "log": "|init|battle\n|title|p0x4292d1b vs. p0y4295dda\n|j|\u2606p0x4292d1b\n|j|\u2606p0y4295dda\n|t:|1783544720\n|gametype|singles\n|player|p1|p0x4292d1b|101|\n|player|p2|p0y4295dda|102|\n|gen|9\n|tier|[Gen 9] Random Battle\n|rule|Species Clause: Limit one of each Pok\u00e9mon\n|rule|HP Percentage Mod: HP is shown in percentages\n|rule|Sleep Clause Mod: Limit one foe put to sleep\n|rule|Illusion Level Mod: Illusion disguises the Pok\u00e9mon's true level\n|\n|t:|1783544720\n|teamsize|p1|6\n|teamsize|p2|6\n|start\n|switch|p1a: Armarouge|Armarouge, L80, F|267/267\n|switch|p2a: Furret|Furret, L94, M|100/100\n|-item|p1a: Armarouge|Choice Specs|[from] ability: Frisk|[of] p2a: Furret\n|turn|1\n|inactive|Battle timer is ON: inactive players will automatically lose when time's up. (requested by p0x4292d1b)\n|\n|t:|1783544721\n|move|p2a: Furret|Knock Off|p1a: Armarouge\n|-supereffective|p1a: Armarouge\n|-damage|p1a: Armarouge|49/267\n|-ability|p1a: Armarouge|Weak Armor|boost\n|-unboost|p1a: Armarouge|def|1\n|-boost|p1a: Armarouge|spe|2\n|-enditem|p1a: Armarouge|Choice Specs|[from] move: Knock Off|[of] p2a: Furret\n|move|p1a: Armarouge|Armor Cannon|p2a: Furret\n|-damage|p2a: Furret|48/100\n|-unboost|p1a: Armarouge|def|1\n|-unboost|p1a: Armarouge|spd|1\n|\n|upkeep\n|turn|2\n|inactive|Time left: 300 sec this turn | 300 sec total\n|inactive|p0y4295dda also wants the timer to be on.\n|\n|t:|1783544722\n|switch|p2a: Hydrapple|Hydrapple, L83, F|100/100\n|move|p1a: Armarouge|Armor Cannon|p2a: Hydrapple\n|-damage|p2a: Hydrapple|53/100\n|-unboost|p1a: Armarouge|def|1\n|-unboost|p1a: Armarouge|spd|1\n|\n|upkeep\n|turn|3\n|inactive|Time left: 300 sec this turn | 300 sec total\n|\n|t:|1783544723\n|move|p1a: Armarouge|Armor Cannon|p2a: Hydrapple\n|-damage|p2a: Hydrapple|1/100\n|-unboost|p1a: Armarouge|def|1\n|-unboost|p1a: Armarouge|spd|1\n|move|p2a: Hydrapple|Giga Drain|p1a: Armarouge\n|-resisted|p1a: Armarouge\n|-damage|p1a: Armarouge|0 fnt\n|-heal|p2a: Hydrapple|9/100|[from] drain|[of] p1a: Armarouge\n|faint|p1a: Armarouge\n|-damage|p2a: Hydrapple|0 fnt|[from] item: Life Orb\n|faint|p2a: Hydrapple\n|\n|upkeep\n|inactive|Time left: 300 sec this turn | 300 sec total | 5 sec grace\n|\n|t:|1783544724\n|switch|p1a: Vespiquen|Vespiquen, L99, F|299/299\n|switch|p2a: Ambipom|Ambipom, L84, M|100/100\n|-ability|p1a: Vespiquen|Pressure\n|turn|4\n|inactive|Time left: 300 sec this turn | 300 sec total\n|\n|t:|1783544725\n|move|p2a: Ambipom|Triple Axel|p1a: Vespiquen\n|-supereffective|p1a: Vespiquen\n|-damage|p1a: Vespiquen|249/299\n|-supereffective|p1a: Vespiquen\n|-crit|p1a: Vespiquen\n|-damage|p1a: Vespiquen|111/299\n|-supereffective|p1a: Vespiquen\n|-damage|p1a: Vespiquen|0 fnt\n|faint|p1a: Vespiquen\n|-hitcount|p1: Vespiquen|3\n|\n|upkeep\n|inactive|Time left: 300 sec this turn | 300 sec total | 5 sec grace\n|\n|t:|1783544726\n|switch|p1a: Bellibolt|Bellibolt, L84, F|320/320\n|turn|5\n|inactive|Time left: 300 sec this turn | 300 sec total\n|\n|t:|1783544727\n|move|p2a: Ambipom|Triple Axel|p1a: Bellibolt\n|-damage|p1a: Bellibolt|285/320\n|-start|p1a: Bellibolt|Charge|Triple Axel|[from] ability: Electromorphosis\n|-damage|p1a: Bellibolt|222/320\n|-start|p1a: Bellibolt|Charge|Triple Axel|[from] ability: Electromorphosis\n|-damage|p1a: Bellibolt|125/320\n|-start|p1a: Bellibolt|Charge|Triple Axel|[from] ability: Electromorphosis\n|-hitcount|p1a: Bellibolt|3\n|move|p1a: Bellibolt|Thunderbolt|p2a: Ambipom\n|-damage|p2a: Ambipom|15/100\n|-end|p1a: Bellibolt|Charge|[silent]\n|\n|-heal|p1a: Bellibolt|145/320|[from] item: Leftovers\n|upkeep\n|turn|6\n|inactive|Time left: 300 sec this turn | 300 sec total\n|\n|t:|1783544728\n|-terastallize|p1a: Bellibolt|Water\n|move|p2a: Ambipom|Triple Axel|p1a: Bellibolt|[miss]\n|-miss|p2a: Ambipom|p1a: Bellibolt\n|move|p1a: Bellibolt|Slack Off|p1a: Bellibolt\n|-heal|p1a: Bellibolt|305/320\n|\n|-heal|p1a: Bellibolt|320/320|[from] item: Leftovers\n|upkeep\n|turn|7\n|inactive|Time left: 300 sec this turn | 300 sec total\n|\n|t:|1783544729\n|move|p2a: Ambipom|Triple Axel|p1a: Bellibolt\n|-resisted|p1a: Bellibolt\n|-damage|p1a: Bellibolt|306/320\n|-start|p1a: Bellibolt|Charge|Triple Axel|[from] ability: Electromorphosis\n|-resisted|p1a: Bellibolt\n|-damage|p1a: Bellibolt|276/320\n|-start|p1a: Bellibolt|Charge|Triple Axel|[from] ability: Electromorphosis\n|-resisted|p1a: Bellibolt\n|-damage|p1a: Bellibolt|228/320\n|-start|p1a: Bellibolt|Charge|Triple Axel|[from] ability: Electromorphosis\n|-hitcount|p1a: Bellibolt|3\n|move|p1a: Bellibolt|Thunderbolt|p2a: Ambipom\n|-damage|p2a: Ambipom|0 fnt\n|faint|p2a: Ambipom\n|-end|p1a: Bellibolt|Charge|[silent]\n|\n|-heal|p1a: Bellibolt|248/320|[from] item: Leftovers\n|upkeep\n|\n|t:|1783544730\n|switch|p2a: Mewtwo|Mewtwo, L72|100/100\n|-ability|p2a: Mewtwo|Unnerve\n|turn|8\n|inactive|Time left: 300 sec this turn | 300 sec total\n|\n|t:|1783544732\n|move|p2a: Mewtwo|Nasty Plot|p2a: Mewtwo\n|-boost|p2a: Mewtwo|spa|2\n|move|p1a: Bellibolt|Thunderbolt|p2a: Mewtwo\n|-damage|p2a: Mewtwo|59/100\n|\n|-heal|p1a: Bellibolt|268/320|[from] item: Leftovers\n|upkeep\n|turn|9\n|inactive|Time left: 300 sec this turn | 300 sec total\n|\n|t:|1783544733\n|switch|p1a: Girafarig|Girafarig, L89, F|269/269\n|move|p2a: Mewtwo|Psystrike|p1a: Girafarig\n|-resisted|p1a: Girafarig\n|-damage|p1a: Girafarig|160/269\n|-damage|p2a: Mewtwo|49/100|[from] item: Life Orb\n|\n|upkeep\n|turn|10\n|inactive|Time left: 300 sec this turn | 300 sec total\n|\n|t:|1783544734\n|move|p2a: Mewtwo|Dark Pulse|p1a: Girafarig\n|-supereffective|p1a: Girafarig\n|-damage|p1a: Girafarig|0 fnt\n|faint|p1a: Girafarig\n|-damage|p2a: Mewtwo|39/100|[from] item: Life Orb\n|\n|upkeep\n|inactive|Time left: 300 sec this turn | 300 sec total | 5 sec grace\n|\n|t:|1783544735\n|switch|p1a: Luvdisc|Luvdisc, M|247/247\n|turn|11\n|inactive|Time left: 300 sec this turn | 300 sec total\n|\n|t:|1783544736\n|move|p1a: Luvdisc|Surf|p2a: Mewtwo\n|-damage|p2a: Mewtwo|7/100\n|move|p2a: Mewtwo|Psystrike|p1a: Luvdisc\n|-damage|p1a: Luvdisc|0 fnt\n|faint|p1a: Luvdisc\n|-damage|p2a: Mewtwo|0 fnt|[from] item: Life Orb\n|faint|p2a: Mewtwo\n|\n|upkeep\n|inactive|Time left: 300 sec this turn | 300 sec total | 5 sec grace\n|\n|t:|1783544738\n|switch|p1a: Sinistcha|Sinistcha, L83|254/254\n|switch|p2a: Passimian|Passimian, L83, M|100/100\n|turn|12\n|inactive|Time left: 300 sec this turn | 300 sec total\n|\n|t:|1783544739\n|move|p2a: Passimian|Knock Off|p1a: Sinistcha\n|-supereffective|p1a: Sinistcha\n|-damage|p1a: Sinistcha|46/254\n|-enditem|p1a: Sinistcha|Leftovers|[from] move: Knock Off|[of] p2a: Passimian\n|move|p1a: Sinistcha|Matcha Gotcha|p2a: Passimian|[miss]\n|-miss|p1a: Sinistcha|p2a: Passimian\n|\n|upkeep\n|turn|13\n|inactive|Time left: 300 sec this turn | 300 sec total\n|\n|t:|1783544740\n|switch|p1a: Bellibolt|Bellibolt, L84, F, tera:Water|268/320\n|move|p2a: Passimian|Knock Off|p1a: Bellibolt\n|-crit|p1a: Bellibolt\n|-damage|p1a: Bellibolt|104/320\n|-start|p1a: Bellibolt|Charge|Knock Off|[from] ability: Electromorphosis\n|-enditem|p1a: Bellibolt|Leftovers|[from] move: Knock Off|[of] p2a: Passimian\n|\n|upkeep\n|turn|14\n|inactive|Time left: 300 sec this turn | 300 sec total\n|\n|t:|1783544741\n|move|p2a: Passimian|Knock Off|p1a: Bellibolt\n|-damage|p1a: Bellibolt|28/320\n|-start|p1a: Bellibolt|Charge|Knock Off|[from] ability: Electromorphosis\n|move|p1a: Bellibolt|Slack Off|p1a: Bellibolt\n|-heal|p1a: Bellibolt|188/320\n|\n|upkeep\n|turn|15\n|inactive|Time left: 300 sec this turn | 300 sec total\n|\n|t:|1783544742\n|switch|p2a: Furret|Furret, L94, M|48/100\n|move|p1a: Bellibolt|Thunderbolt|p2a: Furret\n|-crit|p2a: Furret\n|-damage|p2a: Furret|0 fnt\n|faint|p2a: Furret\n|-end|p1a: Bellibolt|Charge|[silent]\n|\n|upkeep\n|\n|t:|1783544743\n|switch|p2a: Passimian|Passimian, L83, M|100/100\n|turn|16\n|inactive|Time left: 300 sec this turn | 300 sec total\n|\n|t:|1783544744\n|-terastallize|p2a: Passimian|Poison\n|move|p2a: Passimian|Gunk Shot|p1a: Bellibolt|[miss]\n|-miss|p2a: Passimian|p1a: Bellibolt\n|move|p1a: Bellibolt|Slack Off|p1a: Bellibolt\n|-heal|p1a: Bellibolt|320/320\n|\n|upkeep\n|turn|17\n|inactive|Time left: 300 sec this turn | 300 sec total\n|\n|t:|1783544745\n|move|p2a: Passimian|Gunk Shot|p1a: Bellibolt\n|-damage|p1a: Bellibolt|101/320\n|-start|p1a: Bellibolt|Charge|Gunk Shot|[from] ability: Electromorphosis\n|move|p1a: Bellibolt|Thunderbolt|p2a: Passimian\n|-damage|p2a: Passimian|6/100\n|-end|p1a: Bellibolt|Charge|[silent]\n|\n|upkeep\n|turn|18\n|inactive|Time left: 300 sec this turn | 300 sec total\n|\n|t:|1783544746\n|move|p2a: Passimian|Gunk Shot|p1a: Bellibolt\n|-crit|p1a: Bellibolt\n|-damage|p1a: Bellibolt|0 fnt\n|faint|p1a: Bellibolt\n|\n|upkeep\n|inactive|Time left: 300 sec this turn | 300 sec total | 5 sec grace\n|\n|t:|1783544747\n|switch|p1a: Sinistcha|Sinistcha, L83|46/254\n|turn|19\n|inactive|Time left: 300 sec this turn | 300 sec total\n|\n|t:|1783544748\n|move|p2a: Passimian|Gunk Shot|p1a: Sinistcha|[miss]\n|-miss|p2a: Passimian|p1a: Sinistcha\n|move|p1a: Sinistcha|Shadow Ball|p2a: Passimian\n|-damage|p2a: Passimian|0 fnt\n|faint|p2a: Passimian\n|\n|upkeep\n|\n|t:|1783544749\n|switch|p2a: Luvdisc|Luvdisc, F|100/100\n|turn|20\n|inactive|Time left: 300 sec this turn | 300 sec total\n|\n|t:|1783544750\n|move|p2a: Luvdisc|Substitute|p2a: Luvdisc\n|-start|p2a: Luvdisc|Substitute\n|-damage|p2a: Luvdisc|76/100\n|move|p1a: Sinistcha|Matcha Gotcha|p2a: Luvdisc\n|-supereffective|p2a: Luvdisc\n|-end|p2a: Luvdisc|Substitute\n|-heal|p1a: Sinistcha|77/254|[from] drain|[of] p2a: Luvdisc\n|\n|upkeep\n|turn|21\n|inactive|Time left: 300 sec this turn | 300 sec total\n|\n|t:|1783544751\n|move|p2a: Luvdisc|Surf|p1a: Sinistcha\n|-resisted|p1a: Sinistcha\n|-damage|p1a: Sinistcha|37/254\n|move|p1a: Sinistcha|Matcha Gotcha|p2a: Luvdisc\n|-supereffective|p2a: Luvdisc\n|-damage|p2a: Luvdisc|0 fnt\n|-heal|p1a: Sinistcha|130/254|[from] drain|[of] p2a: Luvdisc\n|faint|p2a: Luvdisc\n|\n|win|p0x4292d1b", "uploadtime": 1783544751, "views": 0, "rating": 0, "private": 0, "password": null, "_winner": "p0x4292d1b", "_our_name": "p0x4292d1b"}