{"id": "battle-gen9randombattle-2625", "formatid": "gen9randombattle", "format": "[Gen 9] Random Battle", "players": ["p0x2625486e", "p0y26255286"], "log": "|init|battle\n|title|p0x2625486e vs. p0y26255286\n|j|\u2606p0x2625486e\n|j|\u2606p0y26255286\n|t:|1783569310\n|gametype|singles\n|player|p1|p0x2625486e|265|\n|player|p2|p0y26255286|101|\n|gen|9\n|tier|[Gen 9] Random Battle\n|rule|Species Clause: Limit one of each Pok\u00e9mon\n|rule|HP Percentage Mod: HP is shown in percentages\n|rule|Sleep Clause Mod: Limit one foe put to sleep\n|rule|Illusion Level Mod: Illusion disguises the Pok\u00e9mon's true level\n|\n|t:|1783569310\n|teamsize|p1|6\n|teamsize|p2|6\n|start\n|switch|p1a: Sandslash|Sandslash-Alola, L88, F|100/100\n|switch|p2a: Carbink|Carbink, L90|236/236\n|turn|1\n|inactive|Battle timer is ON: inactive players will automatically lose when time's up. (requested by p0y26255286)\n|inactive|p0x2625486e also wants the timer to be on.\n|\n|t:|1783569312\n|move|p1a: Sandslash|Iron Head|p2a: Carbink\n|-supereffective|p2a: Carbink\n|-damage|p2a: Carbink|4/236\n|cant|p2a: Carbink|flinch\n|\n|upkeep\n|turn|2\n|inactive|Time left: 300 sec this turn | 300 sec total\n|\n|t:|1783569313\n|switch|p2a: Lunala|Lunala, L70|308/308\n|move|p1a: Sandslash|Rapid Spin|p2a: Lunala\n|-immune|p2a: Lunala\n|\n|upkeep\n|turn|3\n|inactive|Time left: 300 sec this turn | 300 sec total\n|\n|t:|1783569314\n|move|p2a: Lunala|Calm Mind|p2a: Lunala\n|-boost|p2a: Lunala|spa|1\n|-boost|p2a: Lunala|spd|1\n|move|p1a: Sandslash|Triple Axel|p2a: Lunala\n|-damage|p2a: Lunala|295/308\n|-damage|p2a: Lunala|234/308\n|-hitcount|p2a: Lunala|2\n|\n|-heal|p2a: Lunala|253/308|[from] item: Leftovers\n|upkeep\n|turn|4\n|inactive|Time left: 300 sec this turn | 300 sec total\n|\n|t:|1783569315\n|move|p2a: Lunala|Moongeist Beam|p1a: Sandslash\n|-damage|p1a: Sandslash|56/100\n|move|p1a: Sandslash|Triple Axel|p2a: Lunala\n|-damage|p2a: Lunala|220/308\n|-hitcount|p2a: Lunala|1\n|\n|-heal|p2a: Lunala|239/308|[from] item: Leftovers\n|upkeep\n|turn|5\n|inactive|Time left: 300 sec this turn | 300 sec total\n|\n|t:|1783569316\n|move|p2a: Lunala|Moongeist Beam|p1a: Sandslash\n|-damage|p1a: Sandslash|14/100\n|move|p1a: Sandslash|Triple Axel|p2a: Lunala\n|-damage|p2a: Lunala|206/308\n|-damage|p2a: Lunala|154/308\n|-damage|p2a: Lunala|64/308\n|-hitcount|p2a: Lunala|3\n|\n|-heal|p2a: Lunala|83/308|[from] item: Leftovers\n|upkeep\n|turn|6\n|inactive|Time left: 300 sec this turn | 300 sec total\n|\n|t:|1783569317\n|switch|p1a: Greninja|Greninja, L80, M|100/100\n|move|p2a: Lunala|Moongeist Beam|p1a: Greninja\n|-resisted|p1a: Greninja\n|-damage|p1a: Greninja|63/100\n|\n|-heal|p2a: Lunala|102/308|[from] item: Leftovers\n|upkeep\n|turn|7\n|inactive|Time left: 300 sec this turn | 300 sec total\n|\n|t:|1783569318\n|-terastallize|p2a: Lunala|Fairy\n|move|p1a: Greninja|Dark Pulse|p2a: Lunala\n|-resisted|p2a: Lunala\n|-damage|p2a: Lunala|67/308\n|-damage|p1a: Greninja|53/100|[from] item: Life Orb\n|move|p2a: Lunala|Moonblast|p1a: Greninja\n|-supereffective|p1a: Greninja\n|-damage|p1a: Greninja|0 fnt\n|faint|p1a: Greninja\n|\n|-heal|p2a: Lunala|86/308|[from] item: Leftovers\n|upkeep\n|\n|t:|1783569319\n|switch|p1a: Kyogre|Kyogre, L71|100/100\n|-weather|RainDance|[from] ability: Drizzle|[of] p1a: Kyogre\n|turn|8\n|inactive|Time left: 300 sec this turn | 300 sec total\n|\n|t:|1783569320\n|move|p1a: Kyogre|Water Spout|p2a: Lunala\n|-damage|p2a: Lunala|0 fnt\n|faint|p2a: Lunala\n|\n|-weather|RainDance|[upkeep]\n|upkeep\n|inactive|Time left: 300 sec this turn | 300 sec total | 5 sec grace\n|\n|t:|1783569321\n|switch|p2a: Vileplume|Vileplume, L85, F|266/266\n|turn|9\n|inactive|Time left: 300 sec this turn | 300 sec total\n|\n|t:|1783569322\n|switch|p1a: Swalot|Swalot, L90, F|100/100\n|move|p2a: Vileplume|Sludge Bomb|p1a: Swalot\n|-resisted|p1a: Swalot\n|-damage|p1a: Swalot|84/100\n|\n|-weather|RainDance|[upkeep]\n|-heal|p1a: Swalot|90/100|[from] item: Leftovers\n|upkeep\n|turn|10\n|inactive|Time left: 300 sec this turn | 300 sec total\n|\n|t:|1783569323\n|move|p1a: Swalot|Ice Beam|p2a: Vileplume\n|-supereffective|p2a: Vileplume\n|-damage|p2a: Vileplume|144/266\n|move|p2a: Vileplume|Sleep Powder|p1a: Swalot\n|-status|p1a: Swalot|slp|[from] move: Sleep Powder\n|\n|-weather|RainDance|[upkeep]\n|-heal|p1a: Swalot|97/100 slp|[from] item: Leftovers\n|-heal|p2a: Vileplume|160/266|[from] item: Leftovers\n|upkeep\n|turn|11\n|inactive|Time left: 300 sec this turn | 300 sec total\n|\n|t:|1783569325\n|cant|p1a: Swalot|slp\n|move|p2a: Vileplume|Giga Drain|p1a: Swalot\n|-resisted|p1a: Swalot\n|-damage|p1a: Swalot|82/100 slp\n|-damage|p2a: Vileplume|136/266|[from] ability: Liquid Ooze|[of] p1a: Swalot\n|\n|-weather|RainDance|[upkeep]\n|-heal|p1a: Swalot|88/100 slp|[from] item: Leftovers\n|-heal|p2a: Vileplume|152/266|[from] item: Leftovers\n|upkeep\n|turn|12\n|inactive|Time left: 300 sec this turn | 300 sec total\n|\n|t:|1783569326\n|-curestatus|p1a: Swalot|slp|[msg]\n|move|p1a: Swalot|Sludge Bomb|p2a: Vileplume\n|-damage|p2a: Vileplume|64/266\n|move|p2a: Vileplume|Sludge Bomb|p1a: Swalot\n|-resisted|p1a: Swalot\n|-damage|p1a: Swalot|73/100\n|\n|-weather|none\n|-heal|p1a: Swalot|79/100|[from] item: Leftovers\n|-heal|p2a: Vileplume|80/266|[from] item: Leftovers\n|upkeep\n|turn|13\n|inactive|Time left: 300 sec this turn | 300 sec total\n|\n|t:|1783569327\n|switch|p2a: Bellibolt|Bellibolt, L84, M|320/320\n|move|p1a: Swalot|Ice Beam|p2a: Bellibolt\n|-damage|p2a: Bellibolt|255/320\n|-start|p2a: Bellibolt|Charge|Ice Beam|[from] ability: Electromorphosis\n|\n|-heal|p1a: Swalot|85/100|[from] item: Leftovers\n|-heal|p2a: Bellibolt|275/320|[from] item: Leftovers\n|upkeep\n|turn|14\n|inactive|Time left: 300 sec this turn | 300 sec total\n|\n|t:|1783569328\n|move|p1a: Swalot|Knock Off|p2a: Bellibolt\n|-damage|p2a: Bellibolt|209/320\n|-start|p2a: Bellibolt|Charge|Knock Off|[from] ability: Electromorphosis\n|-enditem|p2a: Bellibolt|Leftovers|[from] move: Knock Off|[of] p1a: Swalot\n|move|p2a: Bellibolt|Thunderbolt|p1a: Swalot\n|-damage|p1a: Swalot|30/100\n|-end|p2a: Bellibolt|Charge|[silent]\n|\n|-heal|p1a: Swalot|36/100|[from] item: Leftovers\n|upkeep\n|turn|15\n|inactive|Time left: 300 sec this turn | 300 sec total\n|\n|t:|1783569329\n|move|p1a: Swalot|Sludge Bomb|p2a: Bellibolt\n|-damage|p2a: Bellibolt|115/320\n|-start|p2a: Bellibolt|Charge|Sludge Bomb|[from] ability: Electromorphosis\n|move|p2a: Bellibolt|Slack Off|p2a: Bellibolt\n|-heal|p2a: Bellibolt|275/320\n|\n|-heal|p1a: Swalot|43/100|[from] item: Leftovers\n|upkeep\n|turn|16\n|inactive|Time left: 300 sec this turn | 300 sec total\n|\n|t:|1783569330\n|move|p1a: Swalot|Sludge Bomb|p2a: Bellibolt\n|-damage|p2a: Bellibolt|184/320\n|-start|p2a: Bellibolt|Charge|Sludge Bomb|[from] ability: Electromorphosis\n|move|p2a: Bellibolt|Thunderbolt|p1a: Swalot\n|-damage|p1a: Swalot|0 fnt\n|faint|p1a: Swalot\n|-end|p2a: Bellibolt|Charge|[silent]\n|\n|upkeep\n|\n|t:|1783569331\n|switch|p1a: Kyogre|Kyogre, L71|100/100\n|-weather|RainDance|[from] ability: Drizzle|[of] p1a: Kyogre\n|turn|17\n|inactive|Time left: 300 sec this turn | 300 sec total\n|\n|t:|1783569332\n|switch|p2a: Luvdisc|Luvdisc, M|247/247\n|move|p1a: Kyogre|Water Spout|p2a: Luvdisc\n|-resisted|p2a: Luvdisc\n|-damage|p2a: Luvdisc|127/247\n|\n|-weather|RainDance|[upkeep]\n|upkeep\n|turn|18\n|inactive|Time left: 300 sec this turn | 300 sec total\n|\n|t:|1783569333\n|move|p2a: Luvdisc|Endeavor|p1a: Kyogre\n|-damage|p1a: Kyogre|50/100\n|move|p1a: Kyogre|Water Spout|p2a: Luvdisc\n|-resisted|p2a: Luvdisc\n|-damage|p2a: Luvdisc|67/247\n|\n|-weather|RainDance|[upkeep]\n|upkeep\n|turn|19\n|inactive|Time left: 300 sec this turn | 300 sec total\n|\n|t:|1783569334\n|move|p2a: Luvdisc|Endeavor|p1a: Kyogre\n|-damage|p1a: Kyogre|26/100\n|move|p1a: Kyogre|Water Spout|p2a: Luvdisc\n|-resisted|p2a: Luvdisc\n|-damage|p2a: Luvdisc|35/247\n|\n|-weather|RainDance|[upkeep]\n|upkeep\n|turn|20\n|inactive|Time left: 300 sec this turn | 300 sec total\n|\n|t:|1783569335\n|switch|p1a: Sandslash|Sandslash-Alola, L88, F|14/100\n|move|p2a: Luvdisc|Surf|p1a: Sandslash\n|-damage|p1a: Sandslash|0 fnt\n|faint|p1a: Sandslash\n|\n|-weather|RainDance|[upkeep]\n|upkeep\n|\n|t:|1783569336\n|switch|p1a: Kyogre|Kyogre, L71|26/100\n|turn|21\n|inactive|Time left: 300 sec this turn | 300 sec total\n|\n|t:|1783569337\n|move|p2a: Luvdisc|Surf|p1a: Kyogre\n|-resisted|p1a: Kyogre\n|-damage|p1a: Kyogre|8/100\n|move|p1a: Kyogre|Origin Pulse|p2a: Luvdisc\n|-resisted|p2a: Luvdisc\n|-damage|p2a: Luvdisc|0 fnt\n|faint|p2a: Luvdisc\n|\n|-weather|none\n|upkeep\n|inactive|Time left: 300 sec this turn | 300 sec total | 5 sec grace\n|\n|t:|1783569338\n|switch|p2a: Vileplume|Vileplume, L85, F|80/266\n|turn|22\n|inactive|Time left: 300 sec this turn | 300 sec total\n|\n|t:|1783569339\n|move|p1a: Kyogre|Origin Pulse|p2a: Vileplume\n|-resisted|p2a: Vileplume\n|-damage|p2a: Vileplume|22/266\n|move|p2a: Vileplume|Strength Sap|p1a: Kyogre\n|-unboost|p1a: Kyogre|atk|1\n|-heal|p2a: Vileplume|169/266\n|\n|-heal|p2a: Vileplume|185/266|[from] item: Leftovers\n|upkeep\n|turn|23\n|inactive|Time left: 300 sec this turn | 300 sec total\n|\n|t:|1783569339\n|move|p1a: Kyogre|Origin Pulse|p2a: Vileplume\n|-resisted|p2a: Vileplume\n|-damage|p2a: Vileplume|127/266\n|move|p2a: Vileplume|Strength Sap|p1a: Kyogre\n|-unboost|p1a: Kyogre|atk|1\n|-heal|p2a: Vileplume|225/266\n|\n|-heal|p2a: Vileplume|241/266|[from] item: Leftovers\n|upkeep\n|turn|24\n|inactive|Time left: 300 sec this turn | 300 sec total\n|\n|t:|1783569340\n|move|p1a: Kyogre|Origin Pulse|p2a: Vileplume|[miss]\n|-miss|p1a: Kyogre|p2a: Vileplume\n|move|p2a: Vileplume|Sludge Bomb|p1a: Kyogre\n|-damage|p1a: Kyogre|0 fnt\n|faint|p1a: Kyogre\n|\n|-heal|p2a: Vileplume|257/266|[from] item: Leftovers\n|upkeep\n|\n|t:|1783569341\n|switch|p1a: Scyther|Scyther, L82, F|100/100\n|turn|25\n|inactive|Time left: 300 sec this turn | 300 sec total\n|\n|t:|1783569342\n|switch|p2a: Houndstone|Houndstone, L86, F|264/264\n|move|p1a: Scyther|Dual Wingbeat|p2a: Houndstone\n|-damage|p2a: Houndstone|234/264\n|-damage|p2a: Houndstone|206/264\n|-hitcount|p2a: Houndstone|2\n|\n|-heal|p2a: Houndstone|222/264|[from] item: Leftovers\n|upkeep\n|turn|26\n|inactive|Time left: 300 sec this turn | 300 sec total\n|\n|t:|1783569343\n|move|p1a: Scyther|Dual Wingbeat|p2a: Houndstone|[miss]\n|-miss|p1a: Scyther|p2a: Houndstone\n|move|p2a: Houndstone|Poltergeist|p1a: Scyther|[miss]\n|-miss|p2a: Houndstone|p1a: Scyther\n|\n|-heal|p2a: Houndstone|238/264|[from] item: Leftovers\n|upkeep\n|turn|27\n|inactive|Time left: 300 sec this turn | 300 sec total\n|\n|t:|1783569344\n|move|p1a: Scyther|Dual Wingbeat|p2a: Houndstone\n|-damage|p2a: Houndstone|206/264\n|-damage|p2a: Houndstone|175/264\n|-hitcount|p2a: Houndstone|2\n|move|p2a: Houndstone|Poltergeist|p1a: Scyther\n|-activate|p1a: Scyther|move: Poltergeist|Heavy-Duty Boots\n|-damage|p1a: Scyther|41/100\n|\n|-heal|p2a: Houndstone|191/264|[from] item: Leftovers\n|upkeep\n|turn|28\n|inactive|Time left: 300 sec this turn | 300 sec total\n|\n|t:|1783569345\n|move|p1a: Scyther|U-turn|p2a: Houndstone\n|-resisted|p2a: Houndstone\n|-damage|p2a: Houndstone|175/264\n|\n|t:|1783569346\n|switch|p1a: Furret|Furret, L94, M|100/100|[from] U-turn\n|-item|p2a: Houndstone|Leftovers|[from] ability: Frisk|[of] p1a: Furret\n|move|p2a: Houndstone|Poltergeist|p1a: Furret\n|-immune|p1a: Furret\n|\n|-heal|p2a: Houndstone|191/264|[from] item: Leftovers\n|upkeep\n|turn|29\n|inactive|Time left: 300 sec this turn | 300 sec total\n|\n|t:|1783569347\n|move|p1a: Furret|Knock Off|p2a: Houndstone\n|-supereffective|p2a: Houndstone\n|-damage|p2a: Houndstone|95/264\n|-enditem|p2a: Houndstone|Leftovers|[from] move: Knock Off|[of] p1a: Furret\n|move|p2a: Houndstone|Body Press|p1a: Furret\n|-supereffective|p1a: Furret\n|-damage|p1a: Furret|59/100\n|\n|upkeep\n|turn|30\n|inactive|Time left: 300 sec this turn | 300 sec total\n|\n|t:|1783569348\n|move|p1a: Furret|Knock Off|p2a: Houndstone\n|-supereffective|p2a: Houndstone\n|-damage|p2a: Houndstone|37/264\n|move|p2a: Houndstone|Rest|p2a: Houndstone\n|-status|p2a: Houndstone|slp|[from] move: Rest\n|-heal|p2a: Houndstone|264/264 slp|[silent]\n|\n|upkeep\n|turn|31\n|inactive|Time left: 300 sec this turn | 300 sec total\n|\n|t:|1783569349\n|switch|p2a: Bellibolt|Bellibolt, L84, M|184/320\n|move|p1a: Furret|Knock Off|p2a: Bellibolt\n|-damage|p2a: Bellibolt|114/320\n|-start|p2a: Bellibolt|Charge|Knock Off|[from] ability: Electromorphosis\n|\n|upkeep\n|turn|32\n|inactive|Time left: 300 sec this turn | 300 sec total\n|\n|t:|1783569350\n|move|p1a: Furret|Knock Off|p2a: Bellibolt\n|-damage|p2a: Bellibolt|44/320\n|-start|p2a: Bellibolt|Charge|Knock Off|[from] ability: Electromorphosis\n|move|p2a: Bellibolt|Slack Off|p2a: Bellibolt\n|-heal|p2a: Bellibolt|204/320\n|\n|upkeep\n|turn|33\n|inactive|Time left: 300 sec this turn | 300 sec total\n|\n|t:|1783569351\n|switch|p1a: Scyther|Scyther, L82, F|41/100\n|move|p2a: Bellibolt|Thunderbolt|p1a: Scyther\n|-supereffective|p1a: Scyther\n|-damage|p1a: Scyther|0 fnt\n|faint|p1a: Scyther\n|-end|p2a: Bellibolt|Charge|[silent]\n|\n|upkeep\n|\n|t:|1783569352\n|switch|p1a: Furret|Furret, L94, M|59/100\n|turn|34\n|inactive|Time left: 300 sec this turn | 300 sec total\n|\n|t:|1783569352\n|-terastallize|p1a: Furret|Normal\n|move|p1a: Furret|Double-Edge|p2a: Bellibolt\n|-damage|p2a: Bellibolt|0 fnt\n|faint|p2a: Bellibolt\n|-damage|p1a: Furret|37/100|[from] Recoil\n|\n|upkeep\n|inactive|Time left: 300 sec this turn | 300 sec total | 5 sec grace\n|\n|t:|1783569353\n|switch|p2a: Houndstone|Houndstone, L86, F|264/264 slp\n|turn|35\n|inactive|Time left: 300 sec this turn | 300 sec total\n|\n|t:|1783569354\n|move|p1a: Furret|Double-Edge|p2a: Houndstone\n|-immune|p2a: Houndstone\n|cant|p2a: Houndstone|slp\n|move|p2a: Houndstone|Sleep Talk|p2a: Houndstone\n|move|p2a: Houndstone|Poltergeist|p1a: Furret|[from] move: Sleep Talk\n|-immune|p1a: Furret\n|\n|upkeep\n|turn|36\n|inactive|Time left: 300 sec this turn | 300 sec total\n|\n|t:|1783569355\n|move|p1a: Furret|Double-Edge|p2a: Houndstone\n|-immune|p2a: Houndstone\n|cant|p2a: Houndstone|slp\n|move|p2a: Houndstone|Sleep Talk|p2a: Houndstone\n|move|p2a: Houndstone|Body Press|p1a: Furret|[from] move: Sleep Talk\n|-supereffective|p1a: Furret\n|-damage|p1a: Furret|0 fnt\n|faint|p1a: Furret\n|\n|win|p0y26255286", "uploadtime": 1783569355, "views": 0, "rating": 0, "private": 0, "password": null, "_winner": "p0y26255286", "_our_name": "p0y26255286"}