{"id": "battle-gen9randombattle-1668", "formatid": "gen9randombattle", "format": "[Gen 9] Random Battle", "players": ["p0x166834cf", "p0y1668d2d2"], "log": "|init|battle\n|title|p0x166834cf vs. p0y1668d2d2\n|j|\u2606p0x166834cf\n|j|\u2606p0y1668d2d2\n|t:|1783558566\n|gametype|singles\n|player|p1|p0x166834cf|102|\n|player|p2|p0y1668d2d2|265|\n|gen|9\n|tier|[Gen 9] Random Battle\n|rule|Species Clause: Limit one of each Pok\u00e9mon\n|rule|HP Percentage Mod: HP is shown in percentages\n|rule|Sleep Clause Mod: Limit one foe put to sleep\n|rule|Illusion Level Mod: Illusion disguises the Pok\u00e9mon's true level\n|\n|t:|1783558566\n|teamsize|p1|6\n|teamsize|p2|6\n|start\n|switch|p1a: Salamence|Salamence, L77, F|100/100\n|switch|p2a: Hydreigon|Hydreigon, L79, F|275/275\n|turn|1\n|inactive|Battle timer is ON: inactive players will automatically lose when time's up. (requested by p0y1668d2d2)\n|inactive|p0x166834cf also wants the timer to be on.\n|\n|t:|1783558568\n|-terastallize|p1a: Salamence|Ground\n|move|p2a: Hydreigon|Draco Meteor|p1a: Salamence\n|-damage|p1a: Salamence|16/100\n|-unboost|p2a: Hydreigon|spa|2\n|-damage|p2a: Hydreigon|248/275|[from] item: Life Orb\n|move|p1a: Salamence|Outrage|p2a: Hydreigon\n|-supereffective|p2a: Hydreigon\n|-damage|p2a: Hydreigon|0 fnt\n|faint|p2a: Hydreigon\n|-ability|p1a: Salamence|Moxie|boost\n|-boost|p1a: Salamence|atk|1\n|\n|upkeep\n|inactive|Time left: 300 sec this turn | 300 sec total | 65 sec grace\n|\n|t:|1783558569\n|switch|p2a: Grafaiai|Grafaiai, L86, F|249/249\n|turn|2\n|inactive|Time left: 300 sec this turn | 300 sec total\n|\n|t:|1783558570\n|move|p2a: Grafaiai|Knock Off|p1a: Salamence\n|-damage|p1a: Salamence|0 fnt\n|-enditem|p1a: Salamence|Heavy-Duty Boots|[from] move: Knock Off|[of] p2a: Grafaiai\n|faint|p1a: Salamence\n|\n|upkeep\n|\n|t:|1783558571\n|switch|p1a: Sandslash|Sandslash, L89, F|100/100\n|turn|3\n|inactive|Time left: 300 sec this turn | 300 sec total\n|\n|t:|1783558572\n|move|p2a: Grafaiai|Parting Shot|p1a: Sandslash\n|-unboost|p1a: Sandslash|atk|1\n|-unboost|p1a: Sandslash|spa|1\n|inactive|Time left: 300 sec this turn | 300 sec total | 5 sec grace\n|\n|t:|1783558572\n|switch|p2a: Swampert|Swampert, L83, M|302/302|[from] Parting Shot\n|move|p1a: Sandslash|Earthquake|p2a: Swampert\n|-damage|p2a: Swampert|218/302\n|\n|-heal|p2a: Swampert|236/302|[from] item: Leftovers\n|upkeep\n|turn|4\n|inactive|Time left: 300 sec this turn | 300 sec total\n|\n|t:|1783558574\n|switch|p1a: Mandibuzz|Mandibuzz, L85, F|100/100\n|move|p2a: Swampert|Flip Turn|p1a: Mandibuzz\n|-damage|p1a: Mandibuzz|81/100\n|inactive|Time left: 300 sec this turn | 300 sec total | 5 sec grace\n|\n|t:|1783558575\n|switch|p2a: Toxtricity|Toxtricity, L82, F|257/257|[from] Flip Turn\n|\n|upkeep\n|turn|5\n|inactive|Time left: 300 sec this turn | 300 sec total\n|\n|t:|1783558575\n|move|p1a: Mandibuzz|Knock Off|p2a: Toxtricity\n|-damage|p2a: Toxtricity|163/257\n|-enditem|p2a: Toxtricity|Choice Specs|[from] move: Knock Off|[of] p1a: Mandibuzz\n|move|p2a: Toxtricity|Boomburst|p1a: Mandibuzz\n|-damage|p1a: Mandibuzz|39/100\n|\n|upkeep\n|turn|6\n|inactive|Time left: 300 sec this turn | 300 sec total\n|\n|t:|1783558576\n|move|p1a: Mandibuzz|Roost|p1a: Mandibuzz\n|-heal|p1a: Mandibuzz|89/100\n|-singleturn|p1a: Mandibuzz|move: Roost\n|move|p2a: Toxtricity|Boomburst|p1a: Mandibuzz\n|-damage|p1a: Mandibuzz|50/100\n|\n|upkeep\n|turn|7\n|inactive|Time left: 300 sec this turn | 300 sec total\n|\n|t:|1783558577\n|move|p1a: Mandibuzz|Roost|p1a: Mandibuzz\n|-heal|p1a: Mandibuzz|99/100\n|-singleturn|p1a: Mandibuzz|move: Roost\n|move|p2a: Toxtricity|Boomburst|p1a: Mandibuzz\n|-damage|p1a: Mandibuzz|59/100\n|\n|upkeep\n|turn|8\n|inactive|Time left: 300 sec this turn | 300 sec total\n|\n|t:|1783558578\n|move|p1a: Mandibuzz|Roost|p1a: Mandibuzz\n|-heal|p1a: Mandibuzz|100/100\n|-singleturn|p1a: Mandibuzz|move: Roost\n|move|p2a: Toxtricity|Overdrive|p1a: Mandibuzz\n|-damage|p1a: Mandibuzz|67/100\n|\n|upkeep\n|turn|9\n|inactive|Time left: 300 sec this turn | 300 sec total\n|\n|t:|1783558579\n|move|p1a: Mandibuzz|Roost|p1a: Mandibuzz\n|-heal|p1a: Mandibuzz|100/100\n|-singleturn|p1a: Mandibuzz|move: Roost\n|move|p2a: Toxtricity|Overdrive|p1a: Mandibuzz\n|-damage|p1a: Mandibuzz|66/100\n|\n|upkeep\n|turn|10\n|inactive|Time left: 300 sec this turn | 300 sec total\n|\n|t:|1783558580\n|move|p1a: Mandibuzz|Roost|p1a: Mandibuzz\n|-heal|p1a: Mandibuzz|100/100\n|-singleturn|p1a: Mandibuzz|move: Roost\n|move|p2a: Toxtricity|Overdrive|p1a: Mandibuzz\n|-damage|p1a: Mandibuzz|66/100\n|\n|upkeep\n|turn|11\n|inactive|Time left: 300 sec this turn | 300 sec total\n|\n|t:|1783558581\n|move|p1a: Mandibuzz|Roost|p1a: Mandibuzz\n|-heal|p1a: Mandibuzz|100/100\n|-singleturn|p1a: Mandibuzz|move: Roost\n|move|p2a: Toxtricity|Boomburst|p1a: Mandibuzz\n|-damage|p1a: Mandibuzz|63/100\n|\n|upkeep\n|turn|12\n|inactive|Time left: 300 sec this turn | 300 sec total\n|\n|t:|1783558582\n|move|p1a: Mandibuzz|Roost|p1a: Mandibuzz\n|-heal|p1a: Mandibuzz|100/100\n|-singleturn|p1a: Mandibuzz|move: Roost\n|move|p2a: Toxtricity|Overdrive|p1a: Mandibuzz\n|-damage|p1a: Mandibuzz|68/100\n|\n|upkeep\n|turn|13\n|inactive|Time left: 300 sec this turn | 300 sec total\n|\n|t:|1783558583\n|move|p1a: Mandibuzz|Roost|p1a: Mandibuzz\n|-heal|p1a: Mandibuzz|100/100\n|-singleturn|p1a: Mandibuzz|move: Roost\n|move|p2a: Toxtricity|Boomburst|p1a: Mandibuzz\n|-damage|p1a: Mandibuzz|61/100\n|\n|upkeep\n|turn|14\n|inactive|Time left: 300 sec this turn | 300 sec total\n|\n|t:|1783558584\n|switch|p1a: Sandslash|Sandslash, L89, F|100/100\n|move|p2a: Toxtricity|Boomburst|p1a: Sandslash\n|-damage|p1a: Sandslash|31/100\n|\n|-heal|p1a: Sandslash|37/100|[from] item: Leftovers\n|upkeep\n|turn|15\n|inactive|Time left: 300 sec this turn | 300 sec total\n|\n|t:|1783558586\n|move|p2a: Toxtricity|Boomburst|p1a: Sandslash\n|-damage|p1a: Sandslash|0 fnt\n|faint|p1a: Sandslash\n|\n|upkeep\n|\n|t:|1783558587\n|switch|p1a: Bruxish|Bruxish, L85, F|100/100\n|turn|16\n|inactive|Time left: 300 sec this turn | 300 sec total\n|\n|t:|1783558588\n|switch|p2a: Swampert|Swampert, L83, M|236/302\n|move|p1a: Bruxish|Psychic Fangs|p2a: Swampert\n|-damage|p2a: Swampert|28/302\n|\n|-heal|p2a: Swampert|46/302|[from] item: Leftovers\n|upkeep\n|turn|17\n|inactive|Time left: 300 sec this turn | 300 sec total\n|\n|t:|1783558589\n|move|p1a: Bruxish|Psychic Fangs|p2a: Swampert\n|-damage|p2a: Swampert|0 fnt\n|faint|p2a: Swampert\n|\n|upkeep\n|inactive|Time left: 300 sec this turn | 300 sec total | 5 sec grace\n|\n|t:|1783558590\n|switch|p2a: Grafaiai|Grafaiai, L86, F|249/249\n|turn|18\n|inactive|Time left: 300 sec this turn | 300 sec total\n|\n|t:|1783558591\n|-terastallize|p2a: Grafaiai|Dark\n|move|p2a: Grafaiai|Knock Off|p1a: Bruxish\n|-supereffective|p1a: Bruxish\n|-damage|p1a: Bruxish|3/100\n|-enditem|p1a: Bruxish|Choice Band|[from] move: Knock Off|[of] p2a: Grafaiai\n|move|p1a: Bruxish|Psychic Fangs|p2a: Grafaiai\n|-immune|p2a: Grafaiai\n|\n|upkeep\n|turn|19\n|inactive|Time left: 300 sec this turn | 300 sec total\n|\n|t:|1783558592\n|move|p2a: Grafaiai|Knock Off|p1a: Bruxish\n|-supereffective|p1a: Bruxish\n|-damage|p1a: Bruxish|0 fnt\n|faint|p1a: Bruxish\n|\n|upkeep\n|\n|t:|1783558593\n|switch|p1a: Klawf|Klawf, L90, M|100/100\n|turn|20\n|inactive|Time left: 300 sec this turn | 300 sec total\n|\n|t:|1783558594\n|move|p2a: Grafaiai|Knock Off|p1a: Klawf\n|-damage|p1a: Klawf|72/100\n|-enditem|p1a: Klawf|Scope Lens|[from] move: Knock Off|[of] p2a: Grafaiai\n|move|p1a: Klawf|Swords Dance|p1a: Klawf\n|-boost|p1a: Klawf|atk|2\n|\n|upkeep\n|turn|21\n|inactive|Time left: 300 sec this turn | 300 sec total\n|\n|t:|1783558595\n|move|p2a: Grafaiai|Encore|p1a: Klawf\n|-start|p1a: Klawf|Encore\n|move|p1a: Klawf|Swords Dance|p1a: Klawf\n|-boost|p1a: Klawf|atk|2\n|\n|upkeep\n|turn|22\n|inactive|Time left: 300 sec this turn | 300 sec total\n|\n|t:|1783558597\n|switch|p2a: Meloetta|Meloetta, L82|298/298\n|switch|p1a: Volcanion|Volcanion, L79|100/100\n|\n|upkeep\n|turn|23\n|inactive|Time left: 300 sec this turn | 300 sec total\n|\n|t:|1783558598\n|move|p2a: Meloetta|Relic Song|p1a: Volcanion\n|-damage|p1a: Volcanion|52/100\n|-formechange|p2a: Meloetta|Meloetta-Pirouette|[msg]\n|-damage|p2a: Meloetta|269/298|[from] item: Life Orb\n|move|p1a: Volcanion|Steam Eruption|p2a: Meloetta\n|-damage|p2a: Meloetta|116/298\n|\n|upkeep\n|turn|24\n|inactive|Time left: 300 sec this turn | 300 sec total\n|\n|t:|1783558599\n|switch|p1a: Mandibuzz|Mandibuzz, L85, F|61/100\n|move|p2a: Meloetta|Close Combat|p1a: Mandibuzz\n|-damage|p1a: Mandibuzz|12/100\n|-unboost|p2a: Meloetta|def|1\n|-unboost|p2a: Meloetta|spd|1\n|-damage|p2a: Meloetta|87/298|[from] item: Life Orb\n|\n|upkeep\n|turn|25\n|inactive|Time left: 300 sec this turn | 300 sec total\n|\n|t:|1783558600\n|move|p2a: Meloetta|Close Combat|p1a: Mandibuzz\n|-damage|p1a: Mandibuzz|0 fnt\n|-unboost|p2a: Meloetta|def|1\n|-unboost|p2a: Meloetta|spd|1\n|faint|p1a: Mandibuzz\n|-damage|p2a: Meloetta|58/298|[from] item: Life Orb\n|\n|upkeep\n|\n|t:|1783558601\n|switch|p1a: Volcanion|Volcanion, L79|52/100\n|turn|26\n|inactive|Time left: 300 sec this turn | 300 sec total\n|\n|t:|1783558602\n|move|p2a: Meloetta|Close Combat|p1a: Volcanion\n|-damage|p1a: Volcanion|0 fnt\n|-unboost|p2a: Meloetta|def|1\n|-unboost|p2a: Meloetta|spd|1\n|faint|p1a: Volcanion\n|-damage|p2a: Meloetta|29/298|[from] item: Life Orb\n|\n|upkeep\n|\n|t:|1783558603\n|switch|p1a: Klawf|Klawf, L90, M|72/100\n|turn|27\n|inactive|Time left: 300 sec this turn | 300 sec total\n|\n|t:|1783558604\n|move|p2a: Meloetta|Close Combat|p1a: Klawf\n|-supereffective|p1a: Klawf\n|-damage|p1a: Klawf|0 fnt\n|-unboost|p2a: Meloetta|def|1\n|-unboost|p2a: Meloetta|spd|1\n|faint|p1a: Klawf\n|-damage|p2a: Meloetta|0 fnt|[from] item: Life Orb\n|faint|p2a: Meloetta\n|\n|win|p0y1668d2d2", "uploadtime": 1783558604, "views": 0, "rating": 0, "private": 0, "password": null, "_winner": "p0y1668d2d2", "_our_name": "p0y1668d2d2"}