{"id": "battle-gen9randombattle-2777", "formatid": "gen9randombattle", "format": "[Gen 9] Random Battle", "players": ["p0x27770189", "p0y27776eed"], "log": "|init|battle\n|title|p0x27770189 vs. p0y27776eed\n|j|\u2606p0x27770189\n|j|\u2606p0y27776eed\n|t:|1783571985\n|gametype|singles\n|player|p1|p0x27770189|101|\n|player|p2|p0y27776eed|102|\n|gen|9\n|tier|[Gen 9] Random Battle\n|rule|Species Clause: Limit one of each Pok\u00e9mon\n|rule|HP Percentage Mod: HP is shown in percentages\n|rule|Sleep Clause Mod: Limit one foe put to sleep\n|rule|Illusion Level Mod: Illusion disguises the Pok\u00e9mon's true level\n|\n|t:|1783571985\n|teamsize|p1|6\n|teamsize|p2|6\n|start\n|switch|p1a: Skuntank|Skuntank, L84, F|100/100\n|switch|p2a: Primarina|Primarina, L83, M|268/268\n|turn|1\n|inactive|Battle timer is ON: inactive players will automatically lose when time's up. (requested by p0x27770189)\n|inactive|Time left: 300 sec this turn | 300 sec total | 60 sec grace\n|inactive|p0y27776eed also wants the timer to be on.\n|\n|t:|1783571987\n|switch|p2a: Tauros|Tauros-Paldea-Blaze, L81, M|254/254\n|-ability|p2a: Tauros|Intimidate|boost\n|-unboost|p1a: Skuntank|atk|1\n|move|p1a: Skuntank|Gunk Shot|p2a: Tauros\n|-damage|p2a: Tauros|160/254\n|-damage|p1a: Skuntank|90/100|[from] item: Life Orb\n|\n|upkeep\n|turn|2\n|inactive|Time left: 300 sec this turn | 300 sec total\n|\n|t:|1783571988\n|switch|p1a: Golurk|Golurk, L87|100/100\n|move|p2a: Tauros|Close Combat|p1a: Golurk\n|-immune|p1a: Golurk\n|\n|upkeep\n|turn|3\n|inactive|Time left: 300 sec this turn | 300 sec total\n|\n|t:|1783571989\n|switch|p2a: Primarina|Primarina, L83, M|268/268\n|move|p1a: Golurk|Poltergeist|p2a: Primarina\n|-activate|p2a: Primarina|move: Poltergeist|Leftovers\n|-damage|p2a: Primarina|61/268\n|-damage|p1a: Golurk|91/100|[from] item: Life Orb\n|\n|-heal|p2a: Primarina|77/268|[from] item: Leftovers\n|upkeep\n|turn|4\n|inactive|Time left: 300 sec this turn | 300 sec total\n|\n|t:|1783571991\n|move|p2a: Primarina|Sparkling Aria|p1a: Golurk\n|-supereffective|p1a: Golurk\n|-damage|p1a: Golurk|0 fnt\n|faint|p1a: Golurk\n|\n|-heal|p2a: Primarina|93/268|[from] item: Leftovers\n|upkeep\n|\n|t:|1783571992\n|switch|p1a: Sylveon|Sylveon, L85, M|100/100\n|turn|5\n|inactive|Time left: 300 sec this turn | 300 sec total\n|\n|t:|1783571993\n|move|p1a: Sylveon|Hyper Voice|p2a: Primarina\n|-damage|p2a: Primarina|0 fnt\n|faint|p2a: Primarina\n|\n|upkeep\n|inactive|Time left: 300 sec this turn | 300 sec total | 5 sec grace\n|\n|t:|1783571994\n|switch|p2a: Tauros|Tauros-Paldea-Blaze, L81, M|160/254\n|-ability|p2a: Tauros|Intimidate|boost\n|-unboost|p1a: Sylveon|atk|1\n|turn|6\n|inactive|Time left: 300 sec this turn | 300 sec total\n|\n|t:|1783571995\n|move|p2a: Tauros|Flare Blitz|p1a: Sylveon\n|-damage|p1a: Sylveon|26/100\n|-damage|p2a: Tauros|86/254|[from] Recoil\n|move|p1a: Sylveon|Hyper Voice|p2a: Tauros\n|-damage|p2a: Tauros|0 fnt\n|faint|p2a: Tauros\n|\n|-heal|p1a: Sylveon|32/100|[from] item: Leftovers\n|upkeep\n|inactive|Time left: 300 sec this turn | 300 sec total | 5 sec grace\n|\n|t:|1783571996\n|switch|p2a: Flutter Mane|Flutter Mane, L74|203/203\n|turn|7\n|inactive|Time left: 300 sec this turn | 300 sec total\n|\n|t:|1783571997\n|switch|p1a: Probopass|Probopass, L91, F|100/100\n|move|p2a: Flutter Mane|Moonblast|p1a: Probopass\n|-resisted|p1a: Probopass\n|-damage|p1a: Probopass|82/100\n|\n|-heal|p1a: Probopass|88/100|[from] item: Leftovers\n|upkeep\n|turn|8\n|inactive|Time left: 300 sec this turn | 300 sec total\n|\n|t:|1783571998\n|move|p2a: Flutter Mane|Moonblast|p1a: Probopass\n|-resisted|p1a: Probopass\n|-damage|p1a: Probopass|71/100\n|-unboost|p1a: Probopass|spa|1\n|move|p1a: Probopass|Flash Cannon|p2a: Flutter Mane\n|-supereffective|p2a: Flutter Mane\n|-damage|p2a: Flutter Mane|111/203\n|\n|-heal|p1a: Probopass|77/100|[from] item: Leftovers\n|upkeep\n|turn|9\n|inactive|Time left: 300 sec this turn | 300 sec total\n|\n|t:|1783571999\n|move|p2a: Flutter Mane|Moonblast|p1a: Probopass\n|-resisted|p1a: Probopass\n|-damage|p1a: Probopass|59/100\n|move|p1a: Probopass|Flash Cannon|p2a: Flutter Mane\n|-supereffective|p2a: Flutter Mane\n|-damage|p2a: Flutter Mane|15/203\n|\n|-heal|p1a: Probopass|65/100|[from] item: Leftovers\n|upkeep\n|turn|10\n|inactive|Time left: 300 sec this turn | 300 sec total\n|\n|t:|1783572000\n|move|p2a: Flutter Mane|Moonblast|p1a: Probopass\n|-resisted|p1a: Probopass\n|-damage|p1a: Probopass|46/100\n|-unboost|p1a: Probopass|spa|1\n|move|p1a: Probopass|Power Gem|p2a: Flutter Mane\n|-damage|p2a: Flutter Mane|0 fnt\n|faint|p2a: Flutter Mane\n|-end|p2a: Flutter Mane|Protosynthesis|[silent]\n|\n|-heal|p1a: Probopass|52/100|[from] item: Leftovers\n|upkeep\n|inactive|Time left: 300 sec this turn | 300 sec total | 5 sec grace\n|\n|t:|1783572001\n|switch|p2a: Spectrier|Spectrier, L75|274/274\n|turn|11\n|inactive|Time left: 300 sec this turn | 300 sec total\n|\n|t:|1783572002\n|switch|p1a: Chesnaught|Chesnaught, L84, F|100/100\n|move|p2a: Spectrier|Nasty Plot|p2a: Spectrier\n|-boost|p2a: Spectrier|spa|2\n|\n|upkeep\n|turn|12\n|inactive|Time left: 300 sec this turn | 300 sec total\n|\n|t:|1783572003\n|-terastallize|p2a: Spectrier|Fighting\n|move|p2a: Spectrier|Tera Blast|p1a: Chesnaught|[anim] Tera Blast Fighting\n|-damage|p1a: Chesnaught|0 fnt\n|faint|p1a: Chesnaught\n|-ability|p2a: Spectrier|Grim Neigh|boost\n|-boost|p2a: Spectrier|spa|1\n|-damage|p2a: Spectrier|247/274|[from] item: Life Orb\n|\n|upkeep\n|\n|t:|1783572004\n|switch|p1a: Sylveon|Sylveon, L85, M|32/100\n|turn|13\n|inactive|Time left: 300 sec this turn | 300 sec total\n|\n|t:|1783572005\n|move|p1a: Sylveon|Protect|p1a: Sylveon\n|-singleturn|p1a: Sylveon|Protect\n|move|p2a: Spectrier|Tera Blast|p1a: Sylveon|[anim] Tera Blast Fighting\n|-activate|p1a: Sylveon|move: Protect\n|\n|-heal|p1a: Sylveon|38/100|[from] item: Leftovers\n|upkeep\n|turn|14\n|inactive|Time left: 300 sec this turn | 300 sec total\n|\n|t:|1783572006\n|move|p1a: Sylveon|Protect|p1a: Sylveon\n|-singleturn|p1a: Sylveon|Protect\n|move|p2a: Spectrier|Shadow Ball|p1a: Sylveon\n|-activate|p1a: Sylveon|move: Protect\n|\n|-heal|p1a: Sylveon|44/100|[from] item: Leftovers\n|upkeep\n|turn|15\n|inactive|Time left: 300 sec this turn | 300 sec total\n|\n|t:|1783572007\n|move|p2a: Spectrier|Shadow Ball|p1a: Sylveon\n|-damage|p1a: Sylveon|0 fnt\n|faint|p1a: Sylveon\n|-ability|p2a: Spectrier|Grim Neigh|boost\n|-boost|p2a: Spectrier|spa|1\n|-damage|p2a: Spectrier|220/274|[from] item: Life Orb\n|\n|upkeep\n|\n|t:|1783572008\n|switch|p1a: Skuntank|Skuntank, L84, F|90/100\n|turn|16\n|inactive|Time left: 300 sec this turn | 300 sec total\n|\n|t:|1783572009\n|move|p1a: Skuntank|Sucker Punch|p2a: Spectrier\n|-resisted|p2a: Spectrier\n|-damage|p2a: Spectrier|149/274\n|-damage|p1a: Skuntank|80/100|[from] item: Life Orb\n|move|p2a: Spectrier|Tera Blast|p1a: Skuntank|[anim] Tera Blast Fighting\n|-damage|p1a: Skuntank|0 fnt\n|faint|p1a: Skuntank\n|-ability|p2a: Spectrier|Grim Neigh|boost\n|-boost|p2a: Spectrier|spa|1\n|-damage|p2a: Spectrier|122/274|[from] item: Life Orb\n|\n|upkeep\n|\n|t:|1783572010\n|switch|p1a: Dialga|Dialga-Origin, L73|100/100\n|-ability|p1a: Dialga|Pressure\n|turn|17\n|inactive|Time left: 300 sec this turn | 300 sec total\n|\n|t:|1783572010\n|-terastallize|p1a: Dialga|Dragon\n|move|p2a: Spectrier|Shadow Ball|p1a: Dialga\n|-damage|p1a: Dialga|0 fnt\n|faint|p1a: Dialga\n|-ability|p2a: Spectrier|Grim Neigh|boost\n|-boost|p2a: Spectrier|spa|1\n|-damage|p2a: Spectrier|95/274|[from] item: Life Orb\n|\n|upkeep\n|\n|t:|1783572011\n|switch|p1a: Probopass|Probopass, L91, F|52/100\n|turn|18\n|inactive|Time left: 300 sec this turn | 300 sec total\n|\n|t:|1783572012\n|move|p2a: Spectrier|Tera Blast|p1a: Probopass|[anim] Tera Blast Fighting\n|-supereffective|p1a: Probopass\n|-damage|p1a: Probopass|0 fnt\n|faint|p1a: Probopass\n|-damage|p2a: Spectrier|68/274|[from] item: Life Orb\n|\n|win|p0y27776eed", "uploadtime": 1783572012, "views": 0, "rating": 0, "private": 0, "password": null, "_winner": "p0y27776eed", "_our_name": "p0y27776eed"}