{"id": "battle-gen9randombattle-164", "formatid": "gen9randombattle", "format": "[Gen 9] Random Battle", "players": ["p0x164e0d7", "p0y164302b"], "log": "|init|battle\n|title|p0x164e0d7 vs. p0y164302b\n|j|\u2606p0x164e0d7\n|j|\u2606p0y164302b\n|t:|1783535135\n|gametype|singles\n|player|p1|p0x164e0d7|1|\n|player|p2|p0y164302b|265|\n|gen|9\n|tier|[Gen 9] Random Battle\n|rule|Species Clause: Limit one of each Pok\u00e9mon\n|rule|HP Percentage Mod: HP is shown in percentages\n|rule|Sleep Clause Mod: Limit one foe put to sleep\n|rule|Illusion Level Mod: Illusion disguises the Pok\u00e9mon's true level\n|\n|t:|1783535135\n|teamsize|p1|6\n|teamsize|p2|6\n|start\n|switch|p1a: Basculin|Basculin-Blue-Striped, L86, M|261/261\n|switch|p2a: Torterra|Torterra, L78, M|100/100\n|turn|1\n|inactive|Battle timer is ON: inactive players will automatically lose when time's up. (requested by p0x164e0d7)\n|inactive|p0y164302b also wants the timer to be on.\n|\n|t:|1783535137\n|move|p1a: Basculin|Wave Crash|p2a: Torterra\n|-damage|p2a: Torterra|9/100\n|-damage|p1a: Basculin|178/261|[from] Recoil\n|move|p2a: Torterra|Shell Smash|p2a: Torterra\n|-unboost|p2a: Torterra|def|1\n|-unboost|p2a: Torterra|spd|1\n|-boost|p2a: Torterra|atk|2\n|-boost|p2a: Torterra|spa|2\n|-boost|p2a: Torterra|spe|2\n|\n|upkeep\n|turn|2\n|inactive|Time left: 300 sec this turn | 300 sec total\n|\n|t:|1783535138\n|move|p2a: Torterra|Bullet Seed|p1a: Basculin\n|-supereffective|p1a: Basculin\n|-damage|p1a: Basculin|0 fnt\n|faint|p1a: Basculin\n|-hitcount|p1: Basculin|1\n|\n|upkeep\n|inactive|Time left: 300 sec this turn | 300 sec total | 5 sec grace\n|\n|t:|1783535139\n|switch|p1a: Palafin|Palafin, L77, F|281/281\n|turn|3\n|inactive|Time left: 300 sec this turn | 300 sec total\n|\n|t:|1783535141\n|move|p1a: Palafin|Jet Punch|p2a: Torterra\n|-damage|p2a: Torterra|0 fnt\n|faint|p2a: Torterra\n|\n|upkeep\n|\n|t:|1783535142\n|switch|p2a: Cloyster|Cloyster, L80, F|100/100\n|turn|4\n|inactive|Time left: 300 sec this turn | 300 sec total\n|\n|t:|1783535143\n|detailschange|p1a: Palafin|Palafin-Hero, L77, F\n|switch|p1a: Magnezone|Magnezone, L85|258/258\n|move|p2a: Cloyster|Shell Smash|p2a: Cloyster\n|-unboost|p2a: Cloyster|def|1\n|-unboost|p2a: Cloyster|spd|1\n|-boost|p2a: Cloyster|atk|2\n|-boost|p2a: Cloyster|spa|2\n|-boost|p2a: Cloyster|spe|2\n|-enditem|p2a: Cloyster|White Herb\n|-clearnegativeboost|p2a: Cloyster|[silent]\n|\n|upkeep\n|turn|5\n|inactive|Time left: 300 sec this turn | 300 sec total\n|\n|t:|1783535144\n|-terastallize|p2a: Cloyster|Rock\n|-terastallize|p1a: Magnezone|Fighting\n|move|p2a: Cloyster|Icicle Spear|p1a: Magnezone\n|-damage|p1a: Magnezone|219/258\n|-damage|p1a: Magnezone|179/258\n|-damage|p1a: Magnezone|143/258\n|-damage|p1a: Magnezone|104/258\n|-damage|p1a: Magnezone|62/258\n|-hitcount|p1a: Magnezone|5\n|move|p1a: Magnezone|Flash Cannon|p2a: Cloyster\n|-supereffective|p2a: Cloyster\n|-damage|p2a: Cloyster|0 fnt\n|faint|p2a: Cloyster\n|\n|-heal|p1a: Magnezone|78/258|[from] item: Leftovers\n|upkeep\n|\n|t:|1783535145\n|switch|p2a: Sinistcha|Sinistcha, L83|100/100\n|turn|6\n|inactive|Time left: 300 sec this turn | 300 sec total\n|\n|t:|1783535146\n|switch|p1a: Overqwil|Overqwil, L82, M|274/274\n|-ability|p1a: Overqwil|Intimidate|boost\n|-unboost|p2a: Sinistcha|atk|1\n|move|p2a: Sinistcha|Shadow Ball|p1a: Overqwil\n|-resisted|p1a: Overqwil\n|-damage|p1a: Overqwil|216/274\n|\n|upkeep\n|turn|7\n|inactive|Time left: 300 sec this turn | 300 sec total\n|\n|t:|1783535147\n|switch|p2a: Iron Treads|Iron Treads, L77|100/100\n|move|p1a: Overqwil|Swords Dance|p1a: Overqwil\n|-boost|p1a: Overqwil|atk|2\n|\n|upkeep\n|turn|8\n|inactive|Time left: 300 sec this turn | 300 sec total\n|\n|t:|1783535148\n|move|p2a: Iron Treads|Earthquake|p1a: Overqwil\n|-supereffective|p1a: Overqwil\n|-damage|p1a: Overqwil|34/274\n|move|p1a: Overqwil|Crunch|p2a: Iron Treads\n|-damage|p2a: Iron Treads|38/100\n|\n|upkeep\n|turn|9\n|inactive|Time left: 300 sec this turn | 300 sec total\n|\n|t:|1783535149\n|switch|p1a: Palafin|Palafin-Hero, L77, F|281/281\n|-activate|p1a: Palafin|ability: Zero to Hero\n|move|p2a: Iron Treads|Earthquake|p1a: Palafin\n|-damage|p1a: Palafin|185/281\n|\n|upkeep\n|turn|10\n|inactive|Time left: 300 sec this turn | 300 sec total\n|\n|t:|1783535150\n|-end|p2a: Iron Treads|Quark Drive|[silent]\n|switch|p2a: Sinistcha|Sinistcha, L83|100/100\n|move|p1a: Palafin|Flip Turn|p2a: Sinistcha\n|-resisted|p2a: Sinistcha\n|-damage|p2a: Sinistcha|78/100\n|inactive|Time left: 300 sec this turn | 300 sec total | 5 sec grace\n|\n|t:|1783535151\n|switch|p1a: Ambipom|Ambipom, L84, F|263/263|[from] Flip Turn\n|\n|-heal|p2a: Sinistcha|84/100|[from] item: Leftovers\n|upkeep\n|turn|11\n|inactive|Time left: 300 sec this turn | 300 sec total\n|\n|t:|1783535151\n|switch|p2a: Lumineon|Lumineon, L93, M|100/100\n|move|p1a: Ambipom|Triple Axel|p2a: Lumineon\n|-resisted|p2a: Lumineon\n|-damage|p2a: Lumineon|94/100\n|-resisted|p2a: Lumineon\n|-damage|p2a: Lumineon|84/100\n|-resisted|p2a: Lumineon\n|-damage|p2a: Lumineon|67/100\n|-hitcount|p2a: Lumineon|3\n|\n|upkeep\n|turn|12\n|inactive|Time left: 300 sec this turn | 300 sec total\n|\n|t:|1783535152\n|move|p1a: Ambipom|Triple Axel|p2a: Lumineon\n|-resisted|p2a: Lumineon\n|-damage|p2a: Lumineon|62/100\n|-resisted|p2a: Lumineon\n|-damage|p2a: Lumineon|50/100\n|-resisted|p2a: Lumineon\n|-damage|p2a: Lumineon|32/100\n|-hitcount|p2a: Lumineon|3\n|move|p2a: Lumineon|Hydro Pump|p1a: Ambipom\n|-damage|p1a: Ambipom|98/263\n|-damage|p2a: Lumineon|22/100|[from] item: Life Orb\n|\n|upkeep\n|turn|13\n|inactive|Time left: 300 sec this turn | 300 sec total\n|\n|t:|1783535153\n|move|p1a: Ambipom|Triple Axel|p2a: Lumineon\n|-resisted|p2a: Lumineon\n|-damage|p2a: Lumineon|17/100\n|-resisted|p2a: Lumineon\n|-damage|p2a: Lumineon|5/100\n|-resisted|p2a: Lumineon\n|-damage|p2a: Lumineon|0 fnt\n|faint|p2a: Lumineon\n|-hitcount|p2: Lumineon|3\n|\n|upkeep\n|\n|t:|1783535154\n|switch|p2a: Jolteon|Jolteon, L84, M|100/100\n|turn|14\n|inactive|Time left: 300 sec this turn | 300 sec total\n|\n|t:|1783535155\n|switch|p1a: Sandy Shocks|Sandy Shocks, L80|267/267\n|move|p2a: Jolteon|Thunderbolt|p1a: Sandy Shocks\n|-immune|p1a: Sandy Shocks\n|\n|upkeep\n|turn|15\n|inactive|Time left: 300 sec this turn | 300 sec total\n|\n|t:|1783535156\n|switch|p2a: Sinistcha|Sinistcha, L83|84/100\n|move|p1a: Sandy Shocks|Earth Power|p2a: Sinistcha\n|-resisted|p2a: Sinistcha\n|-damage|p2a: Sinistcha|62/100\n|\n|-heal|p2a: Sinistcha|68/100|[from] item: Leftovers\n|upkeep\n|turn|16\n|inactive|Time left: 300 sec this turn | 300 sec total\n|\n|t:|1783535157\n|-end|p1a: Sandy Shocks|Protosynthesis|[silent]\n|switch|p1a: Overqwil|Overqwil, L82, M|34/274\n|-ability|p1a: Overqwil|Intimidate|boost\n|-unboost|p2a: Sinistcha|atk|1\n|move|p2a: Sinistcha|Matcha Gotcha|p1a: Overqwil\n|-resisted|p1a: Overqwil\n|-damage|p1a: Overqwil|0 fnt\n|-heal|p2a: Sinistcha|75/100|[from] drain|[of] p1a: Overqwil\n|faint|p1a: Overqwil\n|\n|-heal|p2a: Sinistcha|80/100|[from] item: Leftovers\n|upkeep\n|inactive|Time left: 300 sec this turn | 300 sec total | 5 sec grace\n|\n|t:|1783535158\n|switch|p1a: Ambipom|Ambipom, L84, F|98/263\n|turn|17\n|inactive|Time left: 300 sec this turn | 300 sec total\n|\n|t:|1783535158\n|switch|p2a: Iron Treads|Iron Treads, L77|38/100\n|move|p1a: Ambipom|Triple Axel|p2a: Iron Treads\n|-damage|p2a: Iron Treads|27/100\n|-damage|p2a: Iron Treads|7/100\n|-damage|p2a: Iron Treads|0 fnt\n|faint|p2a: Iron Treads\n|-end|p2a: Iron Treads|Quark Drive|[silent]\n|-hitcount|p2: Iron Treads|3\n|\n|upkeep\n|\n|t:|1783535159\n|switch|p2a: Jolteon|Jolteon, L84, M|100/100\n|turn|18\n|inactive|Time left: 300 sec this turn | 300 sec total\n|\n|t:|1783535160\n|switch|p1a: Sandy Shocks|Sandy Shocks, L80|267/267\n|move|p2a: Jolteon|Thunderbolt|p1a: Sandy Shocks\n|-immune|p1a: Sandy Shocks\n|\n|upkeep\n|turn|19\n|inactive|Time left: 300 sec this turn | 300 sec total\n|\n|t:|1783535161\n|move|p2a: Jolteon|Calm Mind|p2a: Jolteon\n|-boost|p2a: Jolteon|spa|1\n|-boost|p2a: Jolteon|spd|1\n|move|p1a: Sandy Shocks|Earth Power|p2a: Jolteon\n|-supereffective|p2a: Jolteon\n|-damage|p2a: Jolteon|42/100\n|\n|upkeep\n|turn|20\n|inactive|Time left: 300 sec this turn | 300 sec total\n|\n|t:|1783535162\n|move|p2a: Jolteon|Shadow Ball|p1a: Sandy Shocks\n|-damage|p1a: Sandy Shocks|145/267\n|-damage|p2a: Jolteon|32/100|[from] item: Life Orb\n|move|p1a: Sandy Shocks|Earth Power|p2a: Jolteon\n|-supereffective|p2a: Jolteon\n|-damage|p2a: Jolteon|0 fnt\n|faint|p2a: Jolteon\n|\n|-heal|p1a: Sandy Shocks|161/267|[from] item: Leftovers\n|upkeep\n|\n|t:|1783535163\n|switch|p2a: Sinistcha|Sinistcha, L83|80/100\n|turn|21\n|inactive|Time left: 300 sec this turn | 300 sec total\n|\n|t:|1783535164\n|-end|p1a: Sandy Shocks|Protosynthesis|[silent]\n|switch|p1a: Ambipom|Ambipom, L84, F|98/263\n|move|p2a: Sinistcha|Strength Sap|p1a: Ambipom\n|-unboost|p1a: Ambipom|atk|1\n|-heal|p2a: Sinistcha|100/100\n|\n|upkeep\n|turn|22\n|inactive|Time left: 300 sec this turn | 300 sec total\n|\n|t:|1783535165\n|move|p1a: Ambipom|Triple Axel|p2a: Sinistcha\n|-supereffective|p2a: Sinistcha\n|-damage|p2a: Sinistcha|85/100\n|-supereffective|p2a: Sinistcha\n|-damage|p2a: Sinistcha|53/100\n|-supereffective|p2a: Sinistcha\n|-damage|p2a: Sinistcha|5/100\n|-hitcount|p2a: Sinistcha|3\n|move|p2a: Sinistcha|Strength Sap|p1a: Ambipom\n|-unboost|p1a: Ambipom|atk|1\n|-heal|p2a: Sinistcha|62/100\n|\n|-heal|p2a: Sinistcha|68/100|[from] item: Leftovers\n|upkeep\n|turn|23\n|inactive|Time left: 300 sec this turn | 300 sec total\n|\n|t:|1783535166\n|move|p1a: Ambipom|Triple Axel|p2a: Sinistcha\n|-supereffective|p2a: Sinistcha\n|-crit|p2a: Sinistcha\n|-damage|p2a: Sinistcha|31/100\n|-supereffective|p2a: Sinistcha\n|-damage|p2a: Sinistcha|8/100\n|-supereffective|p2a: Sinistcha\n|-damage|p2a: Sinistcha|0 fnt\n|faint|p2a: Sinistcha\n|-hitcount|p2: Sinistcha|3\n|\n|win|p0x164e0d7", "uploadtime": 1783535166, "views": 0, "rating": 0, "private": 0, "password": null, "_winner": "p0x164e0d7", "_our_name": "p0x164e0d7"}