{"id": "battle-gen9randombattle-1830", "formatid": "gen9randombattle", "format": "[Gen 9] Random Battle", "players": ["p0x1830e59e", "p0y18308959"], "log": "|init|battle\n|title|p0x1830e59e vs. p0y18308959\n|j|\u2606p0x1830e59e\n|j|\u2606p0y18308959\n|t:|1783561183\n|gametype|singles\n|player|p1|p0x1830e59e|170|\n|player|p2|p0y18308959|266|\n|gen|9\n|tier|[Gen 9] Random Battle\n|rule|Species Clause: Limit one of each Pok\u00e9mon\n|rule|HP Percentage Mod: HP is shown in percentages\n|rule|Sleep Clause Mod: Limit one foe put to sleep\n|rule|Illusion Level Mod: Illusion disguises the Pok\u00e9mon's true level\n|\n|t:|1783561183\n|teamsize|p1|6\n|teamsize|p2|6\n|start\n|switch|p1a: Arbok|Arbok, L87, F|100/100\n|switch|p2a: Iron Leaves|Iron Leaves, L80|275/275\n|-ability|p1a: Arbok|Intimidate|boost\n|-unboost|p2a: Iron Leaves|atk|1\n|turn|1\n|inactive|Battle timer is ON: inactive players will automatically lose when time's up. (requested by p0y18308959)\n|\n|t:|1783561184\n|-end|p2a: Iron Leaves|Quark Drive|[silent]\n|switch|p2a: Tinkaton|Tinkaton, L82, F|274/274\n|-ability|p2a: Tinkaton|Mold Breaker\n|move|p1a: Arbok|Gunk Shot|p2a: Tinkaton\n|-immune|p2a: Tinkaton\n|\n|upkeep\n|turn|2\n|inactive|Time left: 300 sec this turn | 300 sec total\n|inactive|p0x1830e59e also wants the timer to be on.\n|\n|t:|1783561185\n|move|p2a: Tinkaton|Swords Dance|p2a: Tinkaton\n|-boost|p2a: Tinkaton|atk|2\n|move|p1a: Arbok|Earthquake|p2a: Tinkaton\n|-supereffective|p2a: Tinkaton\n|-damage|p2a: Tinkaton|71/274\n|-damage|p1a: Arbok|91/100|[from] item: Life Orb\n|\n|-heal|p2a: Tinkaton|88/274|[from] item: Leftovers\n|upkeep\n|turn|3\n|inactive|Time left: 300 sec this turn | 300 sec total\n|\n|t:|1783561186\n|switch|p1a: Iron Moth|Iron Moth, L78|100/100\n|move|p2a: Tinkaton|Gigaton Hammer|p1a: Iron Moth\n|-resisted|p1a: Iron Moth\n|-damage|p1a: Iron Moth|24/100\n|\n|-heal|p2a: Tinkaton|105/274|[from] item: Leftovers\n|upkeep\n|turn|4\n|inactive|Time left: 300 sec this turn | 300 sec total\n|\n|t:|1783561187\n|move|p1a: Iron Moth|Fire Blast|p2a: Tinkaton\n|-supereffective|p2a: Tinkaton\n|-damage|p2a: Tinkaton|0 fnt\n|faint|p2a: Tinkaton\n|\n|upkeep\n|inactive|Time left: 300 sec this turn | 300 sec total | 5 sec grace\n|\n|t:|1783561188\n|switch|p2a: Froslass|Froslass, L87, F|263/263\n|turn|5\n|inactive|Time left: 300 sec this turn | 300 sec total\n|\n|t:|1783561189\n|move|p2a: Froslass|Triple Axel|p1a: Iron Moth\n|-resisted|p1a: Iron Moth\n|-damage|p1a: Iron Moth|18/100\n|-resisted|p1a: Iron Moth\n|-damage|p1a: Iron Moth|8/100\n|-resisted|p1a: Iron Moth\n|-damage|p1a: Iron Moth|0 fnt\n|faint|p1a: Iron Moth\n|-end|p1a: Iron Moth|Quark Drive|[silent]\n|-hitcount|p1: Iron Moth|3\n|\n|upkeep\n|\n|t:|1783561190\n|switch|p1a: Arbok|Arbok, L87, F|91/100\n|-ability|p1a: Arbok|Intimidate|boost\n|-unboost|p2a: Froslass|atk|1\n|turn|6\n|inactive|Time left: 300 sec this turn | 300 sec total\n|\n|t:|1783561191\n|move|p2a: Froslass|Will-O-Wisp|p1a: Arbok\n|-status|p1a: Arbok|brn\n|move|p1a: Arbok|Knock Off|p2a: Froslass\n|-supereffective|p2a: Froslass\n|-damage|p2a: Froslass|158/263\n|-start|p1a: Arbok|Disable|Knock Off|[from] ability: Cursed Body|[of] p2a: Froslass\n|-enditem|p2a: Froslass|Wide Lens|[from] move: Knock Off|[of] p1a: Arbok\n|-damage|p1a: Arbok|81/100 brn|[from] item: Life Orb\n|\n|-damage|p1a: Arbok|75/100 brn|[from] brn\n|upkeep\n|turn|7\n|inactive|Time left: 300 sec this turn | 300 sec total\n|\n|t:|1783561192\n|switch|p2a: Palossand|Palossand, L89, F|296/296\n|move|p1a: Arbok|Glare|p2a: Palossand\n|-status|p2a: Palossand|par\n|\n|-damage|p1a: Arbok|69/100 brn|[from] brn\n|upkeep\n|turn|8\n|inactive|Time left: 300 sec this turn | 300 sec total\n|\n|t:|1783561193\n|move|p1a: Arbok|Gunk Shot|p2a: Palossand|[miss]\n|-miss|p1a: Arbok|p2a: Palossand\n|move|p2a: Palossand|Stealth Rock|p1a: Arbok\n|-sidestart|p1: p0x1830e59e|move: Stealth Rock\n|\n|-damage|p1a: Arbok|63/100 brn|[from] brn\n|upkeep\n|turn|9\n|inactive|Time left: 300 sec this turn | 300 sec total\n|\n|t:|1783561194\n|move|p1a: Arbok|Gunk Shot|p2a: Palossand\n|-resisted|p2a: Palossand\n|-damage|p2a: Palossand|280/296 par\n|-damage|p1a: Arbok|53/100 brn|[from] item: Life Orb\n|move|p2a: Palossand|Earth Power|p1a: Arbok\n|-supereffective|p1a: Arbok\n|-damage|p1a: Arbok|0 fnt\n|faint|p1a: Arbok\n|\n|-heal|p2a: Palossand|296/296 par|[from] item: Leftovers\n|upkeep\n|\n|t:|1783561195\n|switch|p1a: Crabominable|Crabominable, L90, F|100/100\n|-damage|p1a: Crabominable|88/100|[from] Stealth Rock\n|turn|10\n|inactive|Time left: 300 sec this turn | 300 sec total\n|\n|t:|1783561196\n|move|p1a: Crabominable|Knock Off|p2a: Palossand\n|-supereffective|p2a: Palossand\n|-damage|p2a: Palossand|128/296 par\n|-enditem|p2a: Palossand|Leftovers|[from] move: Knock Off|[of] p1a: Crabominable\n|move|p2a: Palossand|Shadow Ball|p1a: Crabominable\n|-damage|p1a: Crabominable|67/100\n|\n|upkeep\n|turn|11\n|inactive|Time left: 300 sec this turn | 300 sec total\n|\n|t:|1783561197\n|switch|p2a: Keldeo|Keldeo-Resolute, L79|273/273\n|move|p1a: Crabominable|Ice Hammer|p2a: Keldeo\n|-resisted|p2a: Keldeo\n|-damage|p2a: Keldeo|179/273\n|-unboost|p1a: Crabominable|spe|1\n|\n|upkeep\n|turn|12\n|inactive|Time left: 300 sec this turn | 300 sec total\n|\n|t:|1783561198\n|switch|p1a: Basculegion|Basculegion, L80, M|100/100\n|-damage|p1a: Basculegion|88/100|[from] Stealth Rock\n|move|p2a: Keldeo|Secret Sword|p1a: Basculegion\n|-immune|p1a: Basculegion\n|\n|upkeep\n|turn|13\n|inactive|Time left: 300 sec this turn | 300 sec total\n|\n|t:|1783561199\n|switch|p2a: Iron Leaves|Iron Leaves, L80|275/275\n|move|p1a: Basculegion|Shadow Ball|p2a: Iron Leaves\n|-supereffective|p2a: Iron Leaves\n|-damage|p2a: Iron Leaves|119/275\n|\n|upkeep\n|turn|14\n|inactive|Time left: 300 sec this turn | 300 sec total\n|\n|t:|1783561200\n|switch|p1a: Trevenant|Trevenant, L89, F|100/100\n|-damage|p1a: Trevenant|88/100|[from] Stealth Rock\n|move|p2a: Iron Leaves|Leaf Blade|p1a: Trevenant\n|-resisted|p1a: Trevenant\n|-crit|p1a: Trevenant\n|-damage|p1a: Trevenant|51/100\n|-damage|p2a: Iron Leaves|92/275|[from] item: Life Orb\n|\n|upkeep\n|turn|15\n|inactive|Time left: 300 sec this turn | 300 sec total\n|\n|t:|1783561201\n|-end|p2a: Iron Leaves|Quark Drive|[silent]\n|switch|p2a: Palossand|Palossand, L89, F|128/296 par\n|move|p1a: Trevenant|Poltergeist||[still]\n|-fail|p1a: Trevenant\n|\n|upkeep\n|turn|16\n|inactive|Time left: 300 sec this turn | 300 sec total\n|\n|t:|1783561202\n|switch|p1a: Crabominable|Crabominable, L90, F|67/100\n|-damage|p1a: Crabominable|54/100|[from] Stealth Rock\n|move|p2a: Palossand|Shadow Ball|p1a: Crabominable\n|-damage|p1a: Crabominable|33/100\n|\n|upkeep\n|turn|17\n|inactive|Time left: 300 sec this turn | 300 sec total\n|\n|t:|1783561203\n|move|p1a: Crabominable|Ice Hammer|p2a: Palossand\n|-supereffective|p2a: Palossand\n|-damage|p2a: Palossand|0 fnt\n|-unboost|p1a: Crabominable|spe|1\n|faint|p2a: Palossand\n|\n|upkeep\n|inactive|Time left: 300 sec this turn | 300 sec total | 5 sec grace\n|\n|t:|1783561205\n|switch|p2a: Iron Leaves|Iron Leaves, L80|92/275\n|turn|18\n|inactive|Time left: 300 sec this turn | 300 sec total\n|\n|t:|1783561205\n|move|p2a: Iron Leaves|Psyblade|p1a: Crabominable\n|-supereffective|p1a: Crabominable\n|-damage|p1a: Crabominable|0 fnt\n|faint|p1a: Crabominable\n|-damage|p2a: Iron Leaves|65/275|[from] item: Life Orb\n|\n|upkeep\n|\n|t:|1783561206\n|switch|p1a: Lucario|Lucario, L84, M|100/100\n|-damage|p1a: Lucario|98/100|[from] Stealth Rock\n|turn|19\n|inactive|Time left: 300 sec this turn | 300 sec total\n|\n|t:|1783561207\n|move|p1a: Lucario|Extreme Speed|p2a: Iron Leaves\n|-damage|p2a: Iron Leaves|0 fnt\n|faint|p2a: Iron Leaves\n|-end|p2a: Iron Leaves|Quark Drive|[silent]\n|\n|upkeep\n|inactive|Time left: 300 sec this turn | 300 sec total | 5 sec grace\n|\n|t:|1783561208\n|switch|p2a: Froslass|Froslass, L87, F|158/263\n|turn|20\n|inactive|Time left: 300 sec this turn | 300 sec total\n|\n|t:|1783561209\n|switch|p1a: Trevenant|Trevenant, L89, F|51/100\n|-damage|p1a: Trevenant|39/100|[from] Stealth Rock\n|-enditem|p1a: Trevenant|Sitrus Berry|[eat]\n|-heal|p1a: Trevenant|64/100|[from] item: Sitrus Berry\n|move|p2a: Froslass|Poltergeist||[still]\n|-fail|p2a: Froslass\n|\n|upkeep\n|turn|21\n|inactive|Time left: 300 sec this turn | 300 sec total\n|\n|t:|1783561210\n|move|p2a: Froslass|Triple Axel|p1a: Trevenant\n|-supereffective|p1a: Trevenant\n|-damage|p1a: Trevenant|49/100\n|-supereffective|p1a: Trevenant\n|-damage|p1a: Trevenant|21/100\n|-supereffective|p1a: Trevenant\n|-damage|p1a: Trevenant|0 fnt\n|faint|p1a: Trevenant\n|-hitcount|p1: Trevenant|3\n|\n|upkeep\n|\n|t:|1783561211\n|switch|p1a: Lucario|Lucario, L84, M|98/100\n|-damage|p1a: Lucario|95/100|[from] Stealth Rock\n|turn|22\n|inactive|Time left: 300 sec this turn | 300 sec total\n|\n|t:|1783561212\n|move|p2a: Froslass|Will-O-Wisp|p1a: Lucario\n|-status|p1a: Lucario|brn\n|move|p1a: Lucario|Meteor Mash|p2a: Froslass\n|-supereffective|p2a: Froslass\n|-damage|p2a: Froslass|0 fnt\n|faint|p2a: Froslass\n|\n|-damage|p1a: Lucario|89/100 brn|[from] brn\n|upkeep\n|inactive|Time left: 300 sec this turn | 300 sec total | 5 sec grace\n|\n|t:|1783561213\n|switch|p2a: Feraligatr|Feraligatr, L79, M|264/264\n|turn|23\n|inactive|Time left: 300 sec this turn | 300 sec total\n|\n|t:|1783561214\n|move|p1a: Lucario|Meteor Mash|p2a: Feraligatr\n|-resisted|p2a: Feraligatr\n|-damage|p2a: Feraligatr|227/264\n|move|p2a: Feraligatr|Dragon Dance|p2a: Feraligatr\n|-boost|p2a: Feraligatr|atk|1\n|-boost|p2a: Feraligatr|spe|1\n|\n|-damage|p1a: Lucario|83/100 brn|[from] brn\n|upkeep\n|turn|24\n|inactive|Time left: 300 sec this turn | 300 sec total\n|\n|t:|1783561215\n|switch|p1a: Basculegion|Basculegion, L80, M|88/100\n|-damage|p1a: Basculegion|76/100|[from] Stealth Rock\n|-terastallize|p2a: Feraligatr|Water\n|move|p2a: Feraligatr|Liquidation|p1a: Basculegion\n|-resisted|p1a: Basculegion\n|-damage|p1a: Basculegion|18/100\n|\n|upkeep\n|turn|25\n|inactive|Time left: 300 sec this turn | 300 sec total\n|\n|t:|1783561216\n|move|p2a: Feraligatr|Liquidation|p1a: Basculegion\n|-resisted|p1a: Basculegion\n|-damage|p1a: Basculegion|0 fnt\n|faint|p1a: Basculegion\n|\n|upkeep\n|\n|t:|1783561217\n|switch|p1a: Lucario|Lucario, L84, M|83/100 brn\n|-damage|p1a: Lucario|80/100 brn|[from] Stealth Rock\n|turn|26\n|inactive|Time left: 300 sec this turn | 300 sec total\n|\n|t:|1783561218\n|move|p2a: Feraligatr|Liquidation|p1a: Lucario\n|-damage|p1a: Lucario|0 fnt\n|faint|p1a: Lucario\n|\n|win|p0y18308959", "uploadtime": 1783561218, "views": 0, "rating": 0, "private": 0, "password": null, "_winner": "p0y18308959", "_our_name": "p0y18308959"}