{"id": "battle-gen9randombattle-710", "formatid": "gen9randombattle", "format": "[Gen 9] Random Battle", "players": ["p0x710fd26", "p0y7106387"], "log": "|init|battle\n|title|p0x710fd26 vs. p0y7106387\n|j|\u2606p0x710fd26\n|j|\u2606p0y7106387\n|t:|1783548070\n|gametype|singles\n|player|p1|p0x710fd26|102|\n|player|p2|p0y7106387|170|\n|gen|9\n|tier|[Gen 9] Random Battle\n|rule|Species Clause: Limit one of each Pok\u00e9mon\n|rule|HP Percentage Mod: HP is shown in percentages\n|rule|Sleep Clause Mod: Limit one foe put to sleep\n|rule|Illusion Level Mod: Illusion disguises the Pok\u00e9mon's true level\n|\n|t:|1783548070\n|teamsize|p1|6\n|teamsize|p2|6\n|start\n|switch|p1a: Abomasnow|Abomasnow, L84, F|287/287\n|switch|p2a: Dodrio|Dodrio, L85, F|100/100\n|-weather|Snowscape|[from] ability: Snow Warning|[of] p1a: Abomasnow\n|turn|1\n|inactive|Battle timer is ON: inactive players will automatically lose when time's up. (requested by p0y7106387)\n|inactive|Time left: 300 sec this turn | 300 sec total | 60 sec grace\n|inactive|p0x710fd26 also wants the timer to be on.\n|\n|t:|1783548071\n|move|p2a: Dodrio|Brave Bird|p1a: Abomasnow\n|-supereffective|p1a: Abomasnow\n|-damage|p1a: Abomasnow|0 fnt\n|faint|p1a: Abomasnow\n|-damage|p2a: Dodrio|61/100|[from] Recoil\n|\n|-weather|Snowscape|[upkeep]\n|upkeep\n|inactive|Time left: 300 sec this turn | 300 sec total | 65 sec grace\n|\n|t:|1783548072\n|switch|p1a: Donphan|Donphan, L84, M|288/288\n|turn|2\n|inactive|Time left: 300 sec this turn | 300 sec total\n|\n|t:|1783548073\n|move|p2a: Dodrio|Brave Bird|p1a: Donphan\n|-damage|p1a: Donphan|108/288\n|-damage|p2a: Dodrio|37/100|[from] Recoil\n|move|p1a: Donphan|Ice Spinner|p2a: Dodrio\n|-supereffective|p2a: Dodrio\n|-damage|p2a: Dodrio|0 fnt\n|faint|p2a: Dodrio\n|\n|-weather|Snowscape|[upkeep]\n|upkeep\n|\n|t:|1783548074\n|switch|p2a: Heracross|Heracross, L80, M|100/100\n|turn|3\n|inactive|Time left: 300 sec this turn | 300 sec total\n|\n|t:|1783548075\n|switch|p1a: Fezandipiti|Fezandipiti, L82, M|278/278\n|move|p2a: Heracross|Close Combat|p1a: Fezandipiti\n|-resisted|p1a: Fezandipiti\n|-damage|p1a: Fezandipiti|220/278\n|-unboost|p2a: Heracross|def|1\n|-unboost|p2a: Heracross|spd|1\n|\n|-weather|Snowscape|[upkeep]\n|-heal|p1a: Fezandipiti|237/278|[from] item: Leftovers\n|upkeep\n|turn|4\n|inactive|Time left: 300 sec this turn | 300 sec total\n|\n|t:|1783548077\n|switch|p2a: Magcargo|Magcargo, L95, F|100/100\n|move|p1a: Fezandipiti|Swords Dance|p1a: Fezandipiti\n|-boost|p1a: Fezandipiti|atk|2\n|\n|-weather|Snowscape|[upkeep]\n|-heal|p1a: Fezandipiti|254/278|[from] item: Leftovers\n|upkeep\n|turn|5\n|inactive|Time left: 300 sec this turn | 300 sec total\n|\n|t:|1783548077\n|-terastallize|p1a: Fezandipiti|Ground\n|move|p1a: Fezandipiti|Tera Blast|p2a: Magcargo|[anim] Tera Blast Ground\n|-supereffective|p2a: Magcargo\n|-damage|p2a: Magcargo|0 fnt\n|faint|p2a: Magcargo\n|\n|-weather|none\n|-heal|p1a: Fezandipiti|271/278|[from] item: Leftovers\n|upkeep\n|\n|t:|1783548078\n|switch|p2a: Whiscash|Whiscash, L88, F|100/100\n|turn|6\n|inactive|Time left: 300 sec this turn | 300 sec total\n|\n|t:|1783548079\n|move|p1a: Fezandipiti|Play Rough|p2a: Whiscash\n|-damage|p2a: Whiscash|44/100\n|move|p2a: Whiscash|Dragon Dance|p2a: Whiscash\n|-boost|p2a: Whiscash|atk|1\n|-boost|p2a: Whiscash|spe|1\n|\n|-heal|p1a: Fezandipiti|278/278|[from] item: Leftovers\n|upkeep\n|turn|7\n|inactive|Time left: 300 sec this turn | 300 sec total\n|\n|t:|1783548080\n|switch|p1a: Clodsire|Clodsire, L81, M|343/343\n|move|p2a: Whiscash|Liquidation|p1a: Clodsire\n|-immune|p1a: Clodsire|[from] ability: Water Absorb\n|\n|upkeep\n|turn|8\n|inactive|Time left: 300 sec this turn | 300 sec total\n|\n|t:|1783548082\n|switch|p1a: Donphan|Donphan, L84, M|108/288\n|move|p2a: Whiscash|Earthquake|p1a: Donphan\n|-damage|p1a: Donphan|0 fnt\n|faint|p1a: Donphan\n|-damage|p2a: Whiscash|34/100|[from] item: Life Orb\n|\n|upkeep\n|inactive|Time left: 300 sec this turn | 300 sec total | 5 sec grace\n|\n|t:|1783548083\n|switch|p1a: Dudunsparce|Dudunsparce, L83, F|343/343\n|turn|9\n|inactive|Time left: 300 sec this turn | 300 sec total\n|\n|t:|1783548084\n|move|p2a: Whiscash|Earthquake|p1a: Dudunsparce\n|-damage|p1a: Dudunsparce|136/343\n|-damage|p2a: Whiscash|25/100|[from] item: Life Orb\n|move|p1a: Dudunsparce|Headbutt|p2a: Whiscash\n|-damage|p2a: Whiscash|0 fnt\n|faint|p2a: Whiscash\n|\n|-heal|p1a: Dudunsparce|157/343|[from] item: Leftovers\n|upkeep\n|\n|t:|1783548084\n|switch|p2a: Heracross|Heracross, L80, M|100/100\n|turn|10\n|inactive|Time left: 300 sec this turn | 300 sec total\n|\n|t:|1783548085\n|move|p2a: Heracross|Megahorn|p1a: Dudunsparce\n|-damage|p1a: Dudunsparce|0 fnt\n|faint|p1a: Dudunsparce\n|-ability|p2a: Heracross|Moxie|boost\n|-boost|p2a: Heracross|atk|1\n|\n|upkeep\n|inactive|Time left: 300 sec this turn | 300 sec total | 5 sec grace\n|\n|t:|1783548087\n|switch|p1a: Ceruledge|Ceruledge, L78, M|245/245\n|turn|11\n|inactive|Time left: 300 sec this turn | 300 sec total\n|\n|t:|1783548087\n|switch|p2a: Vivillon|Vivillon-Sun, L83, M|100/100\n|move|p1a: Ceruledge|Swords Dance|p1a: Ceruledge\n|-boost|p1a: Ceruledge|atk|2\n|\n|upkeep\n|turn|12\n|inactive|Time left: 300 sec this turn | 300 sec total\n|\n|t:|1783548088\n|move|p2a: Vivillon|Sleep Powder|p1a: Ceruledge\n|-status|p1a: Ceruledge|slp|[from] move: Sleep Powder\n|cant|p1a: Ceruledge|slp\n|\n|upkeep\n|turn|13\n|inactive|Time left: 300 sec this turn | 300 sec total\n|\n|t:|1783548089\n|-terastallize|p2a: Vivillon|Ground\n|move|p2a: Vivillon|Tera Blast|p1a: Ceruledge|[anim] Tera Blast Ground\n|-supereffective|p1a: Ceruledge\n|-damage|p1a: Ceruledge|95/245 slp\n|-curestatus|p1a: Ceruledge|slp|[msg]\n|move|p1a: Ceruledge|Bitter Blade|p2a: Vivillon\n|-damage|p2a: Vivillon|0 fnt\n|-heal|p1a: Ceruledge|229/245|[from] drain|[of] p2a: Vivillon\n|faint|p2a: Vivillon\n|\n|upkeep\n|\n|t:|1783548090\n|switch|p2a: Heracross|Heracross, L80, M|100/100\n|turn|14\n|inactive|Time left: 300 sec this turn | 300 sec total\n|\n|t:|1783548091\n|switch|p1a: Fezandipiti|Fezandipiti, L82, M, tera:Ground|278/278\n|move|p2a: Heracross|Knock Off|p1a: Fezandipiti\n|-damage|p1a: Fezandipiti|157/278\n|-enditem|p1a: Fezandipiti|Leftovers|[from] move: Knock Off|[of] p2a: Heracross\n|\n|upkeep\n|turn|15\n|inactive|Time left: 300 sec this turn | 300 sec total\n|\n|t:|1783548092\n|move|p1a: Fezandipiti|Play Rough|p2a: Heracross\n|-supereffective|p2a: Heracross\n|-damage|p2a: Heracross|28/100\n|-status|p2a: Heracross|tox|[from] ability: Toxic Chain|[of] p1a: Fezandipiti\n|move|p2a: Heracross|Knock Off|p1a: Fezandipiti\n|-damage|p1a: Fezandipiti|68/278\n|\n|-damage|p2a: Heracross|22/100 tox|[from] psn\n|upkeep\n|turn|16\n|inactive|Time left: 300 sec this turn | 300 sec total\n|\n|t:|1783548093\n|switch|p2a: Sunflora|Sunflora, M|100/100\n|move|p1a: Fezandipiti|Tera Blast|p2a: Sunflora|[anim] Tera Blast Ground\n|-resisted|p2a: Sunflora\n|-damage|p2a: Sunflora|86/100\n|-status|p2a: Sunflora|tox|[from] ability: Toxic Chain|[of] p1a: Fezandipiti\n|\n|-damage|p2a: Sunflora|80/100 tox|[from] psn\n|upkeep\n|turn|17\n|inactive|Time left: 300 sec this turn | 300 sec total\n|\n|t:|1783548094\n|switch|p2a: Heracross|Heracross, L80, M|22/100 tox\n|move|p1a: Fezandipiti|Gunk Shot|p2a: Heracross\n|-damage|p2a: Heracross|0 fnt\n|faint|p2a: Heracross\n|\n|upkeep\n|\n|t:|1783548095\n|switch|p2a: Sunflora|Sunflora, M|80/100 tox\n|turn|18\n|inactive|Time left: 300 sec this turn | 300 sec total\n|\n|t:|1783548096\n|move|p1a: Fezandipiti|Gunk Shot|p2a: Sunflora\n|-supereffective|p2a: Sunflora\n|-damage|p2a: Sunflora|0 fnt\n|faint|p2a: Sunflora\n|\n|win|p0x710fd26", "uploadtime": 1783548096, "views": 0, "rating": 0, "private": 0, "password": null, "_winner": "p0x710fd26", "_our_name": "p0x710fd26"}