{"id": "battle-gen9randombattle-1838", "formatid": "gen9randombattle", "format": "[Gen 9] Random Battle", "players": ["p0x1838c504", "p0y183866d4"], "log": "|init|battle\n|title|p0x1838c504 vs. p0y183866d4\n|j|\u2606p0x1838c504\n|j|\u2606p0y183866d4\n|t:|1783561251\n|gametype|singles\n|player|p1|p0x1838c504|265|\n|player|p2|p0y183866d4|102|\n|gen|9\n|tier|[Gen 9] Random Battle\n|rule|Species Clause: Limit one of each Pok\u00e9mon\n|rule|HP Percentage Mod: HP is shown in percentages\n|rule|Sleep Clause Mod: Limit one foe put to sleep\n|rule|Illusion Level Mod: Illusion disguises the Pok\u00e9mon's true level\n|\n|t:|1783561251\n|teamsize|p1|6\n|teamsize|p2|6\n|start\n|switch|p1a: Empoleon|Empoleon, L84, M|278/278\n|switch|p2a: Morpeko|Morpeko, L88, F|100/100\n|turn|1\n|inactive|Battle timer is ON: inactive players will automatically lose when time's up. (requested by p0x1838c504)\n|inactive|p0y183866d4 also wants the timer to be on.\n|\n|t:|1783561253\n|switch|p1a: Dragalge|Dragalge, L88, F|258/258\n|move|p2a: Morpeko|Aura Wheel|p1a: Dragalge\n|-resisted|p1a: Dragalge\n|-damage|p1a: Dragalge|204/258\n|-boost|p2a: Morpeko|spe|1\n|\n|-heal|p1a: Dragalge|220/258|[from] item: Leftovers\n|-formechange|p2a: Morpeko|Morpeko-Hangry||[from] ability: Hunger Switch\n|upkeep\n|turn|2\n|inactive|Time left: 300 sec this turn | 300 sec total\n|\n|t:|1783561254\n|move|p2a: Morpeko|Knock Off|p1a: Dragalge\n|-damage|p1a: Dragalge|114/258\n|-enditem|p1a: Dragalge|Leftovers|[from] move: Knock Off|[of] p2a: Morpeko\n|move|p1a: Dragalge|Draco Meteor|p2a: Morpeko\n|-damage|p2a: Morpeko|3/100\n|-unboost|p1a: Dragalge|spa|2\n|\n|-heal|p2a: Morpeko|9/100|[from] item: Leftovers\n|-formechange|p2a: Morpeko|Morpeko||[from] ability: Hunger Switch\n|upkeep\n|turn|3\n|inactive|Time left: 300 sec this turn | 300 sec total\n|\n|t:|1783561255\n|move|p2a: Morpeko|Aura Wheel|p1a: Dragalge\n|-resisted|p1a: Dragalge\n|-damage|p1a: Dragalge|54/258\n|-boost|p2a: Morpeko|spe|1\n|move|p1a: Dragalge|Toxic|p2a: Morpeko\n|-status|p2a: Morpeko|tox\n|\n|-heal|p2a: Morpeko|16/100 tox|[from] item: Leftovers\n|-damage|p2a: Morpeko|9/100 tox|[from] psn\n|-formechange|p2a: Morpeko|Morpeko-Hangry||[from] ability: Hunger Switch\n|upkeep\n|turn|4\n|inactive|Time left: 300 sec this turn | 300 sec total\n|\n|t:|1783561256\n|switch|p1a: Salamence|Salamence, L77, M|273/273\n|move|p2a: Morpeko|Knock Off|p1a: Salamence\n|-damage|p1a: Salamence|132/273\n|-enditem|p1a: Salamence|Heavy-Duty Boots|[from] move: Knock Off|[of] p2a: Morpeko\n|\n|-heal|p2a: Morpeko|16/100 tox|[from] item: Leftovers\n|-damage|p2a: Morpeko|3/100 tox|[from] psn\n|-formechange|p2a: Morpeko|Morpeko||[from] ability: Hunger Switch\n|upkeep\n|turn|5\n|inactive|Time left: 300 sec this turn | 300 sec total\n|\n|t:|1783561257\n|move|p2a: Morpeko|Aura Wheel|p1a: Salamence\n|-damage|p1a: Salamence|0 fnt\n|-boost|p2a: Morpeko|spe|1\n|faint|p1a: Salamence\n|\n|-heal|p2a: Morpeko|9/100 tox|[from] item: Leftovers\n|-damage|p2a: Morpeko|0 fnt|[from] psn\n|faint|p2a: Morpeko\n|upkeep\n|inactive|Time left: 300 sec this turn | 300 sec total | 5 sec grace\n|\n|t:|1783561258\n|switch|p2a: Dragonite|Dragonite, L74, F|100/100\n|switch|p1a: Smeargle|Smeargle, L95, M|258/258\n|turn|6\n|inactive|Time left: 300 sec this turn | 300 sec total\n|\n|t:|1783561260\n|move|p1a: Smeargle|Spore|p2a: Dragonite\n|-status|p2a: Dragonite|slp|[from] move: Spore\n|cant|p2a: Dragonite|slp\n|\n|upkeep\n|turn|7\n|inactive|Time left: 300 sec this turn | 300 sec total\n|\n|t:|1783561261\n|move|p1a: Smeargle|Sticky Web|p2a: Dragonite\n|-sidestart|p2: p0y183866d4|move: Sticky Web\n|cant|p2a: Dragonite|slp\n|\n|upkeep\n|turn|8\n|inactive|Time left: 300 sec this turn | 300 sec total\n|\n|t:|1783561262\n|switch|p1a: Empoleon|Empoleon, L84, M|278/278\n|-curestatus|p2a: Dragonite|slp|[msg]\n|move|p2a: Dragonite|Outrage|p1a: Empoleon\n|-resisted|p1a: Empoleon\n|-damage|p1a: Empoleon|218/278\n|\n|-heal|p1a: Empoleon|235/278|[from] item: Leftovers\n|upkeep\n|turn|9\n|inactive|Time left: 300 sec this turn | 300 sec total\n|\n|t:|1783561263\n|move|p2a: Dragonite|Outrage|p1a: Empoleon|[from] lockedmove\n|-resisted|p1a: Empoleon\n|-damage|p1a: Empoleon|171/278\n|-start|p2a: Dragonite|confusion|[fatigue]\n|move|p1a: Empoleon|Stealth Rock|p2a: Dragonite\n|-sidestart|p2: p0y183866d4|move: Stealth Rock\n|\n|-heal|p1a: Empoleon|188/278|[from] item: Leftovers\n|upkeep\n|turn|10\n|inactive|Time left: 300 sec this turn | 300 sec total\n|\n|t:|1783561264\n|-activate|p2a: Dragonite|confusion\n|move|p2a: Dragonite|Earthquake|p1a: Empoleon\n|-supereffective|p1a: Empoleon\n|-damage|p1a: Empoleon|34/278\n|move|p1a: Empoleon|Surf|p2a: Dragonite\n|-resisted|p2a: Dragonite\n|-damage|p2a: Dragonite|90/100\n|\n|-heal|p1a: Empoleon|51/278|[from] item: Leftovers\n|upkeep\n|turn|11\n|inactive|Time left: 300 sec this turn | 300 sec total\n|\n|t:|1783561265\n|-activate|p2a: Dragonite|confusion\n|move|p2a: Dragonite|Outrage|p1a: Empoleon\n|-resisted|p1a: Empoleon\n|-damage|p1a: Empoleon|0 fnt\n|faint|p1a: Empoleon\n|\n|upkeep\n|inactive|Time left: 300 sec this turn | 300 sec total | 5 sec grace\n|\n|t:|1783561267\n|switch|p1a: Kyogre|Kyogre, L71|259/259\n|-weather|RainDance|[from] ability: Drizzle|[of] p1a: Kyogre\n|turn|12\n|inactive|Time left: 300 sec this turn | 300 sec total\n|\n|t:|1783561268\n|move|p1a: Kyogre|Ice Beam|p2a: Dragonite\n|-supereffective|p2a: Dragonite\n|-damage|p2a: Dragonite|0 fnt\n|faint|p2a: Dragonite\n|\n|-weather|RainDance|[upkeep]\n|upkeep\n|\n|t:|1783561269\n|switch|p2a: Azumarill|Azumarill, L82, F|100/100\n|-activate|p2a: Azumarill|move: Sticky Web\n|-unboost|p2a: Azumarill|spe|1\n|-damage|p2a: Azumarill|88/100|[from] Stealth Rock\n|turn|13\n|inactive|Time left: 300 sec this turn | 300 sec total\n|\n|t:|1783561270\n|move|p1a: Kyogre|Thunder|p2a: Azumarill\n|-supereffective|p2a: Azumarill\n|-damage|p2a: Azumarill|29/100\n|move|p2a: Azumarill|Liquidation|p1a: Kyogre\n|-resisted|p1a: Kyogre\n|-crit|p1a: Kyogre\n|-damage|p1a: Kyogre|57/259\n|\n|-weather|RainDance|[upkeep]\n|-heal|p1a: Kyogre|73/259|[from] item: Leftovers\n|upkeep\n|turn|14\n|inactive|Time left: 300 sec this turn | 300 sec total\n|\n|t:|1783561271\n|move|p1a: Kyogre|Origin Pulse|p2a: Azumarill\n|-resisted|p2a: Azumarill\n|-damage|p2a: Azumarill|0 fnt\n|faint|p2a: Azumarill\n|\n|-weather|RainDance|[upkeep]\n|-heal|p1a: Kyogre|89/259|[from] item: Leftovers\n|upkeep\n|\n|t:|1783561272\n|switch|p2a: Oricorio|Oricorio-Pom-Pom, L82, M|100/100\n|turn|15\n|inactive|Time left: 300 sec this turn | 300 sec total\n|\n|t:|1783561273\n|move|p2a: Oricorio|Quiver Dance|p2a: Oricorio\n|-boost|p2a: Oricorio|spa|1\n|-boost|p2a: Oricorio|spd|1\n|-boost|p2a: Oricorio|spe|1\n|move|p1a: Kyogre|Ice Beam|p2a: Oricorio\n|-supereffective|p2a: Oricorio\n|-damage|p2a: Oricorio|61/100\n|\n|-weather|RainDance|[upkeep]\n|-heal|p1a: Kyogre|105/259|[from] item: Leftovers\n|upkeep\n|turn|16\n|inactive|Time left: 300 sec this turn | 300 sec total\n|\n|t:|1783561274\n|switch|p1a: Ho-Oh|Ho-Oh, L71|268/268\n|move|p2a: Oricorio|Hurricane|p1a: Ho-Oh\n|-damage|p1a: Ho-Oh|150/268\n|\n|-weather|none\n|upkeep\n|turn|17\n|inactive|Time left: 300 sec this turn | 300 sec total\n|\n|t:|1783561275\n|-terastallize|p1a: Ho-Oh|Ground\n|move|p2a: Oricorio|Revelation Dance|p1a: Ho-Oh\n|-immune|p1a: Ho-Oh\n|move|p1a: Ho-Oh|Sacred Fire|p2a: Oricorio\n|-damage|p2a: Oricorio|14/100\n|-status|p2a: Oricorio|brn\n|\n|-damage|p2a: Oricorio|8/100 brn|[from] brn\n|upkeep\n|turn|18\n|inactive|Time left: 300 sec this turn | 300 sec total\n|\n|t:|1783561276\n|move|p2a: Oricorio|Roost|p2a: Oricorio\n|-heal|p2a: Oricorio|58/100 brn\n|-singleturn|p2a: Oricorio|move: Roost\n|move|p1a: Ho-Oh|Earthquake|p2a: Oricorio\n|-supereffective|p2a: Oricorio\n|-damage|p2a: Oricorio|0 fnt\n|faint|p2a: Oricorio\n|\n|upkeep\n|\n|t:|1783561276\n|switch|p2a: Okidogi|Okidogi, L77, M|100/100\n|-activate|p2a: Okidogi|move: Sticky Web\n|-unboost|p2a: Okidogi|spe|1\n|-damage|p2a: Okidogi|94/100|[from] Stealth Rock\n|turn|19\n|inactive|Time left: 300 sec this turn | 300 sec total\n|\n|t:|1783561277\n|move|p1a: Ho-Oh|Sacred Fire|p2a: Okidogi\n|-damage|p2a: Okidogi|63/100\n|move|p2a: Okidogi|Drain Punch|p1a: Ho-Oh\n|-damage|p1a: Ho-Oh|57/268\n|-heal|p2a: Okidogi|81/100|[from] drain|[of] p1a: Ho-Oh\n|-status|p1a: Ho-Oh|tox|[from] ability: Toxic Chain|[of] p2a: Okidogi\n|\n|-damage|p1a: Ho-Oh|41/268 tox|[from] psn\n|upkeep\n|turn|20\n|inactive|Time left: 300 sec this turn | 300 sec total\n|\n|t:|1783561278\n|move|p1a: Ho-Oh|Brave Bird|p2a: Okidogi\n|-supereffective|p2a: Okidogi\n|-damage|p2a: Okidogi|3/100\n|-damage|p1a: Ho-Oh|0 fnt|[from] Recoil\n|faint|p1a: Ho-Oh\n|move|p2a: Okidogi|Drain Punch|p1: Ho-Oh|[notarget]\n|-fail|p2a: Okidogi\n|\n|upkeep\n|inactive|Time left: 300 sec this turn | 300 sec total | 5 sec grace\n|\n|t:|1783561279\n|switch|p1a: Kyogre|Kyogre, L71|105/259\n|-weather|RainDance|[from] ability: Drizzle|[of] p1a: Kyogre\n|turn|21\n|inactive|Time left: 300 sec this turn | 300 sec total\n|\n|t:|1783561280\n|move|p1a: Kyogre|Ice Beam|p2a: Okidogi\n|-crit|p2a: Okidogi\n|-damage|p2a: Okidogi|0 fnt\n|faint|p2a: Okidogi\n|\n|-weather|RainDance|[upkeep]\n|-heal|p1a: Kyogre|121/259|[from] item: Leftovers\n|upkeep\n|\n|t:|1783561281\n|switch|p2a: Arceus|Arceus-Dark, L71|100/100\n|-activate|p2a: Arceus|move: Sticky Web\n|-unboost|p2a: Arceus|spe|1\n|-damage|p2a: Arceus|88/100|[from] Stealth Rock\n|turn|22\n|inactive|Time left: 300 sec this turn | 300 sec total\n|\n|t:|1783561282\n|move|p1a: Kyogre|Origin Pulse|p2a: Arceus\n|-damage|p2a: Arceus|32/100\n|move|p2a: Arceus|Recover|p2a: Arceus\n|-heal|p2a: Arceus|82/100\n|\n|-weather|RainDance|[upkeep]\n|-heal|p1a: Kyogre|137/259|[from] item: Leftovers\n|upkeep\n|turn|23\n|inactive|Time left: 300 sec this turn | 300 sec total\n|\n|t:|1783561283\n|move|p1a: Kyogre|Origin Pulse|p2a: Arceus\n|-damage|p2a: Arceus|27/100\n|move|p2a: Arceus|Recover|p2a: Arceus\n|-heal|p2a: Arceus|77/100\n|\n|-weather|RainDance|[upkeep]\n|-heal|p1a: Kyogre|153/259|[from] item: Leftovers\n|upkeep\n|turn|24\n|inactive|Time left: 300 sec this turn | 300 sec total\n|\n|t:|1783561283\n|move|p1a: Kyogre|Origin Pulse|p2a: Arceus|[miss]\n|-miss|p1a: Kyogre|p2a: Arceus\n|move|p2a: Arceus|Recover|p2a: Arceus\n|-heal|p2a: Arceus|100/100\n|\n|-weather|RainDance|[upkeep]\n|-heal|p1a: Kyogre|169/259|[from] item: Leftovers\n|upkeep\n|turn|25\n|inactive|Time left: 300 sec this turn | 300 sec total\n|\n|t:|1783561284\n|move|p1a: Kyogre|Calm Mind|p1a: Kyogre\n|-boost|p1a: Kyogre|spa|1\n|-boost|p1a: Kyogre|spd|1\n|move|p2a: Arceus|Calm Mind|p2a: Arceus\n|-boost|p2a: Arceus|spa|1\n|-boost|p2a: Arceus|spd|1\n|\n|-weather|none\n|-heal|p1a: Kyogre|185/259|[from] item: Leftovers\n|upkeep\n|turn|26\n|inactive|Time left: 300 sec this turn | 300 sec total\n|\n|t:|1783561285\n|move|p1a: Kyogre|Calm Mind|p1a: Kyogre\n|-boost|p1a: Kyogre|spa|1\n|-boost|p1a: Kyogre|spd|1\n|move|p2a: Arceus|Calm Mind|p2a: Arceus\n|-boost|p2a: Arceus|spa|1\n|-boost|p2a: Arceus|spd|1\n|\n|-heal|p1a: Kyogre|201/259|[from] item: Leftovers\n|upkeep\n|turn|27\n|inactive|Time left: 300 sec this turn | 300 sec total\n|\n|t:|1783561286\n|move|p1a: Kyogre|Calm Mind|p1a: Kyogre\n|-boost|p1a: Kyogre|spa|1\n|-boost|p1a: Kyogre|spd|1\n|move|p2a: Arceus|Judgment|p1a: Kyogre\n|-damage|p1a: Kyogre|129/259\n|\n|-heal|p1a: Kyogre|145/259|[from] item: Leftovers\n|upkeep\n|turn|28\n|inactive|Time left: 300 sec this turn | 300 sec total\n|\n|t:|1783561287\n|-terastallize|p2a: Arceus|Poison\n|move|p1a: Kyogre|Origin Pulse|p2a: Arceus\n|-damage|p2a: Arceus|51/100\n|move|p2a: Arceus|Sludge Bomb|p1a: Kyogre\n|-damage|p1a: Kyogre|90/259\n|-status|p1a: Kyogre|psn\n|\n|-heal|p1a: Kyogre|106/259 psn|[from] item: Leftovers\n|-damage|p1a: Kyogre|74/259 psn|[from] psn\n|upkeep\n|turn|29\n|inactive|Time left: 300 sec this turn | 300 sec total\n|\n|t:|1783561288\n|move|p1a: Kyogre|Origin Pulse|p2a: Arceus\n|-damage|p2a: Arceus|5/100\n|move|p2a: Arceus|Recover|p2a: Arceus\n|-heal|p2a: Arceus|55/100\n|\n|-heal|p1a: Kyogre|90/259 psn|[from] item: Leftovers\n|-damage|p1a: Kyogre|58/259 psn|[from] psn\n|upkeep\n|turn|30\n|inactive|Time left: 300 sec this turn | 300 sec total\n|\n|t:|1783561289\n|move|p1a: Kyogre|Origin Pulse|p2a: Arceus\n|-damage|p2a: Arceus|9/100\n|move|p2a: Arceus|Recover|p2a: Arceus\n|-heal|p2a: Arceus|59/100\n|\n|-heal|p1a: Kyogre|74/259 psn|[from] item: Leftovers\n|-damage|p1a: Kyogre|42/259 psn|[from] psn\n|upkeep\n|turn|31\n|inactive|Time left: 300 sec this turn | 300 sec total\n|\n|t:|1783561290\n|move|p1a: Kyogre|Thunder|p2a: Arceus\n|-damage|p2a: Arceus|28/100\n|move|p2a: Arceus|Recover|p2a: Arceus\n|-heal|p2a: Arceus|78/100\n|\n|-heal|p1a: Kyogre|58/259 psn|[from] item: Leftovers\n|-damage|p1a: Kyogre|26/259 psn|[from] psn\n|upkeep\n|turn|32\n|inactive|Time left: 300 sec this turn | 300 sec total\n|\n|t:|1783561291\n|move|p1a: Kyogre|Ice Beam|p2a: Arceus\n|-damage|p2a: Arceus|52/100\n|move|p2a: Arceus|Recover|p2a: Arceus\n|-heal|p2a: Arceus|100/100\n|\n|-heal|p1a: Kyogre|42/259 psn|[from] item: Leftovers\n|-damage|p1a: Kyogre|10/259 psn|[from] psn\n|upkeep\n|turn|33\n|inactive|Time left: 300 sec this turn | 300 sec total\n|\n|t:|1783561292\n|move|p1a: Kyogre|Origin Pulse|p2a: Arceus\n|-damage|p2a: Arceus|52/100\n|move|p2a: Arceus|Calm Mind|p2a: Arceus\n|-boost|p2a: Arceus|spa|1\n|-boost|p2a: Arceus|spd|1\n|\n|-heal|p1a: Kyogre|26/259 psn|[from] item: Leftovers\n|-damage|p1a: Kyogre|0 fnt|[from] psn\n|faint|p1a: Kyogre\n|upkeep\n|inactive|Time left: 300 sec this turn | 300 sec total | 5 sec grace\n|\n|t:|1783561293\n|switch|p1a: Smeargle|Smeargle, L95, M|258/258\n|turn|34\n|inactive|Time left: 300 sec this turn | 300 sec total\n|\n|t:|1783561294\n|move|p1a: Smeargle|Spore|p2a: Arceus\n|-status|p2a: Arceus|slp|[from] move: Spore\n|cant|p2a: Arceus|slp\n|\n|upkeep\n|turn|35\n|inactive|Time left: 300 sec this turn | 300 sec total\n|\n|t:|1783561295\n|move|p1a: Smeargle|Ceaseless Edge|p2a: Arceus\n|-damage|p2a: Arceus|45/100 slp\n|-sidestart|p2: p0y183866d4|Spikes\n|cant|p2a: Arceus|slp\n|\n|upkeep\n|turn|36\n|inactive|Time left: 300 sec this turn | 300 sec total\n|\n|t:|1783561296\n|switch|p1a: Dragalge|Dragalge, L88, F|54/258\n|-curestatus|p2a: Arceus|slp|[msg]\n|move|p2a: Arceus|Sludge Bomb|p1a: Dragalge\n|-resisted|p1a: Dragalge\n|-damage|p1a: Dragalge|0 fnt\n|faint|p1a: Dragalge\n|\n|upkeep\n|inactive|Time left: 300 sec this turn | 300 sec total | 5 sec grace\n|\n|t:|1783561297\n|switch|p1a: Smeargle|Smeargle, L95, M|258/258\n|turn|37\n|inactive|Time left: 300 sec this turn | 300 sec total\n|\n|t:|1783561298\n|move|p1a: Smeargle|Spore|p2a: Arceus\n|-status|p2a: Arceus|slp|[from] move: Spore\n|cant|p2a: Arceus|slp\n|\n|upkeep\n|turn|38\n|inactive|Time left: 300 sec this turn | 300 sec total\n|\n|t:|1783561299\n|move|p1a: Smeargle|Ceaseless Edge|p2a: Arceus\n|-damage|p2a: Arceus|37/100 slp\n|-sidestart|p2: p0y183866d4|Spikes\n|cant|p2a: Arceus|slp\n|\n|upkeep\n|turn|39\n|inactive|Time left: 300 sec this turn | 300 sec total\n|\n|t:|1783561300\n|move|p1a: Smeargle|Ceaseless Edge|p2a: Arceus\n|-damage|p2a: Arceus|30/100 slp\n|-sidestart|p2: p0y183866d4|Spikes\n|-curestatus|p2a: Arceus|slp|[msg]\n|move|p2a: Arceus|Sludge Bomb|p1a: Smeargle\n|-enditem|p1a: Smeargle|Focus Sash\n|-damage|p1a: Smeargle|1/258\n|\n|upkeep\n|turn|40\n|inactive|Time left: 300 sec this turn | 300 sec total\n|\n|t:|1783561301\n|move|p1a: Smeargle|Spore|p2a: Arceus\n|-status|p2a: Arceus|slp|[from] move: Spore\n|cant|p2a: Arceus|slp\n|\n|upkeep\n|turn|41\n|inactive|Time left: 300 sec this turn | 300 sec total\n|\n|t:|1783561302\n|move|p1a: Smeargle|Spore|p2a: Arceus\n|-fail|p2a: Arceus|slp\n|-curestatus|p2a: Arceus|slp|[msg]\n|move|p2a: Arceus|Judgment|p1a: Smeargle\n|-damage|p1a: Smeargle|0 fnt\n|faint|p1a: Smeargle\n|\n|win|p0y183866d4", "uploadtime": 1783561302, "views": 0, "rating": 0, "private": 0, "password": null, "_winner": "p0y183866d4", "_our_name": "p0x1838c504"}