{"id": "battle-gen9randombattle-1293", "formatid": "gen9randombattle", "format": "[Gen 9] Random Battle", "players": ["p0x12932b57", "p0y1293dd42"], "log": "|init|battle\n|title|p0x12932b57 vs. p0y1293dd42\n|j|\u2606p0x12932b57\n|j|\u2606p0y1293dd42\n|t:|1783554138\n|gametype|singles\n|player|p1|p0x12932b57|265|\n|player|p2|p0y1293dd42|169|\n|gen|9\n|tier|[Gen 9] Random Battle\n|rule|Species Clause: Limit one of each Pok\u00e9mon\n|rule|HP Percentage Mod: HP is shown in percentages\n|rule|Sleep Clause Mod: Limit one foe put to sleep\n|rule|Illusion Level Mod: Illusion disguises the Pok\u00e9mon's true level\n|\n|t:|1783554138\n|teamsize|p1|6\n|teamsize|p2|6\n|start\n|switch|p1a: Stantler|Stantler, L92, F|100/100\n|switch|p2a: Blastoise|Blastoise, L80, F|258/258\n|-ability|p1a: Stantler|Intimidate|boost\n|-unboost|p2a: Blastoise|atk|1\n|-enditem|p2a: Blastoise|White Herb\n|-clearnegativeboost|p2a: Blastoise|[silent]\n|turn|1\n|inactive|Battle timer is ON: inactive players will automatically lose when time's up. (requested by p0x12932b57)\n|inactive|Time left: 300 sec this turn | 300 sec total | 60 sec grace\n|inactive|p0y1293dd42 also wants the timer to be on.\n|\n|t:|1783554139\n|move|p1a: Stantler|Calm Mind|p1a: Stantler\n|-boost|p1a: Stantler|spa|1\n|-boost|p1a: Stantler|spd|1\n|move|p2a: Blastoise|Shell Smash|p2a: Blastoise\n|-unboost|p2a: Blastoise|def|1\n|-unboost|p2a: Blastoise|spd|1\n|-boost|p2a: Blastoise|atk|2\n|-boost|p2a: Blastoise|spa|2\n|-boost|p2a: Blastoise|spe|2\n|\n|upkeep\n|turn|2\n|inactive|Time left: 300 sec this turn | 300 sec total\n|\n|t:|1783554140\n|move|p2a: Blastoise|Hydro Pump|p1a: Stantler\n|-damage|p1a: Stantler|67/100\n|move|p1a: Stantler|Earth Power|p2a: Blastoise\n|-damage|p2a: Blastoise|111/258\n|\n|upkeep\n|turn|3\n|inactive|Time left: 300 sec this turn | 300 sec total\n|\n|t:|1783554141\n|-terastallize|p2a: Blastoise|Grass\n|move|p2a: Blastoise|Hydro Pump|p1a: Stantler\n|-damage|p1a: Stantler|35/100\n|move|p1a: Stantler|Tera Blast|p2a: Blastoise\n|-damage|p2a: Blastoise|0 fnt\n|faint|p2a: Blastoise\n|\n|upkeep\n|inactive|Time left: 300 sec this turn | 300 sec total | 5 sec grace\n|\n|t:|1783554142\n|switch|p2a: Poliwrath|Poliwrath, L88, F|302/302\n|turn|4\n|inactive|Time left: 300 sec this turn | 300 sec total\n|\n|t:|1783554143\n|-terastallize|p1a: Stantler|Fairy\n|move|p1a: Stantler|Tera Blast|p2a: Poliwrath|[anim] Tera Blast Fairy\n|-supereffective|p2a: Poliwrath\n|-damage|p2a: Poliwrath|24/302\n|move|p2a: Poliwrath|Drain Punch|p1a: Stantler\n|-resisted|p1a: Stantler\n|-damage|p1a: Stantler|23/100\n|-heal|p2a: Poliwrath|42/302|[from] drain|[of] p1a: Stantler\n|\n|-heal|p2a: Poliwrath|60/302|[from] item: Leftovers\n|upkeep\n|turn|5\n|inactive|Time left: 300 sec this turn | 300 sec total\n|\n|t:|1783554144\n|switch|p2a: Palossand|Palossand, L89, M|296/296\n|move|p1a: Stantler|Tera Blast|p2a: Palossand|[anim] Tera Blast Fairy\n|-damage|p2a: Palossand|155/296\n|\n|-heal|p2a: Palossand|173/296|[from] item: Leftovers\n|upkeep\n|turn|6\n|inactive|Time left: 300 sec this turn | 300 sec total\n|\n|t:|1783554146\n|move|p1a: Stantler|Shadow Ball|p2a: Palossand\n|-supereffective|p2a: Palossand\n|-damage|p2a: Palossand|0 fnt\n|faint|p2a: Palossand\n|\n|upkeep\n|inactive|Time left: 300 sec this turn | 300 sec total | 5 sec grace\n|\n|t:|1783554147\n|switch|p2a: Polteageist|Polteageist, L78|222/222\n|turn|7\n|inactive|Time left: 300 sec this turn | 300 sec total\n|\n|t:|1783554148\n|switch|p1a: Regidrago|Regidrago, L77|100/100\n|move|p2a: Polteageist|Shell Smash|p2a: Polteageist\n|-unboost|p2a: Polteageist|def|1\n|-unboost|p2a: Polteageist|spd|1\n|-boost|p2a: Polteageist|atk|2\n|-boost|p2a: Polteageist|spa|2\n|-boost|p2a: Polteageist|spe|2\n|-enditem|p2a: Polteageist|White Herb\n|-clearnegativeboost|p2a: Polteageist|[silent]\n|\n|upkeep\n|turn|8\n|inactive|Time left: 300 sec this turn | 300 sec total\n|\n|t:|1783554149\n|move|p2a: Polteageist|Shadow Ball|p1a: Regidrago\n|-damage|p1a: Regidrago|30/100\n|move|p1a: Regidrago|Outrage|p2a: Polteageist\n|-damage|p2a: Polteageist|0 fnt\n|-start|p1a: Regidrago|Disable|Outrage|[from] ability: Cursed Body|[of] p2a: Polteageist\n|faint|p2a: Polteageist\n|\n|upkeep\n|inactive|Time left: 300 sec this turn | 300 sec total | 5 sec grace\n|\n|t:|1783554150\n|switch|p2a: Registeel|Registeel, L81|262/262\n|turn|9\n|inactive|Time left: 300 sec this turn | 300 sec total\n|\n|t:|1783554151\n|cant|p1a: Regidrago|Disable|Outrage\n|move|p2a: Registeel|Iron Defense|p2a: Registeel\n|-boost|p2a: Registeel|def|2\n|\n|-start|p1a: Regidrago|confusion|[fatigue]\n|upkeep\n|turn|10\n|inactive|Time left: 300 sec this turn | 300 sec total\n|\n|t:|1783554152\n|switch|p1a: Stantler|Stantler, L92, F, tera:Fairy|23/100\n|-ability|p1a: Stantler|Intimidate|boost\n|-fail|p2a: Registeel|unboost|[from] ability: Clear Body|[of] p2a: Registeel\n|move|p2a: Registeel|Body Press|p1a: Stantler\n|-resisted|p1a: Stantler\n|-damage|p1a: Stantler|4/100\n|\n|upkeep\n|turn|11\n|inactive|Time left: 300 sec this turn | 300 sec total\n|\n|t:|1783554153\n|move|p1a: Stantler|Earth Power|p2a: Registeel\n|-supereffective|p2a: Registeel\n|-damage|p2a: Registeel|174/262\n|move|p2a: Registeel|Body Press|p1a: Stantler\n|-resisted|p1a: Stantler\n|-damage|p1a: Stantler|0 fnt\n|faint|p1a: Stantler\n|\n|-heal|p2a: Registeel|190/262|[from] item: Leftovers\n|upkeep\n|\n|t:|1783554154\n|switch|p1a: Sandslash|Sandslash, L89, M|100/100\n|turn|12\n|inactive|Time left: 300 sec this turn | 300 sec total\n|\n|t:|1783554155\n|move|p1a: Sandslash|Earthquake|p2a: Registeel\n|-supereffective|p2a: Registeel\n|-damage|p2a: Registeel|106/262\n|move|p2a: Registeel|Body Press|p1a: Sandslash\n|-damage|p1a: Sandslash|58/100\n|\n|-heal|p2a: Registeel|122/262|[from] item: Leftovers\n|upkeep\n|turn|13\n|inactive|Time left: 300 sec this turn | 300 sec total\n|\n|t:|1783554156\n|move|p1a: Sandslash|Earthquake|p2a: Registeel\n|-supereffective|p2a: Registeel\n|-damage|p2a: Registeel|44/262\n|move|p2a: Registeel|Body Press|p1a: Sandslash\n|-damage|p1a: Sandslash|12/100\n|\n|-heal|p2a: Registeel|60/262|[from] item: Leftovers\n|upkeep\n|turn|14\n|inactive|Time left: 300 sec this turn | 300 sec total\n|\n|t:|1783554157\n|move|p1a: Sandslash|Earthquake|p2a: Registeel\n|-supereffective|p2a: Registeel\n|-crit|p2a: Registeel\n|-damage|p2a: Registeel|0 fnt\n|faint|p2a: Registeel\n|\n|upkeep\n|inactive|Time left: 300 sec this turn | 300 sec total | 5 sec grace\n|\n|t:|1783554158\n|switch|p2a: Poliwrath|Poliwrath, L88, F|60/302\n|turn|15\n|inactive|Time left: 300 sec this turn | 300 sec total\n|\n|t:|1783554159\n|move|p2a: Poliwrath|Drain Punch|p1a: Sandslash\n|-damage|p1a: Sandslash|0 fnt\n|-heal|p2a: Poliwrath|76/302|[from] drain|[of] p1a: Sandslash\n|faint|p1a: Sandslash\n|\n|-heal|p2a: Poliwrath|94/302|[from] item: Leftovers\n|upkeep\n|\n|t:|1783554160\n|switch|p1a: Regidrago|Regidrago, L77|30/100\n|turn|16\n|inactive|Time left: 300 sec this turn | 300 sec total\n|\n|t:|1783554161\n|switch|p2a: Iron Valiant|Iron Valiant, L78|244/244\n|move|p1a: Regidrago|Outrage|p2a: Iron Valiant\n|-immune|p2a: Iron Valiant\n|\n|upkeep\n|turn|17\n|inactive|Time left: 300 sec this turn | 300 sec total\n|\n|t:|1783554162\n|move|p1a: Regidrago|Outrage|p2a: Iron Valiant\n|-immune|p2a: Iron Valiant\n|move|p2a: Iron Valiant|Encore|p1a: Regidrago\n|-start|p1a: Regidrago|Encore\n|\n|upkeep\n|turn|18\n|inactive|Time left: 300 sec this turn | 300 sec total\n|\n|t:|1783554163\n|move|p1a: Regidrago|Outrage|p2a: Iron Valiant\n|-immune|p2a: Iron Valiant\n|move|p2a: Iron Valiant|Encore||[still]\n|-fail|p2a: Iron Valiant\n|\n|upkeep\n|turn|19\n|inactive|Time left: 300 sec this turn | 300 sec total\n|\n|t:|1783554164\n|move|p1a: Regidrago|Outrage|p2a: Iron Valiant\n|-immune|p2a: Iron Valiant\n|move|p2a: Iron Valiant|Encore||[still]\n|-fail|p2a: Iron Valiant\n|\n|upkeep\n|turn|20\n|inactive|Time left: 300 sec this turn | 300 sec total\n|\n|t:|1783554165\n|move|p1a: Regidrago|Outrage|p2a: Iron Valiant\n|-immune|p2a: Iron Valiant\n|move|p2a: Iron Valiant|Encore||[still]\n|-fail|p2a: Iron Valiant\n|\n|-end|p1a: Regidrago|Encore\n|upkeep\n|turn|21\n|inactive|Time left: 300 sec this turn | 300 sec total\n|\n|t:|1783554166\n|move|p1a: Regidrago|Outrage|p2a: Iron Valiant\n|-immune|p2a: Iron Valiant\n|move|p2a: Iron Valiant|Encore|p1a: Regidrago\n|-start|p1a: Regidrago|Encore\n|\n|upkeep\n|turn|22\n|inactive|Time left: 300 sec this turn | 300 sec total\n|\n|t:|1783554167\n|move|p1a: Regidrago|Outrage|p2a: Iron Valiant\n|-immune|p2a: Iron Valiant\n|move|p2a: Iron Valiant|Encore||[still]\n|-fail|p2a: Iron Valiant\n|\n|upkeep\n|turn|23\n|inactive|Time left: 300 sec this turn | 300 sec total\n|\n|t:|1783554169\n|move|p1a: Regidrago|Outrage|p2a: Iron Valiant\n|-immune|p2a: Iron Valiant\n|move|p2a: Iron Valiant|Encore||[still]\n|-fail|p2a: Iron Valiant\n|\n|upkeep\n|turn|24\n|inactive|Time left: 300 sec this turn | 300 sec total\n|\n|t:|1783554170\n|move|p1a: Regidrago|Outrage|p2a: Iron Valiant\n|-immune|p2a: Iron Valiant\n|move|p2a: Iron Valiant|Encore||[still]\n|-fail|p2a: Iron Valiant\n|\n|-end|p1a: Regidrago|Encore\n|upkeep\n|turn|25\n|inactive|Time left: 300 sec this turn | 300 sec total\n|\n|t:|1783554171\n|move|p1a: Regidrago|Outrage|p2a: Iron Valiant\n|-immune|p2a: Iron Valiant\n|move|p2a: Iron Valiant|Moonblast|p1a: Regidrago\n|-supereffective|p1a: Regidrago\n|-damage|p1a: Regidrago|0 fnt\n|faint|p1a: Regidrago\n|-damage|p2a: Iron Valiant|220/244|[from] item: Life Orb\n|\n|upkeep\n|\n|t:|1783554172\n|switch|p1a: Zebstrika|Zebstrika, L87, M|100/100\n|turn|26\n|inactive|Time left: 300 sec this turn | 300 sec total\n|\n|t:|1783554173\n|move|p1a: Zebstrika|Supercell Slam|p2a: Iron Valiant\n|-crit|p2a: Iron Valiant\n|-damage|p2a: Iron Valiant|0 fnt\n|faint|p2a: Iron Valiant\n|-end|p2a: Iron Valiant|Quark Drive|[silent]\n|-damage|p1a: Zebstrika|91/100|[from] item: Life Orb\n|\n|upkeep\n|inactive|Time left: 300 sec this turn | 300 sec total | 5 sec grace\n|\n|t:|1783554174\n|switch|p2a: Poliwrath|Poliwrath, L88, F|94/302\n|turn|27\n|inactive|Time left: 300 sec this turn | 300 sec total\n|\n|t:|1783554175\n|move|p1a: Zebstrika|Volt Switch|p2a: Poliwrath\n|-supereffective|p2a: Poliwrath\n|-damage|p2a: Poliwrath|0 fnt\n|faint|p2a: Poliwrath\n|-damage|p1a: Zebstrika|81/100|[from] item: Life Orb\n|\n|win|p0x12932b57", "uploadtime": 1783554175, "views": 0, "rating": 0, "private": 0, "password": null, "_winner": "p0x12932b57", "_our_name": "p0y1293dd42"}