{"id": "battle-gen9randombattle-2714", "formatid": "gen9randombattle", "format": "[Gen 9] Random Battle", "players": ["p0x27140e23", "p0y2714e1ec"], "log": "|init|battle\n|title|p0x27140e23 vs. p0y2714e1ec\n|j|\u2606p0x27140e23\n|j|\u2606p0y2714e1ec\n|t:|1783570290\n|gametype|singles\n|player|p1|p0x27140e23|1|\n|player|p2|p0y2714e1ec|170|\n|gen|9\n|tier|[Gen 9] Random Battle\n|rule|Species Clause: Limit one of each Pok\u00e9mon\n|rule|HP Percentage Mod: HP is shown in percentages\n|rule|Sleep Clause Mod: Limit one foe put to sleep\n|rule|Illusion Level Mod: Illusion disguises the Pok\u00e9mon's true level\n|\n|t:|1783570290\n|teamsize|p1|6\n|teamsize|p2|6\n|start\n|switch|p1a: Minun|Minun, L95, M|100/100\n|switch|p2a: Incineroar|Incineroar, L82, M|290/290\n|-ability|p2a: Incineroar|Intimidate|boost\n|-unboost|p1a: Minun|atk|1\n|turn|1\n|inactive|Battle timer is ON: inactive players will automatically lose when time's up. (requested by p0y2714e1ec)\n|inactive|p0x27140e23 also wants the timer to be on.\n|\n|t:|1783570291\n|switch|p1a: Seviper|Seviper, L93, M|100/100\n|move|p2a: Incineroar|Knock Off|p1a: Seviper\n|-damage|p1a: Seviper|29/100\n|-enditem|p1a: Seviper|Leftovers|[from] move: Knock Off|[of] p2a: Incineroar\n|\n|upkeep\n|turn|2\n|inactive|Time left: 300 sec this turn | 300 sec total\n|\n|t:|1783570293\n|move|p1a: Seviper|Gunk Shot|p2a: Incineroar\n|-damage|p2a: Incineroar|137/290\n|move|p2a: Incineroar|Knock Off|p1a: Seviper\n|-damage|p1a: Seviper|0 fnt\n|faint|p1a: Seviper\n|\n|upkeep\n|\n|t:|1783570294\n|switch|p1a: Koraidon|Koraidon, L64|100/100\n|-weather|SunnyDay|[from] ability: Orichalcum Pulse|[of] p1a: Koraidon\n|-activate|p1a: Koraidon|Orichalcum Pulse|[source]\n|turn|3\n|inactive|Time left: 300 sec this turn | 300 sec total\n|\n|t:|1783570295\n|move|p1a: Koraidon|Outrage|p2a: Incineroar\n|-damage|p2a: Incineroar|0 fnt\n|faint|p2a: Incineroar\n|\n|-weather|SunnyDay|[upkeep]\n|upkeep\n|inactive|Time left: 300 sec this turn | 300 sec total | 5 sec grace\n|\n|t:|1783570296\n|switch|p2a: Mienshao|Mienshao, L83, M|243/243\n|turn|4\n|inactive|Time left: 300 sec this turn | 300 sec total\n|\n|t:|1783570297\n|move|p2a: Mienshao|High Jump Kick|p1a: Koraidon\n|-damage|p1a: Koraidon|0 fnt\n|faint|p1a: Koraidon\n|\n|-weather|SunnyDay|[upkeep]\n|upkeep\n|\n|t:|1783570298\n|switch|p1a: Regigigas|Regigigas, L84|100/100\n|-start|p1a: Regigigas|ability: Slow Start\n|turn|5\n|inactive|Time left: 300 sec this turn | 300 sec total\n|\n|t:|1783570299\n|move|p1a: Regigigas|Protect|p1a: Regigigas\n|-singleturn|p1a: Regigigas|Protect\n|move|p2a: Mienshao|High Jump Kick|p1a: Regigigas\n|-activate|p1a: Regigigas|move: Protect\n|-damage|p2a: Mienshao|122/243|[from] highjumpkick\n|\n|-weather|SunnyDay|[upkeep]\n|upkeep\n|turn|6\n|inactive|Time left: 300 sec this turn | 300 sec total\n|\n|t:|1783570300\n|-terastallize|p1a: Regigigas|Poison\n|move|p2a: Mienshao|High Jump Kick|p1a: Regigigas\n|-resisted|p1a: Regigigas\n|-damage|p1a: Regigigas|62/100\n|move|p1a: Regigigas|Body Slam|p2a: Mienshao\n|-damage|p2a: Mienshao|29/243\n|\n|-weather|SunnyDay|[upkeep]\n|-heal|p1a: Regigigas|68/100|[from] item: Leftovers\n|upkeep\n|turn|7\n|inactive|Time left: 300 sec this turn | 300 sec total\n|\n|t:|1783570301\n|move|p1a: Regigigas|Protect|p1a: Regigigas\n|-singleturn|p1a: Regigigas|Protect\n|move|p2a: Mienshao|High Jump Kick|p1a: Regigigas\n|-activate|p1a: Regigigas|move: Protect\n|-damage|p2a: Mienshao|0 fnt|[from] highjumpkick\n|faint|p2a: Mienshao\n|\n|-weather|none\n|-heal|p1a: Regigigas|74/100|[from] item: Leftovers\n|upkeep\n|inactive|Time left: 300 sec this turn | 300 sec total | 5 sec grace\n|\n|t:|1783570302\n|switch|p2a: Hoopa|Hoopa, L85|275/275\n|turn|8\n|inactive|Time left: 300 sec this turn | 300 sec total\n|\n|t:|1783570303\n|move|p2a: Hoopa|Psyshock|p1a: Regigigas\n|-supereffective|p1a: Regigigas\n|-damage|p1a: Regigigas|0 fnt\n|faint|p1a: Regigigas\n|-end|p1a: Regigigas|Slow Start|[silent]\n|-damage|p2a: Hoopa|248/275|[from] item: Life Orb\n|\n|upkeep\n|\n|t:|1783570304\n|switch|p1a: Rotom|Rotom-Mow, L87|100/100\n|turn|9\n|inactive|Time left: 300 sec this turn | 300 sec total\n|\n|t:|1783570305\n|move|p1a: Rotom|Nasty Plot|p1a: Rotom\n|-boost|p1a: Rotom|spa|2\n|move|p2a: Hoopa|Nasty Plot|p2a: Hoopa\n|-boost|p2a: Hoopa|spa|2\n|\n|upkeep\n|turn|10\n|inactive|Time left: 300 sec this turn | 300 sec total\n|\n|t:|1783570306\n|move|p1a: Rotom|Leaf Storm|p2a: Hoopa|[miss]\n|-miss|p1a: Rotom|p2a: Hoopa\n|move|p2a: Hoopa|Shadow Ball|p1a: Rotom\n|-damage|p1a: Rotom|0 fnt\n|faint|p1a: Rotom\n|-damage|p2a: Hoopa|221/275|[from] item: Life Orb\n|\n|upkeep\n|\n|t:|1783570307\n|switch|p1a: Vaporeon|Vaporeon, L86, M|100/100\n|turn|11\n|inactive|Time left: 300 sec this turn | 300 sec total\n|\n|t:|1783570308\n|move|p1a: Vaporeon|Protect|p1a: Vaporeon\n|-singleturn|p1a: Vaporeon|Protect\n|move|p2a: Hoopa|Psyshock|p1a: Vaporeon\n|-activate|p1a: Vaporeon|move: Protect\n|\n|upkeep\n|turn|12\n|inactive|Time left: 300 sec this turn | 300 sec total\n|\n|t:|1783570308\n|move|p1a: Vaporeon|Protect||[still]\n|-fail|p1a: Vaporeon\n|move|p2a: Hoopa|Psyshock|p1a: Vaporeon\n|-damage|p1a: Vaporeon|0 fnt\n|faint|p1a: Vaporeon\n|-damage|p2a: Hoopa|194/275|[from] item: Life Orb\n|\n|upkeep\n|\n|t:|1783570309\n|switch|p1a: Minun|Minun, L95, M|100/100\n|turn|13\n|inactive|Time left: 300 sec this turn | 300 sec total\n|\n|t:|1783570310\n|move|p1a: Minun|Thunderbolt|p2a: Hoopa\n|-damage|p2a: Hoopa|91/275\n|-status|p2a: Hoopa|par\n|-damage|p1a: Minun|91/100|[from] item: Life Orb\n|cant|p2a: Hoopa|par\n|\n|upkeep\n|turn|14\n|inactive|Time left: 300 sec this turn | 300 sec total\n|\n|t:|1783570310\n|move|p1a: Minun|Nasty Plot|p1a: Minun\n|-boost|p1a: Minun|spa|2\n|move|p2a: Hoopa|Shadow Ball|p1a: Minun\n|-damage|p1a: Minun|0 fnt\n|faint|p1a: Minun\n|-damage|p2a: Hoopa|64/275 par|[from] item: Life Orb\n|\n|win|p0y2714e1ec", "uploadtime": 1783570310, "views": 0, "rating": 0, "private": 0, "password": null, "_winner": "p0y2714e1ec", "_our_name": "p0y2714e1ec"}