{"id": "battle-gen9randombattle-673", "formatid": "gen9randombattle", "format": "[Gen 9] Random Battle", "players": ["p0x6748bcb", "p0y67448b5"], "log": "|init|battle\n|title|p0x6748bcb vs. p0y67448b5\n|j|\u2606p0x6748bcb\n|j|\u2606p0y67448b5\n|t:|1783546949\n|gametype|singles\n|player|p1|p0x6748bcb|265|\n|player|p2|p0y67448b5|101|\n|gen|9\n|tier|[Gen 9] Random Battle\n|rule|Species Clause: Limit one of each Pok\u00e9mon\n|rule|HP Percentage Mod: HP is shown in percentages\n|rule|Sleep Clause Mod: Limit one foe put to sleep\n|rule|Illusion Level Mod: Illusion disguises the Pok\u00e9mon's true level\n|\n|t:|1783546949\n|teamsize|p1|6\n|teamsize|p2|6\n|start\n|switch|p1a: Glalie|Glalie, L96, F|100/100\n|switch|p2a: Crabominable|Crabominable, L90, M|321/321\n|turn|1\n|inactive|Battle timer is ON: inactive players will automatically lose when time's up. (requested by p0x6748bcb)\n|inactive|Time left: 300 sec this turn | 300 sec total | 60 sec grace\n|inactive|p0y67448b5 also wants the timer to be on.\n|\n|t:|1783546951\n|move|p1a: Glalie|Spikes|p2a: Crabominable\n|-sidestart|p2: p0y67448b5|Spikes\n|move|p2a: Crabominable|Drain Punch|p1a: Glalie\n|-supereffective|p1a: Glalie\n|-damage|p1a: Glalie|0 fnt\n|faint|p1a: Glalie\n|\n|upkeep\n|\n|t:|1783546952\n|switch|p1a: Lunala|Lunala, L70|100/100\n|turn|2\n|inactive|Time left: 300 sec this turn | 300 sec total\n|\n|t:|1783546953\n|switch|p2a: Toucannon|Toucannon, L88, F|284/284\n|move|p1a: Lunala|Calm Mind|p1a: Lunala\n|-boost|p1a: Lunala|spa|1\n|-boost|p1a: Lunala|spd|1\n|\n|upkeep\n|turn|3\n|inactive|Time left: 300 sec this turn | 300 sec total\n|\n|t:|1783546954\n|move|p1a: Lunala|Calm Mind|p1a: Lunala\n|-boost|p1a: Lunala|spa|1\n|-boost|p1a: Lunala|spd|1\n|move|p2a: Toucannon|Bullet Seed|p1a: Lunala\n|-damage|p1a: Lunala|96/100\n|-damage|p1a: Lunala|87/100\n|-damage|p1a: Lunala|77/100\n|-damage|p1a: Lunala|68/100\n|-damage|p1a: Lunala|58/100\n|-hitcount|p1a: Lunala|5\n|\n|-heal|p1a: Lunala|64/100|[from] item: Leftovers\n|upkeep\n|turn|4\n|inactive|Time left: 300 sec this turn | 300 sec total\n|\n|t:|1783546955\n|-singleturn|p2a: Toucannon|move: Beak Blast\n|move|p1a: Lunala|Moonlight|p1a: Lunala\n|-heal|p1a: Lunala|100/100\n|move|p2a: Toucannon|Beak Blast|p1a: Lunala\n|-damage|p1a: Lunala|73/100\n|\n|-heal|p1a: Lunala|79/100|[from] item: Leftovers\n|upkeep\n|turn|5\n|inactive|Time left: 300 sec this turn | 300 sec total\n|\n|t:|1783546956\n|-singleturn|p2a: Toucannon|move: Beak Blast\n|move|p1a: Lunala|Moonlight|p1a: Lunala\n|-heal|p1a: Lunala|100/100\n|move|p2a: Toucannon|Beak Blast|p1a: Lunala\n|-damage|p1a: Lunala|73/100\n|\n|-heal|p1a: Lunala|79/100|[from] item: Leftovers\n|upkeep\n|turn|6\n|inactive|Time left: 300 sec this turn | 300 sec total\n|\n|t:|1783546957\n|-singleturn|p2a: Toucannon|move: Beak Blast\n|move|p1a: Lunala|Moonblast|p2a: Toucannon\n|-damage|p2a: Toucannon|158/284\n|-unboost|p2a: Toucannon|spa|1\n|move|p2a: Toucannon|Beak Blast|p1a: Lunala\n|-damage|p1a: Lunala|22/100\n|\n|-heal|p1a: Lunala|28/100|[from] item: Leftovers\n|upkeep\n|turn|7\n|inactive|Time left: 300 sec this turn | 300 sec total\n|\n|t:|1783546958\n|-singleturn|p2a: Toucannon|move: Beak Blast\n|move|p1a: Lunala|Moonlight|p1a: Lunala\n|-heal|p1a: Lunala|78/100\n|move|p2a: Toucannon|Beak Blast|p1a: Lunala\n|-damage|p1a: Lunala|24/100\n|\n|-heal|p1a: Lunala|30/100|[from] item: Leftovers\n|upkeep\n|turn|8\n|inactive|Time left: 300 sec this turn | 300 sec total\n|\n|t:|1783546959\n|-singleturn|p2a: Toucannon|move: Beak Blast\n|move|p1a: Lunala|Moonlight|p1a: Lunala\n|-heal|p1a: Lunala|80/100\n|move|p2a: Toucannon|Beak Blast|p1a: Lunala\n|-damage|p1a: Lunala|28/100\n|\n|-heal|p1a: Lunala|35/100|[from] item: Leftovers\n|upkeep\n|turn|9\n|inactive|Time left: 300 sec this turn | 300 sec total\n|\n|t:|1783546960\n|-singleturn|p2a: Toucannon|move: Beak Blast\n|move|p1a: Lunala|Moonlight|p1a: Lunala\n|-heal|p1a: Lunala|85/100\n|move|p2a: Toucannon|Beak Blast|p1a: Lunala\n|-damage|p1a: Lunala|32/100\n|\n|-heal|p1a: Lunala|38/100|[from] item: Leftovers\n|upkeep\n|turn|10\n|inactive|Time left: 300 sec this turn | 300 sec total\n|\n|t:|1783546961\n|-singleturn|p2a: Toucannon|move: Beak Blast\n|move|p1a: Lunala|Moonlight|p1a: Lunala\n|-heal|p1a: Lunala|88/100\n|move|p2a: Toucannon|Beak Blast|p1a: Lunala\n|-damage|p1a: Lunala|38/100\n|\n|-heal|p1a: Lunala|44/100|[from] item: Leftovers\n|upkeep\n|turn|11\n|inactive|Time left: 300 sec this turn | 300 sec total\n|\n|t:|1783546962\n|-singleturn|p2a: Toucannon|move: Beak Blast\n|move|p1a: Lunala|Moonlight|p1a: Lunala\n|-heal|p1a: Lunala|94/100\n|move|p2a: Toucannon|Beak Blast|p1a: Lunala\n|-damage|p1a: Lunala|37/100\n|\n|-heal|p1a: Lunala|43/100|[from] item: Leftovers\n|upkeep\n|turn|12\n|inactive|Time left: 300 sec this turn | 300 sec total\n|\n|t:|1783546963\n|-singleturn|p2a: Toucannon|move: Beak Blast\n|move|p1a: Lunala|Moonlight|p1a: Lunala\n|-heal|p1a: Lunala|93/100\n|move|p2a: Toucannon|Beak Blast|p1a: Lunala\n|-damage|p1a: Lunala|44/100\n|\n|-heal|p1a: Lunala|50/100|[from] item: Leftovers\n|upkeep\n|turn|13\n|inactive|Time left: 300 sec this turn | 300 sec total\n|\n|t:|1783546964\n|-terastallize|p1a: Lunala|Fairy\n|-singleturn|p2a: Toucannon|move: Beak Blast\n|move|p1a: Lunala|Moonblast|p2a: Toucannon\n|-damage|p2a: Toucannon|0 fnt\n|faint|p2a: Toucannon\n|\n|-heal|p1a: Lunala|56/100|[from] item: Leftovers\n|upkeep\n|inactive|Time left: 300 sec this turn | 300 sec total | 5 sec grace\n|\n|t:|1783546964\n|switch|p2a: Dondozo|Dondozo, L78, F|362/362\n|-damage|p2a: Dondozo|317/362|[from] Spikes\n|turn|14\n|inactive|Time left: 300 sec this turn | 300 sec total\n|\n|t:|1783546966\n|move|p1a: Lunala|Moonblast|p2a: Dondozo\n|-damage|p2a: Dondozo|188/362\n|move|p2a: Dondozo|Wave Crash|p1a: Lunala\n|-damage|p1a: Lunala|12/100\n|-damage|p2a: Dondozo|143/362|[from] Recoil\n|\n|-heal|p1a: Lunala|18/100|[from] item: Leftovers\n|-heal|p2a: Dondozo|165/362|[from] item: Leftovers\n|upkeep\n|turn|15\n|inactive|Time left: 300 sec this turn | 300 sec total\n|\n|t:|1783546967\n|move|p1a: Lunala|Moongeist Beam|p2a: Dondozo\n|-damage|p2a: Dondozo|0 fnt\n|faint|p2a: Dondozo\n|\n|-heal|p1a: Lunala|25/100|[from] item: Leftovers\n|upkeep\n|inactive|Time left: 300 sec this turn | 300 sec total | 5 sec grace\n|\n|t:|1783546968\n|switch|p2a: Flygon|Flygon, L82, M|265/265\n|turn|16\n|inactive|Time left: 300 sec this turn | 300 sec total\n|\n|t:|1783546969\n|switch|p1a: Lilligant|Lilligant, L86, F|100/100\n|move|p2a: Flygon|Earthquake|p1a: Lilligant\n|-resisted|p1a: Lilligant\n|-damage|p1a: Lilligant|78/100\n|\n|upkeep\n|turn|17\n|inactive|Time left: 300 sec this turn | 300 sec total\n|\n|t:|1783546970\n|move|p2a: Flygon|Outrage|p1a: Lilligant\n|-damage|p1a: Lilligant|25/100\n|move|p1a: Lilligant|Petal Dance|p2a: Flygon\n|-damage|p2a: Flygon|45/265\n|-damage|p1a: Lilligant|15/100|[from] item: Life Orb\n|\n|upkeep\n|turn|18\n|inactive|Time left: 300 sec this turn | 300 sec total\n|\n|t:|1783546971\n|move|p2a: Flygon|Outrage|p1a: Lilligant|[from] lockedmove\n|-damage|p1a: Lilligant|0 fnt\n|faint|p1a: Lilligant\n|-start|p2a: Flygon|confusion|[fatigue]\n|-enditem|p2a: Flygon|Lum Berry|[eat]\n|-end|p2a: Flygon|confusion\n|\n|upkeep\n|\n|t:|1783546972\n|switch|p1a: Cinccino|Cinccino, L83, F|100/100\n|turn|19\n|inactive|Time left: 300 sec this turn | 300 sec total\n|\n|t:|1783546973\n|switch|p2a: Crabominable|Crabominable, L90, M|321/321\n|-damage|p2a: Crabominable|281/321|[from] Spikes\n|move|p1a: Cinccino|Tail Slap|p2a: Crabominable\n|-damage|p2a: Crabominable|245/321\n|-damage|p2a: Crabominable|208/321\n|-damage|p2a: Crabominable|169/321\n|-damage|p2a: Crabominable|127/321\n|-damage|p2a: Crabominable|85/321\n|-hitcount|p2a: Crabominable|5\n|\n|upkeep\n|turn|20\n|inactive|Time left: 300 sec this turn | 300 sec total\n|\n|t:|1783546974\n|switch|p2a: Iron Hands|Iron Hands, L79|373/373\n|-damage|p2a: Iron Hands|327/373|[from] Spikes\n|move|p1a: Cinccino|Bullet Seed|p2a: Iron Hands\n|-damage|p2a: Iron Hands|303/373\n|-damage|p2a: Iron Hands|280/373\n|-damage|p2a: Iron Hands|258/373\n|-damage|p2a: Iron Hands|236/373\n|-damage|p2a: Iron Hands|214/373\n|-hitcount|p2a: Iron Hands|5\n|\n|upkeep\n|turn|21\n|inactive|Time left: 300 sec this turn | 300 sec total\n|\n|t:|1783546975\n|move|p1a: Cinccino|Tail Slap|p2a: Iron Hands\n|-damage|p2a: Iron Hands|181/373\n|-damage|p2a: Iron Hands|148/373\n|-crit|p2a: Iron Hands\n|-damage|p2a: Iron Hands|97/373\n|-damage|p2a: Iron Hands|64/373\n|-hitcount|p2a: Iron Hands|4\n|move|p2a: Iron Hands|Close Combat|p1a: Cinccino\n|-supereffective|p1a: Cinccino\n|-damage|p1a: Cinccino|0 fnt\n|-unboost|p2a: Iron Hands|def|1\n|-unboost|p2a: Iron Hands|spd|1\n|faint|p1a: Cinccino\n|\n|upkeep\n|\n|t:|1783546977\n|switch|p1a: Lokix|Lokix, L82, F|100/100\n|turn|22\n|inactive|Time left: 300 sec this turn | 300 sec total\n|\n|t:|1783546978\n|move|p1a: Lokix|U-turn|p2a: Iron Hands\n|-resisted|p2a: Iron Hands\n|-damage|p2a: Iron Hands|0 fnt\n|faint|p2a: Iron Hands\n|-end|p2a: Iron Hands|Quark Drive|[silent]\n|\n|t:|1783546979\n|switch|p1a: Lunala|Lunala, L70, tera:Fairy|25/100|[from] U-turn\n|\n|-heal|p1a: Lunala|31/100|[from] item: Leftovers\n|upkeep\n|inactive|Time left: 300 sec this turn | 300 sec total | 10 sec grace\n|\n|t:|1783546980\n|switch|p2a: Hatterene|Hatterene, L85, F|236/236\n|-damage|p2a: Hatterene|207/236|[from] Spikes\n|turn|23\n|inactive|Time left: 300 sec this turn | 300 sec total\n|\n|t:|1783546981\n|-terastallize|p2a: Hatterene|Fairy\n|move|p1a: Lunala|Moongeist Beam|p2a: Hatterene\n|-damage|p2a: Hatterene|120/236\n|move|p2a: Hatterene|Draining Kiss|p1a: Lunala\n|-damage|p1a: Lunala|0 fnt\n|-heal|p2a: Hatterene|190/236|[from] drain|[of] p1a: Lunala\n|faint|p1a: Lunala\n|\n|-heal|p2a: Hatterene|204/236|[from] item: Leftovers\n|upkeep\n|\n|t:|1783546982\n|switch|p1a: Dialga|Dialga-Origin, L73|100/100\n|-ability|p1a: Dialga|Pressure\n|turn|24\n|inactive|Time left: 300 sec this turn | 300 sec total\n|\n|t:|1783546983\n|move|p1a: Dialga|Heavy Slam|p2a: Hatterene\n|-supereffective|p2a: Hatterene\n|-damage|p2a: Hatterene|0 fnt\n|faint|p2a: Hatterene\n|\n|upkeep\n|inactive|Time left: 300 sec this turn | 300 sec total | 5 sec grace\n|\n|t:|1783546983\n|switch|p2a: Flygon|Flygon, L82, M|45/265\n|turn|25\n|inactive|Time left: 300 sec this turn | 300 sec total\n|\n|t:|1783546985\n|move|p2a: Flygon|Stone Edge|p1a: Dialga\n|-resisted|p1a: Dialga\n|-damage|p1a: Dialga|89/100\n|move|p1a: Dialga|Heavy Slam|p2a: Flygon\n|-damage|p2a: Flygon|0 fnt\n|faint|p2a: Flygon\n|\n|upkeep\n|inactive|Time left: 300 sec this turn | 300 sec total | 5 sec grace\n|\n|t:|1783546986\n|switch|p2a: Crabominable|Crabominable, L90, M|85/321\n|-damage|p2a: Crabominable|45/321|[from] Spikes\n|turn|26\n|inactive|Time left: 300 sec this turn | 300 sec total\n|\n|t:|1783546987\n|move|p1a: Dialga|Heavy Slam|p2a: Crabominable\n|-supereffective|p2a: Crabominable\n|-damage|p2a: Crabominable|0 fnt\n|faint|p2a: Crabominable\n|\n|win|p0x6748bcb", "uploadtime": 1783546987, "views": 0, "rating": 0, "private": 0, "password": null, "_winner": "p0x6748bcb", "_our_name": "p0y67448b5"}