{"id": "battle-gen9randombattle-2727", "formatid": "gen9randombattle", "format": "[Gen 9] Random Battle", "players": ["p0x272704a1", "p0y2727bfa2"], "log": "|init|battle\n|title|p0x272704a1 vs. p0y2727bfa2\n|j|\u2606p0x272704a1\n|j|\u2606p0y2727bfa2\n|t:|1783570426\n|gametype|singles\n|player|p1|p0x272704a1|170|\n|player|p2|p0y2727bfa2|101|\n|gen|9\n|tier|[Gen 9] Random Battle\n|rule|Species Clause: Limit one of each Pok\u00e9mon\n|rule|HP Percentage Mod: HP is shown in percentages\n|rule|Sleep Clause Mod: Limit one foe put to sleep\n|rule|Illusion Level Mod: Illusion disguises the Pok\u00e9mon's true level\n|\n|t:|1783570426\n|teamsize|p1|6\n|teamsize|p2|6\n|start\n|switch|p1a: Wyrdeer|Wyrdeer, L87, M|321/321\n|switch|p2a: Conkeldurr|Conkeldurr, L80, M|100/100\n|-ability|p1a: Wyrdeer|Intimidate|boost\n|-unboost|p2a: Conkeldurr|atk|1\n|turn|1\n|inactive|Battle timer is ON: inactive players will automatically lose when time's up. (requested by p0y2727bfa2)\n|inactive|Time left: 300 sec this turn | 300 sec total | 60 sec grace\n|inactive|p0x272704a1 also wants the timer to be on.\n|\n|t:|1783570428\n|move|p1a: Wyrdeer|Psychic Noise|p2a: Conkeldurr\n|-supereffective|p2a: Conkeldurr\n|-damage|p2a: Conkeldurr|18/100\n|-start|p2a: Conkeldurr|move: Heal Block\n|move|p2a: Conkeldurr|Knock Off|p1a: Wyrdeer\n|-supereffective|p1a: Wyrdeer\n|-damage|p1a: Wyrdeer|189/321\n|-enditem|p1a: Wyrdeer|Leftovers|[from] move: Knock Off|[of] p2a: Conkeldurr\n|\n|-status|p2a: Conkeldurr|brn|[from] item: Flame Orb\n|upkeep\n|turn|2\n|inactive|Time left: 300 sec this turn | 300 sec total\n|\n|t:|1783570429\n|switch|p2a: Porygon2|Porygon2, L81|100/100\n|-ability|p2a: Porygon2|Download|boost\n|-boost|p2a: Porygon2|atk|1\n|move|p1a: Wyrdeer|Psychic Noise|p2a: Porygon2\n|-damage|p2a: Porygon2|78/100\n|-start|p2a: Porygon2|move: Heal Block\n|\n|upkeep\n|turn|3\n|inactive|Time left: 300 sec this turn | 300 sec total\n|\n|t:|1783570430\n|move|p1a: Wyrdeer|Psychic Noise|p2a: Porygon2\n|-damage|p2a: Porygon2|55/100\n|move|p2a: Porygon2|Ice Beam|p1a: Wyrdeer\n|-damage|p1a: Wyrdeer|117/321\n|-status|p1a: Wyrdeer|frz\n|\n|-end|p2a: Porygon2|move: Heal Block\n|upkeep\n|turn|4\n|inactive|Time left: 300 sec this turn | 300 sec total\n|\n|t:|1783570431\n|-curestatus|p1a: Wyrdeer|frz|[msg]\n|move|p1a: Wyrdeer|Megahorn|p2a: Porygon2\n|-damage|p2a: Porygon2|29/100\n|move|p2a: Porygon2|Recover|p2a: Porygon2\n|-heal|p2a: Porygon2|79/100\n|\n|upkeep\n|turn|5\n|inactive|Time left: 300 sec this turn | 300 sec total\n|\n|t:|1783570432\n|move|p1a: Wyrdeer|Psychic Noise|p2a: Porygon2\n|-damage|p2a: Porygon2|56/100\n|-start|p2a: Porygon2|move: Heal Block\n|move|p2a: Porygon2|Ice Beam|p1a: Wyrdeer\n|-damage|p1a: Wyrdeer|51/321\n|\n|upkeep\n|turn|6\n|inactive|Time left: 300 sec this turn | 300 sec total\n|\n|t:|1783570433\n|move|p1a: Wyrdeer|Thunder Wave|p2a: Porygon2\n|-status|p2a: Porygon2|par\n|move|p2a: Porygon2|Ice Beam|p1a: Wyrdeer\n|-damage|p1a: Wyrdeer|0 fnt\n|faint|p1a: Wyrdeer\n|\n|-end|p2a: Porygon2|move: Heal Block\n|upkeep\n|inactive|Time left: 300 sec this turn | 300 sec total | 5 sec grace\n|\n|t:|1783570434\n|switch|p1a: Meganium|Meganium, L90, M|290/290\n|turn|7\n|inactive|Time left: 300 sec this turn | 300 sec total\n|\n|t:|1783570435\n|move|p1a: Meganium|Swords Dance|p1a: Meganium\n|-boost|p1a: Meganium|atk|2\n|move|p2a: Porygon2|Ice Beam|p1a: Meganium\n|-supereffective|p1a: Meganium\n|-damage|p1a: Meganium|176/290\n|\n|-heal|p1a: Meganium|194/290|[from] item: Leftovers\n|upkeep\n|turn|8\n|inactive|Time left: 300 sec this turn | 300 sec total\n|\n|t:|1783570436\n|move|p1a: Meganium|Knock Off|p2a: Porygon2\n|-damage|p2a: Porygon2|19/100 par\n|-enditem|p2a: Porygon2|Eviolite|[from] move: Knock Off|[of] p1a: Meganium\n|cant|p2a: Porygon2|par\n|\n|-heal|p1a: Meganium|212/290|[from] item: Leftovers\n|upkeep\n|turn|9\n|inactive|Time left: 300 sec this turn | 300 sec total\n|\n|t:|1783570438\n|move|p1a: Meganium|Knock Off|p2a: Porygon2\n|-damage|p2a: Porygon2|0 fnt\n|faint|p2a: Porygon2\n|\n|-heal|p1a: Meganium|230/290|[from] item: Leftovers\n|upkeep\n|\n|t:|1783570439\n|switch|p2a: Gliscor|Gliscor, L76, F|100/100\n|turn|10\n|inactive|Time left: 300 sec this turn | 300 sec total\n|\n|t:|1783570440\n|move|p2a: Gliscor|Protect|p2a: Gliscor\n|-singleturn|p2a: Gliscor|Protect\n|move|p1a: Meganium|Knock Off|p2a: Gliscor\n|-activate|p2a: Gliscor|move: Protect\n|\n|-heal|p1a: Meganium|248/290|[from] item: Leftovers\n|-status|p2a: Gliscor|tox|[from] item: Toxic Orb\n|upkeep\n|turn|11\n|inactive|Time left: 300 sec this turn | 300 sec total\n|\n|t:|1783570441\n|move|p1a: Meganium|Petal Blizzard|p2a: Gliscor\n|-damage|p2a: Gliscor|28/100 tox\n|move|p2a: Gliscor|Toxic|p1a: Meganium\n|-status|p1a: Meganium|tox\n|\n|-heal|p1a: Meganium|266/290 tox|[from] item: Leftovers\n|-damage|p1a: Meganium|248/290 tox|[from] psn\n|-heal|p2a: Gliscor|40/100 tox|[from] ability: Poison Heal\n|upkeep\n|turn|12\n|inactive|Time left: 300 sec this turn | 300 sec total\n|\n|t:|1783570442\n|move|p2a: Gliscor|Protect|p2a: Gliscor\n|-singleturn|p2a: Gliscor|Protect\n|move|p1a: Meganium|Knock Off|p2a: Gliscor\n|-activate|p2a: Gliscor|move: Protect\n|\n|-heal|p1a: Meganium|266/290 tox|[from] item: Leftovers\n|-damage|p1a: Meganium|230/290 tox|[from] psn\n|-heal|p2a: Gliscor|52/100 tox|[from] ability: Poison Heal\n|upkeep\n|turn|13\n|inactive|Time left: 300 sec this turn | 300 sec total\n|\n|t:|1783570443\n|move|p2a: Gliscor|Protect||[still]\n|-fail|p2a: Gliscor\n|move|p1a: Meganium|Petal Blizzard|p2a: Gliscor\n|-damage|p2a: Gliscor|0 fnt\n|faint|p2a: Gliscor\n|\n|-heal|p1a: Meganium|248/290 tox|[from] item: Leftovers\n|-damage|p1a: Meganium|194/290 tox|[from] psn\n|upkeep\n|\n|t:|1783570444\n|switch|p2a: Falinks|Falinks, L84|100/100\n|turn|14\n|inactive|Time left: 300 sec this turn | 300 sec total\n|\n|t:|1783570445\n|move|p1a: Meganium|Petal Blizzard|p2a: Falinks\n|-damage|p2a: Falinks|31/100\n|move|p2a: Falinks|No Retreat|p2a: Falinks\n|-boost|p2a: Falinks|atk|1\n|-boost|p2a: Falinks|def|1\n|-boost|p2a: Falinks|spa|1\n|-boost|p2a: Falinks|spd|1\n|-boost|p2a: Falinks|spe|1\n|-start|p2a: Falinks|move: No Retreat\n|\n|-heal|p1a: Meganium|212/290 tox|[from] item: Leftovers\n|-damage|p1a: Meganium|140/290 tox|[from] psn\n|upkeep\n|turn|15\n|inactive|Time left: 300 sec this turn | 300 sec total\n|\n|t:|1783570446\n|switch|p1a: Hippowdon|Hippowdon, L82, F|311/311\n|-weather|Sandstorm|[from] ability: Sand Stream|[of] p1a: Hippowdon\n|move|p2a: Falinks|Close Combat|p1a: Hippowdon\n|-damage|p1a: Hippowdon|124/311\n|-unboost|p2a: Falinks|def|1\n|-unboost|p2a: Falinks|spd|1\n|-damage|p2a: Falinks|21/100|[from] item: Life Orb\n|\n|-weather|Sandstorm|[upkeep]\n|-damage|p2a: Falinks|15/100|[from] Sandstorm\n|-heal|p1a: Hippowdon|143/311|[from] item: Leftovers\n|upkeep\n|turn|16\n|inactive|Time left: 300 sec this turn | 300 sec total\n|\n|t:|1783570447\n|switch|p1a: Meganium|Meganium, L90, M|140/290 tox\n|-terastallize|p2a: Falinks|Steel\n|move|p2a: Falinks|Close Combat|p1a: Meganium\n|-damage|p1a: Meganium|0 fnt\n|-unboost|p2a: Falinks|def|1\n|-unboost|p2a: Falinks|spd|1\n|faint|p1a: Meganium\n|-damage|p2a: Falinks|5/100|[from] item: Life Orb\n|\n|-weather|Sandstorm|[upkeep]\n|upkeep\n|inactive|Time left: 300 sec this turn | 300 sec total | 5 sec grace\n|\n|t:|1783570448\n|switch|p1a: Empoleon|Empoleon, L84, M|278/278\n|turn|17\n|inactive|Time left: 300 sec this turn | 300 sec total\n|\n|t:|1783570448\n|-terastallize|p1a: Empoleon|Flying\n|move|p2a: Falinks|Close Combat|p1a: Empoleon\n|-resisted|p1a: Empoleon\n|-damage|p1a: Empoleon|162/278\n|-unboost|p2a: Falinks|def|1\n|-unboost|p2a: Falinks|spd|1\n|-damage|p2a: Falinks|0 fnt|[from] item: Life Orb\n|faint|p2a: Falinks\n|move|p1a: Empoleon|Roost|p1a: Empoleon\n|-heal|p1a: Empoleon|278/278\n|-hint|If a Terastallized Pokemon uses Roost, it remains Flying-type.\n|\n|-weather|Sandstorm|[upkeep]\n|-damage|p1a: Empoleon|261/278|[from] Sandstorm\n|-heal|p1a: Empoleon|278/278|[from] item: Leftovers\n|upkeep\n|\n|t:|1783570449\n|switch|p2a: Cloyster|Cloyster, L80, M|100/100\n|turn|18\n|inactive|Time left: 300 sec this turn | 300 sec total\n|\n|t:|1783570450\n|switch|p1a: Probopass|Probopass, L91, F|257/257\n|move|p2a: Cloyster|Icicle Spear|p1a: Probopass\n|-resisted|p1a: Probopass\n|-damage|p1a: Probopass|249/257\n|-resisted|p1a: Probopass\n|-damage|p1a: Probopass|242/257\n|-resisted|p1a: Probopass\n|-damage|p1a: Probopass|235/257\n|-resisted|p1a: Probopass\n|-damage|p1a: Probopass|227/257\n|-resisted|p1a: Probopass\n|-damage|p1a: Probopass|220/257\n|-hitcount|p1a: Probopass|5\n|\n|-weather|Sandstorm|[upkeep]\n|-damage|p2a: Cloyster|94/100|[from] Sandstorm\n|-heal|p1a: Probopass|236/257|[from] item: Leftovers\n|upkeep\n|turn|19\n|inactive|Time left: 300 sec this turn | 300 sec total\n|\n|t:|1783570450\n|switch|p2a: Palkia|Palkia, L75|100/100\n|-ability|p2a: Palkia|Pressure\n|move|p1a: Probopass|Power Gem|p2a: Palkia\n|-damage|p2a: Palkia|74/100\n|\n|-weather|none\n|-heal|p1a: Probopass|252/257|[from] item: Leftovers\n|upkeep\n|turn|20\n|inactive|Time left: 300 sec this turn | 300 sec total\n|\n|t:|1783570451\n|move|p2a: Palkia|Hydro Pump|p1a: Probopass\n|-supereffective|p1a: Probopass\n|-damage|p1a: Probopass|100/257\n|move|p1a: Probopass|Power Gem|p2a: Palkia\n|-damage|p2a: Palkia|46/100\n|\n|-heal|p1a: Probopass|116/257|[from] item: Leftovers\n|upkeep\n|turn|21\n|inactive|Time left: 300 sec this turn | 300 sec total\n|\n|t:|1783570452\n|switch|p1a: Tatsugiri|Tatsugiri, L87, M|260/260\n|move|p2a: Palkia|Hydro Pump|p1a: Tatsugiri\n|-ability|p1a: Tatsugiri|Storm Drain|boost\n|-boost|p1a: Tatsugiri|spa|1\n|\n|upkeep\n|turn|22\n|inactive|Time left: 300 sec this turn | 300 sec total\n|\n|t:|1783570453\n|switch|p2a: Conkeldurr|Conkeldurr, L80, M|18/100 brn\n|switch|p1a: Probopass|Probopass, L91, F|116/257\n|\n|-heal|p1a: Probopass|132/257|[from] item: Leftovers\n|-damage|p2a: Conkeldurr|12/100 brn|[from] brn\n|upkeep\n|turn|23\n|inactive|Time left: 300 sec this turn | 300 sec total\n|\n|t:|1783570454\n|switch|p1a: Empoleon|Empoleon, L84, M, tera:Flying|278/278\n|move|p2a: Conkeldurr|Mach Punch|p1a: Empoleon\n|-resisted|p1a: Empoleon\n|-damage|p1a: Empoleon|237/278\n|\n|-heal|p1a: Empoleon|254/278|[from] item: Leftovers\n|-damage|p2a: Conkeldurr|6/100 brn|[from] brn\n|upkeep\n|turn|24\n|inactive|Time left: 300 sec this turn | 300 sec total\n|\n|t:|1783570455\n|switch|p1a: Hippowdon|Hippowdon, L82, F|143/311\n|-weather|Sandstorm|[from] ability: Sand Stream|[of] p1a: Hippowdon\n|move|p2a: Conkeldurr|Close Combat|p1a: Hippowdon\n|-damage|p1a: Hippowdon|0 fnt\n|-unboost|p2a: Conkeldurr|def|1\n|-unboost|p2a: Conkeldurr|spd|1\n|faint|p1a: Hippowdon\n|\n|-weather|Sandstorm|[upkeep]\n|-damage|p2a: Conkeldurr|0 fnt|[from] Sandstorm\n|faint|p2a: Conkeldurr\n|upkeep\n|inactive|Time left: 300 sec this turn | 300 sec total | 5 sec grace\n|\n|t:|1783570455\n|switch|p1a: Tatsugiri|Tatsugiri, L87, M|260/260\n|switch|p2a: Palkia|Palkia, L75|46/100\n|-ability|p2a: Palkia|Pressure\n|turn|25\n|inactive|Time left: 300 sec this turn | 300 sec total\n|\n|t:|1783570456\n|switch|p1a: Probopass|Probopass, L91, F|132/257\n|move|p2a: Palkia|Hydro Pump|p1a: Probopass\n|-supereffective|p1a: Probopass\n|-damage|p1a: Probopass|24/257\n|\n|-weather|Sandstorm|[upkeep]\n|-damage|p2a: Palkia|39/100|[from] Sandstorm\n|-heal|p1a: Probopass|40/257|[from] item: Leftovers\n|upkeep\n|turn|26\n|inactive|Time left: 300 sec this turn | 300 sec total\n|\n|t:|1783570457\n|move|p2a: Palkia|Hydro Pump|p1a: Probopass\n|-supereffective|p1a: Probopass\n|-damage|p1a: Probopass|0 fnt\n|faint|p1a: Probopass\n|\n|-weather|Sandstorm|[upkeep]\n|-damage|p2a: Palkia|33/100|[from] Sandstorm\n|upkeep\n|inactive|Time left: 300 sec this turn | 300 sec total | 5 sec grace\n|\n|t:|1783570458\n|switch|p1a: Tatsugiri|Tatsugiri, L87, M|260/260\n|turn|27\n|inactive|Time left: 300 sec this turn | 300 sec total\n|\n|t:|1783570459\n|switch|p2a: Cloyster|Cloyster, L80, M|94/100\n|move|p1a: Tatsugiri|Nasty Plot|p1a: Tatsugiri\n|-boost|p1a: Tatsugiri|spa|2\n|\n|-weather|Sandstorm|[upkeep]\n|-damage|p1a: Tatsugiri|244/260|[from] Sandstorm\n|-damage|p2a: Cloyster|88/100|[from] Sandstorm\n|upkeep\n|turn|28\n|inactive|Time left: 300 sec this turn | 300 sec total\n|\n|t:|1783570461\n|move|p1a: Tatsugiri|Draco Meteor|p2a: Cloyster\n|-damage|p2a: Cloyster|0 fnt\n|-unboost|p1a: Tatsugiri|spa|2\n|faint|p2a: Cloyster\n|\n|-weather|none\n|upkeep\n|\n|t:|1783570461\n|switch|p2a: Palkia|Palkia, L75|33/100\n|-ability|p2a: Palkia|Pressure\n|turn|29\n|inactive|Time left: 300 sec this turn | 300 sec total\n|\n|t:|1783570462\n|move|p2a: Palkia|Spacial Rend|p1a: Tatsugiri\n|-supereffective|p1a: Tatsugiri\n|-crit|p1a: Tatsugiri\n|-damage|p1a: Tatsugiri|0 fnt\n|faint|p1a: Tatsugiri\n|\n|upkeep\n|inactive|Time left: 300 sec this turn | 300 sec total | 5 sec grace\n|\n|t:|1783570463\n|switch|p1a: Empoleon|Empoleon, L84, M, tera:Flying|254/278\n|turn|30\n|inactive|Time left: 300 sec this turn | 300 sec total\n|\n|t:|1783570464\n|move|p2a: Palkia|Spacial Rend|p1a: Empoleon\n|-damage|p1a: Empoleon|149/278\n|move|p1a: Empoleon|Roost|p1a: Empoleon\n|-heal|p1a: Empoleon|278/278\n|-hint|If a Terastallized Pokemon uses Roost, it remains Flying-type.\n|\n|upkeep\n|turn|31\n|inactive|Time left: 300 sec this turn | 300 sec total\n|\n|t:|1783570465\n|move|p2a: Palkia|Spacial Rend|p1a: Empoleon\n|-damage|p1a: Empoleon|170/278\n|move|p1a: Empoleon|Ice Beam|p2a: Palkia\n|-damage|p2a: Palkia|9/100\n|\n|-heal|p1a: Empoleon|187/278|[from] item: Leftovers\n|upkeep\n|turn|32\n|inactive|Time left: 300 sec this turn | 300 sec total\n|\n|t:|1783570466\n|move|p2a: Palkia|Spacial Rend|p1a: Empoleon\n|-damage|p1a: Empoleon|73/278\n|move|p1a: Empoleon|Ice Beam|p2a: Palkia\n|-damage|p2a: Palkia|0 fnt\n|faint|p2a: Palkia\n|\n|win|p0x272704a1", "uploadtime": 1783570466, "views": 0, "rating": 0, "private": 0, "password": null, "_winner": "p0x272704a1", "_our_name": "p0x272704a1"}