{"id": "battle-gen9randombattle-2384", "formatid": "gen9randombattle", "format": "[Gen 9] Random Battle", "players": ["p0x238411ee", "p0y2384b6a6"], "log": "|init|battle\n|title|p0x238411ee vs. p0y2384b6a6\n|j|\u2606p0x238411ee\n|j|\u2606p0y2384b6a6\n|t:|1783567677\n|gametype|singles\n|player|p1|p0x238411ee|2|\n|player|p2|p0y2384b6a6|266|\n|gen|9\n|tier|[Gen 9] Random Battle\n|rule|Species Clause: Limit one of each Pok\u00e9mon\n|rule|HP Percentage Mod: HP is shown in percentages\n|rule|Sleep Clause Mod: Limit one foe put to sleep\n|rule|Illusion Level Mod: Illusion disguises the Pok\u00e9mon's true level\n|\n|t:|1783567677\n|teamsize|p1|6\n|teamsize|p2|6\n|start\n|switch|p1a: Mudsdale|Mudsdale, L83, F|100/100\n|switch|p2a: Krookodile|Krookodile, L79, F|280/280\n|-ability|p2a: Krookodile|Intimidate|boost\n|-unboost|p1a: Mudsdale|atk|1\n|turn|1\n|inactive|Battle timer is ON: inactive players will automatically lose when time's up. (requested by p0x238411ee)\n|inactive|Time left: 300 sec this turn | 300 sec total | 60 sec grace\n|inactive|p0y2384b6a6 also wants the timer to be on.\n|\n|t:|1783567679\n|move|p2a: Krookodile|Stealth Rock|p1a: Mudsdale\n|-sidestart|p1: p0x238411ee|move: Stealth Rock\n|move|p1a: Mudsdale|Heavy Slam|p2a: Krookodile\n|-damage|p2a: Krookodile|207/280\n|\n|upkeep\n|turn|2\n|inactive|Time left: 300 sec this turn | 300 sec total\n|\n|t:|1783567680\n|move|p2a: Krookodile|Knock Off|p1a: Mudsdale\n|-damage|p1a: Mudsdale|56/100\n|-ability|p1a: Mudsdale|Stamina|boost\n|-boost|p1a: Mudsdale|def|1\n|-enditem|p1a: Mudsdale|Leftovers|[from] move: Knock Off|[of] p2a: Krookodile\n|-damage|p2a: Krookodile|179/280|[from] item: Life Orb\n|move|p1a: Mudsdale|Earthquake|p2a: Krookodile\n|-damage|p2a: Krookodile|77/280\n|\n|upkeep\n|turn|3\n|inactive|Time left: 300 sec this turn | 300 sec total\n|\n|t:|1783567680\n|move|p2a: Krookodile|Earthquake|p1a: Mudsdale\n|-damage|p1a: Mudsdale|29/100\n|-ability|p1a: Mudsdale|Stamina|boost\n|-boost|p1a: Mudsdale|def|1\n|-damage|p2a: Krookodile|49/280|[from] item: Life Orb\n|move|p1a: Mudsdale|Earthquake|p2a: Krookodile\n|-damage|p2a: Krookodile|0 fnt\n|faint|p2a: Krookodile\n|\n|upkeep\n|inactive|Time left: 300 sec this turn | 300 sec total | 5 sec grace\n|\n|t:|1783567681\n|switch|p2a: Polteageist|Polteageist-Antique, L78|222/222\n|turn|4\n|inactive|Time left: 300 sec this turn | 300 sec total\n|\n|t:|1783567682\n|move|p2a: Polteageist|Shell Smash|p2a: Polteageist\n|-unboost|p2a: Polteageist|def|1\n|-unboost|p2a: Polteageist|spd|1\n|-boost|p2a: Polteageist|atk|2\n|-boost|p2a: Polteageist|spa|2\n|-boost|p2a: Polteageist|spe|2\n|-enditem|p2a: Polteageist|White Herb\n|-clearnegativeboost|p2a: Polteageist|[silent]\n|move|p1a: Mudsdale|Roar|p2a: Polteageist\n|drag|p2a: Mimikyu|Mimikyu, L79, F|216/216\n|\n|upkeep\n|turn|5\n|inactive|Time left: 300 sec this turn | 300 sec total\n|\n|t:|1783567683\n|switch|p2a: Perrserker|Perrserker, L89, M|269/269\n|move|p1a: Mudsdale|Heavy Slam|p2a: Perrserker\n|-resisted|p2a: Perrserker\n|-damage|p2a: Perrserker|239/269\n|\n|upkeep\n|turn|6\n|inactive|Time left: 300 sec this turn | 300 sec total\n|\n|t:|1783567684\n|move|p2a: Perrserker|Close Combat|p1a: Mudsdale\n|-damage|p1a: Mudsdale|0 fnt\n|-unboost|p2a: Perrserker|def|1\n|-unboost|p2a: Perrserker|spd|1\n|faint|p1a: Mudsdale\n|\n|upkeep\n|\n|t:|1783567685\n|switch|p1a: Flamigo|Flamigo, L82, M|100/100\n|-damage|p1a: Flamigo|88/100|[from] Stealth Rock\n|turn|7\n|inactive|Time left: 300 sec this turn | 300 sec total\n|\n|t:|1783567686\n|switch|p2a: Mimikyu|Mimikyu, L79, F|216/216\n|move|p1a: Flamigo|Close Combat|p2a: Mimikyu\n|-activate|p2a: Mimikyu|ability: Disguise\n|-damage|p2a: Mimikyu|216/216\n|-unboost|p1a: Flamigo|def|1\n|-unboost|p1a: Flamigo|spd|1\n|detailschange|p2a: Mimikyu|Mimikyu-Busted, L79, F\n|-damage|p2a: Mimikyu|189/216|[from] pokemon: Mimikyu-Busted\n|\n|upkeep\n|turn|8\n|inactive|Time left: 300 sec this turn | 300 sec total\n|\n|t:|1783567687\n|switch|p1a: Pincurchin|Pincurchin, F|100/100\n|-damage|p1a: Pincurchin|88/100|[from] Stealth Rock\n|-fieldstart|move: Electric Terrain|[from] ability: Electric Surge|[of] p1a: Pincurchin\n|move|p2a: Mimikyu|Play Rough|p1a: Pincurchin\n|-damage|p1a: Pincurchin|55/100\n|-damage|p2a: Mimikyu|168/216|[from] item: Life Orb\n|\n|-heal|p1a: Pincurchin|61/100|[from] item: Leftovers\n|upkeep\n|turn|9\n|inactive|Time left: 300 sec this turn | 300 sec total\n|\n|t:|1783567688\n|switch|p2a: Perrserker|Perrserker, L89, M|239/269\n|move|p1a: Pincurchin|Thunderbolt|p2a: Perrserker\n|-damage|p2a: Perrserker|28/269\n|\n|-heal|p1a: Pincurchin|67/100|[from] item: Leftovers\n|upkeep\n|turn|10\n|inactive|Time left: 300 sec this turn | 300 sec total\n|\n|t:|1783567689\n|move|p2a: Perrserker|Close Combat|p1a: Pincurchin\n|-damage|p1a: Pincurchin|3/100\n|-unboost|p2a: Perrserker|def|1\n|-unboost|p2a: Perrserker|spd|1\n|move|p1a: Pincurchin|Scald|p2a: Perrserker\n|-damage|p2a: Perrserker|0 fnt\n|faint|p2a: Perrserker\n|\n|-heal|p1a: Pincurchin|9/100|[from] item: Leftovers\n|upkeep\n|inactive|Time left: 300 sec this turn | 300 sec total | 5 sec grace\n|\n|t:|1783567690\n|switch|p2a: Iron Thorns|Iron Thorns, L83|302/302\n|-activate|p2a: Iron Thorns|ability: Quark Drive\n|-start|p2a: Iron Thorns|quarkdriveatk\n|turn|11\n|inactive|Time left: 300 sec this turn | 300 sec total\n|\n|t:|1783567691\n|move|p2a: Iron Thorns|Wild Charge|p1a: Pincurchin\n|-resisted|p1a: Pincurchin\n|-damage|p1a: Pincurchin|0 fnt\n|faint|p1a: Pincurchin\n|-damage|p2a: Iron Thorns|296/302|[from] Recoil\n|\n|upkeep\n|\n|t:|1783567692\n|switch|p1a: Stantler|Stantler, L92, M|100/100\n|-damage|p1a: Stantler|88/100|[from] Stealth Rock\n|-ability|p1a: Stantler|Intimidate|boost\n|-unboost|p2a: Iron Thorns|atk|1\n|turn|12\n|inactive|Time left: 300 sec this turn | 300 sec total\n|\n|t:|1783567693\n|move|p1a: Stantler|Earthquake|p2a: Iron Thorns\n|-supereffective|p2a: Iron Thorns\n|-damage|p2a: Iron Thorns|4/302\n|move|p2a: Iron Thorns|Volt Switch|p1a: Stantler\n|-damage|p1a: Stantler|67/100\n|inactive|Time left: 300 sec this turn | 300 sec total | 5 sec grace\n|\n|t:|1783567694\n|-end|p2a: Iron Thorns|Quark Drive|[silent]\n|switch|p2a: Polteageist|Polteageist-Antique, L78|222/222|[from] Volt Switch\n|\n|-fieldend|move: Electric Terrain\n|upkeep\n|turn|13\n|inactive|Time left: 300 sec this turn | 300 sec total\n|\n|t:|1783567695\n|move|p1a: Stantler|Thunder Wave|p2a: Polteageist\n|-status|p2a: Polteageist|par\n|move|p2a: Polteageist|Shell Smash|p2a: Polteageist\n|-unboost|p2a: Polteageist|def|1\n|-unboost|p2a: Polteageist|spd|1\n|-boost|p2a: Polteageist|atk|2\n|-boost|p2a: Polteageist|spa|2\n|-boost|p2a: Polteageist|spe|2\n|\n|upkeep\n|turn|14\n|inactive|Time left: 300 sec this turn | 300 sec total\n|\n|t:|1783567696\n|move|p1a: Stantler|Throat Chop|p2a: Polteageist\n|-supereffective|p2a: Polteageist\n|-damage|p2a: Polteageist|0 fnt\n|faint|p2a: Polteageist\n|\n|upkeep\n|inactive|Time left: 300 sec this turn | 300 sec total | 5 sec grace\n|\n|t:|1783567697\n|switch|p2a: Deoxys|Deoxys-Attack, L72|191/191\n|-ability|p2a: Deoxys|Pressure\n|turn|15\n|inactive|Time left: 300 sec this turn | 300 sec total\n|\n|t:|1783567697\n|move|p2a: Deoxys|Psycho Boost|p1a: Stantler\n|-damage|p1a: Stantler|3/100\n|-unboost|p2a: Deoxys|spa|2\n|-damage|p2a: Deoxys|172/191|[from] item: Life Orb\n|move|p1a: Stantler|Earthquake|p2a: Deoxys\n|-crit|p2a: Deoxys\n|-damage|p2a: Deoxys|0 fnt\n|faint|p2a: Deoxys\n|\n|upkeep\n|inactive|Time left: 300 sec this turn | 300 sec total | 5 sec grace\n|\n|t:|1783567698\n|switch|p2a: Mimikyu|Mimikyu-Busted, L79, F|168/216\n|turn|16\n|inactive|Time left: 300 sec this turn | 300 sec total\n|\n|t:|1783567699\n|move|p1a: Stantler|Earthquake|p2a: Mimikyu\n|-damage|p2a: Mimikyu|73/216\n|move|p2a: Mimikyu|Drain Punch|p1a: Stantler\n|-supereffective|p1a: Stantler\n|-damage|p1a: Stantler|0 fnt\n|-heal|p2a: Mimikyu|77/216|[from] drain|[of] p1a: Stantler\n|faint|p1a: Stantler\n|-damage|p2a: Mimikyu|56/216|[from] item: Life Orb\n|\n|upkeep\n|\n|t:|1783567700\n|switch|p1a: Ambipom|Ambipom, L84, F|100/100\n|-damage|p1a: Ambipom|88/100|[from] Stealth Rock\n|turn|17\n|inactive|Time left: 300 sec this turn | 300 sec total\n|\n|t:|1783567701\n|-terastallize|p2a: Mimikyu|Fighting\n|move|p1a: Ambipom|Knock Off|p2a: Mimikyu\n|-resisted|p2a: Mimikyu\n|-damage|p2a: Mimikyu|0 fnt\n|-enditem|p2a: Mimikyu|Life Orb|[from] move: Knock Off|[of] p1a: Ambipom\n|faint|p2a: Mimikyu\n|\n|upkeep\n|inactive|Time left: 300 sec this turn | 300 sec total | 5 sec grace\n|\n|t:|1783567702\n|switch|p2a: Iron Thorns|Iron Thorns, L83|4/302\n|turn|18\n|inactive|Time left: 300 sec this turn | 300 sec total\n|\n|t:|1783567703\n|-terastallize|p1a: Ambipom|Ice\n|move|p1a: Ambipom|Knock Off|p2a: Iron Thorns\n|-damage|p2a: Iron Thorns|0 fnt\n|-enditem|p2a: Iron Thorns|Heavy-Duty Boots|[from] move: Knock Off|[of] p1a: Ambipom\n|faint|p2a: Iron Thorns\n|-end|p2a: Iron Thorns|Quark Drive|[silent]\n|\n|win|p0x238411ee", "uploadtime": 1783567703, "views": 0, "rating": 0, "private": 0, "password": null, "_winner": "p0x238411ee", "_our_name": "p0y2384b6a6"}