{"id": "battle-gen9randombattle-1681", "formatid": "gen9randombattle", "format": "[Gen 9] Random Battle", "players": ["p0x1681db30", "p0y16814ca8"], "log": "|init|battle\n|title|p0x1681db30 vs. p0y16814ca8\n|j|\u2606p0x1681db30\n|j|\u2606p0y16814ca8\n|t:|1783558723\n|gametype|singles\n|player|p1|p0x1681db30|102|\n|player|p2|p0y16814ca8|102|\n|gen|9\n|tier|[Gen 9] Random Battle\n|rule|Species Clause: Limit one of each Pok\u00e9mon\n|rule|HP Percentage Mod: HP is shown in percentages\n|rule|Sleep Clause Mod: Limit one foe put to sleep\n|rule|Illusion Level Mod: Illusion disguises the Pok\u00e9mon's true level\n|\n|t:|1783558723\n|teamsize|p1|6\n|teamsize|p2|6\n|start\n|switch|p1a: Latios|Latios, L78, M|100/100\n|switch|p2a: Hariyama|Hariyama, L87, F|392/392\n|turn|1\n|inactive|Battle timer is ON: inactive players will automatically lose when time's up. (requested by p0y16814ca8)\n|inactive|p0x1681db30 also wants the timer to be on.\n|\n|t:|1783558724\n|-terastallize|p2a: Hariyama|Normal\n|move|p1a: Latios|Luster Purge|p2a: Hariyama\n|-damage|p2a: Hariyama|187/392\n|-unboost|p2a: Hariyama|spd|1\n|move|p2a: Hariyama|Knock Off|p1a: Latios\n|-supereffective|p1a: Latios\n|-damage|p1a: Latios|21/100\n|-enditem|p1a: Latios|Choice Specs|[from] move: Knock Off|[of] p2a: Hariyama\n|\n|-status|p2a: Hariyama|brn|[from] item: Flame Orb\n|upkeep\n|turn|2\n|inactive|Time left: 300 sec this turn | 300 sec total\n|\n|t:|1783558725\n|move|p2a: Hariyama|Bullet Punch|p1a: Latios\n|-damage|p1a: Latios|0 fnt\n|faint|p1a: Latios\n|\n|-damage|p2a: Hariyama|163/392 brn|[from] brn\n|upkeep\n|\n|t:|1783558726\n|switch|p1a: Mienshao|Mienshao, L83, F|100/100\n|turn|3\n|inactive|Time left: 300 sec this turn | 300 sec total\n|\n|t:|1783558727\n|switch|p2a: Falinks|Falinks, L84|246/246\n|move|p1a: Mienshao|High Jump Kick|p2a: Falinks\n|-damage|p2a: Falinks|0 fnt\n|faint|p2a: Falinks\n|\n|upkeep\n|inactive|Time left: 300 sec this turn | 300 sec total | 5 sec grace\n|\n|t:|1783558727\n|switch|p2a: Rotom|Rotom, L88|231/231\n|turn|4\n|inactive|Time left: 300 sec this turn | 300 sec total\n|\n|t:|1783558728\n|switch|p1a: Volcarona|Volcarona, L77, F|100/100\n|move|p2a: Rotom|Nasty Plot|p2a: Rotom\n|-boost|p2a: Rotom|spa|2\n|\n|upkeep\n|turn|5\n|inactive|Time left: 300 sec this turn | 300 sec total\n|\n|t:|1783558729\n|-terastallize|p1a: Volcarona|Grass\n|move|p2a: Rotom|Shadow Ball|p1a: Volcarona\n|-damage|p1a: Volcarona|5/100\n|-damage|p2a: Rotom|208/231|[from] item: Life Orb\n|move|p1a: Volcarona|Quiver Dance|p1a: Volcarona\n|-boost|p1a: Volcarona|spa|1\n|-boost|p1a: Volcarona|spd|1\n|-boost|p1a: Volcarona|spe|1\n|\n|upkeep\n|turn|6\n|inactive|Time left: 300 sec this turn | 300 sec total\n|\n|t:|1783558730\n|move|p1a: Volcarona|Giga Drain|p2a: Rotom\n|-damage|p2a: Rotom|66/231\n|-heal|p1a: Volcarona|32/100|[from] drain|[of] p2a: Rotom\n|move|p2a: Rotom|Shadow Ball|p1a: Volcarona\n|-damage|p1a: Volcarona|0 fnt\n|faint|p1a: Volcarona\n|-damage|p2a: Rotom|43/231|[from] item: Life Orb\n|\n|upkeep\n|\n|t:|1783558731\n|switch|p1a: Mienshao|Mienshao, L83, F|100/100\n|turn|7\n|inactive|Time left: 300 sec this turn | 300 sec total\n|\n|t:|1783558732\n|move|p1a: Mienshao|Knock Off|p2a: Rotom\n|-supereffective|p2a: Rotom\n|-damage|p2a: Rotom|0 fnt\n|-enditem|p2a: Rotom|Life Orb|[from] move: Knock Off|[of] p1a: Mienshao\n|faint|p2a: Rotom\n|\n|upkeep\n|inactive|Time left: 300 sec this turn | 300 sec total | 5 sec grace\n|\n|t:|1783558733\n|switch|p2a: Minior|Minior, L79|224/224\n|-formechange|p2a: Minior|Minior-Meteor||[from] ability: Shields Down\n|turn|8\n|inactive|Time left: 300 sec this turn | 300 sec total\n|\n|t:|1783558734\n|switch|p1a: Calyrex|Calyrex-Ice, L72|100/100\n|-ability|p1a: Calyrex|As One\n|-ability|p1a: Calyrex|Unnerve\n|move|p2a: Minior|Shell Smash|p2a: Minior\n|-unboost|p2a: Minior|def|1\n|-unboost|p2a: Minior|spd|1\n|-boost|p2a: Minior|atk|2\n|-boost|p2a: Minior|spa|2\n|-boost|p2a: Minior|spe|2\n|-enditem|p2a: Minior|White Herb\n|-clearnegativeboost|p2a: Minior|[silent]\n|\n|upkeep\n|turn|9\n|inactive|Time left: 300 sec this turn | 300 sec total\n|\n|t:|1783558735\n|move|p2a: Minior|Power Gem|p1a: Calyrex\n|-supereffective|p1a: Calyrex\n|-damage|p1a: Calyrex|37/100\n|move|p1a: Calyrex|Glacial Lance|p2a: Minior\n|-supereffective|p2a: Minior\n|-damage|p2a: Minior|0 fnt\n|faint|p2a: Minior\n|-ability|p1a: Calyrex|Chilling Neigh|boost\n|-boost|p1a: Calyrex|atk|1\n|\n|upkeep\n|inactive|Time left: 300 sec this turn | 300 sec total | 5 sec grace\n|\n|t:|1783558736\n|switch|p2a: Porygon-Z|Porygon-Z, L83|277/277\n|turn|10\n|inactive|Time left: 300 sec this turn | 300 sec total\n|\n|t:|1783558738\n|move|p2a: Porygon-Z|Tera Blast|p1a: Calyrex\n|-damage|p1a: Calyrex|0 fnt\n|faint|p1a: Calyrex\n|-damage|p2a: Porygon-Z|250/277|[from] item: Life Orb\n|\n|upkeep\n|\n|t:|1783558738\n|switch|p1a: Mienshao|Mienshao, L83, F|100/100\n|turn|11\n|inactive|Time left: 300 sec this turn | 300 sec total\n|\n|t:|1783558739\n|move|p1a: Mienshao|High Jump Kick|p2a: Porygon-Z\n|-supereffective|p2a: Porygon-Z\n|-damage|p2a: Porygon-Z|0 fnt\n|faint|p2a: Porygon-Z\n|\n|upkeep\n|inactive|Time left: 300 sec this turn | 300 sec total | 5 sec grace\n|\n|t:|1783558740\n|switch|p2a: Hariyama|Hariyama, L87, F, tera:Normal|163/392 brn\n|turn|12\n|inactive|Time left: 300 sec this turn | 300 sec total\n|\n|t:|1783558741\n|move|p1a: Mienshao|High Jump Kick|p2a: Hariyama\n|-supereffective|p2a: Hariyama\n|-damage|p2a: Hariyama|0 fnt\n|faint|p2a: Hariyama\n|\n|upkeep\n|inactive|Time left: 300 sec this turn | 300 sec total | 5 sec grace\n|\n|t:|1783558742\n|switch|p2a: Delibird|Delibird, F|252/252\n|turn|13\n|inactive|Time left: 300 sec this turn | 300 sec total\n|\n|t:|1783558743\n|move|p1a: Mienshao|High Jump Kick|p2a: Delibird\n|-damage|p2a: Delibird|0 fnt\n|faint|p2a: Delibird\n|\n|win|p0x1681db30", "uploadtime": 1783558743, "views": 0, "rating": 0, "private": 0, "password": null, "_winner": "p0x1681db30", "_our_name": "p0y16814ca8"}