{"id": "battle-gen9randombattle-1432", "formatid": "gen9randombattle", "format": "[Gen 9] Random Battle", "players": ["p0x143291b9", "p0y14323780"], "log": "|init|battle\n|title|p0x143291b9 vs. p0y14323780\n|j|\u2606p0x143291b9\n|j|\u2606p0y14323780\n|t:|1783556671\n|gametype|singles\n|player|p1|p0x143291b9|169|\n|player|p2|p0y14323780|169|\n|gen|9\n|tier|[Gen 9] Random Battle\n|rule|Species Clause: Limit one of each Pok\u00e9mon\n|rule|HP Percentage Mod: HP is shown in percentages\n|rule|Sleep Clause Mod: Limit one foe put to sleep\n|rule|Illusion Level Mod: Illusion disguises the Pok\u00e9mon's true level\n|\n|t:|1783556671\n|teamsize|p1|6\n|teamsize|p2|6\n|start\n|switch|p1a: Flamigo|Flamigo, L82, M|269/269\n|switch|p2a: Polteageist|Polteageist, L78|100/100\n|turn|1\n|inactive|Battle timer is ON: inactive players will automatically lose when time's up. (requested by p0x143291b9)\n|\n|t:|1783556672\n|switch|p2a: Raikou|Raikou, L81|100/100\n|-ability|p2a: Raikou|Pressure\n|move|p1a: Flamigo|Close Combat|p2a: Raikou\n|-damage|p2a: Raikou|17/100\n|-unboost|p1a: Flamigo|def|1\n|-unboost|p1a: Flamigo|spd|1\n|\n|-heal|p2a: Raikou|23/100|[from] item: Leftovers\n|upkeep\n|turn|2\n|inactive|Time left: 300 sec this turn | 300 sec total\n|inactive|p0y14323780 also wants the timer to be on.\n|\n|t:|1783556674\n|switch|p2a: Reuniclus|Reuniclus, L88, F|100/100\n|switch|p1a: Bellossom|Bellossom, L84, M|263/263\n|\n|upkeep\n|turn|3\n|inactive|Time left: 300 sec this turn | 300 sec total\n|\n|t:|1783556675\n|move|p1a: Bellossom|Quiver Dance|p1a: Bellossom\n|-boost|p1a: Bellossom|spa|1\n|-boost|p1a: Bellossom|spd|1\n|-boost|p1a: Bellossom|spe|1\n|move|p2a: Reuniclus|Calm Mind|p2a: Reuniclus\n|-boost|p2a: Reuniclus|spa|1\n|-boost|p2a: Reuniclus|spd|1\n|\n|upkeep\n|turn|4\n|inactive|Time left: 300 sec this turn | 300 sec total\n|\n|t:|1783556676\n|move|p1a: Bellossom|Quiver Dance|p1a: Bellossom\n|-boost|p1a: Bellossom|spa|1\n|-boost|p1a: Bellossom|spd|1\n|-boost|p1a: Bellossom|spe|1\n|move|p2a: Reuniclus|Psyshock|p1a: Bellossom\n|-damage|p1a: Bellossom|64/263\n|\n|-heal|p1a: Bellossom|80/263|[from] item: Leftovers\n|upkeep\n|turn|5\n|inactive|Time left: 300 sec this turn | 300 sec total\n|\n|t:|1783556677\n|move|p1a: Bellossom|Strength Sap|p2a: Reuniclus\n|-unboost|p2a: Reuniclus|atk|1\n|-heal|p1a: Bellossom|199/263\n|move|p2a: Reuniclus|Psyshock|p1a: Bellossom\n|-damage|p1a: Bellossom|0 fnt\n|faint|p1a: Bellossom\n|\n|upkeep\n|inactive|Time left: 300 sec this turn | 300 sec total | 5 sec grace\n|\n|t:|1783556678\n|switch|p1a: Grimmsnarl|Grimmsnarl, L83, M|293/293\n|turn|6\n|inactive|Time left: 300 sec this turn | 300 sec total\n|\n|t:|1783556680\n|move|p1a: Grimmsnarl|Light Screen|p1a: Grimmsnarl\n|-sidestart|p1: p0x143291b9|move: Light Screen\n|move|p2a: Reuniclus|Focus Blast|p1a: Grimmsnarl\n|-damage|p1a: Grimmsnarl|160/293\n|\n|upkeep\n|turn|7\n|inactive|Time left: 300 sec this turn | 300 sec total\n|\n|t:|1783556681\n|move|p1a: Grimmsnarl|Spirit Break|p2a: Reuniclus\n|-damage|p2a: Reuniclus|71/100\n|-unboost|p2a: Reuniclus|spa|1\n|move|p2a: Reuniclus|Calm Mind|p2a: Reuniclus\n|-boost|p2a: Reuniclus|spa|1\n|-boost|p2a: Reuniclus|spd|1\n|\n|upkeep\n|turn|8\n|inactive|Time left: 300 sec this turn | 300 sec total\n|\n|t:|1783556682\n|move|p1a: Grimmsnarl|Spirit Break|p2a: Reuniclus\n|-damage|p2a: Reuniclus|41/100\n|-unboost|p2a: Reuniclus|spa|1\n|move|p2a: Reuniclus|Recover|p2a: Reuniclus\n|-heal|p2a: Reuniclus|92/100\n|\n|upkeep\n|turn|9\n|inactive|Time left: 300 sec this turn | 300 sec total\n|\n|t:|1783556683\n|move|p1a: Grimmsnarl|Spirit Break|p2a: Reuniclus\n|-damage|p2a: Reuniclus|64/100\n|-unboost|p2a: Reuniclus|spa|1\n|move|p2a: Reuniclus|Focus Blast|p1a: Grimmsnarl\n|-damage|p1a: Grimmsnarl|101/293\n|\n|upkeep\n|turn|10\n|inactive|Time left: 300 sec this turn | 300 sec total\n|\n|t:|1783556684\n|switch|p2a: Polteageist|Polteageist, L78|100/100\n|move|p1a: Grimmsnarl|Reflect|p1a: Grimmsnarl\n|-sidestart|p1: p0x143291b9|Reflect\n|\n|upkeep\n|turn|11\n|inactive|Time left: 300 sec this turn | 300 sec total\n|\n|t:|1783556685\n|move|p2a: Polteageist|Shell Smash|p2a: Polteageist\n|-unboost|p2a: Polteageist|def|1\n|-unboost|p2a: Polteageist|spd|1\n|-boost|p2a: Polteageist|atk|2\n|-boost|p2a: Polteageist|spa|2\n|-boost|p2a: Polteageist|spe|2\n|-enditem|p2a: Polteageist|White Herb\n|-clearnegativeboost|p2a: Polteageist|[silent]\n|move|p1a: Grimmsnarl|Spirit Break|p2a: Polteageist\n|-damage|p2a: Polteageist|48/100\n|-unboost|p2a: Polteageist|spa|1\n|\n|upkeep\n|turn|12\n|inactive|Time left: 300 sec this turn | 300 sec total\n|\n|t:|1783556686\n|move|p2a: Polteageist|Strength Sap|p1a: Grimmsnarl\n|-unboost|p1a: Grimmsnarl|atk|1\n|-heal|p2a: Polteageist|100/100\n|move|p1a: Grimmsnarl|Spirit Break|p2a: Polteageist\n|-damage|p2a: Polteageist|64/100\n|-unboost|p2a: Polteageist|spa|1\n|\n|upkeep\n|turn|13\n|inactive|Time left: 300 sec this turn | 300 sec total\n|\n|t:|1783556687\n|move|p2a: Polteageist|Strength Sap|p1a: Grimmsnarl\n|-unboost|p1a: Grimmsnarl|atk|1\n|-heal|p2a: Polteageist|100/100\n|move|p1a: Grimmsnarl|Spirit Break|p2a: Polteageist\n|-crit|p2a: Polteageist\n|-damage|p2a: Polteageist|11/100\n|-unboost|p2a: Polteageist|spa|1\n|\n|-sideend|p1: p0x143291b9|move: Light Screen\n|upkeep\n|turn|14\n|inactive|Time left: 300 sec this turn | 300 sec total\n|\n|t:|1783556688\n|move|p2a: Polteageist|Strength Sap|p1a: Grimmsnarl\n|-unboost|p1a: Grimmsnarl|atk|1\n|-heal|p2a: Polteageist|67/100\n|move|p1a: Grimmsnarl|Spirit Break|p2a: Polteageist\n|-damage|p2a: Polteageist|43/100\n|-unboost|p2a: Polteageist|spa|1\n|\n|upkeep\n|turn|15\n|inactive|Time left: 300 sec this turn | 300 sec total\n|\n|t:|1783556689\n|move|p1a: Grimmsnarl|Parting Shot|p2a: Polteageist\n|-unboost|p2a: Polteageist|atk|1\n|-unboost|p2a: Polteageist|spa|1\n|inactive|Time left: 300 sec this turn | 300 sec total | 5 sec grace\n|\n|t:|1783556690\n|switch|p1a: Flamigo|Flamigo, L82, M|269/269|[from] Parting Shot\n|move|p2a: Polteageist|Strength Sap|p1a: Flamigo\n|-unboost|p1a: Flamigo|atk|1\n|-heal|p2a: Polteageist|100/100\n|\n|upkeep\n|turn|16\n|inactive|Time left: 300 sec this turn | 300 sec total\n|\n|t:|1783556691\n|move|p2a: Polteageist|Shadow Ball|p1a: Flamigo\n|-damage|p1a: Flamigo|217/269\n|move|p1a: Flamigo|Brave Bird|p2a: Polteageist\n|-damage|p2a: Polteageist|18/100\n|-damage|p1a: Flamigo|157/269|[from] Recoil\n|\n|upkeep\n|turn|17\n|inactive|Time left: 300 sec this turn | 300 sec total\n|\n|t:|1783556692\n|move|p2a: Polteageist|Strength Sap|p1a: Flamigo\n|-unboost|p1a: Flamigo|atk|1\n|-heal|p2a: Polteageist|89/100\n|move|p1a: Flamigo|Brave Bird|p2a: Polteageist\n|-crit|p2a: Polteageist\n|-damage|p2a: Polteageist|0 fnt\n|faint|p2a: Polteageist\n|-damage|p1a: Flamigo|92/269|[from] Recoil\n|\n|-sideend|p1: p0x143291b9|Reflect\n|upkeep\n|\n|t:|1783556693\n|switch|p2a: Rotom|Rotom-Wash, L82|100/100\n|turn|18\n|inactive|Time left: 300 sec this turn | 300 sec total\n|\n|t:|1783556694\n|switch|p1a: Zangoose|Zangoose, L85, F|263/263\n|move|p2a: Rotom|Hydro Pump|p1a: Zangoose\n|-damage|p1a: Zangoose|104/263\n|\n|-status|p1a: Zangoose|tox|[from] item: Toxic Orb\n|upkeep\n|turn|19\n|inactive|Time left: 300 sec this turn | 300 sec total\n|\n|t:|1783556695\n|move|p2a: Rotom|Hydro Pump|p1a: Zangoose\n|-damage|p1a: Zangoose|0 fnt\n|faint|p1a: Zangoose\n|\n|upkeep\n|inactive|Time left: 300 sec this turn | 300 sec total | 5 sec grace\n|\n|t:|1783556695\n|switch|p1a: Grimmsnarl|Grimmsnarl, L83, M|101/293\n|turn|20\n|inactive|Time left: 300 sec this turn | 300 sec total\n|\n|t:|1783556696\n|move|p1a: Grimmsnarl|Light Screen|p1a: Grimmsnarl\n|-sidestart|p1: p0x143291b9|move: Light Screen\n|move|p2a: Rotom|Hydro Pump|p1a: Grimmsnarl|[miss]\n|-miss|p2a: Rotom|p1a: Grimmsnarl\n|\n|upkeep\n|turn|21\n|inactive|Time left: 300 sec this turn | 300 sec total\n|\n|t:|1783556697\n|move|p2a: Rotom|Hydro Pump|p1a: Grimmsnarl\n|-damage|p1a: Grimmsnarl|37/293\n|move|p1a: Grimmsnarl|Spirit Break|p2a: Rotom\n|-damage|p2a: Rotom|60/100\n|-unboost|p2a: Rotom|spa|1\n|\n|upkeep\n|turn|22\n|inactive|Time left: 300 sec this turn | 300 sec total\n|\n|t:|1783556698\n|move|p1a: Grimmsnarl|Reflect|p1a: Grimmsnarl\n|-sidestart|p1: p0x143291b9|Reflect\n|move|p2a: Rotom|Hydro Pump|p1a: Grimmsnarl\n|-damage|p1a: Grimmsnarl|0 fnt\n|faint|p1a: Grimmsnarl\n|\n|upkeep\n|inactive|Time left: 300 sec this turn | 300 sec total | 5 sec grace\n|\n|t:|1783556699\n|switch|p1a: Flamigo|Flamigo, L82, M|92/269\n|turn|23\n|inactive|Time left: 300 sec this turn | 300 sec total\n|\n|t:|1783556701\n|move|p2a: Rotom|Hydro Pump|p1a: Flamigo\n|-damage|p1a: Flamigo|44/269\n|move|p1a: Flamigo|Close Combat|p2a: Rotom\n|-damage|p2a: Rotom|0 fnt\n|-unboost|p1a: Flamigo|def|1\n|-unboost|p1a: Flamigo|spd|1\n|faint|p2a: Rotom\n|\n|upkeep\n|\n|t:|1783556701\n|switch|p2a: Raikou|Raikou, L81|23/100\n|-ability|p2a: Raikou|Pressure\n|turn|24\n|inactive|Time left: 300 sec this turn | 300 sec total\n|\n|t:|1783556702\n|switch|p1a: Cinderace|Cinderace, L77, M|249/249\n|move|p2a: Raikou|Scald|p1a: Cinderace\n|-supereffective|p1a: Cinderace\n|-damage|p1a: Cinderace|179/249\n|\n|-heal|p2a: Raikou|29/100|[from] item: Leftovers\n|upkeep\n|turn|25\n|inactive|Time left: 300 sec this turn | 300 sec total\n|\n|t:|1783556703\n|move|p2a: Raikou|Substitute|p2a: Raikou\n|-start|p2a: Raikou|Substitute\n|-damage|p2a: Raikou|4/100\n|move|p1a: Cinderace|Pyro Ball|p2a: Raikou\n|-crit|p2a: Raikou\n|-end|p2a: Raikou|Substitute\n|\n|-heal|p2a: Raikou|11/100|[from] item: Leftovers\n|upkeep\n|turn|26\n|inactive|Time left: 300 sec this turn | 300 sec total\n|\n|t:|1783556704\n|move|p2a: Raikou|Thunderbolt|p1a: Cinderace\n|-crit|p1a: Cinderace\n|-damage|p1a: Cinderace|7/249\n|move|p1a: Cinderace|Pyro Ball|p2a: Raikou\n|-damage|p2a: Raikou|0 fnt\n|faint|p2a: Raikou\n|\n|upkeep\n|\n|t:|1783556705\n|switch|p2a: Wyrdeer|Wyrdeer, L87, M|100/100\n|-ability|p2a: Wyrdeer|Intimidate|boost\n|-unboost|p1a: Cinderace|atk|1\n|turn|27\n|inactive|Time left: 300 sec this turn | 300 sec total\n|\n|t:|1783556706\n|move|p1a: Cinderace|U-turn|p2a: Wyrdeer\n|-start|p1a: Cinderace|typechange|Bug|[from] ability: Libero\n|-supereffective|p2a: Wyrdeer\n|-damage|p2a: Wyrdeer|70/100\n|inactive|Time left: 300 sec this turn | 300 sec total | 5 sec grace\n|\n|t:|1783556707\n|switch|p1a: Ditto|Ditto, L87|225/225|[from] U-turn\n|-transform|p1a: Ditto|p2a: Wyrdeer|[from] ability: Imposter\n|-ability|p1a: Ditto|Intimidate|boost\n|-unboost|p2a: Wyrdeer|atk|1\n|move|p2a: Wyrdeer|Thunder Wave|p1a: Ditto\n|-status|p1a: Ditto|par\n|\n|-heal|p2a: Wyrdeer|76/100|[from] item: Leftovers\n|-sideend|p1: p0x143291b9|move: Light Screen\n|upkeep\n|turn|28\n|inactive|Time left: 300 sec this turn | 300 sec total\n|\n|t:|1783556708\n|switch|p2a: Reuniclus|Reuniclus, L88, F|64/100\n|move|p1a: Ditto|Thunder Wave|p2a: Reuniclus\n|-status|p2a: Reuniclus|par\n|\n|upkeep\n|turn|29\n|inactive|Time left: 300 sec this turn | 300 sec total\n|\n|t:|1783556709\n|switch|p1a: Cinderace|Cinderace, L77, M|7/249\n|cant|p2a: Reuniclus|par\n|\n|-sideend|p1: p0x143291b9|Reflect\n|upkeep\n|turn|30\n|inactive|Time left: 300 sec this turn | 300 sec total\n|\n|t:|1783556710\n|move|p1a: Cinderace|Pyro Ball|p2a: Reuniclus\n|-damage|p2a: Reuniclus|25/100 par\n|move|p2a: Reuniclus|Recover|p2a: Reuniclus\n|-heal|p2a: Reuniclus|75/100 par\n|\n|upkeep\n|turn|31\n|inactive|Time left: 300 sec this turn | 300 sec total\n|\n|t:|1783556711\n|move|p1a: Cinderace|Pyro Ball|p2a: Reuniclus\n|-damage|p2a: Reuniclus|36/100 par\n|move|p2a: Reuniclus|Psyshock|p1a: Cinderace\n|-damage|p1a: Cinderace|0 fnt\n|faint|p1a: Cinderace\n|\n|upkeep\n|inactive|Time left: 300 sec this turn | 300 sec total | 5 sec grace\n|\n|t:|1783556712\n|switch|p1a: Flamigo|Flamigo, L82, M|44/269\n|turn|32\n|inactive|Time left: 300 sec this turn | 300 sec total\n|\n|t:|1783556713\n|-terastallize|p2a: Reuniclus|Steel\n|move|p1a: Flamigo|Throat Chop|p2a: Reuniclus\n|-crit|p2a: Reuniclus\n|-damage|p2a: Reuniclus|0 fnt\n|faint|p2a: Reuniclus\n|\n|upkeep\n|\n|t:|1783556714\n|switch|p2a: Wyrdeer|Wyrdeer, L87, M|76/100\n|-ability|p2a: Wyrdeer|Intimidate|boost\n|-fail|p1a: Flamigo|unboost|Attack|[from] ability: Scrappy|[of] p1a: Flamigo\n|turn|33\n|inactive|Time left: 300 sec this turn | 300 sec total\n|\n|t:|1783556715\n|switch|p1a: Ditto|Ditto, L87|225/225 par\n|-transform|p1a: Ditto|p2a: Wyrdeer|[from] ability: Imposter\n|-ability|p1a: Ditto|Intimidate|boost\n|-unboost|p2a: Wyrdeer|atk|1\n|move|p2a: Wyrdeer|Psychic Noise|p1a: Ditto\n|-resisted|p1a: Ditto\n|-damage|p1a: Ditto|176/225 par\n|-start|p1a: Ditto|move: Heal Block\n|\n|-heal|p2a: Wyrdeer|82/100|[from] item: Leftovers\n|upkeep\n|turn|34\n|inactive|Time left: 300 sec this turn | 300 sec total\n|\n|t:|1783556716\n|move|p2a: Wyrdeer|Megahorn|p1a: Ditto\n|-supereffective|p1a: Ditto\n|-crit|p1a: Ditto\n|-damage|p1a: Ditto|0 fnt\n|faint|p1a: Ditto\n|\n|-heal|p2a: Wyrdeer|89/100|[from] item: Leftovers\n|upkeep\n|inactive|Time left: 300 sec this turn | 300 sec total | 5 sec grace\n|\n|t:|1783556717\n|switch|p1a: Flamigo|Flamigo, L82, M|44/269\n|turn|35\n|inactive|Time left: 300 sec this turn | 300 sec total\n|\n|t:|1783556718\n|-terastallize|p1a: Flamigo|Fighting\n|move|p1a: Flamigo|Close Combat|p2a: Wyrdeer\n|-damage|p2a: Wyrdeer|0 fnt\n|-unboost|p1a: Flamigo|def|1\n|-unboost|p1a: Flamigo|spd|1\n|faint|p2a: Wyrdeer\n|\n|upkeep\n|\n|t:|1783556718\n|switch|p2a: Clodsire|Clodsire, L81, M|100/100\n|turn|36\n|inactive|Time left: 300 sec this turn | 300 sec total\n|\n|t:|1783556719\n|move|p1a: Flamigo|Close Combat|p2a: Clodsire\n|-resisted|p2a: Clodsire\n|-damage|p2a: Clodsire|47/100\n|-unboost|p1a: Flamigo|def|1\n|-unboost|p1a: Flamigo|spd|1\n|move|p2a: Clodsire|Poison Jab|p1a: Flamigo\n|-crit|p1a: Flamigo\n|-damage|p1a: Flamigo|0 fnt\n|faint|p1a: Flamigo\n|\n|win|p0y14323780", "uploadtime": 1783556719, "views": 0, "rating": 0, "private": 0, "password": null, "_winner": "p0y14323780", "_our_name": "p0x143291b9"}