{"id": "battle-gen9randombattle-1632", "formatid": "gen9randombattle", "format": "[Gen 9] Random Battle", "players": ["p0x1632c72e", "p0y1632ee8f"], "log": "|init|battle\n|title|p0x1632c72e vs. p0y1632ee8f\n|j|\u2606p0x1632c72e\n|j|\u2606p0y1632ee8f\n|t:|1783558876\n|gametype|singles\n|player|p1|p0x1632c72e|101|\n|player|p2|p0y1632ee8f|265|\n|gen|9\n|tier|[Gen 9] Random Battle\n|rule|Species Clause: Limit one of each Pok\u00e9mon\n|rule|HP Percentage Mod: HP is shown in percentages\n|rule|Sleep Clause Mod: Limit one foe put to sleep\n|rule|Illusion Level Mod: Illusion disguises the Pok\u00e9mon's true level\n|\n|t:|1783558876\n|teamsize|p1|6\n|teamsize|p2|6\n|start\n|switch|p1a: Regigigas|Regigigas, L84|100/100\n|switch|p2a: Dondozo|Dondozo, L78, M|362/362\n|-start|p1a: Regigigas|ability: Slow Start\n|turn|1\n|inactive|Battle timer is ON: inactive players will automatically lose when time's up. (requested by p0y1632ee8f)\n|inactive|p0x1632c72e also wants the timer to be on.\n|\n|t:|1783558877\n|move|p1a: Regigigas|Knock Off|p2a: Dondozo\n|-damage|p2a: Dondozo|320/362\n|-enditem|p2a: Dondozo|Leftovers|[from] move: Knock Off|[of] p1a: Regigigas\n|move|p2a: Dondozo|Curse|p2a: Dondozo\n|-unboost|p2a: Dondozo|spe|1\n|-boost|p2a: Dondozo|atk|1\n|-boost|p2a: Dondozo|def|1\n|\n|upkeep\n|turn|2\n|inactive|Time left: 300 sec this turn | 300 sec total\n|\n|t:|1783558878\n|move|p1a: Regigigas|Body Slam|p2a: Dondozo\n|-damage|p2a: Dondozo|278/362\n|move|p2a: Dondozo|Wave Crash|p1a: Regigigas\n|-crit|p1a: Regigigas\n|-damage|p1a: Regigigas|38/100\n|-damage|p2a: Dondozo|211/362|[from] Recoil\n|\n|-heal|p1a: Regigigas|44/100|[from] item: Leftovers\n|upkeep\n|turn|3\n|inactive|Time left: 300 sec this turn | 300 sec total\n|\n|t:|1783558878\n|move|p1a: Regigigas|Protect|p1a: Regigigas\n|-singleturn|p1a: Regigigas|Protect\n|move|p2a: Dondozo|Wave Crash|p1a: Regigigas\n|-activate|p1a: Regigigas|move: Protect\n|\n|-heal|p1a: Regigigas|50/100|[from] item: Leftovers\n|upkeep\n|turn|4\n|inactive|Time left: 300 sec this turn | 300 sec total\n|\n|t:|1783558879\n|move|p1a: Regigigas|Body Slam|p2a: Dondozo\n|-damage|p2a: Dondozo|169/362\n|move|p2a: Dondozo|Wave Crash|p1a: Regigigas\n|-damage|p1a: Regigigas|5/100\n|-damage|p2a: Dondozo|121/362|[from] Recoil\n|\n|-heal|p1a: Regigigas|11/100|[from] item: Leftovers\n|upkeep\n|turn|5\n|inactive|Time left: 300 sec this turn | 300 sec total\n|\n|t:|1783558880\n|switch|p1a: Eternatus|Eternatus, L69|100/100\n|-ability|p1a: Eternatus|Pressure\n|move|p2a: Dondozo|Rest|p2a: Dondozo\n|-status|p2a: Dondozo|slp|[from] move: Rest\n|-heal|p2a: Dondozo|362/362 slp|[silent]\n|\n|upkeep\n|turn|6\n|inactive|Time left: 300 sec this turn | 300 sec total\n|\n|t:|1783558881\n|switch|p2a: Typhlosion|Typhlosion, L84, F|267/267\n|move|p1a: Eternatus|Dynamax Cannon|p2a: Typhlosion\n|-damage|p2a: Typhlosion|162/267\n|\n|upkeep\n|turn|7\n|inactive|Time left: 300 sec this turn | 300 sec total\n|\n|t:|1783558883\n|move|p1a: Eternatus|Dynamax Cannon|p2a: Typhlosion\n|-damage|p2a: Typhlosion|69/267\n|move|p2a: Typhlosion|Scorching Sands|p1a: Eternatus\n|-supereffective|p1a: Eternatus\n|-damage|p1a: Eternatus|40/100\n|\n|-heal|p1a: Eternatus|46/100|[from] item: Leftovers\n|upkeep\n|turn|8\n|inactive|Time left: 300 sec this turn | 300 sec total\n|\n|t:|1783558884\n|switch|p2a: Metagross|Metagross, L79|256/256\n|move|p1a: Eternatus|Sludge Bomb|p2a: Metagross\n|-immune|p2a: Metagross\n|\n|-heal|p1a: Eternatus|52/100|[from] item: Leftovers\n|upkeep\n|turn|9\n|inactive|Time left: 300 sec this turn | 300 sec total\n|\n|t:|1783558885\n|move|p1a: Eternatus|Fire Blast|p2a: Metagross\n|-supereffective|p2a: Metagross\n|-damage|p2a: Metagross|110/256\n|move|p2a: Metagross|Earthquake|p1a: Eternatus\n|-supereffective|p1a: Eternatus\n|-damage|p1a: Eternatus|0 fnt\n|faint|p1a: Eternatus\n|\n|-heal|p2a: Metagross|126/256|[from] item: Leftovers\n|upkeep\n|\n|t:|1783558886\n|switch|p1a: Vivillon|Vivillon-Marine, L83, M|100/100\n|turn|10\n|inactive|Time left: 300 sec this turn | 300 sec total\n|\n|t:|1783558887\n|move|p1a: Vivillon|Sleep Powder|p2a: Metagross\n|-status|p2a: Metagross|slp|[from] move: Sleep Powder\n|cant|p2a: Metagross|slp\n|\n|-heal|p2a: Metagross|142/256 slp|[from] item: Leftovers\n|upkeep\n|turn|11\n|inactive|Time left: 300 sec this turn | 300 sec total\n|\n|t:|1783558888\n|move|p1a: Vivillon|Quiver Dance|p1a: Vivillon\n|-boost|p1a: Vivillon|spa|1\n|-boost|p1a: Vivillon|spd|1\n|-boost|p1a: Vivillon|spe|1\n|cant|p2a: Metagross|slp\n|\n|-heal|p2a: Metagross|158/256 slp|[from] item: Leftovers\n|upkeep\n|turn|12\n|inactive|Time left: 300 sec this turn | 300 sec total\n|\n|t:|1783558889\n|move|p1a: Vivillon|Quiver Dance|p1a: Vivillon\n|-boost|p1a: Vivillon|spa|1\n|-boost|p1a: Vivillon|spd|1\n|-boost|p1a: Vivillon|spe|1\n|-curestatus|p2a: Metagross|slp|[msg]\n|move|p2a: Metagross|Heavy Slam|p1a: Vivillon\n|-damage|p1a: Vivillon|22/100\n|\n|-heal|p2a: Metagross|174/256|[from] item: Leftovers\n|upkeep\n|turn|13\n|inactive|Time left: 300 sec this turn | 300 sec total\n|\n|t:|1783558890\n|move|p1a: Vivillon|Bug Buzz|p2a: Metagross\n|-damage|p2a: Metagross|0 fnt\n|faint|p2a: Metagross\n|\n|upkeep\n|inactive|Time left: 300 sec this turn | 300 sec total | 5 sec grace\n|\n|t:|1783558891\n|switch|p2a: Delphox|Delphox, L84, M|263/263\n|turn|14\n|inactive|Time left: 300 sec this turn | 300 sec total\n|\n|t:|1783558892\n|move|p1a: Vivillon|Sleep Powder|p2a: Delphox\n|-status|p2a: Delphox|slp|[from] move: Sleep Powder\n|cant|p2a: Delphox|slp\n|\n|upkeep\n|turn|15\n|inactive|Time left: 300 sec this turn | 300 sec total\n|\n|t:|1783558893\n|move|p1a: Vivillon|Hurricane|p2a: Delphox\n|-damage|p2a: Delphox|53/263 slp\n|cant|p2a: Delphox|slp\n|\n|upkeep\n|turn|16\n|inactive|Time left: 300 sec this turn | 300 sec total\n|\n|t:|1783558894\n|move|p1a: Vivillon|Hurricane|p2a: Delphox\n|-crit|p2a: Delphox\n|-damage|p2a: Delphox|0 fnt\n|faint|p2a: Delphox\n|\n|upkeep\n|inactive|Time left: 300 sec this turn | 300 sec total | 5 sec grace\n|\n|t:|1783558895\n|switch|p2a: Dondozo|Dondozo, L78, M|362/362 slp\n|turn|17\n|inactive|Time left: 300 sec this turn | 300 sec total\n|\n|t:|1783558896\n|move|p1a: Vivillon|Hurricane|p2a: Dondozo\n|-damage|p2a: Dondozo|218/362 slp\n|-start|p2a: Dondozo|confusion\n|cant|p2a: Dondozo|slp\n|-activate|p2a: Dondozo|confusion\n|move|p2a: Dondozo|Sleep Talk|p2a: Dondozo\n|move|p2a: Dondozo|Curse|p2a: Dondozo|[from] move: Sleep Talk\n|-unboost|p2a: Dondozo|spe|1\n|-boost|p2a: Dondozo|atk|1\n|-boost|p2a: Dondozo|def|1\n|\n|upkeep\n|turn|18\n|inactive|Time left: 300 sec this turn | 300 sec total\n|\n|t:|1783558897\n|move|p1a: Vivillon|Hurricane|p2a: Dondozo\n|-damage|p2a: Dondozo|64/362 slp\n|cant|p2a: Dondozo|slp\n|-end|p2a: Dondozo|confusion\n|move|p2a: Dondozo|Sleep Talk|p2a: Dondozo\n|move|p2a: Dondozo|Wave Crash|p1a: Vivillon|[from] move: Sleep Talk\n|-damage|p1a: Vivillon|0 fnt\n|faint|p1a: Vivillon\n|-damage|p2a: Dondozo|45/362 slp|[from] Recoil\n|\n|upkeep\n|\n|t:|1783558898\n|switch|p1a: Virizion|Virizion, L82|100/100\n|turn|19\n|inactive|Time left: 300 sec this turn | 300 sec total\n|\n|t:|1783558899\n|move|p1a: Virizion|Leaf Blade|p2a: Dondozo\n|-supereffective|p2a: Dondozo\n|-damage|p2a: Dondozo|0 fnt\n|faint|p2a: Dondozo\n|-damage|p1a: Virizion|91/100|[from] item: Life Orb\n|\n|upkeep\n|inactive|Time left: 300 sec this turn | 300 sec total | 5 sec grace\n|\n|t:|1783558900\n|switch|p2a: Ambipom|Ambipom, L84, F|263/263\n|turn|20\n|inactive|Time left: 300 sec this turn | 300 sec total\n|\n|t:|1783558901\n|-terastallize|p1a: Virizion|Rock\n|move|p2a: Ambipom|Triple Axel|p1a: Virizion\n|-damage|p1a: Virizion|77/100\n|-damage|p1a: Virizion|48/100\n|-hitcount|p1a: Virizion|2\n|move|p1a: Virizion|Close Combat|p2a: Ambipom\n|-supereffective|p2a: Ambipom\n|-damage|p2a: Ambipom|0 fnt\n|-unboost|p1a: Virizion|def|1\n|-unboost|p1a: Virizion|spd|1\n|faint|p2a: Ambipom\n|-damage|p1a: Virizion|38/100|[from] item: Life Orb\n|\n|upkeep\n|inactive|Time left: 300 sec this turn | 300 sec total | 5 sec grace\n|\n|t:|1783558902\n|switch|p2a: Landorus|Landorus-Therian, L76, M|260/260\n|-ability|p2a: Landorus|Intimidate|boost\n|-unboost|p1a: Virizion|atk|1\n|turn|21\n|inactive|Time left: 300 sec this turn | 300 sec total\n|\n|t:|1783558903\n|switch|p1a: Uxie|Uxie, L83|100/100\n|move|p2a: Landorus|Earthquake|p1a: Uxie\n|-immune|p1a: Uxie|[from] ability: Levitate\n|\n|upkeep\n|turn|22\n|inactive|Time left: 300 sec this turn | 300 sec total\n|\n|t:|1783558903\n|move|p1a: Uxie|Stealth Rock|p2a: Landorus\n|-sidestart|p2: p0y1632ee8f|move: Stealth Rock\n|move|p2a: Landorus|U-turn|p1a: Uxie\n|-supereffective|p1a: Uxie\n|-damage|p1a: Uxie|67/100\n|inactive|Time left: 300 sec this turn | 300 sec total | 5 sec grace\n|\n|t:|1783558904\n|switch|p2a: Typhlosion|Typhlosion, L84, F|69/267|[from] U-turn\n|-damage|p2a: Typhlosion|3/267|[from] Stealth Rock\n|\n|-heal|p1a: Uxie|74/100|[from] item: Leftovers\n|upkeep\n|turn|23\n|inactive|Time left: 300 sec this turn | 300 sec total\n|\n|t:|1783558905\n|switch|p1a: Regigigas|Regigigas, L84|11/100\n|-start|p1a: Regigigas|ability: Slow Start\n|move|p2a: Typhlosion|Fire Blast|p1a: Regigigas\n|-damage|p1a: Regigigas|0 fnt\n|faint|p1a: Regigigas\n|-end|p1a: Regigigas|Slow Start|[silent]\n|\n|upkeep\n|\n|t:|1783558906\n|switch|p1a: Virizion|Virizion, L82, tera:Rock|38/100\n|turn|24\n|inactive|Time left: 300 sec this turn | 300 sec total\n|\n|t:|1783558907\n|move|p1a: Virizion|Leaf Blade|p2a: Typhlosion\n|-resisted|p2a: Typhlosion\n|-damage|p2a: Typhlosion|0 fnt\n|faint|p2a: Typhlosion\n|-damage|p1a: Virizion|28/100|[from] item: Life Orb\n|\n|upkeep\n|inactive|Time left: 300 sec this turn | 300 sec total | 5 sec grace\n|\n|t:|1783558908\n|switch|p2a: Landorus|Landorus-Therian, L76, M|260/260\n|-damage|p2a: Landorus|228/260|[from] Stealth Rock\n|-ability|p2a: Landorus|Intimidate|boost\n|-unboost|p1a: Virizion|atk|1\n|turn|25\n|inactive|Time left: 300 sec this turn | 300 sec total\n|\n|t:|1783558909\n|move|p1a: Virizion|Leaf Blade|p2a: Landorus\n|-damage|p2a: Landorus|154/260\n|-damage|p1a: Virizion|19/100|[from] item: Life Orb\n|move|p2a: Landorus|Earthquake|p1a: Virizion\n|-supereffective|p1a: Virizion\n|-damage|p1a: Virizion|0 fnt\n|faint|p1a: Virizion\n|\n|-heal|p2a: Landorus|170/260|[from] item: Leftovers\n|upkeep\n|\n|t:|1783558910\n|switch|p1a: Rotom|Rotom-Heat, L83|100/100\n|turn|26\n|inactive|Time left: 300 sec this turn | 300 sec total\n|\n|t:|1783558911\n|move|p1a: Rotom|Overheat|p2a: Landorus\n|-damage|p2a: Landorus|13/260\n|-unboost|p1a: Rotom|spa|2\n|move|p2a: Landorus|Stone Edge|p1a: Rotom\n|-supereffective|p1a: Rotom\n|-damage|p1a: Rotom|37/100\n|\n|-heal|p2a: Landorus|29/260|[from] item: Leftovers\n|upkeep\n|turn|27\n|inactive|Time left: 300 sec this turn | 300 sec total\n|\n|t:|1783558912\n|-terastallize|p2a: Landorus|Ground\n|move|p1a: Rotom|Overheat|p2a: Landorus\n|-damage|p2a: Landorus|0 fnt\n|-unboost|p1a: Rotom|spa|2\n|faint|p2a: Landorus\n|\n|win|p0x1632c72e", "uploadtime": 1783558912, "views": 0, "rating": 0, "private": 0, "password": null, "_winner": "p0x1632c72e", "_our_name": "p0y1632ee8f"}