{"id": "battle-gen9randombattle-684", "formatid": "gen9randombattle", "format": "[Gen 9] Random Battle", "players": ["p0x684c39b", "p0y6841b94"], "log": "|init|battle\n|title|p0x684c39b vs. p0y6841b94\n|j|\u2606p0x684c39b\n|j|\u2606p0y6841b94\n|t:|1783547759\n|gametype|singles\n|player|p1|p0x684c39b|265|\n|player|p2|p0y6841b94|1|\n|gen|9\n|tier|[Gen 9] Random Battle\n|rule|Species Clause: Limit one of each Pok\u00e9mon\n|rule|HP Percentage Mod: HP is shown in percentages\n|rule|Sleep Clause Mod: Limit one foe put to sleep\n|rule|Illusion Level Mod: Illusion disguises the Pok\u00e9mon's true level\n|\n|t:|1783547759\n|teamsize|p1|6\n|teamsize|p2|6\n|start\n|switch|p1a: Lunala|Lunala, L70|308/308\n|switch|p2a: Articuno|Articuno-Galar, L84|100/100\n|turn|1\n|inactive|Battle timer is ON: inactive players will automatically lose when time's up. (requested by p0y6841b94)\n|inactive|Time left: 300 sec this turn | 300 sec total | 60 sec grace\n|inactive|p0x684c39b also wants the timer to be on.\n|\n|t:|1783547761\n|move|p2a: Articuno|Calm Mind|p2a: Articuno\n|-boost|p2a: Articuno|spa|1\n|-boost|p2a: Articuno|spd|1\n|move|p1a: Lunala|Moongeist Beam|p2a: Articuno\n|-supereffective|p2a: Articuno\n|-damage|p2a: Articuno|59/100\n|\n|upkeep\n|turn|2\n|inactive|Time left: 300 sec this turn | 300 sec total\n|\n|t:|1783547762\n|move|p2a: Articuno|Calm Mind|p2a: Articuno\n|-boost|p2a: Articuno|spa|1\n|-boost|p2a: Articuno|spd|1\n|move|p1a: Lunala|Calm Mind|p1a: Lunala\n|-boost|p1a: Lunala|spa|1\n|-boost|p1a: Lunala|spd|1\n|\n|upkeep\n|turn|3\n|inactive|Time left: 300 sec this turn | 300 sec total\n|\n|t:|1783547763\n|move|p2a: Articuno|Recover|p2a: Articuno\n|-heal|p2a: Articuno|100/100\n|move|p1a: Lunala|Moongeist Beam|p2a: Articuno\n|-supereffective|p2a: Articuno\n|-damage|p2a: Articuno|50/100\n|\n|upkeep\n|turn|4\n|inactive|Time left: 300 sec this turn | 300 sec total\n|\n|t:|1783547764\n|move|p2a: Articuno|Recover|p2a: Articuno\n|-heal|p2a: Articuno|99/100\n|move|p1a: Lunala|Moongeist Beam|p2a: Articuno\n|-supereffective|p2a: Articuno\n|-damage|p2a: Articuno|54/100\n|\n|upkeep\n|turn|5\n|inactive|Time left: 300 sec this turn | 300 sec total\n|\n|t:|1783547765\n|move|p2a: Articuno|Recover|p2a: Articuno\n|-heal|p2a: Articuno|100/100\n|move|p1a: Lunala|Moongeist Beam|p2a: Articuno\n|-supereffective|p2a: Articuno\n|-damage|p2a: Articuno|54/100\n|\n|upkeep\n|turn|6\n|inactive|Time left: 300 sec this turn | 300 sec total\n|\n|t:|1783547766\n|move|p2a: Articuno|Recover|p2a: Articuno\n|-heal|p2a: Articuno|100/100\n|move|p1a: Lunala|Moongeist Beam|p2a: Articuno\n|-supereffective|p2a: Articuno\n|-damage|p2a: Articuno|52/100\n|\n|upkeep\n|turn|7\n|inactive|Time left: 300 sec this turn | 300 sec total\n|\n|t:|1783547767\n|move|p2a: Articuno|Recover|p2a: Articuno\n|-heal|p2a: Articuno|100/100\n|move|p1a: Lunala|Moongeist Beam|p2a: Articuno\n|-supereffective|p2a: Articuno\n|-damage|p2a: Articuno|57/100\n|\n|upkeep\n|turn|8\n|inactive|Time left: 300 sec this turn | 300 sec total\n|\n|t:|1783547768\n|move|p2a: Articuno|Recover|p2a: Articuno\n|-heal|p2a: Articuno|100/100\n|move|p1a: Lunala|Moongeist Beam|p2a: Articuno\n|-supereffective|p2a: Articuno\n|-damage|p2a: Articuno|50/100\n|\n|upkeep\n|turn|9\n|inactive|Time left: 300 sec this turn | 300 sec total\n|\n|t:|1783547769\n|move|p2a: Articuno|Recover|p2a: Articuno\n|-heal|p2a: Articuno|100/100\n|move|p1a: Lunala|Moongeist Beam|p2a: Articuno\n|-supereffective|p2a: Articuno\n|-damage|p2a: Articuno|57/100\n|\n|upkeep\n|turn|10\n|inactive|Time left: 300 sec this turn | 300 sec total\n|\n|t:|1783547770\n|move|p2a: Articuno|Hurricane|p1a: Lunala\n|-damage|p1a: Lunala|216/308\n|move|p1a: Lunala|Calm Mind|p1a: Lunala\n|-boost|p1a: Lunala|spa|1\n|-boost|p1a: Lunala|spd|1\n|\n|-heal|p1a: Lunala|235/308|[from] item: Leftovers\n|upkeep\n|turn|11\n|inactive|Time left: 300 sec this turn | 300 sec total\n|\n|t:|1783547771\n|move|p2a: Articuno|Hurricane|p1a: Lunala\n|-damage|p1a: Lunala|85/308\n|move|p1a: Lunala|Moonlight|p1a: Lunala\n|-heal|p1a: Lunala|239/308\n|\n|-heal|p1a: Lunala|258/308|[from] item: Leftovers\n|upkeep\n|turn|12\n|inactive|Time left: 300 sec this turn | 300 sec total\n|\n|t:|1783547772\n|move|p2a: Articuno|Hurricane|p1a: Lunala\n|-damage|p1a: Lunala|107/308\n|move|p1a: Lunala|Moonlight|p1a: Lunala\n|-heal|p1a: Lunala|261/308\n|\n|-heal|p1a: Lunala|280/308|[from] item: Leftovers\n|upkeep\n|turn|13\n|inactive|Time left: 300 sec this turn | 300 sec total\n|\n|t:|1783547773\n|move|p2a: Articuno|Recover|p2a: Articuno\n|-heal|p2a: Articuno|100/100\n|move|p1a: Lunala|Calm Mind|p1a: Lunala\n|-boost|p1a: Lunala|spa|1\n|-boost|p1a: Lunala|spd|1\n|\n|-heal|p1a: Lunala|299/308|[from] item: Leftovers\n|upkeep\n|turn|14\n|inactive|Time left: 300 sec this turn | 300 sec total\n|\n|t:|1783547774\n|move|p2a: Articuno|Hurricane|p1a: Lunala|[miss]\n|-miss|p2a: Articuno|p1a: Lunala\n|move|p1a: Lunala|Calm Mind|p1a: Lunala\n|-boost|p1a: Lunala|spa|1\n|-boost|p1a: Lunala|spd|1\n|\n|-heal|p1a: Lunala|308/308|[from] item: Leftovers\n|upkeep\n|turn|15\n|inactive|Time left: 300 sec this turn | 300 sec total\n|\n|t:|1783547775\n|move|p2a: Articuno|Calm Mind|p2a: Articuno\n|-boost|p2a: Articuno|spa|1\n|-boost|p2a: Articuno|spd|1\n|move|p1a: Lunala|Focus Blast|p2a: Articuno\n|-resisted|p2a: Articuno\n|-damage|p2a: Articuno|94/100\n|\n|upkeep\n|turn|16\n|inactive|Time left: 300 sec this turn | 300 sec total\n|\n|t:|1783547776\n|move|p2a: Articuno|Calm Mind|p2a: Articuno\n|-boost|p2a: Articuno|spa|1\n|-boost|p2a: Articuno|spd|1\n|move|p1a: Lunala|Focus Blast|p2a: Articuno|[miss]\n|-miss|p1a: Lunala|p2a: Articuno\n|\n|upkeep\n|turn|17\n|inactive|Time left: 300 sec this turn | 300 sec total\n|\n|t:|1783547777\n|move|p2a: Articuno|Hurricane|p1a: Lunala|[miss]\n|-miss|p2a: Articuno|p1a: Lunala\n|move|p1a: Lunala|Calm Mind|p1a: Lunala\n|-boost|p1a: Lunala|spa|1\n|-boost|p1a: Lunala|spd|1\n|\n|upkeep\n|turn|18\n|inactive|Time left: 300 sec this turn | 300 sec total\n|\n|t:|1783547779\n|move|p2a: Articuno|Hurricane|p1a: Lunala\n|-damage|p1a: Lunala|250/308\n|move|p1a: Lunala|Focus Blast|p2a: Articuno\n|-resisted|p2a: Articuno\n|-damage|p2a: Articuno|86/100\n|\n|-heal|p1a: Lunala|269/308|[from] item: Leftovers\n|upkeep\n|turn|19\n|inactive|Time left: 300 sec this turn | 300 sec total\n|\n|t:|1783547780\n|move|p2a: Articuno|Hurricane|p1a: Lunala\n|-damage|p1a: Lunala|133/308\n|move|p1a: Lunala|Moonlight|p1a: Lunala\n|-heal|p1a: Lunala|287/308\n|\n|-heal|p1a: Lunala|306/308|[from] item: Leftovers\n|upkeep\n|turn|20\n|inactive|Time left: 300 sec this turn | 300 sec total\n|\n|t:|1783547781\n|move|p2a: Articuno|Hurricane|p1a: Lunala\n|-damage|p1a: Lunala|185/308\n|move|p1a: Lunala|Moonlight|p1a: Lunala\n|-heal|p1a: Lunala|308/308\n|\n|upkeep\n|turn|21\n|inactive|Time left: 300 sec this turn | 300 sec total\n|\n|t:|1783547782\n|move|p2a: Articuno|Hurricane|p1a: Lunala|[miss]\n|-miss|p2a: Articuno|p1a: Lunala\n|move|p1a: Lunala|Focus Blast|p2a: Articuno|[miss]\n|-miss|p1a: Lunala|p2a: Articuno\n|\n|upkeep\n|turn|22\n|inactive|Time left: 300 sec this turn | 300 sec total\n|\n|t:|1783547783\n|move|p2a: Articuno|Freezing Glare|p1a: Lunala\n|-resisted|p1a: Lunala\n|-damage|p1a: Lunala|283/308\n|move|p1a: Lunala|Moonlight|p1a: Lunala\n|-heal|p1a: Lunala|308/308\n|\n|upkeep\n|turn|23\n|inactive|Time left: 300 sec this turn | 300 sec total\n|\n|t:|1783547784\n|move|p2a: Articuno|Hurricane|p1a: Lunala\n|-damage|p1a: Lunala|242/308\n|-start|p1a: Lunala|confusion\n|-activate|p1a: Lunala|confusion\n|move|p1a: Lunala|Calm Mind|p1a: Lunala\n|-boost|p1a: Lunala|spa|1\n|-boost|p1a: Lunala|spd|1\n|\n|-heal|p1a: Lunala|261/308|[from] item: Leftovers\n|upkeep\n|turn|24\n|inactive|Time left: 300 sec this turn | 300 sec total\n|\n|t:|1783547785\n|move|p2a: Articuno|Hurricane|p1a: Lunala\n|-damage|p1a: Lunala|144/308\n|-end|p1a: Lunala|confusion\n|move|p1a: Lunala|Moonlight|p1a: Lunala\n|-heal|p1a: Lunala|298/308\n|\n|-heal|p1a: Lunala|308/308|[from] item: Leftovers\n|upkeep\n|turn|25\n|inactive|Time left: 300 sec this turn | 300 sec total\n|\n|t:|1783547786\n|move|p2a: Articuno|Hurricane|p1a: Lunala\n|-damage|p1a: Lunala|250/308\n|-start|p1a: Lunala|confusion\n|-activate|p1a: Lunala|confusion\n|move|p1a: Lunala|Focus Blast|p2a: Articuno|[miss]\n|-miss|p1a: Lunala|p2a: Articuno\n|\n|-heal|p1a: Lunala|269/308|[from] item: Leftovers\n|upkeep\n|turn|26\n|inactive|Time left: 300 sec this turn | 300 sec total\n|\n|t:|1783547787\n|move|p2a: Articuno|Freezing Glare|p1a: Lunala\n|-resisted|p1a: Lunala\n|-damage|p1a: Lunala|227/308\n|-end|p1a: Lunala|confusion\n|move|p1a: Lunala|Moonlight|p1a: Lunala\n|-heal|p1a: Lunala|308/308\n|\n|upkeep\n|turn|27\n|inactive|Time left: 300 sec this turn | 300 sec total\n|\n|t:|1783547788\n|move|p2a: Articuno|Hurricane|p1a: Lunala\n|-crit|p1a: Lunala\n|-damage|p1a: Lunala|2/308\n|move|p1a: Lunala|Focus Blast|p2a: Articuno|[miss]\n|-miss|p1a: Lunala|p2a: Articuno\n|\n|-heal|p1a: Lunala|21/308|[from] item: Leftovers\n|upkeep\n|turn|28\n|inactive|Time left: 300 sec this turn | 300 sec total\n|\n|t:|1783547789\n|move|p2a: Articuno|Freezing Glare|p1a: Lunala\n|-resisted|p1a: Lunala\n|-damage|p1a: Lunala|0 fnt\n|faint|p1a: Lunala\n|\n|upkeep\n|inactive|Time left: 300 sec this turn | 300 sec total | 5 sec grace\n|\n|t:|1783547790\n|switch|p1a: Virizion|Virizion, L82|283/283\n|turn|29\n|inactive|Time left: 300 sec this turn | 300 sec total\n|\n|t:|1783547791\n|-terastallize|p1a: Virizion|Rock\n|move|p1a: Virizion|Stone Edge|p2a: Articuno\n|-supereffective|p2a: Articuno\n|-damage|p2a: Articuno|2/100\n|-damage|p1a: Virizion|255/283|[from] item: Life Orb\n|move|p2a: Articuno|Freezing Glare|p1a: Virizion\n|-damage|p1a: Virizion|8/283\n|\n|upkeep\n|turn|30\n|inactive|Time left: 300 sec this turn | 300 sec total\n|\n|t:|1783547792\n|move|p1a: Virizion|Close Combat|p2a: Articuno\n|-resisted|p2a: Articuno\n|-damage|p2a: Articuno|0 fnt\n|-unboost|p1a: Virizion|def|1\n|-unboost|p1a: Virizion|spd|1\n|faint|p2a: Articuno\n|-damage|p1a: Virizion|0 fnt|[from] item: Life Orb\n|faint|p1a: Virizion\n|\n|upkeep\n|inactive|Time left: 300 sec this turn | 300 sec total | 5 sec grace\n|\n|t:|1783547793\n|switch|p1a: Chimecho|Chimecho, L93, M|290/290\n|switch|p2a: Exeggutor|Exeggutor-Alola, L89, M|100/100\n|-item|p1a: Chimecho|Leftovers|[from] ability: Frisk|[of] p2a: Exeggutor\n|turn|31\n|inactive|Time left: 300 sec this turn | 300 sec total\n|\n|t:|1783547794\n|move|p1a: Chimecho|Calm Mind|p1a: Chimecho\n|-boost|p1a: Chimecho|spa|1\n|-boost|p1a: Chimecho|spd|1\n|move|p2a: Exeggutor|Draco Meteor|p1a: Chimecho\n|-crit|p1a: Chimecho\n|-damage|p1a: Chimecho|0 fnt\n|-unboost|p2a: Exeggutor|spa|2\n|faint|p1a: Chimecho\n|\n|upkeep\n|inactive|Time left: 300 sec this turn | 300 sec total | 5 sec grace\n|\n|t:|1783547796\n|switch|p1a: Arceus|Arceus-Electric, L70|284/284\n|turn|32\n|inactive|Time left: 300 sec this turn | 300 sec total\n|\n|t:|1783547797\n|move|p1a: Arceus|Calm Mind|p1a: Arceus\n|-boost|p1a: Arceus|spa|1\n|-boost|p1a: Arceus|spd|1\n|move|p2a: Exeggutor|Draco Meteor|p1a: Arceus\n|-damage|p1a: Arceus|194/284\n|-unboost|p2a: Exeggutor|spa|2\n|\n|upkeep\n|turn|33\n|inactive|Time left: 300 sec this turn | 300 sec total\n|\n|t:|1783547798\n|move|p1a: Arceus|Ice Beam|p2a: Exeggutor\n|-supereffective|p2a: Exeggutor\n|-damage|p2a: Exeggutor|0 fnt\n|faint|p2a: Exeggutor\n|\n|upkeep\n|\n|t:|1783547799\n|switch|p2a: Weavile|Weavile, L79, F|100/100\n|turn|34\n|inactive|Time left: 300 sec this turn | 300 sec total\n|\n|t:|1783547800\n|move|p2a: Weavile|Swords Dance|p2a: Weavile\n|-boost|p2a: Weavile|atk|2\n|move|p1a: Arceus|Judgment|p2a: Weavile\n|-damage|p2a: Weavile|27/100\n|\n|upkeep\n|turn|35\n|inactive|Time left: 300 sec this turn | 300 sec total\n|\n|t:|1783547801\n|move|p2a: Weavile|Triple Axel|p1a: Arceus|[miss]\n|-miss|p2a: Weavile|p1a: Arceus\n|move|p1a: Arceus|Judgment|p2a: Weavile\n|-damage|p2a: Weavile|0 fnt\n|faint|p2a: Weavile\n|\n|upkeep\n|\n|t:|1783547802\n|switch|p2a: Stonjourner|Stonjourner, L91, M|100/100\n|turn|36\n|inactive|Time left: 300 sec this turn | 300 sec total\n|\n|t:|1783547803\n|move|p1a: Arceus|Judgment|p2a: Stonjourner\n|-damage|p2a: Stonjourner|1/100\n|move|p2a: Stonjourner|Earthquake|p1a: Arceus\n|-supereffective|p1a: Arceus\n|-damage|p1a: Arceus|0 fnt\n|faint|p1a: Arceus\n|-damage|p2a: Stonjourner|0 fnt|[from] item: Life Orb\n|faint|p2a: Stonjourner\n|\n|upkeep\n|inactive|Time left: 300 sec this turn | 300 sec total | 5 sec grace\n|\n|t:|1783547804\n|switch|p1a: Raikou|Raikou, L81|278/278\n|switch|p2a: Farigiraf|Farigiraf, L90, F|100/100\n|-ability|p1a: Raikou|Pressure\n|turn|37\n|inactive|Time left: 300 sec this turn | 300 sec total\n|\n|t:|1783547805\n|move|p1a: Raikou|Calm Mind|p1a: Raikou\n|-boost|p1a: Raikou|spa|1\n|-boost|p1a: Raikou|spd|1\n|move|p2a: Farigiraf|Body Slam|p1a: Raikou\n|-damage|p1a: Raikou|158/278\n|\n|-heal|p1a: Raikou|175/278|[from] item: Leftovers\n|upkeep\n|turn|38\n|inactive|Time left: 300 sec this turn | 300 sec total\n|\n|t:|1783547806\n|move|p1a: Raikou|Substitute|p1a: Raikou\n|-start|p1a: Raikou|Substitute\n|-damage|p1a: Raikou|106/278\n|move|p2a: Farigiraf|Body Slam|p1a: Raikou\n|-end|p1a: Raikou|Substitute\n|\n|-heal|p1a: Raikou|123/278|[from] item: Leftovers\n|upkeep\n|turn|39\n|inactive|Time left: 300 sec this turn | 300 sec total\n|\n|t:|1783547807\n|move|p1a: Raikou|Thunderbolt|p2a: Farigiraf\n|-damage|p2a: Farigiraf|51/100\n|move|p2a: Farigiraf|Body Slam|p1a: Raikou\n|-crit|p1a: Raikou\n|-damage|p1a: Raikou|0 fnt\n|faint|p1a: Raikou\n|\n|-heal|p2a: Farigiraf|57/100|[from] item: Leftovers\n|upkeep\n|inactive|Time left: 300 sec this turn | 300 sec total | 5 sec grace\n|\n|t:|1783547808\n|switch|p1a: Luvdisc|Luvdisc, M|247/247\n|turn|40\n|inactive|Time left: 300 sec this turn | 300 sec total\n|\n|t:|1783547809\n|move|p1a: Luvdisc|Surf|p2a: Farigiraf\n|-damage|p2a: Farigiraf|35/100\n|move|p2a: Farigiraf|Psychic Noise|p1a: Luvdisc\n|-damage|p1a: Luvdisc|148/247\n|-start|p1a: Luvdisc|move: Heal Block\n|\n|-heal|p2a: Farigiraf|41/100|[from] item: Leftovers\n|upkeep\n|turn|41\n|inactive|Time left: 300 sec this turn | 300 sec total\n|\n|t:|1783547810\n|-terastallize|p2a: Farigiraf|Fairy\n|move|p1a: Luvdisc|Surf|p2a: Farigiraf\n|-damage|p2a: Farigiraf|18/100\n|move|p2a: Farigiraf|Psychic Noise|p1a: Luvdisc\n|-damage|p1a: Luvdisc|51/247\n|\n|-heal|p2a: Farigiraf|25/100|[from] item: Leftovers\n|-end|p1a: Luvdisc|move: Heal Block\n|upkeep\n|turn|42\n|inactive|Time left: 300 sec this turn | 300 sec total\n|\n|t:|1783547811\n|move|p1a: Luvdisc|Substitute|p1a: Luvdisc\n|-fail|p1a: Luvdisc|move: Substitute|[weak]\n|move|p2a: Farigiraf|Psychic Noise|p1a: Luvdisc\n|-damage|p1a: Luvdisc|0 fnt\n|faint|p1a: Luvdisc\n|\n|win|p0y6841b94", "uploadtime": 1783547811, "views": 0, "rating": 0, "private": 0, "password": null, "_winner": "p0y6841b94", "_our_name": "p0x684c39b"}