{"id": "battle-gen9randombattle-840", "formatid": "gen9randombattle", "format": "[Gen 9] Random Battle", "players": ["p0x84091a7", "p0y8403dca"], "log": "|init|battle\n|title|p0x84091a7 vs. p0y8403dca\n|j|\u2606p0x84091a7\n|j|\u2606p0y8403dca\n|t:|1783549629\n|gametype|singles\n|player|p1|p0x84091a7|266|\n|player|p2|p0y8403dca|102|\n|gen|9\n|tier|[Gen 9] Random Battle\n|rule|Species Clause: Limit one of each Pok\u00e9mon\n|rule|HP Percentage Mod: HP is shown in percentages\n|rule|Sleep Clause Mod: Limit one foe put to sleep\n|rule|Illusion Level Mod: Illusion disguises the Pok\u00e9mon's true level\n|\n|t:|1783549629\n|teamsize|p1|6\n|teamsize|p2|6\n|start\n|switch|p1a: Manaphy|Manaphy, L78|100/100\n|switch|p2a: Masquerain|Masquerain, L87, F|264/264\n|-ability|p2a: Masquerain|Intimidate|boost\n|-unboost|p1a: Manaphy|atk|1\n|turn|1\n|inactive|Battle timer is ON: inactive players will automatically lose when time's up. (requested by p0x84091a7)\n|inactive|Time left: 300 sec this turn | 300 sec total | 60 sec grace\n|inactive|p0y8403dca also wants the timer to be on.\n|\n|t:|1783549631\n|move|p1a: Manaphy|Tail Glow|p1a: Manaphy\n|-boost|p1a: Manaphy|spa|3\n|move|p2a: Masquerain|Sticky Web|p1a: Manaphy\n|-sidestart|p1: p0x84091a7|move: Sticky Web\n|\n|upkeep\n|turn|2\n|inactive|Time left: 300 sec this turn | 300 sec total\n|\n|t:|1783549632\n|switch|p2a: Blissey|Blissey, L85, F|572/572\n|move|p1a: Manaphy|Ice Beam|p2a: Blissey\n|-damage|p2a: Blissey|468/572\n|\n|-heal|p2a: Blissey|503/572|[from] item: Leftovers\n|upkeep\n|turn|3\n|inactive|Time left: 300 sec this turn | 300 sec total\n|\n|t:|1783549633\n|move|p1a: Manaphy|Tail Glow|p1a: Manaphy\n|-boost|p1a: Manaphy|spa|3\n|move|p2a: Blissey|Stealth Rock|p1a: Manaphy\n|-sidestart|p1: p0x84091a7|move: Stealth Rock\n|\n|-heal|p2a: Blissey|538/572|[from] item: Leftovers\n|upkeep\n|turn|4\n|inactive|Time left: 300 sec this turn | 300 sec total\n|\n|t:|1783549634\n|move|p1a: Manaphy|Hydro Pump|p2a: Blissey\n|-damage|p2a: Blissey|229/572\n|move|p2a: Blissey|Soft-Boiled|p2a: Blissey\n|-heal|p2a: Blissey|515/572\n|\n|-heal|p2a: Blissey|550/572|[from] item: Leftovers\n|upkeep\n|turn|5\n|inactive|Time left: 300 sec this turn | 300 sec total\n|\n|t:|1783549635\n|move|p1a: Manaphy|Hydro Pump|p2a: Blissey\n|-damage|p2a: Blissey|273/572\n|move|p2a: Blissey|Thunder Wave|p1a: Manaphy\n|-status|p1a: Manaphy|par\n|\n|-heal|p2a: Blissey|308/572|[from] item: Leftovers\n|upkeep\n|turn|6\n|inactive|Time left: 300 sec this turn | 300 sec total\n|\n|t:|1783549636\n|move|p2a: Blissey|Soft-Boiled|p2a: Blissey\n|-heal|p2a: Blissey|572/572\n|move|p1a: Manaphy|Hydro Pump|p2a: Blissey|[miss]\n|-miss|p1a: Manaphy|p2a: Blissey\n|\n|upkeep\n|turn|7\n|inactive|Time left: 300 sec this turn | 300 sec total\n|\n|t:|1783549637\n|move|p2a: Blissey|Seismic Toss|p1a: Manaphy\n|-damage|p1a: Manaphy|71/100 par\n|cant|p1a: Manaphy|par\n|\n|-heal|p1a: Manaphy|77/100 par|[from] item: Leftovers\n|upkeep\n|turn|8\n|inactive|Time left: 300 sec this turn | 300 sec total\n|\n|t:|1783549639\n|move|p2a: Blissey|Seismic Toss|p1a: Manaphy\n|-damage|p1a: Manaphy|47/100 par\n|move|p1a: Manaphy|Hydro Pump|p2a: Blissey\n|-damage|p2a: Blissey|289/572\n|\n|-heal|p2a: Blissey|324/572|[from] item: Leftovers\n|-heal|p1a: Manaphy|53/100 par|[from] item: Leftovers\n|upkeep\n|turn|9\n|inactive|Time left: 300 sec this turn | 300 sec total\n|\n|t:|1783549640\n|move|p2a: Blissey|Seismic Toss|p1a: Manaphy\n|-damage|p1a: Manaphy|23/100 par\n|cant|p1a: Manaphy|par\n|\n|-heal|p2a: Blissey|359/572|[from] item: Leftovers\n|-heal|p1a: Manaphy|29/100 par|[from] item: Leftovers\n|upkeep\n|turn|10\n|inactive|Time left: 300 sec this turn | 300 sec total\n|\n|t:|1783549641\n|move|p2a: Blissey|Seismic Toss|p1a: Manaphy\n|-damage|p1a: Manaphy|0 fnt\n|faint|p1a: Manaphy\n|\n|-heal|p2a: Blissey|394/572|[from] item: Leftovers\n|upkeep\n|\n|t:|1783549642\n|switch|p1a: Donphan|Donphan, L84, M|100/100\n|-activate|p1a: Donphan|move: Sticky Web\n|-unboost|p1a: Donphan|spe|1\n|-damage|p1a: Donphan|94/100|[from] Stealth Rock\n|turn|11\n|inactive|Time left: 300 sec this turn | 300 sec total\n|\n|t:|1783549643\n|switch|p2a: Polteageist|Polteageist-Antique, L78|222/222\n|move|p1a: Donphan|Rapid Spin|p2a: Polteageist\n|-immune|p2a: Polteageist\n|\n|upkeep\n|turn|12\n|inactive|Time left: 300 sec this turn | 300 sec total\n|\n|t:|1783549644\n|move|p2a: Polteageist|Shell Smash|p2a: Polteageist\n|-unboost|p2a: Polteageist|def|1\n|-unboost|p2a: Polteageist|spd|1\n|-boost|p2a: Polteageist|atk|2\n|-boost|p2a: Polteageist|spa|2\n|-boost|p2a: Polteageist|spe|2\n|-enditem|p2a: Polteageist|White Herb\n|-clearnegativeboost|p2a: Polteageist|[silent]\n|move|p1a: Donphan|Knock Off|p2a: Polteageist\n|-supereffective|p2a: Polteageist\n|-damage|p2a: Polteageist|72/222\n|-start|p1a: Donphan|Disable|Knock Off|[from] ability: Cursed Body|[of] p2a: Polteageist\n|\n|upkeep\n|turn|13\n|inactive|Time left: 300 sec this turn | 300 sec total\n|\n|t:|1783549645\n|move|p2a: Polteageist|Strength Sap|p1a: Donphan\n|-unboost|p1a: Donphan|atk|1\n|-heal|p2a: Polteageist|222/222\n|move|p1a: Donphan|Earthquake|p2a: Polteageist\n|-damage|p2a: Polteageist|114/222\n|\n|upkeep\n|turn|14\n|inactive|Time left: 300 sec this turn | 300 sec total\n|\n|t:|1783549646\n|move|p2a: Polteageist|Strength Sap|p1a: Donphan\n|-unboost|p1a: Donphan|atk|1\n|-heal|p2a: Polteageist|222/222\n|move|p1a: Donphan|Earthquake|p2a: Polteageist\n|-damage|p2a: Polteageist|138/222\n|\n|upkeep\n|turn|15\n|inactive|Time left: 300 sec this turn | 300 sec total\n|\n|t:|1783549647\n|switch|p1a: Shiftry|Shiftry, L89, F|100/100\n|-activate|p1a: Shiftry|move: Sticky Web\n|-unboost|p1a: Shiftry|spe|1\n|-damage|p1a: Shiftry|88/100|[from] Stealth Rock\n|move|p2a: Polteageist|Strength Sap|p1a: Shiftry\n|-unboost|p1a: Shiftry|atk|1\n|-heal|p2a: Polteageist|222/222\n|\n|upkeep\n|turn|16\n|inactive|Time left: 300 sec this turn | 300 sec total\n|\n|t:|1783549648\n|move|p2a: Polteageist|Strength Sap|p1a: Shiftry\n|-unboost|p1a: Shiftry|atk|1\n|move|p1a: Shiftry|Swords Dance|p1a: Shiftry\n|-boost|p1a: Shiftry|atk|2\n|\n|upkeep\n|turn|17\n|inactive|Time left: 300 sec this turn | 300 sec total\n|\n|t:|1783549649\n|-terastallize|p2a: Polteageist|Dark\n|move|p2a: Polteageist|Strength Sap|p1a: Shiftry\n|-unboost|p1a: Shiftry|atk|1\n|move|p1a: Shiftry|Leaf Blade|p2a: Polteageist\n|-damage|p2a: Polteageist|93/222\n|-start|p1a: Shiftry|Disable|Leaf Blade|[from] ability: Cursed Body|[of] p2a: Polteageist\n|-damage|p1a: Shiftry|78/100|[from] item: Life Orb\n|\n|upkeep\n|turn|18\n|inactive|Time left: 300 sec this turn | 300 sec total\n|\n|t:|1783549650\n|move|p2a: Polteageist|Strength Sap|p1a: Shiftry\n|-unboost|p1a: Shiftry|atk|1\n|-heal|p2a: Polteageist|222/222\n|move|p1a: Shiftry|Swords Dance|p1a: Shiftry\n|-boost|p1a: Shiftry|atk|2\n|\n|upkeep\n|turn|19\n|inactive|Time left: 300 sec this turn | 300 sec total\n|\n|t:|1783549651\n|move|p2a: Polteageist|Shadow Ball|p1a: Shiftry\n|-resisted|p1a: Shiftry\n|-damage|p1a: Shiftry|39/100\n|move|p1a: Shiftry|Swords Dance|p1a: Shiftry\n|-boost|p1a: Shiftry|atk|2\n|\n|upkeep\n|turn|20\n|inactive|Time left: 300 sec this turn | 300 sec total\n|\n|t:|1783549652\n|move|p1a: Shiftry|Sucker Punch|p2a: Polteageist\n|-resisted|p2a: Polteageist\n|-damage|p2a: Polteageist|82/222\n|-damage|p1a: Shiftry|29/100|[from] item: Life Orb\n|move|p2a: Polteageist|Shadow Ball|p1a: Shiftry\n|-resisted|p1a: Shiftry\n|-damage|p1a: Shiftry|0 fnt\n|faint|p1a: Shiftry\n|\n|upkeep\n|\n|t:|1783549653\n|switch|p1a: Donphan|Donphan, L84, M|94/100\n|-activate|p1a: Donphan|move: Sticky Web\n|-unboost|p1a: Donphan|spe|1\n|-damage|p1a: Donphan|88/100|[from] Stealth Rock\n|turn|21\n|inactive|Time left: 300 sec this turn | 300 sec total\n|\n|t:|1783549654\n|move|p2a: Polteageist|Strength Sap|p1a: Donphan\n|-unboost|p1a: Donphan|atk|1\n|-heal|p2a: Polteageist|222/222\n|move|p1a: Donphan|Rapid Spin|p2a: Polteageist\n|-damage|p2a: Polteageist|185/222\n|-boost|p1a: Donphan|spe|1\n|-sideend|p1: p0x84091a7|Stealth Rock|[from] move: Rapid Spin|[of] p1a: Donphan\n|-sideend|p1: p0x84091a7|Sticky Web|[from] move: Rapid Spin|[of] p1a: Donphan\n|\n|upkeep\n|turn|22\n|inactive|Time left: 300 sec this turn | 300 sec total\n|\n|t:|1783549655\n|move|p2a: Polteageist|Stored Power|p1a: Donphan\n|-crit|p1a: Donphan\n|-damage|p1a: Donphan|0 fnt\n|faint|p1a: Donphan\n|\n|upkeep\n|\n|t:|1783549656\n|switch|p1a: Zebstrika|Zebstrika, L87, M|100/100\n|turn|23\n|inactive|Time left: 300 sec this turn | 300 sec total\n|\n|t:|1783549657\n|move|p2a: Polteageist|Stored Power|p1a: Zebstrika\n|-damage|p1a: Zebstrika|8/100\n|move|p1a: Zebstrika|Supercell Slam|p2a: Polteageist\n|-damage|p2a: Polteageist|0 fnt\n|faint|p2a: Polteageist\n|-damage|p1a: Zebstrika|0 fnt|[from] item: Life Orb\n|faint|p1a: Zebstrika\n|\n|upkeep\n|inactive|Time left: 300 sec this turn | 300 sec total | 5 sec grace\n|\n|t:|1783549658\n|switch|p1a: Enamorus|Enamorus, L79, F|100/100\n|switch|p2a: Ninetales|Ninetales, L85, F|263/263\n|-weather|SunnyDay|[from] ability: Drought|[of] p2a: Ninetales\n|turn|24\n|inactive|Time left: 300 sec this turn | 300 sec total\n|\n|t:|1783549659\n|move|p2a: Ninetales|Fire Blast|p1a: Enamorus\n|-damage|p1a: Enamorus|26/100\n|move|p1a: Enamorus|Earth Power|p2a: Ninetales\n|-supereffective|p2a: Ninetales\n|-damage|p2a: Ninetales|135/263\n|\n|-weather|SunnyDay|[upkeep]\n|-heal|p1a: Enamorus|32/100|[from] item: Leftovers\n|upkeep\n|turn|25\n|inactive|Time left: 300 sec this turn | 300 sec total\n|\n|t:|1783549660\n|move|p2a: Ninetales|Fire Blast|p1a: Enamorus\n|-damage|p1a: Enamorus|0 fnt\n|faint|p1a: Enamorus\n|\n|-weather|SunnyDay|[upkeep]\n|upkeep\n|\n|t:|1783549661\n|switch|p1a: Dialga|Dialga-Origin, L73|100/100\n|-ability|p1a: Dialga|Pressure\n|turn|26\n|inactive|Time left: 300 sec this turn | 300 sec total\n|\n|t:|1783549662\n|move|p2a: Ninetales|Fire Blast|p1a: Dialga|[miss]\n|-miss|p2a: Ninetales|p1a: Dialga\n|move|p1a: Dialga|Fire Blast|p2a: Ninetales\n|-resisted|p2a: Ninetales\n|-damage|p2a: Ninetales|78/263\n|\n|-weather|SunnyDay|[upkeep]\n|upkeep\n|turn|27\n|inactive|Time left: 300 sec this turn | 300 sec total\n|\n|t:|1783549664\n|move|p2a: Ninetales|Fire Blast|p1a: Dialga\n|-damage|p1a: Dialga|47/100\n|move|p1a: Dialga|Flash Cannon|p2a: Ninetales\n|-resisted|p2a: Ninetales\n|-damage|p2a: Ninetales|30/263\n|\n|-weather|SunnyDay|[upkeep]\n|upkeep\n|turn|28\n|inactive|Time left: 300 sec this turn | 300 sec total\n|\n|t:|1783549665\n|move|p2a: Ninetales|Fire Blast|p1a: Dialga\n|-damage|p1a: Dialga|0 fnt\n|faint|p1a: Dialga\n|\n|win|p0y8403dca", "uploadtime": 1783549665, "views": 0, "rating": 0, "private": 0, "password": null, "_winner": "p0y8403dca", "_our_name": "p0y8403dca"}