{"id": "battle-gen9randombattle-66", "formatid": "gen9randombattle", "format": "[Gen 9] Random Battle", "players": ["p0x0668dad", "p0y066be65"], "log": "|init|battle\n|title|p0x0668dad vs. p0y066be65\n|j|\u2606p0x0668dad\n|j|\u2606p0y066be65\n|t:|1783533988\n|gametype|singles\n|player|p1|p0x0668dad|2|\n|player|p2|p0y066be65|265|\n|gen|9\n|tier|[Gen 9] Random Battle\n|rule|Species Clause: Limit one of each Pok\u00e9mon\n|rule|HP Percentage Mod: HP is shown in percentages\n|rule|Sleep Clause Mod: Limit one foe put to sleep\n|rule|Illusion Level Mod: Illusion disguises the Pok\u00e9mon's true level\n|\n|t:|1783533988\n|teamsize|p1|6\n|teamsize|p2|6\n|start\n|switch|p1a: Bronzong|Bronzong, L88|100/100\n|switch|p2a: Carbink|Carbink, L90|236/236\n|turn|1\n|inactive|Battle timer is ON: inactive players will automatically lose when time's up. (requested by p0x0668dad)\n|inactive|Time left: 300 sec this turn | 300 sec total | 60 sec grace\n|inactive|p0y066be65 also wants the timer to be on.\n|\n|t:|1783533990\n|move|p2a: Carbink|Iron Defense|p2a: Carbink\n|-boost|p2a: Carbink|def|2\n|move|p1a: Bronzong|Iron Head|p2a: Carbink\n|-supereffective|p2a: Carbink\n|-damage|p2a: Carbink|124/236\n|\n|upkeep\n|turn|2\n|inactive|Time left: 300 sec this turn | 300 sec total\n|\n|t:|1783533991\n|move|p2a: Carbink|Body Press|p1a: Bronzong\n|-damage|p1a: Bronzong|41/100\n|move|p1a: Bronzong|Iron Head|p2a: Carbink\n|-supereffective|p2a: Carbink\n|-damage|p2a: Carbink|24/236\n|\n|-heal|p1a: Bronzong|47/100|[from] item: Leftovers\n|upkeep\n|turn|3\n|inactive|Time left: 300 sec this turn | 300 sec total\n|\n|t:|1783533992\n|move|p2a: Carbink|Rest|p2a: Carbink\n|-status|p2a: Carbink|slp|[from] move: Rest\n|-heal|p2a: Carbink|236/236 slp|[silent]\n|-enditem|p2a: Carbink|Chesto Berry|[eat]\n|-curestatus|p2a: Carbink|slp|[msg]\n|move|p1a: Bronzong|Iron Head|p2a: Carbink\n|-supereffective|p2a: Carbink\n|-damage|p2a: Carbink|136/236\n|\n|-heal|p1a: Bronzong|53/100|[from] item: Leftovers\n|upkeep\n|turn|4\n|inactive|Time left: 300 sec this turn | 300 sec total\n|\n|t:|1783533993\n|switch|p1a: Altaria|Altaria, L89, M|100/100\n|move|p2a: Carbink|Body Press|p1a: Altaria\n|-resisted|p1a: Altaria\n|-damage|p1a: Altaria|67/100\n|\n|upkeep\n|turn|5\n|inactive|Time left: 300 sec this turn | 300 sec total\n|\n|t:|1783533995\n|move|p1a: Altaria|Dragon Dance|p1a: Altaria\n|-boost|p1a: Altaria|atk|1\n|-boost|p1a: Altaria|spe|1\n|move|p2a: Carbink|Body Press|p1a: Altaria\n|-resisted|p1a: Altaria\n|-damage|p1a: Altaria|34/100\n|\n|upkeep\n|turn|6\n|inactive|Time left: 300 sec this turn | 300 sec total\n|\n|t:|1783533996\n|move|p1a: Altaria|Roost|p1a: Altaria\n|-heal|p1a: Altaria|84/100\n|-singleturn|p1a: Altaria|move: Roost\n|move|p2a: Carbink|Body Press|p1a: Altaria\n|-damage|p1a: Altaria|21/100\n|\n|upkeep\n|turn|7\n|inactive|Time left: 300 sec this turn | 300 sec total\n|\n|t:|1783533997\n|move|p1a: Altaria|Roost|p1a: Altaria\n|-heal|p1a: Altaria|71/100\n|-singleturn|p1a: Altaria|move: Roost\n|move|p2a: Carbink|Body Press|p1a: Altaria\n|-damage|p1a: Altaria|7/100\n|\n|upkeep\n|turn|8\n|inactive|Time left: 300 sec this turn | 300 sec total\n|\n|t:|1783533998\n|move|p1a: Altaria|Earthquake|p2a: Carbink\n|-supereffective|p2a: Carbink\n|-damage|p2a: Carbink|82/236\n|move|p2a: Carbink|Body Press|p1a: Altaria\n|-resisted|p1a: Altaria\n|-damage|p1a: Altaria|0 fnt\n|faint|p1a: Altaria\n|\n|upkeep\n|\n|t:|1783533999\n|switch|p1a: Charizard|Charizard, L85, F|100/100\n|turn|9\n|inactive|Time left: 300 sec this turn | 300 sec total\n|\n|t:|1783534000\n|move|p1a: Charizard|Will-O-Wisp|p2a: Carbink\n|-status|p2a: Carbink|brn\n|move|p2a: Carbink|Body Press|p1a: Charizard\n|-resisted|p1a: Charizard\n|-damage|p1a: Charizard|82/100\n|\n|-damage|p2a: Carbink|68/236 brn|[from] brn\n|upkeep\n|turn|10\n|inactive|Time left: 300 sec this turn | 300 sec total\n|\n|t:|1783534001\n|move|p1a: Charizard|Flamethrower|p2a: Carbink\n|-resisted|p2a: Carbink\n|-damage|p2a: Carbink|37/236 brn\n|move|p2a: Carbink|Rest|p2a: Carbink\n|-status|p2a: Carbink|slp|[from] move: Rest\n|-heal|p2a: Carbink|236/236 slp|[silent]\n|\n|upkeep\n|turn|11\n|inactive|Time left: 300 sec this turn | 300 sec total\n|\n|t:|1783534003\n|switch|p2a: Kyogre|Kyogre, L71|259/259\n|-weather|RainDance|[from] ability: Drizzle|[of] p2a: Kyogre\n|move|p1a: Charizard|Hurricane|p2a: Kyogre\n|-damage|p2a: Kyogre|150/259\n|\n|-weather|RainDance|[upkeep]\n|upkeep\n|turn|12\n|inactive|Time left: 300 sec this turn | 300 sec total\n|\n|t:|1783534004\n|switch|p1a: Hitmonlee|Hitmonlee, L85, M|100/100\n|move|p2a: Kyogre|Origin Pulse|p1a: Hitmonlee|[miss]\n|-miss|p2a: Kyogre|p1a: Hitmonlee\n|\n|-weather|RainDance|[upkeep]\n|upkeep\n|turn|13\n|inactive|Time left: 300 sec this turn | 300 sec total\n|\n|t:|1783534005\n|move|p2a: Kyogre|Origin Pulse|p1a: Hitmonlee|[miss]\n|-miss|p2a: Kyogre|p1a: Hitmonlee\n|move|p1a: Hitmonlee|Close Combat|p2a: Kyogre\n|-damage|p2a: Kyogre|0 fnt\n|-unboost|p1a: Hitmonlee|def|1\n|-unboost|p1a: Hitmonlee|spd|1\n|faint|p2a: Kyogre\n|-enditem|p1a: Hitmonlee|White Herb\n|-clearnegativeboost|p1a: Hitmonlee|[silent]\n|\n|-weather|RainDance|[upkeep]\n|upkeep\n|inactive|Time left: 300 sec this turn | 300 sec total | 5 sec grace\n|\n|t:|1783534006\n|switch|p2a: Okidogi|Okidogi, L77, M|262/262\n|turn|14\n|inactive|Time left: 300 sec this turn | 300 sec total\n|\n|t:|1783534007\n|switch|p1a: Charizard|Charizard, L85, F|82/100\n|move|p2a: Okidogi|Gunk Shot|p1a: Charizard\n|-crit|p1a: Charizard\n|-damage|p1a: Charizard|0 fnt\n|faint|p1a: Charizard\n|\n|-weather|RainDance|[upkeep]\n|upkeep\n|\n|t:|1783534008\n|switch|p1a: Bronzong|Bronzong, L88|53/100\n|turn|15\n|inactive|Time left: 300 sec this turn | 300 sec total\n|\n|t:|1783534009\n|-terastallize|p2a: Okidogi|Dark\n|move|p2a: Okidogi|Knock Off|p1a: Bronzong\n|-supereffective|p1a: Bronzong\n|-damage|p1a: Bronzong|0 fnt\n|-enditem|p1a: Bronzong|Leftovers|[from] move: Knock Off|[of] p2a: Okidogi\n|faint|p1a: Bronzong\n|\n|-weather|none\n|upkeep\n|\n|t:|1783534010\n|switch|p1a: Passimian|Passimian, L83, F|100/100\n|turn|16\n|inactive|Time left: 300 sec this turn | 300 sec total\n|\n|t:|1783534011\n|move|p1a: Passimian|Close Combat|p2a: Okidogi\n|-supereffective|p2a: Okidogi\n|-damage|p2a: Okidogi|0 fnt\n|-unboost|p1a: Passimian|def|1\n|-unboost|p1a: Passimian|spd|1\n|faint|p2a: Okidogi\n|\n|upkeep\n|inactive|Time left: 300 sec this turn | 300 sec total | 5 sec grace\n|\n|t:|1783534012\n|switch|p2a: Slowbro|Slowbro-Galar, L87, F|307/307\n|turn|17\n|inactive|Time left: 300 sec this turn | 300 sec total\n|\n|t:|1783534013\n|switch|p1a: Magmortar|Magmortar, L88, M|100/100\n|move|p2a: Slowbro|Psychic|p1a: Magmortar\n|-damage|p1a: Magmortar|66/100\n|\n|upkeep\n|turn|18\n|inactive|Time left: 300 sec this turn | 300 sec total\n|\n|t:|1783534014\n|move|p1a: Magmortar|Fire Blast|p2a: Slowbro\n|-damage|p2a: Slowbro|139/307\n|move|p2a: Slowbro|Psychic|p1a: Magmortar\n|-damage|p1a: Magmortar|32/100\n|\n|-heal|p2a: Slowbro|158/307|[from] item: Leftovers\n|upkeep\n|turn|19\n|inactive|Time left: 300 sec this turn | 300 sec total\n|\n|t:|1783534015\n|switch|p2a: Carbink|Carbink, L90|236/236 slp\n|move|p1a: Magmortar|Fire Blast|p2a: Carbink\n|-resisted|p2a: Carbink\n|-crit|p2a: Carbink\n|-damage|p2a: Carbink|161/236 slp\n|\n|upkeep\n|turn|20\n|inactive|Time left: 300 sec this turn | 300 sec total\n|\n|t:|1783534016\n|switch|p2a: Slowbro|Slowbro-Galar, L87, F|260/307\n|move|p1a: Magmortar|Earthquake|p2a: Slowbro\n|-supereffective|p2a: Slowbro\n|-damage|p2a: Slowbro|110/307\n|\n|-heal|p2a: Slowbro|129/307|[from] item: Leftovers\n|upkeep\n|turn|21\n|inactive|Time left: 300 sec this turn | 300 sec total\n|\n|t:|1783534017\n|switch|p2a: Volcarona|Volcarona, L77, M|257/257\n|move|p1a: Magmortar|Fire Blast|p2a: Volcarona\n|-damage|p2a: Volcarona|118/257\n|\n|upkeep\n|turn|22\n|inactive|Time left: 300 sec this turn | 300 sec total\n|\n|t:|1783534018\n|move|p2a: Volcarona|Quiver Dance|p2a: Volcarona\n|-boost|p2a: Volcarona|spa|1\n|-boost|p2a: Volcarona|spd|1\n|-boost|p2a: Volcarona|spe|1\n|move|p1a: Magmortar|Fire Blast|p2a: Volcarona|[miss]\n|-miss|p1a: Magmortar|p2a: Volcarona\n|\n|upkeep\n|turn|23\n|inactive|Time left: 300 sec this turn | 300 sec total\n|\n|t:|1783534019\n|move|p2a: Volcarona|Quiver Dance|p2a: Volcarona\n|-boost|p2a: Volcarona|spa|1\n|-boost|p2a: Volcarona|spd|1\n|-boost|p2a: Volcarona|spe|1\n|move|p1a: Magmortar|Earthquake|p2a: Volcarona\n|-damage|p2a: Volcarona|9/257\n|\n|upkeep\n|turn|24\n|inactive|Time left: 300 sec this turn | 300 sec total\n|\n|t:|1783534020\n|move|p2a: Volcarona|Tera Blast|p1a: Magmortar\n|-damage|p1a: Magmortar|0 fnt\n|faint|p1a: Magmortar\n|\n|upkeep\n|\n|t:|1783534022\n|switch|p1a: Hitmonlee|Hitmonlee, L85, M|100/100\n|turn|25\n|inactive|Time left: 300 sec this turn | 300 sec total\n|\n|t:|1783534023\n|move|p2a: Volcarona|Fire Blast|p1a: Hitmonlee\n|-damage|p1a: Hitmonlee|6/100\n|move|p1a: Hitmonlee|Knock Off|p2a: Volcarona\n|-damage|p2a: Volcarona|0 fnt\n|-status|p1a: Hitmonlee|brn|[from] ability: Flame Body|[of] p2a: Volcarona\n|-enditem|p2a: Volcarona|Heavy-Duty Boots|[from] move: Knock Off|[of] p1a: Hitmonlee\n|faint|p2a: Volcarona\n|\n|-damage|p1a: Hitmonlee|0 fnt|[from] brn\n|faint|p1a: Hitmonlee\n|upkeep\n|inactive|Time left: 300 sec this turn | 300 sec total | 5 sec grace\n|\n|t:|1783534024\n|switch|p2a: Slowbro|Slowbro-Galar, L87, F|231/307\n|switch|p1a: Passimian|Passimian, L83, F|100/100\n|turn|26\n|inactive|Time left: 300 sec this turn | 300 sec total\n|\n|t:|1783534024\n|move|p1a: Passimian|Earthquake|p2a: Slowbro\n|-supereffective|p2a: Slowbro\n|-damage|p2a: Slowbro|0 fnt\n|faint|p2a: Slowbro\n|\n|upkeep\n|inactive|Time left: 300 sec this turn | 300 sec total | 5 sec grace\n|\n|t:|1783534025\n|switch|p2a: Carbink|Carbink, L90|219/219\n|turn|27\n|inactive|Time left: 300 sec this turn | 300 sec total\n|\n|t:|1783534026\n|move|p2a: Carbink|Will-O-Wisp|p1a: Passimian\n|-status|p1a: Passimian|brn\n|move|p1a: Passimian|Earthquake|p2a: Carbink\n|-damage|p2a: Carbink|139/219\n|replace|p2a: Zoroark|Zoroark-Hisui, L80, F\n|-end|p2a: Zoroark|Illusion\n|-hint|Illusion Level Mod is active, so this Pok\u00e9mon's true level was hidden.\n|\n|-damage|p1a: Passimian|95/100 brn|[from] brn\n|upkeep\n|turn|28\n|inactive|Time left: 300 sec this turn | 300 sec total\n|\n|t:|1783534027\n|move|p2a: Zoroark|Hyper Voice|p1a: Passimian\n|-damage|p1a: Passimian|27/100 brn\n|-damage|p2a: Zoroark|118/219|[from] item: Life Orb\n|move|p1a: Passimian|Earthquake|p2a: Zoroark\n|-damage|p2a: Zoroark|30/219\n|\n|-damage|p1a: Passimian|21/100 brn|[from] brn\n|upkeep\n|turn|29\n|inactive|Time left: 300 sec this turn | 300 sec total\n|\n|t:|1783534028\n|move|p2a: Zoroark|Hyper Voice|p1a: Passimian\n|-damage|p1a: Passimian|0 fnt\n|faint|p1a: Passimian\n|-damage|p2a: Zoroark|9/219|[from] item: Life Orb\n|\n|win|p0y066be65", "uploadtime": 1783534028, "views": 0, "rating": 0, "private": 0, "password": null, "_winner": "p0y066be65", "_our_name": "p0y066be65"}