{"id": "battle-gen9randombattle-142", "formatid": "gen9randombattle", "format": "[Gen 9] Random Battle", "players": ["p0x142b8d6", "p0y142da03"], "log": "|init|battle\n|title|p0x142b8d6 vs. p0y142da03\n|j|\u2606p0x142b8d6\n|j|\u2606p0y142da03\n|t:|1783540814\n|gametype|singles\n|player|p1|p0x142b8d6|266|\n|player|p2|p0y142da03|265|\n|gen|9\n|tier|[Gen 9] Random Battle\n|rule|Species Clause: Limit one of each Pok\u00e9mon\n|rule|HP Percentage Mod: HP is shown in percentages\n|rule|Sleep Clause Mod: Limit one foe put to sleep\n|rule|Illusion Level Mod: Illusion disguises the Pok\u00e9mon's true level\n|\n|t:|1783540814\n|teamsize|p1|6\n|teamsize|p2|6\n|start\n|switch|p1a: Entei|Entei, L78|100/100\n|switch|p2a: Azelf|Azelf, L82|257/257\n|turn|1\n|inactive|Battle timer is ON: inactive players will automatically lose when time's up. (requested by p0x142b8d6)\n|inactive|Time left: 300 sec this turn | 300 sec total | 60 sec grace\n|inactive|p0y142da03 also wants the timer to be on.\n|\n|t:|1783540816\n|move|p2a: Azelf|Knock Off|p1a: Entei\n|-damage|p1a: Entei|72/100\n|-enditem|p1a: Entei|Choice Band|[from] move: Knock Off|[of] p2a: Azelf\n|move|p1a: Entei|Sacred Fire|p2a: Azelf|[miss]\n|-miss|p1a: Entei|p2a: Azelf\n|\n|upkeep\n|turn|2\n|inactive|Time left: 300 sec this turn | 300 sec total\n|\n|t:|1783540817\n|move|p2a: Azelf|Stealth Rock|p1a: Entei\n|-sidestart|p1: p0x142b8d6|move: Stealth Rock\n|move|p1a: Entei|Sacred Fire|p2a: Azelf\n|-damage|p2a: Azelf|118/257\n|\n|upkeep\n|turn|3\n|inactive|Time left: 300 sec this turn | 300 sec total\n|\n|t:|1783540818\n|switch|p2a: Probopass|Probopass, L91, F|257/257\n|move|p1a: Entei|Sacred Fire|p2a: Probopass\n|-damage|p2a: Probopass|188/257\n|\n|upkeep\n|turn|4\n|inactive|Time left: 300 sec this turn | 300 sec total\n|\n|t:|1783540819\n|move|p1a: Entei|Sacred Fire|p2a: Probopass\n|-damage|p2a: Probopass|119/257\n|move|p2a: Probopass|Power Gem|p1a: Entei\n|-supereffective|p1a: Entei\n|-damage|p1a: Entei|7/100\n|\n|upkeep\n|turn|5\n|inactive|Time left: 300 sec this turn | 300 sec total\n|\n|t:|1783540820\n|switch|p1a: Sandslash|Sandslash, L89, F|100/100\n|-damage|p1a: Sandslash|94/100|[from] Stealth Rock\n|move|p2a: Probopass|Rest|p2a: Probopass\n|-status|p2a: Probopass|slp|[from] move: Rest\n|-heal|p2a: Probopass|257/257 slp|[silent]\n|-enditem|p2a: Probopass|Chesto Berry|[eat]\n|-curestatus|p2a: Probopass|slp|[msg]\n|\n|-heal|p1a: Sandslash|100/100|[from] item: Leftovers\n|upkeep\n|turn|6\n|inactive|Time left: 300 sec this turn | 300 sec total\n|\n|t:|1783540821\n|switch|p2a: Frosmoth|Frosmoth, L82, F|249/249\n|move|p1a: Sandslash|Rapid Spin|p2a: Frosmoth\n|-damage|p2a: Frosmoth|190/249\n|-boost|p1a: Sandslash|spe|1\n|-sideend|p1: p0x142b8d6|Stealth Rock|[from] move: Rapid Spin|[of] p1a: Sandslash\n|\n|upkeep\n|turn|7\n|inactive|Time left: 300 sec this turn | 300 sec total\n|\n|t:|1783540822\n|move|p1a: Sandslash|Stone Edge|p2a: Frosmoth\n|-supereffective|p2a: Frosmoth\n|-damage|p2a: Frosmoth|0 fnt\n|faint|p2a: Frosmoth\n|\n|upkeep\n|inactive|Time left: 300 sec this turn | 300 sec total | 5 sec grace\n|\n|t:|1783540823\n|switch|p2a: Iron Bundle|Iron Bundle, L78|215/215\n|turn|8\n|inactive|Time left: 300 sec this turn | 300 sec total\n|\n|t:|1783540824\n|switch|p1a: Entei|Entei, L78|7/100\n|move|p2a: Iron Bundle|Freeze-Dry|p1a: Entei\n|-resisted|p1a: Entei\n|-damage|p1a: Entei|0 fnt\n|faint|p1a: Entei\n|\n|upkeep\n|\n|t:|1783540825\n|switch|p1a: Toxicroak|Toxicroak, L84, M|100/100\n|turn|9\n|inactive|Time left: 300 sec this turn | 300 sec total\n|\n|t:|1783540826\n|move|p2a: Iron Bundle|Ice Beam|p1a: Toxicroak\n|-damage|p1a: Toxicroak|54/100\n|move|p1a: Toxicroak|Close Combat|p2a: Iron Bundle\n|-supereffective|p2a: Iron Bundle\n|-damage|p2a: Iron Bundle|0 fnt\n|-unboost|p1a: Toxicroak|def|1\n|-unboost|p1a: Toxicroak|spd|1\n|faint|p2a: Iron Bundle\n|-end|p2a: Iron Bundle|Quark Drive|[silent]\n|-damage|p1a: Toxicroak|44/100|[from] item: Life Orb\n|\n|upkeep\n|inactive|Time left: 300 sec this turn | 300 sec total | 5 sec grace\n|\n|t:|1783540827\n|switch|p2a: Azelf|Azelf, L82|118/257\n|turn|10\n|inactive|Time left: 300 sec this turn | 300 sec total\n|\n|t:|1783540828\n|switch|p1a: Sandslash|Sandslash, L89, F|100/100\n|move|p2a: Azelf|Psychic|p1a: Sandslash\n|-damage|p1a: Sandslash|47/100\n|\n|-heal|p1a: Sandslash|53/100|[from] item: Leftovers\n|upkeep\n|turn|11\n|inactive|Time left: 300 sec this turn | 300 sec total\n|\n|t:|1783540829\n|move|p2a: Azelf|Psychic|p1a: Sandslash\n|-damage|p1a: Sandslash|0 fnt\n|faint|p1a: Sandslash\n|\n|upkeep\n|\n|t:|1783540831\n|switch|p1a: Feraligatr|Feraligatr, L79, F|100/100\n|turn|12\n|inactive|Time left: 300 sec this turn | 300 sec total\n|\n|t:|1783540832\n|move|p2a: Azelf|Psychic|p1a: Feraligatr\n|-damage|p1a: Feraligatr|56/100\n|move|p1a: Feraligatr|Dragon Dance|p1a: Feraligatr\n|-boost|p1a: Feraligatr|atk|1\n|-boost|p1a: Feraligatr|spe|1\n|\n|upkeep\n|turn|13\n|inactive|Time left: 300 sec this turn | 300 sec total\n|\n|t:|1783540832\n|switch|p2a: Azumarill|Azumarill, L82, M|298/298\n|move|p1a: Feraligatr|Liquidation|p2a: Azumarill\n|-resisted|p2a: Azumarill\n|-damage|p2a: Azumarill|177/298\n|\n|upkeep\n|turn|14\n|inactive|Time left: 300 sec this turn | 300 sec total\n|\n|t:|1783540834\n|move|p1a: Feraligatr|Trailblaze|p2a: Azumarill\n|-supereffective|p2a: Azumarill\n|-damage|p2a: Azumarill|0 fnt\n|faint|p2a: Azumarill\n|\n|upkeep\n|inactive|Time left: 300 sec this turn | 300 sec total | 5 sec grace\n|\n|t:|1783540834\n|switch|p2a: Probopass|Probopass, L91, F|257/257\n|turn|15\n|inactive|Time left: 300 sec this turn | 300 sec total\n|\n|t:|1783540835\n|-terastallize|p2a: Probopass|Fighting\n|move|p1a: Feraligatr|Liquidation|p2a: Probopass\n|-damage|p2a: Probopass|113/257\n|move|p2a: Probopass|Body Press|p1a: Feraligatr\n|-damage|p1a: Feraligatr|3/100\n|\n|upkeep\n|turn|16\n|inactive|Time left: 300 sec this turn | 300 sec total\n|\n|t:|1783540836\n|move|p1a: Feraligatr|Liquidation|p2a: Probopass\n|-crit|p2a: Probopass\n|-damage|p2a: Probopass|0 fnt\n|faint|p2a: Probopass\n|\n|upkeep\n|inactive|Time left: 300 sec this turn | 300 sec total | 5 sec grace\n|\n|t:|1783540837\n|switch|p2a: Grafaiai|Grafaiai, L86, M|249/249\n|turn|17\n|inactive|Time left: 300 sec this turn | 300 sec total\n|\n|t:|1783540838\n|switch|p2a: Azelf|Azelf, L82|118/257\n|move|p1a: Feraligatr|Liquidation|p2a: Azelf\n|-damage|p2a: Azelf|0 fnt\n|faint|p2a: Azelf\n|\n|upkeep\n|inactive|Time left: 300 sec this turn | 300 sec total | 5 sec grace\n|\n|t:|1783540839\n|switch|p2a: Grafaiai|Grafaiai, L86, M|249/249\n|turn|18\n|inactive|Time left: 300 sec this turn | 300 sec total\n|\n|t:|1783540840\n|-terastallize|p1a: Feraligatr|Grass\n|move|p1a: Feraligatr|Liquidation|p2a: Grafaiai\n|-damage|p2a: Grafaiai|0 fnt\n|faint|p2a: Grafaiai\n|\n|win|p0x142b8d6", "uploadtime": 1783540840, "views": 0, "rating": 0, "private": 0, "password": null, "_winner": "p0x142b8d6", "_our_name": "p0y142da03"}