{"id": "battle-gen9randombattle-64", "formatid": "gen9randombattle", "format": "[Gen 9] Random Battle", "players": ["p0x064b7f0", "p0y064f79d"], "log": "|init|battle\n|title|p0x064b7f0 vs. p0y064f79d\n|j|\u2606p0x064b7f0\n|j|\u2606p0y064f79d\n|t:|1783533981\n|gametype|singles\n|player|p1|p0x064b7f0|1|\n|player|p2|p0y064f79d|170|\n|gen|9\n|tier|[Gen 9] Random Battle\n|rule|Species Clause: Limit one of each Pok\u00e9mon\n|rule|HP Percentage Mod: HP is shown in percentages\n|rule|Sleep Clause Mod: Limit one foe put to sleep\n|rule|Illusion Level Mod: Illusion disguises the Pok\u00e9mon's true level\n|\n|t:|1783533981\n|teamsize|p1|6\n|teamsize|p2|6\n|start\n|switch|p1a: Magearna|Magearna-Original, L77|100/100\n|switch|p2a: Hatterene|Hatterene, L85, F|236/236\n|turn|1\n|inactive|Battle timer is ON: inactive players will automatically lose when time's up. (requested by p0x064b7f0)\n|inactive|Time left: 300 sec this turn | 300 sec total | 60 sec grace\n|inactive|p0y064f79d also wants the timer to be on.\n|\n|t:|1783533982\n|move|p1a: Magearna|Shift Gear|p1a: Magearna\n|-boost|p1a: Magearna|spe|2\n|-boost|p1a: Magearna|atk|1\n|move|p2a: Hatterene|Calm Mind|p2a: Hatterene\n|-boost|p2a: Hatterene|spa|1\n|-boost|p2a: Hatterene|spd|1\n|\n|upkeep\n|turn|2\n|inactive|Time left: 300 sec this turn | 300 sec total\n|\n|t:|1783533983\n|move|p1a: Magearna|Iron Head|p2a: Hatterene\n|-supereffective|p2a: Hatterene\n|-damage|p2a: Hatterene|32/236\n|cant|p2a: Hatterene|flinch\n|\n|-heal|p2a: Hatterene|46/236|[from] item: Leftovers\n|upkeep\n|turn|3\n|inactive|Time left: 300 sec this turn | 300 sec total\n|\n|t:|1783533984\n|switch|p2a: Torkoal|Torkoal, L88, M|266/266\n|-weather|SunnyDay|[from] ability: Drought|[of] p2a: Torkoal\n|move|p1a: Magearna|Iron Head|p2a: Torkoal\n|-resisted|p2a: Torkoal\n|-damage|p2a: Torkoal|232/266\n|\n|-weather|SunnyDay|[upkeep]\n|upkeep\n|turn|4\n|inactive|Time left: 300 sec this turn | 300 sec total\n|\n|t:|1783533985\n|move|p1a: Magearna|Shift Gear|p1a: Magearna\n|-boost|p1a: Magearna|spe|2\n|-boost|p1a: Magearna|atk|1\n|move|p2a: Torkoal|Fire Blast|p1a: Magearna\n|-supereffective|p1a: Magearna\n|-damage|p1a: Magearna|0 fnt\n|faint|p1a: Magearna\n|\n|-weather|SunnyDay|[upkeep]\n|upkeep\n|\n|t:|1783533986\n|switch|p1a: Pelipper|Pelipper, L86, F|100/100\n|-weather|RainDance|[from] ability: Drizzle|[of] p1a: Pelipper\n|turn|5\n|inactive|Time left: 300 sec this turn | 300 sec total\n|\n|t:|1783533987\n|switch|p2a: Hatterene|Hatterene, L85, F|46/236\n|move|p1a: Pelipper|Weather Ball|p2a: Hatterene\n|-damage|p2a: Hatterene|0 fnt\n|faint|p2a: Hatterene\n|\n|-weather|RainDance|[upkeep]\n|upkeep\n|inactive|Time left: 300 sec this turn | 300 sec total | 5 sec grace\n|\n|t:|1783533988\n|switch|p2a: Magmortar|Magmortar, L88, M|275/275\n|turn|6\n|inactive|Time left: 300 sec this turn | 300 sec total\n|\n|t:|1783533990\n|move|p2a: Magmortar|Thunderbolt|p1a: Pelipper\n|-supereffective|p1a: Pelipper\n|-damage|p1a: Pelipper|0 fnt\n|faint|p1a: Pelipper\n|\n|-weather|RainDance|[upkeep]\n|upkeep\n|\n|t:|1783533991\n|switch|p1a: Piloswine|Piloswine, L85, M|100/100\n|turn|7\n|inactive|Time left: 300 sec this turn | 300 sec total\n|\n|t:|1783533992\n|move|p2a: Magmortar|Will-O-Wisp|p1a: Piloswine\n|-status|p1a: Piloswine|brn\n|move|p1a: Piloswine|Earthquake|p2a: Magmortar\n|-supereffective|p2a: Magmortar\n|-damage|p2a: Magmortar|134/275\n|\n|-weather|RainDance|[upkeep]\n|-damage|p1a: Piloswine|94/100 brn|[from] brn\n|upkeep\n|turn|8\n|inactive|Time left: 300 sec this turn | 300 sec total\n|\n|t:|1783533993\n|switch|p2a: Tauros|Tauros-Paldea-Combat, L82, M|257/257\n|-ability|p2a: Tauros|Intimidate|boost\n|-unboost|p1a: Piloswine|atk|1\n|move|p1a: Piloswine|Earthquake|p2a: Tauros\n|-damage|p2a: Tauros|221/257\n|\n|-weather|RainDance|[upkeep]\n|-damage|p1a: Piloswine|88/100 brn|[from] brn\n|upkeep\n|turn|9\n|inactive|Time left: 300 sec this turn | 300 sec total\n|\n|t:|1783533994\n|switch|p1a: Manaphy|Manaphy, L78|100/100\n|move|p2a: Tauros|Close Combat|p1a: Manaphy\n|-crit|p1a: Manaphy\n|-damage|p1a: Manaphy|2/100\n|-unboost|p2a: Tauros|def|1\n|-unboost|p2a: Tauros|spd|1\n|\n|-weather|none\n|-heal|p1a: Manaphy|8/100|[from] item: Leftovers\n|upkeep\n|turn|10\n|inactive|Time left: 300 sec this turn | 300 sec total\n|\n|t:|1783533995\n|move|p2a: Tauros|Close Combat|p1a: Manaphy\n|-damage|p1a: Manaphy|0 fnt\n|-unboost|p2a: Tauros|def|1\n|-unboost|p2a: Tauros|spd|1\n|faint|p1a: Manaphy\n|\n|upkeep\n|\n|t:|1783533996\n|switch|p1a: Zacian|Zacian, L69|100/100\n|-ability|p1a: Zacian|Intrepid Sword|boost\n|-boost|p1a: Zacian|atk|1\n|turn|11\n|inactive|Time left: 300 sec this turn | 300 sec total\n|\n|t:|1783533998\n|switch|p2a: Torkoal|Torkoal, L88, M|232/266\n|-weather|SunnyDay|[from] ability: Drought|[of] p2a: Torkoal\n|move|p1a: Zacian|Close Combat|p2a: Torkoal\n|-damage|p2a: Torkoal|133/266\n|-unboost|p1a: Zacian|def|1\n|-unboost|p1a: Zacian|spd|1\n|\n|-weather|SunnyDay|[upkeep]\n|upkeep\n|turn|12\n|inactive|Time left: 300 sec this turn | 300 sec total\n|\n|t:|1783533999\n|switch|p2a: Golurk|Golurk, L87|297/297\n|-terastallize|p1a: Zacian|Fighting\n|move|p1a: Zacian|Close Combat|p2a: Golurk\n|-immune|p2a: Golurk\n|\n|-weather|SunnyDay|[upkeep]\n|upkeep\n|turn|13\n|inactive|Time left: 300 sec this turn | 300 sec total\n|\n|t:|1783534000\n|switch|p1a: Piloswine|Piloswine, L85, M|88/100 brn\n|move|p2a: Golurk|Poltergeist|p1a: Piloswine\n|-activate|p1a: Piloswine|move: Poltergeist|Eviolite\n|-damage|p1a: Piloswine|44/100 brn\n|-damage|p2a: Golurk|268/297|[from] item: Life Orb\n|\n|-weather|SunnyDay|[upkeep]\n|-damage|p1a: Piloswine|38/100 brn|[from] brn\n|upkeep\n|turn|14\n|inactive|Time left: 300 sec this turn | 300 sec total\n|\n|t:|1783534001\n|move|p2a: Golurk|Poltergeist|p1a: Piloswine\n|-activate|p1a: Piloswine|move: Poltergeist|Eviolite\n|-damage|p1a: Piloswine|0 fnt\n|faint|p1a: Piloswine\n|-damage|p2a: Golurk|239/297|[from] item: Life Orb\n|\n|-weather|SunnyDay|[upkeep]\n|upkeep\n|\n|t:|1783534002\n|switch|p1a: Zacian|Zacian, L69, tera:Fighting|100/100\n|turn|15\n|inactive|Time left: 300 sec this turn | 300 sec total\n|\n|t:|1783534003\n|move|p1a: Zacian|Play Rough|p2a: Golurk\n|-damage|p2a: Golurk|115/297\n|move|p2a: Golurk|Dynamic Punch|p1a: Zacian\n|-damage|p1a: Zacian|50/100\n|-start|p1a: Zacian|confusion\n|-damage|p2a: Golurk|86/297|[from] item: Life Orb\n|\n|-weather|none\n|upkeep\n|turn|16\n|inactive|Time left: 300 sec this turn | 300 sec total\n|\n|t:|1783534004\n|-activate|p1a: Zacian|confusion\n|move|p1a: Zacian|Play Rough|p2a: Golurk\n|-damage|p2a: Golurk|0 fnt\n|faint|p2a: Golurk\n|\n|upkeep\n|inactive|Time left: 300 sec this turn | 300 sec total | 5 sec grace\n|\n|t:|1783534005\n|switch|p2a: Magmortar|Magmortar, L88, M|134/275\n|turn|17\n|inactive|Time left: 300 sec this turn | 300 sec total\n|\n|t:|1783534006\n|switch|p1a: Toedscruel|Toedscruel, L87, M|100/100\n|move|p2a: Magmortar|Fire Blast|p1a: Toedscruel|[miss]\n|-miss|p2a: Magmortar|p1a: Toedscruel\n|\n|upkeep\n|turn|18\n|inactive|Time left: 300 sec this turn | 300 sec total\n|\n|t:|1783534007\n|switch|p2a: Tauros|Tauros-Paldea-Combat, L82, M|221/257\n|-ability|p2a: Tauros|Intimidate|boost\n|-unboost|p1a: Toedscruel|atk|1\n|move|p1a: Toedscruel|Earth Power|p2a: Tauros\n|-damage|p2a: Tauros|110/257\n|\n|upkeep\n|turn|19\n|inactive|Time left: 300 sec this turn | 300 sec total\n|\n|t:|1783534008\n|move|p1a: Toedscruel|Earth Power|p2a: Tauros\n|-damage|p2a: Tauros|11/257\n|move|p2a: Tauros|Close Combat|p1a: Toedscruel\n|-damage|p1a: Toedscruel|22/100\n|-unboost|p2a: Tauros|def|1\n|-unboost|p2a: Tauros|spd|1\n|\n|upkeep\n|turn|20\n|inactive|Time left: 300 sec this turn | 300 sec total\n|\n|t:|1783534009\n|switch|p2a: Sableye|Sableye, L88, M|231/231\n|move|p1a: Toedscruel|Earth Power|p2a: Sableye\n|-damage|p2a: Sableye|117/231\n|\n|-heal|p2a: Sableye|131/231|[from] item: Leftovers\n|upkeep\n|turn|21\n|inactive|Time left: 300 sec this turn | 300 sec total\n|\n|t:|1783534010\n|move|p2a: Sableye|Recover|p2a: Sableye\n|-heal|p2a: Sableye|231/231\n|move|p1a: Toedscruel|Earth Power|p2a: Sableye\n|-damage|p2a: Sableye|120/231\n|\n|-heal|p2a: Sableye|134/231|[from] item: Leftovers\n|upkeep\n|turn|22\n|inactive|Time left: 300 sec this turn | 300 sec total\n|\n|t:|1783534011\n|move|p2a: Sableye|Recover|p2a: Sableye\n|-heal|p2a: Sableye|231/231\n|move|p1a: Toedscruel|Earth Power|p2a: Sableye\n|-damage|p2a: Sableye|120/231\n|\n|-heal|p2a: Sableye|134/231|[from] item: Leftovers\n|upkeep\n|turn|23\n|inactive|Time left: 300 sec this turn | 300 sec total\n|\n|t:|1783534012\n|move|p1a: Toedscruel|Earth Power|p2a: Sableye\n|-damage|p2a: Sableye|20/231\n|move|p2a: Sableye|Knock Off|p1a: Toedscruel\n|-damage|p1a: Toedscruel|0 fnt\n|-enditem|p1a: Toedscruel|Assault Vest|[from] move: Knock Off|[of] p2a: Sableye\n|faint|p1a: Toedscruel\n|\n|-heal|p2a: Sableye|34/231|[from] item: Leftovers\n|upkeep\n|\n|t:|1783534013\n|switch|p1a: Zacian|Zacian, L69, tera:Fighting|50/100\n|turn|24\n|inactive|Time left: 300 sec this turn | 300 sec total\n|\n|t:|1783534015\n|switch|p2a: Tauros|Tauros-Paldea-Combat, L82, M|11/257\n|-ability|p2a: Tauros|Intimidate|boost\n|-unboost|p1a: Zacian|atk|1\n|move|p1a: Zacian|Play Rough|p2a: Tauros\n|-supereffective|p2a: Tauros\n|-damage|p2a: Tauros|0 fnt\n|faint|p2a: Tauros\n|\n|upkeep\n|inactive|Time left: 300 sec this turn | 300 sec total | 5 sec grace\n|\n|t:|1783534015\n|switch|p2a: Torkoal|Torkoal, L88, M|133/266\n|-weather|SunnyDay|[from] ability: Drought|[of] p2a: Torkoal\n|turn|25\n|inactive|Time left: 300 sec this turn | 300 sec total\n|\n|t:|1783534016\n|move|p1a: Zacian|Play Rough|p2a: Torkoal\n|-resisted|p2a: Torkoal\n|-damage|p2a: Torkoal|109/266\n|move|p2a: Torkoal|Fire Blast|p1a: Zacian\n|-damage|p1a: Zacian|0 fnt\n|faint|p1a: Zacian\n|\n|win|p0y064f79d", "uploadtime": 1783534016, "views": 0, "rating": 0, "private": 0, "password": null, "_winner": "p0y064f79d", "_our_name": "p0y064f79d"}