{"id": "battle-gen9randombattle-1059", "formatid": "gen9randombattle", "format": "[Gen 9] Random Battle", "players": ["p0x1059dbc9", "p0y1059c4f3"], "log": "|init|battle\n|title|p0x1059dbc9 vs. p0y1059c4f3\n|j|\u2606p0x1059dbc9\n|j|\u2606p0y1059c4f3\n|t:|1783552163\n|gametype|singles\n|player|p1|p0x1059dbc9|102|\n|player|p2|p0y1059c4f3|101|\n|gen|9\n|tier|[Gen 9] Random Battle\n|rule|Species Clause: Limit one of each Pok\u00e9mon\n|rule|HP Percentage Mod: HP is shown in percentages\n|rule|Sleep Clause Mod: Limit one foe put to sleep\n|rule|Illusion Level Mod: Illusion disguises the Pok\u00e9mon's true level\n|\n|t:|1783552163\n|teamsize|p1|6\n|teamsize|p2|6\n|start\n|switch|p1a: Swalot|Swalot, L90, M|100/100\n|switch|p2a: Walking Wake|Walking Wake, L79|286/286\n|turn|1\n|inactive|Battle timer is ON: inactive players will automatically lose when time's up. (requested by p0x1059dbc9)\n|inactive|Time left: 300 sec this turn | 300 sec total | 60 sec grace\n|inactive|p0y1059c4f3 also wants the timer to be on.\n|\n|t:|1783552165\n|move|p2a: Walking Wake|Hydro Pump|p1a: Swalot\n|-damage|p1a: Swalot|44/100\n|move|p1a: Swalot|Swords Dance|p1a: Swalot\n|-boost|p1a: Swalot|atk|2\n|\n|-heal|p1a: Swalot|50/100|[from] item: Leftovers\n|upkeep\n|turn|2\n|inactive|Time left: 300 sec this turn | 300 sec total\n|\n|t:|1783552166\n|switch|p1a: Appletun|Appletun, L92, F|100/100\n|move|p2a: Walking Wake|Hydro Pump|p1a: Appletun|[miss]\n|-miss|p2a: Walking Wake|p1a: Appletun\n|\n|upkeep\n|turn|3\n|inactive|Time left: 300 sec this turn | 300 sec total\n|\n|t:|1783552167\n|-end|p2a: Walking Wake|Protosynthesis|[silent]\n|switch|p2a: Araquanid|Araquanid, L82, F|246/246\n|move|p1a: Appletun|Draco Meteor|p2a: Araquanid\n|-damage|p2a: Araquanid|126/246\n|-unboost|p1a: Appletun|spa|2\n|\n|upkeep\n|turn|4\n|inactive|Time left: 300 sec this turn | 300 sec total\n|\n|t:|1783552168\n|switch|p1a: Ursaluna|Ursaluna, L79, M|100/100\n|move|p2a: Araquanid|Sticky Web|p1a: Ursaluna\n|-sidestart|p1: p0x1059dbc9|move: Sticky Web\n|\n|-status|p1a: Ursaluna|brn|[from] item: Flame Orb\n|upkeep\n|turn|5\n|inactive|Time left: 300 sec this turn | 300 sec total\n|\n|t:|1783552170\n|move|p1a: Ursaluna|Facade|p2a: Araquanid\n|-crit|p2a: Araquanid\n|-damage|p2a: Araquanid|0 fnt\n|faint|p2a: Araquanid\n|\n|-damage|p1a: Ursaluna|95/100 brn|[from] brn\n|upkeep\n|inactive|Time left: 300 sec this turn | 300 sec total | 5 sec grace\n|\n|t:|1783552171\n|switch|p2a: Walking Wake|Walking Wake, L79|286/286\n|turn|6\n|inactive|Time left: 300 sec this turn | 300 sec total\n|\n|t:|1783552172\n|-terastallize|p1a: Ursaluna|Normal\n|move|p2a: Walking Wake|Hydro Pump|p1a: Ursaluna\n|-damage|p1a: Ursaluna|31/100 brn\n|move|p1a: Ursaluna|Facade|p2a: Walking Wake\n|-damage|p2a: Walking Wake|0 fnt\n|faint|p2a: Walking Wake\n|-end|p2a: Walking Wake|Protosynthesis|[silent]\n|\n|-damage|p1a: Ursaluna|25/100 brn|[from] brn\n|upkeep\n|inactive|Time left: 300 sec this turn | 300 sec total | 5 sec grace\n|\n|t:|1783552173\n|switch|p2a: Hydreigon|Hydreigon, L79, M|275/275\n|turn|7\n|inactive|Time left: 300 sec this turn | 300 sec total\n|\n|t:|1783552174\n|switch|p1a: Kingambit|Kingambit, L74, M|100/100\n|-activate|p1a: Kingambit|move: Sticky Web\n|-unboost|p1a: Kingambit|spe|1\n|move|p2a: Hydreigon|Dark Pulse|p1a: Kingambit\n|-resisted|p1a: Kingambit\n|-damage|p1a: Kingambit|75/100\n|-damage|p2a: Hydreigon|248/275|[from] item: Life Orb\n|\n|-heal|p1a: Kingambit|81/100|[from] item: Leftovers\n|upkeep\n|turn|8\n|inactive|Time left: 300 sec this turn | 300 sec total\n|\n|t:|1783552175\n|move|p2a: Hydreigon|Nasty Plot|p2a: Hydreigon\n|-boost|p2a: Hydreigon|spa|2\n|move|p1a: Kingambit|Swords Dance|p1a: Kingambit\n|-boost|p1a: Kingambit|atk|2\n|\n|-heal|p1a: Kingambit|87/100|[from] item: Leftovers\n|upkeep\n|turn|9\n|inactive|Time left: 300 sec this turn | 300 sec total\n|\n|t:|1783552176\n|move|p2a: Hydreigon|Dark Pulse|p1a: Kingambit\n|-resisted|p1a: Kingambit\n|-damage|p1a: Kingambit|36/100\n|-damage|p2a: Hydreigon|221/275|[from] item: Life Orb\n|cant|p1a: Kingambit|flinch\n|\n|-heal|p1a: Kingambit|42/100|[from] item: Leftovers\n|upkeep\n|turn|10\n|inactive|Time left: 300 sec this turn | 300 sec total\n|\n|t:|1783552177\n|move|p1a: Kingambit|Sucker Punch|p2a: Hydreigon\n|-resisted|p2a: Hydreigon\n|-damage|p2a: Hydreigon|141/275\n|move|p2a: Hydreigon|Dark Pulse|p1a: Kingambit\n|-resisted|p1a: Kingambit\n|-damage|p1a: Kingambit|0 fnt\n|faint|p1a: Kingambit\n|-end|p1a: Kingambit|fallenundefined|[silent]\n|-damage|p2a: Hydreigon|114/275|[from] item: Life Orb\n|\n|upkeep\n|\n|t:|1783552178\n|switch|p1a: Appletun|Appletun, L92, F|100/100\n|-activate|p1a: Appletun|move: Sticky Web\n|-unboost|p1a: Appletun|spe|1\n|turn|11\n|inactive|Time left: 300 sec this turn | 300 sec total\n|\n|t:|1783552179\n|move|p2a: Hydreigon|Draco Meteor|p1a: Appletun\n|-supereffective|p1a: Appletun\n|-damage|p1a: Appletun|0 fnt\n|-unboost|p2a: Hydreigon|spa|2\n|faint|p1a: Appletun\n|-damage|p2a: Hydreigon|87/275|[from] item: Life Orb\n|\n|upkeep\n|\n|t:|1783552180\n|switch|p1a: Swalot|Swalot, L90, M|50/100\n|-activate|p1a: Swalot|move: Sticky Web\n|-unboost|p1a: Swalot|spe|1\n|turn|12\n|inactive|Time left: 300 sec this turn | 300 sec total\n|\n|t:|1783552181\n|move|p2a: Hydreigon|Nasty Plot|p2a: Hydreigon\n|-boost|p2a: Hydreigon|spa|2\n|move|p1a: Swalot|Gunk Shot|p2a: Hydreigon\n|-damage|p2a: Hydreigon|0 fnt\n|faint|p2a: Hydreigon\n|\n|-heal|p1a: Swalot|56/100|[from] item: Leftovers\n|upkeep\n|inactive|Time left: 300 sec this turn | 300 sec total | 5 sec grace\n|\n|t:|1783552182\n|switch|p2a: Lycanroc|Lycanroc-Dusk, L81, F|254/254\n|turn|13\n|inactive|Time left: 300 sec this turn | 300 sec total\n|\n|t:|1783552183\n|move|p2a: Lycanroc|Swords Dance|p2a: Lycanroc\n|-boost|p2a: Lycanroc|atk|2\n|move|p1a: Swalot|Earthquake|p2a: Lycanroc\n|-supereffective|p2a: Lycanroc\n|-damage|p2a: Lycanroc|92/254\n|\n|-heal|p1a: Swalot|62/100|[from] item: Leftovers\n|upkeep\n|turn|14\n|inactive|Time left: 300 sec this turn | 300 sec total\n|\n|t:|1783552184\n|move|p2a: Lycanroc|Stone Edge|p1a: Swalot\n|-crit|p1a: Swalot\n|-damage|p1a: Swalot|0 fnt\n|faint|p1a: Swalot\n|-damage|p2a: Lycanroc|67/254|[from] item: Life Orb\n|\n|upkeep\n|\n|t:|1783552185\n|switch|p1a: Giratina|Giratina-Origin, L72|100/100\n|turn|15\n|inactive|Time left: 300 sec this turn | 300 sec total\n|\n|t:|1783552186\n|move|p1a: Giratina|Shadow Sneak|p2a: Lycanroc\n|-damage|p2a: Lycanroc|9/254\n|move|p2a: Lycanroc|Stone Edge|p1a: Giratina|[miss]\n|-miss|p2a: Lycanroc|p1a: Giratina\n|\n|upkeep\n|turn|16\n|inactive|Time left: 300 sec this turn | 300 sec total\n|\n|t:|1783552188\n|move|p2a: Lycanroc|Accelerock|p1a: Giratina\n|-damage|p1a: Giratina|52/100\n|-damage|p2a: Lycanroc|0 fnt|[from] item: Life Orb\n|faint|p2a: Lycanroc\n|move|p1a: Giratina|Shadow Sneak|p2: Lycanroc|[notarget]\n|-fail|p1a: Giratina\n|\n|upkeep\n|inactive|Time left: 300 sec this turn | 300 sec total | 5 sec grace\n|\n|t:|1783552189\n|switch|p2a: Pecharunt|Pecharunt, L77|262/262\n|turn|17\n|inactive|Time left: 300 sec this turn | 300 sec total\n|\n|t:|1783552190\n|move|p2a: Pecharunt|Shadow Ball|p1a: Giratina\n|-supereffective|p1a: Giratina\n|-damage|p1a: Giratina|12/100\n|move|p1a: Giratina|Defog|p2a: Pecharunt\n|-unboost|p2a: Pecharunt|evasion|1\n|-sideend|p1: p0x1059dbc9|Sticky Web|[from] move: Defog|[of] p1a: Giratina\n|\n|upkeep\n|turn|18\n|inactive|Time left: 300 sec this turn | 300 sec total\n|\n|t:|1783552191\n|move|p2a: Pecharunt|Malignant Chain|p1a: Giratina\n|-resisted|p1a: Giratina\n|-damage|p1a: Giratina|0 fnt\n|faint|p1a: Giratina\n|\n|upkeep\n|\n|t:|1783552192\n|switch|p1a: Iron Boulder|Iron Boulder, L77|100/100\n|-enditem|p1a: Iron Boulder|Booster Energy\n|-activate|p1a: Iron Boulder|ability: Quark Drive|[fromitem]\n|-start|p1a: Iron Boulder|quarkdrivespe\n|turn|19\n|inactive|Time left: 300 sec this turn | 300 sec total\n|\n|t:|1783552193\n|move|p1a: Iron Boulder|Swords Dance|p1a: Iron Boulder\n|-boost|p1a: Iron Boulder|atk|2\n|move|p2a: Pecharunt|Nasty Plot|p2a: Pecharunt\n|-boost|p2a: Pecharunt|spa|2\n|\n|upkeep\n|turn|20\n|inactive|Time left: 300 sec this turn | 300 sec total\n|\n|t:|1783552194\n|move|p1a: Iron Boulder|Swords Dance|p1a: Iron Boulder\n|-boost|p1a: Iron Boulder|atk|2\n|move|p2a: Pecharunt|Shadow Ball|p1a: Iron Boulder\n|-supereffective|p1a: Iron Boulder\n|-damage|p1a: Iron Boulder|2/100\n|\n|upkeep\n|turn|21\n|inactive|Time left: 300 sec this turn | 300 sec total\n|\n|t:|1783552195\n|-terastallize|p2a: Pecharunt|Dark\n|move|p1a: Iron Boulder|Zen Headbutt|p2a: Pecharunt\n|-immune|p2a: Pecharunt\n|move|p2a: Pecharunt|Malignant Chain|p1a: Iron Boulder\n|-resisted|p1a: Iron Boulder\n|-damage|p1a: Iron Boulder|0 fnt\n|faint|p1a: Iron Boulder\n|-end|p1a: Iron Boulder|Quark Drive|[silent]\n|\n|upkeep\n|\n|t:|1783552196\n|switch|p1a: Ursaluna|Ursaluna, L79, M, tera:Normal|25/100 brn\n|turn|22\n|inactive|Time left: 300 sec this turn | 300 sec total\n|\n|t:|1783552196\n|move|p2a: Pecharunt|Malignant Chain|p1a: Ursaluna\n|-damage|p1a: Ursaluna|0 fnt\n|faint|p1a: Ursaluna\n|\n|win|p0y1059c4f3", "uploadtime": 1783552196, "views": 0, "rating": 0, "private": 0, "password": null, "_winner": "p0y1059c4f3", "_our_name": "p0y1059c4f3"}