{"id": "battle-gen9randombattle-241", "formatid": "gen9randombattle", "format": "[Gen 9] Random Battle", "players": ["p0x241c6ed", "p0y241f4cc"], "log": "|init|battle\n|title|p0x241c6ed vs. p0y241f4cc\n|j|\u2606p0x241c6ed\n|j|\u2606p0y241f4cc\n|t:|1783542366\n|gametype|singles\n|player|p1|p0x241c6ed|1|\n|player|p2|p0y241f4cc|101|\n|gen|9\n|tier|[Gen 9] Random Battle\n|rule|Species Clause: Limit one of each Pok\u00e9mon\n|rule|HP Percentage Mod: HP is shown in percentages\n|rule|Sleep Clause Mod: Limit one foe put to sleep\n|rule|Illusion Level Mod: Illusion disguises the Pok\u00e9mon's true level\n|\n|t:|1783542366\n|teamsize|p1|6\n|teamsize|p2|6\n|start\n|switch|p1a: Iron Moth|Iron Moth, L78|100/100\n|switch|p2a: Cloyster|Cloyster, L80, M|211/211\n|turn|1\n|inactive|Battle timer is ON: inactive players will automatically lose when time's up. (requested by p0x241c6ed)\n|inactive|Time left: 300 sec this turn | 300 sec total | 60 sec grace\n|\n|t:|1783542368\n|switch|p2a: Veluza|Veluza, L85, M|292/292\n|move|p1a: Iron Moth|Fire Blast|p2a: Veluza|[miss]\n|-miss|p1a: Iron Moth|p2a: Veluza\n|\n|upkeep\n|turn|2\n|inactive|Time left: 300 sec this turn | 300 sec total\n|inactive|p0y241f4cc also wants the timer to be on.\n|\n|t:|1783542369\n|-end|p1a: Iron Moth|Quark Drive|[silent]\n|switch|p1a: Rillaboom|Rillaboom, L79, F|100/100\n|-fieldstart|move: Grassy Terrain|[from] ability: Grassy Surge|[of] p1a: Rillaboom\n|move|p2a: Veluza|Psycho Cut|p1a: Rillaboom\n|-damage|p1a: Rillaboom|54/100\n|\n|-heal|p1a: Rillaboom|61/100|[from] Grassy Terrain\n|upkeep\n|turn|3\n|inactive|Time left: 300 sec this turn | 300 sec total\n|\n|t:|1783542371\n|switch|p2a: Tropius|Tropius, L91, F|328/328\n|move|p1a: Rillaboom|Wood Hammer|p2a: Tropius\n|-resisted|p2a: Tropius\n|-damage|p2a: Tropius|260/328\n|-damage|p1a: Rillaboom|53/100|[from] Recoil\n|\n|-heal|p1a: Rillaboom|59/100|[from] Grassy Terrain\n|upkeep\n|turn|4\n|inactive|Time left: 300 sec this turn | 300 sec total\n|\n|t:|1783542372\n|move|p1a: Rillaboom|Wood Hammer|p2a: Tropius\n|-resisted|p2a: Tropius\n|-damage|p2a: Tropius|192/328\n|-damage|p1a: Rillaboom|52/100|[from] Recoil\n|move|p2a: Tropius|Dragon Dance|p2a: Tropius\n|-boost|p2a: Tropius|atk|1\n|-boost|p2a: Tropius|spe|1\n|\n|-heal|p1a: Rillaboom|58/100|[from] Grassy Terrain\n|upkeep\n|turn|5\n|inactive|Time left: 300 sec this turn | 300 sec total\n|\n|t:|1783542373\n|move|p2a: Tropius|Dragon Dance|p2a: Tropius\n|-boost|p2a: Tropius|atk|1\n|-boost|p2a: Tropius|spe|1\n|move|p1a: Rillaboom|Wood Hammer|p2a: Tropius\n|-resisted|p2a: Tropius\n|-damage|p2a: Tropius|133/328\n|-enditem|p2a: Tropius|Sitrus Berry|[eat]\n|-heal|p2a: Tropius|215/328|[from] item: Sitrus Berry\n|-damage|p1a: Rillaboom|51/100|[from] Recoil\n|\n|-heal|p1a: Rillaboom|57/100|[from] Grassy Terrain\n|-item|p2a: Tropius|Sitrus Berry|[from] ability: Harvest\n|upkeep\n|turn|6\n|inactive|Time left: 300 sec this turn | 300 sec total\n|\n|t:|1783542374\n|switch|p1a: Dragonite|Dragonite, L74, F|100/100\n|move|p2a: Tropius|Dual Wingbeat|p1a: Dragonite\n|-damage|p1a: Dragonite|85/100\n|-damage|p1a: Dragonite|55/100\n|-hitcount|p1a: Dragonite|2\n|\n|-fieldend|move: Grassy Terrain\n|upkeep\n|turn|7\n|inactive|Time left: 300 sec this turn | 300 sec total\n|\n|t:|1783542376\n|move|p2a: Tropius|Dual Wingbeat|p1a: Dragonite|[miss]\n|-miss|p2a: Tropius|p1a: Dragonite\n|move|p1a: Dragonite|Dragon Dance|p1a: Dragonite\n|-boost|p1a: Dragonite|atk|1\n|-boost|p1a: Dragonite|spe|1\n|\n|upkeep\n|turn|8\n|inactive|Time left: 300 sec this turn | 300 sec total\n|\n|t:|1783542377\n|move|p2a: Tropius|Dual Wingbeat|p1a: Dragonite|[miss]\n|-miss|p2a: Tropius|p1a: Dragonite\n|move|p1a: Dragonite|Outrage|p2a: Tropius\n|-damage|p2a: Tropius|43/328\n|-enditem|p2a: Tropius|Sitrus Berry|[eat]\n|-heal|p2a: Tropius|125/328|[from] item: Sitrus Berry\n|\n|-item|p2a: Tropius|Sitrus Berry|[from] ability: Harvest\n|upkeep\n|-enditem|p2a: Tropius|Sitrus Berry|[eat]\n|-heal|p2a: Tropius|207/328|[from] item: Sitrus Berry\n|turn|9\n|inactive|Time left: 300 sec this turn | 300 sec total\n|\n|t:|1783542378\n|move|p2a: Tropius|Dual Wingbeat|p1a: Dragonite|[miss]\n|-miss|p2a: Tropius|p1a: Dragonite\n|move|p1a: Dragonite|Outrage|p2a: Tropius|[from] lockedmove\n|-damage|p2a: Tropius|26/328\n|-start|p1a: Dragonite|confusion|[fatigue]\n|\n|upkeep\n|turn|10\n|inactive|Time left: 300 sec this turn | 300 sec total\n|\n|t:|1783542379\n|move|p2a: Tropius|Dual Wingbeat|p1a: Dragonite\n|-damage|p1a: Dragonite|22/100\n|-damage|p1a: Dragonite|0 fnt\n|faint|p1a: Dragonite\n|-hitcount|p1: Dragonite|2\n|\n|upkeep\n|\n|t:|1783542380\n|switch|p1a: Rillaboom|Rillaboom, L79, F|57/100\n|-fieldstart|move: Grassy Terrain|[from] ability: Grassy Surge|[of] p1a: Rillaboom\n|turn|11\n|inactive|Time left: 300 sec this turn | 300 sec total\n|\n|t:|1783542381\n|move|p1a: Rillaboom|Grassy Glide|p2a: Tropius\n|-resisted|p2a: Tropius\n|-damage|p2a: Tropius|0 fnt\n|faint|p2a: Tropius\n|\n|-heal|p1a: Rillaboom|64/100|[from] Grassy Terrain\n|upkeep\n|inactive|Time left: 300 sec this turn | 300 sec total | 5 sec grace\n|\n|t:|1783542382\n|switch|p2a: Flamigo|Flamigo, L82, M|269/269\n|turn|12\n|inactive|Time left: 300 sec this turn | 300 sec total\n|\n|t:|1783542383\n|move|p1a: Rillaboom|Grassy Glide|p2a: Flamigo\n|-resisted|p2a: Flamigo\n|-damage|p2a: Flamigo|200/269\n|move|p2a: Flamigo|Brave Bird|p1a: Rillaboom\n|-supereffective|p1a: Rillaboom\n|-damage|p1a: Rillaboom|0 fnt\n|faint|p1a: Rillaboom\n|-damage|p2a: Flamigo|140/269|[from] Recoil\n|-damage|p2a: Flamigo|114/269|[from] item: Life Orb\n|\n|upkeep\n|\n|t:|1783542384\n|switch|p1a: Meloetta|Meloetta, L82|100/100\n|turn|13\n|inactive|Time left: 300 sec this turn | 300 sec total\n|\n|t:|1783542385\n|switch|p2a: Garganacl|Garganacl, L80, M|291/291\n|move|p1a: Meloetta|Hyper Voice|p2a: Garganacl\n|-resisted|p2a: Garganacl\n|-damage|p2a: Garganacl|197/291\n|\n|-heal|p2a: Garganacl|215/291|[from] Grassy Terrain\n|-heal|p2a: Garganacl|233/291|[from] item: Leftovers\n|upkeep\n|turn|14\n|inactive|Time left: 300 sec this turn | 300 sec total\n|\n|t:|1783542386\n|move|p1a: Meloetta|Hyper Voice|p2a: Garganacl\n|-resisted|p2a: Garganacl\n|-damage|p2a: Garganacl|145/291\n|move|p2a: Garganacl|Salt Cure|p1a: Meloetta\n|-damage|p1a: Meloetta|85/100\n|-start|p1a: Meloetta|Salt Cure\n|\n|-heal|p1a: Meloetta|91/100|[from] Grassy Terrain\n|-heal|p2a: Garganacl|163/291|[from] Grassy Terrain\n|-heal|p2a: Garganacl|181/291|[from] item: Leftovers\n|-damage|p1a: Meloetta|79/100|[from] Salt Cure\n|upkeep\n|turn|15\n|inactive|Time left: 300 sec this turn | 300 sec total\n|\n|t:|1783542387\n|move|p1a: Meloetta|Hyper Voice|p2a: Garganacl\n|-resisted|p2a: Garganacl\n|-damage|p2a: Garganacl|100/291\n|move|p2a: Garganacl|Recover|p2a: Garganacl\n|-heal|p2a: Garganacl|246/291\n|\n|-heal|p1a: Meloetta|85/100|[from] Grassy Terrain\n|-heal|p2a: Garganacl|264/291|[from] Grassy Terrain\n|-heal|p2a: Garganacl|282/291|[from] item: Leftovers\n|-damage|p1a: Meloetta|73/100|[from] Salt Cure\n|-fieldend|move: Grassy Terrain\n|upkeep\n|turn|16\n|inactive|Time left: 300 sec this turn | 300 sec total\n|\n|t:|1783542388\n|move|p1a: Meloetta|Hyper Voice|p2a: Garganacl\n|-resisted|p2a: Garganacl\n|-damage|p2a: Garganacl|193/291\n|move|p2a: Garganacl|Earthquake|p1a: Meloetta\n|-damage|p1a: Meloetta|46/100\n|\n|-heal|p2a: Garganacl|211/291|[from] item: Leftovers\n|-damage|p1a: Meloetta|34/100|[from] Salt Cure\n|upkeep\n|turn|17\n|inactive|Time left: 300 sec this turn | 300 sec total\n|\n|t:|1783542389\n|switch|p1a: Meowstic|Meowstic, L89, M|100/100\n|move|p2a: Garganacl|Salt Cure|p1a: Meowstic\n|-damage|p1a: Meowstic|84/100\n|-start|p1a: Meowstic|Salt Cure\n|\n|-heal|p1a: Meowstic|90/100|[from] item: Leftovers\n|-heal|p2a: Garganacl|229/291|[from] item: Leftovers\n|-damage|p1a: Meowstic|78/100|[from] Salt Cure\n|upkeep\n|turn|18\n|inactive|Time left: 300 sec this turn | 300 sec total\n|\n|t:|1783542390\n|move|p1a: Meowstic|Psychic Noise|p2a: Garganacl\n|-damage|p2a: Garganacl|147/291\n|-start|p2a: Garganacl|move: Heal Block\n|move|p2a: Garganacl|Earthquake|p1a: Meowstic\n|-damage|p1a: Meowstic|55/100\n|\n|-heal|p1a: Meowstic|61/100|[from] item: Leftovers\n|-damage|p1a: Meowstic|49/100|[from] Salt Cure\n|upkeep\n|turn|19\n|inactive|Time left: 300 sec this turn | 300 sec total\n|\n|t:|1783542391\n|move|p1a: Meowstic|Psychic Noise|p2a: Garganacl\n|-damage|p2a: Garganacl|71/291\n|move|p2a: Garganacl|Salt Cure|p1a: Meowstic\n|-damage|p1a: Meowstic|32/100\n|\n|-heal|p1a: Meowstic|38/100|[from] item: Leftovers\n|-damage|p1a: Meowstic|26/100|[from] Salt Cure\n|-end|p2a: Garganacl|move: Heal Block\n|upkeep\n|turn|20\n|inactive|Time left: 300 sec this turn | 300 sec total\n|\n|t:|1783542393\n|switch|p2a: Veluza|Veluza, L85, M|292/292\n|move|p1a: Meowstic|Psychic Noise|p2a: Veluza\n|-resisted|p2a: Veluza\n|-damage|p2a: Veluza|244/292\n|-start|p2a: Veluza|move: Heal Block\n|\n|-heal|p1a: Meowstic|32/100|[from] item: Leftovers\n|-damage|p1a: Meowstic|20/100|[from] Salt Cure\n|upkeep\n|turn|21\n|inactive|Time left: 300 sec this turn | 300 sec total\n|\n|t:|1783542394\n|move|p1a: Meowstic|Alluring Voice|p2a: Veluza\n|-damage|p2a: Veluza|169/292\n|move|p2a: Veluza|Fillet Away|p2a: Veluza\n|-boost|p2a: Veluza|atk|2\n|-boost|p2a: Veluza|spa|2\n|-boost|p2a: Veluza|spe|2\n|-damage|p2a: Veluza|23/292\n|\n|-heal|p1a: Meowstic|26/100|[from] item: Leftovers\n|-damage|p1a: Meowstic|13/100|[from] Salt Cure\n|-end|p2a: Veluza|move: Heal Block\n|upkeep\n|-enditem|p2a: Veluza|Sitrus Berry|[eat]\n|-heal|p2a: Veluza|96/292|[from] item: Sitrus Berry\n|turn|22\n|inactive|Time left: 300 sec this turn | 300 sec total\n|\n|t:|1783542395\n|move|p1a: Meowstic|Thunder Wave|p2a: Veluza\n|-status|p2a: Veluza|par\n|cant|p2a: Veluza|par\n|\n|-heal|p1a: Meowstic|20/100|[from] item: Leftovers\n|-damage|p1a: Meowstic|7/100|[from] Salt Cure\n|upkeep\n|turn|23\n|inactive|Time left: 300 sec this turn | 300 sec total\n|\n|t:|1783542396\n|-terastallize|p1a: Meowstic|Fairy\n|move|p1a: Meowstic|Alluring Voice|p2a: Veluza\n|-damage|p2a: Veluza|0 fnt\n|faint|p2a: Veluza\n|\n|-heal|p1a: Meowstic|13/100|[from] item: Leftovers\n|-damage|p1a: Meowstic|1/100|[from] Salt Cure\n|upkeep\n|inactive|Time left: 300 sec this turn | 300 sec total | 5 sec grace\n|\n|t:|1783542397\n|switch|p2a: Cloyster|Cloyster, L80, M|211/211\n|turn|24\n|inactive|Time left: 300 sec this turn | 300 sec total\n|\n|t:|1783542398\n|move|p1a: Meowstic|Thunder Wave|p2a: Cloyster\n|-status|p2a: Cloyster|par\n|move|p2a: Cloyster|Shell Smash|p2a: Cloyster\n|-unboost|p2a: Cloyster|def|1\n|-unboost|p2a: Cloyster|spd|1\n|-boost|p2a: Cloyster|atk|2\n|-boost|p2a: Cloyster|spa|2\n|-boost|p2a: Cloyster|spe|2\n|-enditem|p2a: Cloyster|White Herb\n|-clearnegativeboost|p2a: Cloyster|[silent]\n|\n|-heal|p1a: Meowstic|7/100|[from] item: Leftovers\n|-damage|p1a: Meowstic|0 fnt|[from] Salt Cure\n|faint|p1a: Meowstic\n|upkeep\n|\n|t:|1783542398\n|switch|p1a: Meloetta|Meloetta, L82|34/100\n|turn|25\n|inactive|Time left: 300 sec this turn | 300 sec total\n|\n|t:|1783542399\n|move|p1a: Meloetta|Hyper Voice|p2a: Cloyster\n|-damage|p2a: Cloyster|0 fnt\n|faint|p2a: Cloyster\n|\n|upkeep\n|inactive|Time left: 300 sec this turn | 300 sec total | 5 sec grace\n|\n|t:|1783542400\n|switch|p2a: Garganacl|Garganacl, L80, M|71/291\n|turn|26\n|inactive|Time left: 300 sec this turn | 300 sec total\n|\n|t:|1783542401\n|switch|p1a: Palkia|Palkia-Origin, L72|100/100\n|-ability|p1a: Palkia|Pressure\n|-terastallize|p2a: Garganacl|Ghost\n|move|p2a: Garganacl|Recover|p2a: Garganacl\n|-heal|p2a: Garganacl|217/291\n|\n|-heal|p2a: Garganacl|235/291|[from] item: Leftovers\n|upkeep\n|turn|27\n|inactive|Time left: 300 sec this turn | 300 sec total\n|\n|t:|1783542402\n|move|p1a: Palkia|Hydro Pump|p2a: Garganacl\n|-damage|p2a: Garganacl|97/291\n|move|p2a: Garganacl|Salt Cure|p1a: Palkia\n|-damage|p1a: Palkia|81/100\n|-start|p1a: Palkia|Salt Cure\n|\n|-heal|p2a: Garganacl|115/291|[from] item: Leftovers\n|-damage|p1a: Palkia|56/100|[from] Salt Cure\n|upkeep\n|turn|28\n|inactive|Time left: 300 sec this turn | 300 sec total\n|\n|t:|1783542403\n|switch|p2a: Meloetta|Meloetta, L82|298/298\n|move|p1a: Palkia|Hydro Pump|p2a: Meloetta|[miss]\n|-miss|p1a: Palkia|p2a: Meloetta\n|\n|-damage|p1a: Palkia|31/100|[from] Salt Cure\n|upkeep\n|turn|29\n|inactive|Time left: 300 sec this turn | 300 sec total\n|\n|t:|1783542404\n|move|p1a: Palkia|Draco Meteor|p2a: Meloetta|[miss]\n|-miss|p1a: Palkia|p2a: Meloetta\n|move|p2a: Meloetta|Triple Axel|p1a: Palkia\n|-damage|p1a: Palkia|25/100\n|-damage|p1a: Palkia|13/100\n|-damage|p1a: Palkia|0 fnt\n|faint|p1a: Palkia\n|-hitcount|p1: Palkia|3\n|-damage|p2a: Meloetta|269/298|[from] item: Life Orb\n|\n|upkeep\n|\n|t:|1783542405\n|switch|p1a: Iron Moth|Iron Moth, L78|100/100\n|turn|30\n|inactive|Time left: 300 sec this turn | 300 sec total\n|\n|t:|1783542406\n|move|p1a: Iron Moth|Fire Blast|p2a: Meloetta\n|-damage|p2a: Meloetta|170/298\n|move|p2a: Meloetta|Relic Song|p1a: Iron Moth\n|-damage|p1a: Iron Moth|58/100\n|-formechange|p2a: Meloetta|Meloetta-Pirouette|[msg]\n|-damage|p2a: Meloetta|141/298|[from] item: Life Orb\n|\n|upkeep\n|turn|31\n|inactive|Time left: 300 sec this turn | 300 sec total\n|\n|t:|1783542407\n|move|p2a: Meloetta|Knock Off|p1a: Iron Moth\n|-crit|p1a: Iron Moth\n|-damage|p1a: Iron Moth|0 fnt\n|-enditem|p1a: Iron Moth|Heavy-Duty Boots|[from] move: Knock Off|[of] p2a: Meloetta\n|faint|p1a: Iron Moth\n|-end|p1a: Iron Moth|Quark Drive|[silent]\n|-damage|p2a: Meloetta|112/298|[from] item: Life Orb\n|\n|upkeep\n|\n|t:|1783542408\n|switch|p1a: Meloetta|Meloetta, L82|34/100\n|turn|32\n|inactive|Time left: 300 sec this turn | 300 sec total\n|\n|t:|1783542409\n|move|p2a: Meloetta|Close Combat|p1a: Meloetta\n|-damage|p1a: Meloetta|0 fnt\n|-unboost|p2a: Meloetta|def|1\n|-unboost|p2a: Meloetta|spd|1\n|faint|p1a: Meloetta\n|-damage|p2a: Meloetta|83/298|[from] item: Life Orb\n|\n|win|p0y241f4cc", "uploadtime": 1783542409, "views": 0, "rating": 0, "private": 0, "password": null, "_winner": "p0y241f4cc", "_our_name": "p0y241f4cc"}