{"id": "battle-gen9randombattle-230", "formatid": "gen9randombattle", "format": "[Gen 9] Random Battle", "players": ["p0x2303837", "p0y230adf1"], "log": "|init|battle\n|title|p0x2303837 vs. p0y230adf1\n|j|\u2606p0x2303837\n|j|\u2606p0y230adf1\n|t:|1783541783\n|gametype|singles\n|player|p1|p0x2303837|169|\n|player|p2|p0y230adf1|266|\n|gen|9\n|tier|[Gen 9] Random Battle\n|rule|Species Clause: Limit one of each Pok\u00e9mon\n|rule|HP Percentage Mod: HP is shown in percentages\n|rule|Sleep Clause Mod: Limit one foe put to sleep\n|rule|Illusion Level Mod: Illusion disguises the Pok\u00e9mon's true level\n|\n|t:|1783541783\n|teamsize|p1|6\n|teamsize|p2|6\n|start\n|switch|p1a: Ribombee|Ribombee, L83, F|100/100\n|switch|p2a: Pawmot|Pawmot, L80, F|243/243\n|turn|1\n|inactive|Battle timer is ON: inactive players will automatically lose when time's up. (requested by p0x2303837)\n|inactive|Time left: 300 sec this turn | 300 sec total | 60 sec grace\n|\n|t:|1783541785\n|-terastallize|p2a: Pawmot|Electric\n|move|p1a: Ribombee|Sticky Web|p2a: Pawmot\n|-sidestart|p2: p0y230adf1|move: Sticky Web\n|move|p2a: Pawmot|Double Shock|p1a: Ribombee\n|-enditem|p1a: Ribombee|Focus Sash\n|-damage|p1a: Ribombee|1/100\n|-start|p2a: Pawmot|typechange|Electric|[from] move: Double Shock\n|-damage|p2a: Pawmot|219/243|[from] item: Life Orb\n|\n|upkeep\n|turn|2\n|inactive|Time left: 300 sec this turn | 300 sec total\n|inactive|p0y230adf1 also wants the timer to be on.\n|\n|t:|1783541786\n|move|p1a: Ribombee|Moonblast|p2a: Pawmot\n|-damage|p2a: Pawmot|78/243\n|move|p2a: Pawmot|Double Shock|p1a: Ribombee\n|-damage|p1a: Ribombee|0 fnt\n|-start|p2a: Pawmot|typechange|Electric|[from] move: Double Shock\n|faint|p1a: Ribombee\n|-damage|p2a: Pawmot|54/243|[from] item: Life Orb\n|\n|upkeep\n|\n|t:|1783541787\n|switch|p1a: Minun|Minun, L95, F|100/100\n|turn|3\n|inactive|Time left: 300 sec this turn | 300 sec total\n|\n|t:|1783541788\n|move|p1a: Minun|Alluring Voice|p2a: Pawmot\n|-damage|p2a: Pawmot|0 fnt\n|faint|p2a: Pawmot\n|-damage|p1a: Minun|91/100|[from] item: Life Orb\n|\n|upkeep\n|inactive|Time left: 300 sec this turn | 300 sec total | 5 sec grace\n|\n|t:|1783541789\n|switch|p2a: Eelektross|Eelektross, L87, F|290/290\n|turn|4\n|inactive|Time left: 300 sec this turn | 300 sec total\n|\n|t:|1783541790\n|move|p1a: Minun|Nasty Plot|p1a: Minun\n|-boost|p1a: Minun|spa|2\n|move|p2a: Eelektross|Knock Off|p1a: Minun\n|-damage|p1a: Minun|50/100\n|-enditem|p1a: Minun|Life Orb|[from] move: Knock Off|[of] p2a: Eelektross\n|\n|upkeep\n|turn|5\n|inactive|Time left: 300 sec this turn | 300 sec total\n|\n|t:|1783541791\n|-terastallize|p1a: Minun|Fairy\n|move|p1a: Minun|Alluring Voice|p2a: Eelektross\n|-damage|p2a: Eelektross|106/290\n|move|p2a: Eelektross|Drain Punch|p1a: Minun\n|-resisted|p1a: Minun\n|-damage|p1a: Minun|33/100\n|-heal|p2a: Eelektross|129/290|[from] drain|[of] p1a: Minun\n|\n|-heal|p2a: Eelektross|147/290|[from] item: Leftovers\n|upkeep\n|turn|6\n|inactive|Time left: 300 sec this turn | 300 sec total\n|\n|t:|1783541792\n|switch|p2a: Regice|Regice, L88|284/284\n|move|p1a: Minun|Alluring Voice|p2a: Regice\n|-damage|p2a: Regice|196/284\n|\n|upkeep\n|turn|7\n|inactive|Time left: 300 sec this turn | 300 sec total\n|\n|t:|1783541793\n|move|p1a: Minun|Thunderbolt|p2a: Regice\n|-damage|p2a: Regice|100/284\n|move|p2a: Regice|Ice Beam|p1a: Minun\n|-damage|p1a: Minun|0 fnt\n|faint|p1a: Minun\n|\n|upkeep\n|\n|t:|1783541794\n|switch|p1a: Duraludon|Duraludon, L82, M|100/100\n|turn|8\n|inactive|Time left: 300 sec this turn | 300 sec total\n|\n|t:|1783541795\n|move|p1a: Duraludon|Body Press|p2a: Regice\n|-supereffective|p2a: Regice\n|-crit|p2a: Regice\n|-damage|p2a: Regice|0 fnt\n|faint|p2a: Regice\n|\n|upkeep\n|inactive|Time left: 300 sec this turn | 300 sec total | 5 sec grace\n|\n|t:|1783541796\n|switch|p2a: Manaphy|Manaphy, L78|284/284\n|-activate|p2a: Manaphy|move: Sticky Web\n|-unboost|p2a: Manaphy|spe|1\n|turn|9\n|inactive|Time left: 300 sec this turn | 300 sec total\n|\n|t:|1783541797\n|switch|p1a: Ludicolo|Ludicolo, L90, M|100/100\n|move|p2a: Manaphy|Tail Glow|p2a: Manaphy\n|-boost|p2a: Manaphy|spa|3\n|\n|upkeep\n|turn|10\n|inactive|Time left: 300 sec this turn | 300 sec total\n|\n|t:|1783541798\n|switch|p2a: Roaring Moon|Roaring Moon, L72|270/270\n|-activate|p2a: Roaring Moon|move: Sticky Web\n|-unboost|p2a: Roaring Moon|spe|1\n|move|p1a: Ludicolo|Giga Drain|p2a: Roaring Moon\n|-resisted|p2a: Roaring Moon\n|-damage|p2a: Roaring Moon|212/270\n|-damage|p1a: Ludicolo|90/100|[from] item: Life Orb\n|\n|upkeep\n|turn|11\n|inactive|Time left: 300 sec this turn | 300 sec total\n|\n|t:|1783541799\n|move|p1a: Ludicolo|Ice Beam|p2a: Roaring Moon\n|-supereffective|p2a: Roaring Moon\n|-damage|p2a: Roaring Moon|35/270\n|-damage|p1a: Ludicolo|80/100|[from] item: Life Orb\n|move|p2a: Roaring Moon|Dragon Dance|p2a: Roaring Moon\n|-boost|p2a: Roaring Moon|atk|1\n|-boost|p2a: Roaring Moon|spe|1\n|\n|upkeep\n|turn|12\n|inactive|Time left: 300 sec this turn | 300 sec total\n|\n|t:|1783541800\n|move|p2a: Roaring Moon|Outrage|p1a: Ludicolo\n|-damage|p1a: Ludicolo|14/100\n|move|p1a: Ludicolo|Giga Drain|p2a: Roaring Moon\n|-resisted|p2a: Roaring Moon\n|-damage|p2a: Roaring Moon|0 fnt\n|-heal|p1a: Ludicolo|20/100|[from] drain|[of] p2a: Roaring Moon\n|faint|p2a: Roaring Moon\n|-end|p2a: Roaring Moon|Protosynthesis|[silent]\n|-damage|p1a: Ludicolo|10/100|[from] item: Life Orb\n|\n|upkeep\n|inactive|Time left: 300 sec this turn | 300 sec total | 5 sec grace\n|\n|t:|1783541801\n|switch|p2a: Eelektross|Eelektross, L87, F|147/290\n|turn|13\n|inactive|Time left: 300 sec this turn | 300 sec total\n|\n|t:|1783541802\n|move|p1a: Ludicolo|Giga Drain|p2a: Eelektross\n|-damage|p2a: Eelektross|38/290\n|-heal|p1a: Ludicolo|29/100|[from] drain|[of] p2a: Eelektross\n|-damage|p1a: Ludicolo|19/100|[from] item: Life Orb\n|move|p2a: Eelektross|Drain Punch|p1a: Ludicolo\n|-damage|p1a: Ludicolo|0 fnt\n|-heal|p2a: Eelektross|65/290|[from] drain|[of] p1a: Ludicolo\n|faint|p1a: Ludicolo\n|\n|-heal|p2a: Eelektross|83/290|[from] item: Leftovers\n|upkeep\n|\n|t:|1783541803\n|switch|p1a: Clefable|Clefable, L83, M|100/100\n|turn|14\n|inactive|Time left: 300 sec this turn | 300 sec total\n|\n|t:|1783541804\n|move|p1a: Clefable|Moonblast|p2a: Eelektross\n|-damage|p2a: Eelektross|0 fnt\n|faint|p2a: Eelektross\n|\n|upkeep\n|inactive|Time left: 300 sec this turn | 300 sec total | 5 sec grace\n|\n|t:|1783541805\n|switch|p2a: Rhyperior|Rhyperior, L82, F|323/323\n|-activate|p2a: Rhyperior|move: Sticky Web\n|-unboost|p2a: Rhyperior|spe|1\n|turn|15\n|inactive|Time left: 300 sec this turn | 300 sec total\n|\n|t:|1783541806\n|move|p1a: Clefable|Moonblast|p2a: Rhyperior\n|-damage|p2a: Rhyperior|132/323\n|move|p2a: Rhyperior|Rock Polish|p2a: Rhyperior\n|-boost|p2a: Rhyperior|spe|2\n|\n|upkeep\n|turn|16\n|inactive|Time left: 300 sec this turn | 300 sec total\n|\n|t:|1783541807\n|move|p2a: Rhyperior|Earthquake|p1a: Clefable\n|-damage|p1a: Clefable|51/100\n|move|p1a: Clefable|Moonblast|p2a: Rhyperior\n|-damage|p2a: Rhyperior|0 fnt\n|faint|p2a: Rhyperior\n|\n|upkeep\n|inactive|Time left: 300 sec this turn | 300 sec total | 5 sec grace\n|\n|t:|1783541808\n|switch|p2a: Manaphy|Manaphy, L78|284/284\n|-activate|p2a: Manaphy|move: Sticky Web\n|-unboost|p2a: Manaphy|spe|1\n|turn|17\n|inactive|Time left: 300 sec this turn | 300 sec total\n|\n|t:|1783541809\n|move|p1a: Clefable|Moonblast|p2a: Manaphy\n|-damage|p2a: Manaphy|163/284\n|-unboost|p2a: Manaphy|spa|1\n|move|p2a: Manaphy|Tail Glow|p2a: Manaphy\n|-boost|p2a: Manaphy|spa|3\n|\n|-heal|p2a: Manaphy|180/284|[from] item: Leftovers\n|upkeep\n|turn|18\n|inactive|Time left: 300 sec this turn | 300 sec total\n|\n|t:|1783541810\n|move|p1a: Clefable|Moonblast|p2a: Manaphy\n|-damage|p2a: Manaphy|66/284\n|move|p2a: Manaphy|Ice Beam|p1a: Clefable\n|-damage|p1a: Clefable|9/100\n|\n|-heal|p2a: Manaphy|83/284|[from] item: Leftovers\n|upkeep\n|turn|19\n|inactive|Time left: 300 sec this turn | 300 sec total\n|\n|t:|1783541811\n|move|p1a: Clefable|Moonblast|p2a: Manaphy\n|-damage|p2a: Manaphy|0 fnt\n|faint|p2a: Manaphy\n|\n|win|p0x2303837", "uploadtime": 1783541811, "views": 0, "rating": 0, "private": 0, "password": null, "_winner": "p0x2303837", "_our_name": "p0y230adf1"}