{"id": "battle-gen9randombattle-2276", "formatid": "gen9randombattle", "format": "[Gen 9] Random Battle", "players": ["p0x227685ad", "p0y22769ed4"], "log": "|init|battle\n|title|p0x227685ad vs. p0y22769ed4\n|j|\u2606p0x227685ad\n|j|\u2606p0y22769ed4\n|t:|1783565427\n|gametype|singles\n|player|p1|p0x227685ad|169|\n|player|p2|p0y22769ed4|169|\n|gen|9\n|tier|[Gen 9] Random Battle\n|rule|Species Clause: Limit one of each Pok\u00e9mon\n|rule|HP Percentage Mod: HP is shown in percentages\n|rule|Sleep Clause Mod: Limit one foe put to sleep\n|rule|Illusion Level Mod: Illusion disguises the Pok\u00e9mon's true level\n|\n|t:|1783565427\n|teamsize|p1|6\n|teamsize|p2|6\n|start\n|switch|p1a: Heatran|Heatran, L79, F|100/100\n|switch|p2a: Maushold|Maushold, L76|238/238\n|-item|p1a: Heatran|Air Balloon\n|turn|1\n|inactive|Battle timer is ON: inactive players will automatically lose when time's up. (requested by p0x227685ad)\n|inactive|Time left: 300 sec this turn | 300 sec total | 60 sec grace\n|inactive|p0y22769ed4 also wants the timer to be on.\n|\n|t:|1783565428\n|move|p2a: Maushold|Population Bomb|p1a: Heatran\n|-resisted|p1a: Heatran\n|-damage|p1a: Heatran|96/100\n|-enditem|p1a: Heatran|Air Balloon\n|-resisted|p1a: Heatran\n|-damage|p1a: Heatran|92/100\n|-resisted|p1a: Heatran\n|-damage|p1a: Heatran|89/100\n|-resisted|p1a: Heatran\n|-damage|p1a: Heatran|85/100\n|-resisted|p1a: Heatran\n|-damage|p1a: Heatran|81/100\n|-resisted|p1a: Heatran\n|-damage|p1a: Heatran|77/100\n|-resisted|p1a: Heatran\n|-damage|p1a: Heatran|73/100\n|-resisted|p1a: Heatran\n|-damage|p1a: Heatran|69/100\n|-resisted|p1a: Heatran\n|-damage|p1a: Heatran|65/100\n|-resisted|p1a: Heatran\n|-damage|p1a: Heatran|61/100\n|-hitcount|p1a: Heatran|10\n|move|p1a: Heatran|Lava Plume|p2a: Maushold\n|-damage|p2a: Maushold|127/238\n|\n|upkeep\n|turn|2\n|inactive|Time left: 300 sec this turn | 300 sec total\n|\n|t:|1783565429\n|move|p2a: Maushold|Population Bomb|p1a: Heatran\n|-resisted|p1a: Heatran\n|-damage|p1a: Heatran|57/100\n|-resisted|p1a: Heatran\n|-damage|p1a: Heatran|53/100\n|-resisted|p1a: Heatran\n|-crit|p1a: Heatran\n|-damage|p1a: Heatran|47/100\n|-resisted|p1a: Heatran\n|-damage|p1a: Heatran|44/100\n|-resisted|p1a: Heatran\n|-damage|p1a: Heatran|40/100\n|-resisted|p1a: Heatran\n|-damage|p1a: Heatran|36/100\n|-resisted|p1a: Heatran\n|-damage|p1a: Heatran|32/100\n|-resisted|p1a: Heatran\n|-damage|p1a: Heatran|28/100\n|-resisted|p1a: Heatran\n|-damage|p1a: Heatran|24/100\n|-resisted|p1a: Heatran\n|-damage|p1a: Heatran|20/100\n|-hitcount|p1a: Heatran|10\n|move|p1a: Heatran|Heavy Slam|p2a: Maushold\n|-damage|p2a: Maushold|0 fnt\n|faint|p2a: Maushold\n|\n|upkeep\n|inactive|Time left: 300 sec this turn | 300 sec total | 5 sec grace\n|\n|t:|1783565430\n|switch|p2a: Kricketune|Kricketune, L99, M|312/312\n|turn|3\n|inactive|Time left: 300 sec this turn | 300 sec total\n|\n|t:|1783565431\n|move|p2a: Kricketune|Sticky Web|p1a: Heatran\n|-sidestart|p1: p0x227685ad|move: Sticky Web\n|move|p1a: Heatran|Lava Plume|p2a: Kricketune\n|-supereffective|p2a: Kricketune\n|-damage|p2a: Kricketune|94/312\n|\n|upkeep\n|turn|4\n|inactive|Time left: 300 sec this turn | 300 sec total\n|\n|t:|1783565432\n|switch|p2a: Oinkologne|Oinkologne, L92, M|352/352\n|move|p1a: Heatran|Lava Plume|p2a: Oinkologne\n|-damage|p2a: Oinkologne|301/352\n|\n|-heal|p2a: Oinkologne|323/352|[from] item: Leftovers\n|upkeep\n|turn|5\n|inactive|Time left: 300 sec this turn | 300 sec total\n|\n|t:|1783565433\n|move|p2a: Oinkologne|Double-Edge|p1a: Heatran\n|-resisted|p1a: Heatran\n|-damage|p1a: Heatran|0 fnt\n|faint|p1a: Heatran\n|-damage|p2a: Oinkologne|306/352|[from] Recoil\n|\n|-heal|p2a: Oinkologne|328/352|[from] item: Leftovers\n|upkeep\n|\n|t:|1783565434\n|switch|p1a: Swanna|Swanna, L89, F|100/100\n|turn|6\n|inactive|Time left: 300 sec this turn | 300 sec total\n|\n|t:|1783565435\n|move|p1a: Swanna|Defog|p2a: Oinkologne\n|-unboost|p2a: Oinkologne|evasion|1\n|-sideend|p1: p0x227685ad|Sticky Web|[from] move: Defog|[of] p1a: Swanna\n|move|p2a: Oinkologne|Double-Edge|p1a: Swanna\n|-damage|p1a: Swanna|35/100\n|-damage|p2a: Oinkologne|268/352|[from] Recoil\n|\n|-heal|p2a: Oinkologne|290/352|[from] item: Leftovers\n|upkeep\n|turn|7\n|inactive|Time left: 300 sec this turn | 300 sec total\n|\n|t:|1783565436\n|move|p1a: Swanna|Roost|p1a: Swanna\n|-heal|p1a: Swanna|85/100\n|-singleturn|p1a: Swanna|move: Roost\n|move|p2a: Oinkologne|Double-Edge|p1a: Swanna\n|-damage|p1a: Swanna|17/100\n|-damage|p2a: Oinkologne|227/352|[from] Recoil\n|\n|-heal|p2a: Oinkologne|249/352|[from] item: Leftovers\n|upkeep\n|turn|8\n|inactive|Time left: 300 sec this turn | 300 sec total\n|\n|t:|1783565437\n|move|p1a: Swanna|Roost|p1a: Swanna\n|-heal|p1a: Swanna|67/100\n|-singleturn|p1a: Swanna|move: Roost\n|move|p2a: Oinkologne|Double-Edge|p1a: Swanna\n|-damage|p1a: Swanna|0 fnt\n|faint|p1a: Swanna\n|-damage|p2a: Oinkologne|188/352|[from] Recoil\n|\n|-heal|p2a: Oinkologne|210/352|[from] item: Leftovers\n|upkeep\n|\n|t:|1783565437\n|switch|p1a: Basculin|Basculin, L86, F|100/100\n|turn|9\n|inactive|Time left: 300 sec this turn | 300 sec total\n|\n|t:|1783565439\n|move|p1a: Basculin|Wave Crash|p2a: Oinkologne\n|-damage|p2a: Oinkologne|0 fnt\n|faint|p2a: Oinkologne\n|-damage|p1a: Basculin|74/100|[from] Recoil\n|\n|upkeep\n|inactive|Time left: 300 sec this turn | 300 sec total | 5 sec grace\n|\n|t:|1783565439\n|switch|p2a: Munkidori|Munkidori, L79, M|269/269\n|turn|10\n|inactive|Time left: 300 sec this turn | 300 sec total\n|\n|t:|1783565440\n|move|p2a: Munkidori|Fake Out|p1a: Basculin\n|-damage|p1a: Basculin|65/100\n|-status|p1a: Basculin|tox|[from] ability: Toxic Chain|[of] p2a: Munkidori\n|cant|p1a: Basculin|flinch\n|\n|-damage|p1a: Basculin|59/100 tox|[from] psn\n|upkeep\n|turn|11\n|inactive|Time left: 300 sec this turn | 300 sec total\n|\n|t:|1783565442\n|switch|p2a: Kricketune|Kricketune, L99, M|94/312\n|move|p1a: Basculin|Wave Crash|p2a: Kricketune\n|-damage|p2a: Kricketune|0 fnt\n|faint|p2a: Kricketune\n|-damage|p1a: Basculin|47/100 tox|[from] Recoil\n|\n|-damage|p1a: Basculin|35/100 tox|[from] psn\n|upkeep\n|inactive|Time left: 300 sec this turn | 300 sec total | 5 sec grace\n|\n|t:|1783565443\n|switch|p2a: Munkidori|Munkidori, L79, M|269/269\n|turn|12\n|inactive|Time left: 300 sec this turn | 300 sec total\n|\n|t:|1783565443\n|move|p2a: Munkidori|Fake Out|p1a: Basculin\n|-crit|p1a: Basculin\n|-damage|p1a: Basculin|20/100 tox\n|cant|p1a: Basculin|flinch\n|\n|-damage|p1a: Basculin|1/100 tox|[from] psn\n|upkeep\n|turn|13\n|inactive|Time left: 300 sec this turn | 300 sec total\n|\n|t:|1783565444\n|move|p1a: Basculin|Wave Crash|p2a: Munkidori\n|-damage|p2a: Munkidori|0 fnt\n|faint|p2a: Munkidori\n|-damage|p1a: Basculin|0 fnt|[from] Recoil\n|faint|p1a: Basculin\n|\n|upkeep\n|inactive|Time left: 300 sec this turn | 300 sec total | 5 sec grace\n|\n|t:|1783565445\n|switch|p1a: Iron Boulder|Iron Boulder, L77|100/100\n|switch|p2a: Typhlosion|Typhlosion-Hisui, L83, M|257/257\n|turn|14\n|inactive|Time left: 300 sec this turn | 300 sec total\n|\n|t:|1783565446\n|-terastallize|p2a: Typhlosion|Fighting\n|move|p1a: Iron Boulder|Mighty Cleave|p2a: Typhlosion\n|-resisted|p2a: Typhlosion\n|-damage|p2a: Typhlosion|188/257\n|-damage|p1a: Iron Boulder|91/100|[from] item: Life Orb\n|move|p2a: Typhlosion|Shadow Ball|p1a: Iron Boulder\n|-supereffective|p1a: Iron Boulder\n|-damage|p1a: Iron Boulder|23/100\n|\n|upkeep\n|turn|15\n|inactive|Time left: 300 sec this turn | 300 sec total\n|\n|t:|1783565447\n|switch|p2a: Scovillain|Scovillain, L91, F|266/266\n|move|p1a: Iron Boulder|Zen Headbutt|p2a: Scovillain\n|-damage|p2a: Scovillain|137/266\n|-damage|p1a: Iron Boulder|13/100|[from] item: Life Orb\n|\n|upkeep\n|turn|16\n|inactive|Time left: 300 sec this turn | 300 sec total\n|\n|t:|1783565448\n|switch|p2a: Typhlosion|Typhlosion-Hisui, L83, M, tera:Fighting|188/257\n|-terastallize|p1a: Iron Boulder|Fighting\n|move|p1a: Iron Boulder|Close Combat|p2a: Typhlosion\n|-damage|p2a: Typhlosion|3/257\n|-unboost|p1a: Iron Boulder|def|1\n|-unboost|p1a: Iron Boulder|spd|1\n|-damage|p1a: Iron Boulder|3/100|[from] item: Life Orb\n|\n|upkeep\n|turn|17\n|inactive|Time left: 300 sec this turn | 300 sec total\n|\n|t:|1783565449\n|move|p1a: Iron Boulder|Close Combat|p2a: Typhlosion\n|-damage|p2a: Typhlosion|0 fnt\n|-unboost|p1a: Iron Boulder|def|1\n|-unboost|p1a: Iron Boulder|spd|1\n|faint|p2a: Typhlosion\n|-damage|p1a: Iron Boulder|0 fnt|[from] item: Life Orb\n|faint|p1a: Iron Boulder\n|-end|p1a: Iron Boulder|Quark Drive|[silent]\n|\n|upkeep\n|inactive|Time left: 300 sec this turn | 300 sec total | 5 sec grace\n|\n|t:|1783565450\n|switch|p1a: Pyroar|Pyroar, L88, F|100/100\n|switch|p2a: Scovillain|Scovillain, L91, F|137/266\n|-ability|p1a: Pyroar|Unnerve\n|turn|18\n|inactive|Time left: 300 sec this turn | 300 sec total\n|\n|t:|1783565451\n|move|p1a: Pyroar|Fire Blast|p2a: Scovillain\n|-damage|p2a: Scovillain|0 fnt\n|faint|p2a: Scovillain\n|\n|win|p0x227685ad", "uploadtime": 1783565451, "views": 0, "rating": 0, "private": 0, "password": null, "_winner": "p0x227685ad", "_our_name": "p0y22769ed4"}