{"id": "battle-gen9randombattle-126", "formatid": "gen9randombattle", "format": "[Gen 9] Random Battle", "players": ["p0x125a6fd", "p0y125fa37"], "log": "|init|battle\n|title|p0x125a6fd vs. p0y125fa37\n|j|\u2606p0x125a6fd\n|j|\u2606p0y125fa37\n|t:|1783535199\n|gametype|singles\n|player|p1|p0x125a6fd|2|\n|player|p2|p0y125fa37|169|\n|gen|9\n|tier|[Gen 9] Random Battle\n|rule|Species Clause: Limit one of each Pok\u00e9mon\n|rule|HP Percentage Mod: HP is shown in percentages\n|rule|Sleep Clause Mod: Limit one foe put to sleep\n|rule|Illusion Level Mod: Illusion disguises the Pok\u00e9mon's true level\n|\n|t:|1783535199\n|teamsize|p1|6\n|teamsize|p2|6\n|start\n|switch|p1a: Yanmega|Yanmega, L82, F|275/275\n|switch|p2a: Noivern|Noivern, L82, F|100/100\n|turn|1\n|inactive|Battle timer is ON: inactive players will automatically lose when time's up. (requested by p0y125fa37)\n|inactive|Time left: 300 sec this turn | 300 sec total | 60 sec grace\n|inactive|p0x125a6fd also wants the timer to be on.\n|\n|t:|1783535201\n|switch|p1a: Necrozma|Necrozma-Dusk-Mane, L69|248/248\n|move|p2a: Noivern|Hurricane|p1a: Necrozma\n|-resisted|p1a: Necrozma\n|-damage|p1a: Necrozma|196/248\n|\n|upkeep\n|turn|2\n|inactive|Time left: 300 sec this turn | 300 sec total\n|\n|t:|1783535202\n|move|p2a: Noivern|Hurricane|p1a: Necrozma\n|-resisted|p1a: Necrozma\n|-damage|p1a: Necrozma|140/248\n|move|p1a: Necrozma|Dragon Dance|p1a: Necrozma\n|-boost|p1a: Necrozma|atk|1\n|-boost|p1a: Necrozma|spe|1\n|\n|upkeep\n|turn|3\n|inactive|Time left: 300 sec this turn | 300 sec total\n|\n|t:|1783535203\n|-terastallize|p2a: Noivern|Fire\n|move|p2a: Noivern|Flamethrower|p1a: Necrozma\n|-supereffective|p1a: Necrozma\n|-damage|p1a: Necrozma|0 fnt\n|faint|p1a: Necrozma\n|\n|upkeep\n|inactive|Time left: 300 sec this turn | 300 sec total | 5 sec grace\n|\n|t:|1783535204\n|switch|p1a: Barraskewda|Barraskewda, L81, M|231/231\n|turn|4\n|inactive|Time left: 300 sec this turn | 300 sec total\n|\n|t:|1783535206\n|switch|p2a: Gastrodon|Gastrodon-East, L86, F|100/100\n|move|p1a: Barraskewda|Waterfall|p2a: Gastrodon\n|-ability|p2a: Gastrodon|Storm Drain|boost\n|-boost|p2a: Gastrodon|spa|1\n|\n|upkeep\n|turn|5\n|inactive|Time left: 300 sec this turn | 300 sec total\n|\n|t:|1783535207\n|switch|p1a: Yanmega|Yanmega, L82, F|275/275\n|move|p2a: Gastrodon|Stealth Rock|p1a: Yanmega\n|-sidestart|p1: p0x125a6fd|move: Stealth Rock\n|\n|upkeep\n|turn|6\n|inactive|Time left: 300 sec this turn | 300 sec total\n|\n|t:|1783535208\n|move|p1a: Yanmega|Giga Drain|p2a: Gastrodon\n|-supereffective|p2a: Gastrodon\n|-damage|p2a: Gastrodon|0 fnt\n|faint|p2a: Gastrodon\n|\n|upkeep\n|\n|t:|1783535208\n|switch|p2a: Enamorus|Enamorus-Therian, L83, F|100/100\n|turn|7\n|inactive|Time left: 300 sec this turn | 300 sec total\n|\n|t:|1783535210\n|move|p1a: Yanmega|Giga Drain|p2a: Enamorus\n|-resisted|p2a: Enamorus\n|-damage|p2a: Enamorus|80/100\n|move|p2a: Enamorus|Moonblast|p1a: Yanmega\n|-damage|p1a: Yanmega|88/275\n|\n|upkeep\n|turn|8\n|inactive|Time left: 300 sec this turn | 300 sec total\n|\n|t:|1783535210\n|move|p1a: Yanmega|Giga Drain|p2a: Enamorus\n|-resisted|p2a: Enamorus\n|-damage|p2a: Enamorus|62/100\n|-heal|p1a: Yanmega|112/275|[from] drain|[of] p2a: Enamorus\n|move|p2a: Enamorus|Moonblast|p1a: Yanmega\n|-crit|p1a: Yanmega\n|-damage|p1a: Yanmega|0 fnt\n|faint|p1a: Yanmega\n|\n|upkeep\n|inactive|Time left: 300 sec this turn | 300 sec total | 5 sec grace\n|\n|t:|1783535211\n|switch|p1a: Cloyster|Cloyster, L80, F|211/211\n|-damage|p1a: Cloyster|159/211|[from] Stealth Rock\n|turn|9\n|inactive|Time left: 300 sec this turn | 300 sec total\n|\n|t:|1783535212\n|move|p1a: Cloyster|Icicle Spear|p2a: Enamorus\n|-supereffective|p2a: Enamorus\n|-damage|p2a: Enamorus|47/100\n|-supereffective|p2a: Enamorus\n|-damage|p2a: Enamorus|30/100\n|-supereffective|p2a: Enamorus\n|-damage|p2a: Enamorus|13/100\n|-supereffective|p2a: Enamorus\n|-damage|p2a: Enamorus|0 fnt\n|faint|p2a: Enamorus\n|-hitcount|p2: Enamorus|4\n|\n|upkeep\n|\n|t:|1783535213\n|switch|p2a: Chandelure|Chandelure, L83, F|100/100\n|turn|10\n|inactive|Time left: 300 sec this turn | 300 sec total\n|\n|t:|1783535214\n|switch|p1a: Magmortar|Magmortar, L88, M|275/275\n|move|p2a: Chandelure|Energy Ball|p1a: Magmortar\n|-resisted|p1a: Magmortar\n|-damage|p1a: Magmortar|236/275\n|\n|upkeep\n|turn|11\n|inactive|Time left: 300 sec this turn | 300 sec total\n|\n|t:|1783535215\n|switch|p2a: Terrakion|Terrakion, L79|100/100\n|move|p1a: Magmortar|Knock Off|p2a: Terrakion\n|-resisted|p2a: Terrakion\n|-damage|p2a: Terrakion|87/100\n|-ability|p2a: Terrakion|Justified|boost\n|-boost|p2a: Terrakion|atk|1\n|-enditem|p2a: Terrakion|Choice Band|[from] move: Knock Off|[of] p1a: Magmortar\n|\n|upkeep\n|turn|12\n|inactive|Time left: 300 sec this turn | 300 sec total\n|\n|t:|1783535216\n|move|p2a: Terrakion|Earthquake|p1a: Magmortar\n|-supereffective|p1a: Magmortar\n|-damage|p1a: Magmortar|0 fnt\n|faint|p1a: Magmortar\n|\n|upkeep\n|inactive|Time left: 300 sec this turn | 300 sec total | 5 sec grace\n|\n|t:|1783535217\n|switch|p1a: Barraskewda|Barraskewda, L81, M|231/231\n|-damage|p1a: Barraskewda|203/231|[from] Stealth Rock\n|turn|13\n|inactive|Time left: 300 sec this turn | 300 sec total\n|\n|t:|1783535218\n|move|p2a: Terrakion|Quick Attack|p1a: Barraskewda\n|-damage|p1a: Barraskewda|142/231\n|move|p1a: Barraskewda|Waterfall|p2a: Terrakion\n|-supereffective|p2a: Terrakion\n|-damage|p2a: Terrakion|0 fnt\n|faint|p2a: Terrakion\n|\n|upkeep\n|\n|t:|1783535219\n|switch|p2a: Sudowoodo|Sudowoodo, L94, M|100/100\n|turn|14\n|inactive|Time left: 300 sec this turn | 300 sec total\n|\n|t:|1783535220\n|-terastallize|p1a: Barraskewda|Water\n|move|p1a: Barraskewda|Waterfall|p2a: Sudowoodo\n|-supereffective|p2a: Sudowoodo\n|-damage|p2a: Sudowoodo|0 fnt\n|faint|p2a: Sudowoodo\n|\n|upkeep\n|\n|t:|1783535221\n|switch|p2a: Noivern|Noivern, L82, F, tera:Fire|100/100\n|turn|15\n|inactive|Time left: 300 sec this turn | 300 sec total\n|\n|t:|1783535222\n|move|p1a: Barraskewda|Waterfall|p2a: Noivern\n|-supereffective|p2a: Noivern\n|-damage|p2a: Noivern|0 fnt\n|faint|p2a: Noivern\n|\n|upkeep\n|\n|t:|1783535223\n|switch|p2a: Chandelure|Chandelure, L83, F|100/100\n|turn|16\n|inactive|Time left: 300 sec this turn | 300 sec total\n|\n|t:|1783535223\n|move|p1a: Barraskewda|Waterfall|p2a: Chandelure\n|-supereffective|p2a: Chandelure\n|-damage|p2a: Chandelure|0 fnt\n|faint|p2a: Chandelure\n|\n|win|p0x125a6fd", "uploadtime": 1783535223, "views": 0, "rating": 0, "private": 0, "password": null, "_winner": "p0x125a6fd", "_our_name": "p0x125a6fd"}