{"id": "battle-gen9randombattle-1984", "formatid": "gen9randombattle", "format": "[Gen 9] Random Battle", "players": ["p0x19847e72", "p0y1984e8aa"], "log": "|init|battle\n|title|p0x19847e72 vs. p0y1984e8aa\n|j|\u2606p0x19847e72\n|j|\u2606p0y1984e8aa\n|t:|1783562966\n|gametype|singles\n|player|p1|p0x19847e72|266|\n|player|p2|p0y1984e8aa|266|\n|gen|9\n|tier|[Gen 9] Random Battle\n|rule|Species Clause: Limit one of each Pok\u00e9mon\n|rule|HP Percentage Mod: HP is shown in percentages\n|rule|Sleep Clause Mod: Limit one foe put to sleep\n|rule|Illusion Level Mod: Illusion disguises the Pok\u00e9mon's true level\n|\n|t:|1783562966\n|teamsize|p1|6\n|teamsize|p2|6\n|start\n|switch|p1a: Excadrill|Excadrill, L79, M|303/303\n|switch|p2a: Calyrex|Calyrex-Shadow, L64|100/100\n|-ability|p2a: Calyrex|As One\n|-ability|p2a: Calyrex|Unnerve\n|-ability|p1a: Excadrill|Mold Breaker\n|turn|1\n|inactive|Battle timer is ON: inactive players will automatically lose when time's up. (requested by p0x19847e72)\n|inactive|p0y1984e8aa also wants the timer to be on.\n|\n|t:|1783562967\n|move|p2a: Calyrex|Astral Barrage|p1a: Excadrill\n|-damage|p1a: Excadrill|150/303\n|move|p1a: Excadrill|Earthquake|p2a: Calyrex\n|-damage|p2a: Calyrex|30/100\n|\n|upkeep\n|turn|2\n|inactive|Time left: 300 sec this turn | 300 sec total\n|\n|t:|1783562968\n|switch|p1a: Squawkabilly|Squawkabilly-White, L89, M|291/291\n|move|p2a: Calyrex|Astral Barrage|p1a: Squawkabilly\n|-immune|p1a: Squawkabilly\n|\n|upkeep\n|turn|3\n|inactive|Time left: 300 sec this turn | 300 sec total\n|\n|t:|1783562969\n|move|p2a: Calyrex|Astral Barrage|p1a: Squawkabilly\n|-immune|p1a: Squawkabilly\n|move|p1a: Squawkabilly|Brave Bird|p2a: Calyrex\n|-damage|p2a: Calyrex|0 fnt\n|faint|p2a: Calyrex\n|-damage|p1a: Squawkabilly|268/291|[from] Recoil\n|\n|upkeep\n|\n|t:|1783562970\n|switch|p2a: Rotom|Rotom-Fan, L86|100/100\n|turn|4\n|inactive|Time left: 300 sec this turn | 300 sec total\n|\n|t:|1783562971\n|move|p1a: Squawkabilly|Parting Shot|p2a: Rotom\n|-unboost|p2a: Rotom|atk|1\n|-unboost|p2a: Rotom|spa|1\n|inactive|Time left: 300 sec this turn | 300 sec total | 5 sec grace\n|\n|t:|1783562972\n|switch|p1a: Florges|Florges, L85, F|271/271|[from] Parting Shot\n|move|p2a: Rotom|Volt Switch|p1a: Florges\n|-damage|p1a: Florges|234/271\n|\n|t:|1783562974\n|switch|p2a: Quagsire|Quagsire, L84, F|100/100|[from] Volt Switch\n|\n|-heal|p1a: Florges|250/271|[from] item: Leftovers\n|upkeep\n|turn|5\n|inactive|Time left: 300 sec this turn | 300 sec total\n|\n|t:|1783562975\n|move|p1a: Florges|Moonblast|p2a: Quagsire\n|-damage|p2a: Quagsire|47/100\n|move|p2a: Quagsire|Spikes|p1a: Florges\n|-sidestart|p1: p0x19847e72|Spikes\n|\n|-heal|p1a: Florges|266/271|[from] item: Leftovers\n|-heal|p2a: Quagsire|53/100|[from] item: Leftovers\n|upkeep\n|turn|6\n|inactive|Time left: 300 sec this turn | 300 sec total\n|\n|t:|1783562976\n|move|p1a: Florges|Moonblast|p2a: Quagsire\n|-damage|p2a: Quagsire|7/100\n|move|p2a: Quagsire|Recover|p2a: Quagsire\n|-heal|p2a: Quagsire|57/100\n|\n|-heal|p1a: Florges|271/271|[from] item: Leftovers\n|-heal|p2a: Quagsire|63/100|[from] item: Leftovers\n|upkeep\n|turn|7\n|inactive|Time left: 300 sec this turn | 300 sec total\n|\n|t:|1783562977\n|move|p1a: Florges|Moonblast|p2a: Quagsire\n|-damage|p2a: Quagsire|11/100\n|-unboost|p2a: Quagsire|spa|1\n|move|p2a: Quagsire|Recover|p2a: Quagsire\n|-heal|p2a: Quagsire|61/100\n|\n|-heal|p2a: Quagsire|68/100|[from] item: Leftovers\n|upkeep\n|turn|8\n|inactive|Time left: 300 sec this turn | 300 sec total\n|\n|t:|1783562978\n|move|p1a: Florges|Moonblast|p2a: Quagsire\n|-damage|p2a: Quagsire|20/100\n|move|p2a: Quagsire|Recover|p2a: Quagsire\n|-heal|p2a: Quagsire|70/100\n|\n|-heal|p2a: Quagsire|76/100|[from] item: Leftovers\n|upkeep\n|turn|9\n|inactive|Time left: 300 sec this turn | 300 sec total\n|\n|t:|1783562979\n|move|p1a: Florges|Moonblast|p2a: Quagsire\n|-damage|p2a: Quagsire|28/100\n|move|p2a: Quagsire|Earthquake|p1a: Florges\n|-damage|p1a: Florges|153/271\n|\n|-heal|p1a: Florges|169/271|[from] item: Leftovers\n|-heal|p2a: Quagsire|34/100|[from] item: Leftovers\n|upkeep\n|turn|10\n|inactive|Time left: 300 sec this turn | 300 sec total\n|\n|t:|1783562980\n|-terastallize|p2a: Quagsire|Poison\n|move|p1a: Florges|Moonblast|p2a: Quagsire\n|-resisted|p2a: Quagsire\n|-damage|p2a: Quagsire|7/100\n|-unboost|p2a: Quagsire|spa|1\n|move|p2a: Quagsire|Recover|p2a: Quagsire\n|-heal|p2a: Quagsire|57/100\n|\n|-heal|p1a: Florges|185/271|[from] item: Leftovers\n|-heal|p2a: Quagsire|63/100|[from] item: Leftovers\n|upkeep\n|turn|11\n|inactive|Time left: 300 sec this turn | 300 sec total\n|\n|t:|1783562981\n|move|p1a: Florges|Calm Mind|p1a: Florges\n|-boost|p1a: Florges|spa|1\n|-boost|p1a: Florges|spd|1\n|move|p2a: Quagsire|Toxic|p1a: Florges\n|-status|p1a: Florges|tox\n|\n|-heal|p1a: Florges|201/271 tox|[from] item: Leftovers\n|-heal|p2a: Quagsire|70/100|[from] item: Leftovers\n|-damage|p1a: Florges|185/271 tox|[from] psn\n|upkeep\n|turn|12\n|inactive|Time left: 300 sec this turn | 300 sec total\n|\n|t:|1783562982\n|move|p1a: Florges|Moonblast|p2a: Quagsire\n|-resisted|p2a: Quagsire\n|-damage|p2a: Quagsire|47/100\n|move|p2a: Quagsire|Earthquake|p1a: Florges\n|-damage|p1a: Florges|76/271 tox\n|\n|-heal|p1a: Florges|92/271 tox|[from] item: Leftovers\n|-heal|p2a: Quagsire|53/100|[from] item: Leftovers\n|-damage|p1a: Florges|60/271 tox|[from] psn\n|upkeep\n|turn|13\n|inactive|Time left: 300 sec this turn | 300 sec total\n|\n|t:|1783562983\n|move|p1a: Florges|Synthesis|p1a: Florges\n|-heal|p1a: Florges|195/271 tox\n|move|p2a: Quagsire|Recover|p2a: Quagsire\n|-heal|p2a: Quagsire|100/100\n|\n|-heal|p1a: Florges|211/271 tox|[from] item: Leftovers\n|-damage|p1a: Florges|163/271 tox|[from] psn\n|upkeep\n|turn|14\n|inactive|Time left: 300 sec this turn | 300 sec total\n|\n|t:|1783562984\n|move|p1a: Florges|Moonblast|p2a: Quagsire\n|-resisted|p2a: Quagsire\n|-damage|p2a: Quagsire|78/100\n|-unboost|p2a: Quagsire|spa|1\n|move|p2a: Quagsire|Earthquake|p1a: Florges\n|-damage|p1a: Florges|55/271 tox\n|\n|-heal|p1a: Florges|71/271 tox|[from] item: Leftovers\n|-heal|p2a: Quagsire|84/100|[from] item: Leftovers\n|-damage|p1a: Florges|7/271 tox|[from] psn\n|upkeep\n|turn|15\n|inactive|Time left: 300 sec this turn | 300 sec total\n|\n|t:|1783562985\n|switch|p2a: Deoxys|Deoxys-Defense, L84|100/100\n|-ability|p2a: Deoxys|Pressure\n|move|p1a: Florges|Moonblast|p2a: Deoxys\n|-damage|p2a: Deoxys|48/100\n|\n|-heal|p2a: Deoxys|54/100|[from] item: Leftovers\n|-heal|p1a: Florges|23/271 tox|[from] item: Leftovers\n|-damage|p1a: Florges|0 fnt|[from] psn\n|faint|p1a: Florges\n|upkeep\n|inactive|Time left: 300 sec this turn | 300 sec total | 5 sec grace\n|\n|t:|1783562986\n|switch|p1a: Blastoise|Blastoise, L80, M|258/258\n|-damage|p1a: Blastoise|226/258|[from] Spikes\n|turn|16\n|inactive|Time left: 300 sec this turn | 300 sec total\n|\n|t:|1783562987\n|move|p2a: Deoxys|Knock Off|p1a: Blastoise\n|-damage|p1a: Blastoise|175/258\n|-enditem|p1a: Blastoise|White Herb|[from] move: Knock Off|[of] p2a: Deoxys\n|move|p1a: Blastoise|Shell Smash|p1a: Blastoise\n|-unboost|p1a: Blastoise|def|1\n|-unboost|p1a: Blastoise|spd|1\n|-boost|p1a: Blastoise|atk|2\n|-boost|p1a: Blastoise|spa|2\n|-boost|p1a: Blastoise|spe|2\n|\n|-heal|p2a: Deoxys|60/100|[from] item: Leftovers\n|upkeep\n|turn|17\n|inactive|Time left: 300 sec this turn | 300 sec total\n|\n|t:|1783562988\n|switch|p2a: Umbreon|Umbreon, L84, F|100/100\n|move|p1a: Blastoise|Hydro Pump|p2a: Umbreon\n|-damage|p2a: Umbreon|55/100\n|\n|-heal|p2a: Umbreon|61/100|[from] item: Leftovers\n|upkeep\n|turn|18\n|inactive|Time left: 300 sec this turn | 300 sec total\n|\n|t:|1783562989\n|-terastallize|p1a: Blastoise|Water\n|move|p1a: Blastoise|Hydro Pump|p2a: Umbreon\n|-damage|p2a: Umbreon|0 fnt\n|faint|p2a: Umbreon\n|\n|upkeep\n|\n|t:|1783562990\n|switch|p2a: Reshiram|Reshiram, L76|100/100\n|-ability|p2a: Reshiram|Turboblaze\n|turn|19\n|inactive|Time left: 300 sec this turn | 300 sec total\n|\n|t:|1783562991\n|move|p1a: Blastoise|Earthquake|p2a: Reshiram\n|-supereffective|p2a: Reshiram\n|-damage|p2a: Reshiram|18/100\n|move|p2a: Reshiram|Draco Meteor|p1a: Blastoise\n|-damage|p1a: Blastoise|0 fnt\n|-unboost|p2a: Reshiram|spa|2\n|faint|p1a: Blastoise\n|\n|upkeep\n|inactive|Time left: 300 sec this turn | 300 sec total | 5 sec grace\n|\n|t:|1783562992\n|switch|p1a: Clefable|Clefable, L83, F|293/293\n|turn|20\n|inactive|Time left: 300 sec this turn | 300 sec total\n|\n|t:|1783562993\n|move|p2a: Reshiram|Blue Flare|p1a: Clefable\n|-damage|p1a: Clefable|208/293\n|-status|p1a: Clefable|brn\n|move|p1a: Clefable|Calm Mind|p1a: Clefable\n|-boost|p1a: Clefable|spa|1\n|-boost|p1a: Clefable|spd|1\n|\n|upkeep\n|turn|21\n|inactive|Time left: 300 sec this turn | 300 sec total\n|\n|t:|1783562994\n|switch|p2a: Quagsire|Quagsire, L84, F, tera:Poison|84/100\n|move|p1a: Clefable|Calm Mind|p1a: Clefable\n|-boost|p1a: Clefable|spa|1\n|-boost|p1a: Clefable|spd|1\n|\n|-heal|p2a: Quagsire|90/100|[from] item: Leftovers\n|upkeep\n|turn|22\n|inactive|Time left: 300 sec this turn | 300 sec total\n|\n|t:|1783562995\n|move|p1a: Clefable|Moonlight|p1a: Clefable\n|-heal|p1a: Clefable|293/293 brn\n|move|p2a: Quagsire|Earthquake|p1a: Clefable\n|-damage|p1a: Clefable|172/293 brn\n|\n|-heal|p2a: Quagsire|96/100|[from] item: Leftovers\n|upkeep\n|turn|23\n|inactive|Time left: 300 sec this turn | 300 sec total\n|\n|t:|1783562996\n|move|p1a: Clefable|Moonlight|p1a: Clefable\n|-heal|p1a: Clefable|293/293 brn\n|move|p2a: Quagsire|Earthquake|p1a: Clefable\n|-damage|p1a: Clefable|175/293 brn\n|\n|-heal|p2a: Quagsire|100/100|[from] item: Leftovers\n|upkeep\n|turn|24\n|inactive|Time left: 300 sec this turn | 300 sec total\n|\n|t:|1783562997\n|move|p1a: Clefable|Moonlight|p1a: Clefable\n|-heal|p1a: Clefable|293/293 brn\n|move|p2a: Quagsire|Earthquake|p1a: Clefable\n|-damage|p1a: Clefable|190/293 brn\n|\n|upkeep\n|turn|25\n|inactive|Time left: 300 sec this turn | 300 sec total\n|\n|t:|1783562998\n|move|p1a: Clefable|Moonlight|p1a: Clefable\n|-heal|p1a: Clefable|293/293 brn\n|move|p2a: Quagsire|Earthquake|p1a: Clefable\n|-damage|p1a: Clefable|182/293 brn\n|\n|upkeep\n|turn|26\n|inactive|Time left: 300 sec this turn | 300 sec total\n|\n|t:|1783562999\n|move|p1a: Clefable|Moonlight|p1a: Clefable\n|-heal|p1a: Clefable|293/293 brn\n|move|p2a: Quagsire|Earthquake|p1a: Clefable\n|-damage|p1a: Clefable|182/293 brn\n|\n|upkeep\n|turn|27\n|inactive|Time left: 300 sec this turn | 300 sec total\n|\n|t:|1783563000\n|move|p1a: Clefable|Moonlight|p1a: Clefable\n|-heal|p1a: Clefable|293/293 brn\n|move|p2a: Quagsire|Earthquake|p1a: Clefable\n|-damage|p1a: Clefable|175/293 brn\n|\n|upkeep\n|turn|28\n|inactive|Time left: 300 sec this turn | 300 sec total\n|\n|t:|1783563001\n|move|p1a: Clefable|Moonlight|p1a: Clefable\n|-heal|p1a: Clefable|293/293 brn\n|move|p2a: Quagsire|Earthquake|p1a: Clefable\n|-damage|p1a: Clefable|179/293 brn\n|\n|upkeep\n|turn|29\n|inactive|Time left: 300 sec this turn | 300 sec total\n|\n|t:|1783563002\n|move|p1a: Clefable|Moonlight|p1a: Clefable\n|-heal|p1a: Clefable|293/293 brn\n|move|p2a: Quagsire|Earthquake|p1a: Clefable\n|-damage|p1a: Clefable|190/293 brn\n|\n|upkeep\n|turn|30\n|inactive|Time left: 300 sec this turn | 300 sec total\n|\n|t:|1783563003\n|move|p1a: Clefable|Fire Blast|p2a: Quagsire\n|-damage|p2a: Quagsire|62/100\n|move|p2a: Quagsire|Earthquake|p1a: Clefable\n|-damage|p1a: Clefable|88/293 brn\n|\n|-heal|p2a: Quagsire|68/100|[from] item: Leftovers\n|upkeep\n|turn|31\n|inactive|Time left: 300 sec this turn | 300 sec total\n|\n|t:|1783563004\n|move|p1a: Clefable|Fire Blast|p2a: Quagsire\n|-damage|p2a: Quagsire|25/100\n|move|p2a: Quagsire|Earthquake|p1a: Clefable\n|-damage|p1a: Clefable|0 fnt\n|faint|p1a: Clefable\n|\n|-heal|p2a: Quagsire|31/100|[from] item: Leftovers\n|upkeep\n|inactive|Time left: 300 sec this turn | 300 sec total | 5 sec grace\n|\n|t:|1783563005\n|switch|p1a: Squawkabilly|Squawkabilly-White, L89, M|268/291\n|turn|32\n|inactive|Time left: 300 sec this turn | 300 sec total\n|\n|t:|1783563006\n|move|p1a: Squawkabilly|Double-Edge|p2a: Quagsire\n|-damage|p2a: Quagsire|0 fnt\n|faint|p2a: Quagsire\n|-damage|p1a: Squawkabilly|238/291|[from] Recoil\n|\n|upkeep\n|\n|t:|1783563007\n|switch|p2a: Rotom|Rotom-Fan, L86|100/100\n|turn|33\n|inactive|Time left: 300 sec this turn | 300 sec total\n|\n|t:|1783563008\n|move|p1a: Squawkabilly|Parting Shot|p2a: Rotom\n|-unboost|p2a: Rotom|atk|1\n|-unboost|p2a: Rotom|spa|1\n|inactive|Time left: 300 sec this turn | 300 sec total | 5 sec grace\n|\n|t:|1783563008\n|switch|p1a: Excadrill|Excadrill, L79, M|150/303|[from] Parting Shot\n|-damage|p1a: Excadrill|113/303|[from] Spikes\n|-ability|p1a: Excadrill|Mold Breaker\n|move|p2a: Rotom|Volt Switch|p1a: Excadrill\n|-immune|p1a: Excadrill\n|\n|upkeep\n|turn|34\n|inactive|Time left: 300 sec this turn | 300 sec total\n|\n|t:|1783563009\n|switch|p2a: Deoxys|Deoxys-Defense, L84|60/100\n|-ability|p2a: Deoxys|Pressure\n|move|p1a: Excadrill|Rapid Spin|p2a: Deoxys\n|-damage|p2a: Deoxys|48/100\n|-boost|p1a: Excadrill|spe|1\n|-sideend|p1: p0x19847e72|Spikes|[from] move: Rapid Spin|[of] p1a: Excadrill\n|\n|-heal|p2a: Deoxys|53/100|[from] item: Leftovers\n|upkeep\n|turn|35\n|inactive|Time left: 300 sec this turn | 300 sec total\n|\n|t:|1783563010\n|move|p1a: Excadrill|Iron Head|p2a: Deoxys\n|-damage|p2a: Deoxys|27/100\n|move|p2a: Deoxys|Recover|p2a: Deoxys\n|-heal|p2a: Deoxys|77/100\n|\n|-heal|p2a: Deoxys|83/100|[from] item: Leftovers\n|upkeep\n|turn|36\n|inactive|Time left: 300 sec this turn | 300 sec total\n|\n|t:|1783563011\n|move|p1a: Excadrill|Iron Head|p2a: Deoxys\n|-damage|p2a: Deoxys|53/100\n|cant|p2a: Deoxys|flinch\n|\n|-heal|p2a: Deoxys|59/100|[from] item: Leftovers\n|upkeep\n|turn|37\n|inactive|Time left: 300 sec this turn | 300 sec total\n|\n|t:|1783563012\n|move|p1a: Excadrill|Earthquake|p2a: Deoxys\n|-damage|p2a: Deoxys|27/100\n|move|p2a: Deoxys|Recover|p2a: Deoxys\n|-heal|p2a: Deoxys|77/100\n|\n|-heal|p2a: Deoxys|83/100|[from] item: Leftovers\n|upkeep\n|turn|38\n|inactive|Time left: 300 sec this turn | 300 sec total\n|\n|t:|1783563014\n|move|p1a: Excadrill|Iron Head|p2a: Deoxys\n|-damage|p2a: Deoxys|56/100\n|move|p2a: Deoxys|Knock Off|p1a: Excadrill\n|-damage|p1a: Excadrill|41/303\n|-enditem|p1a: Excadrill|Assault Vest|[from] move: Knock Off|[of] p2a: Deoxys\n|\n|-heal|p2a: Deoxys|62/100|[from] item: Leftovers\n|upkeep\n|turn|39\n|inactive|Time left: 300 sec this turn | 300 sec total\n|\n|t:|1783563015\n|move|p1a: Excadrill|Iron Head|p2a: Deoxys\n|-damage|p2a: Deoxys|32/100\n|cant|p2a: Deoxys|flinch\n|\n|-heal|p2a: Deoxys|38/100|[from] item: Leftovers\n|upkeep\n|turn|40\n|inactive|Time left: 300 sec this turn | 300 sec total\n|\n|t:|1783563016\n|move|p1a: Excadrill|Iron Head|p2a: Deoxys\n|-damage|p2a: Deoxys|9/100\n|move|p2a: Deoxys|Recover|p2a: Deoxys\n|-heal|p2a: Deoxys|59/100\n|\n|-heal|p2a: Deoxys|65/100|[from] item: Leftovers\n|upkeep\n|turn|41\n|inactive|Time left: 300 sec this turn | 300 sec total\n|\n|t:|1783563017\n|move|p1a: Excadrill|Iron Head|p2a: Deoxys\n|-damage|p2a: Deoxys|37/100\n|cant|p2a: Deoxys|flinch\n|\n|-heal|p2a: Deoxys|43/100|[from] item: Leftovers\n|upkeep\n|turn|42\n|inactive|Time left: 300 sec this turn | 300 sec total\n|\n|t:|1783563018\n|move|p1a: Excadrill|Iron Head|p2a: Deoxys\n|-damage|p2a: Deoxys|17/100\n|move|p2a: Deoxys|Recover|p2a: Deoxys\n|-heal|p2a: Deoxys|67/100\n|\n|-heal|p2a: Deoxys|73/100|[from] item: Leftovers\n|upkeep\n|turn|43\n|inactive|Time left: 300 sec this turn | 300 sec total\n|\n|t:|1783563019\n|move|p1a: Excadrill|Iron Head|p2a: Deoxys\n|-damage|p2a: Deoxys|43/100\n|move|p2a: Deoxys|Recover|p2a: Deoxys\n|-heal|p2a: Deoxys|93/100\n|\n|-heal|p2a: Deoxys|99/100|[from] item: Leftovers\n|upkeep\n|turn|44\n|inactive|Time left: 300 sec this turn | 300 sec total\n|\n|t:|1783563021\n|move|p1a: Excadrill|Iron Head|p2a: Deoxys\n|-damage|p2a: Deoxys|72/100\n|move|p2a: Deoxys|Knock Off|p1a: Excadrill\n|-damage|p1a: Excadrill|0 fnt\n|faint|p1a: Excadrill\n|\n|-heal|p2a: Deoxys|78/100|[from] item: Leftovers\n|upkeep\n|inactive|Time left: 300 sec this turn | 300 sec total | 5 sec grace\n|\n|t:|1783563022\n|switch|p1a: Squawkabilly|Squawkabilly-White, L89, M|238/291\n|turn|45\n|inactive|Time left: 300 sec this turn | 300 sec total\n|\n|t:|1783563023\n|move|p1a: Squawkabilly|Brave Bird|p2a: Deoxys\n|-damage|p2a: Deoxys|22/100\n|-damage|p1a: Squawkabilly|197/291|[from] Recoil\n|move|p2a: Deoxys|Recover|p2a: Deoxys\n|-heal|p2a: Deoxys|72/100\n|\n|-heal|p2a: Deoxys|78/100|[from] item: Leftovers\n|upkeep\n|turn|46\n|inactive|Time left: 300 sec this turn | 300 sec total\n|\n|t:|1783563024\n|move|p1a: Squawkabilly|Double-Edge|p2a: Deoxys|[miss]\n|-miss|p1a: Squawkabilly|p2a: Deoxys\n|move|p2a: Deoxys|Recover|p2a: Deoxys\n|-heal|p2a: Deoxys|100/100\n|\n|upkeep\n|turn|47\n|inactive|Time left: 300 sec this turn | 300 sec total\n|\n|t:|1783563025\n|move|p1a: Squawkabilly|Brave Bird|p2a: Deoxys\n|-damage|p2a: Deoxys|40/100\n|-damage|p1a: Squawkabilly|153/291|[from] Recoil\n|move|p2a: Deoxys|Psychic Noise|p1a: Squawkabilly\n|-damage|p1a: Squawkabilly|69/291\n|-start|p1a: Squawkabilly|move: Heal Block\n|\n|-heal|p2a: Deoxys|46/100|[from] item: Leftovers\n|upkeep\n|turn|48\n|inactive|Time left: 300 sec this turn | 300 sec total\n|\n|t:|1783563026\n|move|p1a: Squawkabilly|Double-Edge|p2a: Deoxys\n|-damage|p2a: Deoxys|0 fnt\n|faint|p2a: Deoxys\n|-damage|p1a: Squawkabilly|36/291|[from] Recoil\n|\n|-end|p1a: Squawkabilly|move: Heal Block\n|upkeep\n|\n|t:|1783563027\n|switch|p2a: Rotom|Rotom-Fan, L86|100/100\n|turn|49\n|inactive|Time left: 300 sec this turn | 300 sec total\n|\n|t:|1783563028\n|move|p1a: Squawkabilly|Double-Edge|p2a: Rotom\n|-damage|p2a: Rotom|18/100\n|-damage|p1a: Squawkabilly|0 fnt|[from] Recoil\n|faint|p1a: Squawkabilly\n|move|p2a: Rotom|Thunderbolt|p1: Squawkabilly|[notarget]\n|-fail|p2a: Rotom\n|\n|upkeep\n|inactive|Time left: 300 sec this turn | 300 sec total | 5 sec grace\n|\n|t:|1783563029\n|switch|p1a: Persian|Persian, L92, M|269/269\n|turn|50\n|inactive|Time left: 300 sec this turn | 300 sec total\n|\n|t:|1783563030\n|move|p1a: Persian|Fake Out|p2a: Rotom\n|-damage|p2a: Rotom|0 fnt\n|faint|p2a: Rotom\n|\n|upkeep\n|\n|t:|1783563030\n|switch|p2a: Reshiram|Reshiram, L76|18/100\n|-ability|p2a: Reshiram|Turboblaze\n|turn|51\n|inactive|Time left: 300 sec this turn | 300 sec total\n|\n|t:|1783563031\n|move|p1a: Persian|Double-Edge|p2a: Reshiram\n|-damage|p2a: Reshiram|0 fnt\n|faint|p2a: Reshiram\n|-damage|p1a: Persian|253/269|[from] Recoil\n|\n|win|p0x19847e72", "uploadtime": 1783563031, "views": 0, "rating": 0, "private": 0, "password": null, "_winner": "p0x19847e72", "_our_name": "p0x19847e72"}