{"id": "battle-gen9randombattle-2316", "formatid": "gen9randombattle", "format": "[Gen 9] Random Battle", "players": ["p0x2316ca3d", "p0y231692be"], "log": "|init|battle\n|title|p0x2316ca3d vs. p0y231692be\n|j|\u2606p0x2316ca3d\n|j|\u2606p0y231692be\n|t:|1783566895\n|gametype|singles\n|player|p1|p0x2316ca3d|101|\n|player|p2|p0y231692be|170|\n|gen|9\n|tier|[Gen 9] Random Battle\n|rule|Species Clause: Limit one of each Pok\u00e9mon\n|rule|HP Percentage Mod: HP is shown in percentages\n|rule|Sleep Clause Mod: Limit one foe put to sleep\n|rule|Illusion Level Mod: Illusion disguises the Pok\u00e9mon's true level\n|\n|t:|1783566895\n|teamsize|p1|6\n|teamsize|p2|6\n|start\n|switch|p1a: Regieleki|Regieleki, L79|256/256\n|switch|p2a: Scovillain|Scovillain, L91, M|100/100\n|turn|1\n|inactive|Battle timer is ON: inactive players will automatically lose when time's up. (requested by p0x2316ca3d)\n|\n|t:|1783566896\n|move|p1a: Regieleki|Volt Switch|p2a: Scovillain\n|-resisted|p2a: Scovillain\n|-damage|p2a: Scovillain|78/100\n|inactive|Time left: 300 sec this turn | 300 sec total | 65 sec grace\n|inactive|p0y231692be also wants the timer to be on.\n|\n|t:|1783566898\n|switch|p1a: Cramorant|Cramorant, L86, M|261/261|[from] Volt Switch\n|move|p2a: Scovillain|Fire Blast|p1a: Cramorant\n|-resisted|p1a: Cramorant\n|-damage|p1a: Cramorant|198/261\n|\n|upkeep\n|turn|2\n|inactive|Time left: 300 sec this turn | 300 sec total\n|\n|t:|1783566899\n|switch|p2a: Corviknight|Corviknight, L80, M|100/100\n|-ability|p2a: Corviknight|Pressure\n|move|p1a: Cramorant|Brave Bird|p2a: Corviknight\n|-resisted|p2a: Corviknight\n|-damage|p2a: Corviknight|81/100\n|-damage|p1a: Cramorant|179/261|[from] Recoil\n|\n|-heal|p2a: Corviknight|87/100|[from] item: Leftovers\n|upkeep\n|turn|3\n|inactive|Time left: 300 sec this turn | 300 sec total\n|\n|t:|1783566900\n|move|p1a: Cramorant|Surf|p2a: Corviknight\n|-formechange|p1a: Cramorant|Cramorant-Gulping|\n|-damage|p2a: Corviknight|54/100\n|move|p2a: Corviknight|Brave Bird|p1a: Cramorant\n|-damage|p1a: Cramorant|34/261\n|-damage|p2a: Corviknight|29/100|[from] ability: Gulp Missile|[of] p1a: Cramorant\n|-unboost|p2a: Corviknight|def|1\n|-formechange|p1a: Cramorant|Cramorant|\n|-damage|p2a: Corviknight|13/100|[from] Recoil\n|\n|-heal|p2a: Corviknight|19/100|[from] item: Leftovers\n|upkeep\n|turn|4\n|inactive|Time left: 300 sec this turn | 300 sec total\n|\n|t:|1783566901\n|switch|p2a: Inteleon|Inteleon, L81, M|100/100\n|move|p1a: Cramorant|Surf|p2a: Inteleon\n|-formechange|p1a: Cramorant|Cramorant-Gorging|\n|-resisted|p2a: Inteleon\n|-damage|p2a: Inteleon|78/100\n|\n|upkeep\n|turn|5\n|inactive|Time left: 300 sec this turn | 300 sec total\n|\n|t:|1783566903\n|move|p2a: Inteleon|Scald|p1a: Cramorant\n|-resisted|p1a: Cramorant\n|-damage|p1a: Cramorant|0 fnt\n|-damage|p2a: Inteleon|53/100|[from] ability: Gulp Missile|[of] p1a: Cramorant\n|-status|p2a: Inteleon|par\n|-formechange|p1a: Cramorant|Cramorant|\n|faint|p1a: Cramorant\n|\n|upkeep\n|inactive|Time left: 300 sec this turn | 300 sec total | 5 sec grace\n|\n|t:|1783566904\n|switch|p1a: Espeon|Espeon, L84, M|246/246\n|turn|6\n|inactive|Time left: 300 sec this turn | 300 sec total\n|\n|t:|1783566905\n|switch|p2a: Toedscruel|Toedscruel, L87, F|100/100\n|move|p1a: Espeon|Psyshock|p2a: Toedscruel\n|-damage|p2a: Toedscruel|35/100\n|\n|-heal|p2a: Toedscruel|41/100|[from] item: Leftovers\n|upkeep\n|turn|7\n|inactive|Time left: 300 sec this turn | 300 sec total\n|\n|t:|1783566906\n|switch|p2a: Inteleon|Inteleon, L81, M|53/100 par\n|move|p1a: Espeon|Psyshock|p2a: Inteleon\n|-damage|p2a: Inteleon|0 fnt\n|faint|p2a: Inteleon\n|\n|upkeep\n|\n|t:|1783566906\n|switch|p2a: Arcanine|Arcanine-Hisui, L79, F|100/100\n|turn|8\n|inactive|Time left: 300 sec this turn | 300 sec total\n|\n|t:|1783566907\n|move|p1a: Espeon|Psyshock|p2a: Arcanine\n|-damage|p2a: Arcanine|31/100\n|move|p2a: Arcanine|Head Smash|p1a: Espeon\n|-damage|p1a: Espeon|29/246\n|\n|upkeep\n|turn|9\n|inactive|Time left: 300 sec this turn | 300 sec total\n|\n|t:|1783566908\n|move|p2a: Arcanine|Extreme Speed|p1a: Espeon\n|-damage|p1a: Espeon|0 fnt\n|faint|p1a: Espeon\n|\n|upkeep\n|inactive|Time left: 300 sec this turn | 300 sec total | 5 sec grace\n|\n|t:|1783566909\n|switch|p1a: Tauros|Tauros-Paldea-Combat, L82, M|257/257\n|-ability|p1a: Tauros|Intimidate|boost\n|-unboost|p2a: Arcanine|atk|1\n|turn|10\n|inactive|Time left: 300 sec this turn | 300 sec total\n|\n|t:|1783566910\n|switch|p2a: Toedscruel|Toedscruel, L87, F|41/100\n|move|p1a: Tauros|Bulk Up|p1a: Tauros\n|-boost|p1a: Tauros|atk|1\n|-boost|p1a: Tauros|def|1\n|\n|-heal|p2a: Toedscruel|47/100|[from] item: Leftovers\n|upkeep\n|turn|11\n|inactive|Time left: 300 sec this turn | 300 sec total\n|\n|t:|1783566911\n|move|p1a: Tauros|Close Combat|p2a: Toedscruel\n|-damage|p2a: Toedscruel|0 fnt\n|-unboost|p1a: Tauros|def|1\n|-unboost|p1a: Tauros|spd|1\n|faint|p2a: Toedscruel\n|-damage|p1a: Tauros|232/257|[from] item: Life Orb\n|\n|upkeep\n|\n|t:|1783566912\n|switch|p2a: Eelektross|Eelektross, L87, M|100/100\n|turn|12\n|inactive|Time left: 300 sec this turn | 300 sec total\n|\n|t:|1783566913\n|-terastallize|p1a: Tauros|Fighting\n|move|p1a: Tauros|Close Combat|p2a: Eelektross\n|-damage|p2a: Eelektross|0 fnt\n|-unboost|p1a: Tauros|def|1\n|-unboost|p1a: Tauros|spd|1\n|faint|p2a: Eelektross\n|-damage|p1a: Tauros|207/257|[from] item: Life Orb\n|\n|upkeep\n|\n|t:|1783566914\n|switch|p2a: Corviknight|Corviknight, L80, M|19/100\n|-ability|p2a: Corviknight|Pressure\n|turn|13\n|inactive|Time left: 300 sec this turn | 300 sec total\n|\n|t:|1783566915\n|move|p1a: Tauros|Close Combat|p2a: Corviknight\n|-damage|p2a: Corviknight|0 fnt\n|-unboost|p1a: Tauros|def|1\n|-unboost|p1a: Tauros|spd|1\n|faint|p2a: Corviknight\n|-damage|p1a: Tauros|182/257|[from] item: Life Orb\n|\n|upkeep\n|\n|t:|1783566916\n|switch|p2a: Arcanine|Arcanine-Hisui, L79, F|31/100\n|turn|14\n|inactive|Time left: 300 sec this turn | 300 sec total\n|\n|t:|1783566917\n|move|p1a: Tauros|Close Combat|p2a: Arcanine\n|-supereffective|p2a: Arcanine\n|-damage|p2a: Arcanine|0 fnt\n|-unboost|p1a: Tauros|def|1\n|-unboost|p1a: Tauros|spd|1\n|faint|p2a: Arcanine\n|-damage|p1a: Tauros|157/257|[from] item: Life Orb\n|\n|upkeep\n|\n|t:|1783566918\n|switch|p2a: Scovillain|Scovillain, L91, M|78/100\n|turn|15\n|inactive|Time left: 300 sec this turn | 300 sec total\n|\n|t:|1783566919\n|-terastallize|p2a: Scovillain|Ground\n|move|p1a: Tauros|Close Combat|p2a: Scovillain\n|-damage|p2a: Scovillain|0 fnt\n|-unboost|p1a: Tauros|def|1\n|-unboost|p1a: Tauros|spd|1\n|faint|p2a: Scovillain\n|-damage|p1a: Tauros|132/257|[from] item: Life Orb\n|\n|win|p0x2316ca3d", "uploadtime": 1783566919, "views": 0, "rating": 0, "private": 0, "password": null, "_winner": "p0x2316ca3d", "_our_name": "p0x2316ca3d"}