{"id": "battle-gen9randombattle-592", "formatid": "gen9randombattle", "format": "[Gen 9] Random Battle", "players": ["p0x592b24a", "p0y5929e71"], "log": "|init|battle\n|title|p0x592b24a vs. p0y5929e71\n|j|\u2606p0x592b24a\n|j|\u2606p0y5929e71\n|t:|1783545930\n|gametype|singles\n|player|p1|p0x592b24a|265|\n|player|p2|p0y5929e71|2|\n|gen|9\n|tier|[Gen 9] Random Battle\n|rule|Species Clause: Limit one of each Pok\u00e9mon\n|rule|HP Percentage Mod: HP is shown in percentages\n|rule|Sleep Clause Mod: Limit one foe put to sleep\n|rule|Illusion Level Mod: Illusion disguises the Pok\u00e9mon's true level\n|\n|t:|1783545930\n|teamsize|p1|6\n|teamsize|p2|6\n|start\n|switch|p1a: Vigoroth|Vigoroth, L85, F|275/275\n|switch|p2a: Pachirisu|Pachirisu, L96, M|100/100\n|turn|1\n|inactive|Battle timer is ON: inactive players will automatically lose when time's up. (requested by p0x592b24a)\n|\n|t:|1783545932\n|move|p2a: Pachirisu|Nuzzle|p1a: Vigoroth\n|-damage|p1a: Vigoroth|263/275\n|-status|p1a: Vigoroth|par\n|move|p1a: Vigoroth|Body Slam|p2a: Pachirisu\n|-damage|p2a: Pachirisu|71/100\n|\n|upkeep\n|turn|2\n|inactive|Time left: 300 sec this turn | 300 sec total\n|inactive|p0y5929e71 also wants the timer to be on.\n|\n|t:|1783545933\n|move|p2a: Pachirisu|Super Fang|p1a: Vigoroth\n|-damage|p1a: Vigoroth|132/275 par\n|move|p1a: Vigoroth|Bulk Up|p1a: Vigoroth\n|-boost|p1a: Vigoroth|atk|1\n|-boost|p1a: Vigoroth|def|1\n|\n|upkeep\n|turn|3\n|inactive|Time left: 300 sec this turn | 300 sec total\n|\n|t:|1783545934\n|move|p2a: Pachirisu|Super Fang|p1a: Vigoroth\n|-damage|p1a: Vigoroth|66/275 par\n|cant|p1a: Vigoroth|par\n|\n|upkeep\n|turn|4\n|inactive|Time left: 300 sec this turn | 300 sec total\n|\n|t:|1783545935\n|move|p2a: Pachirisu|Thunderbolt|p1a: Vigoroth\n|-damage|p1a: Vigoroth|0 fnt\n|faint|p1a: Vigoroth\n|\n|upkeep\n|inactive|Time left: 300 sec this turn | 300 sec total | 5 sec grace\n|\n|t:|1783545936\n|switch|p1a: Spidops|Spidops, L96, F|271/271\n|turn|5\n|inactive|Time left: 300 sec this turn | 300 sec total\n|\n|t:|1783545937\n|move|p2a: Pachirisu|Nuzzle|p1a: Spidops\n|-damage|p1a: Spidops|258/271\n|-status|p1a: Spidops|par\n|cant|p1a: Spidops|par\n|\n|upkeep\n|turn|6\n|inactive|Time left: 300 sec this turn | 300 sec total\n|\n|t:|1783545939\n|move|p2a: Pachirisu|Thunderbolt|p1a: Spidops\n|-damage|p1a: Spidops|195/271 par\n|move|p1a: Spidops|Sticky Web|p2a: Pachirisu\n|-sidestart|p2: p0y5929e71|move: Sticky Web\n|\n|upkeep\n|turn|7\n|inactive|Time left: 300 sec this turn | 300 sec total\n|\n|t:|1783545940\n|move|p2a: Pachirisu|Super Fang|p1a: Spidops|[miss]\n|-miss|p2a: Pachirisu|p1a: Spidops\n|move|p1a: Spidops|Knock Off|p2a: Pachirisu\n|-damage|p2a: Pachirisu|41/100\n|-enditem|p2a: Pachirisu|Assault Vest|[from] move: Knock Off|[of] p1a: Spidops\n|\n|upkeep\n|turn|8\n|inactive|Time left: 300 sec this turn | 300 sec total\n|\n|t:|1783545941\n|move|p2a: Pachirisu|Super Fang|p1a: Spidops\n|-damage|p1a: Spidops|98/271 par\n|move|p1a: Spidops|Knock Off|p2a: Pachirisu\n|-damage|p2a: Pachirisu|23/100\n|\n|upkeep\n|turn|9\n|inactive|Time left: 300 sec this turn | 300 sec total\n|\n|t:|1783545942\n|move|p2a: Pachirisu|Thunderbolt|p1a: Spidops\n|-damage|p1a: Spidops|38/271 par\n|move|p1a: Spidops|U-turn|p2a: Pachirisu\n|-damage|p2a: Pachirisu|0 fnt\n|faint|p2a: Pachirisu\n|inactive|Time left: 300 sec this turn | 300 sec total | 5 sec grace\n|\n|t:|1783545943\n|switch|p1a: Slowbro|Slowbro, L85, F|300/300|[from] U-turn\n|\n|upkeep\n|\n|t:|1783545945\n|switch|p2a: Mightyena|Mightyena, L96, M|100/100\n|-activate|p2a: Mightyena|move: Sticky Web\n|-unboost|p2a: Mightyena|spe|1\n|-ability|p2a: Mightyena|Intimidate|boost\n|-unboost|p1a: Slowbro|atk|1\n|turn|10\n|inactive|Time left: 300 sec this turn | 300 sec total\n|\n|t:|1783545946\n|move|p2a: Mightyena|Throat Chop|p1a: Slowbro\n|-supereffective|p1a: Slowbro\n|-damage|p1a: Slowbro|18/300\n|-start|p1a: Slowbro|Throat Chop|[silent]\n|move|p1a: Slowbro|Scald|p2a: Mightyena\n|-crit|p2a: Mightyena\n|-damage|p2a: Mightyena|49/100\n|\n|-heal|p1a: Slowbro|36/300|[from] item: Leftovers\n|upkeep\n|turn|11\n|inactive|Time left: 300 sec this turn | 300 sec total\n|\n|t:|1783545947\n|switch|p1a: Spidops|Spidops, L96, F|38/271 par\n|move|p2a: Mightyena|Throat Chop|p1a: Spidops\n|-damage|p1a: Spidops|0 fnt\n|faint|p1a: Spidops\n|\n|upkeep\n|inactive|Time left: 300 sec this turn | 300 sec total | 5 sec grace\n|\n|t:|1783545948\n|switch|p1a: Slowbro|Slowbro, L85, F|136/300\n|turn|12\n|inactive|Time left: 300 sec this turn | 300 sec total\n|\n|t:|1783545949\n|switch|p1a: Toxapex|Toxapex, L82, F|216/216\n|move|p2a: Mightyena|Throat Chop|p1a: Toxapex\n|-damage|p1a: Toxapex|110/216\n|-start|p1a: Toxapex|Throat Chop|[silent]\n|\n|-heal|p1a: Toxapex|123/216|[from] item: Leftovers\n|upkeep\n|turn|13\n|inactive|Time left: 300 sec this turn | 300 sec total\n|\n|t:|1783545950\n|move|p2a: Mightyena|Throat Chop|p1a: Toxapex\n|-damage|p1a: Toxapex|18/216\n|move|p1a: Toxapex|Recover|p1a: Toxapex\n|-heal|p1a: Toxapex|126/216\n|\n|-heal|p1a: Toxapex|139/216|[from] item: Leftovers\n|-end|p1a: Toxapex|Throat Chop|[silent]\n|upkeep\n|turn|14\n|inactive|Time left: 300 sec this turn | 300 sec total\n|\n|t:|1783545951\n|move|p2a: Mightyena|Throat Chop|p1a: Toxapex\n|-damage|p1a: Toxapex|28/216\n|-start|p1a: Toxapex|Throat Chop|[silent]\n|move|p1a: Toxapex|Recover|p1a: Toxapex\n|-heal|p1a: Toxapex|136/216\n|\n|-heal|p1a: Toxapex|149/216|[from] item: Leftovers\n|upkeep\n|turn|15\n|inactive|Time left: 300 sec this turn | 300 sec total\n|\n|t:|1783545952\n|move|p2a: Mightyena|Throat Chop|p1a: Toxapex\n|-damage|p1a: Toxapex|46/216\n|move|p1a: Toxapex|Toxic|p2a: Mightyena\n|-status|p2a: Mightyena|tox\n|\n|-heal|p1a: Toxapex|59/216|[from] item: Leftovers\n|-damage|p2a: Mightyena|43/100 tox|[from] psn\n|-end|p1a: Toxapex|Throat Chop|[silent]\n|upkeep\n|turn|16\n|inactive|Time left: 300 sec this turn | 300 sec total\n|\n|t:|1783545953\n|switch|p1a: Slowbro|Slowbro, L85, F|236/300\n|move|p2a: Mightyena|Throat Chop|p1a: Slowbro\n|-supereffective|p1a: Slowbro\n|-damage|p1a: Slowbro|0 fnt\n|faint|p1a: Slowbro\n|\n|-damage|p2a: Mightyena|30/100 tox|[from] psn\n|upkeep\n|inactive|Time left: 300 sec this turn | 300 sec total | 5 sec grace\n|\n|t:|1783545954\n|switch|p1a: Toxapex|Toxapex, L82, F|131/216\n|turn|17\n|inactive|Time left: 300 sec this turn | 300 sec total\n|\n|t:|1783545955\n|move|p2a: Mightyena|Throat Chop|p1a: Toxapex\n|-damage|p1a: Toxapex|19/216\n|-start|p1a: Toxapex|Throat Chop|[silent]\n|move|p1a: Toxapex|Recover|p1a: Toxapex\n|-heal|p1a: Toxapex|127/216\n|\n|-heal|p1a: Toxapex|140/216|[from] item: Leftovers\n|-damage|p2a: Mightyena|12/100 tox|[from] psn\n|upkeep\n|turn|18\n|inactive|Time left: 300 sec this turn | 300 sec total\n|\n|t:|1783545956\n|move|p2a: Mightyena|Throat Chop|p1a: Toxapex\n|-damage|p1a: Toxapex|38/216\n|move|p1a: Toxapex|Recover|p1a: Toxapex\n|-heal|p1a: Toxapex|146/216\n|\n|-heal|p1a: Toxapex|159/216|[from] item: Leftovers\n|-damage|p2a: Mightyena|0 fnt|[from] psn\n|faint|p2a: Mightyena\n|-end|p1a: Toxapex|Throat Chop|[silent]\n|upkeep\n|\n|t:|1783545957\n|switch|p2a: Victreebel|Victreebel, L90, M|100/100\n|-activate|p2a: Victreebel|move: Sticky Web\n|-unboost|p2a: Victreebel|spe|1\n|turn|19\n|inactive|Time left: 300 sec this turn | 300 sec total\n|\n|t:|1783545958\n|switch|p1a: Deoxys|Deoxys-Defense, L84|221/221\n|-ability|p1a: Deoxys|Pressure\n|move|p2a: Victreebel|Power Whip|p1a: Deoxys\n|-damage|p1a: Deoxys|103/221\n|-damage|p2a: Victreebel|90/100|[from] item: Life Orb\n|\n|-heal|p1a: Deoxys|116/221|[from] item: Leftovers\n|upkeep\n|turn|20\n|inactive|Time left: 300 sec this turn | 300 sec total\n|\n|t:|1783545959\n|move|p1a: Deoxys|Cosmic Power|p1a: Deoxys\n|-boost|p1a: Deoxys|def|1\n|-boost|p1a: Deoxys|spd|1\n|move|p2a: Victreebel|Power Whip|p1a: Deoxys\n|-damage|p1a: Deoxys|30/221\n|-damage|p2a: Victreebel|80/100|[from] item: Life Orb\n|\n|-heal|p1a: Deoxys|43/221|[from] item: Leftovers\n|upkeep\n|turn|21\n|inactive|Time left: 300 sec this turn | 300 sec total\n|\n|t:|1783545960\n|move|p1a: Deoxys|Recover|p1a: Deoxys\n|-heal|p1a: Deoxys|154/221\n|move|p2a: Victreebel|Power Whip|p1a: Deoxys|[miss]\n|-miss|p2a: Victreebel|p1a: Deoxys\n|\n|-heal|p1a: Deoxys|167/221|[from] item: Leftovers\n|upkeep\n|turn|22\n|inactive|Time left: 300 sec this turn | 300 sec total\n|\n|t:|1783545961\n|move|p1a: Deoxys|Cosmic Power|p1a: Deoxys\n|-boost|p1a: Deoxys|def|1\n|-boost|p1a: Deoxys|spd|1\n|move|p2a: Victreebel|Strength Sap|p1a: Deoxys\n|-unboost|p1a: Deoxys|atk|1\n|-heal|p2a: Victreebel|100/100\n|\n|-heal|p1a: Deoxys|180/221|[from] item: Leftovers\n|upkeep\n|turn|23\n|inactive|Time left: 300 sec this turn | 300 sec total\n|\n|t:|1783545962\n|move|p1a: Deoxys|Stored Power|p2a: Victreebel\n|-supereffective|p2a: Victreebel\n|-damage|p2a: Victreebel|43/100\n|move|p2a: Victreebel|Strength Sap|p1a: Deoxys\n|-unboost|p1a: Deoxys|atk|1\n|-heal|p2a: Victreebel|70/100\n|\n|-heal|p1a: Deoxys|193/221|[from] item: Leftovers\n|upkeep\n|turn|24\n|inactive|Time left: 300 sec this turn | 300 sec total\n|\n|t:|1783545964\n|switch|p2a: Urshifu|Urshifu, L74, F|100/100\n|-activate|p2a: Urshifu|move: Sticky Web\n|-unboost|p2a: Urshifu|spe|1\n|move|p1a: Deoxys|Stored Power|p2a: Urshifu\n|-immune|p2a: Urshifu\n|\n|-heal|p1a: Deoxys|206/221|[from] item: Leftovers\n|upkeep\n|turn|25\n|inactive|Time left: 300 sec this turn | 300 sec total\n|\n|t:|1783545965\n|-terastallize|p1a: Deoxys|Steel\n|move|p1a: Deoxys|Night Shade|p2a: Urshifu\n|-damage|p2a: Urshifu|69/100\n|move|p2a: Urshifu|Wicked Blow|p1a: Deoxys\n|-crit|p1a: Deoxys\n|-damage|p1a: Deoxys|111/221\n|-damage|p2a: Urshifu|59/100|[from] item: Life Orb\n|\n|-heal|p1a: Deoxys|124/221|[from] item: Leftovers\n|upkeep\n|turn|26\n|inactive|Time left: 300 sec this turn | 300 sec total\n|\n|t:|1783545966\n|move|p1a: Deoxys|Night Shade|p2a: Urshifu\n|-damage|p2a: Urshifu|28/100\n|move|p2a: Urshifu|Swords Dance|p2a: Urshifu\n|-boost|p2a: Urshifu|atk|2\n|\n|-heal|p1a: Deoxys|137/221|[from] item: Leftovers\n|upkeep\n|turn|27\n|inactive|Time left: 300 sec this turn | 300 sec total\n|\n|t:|1783545967\n|switch|p2a: Oinkologne|Oinkologne, L92, M|100/100\n|-activate|p2a: Oinkologne|move: Sticky Web\n|-unboost|p2a: Oinkologne|spe|1\n|move|p1a: Deoxys|Night Shade|p2a: Oinkologne\n|-immune|p2a: Oinkologne\n|\n|-heal|p1a: Deoxys|150/221|[from] item: Leftovers\n|upkeep\n|turn|28\n|inactive|Time left: 300 sec this turn | 300 sec total\n|\n|t:|1783545969\n|move|p1a: Deoxys|Recover|p1a: Deoxys\n|-heal|p1a: Deoxys|221/221\n|move|p2a: Oinkologne|Curse|p2a: Oinkologne\n|-unboost|p2a: Oinkologne|spe|1\n|-boost|p2a: Oinkologne|atk|1\n|-boost|p2a: Oinkologne|def|1\n|\n|upkeep\n|turn|29\n|inactive|Time left: 300 sec this turn | 300 sec total\n|\n|t:|1783545970\n|move|p1a: Deoxys|Cosmic Power|p1a: Deoxys\n|-boost|p1a: Deoxys|def|1\n|-boost|p1a: Deoxys|spd|1\n|move|p2a: Oinkologne|Curse|p2a: Oinkologne\n|-unboost|p2a: Oinkologne|spe|1\n|-boost|p2a: Oinkologne|atk|1\n|-boost|p2a: Oinkologne|def|1\n|\n|upkeep\n|turn|30\n|inactive|Time left: 300 sec this turn | 300 sec total\n|\n|t:|1783545971\n|move|p1a: Deoxys|Cosmic Power|p1a: Deoxys\n|-boost|p1a: Deoxys|def|1\n|-boost|p1a: Deoxys|spd|1\n|move|p2a: Oinkologne|High Horsepower|p1a: Deoxys\n|-supereffective|p1a: Deoxys\n|-damage|p1a: Deoxys|157/221\n|\n|-heal|p1a: Deoxys|170/221|[from] item: Leftovers\n|upkeep\n|turn|31\n|inactive|Time left: 300 sec this turn | 300 sec total\n|\n|t:|1783545972\n|move|p1a: Deoxys|Stored Power|p2a: Oinkologne\n|-damage|p2a: Oinkologne|59/100\n|move|p2a: Oinkologne|High Horsepower|p1a: Deoxys\n|-supereffective|p1a: Deoxys\n|-damage|p1a: Deoxys|104/221\n|\n|-heal|p1a: Deoxys|117/221|[from] item: Leftovers\n|-heal|p2a: Oinkologne|66/100|[from] item: Leftovers\n|upkeep\n|turn|32\n|inactive|Time left: 300 sec this turn | 300 sec total\n|\n|t:|1783545973\n|move|p1a: Deoxys|Stored Power|p2a: Oinkologne\n|-damage|p2a: Oinkologne|27/100\n|move|p2a: Oinkologne|High Horsepower|p1a: Deoxys\n|-supereffective|p1a: Deoxys\n|-damage|p1a: Deoxys|45/221\n|\n|-heal|p1a: Deoxys|58/221|[from] item: Leftovers\n|-heal|p2a: Oinkologne|33/100|[from] item: Leftovers\n|upkeep\n|turn|33\n|inactive|Time left: 300 sec this turn | 300 sec total\n|\n|t:|1783545974\n|switch|p2a: Urshifu|Urshifu, L74, F|28/100\n|-activate|p2a: Urshifu|move: Sticky Web\n|-unboost|p2a: Urshifu|spe|1\n|move|p1a: Deoxys|Stored Power|p2a: Urshifu\n|-immune|p2a: Urshifu\n|\n|-heal|p1a: Deoxys|71/221|[from] item: Leftovers\n|upkeep\n|turn|34\n|inactive|Time left: 300 sec this turn | 300 sec total\n|\n|t:|1783545975\n|switch|p2a: Oinkologne|Oinkologne, L92, M|33/100\n|-activate|p2a: Oinkologne|move: Sticky Web\n|-unboost|p2a: Oinkologne|spe|1\n|move|p1a: Deoxys|Night Shade|p2a: Oinkologne\n|-immune|p2a: Oinkologne\n|\n|-heal|p1a: Deoxys|84/221|[from] item: Leftovers\n|-heal|p2a: Oinkologne|40/100|[from] item: Leftovers\n|upkeep\n|turn|35\n|inactive|Time left: 300 sec this turn | 300 sec total\n|\n|t:|1783545976\n|switch|p2a: Urshifu|Urshifu, L74, F|28/100\n|-activate|p2a: Urshifu|move: Sticky Web\n|-unboost|p2a: Urshifu|spe|1\n|move|p1a: Deoxys|Stored Power|p2a: Urshifu\n|-immune|p2a: Urshifu\n|\n|-heal|p1a: Deoxys|97/221|[from] item: Leftovers\n|upkeep\n|turn|36\n|inactive|Time left: 300 sec this turn | 300 sec total\n|\n|t:|1783545978\n|switch|p2a: Oinkologne|Oinkologne, L92, M|40/100\n|-activate|p2a: Oinkologne|move: Sticky Web\n|-unboost|p2a: Oinkologne|spe|1\n|move|p1a: Deoxys|Night Shade|p2a: Oinkologne\n|-immune|p2a: Oinkologne\n|\n|-heal|p1a: Deoxys|110/221|[from] item: Leftovers\n|-heal|p2a: Oinkologne|46/100|[from] item: Leftovers\n|upkeep\n|turn|37\n|inactive|Time left: 300 sec this turn | 300 sec total\n|\n|t:|1783545979\n|move|p1a: Deoxys|Stored Power|p2a: Oinkologne\n|-damage|p2a: Oinkologne|2/100\n|move|p2a: Oinkologne|Curse|p2a: Oinkologne\n|-unboost|p2a: Oinkologne|spe|1\n|-boost|p2a: Oinkologne|atk|1\n|-boost|p2a: Oinkologne|def|1\n|\n|-heal|p1a: Deoxys|123/221|[from] item: Leftovers\n|-heal|p2a: Oinkologne|9/100|[from] item: Leftovers\n|upkeep\n|turn|38\n|inactive|Time left: 300 sec this turn | 300 sec total\n|\n|t:|1783545980\n|switch|p2a: Urshifu|Urshifu, L74, F|28/100\n|-activate|p2a: Urshifu|move: Sticky Web\n|-unboost|p2a: Urshifu|spe|1\n|move|p1a: Deoxys|Stored Power|p2a: Urshifu\n|-immune|p2a: Urshifu\n|\n|-heal|p1a: Deoxys|136/221|[from] item: Leftovers\n|upkeep\n|turn|39\n|inactive|Time left: 300 sec this turn | 300 sec total\n|\n|t:|1783545981\n|switch|p2a: Oinkologne|Oinkologne, L92, M|9/100\n|-activate|p2a: Oinkologne|move: Sticky Web\n|-unboost|p2a: Oinkologne|spe|1\n|move|p1a: Deoxys|Night Shade|p2a: Oinkologne\n|-immune|p2a: Oinkologne\n|\n|-heal|p1a: Deoxys|149/221|[from] item: Leftovers\n|-heal|p2a: Oinkologne|15/100|[from] item: Leftovers\n|upkeep\n|turn|40\n|inactive|Time left: 300 sec this turn | 300 sec total\n|\n|t:|1783545982\n|switch|p2a: Urshifu|Urshifu, L74, F|28/100\n|-activate|p2a: Urshifu|move: Sticky Web\n|-unboost|p2a: Urshifu|spe|1\n|move|p1a: Deoxys|Stored Power|p2a: Urshifu\n|-immune|p2a: Urshifu\n|\n|-heal|p1a: Deoxys|162/221|[from] item: Leftovers\n|upkeep\n|turn|41\n|inactive|Time left: 300 sec this turn | 300 sec total\n|\n|t:|1783545983\n|switch|p2a: Oinkologne|Oinkologne, L92, M|15/100\n|-activate|p2a: Oinkologne|move: Sticky Web\n|-unboost|p2a: Oinkologne|spe|1\n|move|p1a: Deoxys|Night Shade|p2a: Oinkologne\n|-immune|p2a: Oinkologne\n|\n|-heal|p1a: Deoxys|175/221|[from] item: Leftovers\n|-heal|p2a: Oinkologne|21/100|[from] item: Leftovers\n|upkeep\n|turn|42\n|inactive|Time left: 300 sec this turn | 300 sec total\n|\n|t:|1783545984\n|switch|p2a: Urshifu|Urshifu, L74, F|28/100\n|-activate|p2a: Urshifu|move: Sticky Web\n|-unboost|p2a: Urshifu|spe|1\n|move|p1a: Deoxys|Stored Power|p2a: Urshifu\n|-immune|p2a: Urshifu\n|\n|-heal|p1a: Deoxys|188/221|[from] item: Leftovers\n|upkeep\n|turn|43\n|inactive|Time left: 300 sec this turn | 300 sec total\n|\n|t:|1783545985\n|switch|p2a: Oinkologne|Oinkologne, L92, M|21/100\n|-activate|p2a: Oinkologne|move: Sticky Web\n|-unboost|p2a: Oinkologne|spe|1\n|move|p1a: Deoxys|Night Shade|p2a: Oinkologne\n|-immune|p2a: Oinkologne\n|\n|-heal|p1a: Deoxys|201/221|[from] item: Leftovers\n|-heal|p2a: Oinkologne|27/100|[from] item: Leftovers\n|upkeep\n|turn|44\n|inactive|Time left: 300 sec this turn | 300 sec total\n|\n|t:|1783545986\n|switch|p2a: Urshifu|Urshifu, L74, F|28/100\n|-activate|p2a: Urshifu|move: Sticky Web\n|-unboost|p2a: Urshifu|spe|1\n|move|p1a: Deoxys|Stored Power|p2a: Urshifu\n|-immune|p2a: Urshifu\n|\n|-heal|p1a: Deoxys|214/221|[from] item: Leftovers\n|upkeep\n|turn|45\n|inactive|Time left: 300 sec this turn | 300 sec total\n|\n|t:|1783545987\n|switch|p2a: Oinkologne|Oinkologne, L92, M|27/100\n|-activate|p2a: Oinkologne|move: Sticky Web\n|-unboost|p2a: Oinkologne|spe|1\n|move|p1a: Deoxys|Night Shade|p2a: Oinkologne\n|-immune|p2a: Oinkologne\n|\n|-heal|p1a: Deoxys|221/221|[from] item: Leftovers\n|-heal|p2a: Oinkologne|34/100|[from] item: Leftovers\n|upkeep\n|turn|46\n|inactive|Time left: 300 sec this turn | 300 sec total\n|\n|t:|1783545988\n|switch|p2a: Urshifu|Urshifu, L74, F|28/100\n|-activate|p2a: Urshifu|move: Sticky Web\n|-unboost|p2a: Urshifu|spe|1\n|move|p1a: Deoxys|Stored Power|p2a: Urshifu\n|-immune|p2a: Urshifu\n|\n|upkeep\n|turn|47\n|inactive|Time left: 300 sec this turn | 300 sec total\n|\n|t:|1783545989\n|switch|p2a: Oinkologne|Oinkologne, L92, M|34/100\n|-activate|p2a: Oinkologne|move: Sticky Web\n|-unboost|p2a: Oinkologne|spe|1\n|move|p1a: Deoxys|Night Shade|p2a: Oinkologne\n|-immune|p2a: Oinkologne\n|\n|-heal|p2a: Oinkologne|40/100|[from] item: Leftovers\n|upkeep\n|turn|48\n|inactive|Time left: 300 sec this turn | 300 sec total\n|\n|t:|1783545990\n|switch|p2a: Urshifu|Urshifu, L74, F|28/100\n|-activate|p2a: Urshifu|move: Sticky Web\n|-unboost|p2a: Urshifu|spe|1\n|move|p1a: Deoxys|Stored Power|p2a: Urshifu\n|-immune|p2a: Urshifu\n|\n|upkeep\n|turn|49\n|inactive|Time left: 300 sec this turn | 300 sec total\n|\n|t:|1783545991\n|switch|p2a: Oinkologne|Oinkologne, L92, M|40/100\n|-activate|p2a: Oinkologne|move: Sticky Web\n|-unboost|p2a: Oinkologne|spe|1\n|move|p1a: Deoxys|Night Shade|p2a: Oinkologne\n|-immune|p2a: Oinkologne\n|\n|-heal|p2a: Oinkologne|46/100|[from] item: Leftovers\n|upkeep\n|turn|50\n|inactive|Time left: 300 sec this turn | 300 sec total\n|\n|t:|1783545992\n|move|p1a: Deoxys|Stored Power|p2a: Oinkologne\n|-crit|p2a: Oinkologne\n|-damage|p2a: Oinkologne|0 fnt\n|faint|p2a: Oinkologne\n|\n|upkeep\n|\n|t:|1783545993\n|switch|p2a: Urshifu|Urshifu, L74, F|28/100\n|-activate|p2a: Urshifu|move: Sticky Web\n|-unboost|p2a: Urshifu|spe|1\n|turn|51\n|inactive|Time left: 300 sec this turn | 300 sec total\n|\n|t:|1783545994\n|move|p1a: Deoxys|Night Shade|p2a: Urshifu\n|-damage|p2a: Urshifu|0 fnt\n|faint|p2a: Urshifu\n|\n|upkeep\n|\n|t:|1783545995\n|switch|p2a: Victreebel|Victreebel, L90, M|70/100\n|-activate|p2a: Victreebel|move: Sticky Web\n|-unboost|p2a: Victreebel|spe|1\n|turn|52\n|inactive|Time left: 300 sec this turn | 300 sec total\n|\n|t:|1783545996\n|-terastallize|p2a: Victreebel|Grass\n|move|p1a: Deoxys|Stored Power|p2a: Victreebel\n|-damage|p2a: Victreebel|10/100\n|move|p2a: Victreebel|Strength Sap|p1a: Deoxys\n|-unboost|p1a: Deoxys|atk|1\n|-heal|p2a: Victreebel|32/100\n|\n|upkeep\n|turn|53\n|inactive|Time left: 300 sec this turn | 300 sec total\n|\n|t:|1783545997\n|move|p1a: Deoxys|Stored Power|p2a: Victreebel\n|-damage|p2a: Victreebel|0 fnt\n|faint|p2a: Victreebel\n|\n|upkeep\n|\n|t:|1783545998\n|switch|p2a: Salazzle|Salazzle, L83, F|100/100\n|turn|54\n|inactive|Time left: 300 sec this turn | 300 sec total\n|\n|t:|1783545999\n|move|p2a: Salazzle|Fire Blast|p1a: Deoxys\n|-supereffective|p1a: Deoxys\n|-damage|p1a: Deoxys|171/221\n|move|p1a: Deoxys|Night Shade|p2a: Salazzle\n|-damage|p2a: Salazzle|67/100\n|\n|-heal|p1a: Deoxys|184/221|[from] item: Leftovers\n|upkeep\n|turn|55\n|inactive|Time left: 300 sec this turn | 300 sec total\n|\n|t:|1783546000\n|move|p2a: Salazzle|Fire Blast|p1a: Deoxys|[miss]\n|-miss|p2a: Salazzle|p1a: Deoxys\n|move|p1a: Deoxys|Night Shade|p2a: Salazzle\n|-damage|p2a: Salazzle|33/100\n|\n|-heal|p1a: Deoxys|197/221|[from] item: Leftovers\n|upkeep\n|turn|56\n|inactive|Time left: 300 sec this turn | 300 sec total\n|\n|t:|1783546001\n|move|p2a: Salazzle|Fire Blast|p1a: Deoxys\n|-supereffective|p1a: Deoxys\n|-damage|p1a: Deoxys|141/221\n|move|p1a: Deoxys|Night Shade|p2a: Salazzle\n|-damage|p2a: Salazzle|0 fnt\n|faint|p2a: Salazzle\n|\n|win|p0x592b24a", "uploadtime": 1783546001, "views": 0, "rating": 0, "private": 0, "password": null, "_winner": "p0x592b24a", "_our_name": "p0x592b24a"}