{"id": "battle-gen9randombattle-1837", "formatid": "gen9randombattle", "format": "[Gen 9] Random Battle", "players": ["p0x1837bbdb", "p0y1837a4e1"], "log": "|init|battle\n|title|p0x1837bbdb vs. p0y1837a4e1\n|j|\u2606p0x1837bbdb\n|j|\u2606p0y1837a4e1\n|t:|1783561248\n|gametype|singles\n|player|p1|p0x1837bbdb|170|\n|player|p2|p0y1837a4e1|266|\n|gen|9\n|tier|[Gen 9] Random Battle\n|rule|Species Clause: Limit one of each Pok\u00e9mon\n|rule|HP Percentage Mod: HP is shown in percentages\n|rule|Sleep Clause Mod: Limit one foe put to sleep\n|rule|Illusion Level Mod: Illusion disguises the Pok\u00e9mon's true level\n|\n|t:|1783561248\n|teamsize|p1|6\n|teamsize|p2|6\n|start\n|switch|p1a: Metagross|Metagross, L79|100/100\n|switch|p2a: Palossand|Palossand, L89, M|296/296\n|turn|1\n|inactive|Battle timer is ON: inactive players will automatically lose when time's up. (requested by p0y1837a4e1)\n|inactive|p0x1837bbdb also wants the timer to be on.\n|\n|t:|1783561250\n|switch|p1a: Regigigas|Regigigas, L84|100/100\n|-start|p1a: Regigigas|ability: Slow Start\n|move|p2a: Palossand|Shadow Ball|p1a: Regigigas\n|-immune|p1a: Regigigas\n|\n|upkeep\n|turn|2\n|inactive|Time left: 300 sec this turn | 300 sec total\n|\n|t:|1783561251\n|move|p2a: Palossand|Earth Power|p1a: Regigigas\n|-damage|p1a: Regigigas|73/100\n|move|p1a: Regigigas|Knock Off|p2a: Palossand\n|-supereffective|p2a: Palossand\n|-damage|p2a: Palossand|218/296\n|-enditem|p2a: Palossand|Leftovers|[from] move: Knock Off|[of] p1a: Regigigas\n|\n|-heal|p1a: Regigigas|80/100|[from] item: Leftovers\n|upkeep\n|turn|3\n|inactive|Time left: 300 sec this turn | 300 sec total\n|\n|t:|1783561252\n|move|p2a: Palossand|Earth Power|p1a: Regigigas\n|-damage|p1a: Regigigas|50/100\n|move|p1a: Regigigas|Knock Off|p2a: Palossand\n|-supereffective|p2a: Palossand\n|-damage|p2a: Palossand|162/296\n|\n|-heal|p1a: Regigigas|57/100|[from] item: Leftovers\n|upkeep\n|turn|4\n|inactive|Time left: 300 sec this turn | 300 sec total\n|\n|t:|1783561253\n|move|p2a: Palossand|Shore Up|p2a: Palossand\n|-heal|p2a: Palossand|296/296\n|move|p1a: Regigigas|Knock Off|p2a: Palossand\n|-supereffective|p2a: Palossand\n|-damage|p2a: Palossand|244/296\n|\n|-heal|p1a: Regigigas|63/100|[from] item: Leftovers\n|upkeep\n|turn|5\n|inactive|Time left: 300 sec this turn | 300 sec total\n|\n|t:|1783561254\n|move|p2a: Palossand|Earth Power|p1a: Regigigas\n|-damage|p1a: Regigigas|33/100\n|move|p1a: Regigigas|Knock Off|p2a: Palossand\n|-supereffective|p2a: Palossand\n|-damage|p2a: Palossand|186/296\n|\n|-heal|p1a: Regigigas|39/100|[from] item: Leftovers\n|upkeep\n|turn|6\n|inactive|Time left: 300 sec this turn | 300 sec total\n|\n|t:|1783561255\n|move|p2a: Palossand|Shore Up|p2a: Palossand\n|-heal|p2a: Palossand|296/296\n|move|p1a: Regigigas|Knock Off|p2a: Palossand\n|-supereffective|p2a: Palossand\n|-damage|p2a: Palossand|244/296\n|\n|-heal|p1a: Regigigas|46/100|[from] item: Leftovers\n|-end|p1a: Regigigas|Slow Start\n|upkeep\n|turn|7\n|inactive|Time left: 300 sec this turn | 300 sec total\n|\n|t:|1783561256\n|move|p1a: Regigigas|Knock Off|p2a: Palossand\n|-supereffective|p2a: Palossand\n|-damage|p2a: Palossand|134/296\n|move|p2a: Palossand|Earth Power|p1a: Regigigas\n|-damage|p1a: Regigigas|16/100\n|\n|-heal|p1a: Regigigas|22/100|[from] item: Leftovers\n|upkeep\n|turn|8\n|inactive|Time left: 300 sec this turn | 300 sec total\n|\n|t:|1783561257\n|move|p1a: Regigigas|Knock Off|p2a: Palossand\n|-supereffective|p2a: Palossand\n|-damage|p2a: Palossand|30/296\n|move|p2a: Palossand|Shore Up|p2a: Palossand\n|-heal|p2a: Palossand|178/296\n|\n|-heal|p1a: Regigigas|28/100|[from] item: Leftovers\n|upkeep\n|turn|9\n|inactive|Time left: 300 sec this turn | 300 sec total\n|\n|t:|1783561258\n|move|p1a: Regigigas|Knock Off|p2a: Palossand\n|-supereffective|p2a: Palossand\n|-damage|p2a: Palossand|68/296\n|move|p2a: Palossand|Shore Up|p2a: Palossand\n|-heal|p2a: Palossand|216/296\n|\n|-heal|p1a: Regigigas|34/100|[from] item: Leftovers\n|upkeep\n|turn|10\n|inactive|Time left: 300 sec this turn | 300 sec total\n|\n|t:|1783561259\n|move|p1a: Regigigas|Knock Off|p2a: Palossand\n|-supereffective|p2a: Palossand\n|-damage|p2a: Palossand|102/296\n|move|p2a: Palossand|Shore Up|p2a: Palossand\n|-heal|p2a: Palossand|250/296\n|\n|-heal|p1a: Regigigas|41/100|[from] item: Leftovers\n|upkeep\n|turn|11\n|inactive|Time left: 300 sec this turn | 300 sec total\n|\n|t:|1783561260\n|move|p1a: Regigigas|Knock Off|p2a: Palossand\n|-supereffective|p2a: Palossand\n|-damage|p2a: Palossand|144/296\n|move|p2a: Palossand|Earth Power|p1a: Regigigas\n|-damage|p1a: Regigigas|12/100\n|\n|-heal|p1a: Regigigas|18/100|[from] item: Leftovers\n|upkeep\n|turn|12\n|inactive|Time left: 300 sec this turn | 300 sec total\n|\n|t:|1783561261\n|move|p1a: Regigigas|Knock Off|p2a: Palossand\n|-supereffective|p2a: Palossand\n|-damage|p2a: Palossand|34/296\n|move|p2a: Palossand|Shore Up|p2a: Palossand\n|-heal|p2a: Palossand|182/296\n|\n|-heal|p1a: Regigigas|24/100|[from] item: Leftovers\n|upkeep\n|turn|13\n|inactive|Time left: 300 sec this turn | 300 sec total\n|\n|t:|1783561263\n|move|p1a: Regigigas|Knock Off|p2a: Palossand\n|-supereffective|p2a: Palossand\n|-damage|p2a: Palossand|80/296\n|move|p2a: Palossand|Shore Up|p2a: Palossand\n|-heal|p2a: Palossand|228/296\n|\n|-heal|p1a: Regigigas|30/100|[from] item: Leftovers\n|upkeep\n|turn|14\n|inactive|Time left: 300 sec this turn | 300 sec total\n|\n|t:|1783561264\n|move|p1a: Regigigas|Knock Off|p2a: Palossand\n|-supereffective|p2a: Palossand\n|-damage|p2a: Palossand|124/296\n|move|p2a: Palossand|Earth Power|p1a: Regigigas\n|-damage|p1a: Regigigas|0 fnt\n|faint|p1a: Regigigas\n|-end|p1a: Regigigas|Slow Start|[silent]\n|\n|upkeep\n|\n|t:|1783561265\n|switch|p1a: Chimecho|Chimecho, L93, F|100/100\n|turn|15\n|inactive|Time left: 300 sec this turn | 300 sec total\n|\n|t:|1783561266\n|move|p1a: Chimecho|Calm Mind|p1a: Chimecho\n|-boost|p1a: Chimecho|spa|1\n|-boost|p1a: Chimecho|spd|1\n|move|p2a: Palossand|Shadow Ball|p1a: Chimecho\n|-supereffective|p1a: Chimecho\n|-damage|p1a: Chimecho|60/100\n|\n|-heal|p1a: Chimecho|67/100|[from] item: Leftovers\n|upkeep\n|turn|16\n|inactive|Time left: 300 sec this turn | 300 sec total\n|\n|t:|1783561267\n|switch|p2a: Bombirdier|Bombirdier, L85, F|258/258\n|move|p1a: Chimecho|Psyshock|p2a: Bombirdier\n|-immune|p2a: Bombirdier\n|\n|-heal|p1a: Chimecho|73/100|[from] item: Leftovers\n|upkeep\n|turn|17\n|inactive|Time left: 300 sec this turn | 300 sec total\n|\n|t:|1783561268\n|-terastallize|p1a: Chimecho|Steel\n|move|p2a: Bombirdier|Knock Off|p1a: Chimecho\n|-damage|p1a: Chimecho|18/100\n|-enditem|p1a: Chimecho|Leftovers|[from] move: Knock Off|[of] p2a: Bombirdier\n|move|p1a: Chimecho|Dazzling Gleam|p2a: Bombirdier\n|-supereffective|p2a: Bombirdier\n|-damage|p2a: Bombirdier|62/258\n|\n|upkeep\n|turn|18\n|inactive|Time left: 300 sec this turn | 300 sec total\n|\n|t:|1783561269\n|move|p2a: Bombirdier|Knock Off|p1a: Chimecho\n|-damage|p1a: Chimecho|0 fnt\n|faint|p1a: Chimecho\n|\n|upkeep\n|\n|t:|1783561270\n|switch|p1a: Altaria|Altaria, L89, M|100/100\n|turn|19\n|inactive|Time left: 300 sec this turn | 300 sec total\n|\n|t:|1783561272\n|move|p1a: Altaria|Brave Bird|p2a: Bombirdier\n|-damage|p2a: Bombirdier|0 fnt\n|faint|p2a: Bombirdier\n|-damage|p1a: Altaria|93/100|[from] Recoil\n|\n|upkeep\n|inactive|Time left: 300 sec this turn | 300 sec total | 5 sec grace\n|\n|t:|1783561272\n|switch|p2a: Roaring Moon|Roaring Moon, L72|270/270\n|turn|20\n|inactive|Time left: 300 sec this turn | 300 sec total\n|\n|t:|1783561274\n|switch|p1a: Carbink|Carbink, L90|100/100\n|move|p2a: Roaring Moon|Outrage|p1a: Carbink\n|-immune|p1a: Carbink\n|\n|upkeep\n|turn|21\n|inactive|Time left: 300 sec this turn | 300 sec total\n|\n|t:|1783561275\n|move|p2a: Roaring Moon|Outrage|p1a: Carbink\n|-immune|p1a: Carbink\n|move|p1a: Carbink|Body Press|p2a: Roaring Moon\n|-supereffective|p2a: Roaring Moon\n|-damage|p2a: Roaring Moon|8/270\n|\n|upkeep\n|turn|22\n|inactive|Time left: 300 sec this turn | 300 sec total\n|\n|t:|1783561276\n|move|p2a: Roaring Moon|Outrage|p1a: Carbink\n|-immune|p1a: Carbink\n|move|p1a: Carbink|Iron Defense|p1a: Carbink\n|-boost|p1a: Carbink|def|2\n|\n|upkeep\n|turn|23\n|inactive|Time left: 300 sec this turn | 300 sec total\n|\n|t:|1783561277\n|move|p2a: Roaring Moon|Outrage|p1a: Carbink\n|-immune|p1a: Carbink\n|move|p1a: Carbink|Iron Defense|p1a: Carbink\n|-boost|p1a: Carbink|def|2\n|\n|upkeep\n|turn|24\n|inactive|Time left: 300 sec this turn | 300 sec total\n|\n|t:|1783561277\n|move|p2a: Roaring Moon|Outrage|p1a: Carbink\n|-immune|p1a: Carbink\n|move|p1a: Carbink|Body Press|p2a: Roaring Moon\n|-supereffective|p2a: Roaring Moon\n|-damage|p2a: Roaring Moon|0 fnt\n|faint|p2a: Roaring Moon\n|-end|p2a: Roaring Moon|Protosynthesis|[silent]\n|\n|upkeep\n|inactive|Time left: 300 sec this turn | 300 sec total | 5 sec grace\n|\n|t:|1783561278\n|switch|p2a: Palossand|Palossand, L89, M|124/296\n|turn|25\n|inactive|Time left: 300 sec this turn | 300 sec total\n|\n|t:|1783561279\n|move|p1a: Carbink|Moonblast|p2a: Palossand\n|-damage|p2a: Palossand|49/296\n|move|p2a: Palossand|Shore Up|p2a: Palossand\n|-heal|p2a: Palossand|197/296\n|\n|upkeep\n|turn|26\n|inactive|Time left: 300 sec this turn | 300 sec total\n|\n|t:|1783561280\n|move|p1a: Carbink|Moonblast|p2a: Palossand\n|-damage|p2a: Palossand|122/296\n|-unboost|p2a: Palossand|spa|1\n|move|p2a: Palossand|Earth Power|p1a: Carbink\n|-supereffective|p1a: Carbink\n|-damage|p1a: Carbink|62/100\n|\n|upkeep\n|turn|27\n|inactive|Time left: 300 sec this turn | 300 sec total\n|\n|t:|1783561281\n|move|p1a: Carbink|Moonblast|p2a: Palossand\n|-damage|p2a: Palossand|44/296\n|move|p2a: Palossand|Earth Power|p1a: Carbink\n|-supereffective|p1a: Carbink\n|-damage|p1a: Carbink|26/100\n|\n|upkeep\n|turn|28\n|inactive|Time left: 300 sec this turn | 300 sec total\n|\n|t:|1783561282\n|move|p1a: Carbink|Rest|p1a: Carbink\n|-status|p1a: Carbink|slp|[from] move: Rest\n|-heal|p1a: Carbink|100/100 slp|[silent]\n|-enditem|p1a: Carbink|Chesto Berry|[eat]\n|-curestatus|p1a: Carbink|slp|[msg]\n|move|p2a: Palossand|Earth Power|p1a: Carbink\n|-supereffective|p1a: Carbink\n|-crit|p1a: Carbink\n|-damage|p1a: Carbink|12/100\n|\n|upkeep\n|turn|29\n|inactive|Time left: 300 sec this turn | 300 sec total\n|\n|t:|1783561283\n|move|p1a: Carbink|Rest|p1a: Carbink\n|-status|p1a: Carbink|slp|[from] move: Rest\n|-heal|p1a: Carbink|100/100 slp|[silent]\n|move|p2a: Palossand|Earth Power|p1a: Carbink\n|-supereffective|p1a: Carbink\n|-damage|p1a: Carbink|62/100 slp\n|\n|upkeep\n|turn|30\n|inactive|Time left: 300 sec this turn | 300 sec total\n|\n|t:|1783561284\n|switch|p1a: Altaria|Altaria, L89, M|93/100\n|move|p2a: Palossand|Earth Power|p1a: Altaria\n|-immune|p1a: Altaria\n|\n|upkeep\n|turn|31\n|inactive|Time left: 300 sec this turn | 300 sec total\n|\n|t:|1783561285\n|switch|p2a: Girafarig|Girafarig, L89, F|269/269\n|move|p1a: Altaria|Dragon Dance|p1a: Altaria\n|-boost|p1a: Altaria|atk|1\n|-boost|p1a: Altaria|spe|1\n|\n|upkeep\n|turn|32\n|inactive|Time left: 300 sec this turn | 300 sec total\n|\n|t:|1783561285\n|move|p1a: Altaria|Brave Bird|p2a: Girafarig\n|-damage|p2a: Girafarig|127/269\n|-damage|p1a: Altaria|76/100|[from] Recoil\n|move|p2a: Girafarig|Nasty Plot|p2a: Girafarig\n|-boost|p2a: Girafarig|spa|2\n|\n|upkeep\n|turn|33\n|inactive|Time left: 300 sec this turn | 300 sec total\n|\n|t:|1783561286\n|move|p1a: Altaria|Brave Bird|p2a: Girafarig\n|-damage|p2a: Girafarig|0 fnt\n|faint|p2a: Girafarig\n|-damage|p1a: Altaria|61/100|[from] Recoil\n|\n|upkeep\n|inactive|Time left: 300 sec this turn | 300 sec total | 5 sec grace\n|\n|t:|1783561287\n|switch|p2a: Snorlax|Snorlax, L82, M|397/397\n|turn|34\n|inactive|Time left: 300 sec this turn | 300 sec total\n|\n|t:|1783561288\n|move|p1a: Altaria|Roost|p1a: Altaria\n|-heal|p1a: Altaria|100/100\n|-singleturn|p1a: Altaria|move: Roost\n|move|p2a: Snorlax|Body Slam|p1a: Altaria\n|-damage|p1a: Altaria|68/100\n|\n|upkeep\n|turn|35\n|inactive|Time left: 300 sec this turn | 300 sec total\n|\n|t:|1783561289\n|move|p1a: Altaria|Dragon Dance|p1a: Altaria\n|-boost|p1a: Altaria|atk|1\n|-boost|p1a: Altaria|spe|1\n|move|p2a: Snorlax|Body Slam|p1a: Altaria\n|-damage|p1a: Altaria|35/100\n|\n|upkeep\n|turn|36\n|inactive|Time left: 300 sec this turn | 300 sec total\n|\n|t:|1783561290\n|move|p1a: Altaria|Roost|p1a: Altaria\n|-heal|p1a: Altaria|85/100\n|-singleturn|p1a: Altaria|move: Roost\n|move|p2a: Snorlax|Curse|p2a: Snorlax\n|-unboost|p2a: Snorlax|spe|1\n|-boost|p2a: Snorlax|atk|1\n|-boost|p2a: Snorlax|def|1\n|\n|upkeep\n|turn|37\n|inactive|Time left: 300 sec this turn | 300 sec total\n|\n|t:|1783561292\n|move|p1a: Altaria|Earthquake|p2a: Snorlax\n|-damage|p2a: Snorlax|283/397\n|move|p2a: Snorlax|Body Slam|p1a: Altaria\n|-damage|p1a: Altaria|42/100\n|\n|-heal|p2a: Snorlax|307/397|[from] item: Leftovers\n|upkeep\n|turn|38\n|inactive|Time left: 300 sec this turn | 300 sec total\n|\n|t:|1783561293\n|move|p1a: Altaria|Roost|p1a: Altaria\n|-heal|p1a: Altaria|92/100\n|-singleturn|p1a: Altaria|move: Roost\n|move|p2a: Snorlax|Body Slam|p1a: Altaria\n|-damage|p1a: Altaria|46/100\n|\n|-heal|p2a: Snorlax|331/397|[from] item: Leftovers\n|upkeep\n|turn|39\n|inactive|Time left: 300 sec this turn | 300 sec total\n|\n|t:|1783561294\n|move|p1a: Altaria|Roost|p1a: Altaria\n|-heal|p1a: Altaria|96/100\n|-singleturn|p1a: Altaria|move: Roost\n|move|p2a: Snorlax|Body Slam|p1a: Altaria\n|-damage|p1a: Altaria|49/100\n|\n|-heal|p2a: Snorlax|355/397|[from] item: Leftovers\n|upkeep\n|turn|40\n|inactive|Time left: 300 sec this turn | 300 sec total\n|\n|t:|1783561295\n|move|p1a: Altaria|Roost|p1a: Altaria\n|-heal|p1a: Altaria|99/100\n|-singleturn|p1a: Altaria|move: Roost\n|move|p2a: Snorlax|Body Slam|p1a: Altaria\n|-damage|p1a: Altaria|51/100\n|\n|-heal|p2a: Snorlax|379/397|[from] item: Leftovers\n|upkeep\n|turn|41\n|inactive|Time left: 300 sec this turn | 300 sec total\n|\n|t:|1783561296\n|move|p1a: Altaria|Roost|p1a: Altaria\n|-heal|p1a: Altaria|100/100\n|-singleturn|p1a: Altaria|move: Roost\n|move|p2a: Snorlax|Body Slam|p1a: Altaria\n|-damage|p1a: Altaria|56/100\n|\n|-heal|p2a: Snorlax|397/397|[from] item: Leftovers\n|upkeep\n|turn|42\n|inactive|Time left: 300 sec this turn | 300 sec total\n|\n|t:|1783561297\n|move|p1a: Altaria|Roost|p1a: Altaria\n|-heal|p1a: Altaria|100/100\n|-singleturn|p1a: Altaria|move: Roost\n|move|p2a: Snorlax|Body Slam|p1a: Altaria\n|-damage|p1a: Altaria|57/100\n|\n|upkeep\n|turn|43\n|inactive|Time left: 300 sec this turn | 300 sec total\n|\n|t:|1783561298\n|move|p1a: Altaria|Roost|p1a: Altaria\n|-heal|p1a: Altaria|100/100\n|-singleturn|p1a: Altaria|move: Roost\n|move|p2a: Snorlax|Body Slam|p1a: Altaria\n|-damage|p1a: Altaria|51/100\n|\n|upkeep\n|turn|44\n|inactive|Time left: 300 sec this turn | 300 sec total\n|\n|t:|1783561299\n|move|p1a: Altaria|Earthquake|p2a: Snorlax\n|-crit|p2a: Snorlax\n|-damage|p2a: Snorlax|148/397\n|move|p2a: Snorlax|Body Slam|p1a: Altaria\n|-damage|p1a: Altaria|4/100\n|\n|-heal|p2a: Snorlax|172/397|[from] item: Leftovers\n|upkeep\n|turn|45\n|inactive|Time left: 300 sec this turn | 300 sec total\n|\n|t:|1783561300\n|switch|p2a: Palossand|Palossand, L89, M|44/296\n|move|p1a: Altaria|Brave Bird|p2a: Palossand\n|-damage|p2a: Palossand|0 fnt\n|faint|p2a: Palossand\n|-damage|p1a: Altaria|0 fnt|[from] Recoil\n|faint|p1a: Altaria\n|\n|upkeep\n|inactive|Time left: 300 sec this turn | 300 sec total | 5 sec grace\n|\n|t:|1783561301\n|switch|p1a: Slither Wing|Slither Wing, L81|100/100\n|switch|p2a: Snorlax|Snorlax, L82, M|172/397\n|-enditem|p1a: Slither Wing|Booster Energy\n|-activate|p1a: Slither Wing|ability: Protosynthesis|[fromitem]\n|-start|p1a: Slither Wing|protosynthesisatk\n|turn|46\n|inactive|Time left: 300 sec this turn | 300 sec total\n|\n|t:|1783561302\n|move|p1a: Slither Wing|Bulk Up|p1a: Slither Wing\n|-boost|p1a: Slither Wing|atk|1\n|-boost|p1a: Slither Wing|def|1\n|move|p2a: Snorlax|Body Slam|p1a: Slither Wing\n|-damage|p1a: Slither Wing|74/100\n|\n|-heal|p2a: Snorlax|196/397|[from] item: Leftovers\n|upkeep\n|turn|47\n|inactive|Time left: 300 sec this turn | 300 sec total\n|\n|t:|1783561303\n|move|p1a: Slither Wing|Acrobatics|p2a: Snorlax\n|-damage|p2a: Snorlax|0 fnt\n|faint|p2a: Snorlax\n|\n|upkeep\n|inactive|Time left: 300 sec this turn | 300 sec total | 5 sec grace\n|\n|t:|1783561304\n|switch|p2a: Sneasler|Sneasler, L74, F|240/240\n|turn|48\n|inactive|Time left: 300 sec this turn | 300 sec total\n|\n|t:|1783561305\n|move|p2a: Sneasler|Dire Claw|p1a: Slither Wing\n|-damage|p1a: Slither Wing|50/100\n|move|p1a: Slither Wing|Acrobatics|p2a: Sneasler\n|-supereffective|p2a: Sneasler\n|-damage|p2a: Sneasler|0 fnt\n|faint|p2a: Sneasler\n|\n|win|p0x1837bbdb", "uploadtime": 1783561305, "views": 0, "rating": 0, "private": 0, "password": null, "_winner": "p0x1837bbdb", "_our_name": "p0y1837a4e1"}