{"id": "battle-gen9randombattle-2783", "formatid": "gen9randombattle", "format": "[Gen 9] Random Battle", "players": ["p0x2783ae30", "p0y2783be8d"], "log": "|init|battle\n|title|p0x2783ae30 vs. p0y2783be8d\n|j|\u2606p0x2783ae30\n|j|\u2606p0y2783be8d\n|t:|1783571052\n|gametype|singles\n|player|p1|p0x2783ae30|266|\n|player|p2|p0y2783be8d|265|\n|gen|9\n|tier|[Gen 9] Random Battle\n|rule|Species Clause: Limit one of each Pok\u00e9mon\n|rule|HP Percentage Mod: HP is shown in percentages\n|rule|Sleep Clause Mod: Limit one foe put to sleep\n|rule|Illusion Level Mod: Illusion disguises the Pok\u00e9mon's true level\n|\n|t:|1783571052\n|teamsize|p1|6\n|teamsize|p2|6\n|start\n|switch|p1a: Minior|Minior-Blue, L79|100/100\n|switch|p2a: Raichu|Raichu, L88, M|249/249\n|-formechange|p1a: Minior|Minior-Meteor||[from] ability: Shields Down\n|turn|1\n|inactive|Battle timer is ON: inactive players will automatically lose when time's up. (requested by p0x2783ae30)\n|inactive|Time left: 300 sec this turn | 300 sec total | 60 sec grace\n|\n|t:|1783571054\n|move|p2a: Raichu|Thunderbolt|p1a: Minior\n|-supereffective|p1a: Minior\n|-damage|p1a: Minior|0 fnt\n|faint|p1a: Minior\n|-damage|p2a: Raichu|225/249|[from] item: Life Orb\n|\n|upkeep\n|inactive|p0y2783be8d also wants the timer to be on.\n|\n|t:|1783571055\n|switch|p1a: Baxcalibur|Baxcalibur, L75, M|100/100\n|turn|2\n|inactive|Time left: 300 sec this turn | 300 sec total\n|\n|t:|1783571056\n|switch|p2a: Lumineon|Lumineon, L93, F|279/279\n|move|p1a: Baxcalibur|Glaive Rush|p2a: Lumineon\n|-damage|p2a: Lumineon|48/279\n|-singlemove|p1a: Baxcalibur|Glaive Rush|[silent]\n|\n|upkeep\n|turn|3\n|inactive|Time left: 300 sec this turn | 300 sec total\n|\n|t:|1783571057\n|move|p2a: Lumineon|Ice Beam|p1a: Baxcalibur\n|-damage|p1a: Baxcalibur|52/100\n|move|p1a: Baxcalibur|Glaive Rush|p2a: Lumineon\n|-damage|p2a: Lumineon|0 fnt\n|-singlemove|p1a: Baxcalibur|Glaive Rush|[silent]\n|faint|p2a: Lumineon\n|\n|upkeep\n|inactive|Time left: 300 sec this turn | 300 sec total | 5 sec grace\n|\n|t:|1783571058\n|switch|p2a: Iron Bundle|Iron Bundle, L78|215/215\n|turn|4\n|inactive|Time left: 300 sec this turn | 300 sec total\n|\n|t:|1783571060\n|switch|p1a: Lunala|Lunala, L70|100/100\n|move|p2a: Iron Bundle|Freeze-Dry|p1a: Lunala\n|-damage|p1a: Lunala|87/100\n|\n|-heal|p1a: Lunala|93/100|[from] item: Leftovers\n|upkeep\n|turn|5\n|inactive|Time left: 300 sec this turn | 300 sec total\n|\n|t:|1783571061\n|move|p2a: Iron Bundle|Ice Beam|p1a: Lunala\n|-damage|p1a: Lunala|62/100\n|move|p1a: Lunala|Calm Mind|p1a: Lunala\n|-boost|p1a: Lunala|spa|1\n|-boost|p1a: Lunala|spd|1\n|\n|-heal|p1a: Lunala|68/100|[from] item: Leftovers\n|upkeep\n|turn|6\n|inactive|Time left: 300 sec this turn | 300 sec total\n|\n|t:|1783571062\n|move|p2a: Iron Bundle|Encore|p1a: Lunala\n|-start|p1a: Lunala|Encore\n|move|p1a: Lunala|Calm Mind|p1a: Lunala\n|-boost|p1a: Lunala|spa|1\n|-boost|p1a: Lunala|spd|1\n|\n|-heal|p1a: Lunala|75/100|[from] item: Leftovers\n|upkeep\n|turn|7\n|inactive|Time left: 300 sec this turn | 300 sec total\n|\n|t:|1783571063\n|-end|p2a: Iron Bundle|Quark Drive|[silent]\n|switch|p2a: Iron Thorns|Iron Thorns, L83|302/302\n|-enditem|p2a: Iron Thorns|Booster Energy\n|-activate|p2a: Iron Thorns|ability: Quark Drive|[fromitem]\n|-start|p2a: Iron Thorns|quarkdriveatk\n|move|p1a: Lunala|Calm Mind|p1a: Lunala\n|-boost|p1a: Lunala|spa|1\n|-boost|p1a: Lunala|spd|1\n|\n|-heal|p1a: Lunala|81/100|[from] item: Leftovers\n|upkeep\n|turn|8\n|inactive|Time left: 300 sec this turn | 300 sec total\n|\n|t:|1783571064\n|-terastallize|p2a: Iron Thorns|Rock\n|move|p1a: Lunala|Calm Mind|p1a: Lunala\n|-boost|p1a: Lunala|spa|1\n|-boost|p1a: Lunala|spd|1\n|move|p2a: Iron Thorns|Stone Edge|p1a: Lunala\n|-damage|p1a: Lunala|0 fnt\n|faint|p1a: Lunala\n|\n|upkeep\n|\n|t:|1783571065\n|switch|p1a: Greninja|Greninja, L80, M|100/100\n|turn|9\n|inactive|Time left: 300 sec this turn | 300 sec total\n|\n|t:|1783571066\n|move|p1a: Greninja|Hydro Pump|p2a: Iron Thorns|[miss]\n|-start|p1a: Greninja|typechange|Water|[from] ability: Protean\n|-miss|p1a: Greninja|p2a: Iron Thorns\n|move|p2a: Iron Thorns|Stone Edge|p1a: Greninja|[miss]\n|-miss|p2a: Iron Thorns|p1a: Greninja\n|\n|upkeep\n|turn|10\n|inactive|Time left: 300 sec this turn | 300 sec total\n|\n|t:|1783571067\n|-end|p2a: Iron Thorns|Quark Drive|[silent]\n|switch|p2a: Giratina|Giratina, L75|349/349\n|-ability|p2a: Giratina|Pressure\n|move|p1a: Greninja|Hydro Pump|p2a: Giratina\n|-resisted|p2a: Giratina\n|-damage|p2a: Giratina|284/349\n|-damage|p1a: Greninja|91/100|[from] item: Life Orb\n|\n|-heal|p2a: Giratina|305/349|[from] item: Leftovers\n|upkeep\n|turn|11\n|inactive|Time left: 300 sec this turn | 300 sec total\n|\n|t:|1783571068\n|move|p1a: Greninja|U-turn|p2a: Giratina\n|-resisted|p2a: Giratina\n|-damage|p2a: Giratina|276/349\n|-damage|p1a: Greninja|81/100|[from] item: Life Orb\n|\n|t:|1783571069\n|switch|p1a: Overqwil|Overqwil, L82, F|100/100|[from] U-turn\n|-ability|p1a: Overqwil|Intimidate|boost\n|-unboost|p2a: Giratina|atk|1\n|move|p2a: Giratina|Shadow Ball|p1a: Overqwil\n|-resisted|p1a: Overqwil\n|-damage|p1a: Overqwil|84/100\n|-unboost|p1a: Overqwil|spd|1\n|\n|-heal|p2a: Giratina|297/349|[from] item: Leftovers\n|upkeep\n|turn|12\n|inactive|Time left: 300 sec this turn | 300 sec total\n|\n|t:|1783571070\n|move|p1a: Overqwil|Swords Dance|p1a: Overqwil\n|-boost|p1a: Overqwil|atk|2\n|move|p2a: Giratina|Will-O-Wisp|p1a: Overqwil\n|-status|p1a: Overqwil|brn\n|\n|-heal|p2a: Giratina|318/349|[from] item: Leftovers\n|-damage|p1a: Overqwil|78/100 brn|[from] brn\n|upkeep\n|turn|13\n|inactive|Time left: 300 sec this turn | 300 sec total\n|\n|t:|1783571071\n|switch|p2a: Iron Thorns|Iron Thorns, L83, tera:Rock|302/302\n|move|p1a: Overqwil|Crunch|p2a: Iron Thorns\n|-damage|p2a: Iron Thorns|228/302\n|\n|-damage|p1a: Overqwil|71/100 brn|[from] brn\n|upkeep\n|turn|14\n|inactive|Time left: 300 sec this turn | 300 sec total\n|\n|t:|1783571072\n|move|p1a: Overqwil|Crunch|p2a: Iron Thorns\n|-damage|p2a: Iron Thorns|154/302\n|move|p2a: Iron Thorns|Stone Edge|p1a: Overqwil|[miss]\n|-miss|p2a: Iron Thorns|p1a: Overqwil\n|\n|-damage|p1a: Overqwil|65/100 brn|[from] brn\n|upkeep\n|turn|15\n|inactive|Time left: 300 sec this turn | 300 sec total\n|\n|t:|1783571074\n|move|p1a: Overqwil|Gunk Shot|p2a: Iron Thorns\n|-resisted|p2a: Iron Thorns\n|-damage|p2a: Iron Thorns|96/302\n|-status|p2a: Iron Thorns|psn\n|move|p2a: Iron Thorns|Stone Edge|p1a: Overqwil|[miss]\n|-miss|p2a: Iron Thorns|p1a: Overqwil\n|\n|-damage|p2a: Iron Thorns|59/302 psn|[from] psn\n|-damage|p1a: Overqwil|59/100 brn|[from] brn\n|upkeep\n|turn|16\n|inactive|Time left: 300 sec this turn | 300 sec total\n|\n|t:|1783571075\n|-end|p2a: Iron Thorns|Quark Drive|[silent]\n|switch|p2a: Iron Bundle|Iron Bundle, L78|215/215\n|move|p1a: Overqwil|Scale Shot|p2a: Iron Bundle|[miss]\n|-miss|p1a: Overqwil|p2a: Iron Bundle\n|\n|-damage|p1a: Overqwil|53/100 brn|[from] brn\n|upkeep\n|turn|17\n|inactive|Time left: 300 sec this turn | 300 sec total\n|\n|t:|1783571076\n|move|p2a: Iron Bundle|Ice Beam|p1a: Overqwil\n|-damage|p1a: Overqwil|0 fnt\n|faint|p1a: Overqwil\n|\n|upkeep\n|\n|t:|1783571077\n|switch|p1a: Baxcalibur|Baxcalibur, L75, M|52/100\n|turn|18\n|inactive|Time left: 300 sec this turn | 300 sec total\n|\n|t:|1783571078\n|move|p2a: Iron Bundle|Ice Beam|p1a: Baxcalibur\n|-crit|p1a: Baxcalibur\n|-damage|p1a: Baxcalibur|0 fnt\n|faint|p1a: Baxcalibur\n|\n|upkeep\n|\n|t:|1783571079\n|switch|p1a: Regice|Regice, L88|100/100\n|turn|19\n|inactive|Time left: 300 sec this turn | 300 sec total\n|\n|t:|1783571080\n|-end|p2a: Iron Bundle|Quark Drive|[silent]\n|switch|p2a: Raichu|Raichu, L88, M|225/249\n|move|p1a: Regice|Ice Beam|p2a: Raichu\n|-damage|p2a: Raichu|107/249\n|\n|upkeep\n|turn|20\n|inactive|Time left: 300 sec this turn | 300 sec total\n|\n|t:|1783571082\n|switch|p2a: Jirachi|Jirachi, L80|291/291\n|move|p1a: Regice|Ice Beam|p2a: Jirachi\n|-resisted|p2a: Jirachi\n|-crit|p2a: Jirachi\n|-damage|p2a: Jirachi|213/291\n|\n|upkeep\n|turn|21\n|inactive|Time left: 300 sec this turn | 300 sec total\n|\n|t:|1783571083\n|move|p2a: Jirachi|Iron Head|p1a: Regice\n|-supereffective|p1a: Regice\n|-damage|p1a: Regice|51/100\n|cant|p1a: Regice|flinch\n|\n|upkeep\n|turn|22\n|inactive|Time left: 300 sec this turn | 300 sec total\n|\n|t:|1783571084\n|-terastallize|p1a: Regice|Electric\n|move|p2a: Jirachi|Iron Head|p1a: Regice\n|-resisted|p1a: Regice\n|-damage|p1a: Regice|39/100\n|cant|p1a: Regice|flinch\n|\n|upkeep\n|turn|23\n|inactive|Time left: 300 sec this turn | 300 sec total\n|\n|t:|1783571085\n|move|p2a: Jirachi|Iron Head|p1a: Regice\n|-resisted|p1a: Regice\n|-damage|p1a: Regice|26/100\n|cant|p1a: Regice|flinch\n|\n|upkeep\n|turn|24\n|inactive|Time left: 300 sec this turn | 300 sec total\n|\n|t:|1783571086\n|move|p2a: Jirachi|Iron Head|p1a: Regice\n|-resisted|p1a: Regice\n|-damage|p1a: Regice|15/100\n|cant|p1a: Regice|flinch\n|\n|upkeep\n|turn|25\n|inactive|Time left: 300 sec this turn | 300 sec total\n|\n|t:|1783571087\n|move|p2a: Jirachi|Iron Head|p1a: Regice\n|-resisted|p1a: Regice\n|-damage|p1a: Regice|2/100\n|move|p1a: Regice|Ice Beam|p2a: Jirachi\n|-resisted|p2a: Jirachi\n|-damage|p2a: Jirachi|161/291\n|\n|upkeep\n|turn|26\n|inactive|Time left: 300 sec this turn | 300 sec total\n|\n|t:|1783571088\n|switch|p1a: Greninja|Greninja, L80, M|81/100\n|move|p2a: Jirachi|Iron Head|p1a: Greninja\n|-resisted|p1a: Greninja\n|-damage|p1a: Greninja|59/100\n|\n|upkeep\n|turn|27\n|inactive|Time left: 300 sec this turn | 300 sec total\n|\n|t:|1783571089\n|move|p2a: Jirachi|Iron Head|p1a: Greninja\n|-resisted|p1a: Greninja\n|-damage|p1a: Greninja|40/100\n|cant|p1a: Greninja|flinch\n|\n|upkeep\n|turn|28\n|inactive|Time left: 300 sec this turn | 300 sec total\n|\n|t:|1783571091\n|move|p2a: Jirachi|Iron Head|p1a: Greninja\n|-resisted|p1a: Greninja\n|-damage|p1a: Greninja|18/100\n|cant|p1a: Greninja|flinch\n|\n|upkeep\n|turn|29\n|inactive|Time left: 300 sec this turn | 300 sec total\n|\n|t:|1783571092\n|move|p2a: Jirachi|Iron Head|p1a: Greninja\n|-resisted|p1a: Greninja\n|-damage|p1a: Greninja|0 fnt\n|faint|p1a: Greninja\n|\n|upkeep\n|\n|t:|1783571093\n|switch|p1a: Regice|Regice, L88, tera:Electric|2/100\n|turn|30\n|inactive|Time left: 300 sec this turn | 300 sec total\n|\n|t:|1783571094\n|move|p2a: Jirachi|Iron Head|p1a: Regice\n|-resisted|p1a: Regice\n|-damage|p1a: Regice|0 fnt\n|faint|p1a: Regice\n|\n|win|p0y2783be8d", "uploadtime": 1783571094, "views": 0, "rating": 0, "private": 0, "password": null, "_winner": "p0y2783be8d", "_our_name": "p0y2783be8d"}