{"id": "battle-gen9randombattle-121", "formatid": "gen9randombattle", "format": "[Gen 9] Random Battle", "players": ["p0x121b3dd", "p0y1210312"], "log": "|init|battle\n|title|p0x121b3dd vs. p0y1210312\n|j|\u2606p0x121b3dd\n|j|\u2606p0y1210312\n|t:|1783535137\n|gametype|singles\n|player|p1|p0x121b3dd|2|\n|player|p2|p0y1210312|170|\n|gen|9\n|tier|[Gen 9] Random Battle\n|rule|Species Clause: Limit one of each Pok\u00e9mon\n|rule|HP Percentage Mod: HP is shown in percentages\n|rule|Sleep Clause Mod: Limit one foe put to sleep\n|rule|Illusion Level Mod: Illusion disguises the Pok\u00e9mon's true level\n|\n|t:|1783535137\n|teamsize|p1|6\n|teamsize|p2|6\n|start\n|switch|p1a: Arceus|Arceus-Grass, L73|296/296\n|switch|p2a: Gyarados|Gyarados, L79, M|100/100\n|turn|1\n|inactive|Battle timer is ON: inactive players will automatically lose when time's up. (requested by p0x121b3dd)\n|inactive|p0y1210312 also wants the timer to be on.\n|\n|t:|1783535138\n|move|p1a: Arceus|Calm Mind|p1a: Arceus\n|-boost|p1a: Arceus|spa|1\n|-boost|p1a: Arceus|spd|1\n|move|p2a: Gyarados|Dragon Dance|p2a: Gyarados\n|-boost|p2a: Gyarados|atk|1\n|-boost|p2a: Gyarados|spe|1\n|\n|upkeep\n|turn|2\n|inactive|Time left: 300 sec this turn | 300 sec total\n|\n|t:|1783535140\n|-terastallize|p2a: Gyarados|Flying\n|move|p2a: Gyarados|Tera Blast|p1a: Arceus|[anim] Tera Blast Flying\n|-supereffective|p1a: Arceus\n|-damage|p1a: Arceus|0 fnt\n|faint|p1a: Arceus\n|-ability|p2a: Gyarados|Moxie|boost\n|-boost|p2a: Gyarados|atk|1\n|\n|upkeep\n|inactive|Time left: 300 sec this turn | 300 sec total | 5 sec grace\n|\n|t:|1783535141\n|switch|p1a: Regieleki|Regieleki, L79|256/256\n|turn|3\n|inactive|Time left: 300 sec this turn | 300 sec total\n|\n|t:|1783535142\n|-terastallize|p1a: Regieleki|Electric\n|move|p1a: Regieleki|Thunderbolt|p2a: Gyarados\n|-supereffective|p2a: Gyarados\n|-damage|p2a: Gyarados|0 fnt\n|faint|p2a: Gyarados\n|\n|upkeep\n|\n|t:|1783535143\n|switch|p2a: Iron Hands|Iron Hands, L79|100/100\n|turn|4\n|inactive|Time left: 300 sec this turn | 300 sec total\n|\n|t:|1783535144\n|move|p1a: Regieleki|Volt Switch|p2a: Iron Hands\n|-resisted|p2a: Iron Hands\n|-damage|p2a: Iron Hands|77/100\n|inactive|Time left: 300 sec this turn | 300 sec total | 5 sec grace\n|\n|t:|1783535145\n|switch|p1a: Dachsbun|Dachsbun, L92, M|254/254|[from] Volt Switch\n|move|p2a: Iron Hands|Swords Dance|p2a: Iron Hands\n|-boost|p2a: Iron Hands|atk|2\n|\n|-heal|p2a: Iron Hands|83/100|[from] item: Leftovers\n|upkeep\n|turn|5\n|inactive|Time left: 300 sec this turn | 300 sec total\n|\n|t:|1783535147\n|move|p1a: Dachsbun|Play Rough|p2a: Iron Hands\n|-supereffective|p2a: Iron Hands\n|-damage|p2a: Iron Hands|35/100\n|move|p2a: Iron Hands|Ice Punch|p1a: Dachsbun\n|-damage|p1a: Dachsbun|157/254\n|\n|-heal|p1a: Dachsbun|172/254|[from] item: Leftovers\n|-heal|p2a: Iron Hands|41/100|[from] item: Leftovers\n|upkeep\n|turn|6\n|inactive|Time left: 300 sec this turn | 300 sec total\n|\n|t:|1783535148\n|-end|p2a: Iron Hands|Quark Drive|[silent]\n|switch|p2a: Toxapex|Toxapex, L82, M|100/100\n|move|p1a: Dachsbun|Play Rough|p2a: Toxapex\n|-resisted|p2a: Toxapex\n|-damage|p2a: Toxapex|86/100\n|-damage|p1a: Dachsbun|130/254|[from] item: Rocky Helmet|[of] p2a: Toxapex\n|\n|-heal|p1a: Dachsbun|145/254|[from] item: Leftovers\n|upkeep\n|turn|7\n|inactive|Time left: 300 sec this turn | 300 sec total\n|\n|t:|1783535149\n|move|p1a: Dachsbun|Wish|p1a: Dachsbun\n|move|p2a: Toxapex|Toxic|p1a: Dachsbun\n|-status|p1a: Dachsbun|tox\n|\n|-heal|p1a: Dachsbun|160/254 tox|[from] item: Leftovers\n|-damage|p1a: Dachsbun|145/254 tox|[from] psn\n|upkeep\n|turn|8\n|inactive|Time left: 300 sec this turn | 300 sec total\n|\n|t:|1783535150\n|move|p1a: Dachsbun|Play Rough|p2a: Toxapex\n|-resisted|p2a: Toxapex\n|-damage|p2a: Toxapex|71/100\n|-damage|p1a: Dachsbun|103/254 tox|[from] item: Rocky Helmet|[of] p2a: Toxapex\n|move|p2a: Toxapex|Liquidation|p1a: Dachsbun\n|-damage|p1a: Dachsbun|57/254 tox\n|-unboost|p1a: Dachsbun|def|1\n|\n|-heal|p1a: Dachsbun|184/254 tox|[from] move: Wish|[wisher] Dachsbun\n|-heal|p1a: Dachsbun|199/254 tox|[from] item: Leftovers\n|-damage|p1a: Dachsbun|169/254 tox|[from] psn\n|upkeep\n|turn|9\n|inactive|Time left: 300 sec this turn | 300 sec total\n|\n|t:|1783535151\n|switch|p1a: Regieleki|Regieleki, L79, tera:Electric|256/256\n|move|p2a: Toxapex|Toxic|p1a: Regieleki\n|-status|p1a: Regieleki|tox\n|\n|-damage|p1a: Regieleki|240/256 tox|[from] psn\n|upkeep\n|turn|10\n|inactive|Time left: 300 sec this turn | 300 sec total\n|\n|t:|1783535152\n|switch|p2a: Iron Hands|Iron Hands, L79|41/100\n|move|p1a: Regieleki|Volt Switch|p2a: Iron Hands\n|-resisted|p2a: Iron Hands\n|-damage|p2a: Iron Hands|18/100\n|inactive|Time left: 300 sec this turn | 300 sec total | 5 sec grace\n|\n|t:|1783535153\n|switch|p1a: Kyogre|Kyogre, L71|259/259|[from] Volt Switch\n|-weather|RainDance|[from] ability: Drizzle|[of] p1a: Kyogre\n|\n|-weather|RainDance|[upkeep]\n|-heal|p2a: Iron Hands|24/100|[from] item: Leftovers\n|upkeep\n|turn|11\n|inactive|Time left: 300 sec this turn | 300 sec total\n|\n|t:|1783535154\n|move|p1a: Kyogre|Water Spout|p2a: Iron Hands\n|-damage|p2a: Iron Hands|0 fnt\n|faint|p2a: Iron Hands\n|-end|p2a: Iron Hands|Quark Drive|[silent]\n|\n|-weather|RainDance|[upkeep]\n|upkeep\n|\n|t:|1783535155\n|switch|p2a: Gallade|Gallade, L80, M|100/100\n|turn|12\n|inactive|Time left: 300 sec this turn | 300 sec total\n|\n|t:|1783535156\n|move|p1a: Kyogre|Water Spout|p2a: Gallade\n|-damage|p2a: Gallade|13/100\n|move|p2a: Gallade|Psycho Cut|p1a: Kyogre\n|-damage|p1a: Kyogre|34/259\n|\n|-weather|RainDance|[upkeep]\n|upkeep\n|turn|13\n|inactive|Time left: 300 sec this turn | 300 sec total\n|\n|t:|1783535157\n|move|p1a: Kyogre|Water Spout|p2a: Gallade\n|-damage|p2a: Gallade|2/100\n|move|p2a: Gallade|Psycho Cut|p1a: Kyogre\n|-damage|p1a: Kyogre|0 fnt\n|faint|p1a: Kyogre\n|\n|-weather|RainDance|[upkeep]\n|upkeep\n|inactive|Time left: 300 sec this turn | 300 sec total | 5 sec grace\n|\n|t:|1783535158\n|switch|p1a: Regieleki|Regieleki, L79, tera:Electric|240/256 tox\n|turn|14\n|inactive|Time left: 300 sec this turn | 300 sec total\n|\n|t:|1783535159\n|switch|p2a: Cyclizar|Cyclizar, L84, F|100/100\n|move|p1a: Regieleki|Thunderbolt|p2a: Cyclizar\n|-resisted|p2a: Cyclizar\n|-damage|p2a: Cyclizar|53/100\n|\n|-weather|none\n|-damage|p1a: Regieleki|224/256 tox|[from] psn\n|upkeep\n|turn|15\n|inactive|Time left: 300 sec this turn | 300 sec total\n|\n|t:|1783535160\n|move|p1a: Regieleki|Volt Switch|p2a: Cyclizar\n|-resisted|p2a: Cyclizar\n|-damage|p2a: Cyclizar|19/100\n|inactive|Time left: 300 sec this turn | 300 sec total | 5 sec grace\n|\n|t:|1783535161\n|switch|p1a: Hariyama|Hariyama, L87, M|392/392|[from] Volt Switch\n|move|p2a: Cyclizar|Draco Meteor|p1a: Hariyama\n|-damage|p1a: Hariyama|292/392\n|-unboost|p2a: Cyclizar|spa|2\n|\n|upkeep\n|turn|16\n|inactive|Time left: 300 sec this turn | 300 sec total\n|\n|t:|1783535162\n|switch|p2a: Toxapex|Toxapex, L82, M|100/100\n|move|p1a: Hariyama|Stone Edge|p2a: Toxapex\n|-damage|p2a: Toxapex|72/100\n|\n|upkeep\n|turn|17\n|inactive|Time left: 300 sec this turn | 300 sec total\n|\n|t:|1783535163\n|switch|p1a: Regieleki|Regieleki, L79, tera:Electric|224/256 tox\n|move|p2a: Toxapex|Liquidation|p1a: Regieleki\n|-damage|p1a: Regieleki|125/256 tox\n|\n|-damage|p1a: Regieleki|109/256 tox|[from] psn\n|upkeep\n|turn|18\n|inactive|Time left: 300 sec this turn | 300 sec total\n|\n|t:|1783535164\n|switch|p2a: Gallade|Gallade, L80, M|2/100\n|move|p1a: Regieleki|Thunderbolt|p2a: Gallade\n|-damage|p2a: Gallade|0 fnt\n|faint|p2a: Gallade\n|\n|-damage|p1a: Regieleki|77/256 tox|[from] psn\n|upkeep\n|\n|t:|1783535165\n|switch|p2a: Cyclizar|Cyclizar, L84, F|53/100\n|turn|19\n|inactive|Time left: 300 sec this turn | 300 sec total\n|\n|t:|1783535166\n|move|p1a: Regieleki|Thunderbolt|p2a: Cyclizar\n|-resisted|p2a: Cyclizar\n|-damage|p2a: Cyclizar|10/100\n|move|p2a: Cyclizar|Rapid Spin|p1a: Regieleki\n|-damage|p1a: Regieleki|0 fnt\n|-boost|p2a: Cyclizar|spe|1\n|faint|p1a: Regieleki\n|\n|upkeep\n|inactive|Time left: 300 sec this turn | 300 sec total | 5 sec grace\n|\n|t:|1783535167\n|switch|p1a: Hariyama|Hariyama, L87, M|292/392\n|turn|20\n|inactive|Time left: 300 sec this turn | 300 sec total\n|\n|t:|1783535168\n|switch|p2a: Toxapex|Toxapex, L82, M|100/100\n|move|p1a: Hariyama|Stone Edge|p2a: Toxapex\n|-damage|p2a: Toxapex|74/100\n|\n|upkeep\n|turn|21\n|inactive|Time left: 300 sec this turn | 300 sec total\n|\n|t:|1783535169\n|switch|p1a: Dachsbun|Dachsbun, L92, M|169/254 tox\n|move|p2a: Toxapex|Toxic|p1a: Dachsbun\n|-fail|p1a: Dachsbun|tox\n|\n|-heal|p1a: Dachsbun|184/254 tox|[from] item: Leftovers\n|-damage|p1a: Dachsbun|169/254 tox|[from] psn\n|upkeep\n|turn|22\n|inactive|Time left: 300 sec this turn | 300 sec total\n|\n|t:|1783535169\n|move|p1a: Dachsbun|Wish|p1a: Dachsbun\n|move|p2a: Toxapex|Liquidation|p1a: Dachsbun\n|-damage|p1a: Dachsbun|123/254 tox\n|\n|-heal|p1a: Dachsbun|138/254 tox|[from] item: Leftovers\n|-damage|p1a: Dachsbun|108/254 tox|[from] psn\n|upkeep\n|turn|23\n|inactive|Time left: 300 sec this turn | 300 sec total\n|\n|t:|1783535171\n|switch|p1a: Hariyama|Hariyama, L87, M|292/392\n|move|p2a: Toxapex|Liquidation|p1a: Hariyama\n|-damage|p1a: Hariyama|219/392\n|\n|-heal|p1a: Hariyama|346/392|[from] move: Wish|[wisher] Dachsbun\n|upkeep\n|turn|24\n|inactive|Time left: 300 sec this turn | 300 sec total\n|\n|t:|1783535172\n|move|p1a: Hariyama|Knock Off|p2a: Toxapex\n|-damage|p2a: Toxapex|48/100\n|-damage|p1a: Hariyama|281/392|[from] item: Rocky Helmet|[of] p2a: Toxapex\n|-enditem|p2a: Toxapex|Rocky Helmet|[from] move: Knock Off|[of] p1a: Hariyama\n|move|p2a: Toxapex|Toxic|p1a: Hariyama\n|-status|p1a: Hariyama|tox\n|\n|-damage|p1a: Hariyama|257/392 tox|[from] psn\n|upkeep\n|turn|25\n|inactive|Time left: 300 sec this turn | 300 sec total\n|\n|t:|1783535172\n|move|p1a: Hariyama|Close Combat|p2a: Toxapex\n|-resisted|p2a: Toxapex\n|-damage|p2a: Toxapex|22/100\n|-unboost|p1a: Hariyama|def|1\n|-unboost|p1a: Hariyama|spd|1\n|move|p2a: Toxapex|Recover|p2a: Toxapex\n|-heal|p2a: Toxapex|72/100\n|\n|-damage|p1a: Hariyama|209/392 tox|[from] psn\n|upkeep\n|turn|26\n|inactive|Time left: 300 sec this turn | 300 sec total\n|\n|t:|1783535173\n|switch|p1a: Poliwrath|Poliwrath, L88, M|302/302\n|move|p2a: Toxapex|Recover|p2a: Toxapex\n|-heal|p2a: Toxapex|100/100\n|\n|upkeep\n|turn|27\n|inactive|Time left: 300 sec this turn | 300 sec total\n|\n|t:|1783535174\n|switch|p1a: Dachsbun|Dachsbun, L92, M|108/254 tox\n|move|p2a: Toxapex|Toxic|p1a: Dachsbun\n|-fail|p1a: Dachsbun|tox\n|\n|-heal|p1a: Dachsbun|123/254 tox|[from] item: Leftovers\n|-damage|p1a: Dachsbun|108/254 tox|[from] psn\n|upkeep\n|turn|28\n|inactive|Time left: 300 sec this turn | 300 sec total\n|\n|t:|1783535175\n|move|p1a: Dachsbun|Wish|p1a: Dachsbun\n|move|p2a: Toxapex|Liquidation|p1a: Dachsbun\n|-damage|p1a: Dachsbun|66/254 tox\n|\n|-heal|p1a: Dachsbun|81/254 tox|[from] item: Leftovers\n|-damage|p1a: Dachsbun|51/254 tox|[from] psn\n|upkeep\n|turn|29\n|inactive|Time left: 300 sec this turn | 300 sec total\n|\n|t:|1783535176\n|move|p1a: Dachsbun|Protect|p1a: Dachsbun\n|-singleturn|p1a: Dachsbun|Protect\n|move|p2a: Toxapex|Liquidation|p1a: Dachsbun\n|-activate|p1a: Dachsbun|move: Protect\n|\n|-heal|p1a: Dachsbun|178/254 tox|[from] move: Wish|[wisher] Dachsbun\n|-heal|p1a: Dachsbun|193/254 tox|[from] item: Leftovers\n|-damage|p1a: Dachsbun|148/254 tox|[from] psn\n|upkeep\n|turn|30\n|inactive|Time left: 300 sec this turn | 300 sec total\n|\n|t:|1783535177\n|move|p1a: Dachsbun|Wish|p1a: Dachsbun\n|move|p2a: Toxapex|Liquidation|p1a: Dachsbun\n|-damage|p1a: Dachsbun|102/254 tox\n|\n|-heal|p1a: Dachsbun|117/254 tox|[from] item: Leftovers\n|-damage|p1a: Dachsbun|57/254 tox|[from] psn\n|upkeep\n|turn|31\n|inactive|Time left: 300 sec this turn | 300 sec total\n|\n|t:|1783535178\n|switch|p1a: Hariyama|Hariyama, L87, M|209/392 tox\n|move|p2a: Toxapex|Liquidation|p1a: Hariyama\n|-damage|p1a: Hariyama|133/392 tox\n|\n|-heal|p1a: Hariyama|260/392 tox|[from] move: Wish|[wisher] Dachsbun\n|-damage|p1a: Hariyama|236/392 tox|[from] psn\n|upkeep\n|turn|32\n|inactive|Time left: 300 sec this turn | 300 sec total\n|\n|t:|1783535179\n|move|p1a: Hariyama|Stone Edge|p2a: Toxapex\n|-damage|p2a: Toxapex|71/100\n|move|p2a: Toxapex|Liquidation|p1a: Hariyama\n|-damage|p1a: Hariyama|152/392 tox\n|\n|-damage|p1a: Hariyama|104/392 tox|[from] psn\n|upkeep\n|turn|33\n|inactive|Time left: 300 sec this turn | 300 sec total\n|\n|t:|1783535180\n|move|p1a: Hariyama|Stone Edge|p2a: Toxapex|[miss]\n|-miss|p1a: Hariyama|p2a: Toxapex\n|move|p2a: Toxapex|Recover|p2a: Toxapex\n|-heal|p2a: Toxapex|100/100\n|\n|-damage|p1a: Hariyama|32/392 tox|[from] psn\n|upkeep\n|turn|34\n|inactive|Time left: 300 sec this turn | 300 sec total\n|\n|t:|1783535181\n|switch|p1a: Dachsbun|Dachsbun, L92, M|57/254 tox\n|move|p2a: Toxapex|Toxic|p1a: Dachsbun\n|-fail|p1a: Dachsbun|tox\n|\n|-heal|p1a: Dachsbun|72/254 tox|[from] item: Leftovers\n|-damage|p1a: Dachsbun|57/254 tox|[from] psn\n|upkeep\n|turn|35\n|inactive|Time left: 300 sec this turn | 300 sec total\n|\n|t:|1783535182\n|move|p1a: Dachsbun|Wish|p1a: Dachsbun\n|move|p2a: Toxapex|Liquidation|p1a: Dachsbun\n|-crit|p1a: Dachsbun\n|-damage|p1a: Dachsbun|0 fnt\n|faint|p1a: Dachsbun\n|\n|upkeep\n|inactive|Time left: 300 sec this turn | 300 sec total | 5 sec grace\n|\n|t:|1783535183\n|switch|p1a: Hariyama|Hariyama, L87, M|32/392 tox\n|turn|36\n|inactive|Time left: 300 sec this turn | 300 sec total\n|\n|t:|1783535184\n|move|p1a: Hariyama|Knock Off|p2a: Toxapex\n|-damage|p2a: Toxapex|83/100\n|move|p2a: Toxapex|Liquidation|p1a: Hariyama\n|-damage|p1a: Hariyama|0 fnt\n|faint|p1a: Hariyama\n|\n|upkeep\n|inactive|Time left: 300 sec this turn | 300 sec total | 5 sec grace\n|\n|t:|1783535185\n|switch|p1a: Poliwrath|Poliwrath, L88, M|302/302\n|turn|37\n|inactive|Time left: 300 sec this turn | 300 sec total\n|\n|t:|1783535186\n|move|p1a: Poliwrath|Liquidation|p2a: Toxapex\n|-resisted|p2a: Toxapex\n|-damage|p2a: Toxapex|69/100\n|move|p2a: Toxapex|Toxic|p1a: Poliwrath\n|-status|p1a: Poliwrath|tox\n|\n|-damage|p1a: Poliwrath|284/302 tox|[from] psn\n|upkeep\n|turn|38\n|inactive|Time left: 300 sec this turn | 300 sec total\n|\n|t:|1783535187\n|switch|p2a: Vivillon|Vivillon-Monsoon, L83, F|100/100\n|move|p1a: Poliwrath|Circle Throw|p2a: Vivillon\n|-resisted|p2a: Vivillon\n|-damage|p2a: Vivillon|91/100\n|drag|p2a: Toxapex|Toxapex, L82, M|100/100\n|\n|-damage|p1a: Poliwrath|248/302 tox|[from] psn\n|upkeep\n|turn|39\n|inactive|Time left: 300 sec this turn | 300 sec total\n|\n|t:|1783535188\n|switch|p2a: Vivillon|Vivillon-Monsoon, L83, F|91/100\n|move|p1a: Poliwrath|Circle Throw|p2a: Vivillon\n|-resisted|p2a: Vivillon\n|-damage|p2a: Vivillon|81/100\n|drag|p2a: Cyclizar|Cyclizar, L84, F|44/100\n|\n|-damage|p1a: Poliwrath|194/302 tox|[from] psn\n|upkeep\n|turn|40\n|inactive|Time left: 300 sec this turn | 300 sec total\n|\n|t:|1783535189\n|move|p2a: Cyclizar|Rapid Spin|p1a: Poliwrath\n|-damage|p1a: Poliwrath|151/302 tox\n|-boost|p2a: Cyclizar|spe|1\n|move|p1a: Poliwrath|Knock Off|p2a: Cyclizar\n|-damage|p2a: Cyclizar|7/100\n|-enditem|p2a: Cyclizar|Heavy-Duty Boots|[from] move: Knock Off|[of] p1a: Poliwrath\n|\n|-damage|p1a: Poliwrath|79/302 tox|[from] psn\n|upkeep\n|turn|41\n|inactive|Time left: 300 sec this turn | 300 sec total\n|\n|t:|1783535191\n|move|p2a: Cyclizar|Draco Meteor|p1a: Poliwrath\n|-damage|p1a: Poliwrath|0 fnt\n|-unboost|p2a: Cyclizar|spa|2\n|faint|p1a: Poliwrath\n|\n|win|p0y1210312", "uploadtime": 1783535191, "views": 0, "rating": 0, "private": 0, "password": null, "_winner": "p0y1210312", "_our_name": "p0x121b3dd"}