{"id": "battle-gen9randombattle-2567", "formatid": "gen9randombattle", "format": "[Gen 9] Random Battle", "players": ["p0x25678576", "p0y2567965b"], "log": "|init|battle\n|title|p0x25678576 vs. p0y2567965b\n|j|\u2606p0x25678576\n|j|\u2606p0y2567965b\n|t:|1783568724\n|gametype|singles\n|player|p1|p0x25678576|170|\n|player|p2|p0y2567965b|170|\n|gen|9\n|tier|[Gen 9] Random Battle\n|rule|Species Clause: Limit one of each Pok\u00e9mon\n|rule|HP Percentage Mod: HP is shown in percentages\n|rule|Sleep Clause Mod: Limit one foe put to sleep\n|rule|Illusion Level Mod: Illusion disguises the Pok\u00e9mon's true level\n|\n|t:|1783568724\n|teamsize|p1|6\n|teamsize|p2|6\n|start\n|switch|p1a: Golduck|Golduck, L90, F|290/290\n|switch|p2a: Volbeat|Volbeat, L90, M|100/100\n|-ability|p1a: Golduck|Cloud Nine\n|turn|1\n|inactive|Battle timer is ON: inactive players will automatically lose when time's up. (requested by p0x25678576)\n|inactive|p0y2567965b also wants the timer to be on.\n|\n|t:|1783568725\n|move|p1a: Golduck|Nasty Plot|p1a: Golduck\n|-boost|p1a: Golduck|spa|2\n|move|p2a: Volbeat|Lunge|p1a: Golduck\n|-damage|p1a: Golduck|202/290\n|-unboost|p1a: Golduck|atk|1\n|\n|-heal|p1a: Golduck|220/290|[from] item: Leftovers\n|upkeep\n|turn|2\n|inactive|Time left: 300 sec this turn | 300 sec total\n|\n|t:|1783568727\n|move|p2a: Volbeat|Encore|p1a: Golduck\n|-start|p1a: Golduck|Encore\n|move|p1a: Golduck|Nasty Plot|p1a: Golduck\n|-boost|p1a: Golduck|spa|2\n|\n|-heal|p1a: Golduck|238/290|[from] item: Leftovers\n|upkeep\n|turn|3\n|inactive|Time left: 300 sec this turn | 300 sec total\n|\n|t:|1783568728\n|move|p2a: Volbeat|Lunge|p1a: Golduck\n|-damage|p1a: Golduck|163/290\n|-unboost|p1a: Golduck|atk|1\n|move|p1a: Golduck|Nasty Plot|p1a: Golduck\n|-boost|p1a: Golduck|spa|2\n|\n|-heal|p1a: Golduck|181/290|[from] item: Leftovers\n|upkeep\n|turn|4\n|inactive|Time left: 300 sec this turn | 300 sec total\n|\n|t:|1783568729\n|switch|p2a: Electivire|Electivire, L84, F|100/100\n|switch|p1a: Articuno|Articuno-Galar, L84|288/288\n|\n|upkeep\n|turn|5\n|inactive|Time left: 300 sec this turn | 300 sec total\n|\n|t:|1783568730\n|switch|p1a: Flygon|Flygon, L82, F|265/265\n|move|p2a: Electivire|Supercell Slam|p1a: Flygon\n|-immune|p1a: Flygon\n|-damage|p2a: Electivire|51/100|[from] supercellslam\n|\n|upkeep\n|turn|6\n|inactive|Time left: 300 sec this turn | 300 sec total\n|\n|t:|1783568732\n|switch|p2a: Garganacl|Garganacl, L80, F|100/100\n|move|p1a: Flygon|Outrage|p2a: Garganacl\n|-damage|p2a: Garganacl|66/100\n|\n|-heal|p2a: Garganacl|73/100|[from] item: Leftovers\n|upkeep\n|turn|7\n|inactive|Time left: 300 sec this turn | 300 sec total\n|\n|t:|1783568733\n|move|p1a: Flygon|Outrage|p2a: Garganacl|[from] lockedmove\n|-damage|p2a: Garganacl|41/100\n|-start|p1a: Flygon|confusion|[fatigue]\n|move|p2a: Garganacl|Recover|p2a: Garganacl\n|-heal|p2a: Garganacl|91/100\n|\n|-heal|p2a: Garganacl|97/100|[from] item: Leftovers\n|upkeep\n|turn|8\n|inactive|Time left: 300 sec this turn | 300 sec total\n|\n|t:|1783568734\n|switch|p1a: Mabosstiff|Mabosstiff, L86, M|278/278\n|move|p2a: Garganacl|Salt Cure|p1a: Mabosstiff\n|-damage|p1a: Mabosstiff|241/278\n|-start|p1a: Mabosstiff|Salt Cure\n|\n|-heal|p2a: Garganacl|100/100|[from] item: Leftovers\n|-damage|p1a: Mabosstiff|207/278|[from] Salt Cure\n|upkeep\n|turn|9\n|inactive|Time left: 300 sec this turn | 300 sec total\n|\n|t:|1783568735\n|move|p1a: Mabosstiff|Crunch|p2a: Garganacl\n|-damage|p2a: Garganacl|55/100\n|move|p2a: Garganacl|Body Press|p1a: Mabosstiff\n|-supereffective|p1a: Mabosstiff\n|-damage|p1a: Mabosstiff|83/278\n|\n|-heal|p2a: Garganacl|61/100|[from] item: Leftovers\n|-damage|p1a: Mabosstiff|49/278|[from] Salt Cure\n|upkeep\n|turn|10\n|inactive|Time left: 300 sec this turn | 300 sec total\n|\n|t:|1783568736\n|move|p1a: Mabosstiff|Crunch|p2a: Garganacl\n|-damage|p2a: Garganacl|22/100\n|move|p2a: Garganacl|Recover|p2a: Garganacl\n|-heal|p2a: Garganacl|72/100\n|\n|-heal|p2a: Garganacl|79/100|[from] item: Leftovers\n|-damage|p1a: Mabosstiff|15/278|[from] Salt Cure\n|upkeep\n|turn|11\n|inactive|Time left: 300 sec this turn | 300 sec total\n|\n|t:|1783568737\n|switch|p1a: Hoopa|Hoopa, L85, shiny|275/275\n|move|p2a: Garganacl|Salt Cure|p1a: Hoopa\n|-damage|p1a: Hoopa|224/275\n|-start|p1a: Hoopa|Salt Cure\n|\n|-heal|p2a: Garganacl|85/100|[from] item: Leftovers\n|-damage|p1a: Hoopa|190/275|[from] Salt Cure\n|upkeep\n|turn|12\n|inactive|Time left: 300 sec this turn | 300 sec total\n|\n|t:|1783568738\n|move|p2a: Garganacl|Protect|p2a: Garganacl\n|-singleturn|p2a: Garganacl|Protect\n|move|p1a: Hoopa|Psychic|p2a: Garganacl\n|-activate|p2a: Garganacl|move: Protect\n|\n|-heal|p2a: Garganacl|91/100|[from] item: Leftovers\n|-damage|p1a: Hoopa|156/275|[from] Salt Cure\n|upkeep\n|turn|13\n|inactive|Time left: 300 sec this turn | 300 sec total\n|\n|t:|1783568739\n|move|p1a: Hoopa|Psychic|p2a: Garganacl\n|-damage|p2a: Garganacl|30/100\n|-damage|p1a: Hoopa|129/275|[from] item: Life Orb\n|move|p2a: Garganacl|Recover|p2a: Garganacl\n|-heal|p2a: Garganacl|80/100\n|\n|-heal|p2a: Garganacl|86/100|[from] item: Leftovers\n|-damage|p1a: Hoopa|95/275|[from] Salt Cure\n|upkeep\n|turn|14\n|inactive|Time left: 300 sec this turn | 300 sec total\n|\n|t:|1783568740\n|move|p1a: Hoopa|Focus Blast|p2a: Garganacl\n|-supereffective|p2a: Garganacl\n|-damage|p2a: Garganacl|0 fnt\n|faint|p2a: Garganacl\n|-damage|p1a: Hoopa|68/275|[from] item: Life Orb\n|\n|-damage|p1a: Hoopa|34/275|[from] Salt Cure\n|upkeep\n|\n|t:|1783568741\n|switch|p2a: Decidueye|Decidueye, L88, M|100/100\n|turn|15\n|inactive|Time left: 300 sec this turn | 300 sec total\n|\n|t:|1783568742\n|move|p2a: Decidueye|Poltergeist|p1a: Hoopa\n|-activate|p1a: Hoopa|move: Poltergeist|Life Orb\n|-supereffective|p1a: Hoopa\n|-damage|p1a: Hoopa|0 fnt\n|faint|p1a: Hoopa\n|-damage|p2a: Decidueye|91/100|[from] item: Life Orb\n|\n|upkeep\n|inactive|Time left: 300 sec this turn | 300 sec total | 5 sec grace\n|\n|t:|1783568743\n|switch|p1a: Charizard|Charizard, L85, F|271/271\n|turn|16\n|inactive|Time left: 300 sec this turn | 300 sec total\n|\n|t:|1783568744\n|-terastallize|p2a: Decidueye|Ghost\n|move|p1a: Charizard|Will-O-Wisp|p2a: Decidueye\n|-status|p2a: Decidueye|brn\n|move|p2a: Decidueye|Poltergeist|p1a: Charizard\n|-activate|p1a: Charizard|move: Poltergeist|Heavy-Duty Boots\n|-crit|p1a: Charizard\n|-damage|p1a: Charizard|71/271\n|-damage|p2a: Decidueye|81/100 brn|[from] item: Life Orb\n|\n|-damage|p2a: Decidueye|75/100 brn|[from] brn\n|upkeep\n|turn|17\n|inactive|Time left: 300 sec this turn | 300 sec total\n|\n|t:|1783568745\n|move|p1a: Charizard|Flamethrower|p2a: Decidueye\n|-damage|p2a: Decidueye|24/100 brn\n|move|p2a: Decidueye|Poltergeist|p1a: Charizard\n|-activate|p1a: Charizard|move: Poltergeist|Heavy-Duty Boots\n|-damage|p1a: Charizard|0 fnt\n|faint|p1a: Charizard\n|-damage|p2a: Decidueye|14/100 brn|[from] item: Life Orb\n|\n|-damage|p2a: Decidueye|8/100 brn|[from] brn\n|upkeep\n|inactive|Time left: 300 sec this turn | 300 sec total | 5 sec grace\n|\n|t:|1783568746\n|switch|p1a: Articuno|Articuno-Galar, L84|288/288\n|turn|18\n|inactive|Time left: 300 sec this turn | 300 sec total\n|\n|t:|1783568747\n|move|p1a: Articuno|Freezing Glare|p2a: Decidueye\n|-damage|p2a: Decidueye|0 fnt\n|faint|p2a: Decidueye\n|\n|upkeep\n|\n|t:|1783568748\n|switch|p2a: Electivire|Electivire, L84, F|51/100\n|turn|19\n|inactive|Time left: 300 sec this turn | 300 sec total\n|\n|t:|1783568749\n|switch|p1a: Flygon|Flygon, L82, F|265/265\n|move|p2a: Electivire|Knock Off|p1a: Flygon\n|-damage|p1a: Flygon|140/265\n|-enditem|p1a: Flygon|Choice Scarf|[from] move: Knock Off|[of] p2a: Electivire\n|-damage|p2a: Electivire|41/100|[from] item: Life Orb\n|\n|upkeep\n|turn|20\n|inactive|Time left: 300 sec this turn | 300 sec total\n|\n|t:|1783568750\n|switch|p2a: Espeon|Espeon, L84, F|100/100\n|move|p1a: Flygon|Outrage|p2a: Espeon\n|-damage|p2a: Espeon|32/100\n|\n|upkeep\n|turn|21\n|inactive|Time left: 300 sec this turn | 300 sec total\n|\n|t:|1783568750\n|move|p2a: Espeon|Psyshock|p1a: Flygon\n|-damage|p1a: Flygon|0 fnt\n|faint|p1a: Flygon\n|-damage|p2a: Espeon|22/100|[from] item: Life Orb\n|\n|upkeep\n|inactive|Time left: 300 sec this turn | 300 sec total | 5 sec grace\n|\n|t:|1783568751\n|switch|p1a: Articuno|Articuno-Galar, L84|288/288\n|turn|22\n|inactive|Time left: 300 sec this turn | 300 sec total\n|\n|t:|1783568752\n|move|p2a: Espeon|Morning Sun|p2a: Espeon\n|-heal|p2a: Espeon|72/100\n|move|p1a: Articuno|Calm Mind|p1a: Articuno\n|-boost|p1a: Articuno|spa|1\n|-boost|p1a: Articuno|spd|1\n|\n|upkeep\n|turn|23\n|inactive|Time left: 300 sec this turn | 300 sec total\n|\n|t:|1783568753\n|move|p2a: Espeon|Calm Mind|p2a: Espeon\n|-boost|p2a: Espeon|spa|1\n|-boost|p2a: Espeon|spd|1\n|move|p1a: Articuno|Calm Mind|p1a: Articuno\n|-boost|p1a: Articuno|spa|1\n|-boost|p1a: Articuno|spd|1\n|\n|upkeep\n|turn|24\n|inactive|Time left: 300 sec this turn | 300 sec total\n|\n|t:|1783568754\n|move|p2a: Espeon|Calm Mind|p2a: Espeon\n|-boost|p2a: Espeon|spa|1\n|-boost|p2a: Espeon|spd|1\n|move|p1a: Articuno|Hurricane|p2a: Espeon\n|-damage|p2a: Espeon|16/100\n|\n|upkeep\n|turn|25\n|inactive|Time left: 300 sec this turn | 300 sec total\n|\n|t:|1783568754\n|move|p2a: Espeon|Morning Sun|p2a: Espeon\n|-heal|p2a: Espeon|66/100\n|move|p1a: Articuno|Hurricane|p2a: Espeon\n|-damage|p2a: Espeon|16/100\n|-start|p2a: Espeon|confusion\n|\n|upkeep\n|turn|26\n|inactive|Time left: 300 sec this turn | 300 sec total\n|\n|t:|1783568755\n|-activate|p2a: Espeon|confusion\n|-damage|p2a: Espeon|8/100|[from] confusion\n|move|p1a: Articuno|Hurricane|p2a: Espeon\n|-damage|p2a: Espeon|0 fnt\n|faint|p2a: Espeon\n|\n|upkeep\n|\n|t:|1783568756\n|switch|p2a: Electivire|Electivire, L84, F|41/100\n|turn|27\n|inactive|Time left: 300 sec this turn | 300 sec total\n|\n|t:|1783568757\n|-terastallize|p1a: Articuno|Steel\n|move|p2a: Electivire|Supercell Slam|p1a: Articuno\n|-damage|p1a: Articuno|115/288\n|-damage|p2a: Electivire|31/100|[from] item: Life Orb\n|move|p1a: Articuno|Freezing Glare|p2a: Electivire\n|-damage|p2a: Electivire|0 fnt\n|faint|p2a: Electivire\n|\n|upkeep\n|\n|t:|1783568757\n|switch|p2a: Volbeat|Volbeat, L90, M|100/100\n|turn|28\n|inactive|Time left: 300 sec this turn | 300 sec total\n|\n|t:|1783568758\n|move|p2a: Volbeat|Thunder Wave|p1a: Articuno\n|-status|p1a: Articuno|par\n|move|p1a: Articuno|Hurricane|p2a: Volbeat\n|-supereffective|p2a: Volbeat\n|-damage|p2a: Volbeat|0 fnt\n|faint|p2a: Volbeat\n|\n|upkeep\n|\n|t:|1783568759\n|switch|p2a: Blaziken|Blaziken, L76, F|100/100\n|turn|29\n|inactive|Time left: 300 sec this turn | 300 sec total\n|\n|t:|1783568760\n|move|p2a: Blaziken|Swords Dance|p2a: Blaziken\n|-boost|p2a: Blaziken|atk|2\n|cant|p1a: Articuno|par\n|\n|-ability|p2a: Blaziken|Speed Boost|boost\n|-boost|p2a: Blaziken|spe|1\n|upkeep\n|turn|30\n|inactive|Time left: 300 sec this turn | 300 sec total\n|\n|t:|1783568761\n|move|p2a: Blaziken|Knock Off|p1a: Articuno\n|-damage|p1a: Articuno|0 fnt\n|-enditem|p1a: Articuno|Heavy-Duty Boots|[from] move: Knock Off|[of] p2a: Blaziken\n|faint|p1a: Articuno\n|-damage|p2a: Blaziken|91/100|[from] item: Life Orb\n|\n|-ability|p2a: Blaziken|Speed Boost|boost\n|-boost|p2a: Blaziken|spe|1\n|upkeep\n|inactive|Time left: 300 sec this turn | 300 sec total | 5 sec grace\n|\n|t:|1783568762\n|switch|p1a: Mabosstiff|Mabosstiff, L86, M|15/278\n|turn|31\n|inactive|Time left: 300 sec this turn | 300 sec total\n|\n|t:|1783568763\n|move|p2a: Blaziken|Close Combat|p1a: Mabosstiff\n|-supereffective|p1a: Mabosstiff\n|-damage|p1a: Mabosstiff|0 fnt\n|-unboost|p2a: Blaziken|def|1\n|-unboost|p2a: Blaziken|spd|1\n|faint|p1a: Mabosstiff\n|-damage|p2a: Blaziken|81/100|[from] item: Life Orb\n|\n|-ability|p2a: Blaziken|Speed Boost|boost\n|-boost|p2a: Blaziken|spe|1\n|upkeep\n|inactive|Time left: 300 sec this turn | 300 sec total | 5 sec grace\n|\n|t:|1783568763\n|switch|p1a: Golduck|Golduck, L90, F|181/290\n|-ability|p1a: Golduck|Cloud Nine\n|turn|32\n|inactive|Time left: 300 sec this turn | 300 sec total\n|\n|t:|1783568764\n|move|p2a: Blaziken|Close Combat|p1a: Golduck\n|-crit|p1a: Golduck\n|-damage|p1a: Golduck|0 fnt\n|-unboost|p2a: Blaziken|def|1\n|-unboost|p2a: Blaziken|spd|1\n|faint|p1a: Golduck\n|-damage|p2a: Blaziken|71/100|[from] item: Life Orb\n|\n|win|p0y2567965b", "uploadtime": 1783568764, "views": 0, "rating": 0, "private": 0, "password": null, "_winner": "p0y2567965b", "_our_name": "p0x25678576"}