{"id": "battle-gen9randombattle-891", "formatid": "gen9randombattle", "format": "[Gen 9] Random Battle", "players": ["p0x891f781", "p0y891a6a3"], "log": "|init|battle\n|title|p0x891f781 vs. p0y891a6a3\n|j|\u2606p0x891f781\n|j|\u2606p0y891a6a3\n|t:|1783549484\n|gametype|singles\n|player|p1|p0x891f781|266|\n|player|p2|p0y891a6a3|170|\n|gen|9\n|tier|[Gen 9] Random Battle\n|rule|Species Clause: Limit one of each Pok\u00e9mon\n|rule|HP Percentage Mod: HP is shown in percentages\n|rule|Sleep Clause Mod: Limit one foe put to sleep\n|rule|Illusion Level Mod: Illusion disguises the Pok\u00e9mon's true level\n|\n|t:|1783549484\n|teamsize|p1|6\n|teamsize|p2|6\n|start\n|switch|p1a: Volbeat|Volbeat, L90, M|100/100\n|switch|p2a: Pincurchin|Pincurchin, M|258/258\n|-fieldstart|move: Electric Terrain|[from] ability: Electric Surge|[of] p2a: Pincurchin\n|turn|1\n|inactive|Battle timer is ON: inactive players will automatically lose when time's up. (requested by p0y891a6a3)\n|inactive|p0x891f781 also wants the timer to be on.\n|\n|t:|1783549485\n|switch|p1a: Tyranitar|Tyranitar, L78, F|100/100\n|-weather|Sandstorm|[from] ability: Sand Stream|[of] p1a: Tyranitar\n|move|p2a: Pincurchin|Discharge|p1a: Tyranitar\n|-damage|p1a: Tyranitar|65/100\n|\n|-weather|Sandstorm|[upkeep]\n|-damage|p2a: Pincurchin|242/258|[from] Sandstorm\n|-heal|p2a: Pincurchin|258/258|[from] item: Leftovers\n|upkeep\n|turn|2\n|inactive|Time left: 300 sec this turn | 300 sec total\n|\n|t:|1783549487\n|move|p1a: Tyranitar|Knock Off|p2a: Pincurchin\n|-damage|p2a: Pincurchin|162/258\n|-enditem|p2a: Pincurchin|Leftovers|[from] move: Knock Off|[of] p1a: Tyranitar\n|move|p2a: Pincurchin|Discharge|p1a: Tyranitar\n|-damage|p1a: Tyranitar|30/100\n|-status|p1a: Tyranitar|par\n|\n|-weather|Sandstorm|[upkeep]\n|-damage|p2a: Pincurchin|146/258|[from] Sandstorm\n|upkeep\n|turn|3\n|inactive|Time left: 300 sec this turn | 300 sec total\n|\n|t:|1783549488\n|switch|p1a: Torterra|Torterra, L78, M|100/100\n|move|p2a: Pincurchin|Discharge|p1a: Torterra\n|-immune|p1a: Torterra\n|\n|-weather|Sandstorm|[upkeep]\n|-damage|p2a: Pincurchin|130/258|[from] Sandstorm\n|upkeep\n|turn|4\n|inactive|Time left: 300 sec this turn | 300 sec total\n|\n|t:|1783549489\n|move|p1a: Torterra|Shell Smash|p1a: Torterra\n|-unboost|p1a: Torterra|def|1\n|-unboost|p1a: Torterra|spd|1\n|-boost|p1a: Torterra|atk|2\n|-boost|p1a: Torterra|spa|2\n|-boost|p1a: Torterra|spe|2\n|move|p2a: Pincurchin|Scald|p1a: Torterra\n|-damage|p1a: Torterra|52/100\n|-status|p1a: Torterra|brn\n|\n|-weather|Sandstorm|[upkeep]\n|-damage|p2a: Pincurchin|114/258|[from] Sandstorm\n|-damage|p1a: Torterra|46/100 brn|[from] brn\n|upkeep\n|turn|5\n|inactive|Time left: 300 sec this turn | 300 sec total\n|\n|t:|1783549490\n|move|p1a: Torterra|Headlong Rush|p2a: Pincurchin\n|-supereffective|p2a: Pincurchin\n|-damage|p2a: Pincurchin|0 fnt\n|-unboost|p1a: Torterra|def|1\n|-unboost|p1a: Torterra|spd|1\n|faint|p2a: Pincurchin\n|\n|-weather|none\n|-damage|p1a: Torterra|40/100 brn|[from] brn\n|-fieldend|move: Electric Terrain\n|upkeep\n|inactive|Time left: 300 sec this turn | 300 sec total | 5 sec grace\n|\n|t:|1783549491\n|switch|p2a: Abomasnow|Abomasnow, L84, M|287/287\n|-weather|Snowscape|[from] ability: Snow Warning|[of] p2a: Abomasnow\n|turn|6\n|inactive|Time left: 300 sec this turn | 300 sec total\n|\n|t:|1783549493\n|move|p1a: Torterra|Bullet Seed|p2a: Abomasnow\n|-resisted|p2a: Abomasnow\n|-damage|p2a: Abomasnow|277/287\n|-resisted|p2a: Abomasnow\n|-damage|p2a: Abomasnow|268/287\n|-resisted|p2a: Abomasnow\n|-damage|p2a: Abomasnow|258/287\n|-resisted|p2a: Abomasnow\n|-damage|p2a: Abomasnow|248/287\n|-hitcount|p2a: Abomasnow|4\n|move|p2a: Abomasnow|Aurora Veil|p2a: Abomasnow\n|-sidestart|p2: p0y891a6a3|move: Aurora Veil\n|\n|-weather|Snowscape|[upkeep]\n|-damage|p1a: Torterra|34/100 brn|[from] brn\n|upkeep\n|turn|7\n|inactive|Time left: 300 sec this turn | 300 sec total\n|\n|t:|1783549494\n|move|p1a: Torterra|Bullet Seed|p2a: Abomasnow\n|-resisted|p2a: Abomasnow\n|-damage|p2a: Abomasnow|242/287\n|-resisted|p2a: Abomasnow\n|-damage|p2a: Abomasnow|235/287\n|-resisted|p2a: Abomasnow\n|-damage|p2a: Abomasnow|228/287\n|-resisted|p2a: Abomasnow\n|-damage|p2a: Abomasnow|221/287\n|-resisted|p2a: Abomasnow\n|-damage|p2a: Abomasnow|215/287\n|-hitcount|p2a: Abomasnow|5\n|move|p2a: Abomasnow|Wood Hammer|p1a: Torterra\n|-damage|p1a: Torterra|0 fnt\n|faint|p1a: Torterra\n|-damage|p2a: Abomasnow|185/287|[from] Recoil\n|\n|-weather|Snowscape|[upkeep]\n|upkeep\n|\n|t:|1783549495\n|switch|p1a: Eiscue|Eiscue, L88, F|100/100\n|turn|8\n|inactive|Time left: 300 sec this turn | 300 sec total\n|\n|t:|1783549496\n|move|p2a: Abomasnow|Blizzard|p1a: Eiscue\n|-resisted|p1a: Eiscue\n|-damage|p1a: Eiscue|82/100\n|move|p1a: Eiscue|Belly Drum|p1a: Eiscue\n|-damage|p1a: Eiscue|32/100\n|-setboost|p1a: Eiscue|atk|6|[from] move: Belly Drum\n|-enditem|p1a: Eiscue|Sitrus Berry|[eat]\n|-heal|p1a: Eiscue|57/100|[from] item: Sitrus Berry\n|\n|-weather|Snowscape|[upkeep]\n|upkeep\n|turn|9\n|inactive|Time left: 300 sec this turn | 300 sec total\n|\n|t:|1783549497\n|move|p2a: Abomasnow|Ice Shard|p1a: Eiscue\n|-activate|p1a: Eiscue|ability: Ice Face\n|-damage|p1a: Eiscue|57/100\n|detailschange|p1a: Eiscue|Eiscue-Noice, L88, F\n|move|p1a: Eiscue|Ice Spinner|p2a: Abomasnow\n|-damage|p2a: Abomasnow|74/287\n|\n|-weather|Snowscape|[upkeep]\n|upkeep\n|turn|10\n|inactive|Time left: 300 sec this turn | 300 sec total\n|\n|t:|1783549498\n|switch|p2a: Mew|Mew, L82|298/298\n|move|p1a: Eiscue|Ice Spinner|p2a: Mew\n|-damage|p2a: Mew|153/298\n|\n|-weather|none\n|-heal|p2a: Mew|171/298|[from] item: Leftovers\n|upkeep\n|turn|11\n|inactive|Time left: 300 sec this turn | 300 sec total\n|\n|t:|1783549500\n|move|p1a: Eiscue|Ice Spinner|p2a: Mew\n|-damage|p2a: Mew|9/298\n|move|p2a: Mew|Psychic|p1a: Eiscue\n|-crit|p1a: Eiscue\n|-damage|p1a: Eiscue|0 fnt\n|faint|p1a: Eiscue\n|\n|-heal|p2a: Mew|27/298|[from] item: Leftovers\n|upkeep\n|\n|t:|1783549503\n|switch|p1a: Cinccino|Cinccino, L83, M|100/100\n|turn|12\n|inactive|Time left: 300 sec this turn | 300 sec total\n|\n|t:|1783549504\n|switch|p2a: Ho-Oh|Ho-Oh, L71|268/268\n|move|p1a: Cinccino|Bullet Seed|p2a: Ho-Oh\n|-resisted|p2a: Ho-Oh\n|-damage|p2a: Ho-Oh|265/268\n|-resisted|p2a: Ho-Oh\n|-damage|p2a: Ho-Oh|261/268\n|-resisted|p2a: Ho-Oh\n|-damage|p2a: Ho-Oh|258/268\n|-resisted|p2a: Ho-Oh\n|-damage|p2a: Ho-Oh|255/268\n|-resisted|p2a: Ho-Oh\n|-damage|p2a: Ho-Oh|252/268\n|-hitcount|p2a: Ho-Oh|5\n|\n|upkeep\n|turn|13\n|inactive|Time left: 300 sec this turn | 300 sec total\n|\n|t:|1783549504\n|switch|p1a: Tyranitar|Tyranitar, L78, F|30/100 par\n|-weather|Sandstorm|[from] ability: Sand Stream|[of] p1a: Tyranitar\n|move|p2a: Ho-Oh|Sacred Fire|p1a: Tyranitar\n|-resisted|p1a: Tyranitar\n|-damage|p1a: Tyranitar|16/100 par\n|\n|-weather|Sandstorm|[upkeep]\n|-damage|p2a: Ho-Oh|236/268|[from] Sandstorm\n|-sideend|p2: p0y891a6a3|move: Aurora Veil\n|upkeep\n|turn|14\n|inactive|Time left: 300 sec this turn | 300 sec total\n|\n|t:|1783549506\n|move|p2a: Ho-Oh|Brave Bird|p1a: Tyranitar\n|-resisted|p1a: Tyranitar\n|-damage|p1a: Tyranitar|0 fnt\n|faint|p1a: Tyranitar\n|-damage|p2a: Ho-Oh|221/268|[from] Recoil\n|\n|-weather|Sandstorm|[upkeep]\n|-damage|p2a: Ho-Oh|205/268|[from] Sandstorm\n|upkeep\n|\n|t:|1783549507\n|switch|p1a: Cinccino|Cinccino, L83, M|100/100\n|turn|15\n|inactive|Time left: 300 sec this turn | 300 sec total\n|\n|t:|1783549508\n|move|p1a: Cinccino|Tail Slap|p2a: Ho-Oh\n|-damage|p2a: Ho-Oh|159/268\n|-damage|p2a: Ho-Oh|116/268\n|-damage|p2a: Ho-Oh|73/268\n|-damage|p2a: Ho-Oh|31/268\n|-hitcount|p2a: Ho-Oh|4\n|move|p2a: Ho-Oh|Sacred Fire|p1a: Cinccino\n|-damage|p1a: Cinccino|53/100\n|\n|-weather|Sandstorm|[upkeep]\n|-damage|p1a: Cinccino|47/100|[from] Sandstorm\n|-damage|p2a: Ho-Oh|15/268|[from] Sandstorm\n|upkeep\n|turn|16\n|inactive|Time left: 300 sec this turn | 300 sec total\n|\n|t:|1783549509\n|switch|p2a: Wyrdeer|Wyrdeer, L87, F|321/321\n|-ability|p2a: Wyrdeer|Intimidate|boost\n|-unboost|p1a: Cinccino|atk|1\n|move|p1a: Cinccino|Tail Slap|p2a: Wyrdeer\n|-damage|p2a: Wyrdeer|293/321\n|-damage|p2a: Wyrdeer|263/321\n|-damage|p2a: Wyrdeer|232/321\n|-damage|p2a: Wyrdeer|204/321\n|-hitcount|p2a: Wyrdeer|4\n|\n|-weather|Sandstorm|[upkeep]\n|-damage|p1a: Cinccino|41/100|[from] Sandstorm\n|-damage|p2a: Wyrdeer|184/321|[from] Sandstorm\n|-heal|p2a: Wyrdeer|204/321|[from] item: Leftovers\n|upkeep\n|turn|17\n|inactive|Time left: 300 sec this turn | 300 sec total\n|\n|t:|1783549509\n|move|p1a: Cinccino|U-turn|p2a: Wyrdeer\n|-supereffective|p2a: Wyrdeer\n|-damage|p2a: Wyrdeer|126/321\n|\n|t:|1783549510\n|switch|p1a: Volbeat|Volbeat, L90, M|100/100|[from] U-turn\n|move|p2a: Wyrdeer|Body Slam|p1a: Volbeat\n|-damage|p1a: Volbeat|62/100\n|\n|-weather|none\n|-heal|p2a: Wyrdeer|146/321|[from] item: Leftovers\n|upkeep\n|turn|18\n|inactive|Time left: 300 sec this turn | 300 sec total\n|\n|t:|1783549511\n|switch|p2a: Ho-Oh|Ho-Oh, L71|104/268\n|move|p1a: Volbeat|Lunge|p2a: Ho-Oh\n|-resisted|p2a: Ho-Oh\n|-damage|p2a: Ho-Oh|83/268\n|-unboost|p2a: Ho-Oh|atk|1\n|\n|upkeep\n|turn|19\n|inactive|Time left: 300 sec this turn | 300 sec total\n|\n|t:|1783549512\n|switch|p2a: Wyrdeer|Wyrdeer, L87, F|146/321\n|-ability|p2a: Wyrdeer|Intimidate|boost\n|-unboost|p1a: Volbeat|atk|1\n|move|p1a: Volbeat|Lunge|p2a: Wyrdeer\n|-supereffective|p2a: Wyrdeer\n|-damage|p2a: Wyrdeer|18/321\n|-unboost|p2a: Wyrdeer|atk|1\n|\n|-heal|p2a: Wyrdeer|38/321|[from] item: Leftovers\n|upkeep\n|turn|20\n|inactive|Time left: 300 sec this turn | 300 sec total\n|\n|t:|1783549513\n|switch|p2a: Ho-Oh|Ho-Oh, L71|172/268\n|move|p1a: Volbeat|Lunge|p2a: Ho-Oh\n|-resisted|p2a: Ho-Oh\n|-damage|p2a: Ho-Oh|158/268\n|-unboost|p2a: Ho-Oh|atk|1\n|\n|upkeep\n|turn|21\n|inactive|Time left: 300 sec this turn | 300 sec total\n|\n|t:|1783549514\n|switch|p1a: Cinccino|Cinccino, L83, M|41/100\n|switch|p2a: Wyrdeer|Wyrdeer, L87, F|38/321\n|-ability|p2a: Wyrdeer|Intimidate|boost\n|-unboost|p1a: Cinccino|atk|1\n|\n|-heal|p2a: Wyrdeer|58/321|[from] item: Leftovers\n|upkeep\n|turn|22\n|inactive|Time left: 300 sec this turn | 300 sec total\n|\n|t:|1783549515\n|switch|p2a: Ho-Oh|Ho-Oh, L71|247/268\n|move|p1a: Cinccino|Tail Slap|p2a: Ho-Oh|[miss]\n|-miss|p1a: Cinccino|p2a: Ho-Oh\n|\n|upkeep\n|turn|23\n|inactive|Time left: 300 sec this turn | 300 sec total\n|\n|t:|1783549516\n|move|p1a: Cinccino|Tail Slap|p2a: Ho-Oh\n|-damage|p2a: Ho-Oh|217/268\n|-damage|p2a: Ho-Oh|189/268\n|-damage|p2a: Ho-Oh|161/268\n|-damage|p2a: Ho-Oh|133/268\n|-hitcount|p2a: Ho-Oh|4\n|move|p2a: Ho-Oh|Sacred Fire|p1a: Cinccino\n|-damage|p1a: Cinccino|0 fnt\n|faint|p1a: Cinccino\n|\n|upkeep\n|\n|t:|1783549517\n|switch|p1a: Munkidori|Munkidori, L79, M|100/100\n|turn|24\n|inactive|Time left: 300 sec this turn | 300 sec total\n|\n|t:|1783549518\n|switch|p2a: Wyrdeer|Wyrdeer, L87, F|58/321\n|-ability|p2a: Wyrdeer|Intimidate|boost\n|-unboost|p1a: Munkidori|atk|1\n|move|p1a: Munkidori|Fake Out|p2a: Wyrdeer\n|-damage|p2a: Wyrdeer|41/321\n|\n|-heal|p2a: Wyrdeer|61/321|[from] item: Leftovers\n|upkeep\n|turn|25\n|inactive|Time left: 300 sec this turn | 300 sec total\n|\n|t:|1783549519\n|switch|p2a: Ho-Oh|Ho-Oh, L71|222/268\n|move|p1a: Munkidori|Sludge Wave|p2a: Ho-Oh\n|-damage|p2a: Ho-Oh|138/268\n|\n|upkeep\n|turn|26\n|inactive|Time left: 300 sec this turn | 300 sec total\n|\n|t:|1783549520\n|-terastallize|p2a: Ho-Oh|Steel\n|move|p1a: Munkidori|Psychic Noise|p2a: Ho-Oh\n|-resisted|p2a: Ho-Oh\n|-damage|p2a: Ho-Oh|105/268\n|-start|p2a: Ho-Oh|move: Heal Block\n|move|p2a: Ho-Oh|Sacred Fire|p1a: Munkidori\n|-damage|p1a: Munkidori|52/100\n|\n|upkeep\n|turn|27\n|inactive|Time left: 300 sec this turn | 300 sec total\n|\n|t:|1783549522\n|move|p1a: Munkidori|Psychic Noise|p2a: Ho-Oh\n|-resisted|p2a: Ho-Oh\n|-damage|p2a: Ho-Oh|73/268\n|move|p2a: Ho-Oh|Sacred Fire|p1a: Munkidori\n|-damage|p1a: Munkidori|2/100\n|-status|p1a: Munkidori|brn\n|\n|-damage|p1a: Munkidori|0 fnt|[from] brn\n|faint|p1a: Munkidori\n|-end|p2a: Ho-Oh|move: Heal Block\n|upkeep\n|\n|t:|1783549523\n|switch|p1a: Volbeat|Volbeat, L90, M|62/100\n|turn|28\n|inactive|Time left: 300 sec this turn | 300 sec total\n|\n|t:|1783549524\n|move|p1a: Volbeat|Lunge|p2a: Ho-Oh\n|-resisted|p2a: Ho-Oh\n|-damage|p2a: Ho-Oh|26/268\n|-unboost|p2a: Ho-Oh|atk|1\n|move|p2a: Ho-Oh|Sacred Fire|p1a: Volbeat\n|-supereffective|p1a: Volbeat\n|-damage|p1a: Volbeat|14/100\n|\n|upkeep\n|turn|29\n|inactive|Time left: 300 sec this turn | 300 sec total\n|\n|t:|1783549525\n|switch|p2a: Kilowattrel|Kilowattrel, L83, F|252/252\n|move|p1a: Volbeat|Lunge|p2a: Kilowattrel\n|-resisted|p2a: Kilowattrel\n|-damage|p2a: Kilowattrel|201/252\n|-unboost|p2a: Kilowattrel|atk|1\n|\n|upkeep\n|turn|30\n|inactive|Time left: 300 sec this turn | 300 sec total\n|\n|t:|1783549526\n|-terastallize|p1a: Volbeat|Steel\n|move|p1a: Volbeat|Roost|p1a: Volbeat\n|-heal|p1a: Volbeat|64/100\n|move|p2a: Kilowattrel|Thunderbolt|p1a: Volbeat\n|-damage|p1a: Volbeat|26/100\n|\n|upkeep\n|turn|31\n|inactive|Time left: 300 sec this turn | 300 sec total\n|\n|t:|1783549527\n|switch|p2a: Ho-Oh|Ho-Oh, L71, tera:Steel|115/268\n|move|p1a: Volbeat|Roost|p1a: Volbeat\n|-heal|p1a: Volbeat|77/100\n|\n|upkeep\n|turn|32\n|inactive|Time left: 300 sec this turn | 300 sec total\n|\n|t:|1783549528\n|move|p1a: Volbeat|Lunge|p2a: Ho-Oh\n|-resisted|p2a: Ho-Oh\n|-damage|p2a: Ho-Oh|69/268\n|-unboost|p2a: Ho-Oh|atk|1\n|move|p2a: Ho-Oh|Sacred Fire|p1a: Volbeat\n|-supereffective|p1a: Volbeat\n|-damage|p1a: Volbeat|26/100\n|\n|upkeep\n|turn|33\n|inactive|Time left: 300 sec this turn | 300 sec total\n|\n|t:|1783549529\n|move|p1a: Volbeat|Roost|p1a: Volbeat\n|-heal|p1a: Volbeat|76/100\n|move|p2a: Ho-Oh|Sacred Fire|p1a: Volbeat\n|-supereffective|p1a: Volbeat\n|-crit|p1a: Volbeat\n|-damage|p1a: Volbeat|0 fnt\n|faint|p1a: Volbeat\n|\n|win|p0y891a6a3", "uploadtime": 1783549529, "views": 0, "rating": 0, "private": 0, "password": null, "_winner": "p0y891a6a3", "_our_name": "p0y891a6a3"}