{"id": "battle-gen9randombattle-55", "formatid": "gen9randombattle", "format": "[Gen 9] Random Battle", "players": ["p0x055fc81", "p0y055fb74"], "log": "|init|battle\n|title|p0x055fc81 vs. p0y055fb74\n|j|\u2606p0x055fc81\n|j|\u2606p0y055fb74\n|t:|1783534403\n|gametype|singles\n|player|p1|p0x055fc81|169|\n|player|p2|p0y055fb74|169|\n|gen|9\n|tier|[Gen 9] Random Battle\n|rule|Species Clause: Limit one of each Pok\u00e9mon\n|rule|HP Percentage Mod: HP is shown in percentages\n|rule|Sleep Clause Mod: Limit one foe put to sleep\n|rule|Illusion Level Mod: Illusion disguises the Pok\u00e9mon's true level\n|\n|t:|1783534403\n|teamsize|p1|6\n|teamsize|p2|6\n|start\n|switch|p1a: Wyrdeer|Wyrdeer, L87, F|100/100\n|switch|p2a: Sudowoodo|Sudowoodo, L94, M|284/284\n|-ability|p1a: Wyrdeer|Intimidate|boost\n|-unboost|p2a: Sudowoodo|atk|1\n|turn|1\n|inactive|Battle timer is ON: inactive players will automatically lose when time's up. (requested by p0x055fc81)\n|inactive|Time left: 300 sec this turn | 300 sec total | 60 sec grace\n|inactive|p0y055fb74 also wants the timer to be on.\n|\n|t:|1783534405\n|move|p1a: Wyrdeer|Megahorn|p2a: Sudowoodo\n|-damage|p2a: Sudowoodo|209/284\n|move|p2a: Sudowoodo|Stealth Rock|p1a: Wyrdeer\n|-sidestart|p1: p0x055fc81|move: Stealth Rock\n|\n|-heal|p2a: Sudowoodo|226/284|[from] item: Leftovers\n|upkeep\n|turn|2\n|inactive|Time left: 300 sec this turn | 300 sec total\n|\n|t:|1783534406\n|switch|p2a: Araquanid|Araquanid, L82, F|246/246\n|move|p1a: Wyrdeer|Psychic Noise|p2a: Araquanid\n|-damage|p2a: Araquanid|176/246\n|-start|p2a: Araquanid|move: Heal Block\n|\n|upkeep\n|turn|3\n|inactive|Time left: 300 sec this turn | 300 sec total\n|\n|t:|1783534407\n|move|p1a: Wyrdeer|Thunder Wave|p2a: Araquanid\n|-status|p2a: Araquanid|par\n|cant|p2a: Araquanid|par\n|\n|-end|p2a: Araquanid|move: Heal Block\n|upkeep\n|turn|4\n|inactive|Time left: 300 sec this turn | 300 sec total\n|\n|t:|1783534409\n|move|p1a: Wyrdeer|Megahorn|p2a: Araquanid|[miss]\n|-miss|p1a: Wyrdeer|p2a: Araquanid\n|move|p2a: Araquanid|Sticky Web|p1a: Wyrdeer\n|-sidestart|p1: p0x055fc81|move: Sticky Web\n|\n|upkeep\n|turn|5\n|inactive|Time left: 300 sec this turn | 300 sec total\n|\n|t:|1783534410\n|move|p1a: Wyrdeer|Psychic Noise|p2a: Araquanid\n|-damage|p2a: Araquanid|106/246 par\n|-start|p2a: Araquanid|move: Heal Block\n|move|p2a: Araquanid|Liquidation|p1a: Wyrdeer\n|-damage|p1a: Wyrdeer|53/100\n|\n|-heal|p1a: Wyrdeer|59/100|[from] item: Leftovers\n|upkeep\n|turn|6\n|inactive|Time left: 300 sec this turn | 300 sec total\n|\n|t:|1783534411\n|move|p1a: Wyrdeer|Megahorn|p2a: Araquanid\n|-crit|p2a: Araquanid\n|-damage|p2a: Araquanid|0 fnt\n|faint|p2a: Araquanid\n|\n|-heal|p1a: Wyrdeer|65/100|[from] item: Leftovers\n|upkeep\n|inactive|Time left: 300 sec this turn | 300 sec total | 5 sec grace\n|\n|t:|1783534412\n|switch|p2a: Urshifu|Urshifu, L74, M|270/270\n|turn|7\n|inactive|Time left: 300 sec this turn | 300 sec total\n|\n|t:|1783534413\n|switch|p1a: Gurdurr|Gurdurr, L85, F|100/100\n|-damage|p1a: Gurdurr|94/100|[from] Stealth Rock\n|-activate|p1a: Gurdurr|move: Sticky Web\n|-unboost|p1a: Gurdurr|spe|1\n|move|p2a: Urshifu|Wicked Blow|p1a: Gurdurr\n|-resisted|p1a: Gurdurr\n|-crit|p1a: Gurdurr\n|-damage|p1a: Gurdurr|75/100\n|\n|upkeep\n|turn|8\n|inactive|Time left: 300 sec this turn | 300 sec total\n|\n|t:|1783534414\n|move|p2a: Urshifu|Wicked Blow|p1a: Gurdurr\n|-resisted|p1a: Gurdurr\n|-crit|p1a: Gurdurr\n|-damage|p1a: Gurdurr|54/100\n|move|p1a: Gurdurr|Defog|p2a: Urshifu\n|-unboost|p2a: Urshifu|evasion|1\n|-sideend|p1: p0x055fc81|Stealth Rock|[from] move: Defog|[of] p1a: Gurdurr\n|-sideend|p1: p0x055fc81|Sticky Web|[from] move: Defog|[of] p1a: Gurdurr\n|\n|upkeep\n|turn|9\n|inactive|Time left: 300 sec this turn | 300 sec total\n|\n|t:|1783534415\n|switch|p2a: Clefable|Clefable, L83, M|293/293\n|move|p1a: Gurdurr|Drain Punch|p2a: Clefable\n|-resisted|p2a: Clefable\n|-damage|p2a: Clefable|239/293\n|-heal|p1a: Gurdurr|63/100|[from] drain|[of] p2a: Clefable\n|\n|-heal|p2a: Clefable|257/293|[from] item: Leftovers\n|upkeep\n|turn|10\n|inactive|Time left: 300 sec this turn | 300 sec total\n|\n|t:|1783534416\n|switch|p1a: Gyarados|Gyarados, L79, M|100/100\n|-ability|p1a: Gyarados|Intimidate|boost\n|-unboost|p2a: Clefable|atk|1\n|move|p2a: Clefable|Calm Mind|p2a: Clefable\n|-boost|p2a: Clefable|spa|1\n|-boost|p2a: Clefable|spd|1\n|\n|-heal|p2a: Clefable|275/293|[from] item: Leftovers\n|upkeep\n|turn|11\n|inactive|Time left: 300 sec this turn | 300 sec total\n|\n|t:|1783534417\n|move|p1a: Gyarados|Dragon Dance|p1a: Gyarados\n|-boost|p1a: Gyarados|atk|1\n|-boost|p1a: Gyarados|spe|1\n|move|p2a: Clefable|Moonblast|p1a: Gyarados\n|-damage|p1a: Gyarados|47/100\n|-unboost|p1a: Gyarados|spa|1\n|\n|-heal|p2a: Clefable|293/293|[from] item: Leftovers\n|upkeep\n|turn|12\n|inactive|Time left: 300 sec this turn | 300 sec total\n|\n|t:|1783534418\n|move|p1a: Gyarados|Waterfall|p2a: Clefable\n|-damage|p2a: Clefable|188/293\n|move|p2a: Clefable|Moonblast|p1a: Gyarados\n|-damage|p1a: Gyarados|0 fnt\n|faint|p1a: Gyarados\n|\n|-heal|p2a: Clefable|206/293|[from] item: Leftovers\n|upkeep\n|\n|t:|1783534419\n|switch|p1a: Krookodile|Krookodile, L79, F|100/100\n|-ability|p1a: Krookodile|Intimidate|boost\n|-unboost|p2a: Clefable|atk|1\n|turn|13\n|inactive|Time left: 300 sec this turn | 300 sec total\n|\n|t:|1783534420\n|-terastallize|p1a: Krookodile|Ground\n|move|p1a: Krookodile|Earthquake|p2a: Clefable\n|-damage|p2a: Clefable|0 fnt\n|faint|p2a: Clefable\n|\n|upkeep\n|inactive|Time left: 300 sec this turn | 300 sec total | 5 sec grace\n|\n|t:|1783534421\n|switch|p2a: Corviknight|Corviknight, L80, M|288/288\n|turn|14\n|inactive|Time left: 300 sec this turn | 300 sec total\n|\n|t:|1783534422\n|move|p1a: Krookodile|Earthquake|p2a: Corviknight\n|-immune|p2a: Corviknight\n|move|p2a: Corviknight|Brave Bird|p1a: Krookodile\n|-damage|p1a: Krookodile|55/100\n|-damage|p2a: Corviknight|246/288|[from] Recoil\n|\n|-heal|p2a: Corviknight|264/288|[from] item: Leftovers\n|upkeep\n|turn|15\n|inactive|Time left: 300 sec this turn | 300 sec total\n|\n|t:|1783534423\n|move|p1a: Krookodile|Earthquake|p2a: Corviknight\n|-immune|p2a: Corviknight\n|move|p2a: Corviknight|Brave Bird|p1a: Krookodile\n|-damage|p1a: Krookodile|14/100\n|-damage|p2a: Corviknight|226/288|[from] Recoil\n|\n|-heal|p2a: Corviknight|244/288|[from] item: Leftovers\n|upkeep\n|turn|16\n|inactive|Time left: 300 sec this turn | 300 sec total\n|\n|t:|1783534424\n|switch|p1a: Wyrdeer|Wyrdeer, L87, F|65/100\n|-ability|p1a: Wyrdeer|Intimidate|boost\n|-ability|p2a: Corviknight|Mirror Armor\n|-unboost|p1a: Wyrdeer|atk|1\n|move|p2a: Corviknight|Brave Bird|p1a: Wyrdeer\n|-damage|p1a: Wyrdeer|30/100\n|-damage|p2a: Corviknight|206/288|[from] Recoil\n|\n|-heal|p1a: Wyrdeer|36/100|[from] item: Leftovers\n|-heal|p2a: Corviknight|224/288|[from] item: Leftovers\n|upkeep\n|turn|17\n|inactive|Time left: 300 sec this turn | 300 sec total\n|\n|t:|1783534425\n|switch|p1a: Jirachi|Jirachi, L80|100/100\n|move|p2a: Corviknight|U-turn|p1a: Jirachi\n|-crit|p1a: Jirachi\n|-damage|p1a: Jirachi|79/100\n|inactive|Time left: 300 sec this turn | 300 sec total | 5 sec grace\n|\n|t:|1783534426\n|switch|p2a: Urshifu|Urshifu, L74, M|270/270|[from] U-turn\n|\n|-heal|p1a: Jirachi|85/100|[from] item: Leftovers\n|upkeep\n|turn|18\n|inactive|Time left: 300 sec this turn | 300 sec total\n|\n|t:|1783534427\n|switch|p1a: Gurdurr|Gurdurr, L85, F|63/100\n|move|p2a: Urshifu|Wicked Blow|p1a: Gurdurr\n|-resisted|p1a: Gurdurr\n|-crit|p1a: Gurdurr\n|-damage|p1a: Gurdurr|42/100\n|\n|upkeep\n|turn|19\n|inactive|Time left: 300 sec this turn | 300 sec total\n|\n|t:|1783534428\n|switch|p2a: Sylveon|Sylveon, L85, F|300/300\n|move|p1a: Gurdurr|Drain Punch|p2a: Sylveon\n|-resisted|p2a: Sylveon\n|-damage|p2a: Sylveon|249/300\n|-heal|p1a: Gurdurr|51/100|[from] drain|[of] p2a: Sylveon\n|\n|-heal|p2a: Sylveon|267/300|[from] item: Leftovers\n|upkeep\n|turn|20\n|inactive|Time left: 300 sec this turn | 300 sec total\n|\n|t:|1783534428\n|switch|p1a: Jirachi|Jirachi, L80|85/100\n|move|p2a: Sylveon|Hyper Voice|p1a: Jirachi\n|-resisted|p1a: Jirachi\n|-crit|p1a: Jirachi\n|-damage|p1a: Jirachi|55/100\n|\n|-heal|p1a: Jirachi|61/100|[from] item: Leftovers\n|-heal|p2a: Sylveon|285/300|[from] item: Leftovers\n|upkeep\n|turn|21\n|inactive|Time left: 300 sec this turn | 300 sec total\n|\n|t:|1783534429\n|switch|p2a: Urshifu|Urshifu, L74, M|270/270\n|move|p1a: Jirachi|Stealth Rock|p2a: Urshifu\n|-sidestart|p2: p0y055fb74|move: Stealth Rock\n|\n|-heal|p1a: Jirachi|68/100|[from] item: Leftovers\n|upkeep\n|turn|22\n|inactive|Time left: 300 sec this turn | 300 sec total\n|\n|t:|1783534430\n|switch|p1a: Gurdurr|Gurdurr, L85, F|51/100\n|move|p2a: Urshifu|Wicked Blow|p1a: Gurdurr\n|-resisted|p1a: Gurdurr\n|-crit|p1a: Gurdurr\n|-damage|p1a: Gurdurr|28/100\n|\n|upkeep\n|turn|23\n|inactive|Time left: 300 sec this turn | 300 sec total\n|\n|t:|1783534431\n|switch|p2a: Sylveon|Sylveon, L85, F|285/300\n|-damage|p2a: Sylveon|248/300|[from] Stealth Rock\n|move|p1a: Gurdurr|Drain Punch|p2a: Sylveon\n|-resisted|p2a: Sylveon\n|-damage|p2a: Sylveon|192/300\n|-heal|p1a: Gurdurr|38/100|[from] drain|[of] p2a: Sylveon\n|\n|-heal|p2a: Sylveon|210/300|[from] item: Leftovers\n|upkeep\n|turn|24\n|inactive|Time left: 300 sec this turn | 300 sec total\n|\n|t:|1783534432\n|switch|p1a: Krookodile|Krookodile, L79, F, tera:Ground|14/100\n|-ability|p1a: Krookodile|Intimidate|boost\n|-unboost|p2a: Sylveon|atk|1\n|move|p2a: Sylveon|Hyper Voice|p1a: Krookodile\n|-damage|p1a: Krookodile|0 fnt\n|faint|p1a: Krookodile\n|\n|-heal|p2a: Sylveon|228/300|[from] item: Leftovers\n|upkeep\n|\n|t:|1783534433\n|switch|p1a: Beartic|Beartic, L91, M|100/100\n|turn|25\n|inactive|Time left: 300 sec this turn | 300 sec total\n|\n|t:|1783534434\n|move|p2a: Sylveon|Hyper Voice|p1a: Beartic\n|-damage|p1a: Beartic|61/100\n|move|p1a: Beartic|Swords Dance|p1a: Beartic\n|-boost|p1a: Beartic|atk|2\n|\n|-heal|p2a: Sylveon|246/300|[from] item: Leftovers\n|upkeep\n|turn|26\n|inactive|Time left: 300 sec this turn | 300 sec total\n|\n|t:|1783534435\n|move|p2a: Sylveon|Hyper Voice|p1a: Beartic\n|-damage|p1a: Beartic|17/100\n|move|p1a: Beartic|Earthquake|p2a: Sylveon\n|-damage|p2a: Sylveon|6/300\n|\n|-heal|p2a: Sylveon|24/300|[from] item: Leftovers\n|upkeep\n|turn|27\n|inactive|Time left: 300 sec this turn | 300 sec total\n|\n|t:|1783534436\n|switch|p1a: Jirachi|Jirachi, L80|68/100\n|move|p2a: Sylveon|Hyper Voice|p1a: Jirachi\n|-resisted|p1a: Jirachi\n|-damage|p1a: Jirachi|44/100\n|\n|-heal|p1a: Jirachi|50/100|[from] item: Leftovers\n|-heal|p2a: Sylveon|42/300|[from] item: Leftovers\n|upkeep\n|turn|28\n|inactive|Time left: 300 sec this turn | 300 sec total\n|\n|t:|1783534437\n|move|p2a: Sylveon|Protect|p2a: Sylveon\n|-singleturn|p2a: Sylveon|Protect\n|move|p1a: Jirachi|Iron Head|p2a: Sylveon\n|-activate|p2a: Sylveon|move: Protect\n|\n|-heal|p1a: Jirachi|57/100|[from] item: Leftovers\n|-heal|p2a: Sylveon|60/300|[from] item: Leftovers\n|upkeep\n|turn|29\n|inactive|Time left: 300 sec this turn | 300 sec total\n|\n|t:|1783534438\n|switch|p2a: Corviknight|Corviknight, L80, M|224/288\n|-damage|p2a: Corviknight|188/288|[from] Stealth Rock\n|move|p1a: Jirachi|Iron Head|p2a: Corviknight\n|-resisted|p2a: Corviknight\n|-damage|p2a: Corviknight|153/288\n|\n|-heal|p1a: Jirachi|63/100|[from] item: Leftovers\n|-heal|p2a: Corviknight|171/288|[from] item: Leftovers\n|upkeep\n|turn|30\n|inactive|Time left: 300 sec this turn | 300 sec total\n|\n|t:|1783534439\n|move|p1a: Jirachi|Iron Head|p2a: Corviknight\n|-resisted|p2a: Corviknight\n|-damage|p2a: Corviknight|137/288\n|move|p2a: Corviknight|Defog|p1a: Jirachi\n|-unboost|p1a: Jirachi|evasion|1\n|-sideend|p2: p0y055fb74|Stealth Rock|[from] move: Defog|[of] p2a: Corviknight\n|\n|-heal|p1a: Jirachi|69/100|[from] item: Leftovers\n|-heal|p2a: Corviknight|155/288|[from] item: Leftovers\n|upkeep\n|turn|31\n|inactive|Time left: 300 sec this turn | 300 sec total\n|\n|t:|1783534440\n|move|p1a: Jirachi|Stealth Rock|p2a: Corviknight\n|-sidestart|p2: p0y055fb74|move: Stealth Rock\n|move|p2a: Corviknight|Roost|p2a: Corviknight\n|-heal|p2a: Corviknight|288/288\n|-singleturn|p2a: Corviknight|move: Roost\n|\n|-heal|p1a: Jirachi|75/100|[from] item: Leftovers\n|upkeep\n|turn|32\n|inactive|Time left: 300 sec this turn | 300 sec total\n|\n|t:|1783534441\n|move|p1a: Jirachi|Body Slam|p2a: Corviknight\n|-resisted|p2a: Corviknight\n|-damage|p2a: Corviknight|260/288\n|move|p2a: Corviknight|Defog|p1a: Jirachi\n|-unboost|p1a: Jirachi|evasion|1\n|-sideend|p2: p0y055fb74|Stealth Rock|[from] move: Defog|[of] p2a: Corviknight\n|\n|-heal|p1a: Jirachi|81/100|[from] item: Leftovers\n|-heal|p2a: Corviknight|278/288|[from] item: Leftovers\n|upkeep\n|turn|33\n|inactive|Time left: 300 sec this turn | 300 sec total\n|\n|t:|1783534442\n|move|p1a: Jirachi|Stealth Rock|p2a: Corviknight\n|-sidestart|p2: p0y055fb74|move: Stealth Rock\n|move|p2a: Corviknight|U-turn|p1a: Jirachi\n|-crit|p1a: Jirachi\n|-damage|p1a: Jirachi|62/100\n|inactive|Time left: 300 sec this turn | 300 sec total | 5 sec grace\n|\n|t:|1783534443\n|switch|p2a: Urshifu|Urshifu, L74, M|270/270|[from] U-turn\n|-damage|p2a: Urshifu|254/270|[from] Stealth Rock\n|\n|-heal|p1a: Jirachi|68/100|[from] item: Leftovers\n|upkeep\n|turn|34\n|inactive|Time left: 300 sec this turn | 300 sec total\n|\n|t:|1783534444\n|move|p1a: Jirachi|Iron Head|p2a: Urshifu\n|-damage|p2a: Urshifu|176/270\n|cant|p2a: Urshifu|flinch\n|\n|-heal|p1a: Jirachi|74/100|[from] item: Leftovers\n|upkeep\n|turn|35\n|inactive|Time left: 300 sec this turn | 300 sec total\n|\n|t:|1783534445\n|move|p1a: Jirachi|Iron Head|p2a: Urshifu\n|-damage|p2a: Urshifu|100/270\n|move|p2a: Urshifu|Wicked Blow|p1a: Jirachi\n|-supereffective|p1a: Jirachi\n|-crit|p1a: Jirachi\n|-damage|p1a: Jirachi|0 fnt\n|faint|p1a: Jirachi\n|\n|upkeep\n|\n|t:|1783534445\n|switch|p1a: Gurdurr|Gurdurr, L85, F|38/100\n|turn|36\n|inactive|Time left: 300 sec this turn | 300 sec total\n|\n|t:|1783534446\n|switch|p2a: Corviknight|Corviknight, L80, M|278/288\n|-damage|p2a: Corviknight|242/288|[from] Stealth Rock\n|move|p1a: Gurdurr|Drain Punch|p2a: Corviknight\n|-damage|p2a: Corviknight|158/288\n|-heal|p1a: Gurdurr|53/100|[from] drain|[of] p2a: Corviknight\n|\n|-heal|p2a: Corviknight|176/288|[from] item: Leftovers\n|upkeep\n|turn|37\n|inactive|Time left: 300 sec this turn | 300 sec total\n|\n|t:|1783534447\n|move|p2a: Corviknight|Brave Bird|p1a: Gurdurr\n|-supereffective|p1a: Gurdurr\n|-damage|p1a: Gurdurr|2/100\n|-damage|p2a: Corviknight|128/288|[from] Recoil\n|move|p1a: Gurdurr|Drain Punch|p2a: Corviknight\n|-damage|p2a: Corviknight|53/288\n|-heal|p1a: Gurdurr|15/100|[from] drain|[of] p2a: Corviknight\n|\n|-heal|p2a: Corviknight|71/288|[from] item: Leftovers\n|upkeep\n|turn|38\n|inactive|Time left: 300 sec this turn | 300 sec total\n|\n|t:|1783534449\n|move|p2a: Corviknight|Brave Bird|p1a: Gurdurr\n|-supereffective|p1a: Gurdurr\n|-damage|p1a: Gurdurr|0 fnt\n|faint|p1a: Gurdurr\n|-damage|p2a: Corviknight|57/288|[from] Recoil\n|\n|-heal|p2a: Corviknight|75/288|[from] item: Leftovers\n|upkeep\n|\n|t:|1783534449\n|switch|p1a: Wyrdeer|Wyrdeer, L87, F|36/100\n|-ability|p1a: Wyrdeer|Intimidate|boost\n|-ability|p2a: Corviknight|Mirror Armor\n|-unboost|p1a: Wyrdeer|atk|1\n|turn|39\n|inactive|Time left: 300 sec this turn | 300 sec total\n|\n|t:|1783534451\n|move|p1a: Wyrdeer|Thunder Wave|p2a: Corviknight\n|-status|p2a: Corviknight|par\n|move|p2a: Corviknight|Brave Bird|p1a: Wyrdeer\n|-damage|p1a: Wyrdeer|1/100\n|-damage|p2a: Corviknight|38/288 par|[from] Recoil\n|\n|-heal|p1a: Wyrdeer|8/100|[from] item: Leftovers\n|-heal|p2a: Corviknight|56/288 par|[from] item: Leftovers\n|upkeep\n|turn|40\n|inactive|Time left: 300 sec this turn | 300 sec total\n|\n|t:|1783534452\n|switch|p1a: Beartic|Beartic, L91, M|17/100\n|move|p2a: Corviknight|U-turn|p1a: Beartic\n|-damage|p1a: Beartic|4/100\n|inactive|Time left: 300 sec this turn | 300 sec total | 5 sec grace\n|\n|t:|1783534452\n|switch|p2a: Urshifu|Urshifu, L74, M|100/270|[from] U-turn\n|-damage|p2a: Urshifu|84/270|[from] Stealth Rock\n|\n|upkeep\n|turn|41\n|inactive|Time left: 300 sec this turn | 300 sec total\n|\n|t:|1783534453\n|switch|p1a: Wyrdeer|Wyrdeer, L87, F|8/100\n|-ability|p1a: Wyrdeer|Intimidate|boost\n|-unboost|p2a: Urshifu|atk|1\n|move|p2a: Urshifu|Poison Jab|p1a: Wyrdeer\n|-damage|p1a: Wyrdeer|0 fnt\n|faint|p1a: Wyrdeer\n|\n|upkeep\n|\n|t:|1783534454\n|switch|p1a: Beartic|Beartic, L91, M|4/100\n|turn|42\n|inactive|Time left: 300 sec this turn | 300 sec total\n|\n|t:|1783534455\n|move|p2a: Urshifu|Poison Jab|p1a: Beartic\n|-damage|p1a: Beartic|0 fnt\n|faint|p1a: Beartic\n|\n|win|p0y055fb74", "uploadtime": 1783534455, "views": 0, "rating": 0, "private": 0, "password": null, "_winner": "p0y055fb74", "_our_name": "p0y055fb74"}