{"id": "battle-gen9randombattle-2426", "formatid": "gen9randombattle", "format": "[Gen 9] Random Battle", "players": ["p0x24265026", "p0y2426d14a"], "log": "|init|battle\n|title|p0x24265026 vs. p0y2426d14a\n|j|\u2606p0x24265026\n|j|\u2606p0y2426d14a\n|t:|1783568155\n|gametype|singles\n|player|p1|p0x24265026|265|\n|player|p2|p0y2426d14a|102|\n|gen|9\n|tier|[Gen 9] Random Battle\n|rule|Species Clause: Limit one of each Pok\u00e9mon\n|rule|HP Percentage Mod: HP is shown in percentages\n|rule|Sleep Clause Mod: Limit one foe put to sleep\n|rule|Illusion Level Mod: Illusion disguises the Pok\u00e9mon's true level\n|\n|t:|1783568155\n|teamsize|p1|6\n|teamsize|p2|6\n|start\n|switch|p1a: Vespiquen|Vespiquen, L99, F|100/100\n|switch|p2a: Alcremie|Alcremie-Ruby-Cream, L90, F|263/263\n|-ability|p1a: Vespiquen|Pressure\n|turn|1\n|inactive|Battle timer is ON: inactive players will automatically lose when time's up. (requested by p0x24265026)\n|inactive|Time left: 300 sec this turn | 300 sec total | 60 sec grace\n|inactive|p0y2426d14a also wants the timer to be on.\n|\n|t:|1783568157\n|move|p2a: Alcremie|Calm Mind|p2a: Alcremie\n|-boost|p2a: Alcremie|spa|1\n|-boost|p2a: Alcremie|spd|1\n|move|p1a: Vespiquen|Toxic Spikes|p2a: Alcremie\n|-sidestart|p2: p0y2426d14a|move: Toxic Spikes\n|\n|upkeep\n|turn|2\n|inactive|Time left: 300 sec this turn | 300 sec total\n|\n|t:|1783568157\n|move|p2a: Alcremie|Calm Mind|p2a: Alcremie\n|-boost|p2a: Alcremie|spa|1\n|-boost|p2a: Alcremie|spd|1\n|move|p1a: Vespiquen|Spikes|p2a: Alcremie\n|-sidestart|p2: p0y2426d14a|Spikes\n|\n|upkeep\n|turn|3\n|inactive|Time left: 300 sec this turn | 300 sec total\n|\n|t:|1783568158\n|move|p2a: Alcremie|Alluring Voice|p1a: Vespiquen\n|-damage|p1a: Vespiquen|50/100\n|move|p1a: Vespiquen|Roost|p1a: Vespiquen\n|-heal|p1a: Vespiquen|99/100\n|-singleturn|p1a: Vespiquen|move: Roost\n|\n|upkeep\n|turn|4\n|inactive|Time left: 300 sec this turn | 300 sec total\n|\n|t:|1783568159\n|move|p2a: Alcremie|Alluring Voice|p1a: Vespiquen\n|-damage|p1a: Vespiquen|47/100\n|move|p1a: Vespiquen|Spikes|p2a: Alcremie\n|-sidestart|p2: p0y2426d14a|Spikes\n|\n|upkeep\n|turn|5\n|inactive|Time left: 300 sec this turn | 300 sec total\n|\n|t:|1783568160\n|-terastallize|p1a: Vespiquen|Steel\n|move|p2a: Alcremie|Alluring Voice|p1a: Vespiquen\n|-resisted|p1a: Vespiquen\n|-damage|p1a: Vespiquen|19/100\n|move|p1a: Vespiquen|Roost|p1a: Vespiquen\n|-heal|p1a: Vespiquen|69/100\n|\n|upkeep\n|turn|6\n|inactive|Time left: 300 sec this turn | 300 sec total\n|\n|t:|1783568161\n|-terastallize|p2a: Alcremie|Ground\n|move|p2a: Alcremie|Tera Blast|p1a: Vespiquen|[anim] Tera Blast Ground\n|-supereffective|p1a: Vespiquen\n|-damage|p1a: Vespiquen|0 fnt\n|faint|p1a: Vespiquen\n|\n|upkeep\n|\n|t:|1783568162\n|switch|p1a: Basculegion|Basculegion-F, L83, F|100/100\n|turn|7\n|inactive|Time left: 300 sec this turn | 300 sec total\n|\n|t:|1783568163\n|move|p1a: Basculegion|Wave Crash|p2a: Alcremie\n|-supereffective|p2a: Alcremie\n|-damage|p2a: Alcremie|0 fnt\n|faint|p2a: Alcremie\n|-damage|p1a: Basculegion|75/100|[from] Recoil\n|\n|upkeep\n|inactive|Time left: 300 sec this turn | 300 sec total | 5 sec grace\n|\n|t:|1783568164\n|switch|p2a: Noivern|Noivern, L82, F|274/274\n|turn|8\n|inactive|Time left: 300 sec this turn | 300 sec total\n|\n|t:|1783568165\n|move|p2a: Noivern|Defog|p1a: Basculegion\n|-unboost|p1a: Basculegion|evasion|1\n|-sideend|p2: p0y2426d14a|Spikes|[from] move: Defog|[of] p2a: Noivern\n|-sideend|p2: p0y2426d14a|Toxic Spikes|[from] move: Defog|[of] p2a: Noivern\n|move|p1a: Basculegion|Shadow Ball|p2a: Noivern\n|-damage|p2a: Noivern|156/274\n|\n|upkeep\n|turn|9\n|inactive|Time left: 300 sec this turn | 300 sec total\n|\n|t:|1783568166\n|switch|p2a: Sawsbuck|Sawsbuck-Autumn, L88, M|284/284\n|move|p1a: Basculegion|Shadow Ball|p2a: Sawsbuck\n|-immune|p2a: Sawsbuck\n|\n|upkeep\n|turn|10\n|inactive|Time left: 300 sec this turn | 300 sec total\n|\n|t:|1783568167\n|switch|p1a: Corviknight|Corviknight, L80, F|100/100\n|move|p2a: Sawsbuck|Swords Dance|p2a: Sawsbuck\n|-boost|p2a: Sawsbuck|atk|2\n|\n|upkeep\n|turn|11\n|inactive|Time left: 300 sec this turn | 300 sec total\n|\n|t:|1783568168\n|move|p2a: Sawsbuck|Headbutt|p1a: Corviknight\n|-resisted|p1a: Corviknight\n|-damage|p1a: Corviknight|66/100\n|-damage|p2a: Sawsbuck|256/284|[from] item: Life Orb\n|cant|p1a: Corviknight|flinch\n|\n|-heal|p1a: Corviknight|72/100|[from] item: Leftovers\n|upkeep\n|turn|12\n|inactive|Time left: 300 sec this turn | 300 sec total\n|\n|t:|1783568169\n|move|p2a: Sawsbuck|Headbutt|p1a: Corviknight\n|-resisted|p1a: Corviknight\n|-damage|p1a: Corviknight|39/100\n|-damage|p2a: Sawsbuck|228/284|[from] item: Life Orb\n|cant|p1a: Corviknight|flinch\n|\n|-heal|p1a: Corviknight|45/100|[from] item: Leftovers\n|upkeep\n|turn|13\n|inactive|Time left: 300 sec this turn | 300 sec total\n|\n|t:|1783568170\n|move|p2a: Sawsbuck|Headbutt|p1a: Corviknight\n|-resisted|p1a: Corviknight\n|-damage|p1a: Corviknight|9/100\n|-damage|p2a: Sawsbuck|200/284|[from] item: Life Orb\n|cant|p1a: Corviknight|flinch\n|\n|-heal|p1a: Corviknight|15/100|[from] item: Leftovers\n|upkeep\n|turn|14\n|inactive|Time left: 300 sec this turn | 300 sec total\n|\n|t:|1783568172\n|switch|p1a: Appletun|Appletun, L92, F|100/100\n|move|p2a: Sawsbuck|Horn Leech|p1a: Appletun\n|-resisted|p1a: Appletun\n|-damage|p1a: Appletun|83/100\n|-heal|p2a: Sawsbuck|230/284|[from] drain|[of] p1a: Appletun\n|-damage|p2a: Sawsbuck|202/284|[from] item: Life Orb\n|\n|-heal|p1a: Appletun|90/100|[from] item: Leftovers\n|upkeep\n|turn|15\n|inactive|Time left: 300 sec this turn | 300 sec total\n|\n|t:|1783568173\n|move|p2a: Sawsbuck|Headbutt|p1a: Appletun\n|-damage|p1a: Appletun|27/100\n|-damage|p2a: Sawsbuck|174/284|[from] item: Life Orb\n|move|p1a: Appletun|Dragon Pulse|p2a: Sawsbuck\n|-damage|p2a: Sawsbuck|47/284\n|\n|-heal|p1a: Appletun|33/100|[from] item: Leftovers\n|upkeep\n|turn|16\n|inactive|Time left: 300 sec this turn | 300 sec total\n|\n|t:|1783568174\n|switch|p1a: Corviknight|Corviknight, L80, F|15/100\n|move|p2a: Sawsbuck|Headbutt|p1a: Corviknight\n|-resisted|p1a: Corviknight\n|-damage|p1a: Corviknight|0 fnt\n|faint|p1a: Corviknight\n|-damage|p2a: Sawsbuck|19/284|[from] item: Life Orb\n|\n|upkeep\n|\n|t:|1783568175\n|switch|p1a: Appletun|Appletun, L92, F|33/100\n|turn|17\n|inactive|Time left: 300 sec this turn | 300 sec total\n|\n|t:|1783568176\n|move|p2a: Sawsbuck|Headbutt|p1a: Appletun\n|-damage|p1a: Appletun|0 fnt\n|faint|p1a: Appletun\n|-damage|p2a: Sawsbuck|0 fnt|[from] item: Life Orb\n|faint|p2a: Sawsbuck\n|\n|upkeep\n|inactive|Time left: 300 sec this turn | 300 sec total | 5 sec grace\n|\n|t:|1783568177\n|switch|p2a: Scizor|Scizor, L79, M|240/240\n|switch|p1a: Golurk|Golurk, L87|100/100\n|turn|18\n|inactive|Time left: 300 sec this turn | 300 sec total\n|\n|t:|1783568178\n|move|p2a: Scizor|Knock Off|p1a: Golurk\n|-supereffective|p1a: Golurk\n|-damage|p1a: Golurk|28/100\n|-enditem|p1a: Golurk|Choice Band|[from] move: Knock Off|[of] p2a: Scizor\n|-damage|p2a: Scizor|216/240|[from] item: Life Orb\n|move|p1a: Golurk|Poltergeist|p2a: Scizor\n|-activate|p2a: Scizor|move: Poltergeist|Life Orb\n|-damage|p2a: Scizor|74/240\n|\n|upkeep\n|turn|19\n|inactive|Time left: 300 sec this turn | 300 sec total\n|\n|t:|1783568179\n|move|p2a: Scizor|Knock Off|p1a: Golurk\n|-supereffective|p1a: Golurk\n|-damage|p1a: Golurk|0 fnt\n|faint|p1a: Golurk\n|-damage|p2a: Scizor|50/240|[from] item: Life Orb\n|\n|upkeep\n|\n|t:|1783568180\n|switch|p1a: Basculegion|Basculegion-F, L83, F|75/100\n|turn|20\n|inactive|Time left: 300 sec this turn | 300 sec total\n|\n|t:|1783568181\n|move|p2a: Scizor|Bullet Punch|p1a: Basculegion\n|-resisted|p1a: Basculegion\n|-damage|p1a: Basculegion|58/100\n|-damage|p2a: Scizor|26/240|[from] item: Life Orb\n|move|p1a: Basculegion|Shadow Ball|p2a: Scizor\n|-damage|p2a: Scizor|0 fnt\n|faint|p2a: Scizor\n|\n|upkeep\n|inactive|Time left: 300 sec this turn | 300 sec total | 5 sec grace\n|\n|t:|1783568182\n|switch|p2a: Furret|Furret, L94, M|312/312\n|-item|p1a: Basculegion|Assault Vest|[from] ability: Frisk|[of] p2a: Furret\n|turn|21\n|inactive|Time left: 300 sec this turn | 300 sec total\n|\n|t:|1783568183\n|switch|p1a: Urshifu|Urshifu, L74, M|100/100\n|move|p2a: Furret|Knock Off|p1a: Urshifu\n|-resisted|p1a: Urshifu\n|-damage|p1a: Urshifu|91/100\n|-enditem|p1a: Urshifu|Choice Band|[from] move: Knock Off|[of] p2a: Furret\n|-damage|p2a: Furret|281/312|[from] item: Life Orb\n|\n|upkeep\n|turn|22\n|inactive|Time left: 300 sec this turn | 300 sec total\n|\n|t:|1783568184\n|switch|p2a: Noivern|Noivern, L82, F|156/274\n|move|p1a: Urshifu|Close Combat|p2a: Noivern\n|-resisted|p2a: Noivern\n|-damage|p2a: Noivern|84/274\n|-unboost|p1a: Urshifu|def|1\n|-unboost|p1a: Urshifu|spd|1\n|\n|upkeep\n|turn|23\n|inactive|Time left: 300 sec this turn | 300 sec total\n|\n|t:|1783568185\n|switch|p1a: Basculegion|Basculegion-F, L83, F|58/100\n|move|p2a: Noivern|Draco Meteor|p1a: Basculegion\n|-damage|p1a: Basculegion|29/100\n|-unboost|p2a: Noivern|spa|2\n|\n|upkeep\n|turn|24\n|inactive|Time left: 300 sec this turn | 300 sec total\n|\n|t:|1783568186\n|switch|p2a: Furret|Furret, L94, M|281/312\n|-item|p1a: Basculegion|Assault Vest|[from] ability: Frisk|[of] p2a: Furret\n|move|p1a: Basculegion|Hydro Pump|p2a: Furret\n|-damage|p2a: Furret|87/312\n|\n|upkeep\n|turn|25\n|inactive|Time left: 300 sec this turn | 300 sec total\n|\n|t:|1783568187\n|switch|p1a: Urshifu|Urshifu, L74, M|91/100\n|move|p2a: Furret|Knock Off|p1a: Urshifu\n|-resisted|p1a: Urshifu\n|-damage|p1a: Urshifu|85/100\n|-damage|p2a: Furret|56/312|[from] item: Life Orb\n|\n|upkeep\n|turn|26\n|inactive|Time left: 300 sec this turn | 300 sec total\n|\n|t:|1783568188\n|switch|p1a: Basculegion|Basculegion-F, L83, F|29/100\n|move|p2a: Furret|Double-Edge|p1a: Basculegion\n|-immune|p1a: Basculegion\n|\n|upkeep\n|turn|27\n|inactive|Time left: 300 sec this turn | 300 sec total\n|\n|t:|1783568189\n|switch|p1a: Urshifu|Urshifu, L74, M|85/100\n|move|p2a: Furret|Knock Off|p1a: Urshifu\n|-resisted|p1a: Urshifu\n|-damage|p1a: Urshifu|79/100\n|-damage|p2a: Furret|25/312|[from] item: Life Orb\n|\n|upkeep\n|turn|28\n|inactive|Time left: 300 sec this turn | 300 sec total\n|\n|t:|1783568191\n|switch|p1a: Basculegion|Basculegion-F, L83, F|29/100\n|move|p2a: Furret|Double-Edge|p1a: Basculegion\n|-immune|p1a: Basculegion\n|\n|upkeep\n|turn|29\n|inactive|Time left: 300 sec this turn | 300 sec total\n|\n|t:|1783568192\n|switch|p1a: Urshifu|Urshifu, L74, M|79/100\n|move|p2a: Furret|Knock Off|p1a: Urshifu\n|-resisted|p1a: Urshifu\n|-damage|p1a: Urshifu|74/100\n|-damage|p2a: Furret|0 fnt|[from] item: Life Orb\n|faint|p2a: Furret\n|\n|upkeep\n|inactive|Time left: 300 sec this turn | 300 sec total | 5 sec grace\n|\n|t:|1783568192\n|switch|p2a: Klefki|Klefki, L84, F|233/233\n|turn|30\n|inactive|Time left: 300 sec this turn | 300 sec total\n|\n|t:|1783568193\n|move|p1a: Urshifu|Close Combat|p2a: Klefki\n|-damage|p2a: Klefki|107/233\n|-unboost|p1a: Urshifu|def|1\n|-unboost|p1a: Urshifu|spd|1\n|move|p2a: Klefki|Play Rough|p1a: Urshifu\n|-supereffective|p1a: Urshifu\n|-damage|p1a: Urshifu|0 fnt\n|faint|p1a: Urshifu\n|\n|-heal|p2a: Klefki|121/233|[from] item: Leftovers\n|upkeep\n|\n|t:|1783568194\n|switch|p1a: Basculegion|Basculegion-F, L83, F|29/100\n|turn|31\n|inactive|Time left: 300 sec this turn | 300 sec total\n|\n|t:|1783568195\n|move|p1a: Basculegion|Wave Crash|p2a: Klefki\n|-damage|p2a: Klefki|0 fnt\n|faint|p2a: Klefki\n|-damage|p1a: Basculegion|17/100|[from] Recoil\n|\n|upkeep\n|inactive|Time left: 300 sec this turn | 300 sec total | 5 sec grace\n|\n|t:|1783568196\n|switch|p2a: Noivern|Noivern, L82, F|84/274\n|turn|32\n|inactive|Time left: 300 sec this turn | 300 sec total\n|\n|t:|1783568197\n|move|p2a: Noivern|Draco Meteor|p1a: Basculegion|[miss]\n|-miss|p2a: Noivern|p1a: Basculegion\n|move|p1a: Basculegion|Shadow Ball|p2a: Noivern\n|-damage|p2a: Noivern|0 fnt\n|faint|p2a: Noivern\n|\n|win|p0x24265026", "uploadtime": 1783568197, "views": 0, "rating": 0, "private": 0, "password": null, "_winner": "p0x24265026", "_our_name": "p0y2426d14a"}