{"id": "battle-gen9randombattle-213", "formatid": "gen9randombattle", "format": "[Gen 9] Random Battle", "players": ["p0x213a436", "p0y213c2e1"], "log": "|init|battle\n|title|p0x213a436 vs. p0y213c2e1\n|j|\u2606p0x213a436\n|j|\u2606p0y213c2e1\n|t:|1783536236\n|gametype|singles\n|player|p1|p0x213a436|102|\n|player|p2|p0y213c2e1|1|\n|gen|9\n|tier|[Gen 9] Random Battle\n|rule|Species Clause: Limit one of each Pok\u00e9mon\n|rule|HP Percentage Mod: HP is shown in percentages\n|rule|Sleep Clause Mod: Limit one foe put to sleep\n|rule|Illusion Level Mod: Illusion disguises the Pok\u00e9mon's true level\n|\n|t:|1783536236\n|teamsize|p1|6\n|teamsize|p2|6\n|start\n|switch|p1a: Skuntank|Skuntank, L84, M|310/310\n|switch|p2a: Sylveon|Sylveon, L85, F|100/100\n|turn|1\n|inactive|Battle timer is ON: inactive players will automatically lose when time's up. (requested by p0y213c2e1)\n|inactive|Time left: 300 sec this turn | 300 sec total | 60 sec grace\n|inactive|p0x213a436 also wants the timer to be on.\n|\n|t:|1783536238\n|move|p1a: Skuntank|Gunk Shot|p2a: Sylveon|[miss]\n|-miss|p1a: Skuntank|p2a: Sylveon\n|move|p2a: Sylveon|Hyper Voice|p1a: Skuntank\n|-damage|p1a: Skuntank|130/310\n|\n|upkeep\n|turn|2\n|inactive|Time left: 300 sec this turn | 300 sec total\n|\n|t:|1783536240\n|move|p1a: Skuntank|Gunk Shot|p2a: Sylveon\n|-supereffective|p2a: Sylveon\n|-damage|p2a: Sylveon|0 fnt\n|faint|p2a: Sylveon\n|\n|upkeep\n|\n|t:|1783536241\n|switch|p2a: Dragonite|Dragonite, L74, M|100/100\n|turn|3\n|inactive|Time left: 300 sec this turn | 300 sec total\n|\n|t:|1783536242\n|switch|p1a: Gardevoir|Gardevoir, L83, M|249/249\n|-ability|p1a: Gardevoir|Multiscale|Trace|[from] ability: Trace|[of] p2a: Dragonite\n|move|p2a: Dragonite|Dragon Dance|p2a: Dragonite\n|-boost|p2a: Dragonite|atk|1\n|-boost|p2a: Dragonite|spe|1\n|\n|upkeep\n|turn|4\n|inactive|Time left: 300 sec this turn | 300 sec total\n|\n|t:|1783536243\n|move|p2a: Dragonite|Dragon Dance|p2a: Dragonite\n|-boost|p2a: Dragonite|atk|1\n|-boost|p2a: Dragonite|spe|1\n|move|p1a: Gardevoir|Moonblast|p2a: Dragonite\n|-supereffective|p2a: Dragonite\n|-damage|p2a: Dragonite|35/100\n|-damage|p1a: Gardevoir|225/249|[from] item: Life Orb\n|\n|upkeep\n|turn|5\n|inactive|Time left: 300 sec this turn | 300 sec total\n|\n|t:|1783536244\n|-terastallize|p2a: Dragonite|Ground\n|move|p2a: Dragonite|Earthquake|p1a: Gardevoir\n|-damage|p1a: Gardevoir|0 fnt\n|faint|p1a: Gardevoir\n|\n|upkeep\n|inactive|Time left: 300 sec this turn | 300 sec total | 5 sec grace\n|\n|t:|1783536245\n|switch|p1a: Samurott|Samurott, L88, M|310/310\n|turn|6\n|inactive|Time left: 300 sec this turn | 300 sec total\n|\n|t:|1783536246\n|move|p2a: Dragonite|Outrage|p1a: Samurott\n|-damage|p1a: Samurott|61/310\n|move|p1a: Samurott|Hydro Pump|p2a: Dragonite\n|-supereffective|p2a: Dragonite\n|-damage|p2a: Dragonite|0 fnt\n|faint|p2a: Dragonite\n|\n|upkeep\n|\n|t:|1783536247\n|switch|p2a: Wugtrio|Wugtrio, L91, M|100/100\n|turn|7\n|inactive|Time left: 300 sec this turn | 300 sec total\n|\n|t:|1783536249\n|switch|p1a: Archaludon|Archaludon, L78, M|268/268\n|move|p2a: Wugtrio|Liquidation|p1a: Archaludon\n|-resisted|p1a: Archaludon\n|-damage|p1a: Archaludon|202/268\n|-ability|p1a: Archaludon|Stamina|boost\n|-boost|p1a: Archaludon|def|1\n|\n|-heal|p1a: Archaludon|218/268|[from] item: Leftovers\n|upkeep\n|turn|8\n|inactive|Time left: 300 sec this turn | 300 sec total\n|\n|t:|1783536249\n|switch|p2a: Poliwrath|Poliwrath, L88, M|100/100\n|move|p1a: Archaludon|Body Press|p2a: Poliwrath\n|-damage|p2a: Poliwrath|73/100\n|\n|-heal|p1a: Archaludon|234/268|[from] item: Leftovers\n|-heal|p2a: Poliwrath|79/100|[from] item: Leftovers\n|upkeep\n|turn|9\n|inactive|Time left: 300 sec this turn | 300 sec total\n|\n|t:|1783536250\n|-terastallize|p1a: Archaludon|Fighting\n|move|p1a: Archaludon|Body Press|p2a: Poliwrath\n|-damage|p2a: Poliwrath|35/100\n|move|p2a: Poliwrath|Bulk Up|p2a: Poliwrath\n|-boost|p2a: Poliwrath|atk|1\n|-boost|p2a: Poliwrath|def|1\n|\n|-heal|p1a: Archaludon|250/268|[from] item: Leftovers\n|-heal|p2a: Poliwrath|41/100|[from] item: Leftovers\n|upkeep\n|turn|10\n|inactive|Time left: 300 sec this turn | 300 sec total\n|\n|t:|1783536251\n|move|p1a: Archaludon|Draco Meteor|p2a: Poliwrath\n|-damage|p2a: Poliwrath|0 fnt\n|-unboost|p1a: Archaludon|spa|2\n|faint|p2a: Poliwrath\n|\n|-heal|p1a: Archaludon|266/268|[from] item: Leftovers\n|upkeep\n|\n|t:|1783536252\n|switch|p2a: Dudunsparce|Dudunsparce, L83, F|100/100\n|turn|11\n|inactive|Time left: 300 sec this turn | 300 sec total\n|\n|t:|1783536253\n|move|p1a: Archaludon|Body Press|p2a: Dudunsparce\n|-supereffective|p2a: Dudunsparce\n|-damage|p2a: Dudunsparce|9/100\n|move|p2a: Dudunsparce|Glare|p1a: Archaludon\n|-status|p1a: Archaludon|par\n|\n|-heal|p2a: Dudunsparce|15/100|[from] item: Leftovers\n|-heal|p1a: Archaludon|268/268 par|[from] item: Leftovers\n|upkeep\n|turn|12\n|inactive|Time left: 300 sec this turn | 300 sec total\n|\n|t:|1783536254\n|move|p2a: Dudunsparce|Roost|p2a: Dudunsparce\n|-heal|p2a: Dudunsparce|65/100\n|-singleturn|p2a: Dudunsparce|move: Roost\n|move|p1a: Archaludon|Body Press|p2a: Dudunsparce\n|-supereffective|p2a: Dudunsparce\n|-damage|p2a: Dudunsparce|0 fnt\n|faint|p2a: Dudunsparce\n|\n|upkeep\n|\n|t:|1783536255\n|switch|p2a: Greedent|Greedent, L86, F|100/100\n|turn|13\n|inactive|Time left: 300 sec this turn | 300 sec total\n|\n|t:|1783536256\n|cant|p1a: Archaludon|par\n|move|p2a: Greedent|Swords Dance|p2a: Greedent\n|-boost|p2a: Greedent|atk|2\n|\n|upkeep\n|turn|14\n|inactive|Time left: 300 sec this turn | 300 sec total\n|\n|t:|1783536257\n|cant|p1a: Archaludon|par\n|move|p2a: Greedent|Swords Dance|p2a: Greedent\n|-boost|p2a: Greedent|atk|2\n|\n|upkeep\n|turn|15\n|inactive|Time left: 300 sec this turn | 300 sec total\n|\n|t:|1783536258\n|move|p1a: Archaludon|Body Press|p2a: Greedent\n|-supereffective|p2a: Greedent\n|-damage|p2a: Greedent|24/100\n|-enditem|p2a: Greedent|Sitrus Berry|[eat]\n|-heal|p2a: Greedent|49/100|[from] item: Sitrus Berry\n|-heal|p2a: Greedent|82/100|[from] ability: Cheek Pouch\n|move|p2a: Greedent|Double-Edge|p1a: Archaludon\n|-damage|p1a: Archaludon|46/268 par\n|-ability|p1a: Archaludon|Stamina|boost\n|-boost|p1a: Archaludon|def|1\n|-damage|p2a: Greedent|61/100|[from] Recoil\n|\n|-heal|p1a: Archaludon|62/268 par|[from] item: Leftovers\n|upkeep\n|turn|16\n|inactive|Time left: 300 sec this turn | 300 sec total\n|\n|t:|1783536259\n|move|p1a: Archaludon|Body Press|p2a: Greedent\n|-supereffective|p2a: Greedent\n|-damage|p2a: Greedent|0 fnt\n|faint|p2a: Greedent\n|\n|-heal|p1a: Archaludon|78/268 par|[from] item: Leftovers\n|upkeep\n|\n|t:|1783536260\n|switch|p2a: Wugtrio|Wugtrio, L91, M|100/100\n|turn|17\n|inactive|Time left: 300 sec this turn | 300 sec total\n|\n|t:|1783536261\n|move|p2a: Wugtrio|Liquidation|p1a: Archaludon\n|-damage|p1a: Archaludon|18/268 par\n|-ability|p1a: Archaludon|Stamina|boost\n|-boost|p1a: Archaludon|def|1\n|move|p1a: Archaludon|Body Press|p2a: Wugtrio\n|-damage|p2a: Wugtrio|0 fnt\n|-ability|p2a: Wugtrio|Gooey\n|-unboost|p1a: Archaludon|spe|1\n|faint|p2a: Wugtrio\n|\n|win|p0x213a436", "uploadtime": 1783536261, "views": 0, "rating": 0, "private": 0, "password": null, "_winner": "p0x213a436", "_our_name": "p0x213a436"}