{"id": "battle-gen9randombattle-1654", "formatid": "gen9randombattle", "format": "[Gen 9] Random Battle", "players": ["p0x1654487c", "p0y16546352"], "log": "|init|battle\n|title|p0x1654487c vs. p0y16546352\n|j|\u2606p0x1654487c\n|j|\u2606p0y16546352\n|t:|1783559127\n|gametype|singles\n|player|p1|p0x1654487c|265|\n|player|p2|p0y16546352|2|\n|gen|9\n|tier|[Gen 9] Random Battle\n|rule|Species Clause: Limit one of each Pok\u00e9mon\n|rule|HP Percentage Mod: HP is shown in percentages\n|rule|Sleep Clause Mod: Limit one foe put to sleep\n|rule|Illusion Level Mod: Illusion disguises the Pok\u00e9mon's true level\n|\n|t:|1783559127\n|teamsize|p1|6\n|teamsize|p2|6\n|start\n|switch|p1a: Articuno|Articuno-Galar, L84|288/288\n|switch|p2a: Torterra|Torterra, L78, M|100/100\n|turn|1\n|inactive|Battle timer is ON: inactive players will automatically lose when time's up. (requested by p0x1654487c)\n|\n|t:|1783559129\n|switch|p2a: Zacian|Zacian-Crowned, L64|100/100\n|-ability|p2a: Zacian|Intrepid Sword|boost\n|-boost|p2a: Zacian|atk|1\n|move|p1a: Articuno|Hurricane|p2a: Zacian\n|-resisted|p2a: Zacian\n|-damage|p2a: Zacian|69/100\n|\n|upkeep\n|turn|2\n|inactive|Time left: 300 sec this turn | 300 sec total\n|inactive|p0y16546352 also wants the timer to be on.\n|\n|t:|1783559130\n|move|p2a: Zacian|Swords Dance|p2a: Zacian\n|-boost|p2a: Zacian|atk|2\n|move|p1a: Articuno|Freezing Glare|p2a: Zacian\n|-resisted|p2a: Zacian\n|-crit|p2a: Zacian\n|-damage|p2a: Zacian|29/100\n|\n|upkeep\n|turn|3\n|inactive|Time left: 300 sec this turn | 300 sec total\n|\n|t:|1783559130\n|move|p2a: Zacian|Behemoth Blade|p1a: Articuno\n|-damage|p1a: Articuno|57/288\n|move|p1a: Articuno|Hurricane|p2a: Zacian|[miss]\n|-miss|p1a: Articuno|p2a: Zacian\n|\n|upkeep\n|turn|4\n|inactive|Time left: 300 sec this turn | 300 sec total\n|\n|t:|1783559131\n|move|p2a: Zacian|Behemoth Blade|p1a: Articuno\n|-damage|p1a: Articuno|0 fnt\n|faint|p1a: Articuno\n|\n|upkeep\n|inactive|Time left: 300 sec this turn | 300 sec total | 5 sec grace\n|\n|t:|1783559132\n|switch|p1a: Suicune|Suicune, L82|298/298\n|-ability|p1a: Suicune|Pressure\n|turn|5\n|inactive|Time left: 300 sec this turn | 300 sec total\n|\n|t:|1783559133\n|move|p2a: Zacian|Close Combat|p1a: Suicune\n|-damage|p1a: Suicune|162/298\n|-unboost|p2a: Zacian|def|1\n|-unboost|p2a: Zacian|spd|1\n|move|p1a: Suicune|Scald|p2a: Zacian\n|-damage|p2a: Zacian|0 fnt\n|faint|p2a: Zacian\n|\n|-heal|p1a: Suicune|180/298|[from] item: Leftovers\n|upkeep\n|\n|t:|1783559134\n|switch|p2a: Torterra|Torterra, L78, M|100/100\n|turn|6\n|inactive|Time left: 300 sec this turn | 300 sec total\n|\n|t:|1783559135\n|switch|p1a: Exeggutor|Exeggutor-Alola, L89, F|314/314\n|move|p2a: Torterra|Shell Smash|p2a: Torterra\n|-unboost|p2a: Torterra|def|1\n|-unboost|p2a: Torterra|spd|1\n|-boost|p2a: Torterra|atk|2\n|-boost|p2a: Torterra|spa|2\n|-boost|p2a: Torterra|spe|2\n|\n|upkeep\n|turn|7\n|inactive|Time left: 300 sec this turn | 300 sec total\n|\n|t:|1783559137\n|move|p2a: Torterra|Headlong Rush|p1a: Exeggutor\n|-resisted|p1a: Exeggutor\n|-damage|p1a: Exeggutor|195/314\n|-unboost|p2a: Torterra|def|1\n|-unboost|p2a: Torterra|spd|1\n|move|p1a: Exeggutor|Draco Meteor|p2a: Torterra\n|-damage|p2a: Torterra|0 fnt\n|-unboost|p1a: Exeggutor|spa|2\n|faint|p2a: Torterra\n|\n|upkeep\n|\n|t:|1783559138\n|switch|p2a: Reshiram|Reshiram, L76|100/100\n|-ability|p2a: Reshiram|Turboblaze\n|turn|8\n|inactive|Time left: 300 sec this turn | 300 sec total\n|\n|t:|1783559139\n|switch|p1a: Suicune|Suicune, L82|180/298\n|-ability|p1a: Suicune|Pressure\n|move|p2a: Reshiram|Outrage|p1a: Suicune\n|-damage|p1a: Suicune|81/298\n|\n|-heal|p1a: Suicune|99/298|[from] item: Leftovers\n|upkeep\n|turn|9\n|inactive|Time left: 300 sec this turn | 300 sec total\n|\n|t:|1783559140\n|move|p1a: Suicune|Rest|p1a: Suicune\n|-status|p1a: Suicune|slp|[from] move: Rest\n|-heal|p1a: Suicune|298/298 slp|[silent]\n|move|p2a: Reshiram|Outrage|p1a: Suicune|[from] lockedmove\n|-damage|p1a: Suicune|189/298 slp\n|\n|-heal|p1a: Suicune|207/298 slp|[from] item: Leftovers\n|upkeep\n|turn|10\n|inactive|Time left: 300 sec this turn | 300 sec total\n|\n|t:|1783559141\n|switch|p1a: Vileplume|Vileplume, L85, M|266/266\n|move|p2a: Reshiram|Outrage|p1a: Vileplume|[from] lockedmove\n|-damage|p1a: Vileplume|148/266\n|-start|p2a: Reshiram|confusion|[fatigue]\n|\n|-heal|p1a: Vileplume|164/266|[from] item: Leftovers\n|upkeep\n|turn|11\n|inactive|Time left: 300 sec this turn | 300 sec total\n|\n|t:|1783559142\n|-activate|p2a: Reshiram|confusion\n|move|p2a: Reshiram|Flare Blitz|p1a: Vileplume\n|-supereffective|p1a: Vileplume\n|-damage|p1a: Vileplume|0 fnt\n|faint|p1a: Vileplume\n|-damage|p2a: Reshiram|81/100|[from] Recoil\n|\n|upkeep\n|inactive|Time left: 300 sec this turn | 300 sec total | 5 sec grace\n|\n|t:|1783559143\n|switch|p1a: Exeggutor|Exeggutor-Alola, L89, F|195/314\n|turn|12\n|inactive|Time left: 300 sec this turn | 300 sec total\n|\n|t:|1783559144\n|-activate|p2a: Reshiram|confusion\n|-damage|p2a: Reshiram|71/100|[from] confusion\n|move|p1a: Exeggutor|Draco Meteor|p2a: Reshiram\n|-supereffective|p2a: Reshiram\n|-damage|p2a: Reshiram|0 fnt\n|-unboost|p1a: Exeggutor|spa|2\n|faint|p2a: Reshiram\n|\n|upkeep\n|\n|t:|1783559145\n|switch|p2a: Latios|Latios, L78, M|100/100\n|turn|13\n|inactive|Time left: 300 sec this turn | 300 sec total\n|\n|t:|1783559146\n|switch|p1a: Suicune|Suicune, L82|207/298 slp\n|-ability|p1a: Suicune|Pressure\n|move|p2a: Latios|Draco Meteor|p1a: Suicune\n|-crit|p1a: Suicune\n|-damage|p1a: Suicune|0 fnt\n|-unboost|p2a: Latios|spa|2\n|faint|p1a: Suicune\n|\n|upkeep\n|inactive|Time left: 300 sec this turn | 300 sec total | 5 sec grace\n|\n|t:|1783559147\n|switch|p1a: Lapras|Lapras, L87, M|368/368\n|turn|14\n|inactive|Time left: 300 sec this turn | 300 sec total\n|\n|t:|1783559148\n|switch|p2a: Spectrier|Spectrier, L75|100/100\n|move|p1a: Lapras|Freeze-Dry|p2a: Spectrier\n|-damage|p2a: Spectrier|68/100\n|\n|-heal|p2a: Spectrier|75/100|[from] item: Leftovers\n|upkeep\n|turn|15\n|inactive|Time left: 300 sec this turn | 300 sec total\n|\n|t:|1783559149\n|move|p2a: Spectrier|Nasty Plot|p2a: Spectrier\n|-boost|p2a: Spectrier|spa|2\n|move|p1a: Lapras|Sparkling Aria|p2a: Spectrier\n|-damage|p2a: Spectrier|35/100\n|\n|-heal|p2a: Spectrier|41/100|[from] item: Leftovers\n|upkeep\n|turn|16\n|inactive|Time left: 300 sec this turn | 300 sec total\n|\n|t:|1783559150\n|-terastallize|p2a: Spectrier|Fairy\n|move|p2a: Spectrier|Draining Kiss|p1a: Lapras\n|-damage|p1a: Lapras|247/368\n|-heal|p2a: Spectrier|75/100|[from] drain|[of] p1a: Lapras\n|move|p1a: Lapras|Sparkling Aria|p2a: Spectrier\n|-damage|p2a: Spectrier|35/100\n|\n|-heal|p2a: Spectrier|41/100|[from] item: Leftovers\n|upkeep\n|turn|17\n|inactive|Time left: 300 sec this turn | 300 sec total\n|\n|t:|1783559151\n|-terastallize|p1a: Lapras|Steel\n|move|p2a: Spectrier|Draining Kiss|p1a: Lapras\n|-resisted|p1a: Lapras\n|-damage|p1a: Lapras|187/368\n|-heal|p2a: Spectrier|58/100|[from] drain|[of] p1a: Lapras\n|move|p1a: Lapras|Sparkling Aria|p2a: Spectrier\n|-damage|p2a: Spectrier|16/100\n|\n|-heal|p2a: Spectrier|22/100|[from] item: Leftovers\n|upkeep\n|turn|18\n|inactive|Time left: 300 sec this turn | 300 sec total\n|\n|t:|1783559152\n|move|p2a: Spectrier|Draining Kiss|p1a: Lapras\n|-resisted|p1a: Lapras\n|-damage|p1a: Lapras|119/368\n|-heal|p2a: Spectrier|41/100|[from] drain|[of] p1a: Lapras\n|move|p1a: Lapras|Sparkling Aria|p2a: Spectrier\n|-damage|p2a: Spectrier|0 fnt\n|faint|p2a: Spectrier\n|\n|upkeep\n|\n|t:|1783559153\n|switch|p2a: Latios|Latios, L78, M|100/100\n|turn|19\n|inactive|Time left: 300 sec this turn | 300 sec total\n|\n|t:|1783559154\n|move|p2a: Latios|Luster Purge|p1a: Lapras\n|-resisted|p1a: Lapras\n|-damage|p1a: Lapras|49/368\n|-unboost|p1a: Lapras|spd|1\n|move|p1a: Lapras|Freeze-Dry|p2a: Latios\n|-supereffective|p2a: Latios\n|-damage|p2a: Latios|48/100\n|\n|upkeep\n|turn|20\n|inactive|Time left: 300 sec this turn | 300 sec total\n|\n|t:|1783559156\n|switch|p2a: Regieleki|Regieleki, L79|100/100\n|move|p1a: Lapras|Rest|p1a: Lapras\n|-status|p1a: Lapras|slp|[from] move: Rest\n|-heal|p1a: Lapras|368/368 slp|[silent]\n|\n|upkeep\n|turn|21\n|inactive|Time left: 300 sec this turn | 300 sec total\n|\n|t:|1783559157\n|switch|p1a: Exeggutor|Exeggutor-Alola, L89, F|195/314\n|move|p2a: Regieleki|Volt Switch|p1a: Exeggutor\n|-resisted|p1a: Exeggutor\n|-damage|p1a: Exeggutor|168/314\n|\n|t:|1783559158\n|switch|p2a: Latios|Latios, L78, M|48/100|[from] Volt Switch\n|\n|upkeep\n|turn|22\n|inactive|Time left: 300 sec this turn | 300 sec total\n|\n|t:|1783559158\n|move|p2a: Latios|Luster Purge|p1a: Exeggutor\n|-damage|p1a: Exeggutor|0 fnt\n|faint|p1a: Exeggutor\n|\n|upkeep\n|inactive|Time left: 300 sec this turn | 300 sec total | 5 sec grace\n|\n|t:|1783559160\n|switch|p1a: Lapras|Lapras, L87, M, tera:Steel|368/368 slp\n|turn|23\n|inactive|Time left: 300 sec this turn | 300 sec total\n|\n|t:|1783559161\n|move|p2a: Latios|Luster Purge|p1a: Lapras\n|-resisted|p1a: Lapras\n|-damage|p1a: Lapras|287/368 slp\n|-unboost|p1a: Lapras|spd|1\n|cant|p1a: Lapras|slp\n|move|p1a: Lapras|Sleep Talk|p1a: Lapras\n|move|p1a: Lapras|Freeze-Dry|p2a: Latios|[from] move: Sleep Talk\n|-supereffective|p2a: Latios\n|-damage|p2a: Latios|0 fnt\n|faint|p2a: Latios\n|\n|upkeep\n|\n|t:|1783559162\n|switch|p2a: Regieleki|Regieleki, L79|100/100\n|turn|24\n|inactive|Time left: 300 sec this turn | 300 sec total\n|\n|t:|1783559163\n|switch|p1a: Rotom|Rotom-Heat, L83|219/219\n|move|p2a: Regieleki|Thunderbolt|p1a: Rotom\n|-resisted|p1a: Rotom\n|-damage|p1a: Rotom|156/219\n|\n|upkeep\n|turn|25\n|inactive|Time left: 300 sec this turn | 300 sec total\n|\n|t:|1783559164\n|move|p2a: Regieleki|Volt Switch|p1a: Rotom\n|-resisted|p1a: Rotom\n|-damage|p1a: Rotom|111/219\n|move|p1a: Rotom|Overheat|p2a: Regieleki\n|-damage|p2a: Regieleki|20/100\n|-unboost|p1a: Rotom|spa|2\n|\n|upkeep\n|turn|26\n|inactive|Time left: 300 sec this turn | 300 sec total\n|\n|t:|1783559165\n|move|p2a: Regieleki|Volt Switch|p1a: Rotom\n|-resisted|p1a: Rotom\n|-damage|p1a: Rotom|63/219\n|move|p1a: Rotom|Overheat|p2a: Regieleki\n|-crit|p2a: Regieleki\n|-damage|p2a: Regieleki|0 fnt\n|-unboost|p1a: Rotom|spa|2\n|faint|p2a: Regieleki\n|\n|win|p0x1654487c", "uploadtime": 1783559165, "views": 0, "rating": 0, "private": 0, "password": null, "_winner": "p0x1654487c", "_our_name": "p0x1654487c"}