{"id": "battle-gen9randombattle-35", "formatid": "gen9randombattle", "format": "[Gen 9] Random Battle", "players": ["p0x0358753", "p0y035e269"], "log": "|init|battle\n|title|p0x0358753 vs. p0y035e269\n|j|\u2606p0x0358753\n|j|\u2606p0y035e269\n|t:|1783539830\n|gametype|singles\n|player|p1|p0x0358753|2|\n|player|p2|p0y035e269|266|\n|gen|9\n|tier|[Gen 9] Random Battle\n|rule|Species Clause: Limit one of each Pok\u00e9mon\n|rule|HP Percentage Mod: HP is shown in percentages\n|rule|Sleep Clause Mod: Limit one foe put to sleep\n|rule|Illusion Level Mod: Illusion disguises the Pok\u00e9mon's true level\n|\n|t:|1783539830\n|teamsize|p1|6\n|teamsize|p2|6\n|start\n|switch|p1a: Gallade|Gallade, L80, M|100/100\n|switch|p2a: Wugtrio|Wugtrio, L91, M|212/212\n|turn|1\n|inactive|Battle timer is ON: inactive players will automatically lose when time's up. (requested by p0x0358753)\n|inactive|Time left: 300 sec this turn | 300 sec total | 60 sec grace\n|inactive|p0y035e269 also wants the timer to be on.\n|\n|t:|1783539832\n|move|p2a: Wugtrio|Liquidation|p1a: Gallade\n|-damage|p1a: Gallade|19/100\n|move|p1a: Gallade|Sacred Sword|p2a: Wugtrio\n|-damage|p2a: Wugtrio|0 fnt\n|-ability|p2a: Wugtrio|Gooey\n|-unboost|p1a: Gallade|spe|1\n|faint|p2a: Wugtrio\n|-damage|p1a: Gallade|9/100|[from] item: Life Orb\n|\n|upkeep\n|inactive|Time left: 300 sec this turn | 300 sec total | 65 sec grace\n|\n|t:|1783539833\n|switch|p2a: Iron Thorns|Iron Thorns, L83|302/302\n|turn|2\n|inactive|Time left: 300 sec this turn | 300 sec total\n|\n|t:|1783539835\n|switch|p1a: Chesnaught|Chesnaught, L84, F|100/100\n|move|p2a: Iron Thorns|Stone Edge|p1a: Chesnaught\n|-resisted|p1a: Chesnaught\n|-damage|p1a: Chesnaught|83/100\n|\n|-heal|p1a: Chesnaught|89/100|[from] item: Leftovers\n|upkeep\n|turn|3\n|inactive|Time left: 300 sec this turn | 300 sec total\n|\n|t:|1783539836\n|move|p2a: Iron Thorns|Volt Switch|p1a: Chesnaught\n|-resisted|p1a: Chesnaught\n|-damage|p1a: Chesnaught|77/100\n|inactive|Time left: 300 sec this turn | 300 sec total | 5 sec grace\n|\n|t:|1783539837\n|-end|p2a: Iron Thorns|Quark Drive|[silent]\n|switch|p2a: Hypno|Hypno, L95, F|315/315|[from] Volt Switch\n|move|p1a: Chesnaught|Trailblaze|p2a: Hypno\n|-damage|p2a: Hypno|257/315\n|-boost|p1a: Chesnaught|spe|1\n|\n|-heal|p1a: Chesnaught|83/100|[from] item: Leftovers\n|-heal|p2a: Hypno|276/315|[from] item: Leftovers\n|upkeep\n|turn|4\n|inactive|Time left: 300 sec this turn | 300 sec total\n|\n|t:|1783539839\n|move|p1a: Chesnaught|Body Press|p2a: Hypno\n|-resisted|p2a: Hypno\n|-damage|p2a: Hypno|225/315\n|move|p2a: Hypno|Psychic Noise|p1a: Chesnaught\n|-supereffective|p1a: Chesnaught\n|-damage|p1a: Chesnaught|22/100\n|-start|p1a: Chesnaught|move: Heal Block\n|\n|-heal|p2a: Hypno|244/315|[from] item: Leftovers\n|upkeep\n|turn|5\n|inactive|Time left: 300 sec this turn | 300 sec total\n|\n|t:|1783539840\n|move|p1a: Chesnaught|Body Press|p2a: Hypno\n|-resisted|p2a: Hypno\n|-damage|p2a: Hypno|190/315\n|move|p2a: Hypno|Psychic Noise|p1a: Chesnaught\n|-supereffective|p1a: Chesnaught\n|-damage|p1a: Chesnaught|0 fnt\n|faint|p1a: Chesnaught\n|\n|-heal|p2a: Hypno|209/315|[from] item: Leftovers\n|upkeep\n|\n|t:|1783539841\n|switch|p1a: Toxtricity|Toxtricity, L82, F|100/100\n|turn|6\n|inactive|Time left: 300 sec this turn | 300 sec total\n|\n|t:|1783539842\n|switch|p2a: Iron Thorns|Iron Thorns, L83|302/302\n|move|p1a: Toxtricity|Shift Gear|p1a: Toxtricity\n|-boost|p1a: Toxtricity|spe|2\n|-boost|p1a: Toxtricity|atk|1\n|\n|upkeep\n|turn|7\n|inactive|Time left: 300 sec this turn | 300 sec total\n|\n|t:|1783539843\n|move|p1a: Toxtricity|Gunk Shot|p2a: Iron Thorns\n|-resisted|p2a: Iron Thorns\n|-damage|p2a: Iron Thorns|230/302\n|move|p2a: Iron Thorns|Earthquake|p1a: Toxtricity\n|-supereffective|p1a: Toxtricity\n|-damage|p1a: Toxtricity|0 fnt\n|faint|p1a: Toxtricity\n|\n|upkeep\n|\n|t:|1783539845\n|switch|p1a: Kyurem|Kyurem, L77|100/100\n|-ability|p1a: Kyurem|Pressure\n|turn|8\n|inactive|Time left: 300 sec this turn | 300 sec total\n|\n|t:|1783539846\n|-terastallize|p1a: Kyurem|Ground\n|move|p1a: Kyurem|Tera Blast|p2a: Iron Thorns|[anim] Tera Blast Ground\n|-supereffective|p2a: Iron Thorns\n|-damage|p2a: Iron Thorns|0 fnt\n|faint|p2a: Iron Thorns\n|-end|p2a: Iron Thorns|Quark Drive|[silent]\n|\n|upkeep\n|inactive|Time left: 300 sec this turn | 300 sec total | 5 sec grace\n|\n|t:|1783539846\n|switch|p2a: Slither Wing|Slither Wing, L81|270/270\n|-enditem|p2a: Slither Wing|Booster Energy\n|-activate|p2a: Slither Wing|ability: Protosynthesis|[fromitem]\n|-start|p2a: Slither Wing|protosynthesisatk\n|turn|9\n|inactive|Time left: 300 sec this turn | 300 sec total\n|\n|t:|1783539847\n|move|p1a: Kyurem|Icicle Spear|p2a: Slither Wing\n|-damage|p2a: Slither Wing|237/270\n|-crit|p2a: Slither Wing\n|-damage|p2a: Slither Wing|186/270\n|-damage|p2a: Slither Wing|153/270\n|-damage|p2a: Slither Wing|119/270\n|-hitcount|p2a: Slither Wing|4\n|move|p2a: Slither Wing|Bulk Up|p2a: Slither Wing\n|-boost|p2a: Slither Wing|atk|1\n|-boost|p2a: Slither Wing|def|1\n|\n|upkeep\n|turn|10\n|inactive|Time left: 300 sec this turn | 300 sec total\n|\n|t:|1783539848\n|move|p1a: Kyurem|Icicle Spear|p2a: Slither Wing\n|-damage|p2a: Slither Wing|97/270\n|-damage|p2a: Slither Wing|75/270\n|-damage|p2a: Slither Wing|56/270\n|-crit|p2a: Slither Wing\n|-damage|p2a: Slither Wing|10/270\n|-hitcount|p2a: Slither Wing|4\n|move|p2a: Slither Wing|Close Combat|p1a: Kyurem\n|-damage|p1a: Kyurem|6/100\n|-unboost|p2a: Slither Wing|def|1\n|-unboost|p2a: Slither Wing|spd|1\n|\n|upkeep\n|turn|11\n|inactive|Time left: 300 sec this turn | 300 sec total\n|\n|t:|1783539849\n|move|p1a: Kyurem|Icicle Spear|p2a: Slither Wing\n|-damage|p2a: Slither Wing|0 fnt\n|faint|p2a: Slither Wing\n|-end|p2a: Slither Wing|Protosynthesis|[silent]\n|-hitcount|p2: Slither Wing|1\n|\n|upkeep\n|inactive|Time left: 300 sec this turn | 300 sec total | 5 sec grace\n|\n|t:|1783539850\n|switch|p2a: Jirachi|Jirachi, L80|291/291\n|turn|12\n|inactive|Time left: 300 sec this turn | 300 sec total\n|\n|t:|1783539851\n|switch|p1a: Magearna|Magearna, L77|100/100\n|move|p2a: Jirachi|Body Slam|p1a: Magearna\n|-resisted|p1a: Magearna\n|-damage|p1a: Magearna|91/100\n|\n|-heal|p1a: Magearna|97/100|[from] item: Leftovers\n|upkeep\n|turn|13\n|inactive|Time left: 300 sec this turn | 300 sec total\n|\n|t:|1783539852\n|move|p2a: Jirachi|Iron Head|p1a: Magearna\n|-damage|p1a: Magearna|70/100\n|cant|p1a: Magearna|flinch\n|\n|-heal|p1a: Magearna|76/100|[from] item: Leftovers\n|upkeep\n|turn|14\n|inactive|Time left: 300 sec this turn | 300 sec total\n|\n|t:|1783539853\n|move|p2a: Jirachi|Iron Head|p1a: Magearna\n|-damage|p1a: Magearna|48/100\n|cant|p1a: Magearna|flinch\n|\n|-heal|p1a: Magearna|54/100|[from] item: Leftovers\n|upkeep\n|turn|15\n|inactive|Time left: 300 sec this turn | 300 sec total\n|\n|t:|1783539853\n|move|p2a: Jirachi|Iron Head|p1a: Magearna\n|-damage|p1a: Magearna|24/100\n|cant|p1a: Magearna|flinch\n|\n|-heal|p1a: Magearna|30/100|[from] item: Leftovers\n|upkeep\n|turn|16\n|inactive|Time left: 300 sec this turn | 300 sec total\n|\n|t:|1783539854\n|switch|p1a: Tentacruel|Tentacruel, L84, M|100/100\n|move|p2a: Jirachi|Iron Head|p1a: Tentacruel\n|-resisted|p1a: Tentacruel\n|-damage|p1a: Tentacruel|81/100\n|\n|-heal|p1a: Tentacruel|87/100|[from] item: Leftovers\n|upkeep\n|turn|17\n|inactive|Time left: 300 sec this turn | 300 sec total\n|\n|t:|1783539855\n|move|p1a: Tentacruel|Rapid Spin|p2a: Jirachi\n|-resisted|p2a: Jirachi\n|-damage|p2a: Jirachi|278/291\n|-boost|p1a: Tentacruel|spe|1\n|move|p2a: Jirachi|Body Slam|p1a: Tentacruel\n|-damage|p1a: Tentacruel|59/100\n|\n|-heal|p1a: Tentacruel|65/100|[from] item: Leftovers\n|-heal|p2a: Jirachi|291/291|[from] item: Leftovers\n|upkeep\n|turn|18\n|inactive|Time left: 300 sec this turn | 300 sec total\n|\n|t:|1783539856\n|move|p1a: Tentacruel|Surf|p2a: Jirachi\n|-damage|p2a: Jirachi|213/291\n|move|p2a: Jirachi|Body Slam|p1a: Tentacruel\n|-damage|p1a: Tentacruel|39/100\n|\n|-heal|p1a: Tentacruel|46/100|[from] item: Leftovers\n|-heal|p2a: Jirachi|231/291|[from] item: Leftovers\n|upkeep\n|turn|19\n|inactive|Time left: 300 sec this turn | 300 sec total\n|\n|t:|1783539857\n|move|p1a: Tentacruel|Surf|p2a: Jirachi\n|-damage|p2a: Jirachi|156/291\n|move|p2a: Jirachi|Body Slam|p1a: Tentacruel\n|-damage|p1a: Tentacruel|18/100\n|-status|p1a: Tentacruel|par\n|\n|-heal|p2a: Jirachi|174/291|[from] item: Leftovers\n|-heal|p1a: Tentacruel|24/100 par|[from] item: Leftovers\n|upkeep\n|turn|20\n|inactive|Time left: 300 sec this turn | 300 sec total\n|\n|t:|1783539858\n|move|p2a: Jirachi|Body Slam|p1a: Tentacruel\n|-damage|p1a: Tentacruel|0 fnt\n|faint|p1a: Tentacruel\n|\n|-heal|p2a: Jirachi|192/291|[from] item: Leftovers\n|upkeep\n|\n|t:|1783539859\n|switch|p1a: Magearna|Magearna, L77|30/100\n|turn|21\n|inactive|Time left: 300 sec this turn | 300 sec total\n|\n|t:|1783539860\n|switch|p1a: Kyurem|Kyurem, L77, tera:Ground|6/100\n|-ability|p1a: Kyurem|Pressure\n|move|p2a: Jirachi|Iron Head|p1a: Kyurem\n|-damage|p1a: Kyurem|0 fnt\n|faint|p1a: Kyurem\n|\n|-heal|p2a: Jirachi|210/291|[from] item: Leftovers\n|upkeep\n|\n|t:|1783539861\n|switch|p1a: Gallade|Gallade, L80, M|9/100\n|turn|22\n|inactive|Time left: 300 sec this turn | 300 sec total\n|\n|t:|1783539862\n|move|p2a: Jirachi|Iron Head|p1a: Gallade\n|-damage|p1a: Gallade|0 fnt\n|faint|p1a: Gallade\n|\n|-heal|p2a: Jirachi|228/291|[from] item: Leftovers\n|upkeep\n|\n|t:|1783539863\n|switch|p1a: Magearna|Magearna, L77|30/100\n|turn|23\n|inactive|Time left: 300 sec this turn | 300 sec total\n|\n|t:|1783539864\n|-terastallize|p2a: Jirachi|Water\n|move|p2a: Jirachi|Iron Head|p1a: Magearna\n|-damage|p1a: Magearna|3/100\n|cant|p1a: Magearna|flinch\n|\n|-heal|p2a: Jirachi|246/291|[from] item: Leftovers\n|-heal|p1a: Magearna|9/100|[from] item: Leftovers\n|upkeep\n|turn|24\n|inactive|Time left: 300 sec this turn | 300 sec total\n|\n|t:|1783539865\n|move|p2a: Jirachi|Iron Head|p1a: Magearna\n|-damage|p1a: Magearna|0 fnt\n|faint|p1a: Magearna\n|\n|win|p0y035e269", "uploadtime": 1783539865, "views": 0, "rating": 0, "private": 0, "password": null, "_winner": "p0y035e269", "_our_name": "p0y035e269"}