{"id": "battle-gen9randombattle-1140", "formatid": "gen9randombattle", "format": "[Gen 9] Random Battle", "players": ["p0x11408aa9", "p0y1140ba2d"], "log": "|init|battle\n|title|p0x11408aa9 vs. p0y1140ba2d\n|j|\u2606p0x11408aa9\n|j|\u2606p0y1140ba2d\n|t:|1783552357\n|gametype|singles\n|player|p1|p0x11408aa9|170|\n|player|p2|p0y1140ba2d|2|\n|gen|9\n|tier|[Gen 9] Random Battle\n|rule|Species Clause: Limit one of each Pok\u00e9mon\n|rule|HP Percentage Mod: HP is shown in percentages\n|rule|Sleep Clause Mod: Limit one foe put to sleep\n|rule|Illusion Level Mod: Illusion disguises the Pok\u00e9mon's true level\n|\n|t:|1783552357\n|teamsize|p1|6\n|teamsize|p2|6\n|start\n|switch|p1a: Basculegion|Basculegion, L80, M|100/100\n|switch|p2a: Beartic|Beartic, L91, F|321/321\n|turn|1\n|inactive|Battle timer is ON: inactive players will automatically lose when time's up. (requested by p0y1140ba2d)\n|inactive|p0x11408aa9 also wants the timer to be on.\n|\n|t:|1783552358\n|move|p1a: Basculegion|Wave Crash|p2a: Beartic\n|-damage|p2a: Beartic|157/321\n|-damage|p1a: Basculegion|84/100|[from] Recoil\n|move|p2a: Beartic|Earthquake|p1a: Basculegion\n|-damage|p1a: Basculegion|39/100\n|\n|upkeep\n|turn|2\n|inactive|Time left: 300 sec this turn | 300 sec total\n|\n|t:|1783552359\n|switch|p2a: Glaceon|Glaceon, L94, F|275/275\n|move|p1a: Basculegion|Wave Crash|p2a: Glaceon\n|-damage|p2a: Glaceon|137/275\n|-damage|p1a: Basculegion|25/100|[from] Recoil\n|\n|upkeep\n|turn|3\n|inactive|Time left: 300 sec this turn | 300 sec total\n|\n|t:|1783552360\n|move|p2a: Glaceon|Freeze-Dry|p1a: Basculegion\n|-supereffective|p1a: Basculegion\n|-damage|p1a: Basculegion|0 fnt\n|faint|p1a: Basculegion\n|\n|upkeep\n|\n|t:|1783552361\n|switch|p1a: Hoopa|Hoopa-Unbound, L80|100/100\n|turn|4\n|inactive|Time left: 300 sec this turn | 300 sec total\n|\n|t:|1783552362\n|move|p2a: Glaceon|Freeze-Dry|p1a: Hoopa\n|-damage|p1a: Hoopa|68/100\n|move|p1a: Hoopa|Hyperspace Fury|p2a: Glaceon\n|-damage|p2a: Glaceon|0 fnt\n|-unboost|p1a: Hoopa|def|1\n|faint|p2a: Glaceon\n|\n|upkeep\n|inactive|Time left: 300 sec this turn | 300 sec total | 5 sec grace\n|\n|t:|1783552363\n|switch|p2a: Sylveon|Sylveon, L85, F|300/300\n|turn|5\n|inactive|Time left: 300 sec this turn | 300 sec total\n|\n|t:|1783552364\n|move|p1a: Hoopa|Hyperspace Fury|p2a: Sylveon\n|-resisted|p2a: Sylveon\n|-damage|p2a: Sylveon|169/300\n|-unboost|p1a: Hoopa|def|1\n|move|p2a: Sylveon|Hyper Voice|p1a: Hoopa\n|-supereffective|p1a: Hoopa\n|-damage|p1a: Hoopa|0 fnt\n|faint|p1a: Hoopa\n|\n|-heal|p2a: Sylveon|187/300|[from] item: Leftovers\n|upkeep\n|\n|t:|1783552364\n|switch|p1a: Hippowdon|Hippowdon, L82, M|100/100\n|-weather|Sandstorm|[from] ability: Sand Stream|[of] p1a: Hippowdon\n|turn|6\n|inactive|Time left: 300 sec this turn | 300 sec total\n|\n|t:|1783552366\n|move|p2a: Sylveon|Wish|p2a: Sylveon\n|move|p1a: Hippowdon|Earthquake|p2a: Sylveon\n|-damage|p2a: Sylveon|52/300\n|\n|-weather|Sandstorm|[upkeep]\n|-damage|p2a: Sylveon|34/300|[from] Sandstorm\n|-heal|p2a: Sylveon|52/300|[from] item: Leftovers\n|upkeep\n|turn|7\n|inactive|Time left: 300 sec this turn | 300 sec total\n|\n|t:|1783552367\n|move|p2a: Sylveon|Protect|p2a: Sylveon\n|-singleturn|p2a: Sylveon|Protect\n|move|p1a: Hippowdon|Earthquake|p2a: Sylveon\n|-activate|p2a: Sylveon|move: Protect\n|\n|-weather|Sandstorm|[upkeep]\n|-damage|p2a: Sylveon|34/300|[from] Sandstorm\n|-heal|p2a: Sylveon|184/300|[from] move: Wish|[wisher] Sylveon\n|-heal|p2a: Sylveon|202/300|[from] item: Leftovers\n|upkeep\n|turn|8\n|inactive|Time left: 300 sec this turn | 300 sec total\n|\n|t:|1783552368\n|move|p2a: Sylveon|Hyper Voice|p1a: Hippowdon\n|-damage|p1a: Hippowdon|50/100\n|move|p1a: Hippowdon|Earthquake|p2a: Sylveon\n|-damage|p2a: Sylveon|75/300\n|\n|-weather|Sandstorm|[upkeep]\n|-damage|p2a: Sylveon|57/300|[from] Sandstorm\n|-heal|p2a: Sylveon|75/300|[from] item: Leftovers\n|-heal|p1a: Hippowdon|56/100|[from] item: Leftovers\n|upkeep\n|turn|9\n|inactive|Time left: 300 sec this turn | 300 sec total\n|\n|t:|1783552369\n|move|p2a: Sylveon|Hyper Voice|p1a: Hippowdon\n|-damage|p1a: Hippowdon|10/100\n|move|p1a: Hippowdon|Earthquake|p2a: Sylveon\n|-damage|p2a: Sylveon|0 fnt\n|faint|p2a: Sylveon\n|\n|-weather|Sandstorm|[upkeep]\n|-heal|p1a: Hippowdon|16/100|[from] item: Leftovers\n|upkeep\n|inactive|Time left: 300 sec this turn | 300 sec total | 5 sec grace\n|\n|t:|1783552370\n|switch|p2a: Malamar|Malamar, L82, M|275/275\n|turn|10\n|inactive|Time left: 300 sec this turn | 300 sec total\n|\n|t:|1783552371\n|switch|p1a: Reshiram|Reshiram, L76|100/100\n|-ability|p1a: Reshiram|Turboblaze\n|move|p2a: Malamar|Superpower|p1a: Reshiram\n|-damage|p1a: Reshiram|73/100\n|-boost|p2a: Malamar|atk|1\n|-boost|p2a: Malamar|def|1\n|\n|-weather|none\n|upkeep\n|turn|11\n|inactive|Time left: 300 sec this turn | 300 sec total\n|\n|t:|1783552372\n|move|p1a: Reshiram|Blue Flare|p2a: Malamar\n|-damage|p2a: Malamar|82/275\n|move|p2a: Malamar|Superpower|p1a: Reshiram\n|-crit|p1a: Reshiram\n|-damage|p1a: Reshiram|9/100\n|-boost|p2a: Malamar|atk|1\n|-boost|p2a: Malamar|def|1\n|\n|upkeep\n|turn|12\n|inactive|Time left: 300 sec this turn | 300 sec total\n|\n|t:|1783552373\n|move|p1a: Reshiram|Draco Meteor|p2a: Malamar|[miss]\n|-miss|p1a: Reshiram|p2a: Malamar\n|move|p2a: Malamar|Psycho Cut|p1a: Reshiram\n|-crit|p1a: Reshiram\n|-damage|p1a: Reshiram|0 fnt\n|faint|p1a: Reshiram\n|\n|upkeep\n|\n|t:|1783552374\n|switch|p1a: Cresselia|Cresselia, L80, F|100/100\n|turn|13\n|inactive|Time left: 300 sec this turn | 300 sec total\n|\n|t:|1783552374\n|-terastallize|p2a: Malamar|Steel\n|move|p1a: Cresselia|Moonblast|p2a: Malamar\n|-resisted|p2a: Malamar\n|-damage|p2a: Malamar|54/275\n|-boost|p2a: Malamar|spa|1\n|move|p2a: Malamar|Rest|p2a: Malamar\n|-status|p2a: Malamar|slp|[from] move: Rest\n|-heal|p2a: Malamar|275/275 slp|[silent]\n|-enditem|p2a: Malamar|Chesto Berry|[eat]\n|-curestatus|p2a: Malamar|slp|[msg]\n|\n|upkeep\n|turn|14\n|inactive|Time left: 300 sec this turn | 300 sec total\n|\n|t:|1783552375\n|-terastallize|p1a: Cresselia|Fairy\n|move|p1a: Cresselia|Calm Mind|p1a: Cresselia\n|-boost|p1a: Cresselia|spa|1\n|-boost|p1a: Cresselia|spd|1\n|move|p2a: Malamar|Knock Off|p1a: Cresselia\n|-resisted|p1a: Cresselia\n|-damage|p1a: Cresselia|75/100\n|-enditem|p1a: Cresselia|Leftovers|[from] move: Knock Off|[of] p2a: Malamar\n|\n|upkeep\n|turn|15\n|inactive|Time left: 300 sec this turn | 300 sec total\n|\n|t:|1783552376\n|move|p1a: Cresselia|Calm Mind|p1a: Cresselia\n|-boost|p1a: Cresselia|spa|1\n|-boost|p1a: Cresselia|spd|1\n|move|p2a: Malamar|Superpower|p1a: Cresselia\n|-resisted|p1a: Cresselia\n|-damage|p1a: Cresselia|53/100\n|-boost|p2a: Malamar|atk|1\n|-boost|p2a: Malamar|def|1\n|\n|upkeep\n|turn|16\n|inactive|Time left: 300 sec this turn | 300 sec total\n|\n|t:|1783552377\n|move|p1a: Cresselia|Moonlight|p1a: Cresselia\n|-heal|p1a: Cresselia|100/100\n|move|p2a: Malamar|Superpower|p1a: Cresselia\n|-resisted|p1a: Cresselia\n|-damage|p1a: Cresselia|74/100\n|-boost|p2a: Malamar|atk|1\n|-boost|p2a: Malamar|def|1\n|\n|upkeep\n|turn|17\n|inactive|Time left: 300 sec this turn | 300 sec total\n|\n|t:|1783552378\n|move|p1a: Cresselia|Moonlight|p1a: Cresselia\n|-heal|p1a: Cresselia|100/100\n|move|p2a: Malamar|Psycho Cut|p1a: Cresselia\n|-damage|p1a: Cresselia|44/100\n|\n|upkeep\n|turn|18\n|inactive|Time left: 300 sec this turn | 300 sec total\n|\n|t:|1783552379\n|move|p1a: Cresselia|Moonlight|p1a: Cresselia\n|-heal|p1a: Cresselia|94/100\n|move|p2a: Malamar|Psycho Cut|p1a: Cresselia\n|-damage|p1a: Cresselia|40/100\n|\n|upkeep\n|turn|19\n|inactive|Time left: 300 sec this turn | 300 sec total\n|\n|t:|1783552380\n|move|p1a: Cresselia|Moonlight|p1a: Cresselia\n|-heal|p1a: Cresselia|90/100\n|move|p2a: Malamar|Superpower|p1a: Cresselia\n|-resisted|p1a: Cresselia\n|-damage|p1a: Cresselia|61/100\n|-boost|p2a: Malamar|atk|1\n|-boost|p2a: Malamar|def|1\n|\n|upkeep\n|turn|20\n|inactive|Time left: 300 sec this turn | 300 sec total\n|\n|t:|1783552381\n|move|p1a: Cresselia|Moonlight|p1a: Cresselia\n|-heal|p1a: Cresselia|100/100\n|move|p2a: Malamar|Psycho Cut|p1a: Cresselia\n|-damage|p1a: Cresselia|41/100\n|\n|upkeep\n|turn|21\n|inactive|Time left: 300 sec this turn | 300 sec total\n|\n|t:|1783552382\n|move|p1a: Cresselia|Moonlight|p1a: Cresselia\n|-heal|p1a: Cresselia|91/100\n|move|p2a: Malamar|Psycho Cut|p1a: Cresselia\n|-damage|p1a: Cresselia|22/100\n|\n|upkeep\n|turn|22\n|inactive|Time left: 300 sec this turn | 300 sec total\n|\n|t:|1783552383\n|move|p1a: Cresselia|Moonlight|p1a: Cresselia\n|-heal|p1a: Cresselia|72/100\n|move|p2a: Malamar|Psycho Cut|p1a: Cresselia\n|-damage|p1a: Cresselia|10/100\n|\n|upkeep\n|turn|23\n|inactive|Time left: 300 sec this turn | 300 sec total\n|\n|t:|1783552384\n|move|p1a: Cresselia|Moonlight|p1a: Cresselia\n|-heal|p1a: Cresselia|60/100\n|move|p2a: Malamar|Psycho Cut|p1a: Cresselia\n|-damage|p1a: Cresselia|1/100\n|\n|upkeep\n|turn|24\n|inactive|Time left: 300 sec this turn | 300 sec total\n|\n|t:|1783552385\n|move|p1a: Cresselia|Psyshock|p2a: Malamar\n|-resisted|p2a: Malamar\n|-damage|p2a: Malamar|256/275\n|move|p2a: Malamar|Superpower|p1a: Cresselia\n|-resisted|p1a: Cresselia\n|-damage|p1a: Cresselia|0 fnt\n|-boost|p2a: Malamar|atk|1\n|-boost|p2a: Malamar|def|1\n|faint|p1a: Cresselia\n|\n|upkeep\n|\n|t:|1783552386\n|switch|p1a: Chansey|Chansey, L85, F|100/100\n|turn|25\n|inactive|Time left: 300 sec this turn | 300 sec total\n|\n|t:|1783552387\n|move|p2a: Malamar|Superpower|p1a: Chansey\n|-supereffective|p1a: Chansey\n|-damage|p1a: Chansey|0 fnt\n|faint|p1a: Chansey\n|\n|upkeep\n|\n|t:|1783552388\n|switch|p1a: Hippowdon|Hippowdon, L82, M|16/100\n|-weather|Sandstorm|[from] ability: Sand Stream|[of] p1a: Hippowdon\n|turn|26\n|inactive|Time left: 300 sec this turn | 300 sec total\n|\n|t:|1783552389\n|move|p2a: Malamar|Superpower|p1a: Hippowdon\n|-damage|p1a: Hippowdon|0 fnt\n|faint|p1a: Hippowdon\n|\n|win|p0y1140ba2d", "uploadtime": 1783552389, "views": 0, "rating": 0, "private": 0, "password": null, "_winner": "p0y1140ba2d", "_our_name": "p0y1140ba2d"}