{"id": "battle-gen9randombattle-743", "formatid": "gen9randombattle", "format": "[Gen 9] Random Battle", "players": ["p0x7438034", "p0y743b4f8"], "log": "|init|battle\n|title|p0x7438034 vs. p0y743b4f8\n|j|\u2606p0x7438034\n|j|\u2606p0y743b4f8\n|t:|1783548438\n|gametype|singles\n|player|p1|p0x7438034|170|\n|player|p2|p0y743b4f8|170|\n|gen|9\n|tier|[Gen 9] Random Battle\n|rule|Species Clause: Limit one of each Pok\u00e9mon\n|rule|HP Percentage Mod: HP is shown in percentages\n|rule|Sleep Clause Mod: Limit one foe put to sleep\n|rule|Illusion Level Mod: Illusion disguises the Pok\u00e9mon's true level\n|\n|t:|1783548438\n|teamsize|p1|6\n|teamsize|p2|6\n|start\n|switch|p1a: Leafeon|Leafeon, L88, M|258/258\n|switch|p2a: Quagsire|Quagsire, L84, M|100/100\n|turn|1\n|inactive|Battle timer is ON: inactive players will automatically lose when time's up. (requested by p0y743b4f8)\n|inactive|Time left: 300 sec this turn | 300 sec total | 60 sec grace\n|\n|t:|1783548439\n|switch|p2a: Arceus|Arceus-Poison, L70|100/100\n|move|p1a: Leafeon|Leaf Blade|p2a: Arceus\n|-resisted|p2a: Arceus\n|-damage|p2a: Arceus|83/100\n|\n|upkeep\n|turn|2\n|inactive|Time left: 300 sec this turn | 300 sec total\n|inactive|p0x7438034 also wants the timer to be on.\n|\n|t:|1783548440\n|move|p1a: Leafeon|Swords Dance|p1a: Leafeon\n|-boost|p1a: Leafeon|atk|2\n|move|p2a: Arceus|Gunk Shot|p1a: Leafeon\n|-supereffective|p1a: Leafeon\n|-damage|p1a: Leafeon|66/258\n|-status|p1a: Leafeon|psn\n|\n|-heal|p1a: Leafeon|82/258 psn|[from] item: Leftovers\n|-damage|p1a: Leafeon|50/258 psn|[from] psn\n|upkeep\n|turn|3\n|inactive|Time left: 300 sec this turn | 300 sec total\n|\n|t:|1783548441\n|move|p1a: Leafeon|Leaf Blade|p2a: Arceus\n|-resisted|p2a: Arceus\n|-damage|p2a: Arceus|48/100\n|move|p2a: Arceus|Earthquake|p1a: Leafeon\n|-resisted|p1a: Leafeon\n|-damage|p1a: Leafeon|29/258 psn\n|\n|-heal|p1a: Leafeon|45/258 psn|[from] item: Leftovers\n|-damage|p1a: Leafeon|13/258 psn|[from] psn\n|upkeep\n|turn|4\n|inactive|Time left: 300 sec this turn | 300 sec total\n|\n|t:|1783548442\n|switch|p2a: Bisharp|Bisharp, L79, F|100/100\n|move|p1a: Leafeon|Leaf Blade|p2a: Bisharp\n|-resisted|p2a: Bisharp\n|-crit|p2a: Bisharp\n|-damage|p2a: Bisharp|53/100\n|\n|-heal|p1a: Leafeon|29/258 psn|[from] item: Leftovers\n|-damage|p1a: Leafeon|0 fnt|[from] psn\n|faint|p1a: Leafeon\n|upkeep\n|inactive|Time left: 300 sec this turn | 300 sec total | 5 sec grace\n|\n|t:|1783548443\n|switch|p1a: Meganium|Meganium, L90, F|290/290\n|turn|5\n|inactive|Time left: 300 sec this turn | 300 sec total\n|\n|t:|1783548444\n|move|p1a: Meganium|Swords Dance|p1a: Meganium\n|-boost|p1a: Meganium|atk|2\n|move|p2a: Bisharp|Stealth Rock|p1a: Meganium\n|-sidestart|p1: p0x7438034|move: Stealth Rock\n|\n|upkeep\n|turn|6\n|inactive|Time left: 300 sec this turn | 300 sec total\n|\n|t:|1783548445\n|move|p2a: Bisharp|Sucker Punch|p1a: Meganium\n|-damage|p1a: Meganium|220/290\n|move|p1a: Meganium|Earthquake|p2a: Bisharp\n|-supereffective|p2a: Bisharp\n|-damage|p2a: Bisharp|0 fnt\n|faint|p2a: Bisharp\n|\n|-heal|p1a: Meganium|238/290|[from] item: Leftovers\n|upkeep\n|\n|t:|1783548446\n|switch|p2a: Arceus|Arceus-Poison, L70|48/100\n|turn|7\n|inactive|Time left: 300 sec this turn | 300 sec total\n|\n|t:|1783548447\n|move|p2a: Arceus|Gunk Shot|p1a: Meganium\n|-supereffective|p1a: Meganium\n|-damage|p1a: Meganium|34/290\n|move|p1a: Meganium|Earthquake|p2a: Arceus\n|-supereffective|p2a: Arceus\n|-crit|p2a: Arceus\n|-damage|p2a: Arceus|0 fnt\n|faint|p2a: Arceus\n|\n|-heal|p1a: Meganium|52/290|[from] item: Leftovers\n|upkeep\n|\n|t:|1783548448\n|switch|p2a: Iron Boulder|Iron Boulder, L77|100/100\n|turn|8\n|inactive|Time left: 300 sec this turn | 300 sec total\n|\n|t:|1783548449\n|move|p2a: Iron Boulder|Mighty Cleave|p1a: Meganium\n|-damage|p1a: Meganium|0 fnt\n|faint|p1a: Meganium\n|-damage|p2a: Iron Boulder|91/100|[from] item: Life Orb\n|\n|upkeep\n|inactive|Time left: 300 sec this turn | 300 sec total | 5 sec grace\n|\n|t:|1783548450\n|switch|p1a: Sableye|Sableye, L88, F|231/231\n|-damage|p1a: Sableye|203/231|[from] Stealth Rock\n|turn|9\n|inactive|Time left: 300 sec this turn | 300 sec total\n|\n|t:|1783548451\n|-end|p2a: Iron Boulder|Quark Drive|[silent]\n|switch|p2a: Kingdra|Kingdra, L84, F|100/100\n|move|p1a: Sableye|Knock Off|p2a: Kingdra\n|-damage|p2a: Kingdra|64/100\n|-enditem|p2a: Kingdra|Lum Berry|[from] move: Knock Off|[of] p1a: Sableye\n|\n|-heal|p1a: Sableye|217/231|[from] item: Leftovers\n|upkeep\n|turn|10\n|inactive|Time left: 300 sec this turn | 300 sec total\n|\n|t:|1783548452\n|move|p1a: Sableye|Will-O-Wisp|p2a: Kingdra\n|-status|p2a: Kingdra|brn\n|move|p2a: Kingdra|Dragon Dance|p2a: Kingdra\n|-boost|p2a: Kingdra|atk|1\n|-boost|p2a: Kingdra|spe|1\n|\n|-heal|p1a: Sableye|231/231|[from] item: Leftovers\n|-damage|p2a: Kingdra|58/100 brn|[from] brn\n|upkeep\n|turn|11\n|inactive|Time left: 300 sec this turn | 300 sec total\n|\n|t:|1783548453\n|move|p1a: Sableye|Encore|p2a: Kingdra\n|-start|p2a: Kingdra|Encore\n|move|p2a: Kingdra|Dragon Dance|p2a: Kingdra\n|-boost|p2a: Kingdra|atk|1\n|-boost|p2a: Kingdra|spe|1\n|\n|-damage|p2a: Kingdra|52/100 brn|[from] brn\n|upkeep\n|turn|12\n|inactive|Time left: 300 sec this turn | 300 sec total\n|\n|t:|1783548454\n|move|p2a: Kingdra|Dragon Dance|p2a: Kingdra\n|-boost|p2a: Kingdra|atk|1\n|-boost|p2a: Kingdra|spe|1\n|move|p1a: Sableye|Knock Off|p2a: Kingdra\n|-damage|p2a: Kingdra|29/100 brn\n|\n|-damage|p2a: Kingdra|23/100 brn|[from] brn\n|upkeep\n|turn|13\n|inactive|Time left: 300 sec this turn | 300 sec total\n|\n|t:|1783548455\n|move|p2a: Kingdra|Dragon Dance|p2a: Kingdra\n|-boost|p2a: Kingdra|atk|1\n|-boost|p2a: Kingdra|spe|1\n|move|p1a: Sableye|Knock Off|p2a: Kingdra\n|-damage|p2a: Kingdra|1/100 brn\n|\n|-damage|p2a: Kingdra|0 fnt|[from] brn\n|faint|p2a: Kingdra\n|upkeep\n|\n|t:|1783548456\n|switch|p2a: Quagsire|Quagsire, L84, M|100/100\n|turn|14\n|inactive|Time left: 300 sec this turn | 300 sec total\n|\n|t:|1783548457\n|move|p1a: Sableye|Knock Off|p2a: Quagsire\n|-damage|p2a: Quagsire|70/100\n|-enditem|p2a: Quagsire|Leftovers|[from] move: Knock Off|[of] p1a: Sableye\n|move|p2a: Quagsire|Toxic|p1a: Sableye\n|-status|p1a: Sableye|tox\n|\n|-damage|p1a: Sableye|217/231 tox|[from] psn\n|upkeep\n|turn|15\n|inactive|Time left: 300 sec this turn | 300 sec total\n|\n|t:|1783548458\n|switch|p1a: Delibird|Delibird, M|252/252\n|move|p2a: Quagsire|Recover|p2a: Quagsire\n|-heal|p2a: Quagsire|100/100\n|\n|upkeep\n|turn|16\n|inactive|Time left: 300 sec this turn | 300 sec total\n|\n|t:|1783548459\n|switch|p2a: Iron Boulder|Iron Boulder, L77|91/100\n|move|p1a: Delibird|Brave Bird|p2a: Iron Boulder\n|-resisted|p2a: Iron Boulder\n|-damage|p2a: Iron Boulder|53/100\n|-damage|p1a: Delibird|219/252|[from] Recoil\n|\n|upkeep\n|turn|17\n|inactive|Time left: 300 sec this turn | 300 sec total\n|\n|t:|1783548460\n|switch|p1a: Lanturn|Lanturn, L89, F|367/367\n|move|p2a: Iron Boulder|Mighty Cleave|p1a: Lanturn\n|-damage|p1a: Lanturn|192/367\n|-damage|p2a: Iron Boulder|44/100|[from] item: Life Orb\n|\n|upkeep\n|turn|18\n|inactive|Time left: 300 sec this turn | 300 sec total\n|\n|t:|1783548461\n|-terastallize|p2a: Iron Boulder|Fighting\n|move|p2a: Iron Boulder|Close Combat|p1a: Lanturn\n|-damage|p1a: Lanturn|0 fnt\n|-unboost|p2a: Iron Boulder|def|1\n|-unboost|p2a: Iron Boulder|spd|1\n|faint|p1a: Lanturn\n|-damage|p2a: Iron Boulder|34/100|[from] item: Life Orb\n|\n|upkeep\n|inactive|Time left: 300 sec this turn | 300 sec total | 5 sec grace\n|\n|t:|1783548462\n|switch|p1a: Delibird|Delibird, M|219/252\n|turn|19\n|inactive|Time left: 300 sec this turn | 300 sec total\n|\n|t:|1783548463\n|move|p1a: Delibird|Ice Shard|p2a: Iron Boulder\n|-damage|p2a: Iron Boulder|0 fnt\n|faint|p2a: Iron Boulder\n|-end|p2a: Iron Boulder|Quark Drive|[silent]\n|\n|upkeep\n|\n|t:|1783548464\n|switch|p2a: Piloswine|Piloswine, L85, M|100/100\n|turn|20\n|inactive|Time left: 300 sec this turn | 300 sec total\n|\n|t:|1783548465\n|move|p1a: Delibird|Drill Run|p2a: Piloswine\n|-damage|p2a: Piloswine|80/100\n|move|p2a: Piloswine|Icicle Crash|p1a: Delibird\n|-damage|p1a: Delibird|92/252\n|\n|upkeep\n|turn|21\n|inactive|Time left: 300 sec this turn | 300 sec total\n|\n|t:|1783548466\n|move|p1a: Delibird|Brave Bird|p2a: Piloswine|[miss]\n|-miss|p1a: Delibird|p2a: Piloswine\n|move|p2a: Piloswine|Icicle Crash|p1a: Delibird\n|-damage|p1a: Delibird|0 fnt\n|faint|p1a: Delibird\n|\n|upkeep\n|inactive|Time left: 300 sec this turn | 300 sec total | 5 sec grace\n|\n|t:|1783548467\n|switch|p1a: Sableye|Sableye, L88, F|217/231 tox\n|-damage|p1a: Sableye|189/231 tox|[from] Stealth Rock\n|turn|22\n|inactive|Time left: 300 sec this turn | 300 sec total\n|\n|t:|1783548468\n|switch|p2a: Quagsire|Quagsire, L84, M|100/100\n|move|p1a: Sableye|Will-O-Wisp|p2a: Quagsire\n|-status|p2a: Quagsire|brn\n|\n|-heal|p1a: Sableye|203/231 tox|[from] item: Leftovers\n|-damage|p1a: Sableye|189/231 tox|[from] psn\n|-damage|p2a: Quagsire|94/100 brn|[from] brn\n|upkeep\n|turn|23\n|inactive|Time left: 300 sec this turn | 300 sec total\n|\n|t:|1783548469\n|switch|p1a: Thundurus|Thundurus, L80, M|258/258\n|move|p2a: Quagsire|Earthquake|p1a: Thundurus\n|-immune|p1a: Thundurus\n|\n|-damage|p2a: Quagsire|88/100 brn|[from] brn\n|upkeep\n|turn|24\n|inactive|Time left: 300 sec this turn | 300 sec total\n|\n|t:|1783548471\n|move|p1a: Thundurus|Nasty Plot|p1a: Thundurus\n|-boost|p1a: Thundurus|spa|2\n|move|p2a: Quagsire|Toxic|p1a: Thundurus\n|-status|p1a: Thundurus|tox\n|\n|-damage|p1a: Thundurus|242/258 tox|[from] psn\n|-damage|p2a: Quagsire|82/100 brn|[from] brn\n|upkeep\n|turn|25\n|inactive|Time left: 300 sec this turn | 300 sec total\n|\n|t:|1783548472\n|move|p1a: Thundurus|Focus Blast|p2a: Quagsire\n|-damage|p2a: Quagsire|40/100 brn\n|move|p2a: Quagsire|Recover|p2a: Quagsire\n|-heal|p2a: Quagsire|90/100 brn\n|\n|-damage|p1a: Thundurus|210/258 tox|[from] psn\n|-damage|p2a: Quagsire|84/100 brn|[from] brn\n|upkeep\n|turn|26\n|inactive|Time left: 300 sec this turn | 300 sec total\n|\n|t:|1783548473\n|move|p1a: Thundurus|Focus Blast|p2a: Quagsire\n|-damage|p2a: Quagsire|42/100 brn\n|move|p2a: Quagsire|Recover|p2a: Quagsire\n|-heal|p2a: Quagsire|92/100 brn\n|\n|-damage|p1a: Thundurus|162/258 tox|[from] psn\n|-damage|p2a: Quagsire|86/100 brn|[from] brn\n|upkeep\n|turn|27\n|inactive|Time left: 300 sec this turn | 300 sec total\n|\n|t:|1783548475\n|move|p1a: Thundurus|Focus Blast|p2a: Quagsire\n|-damage|p2a: Quagsire|46/100 brn\n|move|p2a: Quagsire|Recover|p2a: Quagsire\n|-heal|p2a: Quagsire|96/100 brn\n|\n|-damage|p1a: Thundurus|98/258 tox|[from] psn\n|-damage|p2a: Quagsire|90/100 brn|[from] brn\n|upkeep\n|turn|28\n|inactive|Time left: 300 sec this turn | 300 sec total\n|\n|t:|1783548476\n|move|p1a: Thundurus|Focus Blast|p2a: Quagsire|[miss]\n|-miss|p1a: Thundurus|p2a: Quagsire\n|move|p2a: Quagsire|Recover|p2a: Quagsire\n|-heal|p2a: Quagsire|100/100 brn\n|\n|-damage|p1a: Thundurus|18/258 tox|[from] psn\n|-damage|p2a: Quagsire|94/100 brn|[from] brn\n|upkeep\n|turn|29\n|inactive|Time left: 300 sec this turn | 300 sec total\n|\n|t:|1783548477\n|switch|p1a: Sableye|Sableye, L88, F|189/231 tox\n|-damage|p1a: Sableye|161/231 tox|[from] Stealth Rock\n|move|p2a: Quagsire|Spikes|p1a: Sableye\n|-sidestart|p1: p0x7438034|Spikes\n|\n|-heal|p1a: Sableye|175/231 tox|[from] item: Leftovers\n|-damage|p1a: Sableye|161/231 tox|[from] psn\n|-damage|p2a: Quagsire|88/100 brn|[from] brn\n|upkeep\n|turn|30\n|inactive|Time left: 300 sec this turn | 300 sec total\n|\n|t:|1783548478\n|move|p1a: Sableye|Knock Off|p2a: Quagsire\n|-damage|p2a: Quagsire|68/100 brn\n|move|p2a: Quagsire|Earthquake|p1a: Sableye\n|-damage|p1a: Sableye|111/231 tox\n|\n|-heal|p1a: Sableye|125/231 tox|[from] item: Leftovers\n|-damage|p1a: Sableye|97/231 tox|[from] psn\n|-damage|p2a: Quagsire|62/100 brn|[from] brn\n|upkeep\n|turn|31\n|inactive|Time left: 300 sec this turn | 300 sec total\n|\n|t:|1783548479\n|move|p1a: Sableye|Recover|p1a: Sableye\n|-heal|p1a: Sableye|213/231 tox\n|move|p2a: Quagsire|Recover|p2a: Quagsire\n|-heal|p2a: Quagsire|100/100 brn\n|\n|-heal|p1a: Sableye|227/231 tox|[from] item: Leftovers\n|-damage|p1a: Sableye|185/231 tox|[from] psn\n|-damage|p2a: Quagsire|94/100 brn|[from] brn\n|upkeep\n|turn|32\n|inactive|Time left: 300 sec this turn | 300 sec total\n|\n|t:|1783548481\n|move|p1a: Sableye|Encore|p2a: Quagsire\n|-start|p2a: Quagsire|Encore\n|move|p2a: Quagsire|Recover|p2a: Quagsire\n|-heal|p2a: Quagsire|100/100 brn\n|\n|-heal|p1a: Sableye|199/231 tox|[from] item: Leftovers\n|-damage|p1a: Sableye|143/231 tox|[from] psn\n|-damage|p2a: Quagsire|94/100 brn|[from] brn\n|upkeep\n|turn|33\n|inactive|Time left: 300 sec this turn | 300 sec total\n|\n|t:|1783548482\n|move|p1a: Sableye|Recover|p1a: Sableye\n|-heal|p1a: Sableye|231/231 tox\n|move|p2a: Quagsire|Recover|p2a: Quagsire\n|-heal|p2a: Quagsire|100/100 brn\n|\n|-damage|p1a: Sableye|161/231 tox|[from] psn\n|-damage|p2a: Quagsire|94/100 brn|[from] brn\n|-end|p2a: Quagsire|Encore\n|upkeep\n|turn|34\n|inactive|Time left: 300 sec this turn | 300 sec total\n|\n|t:|1783548483\n|move|p1a: Sableye|Knock Off|p2a: Quagsire\n|-damage|p2a: Quagsire|74/100 brn\n|move|p2a: Quagsire|Earthquake|p1a: Sableye\n|-damage|p1a: Sableye|110/231 tox\n|\n|-heal|p1a: Sableye|124/231 tox|[from] item: Leftovers\n|-damage|p1a: Sableye|40/231 tox|[from] psn\n|-damage|p2a: Quagsire|68/100 brn|[from] brn\n|upkeep\n|turn|35\n|inactive|Time left: 300 sec this turn | 300 sec total\n|\n|t:|1783548484\n|switch|p2a: Piloswine|Piloswine, L85, M|80/100\n|move|p1a: Sableye|Recover|p1a: Sableye\n|-heal|p1a: Sableye|156/231 tox\n|\n|-heal|p1a: Sableye|170/231 tox|[from] item: Leftovers\n|-damage|p1a: Sableye|72/231 tox|[from] psn\n|upkeep\n|turn|36\n|inactive|Time left: 300 sec this turn | 300 sec total\n|\n|t:|1783548485\n|switch|p1a: Thundurus|Thundurus, L80, M|18/258 tox\n|move|p2a: Piloswine|Earthquake|p1a: Thundurus\n|-immune|p1a: Thundurus\n|\n|-damage|p1a: Thundurus|2/258 tox|[from] psn\n|upkeep\n|turn|37\n|inactive|Time left: 300 sec this turn | 300 sec total\n|\n|t:|1783548486\n|move|p2a: Piloswine|Ice Shard|p1a: Thundurus\n|-supereffective|p1a: Thundurus\n|-damage|p1a: Thundurus|0 fnt\n|faint|p1a: Thundurus\n|\n|upkeep\n|inactive|Time left: 300 sec this turn | 300 sec total | 5 sec grace\n|\n|t:|1783548486\n|switch|p1a: Sableye|Sableye, L88, F|72/231 tox\n|-damage|p1a: Sableye|44/231 tox|[from] Stealth Rock\n|-damage|p1a: Sableye|16/231 tox|[from] Spikes\n|turn|38\n|inactive|Time left: 300 sec this turn | 300 sec total\n|\n|t:|1783548487\n|-terastallize|p1a: Sableye|Steel\n|move|p1a: Sableye|Recover|p1a: Sableye\n|-heal|p1a: Sableye|132/231 tox\n|move|p2a: Piloswine|Earthquake|p1a: Sableye\n|-supereffective|p1a: Sableye\n|-damage|p1a: Sableye|0 fnt\n|faint|p1a: Sableye\n|\n|win|p0y743b4f8", "uploadtime": 1783548487, "views": 0, "rating": 0, "private": 0, "password": null, "_winner": "p0y743b4f8", "_our_name": "p0x7438034"}