{"id": "battle-gen9randombattle-2477", "formatid": "gen9randombattle", "format": "[Gen 9] Random Battle", "players": ["p0x2477eefe", "p0y2477b145"], "log": "|init|battle\n|title|p0x2477eefe vs. p0y2477b145\n|j|\u2606p0x2477eefe\n|j|\u2606p0y2477b145\n|t:|1783567757\n|gametype|singles\n|player|p1|p0x2477eefe|265|\n|player|p2|p0y2477b145|2|\n|gen|9\n|tier|[Gen 9] Random Battle\n|rule|Species Clause: Limit one of each Pok\u00e9mon\n|rule|HP Percentage Mod: HP is shown in percentages\n|rule|Sleep Clause Mod: Limit one foe put to sleep\n|rule|Illusion Level Mod: Illusion disguises the Pok\u00e9mon's true level\n|\n|t:|1783567757\n|teamsize|p1|6\n|teamsize|p2|6\n|start\n|switch|p1a: Iron Valiant|Iron Valiant, L78|100/100\n|switch|p2a: Flygon|Flygon, L82, M|265/265\n|turn|1\n|inactive|Battle timer is ON: inactive players will automatically lose when time's up. (requested by p0y2477b145)\n|inactive|p0x2477eefe also wants the timer to be on.\n|\n|t:|1783567758\n|switch|p2a: Vaporeon|Vaporeon, L86, M|364/364\n|move|p1a: Iron Valiant|Moonblast|p2a: Vaporeon\n|-damage|p2a: Vaporeon|242/364\n|-unboost|p2a: Vaporeon|spa|1\n|-damage|p1a: Iron Valiant|91/100|[from] item: Life Orb\n|\n|-heal|p2a: Vaporeon|264/364|[from] item: Leftovers\n|upkeep\n|turn|2\n|inactive|Time left: 300 sec this turn | 300 sec total\n|\n|t:|1783567759\n|move|p1a: Iron Valiant|Moonblast|p2a: Vaporeon\n|-damage|p2a: Vaporeon|135/364\n|-damage|p1a: Iron Valiant|81/100|[from] item: Life Orb\n|move|p2a: Vaporeon|Scald|p1a: Iron Valiant\n|-damage|p1a: Iron Valiant|44/100\n|\n|-heal|p2a: Vaporeon|157/364|[from] item: Leftovers\n|upkeep\n|turn|3\n|inactive|Time left: 300 sec this turn | 300 sec total\n|\n|t:|1783567760\n|move|p2a: Vaporeon|Protect|p2a: Vaporeon\n|-singleturn|p2a: Vaporeon|Protect\n|move|p1a: Iron Valiant|Close Combat|p2a: Vaporeon\n|-activate|p2a: Vaporeon|move: Protect\n|\n|-heal|p2a: Vaporeon|179/364|[from] item: Leftovers\n|upkeep\n|turn|4\n|inactive|Time left: 300 sec this turn | 300 sec total\n|\n|t:|1783567761\n|move|p1a: Iron Valiant|Close Combat|p2a: Vaporeon\n|-damage|p2a: Vaporeon|0 fnt\n|-unboost|p1a: Iron Valiant|def|1\n|-unboost|p1a: Iron Valiant|spd|1\n|faint|p2a: Vaporeon\n|-damage|p1a: Iron Valiant|34/100|[from] item: Life Orb\n|\n|upkeep\n|inactive|Time left: 300 sec this turn | 300 sec total | 5 sec grace\n|\n|t:|1783567762\n|switch|p2a: Greninja|Greninja, L80, M|246/246\n|turn|5\n|inactive|Time left: 300 sec this turn | 300 sec total\n|\n|t:|1783567763\n|move|p2a: Greninja|Ice Beam|p1a: Iron Valiant\n|-start|p2a: Greninja|typechange|Ice|[from] ability: Protean\n|-damage|p1a: Iron Valiant|0 fnt\n|faint|p1a: Iron Valiant\n|-end|p1a: Iron Valiant|Quark Drive|[silent]\n|-damage|p2a: Greninja|222/246|[from] item: Life Orb\n|\n|upkeep\n|\n|t:|1783567764\n|switch|p1a: Samurott|Samurott-Hisui, L77, M|100/100\n|turn|6\n|inactive|Time left: 300 sec this turn | 300 sec total\n|\n|t:|1783567765\n|move|p2a: Greninja|U-turn|p1a: Samurott\n|-supereffective|p1a: Samurott\n|-damage|p1a: Samurott|45/100\n|-damage|p2a: Greninja|198/246|[from] item: Life Orb\n|inactive|Time left: 300 sec this turn | 300 sec total | 5 sec grace\n|\n|t:|1783567767\n|switch|p2a: Furret|Furret, L94, M|312/312|[from] U-turn\n|-item|p1a: Samurott|Life Orb|[from] ability: Frisk|[of] p2a: Furret\n|move|p1a: Samurott|Swords Dance|p1a: Samurott\n|-boost|p1a: Samurott|atk|2\n|\n|upkeep\n|turn|7\n|inactive|Time left: 300 sec this turn | 300 sec total\n|\n|t:|1783567768\n|switch|p1a: Mismagius|Mismagius, L86, F|100/100\n|move|p2a: Furret|Double-Edge|p1a: Mismagius\n|-immune|p1a: Mismagius\n|\n|upkeep\n|turn|8\n|inactive|Time left: 300 sec this turn | 300 sec total\n|\n|t:|1783567769\n|move|p1a: Mismagius|Nasty Plot|p1a: Mismagius\n|-boost|p1a: Mismagius|spa|2\n|move|p2a: Furret|Double-Edge|p1a: Mismagius\n|-immune|p1a: Mismagius\n|\n|upkeep\n|turn|9\n|inactive|Time left: 300 sec this turn | 300 sec total\n|\n|t:|1783567770\n|move|p1a: Mismagius|Dazzling Gleam|p2a: Furret\n|-damage|p2a: Furret|121/312\n|-damage|p1a: Mismagius|91/100|[from] item: Life Orb\n|move|p2a: Furret|Double-Edge|p1a: Mismagius\n|-immune|p1a: Mismagius\n|\n|upkeep\n|turn|10\n|inactive|Time left: 300 sec this turn | 300 sec total\n|\n|t:|1783567771\n|move|p1a: Mismagius|Dazzling Gleam|p2a: Furret\n|-damage|p2a: Furret|0 fnt\n|faint|p2a: Furret\n|-damage|p1a: Mismagius|81/100|[from] item: Life Orb\n|\n|upkeep\n|inactive|Time left: 300 sec this turn | 300 sec total | 5 sec grace\n|\n|t:|1783567772\n|switch|p2a: Golem|Golem-Alola, L93, M|300/300\n|turn|11\n|inactive|Time left: 300 sec this turn | 300 sec total\n|\n|t:|1783567773\n|move|p1a: Mismagius|Shadow Ball|p2a: Golem\n|-damage|p2a: Golem|8/300\n|-damage|p1a: Mismagius|71/100|[from] item: Life Orb\n|move|p2a: Golem|Double-Edge|p1a: Mismagius\n|-damage|p1a: Mismagius|0 fnt\n|faint|p1a: Mismagius\n|-damage|p2a: Golem|0 fnt|[from] Recoil\n|faint|p2a: Golem\n|\n|upkeep\n|inactive|Time left: 300 sec this turn | 300 sec total | 5 sec grace\n|\n|t:|1783567774\n|switch|p1a: Dipplin|Dipplin, L88, F|100/100\n|switch|p2a: Greninja|Greninja, L80, M|198/246\n|turn|12\n|inactive|Time left: 300 sec this turn | 300 sec total\n|\n|t:|1783567775\n|-terastallize|p1a: Dipplin|Steel\n|move|p2a: Greninja|Ice Beam|p1a: Dipplin\n|-start|p2a: Greninja|typechange|Ice|[from] ability: Protean\n|-resisted|p1a: Dipplin\n|-damage|p1a: Dipplin|85/100\n|-damage|p2a: Greninja|174/246|[from] item: Life Orb\n|move|p1a: Dipplin|Dragon Pulse|p2a: Greninja\n|-damage|p2a: Greninja|50/246\n|\n|upkeep\n|turn|13\n|inactive|Time left: 300 sec this turn | 300 sec total\n|\n|t:|1783567777\n|move|p2a: Greninja|Ice Beam|p1a: Dipplin\n|-resisted|p1a: Dipplin\n|-damage|p1a: Dipplin|72/100\n|-damage|p2a: Greninja|26/246|[from] item: Life Orb\n|move|p1a: Dipplin|Giga Drain|p2a: Greninja\n|-damage|p2a: Greninja|0 fnt\n|-heal|p1a: Dipplin|76/100|[from] drain|[of] p2a: Greninja\n|faint|p2a: Greninja\n|\n|upkeep\n|inactive|Time left: 300 sec this turn | 300 sec total | 5 sec grace\n|\n|t:|1783567777\n|switch|p2a: Flygon|Flygon, L82, M|265/265\n|turn|14\n|inactive|Time left: 300 sec this turn | 300 sec total\n|\n|t:|1783567778\n|move|p2a: Flygon|Earthquake|p1a: Dipplin\n|-supereffective|p1a: Dipplin\n|-damage|p1a: Dipplin|37/100\n|move|p1a: Dipplin|Giga Drain|p2a: Flygon\n|-damage|p2a: Flygon|175/265\n|-heal|p1a: Dipplin|53/100|[from] drain|[of] p2a: Flygon\n|\n|upkeep\n|turn|15\n|inactive|Time left: 300 sec this turn | 300 sec total\n|\n|t:|1783567779\n|-terastallize|p2a: Flygon|Ground\n|move|p2a: Flygon|Earthquake|p1a: Dipplin\n|-supereffective|p1a: Dipplin\n|-crit|p1a: Dipplin\n|-damage|p1a: Dipplin|0 fnt\n|faint|p1a: Dipplin\n|\n|upkeep\n|\n|t:|1783567780\n|switch|p1a: Maushold|Maushold-Four, L76|100/100\n|turn|16\n|inactive|Time left: 300 sec this turn | 300 sec total\n|\n|t:|1783567781\n|move|p1a: Maushold|Population Bomb|p2a: Flygon\n|-damage|p2a: Flygon|150/265\n|-damage|p2a: Flygon|125/265\n|-damage|p2a: Flygon|100/265\n|-crit|p2a: Flygon\n|-damage|p2a: Flygon|66/265\n|-damage|p2a: Flygon|42/265\n|-damage|p2a: Flygon|18/265\n|-damage|p2a: Flygon|0 fnt\n|faint|p2a: Flygon\n|-hitcount|p2: Flygon|7\n|\n|upkeep\n|inactive|Time left: 300 sec this turn | 300 sec total | 5 sec grace\n|\n|t:|1783567782\n|switch|p2a: Delibird|Delibird, F|252/252\n|turn|17\n|inactive|Time left: 300 sec this turn | 300 sec total\n|\n|t:|1783567783\n|move|p1a: Maushold|Population Bomb|p2a: Delibird\n|-damage|p2a: Delibird|224/252\n|-crit|p2a: Delibird\n|-damage|p2a: Delibird|178/252\n|-damage|p2a: Delibird|147/252\n|-damage|p2a: Delibird|119/252\n|-damage|p2a: Delibird|91/252\n|-damage|p2a: Delibird|60/252\n|-damage|p2a: Delibird|33/252\n|-damage|p2a: Delibird|2/252\n|-damage|p2a: Delibird|0 fnt\n|faint|p2a: Delibird\n|-hitcount|p2: Delibird|9\n|\n|win|p0x2477eefe", "uploadtime": 1783567783, "views": 0, "rating": 0, "private": 0, "password": null, "_winner": "p0x2477eefe", "_our_name": "p0y2477b145"}