{"id": "battle-gen9randombattle-363", "formatid": "gen9randombattle", "format": "[Gen 9] Random Battle", "players": ["p0x364409d", "p0y364d6ac"], "log": "|init|battle\n|title|p0x364409d vs. p0y364d6ac\n|j|\u2606p0x364409d\n|j|\u2606p0y364d6ac\n|t:|1783543332\n|gametype|singles\n|player|p1|p0x364409d|102|\n|player|p2|p0y364d6ac|265|\n|gen|9\n|tier|[Gen 9] Random Battle\n|rule|Species Clause: Limit one of each Pok\u00e9mon\n|rule|HP Percentage Mod: HP is shown in percentages\n|rule|Sleep Clause Mod: Limit one foe put to sleep\n|rule|Illusion Level Mod: Illusion disguises the Pok\u00e9mon's true level\n|\n|t:|1783543332\n|teamsize|p1|6\n|teamsize|p2|6\n|start\n|switch|p1a: Toxapex|Toxapex, L82, M|100/100\n|switch|p2a: Lumineon|Lumineon, L93, M|279/279\n|turn|1\n|inactive|Battle timer is ON: inactive players will automatically lose when time's up. (requested by p0y364d6ac)\n|\n|t:|1783543334\n|move|p2a: Lumineon|Hydro Pump|p1a: Toxapex\n|-resisted|p1a: Toxapex\n|-damage|p1a: Toxapex|82/100\n|move|p1a: Toxapex|Toxic|p2a: Lumineon\n|-status|p2a: Lumineon|tox\n|\n|-heal|p1a: Toxapex|88/100|[from] item: Leftovers\n|-damage|p2a: Lumineon|262/279 tox|[from] psn\n|upkeep\n|turn|2\n|inactive|Time left: 300 sec this turn | 300 sec total\n|inactive|p0x364409d also wants the timer to be on.\n|\n|t:|1783543335\n|switch|p2a: Indeedee|Indeedee-F, L90, F|272/272\n|-fieldstart|move: Psychic Terrain|[from] ability: Psychic Surge|[of] p2a: Indeedee\n|move|p1a: Toxapex|Toxic|p2a: Indeedee\n|-status|p2a: Indeedee|tox\n|\n|-heal|p1a: Toxapex|94/100|[from] item: Leftovers\n|-damage|p2a: Indeedee|255/272 tox|[from] psn\n|upkeep\n|turn|3\n|inactive|Time left: 300 sec this turn | 300 sec total\n|\n|t:|1783543336\n|switch|p1a: Leavanny|Leavanny, L86, F|100/100\n|move|p2a: Indeedee|Psyshock|p1a: Leavanny\n|-damage|p1a: Leavanny|32/100\n|\n|-damage|p2a: Indeedee|221/272 tox|[from] psn\n|upkeep\n|turn|4\n|inactive|Time left: 300 sec this turn | 300 sec total\n|\n|t:|1783543338\n|switch|p1a: Tinkaton|Tinkaton, L82, F|100/100\n|-ability|p1a: Tinkaton|Mold Breaker\n|switch|p2a: Espeon|Espeon, L84, F|246/246\n|\n|upkeep\n|turn|5\n|inactive|Time left: 300 sec this turn | 300 sec total\n|\n|t:|1783543339\n|move|p2a: Espeon|Psychic|p1a: Tinkaton\n|-resisted|p1a: Tinkaton\n|-damage|p1a: Tinkaton|64/100\n|move|p1a: Tinkaton|Gigaton Hammer|p2a: Espeon\n|-damage|p2a: Espeon|83/246\n|\n|-heal|p1a: Tinkaton|70/100|[from] item: Leftovers\n|upkeep\n|turn|6\n|inactive|Time left: 300 sec this turn | 300 sec total\n|\n|t:|1783543340\n|move|p2a: Espeon|Psychic|p1a: Tinkaton\n|-resisted|p1a: Tinkaton\n|-damage|p1a: Tinkaton|32/100\n|move|p1a: Tinkaton|Play Rough|p2a: Espeon\n|-damage|p2a: Espeon|0 fnt\n|faint|p2a: Espeon\n|\n|-heal|p1a: Tinkaton|38/100|[from] item: Leftovers\n|-fieldend|move: Psychic Terrain\n|upkeep\n|inactive|Time left: 300 sec this turn | 300 sec total | 5 sec grace\n|\n|t:|1783543341\n|switch|p2a: Wugtrio|Wugtrio, L91, M|212/212\n|turn|7\n|inactive|Time left: 300 sec this turn | 300 sec total\n|\n|t:|1783543342\n|switch|p1a: Toxapex|Toxapex, L82, M|100/100\n|move|p2a: Wugtrio|Liquidation|p1a: Toxapex\n|-resisted|p1a: Toxapex\n|-damage|p1a: Toxapex|75/100\n|-unboost|p1a: Toxapex|def|1\n|\n|-heal|p1a: Toxapex|82/100|[from] item: Leftovers\n|upkeep\n|turn|8\n|inactive|Time left: 300 sec this turn | 300 sec total\n|\n|t:|1783543343\n|move|p2a: Wugtrio|Liquidation|p1a: Toxapex\n|-resisted|p1a: Toxapex\n|-damage|p1a: Toxapex|44/100\n|-unboost|p1a: Toxapex|def|1\n|move|p1a: Toxapex|Toxic|p2a: Wugtrio\n|-status|p2a: Wugtrio|tox\n|\n|-heal|p1a: Toxapex|50/100|[from] item: Leftovers\n|-damage|p2a: Wugtrio|199/212 tox|[from] psn\n|upkeep\n|turn|9\n|inactive|Time left: 300 sec this turn | 300 sec total\n|\n|t:|1783543345\n|switch|p1a: Leavanny|Leavanny, L86, F|32/100\n|move|p2a: Wugtrio|Liquidation|p1a: Leavanny\n|-resisted|p1a: Leavanny\n|-damage|p1a: Leavanny|1/100\n|\n|-damage|p2a: Wugtrio|173/212 tox|[from] psn\n|upkeep\n|turn|10\n|inactive|Time left: 300 sec this turn | 300 sec total\n|\n|t:|1783543346\n|switch|p1a: Toxapex|Toxapex, L82, M|84/100\n|move|p2a: Wugtrio|Liquidation|p1a: Toxapex\n|-resisted|p1a: Toxapex\n|-damage|p1a: Toxapex|58/100\n|\n|-heal|p1a: Toxapex|64/100|[from] item: Leftovers\n|-damage|p2a: Wugtrio|134/212 tox|[from] psn\n|upkeep\n|turn|11\n|inactive|Time left: 300 sec this turn | 300 sec total\n|\n|t:|1783543347\n|move|p2a: Wugtrio|Liquidation|p1a: Toxapex\n|-resisted|p1a: Toxapex\n|-damage|p1a: Toxapex|40/100\n|move|p1a: Toxapex|Recover|p1a: Toxapex\n|-heal|p1a: Toxapex|90/100\n|\n|-heal|p1a: Toxapex|96/100|[from] item: Leftovers\n|-damage|p2a: Wugtrio|82/212 tox|[from] psn\n|upkeep\n|turn|12\n|inactive|Time left: 300 sec this turn | 300 sec total\n|\n|t:|1783543348\n|move|p2a: Wugtrio|Liquidation|p1a: Toxapex\n|-resisted|p1a: Toxapex\n|-damage|p1a: Toxapex|73/100\n|move|p1a: Toxapex|Liquidation|p2a: Wugtrio\n|-resisted|p2a: Wugtrio\n|-damage|p2a: Wugtrio|37/212 tox\n|-ability|p2a: Wugtrio|Gooey\n|-unboost|p1a: Toxapex|spe|1\n|\n|-heal|p1a: Toxapex|79/100|[from] item: Leftovers\n|-damage|p2a: Wugtrio|0 fnt|[from] psn\n|faint|p2a: Wugtrio\n|upkeep\n|inactive|Time left: 300 sec this turn | 300 sec total | 5 sec grace\n|\n|t:|1783543349\n|switch|p2a: Indeedee|Indeedee-F, L90, F|221/272 tox\n|-fieldstart|move: Psychic Terrain|[from] ability: Psychic Surge|[of] p2a: Indeedee\n|turn|13\n|inactive|Time left: 300 sec this turn | 300 sec total\n|\n|t:|1783543350\n|switch|p1a: Leavanny|Leavanny, L86, F|1/100\n|move|p2a: Indeedee|Psyshock|p1a: Leavanny\n|-damage|p1a: Leavanny|0 fnt\n|faint|p1a: Leavanny\n|\n|-damage|p2a: Indeedee|204/272 tox|[from] psn\n|upkeep\n|\n|t:|1783543351\n|switch|p1a: Infernape|Infernape, L82, F|100/100\n|turn|14\n|inactive|Time left: 300 sec this turn | 300 sec total\n|\n|t:|1783543352\n|-terastallize|p1a: Infernape|Dark\n|move|p1a: Infernape|Knock Off|p2a: Indeedee\n|-supereffective|p2a: Indeedee\n|-damage|p2a: Indeedee|0 fnt\n|-enditem|p2a: Indeedee|Choice Specs|[from] move: Knock Off|[of] p1a: Infernape\n|faint|p2a: Indeedee\n|-damage|p1a: Infernape|91/100|[from] item: Life Orb\n|\n|upkeep\n|inactive|Time left: 300 sec this turn | 300 sec total | 5 sec grace\n|\n|t:|1783543353\n|switch|p2a: Sinistcha|Sinistcha-Masterpiece, L83|254/254\n|turn|15\n|inactive|Time left: 300 sec this turn | 300 sec total\n|\n|t:|1783543354\n|move|p1a: Infernape|Knock Off|p2a: Sinistcha\n|-supereffective|p2a: Sinistcha\n|-damage|p2a: Sinistcha|2/254\n|-enditem|p2a: Sinistcha|Leftovers|[from] move: Knock Off|[of] p1a: Infernape\n|-damage|p1a: Infernape|81/100|[from] item: Life Orb\n|move|p2a: Sinistcha|Strength Sap|p1a: Infernape\n|-unboost|p1a: Infernape|atk|1\n|-heal|p2a: Sinistcha|220/254\n|\n|upkeep\n|turn|16\n|inactive|Time left: 300 sec this turn | 300 sec total\n|\n|t:|1783543355\n|switch|p1a: Alcremie|Alcremie-Ruby-Swirl, L90, F|100/100\n|move|p2a: Sinistcha|Calm Mind|p2a: Sinistcha\n|-boost|p2a: Sinistcha|spa|1\n|-boost|p2a: Sinistcha|spd|1\n|\n|upkeep\n|turn|17\n|inactive|Time left: 300 sec this turn | 300 sec total\n|\n|t:|1783543356\n|move|p1a: Alcremie|Calm Mind|p1a: Alcremie\n|-boost|p1a: Alcremie|spa|1\n|-boost|p1a: Alcremie|spd|1\n|move|p2a: Sinistcha|Calm Mind|p2a: Sinistcha\n|-boost|p2a: Sinistcha|spa|1\n|-boost|p2a: Sinistcha|spd|1\n|\n|-fieldend|move: Psychic Terrain\n|upkeep\n|turn|18\n|inactive|Time left: 300 sec this turn | 300 sec total\n|\n|t:|1783543357\n|move|p1a: Alcremie|Calm Mind|p1a: Alcremie\n|-boost|p1a: Alcremie|spa|1\n|-boost|p1a: Alcremie|spd|1\n|move|p2a: Sinistcha|Calm Mind|p2a: Sinistcha\n|-boost|p2a: Sinistcha|spa|1\n|-boost|p2a: Sinistcha|spd|1\n|\n|upkeep\n|turn|19\n|inactive|Time left: 300 sec this turn | 300 sec total\n|\n|t:|1783543358\n|move|p1a: Alcremie|Alluring Voice|p2a: Sinistcha\n|-damage|p2a: Sinistcha|123/254\n|move|p2a: Sinistcha|Strength Sap|p1a: Alcremie\n|-unboost|p1a: Alcremie|atk|1\n|-heal|p2a: Sinistcha|236/254\n|\n|upkeep\n|turn|20\n|inactive|Time left: 300 sec this turn | 300 sec total\n|\n|t:|1783543360\n|move|p1a: Alcremie|Alluring Voice|p2a: Sinistcha\n|-damage|p2a: Sinistcha|146/254\n|move|p2a: Sinistcha|Matcha Gotcha|p1a: Alcremie\n|-damage|p1a: Alcremie|69/100\n|-heal|p2a: Sinistcha|188/254|[from] drain|[of] p1a: Alcremie\n|\n|-heal|p1a: Alcremie|75/100|[from] item: Leftovers\n|upkeep\n|turn|21\n|inactive|Time left: 300 sec this turn | 300 sec total\n|\n|t:|1783543361\n|move|p1a: Alcremie|Alluring Voice|p2a: Sinistcha\n|-damage|p2a: Sinistcha|100/254\n|move|p2a: Sinistcha|Matcha Gotcha|p1a: Alcremie\n|-damage|p1a: Alcremie|40/100\n|-heal|p2a: Sinistcha|145/254|[from] drain|[of] p1a: Alcremie\n|\n|-heal|p1a: Alcremie|47/100|[from] item: Leftovers\n|upkeep\n|turn|22\n|inactive|Time left: 300 sec this turn | 300 sec total\n|\n|t:|1783543362\n|move|p1a: Alcremie|Alluring Voice|p2a: Sinistcha\n|-damage|p2a: Sinistcha|54/254\n|move|p2a: Sinistcha|Matcha Gotcha|p1a: Alcremie|[miss]\n|-miss|p2a: Sinistcha|p1a: Alcremie\n|\n|-heal|p1a: Alcremie|53/100|[from] item: Leftovers\n|upkeep\n|turn|23\n|inactive|Time left: 300 sec this turn | 300 sec total\n|\n|t:|1783543363\n|-terastallize|p2a: Sinistcha|Steel\n|move|p1a: Alcremie|Alluring Voice|p2a: Sinistcha\n|-resisted|p2a: Sinistcha\n|-damage|p2a: Sinistcha|9/254\n|move|p2a: Sinistcha|Strength Sap|p1a: Alcremie\n|-unboost|p1a: Alcremie|atk|1\n|-heal|p2a: Sinistcha|84/254\n|\n|-heal|p1a: Alcremie|59/100|[from] item: Leftovers\n|upkeep\n|turn|24\n|inactive|Time left: 300 sec this turn | 300 sec total\n|\n|t:|1783543364\n|move|p1a: Alcremie|Alluring Voice|p2a: Sinistcha\n|-resisted|p2a: Sinistcha\n|-damage|p2a: Sinistcha|40/254\n|move|p2a: Sinistcha|Matcha Gotcha|p1a: Alcremie\n|-damage|p1a: Alcremie|26/100\n|-heal|p2a: Sinistcha|84/254|[from] drain|[of] p1a: Alcremie\n|\n|-heal|p1a: Alcremie|32/100|[from] item: Leftovers\n|upkeep\n|turn|25\n|inactive|Time left: 300 sec this turn | 300 sec total\n|\n|t:|1783543365\n|move|p1a: Alcremie|Alluring Voice|p2a: Sinistcha\n|-resisted|p2a: Sinistcha\n|-damage|p2a: Sinistcha|36/254\n|move|p2a: Sinistcha|Strength Sap|p1a: Alcremie\n|-unboost|p1a: Alcremie|atk|1\n|-heal|p2a: Sinistcha|92/254\n|\n|-heal|p1a: Alcremie|38/100|[from] item: Leftovers\n|upkeep\n|turn|26\n|inactive|Time left: 300 sec this turn | 300 sec total\n|\n|t:|1783543366\n|move|p1a: Alcremie|Recover|p1a: Alcremie\n|-heal|p1a: Alcremie|88/100\n|move|p2a: Sinistcha|Matcha Gotcha|p1a: Alcremie\n|-damage|p1a: Alcremie|51/100\n|-heal|p2a: Sinistcha|141/254|[from] drain|[of] p1a: Alcremie\n|\n|-heal|p1a: Alcremie|57/100|[from] item: Leftovers\n|upkeep\n|turn|27\n|inactive|Time left: 300 sec this turn | 300 sec total\n|\n|t:|1783543367\n|move|p1a: Alcremie|Recover|p1a: Alcremie\n|-heal|p1a: Alcremie|100/100\n|move|p2a: Sinistcha|Matcha Gotcha|p1a: Alcremie\n|-damage|p1a: Alcremie|65/100\n|-heal|p2a: Sinistcha|188/254|[from] drain|[of] p1a: Alcremie\n|\n|-heal|p1a: Alcremie|71/100|[from] item: Leftovers\n|upkeep\n|turn|28\n|inactive|Time left: 300 sec this turn | 300 sec total\n|\n|t:|1783543368\n|move|p1a: Alcremie|Calm Mind|p1a: Alcremie\n|-boost|p1a: Alcremie|spa|1\n|-boost|p1a: Alcremie|spd|1\n|move|p2a: Sinistcha|Matcha Gotcha|p1a: Alcremie|[miss]\n|-miss|p2a: Sinistcha|p1a: Alcremie\n|\n|-heal|p1a: Alcremie|77/100|[from] item: Leftovers\n|upkeep\n|turn|29\n|inactive|Time left: 300 sec this turn | 300 sec total\n|\n|t:|1783543369\n|move|p1a: Alcremie|Calm Mind|p1a: Alcremie\n|-boost|p1a: Alcremie|spa|1\n|-boost|p1a: Alcremie|spd|1\n|move|p2a: Sinistcha|Matcha Gotcha|p1a: Alcremie\n|-damage|p1a: Alcremie|56/100\n|-heal|p2a: Sinistcha|217/254|[from] drain|[of] p1a: Alcremie\n|\n|-heal|p1a: Alcremie|62/100|[from] item: Leftovers\n|upkeep\n|turn|30\n|inactive|Time left: 300 sec this turn | 300 sec total\n|\n|t:|1783543370\n|move|p1a: Alcremie|Alluring Voice|p2a: Sinistcha\n|-resisted|p2a: Sinistcha\n|-damage|p2a: Sinistcha|143/254\n|move|p2a: Sinistcha|Matcha Gotcha|p1a: Alcremie|[miss]\n|-miss|p2a: Sinistcha|p1a: Alcremie\n|\n|-heal|p1a: Alcremie|68/100|[from] item: Leftovers\n|upkeep\n|turn|31\n|inactive|Time left: 300 sec this turn | 300 sec total\n|\n|t:|1783543371\n|move|p1a: Alcremie|Alluring Voice|p2a: Sinistcha\n|-resisted|p2a: Sinistcha\n|-damage|p2a: Sinistcha|73/254\n|move|p2a: Sinistcha|Strength Sap|p1a: Alcremie\n|-unboost|p1a: Alcremie|atk|1\n|-heal|p2a: Sinistcha|118/254\n|\n|-heal|p1a: Alcremie|74/100|[from] item: Leftovers\n|upkeep\n|turn|32\n|inactive|Time left: 300 sec this turn | 300 sec total\n|\n|t:|1783543372\n|move|p1a: Alcremie|Alluring Voice|p2a: Sinistcha\n|-resisted|p2a: Sinistcha\n|-damage|p2a: Sinistcha|49/254\n|move|p2a: Sinistcha|Matcha Gotcha|p1a: Alcremie\n|-damage|p1a: Alcremie|49/100\n|-heal|p2a: Sinistcha|82/254|[from] drain|[of] p1a: Alcremie\n|\n|-heal|p1a: Alcremie|55/100|[from] item: Leftovers\n|upkeep\n|turn|33\n|inactive|Time left: 300 sec this turn | 300 sec total\n|\n|t:|1783543372\n|move|p1a: Alcremie|Alluring Voice|p2a: Sinistcha\n|-resisted|p2a: Sinistcha\n|-damage|p2a: Sinistcha|11/254\n|move|p2a: Sinistcha|Shadow Ball|p1a: Alcremie\n|-damage|p1a: Alcremie|29/100\n|\n|-heal|p1a: Alcremie|35/100|[from] item: Leftovers\n|upkeep\n|turn|34\n|inactive|Time left: 300 sec this turn | 300 sec total\n|\n|t:|1783543374\n|move|p1a: Alcremie|Alluring Voice|p2a: Sinistcha\n|-resisted|p2a: Sinistcha\n|-damage|p2a: Sinistcha|0 fnt\n|faint|p2a: Sinistcha\n|\n|-heal|p1a: Alcremie|42/100|[from] item: Leftovers\n|upkeep\n|inactive|Time left: 300 sec this turn | 300 sec total | 5 sec grace\n|\n|t:|1783543375\n|switch|p2a: Lumineon|Lumineon, L93, M|262/279 tox\n|turn|35\n|inactive|Time left: 300 sec this turn | 300 sec total\n|\n|t:|1783543375\n|move|p2a: Lumineon|Ice Beam|p1a: Alcremie\n|-damage|p1a: Alcremie|36/100\n|move|p1a: Alcremie|Alluring Voice|p2a: Lumineon\n|-damage|p2a: Lumineon|0 fnt\n|faint|p2a: Lumineon\n|\n|-heal|p1a: Alcremie|42/100|[from] item: Leftovers\n|upkeep\n|inactive|Time left: 300 sec this turn | 300 sec total | 5 sec grace\n|\n|t:|1783543376\n|switch|p2a: Breloom|Breloom, L83, F|235/235\n|turn|36\n|inactive|Time left: 300 sec this turn | 300 sec total\n|\n|t:|1783543377\n|move|p1a: Alcremie|Tera Blast|p2a: Breloom\n|-damage|p2a: Breloom|0 fnt\n|faint|p2a: Breloom\n|\n|win|p0x364409d", "uploadtime": 1783543377, "views": 0, "rating": 0, "private": 0, "password": null, "_winner": "p0x364409d", "_our_name": "p0y364d6ac"}