{"id": "battle-gen9randombattle-2583", "formatid": "gen9randombattle", "format": "[Gen 9] Random Battle", "players": ["p0x25832b18", "p0y25836014"], "log": "|init|battle\n|title|p0x25832b18 vs. p0y25836014\n|j|\u2606p0x25832b18\n|j|\u2606p0y25836014\n|t:|1783569834\n|gametype|singles\n|player|p1|p0x25832b18|265|\n|player|p2|p0y25836014|1|\n|gen|9\n|tier|[Gen 9] Random Battle\n|rule|Species Clause: Limit one of each Pok\u00e9mon\n|rule|HP Percentage Mod: HP is shown in percentages\n|rule|Sleep Clause Mod: Limit one foe put to sleep\n|rule|Illusion Level Mod: Illusion disguises the Pok\u00e9mon's true level\n|\n|t:|1783569834\n|teamsize|p1|6\n|teamsize|p2|6\n|start\n|switch|p1a: Perrserker|Perrserker, L89, M|100/100\n|switch|p2a: Trevenant|Trevenant, L89, F|296/296\n|turn|1\n|inactive|Battle timer is ON: inactive players will automatically lose when time's up. (requested by p0y25836014)\n|\n|t:|1783569836\n|move|p2a: Trevenant|Will-O-Wisp|p1a: Perrserker\n|-status|p1a: Perrserker|brn\n|move|p1a: Perrserker|Stealth Rock|p2a: Trevenant\n|-sidestart|p2: p0y25836014|move: Stealth Rock\n|\n|-damage|p1a: Perrserker|95/100 brn|[from] brn\n|upkeep\n|turn|2\n|inactive|Time left: 300 sec this turn | 300 sec total\n|inactive|p0x25832b18 also wants the timer to be on.\n|\n|t:|1783569837\n|move|p2a: Trevenant|Poltergeist|p1a: Perrserker|[miss]\n|-miss|p2a: Trevenant|p1a: Perrserker\n|move|p1a: Perrserker|U-turn|p2a: Trevenant\n|-damage|p2a: Trevenant|241/296\n|-damage|p1a: Perrserker|85/100 brn|[from] item: Life Orb\n|\n|t:|1783569838\n|switch|p1a: Roaring Moon|Roaring Moon, L72|100/100|[from] U-turn\n|\n|upkeep\n|turn|3\n|inactive|Time left: 300 sec this turn | 300 sec total\n|\n|t:|1783569839\n|-terastallize|p1a: Roaring Moon|Dragon\n|-terastallize|p2a: Trevenant|Fighting\n|move|p1a: Roaring Moon|Outrage|p2a: Trevenant\n|-damage|p2a: Trevenant|0 fnt\n|faint|p2a: Trevenant\n|\n|upkeep\n|inactive|Time left: 300 sec this turn | 300 sec total | 5 sec grace\n|\n|t:|1783569840\n|switch|p2a: Wigglytuff|Wigglytuff, L96, F|424/424\n|-damage|p2a: Wigglytuff|371/424|[from] Stealth Rock\n|turn|4\n|inactive|Time left: 300 sec this turn | 300 sec total\n|\n|t:|1783569841\n|move|p1a: Roaring Moon|Outrage|p2a: Wigglytuff|[from] lockedmove\n|-immune|p2a: Wigglytuff\n|-start|p1a: Roaring Moon|confusion|[fatigue]\n|move|p2a: Wigglytuff|Dazzling Gleam|p1a: Roaring Moon\n|-supereffective|p1a: Roaring Moon\n|-damage|p1a: Roaring Moon|25/100\n|\n|-heal|p2a: Wigglytuff|397/424|[from] item: Leftovers\n|upkeep\n|turn|5\n|inactive|Time left: 300 sec this turn | 300 sec total\n|\n|t:|1783569842\n|-end|p1a: Roaring Moon|Protosynthesis|[silent]\n|switch|p1a: Comfey|Comfey, L85, F|100/100\n|move|p2a: Wigglytuff|Knock Off|p1a: Comfey\n|-resisted|p1a: Comfey\n|-damage|p1a: Comfey|85/100\n|-enditem|p1a: Comfey|Leftovers|[from] move: Knock Off|[of] p2a: Wigglytuff\n|\n|-heal|p2a: Wigglytuff|423/424|[from] item: Leftovers\n|upkeep\n|turn|6\n|inactive|Time left: 300 sec this turn | 300 sec total\n|\n|t:|1783569843\n|move|p1a: Comfey|Calm Mind|p1a: Comfey\n|-boost|p1a: Comfey|spa|1\n|-boost|p1a: Comfey|spd|1\n|move|p2a: Wigglytuff|Dazzling Gleam|p1a: Comfey\n|-damage|p1a: Comfey|59/100\n|\n|-heal|p2a: Wigglytuff|424/424|[from] item: Leftovers\n|upkeep\n|turn|7\n|inactive|Time left: 300 sec this turn | 300 sec total\n|\n|t:|1783569844\n|move|p1a: Comfey|Synthesis|p1a: Comfey\n|-heal|p1a: Comfey|100/100\n|move|p2a: Wigglytuff|Dazzling Gleam|p1a: Comfey\n|-damage|p1a: Comfey|74/100\n|\n|upkeep\n|turn|8\n|inactive|Time left: 300 sec this turn | 300 sec total\n|\n|t:|1783569845\n|move|p1a: Comfey|Calm Mind|p1a: Comfey\n|-boost|p1a: Comfey|spa|1\n|-boost|p1a: Comfey|spd|1\n|move|p2a: Wigglytuff|Thunder Wave|p1a: Comfey\n|-status|p1a: Comfey|par\n|\n|upkeep\n|turn|9\n|inactive|Time left: 300 sec this turn | 300 sec total\n|\n|t:|1783569846\n|switch|p2a: Mismagius|Mismagius, L86, F|243/243\n|-damage|p2a: Mismagius|213/243|[from] Stealth Rock\n|move|p1a: Comfey|Draining Kiss|p2a: Mismagius\n|-damage|p2a: Mismagius|123/243\n|-heal|p1a: Comfey|100/100 par|[from] drain|[of] p2a: Mismagius\n|\n|-heal|p2a: Mismagius|138/243|[from] item: Leftovers\n|upkeep\n|turn|10\n|inactive|Time left: 300 sec this turn | 300 sec total\n|\n|t:|1783569847\n|move|p1a: Comfey|Draining Kiss|p2a: Mismagius\n|-damage|p2a: Mismagius|59/243\n|move|p2a: Mismagius|Nasty Plot|p2a: Mismagius\n|-boost|p2a: Mismagius|spa|2\n|\n|-heal|p2a: Mismagius|74/243|[from] item: Leftovers\n|upkeep\n|turn|11\n|inactive|Time left: 300 sec this turn | 300 sec total\n|\n|t:|1783569848\n|move|p1a: Comfey|Draining Kiss|p2a: Mismagius\n|-damage|p2a: Mismagius|0 fnt\n|faint|p2a: Mismagius\n|\n|upkeep\n|inactive|Time left: 300 sec this turn | 300 sec total | 5 sec grace\n|\n|t:|1783569848\n|switch|p2a: Garganacl|Garganacl, L80, F|291/291\n|-damage|p2a: Garganacl|255/291|[from] Stealth Rock\n|turn|12\n|inactive|Time left: 300 sec this turn | 300 sec total\n|\n|t:|1783569849\n|move|p1a: Comfey|Calm Mind|p1a: Comfey\n|-boost|p1a: Comfey|spa|1\n|-boost|p1a: Comfey|spd|1\n|move|p2a: Garganacl|Salt Cure|p1a: Comfey\n|-damage|p1a: Comfey|83/100 par\n|-start|p1a: Comfey|Salt Cure\n|\n|-heal|p2a: Garganacl|273/291|[from] item: Leftovers\n|-damage|p1a: Comfey|71/100 par|[from] Salt Cure\n|upkeep\n|turn|13\n|inactive|Time left: 300 sec this turn | 300 sec total\n|\n|t:|1783569850\n|move|p1a: Comfey|Draining Kiss|p2a: Garganacl\n|-damage|p2a: Garganacl|147/291\n|-heal|p1a: Comfey|100/100 par|[from] drain|[of] p2a: Garganacl\n|move|p2a: Garganacl|Iron Defense|p2a: Garganacl\n|-boost|p2a: Garganacl|def|2\n|\n|-heal|p2a: Garganacl|165/291|[from] item: Leftovers\n|-damage|p1a: Comfey|88/100 par|[from] Salt Cure\n|upkeep\n|turn|14\n|inactive|Time left: 300 sec this turn | 300 sec total\n|\n|t:|1783569852\n|cant|p1a: Comfey|par\n|move|p2a: Garganacl|Recover|p2a: Garganacl\n|-heal|p2a: Garganacl|291/291\n|\n|-damage|p1a: Comfey|76/100 par|[from] Salt Cure\n|upkeep\n|turn|15\n|inactive|Time left: 300 sec this turn | 300 sec total\n|\n|t:|1783569853\n|move|p1a: Comfey|Draining Kiss|p2a: Garganacl\n|-damage|p2a: Garganacl|171/291\n|-heal|p1a: Comfey|100/100 par|[from] drain|[of] p2a: Garganacl\n|move|p2a: Garganacl|Body Press|p1a: Comfey\n|-resisted|p1a: Comfey\n|-damage|p1a: Comfey|73/100 par\n|\n|-heal|p2a: Garganacl|189/291|[from] item: Leftovers\n|-damage|p1a: Comfey|61/100 par|[from] Salt Cure\n|upkeep\n|turn|16\n|inactive|Time left: 300 sec this turn | 300 sec total\n|\n|t:|1783569854\n|move|p1a: Comfey|Draining Kiss|p2a: Garganacl\n|-damage|p2a: Garganacl|53/291\n|-heal|p1a: Comfey|100/100 par|[from] drain|[of] p2a: Garganacl\n|move|p2a: Garganacl|Recover|p2a: Garganacl\n|-heal|p2a: Garganacl|199/291\n|\n|-heal|p2a: Garganacl|217/291|[from] item: Leftovers\n|-damage|p1a: Comfey|88/100 par|[from] Salt Cure\n|upkeep\n|turn|17\n|inactive|Time left: 300 sec this turn | 300 sec total\n|\n|t:|1783569855\n|move|p1a: Comfey|Draining Kiss|p2a: Garganacl\n|-crit|p2a: Garganacl\n|-damage|p2a: Garganacl|13/291\n|-heal|p1a: Comfey|100/100 par|[from] drain|[of] p2a: Garganacl\n|move|p2a: Garganacl|Recover|p2a: Garganacl\n|-heal|p2a: Garganacl|159/291\n|\n|-heal|p2a: Garganacl|177/291|[from] item: Leftovers\n|-damage|p1a: Comfey|88/100 par|[from] Salt Cure\n|upkeep\n|turn|18\n|inactive|Time left: 300 sec this turn | 300 sec total\n|\n|t:|1783569856\n|move|p1a: Comfey|Draining Kiss|p2a: Garganacl\n|-damage|p2a: Garganacl|44/291\n|-heal|p1a: Comfey|100/100 par|[from] drain|[of] p2a: Garganacl\n|move|p2a: Garganacl|Recover|p2a: Garganacl\n|-heal|p2a: Garganacl|190/291\n|\n|-heal|p2a: Garganacl|208/291|[from] item: Leftovers\n|-damage|p1a: Comfey|88/100 par|[from] Salt Cure\n|upkeep\n|turn|19\n|inactive|Time left: 300 sec this turn | 300 sec total\n|\n|t:|1783569857\n|cant|p1a: Comfey|par\n|move|p2a: Garganacl|Recover|p2a: Garganacl\n|-heal|p2a: Garganacl|291/291\n|\n|-damage|p1a: Comfey|76/100 par|[from] Salt Cure\n|upkeep\n|turn|20\n|inactive|Time left: 300 sec this turn | 300 sec total\n|\n|t:|1783569858\n|move|p1a: Comfey|Draining Kiss|p2a: Garganacl\n|-damage|p2a: Garganacl|164/291\n|-heal|p1a: Comfey|100/100 par|[from] drain|[of] p2a: Garganacl\n|move|p2a: Garganacl|Body Press|p1a: Comfey\n|-resisted|p1a: Comfey\n|-damage|p1a: Comfey|75/100 par\n|\n|-heal|p2a: Garganacl|182/291|[from] item: Leftovers\n|-damage|p1a: Comfey|62/100 par|[from] Salt Cure\n|upkeep\n|turn|21\n|inactive|Time left: 300 sec this turn | 300 sec total\n|\n|t:|1783569859\n|move|p1a: Comfey|Draining Kiss|p2a: Garganacl\n|-damage|p2a: Garganacl|62/291\n|-heal|p1a: Comfey|100/100 par|[from] drain|[of] p2a: Garganacl\n|move|p2a: Garganacl|Recover|p2a: Garganacl\n|-heal|p2a: Garganacl|208/291\n|\n|-heal|p2a: Garganacl|226/291|[from] item: Leftovers\n|-damage|p1a: Comfey|88/100 par|[from] Salt Cure\n|upkeep\n|turn|22\n|inactive|Time left: 300 sec this turn | 300 sec total\n|\n|t:|1783569860\n|cant|p1a: Comfey|par\n|move|p2a: Garganacl|Recover|p2a: Garganacl\n|-heal|p2a: Garganacl|291/291\n|\n|-damage|p1a: Comfey|76/100 par|[from] Salt Cure\n|upkeep\n|turn|23\n|inactive|Time left: 300 sec this turn | 300 sec total\n|\n|t:|1783569861\n|move|p1a: Comfey|Draining Kiss|p2a: Garganacl\n|-damage|p2a: Garganacl|171/291\n|-heal|p1a: Comfey|100/100 par|[from] drain|[of] p2a: Garganacl\n|move|p2a: Garganacl|Body Press|p1a: Comfey\n|-resisted|p1a: Comfey\n|-damage|p1a: Comfey|70/100 par\n|\n|-heal|p2a: Garganacl|189/291|[from] item: Leftovers\n|-damage|p1a: Comfey|57/100 par|[from] Salt Cure\n|upkeep\n|turn|24\n|inactive|Time left: 300 sec this turn | 300 sec total\n|\n|t:|1783569862\n|move|p1a: Comfey|Draining Kiss|p2a: Garganacl\n|-damage|p2a: Garganacl|62/291\n|-heal|p1a: Comfey|99/100 par|[from] drain|[of] p2a: Garganacl\n|move|p2a: Garganacl|Recover|p2a: Garganacl\n|-heal|p2a: Garganacl|208/291\n|\n|-heal|p2a: Garganacl|226/291|[from] item: Leftovers\n|-damage|p1a: Comfey|87/100 par|[from] Salt Cure\n|upkeep\n|turn|25\n|inactive|Time left: 300 sec this turn | 300 sec total\n|\n|t:|1783569863\n|move|p1a: Comfey|Draining Kiss|p2a: Garganacl\n|-damage|p2a: Garganacl|103/291\n|-heal|p1a: Comfey|100/100 par|[from] drain|[of] p2a: Garganacl\n|move|p2a: Garganacl|Body Press|p1a: Comfey\n|-resisted|p1a: Comfey\n|-damage|p1a: Comfey|70/100 par\n|\n|-heal|p2a: Garganacl|121/291|[from] item: Leftovers\n|-damage|p1a: Comfey|58/100 par|[from] Salt Cure\n|upkeep\n|turn|26\n|inactive|Time left: 300 sec this turn | 300 sec total\n|\n|t:|1783569864\n|cant|p1a: Comfey|par\n|move|p2a: Garganacl|Body Press|p1a: Comfey\n|-resisted|p1a: Comfey\n|-damage|p1a: Comfey|29/100 par\n|\n|-heal|p2a: Garganacl|139/291|[from] item: Leftovers\n|-damage|p1a: Comfey|17/100 par|[from] Salt Cure\n|upkeep\n|turn|27\n|inactive|Time left: 300 sec this turn | 300 sec total\n|\n|t:|1783569865\n|move|p1a: Comfey|Draining Kiss|p2a: Garganacl\n|-damage|p2a: Garganacl|13/291\n|-heal|p1a: Comfey|59/100 par|[from] drain|[of] p2a: Garganacl\n|move|p2a: Garganacl|Body Press|p1a: Comfey\n|-resisted|p1a: Comfey\n|-damage|p1a: Comfey|28/100 par\n|\n|-heal|p2a: Garganacl|31/291|[from] item: Leftovers\n|-damage|p1a: Comfey|16/100 par|[from] Salt Cure\n|upkeep\n|turn|28\n|inactive|Time left: 300 sec this turn | 300 sec total\n|\n|t:|1783569866\n|move|p1a: Comfey|Draining Kiss|p2a: Garganacl\n|-damage|p2a: Garganacl|0 fnt\n|-heal|p1a: Comfey|26/100 par|[from] drain|[of] p2a: Garganacl\n|faint|p2a: Garganacl\n|\n|-damage|p1a: Comfey|14/100 par|[from] Salt Cure\n|upkeep\n|inactive|Time left: 300 sec this turn | 300 sec total | 5 sec grace\n|\n|t:|1783569867\n|switch|p2a: Ludicolo|Ludicolo, L90, M|290/290\n|-damage|p2a: Ludicolo|254/290|[from] Stealth Rock\n|turn|29\n|inactive|Time left: 300 sec this turn | 300 sec total\n|\n|t:|1783569868\n|move|p1a: Comfey|Synthesis|p1a: Comfey\n|-heal|p1a: Comfey|64/100 par\n|move|p2a: Ludicolo|Giga Drain|p1a: Comfey\n|-damage|p1a: Comfey|45/100 par\n|-heal|p2a: Ludicolo|275/290|[from] drain|[of] p1a: Comfey\n|\n|-damage|p1a: Comfey|32/100 par|[from] Salt Cure\n|upkeep\n|turn|30\n|inactive|Time left: 300 sec this turn | 300 sec total\n|\n|t:|1783569869\n|move|p1a: Comfey|Synthesis|p1a: Comfey\n|-heal|p1a: Comfey|82/100 par\n|move|p2a: Ludicolo|Giga Drain|p1a: Comfey\n|-damage|p1a: Comfey|62/100 par\n|-heal|p2a: Ludicolo|290/290|[from] drain|[of] p1a: Comfey\n|\n|-damage|p1a: Comfey|49/100 par|[from] Salt Cure\n|upkeep\n|turn|31\n|inactive|Time left: 300 sec this turn | 300 sec total\n|\n|t:|1783569870\n|cant|p1a: Comfey|par\n|move|p2a: Ludicolo|Giga Drain|p1a: Comfey\n|-damage|p1a: Comfey|31/100 par\n|\n|-damage|p1a: Comfey|18/100 par|[from] Salt Cure\n|upkeep\n|turn|32\n|inactive|Time left: 300 sec this turn | 300 sec total\n|\n|t:|1783569871\n|move|p1a: Comfey|Synthesis|p1a: Comfey\n|-heal|p1a: Comfey|68/100 par\n|move|p2a: Ludicolo|Giga Drain|p1a: Comfey\n|-damage|p1a: Comfey|49/100 par\n|\n|-damage|p1a: Comfey|36/100 par|[from] Salt Cure\n|upkeep\n|turn|33\n|inactive|Time left: 300 sec this turn | 300 sec total\n|\n|t:|1783569872\n|cant|p1a: Comfey|par\n|move|p2a: Ludicolo|Giga Drain|p1a: Comfey\n|-damage|p1a: Comfey|15/100 par\n|\n|-damage|p1a: Comfey|3/100 par|[from] Salt Cure\n|upkeep\n|turn|34\n|inactive|Time left: 300 sec this turn | 300 sec total\n|\n|t:|1783569873\n|move|p1a: Comfey|Synthesis|p1a: Comfey\n|-heal|p1a: Comfey|52/100 par\n|move|p2a: Ludicolo|Giga Drain|p1a: Comfey\n|-damage|p1a: Comfey|33/100 par\n|\n|-damage|p1a: Comfey|21/100 par|[from] Salt Cure\n|upkeep\n|turn|35\n|inactive|Time left: 300 sec this turn | 300 sec total\n|\n|t:|1783569874\n|move|p1a: Comfey|Synthesis|p1a: Comfey\n|-heal|p1a: Comfey|71/100 par\n|move|p2a: Ludicolo|Giga Drain|p1a: Comfey\n|-damage|p1a: Comfey|52/100 par\n|\n|-damage|p1a: Comfey|40/100 par|[from] Salt Cure\n|upkeep\n|turn|36\n|inactive|Time left: 300 sec this turn | 300 sec total\n|\n|t:|1783569875\n|move|p1a: Comfey|Synthesis|p1a: Comfey\n|-heal|p1a: Comfey|89/100 par\n|move|p2a: Ludicolo|Giga Drain|p1a: Comfey\n|-damage|p1a: Comfey|72/100 par\n|\n|-damage|p1a: Comfey|59/100 par|[from] Salt Cure\n|upkeep\n|turn|37\n|inactive|Time left: 300 sec this turn | 300 sec total\n|\n|t:|1783569876\n|move|p1a: Comfey|Synthesis|p1a: Comfey\n|-heal|p1a: Comfey|100/100 par\n|move|p2a: Ludicolo|Giga Drain|p1a: Comfey\n|-crit|p1a: Comfey\n|-damage|p1a: Comfey|24/100 par\n|\n|-damage|p1a: Comfey|12/100 par|[from] Salt Cure\n|upkeep\n|turn|38\n|inactive|Time left: 300 sec this turn | 300 sec total\n|\n|t:|1783569877\n|move|p1a: Comfey|Draining Kiss|p2a: Ludicolo\n|-damage|p2a: Ludicolo|193/290\n|-heal|p1a: Comfey|44/100 par|[from] drain|[of] p2a: Ludicolo\n|move|p2a: Ludicolo|Giga Drain|p1a: Comfey\n|-damage|p1a: Comfey|24/100 par\n|-heal|p2a: Ludicolo|216/290|[from] drain|[of] p1a: Comfey\n|\n|-damage|p1a: Comfey|12/100 par|[from] Salt Cure\n|upkeep\n|turn|39\n|inactive|Time left: 300 sec this turn | 300 sec total\n|\n|t:|1783569878\n|switch|p1a: Calyrex|Calyrex, L93|100/100\n|-ability|p1a: Calyrex|Unnerve\n|move|p2a: Ludicolo|Giga Drain|p1a: Calyrex\n|-resisted|p1a: Calyrex\n|-damage|p1a: Calyrex|83/100\n|-heal|p2a: Ludicolo|246/290|[from] drain|[of] p1a: Calyrex\n|\n|-heal|p1a: Calyrex|89/100|[from] item: Leftovers\n|upkeep\n|turn|40\n|inactive|Time left: 300 sec this turn | 300 sec total\n|\n|t:|1783569879\n|move|p1a: Calyrex|Calm Mind|p1a: Calyrex\n|-boost|p1a: Calyrex|spa|1\n|-boost|p1a: Calyrex|spd|1\n|move|p2a: Ludicolo|Giga Drain|p1a: Calyrex\n|-resisted|p1a: Calyrex\n|-damage|p1a: Calyrex|76/100\n|-heal|p2a: Ludicolo|268/290|[from] drain|[of] p1a: Calyrex\n|\n|-heal|p1a: Calyrex|82/100|[from] item: Leftovers\n|upkeep\n|turn|41\n|inactive|Time left: 300 sec this turn | 300 sec total\n|\n|t:|1783569880\n|switch|p2a: Wigglytuff|Wigglytuff, L96, F|424/424\n|-damage|p2a: Wigglytuff|371/424|[from] Stealth Rock\n|move|p1a: Calyrex|Psychic|p2a: Wigglytuff\n|-damage|p2a: Wigglytuff|173/424\n|-unboost|p2a: Wigglytuff|spd|1\n|-ability|p2a: Wigglytuff|Competitive|boost\n|-boost|p2a: Wigglytuff|spa|2\n|\n|-heal|p1a: Calyrex|89/100|[from] item: Leftovers\n|-heal|p2a: Wigglytuff|199/424|[from] item: Leftovers\n|upkeep\n|turn|42\n|inactive|Time left: 300 sec this turn | 300 sec total\n|\n|t:|1783569881\n|switch|p2a: Ludicolo|Ludicolo, L90, M|268/290\n|-damage|p2a: Ludicolo|232/290|[from] Stealth Rock\n|move|p1a: Calyrex|Giga Drain|p2a: Ludicolo\n|-damage|p2a: Ludicolo|133/290\n|-heal|p1a: Calyrex|100/100|[from] drain|[of] p2a: Ludicolo\n|\n|upkeep\n|turn|43\n|inactive|Time left: 300 sec this turn | 300 sec total\n|\n|t:|1783569882\n|move|p1a: Calyrex|Psychic|p2a: Ludicolo\n|-damage|p2a: Ludicolo|12/290\n|move|p2a: Ludicolo|Ice Beam|p1a: Calyrex\n|-supereffective|p1a: Calyrex\n|-damage|p1a: Calyrex|61/100\n|\n|-heal|p1a: Calyrex|68/100|[from] item: Leftovers\n|upkeep\n|turn|44\n|inactive|Time left: 300 sec this turn | 300 sec total\n|\n|t:|1783569884\n|move|p1a: Calyrex|Psychic|p2a: Ludicolo\n|-damage|p2a: Ludicolo|0 fnt\n|faint|p2a: Ludicolo\n|\n|-heal|p1a: Calyrex|74/100|[from] item: Leftovers\n|upkeep\n|inactive|Time left: 300 sec this turn | 300 sec total | 5 sec grace\n|\n|t:|1783569885\n|switch|p2a: Pelipper|Pelipper, L86, F|243/243\n|-damage|p2a: Pelipper|183/243|[from] Stealth Rock\n|-weather|RainDance|[from] ability: Drizzle|[of] p2a: Pelipper\n|turn|45\n|inactive|Time left: 300 sec this turn | 300 sec total\n|\n|t:|1783569886\n|move|p1a: Calyrex|Giga Drain|p2a: Pelipper\n|-damage|p2a: Pelipper|33/243\n|-heal|p1a: Calyrex|96/100|[from] drain|[of] p2a: Pelipper\n|move|p2a: Pelipper|Hurricane|p1a: Calyrex\n|-supereffective|p1a: Calyrex\n|-damage|p1a: Calyrex|25/100\n|\n|-weather|RainDance|[upkeep]\n|-heal|p1a: Calyrex|31/100|[from] item: Leftovers\n|upkeep\n|turn|46\n|inactive|Time left: 300 sec this turn | 300 sec total\n|\n|t:|1783569887\n|move|p1a: Calyrex|Giga Drain|p2a: Pelipper\n|-crit|p2a: Pelipper\n|-damage|p2a: Pelipper|0 fnt\n|-heal|p1a: Calyrex|36/100|[from] drain|[of] p2a: Pelipper\n|faint|p2a: Pelipper\n|\n|-weather|RainDance|[upkeep]\n|-heal|p1a: Calyrex|42/100|[from] item: Leftovers\n|upkeep\n|inactive|Time left: 300 sec this turn | 300 sec total | 5 sec grace\n|\n|t:|1783569888\n|switch|p2a: Wigglytuff|Wigglytuff, L96, F|199/424\n|-damage|p2a: Wigglytuff|146/424|[from] Stealth Rock\n|turn|47\n|inactive|Time left: 300 sec this turn | 300 sec total\n|\n|t:|1783569889\n|move|p1a: Calyrex|Giga Drain|p2a: Wigglytuff\n|-damage|p2a: Wigglytuff|0 fnt\n|-heal|p1a: Calyrex|64/100|[from] drain|[of] p2a: Wigglytuff\n|faint|p2a: Wigglytuff\n|\n|win|p0x25832b18", "uploadtime": 1783569889, "views": 0, "rating": 0, "private": 0, "password": null, "_winner": "p0x25832b18", "_our_name": "p0y25836014"}