{"id": "battle-gen9randombattle-915", "formatid": "gen9randombattle", "format": "[Gen 9] Random Battle", "players": ["p0x91591fb", "p0y91569e8"], "log": "|init|battle\n|title|p0x91591fb vs. p0y91569e8\n|j|\u2606p0x91591fb\n|j|\u2606p0y91569e8\n|t:|1783549758\n|gametype|singles\n|player|p1|p0x91591fb|265|\n|player|p2|p0y91569e8|101|\n|gen|9\n|tier|[Gen 9] Random Battle\n|rule|Species Clause: Limit one of each Pok\u00e9mon\n|rule|HP Percentage Mod: HP is shown in percentages\n|rule|Sleep Clause Mod: Limit one foe put to sleep\n|rule|Illusion Level Mod: Illusion disguises the Pok\u00e9mon's true level\n|\n|t:|1783549758\n|teamsize|p1|6\n|teamsize|p2|6\n|start\n|switch|p1a: Gouging Fire|Gouging Fire, L74|100/100\n|switch|p2a: Flutter Mane|Flutter Mane, L74|203/203\n|turn|1\n|inactive|Battle timer is ON: inactive players will automatically lose when time's up. (requested by p0x91591fb)\n|inactive|Time left: 300 sec this turn | 300 sec total | 60 sec grace\n|inactive|p0y91569e8 also wants the timer to be on.\n|\n|t:|1783549759\n|move|p2a: Flutter Mane|Moonblast|p1a: Gouging Fire\n|-damage|p1a: Gouging Fire|49/100\n|-unboost|p1a: Gouging Fire|spa|1\n|-damage|p2a: Flutter Mane|183/203|[from] item: Life Orb\n|move|p1a: Gouging Fire|Heat Crash|p2a: Flutter Mane\n|-damage|p2a: Flutter Mane|18/203\n|\n|upkeep\n|turn|2\n|inactive|Time left: 300 sec this turn | 300 sec total\n|\n|t:|1783549760\n|move|p2a: Flutter Mane|Moonblast|p1a: Gouging Fire\n|-damage|p1a: Gouging Fire|0 fnt\n|faint|p1a: Gouging Fire\n|-end|p1a: Gouging Fire|Protosynthesis|[silent]\n|-damage|p2a: Flutter Mane|0 fnt|[from] item: Life Orb\n|faint|p2a: Flutter Mane\n|-end|p2a: Flutter Mane|Protosynthesis|[silent]\n|\n|upkeep\n|inactive|Time left: 300 sec this turn | 300 sec total | 5 sec grace\n|\n|t:|1783549761\n|switch|p2a: Kricketune|Kricketune, L99, F|312/312\n|switch|p1a: Scovillain|Scovillain, L91, F|100/100\n|turn|3\n|inactive|Time left: 300 sec this turn | 300 sec total\n|\n|t:|1783549763\n|switch|p2a: Tatsugiri|Tatsugiri, L87, M|260/260\n|move|p1a: Scovillain|Flamethrower|p2a: Tatsugiri\n|-resisted|p2a: Tatsugiri\n|-damage|p2a: Tatsugiri|230/260\n|\n|upkeep\n|turn|4\n|inactive|Time left: 300 sec this turn | 300 sec total\n|\n|t:|1783549764\n|move|p1a: Scovillain|Flamethrower|p2a: Tatsugiri\n|-resisted|p2a: Tatsugiri\n|-damage|p2a: Tatsugiri|205/260\n|move|p2a: Tatsugiri|Nasty Plot|p2a: Tatsugiri\n|-boost|p2a: Tatsugiri|spa|2\n|\n|upkeep\n|turn|5\n|inactive|Time left: 300 sec this turn | 300 sec total\n|\n|t:|1783549764\n|switch|p1a: Lapras|Lapras, L87, M|100/100\n|move|p2a: Tatsugiri|Surf|p1a: Lapras\n|-immune|p1a: Lapras|[from] ability: Water Absorb\n|\n|upkeep\n|turn|6\n|inactive|Time left: 300 sec this turn | 300 sec total\n|\n|t:|1783549766\n|move|p2a: Tatsugiri|Draco Meteor|p1a: Lapras\n|-damage|p1a: Lapras|17/100\n|-unboost|p2a: Tatsugiri|spa|2\n|move|p1a: Lapras|Freeze-Dry|p2a: Tatsugiri\n|-supereffective|p2a: Tatsugiri\n|-damage|p2a: Tatsugiri|0 fnt\n|faint|p2a: Tatsugiri\n|\n|upkeep\n|inactive|Time left: 300 sec this turn | 300 sec total | 5 sec grace\n|\n|t:|1783549767\n|switch|p2a: Kricketune|Kricketune, L99, F|312/312\n|turn|7\n|inactive|Time left: 300 sec this turn | 300 sec total\n|\n|t:|1783549768\n|switch|p1a: Passimian|Passimian, L83, F|100/100\n|move|p2a: Kricketune|Sticky Web|p1a: Passimian\n|-sidestart|p1: p0x91591fb|move: Sticky Web\n|\n|upkeep\n|turn|8\n|inactive|Time left: 300 sec this turn | 300 sec total\n|\n|t:|1783549769\n|move|p1a: Passimian|Knock Off|p2a: Kricketune\n|-damage|p2a: Kricketune|208/312\n|-enditem|p2a: Kricketune|Heavy-Duty Boots|[from] move: Knock Off|[of] p1a: Passimian\n|move|p2a: Kricketune|Knock Off|p1a: Passimian\n|-resisted|p1a: Passimian\n|-damage|p1a: Passimian|86/100\n|-enditem|p1a: Passimian|Choice Scarf|[from] move: Knock Off|[of] p2a: Kricketune\n|\n|upkeep\n|turn|9\n|inactive|Time left: 300 sec this turn | 300 sec total\n|\n|t:|1783549770\n|switch|p2a: Arceus|Arceus-Steel, L70|284/284\n|move|p1a: Passimian|Gunk Shot|p2a: Arceus\n|-immune|p2a: Arceus\n|\n|upkeep\n|turn|10\n|inactive|Time left: 300 sec this turn | 300 sec total\n|\n|t:|1783549771\n|move|p2a: Arceus|Judgment|p1a: Passimian\n|-crit|p1a: Passimian\n|-damage|p1a: Passimian|19/100\n|move|p1a: Passimian|Close Combat|p2a: Arceus\n|-supereffective|p2a: Arceus\n|-damage|p2a: Arceus|0 fnt\n|-unboost|p1a: Passimian|def|1\n|-unboost|p1a: Passimian|spd|1\n|faint|p2a: Arceus\n|\n|upkeep\n|inactive|Time left: 300 sec this turn | 300 sec total | 5 sec grace\n|\n|t:|1783549772\n|switch|p2a: Pikachu|Pikachu-Partner, L93, M|216/216\n|turn|11\n|inactive|Time left: 300 sec this turn | 300 sec total\n|\n|t:|1783549773\n|move|p2a: Pikachu|Surf|p1a: Passimian\n|-damage|p1a: Passimian|0 fnt\n|faint|p1a: Passimian\n|\n|upkeep\n|\n|t:|1783549774\n|switch|p1a: Scovillain|Scovillain, L91, F|100/100\n|-activate|p1a: Scovillain|move: Sticky Web\n|-unboost|p1a: Scovillain|spe|1\n|turn|12\n|inactive|Time left: 300 sec this turn | 300 sec total\n|\n|t:|1783549775\n|move|p2a: Pikachu|Knock Off|p1a: Scovillain\n|-damage|p1a: Scovillain|51/100\n|-enditem|p1a: Scovillain|Choice Scarf|[from] move: Knock Off|[of] p2a: Pikachu\n|move|p1a: Scovillain|Energy Ball|p2a: Pikachu\n|-damage|p2a: Pikachu|42/216\n|\n|upkeep\n|turn|13\n|inactive|Time left: 300 sec this turn | 300 sec total\n|\n|t:|1783549776\n|-terastallize|p2a: Pikachu|Water\n|move|p2a: Pikachu|Surf|p1a: Scovillain\n|-damage|p1a: Scovillain|0 fnt\n|faint|p1a: Scovillain\n|\n|upkeep\n|\n|t:|1783549777\n|switch|p1a: Ursaring|Ursaring, L84, M|100/100\n|-activate|p1a: Ursaring|move: Sticky Web\n|-unboost|p1a: Ursaring|spe|1\n|turn|14\n|inactive|Time left: 300 sec this turn | 300 sec total\n|\n|t:|1783549778\n|move|p2a: Pikachu|Knock Off|p1a: Ursaring\n|-damage|p1a: Ursaring|71/100\n|-enditem|p1a: Ursaring|Eviolite|[from] move: Knock Off|[of] p2a: Pikachu\n|move|p1a: Ursaring|Body Slam|p2a: Pikachu\n|-damage|p2a: Pikachu|0 fnt\n|faint|p2a: Pikachu\n|\n|upkeep\n|inactive|Time left: 300 sec this turn | 300 sec total | 5 sec grace\n|\n|t:|1783549779\n|switch|p2a: Kricketune|Kricketune, L99, F|208/312\n|turn|15\n|inactive|Time left: 300 sec this turn | 300 sec total\n|\n|t:|1783549780\n|move|p2a: Kricketune|Pounce|p1a: Ursaring\n|-damage|p1a: Ursaring|34/100\n|-unboost|p1a: Ursaring|spe|1\n|move|p1a: Ursaring|Body Slam|p2a: Kricketune\n|-damage|p2a: Kricketune|64/312\n|\n|upkeep\n|turn|16\n|inactive|Time left: 300 sec this turn | 300 sec total\n|\n|t:|1783549781\n|switch|p1a: Lanturn|Lanturn, L89, M|100/100\n|move|p2a: Kricketune|Pounce|p1a: Lanturn\n|-damage|p1a: Lanturn|64/100\n|-unboost|p1a: Lanturn|spe|1\n|\n|upkeep\n|turn|17\n|inactive|Time left: 300 sec this turn | 300 sec total\n|\n|t:|1783549782\n|move|p2a: Kricketune|Knock Off|p1a: Lanturn\n|-damage|p1a: Lanturn|32/100\n|-enditem|p1a: Lanturn|Heavy-Duty Boots|[from] move: Knock Off|[of] p2a: Kricketune\n|move|p1a: Lanturn|Volt Switch|p2a: Kricketune\n|-damage|p2a: Kricketune|0 fnt\n|faint|p2a: Kricketune\n|\n|t:|1783549783\n|switch|p1a: Lapras|Lapras, L87, M|17/100|[from] Volt Switch\n|\n|upkeep\n|inactive|Time left: 300 sec this turn | 300 sec total | 10 sec grace\n|\n|t:|1783549783\n|switch|p2a: Ditto|Ditto, L87|225/225\n|-transform|p2a: Ditto|p1a: Lapras|[from] ability: Imposter\n|turn|18\n|inactive|Time left: 300 sec this turn | 300 sec total\n|\n|t:|1783549784\n|move|p2a: Ditto|Freeze-Dry|p1a: Lapras\n|-damage|p1a: Lapras|0 fnt\n|faint|p1a: Lapras\n|\n|upkeep\n|\n|t:|1783549785\n|switch|p1a: Ursaring|Ursaring, L84, M|34/100\n|-activate|p1a: Ursaring|move: Sticky Web\n|-unboost|p1a: Ursaring|spe|1\n|turn|19\n|inactive|Time left: 300 sec this turn | 300 sec total\n|\n|t:|1783549786\n|-terastallize|p1a: Ursaring|Ghost\n|move|p2a: Ditto|Freeze-Dry|p1a: Ursaring\n|-damage|p1a: Ursaring|6/100\n|move|p1a: Ursaring|Rest|p1a: Ursaring\n|-status|p1a: Ursaring|slp|[from] move: Rest\n|-heal|p1a: Ursaring|100/100 slp|[silent]\n|\n|upkeep\n|turn|20\n|inactive|Time left: 300 sec this turn | 300 sec total\n|\n|t:|1783549787\n|move|p2a: Ditto|Freeze-Dry|p1a: Ursaring\n|-damage|p1a: Ursaring|74/100 slp\n|cant|p1a: Ursaring|slp\n|move|p1a: Ursaring|Sleep Talk|p1a: Ursaring\n|move|p1a: Ursaring|Rest||[from] move: Sleep Talk|[still]\n|-fail|p1a: Ursaring\n|\n|upkeep\n|turn|21\n|inactive|Time left: 300 sec this turn | 300 sec total\n|\n|t:|1783549787\n|move|p2a: Ditto|Freeze-Dry|p1a: Ursaring\n|-damage|p1a: Ursaring|46/100 slp\n|cant|p1a: Ursaring|slp\n|move|p1a: Ursaring|Sleep Talk|p1a: Ursaring\n|move|p1a: Ursaring|Body Slam|p2a: Ditto|[from] move: Sleep Talk\n|-damage|p2a: Ditto|51/225\n|-status|p2a: Ditto|par\n|\n|upkeep\n|turn|22\n|inactive|Time left: 300 sec this turn | 300 sec total\n|\n|t:|1783549788\n|cant|p2a: Ditto|par\n|-curestatus|p1a: Ursaring|slp|[msg]\n|move|p1a: Ursaring|Body Slam|p2a: Ditto\n|-damage|p2a: Ditto|0 fnt\n|faint|p2a: Ditto\n|\n|win|p0x91591fb", "uploadtime": 1783549788, "views": 0, "rating": 0, "private": 0, "password": null, "_winner": "p0x91591fb", "_our_name": "p0y91569e8"}