{"id": "battle-gen9randombattle-2407", "formatid": "gen9randombattle", "format": "[Gen 9] Random Battle", "players": ["p0x2407312f", "p0y2407bd64"], "log": "|init|battle\n|title|p0x2407312f vs. p0y2407bd64\n|j|\u2606p0x2407312f\n|j|\u2606p0y2407bd64\n|t:|1783567932\n|gametype|singles\n|player|p1|p0x2407312f|2|\n|player|p2|p0y2407bd64|101|\n|gen|9\n|tier|[Gen 9] Random Battle\n|rule|Species Clause: Limit one of each Pok\u00e9mon\n|rule|HP Percentage Mod: HP is shown in percentages\n|rule|Sleep Clause Mod: Limit one foe put to sleep\n|rule|Illusion Level Mod: Illusion disguises the Pok\u00e9mon's true level\n|\n|t:|1783567932\n|teamsize|p1|6\n|teamsize|p2|6\n|start\n|switch|p1a: Chansey|Chansey, L85, F|100/100\n|switch|p2a: Beartic|Beartic, L91, F|321/321\n|turn|1\n|inactive|Battle timer is ON: inactive players will automatically lose when time's up. (requested by p0y2407bd64)\n|\n|t:|1783567934\n|switch|p1a: Mimikyu|Mimikyu, L79, M|100/100\n|move|p2a: Beartic|Swords Dance|p2a: Beartic\n|-boost|p2a: Beartic|atk|2\n|\n|upkeep\n|turn|2\n|inactive|Time left: 300 sec this turn | 300 sec total\n|inactive|p0x2407312f also wants the timer to be on.\n|\n|t:|1783567935\n|move|p1a: Mimikyu|Swords Dance|p1a: Mimikyu\n|-boost|p1a: Mimikyu|atk|2\n|move|p2a: Beartic|Icicle Crash|p1a: Mimikyu\n|-activate|p1a: Mimikyu|ability: Disguise\n|-damage|p1a: Mimikyu|100/100\n|detailschange|p1a: Mimikyu|Mimikyu-Busted, L79, M\n|-damage|p1a: Mimikyu|88/100|[from] pokemon: Mimikyu-Busted\n|\n|upkeep\n|turn|3\n|inactive|Time left: 300 sec this turn | 300 sec total\n|\n|t:|1783567936\n|move|p1a: Mimikyu|Play Rough|p2a: Beartic\n|-damage|p2a: Beartic|126/321\n|-damage|p1a: Mimikyu|78/100|[from] item: Life Orb\n|move|p2a: Beartic|Icicle Crash|p1a: Mimikyu\n|-damage|p1a: Mimikyu|0 fnt\n|faint|p1a: Mimikyu\n|\n|upkeep\n|\n|t:|1783567937\n|switch|p1a: Rampardos|Rampardos, L90, F|100/100\n|turn|4\n|inactive|Time left: 300 sec this turn | 300 sec total\n|\n|t:|1783567938\n|move|p1a: Rampardos|Fire Punch|p2a: Beartic\n|-supereffective|p2a: Beartic\n|-damage|p2a: Beartic|0 fnt\n|faint|p2a: Beartic\n|\n|upkeep\n|inactive|Time left: 300 sec this turn | 300 sec total | 5 sec grace\n|\n|t:|1783567938\n|switch|p2a: Arceus|Arceus-Dragon, L71|288/288\n|turn|5\n|inactive|Time left: 300 sec this turn | 300 sec total\n|\n|t:|1783567940\n|switch|p1a: Bisharp|Bisharp, L79, F|100/100\n|move|p2a: Arceus|Outrage|p1a: Bisharp\n|-resisted|p1a: Bisharp\n|-damage|p1a: Bisharp|82/100\n|\n|upkeep\n|turn|6\n|inactive|Time left: 300 sec this turn | 300 sec total\n|\n|t:|1783567941\n|move|p2a: Arceus|Outrage|p1a: Bisharp|[from] lockedmove\n|-resisted|p1a: Bisharp\n|-damage|p1a: Bisharp|63/100\n|move|p1a: Bisharp|Swords Dance|p1a: Bisharp\n|-boost|p1a: Bisharp|atk|2\n|\n|upkeep\n|turn|7\n|inactive|Time left: 300 sec this turn | 300 sec total\n|\n|t:|1783567942\n|move|p2a: Arceus|Outrage|p1a: Bisharp|[from] lockedmove\n|-resisted|p1a: Bisharp\n|-damage|p1a: Bisharp|46/100\n|-start|p2a: Arceus|confusion|[fatigue]\n|move|p1a: Bisharp|Throat Chop|p2a: Arceus\n|-damage|p2a: Arceus|114/288\n|-start|p2a: Arceus|Throat Chop|[silent]\n|\n|upkeep\n|turn|8\n|inactive|Time left: 300 sec this turn | 300 sec total\n|\n|t:|1783567942\n|switch|p2a: Groudon|Groudon, L72|263/263\n|-weather|SunnyDay|[from] ability: Drought|[of] p2a: Groudon\n|move|p1a: Bisharp|Throat Chop|p2a: Groudon\n|-damage|p2a: Groudon|125/263\n|-start|p2a: Groudon|Throat Chop|[silent]\n|\n|-weather|SunnyDay|[upkeep]\n|-heal|p2a: Groudon|141/263|[from] item: Leftovers\n|upkeep\n|turn|9\n|inactive|Time left: 300 sec this turn | 300 sec total\n|\n|t:|1783567944\n|move|p1a: Bisharp|Sucker Punch|p2a: Groudon\n|-damage|p2a: Groudon|5/263\n|move|p2a: Groudon|Heat Crash|p1a: Bisharp\n|-supereffective|p1a: Bisharp\n|-damage|p1a: Bisharp|0 fnt\n|faint|p1a: Bisharp\n|\n|-weather|SunnyDay|[upkeep]\n|-heal|p2a: Groudon|21/263|[from] item: Leftovers\n|-end|p2a: Groudon|Throat Chop|[silent]\n|upkeep\n|\n|t:|1783567945\n|switch|p1a: Rampardos|Rampardos, L90, F|100/100\n|turn|10\n|inactive|Time left: 300 sec this turn | 300 sec total\n|\n|t:|1783567946\n|move|p1a: Rampardos|Fire Punch|p2a: Groudon\n|-damage|p2a: Groudon|0 fnt\n|faint|p2a: Groudon\n|\n|-weather|SunnyDay|[upkeep]\n|upkeep\n|inactive|Time left: 300 sec this turn | 300 sec total | 5 sec grace\n|\n|t:|1783567947\n|switch|p2a: Iron Thorns|Iron Thorns, L83|302/302\n|-enditem|p2a: Iron Thorns|Booster Energy\n|-activate|p2a: Iron Thorns|ability: Quark Drive|[fromitem]\n|-start|p2a: Iron Thorns|quarkdriveatk\n|turn|11\n|inactive|Time left: 300 sec this turn | 300 sec total\n|\n|t:|1783567948\n|switch|p1a: Flygon|Flygon, L82, M|100/100\n|move|p2a: Iron Thorns|Dragon Dance|p2a: Iron Thorns\n|-boost|p2a: Iron Thorns|atk|1\n|-boost|p2a: Iron Thorns|spe|1\n|\n|-weather|SunnyDay|[upkeep]\n|upkeep\n|turn|12\n|inactive|Time left: 300 sec this turn | 300 sec total\n|\n|t:|1783567949\n|-terastallize|p2a: Iron Thorns|Ground\n|move|p1a: Flygon|Outrage|p2a: Iron Thorns\n|-damage|p2a: Iron Thorns|188/302\n|move|p2a: Iron Thorns|Stone Edge|p1a: Flygon|[miss]\n|-miss|p2a: Iron Thorns|p1a: Flygon\n|\n|-weather|none\n|upkeep\n|turn|13\n|inactive|Time left: 300 sec this turn | 300 sec total\n|\n|t:|1783567950\n|-end|p2a: Iron Thorns|Quark Drive|[silent]\n|switch|p2a: Tropius|Tropius, L91, F|328/328\n|move|p1a: Flygon|Outrage|p2a: Tropius|[from] lockedmove\n|-damage|p2a: Tropius|219/328\n|\n|upkeep\n|turn|14\n|inactive|Time left: 300 sec this turn | 300 sec total\n|\n|t:|1783567951\n|move|p1a: Flygon|Outrage|p2a: Tropius|[from] lockedmove\n|-damage|p2a: Tropius|110/328\n|-enditem|p2a: Tropius|Sitrus Berry|[eat]\n|-heal|p2a: Tropius|192/328|[from] item: Sitrus Berry\n|-start|p1a: Flygon|confusion|[fatigue]\n|move|p2a: Tropius|Dragon Dance|p2a: Tropius\n|-boost|p2a: Tropius|atk|1\n|-boost|p2a: Tropius|spe|1\n|\n|upkeep\n|turn|15\n|inactive|Time left: 300 sec this turn | 300 sec total\n|\n|t:|1783567952\n|-activate|p1a: Flygon|confusion\n|move|p1a: Flygon|Outrage|p2a: Tropius\n|-damage|p2a: Tropius|68/328\n|move|p2a: Tropius|Leaf Blade|p1a: Flygon\n|-damage|p1a: Flygon|51/100\n|\n|-item|p2a: Tropius|Sitrus Berry|[from] ability: Harvest\n|upkeep\n|-enditem|p2a: Tropius|Sitrus Berry|[eat]\n|-heal|p2a: Tropius|150/328|[from] item: Sitrus Berry\n|turn|16\n|inactive|Time left: 300 sec this turn | 300 sec total\n|\n|t:|1783567953\n|-activate|p1a: Flygon|confusion\n|move|p1a: Flygon|Outrage|p2a: Tropius|[from] lockedmove\n|-damage|p2a: Tropius|39/328\n|move|p2a: Tropius|Leaf Blade|p1a: Flygon\n|-damage|p1a: Flygon|0 fnt\n|faint|p1a: Flygon\n|\n|-item|p2a: Tropius|Sitrus Berry|[from] ability: Harvest\n|upkeep\n|-enditem|p2a: Tropius|Sitrus Berry|[eat]\n|-heal|p2a: Tropius|121/328|[from] item: Sitrus Berry\n|\n|t:|1783567954\n|switch|p1a: Rampardos|Rampardos, L90, F|100/100\n|turn|17\n|inactive|Time left: 300 sec this turn | 300 sec total\n|\n|t:|1783567955\n|move|p1a: Rampardos|Fire Punch|p2a: Tropius\n|-supereffective|p2a: Tropius\n|-damage|p2a: Tropius|0 fnt\n|faint|p2a: Tropius\n|\n|upkeep\n|inactive|Time left: 300 sec this turn | 300 sec total | 5 sec grace\n|\n|t:|1783567956\n|switch|p2a: Arceus|Arceus-Dragon, L71|114/288\n|turn|18\n|inactive|Time left: 300 sec this turn | 300 sec total\n|\n|t:|1783567957\n|-terastallize|p1a: Rampardos|Fire\n|move|p1a: Rampardos|Fire Punch|p2a: Arceus\n|-resisted|p2a: Arceus\n|-damage|p2a: Arceus|27/288\n|move|p2a: Arceus|Outrage|p1a: Rampardos\n|-damage|p1a: Rampardos|48/100\n|\n|upkeep\n|turn|19\n|inactive|Time left: 300 sec this turn | 300 sec total\n|\n|t:|1783567958\n|move|p1a: Rampardos|Fire Punch|p2a: Arceus\n|-resisted|p2a: Arceus\n|-damage|p2a: Arceus|0 fnt\n|faint|p2a: Arceus\n|\n|upkeep\n|inactive|Time left: 300 sec this turn | 300 sec total | 5 sec grace\n|\n|t:|1783567959\n|switch|p2a: Iron Thorns|Iron Thorns, L83, tera:Ground|188/302\n|turn|20\n|inactive|Time left: 300 sec this turn | 300 sec total\n|\n|t:|1783567960\n|move|p1a: Rampardos|Fire Punch|p2a: Iron Thorns\n|-damage|p2a: Iron Thorns|34/302\n|move|p2a: Iron Thorns|Dragon Dance|p2a: Iron Thorns\n|-boost|p2a: Iron Thorns|atk|1\n|-boost|p2a: Iron Thorns|spe|1\n|\n|upkeep\n|turn|21\n|inactive|Time left: 300 sec this turn | 300 sec total\n|\n|t:|1783567961\n|move|p2a: Iron Thorns|Earthquake|p1a: Rampardos\n|-supereffective|p1a: Rampardos\n|-crit|p1a: Rampardos\n|-damage|p1a: Rampardos|0 fnt\n|faint|p1a: Rampardos\n|\n|upkeep\n|\n|t:|1783567963\n|switch|p1a: Sandaconda|Sandaconda, L84, M|100/100\n|turn|22\n|inactive|Time left: 300 sec this turn | 300 sec total\n|\n|t:|1783567963\n|move|p2a: Iron Thorns|Earthquake|p1a: Sandaconda\n|-damage|p1a: Sandaconda|41/100\n|move|p1a: Sandaconda|Earthquake|p2a: Iron Thorns\n|-damage|p2a: Iron Thorns|0 fnt\n|faint|p2a: Iron Thorns\n|-end|p2a: Iron Thorns|Quark Drive|[silent]\n|\n|upkeep\n|inactive|Time left: 300 sec this turn | 300 sec total | 5 sec grace\n|\n|t:|1783567964\n|switch|p2a: Tauros|Tauros, L82, M|257/257\n|turn|23\n|inactive|Time left: 300 sec this turn | 300 sec total\n|\n|t:|1783567965\n|move|p2a: Tauros|Body Slam|p1a: Sandaconda\n|-damage|p1a: Sandaconda|0 fnt\n|faint|p1a: Sandaconda\n|\n|upkeep\n|\n|t:|1783567966\n|switch|p1a: Chansey|Chansey, L85, F|100/100\n|turn|24\n|inactive|Time left: 300 sec this turn | 300 sec total\n|\n|t:|1783567967\n|move|p2a: Tauros|Close Combat|p1a: Chansey\n|-supereffective|p1a: Chansey\n|-damage|p1a: Chansey|19/100\n|-unboost|p2a: Tauros|def|1\n|-unboost|p2a: Tauros|spd|1\n|-damage|p2a: Tauros|232/257|[from] item: Life Orb\n|move|p1a: Chansey|Thunder Wave|p2a: Tauros\n|-status|p2a: Tauros|par\n|\n|upkeep\n|turn|25\n|inactive|Time left: 300 sec this turn | 300 sec total\n|\n|t:|1783567968\n|move|p1a: Chansey|Soft-Boiled|p1a: Chansey\n|-heal|p1a: Chansey|69/100\n|move|p2a: Tauros|Close Combat|p1a: Chansey\n|-supereffective|p1a: Chansey\n|-damage|p1a: Chansey|0 fnt\n|-unboost|p2a: Tauros|def|1\n|-unboost|p2a: Tauros|spd|1\n|faint|p1a: Chansey\n|-damage|p2a: Tauros|207/257 par|[from] item: Life Orb\n|\n|win|p0y2407bd64", "uploadtime": 1783567968, "views": 0, "rating": 0, "private": 0, "password": null, "_winner": "p0y2407bd64", "_our_name": "p0y2407bd64"}