{"id": "battle-gen9randombattle-367", "formatid": "gen9randombattle", "format": "[Gen 9] Random Battle", "players": ["p0x3674acf", "p0y367d5a2"], "log": "|init|battle\n|title|p0x3674acf vs. p0y367d5a2\n|j|\u2606p0x3674acf\n|j|\u2606p0y367d5a2\n|t:|1783543908\n|gametype|singles\n|player|p1|p0x3674acf|101|\n|player|p2|p0y367d5a2|170|\n|gen|9\n|tier|[Gen 9] Random Battle\n|rule|Species Clause: Limit one of each Pok\u00e9mon\n|rule|HP Percentage Mod: HP is shown in percentages\n|rule|Sleep Clause Mod: Limit one foe put to sleep\n|rule|Illusion Level Mod: Illusion disguises the Pok\u00e9mon's true level\n|\n|t:|1783543908\n|teamsize|p1|6\n|teamsize|p2|6\n|start\n|switch|p1a: Hatterene|Hatterene, L85, F|100/100\n|switch|p2a: Chesnaught|Chesnaught, L84, M|285/285\n|turn|1\n|inactive|Battle timer is ON: inactive players will automatically lose when time's up. (requested by p0y367d5a2)\n|\n|t:|1783543910\n|switch|p2a: Lunala|Lunala, L70|308/308\n|move|p1a: Hatterene|Psychic|p2a: Lunala\n|-resisted|p2a: Lunala\n|-damage|p2a: Lunala|275/308\n|\n|-heal|p2a: Lunala|294/308|[from] item: Leftovers\n|upkeep\n|turn|2\n|inactive|Time left: 300 sec this turn | 300 sec total\n|inactive|p0x3674acf also wants the timer to be on.\n|\n|t:|1783543911\n|move|p2a: Lunala|Calm Mind|p2a: Lunala\n|-boost|p2a: Lunala|spa|1\n|-boost|p2a: Lunala|spd|1\n|move|p1a: Hatterene|Mystical Fire|p2a: Lunala\n|-damage|p2a: Lunala|247/308\n|-unboost|p2a: Lunala|spa|1\n|\n|-heal|p2a: Lunala|266/308|[from] item: Leftovers\n|upkeep\n|turn|3\n|inactive|Time left: 300 sec this turn | 300 sec total\n|\n|t:|1783543913\n|move|p2a: Lunala|Moongeist Beam|p1a: Hatterene\n|-supereffective|p1a: Hatterene\n|-damage|p1a: Hatterene|46/100\n|move|p1a: Hatterene|Nuzzle|p2a: Lunala\n|-damage|p2a: Lunala|250/308\n|-status|p2a: Lunala|par\n|\n|-heal|p2a: Lunala|269/308 par|[from] item: Leftovers\n|upkeep\n|turn|4\n|inactive|Time left: 300 sec this turn | 300 sec total\n|\n|t:|1783543914\n|move|p1a: Hatterene|Draining Kiss|p2a: Lunala\n|-damage|p2a: Lunala|215/308 par\n|-heal|p1a: Hatterene|64/100|[from] drain|[of] p2a: Lunala\n|cant|p2a: Lunala|par\n|\n|-heal|p2a: Lunala|234/308 par|[from] item: Leftovers\n|upkeep\n|turn|5\n|inactive|Time left: 300 sec this turn | 300 sec total\n|\n|t:|1783543915\n|move|p1a: Hatterene|Mystical Fire|p2a: Lunala\n|-damage|p2a: Lunala|183/308 par\n|-unboost|p2a: Lunala|spa|1\n|move|p2a: Lunala|Calm Mind|p2a: Lunala\n|-boost|p2a: Lunala|spa|1\n|-boost|p2a: Lunala|spd|1\n|\n|-heal|p2a: Lunala|202/308 par|[from] item: Leftovers\n|upkeep\n|turn|6\n|inactive|Time left: 300 sec this turn | 300 sec total\n|\n|t:|1783543916\n|move|p1a: Hatterene|Mystical Fire|p2a: Lunala\n|-damage|p2a: Lunala|163/308 par\n|-unboost|p2a: Lunala|spa|1\n|cant|p2a: Lunala|par\n|\n|-heal|p2a: Lunala|182/308 par|[from] item: Leftovers\n|upkeep\n|turn|7\n|inactive|Time left: 300 sec this turn | 300 sec total\n|\n|t:|1783543917\n|move|p1a: Hatterene|Mystical Fire|p2a: Lunala\n|-damage|p2a: Lunala|145/308 par\n|-unboost|p2a: Lunala|spa|1\n|cant|p2a: Lunala|par\n|\n|-heal|p2a: Lunala|164/308 par|[from] item: Leftovers\n|upkeep\n|turn|8\n|inactive|Time left: 300 sec this turn | 300 sec total\n|\n|t:|1783543918\n|move|p1a: Hatterene|Draining Kiss|p2a: Lunala\n|-damage|p2a: Lunala|128/308 par\n|-heal|p1a: Hatterene|75/100|[from] drain|[of] p2a: Lunala\n|move|p2a: Lunala|Moonlight|p2a: Lunala\n|-heal|p2a: Lunala|282/308 par\n|\n|-heal|p2a: Lunala|301/308 par|[from] item: Leftovers\n|upkeep\n|turn|9\n|inactive|Time left: 300 sec this turn | 300 sec total\n|\n|t:|1783543919\n|move|p1a: Hatterene|Mystical Fire|p2a: Lunala\n|-damage|p2a: Lunala|263/308 par\n|-unboost|p2a: Lunala|spa|1\n|cant|p2a: Lunala|par\n|\n|-heal|p2a: Lunala|282/308 par|[from] item: Leftovers\n|upkeep\n|turn|10\n|inactive|Time left: 300 sec this turn | 300 sec total\n|\n|t:|1783543920\n|move|p1a: Hatterene|Psychic|p2a: Lunala\n|-resisted|p2a: Lunala\n|-damage|p2a: Lunala|250/308 par\n|cant|p2a: Lunala|par\n|\n|-heal|p2a: Lunala|269/308 par|[from] item: Leftovers\n|upkeep\n|turn|11\n|inactive|Time left: 300 sec this turn | 300 sec total\n|\n|t:|1783543921\n|move|p1a: Hatterene|Mystical Fire|p2a: Lunala\n|-damage|p2a: Lunala|234/308 par\n|-unboost|p2a: Lunala|spa|1\n|move|p2a: Lunala|Calm Mind|p2a: Lunala\n|-boost|p2a: Lunala|spa|1\n|-boost|p2a: Lunala|spd|1\n|\n|-heal|p2a: Lunala|253/308 par|[from] item: Leftovers\n|upkeep\n|turn|12\n|inactive|Time left: 300 sec this turn | 300 sec total\n|\n|t:|1783543922\n|move|p1a: Hatterene|Mystical Fire|p2a: Lunala\n|-damage|p2a: Lunala|223/308 par\n|-unboost|p2a: Lunala|spa|1\n|move|p2a: Lunala|Moonlight|p2a: Lunala\n|-heal|p2a: Lunala|308/308 par\n|\n|upkeep\n|turn|13\n|inactive|Time left: 300 sec this turn | 300 sec total\n|\n|t:|1783543923\n|move|p1a: Hatterene|Mystical Fire|p2a: Lunala\n|-damage|p2a: Lunala|294/308 par\n|-unboost|p2a: Lunala|spa|1\n|cant|p2a: Lunala|par\n|\n|-heal|p2a: Lunala|308/308 par|[from] item: Leftovers\n|upkeep\n|turn|14\n|inactive|Time left: 300 sec this turn | 300 sec total\n|\n|t:|1783543924\n|switch|p2a: Uxie|Uxie, L83|260/260\n|move|p1a: Hatterene|Psychic|p2a: Uxie\n|-resisted|p2a: Uxie\n|-damage|p2a: Uxie|211/260\n|\n|-heal|p2a: Uxie|227/260|[from] item: Leftovers\n|upkeep\n|turn|15\n|inactive|Time left: 300 sec this turn | 300 sec total\n|\n|t:|1783543926\n|move|p2a: Uxie|Psychic Noise|p1a: Hatterene\n|-resisted|p1a: Hatterene\n|-damage|p1a: Hatterene|67/100\n|-start|p1a: Hatterene|move: Heal Block\n|move|p1a: Hatterene|Mystical Fire|p2a: Uxie\n|-damage|p2a: Uxie|176/260\n|-unboost|p2a: Uxie|spa|1\n|\n|-heal|p2a: Uxie|192/260|[from] item: Leftovers\n|upkeep\n|turn|16\n|inactive|Time left: 300 sec this turn | 300 sec total\n|\n|t:|1783543927\n|move|p2a: Uxie|U-turn|p1a: Hatterene\n|-damage|p1a: Hatterene|52/100\n|inactive|Time left: 300 sec this turn | 300 sec total | 5 sec grace\n|\n|t:|1783543928\n|switch|p2a: Lunala|Lunala, L70|308/308 par|[from] U-turn\n|move|p1a: Hatterene|Mystical Fire|p2a: Lunala\n|-damage|p2a: Lunala|270/308 par\n|-unboost|p2a: Lunala|spa|1\n|\n|-heal|p2a: Lunala|289/308 par|[from] item: Leftovers\n|-end|p1a: Hatterene|move: Heal Block\n|upkeep\n|turn|17\n|inactive|Time left: 300 sec this turn | 300 sec total\n|\n|t:|1783543929\n|move|p1a: Hatterene|Draining Kiss|p2a: Lunala\n|-crit|p2a: Lunala\n|-damage|p2a: Lunala|181/308 par\n|-heal|p1a: Hatterene|86/100|[from] drain|[of] p2a: Lunala\n|cant|p2a: Lunala|par\n|\n|-heal|p2a: Lunala|200/308 par|[from] item: Leftovers\n|upkeep\n|turn|18\n|inactive|Time left: 300 sec this turn | 300 sec total\n|\n|t:|1783543930\n|move|p1a: Hatterene|Mystical Fire|p2a: Lunala\n|-damage|p2a: Lunala|132/308 par\n|-unboost|p2a: Lunala|spa|1\n|move|p2a: Lunala|Moonlight|p2a: Lunala\n|-heal|p2a: Lunala|286/308 par\n|\n|-heal|p2a: Lunala|305/308 par|[from] item: Leftovers\n|upkeep\n|turn|19\n|inactive|Time left: 300 sec this turn | 300 sec total\n|\n|t:|1783543931\n|switch|p2a: Uxie|Uxie, L83|192/260\n|move|p1a: Hatterene|Mystical Fire|p2a: Uxie\n|-crit|p2a: Uxie\n|-damage|p2a: Uxie|111/260\n|-unboost|p2a: Uxie|spa|1\n|\n|-heal|p2a: Uxie|127/260|[from] item: Leftovers\n|upkeep\n|turn|20\n|inactive|Time left: 300 sec this turn | 300 sec total\n|\n|t:|1783543933\n|move|p2a: Uxie|Psychic Noise|p1a: Hatterene\n|-resisted|p1a: Hatterene\n|-damage|p1a: Hatterene|81/100\n|-start|p1a: Hatterene|move: Heal Block\n|cant|p1a: Hatterene|move: Heal Block|Draining Kiss\n|\n|-heal|p2a: Uxie|143/260|[from] item: Leftovers\n|upkeep\n|turn|21\n|inactive|Time left: 300 sec this turn | 300 sec total\n|\n|t:|1783543934\n|switch|p2a: Lunala|Lunala, L70|305/308 par\n|move|p1a: Hatterene|Mystical Fire|p2a: Lunala\n|-damage|p2a: Lunala|232/308 par\n|-unboost|p2a: Lunala|spa|1\n|\n|-heal|p2a: Lunala|251/308 par|[from] item: Leftovers\n|-end|p1a: Hatterene|move: Heal Block\n|upkeep\n|turn|22\n|inactive|Time left: 300 sec this turn | 300 sec total\n|\n|t:|1783543935\n|move|p1a: Hatterene|Draining Kiss|p2a: Lunala\n|-damage|p2a: Lunala|178/308 par\n|-heal|p1a: Hatterene|100/100|[from] drain|[of] p2a: Lunala\n|move|p2a: Lunala|Calm Mind|p2a: Lunala\n|-boost|p2a: Lunala|spa|1\n|-boost|p2a: Lunala|spd|1\n|\n|-heal|p2a: Lunala|197/308 par|[from] item: Leftovers\n|upkeep\n|turn|23\n|inactive|Time left: 300 sec this turn | 300 sec total\n|\n|t:|1783543936\n|move|p1a: Hatterene|Mystical Fire|p2a: Lunala\n|-damage|p2a: Lunala|146/308 par\n|-unboost|p2a: Lunala|spa|1\n|move|p2a: Lunala|Moongeist Beam|p1a: Hatterene\n|-supereffective|p1a: Hatterene\n|-damage|p1a: Hatterene|70/100\n|\n|-heal|p2a: Lunala|165/308 par|[from] item: Leftovers\n|upkeep\n|turn|24\n|inactive|Time left: 300 sec this turn | 300 sec total\n|\n|t:|1783543937\n|move|p1a: Hatterene|Draining Kiss|p2a: Lunala\n|-damage|p2a: Lunala|116/308 par\n|-heal|p1a: Hatterene|86/100|[from] drain|[of] p2a: Lunala\n|move|p2a: Lunala|Moonlight|p2a: Lunala\n|-heal|p2a: Lunala|270/308 par\n|\n|-heal|p2a: Lunala|289/308 par|[from] item: Leftovers\n|upkeep\n|turn|25\n|inactive|Time left: 300 sec this turn | 300 sec total\n|\n|t:|1783543938\n|move|p1a: Hatterene|Mystical Fire|p2a: Lunala\n|-damage|p2a: Lunala|241/308 par\n|-unboost|p2a: Lunala|spa|1\n|move|p2a: Lunala|Moongeist Beam|p1a: Hatterene\n|-supereffective|p1a: Hatterene\n|-damage|p1a: Hatterene|59/100\n|\n|-heal|p2a: Lunala|260/308 par|[from] item: Leftovers\n|upkeep\n|turn|26\n|inactive|Time left: 300 sec this turn | 300 sec total\n|\n|t:|1783543939\n|move|p1a: Hatterene|Draining Kiss|p2a: Lunala\n|-damage|p2a: Lunala|214/308 par\n|-heal|p1a: Hatterene|74/100|[from] drain|[of] p2a: Lunala\n|move|p2a: Lunala|Moongeist Beam|p1a: Hatterene\n|-supereffective|p1a: Hatterene\n|-damage|p1a: Hatterene|50/100\n|\n|-heal|p2a: Lunala|233/308 par|[from] item: Leftovers\n|upkeep\n|turn|27\n|inactive|Time left: 300 sec this turn | 300 sec total\n|\n|t:|1783543940\n|move|p1a: Hatterene|Draining Kiss|p2a: Lunala\n|-damage|p2a: Lunala|181/308 par\n|-heal|p1a: Hatterene|67/100|[from] drain|[of] p2a: Lunala\n|cant|p2a: Lunala|par\n|\n|-heal|p2a: Lunala|200/308 par|[from] item: Leftovers\n|upkeep\n|turn|28\n|inactive|Time left: 300 sec this turn | 300 sec total\n|\n|t:|1783543941\n|move|p1a: Hatterene|Mystical Fire|p2a: Lunala\n|-damage|p2a: Lunala|155/308 par\n|-unboost|p2a: Lunala|spa|1\n|cant|p2a: Lunala|par\n|\n|-heal|p2a: Lunala|174/308 par|[from] item: Leftovers\n|upkeep\n|turn|29\n|inactive|Time left: 300 sec this turn | 300 sec total\n|\n|t:|1783543942\n|move|p1a: Hatterene|Draining Kiss|p2a: Lunala\n|-damage|p2a: Lunala|126/308 par\n|-heal|p1a: Hatterene|82/100|[from] drain|[of] p2a: Lunala\n|cant|p2a: Lunala|par\n|\n|-heal|p2a: Lunala|145/308 par|[from] item: Leftovers\n|upkeep\n|turn|30\n|inactive|Time left: 300 sec this turn | 300 sec total\n|\n|t:|1783543943\n|move|p1a: Hatterene|Draining Kiss|p2a: Lunala\n|-damage|p2a: Lunala|94/308 par\n|-heal|p1a: Hatterene|98/100|[from] drain|[of] p2a: Lunala\n|cant|p2a: Lunala|par\n|\n|-heal|p2a: Lunala|113/308 par|[from] item: Leftovers\n|upkeep\n|turn|31\n|inactive|Time left: 300 sec this turn | 300 sec total\n|\n|t:|1783543944\n|move|p1a: Hatterene|Psychic|p2a: Lunala\n|-resisted|p2a: Lunala\n|-damage|p2a: Lunala|71/308 par\n|move|p2a: Lunala|Moonlight|p2a: Lunala\n|-heal|p2a: Lunala|225/308 par\n|\n|-heal|p2a: Lunala|244/308 par|[from] item: Leftovers\n|upkeep\n|turn|32\n|inactive|Time left: 300 sec this turn | 300 sec total\n|\n|t:|1783543945\n|switch|p2a: Uxie|Uxie, L83|143/260\n|move|p1a: Hatterene|Psychic|p2a: Uxie\n|-resisted|p2a: Uxie\n|-damage|p2a: Uxie|95/260\n|\n|-heal|p2a: Uxie|111/260|[from] item: Leftovers\n|upkeep\n|turn|33\n|inactive|Time left: 300 sec this turn | 300 sec total\n|\n|t:|1783543946\n|move|p2a: Uxie|Psychic Noise|p1a: Hatterene\n|-resisted|p1a: Hatterene\n|-damage|p1a: Hatterene|90/100\n|-start|p1a: Hatterene|move: Heal Block\n|move|p1a: Hatterene|Psychic|p2a: Uxie\n|-resisted|p2a: Uxie\n|-damage|p2a: Uxie|66/260\n|\n|-heal|p2a: Uxie|82/260|[from] item: Leftovers\n|upkeep\n|turn|34\n|inactive|Time left: 300 sec this turn | 300 sec total\n|\n|t:|1783543947\n|switch|p2a: Cacturne|Cacturne, L92, M|278/278\n|move|p1a: Hatterene|Psychic|p2a: Cacturne\n|-immune|p2a: Cacturne\n|\n|-end|p1a: Hatterene|move: Heal Block\n|upkeep\n|turn|35\n|inactive|Time left: 300 sec this turn | 300 sec total\n|\n|t:|1783543948\n|switch|p2a: Lunala|Lunala, L70|244/308 par\n|move|p1a: Hatterene|Draining Kiss|p2a: Lunala\n|-damage|p2a: Lunala|175/308 par\n|-heal|p1a: Hatterene|100/100|[from] drain|[of] p2a: Lunala\n|\n|-heal|p2a: Lunala|194/308 par|[from] item: Leftovers\n|upkeep\n|turn|36\n|inactive|Time left: 300 sec this turn | 300 sec total\n|\n|t:|1783543949\n|move|p1a: Hatterene|Psychic|p2a: Lunala\n|-resisted|p2a: Lunala\n|-damage|p2a: Lunala|126/308 par\n|-unboost|p2a: Lunala|spd|1\n|move|p2a: Lunala|Calm Mind|p2a: Lunala\n|-boost|p2a: Lunala|spa|1\n|-boost|p2a: Lunala|spd|1\n|\n|-heal|p2a: Lunala|145/308 par|[from] item: Leftovers\n|upkeep\n|turn|37\n|inactive|Time left: 300 sec this turn | 300 sec total\n|\n|t:|1783543950\n|move|p1a: Hatterene|Draining Kiss|p2a: Lunala\n|-damage|p2a: Lunala|70/308 par\n|move|p2a: Lunala|Moongeist Beam|p1a: Hatterene\n|-supereffective|p1a: Hatterene\n|-damage|p1a: Hatterene|27/100\n|\n|-heal|p2a: Lunala|89/308 par|[from] item: Leftovers\n|upkeep\n|turn|38\n|inactive|Time left: 300 sec this turn | 300 sec total\n|\n|t:|1783543951\n|-terastallize|p1a: Hatterene|Fairy\n|move|p1a: Hatterene|Draining Kiss|p2a: Lunala\n|-crit|p2a: Lunala\n|-damage|p2a: Lunala|0 fnt\n|-heal|p1a: Hatterene|55/100|[from] drain|[of] p2a: Lunala\n|faint|p2a: Lunala\n|\n|upkeep\n|inactive|Time left: 300 sec this turn | 300 sec total | 5 sec grace\n|\n|t:|1783543952\n|switch|p2a: Cacturne|Cacturne, L92, M|278/278\n|turn|39\n|inactive|Time left: 300 sec this turn | 300 sec total\n|\n|t:|1783543953\n|move|p2a: Cacturne|Seed Bomb|p1a: Hatterene\n|-damage|p1a: Hatterene|0 fnt\n|faint|p1a: Hatterene\n|-damage|p2a: Cacturne|251/278|[from] item: Life Orb\n|\n|upkeep\n|\n|t:|1783543954\n|switch|p1a: Kricketune|Kricketune, L99, M|100/100\n|turn|40\n|inactive|Time left: 300 sec this turn | 300 sec total\n|\n|t:|1783543955\n|move|p1a: Kricketune|Pounce|p2a: Cacturne\n|-supereffective|p2a: Cacturne\n|-damage|p2a: Cacturne|0 fnt\n|faint|p2a: Cacturne\n|\n|upkeep\n|inactive|Time left: 300 sec this turn | 300 sec total | 5 sec grace\n|\n|t:|1783543956\n|switch|p2a: Dunsparce|Dunsparce, L86, M|312/312\n|turn|41\n|inactive|Time left: 300 sec this turn | 300 sec total\n|\n|t:|1783543957\n|move|p1a: Kricketune|Sticky Web|p2a: Dunsparce\n|-sidestart|p2: p0y367d5a2|move: Sticky Web\n|move|p2a: Dunsparce|Body Slam|p1a: Kricketune\n|-damage|p1a: Kricketune|72/100\n|\n|upkeep\n|turn|42\n|inactive|Time left: 300 sec this turn | 300 sec total\n|\n|t:|1783543958\n|move|p1a: Kricketune|Pounce|p2a: Dunsparce\n|-damage|p2a: Dunsparce|231/312\n|-unboost|p2a: Dunsparce|spe|1\n|move|p2a: Dunsparce|Body Slam|p1a: Kricketune\n|-damage|p1a: Kricketune|42/100\n|-status|p1a: Kricketune|par\n|\n|upkeep\n|turn|43\n|inactive|Time left: 300 sec this turn | 300 sec total\n|\n|t:|1783543959\n|cant|p1a: Kricketune|par\n|move|p2a: Dunsparce|Coil|p2a: Dunsparce\n|-boost|p2a: Dunsparce|atk|1\n|-boost|p2a: Dunsparce|def|1\n|-boost|p2a: Dunsparce|accuracy|1\n|\n|upkeep\n|turn|44\n|inactive|Time left: 300 sec this turn | 300 sec total\n|\n|t:|1783543960\n|cant|p1a: Kricketune|par\n|move|p2a: Dunsparce|Body Slam|p1a: Kricketune\n|-damage|p1a: Kricketune|0 fnt\n|faint|p1a: Kricketune\n|\n|upkeep\n|\n|t:|1783543961\n|switch|p1a: Flapple|Flapple, L88, F|100/100\n|turn|45\n|inactive|Time left: 300 sec this turn | 300 sec total\n|\n|t:|1783543962\n|move|p1a: Flapple|Dragon Dance|p1a: Flapple\n|-boost|p1a: Flapple|atk|1\n|-boost|p1a: Flapple|spe|1\n|move|p2a: Dunsparce|Body Slam|p1a: Flapple\n|-damage|p1a: Flapple|60/100\n|\n|upkeep\n|turn|46\n|inactive|Time left: 300 sec this turn | 300 sec total\n|\n|t:|1783543963\n|move|p1a: Flapple|Outrage|p2a: Dunsparce\n|-damage|p2a: Dunsparce|62/312\n|move|p2a: Dunsparce|Body Slam|p1a: Flapple\n|-damage|p1a: Flapple|18/100\n|-status|p1a: Flapple|par\n|-enditem|p1a: Flapple|Lum Berry|[eat]\n|-curestatus|p1a: Flapple|par|[msg]\n|\n|upkeep\n|turn|47\n|inactive|Time left: 300 sec this turn | 300 sec total\n|\n|t:|1783543964\n|move|p1a: Flapple|Outrage|p2a: Dunsparce|[from] lockedmove\n|-damage|p2a: Dunsparce|0 fnt\n|faint|p2a: Dunsparce\n|\n|upkeep\n|inactive|Time left: 300 sec this turn | 300 sec total | 5 sec grace\n|\n|t:|1783543965\n|switch|p2a: Chesnaught|Chesnaught, L84, M|285/285\n|-activate|p2a: Chesnaught|move: Sticky Web\n|-unboost|p2a: Chesnaught|spe|1\n|turn|48\n|inactive|Time left: 300 sec this turn | 300 sec total\n|\n|t:|1783543967\n|move|p1a: Flapple|Outrage|p2a: Chesnaught|[from] lockedmove\n|-damage|p2a: Chesnaught|21/285\n|-start|p1a: Flapple|confusion|[fatigue]\n|move|p2a: Chesnaught|Body Press|p1a: Flapple\n|-damage|p1a: Flapple|0 fnt\n|faint|p1a: Flapple\n|\n|-heal|p2a: Chesnaught|38/285|[from] item: Leftovers\n|upkeep\n|\n|t:|1783543968\n|switch|p1a: Bellibolt|Bellibolt, L84, M|100/100\n|turn|49\n|inactive|Time left: 300 sec this turn | 300 sec total\n|\n|t:|1783543969\n|move|p1a: Bellibolt|Thunderbolt|p2a: Chesnaught\n|-resisted|p2a: Chesnaught\n|-damage|p2a: Chesnaught|0 fnt\n|faint|p2a: Chesnaught\n|\n|upkeep\n|inactive|Time left: 300 sec this turn | 300 sec total | 5 sec grace\n|\n|t:|1783543970\n|switch|p2a: Mabosstiff|Mabosstiff, L86, F|278/278\n|-activate|p2a: Mabosstiff|move: Sticky Web\n|-unboost|p2a: Mabosstiff|spe|1\n|turn|50\n|inactive|Time left: 300 sec this turn | 300 sec total\n|\n|t:|1783543971\n|move|p2a: Mabosstiff|Crunch|p1a: Bellibolt\n|-damage|p1a: Bellibolt|70/100\n|-unboost|p1a: Bellibolt|def|1\n|-start|p1a: Bellibolt|Charge|Crunch|[from] ability: Electromorphosis\n|move|p1a: Bellibolt|Thunderbolt|p2a: Mabosstiff\n|-damage|p2a: Mabosstiff|31/278\n|-end|p1a: Bellibolt|Charge|[silent]\n|\n|-heal|p1a: Bellibolt|76/100|[from] item: Leftovers\n|upkeep\n|turn|51\n|inactive|Time left: 300 sec this turn | 300 sec total\n|\n|t:|1783543972\n|move|p2a: Mabosstiff|Crunch|p1a: Bellibolt\n|-damage|p1a: Bellibolt|28/100\n|-unboost|p1a: Bellibolt|def|1\n|-start|p1a: Bellibolt|Charge|Crunch|[from] ability: Electromorphosis\n|move|p1a: Bellibolt|Volt Switch|p2a: Mabosstiff\n|-damage|p2a: Mabosstiff|0 fnt\n|faint|p2a: Mabosstiff\n|-end|p1a: Bellibolt|Charge|[silent]\n|\n|t:|1783543973\n|switch|p1a: Lycanroc|Lycanroc, L86, M|100/100|[from] Volt Switch\n|\n|upkeep\n|inactive|Time left: 300 sec this turn | 300 sec total | 10 sec grace\n|\n|t:|1783543974\n|switch|p2a: Uxie|Uxie, L83|82/260\n|turn|52\n|inactive|Time left: 300 sec this turn | 300 sec total\n|\n|t:|1783543975\n|move|p1a: Lycanroc|Crunch|p2a: Uxie\n|-supereffective|p2a: Uxie\n|-damage|p2a: Uxie|0 fnt\n|faint|p2a: Uxie\n|-damage|p1a: Lycanroc|91/100|[from] item: Life Orb\n|\n|win|p0x3674acf", "uploadtime": 1783543975, "views": 0, "rating": 0, "private": 0, "password": null, "_winner": "p0x3674acf", "_our_name": "p0y367d5a2"}