{"id": "battle-gen9randombattle-365", "formatid": "gen9randombattle", "format": "[Gen 9] Random Battle", "players": ["p0x36557f3", "p0y365bc09"], "log": "|init|battle\n|title|p0x36557f3 vs. p0y365bc09\n|j|\u2606p0x36557f3\n|j|\u2606p0y365bc09\n|t:|1783543900\n|gametype|singles\n|player|p1|p0x36557f3|266|\n|player|p2|p0y365bc09|265|\n|gen|9\n|tier|[Gen 9] Random Battle\n|rule|Species Clause: Limit one of each Pok\u00e9mon\n|rule|HP Percentage Mod: HP is shown in percentages\n|rule|Sleep Clause Mod: Limit one foe put to sleep\n|rule|Illusion Level Mod: Illusion disguises the Pok\u00e9mon's true level\n|\n|t:|1783543900\n|teamsize|p1|6\n|teamsize|p2|6\n|start\n|switch|p1a: Iron Leaves|Iron Leaves, L80|275/275\n|switch|p2a: Sylveon|Sylveon, L85, F|100/100\n|turn|1\n|inactive|Battle timer is ON: inactive players will automatically lose when time's up. (requested by p0x36557f3)\n|inactive|p0y365bc09 also wants the timer to be on.\n|\n|t:|1783543901\n|move|p1a: Iron Leaves|Leaf Blade|p2a: Sylveon\n|-damage|p2a: Sylveon|36/100\n|move|p2a: Sylveon|Hyper Voice|p1a: Iron Leaves\n|-damage|p1a: Iron Leaves|151/275\n|\n|-heal|p2a: Sylveon|42/100|[from] item: Leftovers\n|upkeep\n|turn|2\n|inactive|Time left: 300 sec this turn | 300 sec total\n|\n|t:|1783543902\n|switch|p2a: Gouging Fire|Gouging Fire, L74|100/100\n|move|p1a: Iron Leaves|Leaf Blade|p2a: Gouging Fire\n|-resisted|p2a: Gouging Fire\n|-damage|p2a: Gouging Fire|88/100\n|\n|upkeep\n|turn|3\n|inactive|Time left: 300 sec this turn | 300 sec total\n|\n|t:|1783543903\n|-end|p1a: Iron Leaves|Quark Drive|[silent]\n|switch|p1a: Pelipper|Pelipper, L86, F|243/243\n|-weather|RainDance|[from] ability: Drizzle|[of] p1a: Pelipper\n|move|p2a: Gouging Fire|Dragon Dance|p2a: Gouging Fire\n|-boost|p2a: Gouging Fire|atk|1\n|-boost|p2a: Gouging Fire|spe|1\n|\n|-weather|RainDance|[upkeep]\n|upkeep\n|turn|4\n|inactive|Time left: 300 sec this turn | 300 sec total\n|\n|t:|1783543904\n|-terastallize|p1a: Pelipper|Water\n|move|p2a: Gouging Fire|Outrage|p1a: Pelipper\n|-crit|p1a: Pelipper\n|-damage|p1a: Pelipper|17/243\n|move|p1a: Pelipper|Hydro Pump|p2a: Gouging Fire|[miss]\n|-miss|p1a: Pelipper|p2a: Gouging Fire\n|\n|-weather|RainDance|[upkeep]\n|upkeep\n|turn|5\n|inactive|Time left: 300 sec this turn | 300 sec total\n|\n|t:|1783543905\n|switch|p1a: Sandaconda|Sandaconda, L84, M|258/258\n|move|p2a: Gouging Fire|Outrage|p1a: Sandaconda|[from] lockedmove\n|-damage|p1a: Sandaconda|123/258\n|\n|-weather|RainDance|[upkeep]\n|-heal|p1a: Sandaconda|139/258|[from] item: Leftovers\n|upkeep\n|turn|6\n|inactive|Time left: 300 sec this turn | 300 sec total\n|\n|t:|1783543906\n|move|p2a: Gouging Fire|Outrage|p1a: Sandaconda|[from] lockedmove\n|-damage|p1a: Sandaconda|4/258\n|-start|p2a: Gouging Fire|confusion|[fatigue]\n|move|p1a: Sandaconda|Rest|p1a: Sandaconda\n|-status|p1a: Sandaconda|slp|[from] move: Rest\n|-heal|p1a: Sandaconda|258/258 slp|[silent]\n|\n|-weather|RainDance|[upkeep]\n|upkeep\n|turn|7\n|inactive|Time left: 300 sec this turn | 300 sec total\n|\n|t:|1783543907\n|-activate|p2a: Gouging Fire|confusion\n|move|p2a: Gouging Fire|Outrage|p1a: Sandaconda\n|-damage|p1a: Sandaconda|119/258 slp\n|cant|p1a: Sandaconda|slp\n|\n|-weather|none\n|-heal|p1a: Sandaconda|135/258 slp|[from] item: Leftovers\n|upkeep\n|turn|8\n|inactive|Time left: 300 sec this turn | 300 sec total\n|\n|t:|1783543908\n|-activate|p2a: Gouging Fire|confusion\n|-damage|p2a: Gouging Fire|75/100|[from] confusion\n|cant|p1a: Sandaconda|slp\n|\n|-activate|p1a: Sandaconda|ability: Shed Skin\n|-curestatus|p1a: Sandaconda|slp|[msg]\n|-heal|p1a: Sandaconda|151/258|[from] item: Leftovers\n|upkeep\n|turn|9\n|inactive|Time left: 300 sec this turn | 300 sec total\n|\n|t:|1783543909\n|-end|p2a: Gouging Fire|confusion\n|move|p2a: Gouging Fire|Dragon Dance|p2a: Gouging Fire\n|-boost|p2a: Gouging Fire|atk|1\n|-boost|p2a: Gouging Fire|spe|1\n|move|p1a: Sandaconda|Earthquake|p2a: Gouging Fire\n|-supereffective|p2a: Gouging Fire\n|-damage|p2a: Gouging Fire|0 fnt\n|faint|p2a: Gouging Fire\n|-end|p2a: Gouging Fire|Protosynthesis|[silent]\n|\n|-heal|p1a: Sandaconda|167/258|[from] item: Leftovers\n|upkeep\n|\n|t:|1783543910\n|switch|p2a: Reuniclus|Reuniclus, L88, F|100/100\n|turn|10\n|inactive|Time left: 300 sec this turn | 300 sec total\n|\n|t:|1783543911\n|move|p1a: Sandaconda|Rest|p1a: Sandaconda\n|-status|p1a: Sandaconda|slp|[from] move: Rest\n|-heal|p1a: Sandaconda|258/258 slp|[silent]\n|move|p2a: Reuniclus|Psychic|p1a: Sandaconda\n|-damage|p1a: Sandaconda|47/258 slp\n|\n|-heal|p1a: Sandaconda|63/258 slp|[from] item: Leftovers\n|upkeep\n|turn|11\n|inactive|Time left: 300 sec this turn | 300 sec total\n|\n|t:|1783543912\n|cant|p1a: Sandaconda|slp\n|move|p2a: Reuniclus|Psychic|p1a: Sandaconda\n|-damage|p1a: Sandaconda|0 fnt\n|faint|p1a: Sandaconda\n|\n|upkeep\n|inactive|Time left: 300 sec this turn | 300 sec total | 5 sec grace\n|\n|t:|1783543913\n|switch|p1a: Meganium|Meganium, L90, M|290/290\n|turn|12\n|inactive|Time left: 300 sec this turn | 300 sec total\n|\n|t:|1783543914\n|move|p1a: Meganium|Swords Dance|p1a: Meganium\n|-boost|p1a: Meganium|atk|2\n|move|p2a: Reuniclus|Calm Mind|p2a: Reuniclus\n|-boost|p2a: Reuniclus|spa|1\n|-boost|p2a: Reuniclus|spd|1\n|\n|upkeep\n|turn|13\n|inactive|Time left: 300 sec this turn | 300 sec total\n|\n|t:|1783543916\n|-terastallize|p2a: Reuniclus|Fighting\n|move|p1a: Meganium|Knock Off|p2a: Reuniclus\n|-resisted|p2a: Reuniclus\n|-damage|p2a: Reuniclus|80/100\n|-enditem|p2a: Reuniclus|Life Orb|[from] move: Knock Off|[of] p1a: Meganium\n|move|p2a: Reuniclus|Psychic|p1a: Meganium\n|-damage|p1a: Meganium|139/290\n|\n|-heal|p1a: Meganium|157/290|[from] item: Leftovers\n|upkeep\n|turn|14\n|inactive|Time left: 300 sec this turn | 300 sec total\n|\n|t:|1783543917\n|move|p1a: Meganium|Petal Blizzard|p2a: Reuniclus\n|-damage|p2a: Reuniclus|17/100\n|move|p2a: Reuniclus|Psychic|p1a: Meganium\n|-damage|p1a: Meganium|0 fnt\n|faint|p1a: Meganium\n|\n|upkeep\n|inactive|Time left: 300 sec this turn | 300 sec total | 5 sec grace\n|\n|t:|1783543918\n|switch|p1a: Iron Leaves|Iron Leaves, L80|151/275\n|turn|15\n|inactive|Time left: 300 sec this turn | 300 sec total\n|\n|t:|1783543919\n|switch|p2a: Solgaleo|Solgaleo, L74|100/100\n|move|p1a: Iron Leaves|Leaf Blade|p2a: Solgaleo\n|-resisted|p2a: Solgaleo\n|-damage|p2a: Solgaleo|76/100\n|\n|-heal|p2a: Solgaleo|82/100|[from] item: Leftovers\n|upkeep\n|turn|16\n|inactive|Time left: 300 sec this turn | 300 sec total\n|\n|t:|1783543920\n|-end|p1a: Iron Leaves|Quark Drive|[silent]\n|switch|p1a: Pyroar|Pyroar, L88, F|295/295\n|-ability|p1a: Pyroar|Unnerve\n|move|p2a: Solgaleo|Sunsteel Strike|p1a: Pyroar\n|-resisted|p1a: Pyroar\n|-damage|p1a: Pyroar|232/295\n|\n|-heal|p2a: Solgaleo|88/100|[from] item: Leftovers\n|upkeep\n|turn|17\n|inactive|Time left: 300 sec this turn | 300 sec total\n|\n|t:|1783543921\n|switch|p2a: Dusknoir|Dusknoir, L89, M|100/100\n|-item|p1a: Pyroar|Heavy-Duty Boots|[from] ability: Frisk|[of] p2a: Dusknoir\n|move|p1a: Pyroar|Fire Blast|p2a: Dusknoir\n|-damage|p2a: Dusknoir|59/100\n|\n|-heal|p2a: Dusknoir|65/100|[from] item: Leftovers\n|upkeep\n|turn|18\n|inactive|Time left: 300 sec this turn | 300 sec total\n|\n|t:|1783543922\n|move|p1a: Pyroar|Will-O-Wisp|p2a: Dusknoir\n|-status|p2a: Dusknoir|brn\n|move|p2a: Dusknoir|Pain Split|p1a: Pyroar\n|-sethp|p1a: Pyroar|188/295|[from] move: Pain Split|[silent]\n|-sethp|p2a: Dusknoir|84/100 brn|[from] move: Pain Split\n|\n|-heal|p2a: Dusknoir|90/100 brn|[from] item: Leftovers\n|-damage|p2a: Dusknoir|84/100 brn|[from] brn\n|upkeep\n|turn|19\n|inactive|Time left: 300 sec this turn | 300 sec total\n|\n|t:|1783543923\n|-singleturn|p2a: Dusknoir|move: Focus Punch\n|move|p1a: Pyroar|Fire Blast|p2a: Dusknoir\n|-damage|p2a: Dusknoir|42/100 brn\n|cant|p2a: Dusknoir|Focus Punch|Focus Punch\n|\n|-heal|p2a: Dusknoir|48/100 brn|[from] item: Leftovers\n|-damage|p2a: Dusknoir|42/100 brn|[from] brn\n|upkeep\n|turn|20\n|inactive|Time left: 300 sec this turn | 300 sec total\n|\n|t:|1783543924\n|-singleturn|p2a: Dusknoir|move: Focus Punch\n|move|p1a: Pyroar|Fire Blast|p2a: Dusknoir\n|-damage|p2a: Dusknoir|0 fnt\n|faint|p2a: Dusknoir\n|\n|upkeep\n|\n|t:|1783543925\n|switch|p2a: Oricorio|Oricorio-Pom-Pom, L82, F|100/100\n|turn|21\n|inactive|Time left: 300 sec this turn | 300 sec total\n|\n|t:|1783543926\n|move|p1a: Pyroar|Fire Blast|p2a: Oricorio|[miss]\n|-miss|p1a: Pyroar|p2a: Oricorio\n|move|p2a: Oricorio|Quiver Dance|p2a: Oricorio\n|-boost|p2a: Oricorio|spa|1\n|-boost|p2a: Oricorio|spd|1\n|-boost|p2a: Oricorio|spe|1\n|\n|upkeep\n|turn|22\n|inactive|Time left: 300 sec this turn | 300 sec total\n|\n|t:|1783543927\n|switch|p1a: Greedent|Greedent, L86, M|347/347\n|move|p2a: Oricorio|Quiver Dance|p2a: Oricorio\n|-boost|p2a: Oricorio|spa|1\n|-boost|p2a: Oricorio|spd|1\n|-boost|p2a: Oricorio|spe|1\n|\n|upkeep\n|turn|23\n|inactive|Time left: 300 sec this turn | 300 sec total\n|\n|t:|1783543928\n|move|p2a: Oricorio|Hurricane|p1a: Greedent|[miss]\n|-miss|p2a: Oricorio|p1a: Greedent\n|move|p1a: Greedent|Body Slam|p2a: Oricorio\n|-damage|p2a: Oricorio|55/100\n|\n|upkeep\n|turn|24\n|inactive|Time left: 300 sec this turn | 300 sec total\n|\n|t:|1783543929\n|move|p2a: Oricorio|Hurricane|p1a: Greedent\n|-damage|p1a: Greedent|124/347\n|-enditem|p1a: Greedent|Sitrus Berry|[eat]\n|-heal|p1a: Greedent|210/347|[from] item: Sitrus Berry\n|-heal|p1a: Greedent|325/347|[from] ability: Cheek Pouch\n|move|p1a: Greedent|Body Slam|p2a: Oricorio\n|-damage|p2a: Oricorio|13/100\n|\n|upkeep\n|turn|25\n|inactive|Time left: 300 sec this turn | 300 sec total\n|\n|t:|1783543930\n|move|p2a: Oricorio|Hurricane|p1a: Greedent\n|-damage|p1a: Greedent|78/347\n|move|p1a: Greedent|Body Slam|p2a: Oricorio\n|-damage|p2a: Oricorio|0 fnt\n|faint|p2a: Oricorio\n|\n|upkeep\n|\n|t:|1783543931\n|switch|p2a: Solgaleo|Solgaleo, L74|88/100\n|turn|26\n|inactive|Time left: 300 sec this turn | 300 sec total\n|\n|t:|1783543933\n|move|p2a: Solgaleo|Psychic Fangs|p1a: Greedent\n|-damage|p1a: Greedent|0 fnt\n|faint|p1a: Greedent\n|\n|-heal|p2a: Solgaleo|94/100|[from] item: Leftovers\n|upkeep\n|inactive|Time left: 300 sec this turn | 300 sec total | 5 sec grace\n|\n|t:|1783543934\n|switch|p1a: Pyroar|Pyroar, L88, F|188/295\n|-ability|p1a: Pyroar|Unnerve\n|turn|27\n|inactive|Time left: 300 sec this turn | 300 sec total\n|\n|t:|1783543935\n|switch|p2a: Reuniclus|Reuniclus, L88, F, tera:Fighting|17/100\n|move|p1a: Pyroar|Fire Blast|p2a: Reuniclus\n|-damage|p2a: Reuniclus|0 fnt\n|faint|p2a: Reuniclus\n|\n|upkeep\n|\n|t:|1783543936\n|switch|p2a: Sylveon|Sylveon, L85, F|42/100\n|turn|28\n|inactive|Time left: 300 sec this turn | 300 sec total\n|\n|t:|1783543937\n|move|p1a: Pyroar|Fire Blast|p2a: Sylveon\n|-damage|p2a: Sylveon|10/100\n|move|p2a: Sylveon|Calm Mind|p2a: Sylveon\n|-boost|p2a: Sylveon|spa|1\n|-boost|p2a: Sylveon|spd|1\n|\n|-heal|p2a: Sylveon|16/100|[from] item: Leftovers\n|upkeep\n|turn|29\n|inactive|Time left: 300 sec this turn | 300 sec total\n|\n|t:|1783543938\n|move|p2a: Sylveon|Protect|p2a: Sylveon\n|-singleturn|p2a: Sylveon|Protect\n|move|p1a: Pyroar|Hyper Voice|p2a: Sylveon\n|-activate|p2a: Sylveon|move: Protect\n|\n|-heal|p2a: Sylveon|22/100|[from] item: Leftovers\n|upkeep\n|turn|30\n|inactive|Time left: 300 sec this turn | 300 sec total\n|\n|t:|1783543939\n|move|p2a: Sylveon|Protect||[still]\n|-fail|p2a: Sylveon\n|move|p1a: Pyroar|Fire Blast|p2a: Sylveon\n|-damage|p2a: Sylveon|0 fnt\n|faint|p2a: Sylveon\n|\n|upkeep\n|\n|t:|1783543940\n|switch|p2a: Solgaleo|Solgaleo, L74|94/100\n|turn|31\n|inactive|Time left: 300 sec this turn | 300 sec total\n|\n|t:|1783543941\n|move|p1a: Pyroar|Fire Blast|p2a: Solgaleo\n|-supereffective|p2a: Solgaleo\n|-damage|p2a: Solgaleo|0 fnt\n|faint|p2a: Solgaleo\n|\n|win|p0x36557f3", "uploadtime": 1783543941, "views": 0, "rating": 0, "private": 0, "password": null, "_winner": "p0x36557f3", "_our_name": "p0x36557f3"}