{"id": "battle-gen9randombattle-2272", "formatid": "gen9randombattle", "format": "[Gen 9] Random Battle", "players": ["p0x2272f81a", "p0y2272a2fc"], "log": "|init|battle\n|title|p0x2272f81a vs. p0y2272a2fc\n|j|\u2606p0x2272f81a\n|j|\u2606p0y2272a2fc\n|t:|1783566339\n|gametype|singles\n|player|p1|p0x2272f81a|265|\n|player|p2|p0y2272a2fc|265|\n|gen|9\n|tier|[Gen 9] Random Battle\n|rule|Species Clause: Limit one of each Pok\u00e9mon\n|rule|HP Percentage Mod: HP is shown in percentages\n|rule|Sleep Clause Mod: Limit one foe put to sleep\n|rule|Illusion Level Mod: Illusion disguises the Pok\u00e9mon's true level\n|\n|t:|1783566339\n|teamsize|p1|6\n|teamsize|p2|6\n|start\n|switch|p1a: Qwilfish|Qwilfish, L86, M|100/100\n|switch|p2a: Tauros|Tauros-Paldea-Blaze, L81, M|252/252\n|-ability|p1a: Qwilfish|Intimidate|boost\n|-unboost|p2a: Tauros|atk|1\n|turn|1\n|inactive|Battle timer is ON: inactive players will automatically lose when time's up. (requested by p0y2272a2fc)\n|inactive|p0x2272f81a also wants the timer to be on.\n|\n|t:|1783566340\n|switch|p1a: Squawkabilly|Squawkabilly, L85, F|100/100\n|move|p2a: Tauros|Bulk Up|p2a: Tauros\n|-boost|p2a: Tauros|atk|1\n|-boost|p2a: Tauros|def|1\n|\n|-status|p1a: Squawkabilly|brn|[from] item: Flame Orb\n|upkeep\n|turn|2\n|inactive|Time left: 300 sec this turn | 300 sec total\n|\n|t:|1783566341\n|switch|p1a: Qwilfish|Qwilfish, L86, M|100/100\n|-ability|p1a: Qwilfish|Intimidate|boost\n|-unboost|p2a: Tauros|atk|1\n|move|p2a: Tauros|Bulk Up|p2a: Tauros\n|-boost|p2a: Tauros|atk|1\n|-boost|p2a: Tauros|def|1\n|\n|upkeep\n|turn|3\n|inactive|Time left: 300 sec this turn | 300 sec total\n|\n|t:|1783566342\n|move|p2a: Tauros|Bulk Up|p2a: Tauros\n|-boost|p2a: Tauros|atk|1\n|-boost|p2a: Tauros|def|1\n|move|p1a: Qwilfish|Spikes|p2a: Tauros\n|-sidestart|p2: p0y2272a2fc|Spikes\n|\n|upkeep\n|turn|4\n|inactive|Time left: 300 sec this turn | 300 sec total\n|\n|t:|1783566342\n|move|p2a: Tauros|Bulk Up|p2a: Tauros\n|-boost|p2a: Tauros|atk|1\n|-boost|p2a: Tauros|def|1\n|move|p1a: Qwilfish|Spikes|p2a: Tauros\n|-sidestart|p2: p0y2272a2fc|Spikes\n|\n|upkeep\n|turn|5\n|inactive|Time left: 300 sec this turn | 300 sec total\n|\n|t:|1783566343\n|move|p2a: Tauros|Raging Bull|p1a: Qwilfish\n|-resisted|p1a: Qwilfish\n|-damage|p1a: Qwilfish|60/100\n|move|p1a: Qwilfish|Thunder Wave|p2a: Tauros\n|-status|p2a: Tauros|par\n|\n|-heal|p1a: Qwilfish|66/100|[from] item: Leftovers\n|upkeep\n|turn|6\n|inactive|Time left: 300 sec this turn | 300 sec total\n|\n|t:|1783566344\n|move|p1a: Qwilfish|Spikes|p2a: Tauros\n|-sidestart|p2: p0y2272a2fc|Spikes\n|move|p2a: Tauros|Raging Bull|p1a: Qwilfish\n|-resisted|p1a: Qwilfish\n|-damage|p1a: Qwilfish|31/100\n|\n|-heal|p1a: Qwilfish|37/100|[from] item: Leftovers\n|upkeep\n|turn|7\n|inactive|Time left: 300 sec this turn | 300 sec total\n|\n|t:|1783566344\n|move|p1a: Qwilfish|Waterfall|p2a: Tauros\n|-supereffective|p2a: Tauros\n|-damage|p2a: Tauros|198/252 par\n|move|p2a: Tauros|Raging Bull|p1a: Qwilfish\n|-resisted|p1a: Qwilfish\n|-damage|p1a: Qwilfish|0 fnt\n|faint|p1a: Qwilfish\n|\n|upkeep\n|\n|t:|1783566345\n|switch|p1a: Umbreon|Umbreon, L84, F|100/100\n|turn|8\n|inactive|Time left: 300 sec this turn | 300 sec total\n|\n|t:|1783566346\n|move|p1a: Umbreon|Protect|p1a: Umbreon\n|-singleturn|p1a: Umbreon|Protect\n|move|p2a: Tauros|Raging Bull|p1a: Umbreon\n|-activate|p1a: Umbreon|move: Protect\n|\n|upkeep\n|turn|9\n|inactive|Time left: 300 sec this turn | 300 sec total\n|\n|t:|1783566347\n|-terastallize|p1a: Umbreon|Poison\n|move|p1a: Umbreon|Wish|p1a: Umbreon\n|move|p2a: Tauros|Close Combat|p1a: Umbreon\n|-resisted|p1a: Umbreon\n|-damage|p1a: Umbreon|60/100\n|-unboost|p2a: Tauros|def|1\n|-unboost|p2a: Tauros|spd|1\n|\n|-heal|p1a: Umbreon|66/100|[from] item: Leftovers\n|upkeep\n|turn|10\n|inactive|Time left: 300 sec this turn | 300 sec total\n|\n|t:|1783566347\n|move|p1a: Umbreon|Foul Play|p2a: Tauros\n|-resisted|p2a: Tauros\n|-damage|p2a: Tauros|156/252 par\n|cant|p2a: Tauros|par\n|\n|-heal|p1a: Umbreon|100/100|[from] move: Wish|[wisher] Umbreon\n|upkeep\n|turn|11\n|inactive|Time left: 300 sec this turn | 300 sec total\n|\n|t:|1783566349\n|move|p1a: Umbreon|Protect|p1a: Umbreon\n|-singleturn|p1a: Umbreon|Protect\n|move|p2a: Tauros|Raging Bull|p1a: Umbreon\n|-activate|p1a: Umbreon|move: Protect\n|\n|upkeep\n|turn|12\n|inactive|Time left: 300 sec this turn | 300 sec total\n|\n|t:|1783566350\n|move|p1a: Umbreon|Wish|p1a: Umbreon\n|move|p2a: Tauros|Raging Bull|p1a: Umbreon\n|-damage|p1a: Umbreon|43/100\n|\n|-heal|p1a: Umbreon|49/100|[from] item: Leftovers\n|upkeep\n|turn|13\n|inactive|Time left: 300 sec this turn | 300 sec total\n|\n|t:|1783566351\n|move|p1a: Umbreon|Protect|p1a: Umbreon\n|-singleturn|p1a: Umbreon|Protect\n|move|p2a: Tauros|Raging Bull|p1a: Umbreon\n|-activate|p1a: Umbreon|move: Protect\n|\n|-heal|p1a: Umbreon|99/100|[from] move: Wish|[wisher] Umbreon\n|-heal|p1a: Umbreon|100/100|[from] item: Leftovers\n|upkeep\n|turn|14\n|inactive|Time left: 300 sec this turn | 300 sec total\n|\n|t:|1783566352\n|move|p1a: Umbreon|Wish|p1a: Umbreon\n|move|p2a: Tauros|Raging Bull|p1a: Umbreon\n|-damage|p1a: Umbreon|47/100\n|\n|-heal|p1a: Umbreon|53/100|[from] item: Leftovers\n|upkeep\n|turn|15\n|inactive|Time left: 300 sec this turn | 300 sec total\n|\n|t:|1783566353\n|move|p1a: Umbreon|Protect|p1a: Umbreon\n|-singleturn|p1a: Umbreon|Protect\n|move|p2a: Tauros|Raging Bull|p1a: Umbreon\n|-activate|p1a: Umbreon|move: Protect\n|\n|-heal|p1a: Umbreon|100/100|[from] move: Wish|[wisher] Umbreon\n|upkeep\n|turn|16\n|inactive|Time left: 300 sec this turn | 300 sec total\n|\n|t:|1783566354\n|move|p1a: Umbreon|Wish|p1a: Umbreon\n|move|p2a: Tauros|Raging Bull|p1a: Umbreon\n|-damage|p1a: Umbreon|48/100\n|\n|-heal|p1a: Umbreon|54/100|[from] item: Leftovers\n|upkeep\n|turn|17\n|inactive|Time left: 300 sec this turn | 300 sec total\n|\n|t:|1783566355\n|move|p1a: Umbreon|Protect|p1a: Umbreon\n|-singleturn|p1a: Umbreon|Protect\n|cant|p2a: Tauros|par\n|\n|-heal|p1a: Umbreon|100/100|[from] move: Wish|[wisher] Umbreon\n|upkeep\n|turn|18\n|inactive|Time left: 300 sec this turn | 300 sec total\n|\n|t:|1783566356\n|move|p1a: Umbreon|Wish|p1a: Umbreon\n|move|p2a: Tauros|Raging Bull|p1a: Umbreon\n|-damage|p1a: Umbreon|42/100\n|\n|-heal|p1a: Umbreon|48/100|[from] item: Leftovers\n|upkeep\n|turn|19\n|inactive|Time left: 300 sec this turn | 300 sec total\n|\n|t:|1783566357\n|move|p1a: Umbreon|Protect|p1a: Umbreon\n|-singleturn|p1a: Umbreon|Protect\n|cant|p2a: Tauros|par\n|\n|-heal|p1a: Umbreon|97/100|[from] move: Wish|[wisher] Umbreon\n|-heal|p1a: Umbreon|100/100|[from] item: Leftovers\n|upkeep\n|turn|20\n|inactive|Time left: 300 sec this turn | 300 sec total\n|\n|t:|1783566358\n|move|p1a: Umbreon|Wish|p1a: Umbreon\n|move|p2a: Tauros|Raging Bull|p1a: Umbreon\n|-damage|p1a: Umbreon|48/100\n|\n|-heal|p1a: Umbreon|54/100|[from] item: Leftovers\n|upkeep\n|turn|21\n|inactive|Time left: 300 sec this turn | 300 sec total\n|\n|t:|1783566360\n|move|p1a: Umbreon|Protect|p1a: Umbreon\n|-singleturn|p1a: Umbreon|Protect\n|move|p2a: Tauros|Raging Bull|p1a: Umbreon\n|-activate|p1a: Umbreon|move: Protect\n|\n|-heal|p1a: Umbreon|100/100|[from] move: Wish|[wisher] Umbreon\n|upkeep\n|turn|22\n|inactive|Time left: 300 sec this turn | 300 sec total\n|\n|t:|1783566361\n|move|p1a: Umbreon|Wish|p1a: Umbreon\n|move|p2a: Tauros|Raging Bull|p1a: Umbreon\n|-damage|p1a: Umbreon|49/100\n|\n|-heal|p1a: Umbreon|55/100|[from] item: Leftovers\n|upkeep\n|turn|23\n|inactive|Time left: 300 sec this turn | 300 sec total\n|\n|t:|1783566362\n|move|p1a: Umbreon|Protect|p1a: Umbreon\n|-singleturn|p1a: Umbreon|Protect\n|move|p2a: Tauros|Raging Bull|p1a: Umbreon\n|-activate|p1a: Umbreon|move: Protect\n|\n|-heal|p1a: Umbreon|100/100|[from] move: Wish|[wisher] Umbreon\n|upkeep\n|turn|24\n|inactive|Time left: 300 sec this turn | 300 sec total\n|\n|t:|1783566363\n|move|p1a: Umbreon|Wish|p1a: Umbreon\n|move|p2a: Tauros|Substitute|p2a: Tauros\n|-start|p2a: Tauros|Substitute\n|-damage|p2a: Tauros|93/252 par\n|-enditem|p2a: Tauros|Sitrus Berry|[eat]\n|-heal|p2a: Tauros|156/252 par|[from] item: Sitrus Berry\n|\n|upkeep\n|turn|25\n|inactive|Time left: 300 sec this turn | 300 sec total\n|\n|t:|1783566364\n|move|p1a: Umbreon|Foul Play|p2a: Tauros\n|-resisted|p2a: Tauros\n|-activate|p2a: Tauros|move: Substitute|[damage]\n|cant|p2a: Tauros|par\n|\n|-activate|p2a: Tauros|ability: Cud Chew\n|-enditem|p2a: Tauros|Sitrus Berry|[eat]\n|-heal|p2a: Tauros|219/252 par|[from] item: Sitrus Berry\n|upkeep\n|turn|26\n|inactive|Time left: 300 sec this turn | 300 sec total\n|\n|t:|1783566365\n|move|p1a: Umbreon|Wish|p1a: Umbreon\n|move|p2a: Tauros|Bulk Up|p2a: Tauros\n|-boost|p2a: Tauros|atk|1\n|-boost|p2a: Tauros|def|1\n|\n|upkeep\n|turn|27\n|inactive|Time left: 300 sec this turn | 300 sec total\n|\n|t:|1783566366\n|move|p1a: Umbreon|Foul Play|p2a: Tauros\n|-resisted|p2a: Tauros\n|-end|p2a: Tauros|Substitute\n|move|p2a: Tauros|Bulk Up|p2a: Tauros\n|-boost|p2a: Tauros|atk|1\n|-boost|p2a: Tauros|def|1\n|\n|upkeep\n|turn|28\n|inactive|Time left: 300 sec this turn | 300 sec total\n|\n|t:|1783566367\n|move|p1a: Umbreon|Protect|p1a: Umbreon\n|-singleturn|p1a: Umbreon|Protect\n|move|p2a: Tauros|Raging Bull|p1a: Umbreon\n|-activate|p1a: Umbreon|move: Protect\n|\n|upkeep\n|turn|29\n|inactive|Time left: 300 sec this turn | 300 sec total\n|\n|t:|1783566368\n|move|p1a: Umbreon|Foul Play|p2a: Tauros\n|-resisted|p2a: Tauros\n|-damage|p2a: Tauros|175/252 par\n|move|p2a: Tauros|Close Combat|p1a: Umbreon\n|-resisted|p1a: Umbreon\n|-damage|p1a: Umbreon|48/100\n|-unboost|p2a: Tauros|def|1\n|-unboost|p2a: Tauros|spd|1\n|\n|-heal|p1a: Umbreon|54/100|[from] item: Leftovers\n|upkeep\n|turn|30\n|inactive|Time left: 300 sec this turn | 300 sec total\n|\n|t:|1783566369\n|move|p1a: Umbreon|Protect|p1a: Umbreon\n|-singleturn|p1a: Umbreon|Protect\n|move|p2a: Tauros|Close Combat|p1a: Umbreon\n|-activate|p1a: Umbreon|move: Protect\n|\n|-heal|p1a: Umbreon|60/100|[from] item: Leftovers\n|upkeep\n|turn|31\n|inactive|Time left: 300 sec this turn | 300 sec total\n|\n|t:|1783566370\n|move|p1a: Umbreon|Wish|p1a: Umbreon\n|move|p2a: Tauros|Close Combat|p1a: Umbreon\n|-resisted|p1a: Umbreon\n|-damage|p1a: Umbreon|4/100\n|-unboost|p2a: Tauros|def|1\n|-unboost|p2a: Tauros|spd|1\n|\n|-heal|p1a: Umbreon|10/100|[from] item: Leftovers\n|upkeep\n|turn|32\n|inactive|Time left: 300 sec this turn | 300 sec total\n|\n|t:|1783566371\n|move|p1a: Umbreon|Protect|p1a: Umbreon\n|-singleturn|p1a: Umbreon|Protect\n|move|p2a: Tauros|Close Combat|p1a: Umbreon\n|-activate|p1a: Umbreon|move: Protect\n|\n|-heal|p1a: Umbreon|60/100|[from] move: Wish|[wisher] Umbreon\n|-heal|p1a: Umbreon|66/100|[from] item: Leftovers\n|upkeep\n|turn|33\n|inactive|Time left: 300 sec this turn | 300 sec total\n|\n|t:|1783566372\n|move|p1a: Umbreon|Foul Play|p2a: Tauros\n|-resisted|p2a: Tauros\n|-damage|p2a: Tauros|114/252 par\n|move|p2a: Tauros|Close Combat|p1a: Umbreon\n|-resisted|p1a: Umbreon\n|-damage|p1a: Umbreon|6/100\n|-unboost|p2a: Tauros|def|1\n|-unboost|p2a: Tauros|spd|1\n|\n|-heal|p1a: Umbreon|12/100|[from] item: Leftovers\n|upkeep\n|turn|34\n|inactive|Time left: 300 sec this turn | 300 sec total\n|\n|t:|1783566374\n|move|p1a: Umbreon|Foul Play|p2a: Tauros\n|-resisted|p2a: Tauros\n|-damage|p2a: Tauros|41/252 par\n|move|p2a: Tauros|Close Combat|p1a: Umbreon\n|-resisted|p1a: Umbreon\n|-damage|p1a: Umbreon|0 fnt\n|-unboost|p2a: Tauros|def|1\n|-unboost|p2a: Tauros|spd|1\n|faint|p1a: Umbreon\n|\n|upkeep\n|\n|t:|1783566374\n|switch|p1a: Honchkrow|Honchkrow, L86, M|100/100\n|turn|35\n|inactive|Time left: 300 sec this turn | 300 sec total\n|\n|t:|1783566375\n|move|p1a: Honchkrow|Brave Bird|p2a: Tauros\n|-supereffective|p2a: Tauros\n|-damage|p2a: Tauros|0 fnt\n|faint|p2a: Tauros\n|-ability|p1a: Honchkrow|Moxie|boost\n|-boost|p1a: Honchkrow|atk|1\n|-damage|p1a: Honchkrow|96/100|[from] Recoil\n|\n|upkeep\n|inactive|Time left: 300 sec this turn | 300 sec total | 5 sec grace\n|\n|t:|1783566376\n|switch|p2a: Magcargo|Magcargo, L95, M|268/268\n|turn|36\n|inactive|Time left: 300 sec this turn | 300 sec total\n|\n|t:|1783566377\n|move|p1a: Honchkrow|Sucker Punch|p2a: Magcargo\n|-damage|p2a: Magcargo|168/268\n|move|p2a: Magcargo|Lava Plume|p1a: Honchkrow\n|-damage|p1a: Honchkrow|48/100\n|\n|upkeep\n|turn|37\n|inactive|Time left: 300 sec this turn | 300 sec total\n|\n|t:|1783566378\n|move|p1a: Honchkrow|Brave Bird|p2a: Magcargo\n|-resisted|p2a: Magcargo\n|-damage|p2a: Magcargo|88/268\n|-status|p1a: Honchkrow|brn|[from] ability: Flame Body|[of] p2a: Magcargo\n|-damage|p1a: Honchkrow|39/100 brn|[from] Recoil\n|move|p2a: Magcargo|Lava Plume|p1a: Honchkrow\n|-damage|p1a: Honchkrow|0 fnt\n|faint|p1a: Honchkrow\n|\n|upkeep\n|\n|t:|1783566379\n|switch|p1a: Pachirisu|Pachirisu, L96, F|100/100\n|turn|38\n|inactive|Time left: 300 sec this turn | 300 sec total\n|\n|t:|1783566380\n|move|p1a: Pachirisu|Discharge|p2a: Magcargo\n|-damage|p2a: Magcargo|27/268\n|move|p2a: Magcargo|Recover|p2a: Magcargo\n|-heal|p2a: Magcargo|161/268\n|\n|upkeep\n|turn|39\n|inactive|Time left: 300 sec this turn | 300 sec total\n|\n|t:|1783566381\n|move|p1a: Pachirisu|Encore|p2a: Magcargo\n|-start|p2a: Magcargo|Encore\n|move|p2a: Magcargo|Recover|p2a: Magcargo\n|-heal|p2a: Magcargo|268/268\n|\n|upkeep\n|turn|40\n|inactive|Time left: 300 sec this turn | 300 sec total\n|\n|t:|1783566382\n|move|p1a: Pachirisu|Discharge|p2a: Magcargo\n|-damage|p2a: Magcargo|205/268\n|move|p2a: Magcargo|Recover|p2a: Magcargo\n|-heal|p2a: Magcargo|268/268\n|\n|upkeep\n|turn|41\n|inactive|Time left: 300 sec this turn | 300 sec total\n|\n|t:|1783566383\n|move|p1a: Pachirisu|Super Fang|p2a: Magcargo\n|-damage|p2a: Magcargo|134/268\n|move|p2a: Magcargo|Recover|p2a: Magcargo\n|-heal|p2a: Magcargo|268/268\n|\n|-end|p2a: Magcargo|Encore\n|upkeep\n|turn|42\n|inactive|Time left: 300 sec this turn | 300 sec total\n|\n|t:|1783566384\n|move|p1a: Pachirisu|Encore|p2a: Magcargo\n|-start|p2a: Magcargo|Encore\n|move|p2a: Magcargo|Recover||[still]\n|-fail|p2a: Magcargo|heal\n|\n|upkeep\n|turn|43\n|inactive|Time left: 300 sec this turn | 300 sec total\n|\n|t:|1783566385\n|switch|p2a: Breloom|Breloom, L83, M|235/235\n|-damage|p2a: Breloom|177/235|[from] Spikes\n|move|p1a: Pachirisu|Discharge|p2a: Breloom\n|-resisted|p2a: Breloom\n|-damage|p2a: Breloom|135/235\n|\n|upkeep\n|turn|44\n|inactive|Time left: 300 sec this turn | 300 sec total\n|\n|t:|1783566386\n|move|p1a: Pachirisu|Super Fang|p2a: Breloom\n|-damage|p2a: Breloom|68/235\n|move|p2a: Breloom|Rock Tomb|p1a: Pachirisu\n|-damage|p1a: Pachirisu|61/100\n|-unboost|p1a: Pachirisu|spe|1\n|-damage|p2a: Breloom|45/235|[from] item: Life Orb\n|\n|upkeep\n|turn|45\n|inactive|Time left: 300 sec this turn | 300 sec total\n|\n|t:|1783566387\n|move|p2a: Breloom|Bullet Seed|p1a: Pachirisu\n|-damage|p1a: Pachirisu|36/100\n|-damage|p1a: Pachirisu|13/100\n|-hitcount|p1a: Pachirisu|2\n|-damage|p2a: Breloom|22/235|[from] item: Life Orb\n|move|p1a: Pachirisu|Discharge|p2a: Breloom\n|-resisted|p2a: Breloom\n|-damage|p2a: Breloom|0 fnt\n|faint|p2a: Breloom\n|\n|upkeep\n|inactive|Time left: 300 sec this turn | 300 sec total | 5 sec grace\n|\n|t:|1783566388\n|switch|p2a: Cinccino|Cinccino, L83, F|260/260\n|-damage|p2a: Cinccino|195/260|[from] Spikes\n|turn|46\n|inactive|Time left: 300 sec this turn | 300 sec total\n|\n|t:|1783566389\n|move|p2a: Cinccino|Triple Axel|p1a: Pachirisu\n|-damage|p1a: Pachirisu|6/100\n|-damage|p1a: Pachirisu|0 fnt\n|faint|p1a: Pachirisu\n|-hitcount|p1: Pachirisu|2\n|\n|upkeep\n|\n|t:|1783566389\n|switch|p1a: Cinderace|Cinderace, L77, M|100/100\n|turn|47\n|inactive|Time left: 300 sec this turn | 300 sec total\n|\n|t:|1783566390\n|-terastallize|p2a: Cinccino|Normal\n|move|p2a: Cinccino|Tail Slap|p1a: Cinderace\n|-damage|p1a: Cinderace|76/100\n|-damage|p1a: Cinderace|49/100\n|-damage|p1a: Cinderace|23/100\n|-damage|p1a: Cinderace|0 fnt\n|faint|p1a: Cinderace\n|-hitcount|p1: Cinderace|4\n|\n|upkeep\n|\n|t:|1783566391\n|switch|p1a: Squawkabilly|Squawkabilly, L85, F|100/100 brn\n|turn|48\n|inactive|Time left: 300 sec this turn | 300 sec total\n|\n|t:|1783566392\n|move|p1a: Squawkabilly|Protect|p1a: Squawkabilly\n|-singleturn|p1a: Squawkabilly|Protect\n|move|p2a: Cinccino|Triple Axel|p1a: Squawkabilly\n|-activate|p1a: Squawkabilly|move: Protect\n|\n|-damage|p1a: Squawkabilly|94/100 brn|[from] brn\n|upkeep\n|turn|49\n|inactive|Time left: 300 sec this turn | 300 sec total\n|\n|t:|1783566393\n|move|p1a: Squawkabilly|Protect||[still]\n|-fail|p1a: Squawkabilly\n|move|p2a: Cinccino|Triple Axel|p1a: Squawkabilly\n|-supereffective|p1a: Squawkabilly\n|-damage|p1a: Squawkabilly|74/100 brn\n|-supereffective|p1a: Squawkabilly\n|-damage|p1a: Squawkabilly|33/100 brn\n|-supereffective|p1a: Squawkabilly\n|-damage|p1a: Squawkabilly|0 fnt\n|faint|p1a: Squawkabilly\n|-hitcount|p1: Squawkabilly|3\n|\n|win|p0y2272a2fc", "uploadtime": 1783566393, "views": 0, "rating": 0, "private": 0, "password": null, "_winner": "p0y2272a2fc", "_our_name": "p0y2272a2fc"}