{"id": "battle-gen9randombattle-2282", "formatid": "gen9randombattle", "format": "[Gen 9] Random Battle", "players": ["p0x228202cc", "p0y2282cf78"], "log": "|init|battle\n|title|p0x228202cc vs. p0y2282cf78\n|j|\u2606p0x228202cc\n|j|\u2606p0y2282cf78\n|t:|1783565481\n|gametype|singles\n|player|p1|p0x228202cc|169|\n|player|p2|p0y2282cf78|102|\n|gen|9\n|tier|[Gen 9] Random Battle\n|rule|Species Clause: Limit one of each Pok\u00e9mon\n|rule|HP Percentage Mod: HP is shown in percentages\n|rule|Sleep Clause Mod: Limit one foe put to sleep\n|rule|Illusion Level Mod: Illusion disguises the Pok\u00e9mon's true level\n|\n|t:|1783565481\n|teamsize|p1|6\n|teamsize|p2|6\n|start\n|switch|p1a: Kleavor|Kleavor, L78, M|100/100\n|switch|p2a: Grafaiai|Grafaiai, L86, M|249/249\n|turn|1\n|inactive|Battle timer is ON: inactive players will automatically lose when time's up. (requested by p0y2282cf78)\n|inactive|p0x228202cc also wants the timer to be on.\n|\n|t:|1783565483\n|move|p1a: Kleavor|Stone Axe|p2a: Grafaiai\n|-damage|p2a: Grafaiai|116/249\n|-sidestart|p2: p0y2282cf78|move: Stealth Rock\n|move|p2a: Grafaiai|Knock Off|p1a: Kleavor\n|-damage|p1a: Kleavor|64/100\n|-enditem|p1a: Kleavor|Choice Scarf|[from] move: Knock Off|[of] p2a: Grafaiai\n|-damage|p2a: Grafaiai|92/249|[from] item: Life Orb\n|\n|upkeep\n|turn|2\n|inactive|Time left: 300 sec this turn | 300 sec total\n|\n|t:|1783565484\n|move|p2a: Grafaiai|Low Kick|p1a: Kleavor\n|-damage|p1a: Kleavor|33/100\n|-damage|p2a: Grafaiai|68/249|[from] item: Life Orb\n|move|p1a: Kleavor|Stone Axe|p2a: Grafaiai\n|-damage|p2a: Grafaiai|0 fnt\n|faint|p2a: Grafaiai\n|\n|upkeep\n|inactive|Time left: 300 sec this turn | 300 sec total | 5 sec grace\n|\n|t:|1783565485\n|switch|p2a: Walking Wake|Walking Wake, L79|286/286\n|-damage|p2a: Walking Wake|251/286|[from] Stealth Rock\n|turn|3\n|inactive|Time left: 300 sec this turn | 300 sec total\n|\n|t:|1783565486\n|switch|p1a: Stantler|Stantler, L92, M|100/100\n|-ability|p1a: Stantler|Intimidate|boost\n|-unboost|p2a: Walking Wake|atk|1\n|move|p2a: Walking Wake|Flamethrower|p1a: Stantler\n|-damage|p1a: Stantler|74/100\n|\n|upkeep\n|turn|4\n|inactive|Time left: 300 sec this turn | 300 sec total\n|\n|t:|1783565487\n|move|p2a: Walking Wake|Flamethrower|p1a: Stantler\n|-damage|p1a: Stantler|47/100\n|move|p1a: Stantler|Calm Mind|p1a: Stantler\n|-boost|p1a: Stantler|spa|1\n|-boost|p1a: Stantler|spd|1\n|\n|upkeep\n|turn|5\n|inactive|Time left: 300 sec this turn | 300 sec total\n|\n|t:|1783565488\n|move|p2a: Walking Wake|Flamethrower|p1a: Stantler\n|-damage|p1a: Stantler|28/100\n|move|p1a: Stantler|Tera Blast|p2a: Walking Wake\n|-damage|p2a: Walking Wake|101/286\n|\n|upkeep\n|turn|6\n|inactive|Time left: 300 sec this turn | 300 sec total\n|\n|t:|1783565489\n|move|p2a: Walking Wake|Flamethrower|p1a: Stantler\n|-damage|p1a: Stantler|10/100\n|move|p1a: Stantler|Earth Power|p2a: Walking Wake\n|-damage|p2a: Walking Wake|0 fnt\n|faint|p2a: Walking Wake\n|-end|p2a: Walking Wake|Protosynthesis|[silent]\n|\n|upkeep\n|inactive|Time left: 300 sec this turn | 300 sec total | 5 sec grace\n|\n|t:|1783565490\n|switch|p2a: Sneasler|Sneasler, L74, M|240/240\n|-damage|p2a: Sneasler|225/240|[from] Stealth Rock\n|turn|7\n|inactive|Time left: 300 sec this turn | 300 sec total\n|\n|t:|1783565491\n|switch|p1a: Palossand|Palossand, L89, F|100/100\n|move|p2a: Sneasler|Dire Claw|p1a: Palossand\n|-resisted|p1a: Palossand\n|-damage|p1a: Palossand|95/100\n|\n|-heal|p1a: Palossand|100/100|[from] item: Leftovers\n|upkeep\n|turn|8\n|inactive|Time left: 300 sec this turn | 300 sec total\n|\n|t:|1783565492\n|move|p2a: Sneasler|Swords Dance|p2a: Sneasler\n|-boost|p2a: Sneasler|atk|2\n|move|p1a: Palossand|Earth Power|p2a: Sneasler\n|-supereffective|p2a: Sneasler\n|-damage|p2a: Sneasler|0 fnt\n|faint|p2a: Sneasler\n|\n|upkeep\n|inactive|Time left: 300 sec this turn | 300 sec total | 5 sec grace\n|\n|t:|1783565493\n|switch|p2a: Hydrapple|Hydrapple, L83, M|312/312\n|-damage|p2a: Hydrapple|273/312|[from] Stealth Rock\n|turn|9\n|inactive|Time left: 300 sec this turn | 300 sec total\n|\n|t:|1783565494\n|switch|p1a: Stantler|Stantler, L92, M|10/100\n|-ability|p1a: Stantler|Intimidate|boost\n|-unboost|p2a: Hydrapple|atk|1\n|move|p2a: Hydrapple|Fickle Beam|p1a: Stantler\n|-damage|p1a: Stantler|0 fnt\n|faint|p1a: Stantler\n|\n|upkeep\n|\n|t:|1783565495\n|switch|p1a: Clodsire|Clodsire, L81, M|100/100\n|turn|10\n|inactive|Time left: 300 sec this turn | 300 sec total\n|\n|t:|1783565496\n|move|p2a: Hydrapple|Fickle Beam|p1a: Clodsire\n|-damage|p1a: Clodsire|63/100\n|move|p1a: Clodsire|Gunk Shot|p2a: Hydrapple\n|-supereffective|p2a: Hydrapple\n|-damage|p2a: Hydrapple|97/312\n|\n|-heal|p1a: Clodsire|69/100|[from] item: Leftovers\n|upkeep\n|turn|11\n|inactive|Time left: 300 sec this turn | 300 sec total\n|\n|t:|1783565497\n|move|p2a: Hydrapple|Fickle Beam|p1a: Clodsire\n|-damage|p1a: Clodsire|32/100\n|move|p1a: Clodsire|Gunk Shot|p2a: Hydrapple\n|-supereffective|p2a: Hydrapple\n|-damage|p2a: Hydrapple|0 fnt\n|faint|p2a: Hydrapple\n|\n|-heal|p1a: Clodsire|38/100|[from] item: Leftovers\n|upkeep\n|inactive|Time left: 300 sec this turn | 300 sec total | 5 sec grace\n|\n|t:|1783565498\n|switch|p2a: Furret|Furret, L94, F|312/312\n|-damage|p2a: Furret|273/312|[from] Stealth Rock\n|-item|p1a: Clodsire|Leftovers|[from] ability: Frisk|[of] p2a: Furret\n|turn|12\n|inactive|Time left: 300 sec this turn | 300 sec total\n|\n|t:|1783565499\n|switch|p1a: Palossand|Palossand, L89, F|100/100\n|move|p2a: Furret|Knock Off|p1a: Palossand\n|-supereffective|p1a: Palossand\n|-damage|p1a: Palossand|45/100\n|-enditem|p1a: Palossand|Leftovers|[from] move: Knock Off|[of] p2a: Furret\n|\n|upkeep\n|turn|13\n|inactive|Time left: 300 sec this turn | 300 sec total\n|\n|t:|1783565500\n|switch|p1a: Keldeo|Keldeo-Resolute, L79|100/100\n|move|p2a: Furret|Knock Off|p1a: Keldeo\n|-resisted|p1a: Keldeo\n|-damage|p1a: Keldeo|80/100\n|-ability|p1a: Keldeo|Justified|boost\n|-boost|p1a: Keldeo|atk|1\n|-enditem|p1a: Keldeo|Leftovers|[from] move: Knock Off|[of] p2a: Furret\n|\n|upkeep\n|turn|14\n|inactive|Time left: 300 sec this turn | 300 sec total\n|\n|t:|1783565501\n|switch|p2a: Lilligant|Lilligant-Hisui, L79, F|240/240\n|-damage|p2a: Lilligant|225/240|[from] Stealth Rock\n|move|p1a: Keldeo|Surf|p2a: Lilligant\n|-resisted|p2a: Lilligant\n|-damage|p2a: Lilligant|165/240\n|\n|upkeep\n|turn|15\n|inactive|Time left: 300 sec this turn | 300 sec total\n|\n|t:|1783565502\n|move|p1a: Keldeo|Secret Sword|p2a: Lilligant\n|-damage|p2a: Lilligant|47/240\n|move|p2a: Lilligant|Victory Dance|p2a: Lilligant\n|-boost|p2a: Lilligant|atk|1\n|-boost|p2a: Lilligant|def|1\n|-boost|p2a: Lilligant|spe|1\n|\n|upkeep\n|turn|16\n|inactive|Time left: 300 sec this turn | 300 sec total\n|\n|t:|1783565504\n|move|p2a: Lilligant|Close Combat|p1a: Keldeo\n|-crit|p1a: Keldeo\n|-damage|p1a: Keldeo|0 fnt\n|-unboost|p2a: Lilligant|def|1\n|-unboost|p2a: Lilligant|spd|1\n|faint|p1a: Keldeo\n|-damage|p2a: Lilligant|23/240|[from] item: Life Orb\n|\n|upkeep\n|\n|t:|1783565504\n|switch|p1a: Kleavor|Kleavor, L78, M|33/100\n|turn|17\n|inactive|Time left: 300 sec this turn | 300 sec total\n|\n|t:|1783565506\n|move|p2a: Lilligant|Leaf Blade|p1a: Kleavor\n|-damage|p1a: Kleavor|0 fnt\n|faint|p1a: Kleavor\n|-damage|p2a: Lilligant|0 fnt|[from] item: Life Orb\n|faint|p2a: Lilligant\n|\n|upkeep\n|inactive|Time left: 300 sec this turn | 300 sec total | 5 sec grace\n|\n|t:|1783565507\n|switch|p2a: Furret|Furret, L94, F|273/312\n|switch|p1a: Palossand|Palossand, L89, F|45/100\n|-damage|p2a: Furret|234/312|[from] Stealth Rock\n|turn|18\n|inactive|Time left: 300 sec this turn | 300 sec total\n|\n|t:|1783565508\n|-terastallize|p1a: Palossand|Water\n|move|p2a: Furret|Knock Off|p1a: Palossand\n|-damage|p1a: Palossand|24/100\n|move|p1a: Palossand|Earth Power|p2a: Furret\n|-damage|p2a: Furret|107/312\n|\n|upkeep\n|turn|19\n|inactive|Time left: 300 sec this turn | 300 sec total\n|\n|t:|1783565509\n|-terastallize|p2a: Furret|Normal\n|move|p2a: Furret|Knock Off|p1a: Palossand\n|-damage|p1a: Palossand|4/100\n|move|p1a: Palossand|Earth Power|p2a: Furret\n|-damage|p2a: Furret|0 fnt\n|faint|p2a: Furret\n|\n|win|p0x228202cc", "uploadtime": 1783565509, "views": 0, "rating": 0, "private": 0, "password": null, "_winner": "p0x228202cc", "_our_name": "p0y2282cf78"}