{"id": "battle-gen9randombattle-1214", "formatid": "gen9randombattle", "format": "[Gen 9] Random Battle", "players": ["p0x1214fc5d", "p0y12149e99"], "log": "|init|battle\n|title|p0x1214fc5d vs. p0y12149e99\n|j|\u2606p0x1214fc5d\n|j|\u2606p0y12149e99\n|t:|1783554057\n|gametype|singles\n|player|p1|p0x1214fc5d|2|\n|player|p2|p0y12149e99|2|\n|gen|9\n|tier|[Gen 9] Random Battle\n|rule|Species Clause: Limit one of each Pok\u00e9mon\n|rule|HP Percentage Mod: HP is shown in percentages\n|rule|Sleep Clause Mod: Limit one foe put to sleep\n|rule|Illusion Level Mod: Illusion disguises the Pok\u00e9mon's true level\n|\n|t:|1783554057\n|teamsize|p1|6\n|teamsize|p2|6\n|start\n|switch|p1a: Breloom|Breloom, L83, F|235/235\n|switch|p2a: Forretress|Forretress, L84, F|100/100\n|turn|1\n|inactive|Battle timer is ON: inactive players will automatically lose when time's up. (requested by p0y12149e99)\n|inactive|Time left: 300 sec this turn | 300 sec total | 60 sec grace\n|inactive|p0x1214fc5d also wants the timer to be on.\n|\n|t:|1783554058\n|move|p1a: Breloom|Spore|p2a: Forretress\n|-status|p2a: Forretress|slp|[from] move: Spore\n|cant|p2a: Forretress|slp\n|\n|upkeep\n|turn|2\n|inactive|Time left: 300 sec this turn | 300 sec total\n|\n|t:|1783554059\n|move|p1a: Breloom|Bullet Seed|p2a: Forretress\n|-resisted|p2a: Forretress\n|-damage|p2a: Forretress|97/100 slp\n|-resisted|p2a: Forretress\n|-crit|p2a: Forretress\n|-damage|p2a: Forretress|90/100 slp\n|-resisted|p2a: Forretress\n|-damage|p2a: Forretress|86/100 slp\n|-hitcount|p2a: Forretress|3\n|-damage|p1a: Breloom|212/235|[from] item: Life Orb\n|cant|p2a: Forretress|slp\n|\n|-heal|p2a: Forretress|93/100 slp|[from] item: Leftovers\n|upkeep\n|turn|3\n|inactive|Time left: 300 sec this turn | 300 sec total\n|\n|t:|1783554060\n|move|p1a: Breloom|Rock Tomb|p2a: Forretress\n|-damage|p2a: Forretress|66/100 slp\n|-unboost|p2a: Forretress|spe|1\n|-damage|p1a: Breloom|189/235|[from] item: Life Orb\n|-curestatus|p2a: Forretress|slp|[msg]\n|move|p2a: Forretress|Rapid Spin|p1a: Breloom\n|-damage|p1a: Breloom|150/235\n|-boost|p2a: Forretress|spe|1\n|\n|-heal|p2a: Forretress|72/100|[from] item: Leftovers\n|upkeep\n|turn|4\n|inactive|Time left: 300 sec this turn | 300 sec total\n|\n|t:|1783554061\n|move|p1a: Breloom|Spore|p2a: Forretress\n|-status|p2a: Forretress|slp|[from] move: Spore\n|cant|p2a: Forretress|slp\n|\n|-heal|p2a: Forretress|78/100 slp|[from] item: Leftovers\n|upkeep\n|turn|5\n|inactive|Time left: 300 sec this turn | 300 sec total\n|\n|t:|1783554062\n|move|p1a: Breloom|Rock Tomb|p2a: Forretress\n|-damage|p2a: Forretress|52/100 slp\n|-unboost|p2a: Forretress|spe|1\n|-damage|p1a: Breloom|127/235|[from] item: Life Orb\n|cant|p2a: Forretress|slp\n|\n|-heal|p2a: Forretress|58/100 slp|[from] item: Leftovers\n|upkeep\n|turn|6\n|inactive|Time left: 300 sec this turn | 300 sec total\n|\n|t:|1783554063\n|move|p1a: Breloom|Rock Tomb|p2a: Forretress\n|-damage|p2a: Forretress|31/100 slp\n|-unboost|p2a: Forretress|spe|1\n|-damage|p1a: Breloom|104/235|[from] item: Life Orb\n|cant|p2a: Forretress|slp\n|\n|-heal|p2a: Forretress|37/100 slp|[from] item: Leftovers\n|upkeep\n|turn|7\n|inactive|Time left: 300 sec this turn | 300 sec total\n|\n|t:|1783554064\n|move|p1a: Breloom|Bullet Seed|p2a: Forretress\n|-resisted|p2a: Forretress\n|-damage|p2a: Forretress|33/100 slp\n|-resisted|p2a: Forretress\n|-damage|p2a: Forretress|29/100 slp\n|-resisted|p2a: Forretress\n|-damage|p2a: Forretress|25/100 slp\n|-hitcount|p2a: Forretress|3\n|-damage|p1a: Breloom|81/235|[from] item: Life Orb\n|-curestatus|p2a: Forretress|slp|[msg]\n|move|p2a: Forretress|Iron Head|p1a: Breloom\n|-crit|p1a: Breloom\n|-damage|p1a: Breloom|0 fnt\n|faint|p1a: Breloom\n|\n|-heal|p2a: Forretress|31/100|[from] item: Leftovers\n|upkeep\n|inactive|Time left: 300 sec this turn | 300 sec total | 5 sec grace\n|\n|t:|1783554065\n|switch|p1a: Ariados|Ariados, L95, M|287/287\n|turn|8\n|inactive|Time left: 300 sec this turn | 300 sec total\n|\n|t:|1783554066\n|move|p1a: Ariados|Sticky Web|p2a: Forretress\n|-sidestart|p2: p0y12149e99|move: Sticky Web\n|move|p2a: Forretress|Rapid Spin|p1a: Ariados\n|-damage|p1a: Ariados|251/287\n|-boost|p2a: Forretress|spe|1\n|-sideend|p2: p0y12149e99|Sticky Web|[from] move: Rapid Spin|[of] p2a: Forretress\n|\n|-heal|p2a: Forretress|37/100|[from] item: Leftovers\n|upkeep\n|turn|9\n|inactive|Time left: 300 sec this turn | 300 sec total\n|\n|t:|1783554068\n|move|p1a: Ariados|Sticky Web|p2a: Forretress\n|-sidestart|p2: p0y12149e99|move: Sticky Web\n|move|p2a: Forretress|Rapid Spin|p1a: Ariados\n|-damage|p1a: Ariados|212/287\n|-boost|p2a: Forretress|spe|1\n|-sideend|p2: p0y12149e99|Sticky Web|[from] move: Rapid Spin|[of] p2a: Forretress\n|\n|-heal|p2a: Forretress|43/100|[from] item: Leftovers\n|upkeep\n|turn|10\n|inactive|Time left: 300 sec this turn | 300 sec total\n|\n|t:|1783554069\n|-terastallize|p1a: Ariados|Ghost\n|move|p1a: Ariados|Sticky Web|p2a: Forretress\n|-sidestart|p2: p0y12149e99|move: Sticky Web\n|move|p2a: Forretress|Rapid Spin|p1a: Ariados\n|-immune|p1a: Ariados\n|\n|-heal|p2a: Forretress|49/100|[from] item: Leftovers\n|upkeep\n|turn|11\n|inactive|Time left: 300 sec this turn | 300 sec total\n|\n|t:|1783554070\n|move|p1a: Ariados|Toxic Spikes|p2a: Forretress\n|-sidestart|p2: p0y12149e99|move: Toxic Spikes\n|move|p2a: Forretress|Spikes|p1a: Ariados\n|-sidestart|p1: p0x1214fc5d|Spikes\n|\n|-heal|p2a: Forretress|55/100|[from] item: Leftovers\n|upkeep\n|turn|12\n|inactive|Time left: 300 sec this turn | 300 sec total\n|\n|t:|1783554071\n|move|p1a: Ariados|Toxic Spikes|p2a: Forretress\n|-sidestart|p2: p0y12149e99|move: Toxic Spikes\n|move|p2a: Forretress|Stealth Rock|p1a: Ariados\n|-sidestart|p1: p0x1214fc5d|move: Stealth Rock\n|\n|-heal|p2a: Forretress|61/100|[from] item: Leftovers\n|upkeep\n|turn|13\n|inactive|Time left: 300 sec this turn | 300 sec total\n|\n|t:|1783554073\n|switch|p2a: Dragalge|Dragalge, L88, F|100/100\n|-activate|p2a: Dragalge|move: Sticky Web\n|-unboost|p2a: Dragalge|spe|1\n|-sideend|p2: p0y12149e99|move: Toxic Spikes|[of] p2a: Dragalge\n|move|p1a: Ariados|Megahorn|p2a: Dragalge\n|-resisted|p2a: Dragalge\n|-damage|p2a: Dragalge|71/100\n|\n|upkeep\n|turn|14\n|inactive|Time left: 300 sec this turn | 300 sec total\n|\n|t:|1783554074\n|move|p1a: Ariados|Toxic Spikes|p2a: Dragalge\n|-sidestart|p2: p0y12149e99|move: Toxic Spikes\n|move|p2a: Dragalge|Draco Meteor|p1a: Ariados\n|-damage|p1a: Ariados|0 fnt\n|-unboost|p2a: Dragalge|spa|2\n|faint|p1a: Ariados\n|\n|upkeep\n|inactive|Time left: 300 sec this turn | 300 sec total | 5 sec grace\n|\n|t:|1783554075\n|switch|p1a: Sandslash|Sandslash-Alola, L88, M|275/275\n|-damage|p1a: Sandslash|241/275|[from] Spikes\n|-damage|p1a: Sandslash|207/275|[from] Stealth Rock\n|turn|15\n|inactive|Time left: 300 sec this turn | 300 sec total\n|\n|t:|1783554077\n|switch|p2a: Forretress|Forretress, L84, F|61/100\n|-activate|p2a: Forretress|move: Sticky Web\n|-unboost|p2a: Forretress|spe|1\n|move|p1a: Sandslash|Rapid Spin|p2a: Forretress\n|-resisted|p2a: Forretress\n|-damage|p2a: Forretress|56/100\n|-boost|p1a: Sandslash|spe|1\n|-sideend|p1: p0x1214fc5d|Spikes|[from] move: Rapid Spin|[of] p1a: Sandslash\n|-sideend|p1: p0x1214fc5d|Stealth Rock|[from] move: Rapid Spin|[of] p1a: Sandslash\n|\n|-heal|p2a: Forretress|62/100|[from] item: Leftovers\n|upkeep\n|turn|16\n|inactive|Time left: 300 sec this turn | 300 sec total\n|\n|t:|1783554078\n|move|p1a: Sandslash|Iron Head|p2a: Forretress\n|-resisted|p2a: Forretress\n|-crit|p2a: Forretress\n|-damage|p2a: Forretress|43/100\n|move|p2a: Forretress|Rapid Spin|p1a: Sandslash\n|-resisted|p1a: Sandslash\n|-damage|p1a: Sandslash|194/275\n|-boost|p2a: Forretress|spe|1\n|-sideend|p2: p0y12149e99|Toxic Spikes|[from] move: Rapid Spin|[of] p2a: Forretress\n|-sideend|p2: p0y12149e99|Sticky Web|[from] move: Rapid Spin|[of] p2a: Forretress\n|\n|-heal|p2a: Forretress|50/100|[from] item: Leftovers\n|upkeep\n|turn|17\n|inactive|Time left: 300 sec this turn | 300 sec total\n|\n|t:|1783554079\n|move|p1a: Sandslash|Knock Off|p2a: Forretress\n|-damage|p2a: Forretress|30/100\n|-enditem|p2a: Forretress|Leftovers|[from] move: Knock Off|[of] p1a: Sandslash\n|move|p2a: Forretress|Stealth Rock|p1a: Sandslash\n|-sidestart|p1: p0x1214fc5d|move: Stealth Rock\n|\n|upkeep\n|turn|18\n|inactive|Time left: 300 sec this turn | 300 sec total\n|\n|t:|1783554080\n|move|p1a: Sandslash|Rapid Spin|p2a: Forretress\n|-resisted|p2a: Forretress\n|-damage|p2a: Forretress|24/100\n|-boost|p1a: Sandslash|spe|1\n|-sideend|p1: p0x1214fc5d|Stealth Rock|[from] move: Rapid Spin|[of] p1a: Sandslash\n|move|p2a: Forretress|Iron Head|p1a: Sandslash\n|-damage|p1a: Sandslash|131/275\n|\n|upkeep\n|turn|19\n|inactive|Time left: 300 sec this turn | 300 sec total\n|\n|t:|1783554081\n|move|p1a: Sandslash|Knock Off|p2a: Forretress\n|-damage|p2a: Forretress|10/100\n|move|p2a: Forretress|Iron Head|p1a: Sandslash\n|-damage|p1a: Sandslash|76/275\n|\n|upkeep\n|turn|20\n|inactive|Time left: 300 sec this turn | 300 sec total\n|\n|t:|1783554082\n|switch|p2a: Garchomp|Garchomp, L74, M|100/100\n|move|p1a: Sandslash|Knock Off|p2a: Garchomp\n|-damage|p2a: Garchomp|70/100\n|-damage|p1a: Sandslash|42/275|[from] ability: Rough Skin|[of] p2a: Garchomp\n|-damage|p1a: Sandslash|0 fnt|[from] item: Rocky Helmet|[of] p2a: Garchomp\n|faint|p1a: Sandslash\n|\n|upkeep\n|inactive|Time left: 300 sec this turn | 300 sec total | 5 sec grace\n|\n|t:|1783554083\n|switch|p1a: Dipplin|Dipplin, L88, F|284/284\n|turn|21\n|inactive|Time left: 300 sec this turn | 300 sec total\n|\n|t:|1783554084\n|switch|p2a: Dragalge|Dragalge, L88, F|71/100\n|move|p1a: Dipplin|Dragon Pulse|p2a: Dragalge\n|-supereffective|p2a: Dragalge\n|-damage|p2a: Dragalge|15/100\n|\n|upkeep\n|turn|22\n|inactive|Time left: 300 sec this turn | 300 sec total\n|\n|t:|1783554085\n|move|p1a: Dipplin|Sucker Punch|p2a: Dragalge\n|-damage|p2a: Dragalge|0 fnt\n|faint|p2a: Dragalge\n|\n|upkeep\n|\n|t:|1783554085\n|switch|p2a: Chien-Pao|Chien-Pao, L72|100/100\n|-ability|p2a: Chien-Pao|Sword of Ruin\n|turn|23\n|inactive|Time left: 300 sec this turn | 300 sec total\n|\n|t:|1783554086\n|switch|p1a: Duraludon|Duraludon, L82, M|249/249\n|move|p2a: Chien-Pao|Icicle Crash|p1a: Duraludon\n|-damage|p1a: Duraludon|164/249\n|\n|upkeep\n|turn|24\n|inactive|Time left: 300 sec this turn | 300 sec total\n|\n|t:|1783554087\n|move|p2a: Chien-Pao|Icicle Crash|p1a: Duraludon\n|-damage|p1a: Duraludon|76/249\n|move|p1a: Duraludon|Flash Cannon|p2a: Chien-Pao\n|-supereffective|p2a: Chien-Pao\n|-damage|p2a: Chien-Pao|0 fnt\n|faint|p2a: Chien-Pao\n|\n|upkeep\n|\n|t:|1783554088\n|switch|p2a: Mewtwo|Mewtwo, L72|100/100\n|-ability|p2a: Mewtwo|Unnerve\n|turn|25\n|inactive|Time left: 300 sec this turn | 300 sec total\n|\n|t:|1783554089\n|switch|p1a: Dipplin|Dipplin, L88, F|284/284\n|move|p2a: Mewtwo|Nasty Plot|p2a: Mewtwo\n|-boost|p2a: Mewtwo|spa|2\n|\n|upkeep\n|turn|26\n|inactive|Time left: 300 sec this turn | 300 sec total\n|\n|t:|1783554090\n|move|p2a: Mewtwo|Nasty Plot|p2a: Mewtwo\n|-boost|p2a: Mewtwo|spa|2\n|move|p1a: Dipplin|Giga Drain|p2a: Mewtwo\n|-damage|p2a: Mewtwo|66/100\n|\n|upkeep\n|turn|27\n|inactive|Time left: 300 sec this turn | 300 sec total\n|\n|t:|1783554091\n|move|p2a: Mewtwo|Dark Pulse|p1a: Dipplin\n|-damage|p1a: Dipplin|119/284\n|-damage|p2a: Mewtwo|56/100|[from] item: Life Orb\n|move|p1a: Dipplin|Dragon Pulse|p2a: Mewtwo\n|-damage|p2a: Mewtwo|13/100\n|\n|upkeep\n|turn|28\n|inactive|Time left: 300 sec this turn | 300 sec total\n|\n|t:|1783554093\n|move|p1a: Dipplin|Sucker Punch|p2a: Mewtwo\n|-supereffective|p2a: Mewtwo\n|-damage|p2a: Mewtwo|0 fnt\n|faint|p2a: Mewtwo\n|\n|upkeep\n|\n|t:|1783554094\n|switch|p2a: Garchomp|Garchomp, L74, M|70/100\n|turn|29\n|inactive|Time left: 300 sec this turn | 300 sec total\n|\n|t:|1783554095\n|switch|p1a: Zangoose|Zangoose, L85, F|263/263\n|move|p2a: Garchomp|Outrage|p1a: Zangoose\n|-damage|p1a: Zangoose|110/263\n|\n|-status|p1a: Zangoose|tox|[from] item: Toxic Orb\n|upkeep\n|turn|30\n|inactive|Time left: 300 sec this turn | 300 sec total\n|\n|t:|1783554096\n|move|p1a: Zangoose|Facade|p2a: Garchomp\n|-damage|p2a: Garchomp|0 fnt\n|-damage|p1a: Zangoose|78/263 tox|[from] ability: Rough Skin|[of] p2a: Garchomp\n|-damage|p1a: Zangoose|35/263 tox|[from] item: Rocky Helmet|[of] p2a: Garchomp\n|faint|p2a: Garchomp\n|\n|-damage|p1a: Zangoose|19/263 tox|[from] psn\n|upkeep\n|\n|t:|1783554097\n|switch|p2a: Mamoswine|Mamoswine, L81, M|100/100\n|turn|31\n|inactive|Time left: 300 sec this turn | 300 sec total\n|\n|t:|1783554098\n|move|p2a: Mamoswine|Ice Shard|p1a: Zangoose\n|-damage|p1a: Zangoose|0 fnt\n|faint|p1a: Zangoose\n|\n|upkeep\n|inactive|Time left: 300 sec this turn | 300 sec total | 5 sec grace\n|\n|t:|1783554099\n|switch|p1a: Duraludon|Duraludon, L82, M|76/249\n|turn|32\n|inactive|Time left: 300 sec this turn | 300 sec total\n|\n|t:|1783554100\n|move|p2a: Mamoswine|Ice Shard|p1a: Duraludon\n|-damage|p1a: Duraludon|33/249\n|move|p1a: Duraludon|Draco Meteor|p2a: Mamoswine\n|-damage|p2a: Mamoswine|30/100\n|-unboost|p1a: Duraludon|spa|2\n|\n|upkeep\n|turn|33\n|inactive|Time left: 300 sec this turn | 300 sec total\n|\n|t:|1783554101\n|switch|p1a: Dipplin|Dipplin, L88, F|119/284\n|move|p2a: Mamoswine|Ice Shard|p1a: Dipplin\n|-supereffective|p1a: Dipplin\n|-damage|p1a: Dipplin|0 fnt\n|faint|p1a: Dipplin\n|\n|upkeep\n|inactive|Time left: 300 sec this turn | 300 sec total | 5 sec grace\n|\n|t:|1783554102\n|switch|p1a: Duraludon|Duraludon, L82, M|33/249\n|turn|34\n|inactive|Time left: 300 sec this turn | 300 sec total\n|\n|t:|1783554102\n|-terastallize|p2a: Mamoswine|Ice\n|move|p2a: Mamoswine|Ice Shard|p1a: Duraludon\n|-damage|p1a: Duraludon|0 fnt\n|faint|p1a: Duraludon\n|\n|win|p0y12149e99", "uploadtime": 1783554103, "views": 0, "rating": 0, "private": 0, "password": null, "_winner": "p0y12149e99", "_our_name": "p0x1214fc5d"}