{"id": "battle-gen9randombattle-40", "formatid": "gen9randombattle", "format": "[Gen 9] Random Battle", "players": ["p0x040e66e", "p0y04082f5"], "log": "|init|battle\n|title|p0x040e66e vs. p0y04082f5\n|j|\u2606p0x040e66e\n|j|\u2606p0y04082f5\n|t:|1783533691\n|gametype|singles\n|player|p1|p0x040e66e|1|\n|player|p2|p0y04082f5|2|\n|gen|9\n|tier|[Gen 9] Random Battle\n|rule|Species Clause: Limit one of each Pok\u00e9mon\n|rule|HP Percentage Mod: HP is shown in percentages\n|rule|Sleep Clause Mod: Limit one foe put to sleep\n|rule|Illusion Level Mod: Illusion disguises the Pok\u00e9mon's true level\n|\n|t:|1783533691\n|teamsize|p1|6\n|teamsize|p2|6\n|start\n|switch|p1a: Eelektross|Eelektross, L87, F|100/100\n|switch|p2a: Ceruledge|Ceruledge, L78, F|245/245\n|turn|1\n|inactive|Battle timer is ON: inactive players will automatically lose when time's up. (requested by p0y04082f5)\n|inactive|p0x040e66e also wants the timer to be on.\n|\n|t:|1783533692\n|move|p2a: Ceruledge|Swords Dance|p2a: Ceruledge\n|-boost|p2a: Ceruledge|atk|2\n|move|p1a: Eelektross|Supercell Slam|p2a: Ceruledge\n|-damage|p2a: Ceruledge|100/245\n|-ability|p2a: Ceruledge|Weak Armor|boost\n|-unboost|p2a: Ceruledge|def|1\n|-boost|p2a: Ceruledge|spe|2\n|\n|upkeep\n|turn|2\n|inactive|Time left: 300 sec this turn | 300 sec total\n|\n|t:|1783533693\n|-terastallize|p2a: Ceruledge|Ghost\n|move|p2a: Ceruledge|Poltergeist|p1a: Eelektross\n|-activate|p1a: Eelektross|move: Poltergeist|Leftovers\n|-damage|p1a: Eelektross|0 fnt\n|faint|p1a: Eelektross\n|\n|upkeep\n|\n|t:|1783533694\n|switch|p1a: Feraligatr|Feraligatr, L79, M|100/100\n|turn|3\n|inactive|Time left: 300 sec this turn | 300 sec total\n|\n|t:|1783533695\n|move|p2a: Ceruledge|Poltergeist|p1a: Feraligatr\n|-activate|p1a: Feraligatr|move: Poltergeist|Life Orb\n|-damage|p1a: Feraligatr|0 fnt\n|faint|p1a: Feraligatr\n|\n|upkeep\n|\n|t:|1783533697\n|switch|p1a: Jirachi|Jirachi, L80|100/100\n|turn|4\n|inactive|Time left: 300 sec this turn | 300 sec total\n|\n|t:|1783533698\n|-terastallize|p1a: Jirachi|Water\n|move|p2a: Ceruledge|Bitter Blade|p1a: Jirachi\n|-resisted|p1a: Jirachi\n|-damage|p1a: Jirachi|70/100\n|-heal|p2a: Ceruledge|145/245|[from] drain|[of] p1a: Jirachi\n|move|p1a: Jirachi|Iron Head|p2a: Ceruledge\n|-damage|p2a: Ceruledge|18/245\n|-ability|p2a: Ceruledge|Weak Armor|boost\n|-unboost|p2a: Ceruledge|def|1\n|-boost|p2a: Ceruledge|spe|2\n|\n|upkeep\n|turn|5\n|inactive|Time left: 300 sec this turn | 300 sec total\n|\n|t:|1783533699\n|move|p2a: Ceruledge|Poltergeist|p1a: Jirachi\n|-activate|p1a: Jirachi|move: Poltergeist|Assault Vest\n|-damage|p1a: Jirachi|0 fnt\n|faint|p1a: Jirachi\n|\n|upkeep\n|\n|t:|1783533700\n|switch|p1a: Entei|Entei, L78|100/100\n|turn|6\n|inactive|Time left: 300 sec this turn | 300 sec total\n|\n|t:|1783533701\n|move|p2a: Ceruledge|Poltergeist|p1a: Entei\n|-activate|p1a: Entei|move: Poltergeist|Choice Band\n|-damage|p1a: Entei|0 fnt\n|faint|p1a: Entei\n|\n|upkeep\n|\n|t:|1783533702\n|switch|p1a: Amoonguss|Amoonguss, L82, M|100/100\n|turn|7\n|inactive|Time left: 300 sec this turn | 300 sec total\n|\n|t:|1783533703\n|move|p2a: Ceruledge|Bitter Blade|p1a: Amoonguss\n|-supereffective|p1a: Amoonguss\n|-damage|p1a: Amoonguss|0 fnt\n|-heal|p2a: Ceruledge|179/245|[from] drain|[of] p1a: Amoonguss\n|-damage|p2a: Ceruledge|139/245|[from] item: Rocky Helmet|[of] p1a: Amoonguss\n|faint|p1a: Amoonguss\n|\n|upkeep\n|\n|t:|1783533704\n|switch|p1a: Galvantula|Galvantula, L82, F|100/100\n|turn|8\n|inactive|Time left: 300 sec this turn | 300 sec total\n|\n|t:|1783533705\n|move|p2a: Ceruledge|Bitter Blade|p1a: Galvantula\n|-supereffective|p1a: Galvantula\n|-damage|p1a: Galvantula|0 fnt\n|-heal|p2a: Ceruledge|245/245|[from] drain|[of] p1a: Galvantula\n|faint|p1a: Galvantula\n|\n|win|p0y04082f5", "uploadtime": 1783533705, "views": 0, "rating": 0, "private": 0, "password": null, "_winner": "p0y04082f5", "_our_name": "p0y04082f5"}