{"id": "battle-gen9randombattle-100", "formatid": "gen9randombattle", "format": "[Gen 9] Random Battle", "players": ["p0x1001f14", "p0y100c76b"], "log": "|init|battle\n|title|p0x1001f14 vs. p0y100c76b\n|j|\u2606p0x1001f14\n|j|\u2606p0y100c76b\n|t:|1783534928\n|gametype|singles\n|player|p1|p0x1001f14|1|\n|player|p2|p0y100c76b|101|\n|gen|9\n|tier|[Gen 9] Random Battle\n|rule|Species Clause: Limit one of each Pok\u00e9mon\n|rule|HP Percentage Mod: HP is shown in percentages\n|rule|Sleep Clause Mod: Limit one foe put to sleep\n|rule|Illusion Level Mod: Illusion disguises the Pok\u00e9mon's true level\n|\n|t:|1783534928\n|teamsize|p1|6\n|teamsize|p2|6\n|start\n|switch|p1a: Spiritomb|Spiritomb, L89, M|100/100\n|switch|p2a: Hitmonchan|Hitmonchan, L87, M|229/229\n|turn|1\n|inactive|Battle timer is ON: inactive players will automatically lose when time's up. (requested by p0y100c76b)\n|\n|t:|1783534930\n|move|p2a: Hitmonchan|Knock Off|p1a: Spiritomb\n|-damage|p1a: Spiritomb|76/100\n|-enditem|p1a: Spiritomb|Leftovers|[from] move: Knock Off|[of] p2a: Hitmonchan\n|move|p1a: Spiritomb|Will-O-Wisp|p2a: Hitmonchan\n|-status|p2a: Hitmonchan|brn\n|\n|-damage|p2a: Hitmonchan|215/229 brn|[from] brn\n|upkeep\n|turn|2\n|inactive|Time left: 300 sec this turn | 300 sec total\n|inactive|p0x1001f14 also wants the timer to be on.\n|\n|t:|1783534931\n|switch|p2a: Miraidon|Miraidon, L65|238/238\n|-fieldstart|move: Electric Terrain|[from] ability: Hadron Engine|[of] p2a: Miraidon\n|move|p1a: Spiritomb|Poltergeist|p2a: Miraidon\n|-activate|p2a: Miraidon|move: Poltergeist|Choice Specs\n|-damage|p2a: Miraidon|82/238\n|\n|upkeep\n|turn|3\n|inactive|Time left: 300 sec this turn | 300 sec total\n|\n|t:|1783534932\n|move|p1a: Spiritomb|Sucker Punch|p2a: Miraidon\n|-damage|p2a: Miraidon|0 fnt\n|faint|p2a: Miraidon\n|\n|upkeep\n|inactive|Time left: 300 sec this turn | 300 sec total | 5 sec grace\n|\n|t:|1783534933\n|switch|p2a: Typhlosion|Typhlosion, L84, M|267/267\n|turn|4\n|inactive|Time left: 300 sec this turn | 300 sec total\n|\n|t:|1783534934\n|move|p1a: Spiritomb|Sucker Punch|p2a: Typhlosion\n|-damage|p2a: Typhlosion|173/267\n|move|p2a: Typhlosion|Eruption|p1a: Spiritomb\n|-damage|p1a: Spiritomb|14/100\n|\n|upkeep\n|turn|5\n|inactive|Time left: 300 sec this turn | 300 sec total\n|\n|t:|1783534935\n|move|p1a: Spiritomb|Sucker Punch|p2a: Typhlosion\n|-damage|p2a: Typhlosion|79/267\n|move|p2a: Typhlosion|Eruption|p1a: Spiritomb\n|-damage|p1a: Spiritomb|0 fnt\n|faint|p1a: Spiritomb\n|\n|upkeep\n|\n|t:|1783534936\n|switch|p1a: Falinks|Falinks, L84|100/100\n|turn|6\n|inactive|Time left: 300 sec this turn | 300 sec total\n|\n|t:|1783534937\n|move|p2a: Typhlosion|Eruption|p1a: Falinks\n|-damage|p1a: Falinks|61/100\n|move|p1a: Falinks|No Retreat|p1a: Falinks\n|-boost|p1a: Falinks|atk|1\n|-boost|p1a: Falinks|def|1\n|-boost|p1a: Falinks|spa|1\n|-boost|p1a: Falinks|spd|1\n|-boost|p1a: Falinks|spe|1\n|-start|p1a: Falinks|move: No Retreat\n|\n|-fieldend|move: Electric Terrain\n|upkeep\n|turn|7\n|inactive|Time left: 300 sec this turn | 300 sec total\n|\n|t:|1783534938\n|switch|p2a: Hitmonchan|Hitmonchan, L87, M|215/229 brn\n|move|p1a: Falinks|Iron Head|p2a: Hitmonchan\n|-damage|p2a: Hitmonchan|105/229 brn\n|-damage|p1a: Falinks|52/100|[from] item: Life Orb\n|\n|-heal|p2a: Hitmonchan|119/229 brn|[from] item: Leftovers\n|-damage|p2a: Hitmonchan|105/229 brn|[from] brn\n|upkeep\n|turn|8\n|inactive|Time left: 300 sec this turn | 300 sec total\n|\n|t:|1783534939\n|move|p1a: Falinks|Knock Off|p2a: Hitmonchan\n|-resisted|p2a: Hitmonchan\n|-damage|p2a: Hitmonchan|31/229 brn\n|-enditem|p2a: Hitmonchan|Leftovers|[from] move: Knock Off|[of] p1a: Falinks\n|-damage|p1a: Falinks|42/100|[from] item: Life Orb\n|move|p2a: Hitmonchan|Drain Punch|p1a: Falinks\n|-damage|p1a: Falinks|29/100\n|-heal|p2a: Hitmonchan|47/229 brn|[from] drain|[of] p1a: Falinks\n|\n|-damage|p2a: Hitmonchan|33/229 brn|[from] brn\n|upkeep\n|turn|9\n|inactive|Time left: 300 sec this turn | 300 sec total\n|\n|t:|1783534940\n|switch|p2a: Gurdurr|Gurdurr, L85, M|283/283\n|move|p1a: Falinks|Knock Off|p2a: Gurdurr\n|-resisted|p2a: Gurdurr\n|-damage|p2a: Gurdurr|236/283\n|-enditem|p2a: Gurdurr|Eviolite|[from] move: Knock Off|[of] p1a: Falinks\n|-damage|p1a: Falinks|19/100|[from] item: Life Orb\n|\n|upkeep\n|turn|10\n|inactive|Time left: 300 sec this turn | 300 sec total\n|\n|t:|1783534941\n|move|p2a: Gurdurr|Mach Punch|p1a: Falinks\n|-damage|p1a: Falinks|8/100\n|move|p1a: Falinks|Close Combat|p2a: Gurdurr\n|-damage|p2a: Gurdurr|0 fnt\n|-unboost|p1a: Falinks|def|1\n|-unboost|p1a: Falinks|spd|1\n|faint|p2a: Gurdurr\n|-damage|p1a: Falinks|0 fnt|[from] item: Life Orb\n|faint|p1a: Falinks\n|\n|upkeep\n|inactive|Time left: 300 sec this turn | 300 sec total | 5 sec grace\n|\n|t:|1783534942\n|switch|p1a: Dunsparce|Dunsparce, L86, F|100/100\n|switch|p2a: Delphox|Delphox, L84, F|263/263\n|turn|11\n|inactive|Time left: 300 sec this turn | 300 sec total\n|\n|t:|1783534942\n|move|p2a: Delphox|Fire Blast|p1a: Dunsparce\n|-damage|p1a: Dunsparce|47/100\n|move|p1a: Dunsparce|Earthquake|p2a: Delphox\n|-supereffective|p2a: Delphox\n|-damage|p2a: Delphox|119/263\n|\n|upkeep\n|turn|12\n|inactive|Time left: 300 sec this turn | 300 sec total\n|\n|t:|1783534943\n|switch|p1a: Gouging Fire|Gouging Fire, L74|100/100\n|move|p2a: Delphox|Fire Blast|p1a: Gouging Fire\n|-resisted|p1a: Gouging Fire\n|-damage|p1a: Gouging Fire|83/100\n|\n|upkeep\n|turn|13\n|inactive|Time left: 300 sec this turn | 300 sec total\n|\n|t:|1783534944\n|move|p2a: Delphox|Fire Blast|p1a: Gouging Fire\n|-resisted|p1a: Gouging Fire\n|-damage|p1a: Gouging Fire|64/100\n|move|p1a: Gouging Fire|Outrage|p2a: Delphox\n|-damage|p2a: Delphox|0 fnt\n|faint|p2a: Delphox\n|\n|upkeep\n|inactive|Time left: 300 sec this turn | 300 sec total | 5 sec grace\n|\n|t:|1783534945\n|switch|p2a: Typhlosion|Typhlosion, L84, M|79/267\n|turn|14\n|inactive|Time left: 300 sec this turn | 300 sec total\n|\n|t:|1783534945\n|move|p2a: Typhlosion|Scorching Sands|p1a: Gouging Fire\n|-supereffective|p1a: Gouging Fire\n|-crit|p1a: Gouging Fire\n|-damage|p1a: Gouging Fire|0 fnt\n|faint|p1a: Gouging Fire\n|-end|p1a: Gouging Fire|Protosynthesis|[silent]\n|\n|upkeep\n|\n|t:|1783534946\n|switch|p1a: Dunsparce|Dunsparce, L86, F|47/100\n|turn|15\n|inactive|Time left: 300 sec this turn | 300 sec total\n|\n|t:|1783534947\n|move|p2a: Typhlosion|Scorching Sands|p1a: Dunsparce\n|-damage|p1a: Dunsparce|24/100\n|move|p1a: Dunsparce|Roost|p1a: Dunsparce\n|-heal|p1a: Dunsparce|74/100\n|-singleturn|p1a: Dunsparce|move: Roost\n|\n|upkeep\n|turn|16\n|inactive|Time left: 300 sec this turn | 300 sec total\n|\n|t:|1783534948\n|move|p2a: Typhlosion|Scorching Sands|p1a: Dunsparce\n|-damage|p1a: Dunsparce|53/100\n|-status|p1a: Dunsparce|brn\n|move|p1a: Dunsparce|Body Slam|p2a: Typhlosion\n|-damage|p2a: Typhlosion|38/267\n|-status|p2a: Typhlosion|par\n|\n|-damage|p1a: Dunsparce|47/100 brn|[from] brn\n|upkeep\n|turn|17\n|inactive|Time left: 300 sec this turn | 300 sec total\n|\n|t:|1783534949\n|move|p1a: Dunsparce|Roost|p1a: Dunsparce\n|-heal|p1a: Dunsparce|97/100 brn\n|-singleturn|p1a: Dunsparce|move: Roost\n|move|p2a: Typhlosion|Scorching Sands|p1a: Dunsparce\n|-damage|p1a: Dunsparce|74/100 brn\n|\n|-damage|p1a: Dunsparce|68/100 brn|[from] brn\n|upkeep\n|turn|18\n|inactive|Time left: 300 sec this turn | 300 sec total\n|\n|t:|1783534950\n|move|p1a: Dunsparce|Coil|p1a: Dunsparce\n|-boost|p1a: Dunsparce|atk|1\n|-boost|p1a: Dunsparce|def|1\n|-boost|p1a: Dunsparce|accuracy|1\n|move|p2a: Typhlosion|Scorching Sands|p1a: Dunsparce\n|-damage|p1a: Dunsparce|46/100 brn\n|\n|-damage|p1a: Dunsparce|40/100 brn|[from] brn\n|upkeep\n|turn|19\n|inactive|Time left: 300 sec this turn | 300 sec total\n|\n|t:|1783534951\n|switch|p2a: Illumise|Illumise, L91, F|266/266\n|move|p1a: Dunsparce|Roost|p1a: Dunsparce\n|-heal|p1a: Dunsparce|90/100 brn\n|-singleturn|p1a: Dunsparce|move: Roost\n|\n|-damage|p1a: Dunsparce|84/100 brn|[from] brn\n|upkeep\n|turn|20\n|inactive|Time left: 300 sec this turn | 300 sec total\n|\n|t:|1783534952\n|move|p2a: Illumise|Encore|p1a: Dunsparce\n|-start|p1a: Dunsparce|Encore\n|move|p1a: Dunsparce|Roost|p1a: Dunsparce\n|-heal|p1a: Dunsparce|100/100 brn\n|-singleturn|p1a: Dunsparce|move: Roost\n|\n|-damage|p1a: Dunsparce|94/100 brn|[from] brn\n|upkeep\n|turn|21\n|inactive|Time left: 300 sec this turn | 300 sec total\n|\n|t:|1783534953\n|move|p2a: Illumise|Bug Buzz|p1a: Dunsparce\n|-damage|p1a: Dunsparce|72/100 brn\n|move|p1a: Dunsparce|Roost|p1a: Dunsparce\n|-heal|p1a: Dunsparce|100/100 brn\n|-singleturn|p1a: Dunsparce|move: Roost\n|\n|-damage|p1a: Dunsparce|94/100 brn|[from] brn\n|upkeep\n|turn|22\n|inactive|Time left: 300 sec this turn | 300 sec total\n|\n|t:|1783534954\n|move|p2a: Illumise|Bug Buzz|p1a: Dunsparce\n|-damage|p1a: Dunsparce|68/100 brn\n|move|p1a: Dunsparce|Roost|p1a: Dunsparce\n|-heal|p1a: Dunsparce|100/100 brn\n|-singleturn|p1a: Dunsparce|move: Roost\n|\n|-damage|p1a: Dunsparce|94/100 brn|[from] brn\n|-end|p1a: Dunsparce|Encore\n|upkeep\n|turn|23\n|inactive|Time left: 300 sec this turn | 300 sec total\n|\n|t:|1783534955\n|move|p2a: Illumise|Encore|p1a: Dunsparce\n|-start|p1a: Dunsparce|Encore\n|move|p1a: Dunsparce|Roost|p1a: Dunsparce\n|-heal|p1a: Dunsparce|100/100 brn\n|-singleturn|p1a: Dunsparce|move: Roost\n|\n|-damage|p1a: Dunsparce|94/100 brn|[from] brn\n|upkeep\n|turn|24\n|inactive|Time left: 300 sec this turn | 300 sec total\n|\n|t:|1783534956\n|move|p2a: Illumise|Bug Buzz|p1a: Dunsparce\n|-damage|p1a: Dunsparce|69/100 brn\n|move|p1a: Dunsparce|Roost|p1a: Dunsparce\n|-heal|p1a: Dunsparce|100/100 brn\n|-singleturn|p1a: Dunsparce|move: Roost\n|\n|-damage|p1a: Dunsparce|94/100 brn|[from] brn\n|-end|p1a: Dunsparce|Encore\n|upkeep\n|turn|25\n|inactive|Time left: 300 sec this turn | 300 sec total\n|\n|t:|1783534957\n|move|p2a: Illumise|Encore||[still]\n|-fail|p2a: Illumise\n|move|p1a: Dunsparce|Earthquake|p2a: Illumise\n|-resisted|p2a: Illumise\n|-damage|p2a: Illumise|245/266\n|\n|-damage|p1a: Dunsparce|88/100 brn|[from] brn\n|upkeep\n|turn|26\n|inactive|Time left: 300 sec this turn | 300 sec total\n|\n|t:|1783534958\n|move|p2a: Illumise|Encore|p1a: Dunsparce\n|-start|p1a: Dunsparce|Encore\n|move|p1a: Dunsparce|Earthquake|p2a: Illumise\n|-resisted|p2a: Illumise\n|-damage|p2a: Illumise|222/266\n|\n|-damage|p1a: Dunsparce|82/100 brn|[from] brn\n|upkeep\n|turn|27\n|inactive|Time left: 300 sec this turn | 300 sec total\n|\n|t:|1783534959\n|move|p2a: Illumise|Bug Buzz|p1a: Dunsparce\n|-damage|p1a: Dunsparce|60/100 brn\n|move|p1a: Dunsparce|Earthquake|p2a: Illumise\n|-resisted|p2a: Illumise\n|-damage|p2a: Illumise|199/266\n|\n|-damage|p1a: Dunsparce|54/100 brn|[from] brn\n|upkeep\n|turn|28\n|inactive|Time left: 300 sec this turn | 300 sec total\n|\n|t:|1783534960\n|move|p2a: Illumise|Bug Buzz|p1a: Dunsparce\n|-damage|p1a: Dunsparce|30/100 brn\n|move|p1a: Dunsparce|Earthquake|p2a: Illumise\n|-resisted|p2a: Illumise\n|-damage|p2a: Illumise|177/266\n|\n|-damage|p1a: Dunsparce|24/100 brn|[from] brn\n|-end|p1a: Dunsparce|Encore\n|upkeep\n|turn|29\n|inactive|Time left: 300 sec this turn | 300 sec total\n|\n|t:|1783534961\n|move|p2a: Illumise|Bug Buzz|p1a: Dunsparce\n|-damage|p1a: Dunsparce|0 fnt\n|faint|p1a: Dunsparce\n|\n|upkeep\n|\n|t:|1783534962\n|switch|p1a: Iron Leaves|Iron Leaves, L80|100/100\n|turn|30\n|inactive|Time left: 300 sec this turn | 300 sec total\n|\n|t:|1783534963\n|-terastallize|p1a: Iron Leaves|Fighting\n|move|p1a: Iron Leaves|Swords Dance|p1a: Iron Leaves\n|-boost|p1a: Iron Leaves|atk|2\n|move|p2a: Illumise|Bug Buzz|p1a: Iron Leaves\n|-resisted|p1a: Iron Leaves\n|-damage|p1a: Iron Leaves|86/100\n|\n|upkeep\n|turn|31\n|inactive|Time left: 300 sec this turn | 300 sec total\n|\n|t:|1783534964\n|move|p2a: Illumise|Encore|p1a: Iron Leaves\n|-start|p1a: Iron Leaves|Encore\n|move|p1a: Iron Leaves|Swords Dance|p1a: Iron Leaves\n|-boost|p1a: Iron Leaves|atk|2\n|\n|upkeep\n|turn|32\n|inactive|Time left: 300 sec this turn | 300 sec total\n|\n|t:|1783534965\n|switch|p2a: Typhlosion|Typhlosion, L84, M|38/267 par\n|move|p1a: Iron Leaves|Swords Dance|p1a: Iron Leaves\n|-boost|p1a: Iron Leaves|atk|2\n|\n|upkeep\n|turn|33\n|inactive|Time left: 300 sec this turn | 300 sec total\n|\n|t:|1783534966\n|-end|p1a: Iron Leaves|Quark Drive|[silent]\n|switch|p1a: Dondozo|Dondozo, L78, M|100/100\n|-terastallize|p2a: Typhlosion|Fire\n|move|p2a: Typhlosion|Fire Blast|p1a: Dondozo\n|-resisted|p1a: Dondozo\n|-damage|p1a: Dondozo|52/100\n|\n|-heal|p1a: Dondozo|59/100|[from] item: Leftovers\n|upkeep\n|turn|34\n|inactive|Time left: 300 sec this turn | 300 sec total\n|\n|t:|1783534967\n|move|p2a: Typhlosion|Fire Blast|p1a: Dondozo\n|-resisted|p1a: Dondozo\n|-damage|p1a: Dondozo|13/100\n|move|p1a: Dondozo|Wave Crash|p2a: Typhlosion\n|-supereffective|p2a: Typhlosion\n|-damage|p2a: Typhlosion|0 fnt\n|faint|p2a: Typhlosion\n|-damage|p1a: Dondozo|10/100|[from] Recoil\n|\n|-heal|p1a: Dondozo|16/100|[from] item: Leftovers\n|upkeep\n|inactive|Time left: 300 sec this turn | 300 sec total | 5 sec grace\n|\n|t:|1783534968\n|switch|p2a: Illumise|Illumise, L91, F|177/266\n|turn|35\n|inactive|Time left: 300 sec this turn | 300 sec total\n|\n|t:|1783534969\n|move|p2a: Illumise|Bug Buzz|p1a: Dondozo\n|-damage|p1a: Dondozo|0 fnt\n|faint|p1a: Dondozo\n|\n|upkeep\n|\n|t:|1783534970\n|switch|p1a: Iron Leaves|Iron Leaves, L80, tera:Fighting|86/100\n|turn|36\n|inactive|Time left: 300 sec this turn | 300 sec total\n|\n|t:|1783534971\n|move|p2a: Illumise|Thunder Wave|p1a: Iron Leaves\n|-status|p1a: Iron Leaves|par\n|move|p1a: Iron Leaves|Swords Dance|p1a: Iron Leaves\n|-boost|p1a: Iron Leaves|atk|2\n|\n|upkeep\n|turn|37\n|inactive|Time left: 300 sec this turn | 300 sec total\n|\n|t:|1783534972\n|move|p2a: Illumise|Encore|p1a: Iron Leaves\n|-start|p1a: Iron Leaves|Encore\n|move|p1a: Iron Leaves|Swords Dance|p1a: Iron Leaves\n|-boost|p1a: Iron Leaves|atk|2\n|\n|upkeep\n|turn|38\n|inactive|Time left: 300 sec this turn | 300 sec total\n|\n|t:|1783534973\n|move|p2a: Illumise|Bug Buzz|p1a: Iron Leaves\n|-resisted|p1a: Iron Leaves\n|-damage|p1a: Iron Leaves|72/100 par\n|move|p1a: Iron Leaves|Swords Dance|p1a: Iron Leaves\n|-boost|p1a: Iron Leaves|atk|2\n|\n|upkeep\n|turn|39\n|inactive|Time left: 300 sec this turn | 300 sec total\n|\n|t:|1783534974\n|move|p2a: Illumise|Roost|p2a: Illumise\n|-heal|p2a: Illumise|266/266\n|-singleturn|p2a: Illumise|move: Roost\n|cant|p1a: Iron Leaves|par\n|\n|-end|p1a: Iron Leaves|Encore\n|upkeep\n|turn|40\n|inactive|Time left: 300 sec this turn | 300 sec total\n|\n|t:|1783534975\n|move|p2a: Illumise|Encore|p1a: Iron Leaves\n|-start|p1a: Iron Leaves|Encore\n|cant|p1a: Iron Leaves|par\n|\n|upkeep\n|turn|41\n|inactive|Time left: 300 sec this turn | 300 sec total\n|\n|t:|1783534976\n|switch|p2a: Hitmonchan|Hitmonchan, L87, M|33/229 brn\n|move|p1a: Iron Leaves|Swords Dance|p1a: Iron Leaves\n|-boost|p1a: Iron Leaves|atk|0\n|\n|-damage|p2a: Hitmonchan|19/229 brn|[from] brn\n|upkeep\n|turn|42\n|inactive|Time left: 300 sec this turn | 300 sec total\n|\n|t:|1783534977\n|move|p2a: Hitmonchan|Taunt|p1a: Iron Leaves\n|-start|p1a: Iron Leaves|move: Taunt\n|cant|p1a: Iron Leaves|move: Taunt|Swords Dance\n|\n|-damage|p2a: Hitmonchan|5/229 brn|[from] brn\n|-end|p1a: Iron Leaves|Encore\n|upkeep\n|turn|43\n|inactive|Time left: 300 sec this turn | 300 sec total\n|\n|t:|1783534978\n|move|p2a: Hitmonchan|Drain Punch|p1a: Iron Leaves\n|-damage|p1a: Iron Leaves|51/100 par\n|-heal|p2a: Hitmonchan|34/229 brn|[from] drain|[of] p1a: Iron Leaves\n|move|p1a: Iron Leaves|Psyblade|p2a: Hitmonchan\n|-supereffective|p2a: Hitmonchan\n|-damage|p2a: Hitmonchan|0 fnt\n|faint|p2a: Hitmonchan\n|-damage|p1a: Iron Leaves|41/100 par|[from] item: Life Orb\n|\n|upkeep\n|inactive|Time left: 300 sec this turn | 300 sec total | 5 sec grace\n|\n|t:|1783534979\n|switch|p2a: Illumise|Illumise, L91, F|266/266\n|turn|44\n|inactive|Time left: 300 sec this turn | 300 sec total\n|\n|t:|1783534980\n|move|p2a: Illumise|Bug Buzz|p1a: Iron Leaves\n|-resisted|p1a: Iron Leaves\n|-damage|p1a: Iron Leaves|26/100 par\n|move|p1a: Iron Leaves|Close Combat|p2a: Illumise\n|-resisted|p2a: Illumise\n|-damage|p2a: Illumise|0 fnt\n|-unboost|p1a: Iron Leaves|def|1\n|-unboost|p1a: Iron Leaves|spd|1\n|faint|p2a: Illumise\n|-damage|p1a: Iron Leaves|16/100 par|[from] item: Life Orb\n|\n|win|p0x1001f14", "uploadtime": 1783534980, "views": 0, "rating": 0, "private": 0, "password": null, "_winner": "p0x1001f14", "_our_name": "p0y100c76b"}