{"id": "battle-gen9randombattle-2539", "formatid": "gen9randombattle", "format": "[Gen 9] Random Battle", "players": ["p0x253955c4", "p0y253965f2"], "log": "|init|battle\n|title|p0x253955c4 vs. p0y253965f2\n|j|\u2606p0x253955c4\n|j|\u2606p0y253965f2\n|t:|1783568430\n|gametype|singles\n|player|p1|p0x253955c4|1|\n|player|p2|p0y253965f2|169|\n|gen|9\n|tier|[Gen 9] Random Battle\n|rule|Species Clause: Limit one of each Pok\u00e9mon\n|rule|HP Percentage Mod: HP is shown in percentages\n|rule|Sleep Clause Mod: Limit one foe put to sleep\n|rule|Illusion Level Mod: Illusion disguises the Pok\u00e9mon's true level\n|\n|t:|1783568430\n|teamsize|p1|6\n|teamsize|p2|6\n|start\n|switch|p1a: Sinistcha|Sinistcha, L83|100/100\n|switch|p2a: Oricorio|Oricorio-Pa'u, L87, F|272/272\n|turn|1\n|inactive|Battle timer is ON: inactive players will automatically lose when time's up. (requested by p0x253955c4)\n|inactive|Time left: 300 sec this turn | 300 sec total | 60 sec grace\n|inactive|p0y253965f2 also wants the timer to be on.\n|\n|t:|1783568431\n|move|p2a: Oricorio|Quiver Dance|p2a: Oricorio\n|-boost|p2a: Oricorio|spa|1\n|-boost|p2a: Oricorio|spd|1\n|-boost|p2a: Oricorio|spe|1\n|move|p1a: Sinistcha|Shadow Ball|p2a: Oricorio\n|-supereffective|p2a: Oricorio\n|-damage|p2a: Oricorio|110/272\n|-unboost|p2a: Oricorio|spd|1\n|\n|upkeep\n|turn|2\n|inactive|Time left: 300 sec this turn | 300 sec total\n|\n|t:|1783568432\n|-terastallize|p1a: Sinistcha|Steel\n|move|p2a: Oricorio|Hurricane|p1a: Sinistcha\n|-resisted|p1a: Sinistcha\n|-damage|p1a: Sinistcha|58/100\n|move|p1a: Sinistcha|Shadow Ball|p2a: Oricorio\n|-supereffective|p2a: Oricorio\n|-damage|p2a: Oricorio|0 fnt\n|faint|p2a: Oricorio\n|\n|-heal|p1a: Sinistcha|64/100|[from] item: Leftovers\n|upkeep\n|inactive|Time left: 300 sec this turn | 300 sec total | 5 sec grace\n|\n|t:|1783568433\n|switch|p2a: Lycanroc|Lycanroc-Dusk, L81, M|254/254\n|turn|3\n|inactive|Time left: 300 sec this turn | 300 sec total\n|\n|t:|1783568434\n|switch|p1a: Seviper|Seviper, L93, M|100/100\n|move|p2a: Lycanroc|Close Combat|p1a: Seviper\n|-resisted|p1a: Seviper\n|-damage|p1a: Seviper|65/100\n|-unboost|p2a: Lycanroc|def|1\n|-unboost|p2a: Lycanroc|spd|1\n|\n|-heal|p1a: Seviper|71/100|[from] item: Leftovers\n|upkeep\n|turn|4\n|inactive|Time left: 300 sec this turn | 300 sec total\n|\n|t:|1783568436\n|switch|p2a: Landorus|Landorus, L75, M|257/257\n|move|p1a: Seviper|Gunk Shot|p2a: Landorus\n|-resisted|p2a: Landorus\n|-damage|p2a: Landorus|175/257\n|\n|-heal|p1a: Seviper|76/100|[from] item: Leftovers\n|upkeep\n|turn|5\n|inactive|Time left: 300 sec this turn | 300 sec total\n|\n|t:|1783568436\n|switch|p1a: Arceus|Arceus-Ice, L72|100/100\n|move|p2a: Landorus|Earth Power|p1a: Arceus\n|-damage|p1a: Arceus|57/100\n|\n|upkeep\n|turn|6\n|inactive|Time left: 300 sec this turn | 300 sec total\n|\n|t:|1783568437\n|switch|p2a: Fezandipiti|Fezandipiti, L82, M|278/278\n|move|p1a: Arceus|Judgment|p2a: Fezandipiti\n|-damage|p2a: Fezandipiti|193/278\n|\n|-heal|p2a: Fezandipiti|210/278|[from] item: Leftovers\n|upkeep\n|turn|7\n|inactive|Time left: 300 sec this turn | 300 sec total\n|\n|t:|1783568438\n|switch|p1a: Sinistcha|Sinistcha, L83, tera:Steel|64/100\n|move|p2a: Fezandipiti|Swords Dance|p2a: Fezandipiti\n|-boost|p2a: Fezandipiti|atk|2\n|\n|-heal|p2a: Fezandipiti|227/278|[from] item: Leftovers\n|-heal|p1a: Sinistcha|70/100|[from] item: Leftovers\n|upkeep\n|turn|8\n|inactive|Time left: 300 sec this turn | 300 sec total\n|\n|t:|1783568439\n|-terastallize|p2a: Fezandipiti|Ground\n|move|p2a: Fezandipiti|Tera Blast|p1a: Sinistcha|[anim] Tera Blast Ground\n|-supereffective|p1a: Sinistcha\n|-damage|p1a: Sinistcha|0 fnt\n|faint|p1a: Sinistcha\n|\n|-heal|p2a: Fezandipiti|244/278|[from] item: Leftovers\n|upkeep\n|\n|t:|1783568440\n|switch|p1a: Basculin|Basculin, L86, M|100/100\n|turn|9\n|inactive|Time left: 300 sec this turn | 300 sec total\n|\n|t:|1783568441\n|switch|p2a: Tatsugiri|Tatsugiri, L87, M|260/260\n|move|p1a: Basculin|Flip Turn|p2a: Tatsugiri\n|-ability|p2a: Tatsugiri|Storm Drain|boost\n|-boost|p2a: Tatsugiri|spa|1\n|\n|upkeep\n|turn|10\n|inactive|Time left: 300 sec this turn | 300 sec total\n|\n|t:|1783568442\n|switch|p1a: Illumise|Illumise, L91, F|100/100\n|move|p2a: Tatsugiri|Nasty Plot|p2a: Tatsugiri\n|-boost|p2a: Tatsugiri|spa|2\n|\n|upkeep\n|turn|11\n|inactive|Time left: 300 sec this turn | 300 sec total\n|\n|t:|1783568443\n|move|p1a: Illumise|Encore|p2a: Tatsugiri\n|-start|p2a: Tatsugiri|Encore\n|move|p2a: Tatsugiri|Nasty Plot|p2a: Tatsugiri\n|-boost|p2a: Tatsugiri|spa|2\n|\n|upkeep\n|turn|12\n|inactive|Time left: 300 sec this turn | 300 sec total\n|\n|t:|1783568444\n|switch|p1a: Basculin|Basculin, L86, M|100/100\n|switch|p2a: Fezandipiti|Fezandipiti, L82, M, tera:Ground|244/278\n|\n|-heal|p2a: Fezandipiti|261/278|[from] item: Leftovers\n|upkeep\n|turn|13\n|inactive|Time left: 300 sec this turn | 300 sec total\n|\n|t:|1783568445\n|switch|p2a: Tatsugiri|Tatsugiri, L87, M|260/260\n|move|p1a: Basculin|Flip Turn|p2a: Tatsugiri\n|-ability|p2a: Tatsugiri|Storm Drain|boost\n|-boost|p2a: Tatsugiri|spa|1\n|\n|upkeep\n|turn|14\n|inactive|Time left: 300 sec this turn | 300 sec total\n|\n|t:|1783568446\n|switch|p1a: Arceus|Arceus-Ice, L72|57/100\n|move|p2a: Tatsugiri|Hydro Pump|p1a: Arceus\n|-damage|p1a: Arceus|0 fnt\n|faint|p1a: Arceus\n|\n|upkeep\n|\n|t:|1783568447\n|switch|p1a: Medicham|Medicham, L86, M|100/100\n|turn|15\n|inactive|Time left: 300 sec this turn | 300 sec total\n|\n|t:|1783568448\n|move|p1a: Medicham|Close Combat|p2a: Tatsugiri\n|-damage|p2a: Tatsugiri|13/260\n|-unboost|p1a: Medicham|def|1\n|-unboost|p1a: Medicham|spd|1\n|move|p2a: Tatsugiri|Draco Meteor|p1a: Medicham\n|-damage|p1a: Medicham|0 fnt\n|-unboost|p2a: Tatsugiri|spa|2\n|faint|p1a: Medicham\n|\n|upkeep\n|\n|t:|1783568449\n|switch|p1a: Seviper|Seviper, L93, M|76/100\n|turn|16\n|inactive|Time left: 300 sec this turn | 300 sec total\n|\n|t:|1783568450\n|switch|p2a: Landorus|Landorus, L75, M|175/257\n|move|p1a: Seviper|Trailblaze|p2a: Landorus\n|-damage|p2a: Landorus|125/257\n|-boost|p1a: Seviper|spe|1\n|\n|-heal|p1a: Seviper|82/100|[from] item: Leftovers\n|upkeep\n|turn|17\n|inactive|Time left: 300 sec this turn | 300 sec total\n|\n|t:|1783568451\n|switch|p1a: Illumise|Illumise, L91, F|100/100\n|move|p2a: Landorus|Earth Power|p1a: Illumise\n|-resisted|p1a: Illumise\n|-damage|p1a: Illumise|76/100\n|\n|upkeep\n|turn|18\n|inactive|Time left: 300 sec this turn | 300 sec total\n|\n|t:|1783568452\n|move|p1a: Illumise|Bug Buzz|p2a: Landorus\n|-resisted|p2a: Landorus\n|-damage|p2a: Landorus|66/257\n|move|p2a: Landorus|Rock Slide|p1a: Illumise\n|-supereffective|p1a: Illumise\n|-damage|p1a: Illumise|9/100\n|\n|upkeep\n|turn|19\n|inactive|Time left: 300 sec this turn | 300 sec total\n|\n|t:|1783568453\n|switch|p2a: Fezandipiti|Fezandipiti, L82, M, tera:Ground|261/278\n|move|p1a: Illumise|Bug Buzz|p2a: Fezandipiti\n|-damage|p2a: Fezandipiti|195/278\n|-unboost|p2a: Fezandipiti|spd|1\n|\n|-heal|p2a: Fezandipiti|212/278|[from] item: Leftovers\n|upkeep\n|turn|20\n|inactive|Time left: 300 sec this turn | 300 sec total\n|\n|t:|1783568454\n|move|p1a: Illumise|Roost|p1a: Illumise\n|-heal|p1a: Illumise|59/100\n|-singleturn|p1a: Illumise|move: Roost\n|move|p2a: Fezandipiti|Gunk Shot|p1a: Illumise\n|-damage|p1a: Illumise|16/100\n|\n|-heal|p2a: Fezandipiti|229/278|[from] item: Leftovers\n|upkeep\n|turn|21\n|inactive|Time left: 300 sec this turn | 300 sec total\n|\n|t:|1783568455\n|move|p1a: Illumise|Roost|p1a: Illumise\n|-heal|p1a: Illumise|66/100\n|-singleturn|p1a: Illumise|move: Roost\n|move|p2a: Fezandipiti|Tera Blast|p1a: Illumise|[anim] Tera Blast Ground\n|-resisted|p1a: Illumise\n|-damage|p1a: Illumise|50/100\n|\n|-heal|p2a: Fezandipiti|246/278|[from] item: Leftovers\n|upkeep\n|turn|22\n|inactive|Time left: 300 sec this turn | 300 sec total\n|\n|t:|1783568456\n|move|p2a: Fezandipiti|Gunk Shot|p1a: Illumise\n|-damage|p1a: Illumise|5/100\n|-status|p1a: Illumise|psn\n|move|p1a: Illumise|Bug Buzz|p2a: Fezandipiti\n|-damage|p2a: Fezandipiti|149/278\n|\n|-heal|p2a: Fezandipiti|166/278|[from] item: Leftovers\n|-damage|p1a: Illumise|0 fnt|[from] psn\n|faint|p1a: Illumise\n|upkeep\n|\n|t:|1783568458\n|switch|p1a: Seviper|Seviper, L93, M|82/100\n|turn|23\n|inactive|Time left: 300 sec this turn | 300 sec total\n|\n|t:|1783568459\n|move|p2a: Fezandipiti|Tera Blast|p1a: Seviper|[anim] Tera Blast Ground\n|-supereffective|p1a: Seviper\n|-damage|p1a: Seviper|23/100\n|move|p1a: Seviper|Trailblaze|p2a: Fezandipiti\n|-supereffective|p2a: Fezandipiti\n|-damage|p2a: Fezandipiti|72/278\n|-boost|p1a: Seviper|spe|1\n|\n|-heal|p1a: Seviper|29/100|[from] item: Leftovers\n|-heal|p2a: Fezandipiti|89/278|[from] item: Leftovers\n|upkeep\n|turn|24\n|inactive|Time left: 300 sec this turn | 300 sec total\n|\n|t:|1783568460\n|move|p1a: Seviper|Trailblaze|p2a: Fezandipiti\n|-supereffective|p2a: Fezandipiti\n|-damage|p2a: Fezandipiti|0 fnt\n|-boost|p1a: Seviper|spe|1\n|faint|p2a: Fezandipiti\n|\n|-heal|p1a: Seviper|35/100|[from] item: Leftovers\n|upkeep\n|inactive|Time left: 300 sec this turn | 300 sec total | 5 sec grace\n|\n|t:|1783568461\n|switch|p2a: Lycanroc|Lycanroc-Dusk, L81, M|254/254\n|turn|25\n|inactive|Time left: 300 sec this turn | 300 sec total\n|\n|t:|1783568462\n|switch|p1a: Basculin|Basculin, L86, M|100/100\n|move|p2a: Lycanroc|Accelerock|p1a: Basculin\n|-damage|p1a: Basculin|60/100\n|\n|upkeep\n|turn|26\n|inactive|Time left: 300 sec this turn | 300 sec total\n|\n|t:|1783568463\n|switch|p2a: Tatsugiri|Tatsugiri, L87, M|13/260\n|switch|p1a: Seviper|Seviper, L93, M|35/100\n|\n|-heal|p1a: Seviper|41/100|[from] item: Leftovers\n|upkeep\n|turn|27\n|inactive|Time left: 300 sec this turn | 300 sec total\n|\n|t:|1783568464\n|switch|p1a: Basculin|Basculin, L86, M|60/100\n|move|p2a: Tatsugiri|Draco Meteor|p1a: Basculin\n|-damage|p1a: Basculin|0 fnt\n|-unboost|p2a: Tatsugiri|spa|2\n|faint|p1a: Basculin\n|\n|upkeep\n|\n|t:|1783568465\n|switch|p1a: Seviper|Seviper, L93, M|41/100\n|turn|28\n|inactive|Time left: 300 sec this turn | 300 sec total\n|\n|t:|1783568466\n|move|p2a: Tatsugiri|Draco Meteor|p1a: Seviper\n|-damage|p1a: Seviper|6/100\n|-unboost|p2a: Tatsugiri|spa|2\n|move|p1a: Seviper|Swords Dance|p1a: Seviper\n|-boost|p1a: Seviper|atk|2\n|\n|-heal|p1a: Seviper|12/100|[from] item: Leftovers\n|upkeep\n|turn|29\n|inactive|Time left: 300 sec this turn | 300 sec total\n|\n|t:|1783568467\n|move|p2a: Tatsugiri|Draco Meteor|p1a: Seviper\n|-damage|p1a: Seviper|0 fnt\n|-unboost|p2a: Tatsugiri|spa|2\n|faint|p1a: Seviper\n|\n|win|p0y253965f2", "uploadtime": 1783568467, "views": 0, "rating": 0, "private": 0, "password": null, "_winner": "p0y253965f2", "_our_name": "p0y253965f2"}