{"id": "battle-gen9randombattle-1424", "formatid": "gen9randombattle", "format": "[Gen 9] Random Battle", "players": ["p0x1424f4ed", "p0y142447a7"], "log": "|init|battle\n|title|p0x1424f4ed vs. p0y142447a7\n|j|\u2606p0x1424f4ed\n|j|\u2606p0y142447a7\n|t:|1783556568\n|gametype|singles\n|player|p1|p0x1424f4ed|265|\n|player|p2|p0y142447a7|2|\n|gen|9\n|tier|[Gen 9] Random Battle\n|rule|Species Clause: Limit one of each Pok\u00e9mon\n|rule|HP Percentage Mod: HP is shown in percentages\n|rule|Sleep Clause Mod: Limit one foe put to sleep\n|rule|Illusion Level Mod: Illusion disguises the Pok\u00e9mon's true level\n|\n|t:|1783556568\n|teamsize|p1|6\n|teamsize|p2|6\n|start\n|switch|p1a: Palkia|Palkia, L75|259/259\n|switch|p2a: Brute Bonnet|Brute Bonnet, L80|100/100\n|-ability|p1a: Palkia|Pressure\n|turn|1\n|inactive|Battle timer is ON: inactive players will automatically lose when time's up. (requested by p0y142447a7)\n|inactive|Time left: 300 sec this turn | 300 sec total | 60 sec grace\n|\n|t:|1783556570\n|move|p1a: Palkia|Spacial Rend|p2a: Brute Bonnet\n|-crit|p2a: Brute Bonnet\n|-damage|p2a: Brute Bonnet|43/100\n|move|p2a: Brute Bonnet|Crunch|p1a: Palkia\n|-damage|p1a: Palkia|165/259\n|\n|-heal|p2a: Brute Bonnet|49/100|[from] item: Leftovers\n|upkeep\n|turn|2\n|inactive|Time left: 300 sec this turn | 300 sec total\n|inactive|p0x1424f4ed also wants the timer to be on.\n|\n|t:|1783556571\n|-end|p2a: Brute Bonnet|Protosynthesis|[silent]\n|switch|p2a: Ting-Lu|Ting-Lu, L78|100/100\n|-ability|p2a: Ting-Lu|Vessel of Ruin\n|move|p1a: Palkia|Spacial Rend|p2a: Ting-Lu\n|-damage|p2a: Ting-Lu|74/100\n|\n|-heal|p2a: Ting-Lu|80/100|[from] item: Leftovers\n|upkeep\n|turn|3\n|inactive|Time left: 300 sec this turn | 300 sec total\n|\n|t:|1783556572\n|move|p1a: Palkia|Spacial Rend|p2a: Ting-Lu\n|-damage|p2a: Ting-Lu|50/100\n|move|p2a: Ting-Lu|Earthquake|p1a: Palkia\n|-damage|p1a: Palkia|66/259\n|\n|-heal|p2a: Ting-Lu|56/100|[from] item: Leftovers\n|upkeep\n|turn|4\n|inactive|Time left: 300 sec this turn | 300 sec total\n|\n|t:|1783556574\n|move|p1a: Palkia|Spacial Rend|p2a: Ting-Lu\n|-damage|p2a: Ting-Lu|27/100\n|move|p2a: Ting-Lu|Throat Chop|p1a: Palkia\n|-damage|p1a: Palkia|0 fnt\n|faint|p1a: Palkia\n|\n|-heal|p2a: Ting-Lu|33/100|[from] item: Leftovers\n|upkeep\n|inactive|Time left: 300 sec this turn | 300 sec total | 5 sec grace\n|\n|t:|1783556575\n|switch|p1a: Frosmoth|Frosmoth, L82, M|249/249\n|turn|5\n|inactive|Time left: 300 sec this turn | 300 sec total\n|\n|t:|1783556576\n|move|p1a: Frosmoth|Ice Beam|p2a: Ting-Lu\n|-supereffective|p2a: Ting-Lu\n|-damage|p2a: Ting-Lu|0 fnt\n|faint|p2a: Ting-Lu\n|\n|upkeep\n|\n|t:|1783556577\n|switch|p2a: Medicham|Medicham, L86, M|100/100\n|turn|6\n|inactive|Time left: 300 sec this turn | 300 sec total\n|\n|t:|1783556578\n|switch|p1a: Kilowattrel|Kilowattrel, L83, M|252/252\n|move|p2a: Medicham|Close Combat|p1a: Kilowattrel\n|-resisted|p1a: Kilowattrel\n|-damage|p1a: Kilowattrel|138/252\n|-unboost|p2a: Medicham|def|1\n|-unboost|p2a: Medicham|spd|1\n|\n|upkeep\n|turn|7\n|inactive|Time left: 300 sec this turn | 300 sec total\n|\n|t:|1783556580\n|-terastallize|p2a: Medicham|Fighting\n|move|p2a: Medicham|Close Combat|p1a: Kilowattrel\n|-resisted|p1a: Kilowattrel\n|-damage|p1a: Kilowattrel|0 fnt\n|-unboost|p2a: Medicham|def|1\n|-unboost|p2a: Medicham|spd|1\n|faint|p1a: Kilowattrel\n|\n|upkeep\n|inactive|Time left: 300 sec this turn | 300 sec total | 5 sec grace\n|\n|t:|1783556581\n|switch|p1a: Garganacl|Garganacl, L80, M|291/291\n|turn|8\n|inactive|Time left: 300 sec this turn | 300 sec total\n|\n|t:|1783556582\n|-terastallize|p1a: Garganacl|Dragon\n|move|p2a: Medicham|Close Combat|p1a: Garganacl\n|-damage|p1a: Garganacl|113/291\n|-unboost|p2a: Medicham|def|1\n|-unboost|p2a: Medicham|spd|1\n|move|p1a: Garganacl|Recover|p1a: Garganacl\n|-heal|p1a: Garganacl|259/291\n|\n|-heal|p1a: Garganacl|277/291|[from] item: Leftovers\n|upkeep\n|turn|9\n|inactive|Time left: 300 sec this turn | 300 sec total\n|\n|t:|1783556583\n|move|p2a: Medicham|Close Combat|p1a: Garganacl\n|-damage|p1a: Garganacl|79/291\n|-unboost|p2a: Medicham|def|1\n|-unboost|p2a: Medicham|spd|1\n|move|p1a: Garganacl|Iron Defense|p1a: Garganacl\n|-boost|p1a: Garganacl|def|2\n|\n|-heal|p1a: Garganacl|97/291|[from] item: Leftovers\n|upkeep\n|turn|10\n|inactive|Time left: 300 sec this turn | 300 sec total\n|\n|t:|1783556584\n|move|p2a: Medicham|Close Combat|p1a: Garganacl\n|-damage|p1a: Garganacl|3/291\n|-unboost|p2a: Medicham|def|1\n|-unboost|p2a: Medicham|spd|1\n|move|p1a: Garganacl|Body Press|p2a: Medicham\n|-damage|p2a: Medicham|0 fnt\n|faint|p2a: Medicham\n|\n|-heal|p1a: Garganacl|21/291|[from] item: Leftovers\n|upkeep\n|\n|t:|1783556585\n|switch|p2a: Cramorant|Cramorant, L86, M|100/100\n|turn|11\n|inactive|Time left: 300 sec this turn | 300 sec total\n|\n|t:|1783556586\n|switch|p1a: Raichu|Raichu, L88, M|249/249\n|move|p2a: Cramorant|Brave Bird|p1a: Raichu\n|-resisted|p1a: Raichu\n|-damage|p1a: Raichu|171/249\n|-damage|p2a: Cramorant|91/100|[from] Recoil\n|\n|upkeep\n|turn|12\n|inactive|Time left: 300 sec this turn | 300 sec total\n|\n|t:|1783556588\n|switch|p2a: Brute Bonnet|Brute Bonnet, L80|49/100\n|move|p1a: Raichu|Thunderbolt|p2a: Brute Bonnet\n|-resisted|p2a: Brute Bonnet\n|-damage|p2a: Brute Bonnet|30/100\n|-damage|p1a: Raichu|147/249|[from] item: Life Orb\n|\n|-heal|p2a: Brute Bonnet|36/100|[from] item: Leftovers\n|upkeep\n|turn|13\n|inactive|Time left: 300 sec this turn | 300 sec total\n|\n|t:|1783556589\n|move|p1a: Raichu|Focus Blast|p2a: Brute Bonnet\n|-supereffective|p2a: Brute Bonnet\n|-damage|p2a: Brute Bonnet|0 fnt\n|faint|p2a: Brute Bonnet\n|-end|p2a: Brute Bonnet|Protosynthesis|[silent]\n|-damage|p1a: Raichu|123/249|[from] item: Life Orb\n|\n|upkeep\n|\n|t:|1783556591\n|switch|p2a: Jolteon|Jolteon, L84, M|100/100\n|turn|14\n|inactive|Time left: 300 sec this turn | 300 sec total\n|\n|t:|1783556592\n|move|p2a: Jolteon|Calm Mind|p2a: Jolteon\n|-boost|p2a: Jolteon|spa|1\n|-boost|p2a: Jolteon|spd|1\n|move|p1a: Raichu|Encore|p2a: Jolteon\n|-start|p2a: Jolteon|Encore\n|\n|upkeep\n|turn|15\n|inactive|Time left: 300 sec this turn | 300 sec total\n|\n|t:|1783556593\n|switch|p1a: Garganacl|Garganacl, L80, M, tera:Dragon|21/291\n|move|p2a: Jolteon|Calm Mind|p2a: Jolteon\n|-boost|p2a: Jolteon|spa|1\n|-boost|p2a: Jolteon|spd|1\n|\n|-heal|p1a: Garganacl|39/291|[from] item: Leftovers\n|upkeep\n|turn|16\n|inactive|Time left: 300 sec this turn | 300 sec total\n|\n|t:|1783556593\n|move|p2a: Jolteon|Calm Mind|p2a: Jolteon\n|-boost|p2a: Jolteon|spa|1\n|-boost|p2a: Jolteon|spd|1\n|move|p1a: Garganacl|Salt Cure|p2a: Jolteon\n|-damage|p2a: Jolteon|78/100\n|-start|p2a: Jolteon|Salt Cure\n|\n|-heal|p1a: Garganacl|57/291|[from] item: Leftovers\n|-damage|p2a: Jolteon|66/100|[from] Salt Cure\n|upkeep\n|turn|17\n|inactive|Time left: 300 sec this turn | 300 sec total\n|\n|t:|1783556595\n|switch|p2a: Cramorant|Cramorant, L86, M|91/100\n|move|p1a: Garganacl|Body Press|p2a: Cramorant\n|-resisted|p2a: Cramorant\n|-damage|p2a: Cramorant|73/100\n|\n|-heal|p1a: Garganacl|75/291|[from] item: Leftovers\n|upkeep\n|turn|18\n|inactive|Time left: 300 sec this turn | 300 sec total\n|\n|t:|1783556595\n|switch|p1a: Raichu|Raichu, L88, M|123/249\n|move|p2a: Cramorant|Brave Bird|p1a: Raichu\n|-resisted|p1a: Raichu\n|-damage|p1a: Raichu|50/249\n|-damage|p2a: Cramorant|64/100|[from] Recoil\n|\n|upkeep\n|turn|19\n|inactive|Time left: 300 sec this turn | 300 sec total\n|\n|t:|1783556597\n|switch|p2a: Jolteon|Jolteon, L84, M|66/100\n|move|p1a: Raichu|Thunderbolt|p2a: Jolteon\n|-heal|p2a: Jolteon|91/100|[from] ability: Volt Absorb|[of] p1a: Raichu\n|\n|upkeep\n|turn|20\n|inactive|Time left: 300 sec this turn | 300 sec total\n|\n|t:|1783556598\n|switch|p1a: Frosmoth|Frosmoth, L82, M|249/249\n|move|p2a: Jolteon|Alluring Voice|p1a: Frosmoth\n|-damage|p1a: Frosmoth|217/249\n|\n|upkeep\n|turn|21\n|inactive|Time left: 300 sec this turn | 300 sec total\n|\n|t:|1783556599\n|move|p2a: Jolteon|Volt Switch|p1a: Frosmoth\n|-damage|p1a: Frosmoth|176/249\n|\n|t:|1783556600\n|switch|p2a: Cramorant|Cramorant, L86, M|64/100|[from] Volt Switch\n|move|p1a: Frosmoth|Ice Beam|p2a: Cramorant\n|-damage|p2a: Cramorant|28/100\n|\n|upkeep\n|turn|22\n|inactive|Time left: 300 sec this turn | 300 sec total\n|\n|t:|1783556601\n|switch|p1a: Chansey|Chansey, L85, F|564/564\n|move|p2a: Cramorant|Brave Bird|p1a: Chansey\n|-damage|p1a: Chansey|267/564\n|-damage|p2a: Cramorant|0 fnt|[from] Recoil\n|faint|p2a: Cramorant\n|\n|upkeep\n|\n|t:|1783556602\n|switch|p2a: Palafin|Palafin, L77, M|100/100\n|turn|23\n|inactive|Time left: 300 sec this turn | 300 sec total\n|\n|t:|1783556603\n|switch|p1a: Frosmoth|Frosmoth, L82, M|176/249\n|move|p2a: Palafin|Close Combat|p1a: Frosmoth\n|-damage|p1a: Frosmoth|59/249\n|-unboost|p2a: Palafin|def|1\n|-unboost|p2a: Palafin|spd|1\n|\n|upkeep\n|turn|24\n|inactive|Time left: 300 sec this turn | 300 sec total\n|\n|t:|1783556604\n|move|p2a: Palafin|Close Combat|p1a: Frosmoth\n|-damage|p1a: Frosmoth|0 fnt\n|-unboost|p2a: Palafin|def|1\n|-unboost|p2a: Palafin|spd|1\n|faint|p1a: Frosmoth\n|\n|upkeep\n|inactive|Time left: 300 sec this turn | 300 sec total | 5 sec grace\n|\n|t:|1783556605\n|switch|p1a: Garganacl|Garganacl, L80, M, tera:Dragon|75/291\n|turn|25\n|inactive|Time left: 300 sec this turn | 300 sec total\n|\n|t:|1783556606\n|detailschange|p2a: Palafin|Palafin-Hero, L77, M\n|switch|p2a: Jolteon|Jolteon, L84, M|91/100\n|move|p1a: Garganacl|Recover|p1a: Garganacl\n|-heal|p1a: Garganacl|221/291\n|\n|-heal|p1a: Garganacl|239/291|[from] item: Leftovers\n|upkeep\n|turn|26\n|inactive|Time left: 300 sec this turn | 300 sec total\n|\n|t:|1783556607\n|move|p2a: Jolteon|Alluring Voice|p1a: Garganacl\n|-supereffective|p1a: Garganacl\n|-damage|p1a: Garganacl|115/291\n|move|p1a: Garganacl|Salt Cure|p2a: Jolteon\n|-damage|p2a: Jolteon|69/100\n|-start|p2a: Jolteon|Salt Cure\n|\n|-heal|p1a: Garganacl|133/291|[from] item: Leftovers\n|-damage|p2a: Jolteon|57/100|[from] Salt Cure\n|upkeep\n|turn|27\n|inactive|Time left: 300 sec this turn | 300 sec total\n|\n|t:|1783556608\n|move|p2a: Jolteon|Alluring Voice|p1a: Garganacl\n|-supereffective|p1a: Garganacl\n|-damage|p1a: Garganacl|3/291\n|move|p1a: Garganacl|Recover|p1a: Garganacl\n|-heal|p1a: Garganacl|149/291\n|\n|-heal|p1a: Garganacl|167/291|[from] item: Leftovers\n|-damage|p2a: Jolteon|44/100|[from] Salt Cure\n|upkeep\n|turn|28\n|inactive|Time left: 300 sec this turn | 300 sec total\n|\n|t:|1783556609\n|move|p2a: Jolteon|Alluring Voice|p1a: Garganacl\n|-supereffective|p1a: Garganacl\n|-damage|p1a: Garganacl|41/291\n|move|p1a: Garganacl|Recover|p1a: Garganacl\n|-heal|p1a: Garganacl|187/291\n|\n|-heal|p1a: Garganacl|205/291|[from] item: Leftovers\n|-damage|p2a: Jolteon|32/100|[from] Salt Cure\n|upkeep\n|turn|29\n|inactive|Time left: 300 sec this turn | 300 sec total\n|\n|t:|1783556610\n|move|p2a: Jolteon|Volt Switch|p1a: Garganacl\n|-resisted|p1a: Garganacl\n|-damage|p1a: Garganacl|161/291\n|\n|t:|1783556610\n|switch|p2a: Palafin|Palafin-Hero, L77, M|100/100|[from] Volt Switch\n|-activate|p2a: Palafin|ability: Zero to Hero\n|move|p1a: Garganacl|Salt Cure|p2a: Palafin\n|-damage|p2a: Palafin|86/100\n|-start|p2a: Palafin|Salt Cure\n|\n|-heal|p1a: Garganacl|179/291|[from] item: Leftovers\n|-damage|p2a: Palafin|61/100|[from] Salt Cure\n|upkeep\n|turn|30\n|inactive|Time left: 300 sec this turn | 300 sec total\n|\n|t:|1783556611\n|move|p2a: Palafin|Close Combat|p1a: Garganacl\n|-damage|p1a: Garganacl|57/291\n|-unboost|p2a: Palafin|def|1\n|-unboost|p2a: Palafin|spd|1\n|move|p1a: Garganacl|Body Press|p2a: Palafin\n|-damage|p2a: Palafin|23/100\n|\n|-heal|p1a: Garganacl|75/291|[from] item: Leftovers\n|-damage|p2a: Palafin|0 fnt|[from] Salt Cure\n|faint|p2a: Palafin\n|upkeep\n|\n|t:|1783556612\n|switch|p2a: Jolteon|Jolteon, L84, M|32/100\n|turn|31\n|inactive|Time left: 300 sec this turn | 300 sec total\n|\n|t:|1783556613\n|move|p2a: Jolteon|Alluring Voice|p1a: Garganacl\n|-supereffective|p1a: Garganacl\n|-damage|p1a: Garganacl|0 fnt\n|faint|p1a: Garganacl\n|\n|upkeep\n|inactive|Time left: 300 sec this turn | 300 sec total | 5 sec grace\n|\n|t:|1783556613\n|switch|p1a: Chansey|Chansey, L85, F|267/564\n|turn|32\n|inactive|Time left: 300 sec this turn | 300 sec total\n|\n|t:|1783556614\n|move|p2a: Jolteon|Thunderbolt|p1a: Chansey\n|-damage|p1a: Chansey|204/564\n|move|p1a: Chansey|Seismic Toss|p2a: Jolteon\n|-damage|p2a: Jolteon|0 fnt\n|faint|p2a: Jolteon\n|\n|win|p0x1424f4ed", "uploadtime": 1783556614, "views": 0, "rating": 0, "private": 0, "password": null, "_winner": "p0x1424f4ed", "_our_name": "p0x1424f4ed"}