{"id": "battle-gen9randombattle-2510", "formatid": "gen9randombattle", "format": "[Gen 9] Random Battle", "players": ["p0x2510a0f0", "p0y2510acda"], "log": "|init|battle\n|title|p0x2510a0f0 vs. p0y2510acda\n|j|\u2606p0x2510a0f0\n|j|\u2606p0y2510acda\n|t:|1783568098\n|gametype|singles\n|player|p1|p0x2510a0f0|2|\n|player|p2|p0y2510acda|265|\n|gen|9\n|tier|[Gen 9] Random Battle\n|rule|Species Clause: Limit one of each Pok\u00e9mon\n|rule|HP Percentage Mod: HP is shown in percentages\n|rule|Sleep Clause Mod: Limit one foe put to sleep\n|rule|Illusion Level Mod: Illusion disguises the Pok\u00e9mon's true level\n|\n|t:|1783568098\n|teamsize|p1|6\n|teamsize|p2|6\n|start\n|switch|p1a: Basculegion|Basculegion-F, L83, F|335/335\n|switch|p2a: Garchomp|Garchomp, L74, M|100/100\n|turn|1\n|inactive|Battle timer is ON: inactive players will automatically lose when time's up. (requested by p0x2510a0f0)\n|inactive|p0y2510acda also wants the timer to be on.\n|\n|t:|1783568100\n|switch|p2a: Cacturne|Cacturne, L92, F|100/100\n|move|p1a: Basculegion|Hydro Pump|p2a: Cacturne\n|-immune|p2a: Cacturne|[from] ability: Water Absorb\n|\n|upkeep\n|turn|2\n|inactive|Time left: 300 sec this turn | 300 sec total\n|\n|t:|1783568101\n|switch|p1a: Slither Wing|Slither Wing, L81|270/270\n|-enditem|p1a: Slither Wing|Booster Energy\n|-activate|p1a: Slither Wing|ability: Protosynthesis|[fromitem]\n|-start|p1a: Slither Wing|protosynthesisatk\n|move|p2a: Cacturne|Knock Off|p1a: Slither Wing\n|-resisted|p1a: Slither Wing\n|-damage|p1a: Slither Wing|196/270\n|-damage|p2a: Cacturne|91/100|[from] item: Life Orb\n|\n|upkeep\n|turn|3\n|inactive|Time left: 300 sec this turn | 300 sec total\n|\n|t:|1783568102\n|switch|p2a: Florges|Florges, L85, F|100/100\n|move|p1a: Slither Wing|Acrobatics|p2a: Florges\n|-crit|p2a: Florges\n|-damage|p2a: Florges|13/100\n|\n|-heal|p2a: Florges|19/100|[from] item: Leftovers\n|upkeep\n|turn|4\n|inactive|Time left: 300 sec this turn | 300 sec total\n|\n|t:|1783568103\n|move|p2a: Florges|Protect|p2a: Florges\n|-singleturn|p2a: Florges|Protect\n|move|p1a: Slither Wing|Acrobatics|p2a: Florges\n|-activate|p2a: Florges|move: Protect\n|\n|-heal|p2a: Florges|24/100|[from] item: Leftovers\n|upkeep\n|turn|5\n|inactive|Time left: 300 sec this turn | 300 sec total\n|\n|t:|1783568104\n|switch|p2a: Braviary|Braviary-Hisui, L85, M|100/100\n|move|p1a: Slither Wing|Acrobatics|p2a: Braviary\n|-damage|p2a: Braviary|54/100\n|\n|upkeep\n|turn|6\n|inactive|Time left: 300 sec this turn | 300 sec total\n|\n|t:|1783568105\n|move|p1a: Slither Wing|Wild Charge|p2a: Braviary\n|-supereffective|p2a: Braviary\n|-damage|p2a: Braviary|0 fnt\n|faint|p2a: Braviary\n|-damage|p1a: Slither Wing|152/270|[from] Recoil\n|\n|upkeep\n|\n|t:|1783568106\n|switch|p2a: Garchomp|Garchomp, L74, M|100/100\n|turn|7\n|inactive|Time left: 300 sec this turn | 300 sec total\n|\n|t:|1783568107\n|move|p2a: Garchomp|Swords Dance|p2a: Garchomp\n|-boost|p2a: Garchomp|atk|2\n|move|p1a: Slither Wing|Close Combat|p2a: Garchomp\n|-damage|p2a: Garchomp|28/100\n|-unboost|p1a: Slither Wing|def|1\n|-unboost|p1a: Slither Wing|spd|1\n|-damage|p1a: Slither Wing|119/270|[from] ability: Rough Skin|[of] p2a: Garchomp\n|\n|upkeep\n|turn|8\n|inactive|Time left: 300 sec this turn | 300 sec total\n|\n|t:|1783568109\n|move|p2a: Garchomp|Scale Shot|p1a: Slither Wing\n|-damage|p1a: Slither Wing|35/270\n|-damage|p1a: Slither Wing|0 fnt\n|faint|p1a: Slither Wing\n|-end|p1a: Slither Wing|Protosynthesis|[silent]\n|-hitcount|p1: Slither Wing|2\n|-unboost|p2a: Garchomp|def|1\n|-boost|p2a: Garchomp|spe|1\n|\n|upkeep\n|inactive|Time left: 300 sec this turn | 300 sec total | 5 sec grace\n|\n|t:|1783568110\n|switch|p1a: Hippowdon|Hippowdon, L82, M|311/311\n|-weather|Sandstorm|[from] ability: Sand Stream|[of] p1a: Hippowdon\n|turn|9\n|inactive|Time left: 300 sec this turn | 300 sec total\n|\n|t:|1783568111\n|move|p2a: Garchomp|Earthquake|p1a: Hippowdon\n|-damage|p1a: Hippowdon|155/311\n|move|p1a: Hippowdon|Earthquake|p2a: Garchomp\n|-damage|p2a: Garchomp|0 fnt\n|faint|p2a: Garchomp\n|\n|-weather|Sandstorm|[upkeep]\n|-heal|p1a: Hippowdon|174/311|[from] item: Leftovers\n|upkeep\n|\n|t:|1783568112\n|switch|p2a: Cacturne|Cacturne, L92, F|91/100\n|turn|10\n|inactive|Time left: 300 sec this turn | 300 sec total\n|\n|t:|1783568113\n|switch|p1a: Skuntank|Skuntank, L84, M|310/310\n|-terastallize|p2a: Cacturne|Dark\n|move|p2a: Cacturne|Knock Off|p1a: Skuntank\n|-resisted|p1a: Skuntank\n|-damage|p1a: Skuntank|164/310\n|-enditem|p1a: Skuntank|Assault Vest|[from] move: Knock Off|[of] p2a: Cacturne\n|-damage|p2a: Cacturne|81/100|[from] item: Life Orb\n|\n|-weather|Sandstorm|[upkeep]\n|-damage|p1a: Skuntank|145/310|[from] Sandstorm\n|-damage|p2a: Cacturne|75/100|[from] Sandstorm\n|upkeep\n|turn|11\n|inactive|Time left: 300 sec this turn | 300 sec total\n|\n|t:|1783568114\n|move|p1a: Skuntank|Gunk Shot|p2a: Cacturne|[miss]\n|-miss|p1a: Skuntank|p2a: Cacturne\n|move|p2a: Cacturne|Focus Blast|p1a: Skuntank|[miss]\n|-miss|p2a: Cacturne|p1a: Skuntank\n|\n|-weather|Sandstorm|[upkeep]\n|-damage|p1a: Skuntank|126/310|[from] Sandstorm\n|-damage|p2a: Cacturne|69/100|[from] Sandstorm\n|upkeep\n|turn|12\n|inactive|Time left: 300 sec this turn | 300 sec total\n|\n|t:|1783568115\n|switch|p2a: Vigoroth|Vigoroth, L85, M|100/100\n|move|p1a: Skuntank|Gunk Shot|p2a: Vigoroth\n|-damage|p2a: Vigoroth|71/100\n|-status|p2a: Vigoroth|psn\n|\n|-weather|Sandstorm|[upkeep]\n|-damage|p2a: Vigoroth|64/100 psn|[from] Sandstorm\n|-damage|p1a: Skuntank|107/310|[from] Sandstorm\n|-damage|p2a: Vigoroth|52/100 psn|[from] psn\n|upkeep\n|turn|13\n|inactive|Time left: 300 sec this turn | 300 sec total\n|\n|t:|1783568116\n|move|p2a: Vigoroth|Slack Off|p2a: Vigoroth\n|-heal|p2a: Vigoroth|100/100 psn\n|move|p1a: Skuntank|Knock Off|p2a: Vigoroth\n|-damage|p2a: Vigoroth|74/100 psn\n|-enditem|p2a: Vigoroth|Eviolite|[from] move: Knock Off|[of] p1a: Skuntank\n|\n|-weather|none\n|-damage|p2a: Vigoroth|62/100 psn|[from] psn\n|upkeep\n|turn|14\n|inactive|Time left: 300 sec this turn | 300 sec total\n|\n|t:|1783568117\n|switch|p1a: Hippowdon|Hippowdon, L82, M|174/311\n|-weather|Sandstorm|[from] ability: Sand Stream|[of] p1a: Hippowdon\n|move|p2a: Vigoroth|Bulk Up|p2a: Vigoroth\n|-boost|p2a: Vigoroth|atk|1\n|-boost|p2a: Vigoroth|def|1\n|\n|-weather|Sandstorm|[upkeep]\n|-damage|p2a: Vigoroth|55/100 psn|[from] Sandstorm\n|-heal|p1a: Hippowdon|193/311|[from] item: Leftovers\n|-damage|p2a: Vigoroth|43/100 psn|[from] psn\n|upkeep\n|turn|15\n|inactive|Time left: 300 sec this turn | 300 sec total\n|\n|t:|1783568118\n|move|p2a: Vigoroth|Slack Off|p2a: Vigoroth\n|-heal|p2a: Vigoroth|93/100 psn\n|move|p1a: Hippowdon|Earthquake|p2a: Vigoroth\n|-damage|p2a: Vigoroth|65/100 psn\n|\n|-weather|Sandstorm|[upkeep]\n|-damage|p2a: Vigoroth|59/100 psn|[from] Sandstorm\n|-heal|p1a: Hippowdon|212/311|[from] item: Leftovers\n|-damage|p2a: Vigoroth|46/100 psn|[from] psn\n|upkeep\n|turn|16\n|inactive|Time left: 300 sec this turn | 300 sec total\n|\n|t:|1783568119\n|move|p2a: Vigoroth|Slack Off|p2a: Vigoroth\n|-heal|p2a: Vigoroth|96/100 psn\n|move|p1a: Hippowdon|Earthquake|p2a: Vigoroth\n|-damage|p2a: Vigoroth|66/100 psn\n|\n|-weather|Sandstorm|[upkeep]\n|-damage|p2a: Vigoroth|59/100 psn|[from] Sandstorm\n|-heal|p1a: Hippowdon|231/311|[from] item: Leftovers\n|-damage|p2a: Vigoroth|47/100 psn|[from] psn\n|upkeep\n|turn|17\n|inactive|Time left: 300 sec this turn | 300 sec total\n|\n|t:|1783568120\n|move|p2a: Vigoroth|Slack Off|p2a: Vigoroth\n|-heal|p2a: Vigoroth|97/100 psn\n|move|p1a: Hippowdon|Earthquake|p2a: Vigoroth\n|-damage|p2a: Vigoroth|67/100 psn\n|\n|-weather|Sandstorm|[upkeep]\n|-damage|p2a: Vigoroth|61/100 psn|[from] Sandstorm\n|-heal|p1a: Hippowdon|250/311|[from] item: Leftovers\n|-damage|p2a: Vigoroth|49/100 psn|[from] psn\n|upkeep\n|turn|18\n|inactive|Time left: 300 sec this turn | 300 sec total\n|\n|t:|1783568121\n|move|p2a: Vigoroth|Slack Off|p2a: Vigoroth\n|-heal|p2a: Vigoroth|99/100 psn\n|move|p1a: Hippowdon|Earthquake|p2a: Vigoroth\n|-damage|p2a: Vigoroth|71/100 psn\n|\n|-weather|none\n|-heal|p1a: Hippowdon|269/311|[from] item: Leftovers\n|-damage|p2a: Vigoroth|59/100 psn|[from] psn\n|upkeep\n|turn|19\n|inactive|Time left: 300 sec this turn | 300 sec total\n|\n|t:|1783568121\n|move|p2a: Vigoroth|Slack Off|p2a: Vigoroth\n|-heal|p2a: Vigoroth|100/100 psn\n|move|p1a: Hippowdon|Earthquake|p2a: Vigoroth\n|-damage|p2a: Vigoroth|74/100 psn\n|\n|-heal|p1a: Hippowdon|288/311|[from] item: Leftovers\n|-damage|p2a: Vigoroth|62/100 psn|[from] psn\n|upkeep\n|turn|20\n|inactive|Time left: 300 sec this turn | 300 sec total\n|\n|t:|1783568122\n|move|p2a: Vigoroth|Slack Off|p2a: Vigoroth\n|-heal|p2a: Vigoroth|100/100 psn\n|move|p1a: Hippowdon|Earthquake|p2a: Vigoroth\n|-damage|p2a: Vigoroth|73/100 psn\n|\n|-heal|p1a: Hippowdon|307/311|[from] item: Leftovers\n|-damage|p2a: Vigoroth|60/100 psn|[from] psn\n|upkeep\n|turn|21\n|inactive|Time left: 300 sec this turn | 300 sec total\n|\n|t:|1783568123\n|move|p2a: Vigoroth|Slack Off|p2a: Vigoroth\n|-heal|p2a: Vigoroth|100/100 psn\n|move|p1a: Hippowdon|Earthquake|p2a: Vigoroth\n|-damage|p2a: Vigoroth|74/100 psn\n|\n|-heal|p1a: Hippowdon|311/311|[from] item: Leftovers\n|-damage|p2a: Vigoroth|62/100 psn|[from] psn\n|upkeep\n|turn|22\n|inactive|Time left: 300 sec this turn | 300 sec total\n|\n|t:|1783568124\n|move|p2a: Vigoroth|Body Slam|p1a: Hippowdon\n|-damage|p1a: Hippowdon|203/311\n|move|p1a: Hippowdon|Earthquake|p2a: Vigoroth\n|-crit|p2a: Vigoroth\n|-damage|p2a: Vigoroth|0 fnt\n|faint|p2a: Vigoroth\n|\n|-heal|p1a: Hippowdon|222/311|[from] item: Leftovers\n|upkeep\n|\n|t:|1783568125\n|switch|p2a: Cacturne|Cacturne, L92, F, tera:Dark|69/100\n|turn|23\n|inactive|Time left: 300 sec this turn | 300 sec total\n|\n|t:|1783568126\n|switch|p1a: Skuntank|Skuntank, L84, M|107/310\n|move|p2a: Cacturne|Knock Off|p1a: Skuntank\n|-resisted|p1a: Skuntank\n|-damage|p1a: Skuntank|8/310\n|-damage|p2a: Cacturne|59/100|[from] item: Life Orb\n|\n|upkeep\n|turn|24\n|inactive|Time left: 300 sec this turn | 300 sec total\n|\n|t:|1783568128\n|move|p2a: Cacturne|Sucker Punch|p1a: Skuntank\n|-resisted|p1a: Skuntank\n|-damage|p1a: Skuntank|0 fnt\n|-damage|p2a: Cacturne|34/100|[from] ability: Aftermath|[of] p1a: Skuntank\n|faint|p1a: Skuntank\n|-damage|p2a: Cacturne|25/100|[from] item: Life Orb\n|\n|upkeep\n|inactive|Time left: 300 sec this turn | 300 sec total | 5 sec grace\n|\n|t:|1783568128\n|switch|p1a: Pachirisu|Pachirisu, L96, F|271/271\n|turn|25\n|inactive|Time left: 300 sec this turn | 300 sec total\n|\n|t:|1783568129\n|move|p2a: Cacturne|Sucker Punch|p1a: Pachirisu\n|-damage|p1a: Pachirisu|92/271\n|-damage|p2a: Cacturne|15/100|[from] item: Life Orb\n|move|p1a: Pachirisu|U-turn|p2a: Cacturne\n|-supereffective|p2a: Cacturne\n|-damage|p2a: Cacturne|0 fnt\n|faint|p2a: Cacturne\n|inactive|Time left: 300 sec this turn | 300 sec total | 5 sec grace\n|\n|t:|1783568130\n|switch|p1a: Basculegion|Basculegion-F, L83, F|335/335|[from] U-turn\n|\n|upkeep\n|\n|t:|1783568131\n|switch|p2a: Florges|Florges, L85, F|24/100\n|turn|26\n|inactive|Time left: 300 sec this turn | 300 sec total\n|\n|t:|1783568132\n|move|p2a: Florges|Protect|p2a: Florges\n|-singleturn|p2a: Florges|Protect\n|move|p1a: Basculegion|Shadow Ball|p2a: Florges\n|-activate|p2a: Florges|move: Protect\n|\n|-heal|p2a: Florges|30/100|[from] item: Leftovers\n|upkeep\n|turn|27\n|inactive|Time left: 300 sec this turn | 300 sec total\n|\n|t:|1783568133\n|switch|p2a: Palafin|Palafin, L77, F|100/100\n|move|p1a: Basculegion|Shadow Ball|p2a: Palafin\n|-damage|p2a: Palafin|19/100\n|\n|-heal|p2a: Palafin|25/100|[from] item: Leftovers\n|upkeep\n|turn|28\n|inactive|Time left: 300 sec this turn | 300 sec total\n|\n|t:|1783568134\n|move|p2a: Palafin|Ice Punch|p1a: Basculegion\n|-resisted|p1a: Basculegion\n|-damage|p1a: Basculegion|313/335\n|move|p1a: Basculegion|Shadow Ball|p2a: Palafin\n|-crit|p2a: Palafin\n|-damage|p2a: Palafin|0 fnt\n|faint|p2a: Palafin\n|\n|upkeep\n|\n|t:|1783568134\n|switch|p2a: Florges|Florges, L85, F|30/100\n|turn|29\n|inactive|Time left: 300 sec this turn | 300 sec total\n|\n|t:|1783568135\n|move|p2a: Florges|Protect|p2a: Florges\n|-singleturn|p2a: Florges|Protect\n|move|p1a: Basculegion|Shadow Ball|p2a: Florges\n|-activate|p2a: Florges|move: Protect\n|\n|-heal|p2a: Florges|36/100|[from] item: Leftovers\n|upkeep\n|turn|30\n|inactive|Time left: 300 sec this turn | 300 sec total\n|\n|t:|1783568136\n|move|p2a: Florges|Protect|p2a: Florges\n|-singleturn|p2a: Florges|Protect\n|move|p1a: Basculegion|Shadow Ball|p2a: Florges\n|-activate|p2a: Florges|move: Protect\n|\n|-heal|p2a: Florges|42/100|[from] item: Leftovers\n|upkeep\n|turn|31\n|inactive|Time left: 300 sec this turn | 300 sec total\n|\n|t:|1783568137\n|move|p1a: Basculegion|Shadow Ball|p2a: Florges\n|-damage|p2a: Florges|1/100\n|move|p2a: Florges|Wish|p2a: Florges\n|\n|-heal|p2a: Florges|7/100|[from] item: Leftovers\n|upkeep\n|turn|32\n|inactive|Time left: 300 sec this turn | 300 sec total\n|\n|t:|1783568138\n|move|p2a: Florges|Protect|p2a: Florges\n|-singleturn|p2a: Florges|Protect\n|move|p1a: Basculegion|Shadow Ball|p2a: Florges\n|-activate|p2a: Florges|move: Protect\n|\n|-heal|p2a: Florges|57/100|[from] move: Wish|[wisher] Florges\n|-heal|p2a: Florges|62/100|[from] item: Leftovers\n|upkeep\n|turn|33\n|inactive|Time left: 300 sec this turn | 300 sec total\n|\n|t:|1783568139\n|move|p1a: Basculegion|Shadow Ball|p2a: Florges\n|-damage|p2a: Florges|21/100\n|move|p2a: Florges|Wish|p2a: Florges\n|\n|-heal|p2a: Florges|27/100|[from] item: Leftovers\n|upkeep\n|turn|34\n|inactive|Time left: 300 sec this turn | 300 sec total\n|\n|t:|1783568140\n|move|p2a: Florges|Protect|p2a: Florges\n|-singleturn|p2a: Florges|Protect\n|move|p1a: Basculegion|Shadow Ball|p2a: Florges\n|-activate|p2a: Florges|move: Protect\n|\n|-heal|p2a: Florges|77/100|[from] move: Wish|[wisher] Florges\n|-heal|p2a: Florges|83/100|[from] item: Leftovers\n|upkeep\n|turn|35\n|inactive|Time left: 300 sec this turn | 300 sec total\n|\n|t:|1783568140\n|move|p1a: Basculegion|Shadow Ball|p2a: Florges\n|-damage|p2a: Florges|44/100\n|-unboost|p2a: Florges|spd|1\n|move|p2a: Florges|Wish|p2a: Florges\n|\n|-heal|p2a: Florges|50/100|[from] item: Leftovers\n|upkeep\n|turn|36\n|inactive|Time left: 300 sec this turn | 300 sec total\n|\n|t:|1783568141\n|move|p2a: Florges|Protect|p2a: Florges\n|-singleturn|p2a: Florges|Protect\n|move|p1a: Basculegion|Shadow Ball|p2a: Florges\n|-activate|p2a: Florges|move: Protect\n|\n|-heal|p2a: Florges|99/100|[from] move: Wish|[wisher] Florges\n|-heal|p2a: Florges|100/100|[from] item: Leftovers\n|upkeep\n|turn|37\n|inactive|Time left: 300 sec this turn | 300 sec total\n|\n|t:|1783568142\n|move|p1a: Basculegion|Shadow Ball|p2a: Florges\n|-damage|p2a: Florges|41/100\n|move|p2a: Florges|Wish|p2a: Florges\n|\n|-heal|p2a: Florges|47/100|[from] item: Leftovers\n|upkeep\n|turn|38\n|inactive|Time left: 300 sec this turn | 300 sec total\n|\n|t:|1783568143\n|move|p2a: Florges|Protect|p2a: Florges\n|-singleturn|p2a: Florges|Protect\n|move|p1a: Basculegion|Shadow Ball|p2a: Florges\n|-activate|p2a: Florges|move: Protect\n|\n|-heal|p2a: Florges|97/100|[from] move: Wish|[wisher] Florges\n|-heal|p2a: Florges|100/100|[from] item: Leftovers\n|upkeep\n|turn|39\n|inactive|Time left: 300 sec this turn | 300 sec total\n|\n|t:|1783568144\n|move|p1a: Basculegion|Shadow Ball|p2a: Florges\n|-damage|p2a: Florges|38/100\n|-unboost|p2a: Florges|spd|1\n|move|p2a: Florges|Wish|p2a: Florges\n|\n|-heal|p2a: Florges|44/100|[from] item: Leftovers\n|upkeep\n|turn|40\n|inactive|Time left: 300 sec this turn | 300 sec total\n|\n|t:|1783568145\n|move|p2a: Florges|Protect|p2a: Florges\n|-singleturn|p2a: Florges|Protect\n|move|p1a: Basculegion|Shadow Ball|p2a: Florges\n|-activate|p2a: Florges|move: Protect\n|\n|-heal|p2a: Florges|93/100|[from] move: Wish|[wisher] Florges\n|-heal|p2a: Florges|99/100|[from] item: Leftovers\n|upkeep\n|turn|41\n|inactive|Time left: 300 sec this turn | 300 sec total\n|\n|t:|1783568146\n|move|p1a: Basculegion|Shadow Ball|p2a: Florges\n|-damage|p2a: Florges|16/100\n|move|p2a: Florges|Wish|p2a: Florges\n|\n|-heal|p2a: Florges|22/100|[from] item: Leftovers\n|upkeep\n|turn|42\n|inactive|Time left: 300 sec this turn | 300 sec total\n|\n|t:|1783568147\n|move|p2a: Florges|Protect|p2a: Florges\n|-singleturn|p2a: Florges|Protect\n|move|p1a: Basculegion|Shadow Ball|p2a: Florges\n|-activate|p2a: Florges|move: Protect\n|\n|-heal|p2a: Florges|72/100|[from] move: Wish|[wisher] Florges\n|-heal|p2a: Florges|78/100|[from] item: Leftovers\n|upkeep\n|turn|43\n|inactive|Time left: 300 sec this turn | 300 sec total\n|\n|t:|1783568147\n|move|p2a: Florges|Protect||[still]\n|-fail|p2a: Florges\n|move|p1a: Basculegion|Shadow Ball|p2a: Florges\n|-damage|p2a: Florges|0 fnt\n|faint|p2a: Florges\n|\n|win|p0x2510a0f0", "uploadtime": 1783568148, "views": 0, "rating": 0, "private": 0, "password": null, "_winner": "p0x2510a0f0", "_our_name": "p0x2510a0f0"}