{"id": "battle-gen9randombattle-1828", "formatid": "gen9randombattle", "format": "[Gen 9] Random Battle", "players": ["p0x182843c5", "p0y18284407"], "log": "|init|battle\n|title|p0x182843c5 vs. p0y18284407\n|j|\u2606p0x182843c5\n|j|\u2606p0y18284407\n|t:|1783561153\n|gametype|singles\n|player|p1|p0x182843c5|169|\n|player|p2|p0y18284407|170|\n|gen|9\n|tier|[Gen 9] Random Battle\n|rule|Species Clause: Limit one of each Pok\u00e9mon\n|rule|HP Percentage Mod: HP is shown in percentages\n|rule|Sleep Clause Mod: Limit one foe put to sleep\n|rule|Illusion Level Mod: Illusion disguises the Pok\u00e9mon's true level\n|\n|t:|1783561153\n|teamsize|p1|6\n|teamsize|p2|6\n|start\n|switch|p1a: Snorlax|Snorlax, L82, M|100/100\n|switch|p2a: Sunflora|Sunflora, F|312/312\n|turn|1\n|inactive|Battle timer is ON: inactive players will automatically lose when time's up. (requested by p0x182843c5)\n|inactive|Time left: 300 sec this turn | 300 sec total | 60 sec grace\n|inactive|p0y18284407 also wants the timer to be on.\n|\n|t:|1783561155\n|move|p2a: Sunflora|Solar Beam||[still]\n|-prepare|p2a: Sunflora|Solar Beam\n|move|p1a: Snorlax|Body Slam|p2a: Sunflora\n|-damage|p2a: Sunflora|201/312\n|-status|p2a: Sunflora|par\n|\n|upkeep\n|turn|2\n|inactive|Time left: 300 sec this turn | 300 sec total\n|\n|t:|1783561156\n|move|p1a: Snorlax|Body Slam|p2a: Sunflora\n|-damage|p2a: Sunflora|99/312 par\n|move|p2a: Sunflora|Solar Beam|p1a: Snorlax|[from] lockedmove\n|-damage|p1a: Snorlax|45/100\n|-damage|p2a: Sunflora|68/312 par|[from] item: Life Orb\n|\n|-heal|p1a: Snorlax|51/100|[from] item: Leftovers\n|upkeep\n|turn|3\n|inactive|Time left: 300 sec this turn | 300 sec total\n|\n|t:|1783561157\n|move|p1a: Snorlax|Body Slam|p2a: Sunflora\n|-damage|p2a: Sunflora|0 fnt\n|faint|p2a: Sunflora\n|\n|-heal|p1a: Snorlax|57/100|[from] item: Leftovers\n|upkeep\n|inactive|Time left: 300 sec this turn | 300 sec total | 5 sec grace\n|\n|t:|1783561158\n|switch|p2a: Munkidori|Munkidori, L79, M|269/269\n|turn|4\n|inactive|Time left: 300 sec this turn | 300 sec total\n|\n|t:|1783561159\n|move|p2a: Munkidori|Psyshock|p1a: Snorlax\n|-damage|p1a: Snorlax|8/100\n|-status|p1a: Snorlax|tox|[from] ability: Toxic Chain|[of] p2a: Munkidori\n|move|p1a: Snorlax|Body Slam|p2a: Munkidori\n|-damage|p2a: Munkidori|148/269\n|\n|-heal|p1a: Snorlax|14/100 tox|[from] item: Leftovers\n|-damage|p1a: Snorlax|8/100 tox|[from] psn\n|upkeep\n|turn|5\n|inactive|Time left: 300 sec this turn | 300 sec total\n|\n|t:|1783561160\n|move|p2a: Munkidori|Psyshock|p1a: Snorlax\n|-damage|p1a: Snorlax|0 fnt\n|faint|p1a: Snorlax\n|\n|upkeep\n|\n|t:|1783561161\n|switch|p1a: Galvantula|Galvantula, L82, M|100/100\n|turn|6\n|inactive|Time left: 300 sec this turn | 300 sec total\n|\n|t:|1783561162\n|move|p1a: Galvantula|Sticky Web|p2a: Munkidori\n|-sidestart|p2: p0y18284407|move: Sticky Web\n|move|p2a: Munkidori|Psyshock|p1a: Galvantula\n|-damage|p1a: Galvantula|19/100\n|\n|upkeep\n|turn|7\n|inactive|Time left: 300 sec this turn | 300 sec total\n|\n|t:|1783561163\n|move|p1a: Galvantula|Volt Switch|p2a: Munkidori\n|-damage|p2a: Munkidori|67/269\n|\n|t:|1783561164\n|switch|p1a: Zarude|Zarude, L77|100/100|[from] Volt Switch\n|move|p2a: Munkidori|Psyshock|p1a: Zarude\n|-immune|p1a: Zarude\n|\n|upkeep\n|turn|8\n|inactive|Time left: 300 sec this turn | 300 sec total\n|\n|t:|1783561165\n|move|p2a: Munkidori|Psyshock|p1a: Zarude\n|-immune|p1a: Zarude\n|move|p1a: Zarude|Swords Dance|p1a: Zarude\n|-boost|p1a: Zarude|atk|2\n|\n|upkeep\n|turn|9\n|inactive|Time left: 300 sec this turn | 300 sec total\n|\n|t:|1783561166\n|move|p2a: Munkidori|Psyshock|p1a: Zarude\n|-immune|p1a: Zarude\n|move|p1a: Zarude|Swords Dance|p1a: Zarude\n|-boost|p1a: Zarude|atk|2\n|\n|upkeep\n|turn|10\n|inactive|Time left: 300 sec this turn | 300 sec total\n|\n|t:|1783561167\n|move|p2a: Munkidori|Psyshock|p1a: Zarude\n|-immune|p1a: Zarude\n|move|p1a: Zarude|Knock Off|p2a: Munkidori\n|-supereffective|p2a: Munkidori\n|-damage|p2a: Munkidori|0 fnt\n|-enditem|p2a: Munkidori|Choice Specs|[from] move: Knock Off|[of] p1a: Zarude\n|faint|p2a: Munkidori\n|-damage|p1a: Zarude|91/100|[from] item: Life Orb\n|\n|upkeep\n|inactive|Time left: 300 sec this turn | 300 sec total | 5 sec grace\n|\n|t:|1783561168\n|switch|p2a: Poliwrath|Poliwrath, L88, M|302/302\n|-activate|p2a: Poliwrath|move: Sticky Web\n|-unboost|p2a: Poliwrath|spe|1\n|turn|11\n|inactive|Time left: 300 sec this turn | 300 sec total\n|\n|t:|1783561170\n|move|p1a: Zarude|Power Whip|p2a: Poliwrath\n|-supereffective|p2a: Poliwrath\n|-damage|p2a: Poliwrath|0 fnt\n|faint|p2a: Poliwrath\n|-damage|p1a: Zarude|81/100|[from] item: Life Orb\n|\n|upkeep\n|inactive|Time left: 300 sec this turn | 300 sec total | 5 sec grace\n|\n|t:|1783561171\n|switch|p2a: Iron Bundle|Iron Bundle, L78|215/215\n|turn|12\n|inactive|Time left: 300 sec this turn | 300 sec total\n|\n|t:|1783561172\n|-terastallize|p1a: Zarude|Dark\n|move|p2a: Iron Bundle|Freeze-Dry|p1a: Zarude\n|-damage|p1a: Zarude|53/100\n|move|p1a: Zarude|Knock Off|p2a: Iron Bundle\n|-damage|p2a: Iron Bundle|0 fnt\n|-enditem|p2a: Iron Bundle|Heavy-Duty Boots|[from] move: Knock Off|[of] p1a: Zarude\n|faint|p2a: Iron Bundle\n|-end|p2a: Iron Bundle|Quark Drive|[silent]\n|-damage|p1a: Zarude|43/100|[from] item: Life Orb\n|\n|upkeep\n|inactive|Time left: 300 sec this turn | 300 sec total | 5 sec grace\n|\n|t:|1783561172\n|switch|p2a: Zapdos|Zapdos, L78|268/268\n|turn|13\n|inactive|Time left: 300 sec this turn | 300 sec total\n|\n|t:|1783561173\n|move|p1a: Zarude|Knock Off|p2a: Zapdos\n|-damage|p2a: Zapdos|0 fnt\n|-enditem|p2a: Zapdos|Heavy-Duty Boots|[from] move: Knock Off|[of] p1a: Zarude\n|faint|p2a: Zapdos\n|-damage|p1a: Zarude|33/100|[from] item: Life Orb\n|\n|upkeep\n|inactive|Time left: 300 sec this turn | 300 sec total | 5 sec grace\n|\n|t:|1783561174\n|switch|p2a: Ceruledge|Ceruledge, L78, F|245/245\n|turn|14\n|inactive|Time left: 300 sec this turn | 300 sec total\n|\n|t:|1783561175\n|move|p1a: Zarude|Knock Off|p2a: Ceruledge\n|-supereffective|p2a: Ceruledge\n|-damage|p2a: Ceruledge|0 fnt\n|-enditem|p2a: Ceruledge|Heavy-Duty Boots|[from] move: Knock Off|[of] p1a: Zarude\n|faint|p2a: Ceruledge\n|-damage|p1a: Zarude|24/100|[from] item: Life Orb\n|\n|win|p0x182843c5", "uploadtime": 1783561175, "views": 0, "rating": 0, "private": 0, "password": null, "_winner": "p0x182843c5", "_our_name": "p0y18284407"}