{"id": "battle-gen9randombattle-2686", "formatid": "gen9randombattle", "format": "[Gen 9] Random Battle", "players": ["p0x26864673", "p0y26867c3d"], "log": "|init|battle\n|title|p0x26864673 vs. p0y26867c3d\n|j|\u2606p0x26864673\n|j|\u2606p0y26867c3d\n|t:|1783570993\n|gametype|singles\n|player|p1|p0x26864673|170|\n|player|p2|p0y26867c3d|170|\n|gen|9\n|tier|[Gen 9] Random Battle\n|rule|Species Clause: Limit one of each Pok\u00e9mon\n|rule|HP Percentage Mod: HP is shown in percentages\n|rule|Sleep Clause Mod: Limit one foe put to sleep\n|rule|Illusion Level Mod: Illusion disguises the Pok\u00e9mon's true level\n|\n|t:|1783570993\n|teamsize|p1|6\n|teamsize|p2|6\n|start\n|switch|p1a: Barraskewda|Barraskewda, L81, M|231/231\n|switch|p2a: Florges|Florges-Yellow, L85, F|100/100\n|turn|1\n|inactive|Battle timer is ON: inactive players will automatically lose when time's up. (requested by p0y26867c3d)\n|inactive|Time left: 300 sec this turn | 300 sec total | 60 sec grace\n|inactive|p0x26864673 also wants the timer to be on.\n|\n|t:|1783570994\n|move|p1a: Barraskewda|Waterfall|p2a: Florges\n|-damage|p2a: Florges|42/100\n|move|p2a: Florges|Moonblast|p1a: Barraskewda\n|-damage|p1a: Barraskewda|63/231\n|\n|-heal|p2a: Florges|48/100|[from] item: Leftovers\n|upkeep\n|turn|2\n|inactive|Time left: 300 sec this turn | 300 sec total\n|\n|t:|1783570995\n|switch|p2a: Koraidon|Koraidon, L64|100/100\n|-weather|SunnyDay|[from] ability: Orichalcum Pulse|[of] p2a: Koraidon\n|-activate|p2a: Koraidon|Orichalcum Pulse|[source]\n|move|p1a: Barraskewda|Waterfall|p2a: Koraidon\n|-resisted|p2a: Koraidon\n|-damage|p2a: Koraidon|84/100\n|\n|-weather|SunnyDay|[upkeep]\n|upkeep\n|turn|3\n|inactive|Time left: 300 sec this turn | 300 sec total\n|\n|t:|1783570996\n|switch|p1a: Fezandipiti|Fezandipiti, L82, M|278/278\n|move|p2a: Koraidon|Flare Blitz|p1a: Fezandipiti\n|-damage|p1a: Fezandipiti|144/278\n|-damage|p2a: Koraidon|65/100|[from] Recoil\n|\n|-weather|SunnyDay|[upkeep]\n|-heal|p1a: Fezandipiti|161/278|[from] item: Leftovers\n|upkeep\n|turn|4\n|inactive|Time left: 300 sec this turn | 300 sec total\n|\n|t:|1783570997\n|move|p2a: Koraidon|Flare Blitz|p1a: Fezandipiti\n|-damage|p1a: Fezandipiti|15/278\n|-damage|p2a: Koraidon|45/100|[from] Recoil\n|move|p1a: Fezandipiti|Moonblast|p2a: Koraidon\n|-supereffective|p2a: Koraidon\n|-damage|p2a: Koraidon|0 fnt\n|faint|p2a: Koraidon\n|\n|-weather|SunnyDay|[upkeep]\n|-heal|p1a: Fezandipiti|32/278|[from] item: Leftovers\n|upkeep\n|\n|t:|1783570998\n|switch|p2a: Weavile|Weavile, L79, F|100/100\n|turn|5\n|inactive|Time left: 300 sec this turn | 300 sec total\n|\n|t:|1783570999\n|move|p2a: Weavile|Knock Off|p1a: Fezandipiti\n|-resisted|p1a: Fezandipiti\n|-damage|p1a: Fezandipiti|0 fnt\n|-enditem|p1a: Fezandipiti|Leftovers|[from] move: Knock Off|[of] p2a: Weavile\n|faint|p1a: Fezandipiti\n|\n|-weather|SunnyDay|[upkeep]\n|upkeep\n|inactive|Time left: 300 sec this turn | 300 sec total | 5 sec grace\n|\n|t:|1783571000\n|switch|p1a: Barraskewda|Barraskewda, L81, M|63/231\n|turn|6\n|inactive|Time left: 300 sec this turn | 300 sec total\n|\n|t:|1783571001\n|switch|p2a: Landorus|Landorus-Therian, L76, M|100/100\n|-ability|p2a: Landorus|Intimidate|boost\n|-unboost|p1a: Barraskewda|atk|1\n|move|p1a: Barraskewda|Close Combat|p2a: Landorus\n|-resisted|p2a: Landorus\n|-damage|p2a: Landorus|79/100\n|-unboost|p1a: Barraskewda|def|1\n|-unboost|p1a: Barraskewda|spd|1\n|\n|-weather|none\n|-heal|p2a: Landorus|85/100|[from] item: Leftovers\n|upkeep\n|turn|7\n|inactive|Time left: 300 sec this turn | 300 sec total\n|\n|t:|1783571001\n|switch|p1a: Minior|Minior-Indigo, L79|224/224\n|-formechange|p1a: Minior|Minior-Meteor||[from] ability: Shields Down\n|move|p2a: Landorus|Stealth Rock|p1a: Minior\n|-sidestart|p1: p0x26864673|move: Stealth Rock\n|\n|-heal|p2a: Landorus|92/100|[from] item: Leftovers\n|upkeep\n|turn|8\n|inactive|Time left: 300 sec this turn | 300 sec total\n|\n|t:|1783571003\n|move|p2a: Landorus|Taunt|p1a: Minior\n|-start|p1a: Minior|move: Taunt\n|cant|p1a: Minior|move: Taunt|Shell Smash\n|\n|-heal|p2a: Landorus|98/100|[from] item: Leftovers\n|upkeep\n|turn|9\n|inactive|Time left: 300 sec this turn | 300 sec total\n|\n|t:|1783571004\n|move|p2a: Landorus|U-turn|p1a: Minior\n|-resisted|p1a: Minior\n|-damage|p1a: Minior|199/224\n|\n|t:|1783571005\n|switch|p2a: Groudon|Groudon, L72|100/100|[from] U-turn\n|-weather|SunnyDay|[from] ability: Drought|[of] p2a: Groudon\n|move|p1a: Minior|Acrobatics|p2a: Groudon\n|-damage|p2a: Groudon|90/100\n|\n|-weather|SunnyDay|[upkeep]\n|-heal|p2a: Groudon|96/100|[from] item: Leftovers\n|upkeep\n|turn|10\n|inactive|Time left: 300 sec this turn | 300 sec total\n|\n|t:|1783571006\n|move|p2a: Groudon|Swords Dance|p2a: Groudon\n|-boost|p2a: Groudon|atk|2\n|move|p1a: Minior|Power Gem|p2a: Groudon\n|-resisted|p2a: Groudon\n|-damage|p2a: Groudon|86/100\n|\n|-weather|SunnyDay|[upkeep]\n|-heal|p2a: Groudon|92/100|[from] item: Leftovers\n|-end|p1a: Minior|move: Taunt\n|upkeep\n|turn|11\n|inactive|Time left: 300 sec this turn | 300 sec total\n|\n|t:|1783571007\n|move|p2a: Groudon|Stone Edge|p1a: Minior\n|-supereffective|p1a: Minior\n|-damage|p1a: Minior|0 fnt\n|faint|p1a: Minior\n|\n|-weather|SunnyDay|[upkeep]\n|-heal|p2a: Groudon|98/100|[from] item: Leftovers\n|upkeep\n|inactive|Time left: 300 sec this turn | 300 sec total | 5 sec grace\n|\n|t:|1783571008\n|switch|p1a: Barraskewda|Barraskewda, L81, M|63/231\n|-damage|p1a: Barraskewda|35/231|[from] Stealth Rock\n|turn|12\n|inactive|Time left: 300 sec this turn | 300 sec total\n|\n|t:|1783571009\n|move|p1a: Barraskewda|Waterfall|p2a: Groudon\n|-supereffective|p2a: Groudon\n|-damage|p2a: Groudon|50/100\n|move|p2a: Groudon|Precipice Blades|p1a: Barraskewda\n|-damage|p1a: Barraskewda|0 fnt\n|faint|p1a: Barraskewda\n|\n|-weather|SunnyDay|[upkeep]\n|-heal|p2a: Groudon|56/100|[from] item: Leftovers\n|upkeep\n|inactive|Time left: 300 sec this turn | 300 sec total | 5 sec grace\n|\n|t:|1783571010\n|switch|p1a: Deoxys|Deoxys-Speed, L82|216/216\n|-damage|p1a: Deoxys|189/216|[from] Stealth Rock\n|-ability|p1a: Deoxys|Pressure\n|turn|13\n|inactive|Time left: 300 sec this turn | 300 sec total\n|\n|t:|1783571011\n|move|p1a: Deoxys|Psycho Boost|p2a: Groudon\n|-damage|p2a: Groudon|0 fnt\n|-unboost|p1a: Deoxys|spa|2\n|faint|p2a: Groudon\n|\n|-weather|none\n|-heal|p1a: Deoxys|202/216|[from] item: Leftovers\n|upkeep\n|\n|t:|1783571012\n|switch|p2a: Weavile|Weavile, L79, F|100/100\n|turn|14\n|inactive|Time left: 300 sec this turn | 300 sec total\n|\n|t:|1783571013\n|switch|p1a: Amoonguss|Amoonguss, L82, M|321/321\n|-damage|p1a: Amoonguss|281/321|[from] Stealth Rock\n|move|p2a: Weavile|Knock Off|p1a: Amoonguss\n|-damage|p1a: Amoonguss|77/321\n|-damage|p2a: Weavile|84/100|[from] item: Rocky Helmet|[of] p1a: Amoonguss\n|-enditem|p1a: Amoonguss|Rocky Helmet|[from] move: Knock Off|[of] p2a: Weavile\n|\n|upkeep\n|turn|15\n|inactive|Time left: 300 sec this turn | 300 sec total\n|\n|t:|1783571014\n|move|p2a: Weavile|Knock Off|p1a: Amoonguss\n|-damage|p1a: Amoonguss|0 fnt\n|faint|p1a: Amoonguss\n|\n|upkeep\n|inactive|Time left: 300 sec this turn | 300 sec total | 5 sec grace\n|\n|t:|1783571015\n|switch|p1a: Palossand|Palossand, L89, M|296/296\n|-damage|p1a: Palossand|278/296|[from] Stealth Rock\n|turn|16\n|inactive|Time left: 300 sec this turn | 300 sec total\n|\n|t:|1783571016\n|move|p2a: Weavile|Knock Off|p1a: Palossand\n|-supereffective|p1a: Palossand\n|-damage|p1a: Palossand|6/296\n|-enditem|p1a: Palossand|Leftovers|[from] move: Knock Off|[of] p2a: Weavile\n|move|p1a: Palossand|Sludge Bomb|p2a: Weavile\n|-damage|p2a: Weavile|49/100\n|-status|p2a: Weavile|psn\n|\n|-damage|p2a: Weavile|37/100 psn|[from] psn\n|upkeep\n|turn|17\n|inactive|Time left: 300 sec this turn | 300 sec total\n|\n|t:|1783571017\n|move|p2a: Weavile|Knock Off|p1a: Palossand\n|-supereffective|p1a: Palossand\n|-damage|p1a: Palossand|0 fnt\n|faint|p1a: Palossand\n|\n|-damage|p2a: Weavile|25/100 psn|[from] psn\n|upkeep\n|inactive|Time left: 300 sec this turn | 300 sec total | 5 sec grace\n|\n|t:|1783571018\n|switch|p1a: Deoxys|Deoxys-Speed, L82|202/216\n|-damage|p1a: Deoxys|175/216|[from] Stealth Rock\n|-ability|p1a: Deoxys|Pressure\n|turn|18\n|inactive|Time left: 300 sec this turn | 300 sec total\n|\n|t:|1783571018\n|-terastallize|p1a: Deoxys|Dark\n|move|p1a: Deoxys|Spikes|p2a: Weavile\n|-sidestart|p2: p0y26867c3d|Spikes\n|move|p2a: Weavile|Knock Off|p1a: Deoxys\n|-resisted|p1a: Deoxys\n|-damage|p1a: Deoxys|92/216\n|-enditem|p1a: Deoxys|Leftovers|[from] move: Knock Off|[of] p2a: Weavile\n|\n|-damage|p2a: Weavile|13/100 psn|[from] psn\n|upkeep\n|turn|19\n|inactive|Time left: 300 sec this turn | 300 sec total\n|\n|t:|1783571020\n|switch|p2a: Landorus|Landorus-Therian, L76, M|98/100\n|-ability|p2a: Landorus|Intimidate|boost\n|-unboost|p1a: Deoxys|atk|1\n|move|p1a: Deoxys|Psycho Boost|p2a: Landorus\n|-damage|p2a: Landorus|31/100\n|-unboost|p1a: Deoxys|spa|2\n|\n|-heal|p2a: Landorus|37/100|[from] item: Leftovers\n|upkeep\n|turn|20\n|inactive|Time left: 300 sec this turn | 300 sec total\n|\n|t:|1783571020\n|-terastallize|p2a: Landorus|Water\n|move|p1a: Deoxys|Psycho Boost|p2a: Landorus\n|-damage|p2a: Landorus|5/100\n|-unboost|p1a: Deoxys|spa|2\n|move|p2a: Landorus|U-turn|p1a: Deoxys\n|-supereffective|p1a: Deoxys\n|-damage|p1a: Deoxys|0 fnt\n|faint|p1a: Deoxys\n|\n|win|p0y26867c3d", "uploadtime": 1783571020, "views": 0, "rating": 0, "private": 0, "password": null, "_winner": "p0y26867c3d", "_our_name": "p0x26864673"}