{"id": "battle-gen9randombattle-1454", "formatid": "gen9randombattle", "format": "[Gen 9] Random Battle", "players": ["p0x1454ccb3", "p0y1454942e"], "log": "|init|battle\n|title|p0x1454ccb3 vs. p0y1454942e\n|j|\u2606p0x1454ccb3\n|j|\u2606p0y1454942e\n|t:|1783556002\n|gametype|singles\n|player|p1|p0x1454ccb3|265|\n|player|p2|p0y1454942e|101|\n|gen|9\n|tier|[Gen 9] Random Battle\n|rule|Species Clause: Limit one of each Pok\u00e9mon\n|rule|HP Percentage Mod: HP is shown in percentages\n|rule|Sleep Clause Mod: Limit one foe put to sleep\n|rule|Illusion Level Mod: Illusion disguises the Pok\u00e9mon's true level\n|\n|t:|1783556002\n|teamsize|p1|6\n|teamsize|p2|6\n|start\n|switch|p1a: Luvdisc|Luvdisc, M|247/247\n|switch|p2a: Gumshoos|Gumshoos, L95, F|100/100\n|turn|1\n|inactive|Battle timer is ON: inactive players will automatically lose when time's up. (requested by p0y1454942e)\n|inactive|Time left: 300 sec this turn | 300 sec total | 60 sec grace\n|inactive|p0x1454ccb3 also wants the timer to be on.\n|\n|t:|1783556003\n|move|p1a: Luvdisc|Substitute|p1a: Luvdisc\n|-start|p1a: Luvdisc|Substitute\n|-damage|p1a: Luvdisc|186/247\n|move|p2a: Gumshoos|Knock Off|p1a: Luvdisc\n|-end|p1a: Luvdisc|Substitute\n|\n|upkeep\n|turn|2\n|inactive|Time left: 300 sec this turn | 300 sec total\n|\n|t:|1783556004\n|switch|p1a: Mightyena|Mightyena, L96, F|290/290\n|-ability|p1a: Mightyena|Intimidate|boost\n|-unboost|p2a: Gumshoos|atk|1\n|move|p2a: Gumshoos|Knock Off|p1a: Mightyena\n|-resisted|p1a: Mightyena\n|-damage|p1a: Mightyena|187/290\n|-enditem|p1a: Mightyena|Assault Vest|[from] move: Knock Off|[of] p2a: Gumshoos\n|\n|upkeep\n|turn|3\n|inactive|Time left: 300 sec this turn | 300 sec total\n|\n|t:|1783556006\n|move|p1a: Mightyena|Throat Chop|p2a: Gumshoos\n|-damage|p2a: Gumshoos|60/100\n|-start|p2a: Gumshoos|Throat Chop|[silent]\n|move|p2a: Gumshoos|Knock Off|p1a: Mightyena\n|-resisted|p1a: Mightyena\n|-damage|p1a: Mightyena|154/290\n|\n|upkeep\n|turn|4\n|inactive|Time left: 300 sec this turn | 300 sec total\n|\n|t:|1783556007\n|switch|p2a: Sandslash|Sandslash-Alola, L88, M|100/100\n|move|p1a: Mightyena|Throat Chop|p2a: Sandslash\n|-damage|p2a: Sandslash|73/100\n|-start|p2a: Sandslash|Throat Chop|[silent]\n|\n|upkeep\n|turn|5\n|inactive|Time left: 300 sec this turn | 300 sec total\n|\n|t:|1783556008\n|move|p1a: Mightyena|Throat Chop|p2a: Sandslash\n|-damage|p2a: Sandslash|47/100\n|move|p2a: Sandslash|Triple Axel|p1a: Mightyena\n|-damage|p1a: Mightyena|129/290\n|-damage|p1a: Mightyena|77/290\n|-hitcount|p1a: Mightyena|2\n|\n|-end|p2a: Sandslash|Throat Chop|[silent]\n|upkeep\n|turn|6\n|inactive|Time left: 300 sec this turn | 300 sec total\n|\n|t:|1783556009\n|move|p1a: Mightyena|Throat Chop|p2a: Sandslash\n|-damage|p2a: Sandslash|19/100\n|-start|p2a: Sandslash|Throat Chop|[silent]\n|move|p2a: Sandslash|Iron Head|p1a: Mightyena\n|-damage|p1a: Mightyena|0 fnt\n|faint|p1a: Mightyena\n|\n|upkeep\n|inactive|Time left: 300 sec this turn | 300 sec total | 5 sec grace\n|\n|t:|1783556010\n|switch|p1a: Dodrio|Dodrio, L85, F|241/241\n|turn|7\n|inactive|Time left: 300 sec this turn | 300 sec total\n|\n|t:|1783556011\n|move|p1a: Dodrio|Double-Edge|p2a: Sandslash\n|-resisted|p2a: Sandslash\n|-damage|p2a: Sandslash|0 fnt\n|faint|p2a: Sandslash\n|-damage|p1a: Dodrio|224/241|[from] Recoil\n|\n|upkeep\n|\n|t:|1783556012\n|switch|p2a: Baxcalibur|Baxcalibur, L75, M|100/100\n|turn|8\n|inactive|Time left: 300 sec this turn | 300 sec total\n|\n|t:|1783556014\n|-terastallize|p1a: Dodrio|Normal\n|move|p1a: Dodrio|Double-Edge|p2a: Baxcalibur\n|-damage|p2a: Baxcalibur|0 fnt\n|faint|p2a: Baxcalibur\n|-damage|p1a: Dodrio|127/241|[from] Recoil\n|\n|upkeep\n|\n|t:|1783556015\n|switch|p2a: Grafaiai|Grafaiai, L86, M|100/100\n|turn|9\n|inactive|Time left: 300 sec this turn | 300 sec total\n|\n|t:|1783556016\n|switch|p1a: Sneasler|Sneasler, L74, F|240/240\n|move|p2a: Grafaiai|Low Kick|p1a: Sneasler\n|-resisted|p1a: Sneasler\n|-damage|p1a: Sneasler|200/240\n|-damage|p2a: Grafaiai|91/100|[from] item: Life Orb\n|\n|upkeep\n|turn|10\n|inactive|Time left: 300 sec this turn | 300 sec total\n|\n|t:|1783556017\n|move|p2a: Grafaiai|Knock Off|p1a: Sneasler\n|-resisted|p1a: Sneasler\n|-damage|p1a: Sneasler|136/240\n|-enditem|p1a: Sneasler|Choice Band|[from] move: Knock Off|[of] p2a: Grafaiai\n|-damage|p2a: Grafaiai|81/100|[from] item: Life Orb\n|move|p1a: Sneasler|Close Combat|p2a: Grafaiai\n|-damage|p2a: Grafaiai|25/100\n|-unboost|p1a: Sneasler|def|1\n|-unboost|p1a: Sneasler|spd|1\n|\n|upkeep\n|turn|11\n|inactive|Time left: 300 sec this turn | 300 sec total\n|\n|t:|1783556017\n|move|p2a: Grafaiai|Gunk Shot|p1a: Sneasler\n|-resisted|p1a: Sneasler\n|-damage|p1a: Sneasler|0 fnt\n|faint|p1a: Sneasler\n|-damage|p2a: Grafaiai|16/100|[from] item: Life Orb\n|\n|upkeep\n|inactive|Time left: 300 sec this turn | 300 sec total | 5 sec grace\n|\n|t:|1783556018\n|switch|p1a: Deoxys|Deoxys, L74|196/196\n|-ability|p1a: Deoxys|Pressure\n|turn|12\n|inactive|Time left: 300 sec this turn | 300 sec total\n|\n|t:|1783556019\n|switch|p2a: Hitmontop|Hitmontop, L88, M|100/100\n|move|p1a: Deoxys|Knock Off|p2a: Hitmontop\n|-resisted|p2a: Hitmontop\n|-damage|p2a: Hitmontop|82/100\n|-enditem|p2a: Hitmontop|Leftovers|[from] move: Knock Off|[of] p1a: Deoxys\n|-damage|p1a: Deoxys|177/196|[from] item: Life Orb\n|\n|upkeep\n|turn|13\n|inactive|Time left: 300 sec this turn | 300 sec total\n|\n|t:|1783556020\n|switch|p2a: Grafaiai|Grafaiai, L86, M|16/100\n|move|p1a: Deoxys|Psycho Boost|p2a: Grafaiai\n|-supereffective|p2a: Grafaiai\n|-damage|p2a: Grafaiai|0 fnt\n|-unboost|p1a: Deoxys|spa|2\n|faint|p2a: Grafaiai\n|-damage|p1a: Deoxys|158/196|[from] item: Life Orb\n|\n|upkeep\n|\n|t:|1783556021\n|switch|p2a: Hitmontop|Hitmontop, L88, M|82/100\n|turn|14\n|inactive|Time left: 300 sec this turn | 300 sec total\n|\n|t:|1783556022\n|move|p1a: Deoxys|Psycho Boost|p2a: Hitmontop\n|-supereffective|p2a: Hitmontop\n|-damage|p2a: Hitmontop|13/100\n|-unboost|p1a: Deoxys|spa|2\n|-damage|p1a: Deoxys|139/196|[from] item: Life Orb\n|move|p2a: Hitmontop|Rapid Spin|p1a: Deoxys\n|-damage|p1a: Deoxys|51/196\n|-boost|p2a: Hitmontop|spe|1\n|\n|upkeep\n|turn|15\n|inactive|Time left: 300 sec this turn | 300 sec total\n|\n|t:|1783556024\n|move|p1a: Deoxys|Extreme Speed|p2a: Hitmontop\n|-damage|p2a: Hitmontop|0 fnt\n|faint|p2a: Hitmontop\n|-damage|p1a: Deoxys|32/196|[from] item: Life Orb\n|\n|upkeep\n|\n|t:|1783556025\n|switch|p2a: Iron Boulder|Iron Boulder, L77|100/100\n|-enditem|p2a: Iron Boulder|Booster Energy\n|-activate|p2a: Iron Boulder|ability: Quark Drive|[fromitem]\n|-start|p2a: Iron Boulder|quarkdrivespe\n|turn|16\n|inactive|Time left: 300 sec this turn | 300 sec total\n|\n|t:|1783556026\n|move|p2a: Iron Boulder|Swords Dance|p2a: Iron Boulder\n|-boost|p2a: Iron Boulder|atk|2\n|move|p1a: Deoxys|Knock Off|p2a: Iron Boulder\n|-supereffective|p2a: Iron Boulder\n|-damage|p2a: Iron Boulder|37/100\n|-damage|p1a: Deoxys|13/196|[from] item: Life Orb\n|\n|upkeep\n|turn|17\n|inactive|Time left: 300 sec this turn | 300 sec total\n|\n|t:|1783556027\n|move|p1a: Deoxys|Extreme Speed|p2a: Iron Boulder\n|-resisted|p2a: Iron Boulder\n|-damage|p2a: Iron Boulder|17/100\n|-damage|p1a: Deoxys|0 fnt|[from] item: Life Orb\n|faint|p1a: Deoxys\n|move|p2a: Iron Boulder|Mighty Cleave|p1: Deoxys|[notarget]\n|-fail|p2a: Iron Boulder\n|\n|upkeep\n|inactive|Time left: 300 sec this turn | 300 sec total | 5 sec grace\n|\n|t:|1783556028\n|switch|p1a: Dodrio|Dodrio, L85, F, tera:Normal|127/241\n|turn|18\n|inactive|Time left: 300 sec this turn | 300 sec total\n|\n|t:|1783556029\n|move|p1a: Dodrio|Quick Attack|p2a: Iron Boulder\n|-resisted|p2a: Iron Boulder\n|-damage|p2a: Iron Boulder|0 fnt\n|faint|p2a: Iron Boulder\n|-end|p2a: Iron Boulder|Quark Drive|[silent]\n|\n|upkeep\n|\n|t:|1783556030\n|switch|p2a: Gumshoos|Gumshoos, L95, F|60/100\n|turn|19\n|inactive|Time left: 300 sec this turn | 300 sec total\n|\n|t:|1783556031\n|-terastallize|p2a: Gumshoos|Ground\n|move|p1a: Dodrio|Quick Attack|p2a: Gumshoos\n|-damage|p2a: Gumshoos|25/100\n|move|p2a: Gumshoos|Earthquake|p1a: Dodrio\n|-damage|p1a: Dodrio|0 fnt\n|faint|p1a: Dodrio\n|\n|upkeep\n|inactive|Time left: 300 sec this turn | 300 sec total | 5 sec grace\n|\n|t:|1783556032\n|switch|p1a: Mewtwo|Mewtwo, L72|272/272\n|-ability|p1a: Mewtwo|Pressure\n|turn|20\n|inactive|Time left: 300 sec this turn | 300 sec total\n|\n|t:|1783556033\n|move|p1a: Mewtwo|Fire Blast|p2a: Gumshoos\n|-damage|p2a: Gumshoos|0 fnt\n|faint|p2a: Gumshoos\n|-damage|p1a: Mewtwo|245/272|[from] item: Life Orb\n|\n|win|p0x1454ccb3", "uploadtime": 1783556033, "views": 0, "rating": 0, "private": 0, "password": null, "_winner": "p0x1454ccb3", "_our_name": "p0x1454ccb3"}