{"id": "battle-gen9randombattle-749", "formatid": "gen9randombattle", "format": "[Gen 9] Random Battle", "players": ["p0x7497c20", "p0y7493196"], "log": "|init|battle\n|title|p0x7497c20 vs. p0y7493196\n|j|\u2606p0x7497c20\n|j|\u2606p0y7493196\n|t:|1783548528\n|gametype|singles\n|player|p1|p0x7497c20|169|\n|player|p2|p0y7493196|266|\n|gen|9\n|tier|[Gen 9] Random Battle\n|rule|Species Clause: Limit one of each Pok\u00e9mon\n|rule|HP Percentage Mod: HP is shown in percentages\n|rule|Sleep Clause Mod: Limit one foe put to sleep\n|rule|Illusion Level Mod: Illusion disguises the Pok\u00e9mon's true level\n|\n|t:|1783548528\n|teamsize|p1|6\n|teamsize|p2|6\n|start\n|switch|p1a: Oricorio|Oricorio-Sensu, L85, M|100/100\n|switch|p2a: Regigigas|Regigigas, L84|322/322\n|-start|p2a: Regigigas|ability: Slow Start\n|turn|1\n|inactive|Battle timer is ON: inactive players will automatically lose when time's up. (requested by p0x7497c20)\n|inactive|Time left: 300 sec this turn | 300 sec total | 60 sec grace\n|inactive|p0y7493196 also wants the timer to be on.\n|\n|t:|1783548529\n|move|p1a: Oricorio|Quiver Dance|p1a: Oricorio\n|-boost|p1a: Oricorio|spa|1\n|-boost|p1a: Oricorio|spd|1\n|-boost|p1a: Oricorio|spe|1\n|move|p2a: Regigigas|Knock Off|p1a: Oricorio\n|-supereffective|p1a: Oricorio\n|-damage|p1a: Oricorio|52/100\n|-enditem|p1a: Oricorio|Heavy-Duty Boots|[from] move: Knock Off|[of] p2a: Regigigas\n|\n|upkeep\n|turn|2\n|inactive|Time left: 300 sec this turn | 300 sec total\n|\n|t:|1783548530\n|move|p1a: Oricorio|Quiver Dance|p1a: Oricorio\n|-boost|p1a: Oricorio|spa|1\n|-boost|p1a: Oricorio|spd|1\n|-boost|p1a: Oricorio|spe|1\n|move|p2a: Regigigas|Knock Off|p1a: Oricorio\n|-supereffective|p1a: Oricorio\n|-damage|p1a: Oricorio|22/100\n|\n|upkeep\n|turn|3\n|inactive|Time left: 300 sec this turn | 300 sec total\n|\n|t:|1783548531\n|move|p1a: Oricorio|Roost|p1a: Oricorio\n|-heal|p1a: Oricorio|72/100\n|-singleturn|p1a: Oricorio|move: Roost\n|move|p2a: Regigigas|Knock Off|p1a: Oricorio\n|-supereffective|p1a: Oricorio\n|-damage|p1a: Oricorio|44/100\n|\n|upkeep\n|turn|4\n|inactive|Time left: 300 sec this turn | 300 sec total\n|\n|t:|1783548532\n|switch|p2a: Sudowoodo|Sudowoodo, L94, M|284/284\n|move|p1a: Oricorio|Roost|p1a: Oricorio\n|-heal|p1a: Oricorio|94/100\n|-singleturn|p1a: Oricorio|move: Roost\n|\n|upkeep\n|turn|5\n|inactive|Time left: 300 sec this turn | 300 sec total\n|\n|t:|1783548534\n|-terastallize|p1a: Oricorio|Fighting\n|move|p1a: Oricorio|Revelation Dance|p2a: Sudowoodo\n|-supereffective|p2a: Sudowoodo\n|-damage|p2a: Sudowoodo|0 fnt\n|faint|p2a: Sudowoodo\n|\n|upkeep\n|inactive|Time left: 300 sec this turn | 300 sec total | 5 sec grace\n|\n|t:|1783548535\n|switch|p2a: Gouging Fire|Gouging Fire, L74|277/277\n|turn|6\n|inactive|Time left: 300 sec this turn | 300 sec total\n|\n|t:|1783548536\n|move|p1a: Oricorio|Revelation Dance|p2a: Gouging Fire\n|-damage|p2a: Gouging Fire|61/277\n|move|p2a: Gouging Fire|Outrage|p1a: Oricorio\n|-damage|p1a: Oricorio|44/100\n|\n|upkeep\n|turn|7\n|inactive|Time left: 300 sec this turn | 300 sec total\n|\n|t:|1783548537\n|move|p1a: Oricorio|Revelation Dance|p2a: Gouging Fire\n|-damage|p2a: Gouging Fire|0 fnt\n|faint|p2a: Gouging Fire\n|-end|p2a: Gouging Fire|Protosynthesis|[silent]\n|\n|upkeep\n|inactive|Time left: 300 sec this turn | 300 sec total | 5 sec grace\n|\n|t:|1783548539\n|switch|p2a: Rillaboom|Rillaboom, L79, F|288/288\n|-fieldstart|move: Grassy Terrain|[from] ability: Grassy Surge|[of] p2a: Rillaboom\n|turn|8\n|inactive|Time left: 300 sec this turn | 300 sec total\n|\n|t:|1783548539\n|switch|p1a: Dragonite|Dragonite, L74, F|100/100\n|move|p2a: Rillaboom|Grassy Glide|p1a: Dragonite\n|-resisted|p1a: Dragonite\n|-damage|p1a: Dragonite|94/100\n|\n|upkeep\n|turn|9\n|inactive|Time left: 300 sec this turn | 300 sec total\n|\n|t:|1783548541\n|move|p2a: Rillaboom|Grassy Glide|p1a: Dragonite\n|-resisted|p1a: Dragonite\n|-damage|p1a: Dragonite|81/100\n|move|p1a: Dragonite|Dragon Dance|p1a: Dragonite\n|-boost|p1a: Dragonite|atk|1\n|-boost|p1a: Dragonite|spe|1\n|\n|upkeep\n|turn|10\n|inactive|Time left: 300 sec this turn | 300 sec total\n|\n|t:|1783548542\n|switch|p2a: Scream Tail|Scream Tail, L84|330/330\n|move|p1a: Dragonite|Outrage|p2a: Scream Tail\n|-immune|p2a: Scream Tail\n|\n|upkeep\n|turn|11\n|inactive|Time left: 300 sec this turn | 300 sec total\n|\n|t:|1783548543\n|move|p1a: Dragonite|Dragon Dance|p1a: Dragonite\n|-boost|p1a: Dragonite|atk|1\n|-boost|p1a: Dragonite|spe|1\n|move|p2a: Scream Tail|Dazzling Gleam|p1a: Dragonite\n|-supereffective|p1a: Dragonite\n|-damage|p1a: Dragonite|32/100\n|\n|upkeep\n|turn|12\n|inactive|Time left: 300 sec this turn | 300 sec total\n|\n|t:|1783548544\n|move|p1a: Dragonite|Outrage|p2a: Scream Tail\n|-immune|p2a: Scream Tail\n|move|p2a: Scream Tail|Dazzling Gleam|p1a: Dragonite\n|-supereffective|p1a: Dragonite\n|-damage|p1a: Dragonite|0 fnt\n|faint|p1a: Dragonite\n|\n|-fieldend|move: Grassy Terrain\n|upkeep\n|\n|t:|1783548545\n|switch|p1a: Ribombee|Ribombee, L83, M|100/100\n|turn|13\n|inactive|Time left: 300 sec this turn | 300 sec total\n|\n|t:|1783548547\n|move|p1a: Ribombee|Sticky Web|p2a: Scream Tail\n|-sidestart|p2: p0y7493196|move: Sticky Web\n|move|p2a: Scream Tail|Dazzling Gleam|p1a: Ribombee\n|-crit|p1a: Ribombee\n|-damage|p1a: Ribombee|55/100\n|\n|upkeep\n|turn|14\n|inactive|Time left: 300 sec this turn | 300 sec total\n|\n|t:|1783548548\n|switch|p1a: Bellibolt|Bellibolt, L84, M|100/100\n|move|p2a: Scream Tail|Dazzling Gleam|p1a: Bellibolt\n|-damage|p1a: Bellibolt|80/100\n|-start|p1a: Bellibolt|Charge|Dazzling Gleam|[from] ability: Electromorphosis\n|\n|-heal|p1a: Bellibolt|86/100|[from] item: Leftovers\n|upkeep\n|turn|15\n|inactive|Time left: 300 sec this turn | 300 sec total\n|\n|t:|1783548549\n|move|p2a: Scream Tail|Dazzling Gleam|p1a: Bellibolt\n|-damage|p1a: Bellibolt|66/100\n|-start|p1a: Bellibolt|Charge|Dazzling Gleam|[from] ability: Electromorphosis\n|move|p1a: Bellibolt|Thunderbolt|p2a: Scream Tail\n|-damage|p2a: Scream Tail|180/330\n|-end|p1a: Bellibolt|Charge|[silent]\n|\n|-heal|p2a: Scream Tail|200/330|[from] item: Leftovers\n|-heal|p1a: Bellibolt|73/100|[from] item: Leftovers\n|upkeep\n|turn|16\n|inactive|Time left: 300 sec this turn | 300 sec total\n|\n|t:|1783548550\n|move|p2a: Scream Tail|Wish|p2a: Scream Tail\n|move|p1a: Bellibolt|Toxic|p2a: Scream Tail\n|-status|p2a: Scream Tail|tox\n|\n|-heal|p2a: Scream Tail|220/330 tox|[from] item: Leftovers\n|-heal|p1a: Bellibolt|79/100|[from] item: Leftovers\n|-damage|p2a: Scream Tail|200/330 tox|[from] psn\n|upkeep\n|turn|17\n|inactive|Time left: 300 sec this turn | 300 sec total\n|\n|t:|1783548551\n|move|p2a: Scream Tail|Dazzling Gleam|p1a: Bellibolt\n|-damage|p1a: Bellibolt|59/100\n|-start|p1a: Bellibolt|Charge|Dazzling Gleam|[from] ability: Electromorphosis\n|move|p1a: Bellibolt|Slack Off|p1a: Bellibolt\n|-heal|p1a: Bellibolt|100/100\n|\n|-heal|p2a: Scream Tail|330/330 tox|[from] move: Wish|[wisher] Scream Tail\n|-damage|p2a: Scream Tail|290/330 tox|[from] psn\n|upkeep\n|turn|18\n|inactive|Time left: 300 sec this turn | 300 sec total\n|\n|t:|1783548552\n|-end|p2a: Scream Tail|Protosynthesis|[silent]\n|switch|p2a: Rillaboom|Rillaboom, L79, F|288/288\n|-activate|p2a: Rillaboom|move: Sticky Web\n|-unboost|p2a: Rillaboom|spe|1\n|-fieldstart|move: Grassy Terrain|[from] ability: Grassy Surge|[of] p2a: Rillaboom\n|move|p1a: Bellibolt|Thunderbolt|p2a: Rillaboom\n|-resisted|p2a: Rillaboom\n|-damage|p2a: Rillaboom|173/288\n|-end|p1a: Bellibolt|Charge|[silent]\n|\n|-heal|p2a: Rillaboom|191/288|[from] Grassy Terrain\n|upkeep\n|turn|19\n|inactive|Time left: 300 sec this turn | 300 sec total\n|\n|t:|1783548553\n|move|p1a: Bellibolt|Thunderbolt|p2a: Rillaboom\n|-resisted|p2a: Rillaboom\n|-damage|p2a: Rillaboom|133/288\n|move|p2a: Rillaboom|Wood Hammer|p1a: Bellibolt\n|-damage|p1a: Bellibolt|18/100\n|-start|p1a: Bellibolt|Charge|Wood Hammer|[from] ability: Electromorphosis\n|-damage|p2a: Rillaboom|46/288|[from] Recoil\n|\n|-heal|p1a: Bellibolt|24/100|[from] Grassy Terrain\n|-heal|p1a: Bellibolt|30/100|[from] item: Leftovers\n|-heal|p2a: Rillaboom|64/288|[from] Grassy Terrain\n|upkeep\n|turn|20\n|inactive|Time left: 300 sec this turn | 300 sec total\n|\n|t:|1783548555\n|move|p1a: Bellibolt|Thunderbolt|p2a: Rillaboom\n|-resisted|p2a: Rillaboom\n|-damage|p2a: Rillaboom|0 fnt\n|faint|p2a: Rillaboom\n|-end|p1a: Bellibolt|Charge|[silent]\n|\n|-heal|p1a: Bellibolt|37/100|[from] Grassy Terrain\n|-heal|p1a: Bellibolt|43/100|[from] item: Leftovers\n|upkeep\n|inactive|Time left: 300 sec this turn | 300 sec total | 5 sec grace\n|\n|t:|1783548556\n|switch|p2a: Solgaleo|Solgaleo, L74|325/325\n|-activate|p2a: Solgaleo|move: Sticky Web\n|-fail|p2a: Solgaleo|unboost|[from] ability: Full Metal Body|[of] p2a: Solgaleo\n|turn|21\n|inactive|Time left: 300 sec this turn | 300 sec total\n|\n|t:|1783548557\n|move|p2a: Solgaleo|Knock Off|p1a: Bellibolt\n|-damage|p1a: Bellibolt|20/100\n|-start|p1a: Bellibolt|Charge|Knock Off|[from] ability: Electromorphosis\n|-enditem|p1a: Bellibolt|Leftovers|[from] move: Knock Off|[of] p2a: Solgaleo\n|move|p1a: Bellibolt|Slack Off|p1a: Bellibolt\n|-heal|p1a: Bellibolt|70/100\n|\n|-heal|p1a: Bellibolt|76/100|[from] Grassy Terrain\n|upkeep\n|turn|22\n|inactive|Time left: 300 sec this turn | 300 sec total\n|\n|t:|1783548558\n|move|p2a: Solgaleo|Knock Off|p1a: Bellibolt\n|-damage|p1a: Bellibolt|63/100\n|-start|p1a: Bellibolt|Charge|Knock Off|[from] ability: Electromorphosis\n|move|p1a: Bellibolt|Thunderbolt|p2a: Solgaleo\n|-damage|p2a: Solgaleo|84/325\n|-end|p1a: Bellibolt|Charge|[silent]\n|\n|-heal|p2a: Solgaleo|104/325|[from] Grassy Terrain\n|-heal|p2a: Solgaleo|124/325|[from] item: Leftovers\n|-heal|p1a: Bellibolt|69/100|[from] Grassy Terrain\n|-fieldend|move: Grassy Terrain\n|upkeep\n|turn|23\n|inactive|Time left: 300 sec this turn | 300 sec total\n|\n|t:|1783548559\n|move|p2a: Solgaleo|Morning Sun|p2a: Solgaleo\n|-heal|p2a: Solgaleo|286/325\n|move|p1a: Bellibolt|Slack Off|p1a: Bellibolt\n|-heal|p1a: Bellibolt|100/100\n|\n|-heal|p2a: Solgaleo|306/325|[from] item: Leftovers\n|upkeep\n|turn|24\n|inactive|Time left: 300 sec this turn | 300 sec total\n|\n|t:|1783548560\n|move|p2a: Solgaleo|Sunsteel Strike|p1a: Bellibolt\n|-resisted|p1a: Bellibolt\n|-damage|p1a: Bellibolt|84/100\n|-start|p1a: Bellibolt|Charge|Sunsteel Strike|[from] ability: Electromorphosis\n|move|p1a: Bellibolt|Thunderbolt|p2a: Solgaleo\n|-damage|p2a: Solgaleo|83/325\n|-end|p1a: Bellibolt|Charge|[silent]\n|\n|-heal|p2a: Solgaleo|103/325|[from] item: Leftovers\n|upkeep\n|turn|25\n|inactive|Time left: 300 sec this turn | 300 sec total\n|\n|t:|1783548562\n|move|p2a: Solgaleo|Morning Sun|p2a: Solgaleo\n|-heal|p2a: Solgaleo|265/325\n|move|p1a: Bellibolt|Thunderbolt|p2a: Solgaleo\n|-damage|p2a: Solgaleo|151/325\n|\n|-heal|p2a: Solgaleo|171/325|[from] item: Leftovers\n|upkeep\n|turn|26\n|inactive|Time left: 300 sec this turn | 300 sec total\n|\n|t:|1783548563\n|move|p2a: Solgaleo|Morning Sun|p2a: Solgaleo\n|-heal|p2a: Solgaleo|325/325\n|move|p1a: Bellibolt|Thunderbolt|p2a: Solgaleo\n|-damage|p2a: Solgaleo|220/325\n|\n|-heal|p2a: Solgaleo|240/325|[from] item: Leftovers\n|upkeep\n|turn|27\n|inactive|Time left: 300 sec this turn | 300 sec total\n|\n|t:|1783548564\n|move|p2a: Solgaleo|Morning Sun|p2a: Solgaleo\n|-heal|p2a: Solgaleo|325/325\n|move|p1a: Bellibolt|Thunderbolt|p2a: Solgaleo\n|-damage|p2a: Solgaleo|216/325\n|\n|-heal|p2a: Solgaleo|236/325|[from] item: Leftovers\n|upkeep\n|turn|28\n|inactive|Time left: 300 sec this turn | 300 sec total\n|\n|t:|1783548565\n|move|p2a: Solgaleo|Sunsteel Strike|p1a: Bellibolt\n|-resisted|p1a: Bellibolt\n|-damage|p1a: Bellibolt|68/100\n|-start|p1a: Bellibolt|Charge|Sunsteel Strike|[from] ability: Electromorphosis\n|move|p1a: Bellibolt|Thunderbolt|p2a: Solgaleo\n|-crit|p2a: Solgaleo\n|-damage|p2a: Solgaleo|0 fnt\n|faint|p2a: Solgaleo\n|-end|p1a: Bellibolt|Charge|[silent]\n|\n|upkeep\n|inactive|Time left: 300 sec this turn | 300 sec total | 5 sec grace\n|\n|t:|1783548566\n|switch|p2a: Regigigas|Regigigas, L84|322/322\n|-activate|p2a: Regigigas|move: Sticky Web\n|-unboost|p2a: Regigigas|spe|1\n|-start|p2a: Regigigas|ability: Slow Start\n|turn|29\n|inactive|Time left: 300 sec this turn | 300 sec total\n|\n|t:|1783548567\n|move|p1a: Bellibolt|Toxic|p2a: Regigigas|[miss]\n|-miss|p1a: Bellibolt|p2a: Regigigas\n|move|p2a: Regigigas|Body Slam|p1a: Bellibolt\n|-damage|p1a: Bellibolt|47/100\n|-start|p1a: Bellibolt|Charge|Body Slam|[from] ability: Electromorphosis\n|\n|upkeep\n|turn|30\n|inactive|Time left: 300 sec this turn | 300 sec total\n|\n|t:|1783548568\n|move|p1a: Bellibolt|Slack Off|p1a: Bellibolt\n|-heal|p1a: Bellibolt|97/100\n|move|p2a: Regigigas|Body Slam|p1a: Bellibolt\n|-damage|p1a: Bellibolt|76/100\n|-start|p1a: Bellibolt|Charge|Body Slam|[from] ability: Electromorphosis\n|\n|upkeep\n|turn|31\n|inactive|Time left: 300 sec this turn | 300 sec total\n|\n|t:|1783548569\n|move|p1a: Bellibolt|Thunderbolt|p2a: Regigigas\n|-damage|p2a: Regigigas|162/322\n|-end|p1a: Bellibolt|Charge|[silent]\n|move|p2a: Regigigas|Body Slam|p1a: Bellibolt\n|-damage|p1a: Bellibolt|57/100\n|-start|p1a: Bellibolt|Charge|Body Slam|[from] ability: Electromorphosis\n|\n|-heal|p2a: Regigigas|182/322|[from] item: Leftovers\n|upkeep\n|turn|32\n|inactive|Time left: 300 sec this turn | 300 sec total\n|\n|t:|1783548570\n|move|p1a: Bellibolt|Thunderbolt|p2a: Regigigas\n|-damage|p2a: Regigigas|5/322\n|-end|p1a: Bellibolt|Charge|[silent]\n|move|p2a: Regigigas|Body Slam|p1a: Bellibolt\n|-damage|p1a: Bellibolt|38/100\n|-start|p1a: Bellibolt|Charge|Body Slam|[from] ability: Electromorphosis\n|\n|-heal|p2a: Regigigas|25/322|[from] item: Leftovers\n|upkeep\n|turn|33\n|inactive|Time left: 300 sec this turn | 300 sec total\n|\n|t:|1783548571\n|move|p1a: Bellibolt|Thunderbolt|p2a: Regigigas\n|-damage|p2a: Regigigas|0 fnt\n|faint|p2a: Regigigas\n|-end|p2a: Regigigas|Slow Start|[silent]\n|-end|p1a: Bellibolt|Charge|[silent]\n|\n|upkeep\n|inactive|Time left: 300 sec this turn | 300 sec total | 5 sec grace\n|\n|t:|1783548572\n|switch|p2a: Scream Tail|Scream Tail, L84|290/330 tox\n|-activate|p2a: Scream Tail|move: Sticky Web\n|-unboost|p2a: Scream Tail|spe|1\n|turn|34\n|inactive|Time left: 300 sec this turn | 300 sec total\n|\n|t:|1783548573\n|move|p2a: Scream Tail|Dazzling Gleam|p1a: Bellibolt\n|-damage|p1a: Bellibolt|16/100\n|-start|p1a: Bellibolt|Charge|Dazzling Gleam|[from] ability: Electromorphosis\n|move|p1a: Bellibolt|Slack Off|p1a: Bellibolt\n|-heal|p1a: Bellibolt|66/100\n|\n|-heal|p2a: Scream Tail|310/330 tox|[from] item: Leftovers\n|-damage|p2a: Scream Tail|290/330 tox|[from] psn\n|upkeep\n|turn|35\n|inactive|Time left: 300 sec this turn | 300 sec total\n|\n|t:|1783548574\n|move|p2a: Scream Tail|Wish|p2a: Scream Tail\n|move|p1a: Bellibolt|Thunderbolt|p2a: Scream Tail\n|-damage|p2a: Scream Tail|134/330 tox\n|-end|p1a: Bellibolt|Charge|[silent]\n|\n|-heal|p2a: Scream Tail|154/330 tox|[from] item: Leftovers\n|-damage|p2a: Scream Tail|114/330 tox|[from] psn\n|upkeep\n|turn|36\n|inactive|Time left: 300 sec this turn | 300 sec total\n|\n|t:|1783548575\n|move|p2a: Scream Tail|Protect|p2a: Scream Tail\n|-singleturn|p2a: Scream Tail|Protect\n|move|p1a: Bellibolt|Thunderbolt|p2a: Scream Tail\n|-activate|p2a: Scream Tail|move: Protect\n|\n|-heal|p2a: Scream Tail|279/330 tox|[from] move: Wish|[wisher] Scream Tail\n|-heal|p2a: Scream Tail|299/330 tox|[from] item: Leftovers\n|-damage|p2a: Scream Tail|239/330 tox|[from] psn\n|upkeep\n|turn|37\n|inactive|Time left: 300 sec this turn | 300 sec total\n|\n|t:|1783548575\n|move|p2a: Scream Tail|Wish|p2a: Scream Tail\n|move|p1a: Bellibolt|Thunderbolt|p2a: Scream Tail\n|-damage|p2a: Scream Tail|164/330 tox\n|\n|-heal|p2a: Scream Tail|184/330 tox|[from] item: Leftovers\n|-damage|p2a: Scream Tail|104/330 tox|[from] psn\n|upkeep\n|turn|38\n|inactive|Time left: 300 sec this turn | 300 sec total\n|\n|t:|1783548576\n|move|p2a: Scream Tail|Protect|p2a: Scream Tail\n|-singleturn|p2a: Scream Tail|Protect\n|move|p1a: Bellibolt|Thunderbolt|p2a: Scream Tail\n|-activate|p2a: Scream Tail|move: Protect\n|\n|-heal|p2a: Scream Tail|269/330 tox|[from] move: Wish|[wisher] Scream Tail\n|-heal|p2a: Scream Tail|289/330 tox|[from] item: Leftovers\n|-damage|p2a: Scream Tail|189/330 tox|[from] psn\n|upkeep\n|turn|39\n|inactive|Time left: 300 sec this turn | 300 sec total\n|\n|t:|1783548577\n|move|p2a: Scream Tail|Wish|p2a: Scream Tail\n|move|p1a: Bellibolt|Thunderbolt|p2a: Scream Tail\n|-damage|p2a: Scream Tail|104/330 tox\n|\n|-heal|p2a: Scream Tail|124/330 tox|[from] item: Leftovers\n|-damage|p2a: Scream Tail|4/330 tox|[from] psn\n|upkeep\n|turn|40\n|inactive|Time left: 300 sec this turn | 300 sec total\n|\n|t:|1783548578\n|switch|p1a: Oricorio|Oricorio-Sensu, L85, M, tera:Fighting|44/100\n|move|p2a: Scream Tail|Thunder Wave|p1a: Oricorio\n|-status|p1a: Oricorio|par\n|\n|-heal|p2a: Scream Tail|169/330 tox|[from] move: Wish|[wisher] Scream Tail\n|-heal|p2a: Scream Tail|189/330 tox|[from] item: Leftovers\n|-damage|p2a: Scream Tail|49/330 tox|[from] psn\n|upkeep\n|turn|41\n|inactive|Time left: 300 sec this turn | 300 sec total\n|\n|t:|1783548578\n|move|p2a: Scream Tail|Protect|p2a: Scream Tail\n|-singleturn|p2a: Scream Tail|Protect\n|move|p1a: Oricorio|Roost|p1a: Oricorio\n|-heal|p1a: Oricorio|94/100 par\n|\n|-heal|p2a: Scream Tail|69/330 tox|[from] item: Leftovers\n|-damage|p2a: Scream Tail|0 fnt|[from] psn\n|faint|p2a: Scream Tail\n|-end|p2a: Scream Tail|Protosynthesis|[silent]\n|\n|win|p0x7497c20", "uploadtime": 1783548578, "views": 0, "rating": 0, "private": 0, "password": null, "_winner": "p0x7497c20", "_our_name": "p0y7493196"}