{"id": "battle-gen9randombattle-1691", "formatid": "gen9randombattle", "format": "[Gen 9] Random Battle", "players": ["p0x1691381c", "p0y1691677e"], "log": "|init|battle\n|title|p0x1691381c vs. p0y1691677e\n|j|\u2606p0x1691381c\n|j|\u2606p0y1691677e\n|t:|1783559593\n|gametype|singles\n|player|p1|p0x1691381c|1|\n|player|p2|p0y1691677e|265|\n|gen|9\n|tier|[Gen 9] Random Battle\n|rule|Species Clause: Limit one of each Pok\u00e9mon\n|rule|HP Percentage Mod: HP is shown in percentages\n|rule|Sleep Clause Mod: Limit one foe put to sleep\n|rule|Illusion Level Mod: Illusion disguises the Pok\u00e9mon's true level\n|\n|t:|1783559593\n|teamsize|p1|6\n|teamsize|p2|6\n|start\n|switch|p1a: Magmortar|Magmortar, L88, M|275/275\n|switch|p2a: Girafarig|Girafarig, L89, F|100/100\n|turn|1\n|inactive|Battle timer is ON: inactive players will automatically lose when time's up. (requested by p0y1691677e)\n|inactive|Time left: 300 sec this turn | 300 sec total | 60 sec grace\n|inactive|p0x1691381c also wants the timer to be on.\n|\n|t:|1783559594\n|move|p2a: Girafarig|Nasty Plot|p2a: Girafarig\n|-boost|p2a: Girafarig|spa|2\n|move|p1a: Magmortar|Knock Off|p2a: Girafarig\n|-supereffective|p2a: Girafarig\n|-damage|p2a: Girafarig|54/100\n|-enditem|p2a: Girafarig|Eviolite|[from] move: Knock Off|[of] p1a: Magmortar\n|\n|upkeep\n|turn|2\n|inactive|Time left: 300 sec this turn | 300 sec total\n|\n|t:|1783559596\n|move|p2a: Girafarig|Psychic|p1a: Magmortar\n|-damage|p1a: Magmortar|95/275\n|move|p1a: Magmortar|Fire Blast|p2a: Girafarig\n|-damage|p2a: Girafarig|0 fnt\n|faint|p2a: Girafarig\n|\n|upkeep\n|\n|t:|1783559597\n|switch|p2a: Inteleon|Inteleon, L81, M|100/100\n|turn|3\n|inactive|Time left: 300 sec this turn | 300 sec total\n|\n|t:|1783559598\n|switch|p1a: Kingdra|Kingdra, L84, M|263/263\n|move|p2a: Inteleon|Scald|p1a: Kingdra\n|-resisted|p1a: Kingdra\n|-damage|p1a: Kingdra|230/263\n|-status|p1a: Kingdra|brn\n|-enditem|p1a: Kingdra|Lum Berry|[eat]\n|-curestatus|p1a: Kingdra|brn|[msg]\n|\n|upkeep\n|turn|4\n|inactive|Time left: 300 sec this turn | 300 sec total\n|\n|t:|1783559599\n|move|p2a: Inteleon|Scald|p1a: Kingdra\n|-resisted|p1a: Kingdra\n|-damage|p1a: Kingdra|193/263\n|move|p1a: Kingdra|Dragon Dance|p1a: Kingdra\n|-boost|p1a: Kingdra|atk|1\n|-boost|p1a: Kingdra|spe|1\n|\n|upkeep\n|turn|5\n|inactive|Time left: 300 sec this turn | 300 sec total\n|\n|t:|1783559600\n|switch|p2a: Copperajah|Copperajah, L86, F|100/100\n|move|p1a: Kingdra|Outrage|p2a: Copperajah\n|-resisted|p2a: Copperajah\n|-damage|p2a: Copperajah|72/100\n|\n|upkeep\n|turn|6\n|inactive|Time left: 300 sec this turn | 300 sec total\n|\n|t:|1783559602\n|-terastallize|p2a: Copperajah|Fairy\n|move|p1a: Kingdra|Outrage|p2a: Copperajah|[from] lockedmove\n|-immune|p2a: Copperajah\n|move|p2a: Copperajah|Play Rough|p1a: Kingdra\n|-supereffective|p1a: Kingdra\n|-damage|p1a: Kingdra|0 fnt\n|faint|p1a: Kingdra\n|\n|upkeep\n|inactive|Time left: 300 sec this turn | 300 sec total | 5 sec grace\n|\n|t:|1783559603\n|switch|p1a: Metagross|Metagross, L79|256/256\n|turn|7\n|inactive|Time left: 300 sec this turn | 300 sec total\n|\n|t:|1783559604\n|move|p1a: Metagross|Psychic Fangs|p2a: Copperajah\n|-damage|p2a: Copperajah|20/100\n|move|p2a: Copperajah|Play Rough|p1a: Metagross\n|-resisted|p1a: Metagross\n|-damage|p1a: Metagross|170/256\n|\n|upkeep\n|turn|8\n|inactive|Time left: 300 sec this turn | 300 sec total\n|\n|t:|1783559605\n|switch|p2a: Lunala|Lunala, L70|100/100\n|move|p1a: Metagross|Psychic Fangs|p2a: Lunala\n|-resisted|p2a: Lunala\n|-damage|p2a: Lunala|86/100\n|\n|-heal|p2a: Lunala|92/100|[from] item: Leftovers\n|upkeep\n|turn|9\n|inactive|Time left: 300 sec this turn | 300 sec total\n|\n|t:|1783559606\n|switch|p1a: Magmortar|Magmortar, L88, M|95/275\n|move|p2a: Lunala|Moongeist Beam|p1a: Magmortar\n|-damage|p1a: Magmortar|1/275\n|\n|-heal|p2a: Lunala|99/100|[from] item: Leftovers\n|upkeep\n|turn|10\n|inactive|Time left: 300 sec this turn | 300 sec total\n|\n|t:|1783559606\n|switch|p2a: Vigoroth|Vigoroth, L85, F|100/100\n|move|p1a: Magmortar|Knock Off|p2a: Vigoroth\n|-damage|p2a: Vigoroth|82/100\n|-enditem|p2a: Vigoroth|Eviolite|[from] move: Knock Off|[of] p1a: Magmortar\n|\n|upkeep\n|turn|11\n|inactive|Time left: 300 sec this turn | 300 sec total\n|\n|t:|1783559607\n|move|p2a: Vigoroth|Knock Off|p1a: Magmortar\n|-damage|p1a: Magmortar|0 fnt\n|-enditem|p1a: Magmortar|Heavy-Duty Boots|[from] move: Knock Off|[of] p2a: Vigoroth\n|faint|p1a: Magmortar\n|\n|upkeep\n|inactive|Time left: 300 sec this turn | 300 sec total | 5 sec grace\n|\n|t:|1783559608\n|switch|p1a: Stonjourner|Stonjourner, L91, M|330/330\n|turn|12\n|inactive|Time left: 300 sec this turn | 300 sec total\n|\n|t:|1783559609\n|move|p2a: Vigoroth|Bulk Up|p2a: Vigoroth\n|-boost|p2a: Vigoroth|atk|1\n|-boost|p2a: Vigoroth|def|1\n|move|p1a: Stonjourner|Stone Edge|p2a: Vigoroth|[miss]\n|-miss|p1a: Stonjourner|p2a: Vigoroth\n|\n|upkeep\n|turn|13\n|inactive|Time left: 300 sec this turn | 300 sec total\n|\n|t:|1783559609\n|move|p2a: Vigoroth|Bulk Up|p2a: Vigoroth\n|-boost|p2a: Vigoroth|atk|1\n|-boost|p2a: Vigoroth|def|1\n|move|p1a: Stonjourner|Stone Edge|p2a: Vigoroth\n|-damage|p2a: Vigoroth|46/100\n|-damage|p1a: Stonjourner|297/330|[from] item: Life Orb\n|\n|upkeep\n|turn|14\n|inactive|Time left: 300 sec this turn | 300 sec total\n|\n|t:|1783559610\n|move|p2a: Vigoroth|Slack Off|p2a: Vigoroth\n|-heal|p2a: Vigoroth|96/100\n|move|p1a: Stonjourner|Stone Edge|p2a: Vigoroth\n|-crit|p2a: Vigoroth\n|-damage|p2a: Vigoroth|0 fnt\n|faint|p2a: Vigoroth\n|-damage|p1a: Stonjourner|264/330|[from] item: Life Orb\n|\n|upkeep\n|\n|t:|1783559611\n|switch|p2a: Inteleon|Inteleon, L81, M|100/100\n|turn|15\n|inactive|Time left: 300 sec this turn | 300 sec total\n|\n|t:|1783559611\n|switch|p1a: Slither Wing|Slither Wing, L81|270/270\n|-enditem|p1a: Slither Wing|Booster Energy\n|-activate|p1a: Slither Wing|ability: Protosynthesis|[fromitem]\n|-start|p1a: Slither Wing|protosynthesisatk\n|move|p2a: Inteleon|Scald|p1a: Slither Wing\n|-damage|p1a: Slither Wing|137/270\n|\n|upkeep\n|turn|16\n|inactive|Time left: 300 sec this turn | 300 sec total\n|\n|t:|1783559612\n|move|p2a: Inteleon|Scald|p1a: Slither Wing\n|-damage|p1a: Slither Wing|5/270\n|-status|p1a: Slither Wing|brn\n|move|p1a: Slither Wing|Close Combat|p2a: Inteleon\n|-damage|p2a: Inteleon|47/100\n|-unboost|p1a: Slither Wing|def|1\n|-unboost|p1a: Slither Wing|spd|1\n|\n|-damage|p1a: Slither Wing|0 fnt|[from] brn\n|faint|p1a: Slither Wing\n|-end|p1a: Slither Wing|Protosynthesis|[silent]\n|upkeep\n|inactive|Time left: 300 sec this turn | 300 sec total | 5 sec grace\n|\n|t:|1783559613\n|switch|p1a: Braviary|Braviary-Hisui, L85, M|326/326\n|turn|17\n|inactive|Time left: 300 sec this turn | 300 sec total\n|\n|t:|1783559614\n|move|p2a: Inteleon|Scald|p1a: Braviary\n|-damage|p1a: Braviary|157/326\n|move|p1a: Braviary|Esper Wing|p2a: Inteleon\n|-damage|p2a: Inteleon|0 fnt\n|-boost|p1a: Braviary|spe|1\n|faint|p2a: Inteleon\n|\n|upkeep\n|\n|t:|1783559615\n|switch|p2a: Lunala|Lunala, L70|99/100\n|turn|18\n|inactive|Time left: 300 sec this turn | 300 sec total\n|\n|t:|1783559616\n|move|p1a: Braviary|Esper Wing|p2a: Lunala\n|-resisted|p2a: Lunala\n|-damage|p2a: Lunala|65/100\n|-boost|p1a: Braviary|spe|1\n|move|p2a: Lunala|Moonlight|p2a: Lunala\n|-heal|p2a: Lunala|100/100\n|\n|upkeep\n|turn|19\n|inactive|Time left: 300 sec this turn | 300 sec total\n|\n|t:|1783559617\n|move|p1a: Braviary|Roost|p1a: Braviary\n|-heal|p1a: Braviary|320/326\n|-singleturn|p1a: Braviary|move: Roost\n|move|p2a: Lunala|Moongeist Beam|p1a: Braviary\n|-supereffective|p1a: Braviary\n|-damage|p1a: Braviary|84/326\n|\n|upkeep\n|turn|20\n|inactive|Time left: 300 sec this turn | 300 sec total\n|\n|t:|1783559618\n|move|p1a: Braviary|Hurricane|p2a: Lunala\n|-damage|p2a: Lunala|78/100\n|move|p2a: Lunala|Moongeist Beam|p1a: Braviary\n|-supereffective|p1a: Braviary\n|-damage|p1a: Braviary|0 fnt\n|faint|p1a: Braviary\n|\n|-heal|p2a: Lunala|84/100|[from] item: Leftovers\n|upkeep\n|inactive|Time left: 300 sec this turn | 300 sec total | 5 sec grace\n|\n|t:|1783559619\n|switch|p1a: Stonjourner|Stonjourner, L91, M|264/330\n|turn|21\n|inactive|Time left: 300 sec this turn | 300 sec total\n|\n|t:|1783559620\n|move|p1a: Stonjourner|Stone Edge|p2a: Lunala\n|-damage|p2a: Lunala|4/100\n|-damage|p1a: Stonjourner|231/330|[from] item: Life Orb\n|move|p2a: Lunala|Moongeist Beam|p1a: Stonjourner\n|-damage|p1a: Stonjourner|0 fnt\n|faint|p1a: Stonjourner\n|\n|-heal|p2a: Lunala|10/100|[from] item: Leftovers\n|upkeep\n|inactive|Time left: 300 sec this turn | 300 sec total | 5 sec grace\n|\n|t:|1783559621\n|switch|p1a: Metagross|Metagross, L79|170/256\n|turn|22\n|inactive|Time left: 300 sec this turn | 300 sec total\n|\n|t:|1783559622\n|-terastallize|p1a: Metagross|Water\n|move|p2a: Lunala|Moongeist Beam|p1a: Metagross\n|-damage|p1a: Metagross|62/256\n|move|p1a: Metagross|Heavy Slam|p2a: Lunala\n|-damage|p2a: Lunala|0 fnt\n|faint|p2a: Lunala\n|\n|upkeep\n|\n|t:|1783559623\n|switch|p2a: Empoleon|Empoleon, L84, M|100/100\n|turn|23\n|inactive|Time left: 300 sec this turn | 300 sec total\n|\n|t:|1783559624\n|switch|p2a: Copperajah|Copperajah, L86, F, tera:Fairy|20/100\n|move|p1a: Metagross|Heavy Slam|p2a: Copperajah\n|-supereffective|p2a: Copperajah\n|-damage|p2a: Copperajah|0 fnt\n|faint|p2a: Copperajah\n|\n|upkeep\n|\n|t:|1783559625\n|switch|p2a: Empoleon|Empoleon, L84, M|100/100\n|turn|24\n|inactive|Time left: 300 sec this turn | 300 sec total\n|\n|t:|1783559625\n|move|p1a: Metagross|Heavy Slam|p2a: Empoleon\n|-resisted|p2a: Empoleon\n|-damage|p2a: Empoleon|82/100\n|move|p2a: Empoleon|Knock Off|p1a: Metagross\n|-damage|p1a: Metagross|12/256\n|-enditem|p1a: Metagross|Choice Band|[from] move: Knock Off|[of] p2a: Empoleon\n|\n|-heal|p2a: Empoleon|88/100|[from] item: Leftovers\n|upkeep\n|turn|25\n|inactive|Time left: 300 sec this turn | 300 sec total\n|\n|t:|1783559626\n|move|p1a: Metagross|Psychic Fangs|p2a: Empoleon\n|-resisted|p2a: Empoleon\n|-damage|p2a: Empoleon|70/100\n|move|p2a: Empoleon|Surf|p1a: Metagross\n|-resisted|p1a: Metagross\n|-damage|p1a: Metagross|0 fnt\n|faint|p1a: Metagross\n|\n|win|p0y1691677e", "uploadtime": 1783559626, "views": 0, "rating": 0, "private": 0, "password": null, "_winner": "p0y1691677e", "_our_name": "p0x1691381c"}