{"id": "battle-gen9randombattle-76", "formatid": "gen9randombattle", "format": "[Gen 9] Random Battle", "players": ["p0x076108a", "p0y076983e"], "log": "|init|battle\n|title|p0x076108a vs. p0y076983e\n|j|\u2606p0x076108a\n|j|\u2606p0y076983e\n|t:|1783534650\n|gametype|singles\n|player|p1|p0x076108a|1|\n|player|p2|p0y076983e|102|\n|gen|9\n|tier|[Gen 9] Random Battle\n|rule|Species Clause: Limit one of each Pok\u00e9mon\n|rule|HP Percentage Mod: HP is shown in percentages\n|rule|Sleep Clause Mod: Limit one foe put to sleep\n|rule|Illusion Level Mod: Illusion disguises the Pok\u00e9mon's true level\n|\n|t:|1783534650\n|teamsize|p1|6\n|teamsize|p2|6\n|start\n|switch|p1a: Exeggutor|Exeggutor, L89, M|312/312\n|switch|p2a: Salamence|Salamence, L77, F|100/100\n|turn|1\n|inactive|Battle timer is ON: inactive players will automatically lose when time's up. (requested by p0x076108a)\n|inactive|p0y076983e also wants the timer to be on.\n|\n|t:|1783534652\n|move|p2a: Salamence|Dragon Dance|p2a: Salamence\n|-boost|p2a: Salamence|atk|1\n|-boost|p2a: Salamence|spe|1\n|move|p1a: Exeggutor|Psychic|p2a: Salamence\n|-crit|p2a: Salamence\n|-damage|p2a: Salamence|19/100\n|\n|upkeep\n|turn|2\n|inactive|Time left: 300 sec this turn | 300 sec total\n|\n|t:|1783534653\n|move|p2a: Salamence|Dual Wingbeat|p1a: Exeggutor\n|-supereffective|p1a: Exeggutor\n|-damage|p1a: Exeggutor|172/312\n|-supereffective|p1a: Exeggutor\n|-damage|p1a: Exeggutor|46/312\n|-enditem|p1a: Exeggutor|Sitrus Berry|[eat]\n|-heal|p1a: Exeggutor|124/312|[from] item: Sitrus Berry\n|-hitcount|p1a: Exeggutor|2\n|move|p1a: Exeggutor|Psychic|p2a: Salamence\n|-damage|p2a: Salamence|0 fnt\n|faint|p2a: Salamence\n|\n|-item|p1a: Exeggutor|Sitrus Berry|[from] ability: Harvest\n|upkeep\n|-enditem|p1a: Exeggutor|Sitrus Berry|[eat]\n|-heal|p1a: Exeggutor|202/312|[from] item: Sitrus Berry\n|\n|t:|1783534654\n|switch|p2a: Roaring Moon|Roaring Moon, L72|100/100\n|turn|3\n|inactive|Time left: 300 sec this turn | 300 sec total\n|\n|t:|1783534655\n|move|p2a: Roaring Moon|Dragon Dance|p2a: Roaring Moon\n|-boost|p2a: Roaring Moon|atk|1\n|-boost|p2a: Roaring Moon|spe|1\n|move|p1a: Exeggutor|Leech Seed|p2a: Roaring Moon\n|-start|p2a: Roaring Moon|move: Leech Seed\n|\n|-damage|p2a: Roaring Moon|88/100|[from] Leech Seed|[of] p1a: Exeggutor\n|-heal|p1a: Exeggutor|235/312|[silent]\n|-item|p1a: Exeggutor|Sitrus Berry|[from] ability: Harvest\n|upkeep\n|turn|4\n|inactive|Time left: 300 sec this turn | 300 sec total\n|\n|t:|1783534656\n|switch|p1a: Weezing|Weezing, L88, M|258/258\n|move|p2a: Roaring Moon|Knock Off|p1a: Weezing\n|-crit|p1a: Weezing\n|-damage|p1a: Weezing|74/258\n|-enditem|p1a: Weezing|Leftovers|[from] move: Knock Off|[of] p2a: Roaring Moon\n|\n|-damage|p2a: Roaring Moon|76/100|[from] Leech Seed|[of] p1a: Weezing\n|-heal|p1a: Weezing|107/258|[silent]\n|upkeep\n|turn|5\n|inactive|Time left: 300 sec this turn | 300 sec total\n|\n|t:|1783534657\n|-terastallize|p1a: Weezing|Steel\n|move|p2a: Roaring Moon|Outrage|p1a: Weezing\n|-resisted|p1a: Weezing\n|-damage|p1a: Weezing|43/258\n|move|p1a: Weezing|Pain Split|p2a: Roaring Moon\n|-sethp|p2a: Roaring Moon|46/100|[from] move: Pain Split|[silent]\n|-sethp|p1a: Weezing|123/258|[from] move: Pain Split\n|\n|-damage|p2a: Roaring Moon|34/100|[from] Leech Seed|[of] p1a: Weezing\n|-heal|p1a: Weezing|156/258|[silent]\n|upkeep\n|turn|6\n|inactive|Time left: 300 sec this turn | 300 sec total\n|\n|t:|1783534658\n|move|p2a: Roaring Moon|Outrage|p1a: Weezing|[from] lockedmove\n|-resisted|p1a: Weezing\n|-damage|p1a: Weezing|85/258\n|-start|p2a: Roaring Moon|confusion|[fatigue]\n|-enditem|p2a: Roaring Moon|Lum Berry|[eat]\n|-end|p2a: Roaring Moon|confusion\n|move|p1a: Weezing|Gunk Shot|p2a: Roaring Moon\n|-damage|p2a: Roaring Moon|0 fnt\n|faint|p2a: Roaring Moon\n|-end|p2a: Roaring Moon|Protosynthesis|[silent]\n|\n|upkeep\n|\n|t:|1783534658\n|switch|p2a: Electrode|Electrode-Hisui, L87|100/100\n|turn|7\n|inactive|Time left: 300 sec this turn | 300 sec total\n|\n|t:|1783534659\n|switch|p1a: Exeggutor|Exeggutor, L89, M|235/312\n|move|p2a: Electrode|Volt Switch|p1a: Exeggutor\n|-resisted|p1a: Exeggutor\n|-damage|p1a: Exeggutor|186/312\n|-damage|p2a: Electrode|91/100|[from] item: Life Orb\n|\n|t:|1783534660\n|switch|p2a: Banette|Banette, L93, M|100/100|[from] Volt Switch\n|\n|upkeep\n|turn|8\n|inactive|Time left: 300 sec this turn | 300 sec total\n|\n|t:|1783534661\n|switch|p1a: Weezing|Weezing, L88, M, tera:Steel|85/258\n|move|p2a: Banette|Swords Dance|p2a: Banette\n|-boost|p2a: Banette|atk|2\n|\n|upkeep\n|turn|9\n|inactive|Time left: 300 sec this turn | 300 sec total\n|\n|t:|1783534662\n|move|p2a: Banette|Shadow Sneak|p1a: Weezing\n|-damage|p1a: Weezing|0 fnt\n|faint|p1a: Weezing\n|-damage|p2a: Banette|90/100|[from] item: Life Orb\n|\n|upkeep\n|inactive|Time left: 300 sec this turn | 300 sec total | 5 sec grace\n|\n|t:|1783534663\n|switch|p1a: Palkia|Palkia-Origin, L72|249/249\n|-ability|p1a: Palkia|Pressure\n|turn|10\n|inactive|Time left: 300 sec this turn | 300 sec total\n|\n|t:|1783534665\n|move|p1a: Palkia|Draco Meteor|p2a: Banette\n|-damage|p2a: Banette|19/100\n|-unboost|p1a: Palkia|spa|2\n|-start|p1a: Palkia|Disable|Draco Meteor|[from] ability: Cursed Body|[of] p2a: Banette\n|move|p2a: Banette|Poltergeist|p1a: Palkia\n|-activate|p1a: Palkia|move: Poltergeist|Lustrous Globe\n|-damage|p1a: Palkia|0 fnt\n|faint|p1a: Palkia\n|-damage|p2a: Banette|9/100|[from] item: Life Orb\n|\n|upkeep\n|inactive|Time left: 300 sec this turn | 300 sec total | 5 sec grace\n|\n|t:|1783534666\n|switch|p1a: Toxtricity|Toxtricity, L82, M|257/257\n|turn|11\n|inactive|Time left: 300 sec this turn | 300 sec total\n|\n|t:|1783534667\n|move|p1a: Toxtricity|Volt Switch|p2a: Banette\n|-damage|p2a: Banette|0 fnt\n|faint|p2a: Banette\n|inactive|Time left: 300 sec this turn | 300 sec total | 5 sec grace\n|\n|t:|1783534667\n|switch|p1a: Exeggutor|Exeggutor, L89, M|186/312|[from] Volt Switch\n|\n|upkeep\n|\n|t:|1783534668\n|switch|p2a: Muk|Muk, L86, M|100/100\n|turn|12\n|inactive|Time left: 300 sec this turn | 300 sec total\n|\n|t:|1783534669\n|move|p1a: Exeggutor|Sleep Powder|p2a: Muk|[miss]\n|-miss|p1a: Exeggutor|p2a: Muk\n|move|p2a: Muk|Knock Off|p1a: Exeggutor\n|-supereffective|p1a: Exeggutor\n|-damage|p1a: Exeggutor|36/312\n|-enditem|p1a: Exeggutor|Sitrus Berry|[from] move: Knock Off|[of] p2a: Muk\n|\n|upkeep\n|turn|13\n|inactive|Time left: 300 sec this turn | 300 sec total\n|\n|t:|1783534670\n|move|p2a: Muk|Shadow Sneak|p1a: Exeggutor\n|-supereffective|p1a: Exeggutor\n|-damage|p1a: Exeggutor|0 fnt\n|faint|p1a: Exeggutor\n|\n|upkeep\n|inactive|Time left: 300 sec this turn | 300 sec total | 5 sec grace\n|\n|t:|1783534671\n|switch|p1a: Vaporeon|Vaporeon, L86, F|364/364\n|turn|14\n|inactive|Time left: 300 sec this turn | 300 sec total\n|\n|t:|1783534672\n|move|p1a: Vaporeon|Scald|p2a: Muk\n|-damage|p2a: Muk|82/100\n|move|p2a: Muk|Knock Off|p1a: Vaporeon\n|-damage|p1a: Vaporeon|267/364\n|-enditem|p1a: Vaporeon|Leftovers|[from] move: Knock Off|[of] p2a: Muk\n|\n|upkeep\n|turn|15\n|inactive|Time left: 300 sec this turn | 300 sec total\n|\n|t:|1783534673\n|move|p1a: Vaporeon|Scald|p2a: Muk\n|-damage|p2a: Muk|64/100\n|-status|p2a: Muk|brn\n|move|p2a: Muk|Gunk Shot|p1a: Vaporeon\n|-damage|p1a: Vaporeon|171/364\n|\n|-damage|p2a: Muk|58/100 brn|[from] brn\n|upkeep\n|turn|16\n|inactive|Time left: 300 sec this turn | 300 sec total\n|\n|t:|1783534674\n|move|p1a: Vaporeon|Wish|p1a: Vaporeon\n|move|p2a: Muk|Gunk Shot|p1a: Vaporeon\n|-damage|p1a: Vaporeon|86/364\n|-status|p1a: Vaporeon|psn\n|\n|-damage|p1a: Vaporeon|41/364 psn|[from] psn\n|-damage|p2a: Muk|52/100 brn|[from] brn\n|upkeep\n|turn|17\n|inactive|Time left: 300 sec this turn | 300 sec total\n|\n|t:|1783534675\n|move|p1a: Vaporeon|Protect|p1a: Vaporeon\n|-singleturn|p1a: Vaporeon|Protect\n|move|p2a: Muk|Gunk Shot|p1a: Vaporeon\n|-activate|p1a: Vaporeon|move: Protect\n|\n|-heal|p1a: Vaporeon|223/364 psn|[from] move: Wish|[wisher] Vaporeon\n|-damage|p1a: Vaporeon|178/364 psn|[from] psn\n|-damage|p2a: Muk|46/100 brn|[from] brn\n|upkeep\n|turn|18\n|inactive|Time left: 300 sec this turn | 300 sec total\n|\n|t:|1783534676\n|move|p1a: Vaporeon|Wish|p1a: Vaporeon\n|move|p2a: Muk|Gunk Shot|p1a: Vaporeon\n|-damage|p1a: Vaporeon|88/364 psn\n|\n|-damage|p1a: Vaporeon|43/364 psn|[from] psn\n|-damage|p2a: Muk|39/100 brn|[from] brn\n|upkeep\n|turn|19\n|inactive|Time left: 300 sec this turn | 300 sec total\n|\n|t:|1783534677\n|move|p1a: Vaporeon|Ice Beam|p2a: Muk\n|-damage|p2a: Muk|24/100 brn\n|move|p2a: Muk|Gunk Shot|p1a: Vaporeon\n|-damage|p1a: Vaporeon|0 fnt\n|faint|p1a: Vaporeon\n|\n|-damage|p2a: Muk|18/100 brn|[from] brn\n|upkeep\n|inactive|Time left: 300 sec this turn | 300 sec total | 5 sec grace\n|\n|t:|1783534679\n|switch|p1a: Bellossom|Bellossom, L84, F|263/263\n|turn|20\n|inactive|Time left: 300 sec this turn | 300 sec total\n|\n|t:|1783534680\n|move|p2a: Muk|Knock Off|p1a: Bellossom\n|-damage|p1a: Bellossom|226/263\n|-enditem|p1a: Bellossom|Leftovers|[from] move: Knock Off|[of] p2a: Muk\n|move|p1a: Bellossom|Quiver Dance|p1a: Bellossom\n|-boost|p1a: Bellossom|spa|1\n|-boost|p1a: Bellossom|spd|1\n|-boost|p1a: Bellossom|spe|1\n|\n|-damage|p2a: Muk|12/100 brn|[from] brn\n|upkeep\n|turn|21\n|inactive|Time left: 300 sec this turn | 300 sec total\n|\n|t:|1783534681\n|move|p1a: Bellossom|Quiver Dance|p1a: Bellossom\n|-boost|p1a: Bellossom|spa|1\n|-boost|p1a: Bellossom|spd|1\n|-boost|p1a: Bellossom|spe|1\n|move|p2a: Muk|Gunk Shot|p1a: Bellossom\n|-supereffective|p1a: Bellossom\n|-damage|p1a: Bellossom|97/263\n|\n|-damage|p2a: Muk|6/100 brn|[from] brn\n|upkeep\n|turn|22\n|inactive|Time left: 300 sec this turn | 300 sec total\n|\n|t:|1783534682\n|switch|p2a: Annihilape|Annihilape, L76, F|100/100\n|move|p1a: Bellossom|Strength Sap|p2a: Annihilape\n|-unboost|p2a: Annihilape|atk|1\n|-ability|p2a: Annihilape|Defiant|boost\n|-boost|p2a: Annihilape|atk|2\n|-heal|p1a: Bellossom|263/263\n|\n|upkeep\n|turn|23\n|inactive|Time left: 300 sec this turn | 300 sec total\n|\n|t:|1783534683\n|move|p1a: Bellossom|Giga Drain|p2a: Annihilape\n|-damage|p2a: Annihilape|47/100\n|move|p2a: Annihilape|Drain Punch|p1a: Bellossom\n|-damage|p1a: Bellossom|154/263\n|-heal|p2a: Annihilape|66/100|[from] drain|[of] p1a: Bellossom\n|\n|upkeep\n|turn|24\n|inactive|Time left: 300 sec this turn | 300 sec total\n|\n|t:|1783534684\n|move|p1a: Bellossom|Giga Drain|p2a: Annihilape\n|-damage|p2a: Annihilape|9/100\n|-heal|p1a: Bellossom|237/263|[from] drain|[of] p2a: Annihilape\n|move|p2a: Annihilape|Rest|p2a: Annihilape\n|-status|p2a: Annihilape|slp|[from] move: Rest\n|-heal|p2a: Annihilape|100/100 slp|[silent]\n|-enditem|p2a: Annihilape|Chesto Berry|[eat]\n|-curestatus|p2a: Annihilape|slp|[msg]\n|\n|upkeep\n|turn|25\n|inactive|Time left: 300 sec this turn | 300 sec total\n|\n|t:|1783534686\n|move|p1a: Bellossom|Giga Drain|p2a: Annihilape\n|-damage|p2a: Annihilape|49/100\n|-heal|p1a: Bellossom|263/263|[from] drain|[of] p2a: Annihilape\n|move|p2a: Annihilape|Drain Punch|p1a: Bellossom\n|-damage|p1a: Bellossom|155/263\n|-heal|p2a: Annihilape|68/100|[from] drain|[of] p1a: Bellossom\n|\n|upkeep\n|turn|26\n|inactive|Time left: 300 sec this turn | 300 sec total\n|\n|t:|1783534687\n|move|p1a: Bellossom|Giga Drain|p2a: Annihilape\n|-damage|p2a: Annihilape|16/100\n|-heal|p1a: Bellossom|230/263|[from] drain|[of] p2a: Annihilape\n|move|p2a: Annihilape|Drain Punch|p1a: Bellossom\n|-damage|p1a: Bellossom|121/263\n|-heal|p2a: Annihilape|35/100|[from] drain|[of] p1a: Bellossom\n|\n|upkeep\n|turn|27\n|inactive|Time left: 300 sec this turn | 300 sec total\n|\n|t:|1783534688\n|move|p1a: Bellossom|Giga Drain|p2a: Annihilape\n|-damage|p2a: Annihilape|0 fnt\n|-heal|p1a: Bellossom|172/263|[from] drain|[of] p2a: Annihilape\n|faint|p2a: Annihilape\n|\n|upkeep\n|\n|t:|1783534689\n|switch|p2a: Electrode|Electrode-Hisui, L87|91/100\n|turn|28\n|inactive|Time left: 300 sec this turn | 300 sec total\n|\n|t:|1783534690\n|move|p2a: Electrode|Thunder Wave|p1a: Bellossom\n|-status|p1a: Bellossom|par\n|cant|p1a: Bellossom|par\n|\n|upkeep\n|turn|29\n|inactive|Time left: 300 sec this turn | 300 sec total\n|\n|t:|1783534691\n|move|p2a: Electrode|Giga Drain|p1a: Bellossom\n|-resisted|p1a: Bellossom\n|-damage|p1a: Bellossom|149/263 par\n|-heal|p2a: Electrode|96/100|[from] drain|[of] p1a: Bellossom\n|-damage|p2a: Electrode|86/100|[from] item: Life Orb\n|move|p1a: Bellossom|Quiver Dance|p1a: Bellossom\n|-boost|p1a: Bellossom|spa|1\n|-boost|p1a: Bellossom|spd|1\n|-boost|p1a: Bellossom|spe|1\n|\n|upkeep\n|turn|30\n|inactive|Time left: 300 sec this turn | 300 sec total\n|\n|t:|1783534692\n|switch|p2a: Muk|Muk, L86, M|6/100 brn\n|move|p1a: Bellossom|Giga Drain|p2a: Muk\n|-resisted|p2a: Muk\n|-damage|p2a: Muk|0 fnt\n|-heal|p1a: Bellossom|158/263 par|[from] drain|[of] p2a: Muk\n|faint|p2a: Muk\n|\n|upkeep\n|\n|t:|1783534692\n|switch|p2a: Electrode|Electrode-Hisui, L87|86/100\n|turn|31\n|inactive|Time left: 300 sec this turn | 300 sec total\n|\n|t:|1783534693\n|move|p2a: Electrode|Giga Drain|p1a: Bellossom\n|-resisted|p1a: Bellossom\n|-crit|p1a: Bellossom\n|-damage|p1a: Bellossom|90/263 par\n|-heal|p2a: Electrode|99/100|[from] drain|[of] p1a: Bellossom\n|-damage|p2a: Electrode|90/100|[from] item: Life Orb\n|move|p1a: Bellossom|Giga Drain|p2a: Electrode\n|-resisted|p2a: Electrode\n|-damage|p2a: Electrode|51/100\n|-heal|p1a: Bellossom|138/263 par|[from] drain|[of] p2a: Electrode\n|\n|upkeep\n|turn|32\n|inactive|Time left: 300 sec this turn | 300 sec total\n|\n|t:|1783534694\n|move|p2a: Electrode|Thunder Wave|p1a: Bellossom\n|-fail|p1a: Bellossom|par\n|move|p1a: Bellossom|Tera Blast|p2a: Electrode\n|-damage|p2a: Electrode|0 fnt\n|faint|p2a: Electrode\n|\n|win|p0x076108a", "uploadtime": 1783534694, "views": 0, "rating": 0, "private": 0, "password": null, "_winner": "p0x076108a", "_our_name": "p0x076108a"}