{"id": "battle-gen9randombattle-450", "formatid": "gen9randombattle", "format": "[Gen 9] Random Battle", "players": ["p0x4507305", "p0y450724a"], "log": "|init|battle\n|title|p0x4507305 vs. p0y450724a\n|j|\u2606p0x4507305\n|j|\u2606p0y450724a\n|t:|1783544260\n|gametype|singles\n|player|p1|p0x4507305|170|\n|player|p2|p0y450724a|169|\n|gen|9\n|tier|[Gen 9] Random Battle\n|rule|Species Clause: Limit one of each Pok\u00e9mon\n|rule|HP Percentage Mod: HP is shown in percentages\n|rule|Sleep Clause Mod: Limit one foe put to sleep\n|rule|Illusion Level Mod: Illusion disguises the Pok\u00e9mon's true level\n|\n|t:|1783544260\n|teamsize|p1|6\n|teamsize|p2|6\n|start\n|switch|p1a: Scream Tail|Scream Tail, L84|330/330\n|switch|p2a: Glalie|Glalie, L96, F|100/100\n|turn|1\n|inactive|Battle timer is ON: inactive players will automatically lose when time's up. (requested by p0y450724a)\n|inactive|Time left: 300 sec this turn | 300 sec total | 60 sec grace\n|inactive|p0x4507305 also wants the timer to be on.\n|\n|t:|1783544261\n|-end|p1a: Scream Tail|Protosynthesis|[silent]\n|switch|p1a: Lurantis|Lurantis, L87, M|264/264\n|move|p2a: Glalie|Spikes|p1a: Lurantis\n|-sidestart|p1: p0x4507305|Spikes\n|\n|upkeep\n|turn|2\n|inactive|Time left: 300 sec this turn | 300 sec total\n|\n|t:|1783544263\n|move|p2a: Glalie|Freeze-Dry|p1a: Lurantis\n|-supereffective|p1a: Lurantis\n|-damage|p1a: Lurantis|94/264\n|move|p1a: Lurantis|Superpower|p2a: Glalie\n|-supereffective|p2a: Glalie\n|-damage|p2a: Glalie|42/100\n|-boost|p1a: Lurantis|atk|1\n|-boost|p1a: Lurantis|def|1\n|\n|-heal|p1a: Lurantis|110/264|[from] item: Leftovers\n|upkeep\n|turn|3\n|inactive|Time left: 300 sec this turn | 300 sec total\n|\n|t:|1783544264\n|-terastallize|p1a: Lurantis|Fighting\n|move|p2a: Glalie|Freeze-Dry|p1a: Lurantis\n|-damage|p1a: Lurantis|35/264\n|-status|p1a: Lurantis|frz\n|cant|p1a: Lurantis|frz\n|\n|-heal|p1a: Lurantis|51/264 frz|[from] item: Leftovers\n|upkeep\n|turn|4\n|inactive|Time left: 300 sec this turn | 300 sec total\n|\n|t:|1783544265\n|move|p2a: Glalie|Freeze-Dry|p1a: Lurantis\n|-damage|p1a: Lurantis|0 fnt\n|faint|p1a: Lurantis\n|\n|upkeep\n|inactive|Time left: 300 sec this turn | 300 sec total | 5 sec grace\n|\n|t:|1783544266\n|switch|p1a: Mismagius|Mismagius, L86, F|243/243\n|turn|5\n|inactive|Time left: 300 sec this turn | 300 sec total\n|\n|t:|1783544267\n|switch|p2a: Chansey|Chansey, L85, F|100/100\n|move|p1a: Mismagius|Nasty Plot|p1a: Mismagius\n|-boost|p1a: Mismagius|spa|2\n|\n|upkeep\n|turn|6\n|inactive|Time left: 300 sec this turn | 300 sec total\n|\n|t:|1783544269\n|move|p1a: Mismagius|Nasty Plot|p1a: Mismagius\n|-boost|p1a: Mismagius|spa|2\n|move|p2a: Chansey|Stealth Rock|p1a: Mismagius\n|-sidestart|p1: p0x4507305|move: Stealth Rock\n|\n|upkeep\n|turn|7\n|inactive|Time left: 300 sec this turn | 300 sec total\n|\n|t:|1783544270\n|move|p1a: Mismagius|Substitute|p1a: Mismagius\n|-start|p1a: Mismagius|Substitute\n|-damage|p1a: Mismagius|183/243\n|move|p2a: Chansey|Thunder Wave||[still]\n|-fail|p2a: Chansey\n|\n|-heal|p1a: Mismagius|198/243|[from] item: Leftovers\n|upkeep\n|turn|8\n|inactive|Time left: 300 sec this turn | 300 sec total\n|\n|t:|1783544271\n|move|p1a: Mismagius|Shadow Ball|p2a: Chansey\n|-immune|p2a: Chansey\n|move|p2a: Chansey|Soft-Boiled||[still]\n|-fail|p2a: Chansey|heal\n|\n|-heal|p1a: Mismagius|213/243|[from] item: Leftovers\n|upkeep\n|turn|9\n|inactive|Time left: 300 sec this turn | 300 sec total\n|\n|t:|1783544272\n|move|p1a: Mismagius|Shadow Ball|p2a: Chansey\n|-immune|p2a: Chansey\n|move|p2a: Chansey|Soft-Boiled||[still]\n|-fail|p2a: Chansey|heal\n|\n|-heal|p1a: Mismagius|228/243|[from] item: Leftovers\n|upkeep\n|turn|10\n|inactive|Time left: 300 sec this turn | 300 sec total\n|\n|t:|1783544273\n|move|p1a: Mismagius|Shadow Ball|p2a: Chansey\n|-immune|p2a: Chansey\n|move|p2a: Chansey|Thunder Wave||[still]\n|-fail|p2a: Chansey\n|\n|-heal|p1a: Mismagius|243/243|[from] item: Leftovers\n|upkeep\n|turn|11\n|inactive|Time left: 300 sec this turn | 300 sec total\n|\n|t:|1783544274\n|move|p1a: Mismagius|Shadow Ball|p2a: Chansey\n|-immune|p2a: Chansey\n|move|p2a: Chansey|Soft-Boiled||[still]\n|-fail|p2a: Chansey|heal\n|\n|upkeep\n|turn|12\n|inactive|Time left: 300 sec this turn | 300 sec total\n|\n|t:|1783544275\n|move|p1a: Mismagius|Shadow Ball|p2a: Chansey\n|-immune|p2a: Chansey\n|move|p2a: Chansey|Soft-Boiled||[still]\n|-fail|p2a: Chansey|heal\n|\n|upkeep\n|turn|13\n|inactive|Time left: 300 sec this turn | 300 sec total\n|\n|t:|1783544276\n|move|p1a: Mismagius|Tera Blast|p2a: Chansey\n|-damage|p2a: Chansey|81/100\n|move|p2a: Chansey|Soft-Boiled|p2a: Chansey\n|-heal|p2a: Chansey|100/100\n|\n|upkeep\n|turn|14\n|inactive|Time left: 300 sec this turn | 300 sec total\n|\n|t:|1783544277\n|move|p1a: Mismagius|Tera Blast|p2a: Chansey\n|-damage|p2a: Chansey|80/100\n|move|p2a: Chansey|Soft-Boiled|p2a: Chansey\n|-heal|p2a: Chansey|100/100\n|\n|upkeep\n|turn|15\n|inactive|Time left: 300 sec this turn | 300 sec total\n|\n|t:|1783544278\n|move|p1a: Mismagius|Tera Blast|p2a: Chansey\n|-damage|p2a: Chansey|80/100\n|move|p2a: Chansey|Soft-Boiled|p2a: Chansey\n|-heal|p2a: Chansey|100/100\n|\n|upkeep\n|turn|16\n|inactive|Time left: 300 sec this turn | 300 sec total\n|\n|t:|1783544280\n|move|p1a: Mismagius|Shadow Ball|p2a: Chansey\n|-immune|p2a: Chansey\n|move|p2a: Chansey|Soft-Boiled||[still]\n|-fail|p2a: Chansey|heal\n|\n|upkeep\n|turn|17\n|inactive|Time left: 300 sec this turn | 300 sec total\n|\n|t:|1783544280\n|move|p1a: Mismagius|Tera Blast|p2a: Chansey\n|-damage|p2a: Chansey|80/100\n|move|p2a: Chansey|Seismic Toss|p1a: Mismagius\n|-immune|p1a: Mismagius\n|\n|upkeep\n|turn|18\n|inactive|Time left: 300 sec this turn | 300 sec total\n|\n|t:|1783544281\n|move|p1a: Mismagius|Tera Blast|p2a: Chansey\n|-damage|p2a: Chansey|61/100\n|move|p2a: Chansey|Stealth Rock||[still]\n|-fail|p2a: Chansey\n|\n|upkeep\n|turn|19\n|inactive|Time left: 300 sec this turn | 300 sec total\n|\n|t:|1783544283\n|move|p1a: Mismagius|Tera Blast|p2a: Chansey\n|-damage|p2a: Chansey|41/100\n|move|p2a: Chansey|Stealth Rock||[still]\n|-fail|p2a: Chansey\n|\n|upkeep\n|turn|20\n|inactive|Time left: 300 sec this turn | 300 sec total\n|\n|t:|1783544284\n|move|p1a: Mismagius|Tera Blast|p2a: Chansey\n|-damage|p2a: Chansey|22/100\n|move|p2a: Chansey|Thunder Wave||[still]\n|-fail|p2a: Chansey\n|\n|upkeep\n|turn|21\n|inactive|Time left: 300 sec this turn | 300 sec total\n|\n|t:|1783544285\n|move|p1a: Mismagius|Tera Blast|p2a: Chansey\n|-damage|p2a: Chansey|2/100\n|move|p2a: Chansey|Thunder Wave||[still]\n|-fail|p2a: Chansey\n|\n|upkeep\n|turn|22\n|inactive|Time left: 300 sec this turn | 300 sec total\n|\n|t:|1783544285\n|move|p1a: Mismagius|Tera Blast|p2a: Chansey\n|-damage|p2a: Chansey|0 fnt\n|faint|p2a: Chansey\n|\n|upkeep\n|\n|t:|1783544286\n|switch|p2a: Glalie|Glalie, L96, F|42/100\n|turn|23\n|inactive|Time left: 300 sec this turn | 300 sec total\n|\n|t:|1783544287\n|move|p1a: Mismagius|Shadow Ball|p2a: Glalie\n|-damage|p2a: Glalie|0 fnt\n|faint|p2a: Glalie\n|\n|upkeep\n|\n|t:|1783544288\n|switch|p2a: Gallade|Gallade, L80, M|100/100\n|turn|24\n|inactive|Time left: 300 sec this turn | 300 sec total\n|\n|t:|1783544290\n|-terastallize|p2a: Gallade|Fighting\n|move|p2a: Gallade|Night Slash|p1a: Mismagius\n|-supereffective|p1a: Mismagius\n|-end|p1a: Mismagius|Substitute\n|move|p1a: Mismagius|Shadow Ball|p2a: Gallade\n|-damage|p2a: Gallade|4/100\n|\n|upkeep\n|turn|25\n|inactive|Time left: 300 sec this turn | 300 sec total\n|\n|t:|1783544291\n|move|p2a: Gallade|Night Slash|p1a: Mismagius\n|-supereffective|p1a: Mismagius\n|-damage|p1a: Mismagius|41/243\n|move|p1a: Mismagius|Shadow Ball|p2a: Gallade\n|-damage|p2a: Gallade|0 fnt\n|faint|p2a: Gallade\n|\n|-heal|p1a: Mismagius|56/243|[from] item: Leftovers\n|upkeep\n|\n|t:|1783544292\n|switch|p2a: Basculin|Basculin, L86, M|100/100\n|turn|26\n|inactive|Time left: 300 sec this turn | 300 sec total\n|\n|t:|1783544293\n|move|p2a: Basculin|Aqua Jet|p1a: Mismagius\n|-crit|p1a: Mismagius\n|-damage|p1a: Mismagius|0 fnt\n|faint|p1a: Mismagius\n|\n|upkeep\n|inactive|Time left: 300 sec this turn | 300 sec total | 5 sec grace\n|\n|t:|1783544294\n|switch|p1a: Scizor|Scizor, L79, F|240/240\n|-damage|p1a: Scizor|210/240|[from] Spikes\n|-damage|p1a: Scizor|180/240|[from] Stealth Rock\n|turn|27\n|inactive|Time left: 300 sec this turn | 300 sec total\n|\n|t:|1783544295\n|move|p2a: Basculin|Aqua Jet|p1a: Scizor\n|-damage|p1a: Scizor|98/240\n|move|p1a: Scizor|Defog|p2a: Basculin\n|-unboost|p2a: Basculin|evasion|1\n|-sideend|p1: p0x4507305|Spikes|[from] move: Defog|[of] p1a: Scizor\n|-sideend|p1: p0x4507305|Stealth Rock|[from] move: Defog|[of] p1a: Scizor\n|\n|-heal|p1a: Scizor|113/240|[from] item: Leftovers\n|upkeep\n|turn|28\n|inactive|Time left: 300 sec this turn | 300 sec total\n|\n|t:|1783544296\n|move|p2a: Basculin|Aqua Jet|p1a: Scizor\n|-damage|p1a: Scizor|33/240\n|move|p1a: Scizor|Knock Off|p2a: Basculin\n|-damage|p2a: Basculin|64/100\n|-enditem|p2a: Basculin|Choice Band|[from] move: Knock Off|[of] p1a: Scizor\n|\n|-heal|p1a: Scizor|48/240|[from] item: Leftovers\n|upkeep\n|turn|29\n|inactive|Time left: 300 sec this turn | 300 sec total\n|\n|t:|1783544297\n|switch|p1a: Regigigas|Regigigas, L84|322/322\n|-start|p1a: Regigigas|ability: Slow Start\n|move|p2a: Basculin|Wave Crash|p1a: Regigigas\n|-damage|p1a: Regigigas|184/322\n|-damage|p2a: Basculin|46/100|[from] Recoil\n|\n|-heal|p1a: Regigigas|204/322|[from] item: Leftovers\n|upkeep\n|turn|30\n|inactive|Time left: 300 sec this turn | 300 sec total\n|\n|t:|1783544298\n|move|p1a: Regigigas|Protect|p1a: Regigigas\n|-singleturn|p1a: Regigigas|Protect\n|move|p2a: Basculin|Wave Crash|p1a: Regigigas\n|-activate|p1a: Regigigas|move: Protect\n|\n|-heal|p1a: Regigigas|224/322|[from] item: Leftovers\n|upkeep\n|turn|31\n|inactive|Time left: 300 sec this turn | 300 sec total\n|\n|t:|1783544299\n|move|p2a: Basculin|Wave Crash|p1a: Regigigas\n|-damage|p1a: Regigigas|80/322\n|-damage|p2a: Basculin|28/100|[from] Recoil\n|move|p1a: Regigigas|Body Slam|p2a: Basculin\n|-damage|p2a: Basculin|0 fnt\n|faint|p2a: Basculin\n|\n|-heal|p1a: Regigigas|100/322|[from] item: Leftovers\n|upkeep\n|\n|t:|1783544301\n|switch|p2a: Yanmega|Yanmega, L82, M|100/100\n|turn|32\n|inactive|Time left: 300 sec this turn | 300 sec total\n|\n|t:|1783544302\n|move|p1a: Regigigas|Protect|p1a: Regigigas\n|-singleturn|p1a: Regigigas|Protect\n|move|p2a: Yanmega|Bug Buzz|p1a: Regigigas\n|-activate|p1a: Regigigas|move: Protect\n|\n|-heal|p1a: Regigigas|120/322|[from] item: Leftovers\n|upkeep\n|turn|33\n|inactive|Time left: 300 sec this turn | 300 sec total\n|\n|t:|1783544303\n|move|p1a: Regigigas|Protect||[still]\n|-fail|p1a: Regigigas\n|move|p2a: Yanmega|Bug Buzz|p1a: Regigigas\n|-damage|p1a: Regigigas|0 fnt\n|faint|p1a: Regigigas\n|-end|p1a: Regigigas|Slow Start|[silent]\n|\n|upkeep\n|inactive|Time left: 300 sec this turn | 300 sec total | 5 sec grace\n|\n|t:|1783544304\n|switch|p1a: Scream Tail|Scream Tail, L84|330/330\n|turn|34\n|inactive|Time left: 300 sec this turn | 300 sec total\n|\n|t:|1783544305\n|move|p1a: Scream Tail|Dazzling Gleam|p2a: Yanmega\n|-damage|p2a: Yanmega|65/100\n|move|p2a: Yanmega|Bug Buzz|p1a: Scream Tail\n|-damage|p1a: Scream Tail|201/330\n|\n|-heal|p1a: Scream Tail|221/330|[from] item: Leftovers\n|upkeep\n|turn|35\n|inactive|Time left: 300 sec this turn | 300 sec total\n|\n|t:|1783544306\n|move|p1a: Scream Tail|Dazzling Gleam|p2a: Yanmega\n|-damage|p2a: Yanmega|35/100\n|move|p2a: Yanmega|Bug Buzz|p1a: Scream Tail\n|-damage|p1a: Scream Tail|86/330\n|\n|-heal|p1a: Scream Tail|106/330|[from] item: Leftovers\n|upkeep\n|turn|36\n|inactive|Time left: 300 sec this turn | 300 sec total\n|\n|t:|1783544308\n|move|p1a: Scream Tail|Dazzling Gleam|p2a: Yanmega\n|-damage|p2a: Yanmega|0 fnt\n|faint|p2a: Yanmega\n|\n|-heal|p1a: Scream Tail|126/330|[from] item: Leftovers\n|upkeep\n|\n|t:|1783544309\n|switch|p2a: Giratina|Giratina, L75|100/100\n|-ability|p2a: Giratina|Pressure\n|turn|37\n|inactive|Time left: 300 sec this turn | 300 sec total\n|\n|t:|1783544310\n|move|p1a: Scream Tail|Wish|p1a: Scream Tail\n|move|p2a: Giratina|Shadow Ball|p1a: Scream Tail\n|-supereffective|p1a: Scream Tail\n|-damage|p1a: Scream Tail|10/330\n|\n|-heal|p1a: Scream Tail|30/330|[from] item: Leftovers\n|upkeep\n|turn|38\n|inactive|Time left: 300 sec this turn | 300 sec total\n|\n|t:|1783544311\n|move|p1a: Scream Tail|Protect|p1a: Scream Tail\n|-singleturn|p1a: Scream Tail|Protect\n|move|p2a: Giratina|Shadow Ball|p1a: Scream Tail\n|-activate|p1a: Scream Tail|move: Protect\n|\n|-heal|p1a: Scream Tail|195/330|[from] move: Wish|[wisher] Scream Tail\n|-heal|p1a: Scream Tail|215/330|[from] item: Leftovers\n|upkeep\n|turn|39\n|inactive|Time left: 300 sec this turn | 300 sec total\n|\n|t:|1783544312\n|move|p1a: Scream Tail|Wish|p1a: Scream Tail\n|move|p2a: Giratina|Shadow Ball|p1a: Scream Tail\n|-supereffective|p1a: Scream Tail\n|-damage|p1a: Scream Tail|89/330\n|\n|-heal|p1a: Scream Tail|109/330|[from] item: Leftovers\n|upkeep\n|turn|40\n|inactive|Time left: 300 sec this turn | 300 sec total\n|\n|t:|1783544313\n|move|p1a: Scream Tail|Protect|p1a: Scream Tail\n|-singleturn|p1a: Scream Tail|Protect\n|move|p2a: Giratina|Shadow Ball|p1a: Scream Tail\n|-activate|p1a: Scream Tail|move: Protect\n|\n|-heal|p1a: Scream Tail|274/330|[from] move: Wish|[wisher] Scream Tail\n|-heal|p1a: Scream Tail|294/330|[from] item: Leftovers\n|upkeep\n|turn|41\n|inactive|Time left: 300 sec this turn | 300 sec total\n|\n|t:|1783544314\n|move|p1a: Scream Tail|Wish|p1a: Scream Tail\n|move|p2a: Giratina|Shadow Ball|p1a: Scream Tail\n|-supereffective|p1a: Scream Tail\n|-damage|p1a: Scream Tail|168/330\n|\n|-heal|p1a: Scream Tail|188/330|[from] item: Leftovers\n|upkeep\n|turn|42\n|inactive|Time left: 300 sec this turn | 300 sec total\n|\n|t:|1783544316\n|move|p1a: Scream Tail|Dazzling Gleam|p2a: Giratina\n|-supereffective|p2a: Giratina\n|-damage|p2a: Giratina|71/100\n|move|p2a: Giratina|Shadow Ball|p1a: Scream Tail\n|-supereffective|p1a: Scream Tail\n|-damage|p1a: Scream Tail|66/330\n|\n|-heal|p1a: Scream Tail|231/330|[from] move: Wish|[wisher] Scream Tail\n|-heal|p1a: Scream Tail|251/330|[from] item: Leftovers\n|-heal|p2a: Giratina|77/100|[from] item: Leftovers\n|upkeep\n|turn|43\n|inactive|Time left: 300 sec this turn | 300 sec total\n|\n|t:|1783544317\n|move|p1a: Scream Tail|Dazzling Gleam|p2a: Giratina\n|-supereffective|p2a: Giratina\n|-damage|p2a: Giratina|44/100\n|move|p2a: Giratina|Shadow Ball|p1a: Scream Tail\n|-supereffective|p1a: Scream Tail\n|-damage|p1a: Scream Tail|125/330\n|\n|-heal|p1a: Scream Tail|145/330|[from] item: Leftovers\n|-heal|p2a: Giratina|50/100|[from] item: Leftovers\n|upkeep\n|turn|44\n|inactive|Time left: 300 sec this turn | 300 sec total\n|\n|t:|1783544319\n|move|p1a: Scream Tail|Dazzling Gleam|p2a: Giratina\n|-supereffective|p2a: Giratina\n|-damage|p2a: Giratina|17/100\n|move|p2a: Giratina|Rest|p2a: Giratina\n|-status|p2a: Giratina|slp|[from] move: Rest\n|-heal|p2a: Giratina|100/100 slp|[silent]\n|\n|-heal|p1a: Scream Tail|165/330|[from] item: Leftovers\n|upkeep\n|turn|45\n|inactive|Time left: 300 sec this turn | 300 sec total\n|\n|t:|1783544320\n|move|p1a: Scream Tail|Encore|p2a: Giratina\n|-start|p2a: Giratina|Encore\n|cant|p2a: Giratina|slp\n|\n|-heal|p1a: Scream Tail|185/330|[from] item: Leftovers\n|upkeep\n|turn|46\n|inactive|Time left: 300 sec this turn | 300 sec total\n|\n|t:|1783544321\n|move|p1a: Scream Tail|Wish|p1a: Scream Tail\n|cant|p2a: Giratina|slp\n|\n|-heal|p1a: Scream Tail|205/330|[from] item: Leftovers\n|upkeep\n|turn|47\n|inactive|Time left: 300 sec this turn | 300 sec total\n|\n|t:|1783544321\n|-end|p1a: Scream Tail|Protosynthesis|[silent]\n|switch|p1a: Scizor|Scizor, L79, F|48/240\n|-curestatus|p2a: Giratina|slp|[msg]\n|move|p2a: Giratina|Rest|p2a: Giratina\n|-fail|p2a: Giratina|heal\n|\n|-heal|p1a: Scizor|213/240|[from] move: Wish|[wisher] Scream Tail\n|-heal|p1a: Scizor|228/240|[from] item: Leftovers\n|-end|p2a: Giratina|Encore\n|upkeep\n|turn|48\n|inactive|Time left: 300 sec this turn | 300 sec total\n|\n|t:|1783544323\n|move|p2a: Giratina|Will-O-Wisp|p1a: Scizor\n|-status|p1a: Scizor|brn\n|move|p1a: Scizor|Knock Off|p2a: Giratina\n|-supereffective|p2a: Giratina\n|-damage|p2a: Giratina|80/100\n|-enditem|p2a: Giratina|Leftovers|[from] move: Knock Off|[of] p1a: Scizor\n|\n|-heal|p1a: Scizor|240/240 brn|[from] item: Leftovers\n|-damage|p1a: Scizor|225/240 brn|[from] brn\n|upkeep\n|turn|49\n|inactive|Time left: 300 sec this turn | 300 sec total\n|\n|t:|1783544324\n|move|p2a: Giratina|Shadow Ball|p1a: Scizor\n|-damage|p1a: Scizor|140/240 brn\n|move|p1a: Scizor|Knock Off|p2a: Giratina\n|-supereffective|p2a: Giratina\n|-damage|p2a: Giratina|68/100\n|\n|-heal|p1a: Scizor|155/240 brn|[from] item: Leftovers\n|-damage|p1a: Scizor|140/240 brn|[from] brn\n|upkeep\n|turn|50\n|inactive|Time left: 300 sec this turn | 300 sec total\n|\n|t:|1783544325\n|move|p2a: Giratina|Shadow Ball|p1a: Scizor\n|-damage|p1a: Scizor|59/240 brn\n|-unboost|p1a: Scizor|spd|1\n|move|p1a: Scizor|Knock Off|p2a: Giratina\n|-supereffective|p2a: Giratina\n|-damage|p2a: Giratina|54/100\n|\n|-heal|p1a: Scizor|74/240 brn|[from] item: Leftovers\n|-damage|p1a: Scizor|59/240 brn|[from] brn\n|upkeep\n|turn|51\n|inactive|Time left: 300 sec this turn | 300 sec total\n|\n|t:|1783544326\n|switch|p1a: Scream Tail|Scream Tail, L84|205/330\n|move|p2a: Giratina|Rest|p2a: Giratina\n|-status|p2a: Giratina|slp|[from] move: Rest\n|-heal|p2a: Giratina|100/100 slp|[silent]\n|\n|-heal|p1a: Scream Tail|225/330|[from] item: Leftovers\n|upkeep\n|turn|52\n|inactive|Time left: 300 sec this turn | 300 sec total\n|\n|t:|1783544327\n|move|p1a: Scream Tail|Encore|p2a: Giratina\n|-start|p2a: Giratina|Encore\n|cant|p2a: Giratina|slp\n|\n|-heal|p1a: Scream Tail|245/330|[from] item: Leftovers\n|upkeep\n|turn|53\n|inactive|Time left: 300 sec this turn | 300 sec total\n|\n|t:|1783544328\n|move|p1a: Scream Tail|Dazzling Gleam|p2a: Giratina\n|-supereffective|p2a: Giratina\n|-damage|p2a: Giratina|69/100 slp\n|cant|p2a: Giratina|slp\n|\n|-heal|p1a: Scream Tail|265/330|[from] item: Leftovers\n|upkeep\n|turn|54\n|inactive|Time left: 300 sec this turn | 300 sec total\n|\n|t:|1783544329\n|move|p1a: Scream Tail|Wish|p1a: Scream Tail\n|-curestatus|p2a: Giratina|slp|[msg]\n|move|p2a: Giratina|Rest|p2a: Giratina\n|-status|p2a: Giratina|slp|[from] move: Rest\n|-heal|p2a: Giratina|100/100 slp|[silent]\n|\n|-heal|p1a: Scream Tail|285/330|[from] item: Leftovers\n|-end|p2a: Giratina|Encore\n|upkeep\n|turn|55\n|inactive|Time left: 300 sec this turn | 300 sec total\n|\n|t:|1783544330\n|move|p1a: Scream Tail|Dazzling Gleam|p2a: Giratina\n|-supereffective|p2a: Giratina\n|-damage|p2a: Giratina|71/100 slp\n|cant|p2a: Giratina|slp\n|\n|-heal|p1a: Scream Tail|330/330|[from] move: Wish|[wisher] Scream Tail\n|upkeep\n|turn|56\n|inactive|Time left: 300 sec this turn | 300 sec total\n|\n|t:|1783544330\n|move|p1a: Scream Tail|Dazzling Gleam|p2a: Giratina\n|-supereffective|p2a: Giratina\n|-damage|p2a: Giratina|38/100 slp\n|cant|p2a: Giratina|slp\n|\n|upkeep\n|turn|57\n|inactive|Time left: 300 sec this turn | 300 sec total\n|\n|t:|1783544331\n|move|p1a: Scream Tail|Dazzling Gleam|p2a: Giratina\n|-supereffective|p2a: Giratina\n|-damage|p2a: Giratina|7/100 slp\n|-curestatus|p2a: Giratina|slp|[msg]\n|move|p2a: Giratina|Rest|p2a: Giratina\n|-status|p2a: Giratina|slp|[from] move: Rest\n|-heal|p2a: Giratina|100/100 slp|[silent]\n|\n|upkeep\n|turn|58\n|inactive|Time left: 300 sec this turn | 300 sec total\n|\n|t:|1783544332\n|move|p1a: Scream Tail|Encore|p2a: Giratina\n|-start|p2a: Giratina|Encore\n|cant|p2a: Giratina|slp\n|\n|upkeep\n|turn|59\n|inactive|Time left: 300 sec this turn | 300 sec total\n|\n|t:|1783544333\n|-end|p1a: Scream Tail|Protosynthesis|[silent]\n|switch|p1a: Deoxys|Deoxys-Defense, L84|221/221\n|-ability|p1a: Deoxys|Pressure\n|cant|p2a: Giratina|slp\n|\n|upkeep\n|turn|60\n|inactive|Time left: 300 sec this turn | 300 sec total\n|\n|t:|1783544334\n|move|p1a: Deoxys|Cosmic Power|p1a: Deoxys\n|-boost|p1a: Deoxys|def|1\n|-boost|p1a: Deoxys|spd|1\n|-curestatus|p2a: Giratina|slp|[msg]\n|move|p2a: Giratina|Rest|p2a: Giratina\n|-fail|p2a: Giratina|heal\n|\n|-end|p2a: Giratina|Encore\n|upkeep\n|turn|61\n|inactive|Time left: 300 sec this turn | 300 sec total\n|\n|t:|1783544335\n|move|p1a: Deoxys|Cosmic Power|p1a: Deoxys\n|-boost|p1a: Deoxys|def|1\n|-boost|p1a: Deoxys|spd|1\n|move|p2a: Giratina|Shadow Ball|p1a: Deoxys\n|-supereffective|p1a: Deoxys\n|-damage|p1a: Deoxys|173/221\n|\n|-heal|p1a: Deoxys|186/221|[from] item: Leftovers\n|upkeep\n|turn|62\n|inactive|Time left: 300 sec this turn | 300 sec total\n|\n|t:|1783544336\n|move|p1a: Deoxys|Cosmic Power|p1a: Deoxys\n|-boost|p1a: Deoxys|def|1\n|-boost|p1a: Deoxys|spd|1\n|move|p2a: Giratina|Shadow Ball|p1a: Deoxys\n|-supereffective|p1a: Deoxys\n|-damage|p1a: Deoxys|150/221\n|\n|-heal|p1a: Deoxys|163/221|[from] item: Leftovers\n|upkeep\n|turn|63\n|inactive|Time left: 300 sec this turn | 300 sec total\n|\n|t:|1783544337\n|move|p1a: Deoxys|Stored Power|p2a: Giratina\n|-damage|p2a: Giratina|72/100\n|move|p2a: Giratina|Shadow Ball|p1a: Deoxys\n|-supereffective|p1a: Deoxys\n|-damage|p1a: Deoxys|125/221\n|\n|-heal|p1a: Deoxys|138/221|[from] item: Leftovers\n|upkeep\n|turn|64\n|inactive|Time left: 300 sec this turn | 300 sec total\n|\n|t:|1783544338\n|move|p1a: Deoxys|Night Shade|p2a: Giratina\n|-damage|p2a: Giratina|48/100\n|move|p2a: Giratina|Shadow Ball|p1a: Deoxys\n|-supereffective|p1a: Deoxys\n|-crit|p1a: Deoxys\n|-damage|p1a: Deoxys|12/221\n|\n|-heal|p1a: Deoxys|25/221|[from] item: Leftovers\n|upkeep\n|turn|65\n|inactive|Time left: 300 sec this turn | 300 sec total\n|\n|t:|1783544339\n|move|p1a: Deoxys|Recover|p1a: Deoxys\n|-heal|p1a: Deoxys|136/221\n|move|p2a: Giratina|Rest|p2a: Giratina\n|-status|p2a: Giratina|slp|[from] move: Rest\n|-heal|p2a: Giratina|100/100 slp|[silent]\n|\n|-heal|p1a: Deoxys|149/221|[from] item: Leftovers\n|upkeep\n|turn|66\n|inactive|Time left: 300 sec this turn | 300 sec total\n|\n|t:|1783544340\n|move|p1a: Deoxys|Stored Power|p2a: Giratina\n|-damage|p2a: Giratina|69/100 slp\n|cant|p2a: Giratina|slp\n|\n|-heal|p1a: Deoxys|162/221|[from] item: Leftovers\n|upkeep\n|turn|67\n|inactive|Time left: 300 sec this turn | 300 sec total\n|\n|t:|1783544341\n|move|p1a: Deoxys|Stored Power|p2a: Giratina\n|-damage|p2a: Giratina|42/100 slp\n|cant|p2a: Giratina|slp\n|\n|-heal|p1a: Deoxys|175/221|[from] item: Leftovers\n|upkeep\n|turn|68\n|inactive|Time left: 300 sec this turn | 300 sec total\n|\n|t:|1783544342\n|move|p1a: Deoxys|Stored Power|p2a: Giratina\n|-damage|p2a: Giratina|12/100 slp\n|-curestatus|p2a: Giratina|slp|[msg]\n|move|p2a: Giratina|Rest|p2a: Giratina\n|-status|p2a: Giratina|slp|[from] move: Rest\n|-heal|p2a: Giratina|100/100 slp|[silent]\n|\n|-heal|p1a: Deoxys|188/221|[from] item: Leftovers\n|upkeep\n|turn|69\n|inactive|Time left: 300 sec this turn | 300 sec total\n|\n|t:|1783544343\n|move|p1a: Deoxys|Stored Power|p2a: Giratina\n|-damage|p2a: Giratina|69/100 slp\n|cant|p2a: Giratina|slp\n|\n|-heal|p1a: Deoxys|201/221|[from] item: Leftovers\n|upkeep\n|turn|70\n|inactive|Time left: 300 sec this turn | 300 sec total\n|\n|t:|1783544344\n|move|p1a: Deoxys|Stored Power|p2a: Giratina\n|-damage|p2a: Giratina|41/100 slp\n|cant|p2a: Giratina|slp\n|\n|-heal|p1a: Deoxys|214/221|[from] item: Leftovers\n|upkeep\n|turn|71\n|inactive|Time left: 300 sec this turn | 300 sec total\n|\n|t:|1783544345\n|move|p1a: Deoxys|Stored Power|p2a: Giratina\n|-damage|p2a: Giratina|11/100 slp\n|-curestatus|p2a: Giratina|slp|[msg]\n|move|p2a: Giratina|Shadow Ball|p1a: Deoxys\n|-supereffective|p1a: Deoxys\n|-crit|p1a: Deoxys\n|-damage|p1a: Deoxys|76/221\n|\n|-heal|p1a: Deoxys|89/221|[from] item: Leftovers\n|upkeep\n|turn|72\n|inactive|Time left: 300 sec this turn | 300 sec total\n|\n|t:|1783544346\n|move|p1a: Deoxys|Stored Power|p2a: Giratina\n|-damage|p2a: Giratina|0 fnt\n|faint|p2a: Giratina\n|\n|win|p0x4507305", "uploadtime": 1783544346, "views": 0, "rating": 0, "private": 0, "password": null, "_winner": "p0x4507305", "_our_name": "p0x4507305"}