{"id": "battle-gen9randombattle-956", "formatid": "gen9randombattle", "format": "[Gen 9] Random Battle", "players": ["p0x95651c4", "p0y956bcc1"], "log": "|init|battle\n|title|p0x95651c4 vs. p0y956bcc1\n|j|\u2606p0x95651c4\n|j|\u2606p0y956bcc1\n|t:|1783550216\n|gametype|singles\n|player|p1|p0x95651c4|101|\n|player|p2|p0y956bcc1|101|\n|gen|9\n|tier|[Gen 9] Random Battle\n|rule|Species Clause: Limit one of each Pok\u00e9mon\n|rule|HP Percentage Mod: HP is shown in percentages\n|rule|Sleep Clause Mod: Limit one foe put to sleep\n|rule|Illusion Level Mod: Illusion disguises the Pok\u00e9mon's true level\n|\n|t:|1783550216\n|teamsize|p1|6\n|teamsize|p2|6\n|start\n|switch|p1a: Gothitelle|Gothitelle, L90, M|272/272\n|switch|p2a: Whimsicott|Whimsicott, L84, F|100/100\n|turn|1\n|inactive|Battle timer is ON: inactive players will automatically lose when time's up. (requested by p0y956bcc1)\n|inactive|Time left: 300 sec this turn | 300 sec total | 60 sec grace\n|inactive|p0x95651c4 also wants the timer to be on.\n|\n|t:|1783550217\n|move|p1a: Gothitelle|Psychic|p2a: Whimsicott\n|-damage|p2a: Whimsicott|46/100\n|move|p2a: Whimsicott|Moonblast|p1a: Gothitelle\n|-damage|p1a: Gothitelle|202/272\n|\n|-heal|p2a: Whimsicott|52/100|[from] item: Leftovers\n|upkeep\n|turn|2\n|inactive|Time left: 300 sec this turn | 300 sec total\n|\n|t:|1783550219\n|move|p2a: Whimsicott|Substitute|p2a: Whimsicott\n|-start|p2a: Whimsicott|Substitute\n|-damage|p2a: Whimsicott|27/100\n|move|p1a: Gothitelle|Psychic|p2a: Whimsicott\n|-end|p2a: Whimsicott|Substitute\n|\n|-heal|p2a: Whimsicott|33/100|[from] item: Leftovers\n|upkeep\n|turn|3\n|inactive|Time left: 300 sec this turn | 300 sec total\n|\n|t:|1783550220\n|move|p2a: Whimsicott|Leech Seed|p1a: Gothitelle|[miss]\n|-miss|p2a: Whimsicott|p1a: Gothitelle\n|move|p1a: Gothitelle|Psychic|p2a: Whimsicott\n|-damage|p2a: Whimsicott|0 fnt\n|faint|p2a: Whimsicott\n|\n|upkeep\n|\n|t:|1783550221\n|switch|p2a: Espathra|Espathra, L80, F|100/100\n|turn|4\n|inactive|Time left: 300 sec this turn | 300 sec total\n|\n|t:|1783550222\n|switch|p1a: Gumshoos|Gumshoos, L95, F|321/321\n|move|p2a: Espathra|Calm Mind|p2a: Espathra\n|-boost|p2a: Espathra|spa|1\n|-boost|p2a: Espathra|spd|1\n|\n|-ability|p2a: Espathra|Speed Boost|boost\n|-boost|p2a: Espathra|spe|1\n|upkeep\n|turn|5\n|inactive|Time left: 300 sec this turn | 300 sec total\n|\n|t:|1783550224\n|move|p2a: Espathra|Substitute|p2a: Espathra\n|-start|p2a: Espathra|Substitute\n|-damage|p2a: Espathra|76/100\n|move|p1a: Gumshoos|Double-Edge|p2a: Espathra\n|-end|p2a: Espathra|Substitute\n|-damage|p1a: Gumshoos|298/321|[from] Recoil|[of] p2a: Espathra\n|\n|-heal|p2a: Espathra|82/100|[from] item: Leftovers\n|-ability|p2a: Espathra|Speed Boost|boost\n|-boost|p2a: Espathra|spe|1\n|upkeep\n|turn|6\n|inactive|Time left: 300 sec this turn | 300 sec total\n|\n|t:|1783550225\n|move|p2a: Espathra|Substitute|p2a: Espathra\n|-start|p2a: Espathra|Substitute\n|-damage|p2a: Espathra|57/100\n|move|p1a: Gumshoos|Double-Edge|p2a: Espathra\n|-end|p2a: Espathra|Substitute\n|-damage|p1a: Gumshoos|275/321|[from] Recoil|[of] p2a: Espathra\n|\n|-heal|p2a: Espathra|63/100|[from] item: Leftovers\n|-ability|p2a: Espathra|Speed Boost|boost\n|-boost|p2a: Espathra|spe|1\n|upkeep\n|turn|7\n|inactive|Time left: 300 sec this turn | 300 sec total\n|\n|t:|1783550226\n|move|p2a: Espathra|Substitute|p2a: Espathra\n|-start|p2a: Espathra|Substitute\n|-damage|p2a: Espathra|38/100\n|move|p1a: Gumshoos|Double-Edge|p2a: Espathra\n|-end|p2a: Espathra|Substitute\n|-damage|p1a: Gumshoos|252/321|[from] Recoil|[of] p2a: Espathra\n|\n|-heal|p2a: Espathra|44/100|[from] item: Leftovers\n|-ability|p2a: Espathra|Speed Boost|boost\n|-boost|p2a: Espathra|spe|1\n|upkeep\n|turn|8\n|inactive|Time left: 300 sec this turn | 300 sec total\n|\n|t:|1783550227\n|move|p2a: Espathra|Substitute|p2a: Espathra\n|-start|p2a: Espathra|Substitute\n|-damage|p2a: Espathra|20/100\n|move|p1a: Gumshoos|Double-Edge|p2a: Espathra\n|-end|p2a: Espathra|Substitute\n|-damage|p1a: Gumshoos|229/321|[from] Recoil|[of] p2a: Espathra\n|\n|-heal|p2a: Espathra|26/100|[from] item: Leftovers\n|-ability|p2a: Espathra|Speed Boost|boost\n|-boost|p2a: Espathra|spe|1\n|upkeep\n|turn|9\n|inactive|Time left: 300 sec this turn | 300 sec total\n|\n|t:|1783550228\n|move|p2a: Espathra|Stored Power|p1a: Gumshoos\n|-damage|p1a: Gumshoos|0 fnt\n|faint|p1a: Gumshoos\n|\n|-heal|p2a: Espathra|32/100|[from] item: Leftovers\n|-ability|p2a: Espathra|Speed Boost|boost\n|-boost|p2a: Espathra|spe|1\n|upkeep\n|inactive|Time left: 300 sec this turn | 300 sec total | 5 sec grace\n|\n|t:|1783550229\n|switch|p1a: Sceptile|Sceptile, L87, F|264/264\n|turn|10\n|inactive|Time left: 300 sec this turn | 300 sec total\n|\n|t:|1783550230\n|-terastallize|p1a: Sceptile|Steel\n|move|p2a: Espathra|Stored Power|p1a: Sceptile\n|-resisted|p1a: Sceptile\n|-damage|p1a: Sceptile|140/264\n|move|p1a: Sceptile|Giga Drain|p2a: Espathra\n|-damage|p2a: Espathra|4/100\n|-heal|p1a: Sceptile|179/264|[from] drain|[of] p2a: Espathra\n|\n|-heal|p2a: Espathra|10/100|[from] item: Leftovers\n|-heal|p1a: Sceptile|195/264|[from] item: Leftovers\n|upkeep\n|turn|11\n|inactive|Time left: 300 sec this turn | 300 sec total\n|\n|t:|1783550231\n|move|p2a: Espathra|Stored Power|p1a: Sceptile\n|-resisted|p1a: Sceptile\n|-damage|p1a: Sceptile|50/264\n|move|p1a: Sceptile|Giga Drain|p2a: Espathra\n|-damage|p2a: Espathra|0 fnt\n|-heal|p1a: Sceptile|64/264|[from] drain|[of] p2a: Espathra\n|faint|p2a: Espathra\n|\n|-heal|p1a: Sceptile|80/264|[from] item: Leftovers\n|upkeep\n|\n|t:|1783550233\n|switch|p2a: Magnezone|Magnezone, L85|100/100\n|turn|12\n|inactive|Time left: 300 sec this turn | 300 sec total\n|\n|t:|1783550234\n|move|p1a: Sceptile|Giga Drain|p2a: Magnezone\n|-resisted|p2a: Magnezone\n|-damage|p2a: Magnezone|74/100\n|-heal|p1a: Sceptile|115/264|[from] drain|[of] p2a: Magnezone\n|move|p2a: Magnezone|Thunderbolt|p1a: Sceptile\n|-crit|p1a: Sceptile\n|-damage|p1a: Sceptile|0 fnt\n|faint|p1a: Sceptile\n|\n|upkeep\n|inactive|Time left: 300 sec this turn | 300 sec total | 5 sec grace\n|\n|t:|1783550235\n|switch|p1a: Scovillain|Scovillain, L91, M|266/266\n|turn|13\n|inactive|Time left: 300 sec this turn | 300 sec total\n|\n|t:|1783550236\n|switch|p2a: Squawkabilly|Squawkabilly-Blue, L85, M|100/100\n|move|p1a: Scovillain|Flamethrower|p2a: Squawkabilly\n|-damage|p2a: Squawkabilly|0 fnt\n|faint|p2a: Squawkabilly\n|\n|upkeep\n|\n|t:|1783550237\n|switch|p2a: Slowking|Slowking-Galar, L85, F|100/100\n|turn|14\n|inactive|Time left: 300 sec this turn | 300 sec total\n|\n|t:|1783550237\n|switch|p1a: Scovillain|Scovillain, L91, M|219/219\n|move|p2a: Slowking|Sludge Bomb|p1a: Scovillain\n|-resisted|p1a: Scovillain\n|-damage|p1a: Scovillain|140/219\n|-status|p1a: Scovillain|psn\n|replace|p1a: Zoroark|Zoroark-Hisui, L80, M\n|-end|p1a: Zoroark|Illusion\n|-hint|Illusion Level Mod is active, so this Pok\u00e9mon's true level was hidden.\n|\n|-damage|p1a: Zoroark|113/219 psn|[from] psn\n|upkeep\n|turn|15\n|inactive|Time left: 300 sec this turn | 300 sec total\n|\n|t:|1783550238\n|move|p1a: Zoroark|Bitter Malice|p2a: Slowking\n|-supereffective|p2a: Slowking\n|-damage|p2a: Slowking|46/100\n|-unboost|p2a: Slowking|atk|1\n|move|p2a: Slowking|Psychic Noise|p1a: Zoroark\n|-damage|p1a: Zoroark|0 fnt\n|faint|p1a: Zoroark\n|\n|upkeep\n|inactive|Time left: 300 sec this turn | 300 sec total | 5 sec grace\n|\n|t:|1783550239\n|switch|p1a: Scovillain|Scovillain, L91, M|266/266\n|turn|16\n|inactive|Time left: 300 sec this turn | 300 sec total\n|\n|t:|1783550240\n|move|p1a: Scovillain|Overheat|p2a: Slowking\n|-damage|p2a: Slowking|0 fnt\n|-unboost|p1a: Scovillain|spa|2\n|faint|p2a: Slowking\n|\n|upkeep\n|\n|t:|1783550240\n|switch|p2a: Eelektross|Eelektross, L87, M|100/100\n|turn|17\n|inactive|Time left: 300 sec this turn | 300 sec total\n|\n|t:|1783550241\n|move|p1a: Scovillain|Overheat|p2a: Eelektross|[miss]\n|-miss|p1a: Scovillain|p2a: Eelektross\n|move|p2a: Eelektross|Coil|p2a: Eelektross\n|-boost|p2a: Eelektross|atk|1\n|-boost|p2a: Eelektross|def|1\n|-boost|p2a: Eelektross|accuracy|1\n|\n|upkeep\n|turn|18\n|inactive|Time left: 300 sec this turn | 300 sec total\n|\n|t:|1783550242\n|switch|p1a: Gothitelle|Gothitelle, L90, M|202/272\n|move|p2a: Eelektross|Coil|p2a: Eelektross\n|-boost|p2a: Eelektross|atk|1\n|-boost|p2a: Eelektross|def|1\n|-boost|p2a: Eelektross|accuracy|1\n|\n|upkeep\n|turn|19\n|inactive|Time left: 300 sec this turn | 300 sec total\n|\n|t:|1783550242\n|move|p1a: Gothitelle|Psychic|p2a: Eelektross\n|-damage|p2a: Eelektross|62/100\n|-unboost|p2a: Eelektross|spd|1\n|move|p2a: Eelektross|Fire Punch|p1a: Gothitelle\n|-damage|p1a: Gothitelle|83/272\n|\n|-heal|p2a: Eelektross|68/100|[from] item: Leftovers\n|upkeep\n|turn|20\n|inactive|Time left: 300 sec this turn | 300 sec total\n|\n|t:|1783550243\n|move|p1a: Gothitelle|Psychic|p2a: Eelektross\n|-damage|p2a: Eelektross|15/100\n|move|p2a: Eelektross|Supercell Slam|p1a: Gothitelle\n|-damage|p1a: Gothitelle|0 fnt\n|faint|p1a: Gothitelle\n|\n|-heal|p2a: Eelektross|21/100|[from] item: Leftovers\n|upkeep\n|inactive|Time left: 300 sec this turn | 300 sec total | 5 sec grace\n|\n|t:|1783550244\n|switch|p1a: Typhlosion|Typhlosion, L84, F|267/267\n|turn|21\n|inactive|Time left: 300 sec this turn | 300 sec total\n|\n|t:|1783550245\n|move|p1a: Typhlosion|Eruption|p2a: Eelektross\n|-damage|p2a: Eelektross|0 fnt\n|faint|p2a: Eelektross\n|\n|upkeep\n|\n|t:|1783550245\n|switch|p2a: Magnezone|Magnezone, L85|74/100\n|turn|22\n|inactive|Time left: 300 sec this turn | 300 sec total\n|\n|t:|1783550246\n|-terastallize|p2a: Magnezone|Electric\n|move|p1a: Typhlosion|Eruption|p2a: Magnezone\n|-damage|p2a: Magnezone|9/100\n|move|p2a: Magnezone|Thunderbolt|p1a: Typhlosion\n|-damage|p1a: Typhlosion|63/267\n|-status|p1a: Typhlosion|par\n|\n|upkeep\n|turn|23\n|inactive|Time left: 300 sec this turn | 300 sec total\n|\n|t:|1783550247\n|move|p2a: Magnezone|Thunderbolt|p1a: Typhlosion\n|-damage|p1a: Typhlosion|0 fnt\n|faint|p1a: Typhlosion\n|\n|upkeep\n|inactive|Time left: 300 sec this turn | 300 sec total | 5 sec grace\n|\n|t:|1783550248\n|switch|p1a: Scovillain|Scovillain, L91, M|266/266\n|turn|24\n|inactive|Time left: 300 sec this turn | 300 sec total\n|\n|t:|1783550249\n|move|p2a: Magnezone|Thunderbolt|p1a: Scovillain\n|-resisted|p1a: Scovillain\n|-damage|p1a: Scovillain|174/266\n|-status|p1a: Scovillain|par\n|move|p1a: Scovillain|Flamethrower|p2a: Magnezone\n|-damage|p2a: Magnezone|0 fnt\n|faint|p2a: Magnezone\n|\n|win|p0x95651c4", "uploadtime": 1783550249, "views": 0, "rating": 0, "private": 0, "password": null, "_winner": "p0x95651c4", "_our_name": "p0x95651c4"}