{"id": "battle-gen9randombattle-1281", "formatid": "gen9randombattle", "format": "[Gen 9] Random Battle", "players": ["p0x1281a390", "p0y128147ef"], "log": "|init|battle\n|title|p0x1281a390 vs. p0y128147ef\n|j|\u2606p0x1281a390\n|j|\u2606p0y128147ef\n|t:|1783553980\n|gametype|singles\n|player|p1|p0x1281a390|101|\n|player|p2|p0y128147ef|170|\n|gen|9\n|tier|[Gen 9] Random Battle\n|rule|Species Clause: Limit one of each Pok\u00e9mon\n|rule|HP Percentage Mod: HP is shown in percentages\n|rule|Sleep Clause Mod: Limit one foe put to sleep\n|rule|Illusion Level Mod: Illusion disguises the Pok\u00e9mon's true level\n|\n|t:|1783553980\n|teamsize|p1|6\n|teamsize|p2|6\n|start\n|switch|p1a: Regidrago|Regidrago, L77|435/435\n|switch|p2a: Chi-Yu|Chi-Yu, L77|100/100\n|-ability|p2a: Chi-Yu|Beads of Ruin\n|turn|1\n|inactive|Battle timer is ON: inactive players will automatically lose when time's up. (requested by p0y128147ef)\n|inactive|Time left: 300 sec this turn | 300 sec total | 60 sec grace\n|inactive|p0x1281a390 also wants the timer to be on.\n|\n|t:|1783553981\n|switch|p2a: Mimikyu|Mimikyu, L79, F|100/100\n|-terastallize|p1a: Regidrago|Dragon\n|move|p1a: Regidrago|Outrage|p2a: Mimikyu\n|-immune|p2a: Mimikyu\n|\n|upkeep\n|turn|2\n|inactive|Time left: 300 sec this turn | 300 sec total\n|\n|t:|1783553983\n|move|p2a: Mimikyu|Swords Dance|p2a: Mimikyu\n|-boost|p2a: Mimikyu|atk|2\n|move|p1a: Regidrago|Outrage|p2a: Mimikyu\n|-immune|p2a: Mimikyu\n|\n|upkeep\n|turn|3\n|inactive|Time left: 300 sec this turn | 300 sec total\n|\n|t:|1783553984\n|move|p2a: Mimikyu|Play Rough|p1a: Regidrago\n|-supereffective|p1a: Regidrago\n|-damage|p1a: Regidrago|0 fnt\n|faint|p1a: Regidrago\n|-damage|p2a: Mimikyu|91/100|[from] item: Life Orb\n|\n|upkeep\n|inactive|Time left: 300 sec this turn | 300 sec total | 5 sec grace\n|\n|t:|1783553985\n|switch|p1a: Sandslash|Sandslash-Alola, L88, F|275/275\n|turn|4\n|inactive|Time left: 300 sec this turn | 300 sec total\n|\n|t:|1783553986\n|move|p2a: Mimikyu|Drain Punch|p1a: Sandslash\n|-supereffective|p1a: Sandslash\n|-damage|p1a: Sandslash|0 fnt\n|-heal|p2a: Mimikyu|100/100|[from] drain|[of] p1a: Sandslash\n|faint|p1a: Sandslash\n|-damage|p2a: Mimikyu|91/100|[from] item: Life Orb\n|\n|upkeep\n|inactive|Time left: 300 sec this turn | 300 sec total | 5 sec grace\n|\n|t:|1783553987\n|switch|p1a: Wo-Chien|Wo-Chien, L83|277/277\n|-ability|p1a: Wo-Chien|Tablets of Ruin\n|turn|5\n|inactive|Time left: 300 sec this turn | 300 sec total\n|\n|t:|1783553988\n|move|p1a: Wo-Chien|Protect|p1a: Wo-Chien\n|-singleturn|p1a: Wo-Chien|Protect\n|move|p2a: Mimikyu|Play Rough|p1a: Wo-Chien\n|-activate|p1a: Wo-Chien|move: Protect\n|\n|upkeep\n|turn|6\n|inactive|Time left: 300 sec this turn | 300 sec total\n|\n|t:|1783553989\n|move|p2a: Mimikyu|Play Rough|p1a: Wo-Chien\n|-supereffective|p1a: Wo-Chien\n|-damage|p1a: Wo-Chien|12/277\n|-unboost|p1a: Wo-Chien|atk|1\n|-damage|p2a: Mimikyu|81/100|[from] item: Life Orb\n|move|p1a: Wo-Chien|Leech Seed|p2a: Mimikyu\n|-start|p2a: Mimikyu|move: Leech Seed\n|\n|-heal|p1a: Wo-Chien|29/277|[from] item: Leftovers\n|-damage|p2a: Mimikyu|69/100|[from] Leech Seed|[of] p1a: Wo-Chien\n|-heal|p1a: Wo-Chien|56/277|[silent]\n|upkeep\n|turn|7\n|inactive|Time left: 300 sec this turn | 300 sec total\n|\n|t:|1783553990\n|move|p1a: Wo-Chien|Protect|p1a: Wo-Chien\n|-singleturn|p1a: Wo-Chien|Protect\n|move|p2a: Mimikyu|Drain Punch|p1a: Wo-Chien\n|-activate|p1a: Wo-Chien|move: Protect\n|\n|-heal|p1a: Wo-Chien|73/277|[from] item: Leftovers\n|-damage|p2a: Mimikyu|56/100|[from] Leech Seed|[of] p1a: Wo-Chien\n|-heal|p1a: Wo-Chien|100/277|[silent]\n|upkeep\n|turn|8\n|inactive|Time left: 300 sec this turn | 300 sec total\n|\n|t:|1783553991\n|move|p1a: Wo-Chien|Protect|p1a: Wo-Chien\n|-singleturn|p1a: Wo-Chien|Protect\n|move|p2a: Mimikyu|Play Rough|p1a: Wo-Chien\n|-activate|p1a: Wo-Chien|move: Protect\n|\n|-heal|p1a: Wo-Chien|117/277|[from] item: Leftovers\n|-damage|p2a: Mimikyu|44/100|[from] Leech Seed|[of] p1a: Wo-Chien\n|-heal|p1a: Wo-Chien|144/277|[silent]\n|upkeep\n|turn|9\n|inactive|Time left: 300 sec this turn | 300 sec total\n|\n|t:|1783553992\n|switch|p1a: Gothitelle|Gothitelle, L90, F|272/272\n|move|p2a: Mimikyu|Drain Punch|p1a: Gothitelle\n|-resisted|p1a: Gothitelle\n|-damage|p1a: Gothitelle|221/272\n|-heal|p2a: Mimikyu|56/100|[from] drain|[of] p1a: Gothitelle\n|-damage|p2a: Mimikyu|46/100|[from] item: Life Orb\n|\n|-damage|p2a: Mimikyu|33/100|[from] Leech Seed|[of] p1a: Gothitelle\n|-heal|p1a: Gothitelle|248/272|[silent]\n|upkeep\n|turn|10\n|inactive|Time left: 300 sec this turn | 300 sec total\n|\n|t:|1783553993\n|move|p1a: Gothitelle|Psychic|p2a: Mimikyu\n|-activate|p2a: Mimikyu|ability: Disguise\n|-damage|p2a: Mimikyu|33/100\n|detailschange|p2a: Mimikyu|Mimikyu-Busted, L79, F\n|-damage|p2a: Mimikyu|21/100|[from] pokemon: Mimikyu-Busted\n|move|p2a: Mimikyu|Play Rough|p1a: Gothitelle\n|-damage|p1a: Gothitelle|79/272\n|-damage|p2a: Mimikyu|11/100|[from] item: Life Orb\n|\n|-damage|p2a: Mimikyu|0 fnt|[from] Leech Seed|[of] p1a: Gothitelle\n|-heal|p1a: Gothitelle|102/272|[silent]\n|faint|p2a: Mimikyu\n|upkeep\n|\n|t:|1783553994\n|switch|p2a: Chi-Yu|Chi-Yu, L77|100/100\n|-ability|p2a: Chi-Yu|Beads of Ruin\n|turn|11\n|inactive|Time left: 300 sec this turn | 300 sec total\n|\n|t:|1783553995\n|switch|p1a: Chansey|Chansey, L85, F|564/564\n|move|p2a: Chi-Yu|Nasty Plot|p2a: Chi-Yu\n|-boost|p2a: Chi-Yu|spa|2\n|\n|upkeep\n|turn|12\n|inactive|Time left: 300 sec this turn | 300 sec total\n|\n|t:|1783553996\n|move|p2a: Chi-Yu|Nasty Plot|p2a: Chi-Yu\n|-boost|p2a: Chi-Yu|spa|2\n|move|p1a: Chansey|Seismic Toss|p2a: Chi-Yu\n|-damage|p2a: Chi-Yu|60/100\n|\n|upkeep\n|turn|13\n|inactive|Time left: 300 sec this turn | 300 sec total\n|\n|t:|1783553997\n|move|p2a: Chi-Yu|Fire Blast|p1a: Chansey\n|-damage|p1a: Chansey|281/564\n|-status|p1a: Chansey|brn\n|move|p1a: Chansey|Seismic Toss|p2a: Chi-Yu\n|-damage|p2a: Chi-Yu|20/100\n|\n|-damage|p1a: Chansey|246/564 brn|[from] brn\n|upkeep\n|turn|14\n|inactive|Time left: 300 sec this turn | 300 sec total\n|\n|t:|1783553998\n|move|p2a: Chi-Yu|Fire Blast|p1a: Chansey|[miss]\n|-miss|p2a: Chi-Yu|p1a: Chansey\n|move|p1a: Chansey|Seismic Toss|p2a: Chi-Yu\n|-damage|p2a: Chi-Yu|0 fnt\n|faint|p2a: Chi-Yu\n|\n|-damage|p1a: Chansey|211/564 brn|[from] brn\n|upkeep\n|\n|t:|1783553999\n|switch|p2a: Bastiodon|Bastiodon, L89, F|100/100\n|turn|15\n|inactive|Time left: 300 sec this turn | 300 sec total\n|\n|t:|1783554000\n|-curestatus|p1a: Chansey|brn|[from] ability: Natural Cure|[silent]\n|switch|p1a: Conkeldurr|Conkeldurr, L80, M|299/299\n|move|p2a: Bastiodon|Body Press|p1a: Conkeldurr\n|-damage|p1a: Conkeldurr|206/299\n|\n|-status|p1a: Conkeldurr|brn|[from] item: Flame Orb\n|upkeep\n|turn|16\n|inactive|Time left: 300 sec this turn | 300 sec total\n|\n|t:|1783554001\n|-terastallize|p2a: Bastiodon|Fighting\n|move|p1a: Conkeldurr|Facade|p2a: Bastiodon\n|-damage|p2a: Bastiodon|63/100\n|move|p2a: Bastiodon|Body Press|p1a: Conkeldurr\n|-damage|p1a: Conkeldurr|58/299 brn\n|\n|-damage|p1a: Conkeldurr|40/299 brn|[from] brn\n|upkeep\n|turn|17\n|inactive|Time left: 300 sec this turn | 300 sec total\n|\n|t:|1783554002\n|move|p1a: Conkeldurr|Close Combat|p2a: Bastiodon\n|-damage|p2a: Bastiodon|6/100\n|-unboost|p1a: Conkeldurr|def|1\n|-unboost|p1a: Conkeldurr|spd|1\n|move|p2a: Bastiodon|Body Press|p1a: Conkeldurr\n|-damage|p1a: Conkeldurr|0 fnt\n|faint|p1a: Conkeldurr\n|\n|upkeep\n|inactive|Time left: 300 sec this turn | 300 sec total | 5 sec grace\n|\n|t:|1783554003\n|switch|p1a: Wo-Chien|Wo-Chien, L83|144/277\n|-ability|p1a: Wo-Chien|Tablets of Ruin\n|turn|18\n|inactive|Time left: 300 sec this turn | 300 sec total\n|\n|t:|1783554003\n|move|p1a: Wo-Chien|Knock Off|p2a: Bastiodon\n|-resisted|p2a: Bastiodon\n|-damage|p2a: Bastiodon|0 fnt\n|-enditem|p2a: Bastiodon|Chesto Berry|[from] move: Knock Off|[of] p1a: Wo-Chien\n|faint|p2a: Bastiodon\n|\n|-heal|p1a: Wo-Chien|161/277|[from] item: Leftovers\n|upkeep\n|\n|t:|1783554004\n|switch|p2a: Chandelure|Chandelure, L83, F|100/100\n|turn|19\n|inactive|Time left: 300 sec this turn | 300 sec total\n|\n|t:|1783554005\n|switch|p1a: Chansey|Chansey, L85, F|211/564\n|move|p2a: Chandelure|Fire Blast|p1a: Chansey\n|-damage|p1a: Chansey|115/564\n|\n|upkeep\n|turn|20\n|inactive|Time left: 300 sec this turn | 300 sec total\n|\n|t:|1783554007\n|move|p2a: Chandelure|Calm Mind|p2a: Chandelure\n|-boost|p2a: Chandelure|spa|1\n|-boost|p2a: Chandelure|spd|1\n|move|p1a: Chansey|Soft-Boiled|p1a: Chansey\n|-heal|p1a: Chansey|397/564\n|\n|upkeep\n|turn|21\n|inactive|Time left: 300 sec this turn | 300 sec total\n|\n|t:|1783554008\n|move|p2a: Chandelure|Calm Mind|p2a: Chandelure\n|-boost|p2a: Chandelure|spa|1\n|-boost|p2a: Chandelure|spd|1\n|move|p1a: Chansey|Soft-Boiled|p1a: Chansey\n|-heal|p1a: Chansey|564/564\n|\n|upkeep\n|turn|22\n|inactive|Time left: 300 sec this turn | 300 sec total\n|\n|t:|1783554009\n|move|p2a: Chandelure|Calm Mind|p2a: Chandelure\n|-boost|p2a: Chandelure|spa|1\n|-boost|p2a: Chandelure|spd|1\n|move|p1a: Chansey|Thunder Wave|p2a: Chandelure\n|-status|p2a: Chandelure|par\n|\n|upkeep\n|turn|23\n|inactive|Time left: 300 sec this turn | 300 sec total\n|\n|t:|1783554010\n|move|p1a: Chansey|Stealth Rock|p2a: Chandelure\n|-sidestart|p2: p0y128147ef|move: Stealth Rock\n|move|p2a: Chandelure|Fire Blast|p1a: Chansey\n|-damage|p1a: Chansey|330/564\n|\n|upkeep\n|turn|24\n|inactive|Time left: 300 sec this turn | 300 sec total\n|\n|t:|1783554011\n|move|p1a: Chansey|Soft-Boiled|p1a: Chansey\n|-heal|p1a: Chansey|564/564\n|cant|p2a: Chandelure|par\n|\n|upkeep\n|turn|25\n|inactive|Time left: 300 sec this turn | 300 sec total\n|\n|t:|1783554012\n|switch|p1a: Wo-Chien|Wo-Chien, L83|161/277\n|-ability|p1a: Wo-Chien|Tablets of Ruin\n|cant|p2a: Chandelure|par\n|\n|-heal|p1a: Wo-Chien|178/277|[from] item: Leftovers\n|upkeep\n|turn|26\n|inactive|Time left: 300 sec this turn | 300 sec total\n|\n|t:|1783554013\n|move|p1a: Wo-Chien|Knock Off|p2a: Chandelure\n|-supereffective|p2a: Chandelure\n|-damage|p2a: Chandelure|15/100 par\n|-enditem|p2a: Chandelure|Heavy-Duty Boots|[from] move: Knock Off|[of] p1a: Wo-Chien\n|cant|p2a: Chandelure|par\n|\n|-heal|p1a: Wo-Chien|195/277|[from] item: Leftovers\n|upkeep\n|turn|27\n|inactive|Time left: 300 sec this turn | 300 sec total\n|\n|t:|1783554014\n|move|p1a: Wo-Chien|Knock Off|p2a: Chandelure\n|-supereffective|p2a: Chandelure\n|-damage|p2a: Chandelure|0 fnt\n|faint|p2a: Chandelure\n|\n|-heal|p1a: Wo-Chien|212/277|[from] item: Leftovers\n|upkeep\n|\n|t:|1783554015\n|switch|p2a: Arboliva|Arboliva, L91, M|100/100\n|-damage|p2a: Arboliva|88/100|[from] Stealth Rock\n|turn|28\n|inactive|Time left: 300 sec this turn | 300 sec total\n|\n|t:|1783554016\n|move|p1a: Wo-Chien|Knock Off|p2a: Arboliva\n|-damage|p2a: Arboliva|59/100\n|-enditem|p2a: Arboliva|Sitrus Berry|[from] move: Knock Off|[of] p1a: Wo-Chien\n|move|p2a: Arboliva|Hyper Voice|p1a: Wo-Chien\n|-damage|p1a: Wo-Chien|121/277\n|\n|-heal|p1a: Wo-Chien|138/277|[from] item: Leftovers\n|upkeep\n|turn|29\n|inactive|Time left: 300 sec this turn | 300 sec total\n|\n|t:|1783554017\n|move|p1a: Wo-Chien|Ruination|p2a: Arboliva\n|-damage|p2a: Arboliva|30/100\n|move|p2a: Arboliva|Hyper Voice|p1a: Wo-Chien\n|-damage|p1a: Wo-Chien|47/277\n|\n|-heal|p1a: Wo-Chien|64/277|[from] item: Leftovers\n|upkeep\n|turn|30\n|inactive|Time left: 300 sec this turn | 300 sec total\n|\n|t:|1783554018\n|move|p1a: Wo-Chien|Protect|p1a: Wo-Chien\n|-singleturn|p1a: Wo-Chien|Protect\n|move|p2a: Arboliva|Hyper Voice|p1a: Wo-Chien\n|-activate|p1a: Wo-Chien|move: Protect\n|\n|-heal|p1a: Wo-Chien|81/277|[from] item: Leftovers\n|upkeep\n|turn|31\n|inactive|Time left: 300 sec this turn | 300 sec total\n|\n|t:|1783554019\n|switch|p1a: Chansey|Chansey, L85, F|564/564\n|move|p2a: Arboliva|Hyper Voice|p1a: Chansey\n|-damage|p1a: Chansey|491/564\n|\n|upkeep\n|turn|32\n|inactive|Time left: 300 sec this turn | 300 sec total\n|\n|t:|1783554020\n|switch|p2a: Deoxys|Deoxys-Attack, L72|100/100\n|-damage|p2a: Deoxys|88/100|[from] Stealth Rock\n|-ability|p2a: Deoxys|Pressure\n|move|p1a: Chansey|Seismic Toss|p2a: Deoxys\n|-damage|p2a: Deoxys|44/100\n|\n|upkeep\n|turn|33\n|inactive|Time left: 300 sec this turn | 300 sec total\n|\n|t:|1783554021\n|move|p2a: Deoxys|Superpower|p1a: Chansey\n|-supereffective|p1a: Chansey\n|-damage|p1a: Chansey|0 fnt\n|-unboost|p2a: Deoxys|atk|1\n|-unboost|p2a: Deoxys|def|1\n|faint|p1a: Chansey\n|-damage|p2a: Deoxys|34/100|[from] item: Life Orb\n|\n|upkeep\n|inactive|Time left: 300 sec this turn | 300 sec total | 5 sec grace\n|\n|t:|1783554022\n|switch|p1a: Wo-Chien|Wo-Chien, L83|81/277\n|-ability|p1a: Wo-Chien|Tablets of Ruin\n|turn|34\n|inactive|Time left: 300 sec this turn | 300 sec total\n|\n|t:|1783554022\n|switch|p2a: Arboliva|Arboliva, L91, M|30/100\n|-damage|p2a: Arboliva|17/100|[from] Stealth Rock\n|move|p1a: Wo-Chien|Protect||[still]\n|-fail|p1a: Wo-Chien\n|\n|-heal|p1a: Wo-Chien|98/277|[from] item: Leftovers\n|upkeep\n|turn|35\n|inactive|Time left: 300 sec this turn | 300 sec total\n|\n|t:|1783554024\n|move|p1a: Wo-Chien|Protect|p1a: Wo-Chien\n|-singleturn|p1a: Wo-Chien|Protect\n|move|p2a: Arboliva|Protect||[still]\n|-fail|p2a: Arboliva\n|\n|-heal|p1a: Wo-Chien|115/277|[from] item: Leftovers\n|upkeep\n|turn|36\n|inactive|Time left: 300 sec this turn | 300 sec total\n|\n|t:|1783554025\n|move|p1a: Wo-Chien|Knock Off|p2a: Arboliva\n|-damage|p2a: Arboliva|0 fnt\n|faint|p2a: Arboliva\n|\n|-heal|p1a: Wo-Chien|132/277|[from] item: Leftovers\n|upkeep\n|\n|t:|1783554026\n|switch|p2a: Deoxys|Deoxys-Attack, L72|34/100\n|-damage|p2a: Deoxys|22/100|[from] Stealth Rock\n|-ability|p2a: Deoxys|Pressure\n|turn|37\n|inactive|Time left: 300 sec this turn | 300 sec total\n|\n|t:|1783554026\n|move|p1a: Wo-Chien|Protect|p1a: Wo-Chien\n|-singleturn|p1a: Wo-Chien|Protect\n|move|p2a: Deoxys|Knock Off|p1a: Wo-Chien\n|-activate|p1a: Wo-Chien|move: Protect\n|\n|-heal|p1a: Wo-Chien|149/277|[from] item: Leftovers\n|upkeep\n|turn|38\n|inactive|Time left: 300 sec this turn | 300 sec total\n|\n|t:|1783554027\n|switch|p1a: Gothitelle|Gothitelle, L90, F|102/272\n|move|p2a: Deoxys|Superpower|p1a: Gothitelle\n|-resisted|p1a: Gothitelle\n|-damage|p1a: Gothitelle|46/272\n|-unboost|p2a: Deoxys|atk|1\n|-unboost|p2a: Deoxys|def|1\n|-damage|p2a: Deoxys|12/100|[from] item: Life Orb\n|\n|upkeep\n|turn|39\n|inactive|Time left: 300 sec this turn | 300 sec total\n|\n|t:|1783554028\n|move|p2a: Deoxys|Psycho Boost|p1a: Gothitelle\n|-resisted|p1a: Gothitelle\n|-damage|p1a: Gothitelle|0 fnt\n|-unboost|p2a: Deoxys|spa|2\n|faint|p1a: Gothitelle\n|-damage|p2a: Deoxys|2/100|[from] item: Life Orb\n|\n|upkeep\n|inactive|Time left: 300 sec this turn | 300 sec total | 5 sec grace\n|\n|t:|1783554029\n|switch|p1a: Wo-Chien|Wo-Chien, L83|149/277\n|-ability|p1a: Wo-Chien|Tablets of Ruin\n|turn|40\n|inactive|Time left: 300 sec this turn | 300 sec total\n|\n|t:|1783554030\n|move|p1a: Wo-Chien|Protect|p1a: Wo-Chien\n|-singleturn|p1a: Wo-Chien|Protect\n|move|p2a: Deoxys|Knock Off|p1a: Wo-Chien\n|-activate|p1a: Wo-Chien|move: Protect\n|\n|-heal|p1a: Wo-Chien|166/277|[from] item: Leftovers\n|upkeep\n|turn|41\n|inactive|Time left: 300 sec this turn | 300 sec total\n|\n|t:|1783554031\n|move|p2a: Deoxys|Knock Off|p1a: Wo-Chien\n|-resisted|p1a: Wo-Chien\n|-damage|p1a: Wo-Chien|143/277\n|-enditem|p1a: Wo-Chien|Leftovers|[from] move: Knock Off|[of] p2a: Deoxys\n|-damage|p2a: Deoxys|0 fnt|[from] item: Life Orb\n|faint|p2a: Deoxys\n|\n|win|p0x1281a390", "uploadtime": 1783554031, "views": 0, "rating": 0, "private": 0, "password": null, "_winner": "p0x1281a390", "_our_name": "p0x1281a390"}