{"id": "battle-gen9randombattle-143", "formatid": "gen9randombattle", "format": "[Gen 9] Random Battle", "players": ["p0x1435a66", "p0y14302d1"], "log": "|init|battle\n|title|p0x1435a66 vs. p0y14302d1\n|j|\u2606p0x1435a66\n|j|\u2606p0y14302d1\n|t:|1783540819\n|gametype|singles\n|player|p1|p0x1435a66|265|\n|player|p2|p0y14302d1|169|\n|gen|9\n|tier|[Gen 9] Random Battle\n|rule|Species Clause: Limit one of each Pok\u00e9mon\n|rule|HP Percentage Mod: HP is shown in percentages\n|rule|Sleep Clause Mod: Limit one foe put to sleep\n|rule|Illusion Level Mod: Illusion disguises the Pok\u00e9mon's true level\n|\n|t:|1783540819\n|teamsize|p1|6\n|teamsize|p2|6\n|start\n|switch|p1a: Dragapult|Dragapult, L77, F|100/100\n|switch|p2a: Cloyster|Cloyster, L80, F|211/211\n|turn|1\n|inactive|Battle timer is ON: inactive players will automatically lose when time's up. (requested by p0x1435a66)\n|inactive|Time left: 300 sec this turn | 300 sec total | 60 sec grace\n|inactive|p0y14302d1 also wants the timer to be on.\n|\n|t:|1783540820\n|move|p1a: Dragapult|Draco Meteor|p2a: Cloyster\n|-damage|p2a: Cloyster|0 fnt\n|-unboost|p1a: Dragapult|spa|2\n|faint|p2a: Cloyster\n|\n|upkeep\n|inactive|Time left: 300 sec this turn | 300 sec total | 65 sec grace\n|\n|t:|1783540821\n|switch|p2a: Trevenant|Trevenant, L89, F|296/296\n|turn|2\n|inactive|Time left: 300 sec this turn | 300 sec total\n|\n|t:|1783540823\n|switch|p1a: Overqwil|Overqwil, L82, F|100/100\n|-ability|p1a: Overqwil|Intimidate|boost\n|-unboost|p2a: Trevenant|atk|1\n|move|p2a: Trevenant|Poltergeist|p1a: Overqwil\n|-activate|p1a: Overqwil|move: Poltergeist|Life Orb\n|-resisted|p1a: Overqwil\n|-damage|p1a: Overqwil|84/100\n|\n|upkeep\n|turn|3\n|inactive|Time left: 300 sec this turn | 300 sec total\n|\n|t:|1783540824\n|switch|p2a: Bastiodon|Bastiodon, L89, F|252/252\n|move|p1a: Overqwil|Swords Dance|p1a: Overqwil\n|-boost|p1a: Overqwil|atk|2\n|\n|upkeep\n|turn|4\n|inactive|Time left: 300 sec this turn | 300 sec total\n|\n|t:|1783540825\n|-terastallize|p2a: Bastiodon|Fighting\n|move|p1a: Overqwil|Liquidation|p2a: Bastiodon\n|-damage|p2a: Bastiodon|160/252\n|-unboost|p2a: Bastiodon|def|1\n|-damage|p1a: Overqwil|75/100|[from] item: Life Orb\n|move|p2a: Bastiodon|Iron Defense|p2a: Bastiodon\n|-boost|p2a: Bastiodon|def|2\n|\n|upkeep\n|turn|5\n|inactive|Time left: 300 sec this turn | 300 sec total\n|\n|t:|1783540826\n|move|p1a: Overqwil|Gunk Shot|p2a: Bastiodon\n|-damage|p2a: Bastiodon|30/252\n|-status|p2a: Bastiodon|psn\n|-damage|p1a: Overqwil|65/100|[from] item: Life Orb\n|move|p2a: Bastiodon|Body Press|p1a: Overqwil\n|-damage|p1a: Overqwil|0 fnt\n|faint|p1a: Overqwil\n|\n|-damage|p2a: Bastiodon|0 fnt|[from] psn\n|faint|p2a: Bastiodon\n|upkeep\n|inactive|Time left: 300 sec this turn | 300 sec total | 5 sec grace\n|\n|t:|1783540827\n|switch|p1a: Emboar|Emboar, L84, M|100/100\n|switch|p2a: Trevenant|Trevenant, L89, F|296/296\n|turn|6\n|inactive|Time left: 300 sec this turn | 300 sec total\n|\n|t:|1783540828\n|move|p2a: Trevenant|Protect|p2a: Trevenant\n|-singleturn|p2a: Trevenant|Protect\n|move|p1a: Emboar|Flare Blitz|p2a: Trevenant\n|-activate|p2a: Trevenant|move: Protect\n|\n|upkeep\n|turn|7\n|inactive|Time left: 300 sec this turn | 300 sec total\n|\n|t:|1783540829\n|switch|p2a: Snorlax|Snorlax, L82, F|397/397\n|move|p1a: Emboar|Flare Blitz|p2a: Snorlax\n|-damage|p2a: Snorlax|280/397\n|-damage|p1a: Emboar|88/100|[from] Recoil\n|\n|-heal|p1a: Emboar|95/100|[from] item: Leftovers\n|-heal|p2a: Snorlax|304/397|[from] item: Leftovers\n|upkeep\n|turn|8\n|inactive|Time left: 300 sec this turn | 300 sec total\n|\n|t:|1783540831\n|switch|p2a: Scream Tail|Scream Tail, L84|330/330\n|move|p1a: Emboar|Drain Punch|p2a: Scream Tail\n|-resisted|p2a: Scream Tail\n|-damage|p2a: Scream Tail|309/330\n|-heal|p1a: Emboar|98/100|[from] drain|[of] p2a: Scream Tail\n|\n|-heal|p2a: Scream Tail|329/330|[from] item: Leftovers\n|-heal|p1a: Emboar|100/100|[from] item: Leftovers\n|upkeep\n|turn|9\n|inactive|Time left: 300 sec this turn | 300 sec total\n|\n|t:|1783540832\n|move|p2a: Scream Tail|Encore|p1a: Emboar\n|-start|p1a: Emboar|Encore\n|move|p1a: Emboar|Drain Punch|p2a: Scream Tail\n|-resisted|p2a: Scream Tail\n|-damage|p2a: Scream Tail|309/330\n|\n|-heal|p2a: Scream Tail|329/330|[from] item: Leftovers\n|upkeep\n|turn|10\n|inactive|Time left: 300 sec this turn | 300 sec total\n|\n|t:|1783540833\n|move|p2a: Scream Tail|Dazzling Gleam|p1a: Emboar\n|-damage|p1a: Emboar|78/100\n|move|p1a: Emboar|Drain Punch|p2a: Scream Tail\n|-resisted|p2a: Scream Tail\n|-damage|p2a: Scream Tail|309/330\n|-heal|p1a: Emboar|81/100|[from] drain|[of] p2a: Scream Tail\n|\n|-heal|p2a: Scream Tail|329/330|[from] item: Leftovers\n|-heal|p1a: Emboar|87/100|[from] item: Leftovers\n|upkeep\n|turn|11\n|inactive|Time left: 300 sec this turn | 300 sec total\n|\n|t:|1783540834\n|switch|p1a: Politoed|Politoed, L88, M|100/100\n|-weather|RainDance|[from] ability: Drizzle|[of] p1a: Politoed\n|move|p2a: Scream Tail|Dazzling Gleam|p1a: Politoed\n|-damage|p1a: Politoed|82/100\n|\n|-weather|RainDance|[upkeep]\n|-heal|p2a: Scream Tail|330/330|[from] item: Leftovers\n|-heal|p1a: Politoed|88/100|[from] item: Leftovers\n|upkeep\n|turn|12\n|inactive|Time left: 300 sec this turn | 300 sec total\n|\n|t:|1783540835\n|switch|p1a: Emboar|Emboar, L84, M|87/100\n|move|p2a: Scream Tail|Dazzling Gleam|p1a: Emboar\n|-damage|p1a: Emboar|62/100\n|\n|-weather|RainDance|[upkeep]\n|-heal|p1a: Emboar|68/100|[from] item: Leftovers\n|upkeep\n|turn|13\n|inactive|Time left: 300 sec this turn | 300 sec total\n|\n|t:|1783540836\n|move|p2a: Scream Tail|Dazzling Gleam|p1a: Emboar\n|-damage|p1a: Emboar|45/100\n|move|p1a: Emboar|Bulk Up|p1a: Emboar\n|-boost|p1a: Emboar|atk|1\n|-boost|p1a: Emboar|def|1\n|\n|-weather|RainDance|[upkeep]\n|-heal|p1a: Emboar|51/100|[from] item: Leftovers\n|upkeep\n|turn|14\n|inactive|Time left: 300 sec this turn | 300 sec total\n|\n|t:|1783540837\n|move|p2a: Scream Tail|Dazzling Gleam|p1a: Emboar\n|-damage|p1a: Emboar|26/100\n|move|p1a: Emboar|Trailblaze|p2a: Scream Tail\n|-damage|p2a: Scream Tail|266/330\n|-boost|p1a: Emboar|spe|1\n|\n|-weather|RainDance|[upkeep]\n|-heal|p2a: Scream Tail|286/330|[from] item: Leftovers\n|-heal|p1a: Emboar|32/100|[from] item: Leftovers\n|upkeep\n|turn|15\n|inactive|Time left: 300 sec this turn | 300 sec total\n|\n|t:|1783540838\n|move|p2a: Scream Tail|Dazzling Gleam|p1a: Emboar\n|-damage|p1a: Emboar|5/100\n|move|p1a: Emboar|Trailblaze|p2a: Scream Tail\n|-damage|p2a: Scream Tail|229/330\n|-boost|p1a: Emboar|spe|1\n|\n|-weather|none\n|-heal|p1a: Emboar|11/100|[from] item: Leftovers\n|-heal|p2a: Scream Tail|249/330|[from] item: Leftovers\n|upkeep\n|turn|16\n|inactive|Time left: 300 sec this turn | 300 sec total\n|\n|t:|1783540840\n|move|p1a: Emboar|Flare Blitz|p2a: Scream Tail\n|-crit|p2a: Scream Tail\n|-damage|p2a: Scream Tail|0 fnt\n|faint|p2a: Scream Tail\n|-end|p2a: Scream Tail|Protosynthesis|[silent]\n|-damage|p1a: Emboar|0 fnt|[from] Recoil\n|faint|p1a: Emboar\n|\n|upkeep\n|inactive|Time left: 300 sec this turn | 300 sec total | 5 sec grace\n|\n|t:|1783540841\n|switch|p2a: Snorlax|Snorlax, L82, F|304/397\n|switch|p1a: Rayquaza|Rayquaza, L72|100/100\n|-ability|p1a: Rayquaza|Air Lock\n|turn|17\n|inactive|Time left: 300 sec this turn | 300 sec total\n|\n|t:|1783540842\n|move|p1a: Rayquaza|Swords Dance|p1a: Rayquaza\n|-boost|p1a: Rayquaza|atk|2\n|move|p2a: Snorlax|Body Slam|p1a: Rayquaza\n|-damage|p1a: Rayquaza|58/100\n|-status|p1a: Rayquaza|par\n|\n|-heal|p2a: Snorlax|328/397|[from] item: Leftovers\n|upkeep\n|turn|18\n|inactive|Time left: 300 sec this turn | 300 sec total\n|\n|t:|1783540842\n|move|p2a: Snorlax|Body Slam|p1a: Rayquaza\n|-damage|p1a: Rayquaza|15/100 par\n|move|p1a: Rayquaza|Scale Shot|p2a: Snorlax|[miss]\n|-miss|p1a: Rayquaza|p2a: Snorlax\n|\n|-heal|p2a: Snorlax|352/397|[from] item: Leftovers\n|upkeep\n|turn|19\n|inactive|Time left: 300 sec this turn | 300 sec total\n|\n|t:|1783540843\n|move|p2a: Snorlax|Body Slam|p1a: Rayquaza\n|-damage|p1a: Rayquaza|0 fnt\n|faint|p1a: Rayquaza\n|\n|-heal|p2a: Snorlax|376/397|[from] item: Leftovers\n|upkeep\n|\n|t:|1783540844\n|switch|p1a: Politoed|Politoed, L88, M|88/100\n|-weather|RainDance|[from] ability: Drizzle|[of] p1a: Politoed\n|turn|20\n|inactive|Time left: 300 sec this turn | 300 sec total\n|\n|t:|1783540845\n|move|p1a: Politoed|Surf|p2a: Snorlax\n|-damage|p2a: Snorlax|247/397\n|move|p2a: Snorlax|Body Slam|p1a: Politoed\n|-damage|p1a: Politoed|54/100\n|\n|-weather|RainDance|[upkeep]\n|-heal|p1a: Politoed|60/100|[from] item: Leftovers\n|-heal|p2a: Snorlax|271/397|[from] item: Leftovers\n|upkeep\n|turn|21\n|inactive|Time left: 300 sec this turn | 300 sec total\n|\n|t:|1783540846\n|move|p1a: Politoed|Hypnosis|p2a: Snorlax\n|-status|p2a: Snorlax|slp|[from] move: Hypnosis\n|cant|p2a: Snorlax|slp\n|\n|-weather|RainDance|[upkeep]\n|-heal|p1a: Politoed|66/100|[from] item: Leftovers\n|-heal|p2a: Snorlax|295/397 slp|[from] item: Leftovers\n|upkeep\n|turn|22\n|inactive|Time left: 300 sec this turn | 300 sec total\n|\n|t:|1783540847\n|move|p1a: Politoed|Surf|p2a: Snorlax\n|-damage|p2a: Snorlax|154/397 slp\n|cant|p2a: Snorlax|slp\n|\n|-weather|RainDance|[upkeep]\n|-heal|p1a: Politoed|72/100|[from] item: Leftovers\n|-heal|p2a: Snorlax|178/397 slp|[from] item: Leftovers\n|upkeep\n|turn|23\n|inactive|Time left: 300 sec this turn | 300 sec total\n|\n|t:|1783540848\n|move|p1a: Politoed|Surf|p2a: Snorlax\n|-crit|p2a: Snorlax\n|-damage|p2a: Snorlax|0 fnt\n|faint|p2a: Snorlax\n|\n|-weather|RainDance|[upkeep]\n|-heal|p1a: Politoed|78/100|[from] item: Leftovers\n|upkeep\n|inactive|Time left: 300 sec this turn | 300 sec total | 5 sec grace\n|\n|t:|1783540849\n|switch|p2a: Zebstrika|Zebstrika, L87, M|272/272\n|turn|24\n|inactive|Time left: 300 sec this turn | 300 sec total\n|\n|t:|1783540850\n|switch|p1a: Dragapult|Dragapult, L77, F|100/100\n|move|p2a: Zebstrika|Supercell Slam|p1a: Dragapult\n|-resisted|p1a: Dragapult\n|-damage|p1a: Dragapult|65/100\n|-damage|p2a: Zebstrika|245/272|[from] item: Life Orb\n|\n|-weather|none\n|upkeep\n|turn|25\n|inactive|Time left: 300 sec this turn | 300 sec total\n|\n|t:|1783540851\n|move|p1a: Dragapult|Fire Blast|p2a: Zebstrika\n|-damage|p2a: Zebstrika|118/272\n|move|p2a: Zebstrika|High Horsepower|p1a: Dragapult\n|-damage|p1a: Dragapult|18/100\n|-damage|p2a: Zebstrika|91/272|[from] item: Life Orb\n|\n|upkeep\n|turn|26\n|inactive|Time left: 300 sec this turn | 300 sec total\n|\n|t:|1783540853\n|-terastallize|p1a: Dragapult|Fire\n|move|p1a: Dragapult|Fire Blast|p2a: Zebstrika\n|-damage|p2a: Zebstrika|0 fnt\n|faint|p2a: Zebstrika\n|\n|upkeep\n|inactive|Time left: 300 sec this turn | 300 sec total | 5 sec grace\n|\n|t:|1783540854\n|switch|p2a: Trevenant|Trevenant, L89, F|296/296\n|turn|27\n|inactive|Time left: 300 sec this turn | 300 sec total\n|\n|t:|1783540855\n|move|p2a: Trevenant|Protect|p2a: Trevenant\n|-singleturn|p2a: Trevenant|Protect\n|move|p1a: Dragapult|Fire Blast|p2a: Trevenant\n|-activate|p2a: Trevenant|move: Protect\n|\n|upkeep\n|turn|28\n|inactive|Time left: 300 sec this turn | 300 sec total\n|\n|t:|1783540856\n|move|p2a: Trevenant|Protect||[still]\n|-fail|p2a: Trevenant\n|move|p1a: Dragapult|Fire Blast|p2a: Trevenant\n|-supereffective|p2a: Trevenant\n|-damage|p2a: Trevenant|0 fnt\n|faint|p2a: Trevenant\n|\n|win|p0x1435a66", "uploadtime": 1783540856, "views": 0, "rating": 0, "private": 0, "password": null, "_winner": "p0x1435a66", "_our_name": "p0y14302d1"}