{"id": "battle-gen9randombattle-2263", "formatid": "gen9randombattle", "format": "[Gen 9] Random Battle", "players": ["p0x2263dcb6", "p0y2263ff41"], "log": "|init|battle\n|title|p0x2263dcb6 vs. p0y2263ff41\n|j|\u2606p0x2263dcb6\n|j|\u2606p0y2263ff41\n|t:|1783565278\n|gametype|singles\n|player|p1|p0x2263dcb6|266|\n|player|p2|p0y2263ff41|1|\n|gen|9\n|tier|[Gen 9] Random Battle\n|rule|Species Clause: Limit one of each Pok\u00e9mon\n|rule|HP Percentage Mod: HP is shown in percentages\n|rule|Sleep Clause Mod: Limit one foe put to sleep\n|rule|Illusion Level Mod: Illusion disguises the Pok\u00e9mon's true level\n|\n|t:|1783565278\n|teamsize|p1|6\n|teamsize|p2|6\n|start\n|switch|p1a: Swalot|Swalot, L90, F|326/326\n|switch|p2a: Pyroar|Pyroar, L88, M|100/100\n|-ability|p2a: Pyroar|Unnerve\n|turn|1\n|inactive|Battle timer is ON: inactive players will automatically lose when time's up. (requested by p0x2263dcb6)\n|\n|t:|1783565280\n|move|p2a: Pyroar|Will-O-Wisp|p1a: Swalot\n|-status|p1a: Swalot|brn\n|move|p1a: Swalot|Sludge Bomb|p2a: Pyroar\n|-damage|p2a: Pyroar|67/100\n|\n|-damage|p1a: Swalot|306/326 brn|[from] brn\n|upkeep\n|turn|2\n|inactive|Time left: 300 sec this turn | 300 sec total\n|inactive|p0y2263ff41 also wants the timer to be on.\n|\n|t:|1783565281\n|switch|p2a: Hitmontop|Hitmontop, L88, M|100/100\n|-ability|p2a: Hitmontop|Intimidate|boost\n|-unboost|p1a: Swalot|atk|1\n|move|p1a: Swalot|Sludge Bomb|p2a: Hitmontop\n|-damage|p2a: Hitmontop|79/100\n|-status|p2a: Hitmontop|psn\n|\n|-heal|p1a: Swalot|326/326 brn|[from] item: Leftovers\n|-damage|p2a: Hitmontop|67/100 psn|[from] psn\n|-damage|p1a: Swalot|306/326 brn|[from] brn\n|upkeep\n|turn|3\n|inactive|Time left: 300 sec this turn | 300 sec total\n|\n|t:|1783565282\n|switch|p2a: Kricketune|Kricketune, L99, M|100/100\n|switch|p1a: Mudsdale|Mudsdale, L83, F|302/302\n|\n|upkeep\n|turn|4\n|inactive|Time left: 300 sec this turn | 300 sec total\n|\n|t:|1783565283\n|move|p2a: Kricketune|Sticky Web|p1a: Mudsdale\n|-sidestart|p1: p0x2263dcb6|move: Sticky Web\n|move|p1a: Mudsdale|Stone Edge|p2a: Kricketune|[miss]\n|-miss|p1a: Mudsdale|p2a: Kricketune\n|\n|upkeep\n|turn|5\n|inactive|Time left: 300 sec this turn | 300 sec total\n|\n|t:|1783565284\n|switch|p2a: Golduck|Golduck, L90, F|100/100\n|-ability|p2a: Golduck|Cloud Nine\n|move|p1a: Mudsdale|Stone Edge|p2a: Golduck\n|-damage|p2a: Golduck|72/100\n|\n|upkeep\n|turn|6\n|inactive|Time left: 300 sec this turn | 300 sec total\n|\n|t:|1783565285\n|switch|p1a: Blastoise|Blastoise, L80, F|258/258\n|-activate|p1a: Blastoise|move: Sticky Web\n|-unboost|p1a: Blastoise|spe|1\n|-enditem|p1a: Blastoise|White Herb\n|-clearnegativeboost|p1a: Blastoise|[silent]\n|move|p2a: Golduck|Hydro Pump|p1a: Blastoise\n|-resisted|p1a: Blastoise\n|-damage|p1a: Blastoise|168/258\n|\n|upkeep\n|turn|7\n|inactive|Time left: 300 sec this turn | 300 sec total\n|\n|t:|1783565287\n|move|p2a: Golduck|Hydro Pump|p1a: Blastoise\n|-resisted|p1a: Blastoise\n|-damage|p1a: Blastoise|69/258\n|move|p1a: Blastoise|Shell Smash|p1a: Blastoise\n|-unboost|p1a: Blastoise|def|1\n|-unboost|p1a: Blastoise|spd|1\n|-boost|p1a: Blastoise|atk|2\n|-boost|p1a: Blastoise|spa|2\n|-boost|p1a: Blastoise|spe|2\n|\n|upkeep\n|turn|8\n|inactive|Time left: 300 sec this turn | 300 sec total\n|\n|t:|1783565288\n|move|p1a: Blastoise|Hydro Pump|p2a: Golduck\n|-resisted|p2a: Golduck\n|-damage|p2a: Golduck|25/100\n|move|p2a: Golduck|Hydro Pump|p1a: Blastoise\n|-resisted|p1a: Blastoise\n|-damage|p1a: Blastoise|0 fnt\n|faint|p1a: Blastoise\n|\n|upkeep\n|inactive|Time left: 300 sec this turn | 300 sec total | 5 sec grace\n|\n|t:|1783565289\n|switch|p1a: Cinderace|Cinderace, L77, M|249/249\n|turn|9\n|inactive|Time left: 300 sec this turn | 300 sec total\n|\n|t:|1783565290\n|move|p1a: Cinderace|Court Change|p1a: Cinderace\n|-start|p1a: Cinderace|typechange|Normal|[from] ability: Libero\n|-swapsideconditions\n|-activate|p1a: Cinderace|move: Court Change\n|move|p2a: Golduck|Hydro Pump|p1a: Cinderace\n|-damage|p1a: Cinderace|21/249\n|\n|upkeep\n|turn|10\n|inactive|Time left: 300 sec this turn | 300 sec total\n|\n|t:|1783565291\n|move|p1a: Cinderace|High Jump Kick|p2a: Golduck\n|-damage|p2a: Golduck|0 fnt\n|faint|p2a: Golduck\n|\n|upkeep\n|\n|t:|1783565292\n|switch|p2a: Kricketune|Kricketune, L99, M|100/100\n|turn|11\n|inactive|Time left: 300 sec this turn | 300 sec total\n|\n|t:|1783565293\n|move|p1a: Cinderace|Pyro Ball|p2a: Kricketune\n|-supereffective|p2a: Kricketune\n|-damage|p2a: Kricketune|40/100\n|-status|p2a: Kricketune|brn\n|move|p2a: Kricketune|Sticky Web|p1a: Cinderace\n|-sidestart|p1: p0x2263dcb6|move: Sticky Web\n|\n|-damage|p2a: Kricketune|34/100 brn|[from] brn\n|upkeep\n|turn|12\n|inactive|Time left: 300 sec this turn | 300 sec total\n|\n|t:|1783565294\n|move|p1a: Cinderace|Pyro Ball|p2a: Kricketune\n|-supereffective|p2a: Kricketune\n|-damage|p2a: Kricketune|0 fnt\n|faint|p2a: Kricketune\n|\n|upkeep\n|\n|t:|1783565295\n|switch|p2a: Pyroar|Pyroar, L88, M|67/100\n|-ability|p2a: Pyroar|Unnerve\n|turn|13\n|inactive|Time left: 300 sec this turn | 300 sec total\n|\n|t:|1783565296\n|switch|p1a: Swalot|Swalot, L90, F|306/326 brn\n|-activate|p1a: Swalot|move: Sticky Web\n|-unboost|p1a: Swalot|spe|1\n|move|p2a: Pyroar|Fire Blast|p1a: Swalot\n|-damage|p1a: Swalot|171/326 brn\n|\n|-heal|p1a: Swalot|191/326 brn|[from] item: Leftovers\n|-damage|p1a: Swalot|171/326 brn|[from] brn\n|upkeep\n|turn|14\n|inactive|Time left: 300 sec this turn | 300 sec total\n|\n|t:|1783565297\n|move|p2a: Pyroar|Fire Blast|p1a: Swalot\n|-damage|p1a: Swalot|27/326 brn\n|move|p1a: Swalot|Sludge Bomb|p2a: Pyroar\n|-damage|p2a: Pyroar|29/100\n|-status|p2a: Pyroar|psn\n|\n|-heal|p1a: Swalot|47/326 brn|[from] item: Leftovers\n|-damage|p2a: Pyroar|17/100 psn|[from] psn\n|-damage|p1a: Swalot|27/326 brn|[from] brn\n|upkeep\n|turn|15\n|inactive|Time left: 300 sec this turn | 300 sec total\n|\n|t:|1783565298\n|move|p2a: Pyroar|Hyper Voice|p1a: Swalot\n|-damage|p1a: Swalot|0 fnt\n|faint|p1a: Swalot\n|\n|-damage|p2a: Pyroar|5/100 psn|[from] psn\n|upkeep\n|inactive|Time left: 300 sec this turn | 300 sec total | 5 sec grace\n|\n|t:|1783565299\n|switch|p1a: Mudsdale|Mudsdale, L83, F|302/302\n|-activate|p1a: Mudsdale|move: Sticky Web\n|-unboost|p1a: Mudsdale|spe|1\n|turn|16\n|inactive|Time left: 300 sec this turn | 300 sec total\n|\n|t:|1783565300\n|switch|p1a: Cinderace|Cinderace, L77, M|21/249\n|move|p2a: Pyroar|Fire Blast|p1a: Cinderace\n|-resisted|p1a: Cinderace\n|-crit|p1a: Cinderace\n|-damage|p1a: Cinderace|0 fnt\n|faint|p1a: Cinderace\n|\n|-damage|p2a: Pyroar|0 fnt|[from] psn\n|faint|p2a: Pyroar\n|upkeep\n|inactive|Time left: 300 sec this turn | 300 sec total | 5 sec grace\n|\n|t:|1783565301\n|switch|p2a: Hitmontop|Hitmontop, L88, M|67/100 psn\n|switch|p1a: Mudsdale|Mudsdale, L83, F|302/302\n|-activate|p2a: Hitmontop|move: Sticky Web\n|-unboost|p2a: Hitmontop|spe|1\n|-ability|p2a: Hitmontop|Intimidate|boost\n|-unboost|p1a: Mudsdale|atk|1\n|-activate|p1a: Mudsdale|move: Sticky Web\n|-unboost|p1a: Mudsdale|spe|1\n|turn|17\n|inactive|Time left: 300 sec this turn | 300 sec total\n|\n|t:|1783565302\n|move|p2a: Hitmontop|Rapid Spin|p1a: Mudsdale\n|-damage|p1a: Mudsdale|268/302\n|-boost|p2a: Hitmontop|spe|1\n|-ability|p1a: Mudsdale|Stamina|boost\n|-boost|p1a: Mudsdale|def|1\n|-sideend|p2: p0y2263ff41|Sticky Web|[from] move: Rapid Spin|[of] p2a: Hitmontop\n|move|p1a: Mudsdale|Heavy Slam|p2a: Hitmontop\n|-damage|p2a: Hitmontop|39/100 psn\n|\n|-heal|p1a: Mudsdale|286/302|[from] item: Leftovers\n|-damage|p2a: Hitmontop|27/100 psn|[from] psn\n|upkeep\n|turn|18\n|inactive|Time left: 300 sec this turn | 300 sec total\n|\n|t:|1783565303\n|move|p2a: Hitmontop|Close Combat|p1a: Mudsdale\n|-damage|p1a: Mudsdale|196/302\n|-unboost|p2a: Hitmontop|def|1\n|-unboost|p2a: Hitmontop|spd|1\n|-ability|p1a: Mudsdale|Stamina|boost\n|-boost|p1a: Mudsdale|def|1\n|move|p1a: Mudsdale|Earthquake|p2a: Hitmontop\n|-damage|p2a: Hitmontop|0 fnt\n|faint|p2a: Hitmontop\n|\n|-heal|p1a: Mudsdale|214/302|[from] item: Leftovers\n|upkeep\n|\n|t:|1783565304\n|switch|p2a: Whimsicott|Whimsicott, L84, F|100/100\n|turn|19\n|inactive|Time left: 300 sec this turn | 300 sec total\n|\n|t:|1783565305\n|move|p2a: Whimsicott|Leech Seed|p1a: Mudsdale\n|-start|p1a: Mudsdale|move: Leech Seed\n|move|p1a: Mudsdale|Heavy Slam|p2a: Whimsicott\n|-supereffective|p2a: Whimsicott\n|-damage|p2a: Whimsicott|39/100\n|\n|-heal|p2a: Whimsicott|45/100|[from] item: Leftovers\n|-heal|p1a: Mudsdale|232/302|[from] item: Leftovers\n|-damage|p1a: Mudsdale|195/302|[from] Leech Seed|[of] p2a: Whimsicott\n|-heal|p2a: Whimsicott|61/100|[silent]\n|upkeep\n|turn|20\n|inactive|Time left: 300 sec this turn | 300 sec total\n|\n|t:|1783565306\n|move|p2a: Whimsicott|Substitute|p2a: Whimsicott\n|-start|p2a: Whimsicott|Substitute\n|-damage|p2a: Whimsicott|36/100\n|move|p1a: Mudsdale|Heavy Slam|p2a: Whimsicott\n|-supereffective|p2a: Whimsicott\n|-end|p2a: Whimsicott|Substitute\n|\n|-heal|p2a: Whimsicott|42/100|[from] item: Leftovers\n|-heal|p1a: Mudsdale|213/302|[from] item: Leftovers\n|-damage|p1a: Mudsdale|176/302|[from] Leech Seed|[of] p2a: Whimsicott\n|-heal|p2a: Whimsicott|57/100|[silent]\n|upkeep\n|turn|21\n|inactive|Time left: 300 sec this turn | 300 sec total\n|\n|t:|1783565307\n|move|p2a: Whimsicott|Substitute|p2a: Whimsicott\n|-start|p2a: Whimsicott|Substitute\n|-damage|p2a: Whimsicott|32/100\n|move|p1a: Mudsdale|Heavy Slam|p2a: Whimsicott\n|-supereffective|p2a: Whimsicott\n|-end|p2a: Whimsicott|Substitute\n|\n|-heal|p2a: Whimsicott|38/100|[from] item: Leftovers\n|-heal|p1a: Mudsdale|194/302|[from] item: Leftovers\n|-damage|p1a: Mudsdale|157/302|[from] Leech Seed|[of] p2a: Whimsicott\n|-heal|p2a: Whimsicott|54/100|[silent]\n|upkeep\n|turn|22\n|inactive|Time left: 300 sec this turn | 300 sec total\n|\n|t:|1783565308\n|switch|p2a: Ampharos|Ampharos, L88, M|100/100\n|move|p1a: Mudsdale|Heavy Slam|p2a: Ampharos\n|-resisted|p2a: Ampharos\n|-damage|p2a: Ampharos|89/100\n|-status|p1a: Mudsdale|par|[from] ability: Static|[of] p2a: Ampharos\n|\n|-heal|p1a: Mudsdale|175/302 par|[from] item: Leftovers\n|-damage|p1a: Mudsdale|138/302 par|[from] Leech Seed|[of] p2a: Ampharos\n|-heal|p2a: Ampharos|100/100|[silent]\n|upkeep\n|turn|23\n|inactive|Time left: 300 sec this turn | 300 sec total\n|\n|t:|1783565309\n|move|p2a: Ampharos|Dazzling Gleam|p1a: Mudsdale\n|-crit|p1a: Mudsdale\n|-damage|p1a: Mudsdale|19/302 par\n|-ability|p1a: Mudsdale|Stamina|boost\n|-boost|p1a: Mudsdale|def|1\n|move|p1a: Mudsdale|Earthquake|p2a: Ampharos\n|-supereffective|p2a: Ampharos\n|-damage|p2a: Ampharos|43/100\n|\n|-heal|p1a: Mudsdale|37/302 par|[from] item: Leftovers\n|-damage|p1a: Mudsdale|0 fnt|[from] Leech Seed|[of] p2a: Ampharos\n|-heal|p2a: Ampharos|55/100|[silent]\n|faint|p1a: Mudsdale\n|upkeep\n|inactive|Time left: 300 sec this turn | 300 sec total | 5 sec grace\n|\n|t:|1783565310\n|switch|p1a: Lycanroc|Lycanroc-Midnight, L89, M|296/296\n|-activate|p1a: Lycanroc|move: Sticky Web\n|-unboost|p1a: Lycanroc|spe|1\n|turn|24\n|inactive|Time left: 300 sec this turn | 300 sec total\n|\n|t:|1783565311\n|move|p2a: Ampharos|Focus Blast|p1a: Lycanroc\n|-supereffective|p1a: Lycanroc\n|-damage|p1a: Lycanroc|52/296\n|move|p1a: Lycanroc|Stone Edge|p2a: Ampharos\n|-damage|p2a: Ampharos|2/100\n|-damage|p1a: Lycanroc|23/296|[from] item: Life Orb\n|\n|upkeep\n|turn|25\n|inactive|Time left: 300 sec this turn | 300 sec total\n|\n|t:|1783565312\n|move|p1a: Lycanroc|Sucker Punch|p2a: Ampharos\n|-damage|p2a: Ampharos|0 fnt\n|-status|p1a: Lycanroc|par|[from] ability: Static|[of] p2a: Ampharos\n|faint|p2a: Ampharos\n|-damage|p1a: Lycanroc|0 fnt|[from] item: Life Orb\n|faint|p1a: Lycanroc\n|\n|upkeep\n|inactive|Time left: 300 sec this turn | 300 sec total | 5 sec grace\n|\n|t:|1783565313\n|switch|p1a: Heracross|Heracross, L80, M|259/259\n|switch|p2a: Whimsicott|Whimsicott, L84, F|54/100\n|-activate|p1a: Heracross|move: Sticky Web\n|-unboost|p1a: Heracross|spe|1\n|turn|26\n|inactive|Time left: 300 sec this turn | 300 sec total\n|\n|t:|1783565314\n|move|p2a: Whimsicott|Leech Seed|p1a: Heracross\n|-start|p1a: Heracross|move: Leech Seed\n|move|p1a: Heracross|Megahorn|p2a: Whimsicott\n|-damage|p2a: Whimsicott|0 fnt\n|faint|p2a: Whimsicott\n|\n|win|p0x2263dcb6", "uploadtime": 1783565314, "views": 0, "rating": 0, "private": 0, "password": null, "_winner": "p0x2263dcb6", "_our_name": "p0x2263dcb6"}