{"id": "battle-gen9randombattle-1973", "formatid": "gen9randombattle", "format": "[Gen 9] Random Battle", "players": ["p0x1973bfb5", "p0y1973ace2"], "log": "|init|battle\n|title|p0x1973bfb5 vs. p0y1973ace2\n|j|\u2606p0x1973bfb5\n|j|\u2606p0y1973ace2\n|t:|1783562817\n|gametype|singles\n|player|p1|p0x1973bfb5|1|\n|player|p2|p0y1973ace2|170|\n|gen|9\n|tier|[Gen 9] Random Battle\n|rule|Species Clause: Limit one of each Pok\u00e9mon\n|rule|HP Percentage Mod: HP is shown in percentages\n|rule|Sleep Clause Mod: Limit one foe put to sleep\n|rule|Illusion Level Mod: Illusion disguises the Pok\u00e9mon's true level\n|\n|t:|1783562817\n|teamsize|p1|6\n|teamsize|p2|6\n|start\n|switch|p1a: Perrserker|Perrserker, L89, M|100/100\n|switch|p2a: Brute Bonnet|Brute Bonnet, L80|309/309\n|turn|1\n|inactive|Battle timer is ON: inactive players will automatically lose when time's up. (requested by p0x1973bfb5)\n|inactive|Time left: 300 sec this turn | 300 sec total | 60 sec grace\n|inactive|p0y1973ace2 also wants the timer to be on.\n|\n|t:|1783562818\n|-end|p2a: Brute Bonnet|Protosynthesis|[silent]\n|switch|p2a: Alomomola|Alomomola, L87, M|429/429\n|move|p1a: Perrserker|Close Combat|p2a: Alomomola\n|-damage|p2a: Alomomola|248/429\n|-unboost|p1a: Perrserker|def|1\n|-unboost|p1a: Perrserker|spd|1\n|-damage|p1a: Perrserker|91/100|[from] item: Life Orb\n|\n|-heal|p2a: Alomomola|274/429|[from] item: Leftovers\n|upkeep\n|turn|2\n|inactive|Time left: 300 sec this turn | 300 sec total\n|\n|t:|1783562819\n|move|p2a: Alomomola|Flip Turn|p1a: Perrserker\n|-damage|p1a: Perrserker|63/100\n|inactive|Time left: 300 sec this turn | 300 sec total | 5 sec grace\n|\n|t:|1783562820\n|switch|p2a: Oricorio|Oricorio-Pom-Pom, L82, F|257/257|[from] Flip Turn\n|move|p1a: Perrserker|Knock Off|p2a: Oricorio\n|-damage|p2a: Oricorio|80/257\n|-enditem|p2a: Oricorio|Heavy-Duty Boots|[from] move: Knock Off|[of] p1a: Perrserker\n|-damage|p1a: Perrserker|53/100|[from] item: Life Orb\n|\n|upkeep\n|turn|3\n|inactive|Time left: 300 sec this turn | 300 sec total\n|\n|t:|1783562821\n|switch|p1a: Ting-Lu|Ting-Lu, L78|100/100\n|-ability|p1a: Ting-Lu|Vessel of Ruin\n|move|p2a: Oricorio|Revelation Dance|p1a: Ting-Lu\n|-immune|p1a: Ting-Lu\n|\n|upkeep\n|turn|4\n|inactive|Time left: 300 sec this turn | 300 sec total\n|\n|t:|1783562822\n|move|p2a: Oricorio|Roost|p2a: Oricorio\n|-heal|p2a: Oricorio|209/257\n|-singleturn|p2a: Oricorio|move: Roost\n|move|p1a: Ting-Lu|Payback|p2a: Oricorio\n|-damage|p2a: Oricorio|80/257\n|\n|upkeep\n|turn|5\n|inactive|Time left: 300 sec this turn | 300 sec total\n|\n|t:|1783562823\n|move|p2a: Oricorio|Roost|p2a: Oricorio\n|-heal|p2a: Oricorio|209/257\n|-singleturn|p2a: Oricorio|move: Roost\n|move|p1a: Ting-Lu|Payback|p2a: Oricorio\n|-damage|p2a: Oricorio|76/257\n|\n|upkeep\n|turn|6\n|inactive|Time left: 300 sec this turn | 300 sec total\n|\n|t:|1783562824\n|move|p2a: Oricorio|Quiver Dance|p2a: Oricorio\n|-boost|p2a: Oricorio|spa|1\n|-boost|p2a: Oricorio|spd|1\n|-boost|p2a: Oricorio|spe|1\n|move|p1a: Ting-Lu|Payback|p2a: Oricorio\n|-damage|p2a: Oricorio|0 fnt\n|faint|p2a: Oricorio\n|\n|upkeep\n|inactive|Time left: 300 sec this turn | 300 sec total | 5 sec grace\n|\n|t:|1783562825\n|switch|p2a: Brute Bonnet|Brute Bonnet, L80|309/309\n|turn|7\n|inactive|Time left: 300 sec this turn | 300 sec total\n|\n|t:|1783562826\n|move|p2a: Brute Bonnet|Spore|p1a: Ting-Lu\n|-status|p1a: Ting-Lu|slp|[from] move: Spore\n|cant|p1a: Ting-Lu|slp\n|\n|upkeep\n|turn|8\n|inactive|Time left: 300 sec this turn | 300 sec total\n|\n|t:|1783562827\n|move|p2a: Brute Bonnet|Seed Bomb|p1a: Ting-Lu\n|-supereffective|p1a: Ting-Lu\n|-damage|p1a: Ting-Lu|53/100 slp\n|-curestatus|p1a: Ting-Lu|slp|[msg]\n|move|p1a: Ting-Lu|Ruination|p2a: Brute Bonnet\n|-damage|p2a: Brute Bonnet|155/309\n|\n|-heal|p2a: Brute Bonnet|174/309|[from] item: Leftovers\n|upkeep\n|turn|9\n|inactive|Time left: 300 sec this turn | 300 sec total\n|\n|t:|1783562828\n|switch|p1a: Trevenant|Trevenant, L89, F|100/100\n|move|p2a: Brute Bonnet|Spore|p1a: Trevenant\n|-immune|p1a: Trevenant\n|\n|-heal|p2a: Brute Bonnet|193/309|[from] item: Leftovers\n|upkeep\n|turn|10\n|inactive|Time left: 300 sec this turn | 300 sec total\n|\n|t:|1783562828\n|move|p1a: Trevenant|Toxic|p2a: Brute Bonnet\n|-status|p2a: Brute Bonnet|tox\n|move|p2a: Brute Bonnet|Crunch|p1a: Trevenant\n|-supereffective|p1a: Trevenant\n|-damage|p1a: Trevenant|35/100\n|-unboost|p1a: Trevenant|def|1\n|-enditem|p1a: Trevenant|Sitrus Berry|[eat]\n|-heal|p1a: Trevenant|60/100|[from] item: Sitrus Berry\n|\n|-heal|p2a: Brute Bonnet|212/309 tox|[from] item: Leftovers\n|-damage|p2a: Brute Bonnet|193/309 tox|[from] psn\n|upkeep\n|turn|11\n|inactive|Time left: 300 sec this turn | 300 sec total\n|\n|t:|1783562829\n|switch|p1a: Garchomp|Garchomp, L74, F|100/100\n|move|p2a: Brute Bonnet|Crunch|p1a: Garchomp\n|-damage|p1a: Garchomp|65/100\n|-damage|p2a: Brute Bonnet|155/309 tox|[from] ability: Rough Skin|[of] p1a: Garchomp\n|\n|-heal|p2a: Brute Bonnet|174/309 tox|[from] item: Leftovers\n|-damage|p2a: Brute Bonnet|136/309 tox|[from] psn\n|upkeep\n|turn|12\n|inactive|Time left: 300 sec this turn | 300 sec total\n|\n|t:|1783562830\n|move|p1a: Garchomp|Swords Dance|p1a: Garchomp\n|-boost|p1a: Garchomp|atk|2\n|move|p2a: Brute Bonnet|Seed Bomb|p1a: Garchomp\n|-damage|p1a: Garchomp|27/100\n|\n|-heal|p2a: Brute Bonnet|155/309 tox|[from] item: Leftovers\n|-damage|p2a: Brute Bonnet|98/309 tox|[from] psn\n|upkeep\n|turn|13\n|inactive|Time left: 300 sec this turn | 300 sec total\n|\n|t:|1783562831\n|move|p2a: Brute Bonnet|Sucker Punch|p1a: Garchomp\n|-damage|p1a: Garchomp|0 fnt\n|-damage|p2a: Brute Bonnet|60/309 tox|[from] ability: Rough Skin|[of] p1a: Garchomp\n|faint|p1a: Garchomp\n|\n|-heal|p2a: Brute Bonnet|79/309 tox|[from] item: Leftovers\n|-damage|p2a: Brute Bonnet|3/309 tox|[from] psn\n|upkeep\n|\n|t:|1783562832\n|switch|p1a: Perrserker|Perrserker, L89, M|53/100\n|turn|14\n|inactive|Time left: 300 sec this turn | 300 sec total\n|\n|t:|1783562833\n|move|p1a: Perrserker|Stealth Rock|p2a: Brute Bonnet\n|-sidestart|p2: p0y1973ace2|move: Stealth Rock\n|move|p2a: Brute Bonnet|Crunch|p1a: Perrserker\n|-damage|p1a: Perrserker|20/100\n|-unboost|p1a: Perrserker|def|1\n|\n|-heal|p2a: Brute Bonnet|22/309 tox|[from] item: Leftovers\n|-damage|p2a: Brute Bonnet|0 fnt|[from] psn\n|faint|p2a: Brute Bonnet\n|-end|p2a: Brute Bonnet|Protosynthesis|[silent]\n|upkeep\n|inactive|Time left: 300 sec this turn | 300 sec total | 5 sec grace\n|\n|t:|1783562834\n|switch|p2a: Delphox|Delphox, L84, M|263/263\n|-damage|p2a: Delphox|198/263|[from] Stealth Rock\n|turn|15\n|inactive|Time left: 300 sec this turn | 300 sec total\n|\n|t:|1783562835\n|switch|p1a: Ting-Lu|Ting-Lu, L78|53/100\n|-ability|p1a: Ting-Lu|Vessel of Ruin\n|move|p2a: Delphox|Fire Blast|p1a: Ting-Lu\n|-damage|p1a: Ting-Lu|22/100\n|\n|upkeep\n|turn|16\n|inactive|Time left: 300 sec this turn | 300 sec total\n|\n|t:|1783562836\n|switch|p1a: Vaporeon|Vaporeon, L86, M|100/100\n|move|p2a: Delphox|Fire Blast|p1a: Vaporeon\n|-resisted|p1a: Vaporeon\n|-damage|p1a: Vaporeon|77/100\n|\n|-heal|p1a: Vaporeon|83/100|[from] item: Leftovers\n|upkeep\n|turn|17\n|inactive|Time left: 300 sec this turn | 300 sec total\n|\n|t:|1783562837\n|move|p2a: Delphox|Fire Blast|p1a: Vaporeon\n|-resisted|p1a: Vaporeon\n|-damage|p1a: Vaporeon|59/100\n|move|p1a: Vaporeon|Scald|p2a: Delphox\n|-supereffective|p2a: Delphox\n|-damage|p2a: Delphox|30/263\n|\n|-heal|p1a: Vaporeon|65/100|[from] item: Leftovers\n|upkeep\n|turn|18\n|inactive|Time left: 300 sec this turn | 300 sec total\n|\n|t:|1783562838\n|move|p2a: Delphox|Fire Blast|p1a: Vaporeon\n|-resisted|p1a: Vaporeon\n|-damage|p1a: Vaporeon|30/100\n|move|p1a: Vaporeon|Scald|p2a: Delphox\n|-supereffective|p2a: Delphox\n|-damage|p2a: Delphox|0 fnt\n|faint|p2a: Delphox\n|\n|-heal|p1a: Vaporeon|36/100|[from] item: Leftovers\n|upkeep\n|inactive|Time left: 300 sec this turn | 300 sec total | 5 sec grace\n|\n|t:|1783562839\n|switch|p2a: Hypno|Hypno, L95, M|315/315\n|-damage|p2a: Hypno|276/315|[from] Stealth Rock\n|turn|19\n|inactive|Time left: 300 sec this turn | 300 sec total\n|\n|t:|1783562840\n|move|p1a: Vaporeon|Protect|p1a: Vaporeon\n|-singleturn|p1a: Vaporeon|Protect\n|move|p2a: Hypno|Knock Off|p1a: Vaporeon\n|-activate|p1a: Vaporeon|move: Protect\n|\n|-heal|p2a: Hypno|295/315|[from] item: Leftovers\n|-heal|p1a: Vaporeon|42/100|[from] item: Leftovers\n|upkeep\n|turn|20\n|inactive|Time left: 300 sec this turn | 300 sec total\n|\n|t:|1783562841\n|switch|p1a: Ting-Lu|Ting-Lu, L78|22/100\n|-ability|p1a: Ting-Lu|Vessel of Ruin\n|move|p2a: Hypno|Knock Off|p1a: Ting-Lu\n|-resisted|p1a: Ting-Lu\n|-damage|p1a: Ting-Lu|15/100\n|-enditem|p1a: Ting-Lu|Assault Vest|[from] move: Knock Off|[of] p2a: Hypno\n|\n|-heal|p2a: Hypno|314/315|[from] item: Leftovers\n|upkeep\n|turn|21\n|inactive|Time left: 300 sec this turn | 300 sec total\n|\n|t:|1783562842\n|switch|p2a: Alomomola|Alomomola, L87, M|417/429\n|-damage|p2a: Alomomola|364/429|[from] Stealth Rock\n|move|p1a: Ting-Lu|Ruination|p2a: Alomomola\n|-damage|p2a: Alomomola|182/429\n|\n|-heal|p2a: Alomomola|208/429|[from] item: Leftovers\n|upkeep\n|turn|22\n|inactive|Time left: 300 sec this turn | 300 sec total\n|\n|t:|1783562843\n|switch|p1a: Vaporeon|Vaporeon, L86, M|42/100\n|move|p2a: Alomomola|Wish|p2a: Alomomola\n|\n|-heal|p2a: Alomomola|234/429|[from] item: Leftovers\n|-heal|p1a: Vaporeon|48/100|[from] item: Leftovers\n|upkeep\n|turn|23\n|inactive|Time left: 300 sec this turn | 300 sec total\n|\n|t:|1783562845\n|switch|p2a: Hypno|Hypno, L95, M|314/315\n|-damage|p2a: Hypno|275/315|[from] Stealth Rock\n|move|p1a: Vaporeon|Wish|p1a: Vaporeon\n|\n|-heal|p2a: Hypno|315/315|[from] move: Wish|[wisher] Alomomola\n|-heal|p1a: Vaporeon|54/100|[from] item: Leftovers\n|upkeep\n|turn|24\n|inactive|Time left: 300 sec this turn | 300 sec total\n|\n|t:|1783562845\n|switch|p1a: Ting-Lu|Ting-Lu, L78|15/100\n|-ability|p1a: Ting-Lu|Vessel of Ruin\n|move|p2a: Hypno|Knock Off|p1a: Ting-Lu\n|-resisted|p1a: Ting-Lu\n|-damage|p1a: Ting-Lu|9/100\n|\n|-heal|p1a: Ting-Lu|58/100|[from] move: Wish|[wisher] Vaporeon\n|upkeep\n|turn|25\n|inactive|Time left: 300 sec this turn | 300 sec total\n|\n|t:|1783562847\n|switch|p2a: Alomomola|Alomomola, L87, M|377/429\n|-damage|p2a: Alomomola|324/429|[from] Stealth Rock\n|move|p1a: Ting-Lu|Ruination|p2a: Alomomola|[miss]\n|-miss|p1a: Ting-Lu|p2a: Alomomola\n|\n|-heal|p2a: Alomomola|350/429|[from] item: Leftovers\n|upkeep\n|turn|26\n|inactive|Time left: 300 sec this turn | 300 sec total\n|\n|t:|1783562848\n|switch|p1a: Vaporeon|Vaporeon, L86, M|54/100\n|move|p2a: Alomomola|Scald|p1a: Vaporeon\n|-heal|p1a: Vaporeon|79/100|[from] ability: Water Absorb|[of] p2a: Alomomola\n|\n|-heal|p2a: Alomomola|376/429|[from] item: Leftovers\n|-heal|p1a: Vaporeon|85/100|[from] item: Leftovers\n|upkeep\n|turn|27\n|inactive|Time left: 300 sec this turn | 300 sec total\n|\n|t:|1783562849\n|move|p2a: Alomomola|Wish|p2a: Alomomola\n|move|p1a: Vaporeon|Wish|p1a: Vaporeon\n|\n|-heal|p2a: Alomomola|402/429|[from] item: Leftovers\n|-heal|p1a: Vaporeon|91/100|[from] item: Leftovers\n|upkeep\n|turn|28\n|inactive|Time left: 300 sec this turn | 300 sec total\n|\n|t:|1783562850\n|move|p2a: Alomomola|Scald|p1a: Vaporeon\n|-heal|p1a: Vaporeon|100/100|[from] ability: Water Absorb|[of] p2a: Alomomola\n|move|p1a: Vaporeon|Flip Turn|p2a: Alomomola\n|-resisted|p2a: Alomomola\n|-damage|p2a: Alomomola|378/429\n|\n|t:|1783562851\n|switch|p1a: Perrserker|Perrserker, L89, M|20/100|[from] Flip Turn\n|\n|-heal|p2a: Alomomola|429/429|[from] move: Wish|[wisher] Alomomola\n|-heal|p1a: Perrserker|88/100|[from] move: Wish|[wisher] Vaporeon\n|upkeep\n|turn|29\n|inactive|Time left: 300 sec this turn | 300 sec total\n|\n|t:|1783562852\n|switch|p1a: Vaporeon|Vaporeon, L86, M|100/100\n|move|p2a: Alomomola|Scald|p1a: Vaporeon\n|-immune|p1a: Vaporeon|[from] ability: Water Absorb\n|\n|upkeep\n|turn|30\n|inactive|Time left: 300 sec this turn | 300 sec total\n|\n|t:|1783562853\n|move|p2a: Alomomola|Wish|p2a: Alomomola\n|move|p1a: Vaporeon|Scald|p2a: Alomomola\n|-resisted|p2a: Alomomola\n|-damage|p2a: Alomomola|351/429\n|\n|-heal|p2a: Alomomola|377/429|[from] item: Leftovers\n|upkeep\n|turn|31\n|inactive|Time left: 300 sec this turn | 300 sec total\n|\n|t:|1783562854\n|move|p2a: Alomomola|Scald|p1a: Vaporeon\n|-immune|p1a: Vaporeon|[from] ability: Water Absorb\n|move|p1a: Vaporeon|Scald|p2a: Alomomola\n|-resisted|p2a: Alomomola\n|-damage|p2a: Alomomola|308/429\n|-status|p2a: Alomomola|brn\n|\n|-heal|p2a: Alomomola|429/429 brn|[from] move: Wish|[wisher] Alomomola\n|-damage|p2a: Alomomola|403/429 brn|[from] brn\n|upkeep\n|turn|32\n|inactive|Time left: 300 sec this turn | 300 sec total\n|\n|t:|1783562855\n|move|p2a: Alomomola|Wish|p2a: Alomomola\n|move|p1a: Vaporeon|Wish|p1a: Vaporeon\n|\n|-heal|p2a: Alomomola|429/429 brn|[from] item: Leftovers\n|-damage|p2a: Alomomola|403/429 brn|[from] brn\n|upkeep\n|turn|33\n|inactive|Time left: 300 sec this turn | 300 sec total\n|\n|t:|1783562856\n|switch|p1a: Trevenant|Trevenant, L89, F|60/100\n|move|p2a: Alomomola|Scald|p1a: Trevenant\n|-resisted|p1a: Trevenant\n|-damage|p1a: Trevenant|52/100\n|-status|p1a: Trevenant|brn\n|\n|-heal|p2a: Alomomola|429/429 brn|[from] move: Wish|[wisher] Alomomola\n|-heal|p1a: Trevenant|100/100 brn|[from] move: Wish|[wisher] Vaporeon\n|-damage|p2a: Alomomola|403/429 brn|[from] brn\n|-damage|p1a: Trevenant|94/100 brn|[from] brn\n|-item|p1a: Trevenant|Sitrus Berry|[from] ability: Harvest\n|upkeep\n|turn|34\n|inactive|Time left: 300 sec this turn | 300 sec total\n|\n|t:|1783562857\n|switch|p1a: Vaporeon|Vaporeon, L86, M|100/100\n|move|p2a: Alomomola|Scald|p1a: Vaporeon\n|-immune|p1a: Vaporeon|[from] ability: Water Absorb\n|\n|-heal|p2a: Alomomola|429/429 brn|[from] item: Leftovers\n|-damage|p2a: Alomomola|403/429 brn|[from] brn\n|upkeep\n|turn|35\n|inactive|Time left: 300 sec this turn | 300 sec total\n|\n|t:|1783562858\n|move|p2a: Alomomola|Wish|p2a: Alomomola\n|move|p1a: Vaporeon|Scald|p2a: Alomomola\n|-resisted|p2a: Alomomola\n|-damage|p2a: Alomomola|331/429 brn\n|\n|-heal|p2a: Alomomola|357/429 brn|[from] item: Leftovers\n|-damage|p2a: Alomomola|331/429 brn|[from] brn\n|upkeep\n|turn|36\n|inactive|Time left: 300 sec this turn | 300 sec total\n|\n|t:|1783562859\n|switch|p2a: Carbink|Carbink, L90|236/236\n|-damage|p2a: Carbink|207/236|[from] Stealth Rock\n|move|p1a: Vaporeon|Wish|p1a: Vaporeon\n|\n|-heal|p2a: Carbink|236/236|[from] move: Wish|[wisher] Alomomola\n|upkeep\n|turn|37\n|inactive|Time left: 300 sec this turn | 300 sec total\n|\n|t:|1783562860\n|move|p1a: Vaporeon|Scald|p2a: Carbink\n|-supereffective|p2a: Carbink\n|-damage|p2a: Carbink|114/236\n|move|p2a: Carbink|Iron Defense|p2a: Carbink\n|-boost|p2a: Carbink|def|2\n|\n|upkeep\n|turn|38\n|inactive|Time left: 300 sec this turn | 300 sec total\n|\n|t:|1783562861\n|-terastallize|p2a: Carbink|Fighting\n|move|p1a: Vaporeon|Scald|p2a: Carbink\n|-damage|p2a: Carbink|54/236\n|move|p2a: Carbink|Rest|p2a: Carbink\n|-status|p2a: Carbink|slp|[from] move: Rest\n|-heal|p2a: Carbink|236/236 slp|[silent]\n|-enditem|p2a: Carbink|Chesto Berry|[eat]\n|-curestatus|p2a: Carbink|slp|[msg]\n|\n|upkeep\n|turn|39\n|inactive|Time left: 300 sec this turn | 300 sec total\n|\n|t:|1783562862\n|move|p1a: Vaporeon|Protect|p1a: Vaporeon\n|-singleturn|p1a: Vaporeon|Protect\n|move|p2a: Carbink|Body Press|p1a: Vaporeon\n|-activate|p1a: Vaporeon|move: Protect\n|\n|upkeep\n|turn|40\n|inactive|Time left: 300 sec this turn | 300 sec total\n|\n|t:|1783562863\n|switch|p1a: Trevenant|Trevenant, L89, F|94/100 brn\n|move|p2a: Carbink|Body Press|p1a: Trevenant\n|-immune|p1a: Trevenant\n|\n|-damage|p1a: Trevenant|88/100 brn|[from] brn\n|upkeep\n|turn|41\n|inactive|Time left: 300 sec this turn | 300 sec total\n|\n|t:|1783562864\n|move|p1a: Trevenant|Toxic|p2a: Carbink\n|-status|p2a: Carbink|tox\n|move|p2a: Carbink|Moonblast|p1a: Trevenant\n|-damage|p1a: Trevenant|64/100 brn\n|\n|-damage|p2a: Carbink|222/236 tox|[from] psn\n|-damage|p1a: Trevenant|58/100 brn|[from] brn\n|upkeep\n|turn|42\n|inactive|Time left: 300 sec this turn | 300 sec total\n|\n|t:|1783562865\n|move|p1a: Trevenant|Poltergeist||[still]\n|-fail|p1a: Trevenant\n|move|p2a: Carbink|Body Press|p1a: Trevenant\n|-immune|p1a: Trevenant\n|\n|-damage|p2a: Carbink|194/236 tox|[from] psn\n|-damage|p1a: Trevenant|52/100 brn|[from] brn\n|upkeep\n|turn|43\n|inactive|Time left: 300 sec this turn | 300 sec total\n|\n|t:|1783562866\n|move|p1a: Trevenant|Drain Punch|p2a: Carbink\n|-damage|p2a: Carbink|183/236 tox\n|-heal|p1a: Trevenant|54/100 brn|[from] drain|[of] p2a: Carbink\n|move|p2a: Carbink|Rest|p2a: Carbink\n|-status|p2a: Carbink|slp|[from] move: Rest\n|-heal|p2a: Carbink|236/236 slp|[silent]\n|\n|-damage|p1a: Trevenant|48/100 brn|[from] brn\n|upkeep\n|-enditem|p1a: Trevenant|Sitrus Berry|[eat]\n|-heal|p1a: Trevenant|73/100 brn|[from] item: Sitrus Berry\n|turn|44\n|inactive|Time left: 300 sec this turn | 300 sec total\n|\n|t:|1783562867\n|switch|p1a: Ting-Lu|Ting-Lu, L78|58/100\n|-ability|p1a: Ting-Lu|Vessel of Ruin\n|cant|p2a: Carbink|slp\n|\n|upkeep\n|turn|45\n|inactive|Time left: 300 sec this turn | 300 sec total\n|\n|t:|1783562868\n|cant|p2a: Carbink|slp\n|move|p1a: Ting-Lu|Ruination|p2a: Carbink\n|-damage|p2a: Carbink|118/236 slp\n|\n|upkeep\n|turn|46\n|inactive|Time left: 300 sec this turn | 300 sec total\n|\n|t:|1783562869\n|switch|p1a: Trevenant|Trevenant, L89, F|73/100 brn\n|-curestatus|p2a: Carbink|slp|[msg]\n|move|p2a: Carbink|Body Press|p1a: Trevenant\n|-immune|p1a: Trevenant\n|\n|-damage|p1a: Trevenant|67/100 brn|[from] brn\n|-item|p1a: Trevenant|Sitrus Berry|[from] ability: Harvest\n|upkeep\n|turn|47\n|inactive|Time left: 300 sec this turn | 300 sec total\n|\n|t:|1783562870\n|move|p1a: Trevenant|Toxic|p2a: Carbink\n|-status|p2a: Carbink|tox\n|move|p2a: Carbink|Body Press|p1a: Trevenant\n|-immune|p1a: Trevenant\n|\n|-damage|p2a: Carbink|104/236 tox|[from] psn\n|-damage|p1a: Trevenant|61/100 brn|[from] brn\n|upkeep\n|turn|48\n|inactive|Time left: 300 sec this turn | 300 sec total\n|\n|t:|1783562871\n|switch|p1a: Ting-Lu|Ting-Lu, L78|58/100\n|-ability|p1a: Ting-Lu|Vessel of Ruin\n|move|p2a: Carbink|Rest|p2a: Carbink\n|-status|p2a: Carbink|slp|[from] move: Rest\n|-heal|p2a: Carbink|236/236 slp|[silent]\n|\n|upkeep\n|turn|49\n|inactive|Time left: 300 sec this turn | 300 sec total\n|\n|t:|1783562872\n|cant|p2a: Carbink|slp\n|move|p1a: Ting-Lu|Ruination|p2a: Carbink\n|-damage|p2a: Carbink|118/236 slp\n|\n|upkeep\n|turn|50\n|inactive|Time left: 300 sec this turn | 300 sec total\n|\n|t:|1783562873\n|switch|p1a: Vaporeon|Vaporeon, L86, M|100/100\n|cant|p2a: Carbink|slp\n|\n|upkeep\n|turn|51\n|inactive|Time left: 300 sec this turn | 300 sec total\n|\n|t:|1783562874\n|move|p1a: Vaporeon|Scald|p2a: Carbink\n|-damage|p2a: Carbink|52/236 slp\n|-curestatus|p2a: Carbink|slp|[msg]\n|move|p2a: Carbink|Body Press|p1a: Vaporeon\n|-damage|p1a: Vaporeon|0 fnt\n|faint|p1a: Vaporeon\n|\n|upkeep\n|\n|t:|1783562875\n|switch|p1a: Ambipom|Ambipom, L84, F|100/100\n|turn|52\n|inactive|Time left: 300 sec this turn | 300 sec total\n|\n|t:|1783562876\n|-terastallize|p1a: Ambipom|Normal\n|move|p1a: Ambipom|Double-Edge|p2a: Carbink\n|-damage|p2a: Carbink|0 fnt\n|faint|p2a: Carbink\n|-damage|p1a: Ambipom|94/100|[from] Recoil\n|\n|upkeep\n|inactive|Time left: 300 sec this turn | 300 sec total | 5 sec grace\n|\n|t:|1783562877\n|switch|p2a: Alomomola|Alomomola, L87, M|429/429 brn\n|-damage|p2a: Alomomola|376/429 brn|[from] Stealth Rock\n|turn|53\n|inactive|Time left: 300 sec this turn | 300 sec total\n|\n|t:|1783562878\n|switch|p1a: Trevenant|Trevenant, L89, F|61/100 brn\n|move|p2a: Alomomola|Scald|p1a: Trevenant\n|-resisted|p1a: Trevenant\n|-damage|p1a: Trevenant|52/100 brn\n|\n|-heal|p2a: Alomomola|402/429 brn|[from] item: Leftovers\n|-damage|p2a: Alomomola|376/429 brn|[from] brn\n|-damage|p1a: Trevenant|46/100 brn|[from] brn\n|upkeep\n|-enditem|p1a: Trevenant|Sitrus Berry|[eat]\n|-heal|p1a: Trevenant|71/100 brn|[from] item: Sitrus Berry\n|turn|54\n|inactive|Time left: 300 sec this turn | 300 sec total\n|\n|t:|1783562879\n|move|p2a: Alomomola|Wish|p2a: Alomomola\n|move|p1a: Trevenant|Drain Punch|p2a: Alomomola\n|-damage|p2a: Alomomola|343/429 brn\n|-heal|p1a: Trevenant|77/100 brn|[from] drain|[of] p2a: Alomomola\n|\n|-heal|p2a: Alomomola|369/429 brn|[from] item: Leftovers\n|-damage|p2a: Alomomola|343/429 brn|[from] brn\n|-damage|p1a: Trevenant|71/100 brn|[from] brn\n|upkeep\n|turn|55\n|inactive|Time left: 300 sec this turn | 300 sec total\n|\n|t:|1783562880\n|move|p2a: Alomomola|Scald|p1a: Trevenant\n|-resisted|p1a: Trevenant\n|-damage|p1a: Trevenant|62/100 brn\n|move|p1a: Trevenant|Toxic||[still]\n|-fail|p1a: Trevenant\n|\n|-heal|p2a: Alomomola|429/429 brn|[from] move: Wish|[wisher] Alomomola\n|-damage|p2a: Alomomola|403/429 brn|[from] brn\n|-damage|p1a: Trevenant|56/100 brn|[from] brn\n|upkeep\n|turn|56\n|inactive|Time left: 300 sec this turn | 300 sec total\n|\n|t:|1783562881\n|move|p2a: Alomomola|Wish|p2a: Alomomola\n|move|p1a: Trevenant|Toxic||[still]\n|-fail|p1a: Trevenant\n|\n|-heal|p2a: Alomomola|429/429 brn|[from] item: Leftovers\n|-damage|p2a: Alomomola|403/429 brn|[from] brn\n|-damage|p1a: Trevenant|50/100 brn|[from] brn\n|upkeep\n|turn|57\n|inactive|Time left: 300 sec this turn | 300 sec total\n|\n|t:|1783562882\n|move|p2a: Alomomola|Scald|p1a: Trevenant\n|-resisted|p1a: Trevenant\n|-damage|p1a: Trevenant|42/100 brn\n|move|p1a: Trevenant|Toxic|p2a: Alomomola|[miss]\n|-miss|p1a: Trevenant|p2a: Alomomola\n|\n|-heal|p2a: Alomomola|429/429 brn|[from] move: Wish|[wisher] Alomomola\n|-damage|p2a: Alomomola|403/429 brn|[from] brn\n|-damage|p1a: Trevenant|36/100 brn|[from] brn\n|-item|p1a: Trevenant|Sitrus Berry|[from] ability: Harvest\n|upkeep\n|-enditem|p1a: Trevenant|Sitrus Berry|[eat]\n|-heal|p1a: Trevenant|61/100 brn|[from] item: Sitrus Berry\n|turn|58\n|inactive|Time left: 300 sec this turn | 300 sec total\n|\n|t:|1783562883\n|move|p2a: Alomomola|Scald|p1a: Trevenant\n|-resisted|p1a: Trevenant\n|-damage|p1a: Trevenant|53/100 brn\n|move|p1a: Trevenant|Poltergeist|p2a: Alomomola\n|-activate|p2a: Alomomola|move: Poltergeist|Leftovers\n|-damage|p2a: Alomomola|331/429 brn\n|\n|-heal|p2a: Alomomola|357/429 brn|[from] item: Leftovers\n|-damage|p2a: Alomomola|331/429 brn|[from] brn\n|-damage|p1a: Trevenant|47/100 brn|[from] brn\n|-item|p1a: Trevenant|Sitrus Berry|[from] ability: Harvest\n|upkeep\n|-enditem|p1a: Trevenant|Sitrus Berry|[eat]\n|-heal|p1a: Trevenant|72/100 brn|[from] item: Sitrus Berry\n|turn|59\n|inactive|Time left: 300 sec this turn | 300 sec total\n|\n|t:|1783562884\n|move|p2a: Alomomola|Scald|p1a: Trevenant\n|-resisted|p1a: Trevenant\n|-damage|p1a: Trevenant|64/100 brn\n|move|p1a: Trevenant|Poltergeist|p2a: Alomomola\n|-activate|p2a: Alomomola|move: Poltergeist|Leftovers\n|-damage|p2a: Alomomola|253/429 brn\n|\n|-heal|p2a: Alomomola|279/429 brn|[from] item: Leftovers\n|-damage|p2a: Alomomola|253/429 brn|[from] brn\n|-damage|p1a: Trevenant|58/100 brn|[from] brn\n|-item|p1a: Trevenant|Sitrus Berry|[from] ability: Harvest\n|upkeep\n|turn|60\n|inactive|Time left: 300 sec this turn | 300 sec total\n|\n|t:|1783562885\n|move|p2a: Alomomola|Wish|p2a: Alomomola\n|move|p1a: Trevenant|Poltergeist|p2a: Alomomola\n|-activate|p2a: Alomomola|move: Poltergeist|Leftovers\n|-damage|p2a: Alomomola|178/429 brn\n|\n|-heal|p2a: Alomomola|204/429 brn|[from] item: Leftovers\n|-damage|p2a: Alomomola|178/429 brn|[from] brn\n|-damage|p1a: Trevenant|52/100 brn|[from] brn\n|upkeep\n|turn|61\n|inactive|Time left: 300 sec this turn | 300 sec total\n|\n|t:|1783562886\n|move|p2a: Alomomola|Scald|p1a: Trevenant\n|-resisted|p1a: Trevenant\n|-damage|p1a: Trevenant|43/100 brn\n|-enditem|p1a: Trevenant|Sitrus Berry|[eat]\n|-heal|p1a: Trevenant|68/100 brn|[from] item: Sitrus Berry\n|move|p1a: Trevenant|Drain Punch|p2a: Alomomola\n|-damage|p2a: Alomomola|144/429 brn\n|-heal|p1a: Trevenant|73/100 brn|[from] drain|[of] p2a: Alomomola\n|\n|-heal|p2a: Alomomola|358/429 brn|[from] move: Wish|[wisher] Alomomola\n|-heal|p2a: Alomomola|384/429 brn|[from] item: Leftovers\n|-damage|p2a: Alomomola|358/429 brn|[from] brn\n|-damage|p1a: Trevenant|67/100 brn|[from] brn\n|upkeep\n|turn|62\n|inactive|Time left: 300 sec this turn | 300 sec total\n|\n|t:|1783562887\n|move|p2a: Alomomola|Scald|p1a: Trevenant\n|-resisted|p1a: Trevenant\n|-damage|p1a: Trevenant|59/100 brn\n|move|p1a: Trevenant|Poltergeist|p2a: Alomomola\n|-activate|p2a: Alomomola|move: Poltergeist|Leftovers\n|-damage|p2a: Alomomola|289/429 brn\n|\n|-heal|p2a: Alomomola|315/429 brn|[from] item: Leftovers\n|-damage|p2a: Alomomola|289/429 brn|[from] brn\n|-damage|p1a: Trevenant|53/100 brn|[from] brn\n|-item|p1a: Trevenant|Sitrus Berry|[from] ability: Harvest\n|upkeep\n|turn|63\n|inactive|Time left: 300 sec this turn | 300 sec total\n|\n|t:|1783562889\n|move|p2a: Alomomola|Wish|p2a: Alomomola\n|move|p1a: Trevenant|Poltergeist|p2a: Alomomola\n|-activate|p2a: Alomomola|move: Poltergeist|Leftovers\n|-damage|p2a: Alomomola|214/429 brn\n|\n|-heal|p2a: Alomomola|240/429 brn|[from] item: Leftovers\n|-damage|p2a: Alomomola|214/429 brn|[from] brn\n|-damage|p1a: Trevenant|47/100 brn|[from] brn\n|upkeep\n|-enditem|p1a: Trevenant|Sitrus Berry|[eat]\n|-heal|p1a: Trevenant|72/100 brn|[from] item: Sitrus Berry\n|turn|64\n|inactive|Time left: 300 sec this turn | 300 sec total\n|\n|t:|1783562890\n|move|p2a: Alomomola|Scald|p1a: Trevenant\n|-resisted|p1a: Trevenant\n|-damage|p1a: Trevenant|64/100 brn\n|move|p1a: Trevenant|Drain Punch|p2a: Alomomola\n|-damage|p2a: Alomomola|182/429 brn\n|-heal|p1a: Trevenant|70/100 brn|[from] drain|[of] p2a: Alomomola\n|\n|-heal|p2a: Alomomola|396/429 brn|[from] move: Wish|[wisher] Alomomola\n|-heal|p2a: Alomomola|422/429 brn|[from] item: Leftovers\n|-damage|p2a: Alomomola|396/429 brn|[from] brn\n|-damage|p1a: Trevenant|64/100 brn|[from] brn\n|upkeep\n|turn|65\n|inactive|Time left: 300 sec this turn | 300 sec total\n|\n|t:|1783562891\n|move|p2a: Alomomola|Scald|p1a: Trevenant\n|-resisted|p1a: Trevenant\n|-damage|p1a: Trevenant|55/100 brn\n|move|p1a: Trevenant|Poltergeist|p2a: Alomomola\n|-activate|p2a: Alomomola|move: Poltergeist|Leftovers\n|-damage|p2a: Alomomola|319/429 brn\n|\n|-heal|p2a: Alomomola|345/429 brn|[from] item: Leftovers\n|-damage|p2a: Alomomola|319/429 brn|[from] brn\n|-damage|p1a: Trevenant|49/100 brn|[from] brn\n|upkeep\n|turn|66\n|inactive|Time left: 300 sec this turn | 300 sec total\n|\n|t:|1783562892\n|move|p2a: Alomomola|Wish|p2a: Alomomola\n|move|p1a: Trevenant|Poltergeist|p2a: Alomomola\n|-activate|p2a: Alomomola|move: Poltergeist|Leftovers\n|-damage|p2a: Alomomola|250/429 brn\n|\n|-heal|p2a: Alomomola|276/429 brn|[from] item: Leftovers\n|-damage|p2a: Alomomola|250/429 brn|[from] brn\n|-damage|p1a: Trevenant|43/100 brn|[from] brn\n|-item|p1a: Trevenant|Sitrus Berry|[from] ability: Harvest\n|upkeep\n|-enditem|p1a: Trevenant|Sitrus Berry|[eat]\n|-heal|p1a: Trevenant|68/100 brn|[from] item: Sitrus Berry\n|turn|67\n|inactive|Time left: 300 sec this turn | 300 sec total\n|\n|t:|1783562893\n|move|p2a: Alomomola|Scald|p1a: Trevenant\n|-resisted|p1a: Trevenant\n|-damage|p1a: Trevenant|60/100 brn\n|move|p1a: Trevenant|Toxic||[still]\n|-fail|p1a: Trevenant\n|\n|-heal|p2a: Alomomola|429/429 brn|[from] move: Wish|[wisher] Alomomola\n|-damage|p2a: Alomomola|403/429 brn|[from] brn\n|-damage|p1a: Trevenant|54/100 brn|[from] brn\n|upkeep\n|turn|68\n|inactive|Time left: 300 sec this turn | 300 sec total\n|\n|t:|1783562894\n|move|p2a: Alomomola|Scald|p1a: Trevenant\n|-resisted|p1a: Trevenant\n|-damage|p1a: Trevenant|46/100 brn\n|move|p1a: Trevenant|Toxic||[still]\n|-fail|p1a: Trevenant\n|\n|-heal|p2a: Alomomola|429/429 brn|[from] item: Leftovers\n|-damage|p2a: Alomomola|403/429 brn|[from] brn\n|-damage|p1a: Trevenant|40/100 brn|[from] brn\n|upkeep\n|turn|69\n|inactive|Time left: 300 sec this turn | 300 sec total\n|\n|t:|1783562895\n|move|p2a: Alomomola|Scald|p1a: Trevenant\n|-resisted|p1a: Trevenant\n|-damage|p1a: Trevenant|31/100 brn\n|move|p1a: Trevenant|Toxic||[still]\n|-fail|p1a: Trevenant\n|\n|-heal|p2a: Alomomola|429/429 brn|[from] item: Leftovers\n|-damage|p2a: Alomomola|403/429 brn|[from] brn\n|-damage|p1a: Trevenant|24/100 brn|[from] brn\n|-item|p1a: Trevenant|Sitrus Berry|[from] ability: Harvest\n|upkeep\n|-enditem|p1a: Trevenant|Sitrus Berry|[eat]\n|-heal|p1a: Trevenant|49/100 brn|[from] item: Sitrus Berry\n|turn|70\n|inactive|Time left: 300 sec this turn | 300 sec total\n|\n|t:|1783562896\n|move|p2a: Alomomola|Scald|p1a: Trevenant\n|-resisted|p1a: Trevenant\n|-damage|p1a: Trevenant|41/100 brn\n|move|p1a: Trevenant|Drain Punch|p2a: Alomomola\n|-damage|p2a: Alomomola|371/429 brn\n|-heal|p1a: Trevenant|47/100 brn|[from] drain|[of] p2a: Alomomola\n|\n|-heal|p2a: Alomomola|397/429 brn|[from] item: Leftovers\n|-damage|p2a: Alomomola|371/429 brn|[from] brn\n|-damage|p1a: Trevenant|41/100 brn|[from] brn\n|-item|p1a: Trevenant|Sitrus Berry|[from] ability: Harvest\n|upkeep\n|-enditem|p1a: Trevenant|Sitrus Berry|[eat]\n|-heal|p1a: Trevenant|66/100 brn|[from] item: Sitrus Berry\n|turn|71\n|inactive|Time left: 300 sec this turn | 300 sec total\n|\n|t:|1783562897\n|move|p2a: Alomomola|Scald|p1a: Trevenant\n|-resisted|p1a: Trevenant\n|-damage|p1a: Trevenant|58/100 brn\n|move|p1a: Trevenant|Drain Punch|p2a: Alomomola\n|-damage|p2a: Alomomola|334/429 brn\n|-heal|p1a: Trevenant|64/100 brn|[from] drain|[of] p2a: Alomomola\n|\n|-heal|p2a: Alomomola|360/429 brn|[from] item: Leftovers\n|-damage|p2a: Alomomola|334/429 brn|[from] brn\n|-damage|p1a: Trevenant|58/100 brn|[from] brn\n|upkeep\n|turn|72\n|inactive|Time left: 300 sec this turn | 300 sec total\n|\n|t:|1783562898\n|move|p2a: Alomomola|Scald|p1a: Trevenant\n|-resisted|p1a: Trevenant\n|-damage|p1a: Trevenant|49/100 brn\n|move|p1a: Trevenant|Drain Punch|p2a: Alomomola\n|-crit|p2a: Alomomola\n|-damage|p2a: Alomomola|287/429 brn\n|-heal|p1a: Trevenant|57/100 brn|[from] drain|[of] p2a: Alomomola\n|\n|-heal|p2a: Alomomola|313/429 brn|[from] item: Leftovers\n|-damage|p2a: Alomomola|287/429 brn|[from] brn\n|-damage|p1a: Trevenant|51/100 brn|[from] brn\n|-item|p1a: Trevenant|Sitrus Berry|[from] ability: Harvest\n|upkeep\n|turn|73\n|inactive|Time left: 300 sec this turn | 300 sec total\n|\n|t:|1783562899\n|move|p2a: Alomomola|Wish|p2a: Alomomola\n|move|p1a: Trevenant|Toxic||[still]\n|-fail|p1a: Trevenant\n|\n|-heal|p2a: Alomomola|313/429 brn|[from] item: Leftovers\n|-damage|p2a: Alomomola|287/429 brn|[from] brn\n|-damage|p1a: Trevenant|45/100 brn|[from] brn\n|upkeep\n|-enditem|p1a: Trevenant|Sitrus Berry|[eat]\n|-heal|p1a: Trevenant|70/100 brn|[from] item: Sitrus Berry\n|turn|74\n|inactive|Time left: 300 sec this turn | 300 sec total\n|\n|t:|1783562900\n|switch|p1a: Ting-Lu|Ting-Lu, L78|58/100\n|-ability|p1a: Ting-Lu|Vessel of Ruin\n|move|p2a: Alomomola|Scald|p1a: Ting-Lu\n|-supereffective|p1a: Ting-Lu\n|-damage|p1a: Ting-Lu|36/100\n|\n|-heal|p2a: Alomomola|429/429 brn|[from] move: Wish|[wisher] Alomomola\n|-damage|p2a: Alomomola|403/429 brn|[from] brn\n|upkeep\n|turn|75\n|inactive|Time left: 300 sec this turn | 300 sec total\n|\n|t:|1783562901\n|move|p2a: Alomomola|Scald|p1a: Ting-Lu\n|-supereffective|p1a: Ting-Lu\n|-damage|p1a: Ting-Lu|11/100\n|-status|p1a: Ting-Lu|brn\n|move|p1a: Ting-Lu|Ruination|p2a: Alomomola|[miss]\n|-miss|p1a: Ting-Lu|p2a: Alomomola\n|\n|-heal|p2a: Alomomola|429/429 brn|[from] item: Leftovers\n|-damage|p2a: Alomomola|403/429 brn|[from] brn\n|-damage|p1a: Ting-Lu|5/100 brn|[from] brn\n|upkeep\n|turn|76\n|inactive|Time left: 300 sec this turn | 300 sec total\n|\n|t:|1783562902\n|move|p2a: Alomomola|Scald|p1a: Ting-Lu\n|-supereffective|p1a: Ting-Lu\n|-damage|p1a: Ting-Lu|0 fnt\n|faint|p1a: Ting-Lu\n|\n|-heal|p2a: Alomomola|429/429 brn|[from] item: Leftovers\n|-damage|p2a: Alomomola|403/429 brn|[from] brn\n|upkeep\n|\n|t:|1783562903\n|switch|p1a: Perrserker|Perrserker, L89, M|88/100\n|turn|77\n|inactive|Time left: 300 sec this turn | 300 sec total\n|\n|t:|1783562904\n|move|p2a: Alomomola|Wish|p2a: Alomomola\n|move|p1a: Perrserker|Knock Off|p2a: Alomomola\n|-damage|p2a: Alomomola|255/429 brn\n|-enditem|p2a: Alomomola|Leftovers|[from] move: Knock Off|[of] p1a: Perrserker\n|-damage|p1a: Perrserker|78/100|[from] item: Life Orb\n|\n|-damage|p2a: Alomomola|229/429 brn|[from] brn\n|upkeep\n|turn|78\n|inactive|Time left: 300 sec this turn | 300 sec total\n|\n|t:|1783562905\n|move|p2a: Alomomola|Wish||[still]\n|-fail|p2a: Alomomola\n|move|p1a: Perrserker|Knock Off|p2a: Alomomola\n|-damage|p2a: Alomomola|133/429 brn\n|-damage|p1a: Perrserker|69/100|[from] item: Life Orb\n|\n|-heal|p2a: Alomomola|347/429 brn|[from] move: Wish|[wisher] Alomomola\n|-damage|p2a: Alomomola|321/429 brn|[from] brn\n|upkeep\n|turn|79\n|inactive|Time left: 300 sec this turn | 300 sec total\n|\n|t:|1783562906\n|move|p2a: Alomomola|Wish|p2a: Alomomola\n|move|p1a: Perrserker|Knock Off|p2a: Alomomola\n|-damage|p2a: Alomomola|226/429 brn\n|-damage|p1a: Perrserker|59/100|[from] item: Life Orb\n|\n|-damage|p2a: Alomomola|200/429 brn|[from] brn\n|upkeep\n|turn|80\n|inactive|Time left: 300 sec this turn | 300 sec total\n|\n|t:|1783562908\n|move|p2a: Alomomola|Protect|p2a: Alomomola\n|-singleturn|p2a: Alomomola|Protect\n|move|p1a: Perrserker|Knock Off|p2a: Alomomola\n|-activate|p2a: Alomomola|move: Protect\n|\n|-heal|p2a: Alomomola|414/429 brn|[from] move: Wish|[wisher] Alomomola\n|-damage|p2a: Alomomola|388/429 brn|[from] brn\n|upkeep\n|turn|81\n|inactive|Time left: 300 sec this turn | 300 sec total\n|\n|t:|1783562909\n|move|p2a: Alomomola|Wish|p2a: Alomomola\n|move|p1a: Perrserker|Knock Off|p2a: Alomomola\n|-damage|p2a: Alomomola|280/429 brn\n|-damage|p1a: Perrserker|49/100|[from] item: Life Orb\n|\n|-damage|p2a: Alomomola|254/429 brn|[from] brn\n|upkeep\n|turn|82\n|inactive|Time left: 300 sec this turn | 300 sec total\n|\n|t:|1783562910\n|move|p2a: Alomomola|Protect|p2a: Alomomola\n|-singleturn|p2a: Alomomola|Protect\n|move|p1a: Perrserker|Knock Off|p2a: Alomomola\n|-activate|p2a: Alomomola|move: Protect\n|\n|-heal|p2a: Alomomola|429/429 brn|[from] move: Wish|[wisher] Alomomola\n|-damage|p2a: Alomomola|403/429 brn|[from] brn\n|upkeep\n|turn|83\n|inactive|Time left: 300 sec this turn | 300 sec total\n|\n|t:|1783562911\n|move|p2a: Alomomola|Wish|p2a: Alomomola\n|move|p1a: Perrserker|Knock Off|p2a: Alomomola\n|-damage|p2a: Alomomola|296/429 brn\n|-damage|p1a: Perrserker|40/100|[from] item: Life Orb\n|\n|-damage|p2a: Alomomola|270/429 brn|[from] brn\n|upkeep\n|turn|84\n|inactive|Time left: 300 sec this turn | 300 sec total\n|\n|t:|1783562912\n|move|p2a: Alomomola|Protect|p2a: Alomomola\n|-singleturn|p2a: Alomomola|Protect\n|move|p1a: Perrserker|Knock Off|p2a: Alomomola\n|-activate|p2a: Alomomola|move: Protect\n|\n|-heal|p2a: Alomomola|429/429 brn|[from] move: Wish|[wisher] Alomomola\n|-damage|p2a: Alomomola|403/429 brn|[from] brn\n|upkeep\n|turn|85\n|inactive|Time left: 300 sec this turn | 300 sec total\n|\n|t:|1783562913\n|move|p2a: Alomomola|Protect|p2a: Alomomola\n|-singleturn|p2a: Alomomola|Protect\n|move|p1a: Perrserker|Knock Off|p2a: Alomomola\n|-activate|p2a: Alomomola|move: Protect\n|\n|-damage|p2a: Alomomola|377/429 brn|[from] brn\n|upkeep\n|turn|86\n|inactive|Time left: 300 sec this turn | 300 sec total\n|\n|t:|1783562913\n|move|p2a: Alomomola|Protect||[still]\n|-fail|p2a: Alomomola\n|move|p1a: Perrserker|Knock Off|p2a: Alomomola\n|-damage|p2a: Alomomola|270/429 brn\n|-damage|p1a: Perrserker|30/100|[from] item: Life Orb\n|\n|-damage|p2a: Alomomola|244/429 brn|[from] brn\n|upkeep\n|turn|87\n|inactive|Time left: 300 sec this turn | 300 sec total\n|\n|t:|1783562914\n|move|p2a: Alomomola|Protect|p2a: Alomomola\n|-singleturn|p2a: Alomomola|Protect\n|move|p1a: Perrserker|Knock Off|p2a: Alomomola\n|-activate|p2a: Alomomola|move: Protect\n|\n|-damage|p2a: Alomomola|218/429 brn|[from] brn\n|upkeep\n|turn|88\n|inactive|Time left: 300 sec this turn | 300 sec total\n|\n|t:|1783562915\n|move|p2a: Alomomola|Protect|p2a: Alomomola\n|-singleturn|p2a: Alomomola|Protect\n|move|p1a: Perrserker|Knock Off|p2a: Alomomola\n|-activate|p2a: Alomomola|move: Protect\n|\n|-damage|p2a: Alomomola|192/429 brn|[from] brn\n|upkeep\n|turn|89\n|inactive|Time left: 300 sec this turn | 300 sec total\n|\n|t:|1783562916\n|move|p2a: Alomomola|Protect||[still]\n|-fail|p2a: Alomomola\n|move|p1a: Perrserker|Knock Off|p2a: Alomomola\n|-damage|p2a: Alomomola|89/429 brn\n|-damage|p1a: Perrserker|20/100|[from] item: Life Orb\n|\n|-damage|p2a: Alomomola|63/429 brn|[from] brn\n|upkeep\n|turn|90\n|inactive|Time left: 300 sec this turn | 300 sec total\n|\n|t:|1783562917\n|move|p2a: Alomomola|Protect|p2a: Alomomola\n|-singleturn|p2a: Alomomola|Protect\n|move|p1a: Perrserker|Knock Off|p2a: Alomomola\n|-activate|p2a: Alomomola|move: Protect\n|\n|-damage|p2a: Alomomola|37/429 brn|[from] brn\n|upkeep\n|turn|91\n|inactive|Time left: 300 sec this turn | 300 sec total\n|\n|t:|1783562918\n|move|p2a: Alomomola|Protect|p2a: Alomomola\n|-singleturn|p2a: Alomomola|Protect\n|move|p1a: Perrserker|Knock Off|p2a: Alomomola\n|-activate|p2a: Alomomola|move: Protect\n|\n|-damage|p2a: Alomomola|11/429 brn|[from] brn\n|upkeep\n|turn|92\n|inactive|Time left: 300 sec this turn | 300 sec total\n|\n|t:|1783562919\n|move|p2a: Alomomola|Protect||[still]\n|-fail|p2a: Alomomola\n|move|p1a: Perrserker|Knock Off|p2a: Alomomola\n|-damage|p2a: Alomomola|0 fnt\n|faint|p2a: Alomomola\n|-damage|p1a: Perrserker|11/100|[from] item: Life Orb\n|\n|upkeep\n|inactive|Time left: 300 sec this turn | 300 sec total | 5 sec grace\n|\n|t:|1783562920\n|switch|p2a: Hypno|Hypno, L95, M|315/315\n|-damage|p2a: Hypno|276/315|[from] Stealth Rock\n|turn|93\n|inactive|Time left: 300 sec this turn | 300 sec total\n|\n|t:|1783562921\n|move|p2a: Hypno|Knock Off|p1a: Perrserker\n|-damage|p1a: Perrserker|0 fnt\n|-enditem|p1a: Perrserker|Life Orb|[from] move: Knock Off|[of] p2a: Hypno\n|faint|p1a: Perrserker\n|\n|-heal|p2a: Hypno|295/315|[from] item: Leftovers\n|upkeep\n|\n|t:|1783562922\n|switch|p1a: Ambipom|Ambipom, L84, F, tera:Normal|94/100\n|turn|94\n|inactive|Time left: 300 sec this turn | 300 sec total\n|\n|t:|1783562923\n|move|p1a: Ambipom|Fake Out|p2a: Hypno\n|-damage|p2a: Hypno|191/315\n|cant|p2a: Hypno|flinch\n|\n|-heal|p2a: Hypno|210/315|[from] item: Leftovers\n|upkeep\n|turn|95\n|inactive|Time left: 300 sec this turn | 300 sec total\n|\n|t:|1783562923\n|move|p1a: Ambipom|Double-Edge|p2a: Hypno\n|-damage|p2a: Hypno|0 fnt\n|faint|p2a: Hypno\n|-damage|p1a: Ambipom|68/100|[from] Recoil\n|\n|win|p0x1973bfb5", "uploadtime": 1783562923, "views": 0, "rating": 0, "private": 0, "password": null, "_winner": "p0x1973bfb5", "_our_name": "p0y1973ace2"}