{"id": "battle-gen9randombattle-124", "formatid": "gen9randombattle", "format": "[Gen 9] Random Battle", "players": ["p0x12405be", "p0y124c101"], "log": "|init|battle\n|title|p0x12405be vs. p0y124c101\n|j|\u2606p0x12405be\n|j|\u2606p0y124c101\n|t:|1783534698\n|gametype|singles\n|player|p1|p0x12405be|265|\n|player|p2|p0y124c101|1|\n|gen|9\n|tier|[Gen 9] Random Battle\n|rule|Species Clause: Limit one of each Pok\u00e9mon\n|rule|HP Percentage Mod: HP is shown in percentages\n|rule|Sleep Clause Mod: Limit one foe put to sleep\n|rule|Illusion Level Mod: Illusion disguises the Pok\u00e9mon's true level\n|\n|t:|1783534698\n|teamsize|p1|6\n|teamsize|p2|6\n|start\n|switch|p1a: Florges|Florges-Yellow, L85, F|100/100\n|switch|p2a: Gliscor|Gliscor, L76, M|239/239\n|turn|1\n|inactive|Battle timer is ON: inactive players will automatically lose when time's up. (requested by p0y124c101)\n|inactive|p0x12405be also wants the timer to be on.\n|\n|t:|1783534700\n|move|p2a: Gliscor|Toxic Spikes|p1a: Florges\n|-sidestart|p1: p0x12405be|move: Toxic Spikes\n|move|p1a: Florges|Moonblast|p2a: Gliscor\n|-damage|p2a: Gliscor|97/239\n|\n|-status|p2a: Gliscor|tox|[from] item: Toxic Orb\n|upkeep\n|turn|2\n|inactive|Time left: 300 sec this turn | 300 sec total\n|\n|t:|1783534701\n|move|p2a: Gliscor|Protect|p2a: Gliscor\n|-singleturn|p2a: Gliscor|Protect\n|move|p1a: Florges|Moonblast|p2a: Gliscor\n|-activate|p2a: Gliscor|move: Protect\n|\n|-heal|p2a: Gliscor|126/239 tox|[from] ability: Poison Heal\n|upkeep\n|turn|3\n|inactive|Time left: 300 sec this turn | 300 sec total\n|\n|t:|1783534702\n|move|p2a: Gliscor|Toxic Spikes|p1a: Florges\n|-sidestart|p1: p0x12405be|move: Toxic Spikes\n|move|p1a: Florges|Moonblast|p2a: Gliscor\n|-damage|p2a: Gliscor|0 fnt\n|faint|p2a: Gliscor\n|\n|upkeep\n|inactive|Time left: 300 sec this turn | 300 sec total | 5 sec grace\n|\n|t:|1783534703\n|switch|p2a: Barraskewda|Barraskewda, L81, M|231/231\n|turn|4\n|inactive|Time left: 300 sec this turn | 300 sec total\n|\n|t:|1783534704\n|switch|p1a: Toxapex|Toxapex, L82, F|100/100\n|-sideend|p1: p0x12405be|move: Toxic Spikes|[of] p1a: Toxapex\n|move|p2a: Barraskewda|Waterfall|p1a: Toxapex\n|-resisted|p1a: Toxapex\n|-damage|p1a: Toxapex|78/100\n|\n|-heal|p1a: Toxapex|84/100|[from] item: Leftovers\n|upkeep\n|turn|5\n|inactive|Time left: 300 sec this turn | 300 sec total\n|\n|t:|1783534705\n|switch|p1a: Arboliva|Arboliva, L91, M|100/100\n|move|p2a: Barraskewda|Waterfall|p1a: Arboliva\n|-resisted|p1a: Arboliva\n|-damage|p1a: Arboliva|79/100\n|-fieldstart|move: Grassy Terrain|[from] ability: Seed Sower|[of] p1a: Arboliva\n|\n|-heal|p1a: Arboliva|85/100|[from] Grassy Terrain\n|-heal|p1a: Arboliva|92/100|[from] item: Leftovers\n|upkeep\n|turn|6\n|inactive|Time left: 300 sec this turn | 300 sec total\n|\n|t:|1783534706\n|switch|p2a: Iron Crown|Iron Crown, L78|268/268\n|move|p1a: Arboliva|Energy Ball|p2a: Iron Crown\n|-resisted|p2a: Iron Crown\n|-damage|p2a: Iron Crown|187/268\n|\n|-heal|p2a: Iron Crown|203/268|[from] Grassy Terrain\n|-heal|p2a: Iron Crown|219/268|[from] item: Leftovers\n|-heal|p1a: Arboliva|98/100|[from] Grassy Terrain\n|-heal|p1a: Arboliva|100/100|[from] item: Leftovers\n|upkeep\n|turn|7\n|inactive|Time left: 300 sec this turn | 300 sec total\n|\n|t:|1783534708\n|move|p2a: Iron Crown|Calm Mind|p2a: Iron Crown\n|-boost|p2a: Iron Crown|spa|1\n|-boost|p2a: Iron Crown|spd|1\n|move|p1a: Arboliva|Earth Power|p2a: Iron Crown\n|-supereffective|p2a: Iron Crown\n|-damage|p2a: Iron Crown|103/268\n|\n|-heal|p2a: Iron Crown|119/268|[from] Grassy Terrain\n|-heal|p2a: Iron Crown|135/268|[from] item: Leftovers\n|upkeep\n|turn|8\n|inactive|Time left: 300 sec this turn | 300 sec total\n|\n|t:|1783534709\n|move|p2a: Iron Crown|Calm Mind|p2a: Iron Crown\n|-boost|p2a: Iron Crown|spa|1\n|-boost|p2a: Iron Crown|spd|1\n|move|p1a: Arboliva|Earth Power|p2a: Iron Crown\n|-supereffective|p2a: Iron Crown\n|-crit|p2a: Iron Crown\n|-damage|p2a: Iron Crown|0 fnt\n|faint|p2a: Iron Crown\n|-end|p2a: Iron Crown|Quark Drive|[silent]\n|\n|upkeep\n|inactive|Time left: 300 sec this turn | 300 sec total | 5 sec grace\n|\n|t:|1783534710\n|switch|p2a: Klefki|Klefki, L84, F|233/233\n|turn|9\n|inactive|Time left: 300 sec this turn | 300 sec total\n|\n|t:|1783534711\n|move|p2a: Klefki|Spikes|p1a: Arboliva\n|-sidestart|p1: p0x12405be|Spikes\n|move|p1a: Arboliva|Earth Power|p2a: Klefki\n|-supereffective|p2a: Klefki\n|-damage|p2a: Klefki|43/233\n|\n|-heal|p2a: Klefki|57/233|[from] Grassy Terrain\n|-heal|p2a: Klefki|71/233|[from] item: Leftovers\n|-fieldend|move: Grassy Terrain\n|upkeep\n|turn|10\n|inactive|Time left: 300 sec this turn | 300 sec total\n|\n|t:|1783534712\n|move|p2a: Klefki|Spikes|p1a: Arboliva\n|-sidestart|p1: p0x12405be|Spikes\n|move|p1a: Arboliva|Hyper Voice|p2a: Klefki\n|-resisted|p2a: Klefki\n|-damage|p2a: Klefki|7/233\n|\n|-heal|p2a: Klefki|21/233|[from] item: Leftovers\n|upkeep\n|turn|11\n|inactive|Time left: 300 sec this turn | 300 sec total\n|\n|t:|1783534713\n|move|p2a: Klefki|Spikes|p1a: Arboliva\n|-sidestart|p1: p0x12405be|Spikes\n|move|p1a: Arboliva|Energy Ball|p2a: Klefki\n|-resisted|p2a: Klefki\n|-damage|p2a: Klefki|0 fnt\n|faint|p2a: Klefki\n|\n|upkeep\n|inactive|Time left: 300 sec this turn | 300 sec total | 5 sec grace\n|\n|t:|1783534714\n|switch|p2a: Hitmontop|Hitmontop, L88, M|231/231\n|-ability|p2a: Hitmontop|Intimidate|boost\n|-unboost|p1a: Arboliva|atk|1\n|turn|12\n|inactive|Time left: 300 sec this turn | 300 sec total\n|\n|t:|1783534715\n|move|p2a: Hitmontop|Rapid Spin|p1a: Arboliva\n|-damage|p1a: Arboliva|88/100\n|-boost|p2a: Hitmontop|spe|1\n|-fieldstart|move: Grassy Terrain|[from] ability: Seed Sower|[of] p1a: Arboliva\n|move|p1a: Arboliva|Energy Ball|p2a: Hitmontop\n|-damage|p2a: Hitmontop|141/231\n|\n|-heal|p2a: Hitmontop|155/231|[from] Grassy Terrain\n|-heal|p1a: Arboliva|95/100|[from] Grassy Terrain\n|-heal|p1a: Arboliva|100/100|[from] item: Leftovers\n|upkeep\n|turn|13\n|inactive|Time left: 300 sec this turn | 300 sec total\n|\n|t:|1783534716\n|move|p2a: Hitmontop|Rapid Spin|p1a: Arboliva\n|-damage|p1a: Arboliva|88/100\n|-boost|p2a: Hitmontop|spe|1\n|move|p1a: Arboliva|Energy Ball|p2a: Hitmontop\n|-damage|p2a: Hitmontop|62/231\n|\n|-heal|p2a: Hitmontop|76/231|[from] Grassy Terrain\n|-heal|p1a: Arboliva|95/100|[from] Grassy Terrain\n|-heal|p1a: Arboliva|100/100|[from] item: Leftovers\n|upkeep\n|turn|14\n|inactive|Time left: 300 sec this turn | 300 sec total\n|\n|t:|1783534717\n|move|p2a: Hitmontop|Close Combat|p1a: Arboliva\n|-supereffective|p1a: Arboliva\n|-damage|p1a: Arboliva|9/100\n|-unboost|p2a: Hitmontop|def|1\n|-unboost|p2a: Hitmontop|spd|1\n|move|p1a: Arboliva|Energy Ball|p2a: Hitmontop\n|-damage|p2a: Hitmontop|0 fnt\n|faint|p2a: Hitmontop\n|\n|-heal|p1a: Arboliva|16/100|[from] Grassy Terrain\n|-heal|p1a: Arboliva|22/100|[from] item: Leftovers\n|upkeep\n|inactive|Time left: 300 sec this turn | 300 sec total | 5 sec grace\n|\n|t:|1783534718\n|switch|p2a: Barraskewda|Barraskewda, L81, M|231/231\n|turn|15\n|inactive|Time left: 300 sec this turn | 300 sec total\n|\n|t:|1783534719\n|move|p2a: Barraskewda|Waterfall|p1a: Arboliva\n|-resisted|p1a: Arboliva\n|-damage|p1a: Arboliva|0 fnt\n|faint|p1a: Arboliva\n|\n|upkeep\n|\n|t:|1783534719\n|switch|p1a: Ampharos|Ampharos, L88, F|100/100\n|-damage|p1a: Ampharos|76/100|[from] Spikes\n|turn|16\n|inactive|Time left: 300 sec this turn | 300 sec total\n|\n|t:|1783534720\n|move|p2a: Barraskewda|Waterfall|p1a: Ampharos\n|-damage|p1a: Ampharos|30/100\n|cant|p1a: Ampharos|flinch\n|\n|-heal|p1a: Ampharos|36/100|[from] Grassy Terrain\n|-fieldend|move: Grassy Terrain\n|upkeep\n|turn|17\n|inactive|Time left: 300 sec this turn | 300 sec total\n|\n|t:|1783534721\n|switch|p1a: Toxapex|Toxapex, L82, F|100/100\n|-damage|p1a: Toxapex|75/100|[from] Spikes\n|move|p2a: Barraskewda|Waterfall|p1a: Toxapex\n|-resisted|p1a: Toxapex\n|-damage|p1a: Toxapex|54/100\n|\n|-heal|p1a: Toxapex|60/100|[from] item: Leftovers\n|upkeep\n|turn|18\n|inactive|Time left: 300 sec this turn | 300 sec total\n|\n|t:|1783534722\n|move|p2a: Barraskewda|Waterfall|p1a: Toxapex\n|-resisted|p1a: Toxapex\n|-damage|p1a: Toxapex|39/100\n|move|p1a: Toxapex|Recover|p1a: Toxapex\n|-heal|p1a: Toxapex|89/100\n|\n|-heal|p1a: Toxapex|95/100|[from] item: Leftovers\n|upkeep\n|turn|19\n|inactive|Time left: 300 sec this turn | 300 sec total\n|\n|t:|1783534723\n|move|p2a: Barraskewda|Waterfall|p1a: Toxapex\n|-resisted|p1a: Toxapex\n|-damage|p1a: Toxapex|73/100\n|move|p1a: Toxapex|Liquidation|p2a: Barraskewda\n|-resisted|p2a: Barraskewda\n|-damage|p2a: Barraskewda|192/231\n|\n|-heal|p1a: Toxapex|79/100|[from] item: Leftovers\n|upkeep\n|turn|20\n|inactive|Time left: 300 sec this turn | 300 sec total\n|\n|t:|1783534724\n|move|p2a: Barraskewda|Waterfall|p1a: Toxapex\n|-resisted|p1a: Toxapex\n|-damage|p1a: Toxapex|56/100\n|move|p1a: Toxapex|Recover|p1a: Toxapex\n|-heal|p1a: Toxapex|100/100\n|\n|upkeep\n|turn|21\n|inactive|Time left: 300 sec this turn | 300 sec total\n|\n|t:|1783534725\n|move|p2a: Barraskewda|Waterfall|p1a: Toxapex\n|-resisted|p1a: Toxapex\n|-damage|p1a: Toxapex|78/100\n|cant|p1a: Toxapex|flinch\n|\n|-heal|p1a: Toxapex|84/100|[from] item: Leftovers\n|upkeep\n|turn|22\n|inactive|Time left: 300 sec this turn | 300 sec total\n|\n|t:|1783534726\n|move|p2a: Barraskewda|Waterfall|p1a: Toxapex\n|-resisted|p1a: Toxapex\n|-damage|p1a: Toxapex|63/100\n|move|p1a: Toxapex|Liquidation|p2a: Barraskewda\n|-resisted|p2a: Barraskewda\n|-damage|p2a: Barraskewda|153/231\n|\n|-heal|p1a: Toxapex|69/100|[from] item: Leftovers\n|upkeep\n|turn|23\n|inactive|Time left: 300 sec this turn | 300 sec total\n|\n|t:|1783534727\n|move|p2a: Barraskewda|Waterfall|p1a: Toxapex\n|-resisted|p1a: Toxapex\n|-crit|p1a: Toxapex\n|-damage|p1a: Toxapex|37/100\n|cant|p1a: Toxapex|flinch\n|\n|-heal|p1a: Toxapex|43/100|[from] item: Leftovers\n|upkeep\n|turn|24\n|inactive|Time left: 300 sec this turn | 300 sec total\n|\n|t:|1783534729\n|move|p2a: Barraskewda|Waterfall|p1a: Toxapex\n|-resisted|p1a: Toxapex\n|-damage|p1a: Toxapex|20/100\n|move|p1a: Toxapex|Recover|p1a: Toxapex\n|-heal|p1a: Toxapex|70/100\n|\n|-heal|p1a: Toxapex|76/100|[from] item: Leftovers\n|upkeep\n|turn|25\n|inactive|Time left: 300 sec this turn | 300 sec total\n|\n|t:|1783534730\n|move|p2a: Barraskewda|Waterfall|p1a: Toxapex\n|-resisted|p1a: Toxapex\n|-damage|p1a: Toxapex|55/100\n|cant|p1a: Toxapex|flinch\n|\n|-heal|p1a: Toxapex|61/100|[from] item: Leftovers\n|upkeep\n|turn|26\n|inactive|Time left: 300 sec this turn | 300 sec total\n|\n|t:|1783534731\n|move|p2a: Barraskewda|Waterfall|p1a: Toxapex\n|-resisted|p1a: Toxapex\n|-damage|p1a: Toxapex|39/100\n|move|p1a: Toxapex|Recover|p1a: Toxapex\n|-heal|p1a: Toxapex|89/100\n|\n|-heal|p1a: Toxapex|95/100|[from] item: Leftovers\n|upkeep\n|turn|27\n|inactive|Time left: 300 sec this turn | 300 sec total\n|\n|t:|1783534732\n|move|p2a: Barraskewda|Waterfall|p1a: Toxapex\n|-resisted|p1a: Toxapex\n|-damage|p1a: Toxapex|75/100\n|move|p1a: Toxapex|Liquidation|p2a: Barraskewda\n|-resisted|p2a: Barraskewda\n|-damage|p2a: Barraskewda|109/231\n|\n|-heal|p1a: Toxapex|81/100|[from] item: Leftovers\n|upkeep\n|turn|28\n|inactive|Time left: 300 sec this turn | 300 sec total\n|\n|t:|1783534733\n|move|p2a: Barraskewda|Waterfall|p1a: Toxapex\n|-resisted|p1a: Toxapex\n|-damage|p1a: Toxapex|59/100\n|move|p1a: Toxapex|Recover|p1a: Toxapex\n|-heal|p1a: Toxapex|100/100\n|\n|upkeep\n|turn|29\n|inactive|Time left: 300 sec this turn | 300 sec total\n|\n|t:|1783534734\n|move|p2a: Barraskewda|Waterfall|p1a: Toxapex\n|-resisted|p1a: Toxapex\n|-damage|p1a: Toxapex|77/100\n|move|p1a: Toxapex|Liquidation|p2a: Barraskewda\n|-resisted|p2a: Barraskewda\n|-damage|p2a: Barraskewda|70/231\n|\n|-heal|p1a: Toxapex|83/100|[from] item: Leftovers\n|upkeep\n|turn|30\n|inactive|Time left: 300 sec this turn | 300 sec total\n|\n|t:|1783534736\n|move|p2a: Barraskewda|Waterfall|p1a: Toxapex\n|-resisted|p1a: Toxapex\n|-damage|p1a: Toxapex|63/100\n|cant|p1a: Toxapex|flinch\n|\n|-heal|p1a: Toxapex|69/100|[from] item: Leftovers\n|upkeep\n|turn|31\n|inactive|Time left: 300 sec this turn | 300 sec total\n|\n|t:|1783534737\n|move|p2a: Barraskewda|Waterfall|p1a: Toxapex\n|-resisted|p1a: Toxapex\n|-crit|p1a: Toxapex\n|-damage|p1a: Toxapex|38/100\n|cant|p1a: Toxapex|flinch\n|\n|-heal|p1a: Toxapex|44/100|[from] item: Leftovers\n|upkeep\n|turn|32\n|inactive|Time left: 300 sec this turn | 300 sec total\n|\n|t:|1783534738\n|move|p2a: Barraskewda|Waterfall|p1a: Toxapex\n|-resisted|p1a: Toxapex\n|-damage|p1a: Toxapex|23/100\n|move|p1a: Toxapex|Recover|p1a: Toxapex\n|-heal|p1a: Toxapex|73/100\n|\n|-heal|p1a: Toxapex|79/100|[from] item: Leftovers\n|upkeep\n|turn|33\n|inactive|Time left: 300 sec this turn | 300 sec total\n|\n|t:|1783534739\n|move|p2a: Barraskewda|Waterfall|p1a: Toxapex\n|-resisted|p1a: Toxapex\n|-damage|p1a: Toxapex|56/100\n|move|p1a: Toxapex|Liquidation|p2a: Barraskewda\n|-resisted|p2a: Barraskewda\n|-damage|p2a: Barraskewda|30/231\n|\n|-heal|p1a: Toxapex|62/100|[from] item: Leftovers\n|upkeep\n|turn|34\n|inactive|Time left: 300 sec this turn | 300 sec total\n|\n|t:|1783534740\n|move|p2a: Barraskewda|Waterfall|p1a: Toxapex\n|-resisted|p1a: Toxapex\n|-damage|p1a: Toxapex|42/100\n|move|p1a: Toxapex|Liquidation|p2a: Barraskewda\n|-resisted|p2a: Barraskewda\n|-damage|p2a: Barraskewda|0 fnt\n|faint|p2a: Barraskewda\n|\n|-heal|p1a: Toxapex|48/100|[from] item: Leftovers\n|upkeep\n|inactive|Time left: 300 sec this turn | 300 sec total | 5 sec grace\n|\n|t:|1783534741\n|switch|p2a: Kilowattrel|Kilowattrel, L83, M|252/252\n|turn|35\n|inactive|Time left: 300 sec this turn | 300 sec total\n|\n|t:|1783534742\n|switch|p1a: Florges|Florges-Yellow, L85, F|100/100\n|-damage|p1a: Florges|76/100|[from] Spikes\n|move|p2a: Kilowattrel|Thunderbolt|p1a: Florges\n|-damage|p1a: Florges|54/100\n|\n|-heal|p1a: Florges|60/100|[from] item: Leftovers\n|upkeep\n|turn|36\n|inactive|Time left: 300 sec this turn | 300 sec total\n|\n|t:|1783534743\n|move|p2a: Kilowattrel|Hurricane|p1a: Florges\n|-crit|p1a: Florges\n|-damage|p1a: Florges|18/100\n|move|p1a: Florges|Moonblast|p2a: Kilowattrel\n|-damage|p2a: Kilowattrel|93/252\n|\n|-heal|p1a: Florges|24/100|[from] item: Leftovers\n|upkeep\n|turn|37\n|inactive|Time left: 300 sec this turn | 300 sec total\n|\n|t:|1783534745\n|-terastallize|p2a: Kilowattrel|Steel\n|move|p2a: Kilowattrel|Thunderbolt|p1a: Florges\n|-damage|p1a: Florges|0 fnt\n|faint|p1a: Florges\n|\n|upkeep\n|\n|t:|1783534745\n|switch|p1a: Carbink|Carbink, L90|100/100\n|-damage|p1a: Carbink|75/100|[from] Spikes\n|turn|38\n|inactive|Time left: 300 sec this turn | 300 sec total\n|\n|t:|1783534746\n|move|p2a: Kilowattrel|Hurricane|p1a: Carbink\n|-resisted|p1a: Carbink\n|-damage|p1a: Carbink|60/100\n|-start|p1a: Carbink|confusion\n|-activate|p1a: Carbink|confusion\n|move|p1a: Carbink|Body Press|p2a: Kilowattrel\n|-supereffective|p2a: Kilowattrel\n|-damage|p2a: Kilowattrel|0 fnt\n|faint|p2a: Kilowattrel\n|\n|win|p0x12405be", "uploadtime": 1783534746, "views": 0, "rating": 0, "private": 0, "password": null, "_winner": "p0x12405be", "_our_name": "p0y124c101"}