{"id": "battle-gen9randombattle-769", "formatid": "gen9randombattle", "format": "[Gen 9] Random Battle", "players": ["p0x7690cff", "p0y7690369"], "log": "|init|battle\n|title|p0x7690cff vs. p0y7690369\n|j|\u2606p0x7690cff\n|j|\u2606p0y7690369\n|t:|1783548786\n|gametype|singles\n|player|p1|p0x7690cff|101|\n|player|p2|p0y7690369|101|\n|gen|9\n|tier|[Gen 9] Random Battle\n|rule|Species Clause: Limit one of each Pok\u00e9mon\n|rule|HP Percentage Mod: HP is shown in percentages\n|rule|Sleep Clause Mod: Limit one foe put to sleep\n|rule|Illusion Level Mod: Illusion disguises the Pok\u00e9mon's true level\n|\n|t:|1783548786\n|teamsize|p1|6\n|teamsize|p2|6\n|start\n|switch|p1a: Tauros|Tauros, L82, M|100/100\n|switch|p2a: Hitmonchan|Hitmonchan, L87, M|229/229\n|turn|1\n|inactive|Battle timer is ON: inactive players will automatically lose when time's up. (requested by p0x7690cff)\n|inactive|Time left: 300 sec this turn | 300 sec total | 60 sec grace\n|inactive|p0y7690369 also wants the timer to be on.\n|\n|t:|1783548788\n|switch|p1a: Ceruledge|Ceruledge, L78, M|100/100\n|move|p2a: Hitmonchan|Drain Punch|p1a: Ceruledge\n|-immune|p1a: Ceruledge\n|\n|upkeep\n|turn|2\n|inactive|Time left: 300 sec this turn | 300 sec total\n|\n|t:|1783548789\n|-terastallize|p2a: Hitmonchan|Dark\n|move|p2a: Hitmonchan|Knock Off|p1a: Ceruledge\n|-supereffective|p1a: Ceruledge\n|-damage|p1a: Ceruledge|0 fnt\n|-enditem|p1a: Ceruledge|Heavy-Duty Boots|[from] move: Knock Off|[of] p2a: Hitmonchan\n|faint|p1a: Ceruledge\n|\n|upkeep\n|\n|t:|1783548790\n|switch|p1a: Miraidon|Miraidon, L65|100/100\n|-fieldstart|move: Electric Terrain|[from] ability: Hadron Engine|[of] p1a: Miraidon\n|turn|3\n|inactive|Time left: 300 sec this turn | 300 sec total\n|\n|t:|1783548791\n|-terastallize|p1a: Miraidon|Electric\n|move|p1a: Miraidon|Electro Drift|p2a: Hitmonchan\n|-damage|p2a: Hitmonchan|0 fnt\n|faint|p2a: Hitmonchan\n|\n|upkeep\n|inactive|Time left: 300 sec this turn | 300 sec total | 5 sec grace\n|\n|t:|1783548792\n|switch|p2a: Iron Treads|Iron Treads, L77|265/265\n|-activate|p2a: Iron Treads|ability: Quark Drive\n|-start|p2a: Iron Treads|quarkdrivedef\n|turn|4\n|inactive|Time left: 300 sec this turn | 300 sec total\n|\n|t:|1783548793\n|switch|p1a: Suicune|Suicune, L82|100/100\n|-ability|p1a: Suicune|Pressure\n|move|p2a: Iron Treads|Stealth Rock|p1a: Suicune\n|-sidestart|p1: p0x7690cff|move: Stealth Rock\n|\n|upkeep\n|turn|5\n|inactive|Time left: 300 sec this turn | 300 sec total\n|\n|t:|1783548794\n|-end|p2a: Iron Treads|Quark Drive|[silent]\n|switch|p2a: Komala|Komala, L87, M|255/255\n|-ability|p2a: Komala|Comatose\n|move|p1a: Suicune|Scald|p2a: Komala\n|-damage|p2a: Komala|182/255\n|\n|upkeep\n|turn|6\n|inactive|Time left: 300 sec this turn | 300 sec total\n|\n|t:|1783548795\n|move|p1a: Suicune|Calm Mind|p1a: Suicune\n|-boost|p1a: Suicune|spa|1\n|-boost|p1a: Suicune|spd|1\n|move|p2a: Komala|Body Slam|p1a: Suicune\n|-damage|p1a: Suicune|54/100\n|\n|-heal|p1a: Suicune|60/100|[from] item: Leftovers\n|upkeep\n|turn|7\n|inactive|Time left: 300 sec this turn | 300 sec total\n|\n|t:|1783548796\n|move|p1a: Suicune|Scald|p2a: Komala\n|-damage|p2a: Komala|76/255\n|move|p2a: Komala|Body Slam|p1a: Suicune\n|-damage|p1a: Suicune|16/100\n|-status|p1a: Suicune|par\n|\n|-heal|p1a: Suicune|22/100 par|[from] item: Leftovers\n|-fieldend|move: Electric Terrain\n|upkeep\n|turn|8\n|inactive|Time left: 300 sec this turn | 300 sec total\n|\n|t:|1783548798\n|move|p2a: Komala|Body Slam|p1a: Suicune\n|-damage|p1a: Suicune|0 fnt\n|faint|p1a: Suicune\n|\n|upkeep\n|\n|t:|1783548799\n|switch|p1a: Indeedee|Indeedee, L84, M|100/100\n|-damage|p1a: Indeedee|88/100|[from] Stealth Rock\n|-fieldstart|move: Psychic Terrain|[from] ability: Psychic Surge|[of] p1a: Indeedee\n|turn|9\n|inactive|Time left: 300 sec this turn | 300 sec total\n|\n|t:|1783548800\n|switch|p2a: Probopass|Probopass, L91, M|257/257\n|move|p1a: Indeedee|Expanding Force|p2a: Probopass\n|-resisted|p2a: Probopass\n|-damage|p2a: Probopass|176/257\n|\n|-heal|p2a: Probopass|192/257|[from] item: Leftovers\n|upkeep\n|turn|10\n|inactive|Time left: 300 sec this turn | 300 sec total\n|\n|t:|1783548801\n|move|p1a: Indeedee|Expanding Force|p2a: Probopass\n|-resisted|p2a: Probopass\n|-damage|p2a: Probopass|113/257\n|move|p2a: Probopass|Body Press|p1a: Indeedee\n|-damage|p1a: Indeedee|37/100\n|\n|-heal|p2a: Probopass|129/257|[from] item: Leftovers\n|upkeep\n|turn|11\n|inactive|Time left: 300 sec this turn | 300 sec total\n|\n|t:|1783548802\n|move|p1a: Indeedee|Expanding Force|p2a: Probopass\n|-resisted|p2a: Probopass\n|-damage|p2a: Probopass|52/257\n|move|p2a: Probopass|Body Press|p1a: Indeedee\n|-damage|p1a: Indeedee|0 fnt\n|faint|p1a: Indeedee\n|\n|-heal|p2a: Probopass|68/257|[from] item: Leftovers\n|upkeep\n|\n|t:|1783548803\n|switch|p1a: Tauros|Tauros, L82, M|100/100\n|-damage|p1a: Tauros|88/100|[from] Stealth Rock\n|turn|12\n|inactive|Time left: 300 sec this turn | 300 sec total\n|\n|t:|1783548804\n|switch|p2a: Hippowdon|Hippowdon, L82, M|311/311\n|-weather|Sandstorm|[from] ability: Sand Stream|[of] p2a: Hippowdon\n|move|p1a: Tauros|Earthquake|p2a: Hippowdon\n|-damage|p2a: Hippowdon|237/311\n|-damage|p1a: Tauros|78/100|[from] item: Life Orb\n|\n|-weather|Sandstorm|[upkeep]\n|-damage|p1a: Tauros|72/100|[from] Sandstorm\n|upkeep\n|turn|13\n|inactive|Time left: 300 sec this turn | 300 sec total\n|\n|t:|1783548805\n|move|p1a: Tauros|Earthquake|p2a: Hippowdon\n|-damage|p2a: Hippowdon|160/311\n|-damage|p1a: Tauros|62/100|[from] item: Life Orb\n|move|p2a: Hippowdon|Slack Off|p2a: Hippowdon\n|-heal|p2a: Hippowdon|311/311\n|\n|-weather|Sandstorm|[upkeep]\n|-damage|p1a: Tauros|56/100|[from] Sandstorm\n|-fieldend|move: Psychic Terrain\n|upkeep\n|turn|14\n|inactive|Time left: 300 sec this turn | 300 sec total\n|\n|t:|1783548807\n|move|p1a: Tauros|Body Slam|p2a: Hippowdon\n|-damage|p2a: Hippowdon|190/311\n|-damage|p1a: Tauros|40/100|[from] item: Rocky Helmet|[of] p2a: Hippowdon\n|move|p2a: Hippowdon|Earthquake|p1a: Tauros\n|-damage|p1a: Tauros|0 fnt\n|faint|p1a: Tauros\n|\n|-weather|Sandstorm|[upkeep]\n|upkeep\n|\n|t:|1783548808\n|switch|p1a: Miraidon|Miraidon, L65, tera:Electric|100/100\n|-damage|p1a: Miraidon|88/100|[from] Stealth Rock\n|-fieldstart|move: Electric Terrain|[from] ability: Hadron Engine|[of] p1a: Miraidon\n|turn|15\n|inactive|Time left: 300 sec this turn | 300 sec total\n|\n|t:|1783548808\n|switch|p2a: Probopass|Probopass, L91, M|68/257\n|move|p1a: Miraidon|Draco Meteor|p2a: Probopass\n|-resisted|p2a: Probopass\n|-damage|p2a: Probopass|27/257\n|-unboost|p1a: Miraidon|spa|2\n|\n|-weather|Sandstorm|[upkeep]\n|-damage|p1a: Miraidon|82/100|[from] Sandstorm\n|-heal|p2a: Probopass|43/257|[from] item: Leftovers\n|upkeep\n|turn|16\n|inactive|Time left: 300 sec this turn | 300 sec total\n|\n|t:|1783548809\n|switch|p1a: Sudowoodo|Sudowoodo, L94, M|100/100\n|-damage|p1a: Sudowoodo|88/100|[from] Stealth Rock\n|move|p2a: Probopass|Power Gem|p1a: Sudowoodo\n|-damage|p1a: Sudowoodo|67/100\n|\n|-weather|none\n|-heal|p2a: Probopass|59/257|[from] item: Leftovers\n|-heal|p1a: Sudowoodo|73/100|[from] item: Leftovers\n|upkeep\n|turn|17\n|inactive|Time left: 300 sec this turn | 300 sec total\n|\n|t:|1783548810\n|move|p2a: Probopass|Body Press|p1a: Sudowoodo\n|-supereffective|p1a: Sudowoodo\n|-damage|p1a: Sudowoodo|28/100\n|move|p1a: Sudowoodo|Earthquake|p2a: Probopass\n|-supereffective|p2a: Probopass\n|-damage|p2a: Probopass|0 fnt\n|faint|p2a: Probopass\n|\n|-heal|p1a: Sudowoodo|34/100|[from] item: Leftovers\n|upkeep\n|inactive|Time left: 300 sec this turn | 300 sec total | 5 sec grace\n|\n|t:|1783548811\n|switch|p2a: Iron Treads|Iron Treads, L77|265/265\n|-activate|p2a: Iron Treads|ability: Quark Drive\n|-start|p2a: Iron Treads|quarkdrivedef\n|turn|18\n|inactive|Time left: 300 sec this turn | 300 sec total\n|\n|t:|1783548812\n|move|p2a: Iron Treads|Earthquake|p1a: Sudowoodo\n|-supereffective|p1a: Sudowoodo\n|-damage|p1a: Sudowoodo|0 fnt\n|faint|p1a: Sudowoodo\n|\n|upkeep\n|\n|t:|1783548813\n|switch|p1a: Miraidon|Miraidon, L65, tera:Electric|82/100\n|-damage|p1a: Miraidon|70/100|[from] Stealth Rock\n|-activate|p1a: Miraidon|ability: Hadron Engine\n|turn|19\n|inactive|Time left: 300 sec this turn | 300 sec total\n|\n|t:|1783548814\n|move|p1a: Miraidon|Overheat|p2a: Iron Treads\n|-supereffective|p2a: Iron Treads\n|-damage|p2a: Iron Treads|0 fnt\n|-unboost|p1a: Miraidon|spa|2\n|faint|p2a: Iron Treads\n|-end|p2a: Iron Treads|Quark Drive|[silent]\n|\n|-fieldend|move: Electric Terrain\n|upkeep\n|inactive|Time left: 300 sec this turn | 300 sec total | 5 sec grace\n|\n|t:|1783548815\n|switch|p2a: Komala|Komala, L87, M|76/255\n|-ability|p2a: Komala|Comatose\n|turn|20\n|inactive|Time left: 300 sec this turn | 300 sec total\n|\n|t:|1783548816\n|move|p1a: Miraidon|Overheat|p2a: Komala\n|-damage|p2a: Komala|27/255\n|-unboost|p1a: Miraidon|spa|2\n|move|p2a: Komala|Body Slam|p1a: Miraidon\n|-damage|p1a: Miraidon|0 fnt\n|faint|p1a: Miraidon\n|\n|win|p0y7690369", "uploadtime": 1783548816, "views": 0, "rating": 0, "private": 0, "password": null, "_winner": "p0y7690369", "_our_name": "p0y7690369"}