{"id": "battle-gen9randombattle-2941", "formatid": "gen9randombattle", "format": "[Gen 9] Random Battle", "players": ["p0x29411f18", "p0y2941f237"], "log": "|init|battle\n|title|p0x29411f18 vs. p0y2941f237\n|j|\u2606p0x29411f18\n|j|\u2606p0y2941f237\n|t:|1783572871\n|gametype|singles\n|player|p1|p0x29411f18|265|\n|player|p2|p0y2941f237|1|\n|gen|9\n|tier|[Gen 9] Random Battle\n|rule|Species Clause: Limit one of each Pok\u00e9mon\n|rule|HP Percentage Mod: HP is shown in percentages\n|rule|Sleep Clause Mod: Limit one foe put to sleep\n|rule|Illusion Level Mod: Illusion disguises the Pok\u00e9mon's true level\n|\n|t:|1783572872\n|teamsize|p1|6\n|teamsize|p2|6\n|start\n|switch|p1a: Oricorio|Oricorio, L84, M|263/263\n|switch|p2a: Toxapex|Toxapex, L82, M|100/100\n|turn|1\n|inactive|Battle timer is ON: inactive players will automatically lose when time's up. (requested by p0x29411f18)\n|inactive|p0y2941f237 also wants the timer to be on.\n|\n|t:|1783572873\n|move|p1a: Oricorio|Quiver Dance|p1a: Oricorio\n|-boost|p1a: Oricorio|spa|1\n|-boost|p1a: Oricorio|spd|1\n|-boost|p1a: Oricorio|spe|1\n|move|p2a: Toxapex|Liquidation|p1a: Oricorio\n|-supereffective|p1a: Oricorio\n|-damage|p1a: Oricorio|119/263\n|-unboost|p1a: Oricorio|def|1\n|\n|upkeep\n|turn|2\n|inactive|Time left: 300 sec this turn | 300 sec total\n|\n|t:|1783572874\n|move|p1a: Oricorio|Roost|p1a: Oricorio\n|-heal|p1a: Oricorio|251/263\n|-singleturn|p1a: Oricorio|move: Roost\n|move|p2a: Toxapex|Liquidation|p1a: Oricorio\n|-supereffective|p1a: Oricorio\n|-damage|p1a: Oricorio|47/263\n|\n|upkeep\n|turn|3\n|inactive|Time left: 300 sec this turn | 300 sec total\n|\n|t:|1783572876\n|move|p1a: Oricorio|Roost|p1a: Oricorio\n|-heal|p1a: Oricorio|179/263\n|-singleturn|p1a: Oricorio|move: Roost\n|move|p2a: Toxapex|Liquidation|p1a: Oricorio\n|-supereffective|p1a: Oricorio\n|-damage|p1a: Oricorio|0 fnt\n|faint|p1a: Oricorio\n|\n|upkeep\n|inactive|Time left: 300 sec this turn | 300 sec total | 5 sec grace\n|\n|t:|1783572876\n|switch|p1a: Noctowl|Noctowl, L95, F|344/344\n|turn|4\n|inactive|Time left: 300 sec this turn | 300 sec total\n|\n|t:|1783572878\n|move|p1a: Noctowl|Calm Mind|p1a: Noctowl\n|-boost|p1a: Noctowl|spa|1\n|-boost|p1a: Noctowl|spd|1\n|move|p2a: Toxapex|Toxic|p1a: Noctowl\n|-status|p1a: Noctowl|tox\n|\n|-damage|p1a: Noctowl|323/344 tox|[from] psn\n|upkeep\n|turn|5\n|inactive|Time left: 300 sec this turn | 300 sec total\n|\n|t:|1783572879\n|move|p1a: Noctowl|Hurricane|p2a: Toxapex\n|-damage|p2a: Toxapex|32/100\n|move|p2a: Toxapex|Haze|p2a: Toxapex\n|-clearallboost\n|\n|-damage|p1a: Noctowl|281/344 tox|[from] psn\n|upkeep\n|turn|6\n|inactive|Time left: 300 sec this turn | 300 sec total\n|\n|t:|1783572880\n|switch|p2a: Frosmoth|Frosmoth, L82, F|100/100\n|move|p1a: Noctowl|Hurricane|p2a: Frosmoth\n|-supereffective|p2a: Frosmoth\n|-damage|p2a: Frosmoth|41/100\n|-start|p2a: Frosmoth|confusion\n|\n|-damage|p1a: Noctowl|218/344 tox|[from] psn\n|upkeep\n|turn|7\n|inactive|Time left: 300 sec this turn | 300 sec total\n|\n|t:|1783572881\n|switch|p2a: Bombirdier|Bombirdier, L85, F|100/100\n|move|p1a: Noctowl|Hurricane|p2a: Bombirdier\n|-damage|p2a: Bombirdier|48/100\n|\n|-damage|p1a: Noctowl|134/344 tox|[from] psn\n|upkeep\n|turn|8\n|inactive|Time left: 300 sec this turn | 300 sec total\n|\n|t:|1783572882\n|switch|p1a: Granbull|Granbull, L88, F|302/302\n|-ability|p1a: Granbull|Intimidate|boost\n|-unboost|p2a: Bombirdier|atk|1\n|move|p2a: Bombirdier|Roost|p2a: Bombirdier\n|-heal|p2a: Bombirdier|98/100\n|-singleturn|p2a: Bombirdier|move: Roost\n|\n|upkeep\n|turn|9\n|inactive|Time left: 300 sec this turn | 300 sec total\n|\n|t:|1783572883\n|switch|p2a: Granbull|Granbull, L88, F|100/100\n|-ability|p2a: Granbull|Intimidate|boost\n|-unboost|p1a: Granbull|atk|1\n|move|p1a: Granbull|Play Rough|p2a: Granbull\n|-damage|p2a: Granbull|69/100\n|\n|-heal|p2a: Granbull|75/100|[from] item: Leftovers\n|upkeep\n|turn|10\n|inactive|Time left: 300 sec this turn | 300 sec total\n|\n|t:|1783572884\n|switch|p1a: Noctowl|Noctowl, L95, F|134/344 tox\n|move|p2a: Granbull|Play Rough|p1a: Noctowl\n|-damage|p1a: Noctowl|0 fnt\n|faint|p1a: Noctowl\n|\n|-heal|p2a: Granbull|81/100|[from] item: Leftovers\n|upkeep\n|inactive|Time left: 300 sec this turn | 300 sec total | 5 sec grace\n|\n|t:|1783572885\n|switch|p1a: Granbull|Granbull, L88, F|302/302\n|-ability|p1a: Granbull|Intimidate|boost\n|-unboost|p2a: Granbull|atk|1\n|turn|11\n|inactive|Time left: 300 sec this turn | 300 sec total\n|\n|t:|1783572886\n|switch|p2a: Toxapex|Toxapex, L82, M|65/100\n|move|p1a: Granbull|Play Rough|p2a: Toxapex\n|-resisted|p2a: Toxapex\n|-damage|p2a: Toxapex|46/100\n|-damage|p1a: Granbull|252/302|[from] item: Rocky Helmet|[of] p2a: Toxapex\n|\n|-heal|p1a: Granbull|270/302|[from] item: Leftovers\n|upkeep\n|turn|12\n|inactive|Time left: 300 sec this turn | 300 sec total\n|\n|t:|1783572888\n|switch|p2a: Granbull|Granbull, L88, F|81/100\n|-ability|p2a: Granbull|Intimidate|boost\n|-unboost|p1a: Granbull|atk|1\n|move|p1a: Granbull|Earthquake|p2a: Granbull\n|-damage|p2a: Granbull|57/100\n|\n|-heal|p1a: Granbull|288/302|[from] item: Leftovers\n|-heal|p2a: Granbull|63/100|[from] item: Leftovers\n|upkeep\n|turn|13\n|inactive|Time left: 300 sec this turn | 300 sec total\n|\n|t:|1783572889\n|move|p1a: Granbull|Play Rough|p2a: Granbull\n|-damage|p2a: Granbull|32/100\n|move|p2a: Granbull|Play Rough|p1a: Granbull\n|-damage|p1a: Granbull|143/302\n|\n|-heal|p2a: Granbull|38/100|[from] item: Leftovers\n|-heal|p1a: Granbull|161/302|[from] item: Leftovers\n|upkeep\n|turn|14\n|inactive|Time left: 300 sec this turn | 300 sec total\n|\n|t:|1783572890\n|switch|p1a: Vaporeon|Vaporeon, L86, F|364/364\n|move|p2a: Granbull|Earthquake|p1a: Vaporeon\n|-damage|p1a: Vaporeon|252/364\n|\n|-heal|p1a: Vaporeon|274/364|[from] item: Leftovers\n|-heal|p2a: Granbull|44/100|[from] item: Leftovers\n|upkeep\n|turn|15\n|inactive|Time left: 300 sec this turn | 300 sec total\n|\n|t:|1783572891\n|move|p1a: Vaporeon|Scald|p2a: Granbull\n|-damage|p2a: Granbull|6/100\n|-status|p2a: Granbull|brn\n|move|p2a: Granbull|Play Rough|p1a: Vaporeon\n|-damage|p1a: Vaporeon|190/364\n|\n|-heal|p1a: Vaporeon|212/364|[from] item: Leftovers\n|-heal|p2a: Granbull|12/100 brn|[from] item: Leftovers\n|-damage|p2a: Granbull|6/100 brn|[from] brn\n|upkeep\n|turn|16\n|inactive|Time left: 300 sec this turn | 300 sec total\n|\n|t:|1783572892\n|switch|p2a: Toxapex|Toxapex, L82, M|79/100\n|move|p1a: Vaporeon|Scald|p2a: Toxapex\n|-resisted|p2a: Toxapex\n|-damage|p2a: Toxapex|63/100\n|\n|-heal|p1a: Vaporeon|234/364|[from] item: Leftovers\n|upkeep\n|turn|17\n|inactive|Time left: 300 sec this turn | 300 sec total\n|\n|t:|1783572893\n|move|p1a: Vaporeon|Calm Mind|p1a: Vaporeon\n|-boost|p1a: Vaporeon|spa|1\n|-boost|p1a: Vaporeon|spd|1\n|move|p2a: Toxapex|Toxic|p1a: Vaporeon\n|-status|p1a: Vaporeon|tox\n|\n|-heal|p1a: Vaporeon|256/364 tox|[from] item: Leftovers\n|-damage|p1a: Vaporeon|234/364 tox|[from] psn\n|upkeep\n|turn|18\n|inactive|Time left: 300 sec this turn | 300 sec total\n|\n|t:|1783572894\n|move|p1a: Vaporeon|Wish|p1a: Vaporeon\n|move|p2a: Toxapex|Haze|p2a: Toxapex\n|-clearallboost\n|\n|-heal|p1a: Vaporeon|256/364 tox|[from] item: Leftovers\n|-damage|p1a: Vaporeon|212/364 tox|[from] psn\n|upkeep\n|turn|19\n|inactive|Time left: 300 sec this turn | 300 sec total\n|\n|t:|1783572895\n|switch|p1a: Granbull|Granbull, L88, F|161/302\n|-ability|p1a: Granbull|Intimidate|boost\n|-unboost|p2a: Toxapex|atk|1\n|move|p2a: Toxapex|Recover|p2a: Toxapex\n|-heal|p2a: Toxapex|100/100\n|\n|-heal|p1a: Granbull|302/302|[from] move: Wish|[wisher] Vaporeon\n|upkeep\n|turn|20\n|inactive|Time left: 300 sec this turn | 300 sec total\n|\n|t:|1783572896\n|switch|p2a: Granbull|Granbull, L88, F|6/100 brn\n|-ability|p2a: Granbull|Intimidate|boost\n|-unboost|p1a: Granbull|atk|1\n|move|p1a: Granbull|Thunder Wave||[still]\n|-fail|p1a: Granbull\n|\n|-heal|p2a: Granbull|12/100 brn|[from] item: Leftovers\n|-damage|p2a: Granbull|6/100 brn|[from] brn\n|upkeep\n|turn|21\n|inactive|Time left: 300 sec this turn | 300 sec total\n|\n|t:|1783572897\n|switch|p2a: Sandslash|Sandslash, L89, F|100/100\n|switch|p1a: Cetitan|Cetitan, L82, M|412/412\n|\n|upkeep\n|turn|22\n|inactive|Time left: 300 sec this turn | 300 sec total\n|\n|t:|1783572898\n|move|p1a: Cetitan|Belly Drum|p1a: Cetitan\n|-damage|p1a: Cetitan|206/412\n|-setboost|p1a: Cetitan|atk|6|[from] move: Belly Drum\n|-enditem|p1a: Cetitan|Sitrus Berry|[eat]\n|-heal|p1a: Cetitan|309/412|[from] item: Sitrus Berry\n|move|p2a: Sandslash|Stone Edge|p1a: Cetitan\n|-supereffective|p1a: Cetitan\n|-damage|p1a: Cetitan|89/412\n|\n|upkeep\n|turn|23\n|inactive|Time left: 300 sec this turn | 300 sec total\n|\n|t:|1783572899\n|switch|p2a: Granbull|Granbull, L88, F|6/100 brn\n|-ability|p2a: Granbull|Intimidate|boost\n|-unboost|p1a: Cetitan|atk|1\n|move|p1a: Cetitan|Ice Spinner|p2a: Granbull\n|-damage|p2a: Granbull|0 fnt\n|faint|p2a: Granbull\n|\n|upkeep\n|\n|t:|1783572900\n|switch|p2a: Bombirdier|Bombirdier, L85, F|98/100\n|turn|24\n|inactive|Time left: 300 sec this turn | 300 sec total\n|\n|t:|1783572901\n|-terastallize|p2a: Bombirdier|Rock\n|move|p1a: Cetitan|Ice Shard|p2a: Bombirdier\n|-damage|p2a: Bombirdier|34/100\n|move|p2a: Bombirdier|Brave Bird|p1a: Cetitan\n|-damage|p1a: Cetitan|0 fnt\n|faint|p1a: Cetitan\n|-damage|p2a: Bombirdier|23/100|[from] Recoil\n|\n|upkeep\n|inactive|Time left: 300 sec this turn | 300 sec total | 5 sec grace\n|\n|t:|1783572902\n|switch|p1a: Granbull|Granbull, L88, F|302/302\n|-ability|p1a: Granbull|Intimidate|boost\n|-unboost|p2a: Bombirdier|atk|1\n|turn|25\n|inactive|Time left: 300 sec this turn | 300 sec total\n|\n|t:|1783572903\n|move|p2a: Bombirdier|Roost|p2a: Bombirdier\n|-heal|p2a: Bombirdier|73/100\n|move|p1a: Granbull|Earthquake|p2a: Bombirdier\n|-supereffective|p2a: Bombirdier\n|-damage|p2a: Bombirdier|0 fnt\n|faint|p2a: Bombirdier\n|\n|upkeep\n|\n|t:|1783572903\n|switch|p2a: Sandslash|Sandslash, L89, F|100/100\n|turn|26\n|inactive|Time left: 300 sec this turn | 300 sec total\n|\n|t:|1783572904\n|move|p2a: Sandslash|Earthquake|p1a: Granbull\n|-damage|p1a: Granbull|167/302\n|move|p1a: Granbull|Play Rough|p2a: Sandslash\n|-damage|p2a: Sandslash|68/100\n|\n|-heal|p1a: Granbull|185/302|[from] item: Leftovers\n|upkeep\n|turn|27\n|inactive|Time left: 300 sec this turn | 300 sec total\n|\n|t:|1783572905\n|move|p2a: Sandslash|Earthquake|p1a: Granbull\n|-damage|p1a: Granbull|59/302\n|move|p1a: Granbull|Play Rough|p2a: Sandslash\n|-damage|p2a: Sandslash|32/100\n|\n|-heal|p1a: Granbull|77/302|[from] item: Leftovers\n|upkeep\n|turn|28\n|inactive|Time left: 300 sec this turn | 300 sec total\n|\n|t:|1783572906\n|switch|p1a: Vaporeon|Vaporeon, L86, F|212/364 tox\n|move|p2a: Sandslash|Earthquake|p1a: Vaporeon\n|-damage|p1a: Vaporeon|62/364 tox\n|\n|-heal|p1a: Vaporeon|84/364 tox|[from] item: Leftovers\n|-damage|p1a: Vaporeon|62/364 tox|[from] psn\n|upkeep\n|turn|29\n|inactive|Time left: 300 sec this turn | 300 sec total\n|\n|t:|1783572907\n|move|p2a: Sandslash|Earthquake|p1a: Vaporeon\n|-damage|p1a: Vaporeon|0 fnt\n|faint|p1a: Vaporeon\n|\n|upkeep\n|inactive|Time left: 300 sec this turn | 300 sec total | 5 sec grace\n|\n|t:|1783572908\n|switch|p1a: Slowking|Slowking-Galar, L85, M|300/300\n|turn|30\n|inactive|Time left: 300 sec this turn | 300 sec total\n|\n|t:|1783572908\n|move|p2a: Sandslash|Earthquake|p1a: Slowking\n|-supereffective|p1a: Slowking\n|-damage|p1a: Slowking|22/300\n|move|p1a: Slowking|Psyshock|p2a: Sandslash\n|-damage|p2a: Sandslash|3/100\n|\n|-heal|p1a: Slowking|40/300|[from] item: Leftovers\n|upkeep\n|turn|31\n|inactive|Time left: 300 sec this turn | 300 sec total\n|\n|t:|1783572909\n|switch|p1a: Granbull|Granbull, L88, F|77/302\n|-ability|p1a: Granbull|Intimidate|boost\n|-unboost|p2a: Sandslash|atk|1\n|move|p2a: Sandslash|Earthquake|p1a: Granbull\n|-damage|p1a: Granbull|0 fnt\n|faint|p1a: Granbull\n|\n|upkeep\n|inactive|Time left: 300 sec this turn | 300 sec total | 5 sec grace\n|\n|t:|1783572910\n|switch|p1a: Slowking|Slowking-Galar, L85, M|140/300\n|turn|32\n|inactive|Time left: 300 sec this turn | 300 sec total\n|\n|t:|1783572911\n|-terastallize|p1a: Slowking|Dark\n|move|p2a: Sandslash|Earthquake|p1a: Slowking\n|-crit|p1a: Slowking\n|-damage|p1a: Slowking|0 fnt\n|faint|p1a: Slowking\n|\n|win|p0y2941f237", "uploadtime": 1783572911, "views": 0, "rating": 0, "private": 0, "password": null, "_winner": "p0y2941f237", "_our_name": "p0x29411f18"}