{"id": "battle-gen9randombattle-1669", "formatid": "gen9randombattle", "format": "[Gen 9] Random Battle", "players": ["p0x1669f66e", "p0y1669459b"], "log": "|init|battle\n|title|p0x1669f66e vs. p0y1669459b\n|j|\u2606p0x1669f66e\n|j|\u2606p0y1669459b\n|t:|1783558570\n|gametype|singles\n|player|p1|p0x1669f66e|266|\n|player|p2|p0y1669459b|102|\n|gen|9\n|tier|[Gen 9] Random Battle\n|rule|Species Clause: Limit one of each Pok\u00e9mon\n|rule|HP Percentage Mod: HP is shown in percentages\n|rule|Sleep Clause Mod: Limit one foe put to sleep\n|rule|Illusion Level Mod: Illusion disguises the Pok\u00e9mon's true level\n|\n|t:|1783558570\n|teamsize|p1|6\n|teamsize|p2|6\n|start\n|switch|p1a: Dachsbun|Dachsbun, L92, M|254/254\n|switch|p2a: Cobalion|Cobalion, L80|100/100\n|turn|1\n|inactive|Battle timer is ON: inactive players will automatically lose when time's up. (requested by p0y1669459b)\n|inactive|Time left: 300 sec this turn | 300 sec total | 60 sec grace\n|inactive|p0x1669f66e also wants the timer to be on.\n|\n|t:|1783558572\n|switch|p2a: Arbok|Arbok, L87, M|100/100\n|-ability|p2a: Arbok|Intimidate|boost\n|-unboost|p1a: Dachsbun|atk|1\n|move|p1a: Dachsbun|Body Press|p2a: Arbok\n|-resisted|p2a: Arbok\n|-damage|p2a: Arbok|83/100\n|\n|-heal|p2a: Arbok|90/100|[from] item: Leftovers\n|upkeep\n|turn|2\n|inactive|Time left: 300 sec this turn | 300 sec total\n|\n|t:|1783558573\n|switch|p1a: Slowbro|Slowbro, L85, F|300/300\n|move|p2a: Arbok|Coil|p2a: Arbok\n|-boost|p2a: Arbok|atk|1\n|-boost|p2a: Arbok|def|1\n|-boost|p2a: Arbok|accuracy|1\n|\n|-heal|p2a: Arbok|96/100|[from] item: Leftovers\n|upkeep\n|turn|3\n|inactive|Time left: 300 sec this turn | 300 sec total\n|\n|t:|1783558574\n|move|p2a: Arbok|Coil|p2a: Arbok\n|-boost|p2a: Arbok|atk|1\n|-boost|p2a: Arbok|def|1\n|-boost|p2a: Arbok|accuracy|1\n|move|p1a: Slowbro|Scald|p2a: Arbok\n|-damage|p2a: Arbok|59/100\n|-status|p2a: Arbok|brn\n|\n|-heal|p2a: Arbok|65/100 brn|[from] item: Leftovers\n|-damage|p2a: Arbok|59/100 brn|[from] brn\n|upkeep\n|turn|4\n|inactive|Time left: 300 sec this turn | 300 sec total\n|\n|t:|1783558575\n|move|p2a: Arbok|Gunk Shot|p1a: Slowbro\n|-damage|p1a: Slowbro|196/300\n|move|p1a: Slowbro|Scald|p2a: Arbok\n|-damage|p2a: Arbok|22/100 brn\n|\n|-heal|p2a: Arbok|28/100 brn|[from] item: Leftovers\n|-heal|p1a: Slowbro|214/300|[from] item: Leftovers\n|-damage|p2a: Arbok|22/100 brn|[from] brn\n|upkeep\n|turn|5\n|inactive|Time left: 300 sec this turn | 300 sec total\n|\n|t:|1783558576\n|move|p2a: Arbok|Gunk Shot|p1a: Slowbro\n|-damage|p1a: Slowbro|113/300\n|-status|p1a: Slowbro|psn\n|move|p1a: Slowbro|Scald|p2a: Arbok\n|-crit|p2a: Arbok\n|-damage|p2a: Arbok|0 fnt\n|faint|p2a: Arbok\n|\n|-heal|p1a: Slowbro|131/300 psn|[from] item: Leftovers\n|-damage|p1a: Slowbro|94/300 psn|[from] psn\n|upkeep\n|\n|t:|1783558577\n|switch|p2a: Ursaluna|Ursaluna-Bloodmoon, L79, M|100/100\n|turn|6\n|inactive|Time left: 300 sec this turn | 300 sec total\n|\n|t:|1783558578\n|switch|p1a: Ting-Lu|Ting-Lu, L78|370/370\n|-ability|p1a: Ting-Lu|Vessel of Ruin\n|move|p2a: Ursaluna|Blood Moon|p1a: Ting-Lu\n|-damage|p1a: Ting-Lu|265/370\n|\n|upkeep\n|turn|7\n|inactive|Time left: 300 sec this turn | 300 sec total\n|\n|t:|1783558579\n|move|p2a: Ursaluna|Calm Mind|p2a: Ursaluna\n|-boost|p2a: Ursaluna|spa|1\n|-boost|p2a: Ursaluna|spd|1\n|move|p1a: Ting-Lu|Ruination|p2a: Ursaluna\n|-damage|p2a: Ursaluna|50/100\n|\n|-heal|p2a: Ursaluna|57/100|[from] item: Leftovers\n|upkeep\n|turn|8\n|inactive|Time left: 300 sec this turn | 300 sec total\n|\n|t:|1783558580\n|move|p2a: Ursaluna|Blood Moon|p1a: Ting-Lu\n|-damage|p1a: Ting-Lu|127/370\n|move|p1a: Ting-Lu|Payback|p2a: Ursaluna\n|-damage|p2a: Ursaluna|31/100\n|\n|-heal|p2a: Ursaluna|38/100|[from] item: Leftovers\n|upkeep\n|turn|9\n|inactive|Time left: 300 sec this turn | 300 sec total\n|\n|t:|1783558582\n|move|p2a: Ursaluna|Moonlight|p2a: Ursaluna\n|-heal|p2a: Ursaluna|88/100\n|move|p1a: Ting-Lu|Payback|p2a: Ursaluna\n|-damage|p2a: Ursaluna|61/100\n|\n|-heal|p2a: Ursaluna|67/100|[from] item: Leftovers\n|upkeep\n|turn|10\n|inactive|Time left: 300 sec this turn | 300 sec total\n|\n|t:|1783558583\n|move|p2a: Ursaluna|Blood Moon|p1a: Ting-Lu\n|-damage|p1a: Ting-Lu|0 fnt\n|faint|p1a: Ting-Lu\n|\n|-heal|p2a: Ursaluna|73/100|[from] item: Leftovers\n|upkeep\n|inactive|Time left: 300 sec this turn | 300 sec total | 5 sec grace\n|\n|t:|1783558584\n|switch|p1a: Furret|Furret, L94, M|312/312\n|-item|p2a: Ursaluna|Leftovers|[from] ability: Frisk|[of] p1a: Furret\n|turn|11\n|inactive|Time left: 300 sec this turn | 300 sec total\n|\n|t:|1783558585\n|move|p1a: Furret|Double-Edge|p2a: Ursaluna\n|-damage|p2a: Ursaluna|23/100\n|-damage|p1a: Furret|261/312|[from] Recoil\n|move|p2a: Ursaluna|Moonlight|p2a: Ursaluna\n|-heal|p2a: Ursaluna|73/100\n|\n|-heal|p2a: Ursaluna|79/100|[from] item: Leftovers\n|upkeep\n|turn|12\n|inactive|Time left: 300 sec this turn | 300 sec total\n|\n|t:|1783558586\n|move|p1a: Furret|Double-Edge|p2a: Ursaluna\n|-damage|p2a: Ursaluna|28/100\n|-damage|p1a: Furret|209/312|[from] Recoil\n|move|p2a: Ursaluna|Blood Moon|p1a: Furret\n|-damage|p1a: Furret|0 fnt\n|faint|p1a: Furret\n|\n|-heal|p2a: Ursaluna|35/100|[from] item: Leftovers\n|upkeep\n|inactive|Time left: 300 sec this turn | 300 sec total | 5 sec grace\n|\n|t:|1783558587\n|switch|p1a: Dachsbun|Dachsbun, L92, M|254/254\n|turn|13\n|inactive|Time left: 300 sec this turn | 300 sec total\n|\n|t:|1783558588\n|-terastallize|p2a: Ursaluna|Ghost\n|move|p1a: Dachsbun|Body Press|p2a: Ursaluna\n|-immune|p2a: Ursaluna\n|move|p2a: Ursaluna|Moonlight|p2a: Ursaluna\n|-heal|p2a: Ursaluna|85/100\n|\n|-heal|p2a: Ursaluna|91/100|[from] item: Leftovers\n|upkeep\n|turn|14\n|inactive|Time left: 300 sec this turn | 300 sec total\n|\n|t:|1783558589\n|switch|p1a: Exeggutor|Exeggutor, L89, F|312/312\n|move|p2a: Ursaluna|Blood Moon|p1a: Exeggutor\n|-damage|p1a: Exeggutor|30/312\n|-enditem|p1a: Exeggutor|Sitrus Berry|[eat]\n|-heal|p1a: Exeggutor|108/312|[from] item: Sitrus Berry\n|\n|-heal|p2a: Ursaluna|97/100|[from] item: Leftovers\n|-item|p1a: Exeggutor|Sitrus Berry|[from] ability: Harvest\n|upkeep\n|-enditem|p1a: Exeggutor|Sitrus Berry|[eat]\n|-heal|p1a: Exeggutor|186/312|[from] item: Sitrus Berry\n|turn|15\n|inactive|Time left: 300 sec this turn | 300 sec total\n|\n|t:|1783558591\n|move|p1a: Exeggutor|Leech Seed|p2a: Ursaluna\n|-start|p2a: Ursaluna|move: Leech Seed\n|move|p2a: Ursaluna|Calm Mind|p2a: Ursaluna\n|-boost|p2a: Ursaluna|spa|1\n|-boost|p2a: Ursaluna|spd|1\n|\n|-heal|p2a: Ursaluna|100/100|[from] item: Leftovers\n|-damage|p2a: Ursaluna|88/100|[from] Leech Seed|[of] p1a: Exeggutor\n|-heal|p1a: Exeggutor|224/312|[silent]\n|upkeep\n|turn|16\n|inactive|Time left: 300 sec this turn | 300 sec total\n|\n|t:|1783558592\n|move|p1a: Exeggutor|Substitute|p1a: Exeggutor\n|-start|p1a: Exeggutor|Substitute\n|-damage|p1a: Exeggutor|146/312\n|move|p2a: Ursaluna|Blood Moon|p1a: Exeggutor\n|-crit|p1a: Exeggutor\n|-end|p1a: Exeggutor|Substitute\n|\n|-heal|p2a: Ursaluna|94/100|[from] item: Leftovers\n|-damage|p2a: Ursaluna|82/100|[from] Leech Seed|[of] p1a: Exeggutor\n|-heal|p1a: Exeggutor|184/312|[silent]\n|upkeep\n|turn|17\n|inactive|Time left: 300 sec this turn | 300 sec total\n|\n|t:|1783558593\n|move|p1a: Exeggutor|Psychic Noise|p2a: Ursaluna\n|-damage|p2a: Ursaluna|60/100\n|-start|p2a: Ursaluna|move: Heal Block\n|move|p2a: Ursaluna|Calm Mind|p2a: Ursaluna\n|-boost|p2a: Ursaluna|spa|1\n|-boost|p2a: Ursaluna|spd|1\n|\n|-damage|p2a: Ursaluna|47/100|[from] Leech Seed|[of] p1a: Exeggutor\n|-heal|p1a: Exeggutor|222/312|[silent]\n|-item|p1a: Exeggutor|Sitrus Berry|[from] ability: Harvest\n|upkeep\n|turn|18\n|inactive|Time left: 300 sec this turn | 300 sec total\n|\n|t:|1783558594\n|move|p1a: Exeggutor|Substitute|p1a: Exeggutor\n|-start|p1a: Exeggutor|Substitute\n|-damage|p1a: Exeggutor|144/312\n|-enditem|p1a: Exeggutor|Sitrus Berry|[eat]\n|-heal|p1a: Exeggutor|222/312|[from] item: Sitrus Berry\n|move|p2a: Ursaluna|Blood Moon|p1a: Exeggutor\n|-end|p1a: Exeggutor|Substitute\n|\n|-damage|p2a: Ursaluna|35/100|[from] Leech Seed|[of] p1a: Exeggutor\n|-heal|p1a: Exeggutor|260/312|[silent]\n|-end|p2a: Ursaluna|move: Heal Block\n|-item|p1a: Exeggutor|Sitrus Berry|[from] ability: Harvest\n|upkeep\n|turn|19\n|inactive|Time left: 300 sec this turn | 300 sec total\n|\n|t:|1783558595\n|move|p2a: Ursaluna|Vacuum Wave|p1a: Exeggutor\n|-resisted|p1a: Exeggutor\n|-damage|p1a: Exeggutor|216/312\n|move|p1a: Exeggutor|Psychic Noise|p2a: Ursaluna\n|-damage|p2a: Ursaluna|17/100\n|-start|p2a: Ursaluna|move: Heal Block\n|\n|-damage|p2a: Ursaluna|5/100|[from] Leech Seed|[of] p1a: Exeggutor\n|-heal|p1a: Exeggutor|254/312|[silent]\n|upkeep\n|turn|20\n|inactive|Time left: 300 sec this turn | 300 sec total\n|\n|t:|1783558596\n|move|p1a: Exeggutor|Psychic Noise|p2a: Ursaluna\n|-damage|p2a: Ursaluna|0 fnt\n|faint|p2a: Ursaluna\n|\n|upkeep\n|\n|t:|1783558597\n|switch|p2a: Scyther|Scyther, L82, F|100/100\n|turn|21\n|inactive|Time left: 300 sec this turn | 300 sec total\n|\n|t:|1783558598\n|move|p1a: Exeggutor|Protect|p1a: Exeggutor\n|-singleturn|p1a: Exeggutor|Protect\n|move|p2a: Scyther|Swords Dance|p2a: Scyther\n|-boost|p2a: Scyther|atk|2\n|\n|upkeep\n|turn|22\n|inactive|Time left: 300 sec this turn | 300 sec total\n|\n|t:|1783558599\n|-terastallize|p1a: Exeggutor|Steel\n|move|p2a: Scyther|Bug Bite|p1a: Exeggutor\n|-resisted|p1a: Exeggutor\n|-damage|p1a: Exeggutor|158/312\n|-enditem|p1a: Exeggutor|Sitrus Berry|[from] stealeat|[move] Bug Bite|[of] p2a: Scyther\n|move|p1a: Exeggutor|Leech Seed|p2a: Scyther\n|-start|p2a: Scyther|move: Leech Seed\n|\n|-damage|p2a: Scyther|88/100|[from] Leech Seed|[of] p1a: Exeggutor\n|-heal|p1a: Exeggutor|189/312|[silent]\n|upkeep\n|turn|23\n|inactive|Time left: 300 sec this turn | 300 sec total\n|\n|t:|1783558601\n|move|p1a: Exeggutor|Protect|p1a: Exeggutor\n|-singleturn|p1a: Exeggutor|Protect\n|move|p2a: Scyther|Close Combat|p1a: Exeggutor\n|-activate|p1a: Exeggutor|move: Protect\n|\n|-damage|p2a: Scyther|76/100|[from] Leech Seed|[of] p1a: Exeggutor\n|-heal|p1a: Exeggutor|220/312|[silent]\n|upkeep\n|turn|24\n|inactive|Time left: 300 sec this turn | 300 sec total\n|\n|t:|1783558602\n|switch|p1a: Dachsbun|Dachsbun, L92, M|254/254\n|move|p2a: Scyther|Close Combat|p1a: Dachsbun\n|-resisted|p1a: Dachsbun\n|-damage|p1a: Dachsbun|188/254\n|-unboost|p2a: Scyther|def|1\n|-unboost|p2a: Scyther|spd|1\n|\n|-heal|p1a: Dachsbun|203/254|[from] item: Leftovers\n|-damage|p2a: Scyther|63/100|[from] Leech Seed|[of] p1a: Dachsbun\n|-heal|p1a: Dachsbun|234/254|[silent]\n|upkeep\n|turn|25\n|inactive|Time left: 300 sec this turn | 300 sec total\n|\n|t:|1783558603\n|switch|p2a: Cobalion|Cobalion, L80|100/100\n|move|p1a: Dachsbun|Play Rough|p2a: Cobalion\n|-damage|p2a: Cobalion|75/100\n|\n|-heal|p1a: Dachsbun|249/254|[from] item: Leftovers\n|-heal|p2a: Cobalion|81/100|[from] item: Leftovers\n|upkeep\n|turn|26\n|inactive|Time left: 300 sec this turn | 300 sec total\n|\n|t:|1783558604\n|move|p1a: Dachsbun|Body Press|p2a: Cobalion\n|-supereffective|p2a: Cobalion\n|-damage|p2a: Cobalion|35/100\n|move|p2a: Cobalion|Iron Head|p1a: Dachsbun\n|-supereffective|p1a: Dachsbun\n|-damage|p1a: Dachsbun|141/254\n|\n|-heal|p1a: Dachsbun|156/254|[from] item: Leftovers\n|-heal|p2a: Cobalion|41/100|[from] item: Leftovers\n|upkeep\n|turn|27\n|inactive|Time left: 300 sec this turn | 300 sec total\n|\n|t:|1783558605\n|move|p1a: Dachsbun|Body Press|p2a: Cobalion\n|-supereffective|p2a: Cobalion\n|-damage|p2a: Cobalion|0 fnt\n|faint|p2a: Cobalion\n|\n|-heal|p1a: Dachsbun|171/254|[from] item: Leftovers\n|upkeep\n|\n|t:|1783558606\n|switch|p2a: Scyther|Scyther, L82, F|63/100\n|turn|28\n|inactive|Time left: 300 sec this turn | 300 sec total\n|\n|t:|1783558607\n|move|p1a: Dachsbun|Play Rough|p2a: Scyther|[miss]\n|-miss|p1a: Dachsbun|p2a: Scyther\n|move|p2a: Scyther|Swords Dance|p2a: Scyther\n|-boost|p2a: Scyther|atk|2\n|\n|-heal|p1a: Dachsbun|186/254|[from] item: Leftovers\n|upkeep\n|turn|29\n|inactive|Time left: 300 sec this turn | 300 sec total\n|\n|t:|1783558608\n|move|p1a: Dachsbun|Play Rough|p2a: Scyther\n|-damage|p2a: Scyther|21/100\n|move|p2a: Scyther|Dual Wingbeat|p1a: Dachsbun\n|-damage|p1a: Dachsbun|84/254\n|-damage|p1a: Dachsbun|0 fnt\n|faint|p1a: Dachsbun\n|-hitcount|p1: Dachsbun|2\n|\n|upkeep\n|inactive|Time left: 300 sec this turn | 300 sec total | 5 sec grace\n|\n|t:|1783558609\n|switch|p1a: Pachirisu|Pachirisu, L96, F|271/271\n|turn|30\n|inactive|Time left: 300 sec this turn | 300 sec total\n|\n|t:|1783558610\n|move|p1a: Pachirisu|Thunderbolt|p2a: Scyther\n|-supereffective|p2a: Scyther\n|-damage|p2a: Scyther|0 fnt\n|faint|p2a: Scyther\n|\n|upkeep\n|\n|t:|1783558611\n|switch|p2a: Palafin|Palafin, L77, F|100/100\n|turn|31\n|inactive|Time left: 300 sec this turn | 300 sec total\n|\n|t:|1783558612\n|move|p1a: Pachirisu|Super Fang|p2a: Palafin\n|-damage|p2a: Palafin|51/100\n|move|p2a: Palafin|Flip Turn|p1a: Pachirisu\n|-damage|p1a: Pachirisu|204/271\n|\n|t:|1783558613\n|detailschange|p2a: Palafin|Palafin-Hero, L77, F\n|switch|p2a: Minior|Minior-Green, L79|100/100|[from] Flip Turn\n|-formechange|p2a: Minior|Minior-Meteor||[from] ability: Shields Down\n|\n|upkeep\n|turn|32\n|inactive|Time left: 300 sec this turn | 300 sec total\n|\n|t:|1783558614\n|move|p1a: Pachirisu|Thunderbolt|p2a: Minior\n|-supereffective|p2a: Minior\n|-damage|p2a: Minior|36/100\n|move|p2a: Minior|Shell Smash|p2a: Minior\n|-unboost|p2a: Minior|def|1\n|-unboost|p2a: Minior|spd|1\n|-boost|p2a: Minior|atk|2\n|-boost|p2a: Minior|spa|2\n|-boost|p2a: Minior|spe|2\n|-enditem|p2a: Minior|White Herb\n|-clearnegativeboost|p2a: Minior|[silent]\n|\n|-formechange|p2a: Minior|Minior-Green||[from] ability: Shields Down\n|upkeep\n|turn|33\n|inactive|Time left: 300 sec this turn | 300 sec total\n|\n|t:|1783558615\n|switch|p1a: Exeggutor|Exeggutor, L89, F, tera:Steel|220/312\n|move|p2a: Minior|Earthquake|p1a: Exeggutor\n|-supereffective|p1a: Exeggutor\n|-crit|p1a: Exeggutor\n|-damage|p1a: Exeggutor|0 fnt\n|faint|p1a: Exeggutor\n|\n|upkeep\n|inactive|Time left: 300 sec this turn | 300 sec total | 5 sec grace\n|\n|t:|1783558616\n|switch|p1a: Slowbro|Slowbro, L85, F|194/300 psn\n|turn|34\n|inactive|Time left: 300 sec this turn | 300 sec total\n|\n|t:|1783558617\n|move|p2a: Minior|Earthquake|p1a: Slowbro\n|-damage|p1a: Slowbro|95/300 psn\n|move|p1a: Slowbro|Body Press|p2a: Minior\n|-damage|p2a: Minior|0 fnt\n|faint|p2a: Minior\n|\n|-heal|p1a: Slowbro|113/300 psn|[from] item: Leftovers\n|-damage|p1a: Slowbro|76/300 psn|[from] psn\n|upkeep\n|\n|t:|1783558618\n|switch|p2a: Palafin|Palafin-Hero, L77, F|51/100\n|-activate|p2a: Palafin|ability: Zero to Hero\n|turn|35\n|inactive|Time left: 300 sec this turn | 300 sec total\n|\n|t:|1783558619\n|move|p2a: Palafin|Flip Turn|p1a: Slowbro\n|-resisted|p1a: Slowbro\n|-damage|p1a: Slowbro|25/300 psn\n|move|p1a: Slowbro|Body Press|p2a: Palafin\n|-damage|p2a: Palafin|29/100\n|\n|-heal|p1a: Slowbro|43/300 psn|[from] item: Leftovers\n|-damage|p1a: Slowbro|6/300 psn|[from] psn\n|upkeep\n|turn|36\n|inactive|Time left: 300 sec this turn | 300 sec total\n|\n|t:|1783558621\n|move|p2a: Palafin|Flip Turn|p1a: Slowbro\n|-resisted|p1a: Slowbro\n|-damage|p1a: Slowbro|0 fnt\n|faint|p1a: Slowbro\n|\n|upkeep\n|inactive|Time left: 300 sec this turn | 300 sec total | 5 sec grace\n|\n|t:|1783558621\n|switch|p1a: Pachirisu|Pachirisu, L96, F|204/271\n|turn|37\n|inactive|Time left: 300 sec this turn | 300 sec total\n|\n|t:|1783558622\n|move|p1a: Pachirisu|Thunderbolt|p2a: Palafin\n|-supereffective|p2a: Palafin\n|-damage|p2a: Palafin|0 fnt\n|faint|p2a: Palafin\n|\n|win|p0x1669f66e", "uploadtime": 1783558622, "views": 0, "rating": 0, "private": 0, "password": null, "_winner": "p0x1669f66e", "_our_name": "p0x1669f66e"}