{"id": "battle-gen9randombattle-1013", "formatid": "gen9randombattle", "format": "[Gen 9] Random Battle", "players": ["p0x10133f39", "p0y10138482"], "log": "|init|battle\n|title|p0x10133f39 vs. p0y10138482\n|j|\u2606p0x10133f39\n|j|\u2606p0y10138482\n|t:|1783550925\n|gametype|singles\n|player|p1|p0x10133f39|1|\n|player|p2|p0y10138482|2|\n|gen|9\n|tier|[Gen 9] Random Battle\n|rule|Species Clause: Limit one of each Pok\u00e9mon\n|rule|HP Percentage Mod: HP is shown in percentages\n|rule|Sleep Clause Mod: Limit one foe put to sleep\n|rule|Illusion Level Mod: Illusion disguises the Pok\u00e9mon's true level\n|\n|t:|1783550925\n|teamsize|p1|6\n|teamsize|p2|6\n|start\n|switch|p1a: Gengar|Gengar, L81, F|100/100\n|switch|p2a: Misdreavus|Misdreavus, L90, F|254/254\n|turn|1\n|inactive|Battle timer is ON: inactive players will automatically lose when time's up. (requested by p0x10133f39)\n|inactive|Time left: 300 sec this turn | 300 sec total | 60 sec grace\n|inactive|p0y10138482 also wants the timer to be on.\n|\n|t:|1783550927\n|move|p1a: Gengar|Shadow Ball|p2a: Misdreavus\n|-supereffective|p2a: Misdreavus\n|-damage|p2a: Misdreavus|98/254\n|-damage|p1a: Gengar|90/100|[from] item: Life Orb\n|move|p2a: Misdreavus|Shadow Ball|p1a: Gengar\n|-supereffective|p1a: Gengar\n|-damage|p1a: Gengar|0 fnt\n|faint|p1a: Gengar\n|\n|upkeep\n|\n|t:|1783550928\n|switch|p1a: Serperior|Serperior, L79, M|100/100\n|turn|2\n|inactive|Time left: 300 sec this turn | 300 sec total\n|\n|t:|1783550929\n|switch|p2a: Zacian|Zacian-Crowned, L64|225/225\n|-ability|p2a: Zacian|Intrepid Sword|boost\n|-boost|p2a: Zacian|atk|1\n|move|p1a: Serperior|Leaf Storm|p2a: Zacian|[miss]\n|-miss|p1a: Serperior|p2a: Zacian\n|\n|upkeep\n|turn|3\n|inactive|Time left: 300 sec this turn | 300 sec total\n|\n|t:|1783550930\n|move|p2a: Zacian|Swords Dance|p2a: Zacian\n|-boost|p2a: Zacian|atk|2\n|move|p1a: Serperior|Leaf Storm|p2a: Zacian\n|-resisted|p2a: Zacian\n|-damage|p2a: Zacian|168/225\n|-boost|p1a: Serperior|spa|2\n|\n|upkeep\n|turn|4\n|inactive|Time left: 300 sec this turn | 300 sec total\n|\n|t:|1783550932\n|move|p2a: Zacian|Behemoth Blade|p1a: Serperior\n|-damage|p1a: Serperior|11/100\n|move|p1a: Serperior|Leaf Storm|p2a: Zacian\n|-resisted|p2a: Zacian\n|-damage|p2a: Zacian|66/225\n|-boost|p1a: Serperior|spa|2\n|\n|-heal|p1a: Serperior|17/100|[from] item: Leftovers\n|upkeep\n|turn|5\n|inactive|Time left: 300 sec this turn | 300 sec total\n|\n|t:|1783550933\n|move|p2a: Zacian|Behemoth Blade|p1a: Serperior\n|-crit|p1a: Serperior\n|-damage|p1a: Serperior|0 fnt\n|faint|p1a: Serperior\n|\n|upkeep\n|\n|t:|1783550934\n|switch|p1a: Hitmonlee|Hitmonlee, L85, M|100/100\n|turn|6\n|inactive|Time left: 300 sec this turn | 300 sec total\n|\n|t:|1783550935\n|move|p1a: Hitmonlee|Mach Punch|p2a: Zacian\n|-damage|p2a: Zacian|0 fnt\n|faint|p2a: Zacian\n|\n|upkeep\n|inactive|Time left: 300 sec this turn | 300 sec total | 5 sec grace\n|\n|t:|1783550936\n|switch|p2a: Kleavor|Kleavor, L78, F|237/237\n|turn|7\n|inactive|Time left: 300 sec this turn | 300 sec total\n|\n|t:|1783550937\n|move|p1a: Hitmonlee|Mach Punch|p2a: Kleavor\n|-damage|p2a: Kleavor|156/237\n|move|p2a: Kleavor|Stone Axe|p1a: Hitmonlee\n|-resisted|p1a: Hitmonlee\n|-damage|p1a: Hitmonlee|41/100\n|-sidestart|p1: p0x10133f39|move: Stealth Rock\n|\n|upkeep\n|turn|8\n|inactive|Time left: 300 sec this turn | 300 sec total\n|\n|t:|1783550938\n|move|p1a: Hitmonlee|Mach Punch|p2a: Kleavor\n|-damage|p2a: Kleavor|71/237\n|move|p2a: Kleavor|Stone Axe|p1a: Hitmonlee\n|-resisted|p1a: Hitmonlee\n|-crit|p1a: Hitmonlee\n|-damage|p1a: Hitmonlee|0 fnt\n|faint|p1a: Hitmonlee\n|\n|upkeep\n|\n|t:|1783550939\n|switch|p1a: Arceus|Arceus-Fairy, L69|100/100\n|-damage|p1a: Arceus|88/100|[from] Stealth Rock\n|turn|9\n|inactive|Time left: 300 sec this turn | 300 sec total\n|\n|t:|1783550940\n|move|p1a: Arceus|Calm Mind|p1a: Arceus\n|-boost|p1a: Arceus|spa|1\n|-boost|p1a: Arceus|spd|1\n|move|p2a: Kleavor|Stone Axe|p1a: Arceus\n|-damage|p1a: Arceus|31/100\n|\n|upkeep\n|turn|10\n|inactive|Time left: 300 sec this turn | 300 sec total\n|\n|t:|1783550942\n|switch|p2a: Registeel|Registeel, L81|262/262\n|move|p1a: Arceus|Judgment|p2a: Registeel\n|-resisted|p2a: Registeel\n|-damage|p2a: Registeel|208/262\n|\n|upkeep\n|turn|11\n|inactive|Time left: 300 sec this turn | 300 sec total\n|\n|t:|1783550942\n|move|p1a: Arceus|Recover|p1a: Arceus\n|-heal|p1a: Arceus|81/100\n|move|p2a: Registeel|Iron Head|p1a: Arceus\n|-supereffective|p1a: Arceus\n|-damage|p1a: Arceus|40/100\n|\n|upkeep\n|turn|12\n|inactive|Time left: 300 sec this turn | 300 sec total\n|\n|t:|1783550943\n|move|p1a: Arceus|Recover|p1a: Arceus\n|-heal|p1a: Arceus|90/100\n|move|p2a: Registeel|Iron Head|p1a: Arceus\n|-supereffective|p1a: Arceus\n|-damage|p1a: Arceus|44/100\n|\n|upkeep\n|turn|13\n|inactive|Time left: 300 sec this turn | 300 sec total\n|\n|t:|1783550944\n|move|p1a: Arceus|Recover|p1a: Arceus\n|-heal|p1a: Arceus|94/100\n|move|p2a: Registeel|Iron Head|p1a: Arceus\n|-supereffective|p1a: Arceus\n|-damage|p1a: Arceus|47/100\n|\n|upkeep\n|turn|14\n|inactive|Time left: 300 sec this turn | 300 sec total\n|\n|t:|1783550945\n|move|p1a: Arceus|Recover|p1a: Arceus\n|-heal|p1a: Arceus|97/100\n|move|p2a: Registeel|Iron Head|p1a: Arceus\n|-supereffective|p1a: Arceus\n|-damage|p1a: Arceus|49/100\n|\n|upkeep\n|turn|15\n|inactive|Time left: 300 sec this turn | 300 sec total\n|\n|t:|1783550946\n|move|p1a: Arceus|Recover|p1a: Arceus\n|-heal|p1a: Arceus|99/100\n|move|p2a: Registeel|Iron Head|p1a: Arceus\n|-supereffective|p1a: Arceus\n|-damage|p1a: Arceus|52/100\n|\n|upkeep\n|turn|16\n|inactive|Time left: 300 sec this turn | 300 sec total\n|\n|t:|1783550947\n|move|p1a: Arceus|Recover|p1a: Arceus\n|-heal|p1a: Arceus|100/100\n|move|p2a: Registeel|Iron Head|p1a: Arceus\n|-supereffective|p1a: Arceus\n|-damage|p1a: Arceus|55/100\n|\n|upkeep\n|turn|17\n|inactive|Time left: 300 sec this turn | 300 sec total\n|\n|t:|1783550948\n|move|p1a: Arceus|Recover|p1a: Arceus\n|-heal|p1a: Arceus|100/100\n|move|p2a: Registeel|Iron Head|p1a: Arceus\n|-supereffective|p1a: Arceus\n|-damage|p1a: Arceus|55/100\n|\n|upkeep\n|turn|18\n|inactive|Time left: 300 sec this turn | 300 sec total\n|\n|t:|1783550949\n|move|p1a: Arceus|Recover|p1a: Arceus\n|-heal|p1a: Arceus|100/100\n|move|p2a: Registeel|Iron Head|p1a: Arceus\n|-supereffective|p1a: Arceus\n|-damage|p1a: Arceus|59/100\n|\n|upkeep\n|turn|19\n|inactive|Time left: 300 sec this turn | 300 sec total\n|\n|t:|1783550949\n|move|p1a: Arceus|Judgment|p2a: Registeel\n|-resisted|p2a: Registeel\n|-damage|p2a: Registeel|151/262\n|move|p2a: Registeel|Iron Head|p1a: Arceus\n|-supereffective|p1a: Arceus\n|-damage|p1a: Arceus|16/100\n|\n|upkeep\n|turn|20\n|inactive|Time left: 300 sec this turn | 300 sec total\n|\n|t:|1783550950\n|-terastallize|p1a: Arceus|Ground\n|move|p1a: Arceus|Earth Power|p2a: Registeel\n|-supereffective|p2a: Registeel\n|-damage|p2a: Registeel|0 fnt\n|faint|p2a: Registeel\n|\n|upkeep\n|inactive|Time left: 300 sec this turn | 300 sec total | 5 sec grace\n|\n|t:|1783550951\n|switch|p2a: Serperior|Serperior, L79, M|248/248\n|turn|21\n|inactive|Time left: 300 sec this turn | 300 sec total\n|\n|t:|1783550952\n|move|p2a: Serperior|Leaf Storm|p1a: Arceus\n|-supereffective|p1a: Arceus\n|-damage|p1a: Arceus|0 fnt\n|-boost|p2a: Serperior|spa|2\n|faint|p1a: Arceus\n|-damage|p2a: Serperior|224/248|[from] item: Life Orb\n|\n|upkeep\n|\n|t:|1783550953\n|switch|p1a: Diancie|Diancie, L82|100/100\n|-damage|p1a: Diancie|88/100|[from] Stealth Rock\n|turn|22\n|inactive|Time left: 300 sec this turn | 300 sec total\n|\n|t:|1783550953\n|move|p2a: Serperior|Leaf Storm|p1a: Diancie\n|-supereffective|p1a: Diancie\n|-damage|p1a: Diancie|0 fnt\n|-boost|p2a: Serperior|spa|2\n|faint|p1a: Diancie\n|-damage|p2a: Serperior|200/248|[from] item: Life Orb\n|\n|upkeep\n|\n|t:|1783550954\n|switch|p1a: Furret|Furret, L94, F|100/100\n|-damage|p1a: Furret|88/100|[from] Stealth Rock\n|-item|p2a: Serperior|Life Orb|[from] ability: Frisk|[of] p1a: Furret\n|turn|23\n|inactive|Time left: 300 sec this turn | 300 sec total\n|\n|t:|1783550955\n|-terastallize|p2a: Serperior|Rock\n|move|p2a: Serperior|Tera Blast|p1a: Furret|[anim] Tera Blast Rock\n|-damage|p1a: Furret|0 fnt\n|faint|p1a: Furret\n|-damage|p2a: Serperior|176/248|[from] item: Life Orb\n|\n|win|p0y10138482", "uploadtime": 1783550955, "views": 0, "rating": 0, "private": 0, "password": null, "_winner": "p0y10138482", "_our_name": "p0y10138482"}