{"id": "battle-gen9randombattle-2314", "formatid": "gen9randombattle", "format": "[Gen 9] Random Battle", "players": ["p0x2314b13c", "p0y23144cd5"], "log": "|init|battle\n|title|p0x2314b13c vs. p0y23144cd5\n|j|\u2606p0x2314b13c\n|j|\u2606p0y23144cd5\n|t:|1783565854\n|gametype|singles\n|player|p1|p0x2314b13c|1|\n|player|p2|p0y23144cd5|169|\n|gen|9\n|tier|[Gen 9] Random Battle\n|rule|Species Clause: Limit one of each Pok\u00e9mon\n|rule|HP Percentage Mod: HP is shown in percentages\n|rule|Sleep Clause Mod: Limit one foe put to sleep\n|rule|Illusion Level Mod: Illusion disguises the Pok\u00e9mon's true level\n|\n|t:|1783565854\n|teamsize|p1|6\n|teamsize|p2|6\n|start\n|switch|p1a: Braviary|Braviary-Hisui, L85, M|100/100\n|switch|p2a: Hippowdon|Hippowdon, L82, F|311/311\n|-weather|Sandstorm|[from] ability: Sand Stream|[of] p2a: Hippowdon\n|turn|1\n|inactive|Battle timer is ON: inactive players will automatically lose when time's up. (requested by p0y23144cd5)\n|inactive|p0x2314b13c also wants the timer to be on.\n|\n|t:|1783565856\n|move|p1a: Braviary|Hurricane|p2a: Hippowdon|[miss]\n|-miss|p1a: Braviary|p2a: Hippowdon\n|move|p2a: Hippowdon|Stealth Rock|p1a: Braviary\n|-sidestart|p1: p0x2314b13c|move: Stealth Rock\n|\n|-weather|Sandstorm|[upkeep]\n|-damage|p1a: Braviary|94/100|[from] Sandstorm\n|upkeep\n|turn|2\n|inactive|Time left: 300 sec this turn | 300 sec total\n|\n|t:|1783565857\n|move|p1a: Braviary|Psychic|p2a: Hippowdon\n|-damage|p2a: Hippowdon|69/311\n|move|p2a: Hippowdon|Stone Edge|p1a: Braviary\n|-supereffective|p1a: Braviary\n|-damage|p1a: Braviary|40/100\n|\n|-weather|Sandstorm|[upkeep]\n|-damage|p1a: Braviary|34/100|[from] Sandstorm\n|-heal|p2a: Hippowdon|88/311|[from] item: Leftovers\n|upkeep\n|turn|3\n|inactive|Time left: 300 sec this turn | 300 sec total\n|\n|t:|1783565858\n|move|p1a: Braviary|Psychic|p2a: Hippowdon\n|-damage|p2a: Hippowdon|0 fnt\n|faint|p2a: Hippowdon\n|\n|-weather|Sandstorm|[upkeep]\n|-damage|p1a: Braviary|27/100|[from] Sandstorm\n|upkeep\n|inactive|Time left: 300 sec this turn | 300 sec total | 5 sec grace\n|\n|t:|1783565859\n|switch|p2a: Lokix|Lokix, L82, F|251/251\n|turn|4\n|inactive|Time left: 300 sec this turn | 300 sec total\n|\n|t:|1783565860\n|move|p2a: Lokix|Knock Off|p1a: Braviary\n|-supereffective|p1a: Braviary\n|-damage|p1a: Braviary|0 fnt\n|-enditem|p1a: Braviary|Life Orb|[from] move: Knock Off|[of] p2a: Lokix\n|faint|p1a: Braviary\n|-damage|p2a: Lokix|226/251|[from] item: Life Orb\n|\n|-weather|Sandstorm|[upkeep]\n|-damage|p2a: Lokix|211/251|[from] Sandstorm\n|upkeep\n|\n|t:|1783565861\n|switch|p1a: Primarina|Primarina, L83, F|100/100\n|-damage|p1a: Primarina|88/100|[from] Stealth Rock\n|turn|5\n|inactive|Time left: 300 sec this turn | 300 sec total\n|\n|t:|1783565862\n|move|p2a: Lokix|Knock Off|p1a: Primarina\n|-resisted|p1a: Primarina\n|-damage|p1a: Primarina|35/100\n|-enditem|p1a: Primarina|Choice Specs|[from] move: Knock Off|[of] p2a: Lokix\n|-damage|p2a: Lokix|186/251|[from] item: Life Orb\n|move|p1a: Primarina|Moonblast|p2a: Lokix\n|-supereffective|p2a: Lokix\n|-damage|p2a: Lokix|0 fnt\n|faint|p2a: Lokix\n|\n|-weather|none\n|upkeep\n|inactive|Time left: 300 sec this turn | 300 sec total | 5 sec grace\n|\n|t:|1783565863\n|switch|p2a: Masquerain|Masquerain, L87, M|264/264\n|-ability|p2a: Masquerain|Intimidate|boost\n|-unboost|p1a: Primarina|atk|1\n|turn|6\n|inactive|Time left: 300 sec this turn | 300 sec total\n|\n|t:|1783565864\n|move|p2a: Masquerain|Quiver Dance|p2a: Masquerain\n|-boost|p2a: Masquerain|spa|1\n|-boost|p2a: Masquerain|spd|1\n|-boost|p2a: Masquerain|spe|1\n|move|p1a: Primarina|Moonblast|p2a: Masquerain\n|-damage|p2a: Masquerain|180/264\n|\n|upkeep\n|turn|7\n|inactive|Time left: 300 sec this turn | 300 sec total\n|\n|t:|1783565865\n|move|p2a: Masquerain|Quiver Dance|p2a: Masquerain\n|-boost|p2a: Masquerain|spa|1\n|-boost|p2a: Masquerain|spd|1\n|-boost|p2a: Masquerain|spe|1\n|move|p1a: Primarina|Flip Turn|p2a: Masquerain\n|-damage|p2a: Masquerain|138/264\n|\n|t:|1783565866\n|switch|p1a: Raging Bolt|Raging Bolt, L78|100/100|[from] Flip Turn\n|-damage|p1a: Raging Bolt|88/100|[from] Stealth Rock\n|-enditem|p1a: Raging Bolt|Booster Energy\n|-activate|p1a: Raging Bolt|ability: Protosynthesis|[fromitem]\n|-start|p1a: Raging Bolt|protosynthesisspa\n|\n|upkeep\n|turn|8\n|inactive|Time left: 300 sec this turn | 300 sec total\n|\n|t:|1783565867\n|move|p2a: Masquerain|Quiver Dance|p2a: Masquerain\n|-boost|p2a: Masquerain|spa|1\n|-boost|p2a: Masquerain|spd|1\n|-boost|p2a: Masquerain|spe|1\n|move|p1a: Raging Bolt|Thunderbolt|p2a: Masquerain\n|-supereffective|p2a: Masquerain\n|-damage|p2a: Masquerain|12/264\n|\n|upkeep\n|turn|9\n|inactive|Time left: 300 sec this turn | 300 sec total\n|\n|t:|1783565868\n|move|p1a: Raging Bolt|Thunderclap|p2a: Masquerain\n|-supereffective|p2a: Masquerain\n|-damage|p2a: Masquerain|0 fnt\n|faint|p2a: Masquerain\n|\n|upkeep\n|inactive|Time left: 300 sec this turn | 300 sec total | 5 sec grace\n|\n|t:|1783565869\n|switch|p2a: Zebstrika|Zebstrika, L87, M|272/272\n|turn|10\n|inactive|Time left: 300 sec this turn | 300 sec total\n|\n|t:|1783565870\n|-terastallize|p2a: Zebstrika|Ground\n|move|p2a: Zebstrika|High Horsepower|p1a: Raging Bolt\n|-supereffective|p1a: Raging Bolt\n|-damage|p1a: Raging Bolt|0 fnt\n|faint|p1a: Raging Bolt\n|-end|p1a: Raging Bolt|Protosynthesis|[silent]\n|-damage|p2a: Zebstrika|245/272|[from] item: Life Orb\n|\n|upkeep\n|\n|t:|1783565871\n|switch|p1a: Garganacl|Garganacl, L80, F|100/100\n|-damage|p1a: Garganacl|88/100|[from] Stealth Rock\n|turn|11\n|inactive|Time left: 300 sec this turn | 300 sec total\n|\n|t:|1783565872\n|move|p2a: Zebstrika|High Horsepower|p1a: Garganacl\n|-supereffective|p1a: Garganacl\n|-damage|p1a: Garganacl|12/100\n|-damage|p2a: Zebstrika|218/272|[from] item: Life Orb\n|move|p1a: Garganacl|Recover|p1a: Garganacl\n|-heal|p1a: Garganacl|62/100\n|\n|-heal|p1a: Garganacl|69/100|[from] item: Leftovers\n|upkeep\n|turn|12\n|inactive|Time left: 300 sec this turn | 300 sec total\n|\n|t:|1783565873\n|-terastallize|p1a: Garganacl|Ghost\n|move|p2a: Zebstrika|High Horsepower|p1a: Garganacl\n|-crit|p1a: Garganacl\n|-damage|p1a: Garganacl|8/100\n|-damage|p2a: Zebstrika|191/272|[from] item: Life Orb\n|move|p1a: Garganacl|Recover|p1a: Garganacl\n|-heal|p1a: Garganacl|59/100\n|\n|-heal|p1a: Garganacl|65/100|[from] item: Leftovers\n|upkeep\n|turn|13\n|inactive|Time left: 300 sec this turn | 300 sec total\n|\n|t:|1783565874\n|switch|p2a: Hydreigon|Hydreigon, L79, M|275/275\n|move|p1a: Garganacl|Recover|p1a: Garganacl\n|-heal|p1a: Garganacl|100/100\n|\n|upkeep\n|turn|14\n|inactive|Time left: 300 sec this turn | 300 sec total\n|\n|t:|1783565875\n|switch|p1a: Toxicroak|Toxicroak, L84, M|100/100\n|-damage|p1a: Toxicroak|94/100|[from] Stealth Rock\n|move|p2a: Hydreigon|Nasty Plot|p2a: Hydreigon\n|-boost|p2a: Hydreigon|spa|2\n|\n|upkeep\n|turn|15\n|inactive|Time left: 300 sec this turn | 300 sec total\n|\n|t:|1783565876\n|move|p2a: Hydreigon|Draco Meteor|p1a: Toxicroak\n|-damage|p1a: Toxicroak|0 fnt\n|-unboost|p2a: Hydreigon|spa|2\n|faint|p1a: Toxicroak\n|-damage|p2a: Hydreigon|248/275|[from] item: Life Orb\n|\n|upkeep\n|\n|t:|1783565877\n|switch|p1a: Primarina|Primarina, L83, F|35/100\n|-damage|p1a: Primarina|23/100|[from] Stealth Rock\n|turn|16\n|inactive|Time left: 300 sec this turn | 300 sec total\n|\n|t:|1783565878\n|move|p2a: Hydreigon|Flash Cannon|p1a: Primarina\n|-damage|p1a: Primarina|0 fnt\n|faint|p1a: Primarina\n|-damage|p2a: Hydreigon|221/275|[from] item: Life Orb\n|\n|upkeep\n|\n|t:|1783565879\n|switch|p1a: Venusaur|Venusaur, L84, M|100/100\n|-damage|p1a: Venusaur|88/100|[from] Stealth Rock\n|turn|17\n|inactive|Time left: 300 sec this turn | 300 sec total\n|\n|t:|1783565879\n|move|p2a: Hydreigon|Nasty Plot|p2a: Hydreigon\n|-boost|p2a: Hydreigon|spa|2\n|move|p1a: Venusaur|Sludge Bomb|p2a: Hydreigon\n|-damage|p2a: Hydreigon|112/275\n|\n|-heal|p1a: Venusaur|94/100|[from] item: Leftovers\n|upkeep\n|turn|18\n|inactive|Time left: 300 sec this turn | 300 sec total\n|\n|t:|1783565881\n|switch|p1a: Garganacl|Garganacl, L80, F, tera:Ghost|100/100\n|-damage|p1a: Garganacl|88/100|[from] Stealth Rock\n|move|p2a: Hydreigon|Draco Meteor|p1a: Garganacl\n|-damage|p1a: Garganacl|0 fnt\n|-unboost|p2a: Hydreigon|spa|2\n|faint|p1a: Garganacl\n|-damage|p2a: Hydreigon|85/275|[from] item: Life Orb\n|\n|upkeep\n|\n|t:|1783565881\n|switch|p1a: Venusaur|Venusaur, L84, M|94/100\n|-damage|p1a: Venusaur|82/100|[from] Stealth Rock\n|turn|19\n|inactive|Time left: 300 sec this turn | 300 sec total\n|\n|t:|1783565882\n|move|p2a: Hydreigon|Draco Meteor|p1a: Venusaur\n|-damage|p1a: Venusaur|14/100\n|-unboost|p2a: Hydreigon|spa|2\n|-damage|p2a: Hydreigon|58/275|[from] item: Life Orb\n|move|p1a: Venusaur|Sleep Powder|p2a: Hydreigon\n|-status|p2a: Hydreigon|slp|[from] move: Sleep Powder\n|\n|-heal|p1a: Venusaur|20/100|[from] item: Leftovers\n|upkeep\n|turn|20\n|inactive|Time left: 300 sec this turn | 300 sec total\n|\n|t:|1783565883\n|switch|p2a: Rotom|Rotom-Heat, L83|219/219\n|move|p1a: Venusaur|Leech Seed|p2a: Rotom\n|-start|p2a: Rotom|move: Leech Seed\n|\n|-heal|p1a: Venusaur|26/100|[from] item: Leftovers\n|-damage|p2a: Rotom|192/219|[from] Leech Seed|[of] p1a: Venusaur\n|-heal|p1a: Venusaur|36/100|[silent]\n|upkeep\n|turn|21\n|inactive|Time left: 300 sec this turn | 300 sec total\n|\n|t:|1783565884\n|move|p2a: Rotom|Overheat|p1a: Venusaur\n|-supereffective|p1a: Venusaur\n|-damage|p1a: Venusaur|0 fnt\n|-unboost|p2a: Rotom|spa|2\n|faint|p1a: Venusaur\n|\n|win|p0y23144cd5", "uploadtime": 1783565884, "views": 0, "rating": 0, "private": 0, "password": null, "_winner": "p0y23144cd5", "_our_name": "p0y23144cd5"}