{"id": "battle-gen9randombattle-123", "formatid": "gen9randombattle", "format": "[Gen 9] Random Battle", "players": ["p0x12305a5", "p0y1235cf9"], "log": "|init|battle\n|title|p0x12305a5 vs. p0y1235cf9\n|j|\u2606p0x12305a5\n|j|\u2606p0y1235cf9\n|t:|1783540897\n|gametype|singles\n|player|p1|p0x12305a5|170|\n|player|p2|p0y1235cf9|102|\n|gen|9\n|tier|[Gen 9] Random Battle\n|rule|Species Clause: Limit one of each Pok\u00e9mon\n|rule|HP Percentage Mod: HP is shown in percentages\n|rule|Sleep Clause Mod: Limit one foe put to sleep\n|rule|Illusion Level Mod: Illusion disguises the Pok\u00e9mon's true level\n|\n|t:|1783540897\n|teamsize|p1|6\n|teamsize|p2|6\n|start\n|switch|p1a: Iron Moth|Iron Moth, L78|100/100\n|switch|p2a: Toxicroak|Toxicroak, L84, M|277/277\n|turn|1\n|inactive|Battle timer is ON: inactive players will automatically lose when time's up. (requested by p0y1235cf9)\n|inactive|p0x12305a5 also wants the timer to be on.\n|\n|t:|1783540899\n|move|p1a: Iron Moth|Fire Blast|p2a: Toxicroak\n|-damage|p2a: Toxicroak|67/277\n|move|p2a: Toxicroak|Earthquake|p1a: Iron Moth\n|-supereffective|p1a: Iron Moth\n|-crit|p1a: Iron Moth\n|-damage|p1a: Iron Moth|0 fnt\n|faint|p1a: Iron Moth\n|-end|p1a: Iron Moth|Quark Drive|[silent]\n|\n|upkeep\n|\n|t:|1783540900\n|switch|p1a: Espathra|Espathra, L80, F|100/100\n|turn|2\n|inactive|Time left: 300 sec this turn | 300 sec total\n|\n|t:|1783540902\n|switch|p2a: Kingambit|Kingambit, L74, F|270/270\n|move|p1a: Espathra|Lumina Crash|p2a: Kingambit\n|-immune|p2a: Kingambit\n|\n|-ability|p1a: Espathra|Speed Boost|boost\n|-boost|p1a: Espathra|spe|1\n|upkeep\n|turn|3\n|inactive|Time left: 300 sec this turn | 300 sec total\n|\n|t:|1783540903\n|switch|p1a: Eelektross|Eelektross, L87, F|100/100\n|move|p2a: Kingambit|Swords Dance|p2a: Kingambit\n|-boost|p2a: Kingambit|atk|2\n|\n|upkeep\n|turn|4\n|inactive|Time left: 300 sec this turn | 300 sec total\n|\n|t:|1783540905\n|move|p1a: Eelektross|Coil|p1a: Eelektross\n|-boost|p1a: Eelektross|atk|1\n|-boost|p1a: Eelektross|def|1\n|-boost|p1a: Eelektross|accuracy|1\n|move|p2a: Kingambit|Kowtow Cleave|p1a: Eelektross\n|-damage|p1a: Eelektross|58/100\n|\n|-heal|p1a: Eelektross|64/100|[from] item: Leftovers\n|upkeep\n|turn|5\n|inactive|Time left: 300 sec this turn | 300 sec total\n|\n|t:|1783540906\n|-end|p2a: Kingambit|fallenundefined|[silent]\n|switch|p2a: Golurk|Golurk, L87|297/297\n|move|p1a: Eelektross|Drain Punch|p2a: Golurk\n|-immune|p2a: Golurk\n|\n|-heal|p1a: Eelektross|70/100|[from] item: Leftovers\n|upkeep\n|turn|6\n|inactive|Time left: 300 sec this turn | 300 sec total\n|\n|t:|1783540907\n|move|p2a: Golurk|Dynamic Punch|p1a: Eelektross\n|-damage|p1a: Eelektross|42/100\n|-start|p1a: Eelektross|confusion\n|-damage|p2a: Golurk|268/297|[from] item: Life Orb\n|-activate|p1a: Eelektross|confusion\n|-damage|p1a: Eelektross|29/100|[from] confusion\n|\n|-heal|p1a: Eelektross|35/100|[from] item: Leftovers\n|upkeep\n|turn|7\n|inactive|Time left: 300 sec this turn | 300 sec total\n|\n|t:|1783540908\n|move|p2a: Golurk|Poltergeist|p1a: Eelektross\n|-activate|p1a: Eelektross|move: Poltergeist|Leftovers\n|-damage|p1a: Eelektross|0 fnt\n|faint|p1a: Eelektross\n|-damage|p2a: Golurk|239/297|[from] item: Life Orb\n|\n|upkeep\n|\n|t:|1783540909\n|switch|p1a: Victreebel|Victreebel, L90, M|100/100\n|turn|8\n|inactive|Time left: 300 sec this turn | 300 sec total\n|\n|t:|1783540910\n|switch|p2a: Hydrapple|Hydrapple, L83, M|312/312\n|move|p1a: Victreebel|Power Whip|p2a: Hydrapple\n|-resisted|p2a: Hydrapple\n|-damage|p2a: Hydrapple|267/312\n|-damage|p1a: Victreebel|90/100|[from] item: Life Orb\n|\n|-heal|p2a: Hydrapple|286/312|[from] item: Leftovers\n|upkeep\n|turn|9\n|inactive|Time left: 300 sec this turn | 300 sec total\n|\n|t:|1783540911\n|switch|p2a: Kingambit|Kingambit, L74, F|270/270\n|move|p1a: Victreebel|Swords Dance|p1a: Victreebel\n|-boost|p1a: Victreebel|atk|2\n|\n|upkeep\n|turn|10\n|inactive|Time left: 300 sec this turn | 300 sec total\n|\n|t:|1783540912\n|move|p1a: Victreebel|Swords Dance|p1a: Victreebel\n|-boost|p1a: Victreebel|atk|2\n|move|p2a: Kingambit|Swords Dance|p2a: Kingambit\n|-boost|p2a: Kingambit|atk|2\n|\n|upkeep\n|turn|11\n|inactive|Time left: 300 sec this turn | 300 sec total\n|\n|t:|1783540914\n|move|p1a: Victreebel|Power Whip|p2a: Kingambit|[miss]\n|-miss|p1a: Victreebel|p2a: Kingambit\n|move|p2a: Kingambit|Kowtow Cleave|p1a: Victreebel\n|-damage|p1a: Victreebel|22/100\n|\n|upkeep\n|turn|12\n|inactive|Time left: 300 sec this turn | 300 sec total\n|\n|t:|1783540915\n|move|p2a: Kingambit|Sucker Punch|p1a: Victreebel\n|-damage|p1a: Victreebel|0 fnt\n|faint|p1a: Victreebel\n|\n|upkeep\n|\n|t:|1783540916\n|switch|p1a: Delphox|Delphox, L84, M|100/100\n|turn|13\n|inactive|Time left: 300 sec this turn | 300 sec total\n|\n|t:|1783540917\n|-terastallize|p1a: Delphox|Fighting\n|move|p2a: Kingambit|Sucker Punch|p1a: Delphox\n|-resisted|p1a: Delphox\n|-damage|p1a: Delphox|69/100\n|move|p1a: Delphox|Fire Blast|p2a: Kingambit\n|-supereffective|p2a: Kingambit\n|-damage|p2a: Kingambit|0 fnt\n|faint|p2a: Kingambit\n|-end|p2a: Kingambit|fallenundefined|[silent]\n|\n|upkeep\n|inactive|Time left: 300 sec this turn | 300 sec total | 5 sec grace\n|\n|t:|1783540918\n|switch|p2a: Sunflora|Sunflora, F|312/312\n|turn|14\n|inactive|Time left: 300 sec this turn | 300 sec total\n|\n|t:|1783540919\n|-terastallize|p2a: Sunflora|Ground\n|move|p1a: Delphox|Fire Blast|p2a: Sunflora\n|-damage|p2a: Sunflora|138/312\n|move|p2a: Sunflora|Earth Power|p1a: Delphox\n|-damage|p1a: Delphox|0 fnt\n|faint|p1a: Delphox\n|\n|upkeep\n|\n|t:|1783540920\n|switch|p1a: Dachsbun|Dachsbun, L92, M|100/100\n|turn|15\n|inactive|Time left: 300 sec this turn | 300 sec total\n|\n|t:|1783540921\n|move|p1a: Dachsbun|Play Rough|p2a: Sunflora|[miss]\n|-miss|p1a: Dachsbun|p2a: Sunflora\n|move|p2a: Sunflora|Earth Power|p1a: Dachsbun\n|-damage|p1a: Dachsbun|20/100\n|\n|-heal|p1a: Dachsbun|26/100|[from] item: Leftovers\n|upkeep\n|turn|16\n|inactive|Time left: 300 sec this turn | 300 sec total\n|\n|t:|1783540922\n|move|p1a: Dachsbun|Play Rough|p2a: Sunflora\n|-damage|p2a: Sunflora|20/312\n|move|p2a: Sunflora|Earth Power|p1a: Dachsbun\n|-damage|p1a: Dachsbun|0 fnt\n|faint|p1a: Dachsbun\n|\n|upkeep\n|\n|t:|1783540923\n|switch|p1a: Espathra|Espathra, L80, F|100/100\n|turn|17\n|inactive|Time left: 300 sec this turn | 300 sec total\n|\n|t:|1783540924\n|switch|p2a: Toxicroak|Toxicroak, L84, M|67/277\n|move|p1a: Espathra|Dazzling Gleam|p2a: Toxicroak\n|-damage|p2a: Toxicroak|0 fnt\n|faint|p2a: Toxicroak\n|\n|-ability|p1a: Espathra|Speed Boost|boost\n|-boost|p1a: Espathra|spe|1\n|upkeep\n|inactive|Time left: 300 sec this turn | 300 sec total | 5 sec grace\n|\n|t:|1783540925\n|switch|p2a: Golurk|Golurk, L87|239/297\n|turn|18\n|inactive|Time left: 300 sec this turn | 300 sec total\n|\n|t:|1783540925\n|move|p1a: Espathra|Dazzling Gleam|p2a: Golurk\n|-damage|p2a: Golurk|154/297\n|move|p2a: Golurk|Poltergeist|p1a: Espathra\n|-activate|p1a: Espathra|move: Poltergeist|Choice Specs\n|-supereffective|p1a: Espathra\n|-damage|p1a: Espathra|0 fnt\n|faint|p1a: Espathra\n|-damage|p2a: Golurk|125/297|[from] item: Life Orb\n|\n|win|p0y1235cf9", "uploadtime": 1783540925, "views": 0, "rating": 0, "private": 0, "password": null, "_winner": "p0y1235cf9", "_our_name": "p0y1235cf9"}