{"id": "battle-gen9randombattle-1220", "formatid": "gen9randombattle", "format": "[Gen 9] Random Battle", "players": ["p0x1220f0b9", "p0y1220e208"], "log": "|init|battle\n|title|p0x1220f0b9 vs. p0y1220e208\n|j|\u2606p0x1220f0b9\n|j|\u2606p0y1220e208\n|t:|1783554134\n|gametype|singles\n|player|p1|p0x1220f0b9|266|\n|player|p2|p0y1220e208|101|\n|gen|9\n|tier|[Gen 9] Random Battle\n|rule|Species Clause: Limit one of each Pok\u00e9mon\n|rule|HP Percentage Mod: HP is shown in percentages\n|rule|Sleep Clause Mod: Limit one foe put to sleep\n|rule|Illusion Level Mod: Illusion disguises the Pok\u00e9mon's true level\n|\n|t:|1783554134\n|teamsize|p1|6\n|teamsize|p2|6\n|start\n|switch|p1a: Arceus|Arceus-Ground, L70|284/284\n|switch|p2a: Golem|Golem-Alola, L93, M|100/100\n|turn|1\n|inactive|Battle timer is ON: inactive players will automatically lose when time's up. (requested by p0y1220e208)\n|inactive|Time left: 300 sec this turn | 300 sec total | 60 sec grace\n|inactive|p0x1220f0b9 also wants the timer to be on.\n|\n|t:|1783554135\n|switch|p2a: Hariyama|Hariyama, L87, F|100/100\n|move|p1a: Arceus|Judgment|p2a: Hariyama\n|-crit|p2a: Hariyama\n|-damage|p2a: Hariyama|46/100\n|\n|-status|p2a: Hariyama|brn|[from] item: Flame Orb\n|upkeep\n|turn|2\n|inactive|Time left: 300 sec this turn | 300 sec total\n|\n|t:|1783554136\n|move|p1a: Arceus|Judgment|p2a: Hariyama\n|-damage|p2a: Hariyama|14/100 brn\n|move|p2a: Hariyama|Close Combat|p1a: Arceus\n|-damage|p1a: Arceus|55/284\n|-unboost|p2a: Hariyama|def|1\n|-unboost|p2a: Hariyama|spd|1\n|\n|-damage|p2a: Hariyama|8/100 brn|[from] brn\n|upkeep\n|turn|3\n|inactive|Time left: 300 sec this turn | 300 sec total\n|\n|t:|1783554137\n|switch|p2a: Porygon-Z|Porygon-Z, L83|100/100\n|-ability|p2a: Porygon-Z|Download|boost\n|-boost|p2a: Porygon-Z|spa|1\n|move|p1a: Arceus|Judgment|p2a: Porygon-Z\n|-damage|p2a: Porygon-Z|58/100\n|\n|upkeep\n|turn|4\n|inactive|Time left: 300 sec this turn | 300 sec total\n|\n|t:|1783554139\n|move|p2a: Porygon-Z|Tri Attack|p1a: Arceus\n|-damage|p1a: Arceus|0 fnt\n|faint|p1a: Arceus\n|\n|upkeep\n|inactive|Time left: 300 sec this turn | 300 sec total | 5 sec grace\n|\n|t:|1783554139\n|switch|p1a: Lapras|Lapras, L87, F|367/367\n|turn|5\n|inactive|Time left: 300 sec this turn | 300 sec total\n|\n|t:|1783554140\n|move|p2a: Porygon-Z|Tri Attack|p1a: Lapras\n|-damage|p1a: Lapras|225/367\n|move|p1a: Lapras|Hydro Pump|p2a: Porygon-Z\n|-damage|p2a: Porygon-Z|0 fnt\n|faint|p2a: Porygon-Z\n|\n|upkeep\n|\n|t:|1783554141\n|switch|p2a: Iron Valiant|Iron Valiant, L78|100/100\n|turn|6\n|inactive|Time left: 300 sec this turn | 300 sec total\n|\n|t:|1783554142\n|move|p2a: Iron Valiant|Close Combat|p1a: Lapras\n|-supereffective|p1a: Lapras\n|-damage|p1a: Lapras|0 fnt\n|-unboost|p2a: Iron Valiant|def|1\n|-unboost|p2a: Iron Valiant|spd|1\n|faint|p1a: Lapras\n|-damage|p2a: Iron Valiant|91/100|[from] item: Life Orb\n|\n|upkeep\n|inactive|Time left: 300 sec this turn | 300 sec total | 5 sec grace\n|\n|t:|1783554143\n|switch|p1a: Mesprit|Mesprit, L85|275/275\n|turn|7\n|inactive|Time left: 300 sec this turn | 300 sec total\n|\n|t:|1783554144\n|move|p2a: Iron Valiant|Knock Off|p1a: Mesprit\n|-supereffective|p1a: Mesprit\n|-damage|p1a: Mesprit|114/275\n|-enditem|p1a: Mesprit|Leftovers|[from] move: Knock Off|[of] p2a: Iron Valiant\n|-damage|p2a: Iron Valiant|81/100|[from] item: Life Orb\n|move|p1a: Mesprit|Psychic Noise|p2a: Iron Valiant\n|-supereffective|p2a: Iron Valiant\n|-damage|p2a: Iron Valiant|0 fnt\n|faint|p2a: Iron Valiant\n|-end|p2a: Iron Valiant|Quark Drive|[silent]\n|\n|upkeep\n|\n|t:|1783554145\n|switch|p2a: Noivern|Noivern, L82, F|100/100\n|turn|8\n|inactive|Time left: 300 sec this turn | 300 sec total\n|\n|t:|1783554146\n|move|p2a: Noivern|Hurricane|p1a: Mesprit\n|-damage|p1a: Mesprit|0 fnt\n|faint|p1a: Mesprit\n|\n|upkeep\n|inactive|Time left: 300 sec this turn | 300 sec total | 5 sec grace\n|\n|t:|1783554146\n|switch|p1a: Polteageist|Polteageist-Antique, L78|222/222\n|turn|9\n|inactive|Time left: 300 sec this turn | 300 sec total\n|\n|t:|1783554147\n|move|p2a: Noivern|Hurricane|p1a: Polteageist|[miss]\n|-miss|p2a: Noivern|p1a: Polteageist\n|move|p1a: Polteageist|Shell Smash|p1a: Polteageist\n|-unboost|p1a: Polteageist|def|1\n|-unboost|p1a: Polteageist|spd|1\n|-boost|p1a: Polteageist|atk|2\n|-boost|p1a: Polteageist|spa|2\n|-boost|p1a: Polteageist|spe|2\n|-enditem|p1a: Polteageist|White Herb\n|-clearnegativeboost|p1a: Polteageist|[silent]\n|\n|upkeep\n|turn|10\n|inactive|Time left: 300 sec this turn | 300 sec total\n|\n|t:|1783554148\n|move|p1a: Polteageist|Shell Smash|p1a: Polteageist\n|-unboost|p1a: Polteageist|def|1\n|-unboost|p1a: Polteageist|spd|1\n|-boost|p1a: Polteageist|atk|2\n|-boost|p1a: Polteageist|spa|2\n|-boost|p1a: Polteageist|spe|2\n|move|p2a: Noivern|Hurricane|p1a: Polteageist|[miss]\n|-miss|p2a: Noivern|p1a: Polteageist\n|\n|upkeep\n|turn|11\n|inactive|Time left: 300 sec this turn | 300 sec total\n|\n|t:|1783554149\n|move|p1a: Polteageist|Stored Power|p2a: Noivern\n|-damage|p2a: Noivern|0 fnt\n|faint|p2a: Noivern\n|\n|upkeep\n|\n|t:|1783554150\n|switch|p2a: Sudowoodo|Sudowoodo, L94, M|100/100\n|turn|12\n|inactive|Time left: 300 sec this turn | 300 sec total\n|\n|t:|1783554151\n|-terastallize|p1a: Polteageist|Dark\n|move|p2a: Sudowoodo|Sucker Punch|p1a: Polteageist\n|-resisted|p1a: Polteageist\n|-damage|p1a: Polteageist|133/222\n|move|p1a: Polteageist|Shadow Ball|p2a: Sudowoodo\n|-damage|p2a: Sudowoodo|0 fnt\n|faint|p2a: Sudowoodo\n|\n|upkeep\n|\n|t:|1783554152\n|switch|p2a: Hariyama|Hariyama, L87, F|8/100 brn\n|turn|13\n|inactive|Time left: 300 sec this turn | 300 sec total\n|\n|t:|1783554153\n|move|p2a: Hariyama|Bullet Punch|p1a: Polteageist\n|-damage|p1a: Polteageist|21/222\n|move|p1a: Polteageist|Stored Power|p2a: Hariyama\n|-supereffective|p2a: Hariyama\n|-damage|p2a: Hariyama|0 fnt\n|faint|p2a: Hariyama\n|\n|upkeep\n|\n|t:|1783554154\n|switch|p2a: Golem|Golem-Alola, L93, M|100/100\n|turn|14\n|inactive|Time left: 300 sec this turn | 300 sec total\n|\n|t:|1783554155\n|-terastallize|p2a: Golem|Flying\n|move|p1a: Polteageist|Stored Power|p2a: Golem\n|-damage|p2a: Golem|0 fnt\n|faint|p2a: Golem\n|\n|win|p0x1220f0b9", "uploadtime": 1783554155, "views": 0, "rating": 0, "private": 0, "password": null, "_winner": "p0x1220f0b9", "_our_name": "p0x1220f0b9"}