{"id": "battle-gen9randombattle-587", "formatid": "gen9randombattle", "format": "[Gen 9] Random Battle", "players": ["p0x5876028", "p0y587bf7d"], "log": "|init|battle\n|title|p0x5876028 vs. p0y587bf7d\n|j|\u2606p0x5876028\n|j|\u2606p0y587bf7d\n|t:|1783545878\n|gametype|singles\n|player|p1|p0x5876028|102|\n|player|p2|p0y587bf7d|101|\n|gen|9\n|tier|[Gen 9] Random Battle\n|rule|Species Clause: Limit one of each Pok\u00e9mon\n|rule|HP Percentage Mod: HP is shown in percentages\n|rule|Sleep Clause Mod: Limit one foe put to sleep\n|rule|Illusion Level Mod: Illusion disguises the Pok\u00e9mon's true level\n|\n|t:|1783545878\n|teamsize|p1|6\n|teamsize|p2|6\n|start\n|switch|p1a: Lokix|Lokix, L82, M|251/251\n|switch|p2a: Indeedee|Indeedee, L84, M|100/100\n|-fieldstart|move: Psychic Terrain|[from] ability: Psychic Surge|[of] p2a: Indeedee\n|turn|1\n|inactive|Battle timer is ON: inactive players will automatically lose when time's up. (requested by p0y587bf7d)\n|inactive|Time left: 300 sec this turn | 300 sec total | 60 sec grace\n|inactive|p0x5876028 also wants the timer to be on.\n|\n|t:|1783545880\n|switch|p2a: Ampharos|Ampharos, L88, M|100/100\n|move|p1a: Lokix|Leech Life|p2a: Ampharos\n|-damage|p2a: Ampharos|68/100\n|-status|p1a: Lokix|par|[from] ability: Static|[of] p2a: Ampharos\n|-damage|p1a: Lokix|226/251 par|[from] item: Life Orb\n|\n|upkeep\n|turn|2\n|inactive|Time left: 300 sec this turn | 300 sec total\n|\n|t:|1783545881\n|switch|p1a: Swampert|Swampert, L83, F|302/302\n|move|p2a: Ampharos|Dazzling Gleam|p1a: Swampert\n|-damage|p1a: Swampert|236/302\n|\n|-heal|p1a: Swampert|254/302|[from] item: Leftovers\n|upkeep\n|turn|3\n|inactive|Time left: 300 sec this turn | 300 sec total\n|\n|t:|1783545883\n|switch|p2a: Tsareena|Tsareena, L87, F|100/100\n|move|p1a: Swampert|Earthquake|p2a: Tsareena\n|-resisted|p2a: Tsareena\n|-damage|p2a: Tsareena|82/100\n|\n|-heal|p1a: Swampert|272/302|[from] item: Leftovers\n|upkeep\n|turn|4\n|inactive|Time left: 300 sec this turn | 300 sec total\n|\n|t:|1783545884\n|switch|p1a: Flareon|Flareon, L90, M|263/263\n|move|p2a: Tsareena|Power Whip|p1a: Flareon\n|-resisted|p1a: Flareon\n|-damage|p1a: Flareon|142/263\n|-damage|p2a: Tsareena|72/100|[from] item: Life Orb\n|\n|-status|p1a: Flareon|tox|[from] item: Toxic Orb\n|upkeep\n|turn|5\n|inactive|Time left: 300 sec this turn | 300 sec total\n|\n|t:|1783545885\n|switch|p1a: Venomoth|Venomoth, L84, F|255/255\n|move|p2a: Tsareena|High Jump Kick|p1a: Venomoth|[miss]\n|-miss|p2a: Tsareena|p1a: Venomoth\n|-damage|p2a: Tsareena|22/100|[from] highjumpkick\n|\n|-fieldend|move: Psychic Terrain\n|upkeep\n|turn|6\n|inactive|Time left: 300 sec this turn | 300 sec total\n|\n|t:|1783545886\n|move|p1a: Venomoth|Bug Buzz|p2a: Tsareena\n|-supereffective|p2a: Tsareena\n|-damage|p2a: Tsareena|0 fnt\n|faint|p2a: Tsareena\n|\n|upkeep\n|\n|t:|1783545887\n|switch|p2a: Indeedee|Indeedee, L84, M|100/100\n|-fieldstart|move: Psychic Terrain|[from] ability: Psychic Surge|[of] p2a: Indeedee\n|turn|7\n|inactive|Time left: 300 sec this turn | 300 sec total\n|\n|t:|1783545889\n|switch|p1a: Lokix|Lokix, L82, M|226/251 par\n|move|p2a: Indeedee|Expanding Force|p1a: Lokix\n|-immune|p1a: Lokix\n|\n|upkeep\n|turn|8\n|inactive|Time left: 300 sec this turn | 300 sec total\n|\n|t:|1783545890\n|switch|p2a: Virizion|Virizion, L82|100/100\n|move|p1a: Lokix|Knock Off|p2a: Virizion\n|-resisted|p2a: Virizion\n|-damage|p2a: Virizion|48/100\n|-ability|p2a: Virizion|Justified|boost\n|-boost|p2a: Virizion|atk|1\n|-enditem|p2a: Virizion|Life Orb|[from] move: Knock Off|[of] p1a: Lokix\n|-damage|p1a: Lokix|201/251 par|[from] item: Life Orb\n|\n|upkeep\n|turn|9\n|inactive|Time left: 300 sec this turn | 300 sec total\n|\n|t:|1783545891\n|switch|p1a: Azelf|Azelf, L82|257/257\n|move|p2a: Virizion|Stone Edge|p1a: Azelf|[miss]\n|-miss|p2a: Virizion|p1a: Azelf\n|\n|upkeep\n|turn|10\n|inactive|Time left: 300 sec this turn | 300 sec total\n|\n|t:|1783545892\n|switch|p2a: Palossand|Palossand, L89, F|100/100\n|move|p1a: Azelf|Psyshock|p2a: Palossand\n|-damage|p2a: Palossand|60/100\n|\n|-heal|p2a: Palossand|66/100|[from] item: Leftovers\n|upkeep\n|turn|11\n|inactive|Time left: 300 sec this turn | 300 sec total\n|\n|t:|1783545893\n|move|p1a: Azelf|Psyshock|p2a: Palossand\n|-damage|p2a: Palossand|23/100\n|move|p2a: Palossand|Shadow Ball|p1a: Azelf\n|-supereffective|p1a: Azelf\n|-damage|p1a: Azelf|39/257\n|\n|-heal|p2a: Palossand|29/100|[from] item: Leftovers\n|-fieldend|move: Psychic Terrain\n|upkeep\n|turn|12\n|inactive|Time left: 300 sec this turn | 300 sec total\n|\n|t:|1783545895\n|switch|p2a: Solgaleo|Solgaleo, L74|100/100\n|move|p1a: Azelf|Psyshock|p2a: Solgaleo\n|-resisted|p2a: Solgaleo\n|-crit|p2a: Solgaleo\n|-damage|p2a: Solgaleo|84/100\n|\n|upkeep\n|turn|13\n|inactive|Time left: 300 sec this turn | 300 sec total\n|\n|t:|1783545896\n|switch|p1a: Swampert|Swampert, L83, F|272/302\n|move|p2a: Solgaleo|Flame Charge|p1a: Swampert\n|-resisted|p1a: Swampert\n|-damage|p1a: Swampert|255/302\n|-boost|p2a: Solgaleo|spe|1\n|\n|-heal|p1a: Swampert|273/302|[from] item: Leftovers\n|upkeep\n|turn|14\n|inactive|Time left: 300 sec this turn | 300 sec total\n|\n|t:|1783545897\n|switch|p2a: Virizion|Virizion, L82|48/100\n|move|p1a: Swampert|Earthquake|p2a: Virizion\n|-resisted|p2a: Virizion\n|-damage|p2a: Virizion|25/100\n|\n|-heal|p1a: Swampert|291/302|[from] item: Leftovers\n|upkeep\n|turn|15\n|inactive|Time left: 300 sec this turn | 300 sec total\n|\n|t:|1783545898\n|-terastallize|p1a: Swampert|Poison\n|move|p2a: Virizion|Leaf Blade|p1a: Swampert\n|-resisted|p1a: Swampert\n|-damage|p1a: Swampert|246/302\n|move|p1a: Swampert|Earthquake|p2a: Virizion\n|-resisted|p2a: Virizion\n|-damage|p2a: Virizion|0 fnt\n|faint|p2a: Virizion\n|\n|-heal|p1a: Swampert|264/302|[from] item: Leftovers\n|upkeep\n|\n|t:|1783545900\n|switch|p2a: Indeedee|Indeedee, L84, M|100/100\n|-fieldstart|move: Psychic Terrain|[from] ability: Psychic Surge|[of] p2a: Indeedee\n|turn|16\n|inactive|Time left: 300 sec this turn | 300 sec total\n|\n|t:|1783545901\n|switch|p1a: Lokix|Lokix, L82, M|201/251 par\n|move|p2a: Indeedee|Expanding Force|p1a: Lokix\n|-immune|p1a: Lokix\n|\n|upkeep\n|turn|17\n|inactive|Time left: 300 sec this turn | 300 sec total\n|\n|t:|1783545902\n|switch|p2a: Ampharos|Ampharos, L88, M|68/100\n|move|p1a: Lokix|Knock Off|p2a: Ampharos\n|-damage|p2a: Ampharos|26/100\n|-enditem|p2a: Ampharos|Assault Vest|[from] move: Knock Off|[of] p1a: Lokix\n|-damage|p1a: Lokix|176/251 par|[from] item: Life Orb\n|\n|upkeep\n|turn|18\n|inactive|Time left: 300 sec this turn | 300 sec total\n|\n|t:|1783545903\n|switch|p1a: Swampert|Swampert, L83, F, tera:Poison|264/302\n|move|p2a: Ampharos|Discharge|p1a: Swampert\n|-damage|p1a: Swampert|153/302\n|-status|p1a: Swampert|par\n|\n|-heal|p1a: Swampert|171/302 par|[from] item: Leftovers\n|upkeep\n|turn|19\n|inactive|Time left: 300 sec this turn | 300 sec total\n|\n|t:|1783545904\n|move|p2a: Ampharos|Discharge|p1a: Swampert\n|-damage|p1a: Swampert|72/302 par\n|move|p1a: Swampert|Earthquake|p2a: Ampharos\n|-supereffective|p2a: Ampharos\n|-damage|p2a: Ampharos|0 fnt\n|faint|p2a: Ampharos\n|\n|-heal|p1a: Swampert|90/302 par|[from] item: Leftovers\n|upkeep\n|\n|t:|1783545905\n|switch|p2a: Palossand|Palossand, L89, F|29/100\n|turn|20\n|inactive|Time left: 300 sec this turn | 300 sec total\n|\n|t:|1783545905\n|move|p2a: Palossand|Earth Power|p1a: Swampert\n|-supereffective|p1a: Swampert\n|-damage|p1a: Swampert|0 fnt\n|faint|p1a: Swampert\n|\n|-heal|p2a: Palossand|35/100|[from] item: Leftovers\n|-fieldend|move: Psychic Terrain\n|upkeep\n|inactive|Time left: 300 sec this turn | 300 sec total | 5 sec grace\n|\n|t:|1783545906\n|switch|p1a: Flareon|Flareon, L90, M|142/263 tox\n|turn|21\n|inactive|Time left: 300 sec this turn | 300 sec total\n|\n|t:|1783545907\n|move|p1a: Flareon|Flare Blitz|p2a: Palossand\n|-damage|p2a: Palossand|0 fnt\n|faint|p2a: Palossand\n|-damage|p1a: Flareon|108/263 tox|[from] Recoil\n|\n|-damage|p1a: Flareon|92/263 tox|[from] psn\n|upkeep\n|\n|t:|1783545908\n|switch|p2a: Solgaleo|Solgaleo, L74|84/100\n|turn|22\n|inactive|Time left: 300 sec this turn | 300 sec total\n|\n|t:|1783545909\n|move|p2a: Solgaleo|Earthquake|p1a: Flareon\n|-supereffective|p1a: Flareon\n|-damage|p1a: Flareon|0 fnt\n|faint|p1a: Flareon\n|\n|upkeep\n|inactive|Time left: 300 sec this turn | 300 sec total | 5 sec grace\n|\n|t:|1783545910\n|switch|p1a: Azelf|Azelf, L82|39/257\n|turn|23\n|inactive|Time left: 300 sec this turn | 300 sec total\n|\n|t:|1783545911\n|switch|p2a: Indeedee|Indeedee, L84, M|100/100\n|-fieldstart|move: Psychic Terrain|[from] ability: Psychic Surge|[of] p2a: Indeedee\n|move|p1a: Azelf|Fire Blast|p2a: Indeedee\n|-damage|p2a: Indeedee|47/100\n|\n|upkeep\n|turn|24\n|inactive|Time left: 300 sec this turn | 300 sec total\n|\n|t:|1783545912\n|move|p2a: Indeedee|Hyper Voice|p1a: Azelf\n|-crit|p1a: Azelf\n|-damage|p1a: Azelf|0 fnt\n|faint|p1a: Azelf\n|\n|upkeep\n|inactive|Time left: 300 sec this turn | 300 sec total | 5 sec grace\n|\n|t:|1783545913\n|switch|p1a: Venomoth|Venomoth, L84, F|255/255\n|turn|25\n|inactive|Time left: 300 sec this turn | 300 sec total\n|\n|t:|1783545914\n|move|p2a: Indeedee|Hyper Voice|p1a: Venomoth\n|-damage|p1a: Venomoth|146/255\n|move|p1a: Venomoth|Bug Buzz|p2a: Indeedee\n|-supereffective|p2a: Indeedee\n|-damage|p2a: Indeedee|0 fnt\n|faint|p2a: Indeedee\n|\n|upkeep\n|\n|t:|1783545915\n|switch|p2a: Solgaleo|Solgaleo, L74|84/100\n|turn|26\n|inactive|Time left: 300 sec this turn | 300 sec total\n|\n|t:|1783545916\n|move|p1a: Venomoth|Sleep Powder|p2a: Solgaleo\n|-status|p2a: Solgaleo|slp|[from] move: Sleep Powder\n|cant|p2a: Solgaleo|slp\n|\n|upkeep\n|turn|27\n|inactive|Time left: 300 sec this turn | 300 sec total\n|\n|t:|1783545917\n|move|p1a: Venomoth|Bug Buzz|p2a: Solgaleo\n|-damage|p2a: Solgaleo|53/100 slp\n|-curestatus|p2a: Solgaleo|slp|[msg]\n|move|p2a: Solgaleo|Flame Charge|p1a: Venomoth\n|-supereffective|p1a: Venomoth\n|-damage|p1a: Venomoth|44/255\n|-boost|p2a: Solgaleo|spe|1\n|\n|-fieldend|move: Psychic Terrain\n|upkeep\n|turn|28\n|inactive|Time left: 300 sec this turn | 300 sec total\n|\n|t:|1783545918\n|move|p2a: Solgaleo|Sunsteel Strike|p1a: Venomoth\n|-damage|p1a: Venomoth|0 fnt\n|faint|p1a: Venomoth\n|\n|upkeep\n|inactive|Time left: 300 sec this turn | 300 sec total | 5 sec grace\n|\n|t:|1783545919\n|switch|p1a: Lokix|Lokix, L82, M|176/251 par\n|turn|29\n|inactive|Time left: 300 sec this turn | 300 sec total\n|\n|t:|1783545920\n|-terastallize|p2a: Solgaleo|Fighting\n|move|p2a: Solgaleo|Flame Charge|p1a: Lokix\n|-supereffective|p1a: Lokix\n|-damage|p1a: Lokix|90/251 par\n|-boost|p2a: Solgaleo|spe|1\n|move|p1a: Lokix|Knock Off|p2a: Solgaleo\n|-resisted|p2a: Solgaleo\n|-damage|p2a: Solgaleo|11/100\n|-enditem|p2a: Solgaleo|Weakness Policy|[from] move: Knock Off|[of] p1a: Lokix\n|-damage|p1a: Lokix|65/251 par|[from] item: Life Orb\n|\n|upkeep\n|turn|30\n|inactive|Time left: 300 sec this turn | 300 sec total\n|\n|t:|1783545921\n|move|p1a: Lokix|Sucker Punch|p2a: Solgaleo\n|-resisted|p2a: Solgaleo\n|-damage|p2a: Solgaleo|0 fnt\n|faint|p2a: Solgaleo\n|-damage|p1a: Lokix|40/251 par|[from] item: Life Orb\n|\n|win|p0x5876028", "uploadtime": 1783545921, "views": 0, "rating": 0, "private": 0, "password": null, "_winner": "p0x5876028", "_our_name": "p0x5876028"}