{"id": "battle-gen9randombattle-117", "formatid": "gen9randombattle", "format": "[Gen 9] Random Battle", "players": ["p0x117bddb", "p0y117b6b2"], "log": "|init|battle\n|title|p0x117bddb vs. p0y117b6b2\n|j|\u2606p0x117bddb\n|j|\u2606p0y117b6b2\n|t:|1783540528\n|gametype|singles\n|player|p1|p0x117bddb|170|\n|player|p2|p0y117b6b2|2|\n|gen|9\n|tier|[Gen 9] Random Battle\n|rule|Species Clause: Limit one of each Pok\u00e9mon\n|rule|HP Percentage Mod: HP is shown in percentages\n|rule|Sleep Clause Mod: Limit one foe put to sleep\n|rule|Illusion Level Mod: Illusion disguises the Pok\u00e9mon's true level\n|\n|t:|1783540528\n|teamsize|p1|6\n|teamsize|p2|6\n|start\n|switch|p1a: Vileplume|Vileplume, L85, M|266/266\n|switch|p2a: Perrserker|Perrserker, L89, M|100/100\n|turn|1\n|inactive|Battle timer is ON: inactive players will automatically lose when time's up. (requested by p0x117bddb)\n|inactive|p0y117b6b2 also wants the timer to be on.\n|\n|t:|1783540530\n|move|p2a: Perrserker|Iron Head|p1a: Vileplume\n|-damage|p1a: Vileplume|64/266\n|cant|p1a: Vileplume|flinch\n|\n|-heal|p1a: Vileplume|80/266|[from] item: Leftovers\n|upkeep\n|turn|2\n|inactive|Time left: 300 sec this turn | 300 sec total\n|\n|t:|1783540531\n|switch|p1a: Veluza|Veluza, L85, F|292/292\n|move|p2a: Perrserker|Iron Head|p1a: Veluza\n|-resisted|p1a: Veluza\n|-damage|p1a: Veluza|184/292\n|\n|upkeep\n|turn|3\n|inactive|Time left: 300 sec this turn | 300 sec total\n|\n|t:|1783540532\n|move|p1a: Veluza|Aqua Cutter|p2a: Perrserker\n|-damage|p2a: Perrserker|47/100\n|move|p2a: Perrserker|Iron Head|p1a: Veluza\n|-resisted|p1a: Veluza\n|-damage|p1a: Veluza|67/292\n|\n|upkeep\n|turn|4\n|inactive|Time left: 300 sec this turn | 300 sec total\n|\n|t:|1783540533\n|move|p1a: Veluza|Aqua Cutter|p2a: Perrserker\n|-damage|p2a: Perrserker|0 fnt\n|faint|p2a: Perrserker\n|\n|upkeep\n|\n|t:|1783540534\n|switch|p2a: Indeedee|Indeedee, L84, M|100/100\n|-fieldstart|move: Psychic Terrain|[from] ability: Psychic Surge|[of] p2a: Indeedee\n|turn|5\n|inactive|Time left: 300 sec this turn | 300 sec total\n|\n|t:|1783540535\n|switch|p1a: Morpeko|Morpeko, L88, M|245/245\n|move|p2a: Indeedee|Expanding Force|p1a: Morpeko\n|-immune|p1a: Morpeko\n|\n|-formechange|p1a: Morpeko|Morpeko-Hangry||[from] ability: Hunger Switch\n|upkeep\n|turn|6\n|inactive|Time left: 300 sec this turn | 300 sec total\n|\n|t:|1783540536\n|switch|p2a: Zarude|Zarude-Dada, L77|100/100\n|move|p1a: Morpeko|Aura Wheel|p2a: Zarude\n|-resisted|p2a: Zarude\n|-damage|p2a: Zarude|82/100\n|-boost|p1a: Morpeko|spe|1\n|\n|-formechange|p1a: Morpeko|Morpeko||[from] ability: Hunger Switch\n|upkeep\n|turn|7\n|inactive|Time left: 300 sec this turn | 300 sec total\n|\n|t:|1783540537\n|move|p1a: Morpeko|Parting Shot|p2a: Zarude\n|-unboost|p2a: Zarude|atk|1\n|-unboost|p2a: Zarude|spa|1\n|inactive|Time left: 300 sec this turn | 300 sec total | 5 sec grace\n|\n|t:|1783540538\n|switch|p1a: Abomasnow|Abomasnow, L84, F|287/287|[from] Parting Shot\n|-weather|Snowscape|[from] ability: Snow Warning|[of] p1a: Abomasnow\n|move|p2a: Zarude|Swords Dance|p2a: Zarude\n|-boost|p2a: Zarude|atk|2\n|\n|-weather|Snowscape|[upkeep]\n|upkeep\n|turn|8\n|inactive|Time left: 300 sec this turn | 300 sec total\n|\n|t:|1783540539\n|-terastallize|p2a: Zarude|Fighting\n|move|p2a: Zarude|Close Combat|p1a: Abomasnow\n|-supereffective|p1a: Abomasnow\n|-damage|p1a: Abomasnow|0 fnt\n|-unboost|p2a: Zarude|def|1\n|-unboost|p2a: Zarude|spd|1\n|faint|p1a: Abomasnow\n|-damage|p2a: Zarude|72/100|[from] item: Life Orb\n|\n|-weather|Snowscape|[upkeep]\n|upkeep\n|inactive|Time left: 300 sec this turn | 300 sec total | 5 sec grace\n|\n|t:|1783540540\n|switch|p1a: Morpeko|Morpeko, L88, M|245/245\n|turn|9\n|inactive|Time left: 300 sec this turn | 300 sec total\n|\n|t:|1783540541\n|-terastallize|p1a: Morpeko|Electric\n|move|p1a: Morpeko|Aura Wheel|p2a: Zarude\n|-damage|p2a: Zarude|0 fnt\n|-boost|p1a: Morpeko|spe|1\n|faint|p2a: Zarude\n|\n|-weather|Snowscape|[upkeep]\n|-fieldend|move: Psychic Terrain\n|upkeep\n|\n|t:|1783540542\n|switch|p2a: Lucario|Lucario, L84, M|100/100\n|turn|10\n|inactive|Time left: 300 sec this turn | 300 sec total\n|\n|t:|1783540543\n|move|p1a: Morpeko|Aura Wheel|p2a: Lucario\n|-damage|p2a: Lucario|28/100\n|-boost|p1a: Morpeko|spe|1\n|move|p2a: Lucario|Close Combat|p1a: Morpeko\n|-damage|p1a: Morpeko|14/245\n|-unboost|p2a: Lucario|def|1\n|-unboost|p2a: Lucario|spd|1\n|-damage|p2a: Lucario|18/100|[from] item: Life Orb\n|\n|-weather|Snowscape|[upkeep]\n|upkeep\n|turn|11\n|inactive|Time left: 300 sec this turn | 300 sec total\n|\n|t:|1783540544\n|move|p1a: Morpeko|Protect|p1a: Morpeko\n|-singleturn|p1a: Morpeko|Protect\n|move|p2a: Lucario|Extreme Speed|p1a: Morpeko\n|-activate|p1a: Morpeko|move: Protect\n|\n|-weather|none\n|upkeep\n|turn|12\n|inactive|Time left: 300 sec this turn | 300 sec total\n|\n|t:|1783540545\n|move|p2a: Lucario|Extreme Speed|p1a: Morpeko\n|-damage|p1a: Morpeko|0 fnt\n|faint|p1a: Morpeko\n|-damage|p2a: Lucario|8/100|[from] item: Life Orb\n|\n|upkeep\n|inactive|Time left: 300 sec this turn | 300 sec total | 5 sec grace\n|\n|t:|1783540546\n|switch|p1a: Scyther|Scyther, L82, M|249/249\n|turn|13\n|inactive|Time left: 300 sec this turn | 300 sec total\n|\n|t:|1783540547\n|move|p2a: Lucario|Extreme Speed|p1a: Scyther\n|-damage|p1a: Scyther|154/249\n|-damage|p2a: Lucario|0 fnt|[from] item: Life Orb\n|faint|p2a: Lucario\n|move|p1a: Scyther|Dual Wingbeat|p2: Lucario|[notarget]\n|-fail|p1a: Scyther\n|\n|upkeep\n|\n|t:|1783540548\n|switch|p2a: Indeedee|Indeedee, L84, M|100/100\n|-fieldstart|move: Psychic Terrain|[from] ability: Psychic Surge|[of] p2a: Indeedee\n|turn|14\n|inactive|Time left: 300 sec this turn | 300 sec total\n|\n|t:|1783540549\n|switch|p1a: Scream Tail|Scream Tail, L84|330/330\n|move|p2a: Indeedee|Expanding Force|p1a: Scream Tail\n|-resisted|p1a: Scream Tail\n|-damage|p1a: Scream Tail|260/330\n|\n|-heal|p1a: Scream Tail|280/330|[from] item: Leftovers\n|upkeep\n|turn|15\n|inactive|Time left: 300 sec this turn | 300 sec total\n|\n|t:|1783540550\n|move|p2a: Indeedee|Expanding Force|p1a: Scream Tail\n|-resisted|p1a: Scream Tail\n|-damage|p1a: Scream Tail|208/330\n|move|p1a: Scream Tail|Play Rough|p2a: Indeedee\n|-damage|p2a: Indeedee|55/100\n|-unboost|p2a: Indeedee|atk|1\n|\n|-heal|p1a: Scream Tail|228/330|[from] item: Leftovers\n|upkeep\n|turn|16\n|inactive|Time left: 300 sec this turn | 300 sec total\n|\n|t:|1783540551\n|move|p2a: Indeedee|Expanding Force|p1a: Scream Tail\n|-resisted|p1a: Scream Tail\n|-damage|p1a: Scream Tail|159/330\n|move|p1a: Scream Tail|Thunder Wave|p2a: Indeedee\n|-status|p2a: Indeedee|par\n|\n|-heal|p1a: Scream Tail|179/330|[from] item: Leftovers\n|upkeep\n|turn|17\n|inactive|Time left: 300 sec this turn | 300 sec total\n|\n|t:|1783540552\n|switch|p2a: Azelf|Azelf, L82|100/100\n|move|p1a: Scream Tail|Wish|p1a: Scream Tail\n|\n|-heal|p1a: Scream Tail|199/330|[from] item: Leftovers\n|upkeep\n|turn|18\n|inactive|Time left: 300 sec this turn | 300 sec total\n|\n|t:|1783540553\n|move|p2a: Azelf|Encore|p1a: Scream Tail\n|-start|p1a: Scream Tail|Encore\n|move|p1a: Scream Tail|Wish||[still]\n|-fail|p1a: Scream Tail\n|\n|-heal|p1a: Scream Tail|330/330|[from] move: Wish|[wisher] Scream Tail\n|-fieldend|move: Psychic Terrain\n|upkeep\n|turn|19\n|inactive|Time left: 300 sec this turn | 300 sec total\n|\n|t:|1783540554\n|-end|p1a: Scream Tail|Protosynthesis|[silent]\n|switch|p1a: Scyther|Scyther, L82, M|154/249\n|move|p2a: Azelf|Fire Blast|p1a: Scyther\n|-supereffective|p1a: Scyther\n|-damage|p1a: Scyther|0 fnt\n|faint|p1a: Scyther\n|-damage|p2a: Azelf|91/100|[from] item: Life Orb\n|\n|upkeep\n|inactive|Time left: 300 sec this turn | 300 sec total | 5 sec grace\n|\n|t:|1783540555\n|switch|p1a: Scream Tail|Scream Tail, L84|330/330\n|turn|20\n|inactive|Time left: 300 sec this turn | 300 sec total\n|\n|t:|1783540556\n|move|p2a: Azelf|Knock Off|p1a: Scream Tail\n|-damage|p1a: Scream Tail|230/330\n|-enditem|p1a: Scream Tail|Leftovers|[from] move: Knock Off|[of] p2a: Azelf\n|-damage|p2a: Azelf|81/100|[from] item: Life Orb\n|move|p1a: Scream Tail|Play Rough|p2a: Azelf\n|-damage|p2a: Azelf|50/100\n|-unboost|p2a: Azelf|atk|1\n|\n|upkeep\n|turn|21\n|inactive|Time left: 300 sec this turn | 300 sec total\n|\n|t:|1783540557\n|switch|p2a: Indeedee|Indeedee, L84, M|55/100 par\n|-fieldstart|move: Psychic Terrain|[from] ability: Psychic Surge|[of] p2a: Indeedee\n|move|p1a: Scream Tail|Wish|p1a: Scream Tail\n|\n|upkeep\n|turn|22\n|inactive|Time left: 300 sec this turn | 300 sec total\n|\n|t:|1783540558\n|move|p1a: Scream Tail|Play Rough|p2a: Indeedee\n|-damage|p2a: Indeedee|12/100 par\n|move|p2a: Indeedee|Expanding Force|p1a: Scream Tail\n|-resisted|p1a: Scream Tail\n|-damage|p1a: Scream Tail|161/330\n|\n|-heal|p1a: Scream Tail|326/330|[from] move: Wish|[wisher] Scream Tail\n|upkeep\n|turn|23\n|inactive|Time left: 300 sec this turn | 300 sec total\n|\n|t:|1783540559\n|move|p1a: Scream Tail|Play Rough|p2a: Indeedee\n|-damage|p2a: Indeedee|0 fnt\n|faint|p2a: Indeedee\n|\n|upkeep\n|\n|t:|1783540560\n|switch|p2a: Politoed|Politoed, L88, M|100/100\n|-weather|RainDance|[from] ability: Drizzle|[of] p2a: Politoed\n|turn|24\n|inactive|Time left: 300 sec this turn | 300 sec total\n|\n|t:|1783540561\n|move|p1a: Scream Tail|Thunder Wave|p2a: Politoed|[miss]\n|-miss|p1a: Scream Tail|p2a: Politoed\n|move|p2a: Politoed|Surf|p1a: Scream Tail\n|-damage|p1a: Scream Tail|203/330\n|\n|-weather|RainDance|[upkeep]\n|upkeep\n|turn|25\n|inactive|Time left: 300 sec this turn | 300 sec total\n|\n|t:|1783540562\n|move|p1a: Scream Tail|Wish|p1a: Scream Tail\n|move|p2a: Politoed|Surf|p1a: Scream Tail\n|-damage|p1a: Scream Tail|91/330\n|\n|-weather|RainDance|[upkeep]\n|-fieldend|move: Psychic Terrain\n|upkeep\n|turn|26\n|inactive|Time left: 300 sec this turn | 300 sec total\n|\n|t:|1783540564\n|move|p1a: Scream Tail|Protect|p1a: Scream Tail\n|-singleturn|p1a: Scream Tail|Protect\n|move|p2a: Politoed|Surf|p1a: Scream Tail\n|-activate|p1a: Scream Tail|move: Protect\n|\n|-weather|RainDance|[upkeep]\n|-heal|p1a: Scream Tail|256/330|[from] move: Wish|[wisher] Scream Tail\n|upkeep\n|turn|27\n|inactive|Time left: 300 sec this turn | 300 sec total\n|\n|t:|1783540565\n|move|p1a: Scream Tail|Wish|p1a: Scream Tail\n|move|p2a: Politoed|Surf|p1a: Scream Tail\n|-damage|p1a: Scream Tail|139/330\n|\n|-weather|RainDance|[upkeep]\n|upkeep\n|turn|28\n|inactive|Time left: 300 sec this turn | 300 sec total\n|\n|t:|1783540566\n|move|p1a: Scream Tail|Thunder Wave|p2a: Politoed\n|-status|p2a: Politoed|par\n|move|p2a: Politoed|Surf|p1a: Scream Tail\n|-damage|p1a: Scream Tail|25/330\n|\n|-weather|none\n|-heal|p1a: Scream Tail|190/330|[from] move: Wish|[wisher] Scream Tail\n|upkeep\n|turn|29\n|inactive|Time left: 300 sec this turn | 300 sec total\n|\n|t:|1783540567\n|switch|p2a: Azelf|Azelf, L82|50/100\n|move|p1a: Scream Tail|Wish|p1a: Scream Tail\n|\n|upkeep\n|turn|30\n|inactive|Time left: 300 sec this turn | 300 sec total\n|\n|t:|1783540568\n|move|p2a: Azelf|Encore|p1a: Scream Tail\n|-start|p1a: Scream Tail|Encore\n|move|p1a: Scream Tail|Wish||[still]\n|-fail|p1a: Scream Tail\n|\n|-heal|p1a: Scream Tail|330/330|[from] move: Wish|[wisher] Scream Tail\n|upkeep\n|turn|31\n|inactive|Time left: 300 sec this turn | 300 sec total\n|\n|t:|1783540569\n|move|p2a: Azelf|Psychic|p1a: Scream Tail\n|-resisted|p1a: Scream Tail\n|-damage|p1a: Scream Tail|272/330\n|-damage|p2a: Azelf|40/100|[from] item: Life Orb\n|move|p1a: Scream Tail|Wish|p1a: Scream Tail\n|\n|upkeep\n|turn|32\n|inactive|Time left: 300 sec this turn | 300 sec total\n|\n|t:|1783540570\n|move|p2a: Azelf|Fire Blast|p1a: Scream Tail\n|-damage|p1a: Scream Tail|169/330\n|-damage|p2a: Azelf|30/100|[from] item: Life Orb\n|move|p1a: Scream Tail|Wish||[still]\n|-fail|p1a: Scream Tail\n|\n|-heal|p1a: Scream Tail|330/330|[from] move: Wish|[wisher] Scream Tail\n|-end|p1a: Scream Tail|Encore\n|upkeep\n|turn|33\n|inactive|Time left: 300 sec this turn | 300 sec total\n|\n|t:|1783540571\n|move|p2a: Azelf|Encore|p1a: Scream Tail\n|-start|p1a: Scream Tail|Encore\n|move|p1a: Scream Tail|Wish|p1a: Scream Tail\n|\n|upkeep\n|turn|34\n|inactive|Time left: 300 sec this turn | 300 sec total\n|\n|t:|1783540572\n|move|p2a: Azelf|Fire Blast|p1a: Scream Tail\n|-damage|p1a: Scream Tail|240/330\n|-damage|p2a: Azelf|20/100|[from] item: Life Orb\n|move|p1a: Scream Tail|Wish||[still]\n|-fail|p1a: Scream Tail\n|\n|-heal|p1a: Scream Tail|330/330|[from] move: Wish|[wisher] Scream Tail\n|upkeep\n|turn|35\n|inactive|Time left: 300 sec this turn | 300 sec total\n|\n|t:|1783540573\n|move|p2a: Azelf|Knock Off|p1a: Scream Tail\n|-crit|p1a: Scream Tail\n|-damage|p1a: Scream Tail|231/330\n|-damage|p2a: Azelf|11/100|[from] item: Life Orb\n|move|p1a: Scream Tail|Wish|p1a: Scream Tail\n|\n|-end|p1a: Scream Tail|Encore\n|upkeep\n|turn|36\n|inactive|Time left: 300 sec this turn | 300 sec total\n|\n|t:|1783540574\n|move|p2a: Azelf|Encore|p1a: Scream Tail\n|-start|p1a: Scream Tail|Encore\n|move|p1a: Scream Tail|Wish||[still]\n|-fail|p1a: Scream Tail\n|\n|-heal|p1a: Scream Tail|330/330|[from] move: Wish|[wisher] Scream Tail\n|upkeep\n|turn|37\n|inactive|Time left: 300 sec this turn | 300 sec total\n|\n|t:|1783540575\n|move|p2a: Azelf|Knock Off|p1a: Scream Tail\n|-damage|p1a: Scream Tail|272/330\n|-damage|p2a: Azelf|1/100|[from] item: Life Orb\n|move|p1a: Scream Tail|Wish|p1a: Scream Tail\n|\n|upkeep\n|turn|38\n|inactive|Time left: 300 sec this turn | 300 sec total\n|\n|t:|1783540576\n|move|p2a: Azelf|Fire Blast|p1a: Scream Tail\n|-damage|p1a: Scream Tail|173/330\n|-damage|p2a: Azelf|0 fnt|[from] item: Life Orb\n|faint|p2a: Azelf\n|move|p1a: Scream Tail|Wish||[still]\n|-fail|p1a: Scream Tail\n|\n|-heal|p1a: Scream Tail|330/330|[from] move: Wish|[wisher] Scream Tail\n|-end|p1a: Scream Tail|Encore\n|upkeep\n|\n|t:|1783540577\n|switch|p2a: Politoed|Politoed, L88, M|100/100 par\n|-weather|RainDance|[from] ability: Drizzle|[of] p2a: Politoed\n|turn|39\n|inactive|Time left: 300 sec this turn | 300 sec total\n|\n|t:|1783540578\n|-end|p1a: Scream Tail|Protosynthesis|[silent]\n|switch|p1a: Veluza|Veluza, L85, F|67/292\n|move|p2a: Politoed|Ice Beam|p1a: Veluza\n|-resisted|p1a: Veluza\n|-damage|p1a: Veluza|28/292\n|\n|-weather|RainDance|[upkeep]\n|upkeep\n|turn|40\n|inactive|Time left: 300 sec this turn | 300 sec total\n|\n|t:|1783540579\n|move|p1a: Veluza|Psycho Cut|p2a: Politoed\n|-damage|p2a: Politoed|40/100 par\n|cant|p2a: Politoed|par\n|\n|-weather|RainDance|[upkeep]\n|-heal|p2a: Politoed|46/100 par|[from] item: Leftovers\n|upkeep\n|turn|41\n|inactive|Time left: 300 sec this turn | 300 sec total\n|\n|t:|1783540580\n|move|p1a: Veluza|Psycho Cut|p2a: Politoed\n|-damage|p2a: Politoed|0 fnt\n|faint|p2a: Politoed\n|\n|win|p0x117bddb", "uploadtime": 1783540580, "views": 0, "rating": 0, "private": 0, "password": null, "_winner": "p0x117bddb", "_our_name": "p0x117bddb"}