{"id": "battle-gen9randombattle-73", "formatid": "gen9randombattle", "format": "[Gen 9] Random Battle", "players": ["p0x073f6f7", "p0y07330d4"], "log": "|init|battle\n|title|p0x073f6f7 vs. p0y07330d4\n|j|\u2606p0x073f6f7\n|j|\u2606p0y07330d4\n|t:|1783534086\n|gametype|singles\n|player|p1|p0x073f6f7|2|\n|player|p2|p0y07330d4|170|\n|gen|9\n|tier|[Gen 9] Random Battle\n|rule|Species Clause: Limit one of each Pok\u00e9mon\n|rule|HP Percentage Mod: HP is shown in percentages\n|rule|Sleep Clause Mod: Limit one foe put to sleep\n|rule|Illusion Level Mod: Illusion disguises the Pok\u00e9mon's true level\n|\n|t:|1783534087\n|teamsize|p1|6\n|teamsize|p2|6\n|start\n|switch|p1a: Grimmsnarl|Grimmsnarl, L83, M|100/100\n|switch|p2a: Shaymin|Shaymin, L82|298/298\n|turn|1\n|inactive|Battle timer is ON: inactive players will automatically lose when time's up. (requested by p0y07330d4)\n|inactive|p0x073f6f7 also wants the timer to be on.\n|\n|t:|1783534088\n|move|p1a: Grimmsnarl|Parting Shot|p2a: Shaymin\n|-unboost|p2a: Shaymin|atk|1\n|-unboost|p2a: Shaymin|spa|1\n|\n|t:|1783534090\n|switch|p1a: Espeon|Espeon, L84, M|100/100|[from] Parting Shot\n|move|p2a: Shaymin|Seed Flare|p1a: Espeon\n|-damage|p1a: Espeon|69/100\n|\n|upkeep\n|turn|2\n|inactive|Time left: 300 sec this turn | 300 sec total\n|\n|t:|1783534091\n|switch|p2a: Bombirdier|Bombirdier, L85, M|258/258\n|move|p1a: Espeon|Psychic|p2a: Bombirdier\n|-immune|p2a: Bombirdier\n|\n|upkeep\n|turn|3\n|inactive|Time left: 300 sec this turn | 300 sec total\n|\n|t:|1783534092\n|switch|p1a: Grimmsnarl|Grimmsnarl, L83, M|100/100\n|move|p2a: Bombirdier|Brave Bird|p1a: Grimmsnarl\n|-damage|p1a: Grimmsnarl|38/100\n|-damage|p2a: Bombirdier|198/258|[from] Recoil\n|\n|-heal|p1a: Grimmsnarl|44/100|[from] item: Leftovers\n|upkeep\n|turn|4\n|inactive|Time left: 300 sec this turn | 300 sec total\n|\n|t:|1783534094\n|switch|p1a: Rotom|Rotom-Mow, L87|100/100\n|move|p2a: Bombirdier|Brave Bird|p1a: Rotom\n|-damage|p1a: Rotom|45/100\n|-damage|p2a: Bombirdier|156/258|[from] Recoil\n|\n|-heal|p1a: Rotom|52/100|[from] item: Leftovers\n|upkeep\n|turn|5\n|inactive|Time left: 300 sec this turn | 300 sec total\n|\n|t:|1783534095\n|switch|p2a: Armarouge|Armarouge, L80, M|267/267\n|move|p1a: Rotom|Thunderbolt|p2a: Armarouge\n|-crit|p2a: Armarouge\n|-damage|p2a: Armarouge|75/267\n|\n|-heal|p1a: Rotom|58/100|[from] item: Leftovers\n|upkeep\n|turn|6\n|inactive|Time left: 300 sec this turn | 300 sec total\n|\n|t:|1783534096\n|switch|p2a: Shaymin|Shaymin, L82|298/298\n|move|p1a: Rotom|Thunderbolt|p2a: Shaymin\n|-resisted|p2a: Shaymin\n|-damage|p2a: Shaymin|244/298\n|\n|-heal|p2a: Shaymin|262/298|[from] item: Leftovers\n|-heal|p1a: Rotom|64/100|[from] item: Leftovers\n|upkeep\n|turn|7\n|inactive|Time left: 300 sec this turn | 300 sec total\n|\n|t:|1783534097\n|move|p2a: Shaymin|Seed Flare|p1a: Rotom\n|-resisted|p1a: Rotom\n|-crit|p1a: Rotom\n|-damage|p1a: Rotom|32/100\n|-unboost|p1a: Rotom|spd|2\n|move|p1a: Rotom|Thunderbolt|p2a: Shaymin\n|-resisted|p2a: Shaymin\n|-damage|p2a: Shaymin|209/298\n|\n|-heal|p2a: Shaymin|227/298|[from] item: Leftovers\n|-heal|p1a: Rotom|38/100|[from] item: Leftovers\n|upkeep\n|turn|8\n|inactive|Time left: 300 sec this turn | 300 sec total\n|\n|t:|1783534098\n|switch|p1a: Espeon|Espeon, L84, M|69/100\n|move|p2a: Shaymin|Seed Flare|p1a: Espeon|[miss]\n|-miss|p2a: Shaymin|p1a: Espeon\n|\n|-heal|p2a: Shaymin|245/298|[from] item: Leftovers\n|upkeep\n|turn|9\n|inactive|Time left: 300 sec this turn | 300 sec total\n|\n|t:|1783534099\n|move|p1a: Espeon|Psychic|p2a: Shaymin\n|-damage|p2a: Shaymin|64/298\n|move|p2a: Shaymin|Seed Flare|p1a: Espeon|[miss]\n|-miss|p2a: Shaymin|p1a: Espeon\n|\n|-heal|p2a: Shaymin|82/298|[from] item: Leftovers\n|upkeep\n|turn|10\n|inactive|Time left: 300 sec this turn | 300 sec total\n|\n|t:|1783534100\n|switch|p2a: Bombirdier|Bombirdier, L85, M|156/258\n|move|p1a: Espeon|Psychic|p2a: Bombirdier\n|-immune|p2a: Bombirdier\n|\n|upkeep\n|turn|11\n|inactive|Time left: 300 sec this turn | 300 sec total\n|\n|t:|1783534101\n|switch|p1a: Grimmsnarl|Grimmsnarl, L83, M|44/100\n|move|p2a: Bombirdier|Knock Off|p1a: Grimmsnarl\n|-resisted|p1a: Grimmsnarl\n|-damage|p1a: Grimmsnarl|32/100\n|-enditem|p1a: Grimmsnarl|Leftovers|[from] move: Knock Off|[of] p2a: Bombirdier\n|\n|upkeep\n|turn|12\n|inactive|Time left: 300 sec this turn | 300 sec total\n|\n|t:|1783534102\n|move|p2a: Bombirdier|Brave Bird|p1a: Grimmsnarl\n|-damage|p1a: Grimmsnarl|0 fnt\n|faint|p1a: Grimmsnarl\n|-damage|p2a: Bombirdier|126/258|[from] Recoil\n|\n|upkeep\n|\n|t:|1783534103\n|switch|p1a: Rotom|Rotom-Mow, L87|38/100\n|turn|13\n|inactive|Time left: 300 sec this turn | 300 sec total\n|\n|t:|1783534104\n|switch|p2a: Kyurem|Kyurem-White, L73|303/303\n|-ability|p2a: Kyurem|Turboblaze\n|move|p1a: Rotom|Volt Switch|p2a: Kyurem\n|-resisted|p2a: Kyurem\n|-damage|p2a: Kyurem|262/303\n|\n|t:|1783534104\n|switch|p1a: Gholdengo|Gholdengo, L77|100/100|[from] Volt Switch\n|\n|upkeep\n|turn|14\n|inactive|Time left: 300 sec this turn | 300 sec total\n|\n|t:|1783534105\n|-terastallize|p2a: Kyurem|Fire\n|move|p2a: Kyurem|Fusion Flare|p1a: Gholdengo\n|-supereffective|p1a: Gholdengo\n|-damage|p1a: Gholdengo|0 fnt\n|faint|p1a: Gholdengo\n|\n|upkeep\n|\n|t:|1783534106\n|switch|p1a: Espeon|Espeon, L84, M|69/100\n|turn|15\n|inactive|Time left: 300 sec this turn | 300 sec total\n|\n|t:|1783534107\n|move|p2a: Kyurem|Fusion Flare|p1a: Espeon\n|-damage|p1a: Espeon|23/100\n|move|p1a: Espeon|Psychic|p2a: Kyurem\n|-damage|p2a: Kyurem|73/303\n|\n|upkeep\n|turn|16\n|inactive|Time left: 300 sec this turn | 300 sec total\n|\n|t:|1783534108\n|move|p2a: Kyurem|Fusion Flare|p1a: Espeon\n|-damage|p1a: Espeon|0 fnt\n|faint|p1a: Espeon\n|\n|upkeep\n|\n|t:|1783534109\n|switch|p1a: Brute Bonnet|Brute Bonnet, L80|100/100\n|turn|17\n|inactive|Time left: 300 sec this turn | 300 sec total\n|\n|t:|1783534110\n|move|p1a: Brute Bonnet|Sucker Punch|p2a: Kyurem\n|-damage|p2a: Kyurem|0 fnt\n|faint|p2a: Kyurem\n|\n|upkeep\n|inactive|Time left: 300 sec this turn | 300 sec total | 5 sec grace\n|\n|t:|1783534111\n|switch|p2a: Shaymin|Shaymin, L82|82/298\n|turn|18\n|inactive|Time left: 300 sec this turn | 300 sec total\n|\n|t:|1783534112\n|move|p2a: Shaymin|Synthesis|p2a: Shaymin\n|-heal|p2a: Shaymin|231/298\n|move|p1a: Brute Bonnet|Crunch|p2a: Shaymin\n|-damage|p2a: Shaymin|135/298\n|\n|-heal|p2a: Shaymin|153/298|[from] item: Leftovers\n|upkeep\n|turn|19\n|inactive|Time left: 300 sec this turn | 300 sec total\n|\n|t:|1783534114\n|move|p2a: Shaymin|Synthesis|p2a: Shaymin\n|-heal|p2a: Shaymin|298/298\n|move|p1a: Brute Bonnet|Crunch|p2a: Shaymin\n|-damage|p2a: Shaymin|202/298\n|\n|-heal|p2a: Shaymin|220/298|[from] item: Leftovers\n|upkeep\n|turn|20\n|inactive|Time left: 300 sec this turn | 300 sec total\n|\n|t:|1783534114\n|move|p2a: Shaymin|Air Slash|p1a: Brute Bonnet|[miss]\n|-miss|p2a: Shaymin|p1a: Brute Bonnet\n|move|p1a: Brute Bonnet|Crunch|p2a: Shaymin\n|-damage|p2a: Shaymin|124/298\n|\n|-heal|p2a: Shaymin|142/298|[from] item: Leftovers\n|upkeep\n|turn|21\n|inactive|Time left: 300 sec this turn | 300 sec total\n|\n|t:|1783534116\n|move|p2a: Shaymin|Synthesis|p2a: Shaymin\n|-heal|p2a: Shaymin|291/298\n|move|p1a: Brute Bonnet|Crunch|p2a: Shaymin\n|-damage|p2a: Shaymin|203/298\n|\n|-heal|p2a: Shaymin|221/298|[from] item: Leftovers\n|upkeep\n|turn|22\n|inactive|Time left: 300 sec this turn | 300 sec total\n|\n|t:|1783534117\n|move|p2a: Shaymin|Air Slash|p1a: Brute Bonnet\n|-supereffective|p1a: Brute Bonnet\n|-crit|p1a: Brute Bonnet\n|-damage|p1a: Brute Bonnet|54/100\n|cant|p1a: Brute Bonnet|flinch\n|\n|-heal|p2a: Shaymin|239/298|[from] item: Leftovers\n|-heal|p1a: Brute Bonnet|60/100|[from] item: Leftovers\n|upkeep\n|turn|23\n|inactive|Time left: 300 sec this turn | 300 sec total\n|\n|t:|1783534118\n|move|p2a: Shaymin|Air Slash|p1a: Brute Bonnet\n|-supereffective|p1a: Brute Bonnet\n|-damage|p1a: Brute Bonnet|26/100\n|move|p1a: Brute Bonnet|Crunch|p2a: Shaymin\n|-damage|p2a: Shaymin|143/298\n|\n|-heal|p2a: Shaymin|161/298|[from] item: Leftovers\n|-heal|p1a: Brute Bonnet|32/100|[from] item: Leftovers\n|upkeep\n|turn|24\n|inactive|Time left: 300 sec this turn | 300 sec total\n|\n|t:|1783534119\n|move|p2a: Shaymin|Air Slash|p1a: Brute Bonnet\n|-supereffective|p1a: Brute Bonnet\n|-damage|p1a: Brute Bonnet|0 fnt\n|faint|p1a: Brute Bonnet\n|-end|p1a: Brute Bonnet|Protosynthesis|[silent]\n|\n|-heal|p2a: Shaymin|179/298|[from] item: Leftovers\n|upkeep\n|\n|t:|1783534120\n|switch|p1a: Hawlucha|Hawlucha, L80, F|100/100\n|turn|25\n|inactive|Time left: 300 sec this turn | 300 sec total\n|\n|t:|1783534121\n|move|p1a: Hawlucha|Swords Dance|p1a: Hawlucha\n|-boost|p1a: Hawlucha|atk|2\n|move|p2a: Shaymin|Air Slash|p1a: Hawlucha\n|-supereffective|p1a: Hawlucha\n|-damage|p1a: Hawlucha|45/100\n|\n|-heal|p2a: Shaymin|197/298|[from] item: Leftovers\n|upkeep\n|turn|26\n|inactive|Time left: 300 sec this turn | 300 sec total\n|\n|t:|1783534122\n|switch|p2a: Polteageist|Polteageist-Antique, L78|222/222\n|move|p1a: Hawlucha|Close Combat|p2a: Polteageist\n|-immune|p2a: Polteageist\n|\n|upkeep\n|turn|27\n|inactive|Time left: 300 sec this turn | 300 sec total\n|\n|t:|1783534123\n|switch|p2a: Shaymin|Shaymin, L82|197/298\n|move|p1a: Hawlucha|Brave Bird|p2a: Shaymin\n|-supereffective|p2a: Shaymin\n|-damage|p2a: Shaymin|0 fnt\n|faint|p2a: Shaymin\n|-damage|p1a: Hawlucha|20/100|[from] Recoil\n|\n|upkeep\n|inactive|Time left: 300 sec this turn | 300 sec total | 5 sec grace\n|\n|t:|1783534124\n|switch|p2a: Polteageist|Polteageist-Antique, L78|222/222\n|turn|28\n|inactive|Time left: 300 sec this turn | 300 sec total\n|\n|t:|1783534125\n|move|p1a: Hawlucha|Brave Bird|p2a: Polteageist\n|-damage|p2a: Polteageist|0 fnt\n|faint|p2a: Polteageist\n|-damage|p1a: Hawlucha|0 fnt|[from] Recoil\n|faint|p1a: Hawlucha\n|\n|upkeep\n|inactive|Time left: 300 sec this turn | 300 sec total | 5 sec grace\n|\n|t:|1783534126\n|switch|p1a: Rotom|Rotom-Mow, L87|38/100\n|switch|p2a: Minun|Minun, L95, M|268/268\n|turn|29\n|inactive|Time left: 300 sec this turn | 300 sec total\n|\n|t:|1783534127\n|move|p2a: Minun|Nasty Plot|p2a: Minun\n|-boost|p2a: Minun|spa|2\n|move|p1a: Rotom|Volt Switch|p2a: Minun\n|-immune|p2a: Minun|[from] ability: Volt Absorb\n|\n|-heal|p1a: Rotom|44/100|[from] item: Leftovers\n|upkeep\n|turn|30\n|inactive|Time left: 300 sec this turn | 300 sec total\n|\n|t:|1783534128\n|move|p2a: Minun|Thunderbolt|p1a: Rotom\n|-resisted|p1a: Rotom\n|-damage|p1a: Rotom|21/100\n|-damage|p2a: Minun|242/268|[from] item: Life Orb\n|move|p1a: Rotom|Leaf Storm|p2a: Minun\n|-damage|p2a: Minun|88/268\n|-unboost|p1a: Rotom|spa|2\n|\n|-heal|p1a: Rotom|28/100|[from] item: Leftovers\n|upkeep\n|turn|31\n|inactive|Time left: 300 sec this turn | 300 sec total\n|\n|t:|1783534128\n|move|p2a: Minun|Thunderbolt|p1a: Rotom\n|-resisted|p1a: Rotom\n|-damage|p1a: Rotom|4/100\n|-damage|p2a: Minun|62/268|[from] item: Life Orb\n|move|p1a: Rotom|Volt Switch|p2a: Minun\n|-heal|p2a: Minun|129/268|[from] ability: Volt Absorb|[of] p1a: Rotom\n|\n|-heal|p1a: Rotom|10/100|[from] item: Leftovers\n|upkeep\n|turn|32\n|inactive|Time left: 300 sec this turn | 300 sec total\n|\n|t:|1783534129\n|move|p2a: Minun|Thunderbolt|p1a: Rotom\n|-resisted|p1a: Rotom\n|-damage|p1a: Rotom|0 fnt\n|faint|p1a: Rotom\n|-damage|p2a: Minun|103/268|[from] item: Life Orb\n|\n|win|p0y07330d4", "uploadtime": 1783534129, "views": 0, "rating": 0, "private": 0, "password": null, "_winner": "p0y07330d4", "_our_name": "p0y07330d4"}