{"id": "battle-gen9randombattle-694", "formatid": "gen9randombattle", "format": "[Gen 9] Random Battle", "players": ["p0x694ba6c", "p0y694ca46"], "log": "|init|battle\n|title|p0x694ba6c vs. p0y694ca46\n|j|\u2606p0x694ba6c\n|j|\u2606p0y694ca46\n|t:|1783547875\n|gametype|singles\n|player|p1|p0x694ba6c|170|\n|player|p2|p0y694ca46|101|\n|gen|9\n|tier|[Gen 9] Random Battle\n|rule|Species Clause: Limit one of each Pok\u00e9mon\n|rule|HP Percentage Mod: HP is shown in percentages\n|rule|Sleep Clause Mod: Limit one foe put to sleep\n|rule|Illusion Level Mod: Illusion disguises the Pok\u00e9mon's true level\n|\n|t:|1783547875\n|teamsize|p1|6\n|teamsize|p2|6\n|start\n|switch|p1a: Hoopa|Hoopa, L85|100/100\n|switch|p2a: Houndstone|Houndstone, L86, M|264/264\n|turn|1\n|inactive|Battle timer is ON: inactive players will automatically lose when time's up. (requested by p0x694ba6c)\n|inactive|Time left: 300 sec this turn | 300 sec total | 60 sec grace\n|inactive|p0y694ca46 also wants the timer to be on.\n|\n|t:|1783547876\n|move|p1a: Hoopa|Shadow Ball|p2a: Houndstone\n|-supereffective|p2a: Houndstone\n|-damage|p2a: Houndstone|0 fnt\n|faint|p2a: Houndstone\n|-damage|p1a: Hoopa|91/100|[from] item: Life Orb\n|\n|upkeep\n|inactive|Time left: 300 sec this turn | 300 sec total | 65 sec grace\n|\n|t:|1783547877\n|switch|p2a: Chi-Yu|Chi-Yu, L77|211/211\n|-ability|p2a: Chi-Yu|Beads of Ruin\n|turn|2\n|inactive|Time left: 300 sec this turn | 300 sec total\n|\n|t:|1783547878\n|switch|p1a: Mandibuzz|Mandibuzz, L85, F|100/100\n|move|p2a: Chi-Yu|Dark Pulse|p1a: Mandibuzz\n|-resisted|p1a: Mandibuzz\n|-damage|p1a: Mandibuzz|74/100\n|\n|upkeep\n|turn|3\n|inactive|Time left: 300 sec this turn | 300 sec total\n|\n|t:|1783547879\n|move|p2a: Chi-Yu|Dark Pulse|p1a: Mandibuzz\n|-resisted|p1a: Mandibuzz\n|-damage|p1a: Mandibuzz|48/100\n|move|p1a: Mandibuzz|Roost|p1a: Mandibuzz\n|-heal|p1a: Mandibuzz|98/100\n|-singleturn|p1a: Mandibuzz|move: Roost\n|\n|upkeep\n|turn|4\n|inactive|Time left: 300 sec this turn | 300 sec total\n|\n|t:|1783547881\n|move|p2a: Chi-Yu|Dark Pulse|p1a: Mandibuzz\n|-resisted|p1a: Mandibuzz\n|-damage|p1a: Mandibuzz|70/100\n|move|p1a: Mandibuzz|U-turn|p2a: Chi-Yu\n|-damage|p2a: Chi-Yu|162/211\n|\n|t:|1783547882\n|switch|p1a: Yanmega|Yanmega, L82, M|100/100|[from] U-turn\n|\n|upkeep\n|turn|5\n|inactive|Time left: 300 sec this turn | 300 sec total\n|\n|t:|1783547883\n|move|p1a: Yanmega|Protect|p1a: Yanmega\n|-singleturn|p1a: Yanmega|Protect\n|move|p2a: Chi-Yu|Dark Pulse|p1a: Yanmega\n|-activate|p1a: Yanmega|move: Protect\n|\n|-ability|p1a: Yanmega|Speed Boost|boost\n|-boost|p1a: Yanmega|spe|1\n|upkeep\n|turn|6\n|inactive|Time left: 300 sec this turn | 300 sec total\n|\n|t:|1783547884\n|-terastallize|p1a: Yanmega|Ground\n|move|p1a: Yanmega|Tera Blast|p2a: Chi-Yu|[anim] Tera Blast Ground\n|-supereffective|p2a: Chi-Yu\n|-damage|p2a: Chi-Yu|10/211\n|move|p2a: Chi-Yu|Dark Pulse|p1a: Yanmega\n|-damage|p1a: Yanmega|3/100\n|\n|-ability|p1a: Yanmega|Speed Boost|boost\n|-boost|p1a: Yanmega|spe|1\n|upkeep\n|turn|7\n|inactive|Time left: 300 sec this turn | 300 sec total\n|\n|t:|1783547885\n|switch|p2a: Eiscue|Eiscue, L88, F|274/274\n|move|p1a: Yanmega|Bug Buzz|p2a: Eiscue\n|-damage|p2a: Eiscue|184/274\n|\n|-ability|p1a: Yanmega|Speed Boost|boost\n|-boost|p1a: Yanmega|spe|1\n|upkeep\n|turn|8\n|inactive|Time left: 300 sec this turn | 300 sec total\n|\n|t:|1783547886\n|move|p1a: Yanmega|Protect|p1a: Yanmega\n|-singleturn|p1a: Yanmega|Protect\n|move|p2a: Eiscue|Ice Spinner|p1a: Yanmega\n|-activate|p1a: Yanmega|move: Protect\n|\n|-ability|p1a: Yanmega|Speed Boost|boost\n|-boost|p1a: Yanmega|spe|1\n|upkeep\n|turn|9\n|inactive|Time left: 300 sec this turn | 300 sec total\n|\n|t:|1783547887\n|move|p1a: Yanmega|Air Slash|p2a: Eiscue\n|-damage|p2a: Eiscue|100/274\n|-enditem|p2a: Eiscue|Sitrus Berry|[eat]\n|-heal|p2a: Eiscue|168/274|[from] item: Sitrus Berry\n|cant|p2a: Eiscue|flinch\n|\n|-ability|p1a: Yanmega|Speed Boost|boost\n|-boost|p1a: Yanmega|spe|1\n|upkeep\n|turn|10\n|inactive|Time left: 300 sec this turn | 300 sec total\n|\n|t:|1783547888\n|move|p1a: Yanmega|Protect|p1a: Yanmega\n|-singleturn|p1a: Yanmega|Protect\n|move|p2a: Eiscue|Ice Spinner|p1a: Yanmega\n|-activate|p1a: Yanmega|move: Protect\n|\n|-ability|p1a: Yanmega|Speed Boost|boost\n|-boost|p1a: Yanmega|spe|1\n|upkeep\n|turn|11\n|inactive|Time left: 300 sec this turn | 300 sec total\n|\n|t:|1783547889\n|move|p1a: Yanmega|Air Slash|p2a: Eiscue\n|-damage|p2a: Eiscue|92/274\n|move|p2a: Eiscue|Liquidation|p1a: Yanmega\n|-supereffective|p1a: Yanmega\n|-damage|p1a: Yanmega|0 fnt\n|faint|p1a: Yanmega\n|\n|upkeep\n|\n|t:|1783547890\n|switch|p1a: Hoopa|Hoopa, L85|91/100\n|turn|12\n|inactive|Time left: 300 sec this turn | 300 sec total\n|\n|t:|1783547891\n|switch|p2a: Chi-Yu|Chi-Yu, L77|10/211\n|-ability|p2a: Chi-Yu|Beads of Ruin\n|move|p1a: Hoopa|Shadow Ball|p2a: Chi-Yu\n|-resisted|p2a: Chi-Yu\n|-damage|p2a: Chi-Yu|0 fnt\n|faint|p2a: Chi-Yu\n|-damage|p1a: Hoopa|81/100|[from] item: Life Orb\n|\n|upkeep\n|inactive|Time left: 300 sec this turn | 300 sec total | 5 sec grace\n|\n|t:|1783547892\n|switch|p2a: Sableye|Sableye, L88, M|231/231\n|turn|13\n|inactive|Time left: 300 sec this turn | 300 sec total\n|\n|t:|1783547893\n|move|p1a: Hoopa|Shadow Ball|p2a: Sableye\n|-damage|p2a: Sableye|44/231\n|-damage|p1a: Hoopa|71/100|[from] item: Life Orb\n|move|p2a: Sableye|Knock Off|p1a: Hoopa\n|-supereffective|p1a: Hoopa\n|-damage|p1a: Hoopa|0 fnt\n|-enditem|p1a: Hoopa|Life Orb|[from] move: Knock Off|[of] p2a: Sableye\n|faint|p1a: Hoopa\n|\n|-heal|p2a: Sableye|58/231|[from] item: Leftovers\n|upkeep\n|\n|t:|1783547893\n|switch|p1a: Mandibuzz|Mandibuzz, L85, F|70/100\n|turn|14\n|inactive|Time left: 300 sec this turn | 300 sec total\n|\n|t:|1783547894\n|switch|p2a: Kommo-o|Kommo-o, L77, F|242/242\n|move|p1a: Mandibuzz|Foul Play|p2a: Kommo-o\n|-resisted|p2a: Kommo-o\n|-damage|p2a: Kommo-o|196/242\n|\n|upkeep\n|turn|15\n|inactive|Time left: 300 sec this turn | 300 sec total\n|\n|t:|1783547895\n|switch|p1a: Froslass|Froslass, L87, F|100/100\n|move|p2a: Kommo-o|Swords Dance|p2a: Kommo-o\n|-boost|p2a: Kommo-o|atk|2\n|\n|upkeep\n|turn|16\n|inactive|Time left: 300 sec this turn | 300 sec total\n|\n|t:|1783547896\n|-terastallize|p2a: Kommo-o|Steel\n|move|p1a: Froslass|Will-O-Wisp|p2a: Kommo-o\n|-status|p2a: Kommo-o|brn\n|move|p2a: Kommo-o|Scale Shot|p1a: Froslass\n|-damage|p1a: Froslass|90/100\n|-damage|p1a: Froslass|80/100\n|-start|p2a: Kommo-o|Disable|Scale Shot|[from] ability: Cursed Body|[of] p1a: Froslass\n|-damage|p1a: Froslass|69/100\n|-damage|p1a: Froslass|59/100\n|-damage|p1a: Froslass|48/100\n|-hitcount|p1a: Froslass|5\n|-unboost|p2a: Kommo-o|def|1\n|-boost|p2a: Kommo-o|spe|1\n|\n|-damage|p2a: Kommo-o|181/242 brn|[from] brn\n|upkeep\n|turn|17\n|inactive|Time left: 300 sec this turn | 300 sec total\n|\n|t:|1783547897\n|switch|p1a: Mandibuzz|Mandibuzz, L85, F|70/100\n|move|p2a: Kommo-o|Iron Head|p1a: Mandibuzz\n|-damage|p1a: Mandibuzz|51/100\n|\n|-damage|p2a: Kommo-o|166/242 brn|[from] brn\n|upkeep\n|turn|18\n|inactive|Time left: 300 sec this turn | 300 sec total\n|\n|t:|1783547898\n|move|p2a: Kommo-o|Iron Head|p1a: Mandibuzz\n|-damage|p1a: Mandibuzz|31/100\n|move|p1a: Mandibuzz|Foul Play|p2a: Kommo-o\n|-damage|p2a: Kommo-o|0 fnt\n|faint|p2a: Kommo-o\n|\n|upkeep\n|inactive|Time left: 300 sec this turn | 300 sec total | 5 sec grace\n|\n|t:|1783547899\n|switch|p2a: Forretress|Forretress, L84, M|263/263\n|turn|19\n|inactive|Time left: 300 sec this turn | 300 sec total\n|\n|t:|1783547900\n|move|p1a: Mandibuzz|Roost|p1a: Mandibuzz\n|-heal|p1a: Mandibuzz|81/100\n|-singleturn|p1a: Mandibuzz|move: Roost\n|move|p2a: Forretress|Rapid Spin|p1a: Mandibuzz\n|-damage|p1a: Mandibuzz|72/100\n|-boost|p2a: Forretress|spe|1\n|\n|upkeep\n|turn|20\n|inactive|Time left: 300 sec this turn | 300 sec total\n|\n|t:|1783547901\n|move|p1a: Mandibuzz|Roost|p1a: Mandibuzz\n|-heal|p1a: Mandibuzz|100/100\n|-singleturn|p1a: Mandibuzz|move: Roost\n|move|p2a: Forretress|Iron Head|p1a: Mandibuzz\n|-damage|p1a: Mandibuzz|79/100\n|\n|upkeep\n|turn|21\n|inactive|Time left: 300 sec this turn | 300 sec total\n|\n|t:|1783547902\n|move|p1a: Mandibuzz|Foul Play|p2a: Forretress\n|-damage|p2a: Forretress|190/263\n|move|p2a: Forretress|Spikes|p1a: Mandibuzz\n|-sidestart|p1: p0x694ba6c|Spikes\n|\n|-heal|p2a: Forretress|206/263|[from] item: Leftovers\n|upkeep\n|turn|22\n|inactive|Time left: 300 sec this turn | 300 sec total\n|\n|t:|1783547903\n|move|p1a: Mandibuzz|Foul Play|p2a: Forretress\n|-damage|p2a: Forretress|140/263\n|move|p2a: Forretress|Rapid Spin|p1a: Mandibuzz\n|-damage|p1a: Mandibuzz|70/100\n|-boost|p2a: Forretress|spe|1\n|\n|-heal|p2a: Forretress|156/263|[from] item: Leftovers\n|upkeep\n|turn|23\n|inactive|Time left: 300 sec this turn | 300 sec total\n|\n|t:|1783547905\n|move|p2a: Forretress|Iron Head|p1a: Mandibuzz\n|-damage|p1a: Mandibuzz|50/100\n|move|p1a: Mandibuzz|Roost|p1a: Mandibuzz\n|-heal|p1a: Mandibuzz|99/100\n|-singleturn|p1a: Mandibuzz|move: Roost\n|\n|-heal|p2a: Forretress|172/263|[from] item: Leftovers\n|upkeep\n|turn|24\n|inactive|Time left: 300 sec this turn | 300 sec total\n|\n|t:|1783547906\n|move|p2a: Forretress|Iron Head|p1a: Mandibuzz\n|-damage|p1a: Mandibuzz|80/100\n|move|p1a: Mandibuzz|Foul Play|p2a: Forretress\n|-damage|p2a: Forretress|100/263\n|\n|-heal|p2a: Forretress|116/263|[from] item: Leftovers\n|upkeep\n|turn|25\n|inactive|Time left: 300 sec this turn | 300 sec total\n|\n|t:|1783547907\n|move|p2a: Forretress|Iron Head|p1a: Mandibuzz\n|-damage|p1a: Mandibuzz|59/100\n|move|p1a: Mandibuzz|Foul Play|p2a: Forretress\n|-damage|p2a: Forretress|44/263\n|\n|-heal|p2a: Forretress|60/263|[from] item: Leftovers\n|upkeep\n|turn|26\n|inactive|Time left: 300 sec this turn | 300 sec total\n|\n|t:|1783547908\n|move|p2a: Forretress|Iron Head|p1a: Mandibuzz\n|-damage|p1a: Mandibuzz|38/100\n|move|p1a: Mandibuzz|Foul Play|p2a: Forretress\n|-damage|p2a: Forretress|0 fnt\n|faint|p2a: Forretress\n|\n|upkeep\n|inactive|Time left: 300 sec this turn | 300 sec total | 5 sec grace\n|\n|t:|1783547909\n|switch|p2a: Eiscue|Eiscue, L88, F|92/274\n|turn|27\n|inactive|Time left: 300 sec this turn | 300 sec total\n|\n|t:|1783547910\n|move|p1a: Mandibuzz|Roost|p1a: Mandibuzz\n|-heal|p1a: Mandibuzz|88/100\n|-singleturn|p1a: Mandibuzz|move: Roost\n|move|p2a: Eiscue|Ice Spinner|p1a: Mandibuzz\n|-damage|p1a: Mandibuzz|66/100\n|\n|upkeep\n|turn|28\n|inactive|Time left: 300 sec this turn | 300 sec total\n|\n|t:|1783547911\n|switch|p1a: Cacturne|Cacturne, L92, F|100/100\n|-damage|p1a: Cacturne|88/100|[from] Spikes\n|move|p2a: Eiscue|Ice Spinner|p1a: Cacturne\n|-supereffective|p1a: Cacturne\n|-damage|p1a: Cacturne|21/100\n|\n|upkeep\n|turn|29\n|inactive|Time left: 300 sec this turn | 300 sec total\n|\n|t:|1783547912\n|move|p1a: Cacturne|Leaf Storm|p2a: Eiscue\n|-damage|p2a: Eiscue|0 fnt\n|-unboost|p1a: Cacturne|spa|2\n|faint|p2a: Eiscue\n|-damage|p1a: Cacturne|11/100|[from] item: Life Orb\n|\n|upkeep\n|inactive|Time left: 300 sec this turn | 300 sec total | 5 sec grace\n|\n|t:|1783547913\n|switch|p2a: Sableye|Sableye, L88, M|58/231\n|turn|30\n|inactive|Time left: 300 sec this turn | 300 sec total\n|\n|t:|1783547914\n|move|p2a: Sableye|Recover|p2a: Sableye\n|-heal|p2a: Sableye|174/231\n|move|p1a: Cacturne|Knock Off|p2a: Sableye\n|-crit|p2a: Sableye\n|-damage|p2a: Sableye|0 fnt\n|-enditem|p2a: Sableye|Leftovers|[from] move: Knock Off|[of] p1a: Cacturne\n|faint|p2a: Sableye\n|-damage|p1a: Cacturne|1/100|[from] item: Life Orb\n|\n|win|p0x694ba6c", "uploadtime": 1783547914, "views": 0, "rating": 0, "private": 0, "password": null, "_winner": "p0x694ba6c", "_our_name": "p0y694ca46"}