{"id": "battle-gen9randombattle-1860", "formatid": "gen9randombattle", "format": "[Gen 9] Random Battle", "players": ["p0x18604463", "p0y18603c13"], "log": "|init|battle\n|title|p0x18604463 vs. p0y18603c13\n|j|\u2606p0x18604463\n|j|\u2606p0y18603c13\n|t:|1783560803\n|gametype|singles\n|player|p1|p0x18604463|170|\n|player|p2|p0y18603c13|266|\n|gen|9\n|tier|[Gen 9] Random Battle\n|rule|Species Clause: Limit one of each Pok\u00e9mon\n|rule|HP Percentage Mod: HP is shown in percentages\n|rule|Sleep Clause Mod: Limit one foe put to sleep\n|rule|Illusion Level Mod: Illusion disguises the Pok\u00e9mon's true level\n|\n|t:|1783560803\n|teamsize|p1|6\n|teamsize|p2|6\n|start\n|switch|p1a: Lunala|Lunala, L70|100/100\n|switch|p2a: Cyclizar|Cyclizar, L84, M|255/255\n|turn|1\n|inactive|Battle timer is ON: inactive players will automatically lose when time's up. (requested by p0y18603c13)\n|inactive|p0x18604463 also wants the timer to be on.\n|\n|t:|1783560805\n|move|p2a: Cyclizar|Knock Off|p1a: Lunala\n|-supereffective|p1a: Lunala\n|-damage|p1a: Lunala|52/100\n|-enditem|p1a: Lunala|Leftovers|[from] move: Knock Off|[of] p2a: Cyclizar\n|move|p1a: Lunala|Calm Mind|p1a: Lunala\n|-boost|p1a: Lunala|spa|1\n|-boost|p1a: Lunala|spd|1\n|\n|upkeep\n|turn|2\n|inactive|Time left: 300 sec this turn | 300 sec total\n|\n|t:|1783560806\n|-terastallize|p1a: Lunala|Dark\n|move|p2a: Cyclizar|Knock Off|p1a: Lunala\n|-resisted|p1a: Lunala\n|-damage|p1a: Lunala|44/100\n|move|p1a: Lunala|Psyshock|p2a: Cyclizar\n|-damage|p2a: Cyclizar|101/255\n|\n|upkeep\n|turn|3\n|inactive|Time left: 300 sec this turn | 300 sec total\n|\n|t:|1783560807\n|switch|p2a: Slaking|Slaking, L84, F|389/389\n|move|p1a: Lunala|Moonlight|p1a: Lunala\n|-heal|p1a: Lunala|94/100\n|\n|upkeep\n|turn|4\n|inactive|Time left: 300 sec this turn | 300 sec total\n|\n|t:|1783560808\n|switch|p1a: Ceruledge|Ceruledge, L78, M|100/100\n|move|p2a: Slaking|Giga Impact|p1a: Ceruledge\n|-immune|p1a: Ceruledge\n|\n|upkeep\n|turn|5\n|inactive|Time left: 300 sec this turn | 300 sec total\n|\n|t:|1783560810\n|switch|p2a: Piloswine|Piloswine, L85, F|309/309\n|move|p1a: Ceruledge|Swords Dance|p1a: Ceruledge\n|-boost|p1a: Ceruledge|atk|2\n|\n|upkeep\n|turn|6\n|inactive|Time left: 300 sec this turn | 300 sec total\n|\n|t:|1783560811\n|move|p1a: Ceruledge|Poltergeist|p2a: Piloswine\n|-activate|p2a: Piloswine|move: Poltergeist|Eviolite\n|-damage|p2a: Piloswine|135/309\n|move|p2a: Piloswine|Earthquake|p1a: Ceruledge\n|-supereffective|p1a: Ceruledge\n|-damage|p1a: Ceruledge|0 fnt\n|faint|p1a: Ceruledge\n|\n|upkeep\n|\n|t:|1783560812\n|switch|p1a: Iron Jugulis|Iron Jugulis, L77|100/100\n|turn|7\n|inactive|Time left: 300 sec this turn | 300 sec total\n|\n|t:|1783560813\n|move|p1a: Iron Jugulis|Hurricane|p2a: Piloswine\n|-damage|p2a: Piloswine|0 fnt\n|faint|p2a: Piloswine\n|\n|upkeep\n|inactive|Time left: 300 sec this turn | 300 sec total | 5 sec grace\n|\n|t:|1783560814\n|switch|p2a: Slaking|Slaking, L84, F|389/389\n|turn|8\n|inactive|Time left: 300 sec this turn | 300 sec total\n|\n|t:|1783560815\n|move|p2a: Slaking|Giga Impact|p1a: Iron Jugulis\n|-damage|p1a: Iron Jugulis|0 fnt\n|-mustrecharge|p2a: Slaking\n|faint|p1a: Iron Jugulis\n|-end|p1a: Iron Jugulis|Quark Drive|[silent]\n|\n|upkeep\n|\n|t:|1783560816\n|switch|p1a: Luvdisc|Luvdisc, F|100/100\n|turn|9\n|inactive|Time left: 300 sec this turn | 300 sec total\n|\n|t:|1783560817\n|move|p1a: Luvdisc|Substitute|p1a: Luvdisc\n|-start|p1a: Luvdisc|Substitute\n|-damage|p1a: Luvdisc|76/100\n|cant|p2a: Slaking|recharge\n|\n|upkeep\n|turn|10\n|inactive|Time left: 300 sec this turn | 300 sec total\n|\n|t:|1783560818\n|move|p1a: Luvdisc|Endeavor|p2a: Slaking\n|-damage|p2a: Slaking|186/389\n|move|p2a: Slaking|Giga Impact|p1a: Luvdisc\n|-end|p1a: Luvdisc|Substitute\n|-mustrecharge|p2a: Slaking\n|\n|upkeep\n|turn|11\n|inactive|Time left: 300 sec this turn | 300 sec total\n|\n|t:|1783560819\n|move|p1a: Luvdisc|Whirlpool|p2a: Slaking\n|-damage|p2a: Slaking|147/389\n|-activate|p2a: Slaking|move: Whirlpool|[of] p1a: Luvdisc\n|cant|p2a: Slaking|recharge\n|\n|-damage|p2a: Slaking|99/389|[from] move: Whirlpool|[partiallytrapped]\n|upkeep\n|turn|12\n|inactive|Time left: 300 sec this turn | 300 sec total\n|\n|t:|1783560820\n|move|p1a: Luvdisc|Substitute|p1a: Luvdisc\n|-start|p1a: Luvdisc|Substitute\n|-damage|p1a: Luvdisc|51/100\n|move|p2a: Slaking|Giga Impact|p1a: Luvdisc\n|-end|p1a: Luvdisc|Substitute\n|-mustrecharge|p2a: Slaking\n|\n|-damage|p2a: Slaking|51/389|[from] move: Whirlpool|[partiallytrapped]\n|upkeep\n|turn|13\n|inactive|Time left: 300 sec this turn | 300 sec total\n|\n|t:|1783560820\n|move|p1a: Luvdisc|Substitute|p1a: Luvdisc\n|-start|p1a: Luvdisc|Substitute\n|-damage|p1a: Luvdisc|26/100\n|cant|p2a: Slaking|recharge\n|\n|-damage|p2a: Slaking|3/389|[from] move: Whirlpool|[partiallytrapped]\n|upkeep\n|turn|14\n|inactive|Time left: 300 sec this turn | 300 sec total\n|\n|t:|1783560821\n|move|p1a: Luvdisc|Surf|p2a: Slaking\n|-damage|p2a: Slaking|0 fnt\n|faint|p2a: Slaking\n|\n|upkeep\n|inactive|Time left: 300 sec this turn | 300 sec total | 5 sec grace\n|\n|t:|1783560822\n|switch|p2a: Cyclizar|Cyclizar, L84, M|186/255\n|turn|15\n|inactive|Time left: 300 sec this turn | 300 sec total\n|\n|t:|1783560823\n|move|p1a: Luvdisc|Endeavor|p2a: Cyclizar\n|-damage|p2a: Cyclizar|64/255\n|move|p2a: Cyclizar|Knock Off|p1a: Luvdisc\n|-end|p1a: Luvdisc|Substitute\n|\n|upkeep\n|turn|16\n|inactive|Time left: 300 sec this turn | 300 sec total\n|\n|t:|1783560824\n|switch|p1a: Lunala|Lunala, L70, tera:Dark|94/100\n|move|p2a: Cyclizar|Knock Off|p1a: Lunala\n|-resisted|p1a: Lunala\n|-damage|p1a: Lunala|85/100\n|\n|upkeep\n|turn|17\n|inactive|Time left: 300 sec this turn | 300 sec total\n|\n|t:|1783560825\n|switch|p2a: Raikou|Raikou, L81|278/278\n|-ability|p2a: Raikou|Pressure\n|move|p1a: Lunala|Moongeist Beam|p2a: Raikou\n|-damage|p2a: Raikou|188/278\n|\n|-heal|p2a: Raikou|205/278|[from] item: Leftovers\n|upkeep\n|turn|18\n|inactive|Time left: 300 sec this turn | 300 sec total\n|\n|t:|1783560826\n|move|p2a: Raikou|Calm Mind|p2a: Raikou\n|-boost|p2a: Raikou|spa|1\n|-boost|p2a: Raikou|spd|1\n|move|p1a: Lunala|Calm Mind|p1a: Lunala\n|-boost|p1a: Lunala|spa|1\n|-boost|p1a: Lunala|spd|1\n|\n|-heal|p2a: Raikou|222/278|[from] item: Leftovers\n|upkeep\n|turn|19\n|inactive|Time left: 300 sec this turn | 300 sec total\n|\n|t:|1783560827\n|-terastallize|p2a: Raikou|Electric\n|move|p2a: Raikou|Thunderbolt|p1a: Lunala\n|-damage|p1a: Lunala|41/100\n|move|p1a: Lunala|Psyshock|p2a: Raikou\n|-damage|p2a: Raikou|75/278\n|\n|-heal|p2a: Raikou|92/278|[from] item: Leftovers\n|upkeep\n|turn|20\n|inactive|Time left: 300 sec this turn | 300 sec total\n|\n|t:|1783560827\n|move|p2a: Raikou|Thunderbolt|p1a: Lunala\n|-damage|p1a: Lunala|0 fnt\n|faint|p1a: Lunala\n|\n|-heal|p2a: Raikou|109/278|[from] item: Leftovers\n|upkeep\n|\n|t:|1783560828\n|switch|p1a: Roaring Moon|Roaring Moon, L72|100/100\n|-enditem|p1a: Roaring Moon|Booster Energy\n|-activate|p1a: Roaring Moon|ability: Protosynthesis|[fromitem]\n|-start|p1a: Roaring Moon|protosynthesisatk\n|turn|21\n|inactive|Time left: 300 sec this turn | 300 sec total\n|\n|t:|1783560829\n|move|p2a: Raikou|Scald|p1a: Roaring Moon\n|-resisted|p1a: Roaring Moon\n|-damage|p1a: Roaring Moon|83/100\n|move|p1a: Roaring Moon|Dragon Dance|p1a: Roaring Moon\n|-boost|p1a: Roaring Moon|atk|1\n|-boost|p1a: Roaring Moon|spe|1\n|\n|-heal|p2a: Raikou|126/278|[from] item: Leftovers\n|upkeep\n|turn|22\n|inactive|Time left: 300 sec this turn | 300 sec total\n|\n|t:|1783560830\n|move|p1a: Roaring Moon|Outrage|p2a: Raikou\n|-damage|p2a: Raikou|0 fnt\n|faint|p2a: Raikou\n|\n|upkeep\n|inactive|Time left: 300 sec this turn | 300 sec total | 5 sec grace\n|\n|t:|1783560831\n|switch|p2a: Metagross|Metagross, L79|256/256\n|turn|23\n|inactive|Time left: 300 sec this turn | 300 sec total\n|\n|t:|1783560831\n|move|p1a: Roaring Moon|Outrage|p2a: Metagross|[from] lockedmove\n|-resisted|p2a: Metagross\n|-damage|p2a: Metagross|163/256\n|-start|p1a: Roaring Moon|confusion|[fatigue]\n|move|p2a: Metagross|Earthquake|p1a: Roaring Moon\n|-damage|p1a: Roaring Moon|42/100\n|\n|upkeep\n|turn|24\n|inactive|Time left: 300 sec this turn | 300 sec total\n|\n|t:|1783560832\n|-activate|p1a: Roaring Moon|confusion\n|move|p1a: Roaring Moon|Knock Off|p2a: Metagross\n|-supereffective|p2a: Metagross\n|-damage|p2a: Metagross|0 fnt\n|-enditem|p2a: Metagross|Weakness Policy|[from] move: Knock Off|[of] p1a: Roaring Moon\n|faint|p2a: Metagross\n|\n|upkeep\n|inactive|Time left: 300 sec this turn | 300 sec total | 5 sec grace\n|\n|t:|1783560833\n|switch|p2a: Cyclizar|Cyclizar, L84, M|149/255\n|turn|25\n|inactive|Time left: 300 sec this turn | 300 sec total\n|\n|t:|1783560834\n|-activate|p1a: Roaring Moon|confusion\n|move|p1a: Roaring Moon|Outrage|p2a: Cyclizar\n|-supereffective|p2a: Cyclizar\n|-damage|p2a: Cyclizar|0 fnt\n|faint|p2a: Cyclizar\n|\n|upkeep\n|inactive|Time left: 300 sec this turn | 300 sec total | 5 sec grace\n|\n|t:|1783560835\n|switch|p2a: Illumise|Illumise, L91, F|266/266\n|turn|26\n|inactive|Time left: 300 sec this turn | 300 sec total\n|\n|t:|1783560836\n|-activate|p1a: Roaring Moon|confusion\n|move|p1a: Roaring Moon|Outrage|p2a: Illumise|[from] lockedmove\n|-damage|p2a: Illumise|19/266\n|move|p2a: Illumise|Bug Buzz|p1a: Roaring Moon\n|-supereffective|p1a: Roaring Moon\n|-damage|p1a: Roaring Moon|0 fnt\n|faint|p1a: Roaring Moon\n|-end|p1a: Roaring Moon|Protosynthesis|[silent]\n|\n|upkeep\n|\n|t:|1783560836\n|switch|p1a: Oricorio|Oricorio-Pom-Pom, L82, F|100/100\n|turn|27\n|inactive|Time left: 300 sec this turn | 300 sec total\n|\n|t:|1783560837\n|move|p2a: Illumise|Roost|p2a: Illumise\n|-heal|p2a: Illumise|152/266\n|-singleturn|p2a: Illumise|move: Roost\n|move|p1a: Oricorio|Hurricane|p2a: Illumise\n|-supereffective|p2a: Illumise\n|-damage|p2a: Illumise|0 fnt\n|faint|p2a: Illumise\n|\n|win|p0x18604463", "uploadtime": 1783560837, "views": 0, "rating": 0, "private": 0, "password": null, "_winner": "p0x18604463", "_our_name": "p0y18603c13"}