{"id": "battle-gen9randombattle-2876", "formatid": "gen9randombattle", "format": "[Gen 9] Random Battle", "players": ["p0x2876afcf", "p0y28765b4e"], "log": "|init|battle\n|title|p0x2876afcf vs. p0y28765b4e\n|j|\u2606p0x2876afcf\n|j|\u2606p0y28765b4e\n|t:|1783573127\n|gametype|singles\n|player|p1|p0x2876afcf|265|\n|player|p2|p0y28765b4e|102|\n|gen|9\n|tier|[Gen 9] Random Battle\n|rule|Species Clause: Limit one of each Pok\u00e9mon\n|rule|HP Percentage Mod: HP is shown in percentages\n|rule|Sleep Clause Mod: Limit one foe put to sleep\n|rule|Illusion Level Mod: Illusion disguises the Pok\u00e9mon's true level\n|\n|t:|1783573127\n|teamsize|p1|6\n|teamsize|p2|6\n|start\n|switch|p1a: Slowbro|Slowbro-Galar, L87, F|307/307\n|switch|p2a: Kyurem|Kyurem-White, L73|100/100\n|-ability|p2a: Kyurem|Turboblaze\n|turn|1\n|inactive|Battle timer is ON: inactive players will automatically lose when time's up. (requested by p0y28765b4e)\n|inactive|Time left: 300 sec this turn | 300 sec total | 60 sec grace\n|inactive|p0x2876afcf also wants the timer to be on.\n|\n|t:|1783573129\n|move|p2a: Kyurem|Freeze-Dry|p1a: Slowbro\n|-damage|p1a: Slowbro|147/307\n|move|p1a: Slowbro|Psychic|p2a: Kyurem\n|-damage|p2a: Kyurem|55/100\n|-damage|p1a: Slowbro|117/307|[from] item: Life Orb\n|\n|upkeep\n|turn|2\n|inactive|Time left: 300 sec this turn | 300 sec total\n|\n|t:|1783573129\n|switch|p1a: Ho-Oh|Ho-Oh, L71|268/268\n|move|p2a: Kyurem|Freeze-Dry|p1a: Ho-Oh\n|-damage|p1a: Ho-Oh|159/268\n|-status|p1a: Ho-Oh|frz\n|\n|upkeep\n|turn|3\n|inactive|Time left: 300 sec this turn | 300 sec total\n|\n|t:|1783573130\n|move|p2a: Kyurem|Freeze-Dry|p1a: Ho-Oh\n|-damage|p1a: Ho-Oh|51/268 frz\n|-curestatus|p1a: Ho-Oh|frz|[from] move: Sacred Fire\n|move|p1a: Ho-Oh|Sacred Fire|p2a: Kyurem\n|-damage|p2a: Kyurem|18/100\n|\n|upkeep\n|turn|4\n|inactive|Time left: 300 sec this turn | 300 sec total\n|\n|t:|1783573131\n|switch|p1a: Hariyama|Hariyama, L87, F|392/392\n|move|p2a: Kyurem|Freeze-Dry|p1a: Hariyama\n|-damage|p1a: Hariyama|278/392\n|-status|p1a: Hariyama|frz\n|\n|upkeep\n|turn|5\n|inactive|Time left: 300 sec this turn | 300 sec total\n|\n|t:|1783573133\n|move|p2a: Kyurem|Freeze-Dry|p1a: Hariyama\n|-damage|p1a: Hariyama|160/392 frz\n|cant|p1a: Hariyama|frz\n|\n|upkeep\n|turn|6\n|inactive|Time left: 300 sec this turn | 300 sec total\n|\n|t:|1783573134\n|move|p2a: Kyurem|Freeze-Dry|p1a: Hariyama\n|-damage|p1a: Hariyama|39/392 frz\n|cant|p1a: Hariyama|frz\n|\n|upkeep\n|turn|7\n|inactive|Time left: 300 sec this turn | 300 sec total\n|\n|t:|1783573135\n|move|p2a: Kyurem|Freeze-Dry|p1a: Hariyama\n|-damage|p1a: Hariyama|0 fnt\n|faint|p1a: Hariyama\n|\n|upkeep\n|inactive|Time left: 300 sec this turn | 300 sec total | 5 sec grace\n|\n|t:|1783573136\n|switch|p1a: Dodrio|Dodrio, L85, M|241/241\n|turn|8\n|inactive|Time left: 300 sec this turn | 300 sec total\n|\n|t:|1783573137\n|switch|p2a: Cetitan|Cetitan, L82, M|100/100\n|move|p1a: Dodrio|Knock Off|p2a: Cetitan\n|-damage|p2a: Cetitan|67/100\n|-enditem|p2a: Cetitan|Life Orb|[from] move: Knock Off|[of] p1a: Dodrio\n|\n|upkeep\n|turn|9\n|inactive|Time left: 300 sec this turn | 300 sec total\n|\n|t:|1783573138\n|switch|p1a: Poliwrath|Poliwrath, L88, M|302/302\n|move|p2a: Cetitan|Icicle Crash|p1a: Poliwrath\n|-resisted|p1a: Poliwrath\n|-damage|p1a: Poliwrath|242/302\n|\n|upkeep\n|turn|10\n|inactive|Time left: 300 sec this turn | 300 sec total\n|\n|t:|1783573139\n|switch|p2a: Dipplin|Dipplin, L88, F|100/100\n|move|p1a: Poliwrath|Close Combat|p2a: Dipplin\n|-damage|p2a: Dipplin|67/100\n|-unboost|p1a: Poliwrath|def|1\n|-unboost|p1a: Poliwrath|spd|1\n|-damage|p1a: Poliwrath|212/302|[from] item: Life Orb\n|\n|upkeep\n|turn|11\n|inactive|Time left: 300 sec this turn | 300 sec total\n|\n|t:|1783573140\n|switch|p1a: Ho-Oh|Ho-Oh, L71|140/268\n|move|p2a: Dipplin|Dragon Pulse|p1a: Ho-Oh\n|-damage|p1a: Ho-Oh|67/268\n|\n|upkeep\n|turn|12\n|inactive|Time left: 300 sec this turn | 300 sec total\n|\n|t:|1783573141\n|move|p1a: Ho-Oh|Recover|p1a: Ho-Oh\n|-heal|p1a: Ho-Oh|201/268\n|move|p2a: Dipplin|Dragon Pulse|p1a: Ho-Oh\n|-damage|p1a: Ho-Oh|123/268\n|\n|upkeep\n|turn|13\n|inactive|Time left: 300 sec this turn | 300 sec total\n|\n|t:|1783573142\n|move|p1a: Ho-Oh|Recover|p1a: Ho-Oh\n|-heal|p1a: Ho-Oh|257/268\n|move|p2a: Dipplin|Recover|p2a: Dipplin\n|-heal|p2a: Dipplin|100/100\n|\n|upkeep\n|turn|14\n|inactive|Time left: 300 sec this turn | 300 sec total\n|\n|t:|1783573143\n|move|p1a: Ho-Oh|Sacred Fire|p2a: Dipplin\n|-damage|p2a: Dipplin|80/100\n|-status|p2a: Dipplin|brn\n|move|p2a: Dipplin|Dragon Pulse|p1a: Ho-Oh\n|-damage|p1a: Ho-Oh|179/268\n|\n|-damage|p2a: Dipplin|74/100 brn|[from] brn\n|upkeep\n|turn|15\n|inactive|Time left: 300 sec this turn | 300 sec total\n|\n|t:|1783573143\n|move|p1a: Ho-Oh|Recover|p1a: Ho-Oh\n|-heal|p1a: Ho-Oh|268/268\n|move|p2a: Dipplin|Recover|p2a: Dipplin\n|-heal|p2a: Dipplin|100/100 brn\n|\n|-damage|p2a: Dipplin|95/100 brn|[from] brn\n|upkeep\n|turn|16\n|inactive|Time left: 300 sec this turn | 300 sec total\n|\n|t:|1783573144\n|move|p1a: Ho-Oh|Brave Bird|p2a: Dipplin\n|-supereffective|p2a: Dipplin\n|-damage|p2a: Dipplin|52/100 brn\n|-damage|p1a: Ho-Oh|228/268|[from] Recoil\n|move|p2a: Dipplin|Dragon Pulse|p1a: Ho-Oh\n|-damage|p1a: Ho-Oh|155/268\n|\n|-damage|p2a: Dipplin|46/100 brn|[from] brn\n|upkeep\n|turn|17\n|inactive|Time left: 300 sec this turn | 300 sec total\n|\n|t:|1783573145\n|move|p1a: Ho-Oh|Brave Bird|p2a: Dipplin\n|-supereffective|p2a: Dipplin\n|-damage|p2a: Dipplin|2/100 brn\n|-damage|p1a: Ho-Oh|113/268|[from] Recoil\n|move|p2a: Dipplin|Recover|p2a: Dipplin\n|-heal|p2a: Dipplin|52/100 brn\n|\n|-damage|p2a: Dipplin|46/100 brn|[from] brn\n|upkeep\n|turn|18\n|inactive|Time left: 300 sec this turn | 300 sec total\n|\n|t:|1783573147\n|move|p1a: Ho-Oh|Recover|p1a: Ho-Oh\n|-heal|p1a: Ho-Oh|247/268\n|move|p2a: Dipplin|Recover|p2a: Dipplin\n|-heal|p2a: Dipplin|96/100 brn\n|\n|-damage|p2a: Dipplin|90/100 brn|[from] brn\n|upkeep\n|turn|19\n|inactive|Time left: 300 sec this turn | 300 sec total\n|\n|t:|1783573147\n|move|p1a: Ho-Oh|Sacred Fire|p2a: Dipplin\n|-damage|p2a: Dipplin|71/100 brn\n|move|p2a: Dipplin|Recover|p2a: Dipplin\n|-heal|p2a: Dipplin|100/100 brn\n|\n|-damage|p2a: Dipplin|95/100 brn|[from] brn\n|upkeep\n|turn|20\n|inactive|Time left: 300 sec this turn | 300 sec total\n|\n|t:|1783573148\n|move|p1a: Ho-Oh|Sacred Fire|p2a: Dipplin\n|-damage|p2a: Dipplin|74/100 brn\n|move|p2a: Dipplin|Dragon Pulse|p1a: Ho-Oh\n|-damage|p1a: Ho-Oh|172/268\n|\n|-damage|p2a: Dipplin|68/100 brn|[from] brn\n|upkeep\n|turn|21\n|inactive|Time left: 300 sec this turn | 300 sec total\n|\n|t:|1783573149\n|move|p1a: Ho-Oh|Sacred Fire|p2a: Dipplin\n|-damage|p2a: Dipplin|49/100 brn\n|move|p2a: Dipplin|Recover|p2a: Dipplin\n|-heal|p2a: Dipplin|99/100 brn\n|\n|-damage|p2a: Dipplin|93/100 brn|[from] brn\n|upkeep\n|turn|22\n|inactive|Time left: 300 sec this turn | 300 sec total\n|\n|t:|1783573151\n|move|p1a: Ho-Oh|Sacred Fire|p2a: Dipplin\n|-damage|p2a: Dipplin|76/100 brn\n|move|p2a: Dipplin|Dragon Pulse|p1a: Ho-Oh\n|-damage|p1a: Ho-Oh|102/268\n|\n|-damage|p2a: Dipplin|70/100 brn|[from] brn\n|upkeep\n|turn|23\n|inactive|Time left: 300 sec this turn | 300 sec total\n|\n|t:|1783573152\n|move|p1a: Ho-Oh|Recover|p1a: Ho-Oh\n|-heal|p1a: Ho-Oh|236/268\n|move|p2a: Dipplin|Dragon Pulse|p1a: Ho-Oh\n|-damage|p1a: Ho-Oh|167/268\n|\n|-damage|p2a: Dipplin|64/100 brn|[from] brn\n|upkeep\n|turn|24\n|inactive|Time left: 300 sec this turn | 300 sec total\n|\n|t:|1783573153\n|move|p1a: Ho-Oh|Recover|p1a: Ho-Oh\n|-heal|p1a: Ho-Oh|268/268\n|move|p2a: Dipplin|Recover|p2a: Dipplin\n|-heal|p2a: Dipplin|100/100 brn\n|\n|-damage|p2a: Dipplin|95/100 brn|[from] brn\n|upkeep\n|turn|25\n|inactive|Time left: 300 sec this turn | 300 sec total\n|\n|t:|1783573154\n|move|p1a: Ho-Oh|Brave Bird|p2a: Dipplin\n|-supereffective|p2a: Dipplin\n|-crit|p2a: Dipplin\n|-damage|p2a: Dipplin|30/100 brn\n|-damage|p1a: Ho-Oh|208/268|[from] Recoil\n|move|p2a: Dipplin|Recover|p2a: Dipplin\n|-heal|p2a: Dipplin|80/100 brn\n|\n|-damage|p2a: Dipplin|74/100 brn|[from] brn\n|upkeep\n|turn|26\n|inactive|Time left: 300 sec this turn | 300 sec total\n|\n|t:|1783573155\n|move|p1a: Ho-Oh|Brave Bird|p2a: Dipplin\n|-supereffective|p2a: Dipplin\n|-damage|p2a: Dipplin|31/100 brn\n|-damage|p1a: Ho-Oh|168/268|[from] Recoil\n|move|p2a: Dipplin|Dragon Pulse|p1a: Ho-Oh\n|-crit|p1a: Ho-Oh\n|-damage|p1a: Ho-Oh|59/268\n|\n|-damage|p2a: Dipplin|25/100 brn|[from] brn\n|upkeep\n|turn|27\n|inactive|Time left: 300 sec this turn | 300 sec total\n|\n|t:|1783573156\n|move|p1a: Ho-Oh|Recover|p1a: Ho-Oh\n|-heal|p1a: Ho-Oh|193/268\n|move|p2a: Dipplin|Dragon Pulse|p1a: Ho-Oh\n|-damage|p1a: Ho-Oh|117/268\n|\n|-damage|p2a: Dipplin|20/100 brn|[from] brn\n|upkeep\n|turn|28\n|inactive|Time left: 300 sec this turn | 300 sec total\n|\n|t:|1783573157\n|move|p1a: Ho-Oh|Recover|p1a: Ho-Oh\n|-heal|p1a: Ho-Oh|251/268\n|move|p2a: Dipplin|Giga Drain|p1a: Ho-Oh\n|-resisted|p1a: Ho-Oh\n|-damage|p1a: Ho-Oh|236/268\n|-heal|p2a: Dipplin|22/100 brn|[from] drain|[of] p1a: Ho-Oh\n|\n|-damage|p2a: Dipplin|16/100 brn|[from] brn\n|upkeep\n|turn|29\n|inactive|Time left: 300 sec this turn | 300 sec total\n|\n|t:|1783573158\n|move|p1a: Ho-Oh|Sacred Fire|p2a: Dipplin\n|-damage|p2a: Dipplin|0 fnt\n|faint|p2a: Dipplin\n|\n|upkeep\n|\n|t:|1783573159\n|switch|p2a: Kyurem|Kyurem-White, L73|18/100\n|-ability|p2a: Kyurem|Turboblaze\n|turn|30\n|inactive|Time left: 300 sec this turn | 300 sec total\n|\n|t:|1783573160\n|-terastallize|p2a: Kyurem|Dragon\n|move|p2a: Kyurem|Draco Meteor|p1a: Ho-Oh\n|-damage|p1a: Ho-Oh|0 fnt\n|-unboost|p2a: Kyurem|spa|2\n|faint|p1a: Ho-Oh\n|\n|upkeep\n|inactive|Time left: 300 sec this turn | 300 sec total | 5 sec grace\n|\n|t:|1783573161\n|switch|p1a: Dodrio|Dodrio, L85, M|241/241\n|turn|31\n|inactive|Time left: 300 sec this turn | 300 sec total\n|\n|t:|1783573162\n|move|p1a: Dodrio|Brave Bird|p2a: Kyurem\n|-damage|p2a: Kyurem|0 fnt\n|faint|p2a: Kyurem\n|-damage|p1a: Dodrio|223/241|[from] Recoil\n|\n|upkeep\n|\n|t:|1783573163\n|switch|p2a: Talonflame|Talonflame, L83, M|100/100\n|turn|32\n|inactive|Time left: 300 sec this turn | 300 sec total\n|\n|t:|1783573164\n|move|p2a: Talonflame|Will-O-Wisp|p1a: Dodrio\n|-status|p1a: Dodrio|brn\n|move|p1a: Dodrio|Brave Bird|p2a: Talonflame\n|-damage|p2a: Talonflame|50/100\n|-damage|p1a: Dodrio|178/241 brn|[from] Recoil\n|\n|-damage|p1a: Dodrio|163/241 brn|[from] brn\n|upkeep\n|turn|33\n|inactive|Time left: 300 sec this turn | 300 sec total\n|\n|t:|1783573165\n|move|p2a: Talonflame|Roost|p2a: Talonflame\n|-heal|p2a: Talonflame|99/100\n|-singleturn|p2a: Talonflame|move: Roost\n|move|p1a: Dodrio|Brave Bird|p2a: Talonflame\n|-damage|p2a: Talonflame|53/100\n|-damage|p1a: Dodrio|122/241 brn|[from] Recoil\n|\n|-damage|p1a: Dodrio|107/241 brn|[from] brn\n|upkeep\n|turn|34\n|inactive|Time left: 300 sec this turn | 300 sec total\n|\n|t:|1783573166\n|move|p2a: Talonflame|Brave Bird|p1a: Dodrio\n|-damage|p1a: Dodrio|0 fnt\n|faint|p1a: Dodrio\n|-damage|p2a: Talonflame|40/100|[from] Recoil\n|\n|upkeep\n|inactive|Time left: 300 sec this turn | 300 sec total | 5 sec grace\n|\n|t:|1783573167\n|switch|p1a: Porygon-Z|Porygon-Z, L83|277/277\n|-ability|p1a: Porygon-Z|Download|boost\n|-boost|p1a: Porygon-Z|spa|1\n|turn|35\n|inactive|Time left: 300 sec this turn | 300 sec total\n|\n|t:|1783573168\n|move|p1a: Porygon-Z|Tri Attack|p2a: Talonflame\n|-damage|p2a: Talonflame|0 fnt\n|faint|p2a: Talonflame\n|\n|upkeep\n|\n|t:|1783573169\n|switch|p2a: Forretress|Forretress, L84, F|100/100\n|turn|36\n|inactive|Time left: 300 sec this turn | 300 sec total\n|\n|t:|1783573169\n|move|p1a: Porygon-Z|Tri Attack|p2a: Forretress\n|-resisted|p2a: Forretress\n|-damage|p2a: Forretress|57/100\n|move|p2a: Forretress|Body Press|p1a: Porygon-Z\n|-supereffective|p1a: Porygon-Z\n|-damage|p1a: Porygon-Z|109/277\n|\n|-heal|p2a: Forretress|63/100|[from] item: Leftovers\n|upkeep\n|turn|37\n|inactive|Time left: 300 sec this turn | 300 sec total\n|\n|t:|1783573171\n|move|p1a: Porygon-Z|Tri Attack|p2a: Forretress\n|-resisted|p2a: Forretress\n|-damage|p2a: Forretress|21/100\n|move|p2a: Forretress|Body Press|p1a: Porygon-Z\n|-supereffective|p1a: Porygon-Z\n|-damage|p1a: Porygon-Z|0 fnt\n|faint|p1a: Porygon-Z\n|\n|-heal|p2a: Forretress|27/100|[from] item: Leftovers\n|upkeep\n|inactive|Time left: 300 sec this turn | 300 sec total | 5 sec grace\n|\n|t:|1783573171\n|switch|p1a: Poliwrath|Poliwrath, L88, M|212/302\n|turn|38\n|inactive|Time left: 300 sec this turn | 300 sec total\n|\n|t:|1783573172\n|switch|p2a: Serperior|Serperior, L79, M|100/100\n|move|p1a: Poliwrath|Liquidation|p2a: Serperior\n|-resisted|p2a: Serperior\n|-damage|p2a: Serperior|76/100\n|-damage|p1a: Poliwrath|182/302|[from] item: Life Orb\n|\n|-heal|p2a: Serperior|82/100|[from] item: Leftovers\n|upkeep\n|turn|39\n|inactive|Time left: 300 sec this turn | 300 sec total\n|\n|t:|1783573173\n|-terastallize|p1a: Poliwrath|Dark\n|move|p2a: Serperior|Leaf Storm|p1a: Poliwrath\n|-damage|p1a: Poliwrath|86/302\n|-boost|p2a: Serperior|spa|2\n|move|p1a: Poliwrath|Knock Off|p2a: Serperior\n|-damage|p2a: Serperior|25/100\n|-enditem|p2a: Serperior|Leftovers|[from] move: Knock Off|[of] p1a: Poliwrath\n|-damage|p1a: Poliwrath|56/302|[from] item: Life Orb\n|\n|upkeep\n|turn|40\n|inactive|Time left: 300 sec this turn | 300 sec total\n|\n|t:|1783573174\n|move|p2a: Serperior|Tera Blast|p1a: Poliwrath\n|-damage|p1a: Poliwrath|0 fnt\n|faint|p1a: Poliwrath\n|\n|upkeep\n|inactive|Time left: 300 sec this turn | 300 sec total | 5 sec grace\n|\n|t:|1783573175\n|switch|p1a: Slowbro|Slowbro-Galar, L87, F|219/307\n|turn|41\n|inactive|Time left: 300 sec this turn | 300 sec total\n|\n|t:|1783573176\n|move|p2a: Serperior|Leaf Storm|p1a: Slowbro\n|-resisted|p1a: Slowbro\n|-damage|p1a: Slowbro|103/307\n|-boost|p2a: Serperior|spa|2\n|move|p1a: Slowbro|Trick Room|p1a: Slowbro\n|-fieldstart|move: Trick Room|[of] p1a: Slowbro\n|\n|upkeep\n|turn|42\n|inactive|Time left: 300 sec this turn | 300 sec total\n|\n|t:|1783573176\n|move|p1a: Slowbro|Shell Side Arm|p2a: Serperior|[anim] Shell Side Arm Physical\n|-supereffective|p2a: Serperior\n|-damage|p2a: Serperior|0 fnt\n|-hint|Physical Shell Side Arm\n|faint|p2a: Serperior\n|-damage|p1a: Slowbro|73/307|[from] item: Life Orb\n|\n|upkeep\n|\n|t:|1783573177\n|switch|p2a: Forretress|Forretress, L84, F|27/100\n|turn|43\n|inactive|Time left: 300 sec this turn | 300 sec total\n|\n|t:|1783573178\n|move|p1a: Slowbro|Shell Side Arm|p2a: Forretress|[anim] Shell Side Arm Special\n|-immune|p2a: Forretress\n|move|p2a: Forretress|Rapid Spin|p1a: Slowbro\n|-damage|p1a: Slowbro|44/307\n|-boost|p2a: Forretress|spe|1\n|\n|-heal|p2a: Forretress|34/100|[from] item: Leftovers\n|upkeep\n|turn|44\n|inactive|Time left: 300 sec this turn | 300 sec total\n|\n|t:|1783573179\n|move|p2a: Forretress|Rapid Spin|p1a: Slowbro\n|-damage|p1a: Slowbro|15/307\n|-boost|p2a: Forretress|spe|1\n|move|p1a: Slowbro|Trick Room|p1a: Slowbro\n|-fieldend|move: Trick Room\n|\n|-heal|p2a: Forretress|40/100|[from] item: Leftovers\n|upkeep\n|turn|45\n|inactive|Time left: 300 sec this turn | 300 sec total\n|\n|t:|1783573180\n|move|p2a: Forretress|Spikes|p1a: Slowbro\n|-sidestart|p1: p0x2876afcf|Spikes\n|move|p1a: Slowbro|Psychic|p2a: Forretress\n|-resisted|p2a: Forretress\n|-damage|p2a: Forretress|8/100\n|-damage|p1a: Slowbro|0 fnt|[from] item: Life Orb\n|faint|p1a: Slowbro\n|\n|win|p0y28765b4e", "uploadtime": 1783573180, "views": 0, "rating": 0, "private": 0, "password": null, "_winner": "p0y28765b4e", "_our_name": "p0x2876afcf"}