{"id": "battle-gen9randombattle-1673", "formatid": "gen9randombattle", "format": "[Gen 9] Random Battle", "players": ["p0x16739f5a", "p0y16738361"], "log": "|init|battle\n|title|p0x16739f5a vs. p0y16738361\n|j|\u2606p0x16739f5a\n|j|\u2606p0y16738361\n|t:|1783558630\n|gametype|singles\n|player|p1|p0x16739f5a|1|\n|player|p2|p0y16738361|101|\n|gen|9\n|tier|[Gen 9] Random Battle\n|rule|Species Clause: Limit one of each Pok\u00e9mon\n|rule|HP Percentage Mod: HP is shown in percentages\n|rule|Sleep Clause Mod: Limit one foe put to sleep\n|rule|Illusion Level Mod: Illusion disguises the Pok\u00e9mon's true level\n|\n|t:|1783558630\n|teamsize|p1|6\n|teamsize|p2|6\n|start\n|switch|p1a: Bellibolt|Bellibolt, L84, F|320/320\n|switch|p2a: Vespiquen|Vespiquen, L99, F|100/100\n|-ability|p2a: Vespiquen|Pressure\n|turn|1\n|inactive|Battle timer is ON: inactive players will automatically lose when time's up. (requested by p0x16739f5a)\n|inactive|p0y16738361 also wants the timer to be on.\n|\n|t:|1783558631\n|move|p2a: Vespiquen|U-turn|p1a: Bellibolt\n|-damage|p1a: Bellibolt|238/320\n|-start|p1a: Bellibolt|Charge|U-turn|[from] ability: Electromorphosis\n|\n|t:|1783558632\n|switch|p2a: Leavanny|Leavanny, L86, F|100/100|[from] U-turn\n|move|p1a: Bellibolt|Thunderbolt|p2a: Leavanny\n|-resisted|p2a: Leavanny\n|-damage|p2a: Leavanny|64/100\n|-status|p2a: Leavanny|par\n|-end|p1a: Bellibolt|Charge|[silent]\n|\n|-heal|p1a: Bellibolt|258/320|[from] item: Leftovers\n|upkeep\n|turn|2\n|inactive|Time left: 300 sec this turn | 300 sec total\n|\n|t:|1783558633\n|move|p1a: Bellibolt|Thunderbolt|p2a: Leavanny\n|-resisted|p2a: Leavanny\n|-damage|p2a: Leavanny|44/100 par\n|move|p2a: Leavanny|Sticky Web|p1a: Bellibolt\n|-sidestart|p1: p0x16739f5a|move: Sticky Web\n|\n|-heal|p1a: Bellibolt|278/320|[from] item: Leftovers\n|upkeep\n|turn|3\n|inactive|Time left: 300 sec this turn | 300 sec total\n|\n|t:|1783558634\n|move|p1a: Bellibolt|Thunderbolt|p2a: Leavanny\n|-resisted|p2a: Leavanny\n|-damage|p2a: Leavanny|23/100 par\n|move|p2a: Leavanny|Lunge|p1a: Bellibolt\n|-damage|p1a: Bellibolt|136/320\n|-unboost|p1a: Bellibolt|atk|1\n|-start|p1a: Bellibolt|Charge|Lunge|[from] ability: Electromorphosis\n|\n|-heal|p1a: Bellibolt|156/320|[from] item: Leftovers\n|upkeep\n|turn|4\n|inactive|Time left: 300 sec this turn | 300 sec total\n|\n|t:|1783558635\n|move|p1a: Bellibolt|Thunderbolt|p2a: Leavanny\n|-resisted|p2a: Leavanny\n|-damage|p2a: Leavanny|0 fnt\n|faint|p2a: Leavanny\n|-end|p1a: Bellibolt|Charge|[silent]\n|\n|-heal|p1a: Bellibolt|176/320|[from] item: Leftovers\n|upkeep\n|\n|t:|1783558636\n|switch|p2a: Glimmora|Glimmora, L75, M|100/100\n|turn|5\n|inactive|Time left: 300 sec this turn | 300 sec total\n|\n|t:|1783558637\n|move|p2a: Glimmora|Meteor Beam||[still]\n|-prepare|p2a: Glimmora|Meteor Beam\n|-boost|p2a: Glimmora|spa|1\n|-enditem|p2a: Glimmora|Power Herb\n|-anim|p2a: Glimmora|Meteor Beam|p1a: Bellibolt\n|-crit|p1a: Bellibolt\n|-damage|p1a: Bellibolt|0 fnt\n|faint|p1a: Bellibolt\n|\n|upkeep\n|inactive|Time left: 300 sec this turn | 300 sec total | 5 sec grace\n|\n|t:|1783558638\n|switch|p1a: Magmortar|Magmortar, L88, F|275/275\n|turn|6\n|inactive|Time left: 300 sec this turn | 300 sec total\n|\n|t:|1783558639\n|move|p1a: Magmortar|Earthquake|p2a: Glimmora\n|-supereffective|p2a: Glimmora\n|-damage|p2a: Glimmora|0 fnt\n|-activate|p2a: Glimmora|ability: Toxic Debris\n|-sidestart|p1: p0x16739f5a|move: Toxic Spikes\n|faint|p2a: Glimmora\n|\n|upkeep\n|\n|t:|1783558640\n|switch|p2a: Kyogre|Kyogre, L71|100/100\n|-weather|RainDance|[from] ability: Drizzle|[of] p2a: Kyogre\n|turn|7\n|inactive|Time left: 300 sec this turn | 300 sec total\n|\n|t:|1783558641\n|switch|p1a: Wo-Chien|Wo-Chien, L83|277/277\n|-activate|p1a: Wo-Chien|move: Sticky Web\n|-unboost|p1a: Wo-Chien|spe|1\n|-status|p1a: Wo-Chien|psn\n|-ability|p1a: Wo-Chien|Tablets of Ruin\n|move|p2a: Kyogre|Origin Pulse|p1a: Wo-Chien\n|-resisted|p1a: Wo-Chien\n|-damage|p1a: Wo-Chien|208/277 psn\n|\n|-weather|RainDance|[upkeep]\n|-heal|p1a: Wo-Chien|225/277 psn|[from] item: Leftovers\n|-damage|p1a: Wo-Chien|191/277 psn|[from] psn\n|upkeep\n|turn|8\n|inactive|Time left: 300 sec this turn | 300 sec total\n|\n|t:|1783558643\n|move|p2a: Kyogre|Calm Mind|p2a: Kyogre\n|-boost|p2a: Kyogre|spa|1\n|-boost|p2a: Kyogre|spd|1\n|move|p1a: Wo-Chien|Giga Drain|p2a: Kyogre\n|-supereffective|p2a: Kyogre\n|-damage|p2a: Kyogre|70/100\n|-heal|p1a: Wo-Chien|231/277 psn|[from] drain|[of] p2a: Kyogre\n|\n|-weather|RainDance|[upkeep]\n|-heal|p2a: Kyogre|76/100|[from] item: Leftovers\n|-heal|p1a: Wo-Chien|248/277 psn|[from] item: Leftovers\n|-damage|p1a: Wo-Chien|214/277 psn|[from] psn\n|upkeep\n|turn|9\n|inactive|Time left: 300 sec this turn | 300 sec total\n|\n|t:|1783558644\n|move|p2a: Kyogre|Ice Beam|p1a: Wo-Chien\n|-supereffective|p1a: Wo-Chien\n|-damage|p1a: Wo-Chien|72/277 psn\n|move|p1a: Wo-Chien|Knock Off|p2a: Kyogre\n|-damage|p2a: Kyogre|35/100\n|-enditem|p2a: Kyogre|Leftovers|[from] move: Knock Off|[of] p1a: Wo-Chien\n|\n|-weather|RainDance|[upkeep]\n|-heal|p1a: Wo-Chien|89/277 psn|[from] item: Leftovers\n|-damage|p1a: Wo-Chien|55/277 psn|[from] psn\n|upkeep\n|turn|10\n|inactive|Time left: 300 sec this turn | 300 sec total\n|\n|t:|1783558645\n|move|p2a: Kyogre|Ice Beam|p1a: Wo-Chien\n|-supereffective|p1a: Wo-Chien\n|-damage|p1a: Wo-Chien|0 fnt\n|faint|p1a: Wo-Chien\n|\n|-weather|RainDance|[upkeep]\n|upkeep\n|inactive|Time left: 300 sec this turn | 300 sec total | 5 sec grace\n|\n|t:|1783558646\n|switch|p1a: Magmortar|Magmortar, L88, F|275/275\n|turn|11\n|inactive|Time left: 300 sec this turn | 300 sec total\n|\n|t:|1783558647\n|move|p1a: Magmortar|Earthquake|p2a: Kyogre\n|-damage|p2a: Kyogre|0 fnt\n|faint|p2a: Kyogre\n|\n|-weather|none\n|upkeep\n|\n|t:|1783558648\n|switch|p2a: Chi-Yu|Chi-Yu, L77|100/100\n|-ability|p2a: Chi-Yu|Beads of Ruin\n|turn|12\n|inactive|Time left: 300 sec this turn | 300 sec total\n|\n|t:|1783558649\n|move|p2a: Chi-Yu|Nasty Plot|p2a: Chi-Yu\n|-boost|p2a: Chi-Yu|spa|2\n|move|p1a: Magmortar|Earthquake|p2a: Chi-Yu\n|-supereffective|p2a: Chi-Yu\n|-damage|p2a: Chi-Yu|12/100\n|\n|upkeep\n|turn|13\n|inactive|Time left: 300 sec this turn | 300 sec total\n|\n|t:|1783558650\n|-terastallize|p2a: Chi-Yu|Dark\n|move|p2a: Chi-Yu|Dark Pulse|p1a: Magmortar\n|-damage|p1a: Magmortar|1/275\n|cant|p1a: Magmortar|flinch\n|\n|upkeep\n|turn|14\n|inactive|Time left: 300 sec this turn | 300 sec total\n|\n|t:|1783558651\n|move|p2a: Chi-Yu|Dark Pulse|p1a: Magmortar\n|-damage|p1a: Magmortar|0 fnt\n|faint|p1a: Magmortar\n|\n|upkeep\n|inactive|Time left: 300 sec this turn | 300 sec total | 5 sec grace\n|\n|t:|1783558652\n|switch|p1a: Ribombee|Ribombee, L83, M|235/235\n|turn|15\n|inactive|Time left: 300 sec this turn | 300 sec total\n|\n|t:|1783558653\n|switch|p2a: Vespiquen|Vespiquen, L99, F|100/100\n|-ability|p2a: Vespiquen|Pressure\n|move|p1a: Ribombee|Bug Buzz|p2a: Vespiquen\n|-resisted|p2a: Vespiquen\n|-damage|p2a: Vespiquen|88/100\n|\n|upkeep\n|turn|16\n|inactive|Time left: 300 sec this turn | 300 sec total\n|\n|t:|1783558654\n|switch|p1a: Kilowattrel|Kilowattrel, L83, F|252/252\n|move|p2a: Vespiquen|Hurricane|p1a: Kilowattrel\n|-resisted|p1a: Kilowattrel\n|-damage|p1a: Kilowattrel|164/252\n|\n|upkeep\n|turn|17\n|inactive|Time left: 300 sec this turn | 300 sec total\n|\n|t:|1783558655\n|move|p1a: Kilowattrel|Hurricane|p2a: Vespiquen\n|-supereffective|p2a: Vespiquen\n|-damage|p2a: Vespiquen|28/100\n|-start|p2a: Vespiquen|confusion\n|-activate|p2a: Vespiquen|confusion\n|move|p2a: Vespiquen|Roost|p2a: Vespiquen\n|-heal|p2a: Vespiquen|78/100\n|-singleturn|p2a: Vespiquen|move: Roost\n|\n|upkeep\n|turn|18\n|inactive|Time left: 300 sec this turn | 300 sec total\n|\n|t:|1783558656\n|switch|p2a: Chi-Yu|Chi-Yu, L77, tera:Dark|12/100\n|-ability|p2a: Chi-Yu|Beads of Ruin\n|move|p1a: Kilowattrel|Hurricane|p2a: Chi-Yu\n|-damage|p2a: Chi-Yu|0 fnt\n|faint|p2a: Chi-Yu\n|\n|upkeep\n|\n|t:|1783558657\n|switch|p2a: Cacturne|Cacturne, L92, F|100/100\n|turn|19\n|inactive|Time left: 300 sec this turn | 300 sec total\n|\n|t:|1783558659\n|switch|p1a: Ribombee|Ribombee, L83, M|235/235\n|move|p2a: Cacturne|Sucker Punch||[still]\n|-fail|p2a: Cacturne\n|\n|upkeep\n|turn|20\n|inactive|Time left: 300 sec this turn | 300 sec total\n|\n|t:|1783558660\n|switch|p2a: Vespiquen|Vespiquen, L99, F|78/100\n|-ability|p2a: Vespiquen|Pressure\n|move|p1a: Ribombee|Quiver Dance|p1a: Ribombee\n|-boost|p1a: Ribombee|spa|1\n|-boost|p1a: Ribombee|spd|1\n|-boost|p1a: Ribombee|spe|1\n|\n|upkeep\n|turn|21\n|inactive|Time left: 300 sec this turn | 300 sec total\n|\n|t:|1783558661\n|move|p1a: Ribombee|Quiver Dance|p1a: Ribombee\n|-boost|p1a: Ribombee|spa|1\n|-boost|p1a: Ribombee|spd|1\n|-boost|p1a: Ribombee|spe|1\n|move|p2a: Vespiquen|Hurricane|p1a: Ribombee\n|-supereffective|p1a: Ribombee\n|-damage|p1a: Ribombee|71/235\n|\n|upkeep\n|turn|22\n|inactive|Time left: 300 sec this turn | 300 sec total\n|\n|t:|1783558662\n|move|p1a: Ribombee|Moonblast|p2a: Vespiquen\n|-damage|p2a: Vespiquen|25/100\n|-unboost|p2a: Vespiquen|spa|1\n|move|p2a: Vespiquen|Hurricane|p1a: Ribombee|[miss]\n|-miss|p2a: Vespiquen|p1a: Ribombee\n|\n|upkeep\n|turn|23\n|inactive|Time left: 300 sec this turn | 300 sec total\n|\n|t:|1783558663\n|move|p1a: Ribombee|Moonblast|p2a: Vespiquen\n|-damage|p2a: Vespiquen|0 fnt\n|faint|p2a: Vespiquen\n|\n|upkeep\n|\n|t:|1783558664\n|switch|p2a: Cacturne|Cacturne, L92, F|100/100\n|turn|24\n|inactive|Time left: 300 sec this turn | 300 sec total\n|\n|t:|1783558665\n|move|p2a: Cacturne|Sucker Punch|p1a: Ribombee\n|-resisted|p1a: Ribombee\n|-damage|p1a: Ribombee|0 fnt\n|faint|p1a: Ribombee\n|-damage|p2a: Cacturne|91/100|[from] item: Life Orb\n|\n|upkeep\n|inactive|Time left: 300 sec this turn | 300 sec total | 5 sec grace\n|\n|t:|1783558666\n|switch|p1a: Samurott|Samurott, L88, F|310/310\n|-activate|p1a: Samurott|move: Sticky Web\n|-unboost|p1a: Samurott|spe|1\n|-status|p1a: Samurott|psn\n|turn|25\n|inactive|Time left: 300 sec this turn | 300 sec total\n|\n|t:|1783558667\n|-terastallize|p1a: Samurott|Dark\n|move|p2a: Cacturne|Seed Bomb|p1a: Samurott\n|-damage|p1a: Samurott|164/310 psn\n|-damage|p2a: Cacturne|81/100|[from] item: Life Orb\n|move|p1a: Samurott|Knock Off|p2a: Cacturne\n|-resisted|p2a: Cacturne\n|-damage|p2a: Cacturne|49/100\n|-enditem|p2a: Cacturne|Life Orb|[from] move: Knock Off|[of] p1a: Samurott\n|-damage|p1a: Samurott|133/310 psn|[from] item: Life Orb\n|\n|-damage|p1a: Samurott|95/310 psn|[from] psn\n|upkeep\n|turn|26\n|inactive|Time left: 300 sec this turn | 300 sec total\n|\n|t:|1783558668\n|move|p2a: Cacturne|Swords Dance|p2a: Cacturne\n|-boost|p2a: Cacturne|atk|2\n|move|p1a: Samurott|Sacred Sword|p2a: Cacturne\n|-supereffective|p2a: Cacturne\n|-damage|p2a: Cacturne|0 fnt\n|faint|p2a: Cacturne\n|-damage|p1a: Samurott|64/310 psn|[from] item: Life Orb\n|\n|win|p0x16739f5a", "uploadtime": 1783558668, "views": 0, "rating": 0, "private": 0, "password": null, "_winner": "p0x16739f5a", "_our_name": "p0x16739f5a"}