{"id": "battle-gen9randombattle-2294", "formatid": "gen9randombattle", "format": "[Gen 9] Random Battle", "players": ["p0x22944443", "p0y22944f8d"], "log": "|init|battle\n|title|p0x22944443 vs. p0y22944f8d\n|j|\u2606p0x22944443\n|j|\u2606p0y22944f8d\n|t:|1783566618\n|gametype|singles\n|player|p1|p0x22944443|169|\n|player|p2|p0y22944f8d|1|\n|gen|9\n|tier|[Gen 9] Random Battle\n|rule|Species Clause: Limit one of each Pok\u00e9mon\n|rule|HP Percentage Mod: HP is shown in percentages\n|rule|Sleep Clause Mod: Limit one foe put to sleep\n|rule|Illusion Level Mod: Illusion disguises the Pok\u00e9mon's true level\n|\n|t:|1783566618\n|teamsize|p1|6\n|teamsize|p2|6\n|start\n|switch|p1a: Scyther|Scyther, L82, M|100/100\n|switch|p2a: Yanmega|Yanmega, L82, M|275/275\n|turn|1\n|inactive|Battle timer is ON: inactive players will automatically lose when time's up. (requested by p0x22944443)\n|inactive|Time left: 300 sec this turn | 300 sec total | 60 sec grace\n|inactive|p0y22944f8d also wants the timer to be on.\n|\n|t:|1783566619\n|switch|p2a: Hippowdon|Hippowdon, L82, F|311/311\n|-weather|Sandstorm|[from] ability: Sand Stream|[of] p2a: Hippowdon\n|move|p1a: Scyther|Dual Wingbeat|p2a: Hippowdon\n|-damage|p2a: Hippowdon|251/311\n|-damage|p1a: Scyther|84/100|[from] item: Rocky Helmet|[of] p2a: Hippowdon\n|-damage|p2a: Hippowdon|194/311\n|-damage|p1a: Scyther|68/100|[from] item: Rocky Helmet|[of] p2a: Hippowdon\n|-hitcount|p2a: Hippowdon|2\n|\n|-weather|Sandstorm|[upkeep]\n|-damage|p1a: Scyther|62/100|[from] Sandstorm\n|upkeep\n|turn|2\n|inactive|Time left: 300 sec this turn | 300 sec total\n|\n|t:|1783566620\n|move|p1a: Scyther|Swords Dance|p1a: Scyther\n|-boost|p1a: Scyther|atk|2\n|move|p2a: Hippowdon|Slack Off|p2a: Hippowdon\n|-heal|p2a: Hippowdon|311/311\n|\n|-weather|Sandstorm|[upkeep]\n|-damage|p1a: Scyther|56/100|[from] Sandstorm\n|upkeep\n|turn|3\n|inactive|Time left: 300 sec this turn | 300 sec total\n|\n|t:|1783566621\n|move|p1a: Scyther|Dual Wingbeat|p2a: Hippowdon\n|-damage|p2a: Hippowdon|211/311\n|-damage|p1a: Scyther|39/100|[from] item: Rocky Helmet|[of] p2a: Hippowdon\n|-damage|p2a: Hippowdon|106/311\n|-damage|p1a: Scyther|23/100|[from] item: Rocky Helmet|[of] p2a: Hippowdon\n|-hitcount|p2a: Hippowdon|2\n|move|p2a: Hippowdon|Stone Edge|p1a: Scyther\n|-supereffective|p1a: Scyther\n|-damage|p1a: Scyther|0 fnt\n|faint|p1a: Scyther\n|\n|-weather|Sandstorm|[upkeep]\n|upkeep\n|\n|t:|1783566622\n|switch|p1a: Weavile|Weavile, L79, M|100/100\n|turn|4\n|inactive|Time left: 300 sec this turn | 300 sec total\n|\n|t:|1783566623\n|move|p1a: Weavile|Knock Off|p2a: Hippowdon\n|-damage|p2a: Hippowdon|0 fnt\n|-damage|p1a: Weavile|84/100|[from] item: Rocky Helmet|[of] p2a: Hippowdon\n|-enditem|p2a: Hippowdon|Rocky Helmet|[from] move: Knock Off|[of] p1a: Weavile\n|faint|p2a: Hippowdon\n|\n|-weather|Sandstorm|[upkeep]\n|-damage|p1a: Weavile|78/100|[from] Sandstorm\n|upkeep\n|inactive|Time left: 300 sec this turn | 300 sec total | 5 sec grace\n|\n|t:|1783566624\n|switch|p2a: Iron Bundle|Iron Bundle, L78|215/215\n|turn|5\n|inactive|Time left: 300 sec this turn | 300 sec total\n|\n|t:|1783566625\n|move|p2a: Iron Bundle|Hydro Pump|p1a: Weavile|[miss]\n|-miss|p2a: Iron Bundle|p1a: Weavile\n|move|p1a: Weavile|Knock Off|p2a: Iron Bundle\n|-damage|p2a: Iron Bundle|67/215\n|-enditem|p2a: Iron Bundle|Choice Specs|[from] move: Knock Off|[of] p1a: Weavile\n|\n|-weather|none\n|upkeep\n|turn|6\n|inactive|Time left: 300 sec this turn | 300 sec total\n|\n|t:|1783566627\n|move|p2a: Iron Bundle|Hydro Pump|p1a: Weavile\n|-damage|p1a: Weavile|18/100\n|move|p1a: Weavile|Knock Off|p2a: Iron Bundle\n|-damage|p2a: Iron Bundle|0 fnt\n|faint|p2a: Iron Bundle\n|-end|p2a: Iron Bundle|Quark Drive|[silent]\n|\n|upkeep\n|inactive|Time left: 300 sec this turn | 300 sec total | 5 sec grace\n|\n|t:|1783566628\n|switch|p2a: Pecharunt|Pecharunt, L77|262/262\n|turn|7\n|inactive|Time left: 300 sec this turn | 300 sec total\n|\n|t:|1783566629\n|-terastallize|p2a: Pecharunt|Dark\n|move|p1a: Weavile|Knock Off|p2a: Pecharunt\n|-resisted|p2a: Pecharunt\n|-damage|p2a: Pecharunt|210/262\n|-enditem|p2a: Pecharunt|Leftovers|[from] move: Knock Off|[of] p1a: Weavile\n|move|p2a: Pecharunt|Nasty Plot|p2a: Pecharunt\n|-boost|p2a: Pecharunt|spa|2\n|\n|upkeep\n|turn|8\n|inactive|Time left: 300 sec this turn | 300 sec total\n|\n|t:|1783566630\n|switch|p1a: Iron Hands|Iron Hands, L79|100/100\n|move|p2a: Pecharunt|Shadow Ball|p1a: Iron Hands\n|-damage|p1a: Iron Hands|72/100\n|\n|upkeep\n|turn|9\n|inactive|Time left: 300 sec this turn | 300 sec total\n|\n|t:|1783566631\n|move|p2a: Pecharunt|Malignant Chain|p1a: Iron Hands\n|-damage|p1a: Iron Hands|35/100\n|move|p1a: Iron Hands|Drain Punch|p2a: Pecharunt\n|-supereffective|p2a: Pecharunt\n|-damage|p2a: Pecharunt|82/262\n|-heal|p1a: Iron Hands|52/100|[from] drain|[of] p2a: Pecharunt\n|\n|upkeep\n|turn|10\n|inactive|Time left: 300 sec this turn | 300 sec total\n|\n|t:|1783566632\n|move|p2a: Pecharunt|Recover|p2a: Pecharunt\n|-heal|p2a: Pecharunt|213/262\n|move|p1a: Iron Hands|Drain Punch|p2a: Pecharunt\n|-supereffective|p2a: Pecharunt\n|-damage|p2a: Pecharunt|81/262\n|-heal|p1a: Iron Hands|69/100|[from] drain|[of] p2a: Pecharunt\n|\n|upkeep\n|turn|11\n|inactive|Time left: 300 sec this turn | 300 sec total\n|\n|t:|1783566633\n|move|p2a: Pecharunt|Recover|p2a: Pecharunt\n|-heal|p2a: Pecharunt|212/262\n|move|p1a: Iron Hands|Drain Punch|p2a: Pecharunt\n|-supereffective|p2a: Pecharunt\n|-damage|p2a: Pecharunt|80/262\n|-heal|p1a: Iron Hands|87/100|[from] drain|[of] p2a: Pecharunt\n|\n|upkeep\n|turn|12\n|inactive|Time left: 300 sec this turn | 300 sec total\n|\n|t:|1783566633\n|move|p2a: Pecharunt|Recover|p2a: Pecharunt\n|-heal|p2a: Pecharunt|211/262\n|move|p1a: Iron Hands|Drain Punch|p2a: Pecharunt\n|-supereffective|p2a: Pecharunt\n|-damage|p2a: Pecharunt|83/262\n|-heal|p1a: Iron Hands|100/100|[from] drain|[of] p2a: Pecharunt\n|\n|upkeep\n|turn|13\n|inactive|Time left: 300 sec this turn | 300 sec total\n|\n|t:|1783566634\n|move|p2a: Pecharunt|Recover|p2a: Pecharunt\n|-heal|p2a: Pecharunt|214/262\n|move|p1a: Iron Hands|Drain Punch|p2a: Pecharunt\n|-supereffective|p2a: Pecharunt\n|-damage|p2a: Pecharunt|92/262\n|\n|upkeep\n|turn|14\n|inactive|Time left: 300 sec this turn | 300 sec total\n|\n|t:|1783566636\n|move|p2a: Pecharunt|Recover|p2a: Pecharunt\n|-heal|p2a: Pecharunt|223/262\n|move|p1a: Iron Hands|Drain Punch|p2a: Pecharunt\n|-supereffective|p2a: Pecharunt\n|-damage|p2a: Pecharunt|103/262\n|\n|upkeep\n|turn|15\n|inactive|Time left: 300 sec this turn | 300 sec total\n|\n|t:|1783566637\n|move|p2a: Pecharunt|Recover|p2a: Pecharunt\n|-heal|p2a: Pecharunt|234/262\n|move|p1a: Iron Hands|Drain Punch|p2a: Pecharunt\n|-supereffective|p2a: Pecharunt\n|-damage|p2a: Pecharunt|94/262\n|\n|upkeep\n|turn|16\n|inactive|Time left: 300 sec this turn | 300 sec total\n|\n|t:|1783566638\n|move|p2a: Pecharunt|Recover|p2a: Pecharunt\n|-heal|p2a: Pecharunt|225/262\n|move|p1a: Iron Hands|Drain Punch|p2a: Pecharunt\n|-supereffective|p2a: Pecharunt\n|-damage|p2a: Pecharunt|87/262\n|\n|upkeep\n|turn|17\n|inactive|Time left: 300 sec this turn | 300 sec total\n|\n|t:|1783566639\n|move|p2a: Pecharunt|Recover|p2a: Pecharunt\n|-heal|p2a: Pecharunt|218/262\n|move|p1a: Iron Hands|Drain Punch|p2a: Pecharunt\n|-supereffective|p2a: Pecharunt\n|-damage|p2a: Pecharunt|92/262\n|\n|upkeep\n|turn|18\n|inactive|Time left: 300 sec this turn | 300 sec total\n|\n|t:|1783566640\n|move|p2a: Pecharunt|Malignant Chain|p1a: Iron Hands\n|-damage|p1a: Iron Hands|59/100\n|-status|p1a: Iron Hands|tox\n|-start|p1a: Iron Hands|confusion|[from] ability: Poison Puppeteer|[of] p2a: Pecharunt\n|-activate|p1a: Iron Hands|confusion\n|-damage|p1a: Iron Hands|51/100 tox|[from] confusion\n|\n|-damage|p1a: Iron Hands|44/100 tox|[from] psn\n|upkeep\n|turn|19\n|inactive|Time left: 300 sec this turn | 300 sec total\n|\n|t:|1783566641\n|move|p2a: Pecharunt|Shadow Ball|p1a: Iron Hands\n|-damage|p1a: Iron Hands|14/100 tox\n|-end|p1a: Iron Hands|confusion\n|move|p1a: Iron Hands|Drain Punch|p2a: Pecharunt\n|-supereffective|p2a: Pecharunt\n|-damage|p2a: Pecharunt|0 fnt\n|-heal|p1a: Iron Hands|27/100 tox|[from] drain|[of] p2a: Pecharunt\n|faint|p2a: Pecharunt\n|\n|-damage|p1a: Iron Hands|14/100 tox|[from] psn\n|upkeep\n|inactive|Time left: 300 sec this turn | 300 sec total | 5 sec grace\n|\n|t:|1783566642\n|switch|p2a: Yanmega|Yanmega, L82, M|275/275\n|turn|20\n|inactive|Time left: 300 sec this turn | 300 sec total\n|\n|t:|1783566643\n|move|p2a: Yanmega|Bug Buzz|p1a: Iron Hands\n|-resisted|p1a: Iron Hands\n|-damage|p1a: Iron Hands|0 fnt\n|faint|p1a: Iron Hands\n|-end|p1a: Iron Hands|Quark Drive|[silent]\n|\n|upkeep\n|\n|t:|1783566644\n|switch|p1a: Coalossal|Coalossal, L89, F|100/100\n|turn|21\n|inactive|Time left: 300 sec this turn | 300 sec total\n|\n|t:|1783566646\n|move|p2a: Yanmega|Bug Buzz|p1a: Coalossal\n|-resisted|p1a: Coalossal\n|-damage|p1a: Coalossal|61/100\n|move|p1a: Coalossal|Stone Edge|p2a: Yanmega\n|-supereffective|p2a: Yanmega\n|-crit|p2a: Yanmega\n|-damage|p2a: Yanmega|0 fnt\n|faint|p2a: Yanmega\n|\n|upkeep\n|inactive|Time left: 300 sec this turn | 300 sec total | 5 sec grace\n|\n|t:|1783566647\n|switch|p2a: Flutter Mane|Flutter Mane, L74|203/203\n|turn|22\n|inactive|Time left: 300 sec this turn | 300 sec total\n|\n|t:|1783566648\n|move|p2a: Flutter Mane|Calm Mind|p2a: Flutter Mane\n|-boost|p2a: Flutter Mane|spa|1\n|-boost|p2a: Flutter Mane|spd|1\n|move|p1a: Coalossal|Stone Edge|p2a: Flutter Mane|[miss]\n|-miss|p1a: Coalossal|p2a: Flutter Mane\n|\n|upkeep\n|turn|23\n|inactive|Time left: 300 sec this turn | 300 sec total\n|\n|t:|1783566649\n|move|p2a: Flutter Mane|Shadow Ball|p1a: Coalossal\n|-damage|p1a: Coalossal|19/100\n|-damage|p2a: Flutter Mane|183/203|[from] item: Life Orb\n|move|p1a: Coalossal|Stone Edge|p2a: Flutter Mane|[miss]\n|-miss|p1a: Coalossal|p2a: Flutter Mane\n|\n|upkeep\n|turn|24\n|inactive|Time left: 300 sec this turn | 300 sec total\n|\n|t:|1783566650\n|move|p2a: Flutter Mane|Moonblast|p1a: Coalossal\n|-resisted|p1a: Coalossal\n|-damage|p1a: Coalossal|0 fnt\n|faint|p1a: Coalossal\n|-damage|p2a: Flutter Mane|163/203|[from] item: Life Orb\n|\n|upkeep\n|\n|t:|1783566651\n|switch|p1a: Weavile|Weavile, L79, M|18/100\n|turn|25\n|inactive|Time left: 300 sec this turn | 300 sec total\n|\n|t:|1783566652\n|move|p1a: Weavile|Knock Off|p2a: Flutter Mane\n|-damage|p2a: Flutter Mane|0 fnt\n|-enditem|p2a: Flutter Mane|Life Orb|[from] move: Knock Off|[of] p1a: Weavile\n|faint|p2a: Flutter Mane\n|-end|p2a: Flutter Mane|Protosynthesis|[silent]\n|\n|upkeep\n|inactive|Time left: 300 sec this turn | 300 sec total | 5 sec grace\n|\n|t:|1783566653\n|switch|p2a: Altaria|Altaria, L89, M|278/278\n|turn|26\n|inactive|Time left: 300 sec this turn | 300 sec total\n|\n|t:|1783566654\n|move|p1a: Weavile|Knock Off|p2a: Altaria\n|-damage|p2a: Altaria|116/278\n|-enditem|p2a: Altaria|Heavy-Duty Boots|[from] move: Knock Off|[of] p1a: Weavile\n|move|p2a: Altaria|Brave Bird|p1a: Weavile\n|-damage|p1a: Weavile|0 fnt\n|faint|p1a: Weavile\n|-damage|p2a: Altaria|102/278|[from] Recoil\n|\n|upkeep\n|\n|t:|1783566655\n|switch|p1a: Calyrex|Calyrex, L93|100/100\n|-ability|p1a: Calyrex|Unnerve\n|turn|27\n|inactive|Time left: 300 sec this turn | 300 sec total\n|\n|t:|1783566656\n|move|p1a: Calyrex|Encore|p2a: Altaria\n|-start|p2a: Altaria|Encore\n|move|p2a: Altaria|Brave Bird|p1a: Calyrex\n|-supereffective|p1a: Calyrex\n|-damage|p1a: Calyrex|34/100\n|-damage|p2a: Altaria|28/278|[from] Recoil\n|\n|-heal|p1a: Calyrex|40/100|[from] item: Leftovers\n|upkeep\n|turn|28\n|inactive|Time left: 300 sec this turn | 300 sec total\n|\n|t:|1783566657\n|move|p1a: Calyrex|Encore||[still]\n|-fail|p1a: Calyrex\n|move|p2a: Altaria|Brave Bird|p1a: Calyrex\n|-supereffective|p1a: Calyrex\n|-damage|p1a: Calyrex|0 fnt\n|faint|p1a: Calyrex\n|-damage|p2a: Altaria|0 fnt|[from] Recoil\n|faint|p2a: Altaria\n|\n|win|p0x22944443", "uploadtime": 1783566657, "views": 0, "rating": 0, "private": 0, "password": null, "_winner": "p0x22944443", "_our_name": "p0y22944f8d"}