{"id": "battle-gen9randombattle-244", "formatid": "gen9randombattle", "format": "[Gen 9] Random Battle", "players": ["p0x244e472", "p0y2449e3b"], "log": "|init|battle\n|title|p0x244e472 vs. p0y2449e3b\n|j|\u2606p0x244e472\n|j|\u2606p0y2449e3b\n|t:|1783536091\n|gametype|singles\n|player|p1|p0x244e472|170|\n|player|p2|p0y2449e3b|266|\n|gen|9\n|tier|[Gen 9] Random Battle\n|rule|Species Clause: Limit one of each Pok\u00e9mon\n|rule|HP Percentage Mod: HP is shown in percentages\n|rule|Sleep Clause Mod: Limit one foe put to sleep\n|rule|Illusion Level Mod: Illusion disguises the Pok\u00e9mon's true level\n|\n|t:|1783536091\n|teamsize|p1|6\n|teamsize|p2|6\n|start\n|switch|p1a: Pelipper|Pelipper, L86, M|243/243\n|switch|p2a: Toxtricity|Toxtricity, L82, F|100/100\n|-weather|RainDance|[from] ability: Drizzle|[of] p1a: Pelipper\n|turn|1\n|inactive|Battle timer is ON: inactive players will automatically lose when time's up. (requested by p0y2449e3b)\n|inactive|Time left: 300 sec this turn | 300 sec total | 60 sec grace\n|inactive|p0x244e472 also wants the timer to be on.\n|\n|t:|1783536093\n|switch|p1a: Glastrier|Glastrier, L86|312/312\n|move|p2a: Toxtricity|Overdrive|p1a: Glastrier\n|-damage|p1a: Glastrier|167/312\n|\n|-weather|RainDance|[upkeep]\n|upkeep\n|turn|2\n|inactive|Time left: 300 sec this turn | 300 sec total\n|\n|t:|1783536094\n|move|p2a: Toxtricity|Overdrive|p1a: Glastrier\n|-damage|p1a: Glastrier|8/312\n|move|p1a: Glastrier|Icicle Crash|p2a: Toxtricity\n|-damage|p2a: Toxtricity|37/100\n|\n|-weather|RainDance|[upkeep]\n|upkeep\n|turn|3\n|inactive|Time left: 300 sec this turn | 300 sec total\n|\n|t:|1783536095\n|switch|p1a: Minun|Minun, L95, F|268/268\n|move|p2a: Toxtricity|Overdrive|p1a: Minun\n|-immune|p1a: Minun|[from] ability: Volt Absorb\n|\n|-weather|RainDance|[upkeep]\n|upkeep\n|turn|4\n|inactive|Time left: 300 sec this turn | 300 sec total\n|\n|t:|1783536096\n|move|p1a: Minun|Nasty Plot|p1a: Minun\n|-boost|p1a: Minun|spa|2\n|move|p2a: Toxtricity|Overdrive|p1a: Minun\n|-immune|p1a: Minun|[from] ability: Volt Absorb\n|\n|-weather|RainDance|[upkeep]\n|upkeep\n|turn|5\n|inactive|Time left: 300 sec this turn | 300 sec total\n|\n|t:|1783536097\n|switch|p2a: Electrode|Electrode-Hisui, L87|100/100\n|move|p1a: Minun|Thunderbolt|p2a: Electrode\n|-resisted|p2a: Electrode\n|-damage|p2a: Electrode|75/100\n|-damage|p1a: Minun|242/268|[from] item: Life Orb\n|\n|-weather|none\n|-heal|p2a: Electrode|81/100|[from] item: Leftovers\n|upkeep\n|turn|6\n|inactive|Time left: 300 sec this turn | 300 sec total\n|\n|t:|1783536099\n|move|p2a: Electrode|Leech Seed|p1a: Minun\n|-start|p1a: Minun|move: Leech Seed\n|move|p1a: Minun|Thunderbolt|p2a: Electrode\n|-resisted|p2a: Electrode\n|-damage|p2a: Electrode|55/100\n|-damage|p1a: Minun|216/268|[from] item: Life Orb\n|\n|-heal|p2a: Electrode|61/100|[from] item: Leftovers\n|-damage|p1a: Minun|183/268|[from] Leech Seed|[of] p2a: Electrode\n|-heal|p2a: Electrode|74/100|[silent]\n|upkeep\n|turn|7\n|inactive|Time left: 300 sec this turn | 300 sec total\n|\n|t:|1783536100\n|switch|p1a: Zebstrika|Zebstrika, L87, F|272/272\n|move|p2a: Electrode|Giga Drain|p1a: Zebstrika\n|-ability|p1a: Zebstrika|Sap Sipper|boost\n|-boost|p1a: Zebstrika|atk|1\n|\n|-heal|p2a: Electrode|80/100|[from] item: Leftovers\n|upkeep\n|turn|8\n|inactive|Time left: 300 sec this turn | 300 sec total\n|\n|t:|1783536101\n|move|p2a: Electrode|Substitute|p2a: Electrode\n|-start|p2a: Electrode|Substitute\n|-damage|p2a: Electrode|55/100\n|move|p1a: Zebstrika|High Horsepower|p2a: Electrode\n|-end|p2a: Electrode|Substitute\n|-damage|p1a: Zebstrika|245/272|[from] item: Life Orb\n|\n|-heal|p2a: Electrode|61/100|[from] item: Leftovers\n|upkeep\n|turn|9\n|inactive|Time left: 300 sec this turn | 300 sec total\n|\n|t:|1783536102\n|move|p2a: Electrode|Substitute|p2a: Electrode\n|-start|p2a: Electrode|Substitute\n|-damage|p2a: Electrode|37/100\n|move|p1a: Zebstrika|High Horsepower|p2a: Electrode\n|-end|p2a: Electrode|Substitute\n|-damage|p1a: Zebstrika|218/272|[from] item: Life Orb\n|\n|-heal|p2a: Electrode|43/100|[from] item: Leftovers\n|upkeep\n|turn|10\n|inactive|Time left: 300 sec this turn | 300 sec total\n|\n|t:|1783536103\n|move|p2a: Electrode|Substitute|p2a: Electrode\n|-start|p2a: Electrode|Substitute\n|-damage|p2a: Electrode|18/100\n|move|p1a: Zebstrika|High Horsepower|p2a: Electrode\n|-crit|p2a: Electrode\n|-end|p2a: Electrode|Substitute\n|-damage|p1a: Zebstrika|191/272|[from] item: Life Orb\n|\n|-heal|p2a: Electrode|24/100|[from] item: Leftovers\n|upkeep\n|turn|11\n|inactive|Time left: 300 sec this turn | 300 sec total\n|\n|t:|1783536104\n|switch|p2a: Exeggutor|Exeggutor, L89, M|100/100\n|move|p1a: Zebstrika|High Horsepower|p2a: Exeggutor\n|-resisted|p2a: Exeggutor\n|-damage|p2a: Exeggutor|78/100\n|-damage|p1a: Zebstrika|164/272|[from] item: Life Orb\n|\n|upkeep\n|turn|12\n|inactive|Time left: 300 sec this turn | 300 sec total\n|\n|t:|1783536106\n|move|p1a: Zebstrika|High Horsepower|p2a: Exeggutor\n|-resisted|p2a: Exeggutor\n|-damage|p2a: Exeggutor|57/100\n|-damage|p1a: Zebstrika|137/272|[from] item: Life Orb\n|move|p2a: Exeggutor|Psychic Noise|p1a: Zebstrika\n|-damage|p1a: Zebstrika|0 fnt\n|faint|p1a: Zebstrika\n|\n|upkeep\n|inactive|Time left: 300 sec this turn | 300 sec total | 5 sec grace\n|\n|t:|1783536106\n|switch|p1a: Samurott|Samurott-Hisui, L77, M|265/265\n|turn|13\n|inactive|Time left: 300 sec this turn | 300 sec total\n|\n|t:|1783536107\n|switch|p2a: Qwilfish|Qwilfish-Hisui, L83, F|100/100\n|-ability|p2a: Qwilfish|Intimidate|boost\n|-unboost|p1a: Samurott|atk|1\n|move|p1a: Samurott|Ceaseless Edge|p2a: Qwilfish\n|-resisted|p2a: Qwilfish\n|-damage|p2a: Qwilfish|87/100\n|-sidestart|p2: p0y2449e3b|Spikes\n|\n|upkeep\n|turn|14\n|inactive|Time left: 300 sec this turn | 300 sec total\n|\n|t:|1783536108\n|move|p2a: Qwilfish|Gunk Shot|p1a: Samurott|[miss]\n|-miss|p2a: Qwilfish|p1a: Samurott\n|move|p1a: Samurott|Ceaseless Edge|p2a: Qwilfish\n|-resisted|p2a: Qwilfish\n|-damage|p2a: Qwilfish|73/100\n|-sidestart|p2: p0y2449e3b|Spikes\n|\n|upkeep\n|turn|15\n|inactive|Time left: 300 sec this turn | 300 sec total\n|\n|t:|1783536109\n|move|p2a: Qwilfish|Gunk Shot|p1a: Samurott|[miss]\n|-miss|p2a: Qwilfish|p1a: Samurott\n|move|p1a: Samurott|Ceaseless Edge|p2a: Qwilfish\n|-resisted|p2a: Qwilfish\n|-damage|p2a: Qwilfish|60/100\n|-sidestart|p2: p0y2449e3b|Spikes\n|\n|upkeep\n|turn|16\n|inactive|Time left: 300 sec this turn | 300 sec total\n|\n|t:|1783536111\n|switch|p1a: Pelipper|Pelipper, L86, M|243/243\n|-weather|RainDance|[from] ability: Drizzle|[of] p1a: Pelipper\n|move|p2a: Qwilfish|Gunk Shot|p1a: Pelipper|[miss]\n|-miss|p2a: Qwilfish|p1a: Pelipper\n|\n|-weather|RainDance|[upkeep]\n|upkeep\n|turn|17\n|inactive|Time left: 300 sec this turn | 300 sec total\n|\n|t:|1783536112\n|move|p2a: Qwilfish|Gunk Shot|p1a: Pelipper\n|-damage|p1a: Pelipper|135/243\n|move|p1a: Pelipper|Surf|p2a: Qwilfish\n|-damage|p2a: Qwilfish|5/100\n|\n|-weather|RainDance|[upkeep]\n|upkeep\n|turn|18\n|inactive|Time left: 300 sec this turn | 300 sec total\n|\n|t:|1783536113\n|move|p2a: Qwilfish|Gunk Shot|p1a: Pelipper\n|-damage|p1a: Pelipper|20/243\n|-status|p1a: Pelipper|psn\n|move|p1a: Pelipper|Hurricane|p2a: Qwilfish\n|-damage|p2a: Qwilfish|0 fnt\n|faint|p2a: Qwilfish\n|\n|-weather|RainDance|[upkeep]\n|-damage|p1a: Pelipper|0 fnt|[from] psn\n|faint|p1a: Pelipper\n|upkeep\n|inactive|Time left: 300 sec this turn | 300 sec total | 5 sec grace\n|\n|t:|1783536114\n|switch|p2a: Cyclizar|Cyclizar, L84, M|100/100\n|switch|p1a: Minun|Minun, L95, F|183/268\n|turn|19\n|inactive|Time left: 300 sec this turn | 300 sec total\n|\n|t:|1783536115\n|switch|p1a: Samurott|Samurott-Hisui, L77, M|265/265\n|move|p2a: Cyclizar|Rapid Spin|p1a: Samurott\n|-damage|p1a: Samurott|208/265\n|-boost|p2a: Cyclizar|spe|1\n|-sideend|p2: p0y2449e3b|Spikes|[from] move: Rapid Spin|[of] p2a: Cyclizar\n|\n|-weather|RainDance|[upkeep]\n|upkeep\n|turn|20\n|inactive|Time left: 300 sec this turn | 300 sec total\n|\n|t:|1783536116\n|-terastallize|p2a: Cyclizar|Dragon\n|move|p2a: Cyclizar|Draco Meteor|p1a: Samurott\n|-damage|p1a: Samurott|0 fnt\n|-unboost|p2a: Cyclizar|spa|2\n|faint|p1a: Samurott\n|\n|-weather|none\n|upkeep\n|inactive|Time left: 300 sec this turn | 300 sec total | 5 sec grace\n|\n|t:|1783536117\n|switch|p1a: Cinderace|Cinderace, L77, F|250/250\n|turn|21\n|inactive|Time left: 300 sec this turn | 300 sec total\n|\n|t:|1783536118\n|move|p2a: Cyclizar|Knock Off|p1a: Cinderace\n|-damage|p1a: Cinderace|164/250\n|-enditem|p1a: Cinderace|Heavy-Duty Boots|[from] move: Knock Off|[of] p2a: Cyclizar\n|move|p1a: Cinderace|Pyro Ball|p2a: Cyclizar\n|-resisted|p2a: Cyclizar\n|-damage|p2a: Cyclizar|71/100\n|\n|upkeep\n|turn|22\n|inactive|Time left: 300 sec this turn | 300 sec total\n|\n|t:|1783536119\n|move|p2a: Cyclizar|Rapid Spin|p1a: Cinderace\n|-damage|p1a: Cinderace|100/250\n|-boost|p2a: Cyclizar|spe|1\n|move|p1a: Cinderace|Pyro Ball|p2a: Cyclizar|[miss]\n|-miss|p1a: Cinderace|p2a: Cyclizar\n|\n|upkeep\n|turn|23\n|inactive|Time left: 300 sec this turn | 300 sec total\n|\n|t:|1783536120\n|move|p2a: Cyclizar|Draco Meteor|p1a: Cinderace\n|-damage|p1a: Cinderace|4/250\n|-unboost|p2a: Cyclizar|spa|2\n|move|p1a: Cinderace|Pyro Ball|p2a: Cyclizar\n|-resisted|p2a: Cyclizar\n|-damage|p2a: Cyclizar|39/100\n|\n|upkeep\n|turn|24\n|inactive|Time left: 300 sec this turn | 300 sec total\n|\n|t:|1783536121\n|move|p2a: Cyclizar|Rapid Spin|p1a: Cinderace\n|-damage|p1a: Cinderace|0 fnt\n|-boost|p2a: Cyclizar|spe|1\n|faint|p1a: Cinderace\n|\n|upkeep\n|inactive|Time left: 300 sec this turn | 300 sec total | 5 sec grace\n|\n|t:|1783536122\n|switch|p1a: Minun|Minun, L95, F|183/268\n|turn|25\n|inactive|Time left: 300 sec this turn | 300 sec total\n|\n|t:|1783536123\n|move|p2a: Cyclizar|Knock Off|p1a: Minun\n|-damage|p1a: Minun|99/268\n|-enditem|p1a: Minun|Life Orb|[from] move: Knock Off|[of] p2a: Cyclizar\n|move|p1a: Minun|Nasty Plot|p1a: Minun\n|-boost|p1a: Minun|spa|2\n|\n|upkeep\n|turn|26\n|inactive|Time left: 300 sec this turn | 300 sec total\n|\n|t:|1783536124\n|move|p2a: Cyclizar|Rapid Spin|p1a: Minun\n|-damage|p1a: Minun|27/268\n|-boost|p2a: Cyclizar|spe|1\n|move|p1a: Minun|Thunderbolt|p2a: Cyclizar\n|-resisted|p2a: Cyclizar\n|-damage|p2a: Cyclizar|0 fnt\n|faint|p2a: Cyclizar\n|\n|upkeep\n|\n|t:|1783536125\n|switch|p2a: Azelf|Azelf, L82|100/100\n|turn|27\n|inactive|Time left: 300 sec this turn | 300 sec total\n|\n|t:|1783536126\n|move|p2a: Azelf|Dazzling Gleam|p1a: Minun\n|-damage|p1a: Minun|0 fnt\n|faint|p1a: Minun\n|\n|upkeep\n|inactive|Time left: 300 sec this turn | 300 sec total | 5 sec grace\n|\n|t:|1783536127\n|switch|p1a: Glastrier|Glastrier, L86|8/312\n|turn|28\n|inactive|Time left: 300 sec this turn | 300 sec total\n|\n|t:|1783536128\n|-terastallize|p1a: Glastrier|Steel\n|move|p2a: Azelf|Dazzling Gleam|p1a: Glastrier\n|-resisted|p1a: Glastrier\n|-damage|p1a: Glastrier|0 fnt\n|faint|p1a: Glastrier\n|\n|win|p0y2449e3b", "uploadtime": 1783536128, "views": 0, "rating": 0, "private": 0, "password": null, "_winner": "p0y2449e3b", "_our_name": "p0x244e472"}