{"id": "battle-gen9randombattle-1551", "formatid": "gen9randombattle", "format": "[Gen 9] Random Battle", "players": ["p0x15510c6c", "p0y1551e2fc"], "log": "|init|battle\n|title|p0x15510c6c vs. p0y1551e2fc\n|j|\u2606p0x15510c6c\n|j|\u2606p0y1551e2fc\n|t:|1783557124\n|gametype|singles\n|player|p1|p0x15510c6c|2|\n|player|p2|p0y1551e2fc|101|\n|gen|9\n|tier|[Gen 9] Random Battle\n|rule|Species Clause: Limit one of each Pok\u00e9mon\n|rule|HP Percentage Mod: HP is shown in percentages\n|rule|Sleep Clause Mod: Limit one foe put to sleep\n|rule|Illusion Level Mod: Illusion disguises the Pok\u00e9mon's true level\n|\n|t:|1783557124\n|teamsize|p1|6\n|teamsize|p2|6\n|start\n|switch|p1a: Gengar|Gengar, L81, M|100/100\n|switch|p2a: Cacturne|Cacturne, L92, M|278/278\n|turn|1\n|inactive|Battle timer is ON: inactive players will automatically lose when time's up. (requested by p0x15510c6c)\n|inactive|Time left: 300 sec this turn | 300 sec total | 60 sec grace\n|inactive|p0y1551e2fc also wants the timer to be on.\n|\n|t:|1783557125\n|move|p2a: Cacturne|Sucker Punch|p1a: Gengar\n|-supereffective|p1a: Gengar\n|-crit|p1a: Gengar\n|-damage|p1a: Gengar|0 fnt\n|-start|p2a: Cacturne|Disable|Sucker Punch|[from] ability: Cursed Body|[of] p1a: Gengar\n|faint|p1a: Gengar\n|-damage|p2a: Cacturne|251/278|[from] item: Life Orb\n|\n|upkeep\n|\n|t:|1783557126\n|switch|p1a: Hitmonchan|Hitmonchan, L87, M|100/100\n|turn|2\n|inactive|Time left: 300 sec this turn | 300 sec total\n|\n|t:|1783557128\n|switch|p2a: Mabosstiff|Mabosstiff, L86, F|278/278\n|move|p1a: Hitmonchan|Drain Punch|p2a: Mabosstiff\n|-supereffective|p2a: Mabosstiff\n|-damage|p2a: Mabosstiff|72/278\n|\n|upkeep\n|turn|3\n|inactive|Time left: 300 sec this turn | 300 sec total\n|\n|t:|1783557129\n|move|p2a: Mabosstiff|Play Rough|p1a: Hitmonchan\n|-supereffective|p1a: Hitmonchan\n|-damage|p1a: Hitmonchan|0 fnt\n|faint|p1a: Hitmonchan\n|\n|upkeep\n|\n|t:|1783557130\n|switch|p1a: Minior|Minior-Yellow, L79|100/100\n|-formechange|p1a: Minior|Minior-Meteor||[from] ability: Shields Down\n|turn|4\n|inactive|Time left: 300 sec this turn | 300 sec total\n|\n|t:|1783557131\n|switch|p2a: Cinccino|Cinccino, L83, F|260/260\n|move|p1a: Minior|Shell Smash|p1a: Minior\n|-unboost|p1a: Minior|def|1\n|-unboost|p1a: Minior|spd|1\n|-boost|p1a: Minior|atk|2\n|-boost|p1a: Minior|spa|2\n|-boost|p1a: Minior|spe|2\n|-enditem|p1a: Minior|White Herb\n|-clearnegativeboost|p1a: Minior|[silent]\n|\n|upkeep\n|turn|5\n|inactive|Time left: 300 sec this turn | 300 sec total\n|\n|t:|1783557132\n|-terastallize|p1a: Minior|Water\n|move|p1a: Minior|Acrobatics|p2a: Cinccino\n|-damage|p2a: Cinccino|74/260\n|move|p2a: Cinccino|Triple Axel|p1a: Minior|[miss]\n|-miss|p2a: Cinccino|p1a: Minior\n|\n|upkeep\n|turn|6\n|inactive|Time left: 300 sec this turn | 300 sec total\n|\n|t:|1783557133\n|switch|p2a: Grumpig|Grumpig, L92, F|297/297\n|move|p1a: Minior|Acrobatics|p2a: Grumpig\n|-damage|p2a: Grumpig|126/297\n|\n|upkeep\n|turn|7\n|inactive|Time left: 300 sec this turn | 300 sec total\n|\n|t:|1783557134\n|move|p2a: Grumpig|Trick|p1a: Minior\n|-activate|p2a: Grumpig|move: Trick|[of] p1a: Minior\n|-item|p1a: Minior|Choice Scarf|[from] move: Trick\n|-enditem|p2a: Grumpig|Choice Scarf|[silent]|[from] move: Trick\n|move|p1a: Minior|Acrobatics|p2a: Grumpig\n|-damage|p2a: Grumpig|38/297\n|\n|upkeep\n|turn|8\n|inactive|Time left: 300 sec this turn | 300 sec total\n|\n|t:|1783557136\n|move|p1a: Minior|Acrobatics|p2a: Grumpig\n|-damage|p2a: Grumpig|0 fnt\n|faint|p2a: Grumpig\n|\n|upkeep\n|inactive|Time left: 300 sec this turn | 300 sec total | 5 sec grace\n|\n|t:|1783557136\n|switch|p2a: Gouging Fire|Gouging Fire, L74|277/277\n|turn|9\n|inactive|Time left: 300 sec this turn | 300 sec total\n|\n|t:|1783557137\n|move|p1a: Minior|Acrobatics|p2a: Gouging Fire\n|-damage|p2a: Gouging Fire|211/277\n|move|p2a: Gouging Fire|Outrage|p1a: Minior\n|-crit|p1a: Minior\n|-damage|p1a: Minior|25/100\n|\n|-formechange|p1a: Minior|Minior-Yellow||[from] ability: Shields Down\n|upkeep\n|turn|10\n|inactive|Time left: 300 sec this turn | 300 sec total\n|\n|t:|1783557138\n|move|p1a: Minior|Acrobatics|p2a: Gouging Fire\n|-damage|p2a: Gouging Fire|124/277\n|move|p2a: Gouging Fire|Outrage|p1a: Minior|[from] lockedmove\n|-damage|p1a: Minior|0 fnt\n|faint|p1a: Minior\n|\n|upkeep\n|\n|t:|1783557139\n|switch|p1a: Wyrdeer|Wyrdeer, L87, F|100/100\n|-ability|p1a: Wyrdeer|Intimidate|boost\n|-unboost|p2a: Gouging Fire|atk|1\n|turn|11\n|inactive|Time left: 300 sec this turn | 300 sec total\n|\n|t:|1783557140\n|move|p2a: Gouging Fire|Outrage|p1a: Wyrdeer|[from] lockedmove\n|-damage|p1a: Wyrdeer|73/100\n|-start|p2a: Gouging Fire|confusion|[fatigue]\n|move|p1a: Wyrdeer|Earthquake|p2a: Gouging Fire\n|-supereffective|p2a: Gouging Fire\n|-damage|p2a: Gouging Fire|0 fnt\n|faint|p2a: Gouging Fire\n|-end|p2a: Gouging Fire|Protosynthesis|[silent]\n|\n|-heal|p1a: Wyrdeer|80/100|[from] item: Leftovers\n|upkeep\n|inactive|Time left: 300 sec this turn | 300 sec total | 5 sec grace\n|\n|t:|1783557141\n|switch|p2a: Mabosstiff|Mabosstiff, L86, F|72/278\n|turn|12\n|inactive|Time left: 300 sec this turn | 300 sec total\n|\n|t:|1783557142\n|move|p2a: Mabosstiff|Crunch|p1a: Wyrdeer\n|-supereffective|p1a: Wyrdeer\n|-damage|p1a: Wyrdeer|0 fnt\n|faint|p1a: Wyrdeer\n|\n|upkeep\n|\n|t:|1783557143\n|switch|p1a: Talonflame|Talonflame, L83, M|100/100\n|turn|13\n|inactive|Time left: 300 sec this turn | 300 sec total\n|\n|t:|1783557144\n|move|p1a: Talonflame|Flare Blitz|p2a: Mabosstiff\n|-damage|p2a: Mabosstiff|0 fnt\n|faint|p2a: Mabosstiff\n|-damage|p1a: Talonflame|91/100|[from] Recoil\n|\n|upkeep\n|inactive|Time left: 300 sec this turn | 300 sec total | 5 sec grace\n|\n|t:|1783557145\n|switch|p2a: Banette|Banette, L93, M|270/270\n|turn|14\n|inactive|Time left: 300 sec this turn | 300 sec total\n|\n|t:|1783557146\n|move|p1a: Talonflame|Flare Blitz|p2a: Banette\n|-crit|p2a: Banette\n|-damage|p2a: Banette|92/270\n|-damage|p1a: Talonflame|69/100|[from] Recoil\n|move|p2a: Banette|Poltergeist|p1a: Talonflame\n|-activate|p1a: Talonflame|move: Poltergeist|Heavy-Duty Boots\n|-damage|p1a: Talonflame|0 fnt\n|faint|p1a: Talonflame\n|-damage|p2a: Banette|65/270|[from] item: Life Orb\n|\n|upkeep\n|\n|t:|1783557147\n|switch|p1a: Polteageist|Polteageist-Antique, L78|100/100\n|turn|15\n|inactive|Time left: 300 sec this turn | 300 sec total\n|\n|t:|1783557148\n|-terastallize|p2a: Banette|Poison\n|move|p2a: Banette|Poltergeist|p1a: Polteageist\n|-activate|p1a: Polteageist|move: Poltergeist|White Herb\n|-supereffective|p1a: Polteageist\n|-damage|p1a: Polteageist|0 fnt\n|faint|p1a: Polteageist\n|-damage|p2a: Banette|38/270|[from] item: Life Orb\n|\n|win|p0y1551e2fc", "uploadtime": 1783557148, "views": 0, "rating": 0, "private": 0, "password": null, "_winner": "p0y1551e2fc", "_our_name": "p0y1551e2fc"}