{"id": "battle-gen9randombattle-370", "formatid": "gen9randombattle", "format": "[Gen 9] Random Battle", "players": ["p0x3705b1f", "p0y370a293"], "log": "|init|battle\n|title|p0x3705b1f vs. p0y370a293\n|j|\u2606p0x3705b1f\n|j|\u2606p0y370a293\n|t:|1783543415\n|gametype|singles\n|player|p1|p0x3705b1f|170|\n|player|p2|p0y370a293|101|\n|gen|9\n|tier|[Gen 9] Random Battle\n|rule|Species Clause: Limit one of each Pok\u00e9mon\n|rule|HP Percentage Mod: HP is shown in percentages\n|rule|Sleep Clause Mod: Limit one foe put to sleep\n|rule|Illusion Level Mod: Illusion disguises the Pok\u00e9mon's true level\n|\n|t:|1783543415\n|teamsize|p1|6\n|teamsize|p2|6\n|start\n|switch|p1a: Quagsire|Quagsire, L84, M|100/100\n|switch|p2a: Lurantis|Lurantis, L87, F|264/264\n|turn|1\n|inactive|Battle timer is ON: inactive players will automatically lose when time's up. (requested by p0x3705b1f)\n|inactive|Time left: 300 sec this turn | 300 sec total | 60 sec grace\n|\n|t:|1783543416\n|switch|p1a: Armarouge|Armarouge, L80, F|100/100\n|move|p2a: Lurantis|Leaf Storm|p1a: Armarouge\n|-resisted|p1a: Armarouge\n|-damage|p1a: Armarouge|75/100\n|-boost|p2a: Lurantis|spa|2\n|\n|upkeep\n|turn|2\n|inactive|Time left: 300 sec this turn | 300 sec total\n|inactive|p0y370a293 also wants the timer to be on.\n|\n|t:|1783543417\n|-terastallize|p2a: Lurantis|Fighting\n|move|p1a: Armarouge|Armor Cannon|p2a: Lurantis\n|-damage|p2a: Lurantis|116/264\n|-unboost|p1a: Armarouge|def|1\n|-unboost|p1a: Armarouge|spd|1\n|move|p2a: Lurantis|Leaf Storm|p1a: Armarouge\n|-resisted|p1a: Armarouge\n|-damage|p1a: Armarouge|2/100\n|-boost|p2a: Lurantis|spa|2\n|\n|-heal|p2a: Lurantis|132/264|[from] item: Leftovers\n|upkeep\n|turn|3\n|inactive|Time left: 300 sec this turn | 300 sec total\n|\n|t:|1783543418\n|switch|p2a: Cinderace|Cinderace, L77, M|249/249\n|move|p1a: Armarouge|Psyshock|p2a: Cinderace\n|-damage|p2a: Cinderace|134/249\n|\n|upkeep\n|turn|4\n|inactive|Time left: 300 sec this turn | 300 sec total\n|\n|t:|1783543419\n|move|p2a: Cinderace|U-turn|p1a: Armarouge\n|-start|p2a: Cinderace|typechange|Bug|[from] ability: Libero\n|-damage|p1a: Armarouge|0 fnt\n|faint|p1a: Armarouge\n|inactive|Time left: 300 sec this turn | 300 sec total | 5 sec grace\n|\n|t:|1783543420\n|switch|p2a: Yanmega|Yanmega, L82, M|275/275|[from] U-turn\n|\n|upkeep\n|\n|t:|1783543421\n|switch|p1a: Crabominable|Crabominable, L90, F|100/100\n|turn|5\n|inactive|Time left: 300 sec this turn | 300 sec total\n|\n|t:|1783543422\n|move|p2a: Yanmega|Protect|p2a: Yanmega\n|-singleturn|p2a: Yanmega|Protect\n|move|p1a: Crabominable|Ice Hammer|p2a: Yanmega\n|-activate|p2a: Yanmega|move: Protect\n|\n|-ability|p2a: Yanmega|Speed Boost|boost\n|-boost|p2a: Yanmega|spe|1\n|upkeep\n|turn|6\n|inactive|Time left: 300 sec this turn | 300 sec total\n|\n|t:|1783543424\n|move|p2a: Yanmega|Air Slash|p1a: Crabominable\n|-supereffective|p1a: Crabominable\n|-damage|p1a: Crabominable|59/100\n|move|p1a: Crabominable|Ice Hammer|p2a: Yanmega\n|-supereffective|p2a: Yanmega\n|-crit|p2a: Yanmega\n|-damage|p2a: Yanmega|0 fnt\n|-unboost|p1a: Crabominable|spe|1\n|faint|p2a: Yanmega\n|\n|upkeep\n|inactive|Time left: 300 sec this turn | 300 sec total | 5 sec grace\n|\n|t:|1783543425\n|switch|p2a: Lurantis|Lurantis, L87, F, tera:Fighting|132/264\n|turn|7\n|inactive|Time left: 300 sec this turn | 300 sec total\n|\n|t:|1783543426\n|switch|p1a: Regidrago|Regidrago, L77|100/100\n|move|p2a: Lurantis|Superpower|p1a: Regidrago\n|-damage|p1a: Regidrago|50/100\n|-boost|p2a: Lurantis|atk|1\n|-boost|p2a: Lurantis|def|1\n|\n|-heal|p2a: Lurantis|148/264|[from] item: Leftovers\n|upkeep\n|turn|8\n|inactive|Time left: 300 sec this turn | 300 sec total\n|\n|t:|1783543427\n|move|p1a: Regidrago|Draco Meteor|p2a: Lurantis\n|-damage|p2a: Lurantis|0 fnt\n|-unboost|p1a: Regidrago|spa|2\n|faint|p2a: Lurantis\n|\n|upkeep\n|inactive|Time left: 300 sec this turn | 300 sec total | 5 sec grace\n|\n|t:|1783543428\n|switch|p2a: Cinderace|Cinderace, L77, M|134/249\n|turn|9\n|inactive|Time left: 300 sec this turn | 300 sec total\n|\n|t:|1783543429\n|move|p2a: Cinderace|High Jump Kick|p1a: Regidrago\n|-start|p2a: Cinderace|typechange|Fighting|[from] ability: Libero\n|-damage|p1a: Regidrago|0 fnt\n|faint|p1a: Regidrago\n|\n|upkeep\n|\n|t:|1783543430\n|switch|p1a: Quagsire|Quagsire, L84, M|100/100\n|turn|10\n|inactive|Time left: 300 sec this turn | 300 sec total\n|\n|t:|1783543431\n|move|p2a: Cinderace|High Jump Kick|p1a: Quagsire\n|-damage|p1a: Quagsire|31/100\n|move|p1a: Quagsire|Earthquake|p2a: Cinderace\n|-damage|p2a: Cinderace|10/249\n|\n|-heal|p1a: Quagsire|37/100|[from] item: Leftovers\n|upkeep\n|turn|11\n|inactive|Time left: 300 sec this turn | 300 sec total\n|\n|t:|1783543432\n|-terastallize|p1a: Quagsire|Fairy\n|move|p2a: Cinderace|High Jump Kick|p1a: Quagsire\n|-resisted|p1a: Quagsire\n|-damage|p1a: Quagsire|2/100\n|move|p1a: Quagsire|Recover|p1a: Quagsire\n|-heal|p1a: Quagsire|52/100\n|\n|-heal|p1a: Quagsire|58/100|[from] item: Leftovers\n|upkeep\n|turn|12\n|inactive|Time left: 300 sec this turn | 300 sec total\n|\n|t:|1783543433\n|move|p2a: Cinderace|High Jump Kick|p1a: Quagsire|[miss]\n|-miss|p2a: Cinderace|p1a: Quagsire\n|-damage|p2a: Cinderace|0 fnt|[from] highjumpkick\n|faint|p2a: Cinderace\n|move|p1a: Quagsire|Recover|p1a: Quagsire\n|-heal|p1a: Quagsire|100/100\n|\n|upkeep\n|inactive|Time left: 300 sec this turn | 300 sec total | 5 sec grace\n|\n|t:|1783543434\n|switch|p2a: Lucario|Lucario, L84, M|255/255\n|turn|13\n|inactive|Time left: 300 sec this turn | 300 sec total\n|\n|t:|1783543435\n|switch|p1a: Heatran|Heatran, L79, M|100/100\n|-item|p1a: Heatran|Air Balloon\n|move|p2a: Lucario|Flash Cannon|p1a: Heatran\n|-resisted|p1a: Heatran\n|-damage|p1a: Heatran|91/100\n|-enditem|p1a: Heatran|Air Balloon\n|-damage|p2a: Lucario|230/255|[from] item: Life Orb\n|\n|upkeep\n|turn|14\n|inactive|Time left: 300 sec this turn | 300 sec total\n|\n|t:|1783543436\n|move|p2a: Lucario|Aura Sphere|p1a: Heatran\n|-supereffective|p1a: Heatran\n|-damage|p1a: Heatran|10/100\n|-damage|p2a: Lucario|205/255|[from] item: Life Orb\n|move|p1a: Heatran|Magma Storm|p2a: Lucario|[miss]\n|-miss|p1a: Heatran|p2a: Lucario\n|\n|upkeep\n|turn|15\n|inactive|Time left: 300 sec this turn | 300 sec total\n|\n|t:|1783543437\n|move|p2a: Lucario|Aura Sphere|p1a: Heatran\n|-supereffective|p1a: Heatran\n|-damage|p1a: Heatran|0 fnt\n|faint|p1a: Heatran\n|-damage|p2a: Lucario|180/255|[from] item: Life Orb\n|\n|upkeep\n|\n|t:|1783543438\n|switch|p1a: Crabominable|Crabominable, L90, F|59/100\n|turn|16\n|inactive|Time left: 300 sec this turn | 300 sec total\n|\n|t:|1783543439\n|move|p2a: Lucario|Flash Cannon|p1a: Crabominable\n|-supereffective|p1a: Crabominable\n|-damage|p1a: Crabominable|0 fnt\n|faint|p1a: Crabominable\n|-damage|p2a: Lucario|155/255|[from] item: Life Orb\n|\n|upkeep\n|\n|t:|1783543440\n|switch|p1a: Sudowoodo|Sudowoodo, L94, F|100/100\n|turn|17\n|inactive|Time left: 300 sec this turn | 300 sec total\n|\n|t:|1783543441\n|move|p2a: Lucario|Flash Cannon|p1a: Sudowoodo\n|-supereffective|p1a: Sudowoodo\n|-damage|p1a: Sudowoodo|4/100\n|-damage|p2a: Lucario|130/255|[from] item: Life Orb\n|move|p1a: Sudowoodo|Earthquake|p2a: Lucario\n|-supereffective|p2a: Lucario\n|-damage|p2a: Lucario|0 fnt\n|faint|p2a: Lucario\n|\n|upkeep\n|inactive|Time left: 300 sec this turn | 300 sec total | 5 sec grace\n|\n|t:|1783543442\n|switch|p2a: Toxtricity|Toxtricity, L82, F|257/257\n|turn|18\n|inactive|Time left: 300 sec this turn | 300 sec total\n|\n|t:|1783543443\n|move|p2a: Toxtricity|Sludge Wave|p1a: Sudowoodo\n|-resisted|p1a: Sudowoodo\n|-damage|p1a: Sudowoodo|0 fnt\n|faint|p1a: Sudowoodo\n|\n|upkeep\n|\n|t:|1783543444\n|switch|p1a: Quagsire|Quagsire, L84, M, tera:Fairy|100/100\n|turn|19\n|inactive|Time left: 300 sec this turn | 300 sec total\n|\n|t:|1783543445\n|move|p2a: Toxtricity|Sludge Wave|p1a: Quagsire\n|-supereffective|p1a: Quagsire\n|-damage|p1a: Quagsire|8/100\n|move|p1a: Quagsire|Recover|p1a: Quagsire\n|-heal|p1a: Quagsire|58/100\n|\n|-heal|p1a: Quagsire|64/100|[from] item: Leftovers\n|upkeep\n|turn|20\n|inactive|Time left: 300 sec this turn | 300 sec total\n|\n|t:|1783543446\n|move|p2a: Toxtricity|Sludge Wave|p1a: Quagsire\n|-supereffective|p1a: Quagsire\n|-damage|p1a: Quagsire|0 fnt\n|faint|p1a: Quagsire\n|\n|win|p0y370a293", "uploadtime": 1783543446, "views": 0, "rating": 0, "private": 0, "password": null, "_winner": "p0y370a293", "_our_name": "p0y370a293"}