{"id": "battle-gen9randombattle-521", "formatid": "gen9randombattle", "format": "[Gen 9] Random Battle", "players": ["p0x521f052", "p0y5212a8d"], "log": "|init|battle\n|title|p0x521f052 vs. p0y5212a8d\n|j|\u2606p0x521f052\n|j|\u2606p0y5212a8d\n|t:|1783545849\n|gametype|singles\n|player|p1|p0x521f052|102|\n|player|p2|p0y5212a8d|2|\n|gen|9\n|tier|[Gen 9] Random Battle\n|rule|Species Clause: Limit one of each Pok\u00e9mon\n|rule|HP Percentage Mod: HP is shown in percentages\n|rule|Sleep Clause Mod: Limit one foe put to sleep\n|rule|Illusion Level Mod: Illusion disguises the Pok\u00e9mon's true level\n|\n|t:|1783545849\n|teamsize|p1|6\n|teamsize|p2|6\n|start\n|switch|p1a: Pelipper|Pelipper, L86, M|100/100\n|switch|p2a: Leafeon|Leafeon, L88, F|258/258\n|-weather|RainDance|[from] ability: Drizzle|[of] p1a: Pelipper\n|turn|1\n|inactive|Battle timer is ON: inactive players will automatically lose when time's up. (requested by p0y5212a8d)\n|\n|t:|1783545850\n|move|p2a: Leafeon|Substitute|p2a: Leafeon\n|-start|p2a: Leafeon|Substitute\n|-damage|p2a: Leafeon|194/258\n|move|p1a: Pelipper|Hurricane|p2a: Leafeon\n|-supereffective|p2a: Leafeon\n|-end|p2a: Leafeon|Substitute\n|\n|-weather|RainDance|[upkeep]\n|-heal|p2a: Leafeon|210/258|[from] item: Leftovers\n|upkeep\n|turn|2\n|inactive|Time left: 300 sec this turn | 300 sec total\n|inactive|p0x521f052 also wants the timer to be on.\n|\n|t:|1783545851\n|switch|p2a: Noctowl|Noctowl, L95, F|344/344\n|move|p1a: Pelipper|Hurricane|p2a: Noctowl\n|-damage|p2a: Noctowl|247/344\n|-start|p2a: Noctowl|confusion\n|\n|-weather|RainDance|[upkeep]\n|upkeep\n|turn|3\n|inactive|Time left: 300 sec this turn | 300 sec total\n|\n|t:|1783545853\n|-activate|p2a: Noctowl|confusion\n|move|p2a: Noctowl|Hurricane|p1a: Pelipper\n|-damage|p1a: Pelipper|37/100\n|move|p1a: Pelipper|Hurricane|p2a: Noctowl\n|-damage|p2a: Noctowl|144/344\n|\n|-weather|RainDance|[upkeep]\n|upkeep\n|turn|4\n|inactive|Time left: 300 sec this turn | 300 sec total\n|\n|t:|1783545854\n|-activate|p2a: Noctowl|confusion\n|-damage|p2a: Noctowl|123/344|[from] confusion\n|move|p1a: Pelipper|Hydro Pump|p2a: Noctowl\n|-damage|p2a: Noctowl|0 fnt\n|faint|p2a: Noctowl\n|\n|-weather|RainDance|[upkeep]\n|upkeep\n|inactive|Time left: 300 sec this turn | 300 sec total | 5 sec grace\n|\n|t:|1783545855\n|switch|p2a: Leafeon|Leafeon, L88, F|210/258\n|turn|5\n|inactive|Time left: 300 sec this turn | 300 sec total\n|\n|t:|1783545856\n|switch|p1a: Stantler|Stantler, L92, F|100/100\n|-ability|p1a: Stantler|Intimidate|boost\n|-unboost|p2a: Leafeon|atk|1\n|move|p2a: Leafeon|Leaf Blade|p1a: Stantler\n|-damage|p1a: Stantler|80/100\n|\n|-weather|none\n|-heal|p2a: Leafeon|226/258|[from] item: Leftovers\n|upkeep\n|turn|6\n|inactive|Time left: 300 sec this turn | 300 sec total\n|\n|t:|1783545857\n|move|p2a: Leafeon|Swords Dance|p2a: Leafeon\n|-boost|p2a: Leafeon|atk|2\n|move|p1a: Stantler|Calm Mind|p1a: Stantler\n|-boost|p1a: Stantler|spa|1\n|-boost|p1a: Stantler|spd|1\n|\n|-heal|p2a: Leafeon|242/258|[from] item: Leftovers\n|upkeep\n|turn|7\n|inactive|Time left: 300 sec this turn | 300 sec total\n|\n|t:|1783545857\n|move|p2a: Leafeon|Knock Off|p1a: Stantler\n|-damage|p1a: Stantler|45/100\n|-enditem|p1a: Stantler|Eviolite|[from] move: Knock Off|[of] p2a: Leafeon\n|move|p1a: Stantler|Tera Blast|p2a: Leafeon\n|-damage|p2a: Leafeon|85/258\n|\n|-heal|p2a: Leafeon|101/258|[from] item: Leftovers\n|upkeep\n|turn|8\n|inactive|Time left: 300 sec this turn | 300 sec total\n|\n|t:|1783545858\n|switch|p1a: Slaking|Slaking, L84, F|100/100\n|move|p2a: Leafeon|Leaf Blade|p1a: Slaking\n|-damage|p1a: Slaking|62/100\n|\n|-heal|p2a: Leafeon|117/258|[from] item: Leftovers\n|upkeep\n|turn|9\n|inactive|Time left: 300 sec this turn | 300 sec total\n|\n|t:|1783545859\n|move|p1a: Slaking|Giga Impact|p2a: Leafeon\n|-damage|p2a: Leafeon|0 fnt\n|-mustrecharge|p1a: Slaking\n|faint|p2a: Leafeon\n|\n|upkeep\n|inactive|Time left: 300 sec this turn | 300 sec total | 5 sec grace\n|\n|t:|1783545860\n|switch|p2a: Crabominable|Crabominable, L90, M|321/321\n|turn|10\n|inactive|Time left: 300 sec this turn | 300 sec total\n|\n|t:|1783545861\n|cant|p1a: Slaking|recharge\n|move|p2a: Crabominable|Drain Punch|p1a: Slaking\n|-supereffective|p1a: Slaking\n|-damage|p1a: Slaking|0 fnt\n|faint|p1a: Slaking\n|\n|upkeep\n|\n|t:|1783545862\n|switch|p1a: Pelipper|Pelipper, L86, M|37/100\n|-weather|RainDance|[from] ability: Drizzle|[of] p1a: Pelipper\n|turn|11\n|inactive|Time left: 300 sec this turn | 300 sec total\n|\n|t:|1783545862\n|move|p1a: Pelipper|Hurricane|p2a: Crabominable\n|-supereffective|p2a: Crabominable\n|-damage|p2a: Crabominable|147/321\n|move|p2a: Crabominable|Knock Off|p1a: Pelipper\n|-damage|p1a: Pelipper|0 fnt\n|-enditem|p1a: Pelipper|Heavy-Duty Boots|[from] move: Knock Off|[of] p2a: Crabominable\n|faint|p1a: Pelipper\n|\n|-weather|RainDance|[upkeep]\n|upkeep\n|\n|t:|1783545863\n|switch|p1a: Iron Jugulis|Iron Jugulis, L77|100/100\n|turn|12\n|inactive|Time left: 300 sec this turn | 300 sec total\n|\n|t:|1783545864\n|-terastallize|p2a: Crabominable|Ground\n|move|p1a: Iron Jugulis|Hurricane|p2a: Crabominable\n|-damage|p2a: Crabominable|24/321\n|move|p2a: Crabominable|Drain Punch|p1a: Iron Jugulis\n|-damage|p1a: Iron Jugulis|46/100\n|-heal|p2a: Crabominable|98/321|[from] drain|[of] p1a: Iron Jugulis\n|\n|-weather|RainDance|[upkeep]\n|upkeep\n|turn|13\n|inactive|Time left: 300 sec this turn | 300 sec total\n|\n|t:|1783545865\n|move|p1a: Iron Jugulis|Hurricane|p2a: Crabominable\n|-damage|p2a: Crabominable|0 fnt\n|faint|p2a: Crabominable\n|\n|-weather|RainDance|[upkeep]\n|upkeep\n|inactive|Time left: 300 sec this turn | 300 sec total | 5 sec grace\n|\n|t:|1783545866\n|switch|p2a: Sylveon|Sylveon, L85, M|300/300\n|turn|14\n|inactive|Time left: 300 sec this turn | 300 sec total\n|\n|t:|1783545867\n|-end|p1a: Iron Jugulis|Quark Drive|[silent]\n|switch|p1a: Tinkaton|Tinkaton, L82, F|100/100\n|-ability|p1a: Tinkaton|Mold Breaker\n|move|p2a: Sylveon|Hyper Voice|p1a: Tinkaton\n|-resisted|p1a: Tinkaton\n|-damage|p1a: Tinkaton|81/100\n|\n|-weather|RainDance|[upkeep]\n|-heal|p1a: Tinkaton|87/100|[from] item: Leftovers\n|upkeep\n|turn|15\n|inactive|Time left: 300 sec this turn | 300 sec total\n|\n|t:|1783545868\n|switch|p2a: Ursaring|Ursaring, L84, M|288/288\n|move|p1a: Tinkaton|Gigaton Hammer|p2a: Ursaring\n|-damage|p2a: Ursaring|185/288\n|\n|-weather|none\n|-heal|p1a: Tinkaton|93/100|[from] item: Leftovers\n|upkeep\n|turn|16\n|inactive|Time left: 300 sec this turn | 300 sec total\n|\n|t:|1783545869\n|move|p1a: Tinkaton|Knock Off|p2a: Ursaring\n|-damage|p2a: Ursaring|145/288\n|-enditem|p2a: Ursaring|Eviolite|[from] move: Knock Off|[of] p1a: Tinkaton\n|move|p2a: Ursaring|Earthquake|p1a: Tinkaton\n|-supereffective|p1a: Tinkaton\n|-damage|p1a: Tinkaton|20/100\n|\n|-heal|p1a: Tinkaton|26/100|[from] item: Leftovers\n|upkeep\n|turn|17\n|inactive|Time left: 300 sec this turn | 300 sec total\n|\n|t:|1783545870\n|move|p1a: Tinkaton|Gigaton Hammer|p2a: Ursaring\n|-damage|p2a: Ursaring|0 fnt\n|faint|p2a: Ursaring\n|\n|-heal|p1a: Tinkaton|33/100|[from] item: Leftovers\n|upkeep\n|inactive|Time left: 300 sec this turn | 300 sec total | 5 sec grace\n|\n|t:|1783545871\n|switch|p2a: Lilligant|Lilligant, L86, F|261/261\n|turn|18\n|inactive|Time left: 300 sec this turn | 300 sec total\n|\n|t:|1783545872\n|move|p2a: Lilligant|Quiver Dance|p2a: Lilligant\n|-boost|p2a: Lilligant|spa|1\n|-boost|p2a: Lilligant|spd|1\n|-boost|p2a: Lilligant|spe|1\n|move|p1a: Tinkaton|Thunder Wave|p2a: Lilligant\n|-status|p2a: Lilligant|par\n|\n|-heal|p1a: Tinkaton|39/100|[from] item: Leftovers\n|upkeep\n|turn|19\n|inactive|Time left: 300 sec this turn | 300 sec total\n|\n|t:|1783545873\n|move|p1a: Tinkaton|Gigaton Hammer|p2a: Lilligant\n|-damage|p2a: Lilligant|104/261 par\n|move|p2a: Lilligant|Quiver Dance|p2a: Lilligant\n|-boost|p2a: Lilligant|spa|1\n|-boost|p2a: Lilligant|spd|1\n|-boost|p2a: Lilligant|spe|1\n|\n|-heal|p1a: Tinkaton|45/100|[from] item: Leftovers\n|upkeep\n|turn|20\n|inactive|Time left: 300 sec this turn | 300 sec total\n|\n|t:|1783545875\n|switch|p1a: Virizion|Virizion, L82|100/100\n|move|p2a: Lilligant|Giga Drain|p1a: Virizion\n|-resisted|p1a: Virizion\n|-damage|p1a: Virizion|71/100\n|-heal|p2a: Lilligant|146/261 par|[from] drain|[of] p1a: Virizion\n|-damage|p2a: Lilligant|120/261 par|[from] item: Life Orb\n|\n|upkeep\n|turn|21\n|inactive|Time left: 300 sec this turn | 300 sec total\n|\n|t:|1783545876\n|move|p1a: Virizion|Close Combat|p2a: Lilligant\n|-damage|p2a: Lilligant|0 fnt\n|-unboost|p1a: Virizion|def|1\n|-unboost|p1a: Virizion|spd|1\n|faint|p2a: Lilligant\n|-damage|p1a: Virizion|61/100|[from] item: Life Orb\n|\n|upkeep\n|inactive|Time left: 300 sec this turn | 300 sec total | 5 sec grace\n|\n|t:|1783545876\n|switch|p2a: Sylveon|Sylveon, L85, M|300/300\n|turn|22\n|inactive|Time left: 300 sec this turn | 300 sec total\n|\n|t:|1783545877\n|switch|p1a: Tinkaton|Tinkaton, L82, F|45/100\n|-ability|p1a: Tinkaton|Mold Breaker\n|move|p2a: Sylveon|Calm Mind|p2a: Sylveon\n|-boost|p2a: Sylveon|spa|1\n|-boost|p2a: Sylveon|spd|1\n|\n|-heal|p1a: Tinkaton|51/100|[from] item: Leftovers\n|upkeep\n|turn|23\n|inactive|Time left: 300 sec this turn | 300 sec total\n|\n|t:|1783545878\n|move|p2a: Sylveon|Protect|p2a: Sylveon\n|-singleturn|p2a: Sylveon|Protect\n|move|p1a: Tinkaton|Thunder Wave|p2a: Sylveon\n|-activate|p2a: Sylveon|move: Protect\n|\n|-heal|p1a: Tinkaton|57/100|[from] item: Leftovers\n|upkeep\n|turn|24\n|inactive|Time left: 300 sec this turn | 300 sec total\n|\n|t:|1783545879\n|move|p2a: Sylveon|Protect|p2a: Sylveon\n|-singleturn|p2a: Sylveon|Protect\n|move|p1a: Tinkaton|Gigaton Hammer|p2a: Sylveon\n|-activate|p2a: Sylveon|move: Protect\n|\n|-heal|p1a: Tinkaton|64/100|[from] item: Leftovers\n|upkeep\n|turn|25\n|inactive|Time left: 300 sec this turn | 300 sec total\n|\n|t:|1783545880\n|move|p1a: Tinkaton|Thunder Wave|p2a: Sylveon\n|-status|p2a: Sylveon|par\n|move|p2a: Sylveon|Hyper Voice|p1a: Tinkaton\n|-resisted|p1a: Tinkaton\n|-damage|p1a: Tinkaton|32/100\n|\n|-heal|p1a: Tinkaton|38/100|[from] item: Leftovers\n|upkeep\n|turn|26\n|inactive|Time left: 300 sec this turn | 300 sec total\n|\n|t:|1783545881\n|cant|p2a: Sylveon|par\n|move|p1a: Tinkaton|Gigaton Hammer|p2a: Sylveon\n|-supereffective|p2a: Sylveon\n|-damage|p2a: Sylveon|0 fnt\n|faint|p2a: Sylveon\n|\n|win|p0x521f052", "uploadtime": 1783545881, "views": 0, "rating": 0, "private": 0, "password": null, "_winner": "p0x521f052", "_our_name": "p0y5212a8d"}