{"id": "battle-gen9randombattle-44", "formatid": "gen9randombattle", "format": "[Gen 9] Random Battle", "players": ["p0x04453b5", "p0y0440d83"], "log": "|init|battle\n|title|p0x04453b5 vs. p0y0440d83\n|j|\u2606p0x04453b5\n|j|\u2606p0y0440d83\n|t:|1783533727\n|gametype|singles\n|player|p1|p0x04453b5|266|\n|player|p2|p0y0440d83|2|\n|gen|9\n|tier|[Gen 9] Random Battle\n|rule|Species Clause: Limit one of each Pok\u00e9mon\n|rule|HP Percentage Mod: HP is shown in percentages\n|rule|Sleep Clause Mod: Limit one foe put to sleep\n|rule|Illusion Level Mod: Illusion disguises the Pok\u00e9mon's true level\n|\n|t:|1783533727\n|teamsize|p1|6\n|teamsize|p2|6\n|start\n|switch|p1a: Veluza|Veluza, L85, F|292/292\n|switch|p2a: Charizard|Charizard, L85, M|100/100\n|turn|1\n|inactive|Battle timer is ON: inactive players will automatically lose when time's up. (requested by p0y0440d83)\n|inactive|Time left: 300 sec this turn | 300 sec total | 60 sec grace\n|\n|t:|1783533728\n|switch|p2a: Exeggutor|Exeggutor-Alola, L89, M|100/100\n|-item|p1a: Veluza|Sitrus Berry|[from] ability: Frisk|[of] p2a: Exeggutor\n|move|p1a: Veluza|Aqua Cutter|p2a: Exeggutor\n|-resisted|p2a: Exeggutor\n|-damage|p2a: Exeggutor|91/100\n|\n|upkeep\n|turn|2\n|inactive|Time left: 300 sec this turn | 300 sec total\n|inactive|p0x04453b5 also wants the timer to be on.\n|\n|t:|1783533730\n|switch|p1a: Slowking|Slowking-Galar, L85, F|300/300\n|move|p2a: Exeggutor|Giga Drain|p1a: Slowking\n|-resisted|p1a: Slowking\n|-damage|p1a: Slowking|252/300\n|-heal|p2a: Exeggutor|99/100|[from] drain|[of] p1a: Slowking\n|\n|upkeep\n|turn|3\n|inactive|Time left: 300 sec this turn | 300 sec total\n|\n|t:|1783533731\n|move|p2a: Exeggutor|Giga Drain|p1a: Slowking\n|-resisted|p1a: Slowking\n|-damage|p1a: Slowking|207/300\n|-heal|p2a: Exeggutor|100/100|[from] drain|[of] p1a: Slowking\n|move|p1a: Slowking|Sludge Bomb|p2a: Exeggutor\n|-supereffective|p2a: Exeggutor\n|-damage|p2a: Exeggutor|31/100\n|-status|p2a: Exeggutor|psn\n|\n|-damage|p2a: Exeggutor|19/100 psn|[from] psn\n|upkeep\n|turn|4\n|inactive|Time left: 300 sec this turn | 300 sec total\n|\n|t:|1783533732\n|move|p2a: Exeggutor|Giga Drain|p1a: Slowking\n|-resisted|p1a: Slowking\n|-damage|p1a: Slowking|162/300\n|-heal|p2a: Exeggutor|26/100 psn|[from] drain|[of] p1a: Slowking\n|move|p1a: Slowking|Sludge Bomb|p2a: Exeggutor\n|-supereffective|p2a: Exeggutor\n|-damage|p2a: Exeggutor|0 fnt\n|faint|p2a: Exeggutor\n|\n|upkeep\n|\n|t:|1783533733\n|switch|p2a: Iron Crown|Iron Crown, L78|100/100\n|turn|5\n|inactive|Time left: 300 sec this turn | 300 sec total\n|\n|t:|1783533734\n|move|p2a: Iron Crown|Calm Mind|p2a: Iron Crown\n|-boost|p2a: Iron Crown|spa|1\n|-boost|p2a: Iron Crown|spd|1\n|move|p1a: Slowking|Fire Blast|p2a: Iron Crown\n|-supereffective|p2a: Iron Crown\n|-damage|p2a: Iron Crown|59/100\n|\n|-heal|p2a: Iron Crown|65/100|[from] item: Leftovers\n|upkeep\n|turn|6\n|inactive|Time left: 300 sec this turn | 300 sec total\n|\n|t:|1783533735\n|switch|p1a: Veluza|Veluza, L85, F|292/292\n|move|p2a: Iron Crown|Calm Mind|p2a: Iron Crown\n|-boost|p2a: Iron Crown|spa|1\n|-boost|p2a: Iron Crown|spd|1\n|\n|-heal|p2a: Iron Crown|71/100|[from] item: Leftovers\n|upkeep\n|turn|7\n|inactive|Time left: 300 sec this turn | 300 sec total\n|\n|t:|1783533736\n|move|p2a: Iron Crown|Tachyon Cutter|p1a: Veluza\n|-resisted|p1a: Veluza\n|-damage|p1a: Veluza|228/292\n|-resisted|p1a: Veluza\n|-damage|p1a: Veluza|164/292\n|-hitcount|p1a: Veluza|2\n|move|p1a: Veluza|Fillet Away|p1a: Veluza\n|-boost|p1a: Veluza|atk|2\n|-boost|p1a: Veluza|spa|2\n|-boost|p1a: Veluza|spe|2\n|-damage|p1a: Veluza|18/292\n|-enditem|p1a: Veluza|Sitrus Berry|[eat]\n|-heal|p1a: Veluza|91/292|[from] item: Sitrus Berry\n|\n|-heal|p2a: Iron Crown|77/100|[from] item: Leftovers\n|upkeep\n|turn|8\n|inactive|Time left: 300 sec this turn | 300 sec total\n|\n|t:|1783533737\n|-end|p2a: Iron Crown|Quark Drive|[silent]\n|switch|p2a: Toxicroak|Toxicroak, L84, M|100/100\n|move|p1a: Veluza|Aqua Cutter|p2a: Toxicroak\n|-immune|p2a: Toxicroak|[from] ability: Dry Skin\n|\n|upkeep\n|turn|9\n|inactive|Time left: 300 sec this turn | 300 sec total\n|\n|t:|1783533738\n|-terastallize|p2a: Toxicroak|Dark\n|move|p1a: Veluza|Psycho Cut|p2a: Toxicroak\n|-immune|p2a: Toxicroak\n|move|p2a: Toxicroak|Gunk Shot|p1a: Veluza\n|-damage|p1a: Veluza|0 fnt\n|faint|p1a: Veluza\n|\n|upkeep\n|inactive|Time left: 300 sec this turn | 300 sec total | 5 sec grace\n|\n|t:|1783533740\n|switch|p1a: Pawmot|Pawmot, L80, F|243/243\n|turn|10\n|inactive|Time left: 300 sec this turn | 300 sec total\n|\n|t:|1783533741\n|switch|p2a: Tauros|Tauros-Paldea-Combat, L82, M|100/100\n|-ability|p2a: Tauros|Intimidate|boost\n|-unboost|p1a: Pawmot|atk|1\n|move|p1a: Pawmot|Close Combat|p2a: Tauros\n|-damage|p2a: Tauros|57/100\n|-unboost|p1a: Pawmot|def|1\n|-unboost|p1a: Pawmot|spd|1\n|-damage|p1a: Pawmot|219/243|[from] item: Life Orb\n|\n|upkeep\n|turn|11\n|inactive|Time left: 300 sec this turn | 300 sec total\n|\n|t:|1783533742\n|switch|p1a: Slowking|Slowking-Galar, L85, F|262/300\n|move|p2a: Tauros|Close Combat|p1a: Slowking\n|-resisted|p1a: Slowking\n|-damage|p1a: Slowking|215/300\n|-unboost|p2a: Tauros|def|1\n|-unboost|p2a: Tauros|spd|1\n|-damage|p2a: Tauros|47/100|[from] item: Life Orb\n|\n|upkeep\n|turn|12\n|inactive|Time left: 300 sec this turn | 300 sec total\n|\n|t:|1783533743\n|switch|p2a: Iron Crown|Iron Crown, L78|77/100\n|move|p1a: Slowking|Sludge Bomb|p2a: Iron Crown\n|-immune|p2a: Iron Crown\n|\n|-heal|p2a: Iron Crown|83/100|[from] item: Leftovers\n|upkeep\n|turn|13\n|inactive|Time left: 300 sec this turn | 300 sec total\n|\n|t:|1783533744\n|move|p2a: Iron Crown|Calm Mind|p2a: Iron Crown\n|-boost|p2a: Iron Crown|spa|1\n|-boost|p2a: Iron Crown|spd|1\n|move|p1a: Slowking|Fire Blast|p2a: Iron Crown\n|-supereffective|p2a: Iron Crown\n|-damage|p2a: Iron Crown|45/100\n|\n|-heal|p2a: Iron Crown|50/100|[from] item: Leftovers\n|upkeep\n|turn|14\n|inactive|Time left: 300 sec this turn | 300 sec total\n|\n|t:|1783533745\n|switch|p1a: Zarude|Zarude-Dada, L77|288/288\n|move|p2a: Iron Crown|Psyshock|p1a: Zarude\n|-immune|p1a: Zarude\n|\n|-heal|p2a: Iron Crown|56/100|[from] item: Leftovers\n|upkeep\n|turn|15\n|inactive|Time left: 300 sec this turn | 300 sec total\n|\n|t:|1783533746\n|-end|p2a: Iron Crown|Quark Drive|[silent]\n|switch|p2a: Tauros|Tauros-Paldea-Combat, L82, M|47/100\n|-ability|p2a: Tauros|Intimidate|boost\n|-unboost|p1a: Zarude|atk|1\n|move|p1a: Zarude|Knock Off|p2a: Tauros\n|-resisted|p2a: Tauros\n|-damage|p2a: Tauros|30/100\n|-enditem|p2a: Tauros|Life Orb|[from] move: Knock Off|[of] p1a: Zarude\n|\n|upkeep\n|turn|16\n|inactive|Time left: 300 sec this turn | 300 sec total\n|\n|t:|1783533747\n|switch|p1a: Slowking|Slowking-Galar, L85, F|300/300\n|move|p2a: Tauros|Close Combat|p1a: Slowking\n|-resisted|p1a: Slowking\n|-damage|p1a: Slowking|264/300\n|-unboost|p2a: Tauros|def|1\n|-unboost|p2a: Tauros|spd|1\n|\n|upkeep\n|turn|17\n|inactive|Time left: 300 sec this turn | 300 sec total\n|\n|t:|1783533748\n|switch|p2a: Clawitzer|Clawitzer, L87, M|100/100\n|move|p1a: Slowking|Fire Blast|p2a: Clawitzer\n|-resisted|p2a: Clawitzer\n|-damage|p2a: Clawitzer|91/100\n|\n|upkeep\n|turn|18\n|inactive|Time left: 300 sec this turn | 300 sec total\n|\n|t:|1783533749\n|move|p2a: Clawitzer|Water Pulse|p1a: Slowking\n|-damage|p1a: Slowking|195/300\n|move|p1a: Slowking|Sludge Bomb|p2a: Clawitzer\n|-damage|p2a: Clawitzer|67/100\n|-status|p2a: Clawitzer|psn\n|\n|-damage|p2a: Clawitzer|54/100 psn|[from] psn\n|upkeep\n|turn|19\n|inactive|Time left: 300 sec this turn | 300 sec total\n|\n|t:|1783533750\n|switch|p1a: Lapras|Lapras, L87, F|367/367\n|move|p2a: Clawitzer|U-turn|p1a: Lapras\n|-damage|p1a: Lapras|321/367\n|\n|t:|1783533751\n|switch|p2a: Iron Crown|Iron Crown, L78|56/100|[from] U-turn\n|\n|-heal|p2a: Iron Crown|62/100|[from] item: Leftovers\n|upkeep\n|turn|20\n|inactive|Time left: 300 sec this turn | 300 sec total\n|\n|t:|1783533753\n|move|p2a: Iron Crown|Psyshock|p1a: Lapras\n|-damage|p1a: Lapras|225/367\n|move|p1a: Lapras|Dragon Dance|p1a: Lapras\n|-boost|p1a: Lapras|atk|1\n|-boost|p1a: Lapras|spe|1\n|\n|-heal|p2a: Iron Crown|68/100|[from] item: Leftovers\n|upkeep\n|turn|21\n|inactive|Time left: 300 sec this turn | 300 sec total\n|\n|t:|1783533754\n|-end|p2a: Iron Crown|Quark Drive|[silent]\n|switch|p2a: Tauros|Tauros-Paldea-Combat, L82, M|30/100\n|-ability|p2a: Tauros|Intimidate|boost\n|-unboost|p1a: Lapras|atk|1\n|move|p1a: Lapras|Earthquake|p2a: Tauros\n|-damage|p2a: Tauros|6/100\n|\n|upkeep\n|turn|22\n|inactive|Time left: 300 sec this turn | 300 sec total\n|\n|t:|1783533755\n|move|p1a: Lapras|Icicle Spear|p2a: Tauros\n|-damage|p2a: Tauros|0 fnt\n|faint|p2a: Tauros\n|-hitcount|p2: Tauros|1\n|\n|upkeep\n|\n|t:|1783533756\n|switch|p2a: Toxicroak|Toxicroak, L84, M, tera:Dark|100/100\n|turn|23\n|inactive|Time left: 300 sec this turn | 300 sec total\n|\n|t:|1783533757\n|move|p2a: Toxicroak|Close Combat|p1a: Lapras\n|-supereffective|p1a: Lapras\n|-damage|p1a: Lapras|0 fnt\n|-unboost|p2a: Toxicroak|def|1\n|-unboost|p2a: Toxicroak|spd|1\n|faint|p1a: Lapras\n|\n|upkeep\n|inactive|Time left: 300 sec this turn | 300 sec total | 5 sec grace\n|\n|t:|1783533758\n|switch|p1a: Zarude|Zarude-Dada, L77|288/288\n|turn|24\n|inactive|Time left: 300 sec this turn | 300 sec total\n|\n|t:|1783533759\n|move|p2a: Toxicroak|Close Combat|p1a: Zarude\n|-supereffective|p1a: Zarude\n|-damage|p1a: Zarude|42/288\n|-unboost|p2a: Toxicroak|def|1\n|-unboost|p2a: Toxicroak|spd|1\n|move|p1a: Zarude|Knock Off|p2a: Toxicroak\n|-resisted|p2a: Toxicroak\n|-damage|p2a: Toxicroak|33/100\n|-enditem|p2a: Toxicroak|Choice Scarf|[from] move: Knock Off|[of] p1a: Zarude\n|\n|upkeep\n|turn|25\n|inactive|Time left: 300 sec this turn | 300 sec total\n|\n|t:|1783533760\n|move|p1a: Zarude|Knock Off|p2a: Toxicroak\n|-resisted|p2a: Toxicroak\n|-damage|p2a: Toxicroak|0 fnt\n|faint|p2a: Toxicroak\n|\n|upkeep\n|\n|t:|1783533761\n|switch|p2a: Charizard|Charizard, L85, M|100/100\n|turn|26\n|inactive|Time left: 300 sec this turn | 300 sec total\n|\n|t:|1783533762\n|move|p2a: Charizard|Swords Dance|p2a: Charizard\n|-boost|p2a: Charizard|atk|2\n|move|p1a: Zarude|Knock Off|p2a: Charizard\n|-damage|p2a: Charizard|41/100\n|-enditem|p2a: Charizard|Heavy-Duty Boots|[from] move: Knock Off|[of] p1a: Zarude\n|\n|upkeep\n|turn|27\n|inactive|Time left: 300 sec this turn | 300 sec total\n|\n|t:|1783533763\n|move|p2a: Charizard|Earthquake|p1a: Zarude\n|-resisted|p1a: Zarude\n|-damage|p1a: Zarude|0 fnt\n|faint|p1a: Zarude\n|\n|upkeep\n|inactive|Time left: 300 sec this turn | 300 sec total | 5 sec grace\n|\n|t:|1783533764\n|switch|p1a: Slowking|Slowking-Galar, L85, F|295/300\n|turn|28\n|inactive|Time left: 300 sec this turn | 300 sec total\n|\n|t:|1783533765\n|-terastallize|p1a: Slowking|Dark\n|move|p2a: Charizard|Earthquake|p1a: Slowking\n|-damage|p1a: Slowking|148/300\n|move|p1a: Slowking|Surf|p2a: Charizard\n|-supereffective|p2a: Charizard\n|-damage|p2a: Charizard|0 fnt\n|faint|p2a: Charizard\n|\n|upkeep\n|\n|t:|1783533766\n|switch|p2a: Clawitzer|Clawitzer, L87, M|54/100 psn\n|turn|29\n|inactive|Time left: 300 sec this turn | 300 sec total\n|\n|t:|1783533767\n|switch|p1a: Pawmot|Pawmot, L80, F|219/243\n|move|p2a: Clawitzer|U-turn|p1a: Pawmot\n|-resisted|p1a: Pawmot\n|-damage|p1a: Pawmot|194/243\n|\n|t:|1783533768\n|switch|p2a: Iron Crown|Iron Crown, L78|68/100|[from] U-turn\n|\n|-heal|p2a: Iron Crown|74/100|[from] item: Leftovers\n|upkeep\n|turn|30\n|inactive|Time left: 300 sec this turn | 300 sec total\n|\n|t:|1783533769\n|move|p1a: Pawmot|Knock Off|p2a: Iron Crown\n|-supereffective|p2a: Iron Crown\n|-crit|p2a: Iron Crown\n|-damage|p2a: Iron Crown|0 fnt\n|-enditem|p2a: Iron Crown|Leftovers|[from] move: Knock Off|[of] p1a: Pawmot\n|faint|p2a: Iron Crown\n|-end|p2a: Iron Crown|Quark Drive|[silent]\n|-damage|p1a: Pawmot|170/243|[from] item: Life Orb\n|\n|upkeep\n|\n|t:|1783533769\n|switch|p2a: Clawitzer|Clawitzer, L87, M|54/100 psn\n|turn|31\n|inactive|Time left: 300 sec this turn | 300 sec total\n|\n|t:|1783533770\n|move|p1a: Pawmot|Double Shock|p2a: Clawitzer\n|-supereffective|p2a: Clawitzer\n|-damage|p2a: Clawitzer|0 fnt\n|-start|p1a: Pawmot|typechange|???/Fighting|[from] move: Double Shock\n|faint|p2a: Clawitzer\n|-damage|p1a: Pawmot|146/243|[from] item: Life Orb\n|\n|win|p0x04453b5", "uploadtime": 1783533770, "views": 0, "rating": 0, "private": 0, "password": null, "_winner": "p0x04453b5", "_our_name": "p0x04453b5"}