{"id": "battle-gen9randombattle-1319", "formatid": "gen9randombattle", "format": "[Gen 9] Random Battle", "players": ["p0x1319f5eb", "p0y13190a58"], "log": "|init|battle\n|title|p0x1319f5eb vs. p0y13190a58\n|j|\u2606p0x1319f5eb\n|j|\u2606p0y13190a58\n|t:|1783555297\n|gametype|singles\n|player|p1|p0x1319f5eb|265|\n|player|p2|p0y13190a58|1|\n|gen|9\n|tier|[Gen 9] Random Battle\n|rule|Species Clause: Limit one of each Pok\u00e9mon\n|rule|HP Percentage Mod: HP is shown in percentages\n|rule|Sleep Clause Mod: Limit one foe put to sleep\n|rule|Illusion Level Mod: Illusion disguises the Pok\u00e9mon's true level\n|\n|t:|1783555297\n|teamsize|p1|6\n|teamsize|p2|6\n|start\n|switch|p1a: Tinkaton|Tinkaton, L82, F|274/274\n|switch|p2a: Porygon2|Porygon2, L81|100/100\n|-ability|p1a: Tinkaton|Mold Breaker\n|-ability|p2a: Porygon2|Download|boost\n|-boost|p2a: Porygon2|atk|1\n|turn|1\n|inactive|Battle timer is ON: inactive players will automatically lose when time's up. (requested by p0y13190a58)\n|inactive|Time left: 300 sec this turn | 300 sec total | 60 sec grace\n|inactive|p0x1319f5eb also wants the timer to be on.\n|\n|t:|1783555298\n|move|p1a: Tinkaton|Thunder Wave|p2a: Porygon2\n|-status|p2a: Porygon2|par\n|move|p2a: Porygon2|Shadow Ball|p1a: Tinkaton\n|-damage|p1a: Tinkaton|226/274\n|-unboost|p1a: Tinkaton|spd|1\n|\n|-heal|p1a: Tinkaton|243/274|[from] item: Leftovers\n|upkeep\n|turn|2\n|inactive|Time left: 300 sec this turn | 300 sec total\n|\n|t:|1783555300\n|move|p1a: Tinkaton|Gigaton Hammer|p2a: Porygon2\n|-damage|p2a: Porygon2|69/100 par\n|move|p2a: Porygon2|Shadow Ball|p1a: Tinkaton\n|-damage|p1a: Tinkaton|166/274\n|\n|-heal|p1a: Tinkaton|183/274|[from] item: Leftovers\n|upkeep\n|turn|3\n|inactive|Time left: 300 sec this turn | 300 sec total\n|\n|t:|1783555301\n|switch|p1a: Veluza|Veluza, L85, F|292/292\n|move|p2a: Porygon2|Recover|p2a: Porygon2\n|-heal|p2a: Porygon2|100/100 par\n|\n|upkeep\n|turn|4\n|inactive|Time left: 300 sec this turn | 300 sec total\n|\n|t:|1783555302\n|move|p1a: Veluza|Fillet Away|p1a: Veluza\n|-boost|p1a: Veluza|atk|2\n|-boost|p1a: Veluza|spa|2\n|-boost|p1a: Veluza|spe|2\n|-damage|p1a: Veluza|146/292\n|-enditem|p1a: Veluza|Sitrus Berry|[eat]\n|-heal|p1a: Veluza|219/292|[from] item: Sitrus Berry\n|move|p2a: Porygon2|Shadow Ball|p1a: Veluza\n|-supereffective|p1a: Veluza\n|-damage|p1a: Veluza|81/292\n|\n|upkeep\n|turn|5\n|inactive|Time left: 300 sec this turn | 300 sec total\n|\n|t:|1783555303\n|move|p1a: Veluza|Psycho Cut|p2a: Porygon2\n|-damage|p2a: Porygon2|40/100 par\n|move|p2a: Porygon2|Tera Blast|p1a: Veluza\n|-damage|p1a: Veluza|0 fnt\n|faint|p1a: Veluza\n|\n|upkeep\n|inactive|Time left: 300 sec this turn | 300 sec total | 5 sec grace\n|\n|t:|1783555304\n|switch|p1a: Necrozma|Necrozma-Dawn-Wings, L76|272/272\n|turn|6\n|inactive|Time left: 300 sec this turn | 300 sec total\n|\n|t:|1783555305\n|move|p1a: Necrozma|Photon Geyser|p2a: Porygon2\n|-damage|p2a: Porygon2|0 fnt\n|faint|p2a: Porygon2\n|-damage|p1a: Necrozma|245/272|[from] item: Life Orb\n|\n|upkeep\n|\n|t:|1783555306\n|switch|p2a: Brambleghast|Brambleghast, L88, F|100/100\n|turn|7\n|inactive|Time left: 300 sec this turn | 300 sec total\n|\n|t:|1783555308\n|-terastallize|p1a: Necrozma|Fighting\n|move|p2a: Brambleghast|Poltergeist|p1a: Necrozma\n|-activate|p1a: Necrozma|move: Poltergeist|Life Orb\n|-damage|p1a: Necrozma|107/272\n|move|p1a: Necrozma|Moongeist Beam|p2a: Brambleghast\n|-supereffective|p2a: Brambleghast\n|-damage|p2a: Brambleghast|0 fnt\n|faint|p2a: Brambleghast\n|-damage|p1a: Necrozma|80/272|[from] item: Life Orb\n|\n|upkeep\n|\n|t:|1783555309\n|switch|p2a: Dodrio|Dodrio, L85, M|100/100\n|turn|8\n|inactive|Time left: 300 sec this turn | 300 sec total\n|\n|t:|1783555310\n|switch|p1a: Wigglytuff|Wigglytuff, L96, M|424/424\n|move|p2a: Dodrio|Brave Bird|p1a: Wigglytuff\n|-damage|p1a: Wigglytuff|222/424\n|-damage|p2a: Dodrio|73/100|[from] Recoil\n|\n|-heal|p1a: Wigglytuff|248/424|[from] item: Leftovers\n|upkeep\n|turn|9\n|inactive|Time left: 300 sec this turn | 300 sec total\n|\n|t:|1783555311\n|-terastallize|p2a: Dodrio|Normal\n|move|p2a: Dodrio|Double-Edge|p1a: Wigglytuff\n|-damage|p1a: Wigglytuff|0 fnt\n|faint|p1a: Wigglytuff\n|-damage|p2a: Dodrio|39/100|[from] Recoil\n|\n|upkeep\n|inactive|Time left: 300 sec this turn | 300 sec total | 5 sec grace\n|\n|t:|1783555312\n|switch|p1a: Tinkaton|Tinkaton, L82, F|183/274\n|-ability|p1a: Tinkaton|Mold Breaker\n|turn|10\n|inactive|Time left: 300 sec this turn | 300 sec total\n|\n|t:|1783555313\n|move|p2a: Dodrio|Drill Run|p1a: Tinkaton|[miss]\n|-miss|p2a: Dodrio|p1a: Tinkaton\n|move|p1a: Tinkaton|Gigaton Hammer|p2a: Dodrio\n|-damage|p2a: Dodrio|0 fnt\n|faint|p2a: Dodrio\n|\n|-heal|p1a: Tinkaton|200/274|[from] item: Leftovers\n|upkeep\n|\n|t:|1783555314\n|switch|p2a: Iron Boulder|Iron Boulder, L77|100/100\n|-enditem|p2a: Iron Boulder|Booster Energy\n|-activate|p2a: Iron Boulder|ability: Quark Drive|[fromitem]\n|-start|p2a: Iron Boulder|quarkdrivespe\n|turn|11\n|inactive|Time left: 300 sec this turn | 300 sec total\n|\n|t:|1783555315\n|move|p2a: Iron Boulder|Swords Dance|p2a: Iron Boulder\n|-boost|p2a: Iron Boulder|atk|2\n|move|p1a: Tinkaton|Play Rough|p2a: Iron Boulder\n|-damage|p2a: Iron Boulder|68/100\n|\n|-heal|p1a: Tinkaton|217/274|[from] item: Leftovers\n|upkeep\n|turn|12\n|inactive|Time left: 300 sec this turn | 300 sec total\n|\n|t:|1783555316\n|move|p2a: Iron Boulder|Close Combat|p1a: Tinkaton\n|-damage|p1a: Tinkaton|37/274\n|-unboost|p2a: Iron Boulder|def|1\n|-unboost|p2a: Iron Boulder|spd|1\n|move|p1a: Tinkaton|Gigaton Hammer|p2a: Iron Boulder\n|-supereffective|p2a: Iron Boulder\n|-damage|p2a: Iron Boulder|0 fnt\n|faint|p2a: Iron Boulder\n|-end|p2a: Iron Boulder|Quark Drive|[silent]\n|\n|-heal|p1a: Tinkaton|54/274|[from] item: Leftovers\n|upkeep\n|\n|t:|1783555317\n|switch|p2a: Chien-Pao|Chien-Pao, L72|100/100\n|-ability|p2a: Chien-Pao|Sword of Ruin\n|turn|13\n|inactive|Time left: 300 sec this turn | 300 sec total\n|\n|t:|1783555317\n|switch|p1a: Rotom|Rotom-Heat, L83|219/219\n|move|p2a: Chien-Pao|Sacred Sword|p1a: Rotom\n|-damage|p1a: Rotom|159/219\n|\n|upkeep\n|turn|14\n|inactive|Time left: 300 sec this turn | 300 sec total\n|\n|t:|1783555318\n|move|p2a: Chien-Pao|Throat Chop|p1a: Rotom\n|-damage|p1a: Rotom|75/219\n|-start|p1a: Rotom|Throat Chop|[silent]\n|move|p1a: Rotom|Overheat|p2a: Chien-Pao\n|-supereffective|p2a: Chien-Pao\n|-damage|p2a: Chien-Pao|0 fnt\n|-unboost|p1a: Rotom|spa|2\n|faint|p2a: Chien-Pao\n|\n|upkeep\n|\n|t:|1783555319\n|switch|p2a: Flapple|Flapple, L88, F|100/100\n|turn|15\n|inactive|Time left: 300 sec this turn | 300 sec total\n|\n|t:|1783555320\n|switch|p1a: Oricorio|Oricorio-Pom-Pom, L82, F|257/257\n|move|p2a: Flapple|Dragon Dance|p2a: Flapple\n|-boost|p2a: Flapple|atk|1\n|-boost|p2a: Flapple|spe|1\n|-activate|p1a: Oricorio|ability: Dancer\n|move|p1a: Oricorio|Dragon Dance|p1a: Oricorio|[from] ability: Dancer\n|-boost|p1a: Oricorio|atk|1\n|-boost|p1a: Oricorio|spe|1\n|\n|upkeep\n|turn|16\n|inactive|Time left: 300 sec this turn | 300 sec total\n|\n|t:|1783555321\n|move|p1a: Oricorio|Hurricane|p2a: Flapple\n|-supereffective|p2a: Flapple\n|-damage|p2a: Flapple|0 fnt\n|faint|p2a: Flapple\n|\n|win|p0x1319f5eb", "uploadtime": 1783555321, "views": 0, "rating": 0, "private": 0, "password": null, "_winner": "p0x1319f5eb", "_our_name": "p0x1319f5eb"}