{"id": "battle-gen9randombattle-1827", "formatid": "gen9randombattle", "format": "[Gen 9] Random Battle", "players": ["p0x1827b2ca", "p0y1827ad3f"], "log": "|init|battle\n|title|p0x1827b2ca vs. p0y1827ad3f\n|j|\u2606p0x1827b2ca\n|j|\u2606p0y1827ad3f\n|t:|1783560385\n|gametype|singles\n|player|p1|p0x1827b2ca|1|\n|player|p2|p0y1827ad3f|169|\n|gen|9\n|tier|[Gen 9] Random Battle\n|rule|Species Clause: Limit one of each Pok\u00e9mon\n|rule|HP Percentage Mod: HP is shown in percentages\n|rule|Sleep Clause Mod: Limit one foe put to sleep\n|rule|Illusion Level Mod: Illusion disguises the Pok\u00e9mon's true level\n|\n|t:|1783560385\n|teamsize|p1|6\n|teamsize|p2|6\n|start\n|switch|p1a: Kingdra|Kingdra, L84, F|100/100\n|switch|p2a: Entei|Entei, L78|307/307\n|turn|1\n|inactive|Battle timer is ON: inactive players will automatically lose when time's up. (requested by p0y1827ad3f)\n|inactive|p0x1827b2ca also wants the timer to be on.\n|\n|t:|1783560387\n|move|p2a: Entei|Sacred Fire|p1a: Kingdra\n|-resisted|p1a: Kingdra\n|-damage|p1a: Kingdra|88/100\n|move|p1a: Kingdra|Wave Crash|p2a: Entei\n|-supereffective|p2a: Entei\n|-crit|p2a: Entei\n|-damage|p2a: Entei|0 fnt\n|faint|p2a: Entei\n|-damage|p1a: Kingdra|49/100|[from] Recoil\n|-damage|p1a: Kingdra|39/100|[from] item: Life Orb\n|\n|upkeep\n|inactive|Time left: 300 sec this turn | 300 sec total | 65 sec grace\n|\n|t:|1783560388\n|switch|p2a: Glalie|Glalie, L96, M|309/309\n|turn|2\n|inactive|Time left: 300 sec this turn | 300 sec total\n|\n|t:|1783560389\n|switch|p1a: Gallade|Gallade, L80, M|100/100\n|move|p2a: Glalie|Freeze-Dry|p1a: Gallade\n|-damage|p1a: Gallade|69/100\n|\n|upkeep\n|turn|3\n|inactive|Time left: 300 sec this turn | 300 sec total\n|\n|t:|1783560391\n|move|p2a: Glalie|Freeze-Dry|p1a: Gallade\n|-damage|p1a: Gallade|42/100\n|move|p1a: Gallade|Sacred Sword|p2a: Glalie\n|-supereffective|p2a: Glalie\n|-damage|p2a: Glalie|0 fnt\n|faint|p2a: Glalie\n|\n|upkeep\n|inactive|Time left: 300 sec this turn | 300 sec total | 5 sec grace\n|\n|t:|1783560392\n|switch|p2a: Necrozma|Necrozma-Dawn-Wings, L76|272/272\n|turn|4\n|inactive|Time left: 300 sec this turn | 300 sec total\n|\n|t:|1783560393\n|switch|p1a: Dewgong|Dewgong, L94, F|100/100\n|move|p2a: Necrozma|Photon Geyser|p1a: Dewgong\n|-damage|p1a: Dewgong|69/100\n|-damage|p2a: Necrozma|245/272|[from] item: Life Orb\n|\n|upkeep\n|turn|5\n|inactive|Time left: 300 sec this turn | 300 sec total\n|\n|t:|1783560395\n|move|p1a: Dewgong|Knock Off|p2a: Necrozma\n|-supereffective|p2a: Necrozma\n|-damage|p2a: Necrozma|71/272\n|-enditem|p2a: Necrozma|Life Orb|[from] move: Knock Off|[of] p1a: Dewgong\n|move|p2a: Necrozma|Dragon Dance|p2a: Necrozma\n|-boost|p2a: Necrozma|atk|1\n|-boost|p2a: Necrozma|spe|1\n|\n|upkeep\n|turn|6\n|inactive|Time left: 300 sec this turn | 300 sec total\n|\n|t:|1783560396\n|-terastallize|p2a: Necrozma|Fighting\n|move|p2a: Necrozma|Brick Break|p1a: Dewgong\n|-supereffective|p1a: Dewgong\n|-damage|p1a: Dewgong|0 fnt\n|faint|p1a: Dewgong\n|\n|upkeep\n|\n|t:|1783560397\n|switch|p1a: Slowbro|Slowbro-Galar, L87, F|100/100\n|turn|7\n|inactive|Time left: 300 sec this turn | 300 sec total\n|\n|t:|1783560398\n|move|p2a: Necrozma|Moongeist Beam|p1a: Slowbro\n|-supereffective|p1a: Slowbro\n|-damage|p1a: Slowbro|9/100\n|move|p1a: Slowbro|Shell Side Arm|p2a: Necrozma|[anim] Shell Side Arm Physical\n|-damage|p2a: Necrozma|0 fnt\n|-hint|Physical Shell Side Arm\n|faint|p2a: Necrozma\n|\n|upkeep\n|inactive|Time left: 300 sec this turn | 300 sec total | 5 sec grace\n|\n|t:|1783560399\n|switch|p2a: Hawlucha|Hawlucha, L80, M|256/256\n|turn|8\n|inactive|Time left: 300 sec this turn | 300 sec total\n|\n|t:|1783560400\n|switch|p1a: Gallade|Gallade, L80, M|42/100\n|move|p2a: Hawlucha|Brave Bird|p1a: Gallade\n|-supereffective|p1a: Gallade\n|-damage|p1a: Gallade|0 fnt\n|faint|p1a: Gallade\n|-damage|p2a: Hawlucha|223/256|[from] Recoil\n|\n|upkeep\n|\n|t:|1783560401\n|switch|p1a: Slowbro|Slowbro-Galar, L87, F|42/100\n|turn|9\n|inactive|Time left: 300 sec this turn | 300 sec total\n|\n|t:|1783560402\n|switch|p2a: Quagsire|Quagsire, L84, F|297/297\n|move|p1a: Slowbro|Psychic|p2a: Quagsire\n|-damage|p2a: Quagsire|176/297\n|\n|-heal|p2a: Quagsire|194/297|[from] item: Leftovers\n|upkeep\n|turn|10\n|inactive|Time left: 300 sec this turn | 300 sec total\n|\n|t:|1783560403\n|switch|p1a: Sawsbuck|Sawsbuck, L88, M|100/100\n|move|p2a: Quagsire|Earthquake|p1a: Sawsbuck\n|-resisted|p1a: Sawsbuck\n|-damage|p1a: Sawsbuck|80/100\n|\n|-heal|p2a: Quagsire|212/297|[from] item: Leftovers\n|upkeep\n|turn|11\n|inactive|Time left: 300 sec this turn | 300 sec total\n|\n|t:|1783560405\n|switch|p2a: Hawlucha|Hawlucha, L80, M|223/256\n|move|p1a: Sawsbuck|Horn Leech|p2a: Hawlucha\n|-resisted|p2a: Hawlucha\n|-damage|p2a: Hawlucha|150/256\n|-heal|p1a: Sawsbuck|93/100|[from] drain|[of] p2a: Hawlucha\n|-damage|p1a: Sawsbuck|84/100|[from] item: Life Orb\n|\n|upkeep\n|turn|12\n|inactive|Time left: 300 sec this turn | 300 sec total\n|\n|t:|1783560406\n|switch|p1a: Slowbro|Slowbro-Galar, L87, F|75/100\n|move|p2a: Hawlucha|Close Combat|p1a: Slowbro\n|-resisted|p1a: Slowbro\n|-damage|p1a: Slowbro|67/100\n|-unboost|p2a: Hawlucha|def|1\n|-unboost|p2a: Hawlucha|spd|1\n|-damage|p2a: Hawlucha|108/256|[from] item: Rocky Helmet|[of] p1a: Slowbro\n|-enditem|p2a: Hawlucha|White Herb\n|-clearnegativeboost|p2a: Hawlucha|[silent]\n|\n|upkeep\n|turn|13\n|inactive|Time left: 300 sec this turn | 300 sec total\n|\n|t:|1783560407\n|move|p2a: Hawlucha|Acrobatics|p1a: Slowbro\n|-damage|p1a: Slowbro|35/100\n|-damage|p2a: Hawlucha|66/256|[from] item: Rocky Helmet|[of] p1a: Slowbro\n|move|p1a: Slowbro|Psychic|p2a: Hawlucha\n|-supereffective|p2a: Hawlucha\n|-damage|p2a: Hawlucha|0 fnt\n|faint|p2a: Hawlucha\n|\n|upkeep\n|inactive|Time left: 300 sec this turn | 300 sec total | 5 sec grace\n|\n|t:|1783560408\n|switch|p2a: Stonjourner|Stonjourner, L91, F|330/330\n|turn|14\n|inactive|Time left: 300 sec this turn | 300 sec total\n|\n|t:|1783560409\n|switch|p1a: Sawsbuck|Sawsbuck, L88, M|84/100\n|move|p2a: Stonjourner|Earthquake|p1a: Sawsbuck\n|-resisted|p1a: Sawsbuck\n|-damage|p1a: Sawsbuck|58/100\n|-damage|p2a: Stonjourner|297/330|[from] item: Life Orb\n|\n|upkeep\n|turn|15\n|inactive|Time left: 300 sec this turn | 300 sec total\n|\n|t:|1783560410\n|move|p1a: Sawsbuck|Horn Leech|p2a: Stonjourner\n|-supereffective|p2a: Stonjourner\n|-damage|p2a: Stonjourner|131/330\n|-heal|p1a: Sawsbuck|87/100|[from] drain|[of] p2a: Stonjourner\n|-damage|p1a: Sawsbuck|77/100|[from] item: Life Orb\n|move|p2a: Stonjourner|Stone Edge|p1a: Sawsbuck\n|-damage|p1a: Sawsbuck|0 fnt\n|faint|p1a: Sawsbuck\n|-damage|p2a: Stonjourner|98/330|[from] item: Life Orb\n|\n|upkeep\n|\n|t:|1783560411\n|switch|p1a: Kingdra|Kingdra, L84, F|39/100\n|turn|16\n|inactive|Time left: 300 sec this turn | 300 sec total\n|\n|t:|1783560412\n|switch|p2a: Quagsire|Quagsire, L84, F|212/297\n|-terastallize|p1a: Kingdra|Water\n|move|p1a: Kingdra|Wave Crash|p2a: Quagsire\n|-damage|p2a: Quagsire|0 fnt\n|faint|p2a: Quagsire\n|-damage|p1a: Kingdra|13/100|[from] Recoil\n|-damage|p1a: Kingdra|3/100|[from] item: Life Orb\n|\n|upkeep\n|inactive|Time left: 300 sec this turn | 300 sec total | 5 sec grace\n|\n|t:|1783560413\n|switch|p2a: Stonjourner|Stonjourner, L91, F|98/330\n|turn|17\n|inactive|Time left: 300 sec this turn | 300 sec total\n|\n|t:|1783560414\n|move|p1a: Kingdra|Wave Crash|p2a: Stonjourner\n|-supereffective|p2a: Stonjourner\n|-damage|p2a: Stonjourner|0 fnt\n|faint|p2a: Stonjourner\n|-damage|p1a: Kingdra|0 fnt|[from] Recoil\n|faint|p1a: Kingdra\n|\n|win|p0x1827b2ca", "uploadtime": 1783560414, "views": 0, "rating": 0, "private": 0, "password": null, "_winner": "p0x1827b2ca", "_our_name": "p0y1827ad3f"}