{"id": "battle-gen9randombattle-1004", "formatid": "gen9randombattle", "format": "[Gen 9] Random Battle", "players": ["p0x10045969", "p0y1004e6ee"], "log": "|init|battle\n|title|p0x10045969 vs. p0y1004e6ee\n|j|\u2606p0x10045969\n|j|\u2606p0y1004e6ee\n|t:|1783551543\n|gametype|singles\n|player|p1|p0x10045969|169|\n|player|p2|p0y1004e6ee|1|\n|gen|9\n|tier|[Gen 9] Random Battle\n|rule|Species Clause: Limit one of each Pok\u00e9mon\n|rule|HP Percentage Mod: HP is shown in percentages\n|rule|Sleep Clause Mod: Limit one foe put to sleep\n|rule|Illusion Level Mod: Illusion disguises the Pok\u00e9mon's true level\n|\n|t:|1783551543\n|teamsize|p1|6\n|teamsize|p2|6\n|start\n|switch|p1a: Exeggutor|Exeggutor-Alola, L89, M|314/314\n|switch|p2a: Beartic|Beartic, L91, F|100/100\n|-item|p2a: Beartic|Choice Band|[from] ability: Frisk|[of] p1a: Exeggutor\n|turn|1\n|inactive|Battle timer is ON: inactive players will automatically lose when time's up. (requested by p0x10045969)\n|inactive|p0y1004e6ee also wants the timer to be on.\n|\n|t:|1783551545\n|-terastallize|p1a: Exeggutor|Fire\n|move|p2a: Beartic|Icicle Crash|p1a: Exeggutor\n|-resisted|p1a: Exeggutor\n|-damage|p1a: Exeggutor|220/314\n|move|p1a: Exeggutor|Flamethrower|p2a: Beartic\n|-supereffective|p2a: Beartic\n|-damage|p2a: Beartic|0 fnt\n|faint|p2a: Beartic\n|\n|upkeep\n|\n|t:|1783551546\n|switch|p2a: Garchomp|Garchomp, L74, M|100/100\n|turn|2\n|inactive|Time left: 300 sec this turn | 300 sec total\n|\n|t:|1783551547\n|move|p2a: Garchomp|Outrage|p1a: Exeggutor\n|-damage|p1a: Exeggutor|96/314\n|move|p1a: Exeggutor|Flamethrower|p2a: Garchomp\n|-resisted|p2a: Garchomp\n|-damage|p2a: Garchomp|61/100\n|\n|upkeep\n|turn|3\n|inactive|Time left: 300 sec this turn | 300 sec total\n|\n|t:|1783551548\n|switch|p1a: Tinkaton|Tinkaton, L82, F|274/274\n|-ability|p1a: Tinkaton|Mold Breaker\n|move|p2a: Garchomp|Outrage|p1a: Tinkaton|[from] lockedmove\n|-immune|p1a: Tinkaton\n|-start|p2a: Garchomp|confusion|[fatigue]\n|\n|upkeep\n|turn|4\n|inactive|Time left: 300 sec this turn | 300 sec total\n|\n|t:|1783551549\n|switch|p2a: Squawkabilly|Squawkabilly, L85, F|100/100\n|move|p1a: Tinkaton|Swords Dance|p1a: Tinkaton\n|-boost|p1a: Tinkaton|atk|2\n|\n|-status|p2a: Squawkabilly|brn|[from] item: Flame Orb\n|upkeep\n|turn|5\n|inactive|Time left: 300 sec this turn | 300 sec total\n|\n|t:|1783551551\n|switch|p2a: Magmortar|Magmortar, L88, M|100/100\n|move|p1a: Tinkaton|Gigaton Hammer|p2a: Magmortar\n|-resisted|p2a: Magmortar\n|-damage|p2a: Magmortar|42/100\n|\n|upkeep\n|turn|6\n|inactive|Time left: 300 sec this turn | 300 sec total\n|\n|t:|1783551552\n|move|p1a: Tinkaton|Protect|p1a: Tinkaton\n|-singleturn|p1a: Tinkaton|Protect\n|move|p2a: Magmortar|Fire Blast|p1a: Tinkaton\n|-activate|p1a: Tinkaton|move: Protect\n|\n|upkeep\n|turn|7\n|inactive|Time left: 300 sec this turn | 300 sec total\n|\n|t:|1783551553\n|move|p1a: Tinkaton|Gigaton Hammer|p2a: Magmortar\n|-resisted|p2a: Magmortar\n|-damage|p2a: Magmortar|0 fnt\n|faint|p2a: Magmortar\n|\n|upkeep\n|\n|t:|1783551554\n|switch|p2a: Mew|Mew, L82|100/100\n|turn|8\n|inactive|Time left: 300 sec this turn | 300 sec total\n|\n|t:|1783551555\n|move|p2a: Mew|Nasty Plot|p2a: Mew\n|-boost|p2a: Mew|spa|2\n|move|p1a: Tinkaton|Play Rough|p2a: Mew\n|-damage|p2a: Mew|50/100\n|\n|upkeep\n|turn|9\n|inactive|Time left: 300 sec this turn | 300 sec total\n|\n|t:|1783551557\n|move|p1a: Tinkaton|Protect|p1a: Tinkaton\n|-singleturn|p1a: Tinkaton|Protect\n|move|p2a: Mew|Fire Blast|p1a: Tinkaton\n|-activate|p1a: Tinkaton|move: Protect\n|\n|upkeep\n|turn|10\n|inactive|Time left: 300 sec this turn | 300 sec total\n|\n|t:|1783551557\n|switch|p1a: Suicune|Suicune, L82|298/298\n|-ability|p1a: Suicune|Pressure\n|move|p2a: Mew|Fire Blast|p1a: Suicune\n|-resisted|p1a: Suicune\n|-damage|p1a: Suicune|211/298\n|-damage|p2a: Mew|40/100|[from] item: Life Orb\n|\n|-heal|p1a: Suicune|229/298|[from] item: Leftovers\n|upkeep\n|turn|11\n|inactive|Time left: 300 sec this turn | 300 sec total\n|\n|t:|1783551559\n|-terastallize|p2a: Mew|Psychic\n|move|p2a: Mew|Psychic|p1a: Suicune\n|-damage|p1a: Suicune|0 fnt\n|faint|p1a: Suicune\n|-damage|p2a: Mew|31/100|[from] item: Life Orb\n|\n|upkeep\n|inactive|Time left: 300 sec this turn | 300 sec total | 5 sec grace\n|\n|t:|1783551560\n|switch|p1a: Empoleon|Empoleon, L84, F|278/278\n|turn|12\n|inactive|Time left: 300 sec this turn | 300 sec total\n|\n|t:|1783551560\n|move|p2a: Mew|Fire Blast|p1a: Empoleon\n|-damage|p1a: Empoleon|96/278\n|-damage|p2a: Mew|21/100|[from] item: Life Orb\n|move|p1a: Empoleon|Surf|p2a: Mew\n|-damage|p2a: Mew|0 fnt\n|faint|p2a: Mew\n|\n|-heal|p1a: Empoleon|113/278|[from] item: Leftovers\n|upkeep\n|\n|t:|1783551561\n|switch|p2a: Garchomp|Garchomp, L74, M|61/100\n|turn|13\n|inactive|Time left: 300 sec this turn | 300 sec total\n|\n|t:|1783551562\n|switch|p1a: Cetitan|Cetitan, L82, F|413/413\n|move|p2a: Garchomp|Earthquake|p1a: Cetitan\n|-damage|p1a: Cetitan|275/413\n|\n|upkeep\n|turn|14\n|inactive|Time left: 300 sec this turn | 300 sec total\n|\n|t:|1783551563\n|switch|p2a: Azelf|Azelf, L82|100/100\n|move|p1a: Cetitan|Ice Shard|p2a: Azelf\n|-damage|p2a: Azelf|71/100\n|-damage|p1a: Cetitan|234/413|[from] item: Life Orb\n|\n|upkeep\n|turn|15\n|inactive|Time left: 300 sec this turn | 300 sec total\n|\n|t:|1783551565\n|move|p2a: Azelf|Fire Blast|p1a: Cetitan|[miss]\n|-miss|p2a: Azelf|p1a: Cetitan\n|move|p1a: Cetitan|Icicle Crash|p2a: Azelf|[miss]\n|-miss|p1a: Cetitan|p2a: Azelf\n|\n|upkeep\n|turn|16\n|inactive|Time left: 300 sec this turn | 300 sec total\n|\n|t:|1783551566\n|move|p2a: Azelf|Fire Blast|p1a: Cetitan\n|-supereffective|p1a: Cetitan\n|-damage|p1a: Cetitan|0 fnt\n|faint|p1a: Cetitan\n|-damage|p2a: Azelf|62/100|[from] item: Life Orb\n|\n|upkeep\n|inactive|Time left: 300 sec this turn | 300 sec total | 5 sec grace\n|\n|t:|1783551566\n|switch|p1a: Empoleon|Empoleon, L84, F|113/278\n|turn|17\n|inactive|Time left: 300 sec this turn | 300 sec total\n|\n|t:|1783551567\n|move|p2a: Azelf|Nasty Plot|p2a: Azelf\n|-boost|p2a: Azelf|spa|2\n|move|p1a: Empoleon|Roost|p1a: Empoleon\n|-heal|p1a: Empoleon|252/278\n|-singleturn|p1a: Empoleon|move: Roost\n|\n|-heal|p1a: Empoleon|269/278|[from] item: Leftovers\n|upkeep\n|turn|18\n|inactive|Time left: 300 sec this turn | 300 sec total\n|\n|t:|1783551568\n|move|p2a: Azelf|Fire Blast|p1a: Empoleon\n|-damage|p1a: Empoleon|45/278\n|-damage|p2a: Azelf|52/100|[from] item: Life Orb\n|move|p1a: Empoleon|Surf|p2a: Azelf\n|-damage|p2a: Azelf|2/100\n|\n|-heal|p1a: Empoleon|62/278|[from] item: Leftovers\n|upkeep\n|turn|19\n|inactive|Time left: 300 sec this turn | 300 sec total\n|\n|t:|1783551570\n|move|p2a: Azelf|Fire Blast|p1a: Empoleon\n|-damage|p1a: Empoleon|0 fnt\n|faint|p1a: Empoleon\n|-damage|p2a: Azelf|0 fnt|[from] item: Life Orb\n|faint|p2a: Azelf\n|\n|upkeep\n|inactive|Time left: 300 sec this turn | 300 sec total | 5 sec grace\n|\n|t:|1783551571\n|switch|p2a: Garchomp|Garchomp, L74, M|61/100\n|switch|p1a: Tinkaton|Tinkaton, L82, F|274/274\n|-ability|p1a: Tinkaton|Mold Breaker\n|turn|20\n|inactive|Time left: 300 sec this turn | 300 sec total\n|\n|t:|1783551572\n|move|p1a: Tinkaton|Protect|p1a: Tinkaton\n|-singleturn|p1a: Tinkaton|Protect\n|move|p2a: Garchomp|Earthquake|p1a: Tinkaton\n|-activate|p1a: Tinkaton|move: Protect\n|\n|upkeep\n|turn|21\n|inactive|Time left: 300 sec this turn | 300 sec total\n|\n|t:|1783551573\n|move|p1a: Tinkaton|Swords Dance|p1a: Tinkaton\n|-boost|p1a: Tinkaton|atk|2\n|move|p2a: Garchomp|Earthquake|p1a: Tinkaton\n|-supereffective|p1a: Tinkaton\n|-damage|p1a: Tinkaton|26/274\n|\n|-heal|p1a: Tinkaton|43/274|[from] item: Leftovers\n|upkeep\n|turn|22\n|inactive|Time left: 300 sec this turn | 300 sec total\n|\n|t:|1783551574\n|move|p1a: Tinkaton|Gigaton Hammer|p2a: Garchomp\n|-damage|p2a: Garchomp|0 fnt\n|faint|p2a: Garchomp\n|\n|-heal|p1a: Tinkaton|60/274|[from] item: Leftovers\n|upkeep\n|\n|t:|1783551575\n|switch|p2a: Squawkabilly|Squawkabilly, L85, F|100/100 brn\n|turn|23\n|inactive|Time left: 300 sec this turn | 300 sec total\n|\n|t:|1783551576\n|move|p2a: Squawkabilly|Protect|p2a: Squawkabilly\n|-singleturn|p2a: Squawkabilly|Protect\n|move|p1a: Tinkaton|Play Rough|p2a: Squawkabilly\n|-activate|p2a: Squawkabilly|move: Protect\n|\n|-heal|p1a: Tinkaton|77/274|[from] item: Leftovers\n|-damage|p2a: Squawkabilly|94/100 brn|[from] brn\n|upkeep\n|turn|24\n|inactive|Time left: 300 sec this turn | 300 sec total\n|\n|t:|1783551577\n|move|p2a: Squawkabilly|Facade|p1a: Tinkaton\n|-resisted|p1a: Tinkaton\n|-damage|p1a: Tinkaton|0 fnt\n|faint|p1a: Tinkaton\n|\n|-damage|p2a: Squawkabilly|88/100 brn|[from] brn\n|upkeep\n|inactive|Time left: 300 sec this turn | 300 sec total | 5 sec grace\n|\n|t:|1783551578\n|switch|p1a: Dunsparce|Dunsparce, L86, M|312/312\n|turn|25\n|inactive|Time left: 300 sec this turn | 300 sec total\n|\n|t:|1783551579\n|move|p2a: Squawkabilly|Facade|p1a: Dunsparce\n|-damage|p1a: Dunsparce|146/312\n|move|p1a: Dunsparce|Coil|p1a: Dunsparce\n|-boost|p1a: Dunsparce|atk|1\n|-boost|p1a: Dunsparce|def|1\n|-boost|p1a: Dunsparce|accuracy|1\n|\n|-damage|p2a: Squawkabilly|82/100 brn|[from] brn\n|upkeep\n|turn|26\n|inactive|Time left: 300 sec this turn | 300 sec total\n|\n|t:|1783551580\n|move|p2a: Squawkabilly|Facade|p1a: Dunsparce\n|-damage|p1a: Dunsparce|28/312\n|move|p1a: Dunsparce|Roost|p1a: Dunsparce\n|-heal|p1a: Dunsparce|184/312\n|-singleturn|p1a: Dunsparce|move: Roost\n|\n|-damage|p2a: Squawkabilly|76/100 brn|[from] brn\n|upkeep\n|turn|27\n|inactive|Time left: 300 sec this turn | 300 sec total\n|\n|t:|1783551581\n|move|p2a: Squawkabilly|Protect|p2a: Squawkabilly\n|-singleturn|p2a: Squawkabilly|Protect\n|move|p1a: Dunsparce|Roost|p1a: Dunsparce\n|-heal|p1a: Dunsparce|312/312\n|-singleturn|p1a: Dunsparce|move: Roost\n|\n|-damage|p2a: Squawkabilly|70/100 brn|[from] brn\n|upkeep\n|turn|28\n|inactive|Time left: 300 sec this turn | 300 sec total\n|\n|t:|1783551582\n|move|p2a: Squawkabilly|Protect||[still]\n|-fail|p2a: Squawkabilly\n|move|p1a: Dunsparce|Body Slam|p2a: Squawkabilly\n|-damage|p2a: Squawkabilly|16/100 brn\n|\n|-damage|p2a: Squawkabilly|10/100 brn|[from] brn\n|upkeep\n|turn|29\n|inactive|Time left: 300 sec this turn | 300 sec total\n|\n|t:|1783551583\n|move|p2a: Squawkabilly|Brave Bird|p1a: Dunsparce\n|-damage|p1a: Dunsparce|212/312\n|-damage|p2a: Squawkabilly|0 fnt|[from] Recoil\n|faint|p2a: Squawkabilly\n|\n|win|p0x10045969", "uploadtime": 1783551583, "views": 0, "rating": 0, "private": 0, "password": null, "_winner": "p0x10045969", "_our_name": "p0x10045969"}