{"id": "battle-gen9randombattle-171", "formatid": "gen9randombattle", "format": "[Gen 9] Random Battle", "players": ["p0x171f8f8", "p0y1718ce4"], "log": "|init|battle\n|title|p0x171f8f8 vs. p0y1718ce4\n|j|\u2606p0x171f8f8\n|j|\u2606p0y1718ce4\n|t:|1783541572\n|gametype|singles\n|player|p1|p0x171f8f8|1|\n|player|p2|p0y1718ce4|102|\n|gen|9\n|tier|[Gen 9] Random Battle\n|rule|Species Clause: Limit one of each Pok\u00e9mon\n|rule|HP Percentage Mod: HP is shown in percentages\n|rule|Sleep Clause Mod: Limit one foe put to sleep\n|rule|Illusion Level Mod: Illusion disguises the Pok\u00e9mon's true level\n|\n|t:|1783541572\n|teamsize|p1|6\n|teamsize|p2|6\n|start\n|switch|p1a: Hypno|Hypno, L95, F|315/315\n|switch|p2a: Infernape|Infernape, L82, M|100/100\n|turn|1\n|inactive|Battle timer is ON: inactive players will automatically lose when time's up. (requested by p0x171f8f8)\n|inactive|p0y1718ce4 also wants the timer to be on.\n|\n|t:|1783541573\n|move|p2a: Infernape|Knock Off|p1a: Hypno\n|-supereffective|p1a: Hypno\n|-damage|p1a: Hypno|105/315\n|-enditem|p1a: Hypno|Leftovers|[from] move: Knock Off|[of] p2a: Infernape\n|move|p1a: Hypno|Psychic Noise|p2a: Infernape\n|-supereffective|p2a: Infernape\n|-damage|p2a: Infernape|24/100\n|-start|p2a: Infernape|move: Heal Block\n|\n|upkeep\n|turn|2\n|inactive|Time left: 300 sec this turn | 300 sec total\n|\n|t:|1783541575\n|switch|p1a: Kommo-o|Kommo-o, L77, F|242/242\n|move|p2a: Infernape|Knock Off|p1a: Kommo-o\n|-resisted|p1a: Kommo-o\n|-damage|p1a: Kommo-o|201/242\n|-enditem|p1a: Kommo-o|Throat Spray|[from] move: Knock Off|[of] p2a: Infernape\n|\n|-end|p2a: Infernape|move: Heal Block\n|upkeep\n|turn|3\n|inactive|Time left: 300 sec this turn | 300 sec total\n|\n|t:|1783541576\n|switch|p2a: Pincurchin|Pincurchin, F|100/100\n|-fieldstart|move: Electric Terrain|[from] ability: Electric Surge|[of] p2a: Pincurchin\n|move|p1a: Kommo-o|Clangorous Soul|p1a: Kommo-o\n|-boost|p1a: Kommo-o|atk|1\n|-boost|p1a: Kommo-o|def|1\n|-boost|p1a: Kommo-o|spa|1\n|-boost|p1a: Kommo-o|spd|1\n|-boost|p1a: Kommo-o|spe|1\n|-damage|p1a: Kommo-o|122/242\n|\n|upkeep\n|turn|4\n|inactive|Time left: 300 sec this turn | 300 sec total\n|\n|t:|1783541577\n|move|p1a: Kommo-o|Drain Punch|p2a: Pincurchin\n|-crit|p2a: Pincurchin\n|-damage|p2a: Pincurchin|48/100\n|-heal|p1a: Kommo-o|190/242|[from] drain|[of] p2a: Pincurchin\n|move|p2a: Pincurchin|Thunderbolt|p1a: Kommo-o\n|-resisted|p1a: Kommo-o\n|-damage|p1a: Kommo-o|134/242\n|\n|-heal|p2a: Pincurchin|54/100|[from] item: Leftovers\n|upkeep\n|turn|5\n|inactive|Time left: 300 sec this turn | 300 sec total\n|\n|t:|1783541578\n|move|p1a: Kommo-o|Clangorous Soul|p1a: Kommo-o\n|-boost|p1a: Kommo-o|atk|1\n|-boost|p1a: Kommo-o|def|1\n|-boost|p1a: Kommo-o|spa|1\n|-boost|p1a: Kommo-o|spd|1\n|-boost|p1a: Kommo-o|spe|1\n|-damage|p1a: Kommo-o|55/242\n|move|p2a: Pincurchin|Recover|p2a: Pincurchin\n|-heal|p2a: Pincurchin|100/100\n|\n|upkeep\n|turn|6\n|inactive|Time left: 300 sec this turn | 300 sec total\n|\n|t:|1783541579\n|move|p1a: Kommo-o|Drain Punch|p2a: Pincurchin\n|-damage|p2a: Pincurchin|56/100\n|-heal|p1a: Kommo-o|113/242|[from] drain|[of] p2a: Pincurchin\n|move|p2a: Pincurchin|Recover|p2a: Pincurchin\n|-heal|p2a: Pincurchin|100/100\n|\n|upkeep\n|turn|7\n|inactive|Time left: 300 sec this turn | 300 sec total\n|\n|t:|1783541580\n|move|p1a: Kommo-o|Drain Punch|p2a: Pincurchin\n|-damage|p2a: Pincurchin|57/100\n|-heal|p1a: Kommo-o|169/242|[from] drain|[of] p2a: Pincurchin\n|move|p2a: Pincurchin|Recover|p2a: Pincurchin\n|-heal|p2a: Pincurchin|100/100\n|\n|-fieldend|move: Electric Terrain\n|upkeep\n|turn|8\n|inactive|Time left: 300 sec this turn | 300 sec total\n|\n|t:|1783541581\n|move|p1a: Kommo-o|Drain Punch|p2a: Pincurchin\n|-damage|p2a: Pincurchin|54/100\n|-heal|p1a: Kommo-o|229/242|[from] drain|[of] p2a: Pincurchin\n|move|p2a: Pincurchin|Recover|p2a: Pincurchin\n|-heal|p2a: Pincurchin|100/100\n|\n|upkeep\n|turn|9\n|inactive|Time left: 300 sec this turn | 300 sec total\n|\n|t:|1783541582\n|move|p1a: Kommo-o|Boomburst|p2a: Pincurchin\n|-damage|p2a: Pincurchin|39/100\n|move|p2a: Pincurchin|Scald|p1a: Kommo-o\n|-resisted|p1a: Kommo-o\n|-damage|p1a: Kommo-o|210/242\n|\n|-heal|p2a: Pincurchin|45/100|[from] item: Leftovers\n|upkeep\n|turn|10\n|inactive|Time left: 300 sec this turn | 300 sec total\n|\n|t:|1783541583\n|move|p1a: Kommo-o|Boomburst|p2a: Pincurchin\n|-damage|p2a: Pincurchin|0 fnt\n|faint|p2a: Pincurchin\n|\n|upkeep\n|\n|t:|1783541584\n|switch|p2a: Lapras|Lapras, L87, M|100/100\n|turn|11\n|inactive|Time left: 300 sec this turn | 300 sec total\n|\n|t:|1783541586\n|move|p1a: Kommo-o|Drain Punch|p2a: Lapras\n|-supereffective|p2a: Lapras\n|-damage|p2a: Lapras|11/100\n|-heal|p1a: Kommo-o|242/242|[from] drain|[of] p2a: Lapras\n|move|p2a: Lapras|Ice Beam|p1a: Kommo-o\n|-supereffective|p1a: Kommo-o\n|-damage|p1a: Kommo-o|122/242\n|\n|upkeep\n|turn|12\n|inactive|Time left: 300 sec this turn | 300 sec total\n|\n|t:|1783541587\n|switch|p2a: Vivillon|Vivillon-Modern, L83, M|100/100\n|move|p1a: Kommo-o|Drain Punch|p2a: Vivillon\n|-resisted|p2a: Vivillon\n|-damage|p2a: Vivillon|78/100\n|-heal|p1a: Kommo-o|152/242|[from] drain|[of] p2a: Vivillon\n|\n|upkeep\n|turn|13\n|inactive|Time left: 300 sec this turn | 300 sec total\n|\n|t:|1783541588\n|move|p1a: Kommo-o|Boomburst|p2a: Vivillon\n|-damage|p2a: Vivillon|0 fnt\n|faint|p2a: Vivillon\n|\n|upkeep\n|\n|t:|1783541589\n|switch|p2a: Lapras|Lapras, L87, M|11/100\n|turn|14\n|inactive|Time left: 300 sec this turn | 300 sec total\n|\n|t:|1783541590\n|move|p1a: Kommo-o|Drain Punch|p2a: Lapras\n|-supereffective|p2a: Lapras\n|-crit|p2a: Lapras\n|-damage|p2a: Lapras|0 fnt\n|-heal|p1a: Kommo-o|171/242|[from] drain|[of] p2a: Lapras\n|faint|p2a: Lapras\n|\n|upkeep\n|\n|t:|1783541591\n|switch|p2a: Infernape|Infernape, L82, M|24/100\n|turn|15\n|inactive|Time left: 300 sec this turn | 300 sec total\n|\n|t:|1783541592\n|move|p1a: Kommo-o|Drain Punch|p2a: Infernape\n|-damage|p2a: Infernape|0 fnt\n|-heal|p1a: Kommo-o|202/242|[from] drain|[of] p2a: Infernape\n|faint|p2a: Infernape\n|\n|upkeep\n|\n|t:|1783541593\n|switch|p2a: Sceptile|Sceptile, L87, M|100/100\n|turn|16\n|inactive|Time left: 300 sec this turn | 300 sec total\n|\n|t:|1783541594\n|move|p1a: Kommo-o|Drain Punch|p2a: Sceptile\n|-damage|p2a: Sceptile|28/100\n|-heal|p1a: Kommo-o|242/242|[from] drain|[of] p2a: Sceptile\n|move|p2a: Sceptile|Giga Drain|p1a: Kommo-o\n|-resisted|p1a: Kommo-o\n|-damage|p1a: Kommo-o|203/242\n|-heal|p2a: Sceptile|35/100|[from] drain|[of] p1a: Kommo-o\n|-damage|p2a: Sceptile|25/100|[from] item: Life Orb\n|\n|upkeep\n|turn|17\n|inactive|Time left: 300 sec this turn | 300 sec total\n|\n|t:|1783541595\n|-terastallize|p2a: Sceptile|Steel\n|move|p1a: Kommo-o|Boomburst|p2a: Sceptile\n|-resisted|p2a: Sceptile\n|-damage|p2a: Sceptile|0 fnt\n|faint|p2a: Sceptile\n|\n|upkeep\n|\n|t:|1783541596\n|switch|p2a: Zangoose|Zangoose, L85, F|100/100\n|turn|18\n|inactive|Time left: 300 sec this turn | 300 sec total\n|\n|t:|1783541597\n|-terastallize|p1a: Kommo-o|Normal\n|move|p1a: Kommo-o|Drain Punch|p2a: Zangoose\n|-supereffective|p2a: Zangoose\n|-damage|p2a: Zangoose|0 fnt\n|-heal|p1a: Kommo-o|242/242|[from] drain|[of] p2a: Zangoose\n|faint|p2a: Zangoose\n|\n|win|p0x171f8f8", "uploadtime": 1783541597, "views": 0, "rating": 0, "private": 0, "password": null, "_winner": "p0x171f8f8", "_our_name": "p0x171f8f8"}