{"id": "battle-gen9randombattle-36", "formatid": "gen9randombattle", "format": "[Gen 9] Random Battle", "players": ["p0x03630ee", "p0y036634b"], "log": "|init|battle\n|title|p0x03630ee vs. p0y036634b\n|j|\u2606p0x03630ee\n|j|\u2606p0y036634b\n|t:|1783539576\n|gametype|singles\n|player|p1|p0x03630ee|170|\n|player|p2|p0y036634b|1|\n|gen|9\n|tier|[Gen 9] Random Battle\n|rule|Species Clause: Limit one of each Pok\u00e9mon\n|rule|HP Percentage Mod: HP is shown in percentages\n|rule|Sleep Clause Mod: Limit one foe put to sleep\n|rule|Illusion Level Mod: Illusion disguises the Pok\u00e9mon's true level\n|\n|t:|1783539576\n|teamsize|p1|6\n|teamsize|p2|6\n|start\n|switch|p1a: Qwilfish|Qwilfish-Hisui, L83, M|100/100\n|switch|p2a: Houndoom|Houndoom, L87, M|272/272\n|-ability|p1a: Qwilfish|Intimidate|boost\n|-unboost|p2a: Houndoom|atk|1\n|turn|1\n|inactive|Battle timer is ON: inactive players will automatically lose when time's up. (requested by p0x03630ee)\n|inactive|Time left: 300 sec this turn | 300 sec total | 60 sec grace\n|inactive|p0y036634b also wants the timer to be on.\n|\n|t:|1783539578\n|switch|p2a: Porygon2|Porygon2, L81|270/270\n|-ability|p2a: Porygon2|Download|boost\n|-boost|p2a: Porygon2|spa|1\n|switch|p1a: Conkeldurr|Conkeldurr, L80, M|100/100\n|\n|-status|p1a: Conkeldurr|brn|[from] item: Flame Orb\n|upkeep\n|turn|2\n|inactive|Time left: 300 sec this turn | 300 sec total\n|\n|t:|1783539580\n|move|p2a: Porygon2|Tri Attack|p1a: Conkeldurr\n|-damage|p1a: Conkeldurr|49/100 brn\n|move|p1a: Conkeldurr|Close Combat|p2a: Porygon2\n|-supereffective|p2a: Porygon2\n|-damage|p2a: Porygon2|0 fnt\n|-unboost|p1a: Conkeldurr|def|1\n|-unboost|p1a: Conkeldurr|spd|1\n|faint|p2a: Porygon2\n|\n|-damage|p1a: Conkeldurr|43/100 brn|[from] brn\n|upkeep\n|inactive|Time left: 300 sec this turn | 300 sec total | 5 sec grace\n|\n|t:|1783539581\n|switch|p2a: Iron Valiant|Iron Valiant, L78|244/244\n|turn|3\n|inactive|Time left: 300 sec this turn | 300 sec total\n|\n|t:|1783539582\n|switch|p1a: Qwilfish|Qwilfish-Hisui, L83, M|100/100\n|-ability|p1a: Qwilfish|Intimidate|boost\n|-unboost|p2a: Iron Valiant|atk|1\n|move|p2a: Iron Valiant|Moonblast|p1a: Qwilfish\n|-damage|p1a: Qwilfish|47/100\n|-unboost|p1a: Qwilfish|spa|1\n|-damage|p2a: Iron Valiant|220/244|[from] item: Life Orb\n|\n|upkeep\n|turn|4\n|inactive|Time left: 300 sec this turn | 300 sec total\n|\n|t:|1783539583\n|switch|p1a: Eelektross|Eelektross, L87, M|100/100\n|move|p2a: Iron Valiant|Moonblast|p1a: Eelektross\n|-damage|p1a: Eelektross|69/100\n|-unboost|p1a: Eelektross|spa|1\n|-damage|p2a: Iron Valiant|196/244|[from] item: Life Orb\n|\n|upkeep\n|turn|5\n|inactive|Time left: 300 sec this turn | 300 sec total\n|\n|t:|1783539584\n|-end|p2a: Iron Valiant|Quark Drive|[silent]\n|switch|p2a: Lugia|Lugia, L73|275/275\n|move|p1a: Eelektross|U-turn|p2a: Lugia\n|-damage|p2a: Lugia|251/275\n|\n|t:|1783539585\n|switch|p1a: Zebstrika|Zebstrika, L87, F|100/100|[from] U-turn\n|\n|upkeep\n|turn|6\n|inactive|Time left: 300 sec this turn | 300 sec total\n|\n|t:|1783539587\n|switch|p2a: Shiftry|Shiftry, L89, M|305/305\n|move|p1a: Zebstrika|Supercell Slam|p2a: Shiftry\n|-resisted|p2a: Shiftry\n|-damage|p2a: Shiftry|219/305\n|-damage|p1a: Zebstrika|91/100|[from] item: Life Orb\n|\n|upkeep\n|turn|7\n|inactive|Time left: 300 sec this turn | 300 sec total\n|\n|t:|1783539587\n|move|p1a: Zebstrika|Overheat|p2a: Shiftry|[miss]\n|-miss|p1a: Zebstrika|p2a: Shiftry\n|move|p2a: Shiftry|Knock Off|p1a: Zebstrika\n|-damage|p1a: Zebstrika|17/100\n|-enditem|p1a: Zebstrika|Life Orb|[from] move: Knock Off|[of] p2a: Shiftry\n|-damage|p2a: Shiftry|189/305|[from] item: Life Orb\n|\n|upkeep\n|turn|8\n|inactive|Time left: 300 sec this turn | 300 sec total\n|\n|t:|1783539588\n|move|p2a: Shiftry|Sucker Punch|p1a: Zebstrika\n|-damage|p1a: Zebstrika|0 fnt\n|faint|p1a: Zebstrika\n|-damage|p2a: Shiftry|159/305|[from] item: Life Orb\n|\n|upkeep\n|\n|t:|1783539590\n|switch|p1a: Qwilfish|Qwilfish-Hisui, L83, M|47/100\n|-ability|p1a: Qwilfish|Intimidate|boost\n|-unboost|p2a: Shiftry|atk|1\n|turn|9\n|inactive|Time left: 300 sec this turn | 300 sec total\n|\n|t:|1783539591\n|switch|p2a: Lugia|Lugia, L73|251/275\n|move|p1a: Qwilfish|Gunk Shot|p2a: Lugia\n|-damage|p2a: Lugia|152/275\n|\n|upkeep\n|turn|10\n|inactive|Time left: 300 sec this turn | 300 sec total\n|\n|t:|1783539592\n|move|p2a: Lugia|Recover|p2a: Lugia\n|-heal|p2a: Lugia|275/275\n|move|p1a: Qwilfish|Gunk Shot|p2a: Lugia\n|-damage|p2a: Lugia|223/275\n|-status|p2a: Lugia|psn\n|\n|-damage|p2a: Lugia|189/275 psn|[from] psn\n|upkeep\n|turn|11\n|inactive|Time left: 300 sec this turn | 300 sec total\n|\n|t:|1783539593\n|move|p2a: Lugia|Recover|p2a: Lugia\n|-heal|p2a: Lugia|275/275 psn\n|move|p1a: Qwilfish|Gunk Shot|p2a: Lugia|[miss]\n|-miss|p1a: Qwilfish|p2a: Lugia\n|\n|-damage|p2a: Lugia|241/275 psn|[from] psn\n|upkeep\n|turn|12\n|inactive|Time left: 300 sec this turn | 300 sec total\n|\n|t:|1783539594\n|move|p2a: Lugia|Calm Mind|p2a: Lugia\n|-boost|p2a: Lugia|spa|1\n|-boost|p2a: Lugia|spd|1\n|move|p1a: Qwilfish|Gunk Shot|p2a: Lugia\n|-damage|p2a: Lugia|139/275 psn\n|\n|-damage|p2a: Lugia|105/275 psn|[from] psn\n|upkeep\n|turn|13\n|inactive|Time left: 300 sec this turn | 300 sec total\n|\n|t:|1783539595\n|move|p2a: Lugia|Recover|p2a: Lugia\n|-heal|p2a: Lugia|243/275 psn\n|move|p1a: Qwilfish|Crunch|p2a: Lugia\n|-supereffective|p2a: Lugia\n|-damage|p2a: Lugia|115/275 psn\n|\n|-damage|p2a: Lugia|81/275 psn|[from] psn\n|upkeep\n|turn|14\n|inactive|Time left: 300 sec this turn | 300 sec total\n|\n|t:|1783539596\n|move|p2a: Lugia|Aeroblast|p1a: Qwilfish\n|-damage|p1a: Qwilfish|3/100\n|move|p1a: Qwilfish|Crunch|p2a: Lugia\n|-supereffective|p2a: Lugia\n|-damage|p2a: Lugia|0 fnt\n|faint|p2a: Lugia\n|\n|upkeep\n|inactive|Time left: 300 sec this turn | 300 sec total | 5 sec grace\n|\n|t:|1783539597\n|switch|p2a: Houndoom|Houndoom, L87, M|272/272\n|turn|15\n|inactive|Time left: 300 sec this turn | 300 sec total\n|\n|t:|1783539598\n|move|p2a: Houndoom|Dark Pulse|p1a: Qwilfish\n|-resisted|p1a: Qwilfish\n|-damage|p1a: Qwilfish|0 fnt\n|faint|p1a: Qwilfish\n|\n|upkeep\n|\n|t:|1783539599\n|switch|p1a: Eelektross|Eelektross, L87, M|69/100\n|turn|16\n|inactive|Time left: 300 sec this turn | 300 sec total\n|\n|t:|1783539600\n|move|p2a: Houndoom|Fire Blast|p1a: Eelektross|[miss]\n|-miss|p2a: Houndoom|p1a: Eelektross\n|move|p1a: Eelektross|Close Combat|p2a: Houndoom\n|-supereffective|p2a: Houndoom\n|-damage|p2a: Houndoom|0 fnt\n|-unboost|p1a: Eelektross|def|1\n|-unboost|p1a: Eelektross|spd|1\n|faint|p2a: Houndoom\n|\n|upkeep\n|inactive|Time left: 300 sec this turn | 300 sec total | 5 sec grace\n|\n|t:|1783539601\n|switch|p2a: Shiftry|Shiftry, L89, M|159/305\n|turn|17\n|inactive|Time left: 300 sec this turn | 300 sec total\n|\n|t:|1783539602\n|switch|p1a: Shaymin|Shaymin, L82|100/100\n|move|p2a: Shiftry|Knock Off|p1a: Shaymin\n|-damage|p1a: Shaymin|53/100\n|-enditem|p1a: Shaymin|Leftovers|[from] move: Knock Off|[of] p2a: Shiftry\n|-damage|p2a: Shiftry|129/305|[from] item: Life Orb\n|\n|upkeep\n|turn|18\n|inactive|Time left: 300 sec this turn | 300 sec total\n|\n|t:|1783539603\n|move|p2a: Shiftry|Sucker Punch|p1a: Shaymin\n|-damage|p1a: Shaymin|18/100\n|-damage|p2a: Shiftry|99/305|[from] item: Life Orb\n|move|p1a: Shaymin|Air Slash|p2a: Shiftry\n|-supereffective|p2a: Shiftry\n|-damage|p2a: Shiftry|0 fnt\n|faint|p2a: Shiftry\n|\n|upkeep\n|inactive|Time left: 300 sec this turn | 300 sec total | 5 sec grace\n|\n|t:|1783539604\n|switch|p2a: Iron Valiant|Iron Valiant, L78|196/244\n|turn|19\n|inactive|Time left: 300 sec this turn | 300 sec total\n|\n|t:|1783539605\n|move|p2a: Iron Valiant|Knock Off|p1a: Shaymin\n|-damage|p1a: Shaymin|0 fnt\n|faint|p1a: Shaymin\n|-damage|p2a: Iron Valiant|172/244|[from] item: Life Orb\n|\n|upkeep\n|\n|t:|1783539605\n|switch|p1a: Azelf|Azelf, L82|100/100\n|turn|20\n|inactive|Time left: 300 sec this turn | 300 sec total\n|\n|t:|1783539606\n|-end|p2a: Iron Valiant|Quark Drive|[silent]\n|switch|p2a: Deoxys|Deoxys-Speed, L82|216/216\n|-ability|p2a: Deoxys|Pressure\n|move|p1a: Azelf|Dazzling Gleam|p2a: Deoxys\n|-damage|p2a: Deoxys|124/216\n|-damage|p1a: Azelf|91/100|[from] item: Life Orb\n|\n|upkeep\n|turn|21\n|inactive|Time left: 300 sec this turn | 300 sec total\n|\n|t:|1783539607\n|move|p2a: Deoxys|Knock Off|p1a: Azelf\n|-supereffective|p1a: Azelf\n|-damage|p1a: Azelf|12/100\n|-enditem|p1a: Azelf|Life Orb|[from] move: Knock Off|[of] p2a: Deoxys\n|-damage|p2a: Deoxys|103/216|[from] item: Life Orb\n|move|p1a: Azelf|Fire Blast|p2a: Deoxys|[miss]\n|-miss|p1a: Azelf|p2a: Deoxys\n|\n|upkeep\n|turn|22\n|inactive|Time left: 300 sec this turn | 300 sec total\n|\n|t:|1783539609\n|move|p2a: Deoxys|Knock Off|p1a: Azelf\n|-supereffective|p1a: Azelf\n|-damage|p1a: Azelf|0 fnt\n|faint|p1a: Azelf\n|-damage|p2a: Deoxys|82/216|[from] item: Life Orb\n|\n|upkeep\n|\n|t:|1783539610\n|switch|p1a: Eelektross|Eelektross, L87, M|69/100\n|turn|23\n|inactive|Time left: 300 sec this turn | 300 sec total\n|\n|t:|1783539611\n|-terastallize|p2a: Deoxys|Fighting\n|move|p2a: Deoxys|Superpower|p1a: Eelektross\n|-damage|p1a: Eelektross|13/100\n|-unboost|p2a: Deoxys|atk|1\n|-unboost|p2a: Deoxys|def|1\n|-damage|p2a: Deoxys|61/216|[from] item: Life Orb\n|move|p1a: Eelektross|Flamethrower|p2a: Deoxys\n|-damage|p2a: Deoxys|0 fnt\n|faint|p2a: Deoxys\n|\n|upkeep\n|inactive|Time left: 300 sec this turn | 300 sec total | 5 sec grace\n|\n|t:|1783539612\n|switch|p2a: Iron Valiant|Iron Valiant, L78|172/244\n|turn|24\n|inactive|Time left: 300 sec this turn | 300 sec total\n|\n|t:|1783539612\n|-terastallize|p1a: Eelektross|Poison\n|move|p2a: Iron Valiant|Close Combat|p1a: Eelektross\n|-resisted|p1a: Eelektross\n|-damage|p1a: Eelektross|0 fnt\n|-unboost|p2a: Iron Valiant|def|1\n|-unboost|p2a: Iron Valiant|spd|1\n|faint|p1a: Eelektross\n|-damage|p2a: Iron Valiant|148/244|[from] item: Life Orb\n|\n|upkeep\n|\n|t:|1783539613\n|switch|p1a: Conkeldurr|Conkeldurr, L80, M|43/100 brn\n|turn|25\n|inactive|Time left: 300 sec this turn | 300 sec total\n|\n|t:|1783539614\n|move|p2a: Iron Valiant|Moonblast|p1a: Conkeldurr\n|-supereffective|p1a: Conkeldurr\n|-damage|p1a: Conkeldurr|0 fnt\n|faint|p1a: Conkeldurr\n|-damage|p2a: Iron Valiant|124/244|[from] item: Life Orb\n|\n|win|p0y036634b", "uploadtime": 1783539614, "views": 0, "rating": 0, "private": 0, "password": null, "_winner": "p0y036634b", "_our_name": "p0y036634b"}