{"id": "battle-gen9randombattle-74", "formatid": "gen9randombattle", "format": "[Gen 9] Random Battle", "players": ["p0x0748777", "p0y0740ac7"], "log": "|init|battle\n|title|p0x0748777 vs. p0y0740ac7\n|j|\u2606p0x0748777\n|j|\u2606p0y0740ac7\n|t:|1783540053\n|gametype|singles\n|player|p1|p0x0748777|2|\n|player|p2|p0y0740ac7|169|\n|gen|9\n|tier|[Gen 9] Random Battle\n|rule|Species Clause: Limit one of each Pok\u00e9mon\n|rule|HP Percentage Mod: HP is shown in percentages\n|rule|Sleep Clause Mod: Limit one foe put to sleep\n|rule|Illusion Level Mod: Illusion disguises the Pok\u00e9mon's true level\n|\n|t:|1783540053\n|teamsize|p1|6\n|teamsize|p2|6\n|start\n|switch|p1a: Brambleghast|Brambleghast, L88, M|240/240\n|switch|p2a: Dedenne|Dedenne, L88, F|100/100\n|turn|1\n|inactive|Battle timer is ON: inactive players will automatically lose when time's up. (requested by p0x0748777)\n|inactive|p0y0740ac7 also wants the timer to be on.\n|\n|t:|1783540054\n|move|p2a: Dedenne|Nuzzle|p1a: Brambleghast\n|-resisted|p1a: Brambleghast\n|-damage|p1a: Brambleghast|230/240\n|-status|p1a: Brambleghast|par\n|move|p1a: Brambleghast|Poltergeist|p2a: Dedenne\n|-activate|p2a: Dedenne|move: Poltergeist|Sitrus Berry\n|-damage|p2a: Dedenne|22/100\n|-enditem|p2a: Dedenne|Sitrus Berry|[eat]\n|-heal|p2a: Dedenne|47/100|[from] item: Sitrus Berry\n|-heal|p2a: Dedenne|81/100|[from] ability: Cheek Pouch\n|\n|upkeep\n|turn|2\n|inactive|Time left: 300 sec this turn | 300 sec total\n|\n|t:|1783540055\n|move|p2a: Dedenne|Dazzling Gleam|p1a: Brambleghast\n|-damage|p1a: Brambleghast|136/240 par\n|move|p1a: Brambleghast|Power Whip|p2a: Dedenne\n|-damage|p2a: Dedenne|3/100\n|\n|upkeep\n|turn|3\n|inactive|Time left: 300 sec this turn | 300 sec total\n|\n|t:|1783540056\n|move|p2a: Dedenne|Dazzling Gleam|p1a: Brambleghast\n|-damage|p1a: Brambleghast|51/240 par\n|move|p1a: Brambleghast|Power Whip|p2a: Dedenne\n|-damage|p2a: Dedenne|0 fnt\n|faint|p2a: Dedenne\n|\n|upkeep\n|\n|t:|1783540057\n|switch|p2a: Minior|Minior-Violet, L79|100/100\n|-formechange|p2a: Minior|Minior-Meteor||[from] ability: Shields Down\n|turn|4\n|inactive|Time left: 300 sec this turn | 300 sec total\n|\n|t:|1783540058\n|switch|p1a: Necrozma|Necrozma-Dusk-Mane, L69|248/248\n|move|p2a: Minior|Shell Smash|p2a: Minior\n|-unboost|p2a: Minior|def|1\n|-unboost|p2a: Minior|spd|1\n|-boost|p2a: Minior|atk|2\n|-boost|p2a: Minior|spa|2\n|-boost|p2a: Minior|spe|2\n|-enditem|p2a: Minior|White Herb\n|-clearnegativeboost|p2a: Minior|[silent]\n|\n|upkeep\n|turn|5\n|inactive|Time left: 300 sec this turn | 300 sec total\n|\n|t:|1783540059\n|-terastallize|p1a: Necrozma|Steel\n|move|p2a: Minior|Acrobatics|p1a: Necrozma\n|-resisted|p1a: Necrozma\n|-crit|p1a: Necrozma\n|-damage|p1a: Necrozma|144/248\n|move|p1a: Necrozma|Sunsteel Strike|p2a: Minior\n|-supereffective|p2a: Minior\n|-damage|p2a: Minior|0 fnt\n|faint|p2a: Minior\n|\n|upkeep\n|\n|t:|1783540060\n|switch|p2a: Iron Jugulis|Iron Jugulis, L77|100/100\n|turn|6\n|inactive|Time left: 300 sec this turn | 300 sec total\n|\n|t:|1783540061\n|move|p2a: Iron Jugulis|Dark Pulse|p1a: Necrozma\n|-damage|p1a: Necrozma|15/248\n|move|p1a: Necrozma|Sunsteel Strike|p2a: Iron Jugulis\n|-damage|p2a: Iron Jugulis|44/100\n|\n|upkeep\n|turn|7\n|inactive|Time left: 300 sec this turn | 300 sec total\n|\n|t:|1783540062\n|switch|p1a: Flygon|Flygon, L82, F|265/265\n|move|p2a: Iron Jugulis|Dark Pulse|p1a: Flygon\n|-damage|p1a: Flygon|117/265\n|\n|upkeep\n|turn|8\n|inactive|Time left: 300 sec this turn | 300 sec total\n|\n|t:|1783540063\n|move|p1a: Flygon|Outrage|p2a: Iron Jugulis\n|-damage|p2a: Iron Jugulis|0 fnt\n|faint|p2a: Iron Jugulis\n|-end|p2a: Iron Jugulis|Quark Drive|[silent]\n|\n|upkeep\n|\n|t:|1783540064\n|switch|p2a: Meowstic|Meowstic-F, L89, F|100/100\n|turn|9\n|inactive|Time left: 300 sec this turn | 300 sec total\n|\n|t:|1783540065\n|move|p1a: Flygon|Outrage|p2a: Meowstic|[from] lockedmove\n|-damage|p2a: Meowstic|50/100\n|move|p2a: Meowstic|Psyshock|p1a: Flygon\n|-damage|p1a: Flygon|3/265\n|-damage|p2a: Meowstic|41/100|[from] item: Life Orb\n|\n|upkeep\n|turn|10\n|inactive|Time left: 300 sec this turn | 300 sec total\n|\n|t:|1783540066\n|switch|p2a: Passimian|Passimian, L83, F|100/100\n|move|p1a: Flygon|Outrage|p2a: Passimian|[from] lockedmove\n|-damage|p2a: Passimian|63/100\n|-start|p1a: Flygon|confusion|[fatigue]\n|\n|upkeep\n|turn|11\n|inactive|Time left: 300 sec this turn | 300 sec total\n|\n|t:|1783540068\n|-activate|p1a: Flygon|confusion\n|-damage|p1a: Flygon|0 fnt|[from] confusion\n|faint|p1a: Flygon\n|move|p2a: Passimian|U-turn|p1: Flygon|[notarget]\n|-fail|p2a: Passimian\n|\n|upkeep\n|inactive|Time left: 300 sec this turn | 300 sec total | 5 sec grace\n|\n|t:|1783540069\n|switch|p1a: Frosmoth|Frosmoth, L82, F|249/249\n|turn|12\n|inactive|Time left: 300 sec this turn | 300 sec total\n|\n|t:|1783540070\n|move|p2a: Passimian|U-turn|p1a: Frosmoth\n|-damage|p1a: Frosmoth|142/249\n|\n|t:|1783540071\n|switch|p2a: Iron Thorns|Iron Thorns, L83|100/100|[from] U-turn\n|-item|p2a: Iron Thorns|Air Balloon\n|move|p1a: Frosmoth|Quiver Dance|p1a: Frosmoth\n|-boost|p1a: Frosmoth|spa|1\n|-boost|p1a: Frosmoth|spd|1\n|-boost|p1a: Frosmoth|spe|1\n|\n|upkeep\n|turn|13\n|inactive|Time left: 300 sec this turn | 300 sec total\n|\n|t:|1783540072\n|move|p1a: Frosmoth|Giga Drain|p2a: Iron Thorns\n|-supereffective|p2a: Iron Thorns\n|-damage|p2a: Iron Thorns|40/100\n|-heal|p1a: Frosmoth|234/249|[from] drain|[of] p2a: Iron Thorns\n|-enditem|p2a: Iron Thorns|Air Balloon\n|move|p2a: Iron Thorns|Stone Edge|p1a: Frosmoth\n|-supereffective|p1a: Frosmoth\n|-damage|p1a: Frosmoth|0 fnt\n|faint|p1a: Frosmoth\n|\n|upkeep\n|inactive|Time left: 300 sec this turn | 300 sec total | 5 sec grace\n|\n|t:|1783540073\n|switch|p1a: Darkrai|Darkrai, L77|234/234\n|turn|14\n|inactive|Time left: 300 sec this turn | 300 sec total\n|\n|t:|1783540074\n|move|p1a: Darkrai|Dark Pulse|p2a: Iron Thorns\n|-damage|p2a: Iron Thorns|0 fnt\n|faint|p2a: Iron Thorns\n|-end|p2a: Iron Thorns|Quark Drive|[silent]\n|-damage|p1a: Darkrai|211/234|[from] item: Life Orb\n|\n|upkeep\n|\n|t:|1783540075\n|switch|p2a: Passimian|Passimian, L83, F|63/100\n|turn|15\n|inactive|Time left: 300 sec this turn | 300 sec total\n|\n|t:|1783540076\n|switch|p1a: Brambleghast|Brambleghast, L88, M|51/240 par\n|move|p2a: Passimian|Close Combat|p1a: Brambleghast\n|-immune|p1a: Brambleghast\n|\n|upkeep\n|turn|16\n|inactive|Time left: 300 sec this turn | 300 sec total\n|\n|t:|1783540077\n|switch|p2a: Meowstic|Meowstic-F, L89, F|41/100\n|move|p1a: Brambleghast|Poltergeist|p2a: Meowstic\n|-activate|p2a: Meowstic|move: Poltergeist|Life Orb\n|-supereffective|p2a: Meowstic\n|-damage|p2a: Meowstic|0 fnt\n|faint|p2a: Meowstic\n|\n|upkeep\n|\n|t:|1783540078\n|switch|p2a: Passimian|Passimian, L83, F|63/100\n|turn|17\n|inactive|Time left: 300 sec this turn | 300 sec total\n|\n|t:|1783540079\n|move|p2a: Passimian|Knock Off|p1a: Brambleghast\n|-supereffective|p1a: Brambleghast\n|-damage|p1a: Brambleghast|0 fnt\n|-enditem|p1a: Brambleghast|Heavy-Duty Boots|[from] move: Knock Off|[of] p2a: Passimian\n|faint|p1a: Brambleghast\n|\n|upkeep\n|inactive|Time left: 300 sec this turn | 300 sec total | 5 sec grace\n|\n|t:|1783540080\n|switch|p1a: Darkrai|Darkrai, L77|211/234\n|turn|18\n|inactive|Time left: 300 sec this turn | 300 sec total\n|\n|t:|1783540081\n|move|p1a: Darkrai|Sludge Bomb|p2a: Passimian\n|-damage|p2a: Passimian|24/100\n|-status|p2a: Passimian|psn\n|-damage|p1a: Darkrai|188/234|[from] item: Life Orb\n|move|p2a: Passimian|Knock Off|p1a: Darkrai\n|-resisted|p1a: Darkrai\n|-damage|p1a: Darkrai|121/234\n|-enditem|p1a: Darkrai|Life Orb|[from] move: Knock Off|[of] p2a: Passimian\n|\n|-damage|p2a: Passimian|12/100 psn|[from] psn\n|upkeep\n|turn|19\n|inactive|Time left: 300 sec this turn | 300 sec total\n|\n|t:|1783540082\n|switch|p1a: Komala|Komala, L87, F|255/255\n|-ability|p1a: Komala|Comatose\n|-terastallize|p2a: Passimian|Poison\n|move|p2a: Passimian|Knock Off|p1a: Komala\n|-damage|p1a: Komala|123/255\n|-enditem|p1a: Komala|Choice Band|[from] move: Knock Off|[of] p2a: Passimian\n|\n|-damage|p2a: Passimian|0 fnt|[from] psn\n|faint|p2a: Passimian\n|\n|win|p0x0748777", "uploadtime": 1783540082, "views": 0, "rating": 0, "private": 0, "password": null, "_winner": "p0x0748777", "_our_name": "p0x0748777"}