{"id": "battle-gen9randombattle-82", "formatid": "gen9randombattle", "format": "[Gen 9] Random Battle", "players": ["p0x0829a6b", "p0y082ca33"], "log": "|init|battle\n|title|p0x0829a6b vs. p0y082ca33\n|j|\u2606p0x0829a6b\n|j|\u2606p0y082ca33\n|t:|1783534183\n|gametype|singles\n|player|p1|p0x0829a6b|265|\n|player|p2|p0y082ca33|102|\n|gen|9\n|tier|[Gen 9] Random Battle\n|rule|Species Clause: Limit one of each Pok\u00e9mon\n|rule|HP Percentage Mod: HP is shown in percentages\n|rule|Sleep Clause Mod: Limit one foe put to sleep\n|rule|Illusion Level Mod: Illusion disguises the Pok\u00e9mon's true level\n|\n|t:|1783534183\n|teamsize|p1|6\n|teamsize|p2|6\n|start\n|switch|p1a: Cinccino|Cinccino, L83, F|260/260\n|switch|p2a: Scyther|Scyther, L82, F|100/100\n|turn|1\n|inactive|Battle timer is ON: inactive players will automatically lose when time's up. (requested by p0x0829a6b)\n|inactive|p0y082ca33 also wants the timer to be on.\n|\n|t:|1783534184\n|move|p1a: Cinccino|Triple Axel|p2a: Scyther\n|-supereffective|p2a: Scyther\n|-damage|p2a: Scyther|86/100\n|-supereffective|p2a: Scyther\n|-damage|p2a: Scyther|60/100\n|-supereffective|p2a: Scyther\n|-damage|p2a: Scyther|21/100\n|-hitcount|p2a: Scyther|3\n|move|p2a: Scyther|Dual Wingbeat|p1a: Cinccino\n|-damage|p1a: Cinccino|176/260\n|-damage|p1a: Cinccino|91/260\n|-hitcount|p1a: Cinccino|2\n|\n|upkeep\n|turn|2\n|inactive|Time left: 300 sec this turn | 300 sec total\n|\n|t:|1783534185\n|switch|p2a: Magearna|Magearna-Original, L77|100/100\n|move|p1a: Cinccino|Triple Axel|p2a: Magearna\n|-resisted|p2a: Magearna\n|-damage|p2a: Magearna|97/100\n|-resisted|p2a: Magearna\n|-damage|p2a: Magearna|89/100\n|-resisted|p2a: Magearna\n|-damage|p2a: Magearna|79/100\n|-hitcount|p2a: Magearna|3\n|\n|-heal|p2a: Magearna|85/100|[from] item: Leftovers\n|upkeep\n|turn|3\n|inactive|Time left: 300 sec this turn | 300 sec total\n|\n|t:|1783534186\n|move|p1a: Cinccino|Tail Slap|p2a: Magearna\n|-resisted|p2a: Magearna\n|-damage|p2a: Magearna|78/100\n|-resisted|p2a: Magearna\n|-damage|p2a: Magearna|70/100\n|-resisted|p2a: Magearna\n|-damage|p2a: Magearna|64/100\n|-resisted|p2a: Magearna\n|-damage|p2a: Magearna|57/100\n|-hitcount|p2a: Magearna|4\n|move|p2a: Magearna|Flash Cannon|p1a: Cinccino\n|-damage|p1a: Cinccino|0 fnt\n|faint|p1a: Cinccino\n|-ability|p2a: Magearna|Soul-Heart|boost\n|-boost|p2a: Magearna|spa|1\n|\n|-heal|p2a: Magearna|63/100|[from] item: Leftovers\n|upkeep\n|inactive|Time left: 300 sec this turn | 300 sec total | 5 sec grace\n|\n|t:|1783534188\n|switch|p1a: Arcanine|Arcanine, L84, F|288/288\n|-ability|p1a: Arcanine|Intimidate|boost\n|-unboost|p2a: Magearna|atk|1\n|turn|4\n|inactive|Time left: 300 sec this turn | 300 sec total\n|\n|t:|1783534189\n|switch|p2a: Drifblim|Drifblim, L86, M|100/100\n|move|p1a: Arcanine|Flare Blitz|p2a: Drifblim\n|-damage|p2a: Drifblim|41/100\n|-enditem|p2a: Drifblim|Sitrus Berry|[eat]\n|-heal|p2a: Drifblim|66/100|[from] item: Sitrus Berry\n|-damage|p1a: Arcanine|211/288|[from] Recoil\n|\n|upkeep\n|turn|5\n|inactive|Time left: 300 sec this turn | 300 sec total\n|\n|t:|1783534190\n|move|p2a: Drifblim|Strength Sap|p1a: Arcanine\n|-unboost|p1a: Arcanine|atk|1\n|-heal|p2a: Drifblim|100/100\n|move|p1a: Arcanine|Flare Blitz|p2a: Drifblim\n|-damage|p2a: Drifblim|65/100\n|-damage|p1a: Arcanine|165/288|[from] Recoil\n|\n|upkeep\n|turn|6\n|inactive|Time left: 300 sec this turn | 300 sec total\n|\n|t:|1783534191\n|move|p2a: Drifblim|Strength Sap|p1a: Arcanine\n|-unboost|p1a: Arcanine|atk|1\n|-heal|p2a: Drifblim|100/100\n|move|p1a: Arcanine|Morning Sun|p1a: Arcanine\n|-heal|p1a: Arcanine|288/288\n|\n|upkeep\n|turn|7\n|inactive|Time left: 300 sec this turn | 300 sec total\n|\n|t:|1783534192\n|switch|p1a: Alcremie|Alcremie-Caramel-Swirl, L90, F|263/263\n|move|p2a: Drifblim|Calm Mind|p2a: Drifblim\n|-boost|p2a: Drifblim|spa|1\n|-boost|p2a: Drifblim|spd|1\n|\n|upkeep\n|turn|8\n|inactive|Time left: 300 sec this turn | 300 sec total\n|\n|t:|1783534193\n|move|p2a: Drifblim|Calm Mind|p2a: Drifblim\n|-boost|p2a: Drifblim|spa|1\n|-boost|p2a: Drifblim|spd|1\n|move|p1a: Alcremie|Calm Mind|p1a: Alcremie\n|-boost|p1a: Alcremie|spa|1\n|-boost|p1a: Alcremie|spd|1\n|\n|upkeep\n|turn|9\n|inactive|Time left: 300 sec this turn | 300 sec total\n|\n|t:|1783534194\n|move|p2a: Drifblim|Calm Mind|p2a: Drifblim\n|-boost|p2a: Drifblim|spa|1\n|-boost|p2a: Drifblim|spd|1\n|move|p1a: Alcremie|Calm Mind|p1a: Alcremie\n|-boost|p1a: Alcremie|spa|1\n|-boost|p1a: Alcremie|spd|1\n|\n|upkeep\n|turn|10\n|inactive|Time left: 300 sec this turn | 300 sec total\n|\n|t:|1783534195\n|move|p2a: Drifblim|Strength Sap|p1a: Alcremie\n|-unboost|p1a: Alcremie|atk|1\n|move|p1a: Alcremie|Psyshock|p2a: Drifblim\n|-damage|p2a: Drifblim|43/100\n|\n|upkeep\n|turn|11\n|inactive|Time left: 300 sec this turn | 300 sec total\n|\n|t:|1783534197\n|move|p2a: Drifblim|Strength Sap|p1a: Alcremie\n|-unboost|p1a: Alcremie|atk|1\n|-heal|p2a: Drifblim|62/100\n|move|p1a: Alcremie|Psyshock|p2a: Drifblim\n|-damage|p2a: Drifblim|3/100\n|\n|upkeep\n|turn|12\n|inactive|Time left: 300 sec this turn | 300 sec total\n|\n|t:|1783534198\n|move|p2a: Drifblim|Air Slash|p1a: Alcremie\n|-damage|p1a: Alcremie|193/263\n|move|p1a: Alcremie|Alluring Voice|p2a: Drifblim\n|-damage|p2a: Drifblim|0 fnt\n|faint|p2a: Drifblim\n|\n|-heal|p1a: Alcremie|209/263|[from] item: Leftovers\n|upkeep\n|\n|t:|1783534199\n|switch|p2a: Chimecho|Chimecho, L93, F|100/100\n|turn|13\n|inactive|Time left: 300 sec this turn | 300 sec total\n|\n|t:|1783534200\n|move|p2a: Chimecho|Cosmic Power|p2a: Chimecho\n|-boost|p2a: Chimecho|def|1\n|-boost|p2a: Chimecho|spd|1\n|move|p1a: Alcremie|Alluring Voice|p2a: Chimecho\n|-damage|p2a: Chimecho|53/100\n|-start|p2a: Chimecho|confusion\n|\n|-heal|p2a: Chimecho|59/100|[from] item: Leftovers\n|-heal|p1a: Alcremie|225/263|[from] item: Leftovers\n|upkeep\n|turn|14\n|inactive|Time left: 300 sec this turn | 300 sec total\n|\n|t:|1783534201\n|-activate|p2a: Chimecho|confusion\n|move|p2a: Chimecho|Recover|p2a: Chimecho\n|-heal|p2a: Chimecho|100/100\n|move|p1a: Alcremie|Alluring Voice|p2a: Chimecho\n|-damage|p2a: Chimecho|56/100\n|\n|-heal|p2a: Chimecho|62/100|[from] item: Leftovers\n|-heal|p1a: Alcremie|241/263|[from] item: Leftovers\n|upkeep\n|turn|15\n|inactive|Time left: 300 sec this turn | 300 sec total\n|\n|t:|1783534202\n|-activate|p2a: Chimecho|confusion\n|-damage|p2a: Chimecho|59/100|[from] confusion\n|move|p1a: Alcremie|Alluring Voice|p2a: Chimecho\n|-damage|p2a: Chimecho|14/100\n|\n|-heal|p2a: Chimecho|20/100|[from] item: Leftovers\n|-heal|p1a: Alcremie|257/263|[from] item: Leftovers\n|upkeep\n|turn|16\n|inactive|Time left: 300 sec this turn | 300 sec total\n|\n|t:|1783534203\n|-activate|p2a: Chimecho|confusion\n|move|p2a: Chimecho|Recover|p2a: Chimecho\n|-heal|p2a: Chimecho|70/100\n|move|p1a: Alcremie|Alluring Voice|p2a: Chimecho\n|-damage|p2a: Chimecho|25/100\n|\n|-heal|p2a: Chimecho|31/100|[from] item: Leftovers\n|-heal|p1a: Alcremie|263/263|[from] item: Leftovers\n|upkeep\n|turn|17\n|inactive|Time left: 300 sec this turn | 300 sec total\n|\n|t:|1783534205\n|-end|p2a: Chimecho|confusion\n|move|p2a: Chimecho|Recover|p2a: Chimecho\n|-heal|p2a: Chimecho|81/100\n|move|p1a: Alcremie|Alluring Voice|p2a: Chimecho\n|-damage|p2a: Chimecho|39/100\n|\n|-heal|p2a: Chimecho|46/100|[from] item: Leftovers\n|upkeep\n|turn|18\n|inactive|Time left: 300 sec this turn | 300 sec total\n|\n|t:|1783534206\n|move|p2a: Chimecho|Recover|p2a: Chimecho\n|-heal|p2a: Chimecho|96/100\n|move|p1a: Alcremie|Alluring Voice|p2a: Chimecho\n|-damage|p2a: Chimecho|54/100\n|\n|-heal|p2a: Chimecho|60/100|[from] item: Leftovers\n|upkeep\n|turn|19\n|inactive|Time left: 300 sec this turn | 300 sec total\n|\n|t:|1783534207\n|move|p2a: Chimecho|Cosmic Power|p2a: Chimecho\n|-boost|p2a: Chimecho|def|1\n|-boost|p2a: Chimecho|spd|1\n|move|p1a: Alcremie|Alluring Voice|p2a: Chimecho\n|-damage|p2a: Chimecho|29/100\n|-start|p2a: Chimecho|confusion\n|\n|-heal|p2a: Chimecho|36/100|[from] item: Leftovers\n|upkeep\n|turn|20\n|inactive|Time left: 300 sec this turn | 300 sec total\n|\n|t:|1783534209\n|-activate|p2a: Chimecho|confusion\n|move|p2a: Chimecho|Recover|p2a: Chimecho\n|-heal|p2a: Chimecho|86/100\n|move|p1a: Alcremie|Alluring Voice|p2a: Chimecho\n|-damage|p2a: Chimecho|55/100\n|\n|-heal|p2a: Chimecho|61/100|[from] item: Leftovers\n|upkeep\n|turn|21\n|inactive|Time left: 300 sec this turn | 300 sec total\n|\n|t:|1783534210\n|-activate|p2a: Chimecho|confusion\n|move|p2a: Chimecho|Recover|p2a: Chimecho\n|-heal|p2a: Chimecho|100/100\n|move|p1a: Alcremie|Alluring Voice|p2a: Chimecho\n|-damage|p2a: Chimecho|70/100\n|\n|-heal|p2a: Chimecho|76/100|[from] item: Leftovers\n|upkeep\n|turn|22\n|inactive|Time left: 300 sec this turn | 300 sec total\n|\n|t:|1783534211\n|-activate|p2a: Chimecho|confusion\n|move|p2a: Chimecho|Cosmic Power|p2a: Chimecho\n|-boost|p2a: Chimecho|def|1\n|-boost|p2a: Chimecho|spd|1\n|move|p1a: Alcremie|Alluring Voice|p2a: Chimecho\n|-damage|p2a: Chimecho|49/100\n|\n|-heal|p2a: Chimecho|55/100|[from] item: Leftovers\n|upkeep\n|turn|23\n|inactive|Time left: 300 sec this turn | 300 sec total\n|\n|t:|1783534212\n|-activate|p2a: Chimecho|confusion\n|-damage|p2a: Chimecho|53/100|[from] confusion\n|move|p1a: Alcremie|Alluring Voice|p2a: Chimecho\n|-damage|p2a: Chimecho|27/100\n|\n|-heal|p2a: Chimecho|33/100|[from] item: Leftovers\n|upkeep\n|turn|24\n|inactive|Time left: 300 sec this turn | 300 sec total\n|\n|t:|1783534213\n|-end|p2a: Chimecho|confusion\n|move|p2a: Chimecho|Recover|p2a: Chimecho\n|-heal|p2a: Chimecho|83/100\n|move|p1a: Alcremie|Alluring Voice|p2a: Chimecho\n|-damage|p2a: Chimecho|54/100\n|\n|-heal|p2a: Chimecho|60/100|[from] item: Leftovers\n|upkeep\n|turn|25\n|inactive|Time left: 300 sec this turn | 300 sec total\n|\n|t:|1783534215\n|move|p2a: Chimecho|Cosmic Power|p2a: Chimecho\n|-boost|p2a: Chimecho|def|1\n|-boost|p2a: Chimecho|spd|1\n|move|p1a: Alcremie|Alluring Voice|p2a: Chimecho\n|-damage|p2a: Chimecho|37/100\n|-start|p2a: Chimecho|confusion\n|\n|-heal|p2a: Chimecho|43/100|[from] item: Leftovers\n|upkeep\n|turn|26\n|inactive|Time left: 300 sec this turn | 300 sec total\n|\n|t:|1783534216\n|-activate|p2a: Chimecho|confusion\n|move|p2a: Chimecho|Recover|p2a: Chimecho\n|-heal|p2a: Chimecho|93/100\n|move|p1a: Alcremie|Calm Mind|p1a: Alcremie\n|-boost|p1a: Alcremie|spa|1\n|-boost|p1a: Alcremie|spd|1\n|\n|-heal|p2a: Chimecho|99/100|[from] item: Leftovers\n|upkeep\n|turn|27\n|inactive|Time left: 300 sec this turn | 300 sec total\n|\n|t:|1783534217\n|-end|p2a: Chimecho|confusion\n|move|p2a: Chimecho|Cosmic Power|p2a: Chimecho\n|-boost|p2a: Chimecho|def|1\n|-boost|p2a: Chimecho|spd|1\n|move|p1a: Alcremie|Alluring Voice|p2a: Chimecho\n|-damage|p2a: Chimecho|73/100\n|-start|p2a: Chimecho|confusion\n|\n|-heal|p2a: Chimecho|79/100|[from] item: Leftovers\n|upkeep\n|turn|28\n|inactive|Time left: 300 sec this turn | 300 sec total\n|\n|t:|1783534219\n|-activate|p2a: Chimecho|confusion\n|move|p2a: Chimecho|Stored Power|p1a: Alcremie\n|-damage|p1a: Alcremie|179/263\n|move|p1a: Alcremie|Alluring Voice|p2a: Chimecho\n|-damage|p2a: Chimecho|56/100\n|\n|-heal|p2a: Chimecho|63/100|[from] item: Leftovers\n|-heal|p1a: Alcremie|195/263|[from] item: Leftovers\n|upkeep\n|turn|29\n|inactive|Time left: 300 sec this turn | 300 sec total\n|\n|t:|1783534220\n|-activate|p2a: Chimecho|confusion\n|move|p2a: Chimecho|Stored Power|p1a: Alcremie\n|-damage|p1a: Alcremie|110/263\n|move|p1a: Alcremie|Recover|p1a: Alcremie\n|-heal|p1a: Alcremie|242/263\n|\n|-heal|p2a: Chimecho|69/100|[from] item: Leftovers\n|-heal|p1a: Alcremie|258/263|[from] item: Leftovers\n|upkeep\n|turn|30\n|inactive|Time left: 300 sec this turn | 300 sec total\n|\n|t:|1783534222\n|-activate|p2a: Chimecho|confusion\n|move|p2a: Chimecho|Stored Power|p1a: Alcremie\n|-damage|p1a: Alcremie|170/263\n|move|p1a: Alcremie|Calm Mind|p1a: Alcremie\n|-boost|p1a: Alcremie|spa|1\n|-boost|p1a: Alcremie|spd|1\n|\n|-heal|p2a: Chimecho|75/100|[from] item: Leftovers\n|-heal|p1a: Alcremie|186/263|[from] item: Leftovers\n|upkeep\n|turn|31\n|inactive|Time left: 300 sec this turn | 300 sec total\n|\n|t:|1783534223\n|-activate|p2a: Chimecho|confusion\n|move|p2a: Chimecho|Stored Power|p1a: Alcremie\n|-damage|p1a: Alcremie|119/263\n|move|p1a: Alcremie|Recover|p1a: Alcremie\n|-heal|p1a: Alcremie|251/263\n|\n|-heal|p2a: Chimecho|81/100|[from] item: Leftovers\n|-heal|p1a: Alcremie|263/263|[from] item: Leftovers\n|upkeep\n|turn|32\n|inactive|Time left: 300 sec this turn | 300 sec total\n|\n|t:|1783534224\n|-end|p2a: Chimecho|confusion\n|move|p2a: Chimecho|Stored Power|p1a: Alcremie\n|-damage|p1a: Alcremie|196/263\n|move|p1a: Alcremie|Psyshock|p2a: Chimecho\n|-resisted|p2a: Chimecho\n|-damage|p2a: Chimecho|71/100\n|\n|-heal|p2a: Chimecho|77/100|[from] item: Leftovers\n|-heal|p1a: Alcremie|212/263|[from] item: Leftovers\n|upkeep\n|turn|33\n|inactive|Time left: 300 sec this turn | 300 sec total\n|\n|t:|1783534225\n|move|p2a: Chimecho|Stored Power|p1a: Alcremie\n|-damage|p1a: Alcremie|142/263\n|move|p1a: Alcremie|Psyshock|p2a: Chimecho\n|-resisted|p2a: Chimecho\n|-damage|p2a: Chimecho|68/100\n|\n|-heal|p2a: Chimecho|74/100|[from] item: Leftovers\n|-heal|p1a: Alcremie|158/263|[from] item: Leftovers\n|upkeep\n|turn|34\n|inactive|Time left: 300 sec this turn | 300 sec total\n|\n|t:|1783534225\n|move|p2a: Chimecho|Stored Power|p1a: Alcremie\n|-damage|p1a: Alcremie|88/263\n|move|p1a: Alcremie|Recover|p1a: Alcremie\n|-heal|p1a: Alcremie|220/263\n|\n|-heal|p2a: Chimecho|80/100|[from] item: Leftovers\n|-heal|p1a: Alcremie|236/263|[from] item: Leftovers\n|upkeep\n|turn|35\n|inactive|Time left: 300 sec this turn | 300 sec total\n|\n|t:|1783534226\n|move|p2a: Chimecho|Stored Power|p1a: Alcremie\n|-damage|p1a: Alcremie|167/263\n|move|p1a: Alcremie|Calm Mind|p1a: Alcremie\n|-boost|p1a: Alcremie|spa|1\n|-boost|p1a: Alcremie|spd|1\n|\n|-heal|p2a: Chimecho|86/100|[from] item: Leftovers\n|-heal|p1a: Alcremie|183/263|[from] item: Leftovers\n|upkeep\n|turn|36\n|inactive|Time left: 300 sec this turn | 300 sec total\n|\n|t:|1783534227\n|move|p2a: Chimecho|Stored Power|p1a: Alcremie\n|-damage|p1a: Alcremie|123/263\n|move|p1a: Alcremie|Recover|p1a: Alcremie\n|-heal|p1a: Alcremie|255/263\n|\n|-heal|p2a: Chimecho|93/100|[from] item: Leftovers\n|-heal|p1a: Alcremie|263/263|[from] item: Leftovers\n|upkeep\n|turn|37\n|inactive|Time left: 300 sec this turn | 300 sec total\n|\n|t:|1783534228\n|move|p2a: Chimecho|Stored Power|p1a: Alcremie\n|-damage|p1a: Alcremie|200/263\n|move|p1a: Alcremie|Psyshock|p2a: Chimecho\n|-resisted|p2a: Chimecho\n|-damage|p2a: Chimecho|80/100\n|\n|-heal|p2a: Chimecho|86/100|[from] item: Leftovers\n|-heal|p1a: Alcremie|216/263|[from] item: Leftovers\n|upkeep\n|turn|38\n|inactive|Time left: 300 sec this turn | 300 sec total\n|\n|t:|1783534228\n|move|p2a: Chimecho|Stored Power|p1a: Alcremie\n|-damage|p1a: Alcremie|156/263\n|move|p1a: Alcremie|Psyshock|p2a: Chimecho\n|-resisted|p2a: Chimecho\n|-damage|p2a: Chimecho|75/100\n|\n|-heal|p2a: Chimecho|82/100|[from] item: Leftovers\n|-heal|p1a: Alcremie|172/263|[from] item: Leftovers\n|upkeep\n|turn|39\n|inactive|Time left: 300 sec this turn | 300 sec total\n|\n|t:|1783534230\n|move|p2a: Chimecho|Stored Power|p1a: Alcremie\n|-damage|p1a: Alcremie|109/263\n|move|p1a: Alcremie|Recover|p1a: Alcremie\n|-heal|p1a: Alcremie|241/263\n|\n|-heal|p2a: Chimecho|88/100|[from] item: Leftovers\n|-heal|p1a: Alcremie|257/263|[from] item: Leftovers\n|upkeep\n|turn|40\n|inactive|Time left: 300 sec this turn | 300 sec total\n|\n|t:|1783534231\n|move|p2a: Chimecho|Stored Power|p1a: Alcremie\n|-damage|p1a: Alcremie|194/263\n|move|p1a: Alcremie|Psyshock|p2a: Chimecho\n|-resisted|p2a: Chimecho\n|-damage|p2a: Chimecho|76/100\n|\n|-heal|p2a: Chimecho|83/100|[from] item: Leftovers\n|-heal|p1a: Alcremie|210/263|[from] item: Leftovers\n|upkeep\n|turn|41\n|inactive|Time left: 300 sec this turn | 300 sec total\n|\n|t:|1783534232\n|move|p2a: Chimecho|Stored Power|p1a: Alcremie\n|-damage|p1a: Alcremie|149/263\n|move|p1a: Alcremie|Psyshock|p2a: Chimecho\n|-resisted|p2a: Chimecho\n|-damage|p2a: Chimecho|70/100\n|\n|-heal|p2a: Chimecho|77/100|[from] item: Leftovers\n|-heal|p1a: Alcremie|165/263|[from] item: Leftovers\n|upkeep\n|turn|42\n|inactive|Time left: 300 sec this turn | 300 sec total\n|\n|t:|1783534233\n|move|p2a: Chimecho|Stored Power|p1a: Alcremie\n|-damage|p1a: Alcremie|107/263\n|move|p1a: Alcremie|Psyshock|p2a: Chimecho\n|-resisted|p2a: Chimecho\n|-damage|p2a: Chimecho|65/100\n|\n|-heal|p2a: Chimecho|71/100|[from] item: Leftovers\n|-heal|p1a: Alcremie|123/263|[from] item: Leftovers\n|upkeep\n|turn|43\n|inactive|Time left: 300 sec this turn | 300 sec total\n|\n|t:|1783534234\n|move|p2a: Chimecho|Cosmic Power|p2a: Chimecho\n|-boost|p2a: Chimecho|def|1\n|-boost|p2a: Chimecho|spd|1\n|move|p1a: Alcremie|Recover|p1a: Alcremie\n|-heal|p1a: Alcremie|255/263\n|\n|-heal|p2a: Chimecho|77/100|[from] item: Leftovers\n|-heal|p1a: Alcremie|263/263|[from] item: Leftovers\n|upkeep\n|turn|44\n|inactive|Time left: 300 sec this turn | 300 sec total\n|\n|t:|1783534235\n|move|p2a: Chimecho|Dazzling Gleam|p1a: Alcremie\n|-damage|p1a: Alcremie|248/263\n|move|p1a: Alcremie|Psyshock|p2a: Chimecho\n|-resisted|p2a: Chimecho\n|-crit|p2a: Chimecho\n|-damage|p2a: Chimecho|9/100\n|\n|-heal|p2a: Chimecho|16/100|[from] item: Leftovers\n|-heal|p1a: Alcremie|263/263|[from] item: Leftovers\n|upkeep\n|turn|45\n|inactive|Time left: 300 sec this turn | 300 sec total\n|\n|t:|1783534237\n|move|p2a: Chimecho|Dazzling Gleam|p1a: Alcremie\n|-damage|p1a: Alcremie|247/263\n|move|p1a: Alcremie|Psyshock|p2a: Chimecho\n|-resisted|p2a: Chimecho\n|-damage|p2a: Chimecho|5/100\n|\n|-heal|p2a: Chimecho|11/100|[from] item: Leftovers\n|-heal|p1a: Alcremie|263/263|[from] item: Leftovers\n|upkeep\n|turn|46\n|inactive|Time left: 300 sec this turn | 300 sec total\n|\n|t:|1783534238\n|move|p2a: Chimecho|Stored Power|p1a: Alcremie\n|-damage|p1a: Alcremie|197/263\n|move|p1a: Alcremie|Psyshock|p2a: Chimecho\n|-resisted|p2a: Chimecho\n|-damage|p2a: Chimecho|1/100\n|\n|-heal|p2a: Chimecho|7/100|[from] item: Leftovers\n|-heal|p1a: Alcremie|213/263|[from] item: Leftovers\n|upkeep\n|turn|47\n|inactive|Time left: 300 sec this turn | 300 sec total\n|\n|t:|1783534240\n|move|p2a: Chimecho|Dazzling Gleam|p1a: Alcremie\n|-damage|p1a: Alcremie|196/263\n|move|p1a: Alcremie|Psyshock|p2a: Chimecho\n|-resisted|p2a: Chimecho\n|-damage|p2a: Chimecho|0 fnt\n|faint|p2a: Chimecho\n|\n|-heal|p1a: Alcremie|212/263|[from] item: Leftovers\n|upkeep\n|\n|t:|1783534241\n|switch|p2a: Clodsire|Clodsire, L81, F|100/100\n|turn|48\n|inactive|Time left: 300 sec this turn | 300 sec total\n|\n|t:|1783534242\n|-terastallize|p2a: Clodsire|Steel\n|move|p1a: Alcremie|Psyshock|p2a: Clodsire\n|-resisted|p2a: Clodsire\n|-damage|p2a: Clodsire|47/100\n|move|p2a: Clodsire|Gunk Shot|p1a: Alcremie|[miss]\n|-miss|p2a: Clodsire|p1a: Alcremie\n|\n|-heal|p1a: Alcremie|228/263|[from] item: Leftovers\n|-heal|p2a: Clodsire|53/100|[from] item: Leftovers\n|upkeep\n|turn|49\n|inactive|Time left: 300 sec this turn | 300 sec total\n|\n|t:|1783534243\n|move|p1a: Alcremie|Psyshock|p2a: Clodsire\n|-resisted|p2a: Clodsire\n|-damage|p2a: Clodsire|6/100\n|move|p2a: Clodsire|Recover|p2a: Clodsire\n|-heal|p2a: Clodsire|56/100\n|\n|-heal|p1a: Alcremie|244/263|[from] item: Leftovers\n|-heal|p2a: Clodsire|62/100|[from] item: Leftovers\n|upkeep\n|turn|50\n|inactive|Time left: 300 sec this turn | 300 sec total\n|\n|t:|1783534244\n|move|p1a: Alcremie|Psyshock|p2a: Clodsire\n|-resisted|p2a: Clodsire\n|-damage|p2a: Clodsire|14/100\n|move|p2a: Clodsire|Earthquake|p1a: Alcremie\n|-damage|p1a: Alcremie|156/263\n|\n|-heal|p1a: Alcremie|172/263|[from] item: Leftovers\n|-heal|p2a: Clodsire|20/100|[from] item: Leftovers\n|upkeep\n|turn|51\n|inactive|Time left: 300 sec this turn | 300 sec total\n|\n|t:|1783534246\n|move|p1a: Alcremie|Recover|p1a: Alcremie\n|-heal|p1a: Alcremie|263/263\n|move|p2a: Clodsire|Recover|p2a: Clodsire\n|-heal|p2a: Clodsire|70/100\n|\n|-heal|p2a: Clodsire|76/100|[from] item: Leftovers\n|upkeep\n|turn|52\n|inactive|Time left: 300 sec this turn | 300 sec total\n|\n|t:|1783534247\n|move|p1a: Alcremie|Calm Mind|p1a: Alcremie\n|-boost|p1a: Alcremie|spa|1\n|-boost|p1a: Alcremie|spd|1\n|move|p2a: Clodsire|Gunk Shot|p1a: Alcremie\n|-supereffective|p1a: Alcremie\n|-damage|p1a: Alcremie|57/263\n|\n|-heal|p1a: Alcremie|73/263|[from] item: Leftovers\n|-heal|p2a: Clodsire|82/100|[from] item: Leftovers\n|upkeep\n|turn|53\n|inactive|Time left: 300 sec this turn | 300 sec total\n|\n|t:|1783534248\n|move|p1a: Alcremie|Recover|p1a: Alcremie\n|-heal|p1a: Alcremie|205/263\n|move|p2a: Clodsire|Gunk Shot|p1a: Alcremie\n|-supereffective|p1a: Alcremie\n|-damage|p1a: Alcremie|5/263\n|-status|p1a: Alcremie|psn\n|\n|-heal|p1a: Alcremie|21/263 psn|[from] item: Leftovers\n|-heal|p2a: Clodsire|88/100|[from] item: Leftovers\n|-damage|p1a: Alcremie|0 fnt|[from] psn\n|faint|p1a: Alcremie\n|upkeep\n|inactive|Time left: 300 sec this turn | 300 sec total | 5 sec grace\n|\n|t:|1783534250\n|switch|p1a: Arcanine|Arcanine, L84, F|288/288\n|-ability|p1a: Arcanine|Intimidate|boost\n|-unboost|p2a: Clodsire|atk|1\n|turn|54\n|inactive|Time left: 300 sec this turn | 300 sec total\n|\n|t:|1783534251\n|switch|p2a: Scyther|Scyther, L82, F|21/100\n|move|p1a: Arcanine|Flare Blitz|p2a: Scyther\n|-supereffective|p2a: Scyther\n|-damage|p2a: Scyther|0 fnt\n|faint|p2a: Scyther\n|-damage|p1a: Arcanine|271/288|[from] Recoil\n|\n|upkeep\n|\n|t:|1783534252\n|switch|p2a: Blissey|Blissey, L85, F|100/100\n|turn|55\n|inactive|Time left: 300 sec this turn | 300 sec total\n|\n|t:|1783534253\n|move|p1a: Arcanine|Flare Blitz|p2a: Blissey\n|-damage|p2a: Blissey|22/100\n|-status|p2a: Blissey|brn\n|-damage|p1a: Arcanine|123/288|[from] Recoil\n|move|p2a: Blissey|Seismic Toss|p1a: Arcanine\n|-damage|p1a: Arcanine|38/288\n|\n|-heal|p2a: Blissey|28/100 brn|[from] item: Leftovers\n|-damage|p2a: Blissey|22/100 brn|[from] brn\n|upkeep\n|turn|56\n|inactive|Time left: 300 sec this turn | 300 sec total\n|\n|t:|1783534254\n|move|p1a: Arcanine|Extreme Speed|p2a: Blissey\n|-damage|p2a: Blissey|0 fnt\n|faint|p2a: Blissey\n|\n|upkeep\n|\n|t:|1783534255\n|switch|p2a: Magearna|Magearna-Original, L77|63/100\n|turn|57\n|inactive|Time left: 300 sec this turn | 300 sec total\n|\n|t:|1783534256\n|move|p1a: Arcanine|Flare Blitz|p2a: Magearna\n|-supereffective|p2a: Magearna\n|-damage|p2a: Magearna|0 fnt\n|faint|p2a: Magearna\n|-damage|p1a: Arcanine|0 fnt|[from] Recoil\n|faint|p1a: Arcanine\n|\n|upkeep\n|inactive|Time left: 300 sec this turn | 300 sec total | 5 sec grace\n|\n|t:|1783534257\n|switch|p1a: Klawf|Klawf, L90, F|272/272\n|switch|p2a: Clodsire|Clodsire, L81, F, tera:Steel|88/100\n|turn|58\n|inactive|Time left: 300 sec this turn | 300 sec total\n|\n|t:|1783534258\n|-terastallize|p1a: Klawf|Ground\n|move|p1a: Klawf|High Horsepower|p2a: Clodsire\n|-supereffective|p2a: Clodsire\n|-damage|p2a: Clodsire|0 fnt\n|faint|p2a: Clodsire\n|-damage|p1a: Klawf|245/272|[from] item: Life Orb\n|\n|win|p0x0829a6b", "uploadtime": 1783534259, "views": 0, "rating": 0, "private": 0, "password": null, "_winner": "p0x0829a6b", "_our_name": "p0x0829a6b"}