{"id": "battle-gen9randombattle-1376", "formatid": "gen9randombattle", "format": "[Gen 9] Random Battle", "players": ["p0x13764954", "p0y1376c210"], "log": "|init|battle\n|title|p0x13764954 vs. p0y1376c210\n|j|\u2606p0x13764954\n|j|\u2606p0y1376c210\n|t:|1783555989\n|gametype|singles\n|player|p1|p0x13764954|2|\n|player|p2|p0y1376c210|102|\n|gen|9\n|tier|[Gen 9] Random Battle\n|rule|Species Clause: Limit one of each Pok\u00e9mon\n|rule|HP Percentage Mod: HP is shown in percentages\n|rule|Sleep Clause Mod: Limit one foe put to sleep\n|rule|Illusion Level Mod: Illusion disguises the Pok\u00e9mon's true level\n|\n|t:|1783555989\n|teamsize|p1|6\n|teamsize|p2|6\n|start\n|switch|p1a: Clawitzer|Clawitzer, L87, M|100/100\n|switch|p2a: Cinccino|Cinccino, L83, F|260/260\n|turn|1\n|inactive|Battle timer is ON: inactive players will automatically lose when time's up. (requested by p0x13764954)\n|inactive|Time left: 300 sec this turn | 300 sec total | 60 sec grace\n|inactive|p0y1376c210 also wants the timer to be on.\n|\n|t:|1783555991\n|-terastallize|p2a: Cinccino|Grass\n|move|p2a: Cinccino|Bullet Seed|p1a: Clawitzer\n|-supereffective|p1a: Clawitzer\n|-damage|p1a: Clawitzer|70/100\n|-supereffective|p1a: Clawitzer\n|-damage|p1a: Clawitzer|39/100\n|-supereffective|p1a: Clawitzer\n|-damage|p1a: Clawitzer|11/100\n|-supereffective|p1a: Clawitzer\n|-damage|p1a: Clawitzer|0 fnt\n|faint|p1a: Clawitzer\n|-hitcount|p1: Clawitzer|4\n|\n|upkeep\n|\n|t:|1783555992\n|switch|p1a: Slither Wing|Slither Wing, L81|100/100\n|-enditem|p1a: Slither Wing|Booster Energy\n|-activate|p1a: Slither Wing|ability: Protosynthesis|[fromitem]\n|-start|p1a: Slither Wing|protosynthesisatk\n|turn|2\n|inactive|Time left: 300 sec this turn | 300 sec total\n|\n|t:|1783555993\n|switch|p2a: Slaking|Slaking, L84, F|389/389\n|move|p1a: Slither Wing|Close Combat|p2a: Slaking\n|-supereffective|p2a: Slaking\n|-damage|p2a: Slaking|51/389\n|-unboost|p1a: Slither Wing|def|1\n|-unboost|p1a: Slither Wing|spd|1\n|\n|upkeep\n|turn|3\n|inactive|Time left: 300 sec this turn | 300 sec total\n|\n|t:|1783555994\n|-end|p1a: Slither Wing|Protosynthesis|[silent]\n|switch|p1a: Appletun|Appletun, L92, M|100/100\n|move|p2a: Slaking|Giga Impact|p1a: Appletun|[miss]\n|-miss|p2a: Slaking|p1a: Appletun\n|\n|upkeep\n|turn|4\n|inactive|Time left: 300 sec this turn | 300 sec total\n|\n|t:|1783555995\n|switch|p2a: Munkidori|Munkidori, L79, M|269/269\n|move|p1a: Appletun|Dragon Pulse|p2a: Munkidori\n|-damage|p2a: Munkidori|197/269\n|\n|upkeep\n|turn|5\n|inactive|Time left: 300 sec this turn | 300 sec total\n|\n|t:|1783555997\n|move|p2a: Munkidori|Sludge Wave|p1a: Appletun\n|-supereffective|p1a: Appletun\n|-damage|p1a: Appletun|39/100\n|move|p1a: Appletun|Dragon Pulse|p2a: Munkidori\n|-damage|p2a: Munkidori|124/269\n|\n|-heal|p1a: Appletun|45/100|[from] item: Leftovers\n|upkeep\n|turn|6\n|inactive|Time left: 300 sec this turn | 300 sec total\n|\n|t:|1783555998\n|-terastallize|p1a: Appletun|Steel\n|move|p2a: Munkidori|Sludge Wave|p1a: Appletun\n|-immune|p1a: Appletun\n|move|p1a: Appletun|Dragon Pulse|p2a: Munkidori\n|-damage|p2a: Munkidori|46/269\n|\n|-heal|p1a: Appletun|52/100|[from] item: Leftovers\n|upkeep\n|turn|7\n|inactive|Time left: 300 sec this turn | 300 sec total\n|\n|t:|1783555999\n|move|p2a: Munkidori|Psychic Noise|p1a: Appletun\n|-resisted|p1a: Appletun\n|-damage|p1a: Appletun|40/100\n|-start|p1a: Appletun|move: Heal Block\n|move|p1a: Appletun|Dragon Pulse|p2a: Munkidori\n|-damage|p2a: Munkidori|0 fnt\n|faint|p2a: Munkidori\n|\n|upkeep\n|inactive|Time left: 300 sec this turn | 300 sec total | 5 sec grace\n|\n|t:|1783556000\n|switch|p2a: Slaking|Slaking, L84, F|51/389\n|turn|8\n|inactive|Time left: 300 sec this turn | 300 sec total\n|\n|t:|1783556001\n|switch|p1a: Regigigas|Regigigas, L84|100/100\n|-start|p1a: Regigigas|ability: Slow Start\n|move|p2a: Slaking|Giga Impact|p1a: Regigigas\n|-damage|p1a: Regigigas|9/100\n|-mustrecharge|p2a: Slaking\n|\n|-heal|p1a: Regigigas|15/100|[from] item: Leftovers\n|upkeep\n|turn|9\n|inactive|Time left: 300 sec this turn | 300 sec total\n|\n|t:|1783556002\n|cant|p2a: Slaking|recharge\n|move|p1a: Regigigas|Body Slam|p2a: Slaking\n|-damage|p2a: Slaking|0 fnt\n|faint|p2a: Slaking\n|\n|-heal|p1a: Regigigas|22/100|[from] item: Leftovers\n|upkeep\n|inactive|Time left: 300 sec this turn | 300 sec total | 5 sec grace\n|\n|t:|1783556004\n|switch|p2a: Barraskewda|Barraskewda, L81, M|231/231\n|turn|10\n|inactive|Time left: 300 sec this turn | 300 sec total\n|\n|t:|1783556005\n|switch|p1a: Vaporeon|Vaporeon, L86, F|100/100\n|move|p2a: Barraskewda|Waterfall|p1a: Vaporeon\n|-immune|p1a: Vaporeon|[from] ability: Water Absorb\n|\n|upkeep\n|turn|11\n|inactive|Time left: 300 sec this turn | 300 sec total\n|\n|t:|1783556006\n|switch|p2a: Cinccino|Cinccino, L83, F, tera:Grass|260/260\n|move|p1a: Vaporeon|Scald|p2a: Cinccino\n|-resisted|p2a: Cinccino\n|-damage|p2a: Cinccino|194/260\n|\n|upkeep\n|turn|12\n|inactive|Time left: 300 sec this turn | 300 sec total\n|\n|t:|1783556007\n|switch|p1a: Appletun|Appletun, L92, M, tera:Steel|40/100\n|move|p2a: Cinccino|Bullet Seed|p1a: Appletun\n|-resisted|p1a: Appletun\n|-damage|p1a: Appletun|35/100\n|-resisted|p1a: Appletun\n|-damage|p1a: Appletun|30/100\n|-resisted|p1a: Appletun\n|-damage|p1a: Appletun|24/100\n|-resisted|p1a: Appletun\n|-damage|p1a: Appletun|19/100\n|-hitcount|p1a: Appletun|4\n|\n|-heal|p1a: Appletun|25/100|[from] item: Leftovers\n|upkeep\n|turn|13\n|inactive|Time left: 300 sec this turn | 300 sec total\n|\n|t:|1783556008\n|move|p2a: Cinccino|Tidy Up|p2a: Cinccino\n|-boost|p2a: Cinccino|atk|1\n|-boost|p2a: Cinccino|spe|1\n|move|p1a: Appletun|Recover|p1a: Appletun\n|-heal|p1a: Appletun|75/100\n|\n|-heal|p1a: Appletun|81/100|[from] item: Leftovers\n|upkeep\n|turn|14\n|inactive|Time left: 300 sec this turn | 300 sec total\n|\n|t:|1783556009\n|move|p2a: Cinccino|Bullet Seed|p1a: Appletun\n|-resisted|p1a: Appletun\n|-damage|p1a: Appletun|74/100\n|-resisted|p1a: Appletun\n|-damage|p1a: Appletun|65/100\n|-resisted|p1a: Appletun\n|-damage|p1a: Appletun|58/100\n|-resisted|p1a: Appletun\n|-damage|p1a: Appletun|50/100\n|-resisted|p1a: Appletun\n|-damage|p1a: Appletun|42/100\n|-hitcount|p1a: Appletun|5\n|move|p1a: Appletun|Dragon Pulse|p2a: Cinccino\n|-damage|p2a: Cinccino|44/260\n|\n|-heal|p1a: Appletun|48/100|[from] item: Leftovers\n|upkeep\n|turn|15\n|inactive|Time left: 300 sec this turn | 300 sec total\n|\n|t:|1783556010\n|move|p2a: Cinccino|Bullet Seed|p1a: Appletun\n|-resisted|p1a: Appletun\n|-crit|p1a: Appletun\n|-damage|p1a: Appletun|37/100\n|-resisted|p1a: Appletun\n|-damage|p1a: Appletun|29/100\n|-resisted|p1a: Appletun\n|-damage|p1a: Appletun|22/100\n|-resisted|p1a: Appletun\n|-damage|p1a: Appletun|13/100\n|-resisted|p1a: Appletun\n|-crit|p1a: Appletun\n|-damage|p1a: Appletun|2/100\n|-hitcount|p1a: Appletun|5\n|move|p1a: Appletun|Recover|p1a: Appletun\n|-heal|p1a: Appletun|52/100\n|\n|-heal|p1a: Appletun|58/100|[from] item: Leftovers\n|upkeep\n|turn|16\n|inactive|Time left: 300 sec this turn | 300 sec total\n|\n|t:|1783556012\n|move|p2a: Cinccino|Tail Slap|p1a: Appletun\n|-resisted|p1a: Appletun\n|-damage|p1a: Appletun|50/100\n|-resisted|p1a: Appletun\n|-damage|p1a: Appletun|43/100\n|-resisted|p1a: Appletun\n|-damage|p1a: Appletun|35/100\n|-resisted|p1a: Appletun\n|-damage|p1a: Appletun|26/100\n|-hitcount|p1a: Appletun|4\n|move|p1a: Appletun|Dragon Pulse|p2a: Cinccino\n|-damage|p2a: Cinccino|0 fnt\n|faint|p2a: Cinccino\n|\n|-heal|p1a: Appletun|33/100|[from] item: Leftovers\n|upkeep\n|inactive|Time left: 300 sec this turn | 300 sec total | 5 sec grace\n|\n|t:|1783556013\n|switch|p2a: Barraskewda|Barraskewda, L81, M|231/231\n|turn|17\n|inactive|Time left: 300 sec this turn | 300 sec total\n|\n|t:|1783556014\n|switch|p1a: Vaporeon|Vaporeon, L86, F|100/100\n|move|p2a: Barraskewda|Waterfall|p1a: Vaporeon\n|-immune|p1a: Vaporeon|[from] ability: Water Absorb\n|\n|upkeep\n|turn|18\n|inactive|Time left: 300 sec this turn | 300 sec total\n|\n|t:|1783556015\n|switch|p2a: Brambleghast|Brambleghast, L88, M|240/240\n|move|p1a: Vaporeon|Scald|p2a: Brambleghast\n|-resisted|p2a: Brambleghast\n|-damage|p2a: Brambleghast|187/240\n|\n|upkeep\n|turn|19\n|inactive|Time left: 300 sec this turn | 300 sec total\n|\n|t:|1783556016\n|switch|p1a: Appletun|Appletun, L92, M, tera:Steel|33/100\n|move|p2a: Brambleghast|Power Whip|p1a: Appletun\n|-resisted|p1a: Appletun\n|-damage|p1a: Appletun|11/100\n|\n|-heal|p1a: Appletun|17/100|[from] item: Leftovers\n|upkeep\n|turn|20\n|inactive|Time left: 300 sec this turn | 300 sec total\n|\n|t:|1783556017\n|move|p2a: Brambleghast|Power Whip|p1a: Appletun\n|-resisted|p1a: Appletun\n|-crit|p1a: Appletun\n|-damage|p1a: Appletun|0 fnt\n|faint|p1a: Appletun\n|\n|upkeep\n|\n|t:|1783556018\n|switch|p1a: Tsareena|Tsareena, L87, F|100/100\n|turn|21\n|inactive|Time left: 300 sec this turn | 300 sec total\n|\n|t:|1783556019\n|move|p2a: Brambleghast|Spikes|p1a: Tsareena\n|-sidestart|p1: p0x13764954|Spikes\n|move|p1a: Tsareena|Knock Off|p2a: Brambleghast\n|-supereffective|p2a: Brambleghast\n|-damage|p2a: Brambleghast|0 fnt\n|-enditem|p2a: Brambleghast|Heavy-Duty Boots|[from] move: Knock Off|[of] p1a: Tsareena\n|faint|p2a: Brambleghast\n|-damage|p1a: Tsareena|91/100|[from] item: Life Orb\n|\n|upkeep\n|inactive|Time left: 300 sec this turn | 300 sec total | 5 sec grace\n|\n|t:|1783556020\n|switch|p2a: Barraskewda|Barraskewda, L81, M|231/231\n|turn|22\n|inactive|Time left: 300 sec this turn | 300 sec total\n|\n|t:|1783556021\n|move|p2a: Barraskewda|Flip Turn|p1a: Tsareena\n|-resisted|p1a: Tsareena\n|-damage|p1a: Tsareena|74/100\n|inactive|Time left: 300 sec this turn | 300 sec total | 5 sec grace\n|\n|t:|1783556022\n|switch|p2a: Electrode|Electrode, L92|260/260|[from] Flip Turn\n|move|p1a: Tsareena|Power Whip|p2a: Electrode\n|-damage|p2a: Electrode|22/260\n|-status|p1a: Tsareena|par|[from] ability: Static|[of] p2a: Electrode\n|-damage|p1a: Tsareena|64/100 par|[from] item: Life Orb\n|\n|upkeep\n|turn|23\n|inactive|Time left: 300 sec this turn | 300 sec total\n|\n|t:|1783556023\n|move|p2a: Electrode|Taunt|p1a: Tsareena\n|-start|p1a: Tsareena|move: Taunt\n|cant|p1a: Tsareena|move: Taunt|Synthesis\n|\n|upkeep\n|turn|24\n|inactive|Time left: 300 sec this turn | 300 sec total\n|\n|t:|1783556024\n|move|p2a: Electrode|Taunt||[still]\n|-fail|p2a: Electrode\n|move|p1a: Tsareena|Power Whip|p2a: Electrode\n|-damage|p2a: Electrode|0 fnt\n|faint|p2a: Electrode\n|-damage|p1a: Tsareena|54/100 par|[from] item: Life Orb\n|\n|upkeep\n|inactive|Time left: 300 sec this turn | 300 sec total | 5 sec grace\n|\n|t:|1783556026\n|switch|p2a: Barraskewda|Barraskewda, L81, M|231/231\n|turn|25\n|inactive|Time left: 300 sec this turn | 300 sec total\n|\n|t:|1783556027\n|move|p2a: Barraskewda|Psychic Fangs|p1a: Tsareena\n|-damage|p1a: Tsareena|23/100 par\n|move|p1a: Tsareena|Power Whip|p2a: Barraskewda\n|-supereffective|p2a: Barraskewda\n|-damage|p2a: Barraskewda|0 fnt\n|faint|p2a: Barraskewda\n|-damage|p1a: Tsareena|13/100 par|[from] item: Life Orb\n|\n|win|p0x13764954", "uploadtime": 1783556027, "views": 0, "rating": 0, "private": 0, "password": null, "_winner": "p0x13764954", "_our_name": "p0y1376c210"}