{"id": "battle-gen9randombattle-818", "formatid": "gen9randombattle", "format": "[Gen 9] Random Battle", "players": ["p0x81814ec", "p0y81808b9"], "log": "|init|battle\n|title|p0x81814ec vs. p0y81808b9\n|j|\u2606p0x81814ec\n|j|\u2606p0y81808b9\n|t:|1783549375\n|gametype|singles\n|player|p1|p0x81814ec|170|\n|player|p2|p0y81808b9|265|\n|gen|9\n|tier|[Gen 9] Random Battle\n|rule|Species Clause: Limit one of each Pok\u00e9mon\n|rule|HP Percentage Mod: HP is shown in percentages\n|rule|Sleep Clause Mod: Limit one foe put to sleep\n|rule|Illusion Level Mod: Illusion disguises the Pok\u00e9mon's true level\n|\n|t:|1783549375\n|teamsize|p1|6\n|teamsize|p2|6\n|start\n|switch|p1a: Sandy Shocks|Sandy Shocks, L80|267/267\n|switch|p2a: Iron Moth|Iron Moth, L78|100/100\n|turn|1\n|inactive|Battle timer is ON: inactive players will automatically lose when time's up. (requested by p0x81814ec)\n|inactive|p0y81808b9 also wants the timer to be on.\n|\n|t:|1783549377\n|move|p2a: Iron Moth|Fire Blast|p1a: Sandy Shocks|[miss]\n|-miss|p2a: Iron Moth|p1a: Sandy Shocks\n|move|p1a: Sandy Shocks|Earth Power|p2a: Iron Moth\n|-supereffective|p2a: Iron Moth\n|-damage|p2a: Iron Moth|0 fnt\n|faint|p2a: Iron Moth\n|-end|p2a: Iron Moth|Quark Drive|[silent]\n|\n|upkeep\n|\n|t:|1783549378\n|switch|p2a: Kleavor|Kleavor, L78, F|100/100\n|turn|2\n|inactive|Time left: 300 sec this turn | 300 sec total\n|\n|t:|1783549380\n|move|p1a: Sandy Shocks|Thunderbolt|p2a: Kleavor\n|-damage|p2a: Kleavor|43/100\n|move|p2a: Kleavor|X-Scissor|p1a: Sandy Shocks\n|-damage|p1a: Sandy Shocks|68/267\n|\n|-heal|p1a: Sandy Shocks|84/267|[from] item: Leftovers\n|upkeep\n|turn|3\n|inactive|Time left: 300 sec this turn | 300 sec total\n|\n|t:|1783549381\n|switch|p2a: Blissey|Blissey, L85, F|100/100\n|move|p1a: Sandy Shocks|Earth Power|p2a: Blissey\n|-damage|p2a: Blissey|87/100\n|\n|-heal|p1a: Sandy Shocks|100/267|[from] item: Leftovers\n|-heal|p2a: Blissey|93/100|[from] item: Leftovers\n|upkeep\n|turn|4\n|inactive|Time left: 300 sec this turn | 300 sec total\n|\n|t:|1783549382\n|move|p1a: Sandy Shocks|Spikes|p2a: Blissey\n|-sidestart|p2: p0y81808b9|Spikes\n|move|p2a: Blissey|Seismic Toss|p1a: Sandy Shocks\n|-damage|p1a: Sandy Shocks|15/267\n|\n|-heal|p1a: Sandy Shocks|31/267|[from] item: Leftovers\n|-heal|p2a: Blissey|99/100|[from] item: Leftovers\n|upkeep\n|turn|5\n|inactive|Time left: 300 sec this turn | 300 sec total\n|\n|t:|1783549383\n|move|p1a: Sandy Shocks|Spikes|p2a: Blissey\n|-sidestart|p2: p0y81808b9|Spikes\n|move|p2a: Blissey|Seismic Toss|p1a: Sandy Shocks\n|-damage|p1a: Sandy Shocks|0 fnt\n|faint|p1a: Sandy Shocks\n|-end|p1a: Sandy Shocks|Protosynthesis|[silent]\n|\n|-heal|p2a: Blissey|100/100|[from] item: Leftovers\n|upkeep\n|inactive|Time left: 300 sec this turn | 300 sec total | 5 sec grace\n|\n|t:|1783549384\n|switch|p1a: Gogoat|Gogoat, L88, M|360/360\n|turn|6\n|inactive|Time left: 300 sec this turn | 300 sec total\n|\n|t:|1783549385\n|move|p1a: Gogoat|Bulk Up|p1a: Gogoat\n|-boost|p1a: Gogoat|atk|1\n|-boost|p1a: Gogoat|def|1\n|move|p2a: Blissey|Thunder Wave|p1a: Gogoat\n|-status|p1a: Gogoat|par\n|\n|upkeep\n|turn|7\n|inactive|Time left: 300 sec this turn | 300 sec total\n|\n|t:|1783549386\n|switch|p2a: Pyroar|Pyroar, L88, F|100/100\n|-ability|p2a: Pyroar|Unnerve\n|move|p1a: Gogoat|Horn Leech|p2a: Pyroar\n|-resisted|p2a: Pyroar\n|-damage|p2a: Pyroar|77/100\n|\n|upkeep\n|turn|8\n|inactive|Time left: 300 sec this turn | 300 sec total\n|\n|t:|1783549388\n|move|p2a: Pyroar|Fire Blast|p1a: Gogoat\n|-supereffective|p1a: Gogoat\n|-damage|p1a: Gogoat|64/360 par\n|move|p1a: Gogoat|Earthquake|p2a: Pyroar\n|-supereffective|p2a: Pyroar\n|-damage|p2a: Pyroar|0 fnt\n|faint|p2a: Pyroar\n|\n|-heal|p1a: Gogoat|86/360 par|[from] item: Leftovers\n|upkeep\n|\n|t:|1783549389\n|switch|p2a: Kleavor|Kleavor, L78, F|43/100\n|-damage|p2a: Kleavor|27/100|[from] Spikes\n|turn|9\n|inactive|Time left: 300 sec this turn | 300 sec total\n|\n|t:|1783549390\n|move|p2a: Kleavor|Stone Axe|p1a: Gogoat|[miss]\n|-miss|p2a: Kleavor|p1a: Gogoat\n|cant|p1a: Gogoat|par\n|\n|-heal|p1a: Gogoat|108/360 par|[from] item: Leftovers\n|upkeep\n|turn|10\n|inactive|Time left: 300 sec this turn | 300 sec total\n|\n|t:|1783549391\n|-terastallize|p1a: Gogoat|Ground\n|move|p2a: Kleavor|Stone Axe|p1a: Gogoat\n|-resisted|p1a: Gogoat\n|-damage|p1a: Gogoat|36/360 par\n|-sidestart|p1: p0x81814ec|move: Stealth Rock\n|move|p1a: Gogoat|Milk Drink|p1a: Gogoat\n|-heal|p1a: Gogoat|216/360 par\n|\n|-heal|p1a: Gogoat|238/360 par|[from] item: Leftovers\n|upkeep\n|turn|11\n|inactive|Time left: 300 sec this turn | 300 sec total\n|\n|t:|1783549392\n|move|p2a: Kleavor|Stone Axe|p1a: Gogoat\n|-resisted|p1a: Gogoat\n|-damage|p1a: Gogoat|168/360 par\n|move|p1a: Gogoat|Earthquake|p2a: Kleavor\n|-damage|p2a: Kleavor|0 fnt\n|faint|p2a: Kleavor\n|\n|-heal|p1a: Gogoat|190/360 par|[from] item: Leftovers\n|upkeep\n|\n|t:|1783549392\n|switch|p2a: Copperajah|Copperajah, L86, M|100/100\n|-damage|p2a: Copperajah|84/100|[from] Spikes\n|turn|12\n|inactive|Time left: 300 sec this turn | 300 sec total\n|\n|t:|1783549393\n|move|p2a: Copperajah|Iron Head|p1a: Gogoat\n|-damage|p1a: Gogoat|34/360 par\n|move|p1a: Gogoat|Earthquake|p2a: Copperajah\n|-supereffective|p2a: Copperajah\n|-damage|p2a: Copperajah|0 fnt\n|faint|p2a: Copperajah\n|\n|-heal|p1a: Gogoat|56/360 par|[from] item: Leftovers\n|upkeep\n|\n|t:|1783549394\n|switch|p2a: Quagsire|Quagsire, L84, F|100/100\n|-damage|p2a: Quagsire|84/100|[from] Spikes\n|turn|13\n|inactive|Time left: 300 sec this turn | 300 sec total\n|\n|t:|1783549396\n|move|p2a: Quagsire|Ice Beam|p1a: Gogoat\n|-supereffective|p1a: Gogoat\n|-damage|p1a: Gogoat|0 fnt\n|faint|p1a: Gogoat\n|\n|-heal|p2a: Quagsire|90/100|[from] item: Leftovers\n|upkeep\n|inactive|Time left: 300 sec this turn | 300 sec total | 5 sec grace\n|\n|t:|1783549397\n|switch|p1a: Manaphy|Manaphy, L78|284/284\n|-damage|p1a: Manaphy|249/284|[from] Stealth Rock\n|turn|14\n|inactive|Time left: 300 sec this turn | 300 sec total\n|\n|t:|1783549398\n|-terastallize|p2a: Quagsire|Fairy\n|move|p1a: Manaphy|Energy Ball|p2a: Quagsire\n|-damage|p2a: Quagsire|65/100\n|move|p2a: Quagsire|Earthquake|p1a: Manaphy\n|-damage|p1a: Manaphy|161/284\n|\n|-heal|p1a: Manaphy|178/284|[from] item: Leftovers\n|-heal|p2a: Quagsire|71/100|[from] item: Leftovers\n|upkeep\n|turn|15\n|inactive|Time left: 300 sec this turn | 300 sec total\n|\n|t:|1783549399\n|move|p1a: Manaphy|Ice Beam|p2a: Quagsire\n|-damage|p2a: Quagsire|46/100\n|move|p2a: Quagsire|Toxic|p1a: Manaphy\n|-status|p1a: Manaphy|tox\n|\n|-heal|p1a: Manaphy|195/284 tox|[from] item: Leftovers\n|-heal|p2a: Quagsire|52/100|[from] item: Leftovers\n|-damage|p1a: Manaphy|178/284 tox|[from] psn\n|upkeep\n|turn|16\n|inactive|Time left: 300 sec this turn | 300 sec total\n|\n|t:|1783549400\n|move|p1a: Manaphy|Surf|p2a: Quagsire\n|-damage|p2a: Quagsire|18/100\n|move|p2a: Quagsire|Recover|p2a: Quagsire\n|-heal|p2a: Quagsire|69/100\n|\n|-heal|p1a: Manaphy|195/284 tox|[from] item: Leftovers\n|-heal|p2a: Quagsire|75/100|[from] item: Leftovers\n|-damage|p1a: Manaphy|161/284 tox|[from] psn\n|upkeep\n|turn|17\n|inactive|Time left: 300 sec this turn | 300 sec total\n|\n|t:|1783549401\n|move|p1a: Manaphy|Ice Beam|p2a: Quagsire\n|-damage|p2a: Quagsire|50/100\n|-status|p2a: Quagsire|frz\n|cant|p2a: Quagsire|frz\n|\n|-heal|p1a: Manaphy|178/284 tox|[from] item: Leftovers\n|-heal|p2a: Quagsire|56/100 frz|[from] item: Leftovers\n|-damage|p1a: Manaphy|127/284 tox|[from] psn\n|upkeep\n|turn|18\n|inactive|Time left: 300 sec this turn | 300 sec total\n|\n|t:|1783549402\n|move|p1a: Manaphy|Surf|p2a: Quagsire\n|-damage|p2a: Quagsire|19/100 frz\n|cant|p2a: Quagsire|frz\n|\n|-heal|p1a: Manaphy|144/284 tox|[from] item: Leftovers\n|-heal|p2a: Quagsire|25/100 frz|[from] item: Leftovers\n|-damage|p1a: Manaphy|76/284 tox|[from] psn\n|upkeep\n|turn|19\n|inactive|Time left: 300 sec this turn | 300 sec total\n|\n|t:|1783549403\n|switch|p2a: Blissey|Blissey, L85, F|100/100\n|-damage|p2a: Blissey|84/100|[from] Spikes\n|move|p1a: Manaphy|Surf|p2a: Blissey\n|-damage|p2a: Blissey|73/100\n|\n|-heal|p1a: Manaphy|93/284 tox|[from] item: Leftovers\n|-heal|p2a: Blissey|80/100|[from] item: Leftovers\n|-damage|p1a: Manaphy|8/284 tox|[from] psn\n|upkeep\n|turn|20\n|inactive|Time left: 300 sec this turn | 300 sec total\n|\n|t:|1783549404\n|switch|p1a: Tropius|Tropius, L91, F|328/328\n|-damage|p1a: Tropius|246/328|[from] Stealth Rock\n|move|p2a: Blissey|Soft-Boiled|p2a: Blissey\n|-heal|p2a: Blissey|100/100\n|\n|upkeep\n|turn|21\n|inactive|Time left: 300 sec this turn | 300 sec total\n|\n|t:|1783549405\n|move|p1a: Tropius|Dragon Dance|p1a: Tropius\n|-boost|p1a: Tropius|atk|1\n|-boost|p1a: Tropius|spe|1\n|move|p2a: Blissey|Thunder Wave|p1a: Tropius|[miss]\n|-miss|p2a: Blissey|p1a: Tropius\n|\n|upkeep\n|turn|22\n|inactive|Time left: 300 sec this turn | 300 sec total\n|\n|t:|1783549406\n|move|p1a: Tropius|Dragon Dance|p1a: Tropius\n|-boost|p1a: Tropius|atk|1\n|-boost|p1a: Tropius|spe|1\n|move|p2a: Blissey|Thunder Wave|p1a: Tropius\n|-status|p1a: Tropius|par\n|\n|upkeep\n|turn|23\n|inactive|Time left: 300 sec this turn | 300 sec total\n|\n|t:|1783549407\n|move|p1a: Tropius|Dual Wingbeat|p2a: Blissey\n|-crit|p2a: Blissey\n|-damage|p2a: Blissey|39/100\n|-damage|p2a: Blissey|0 fnt\n|faint|p2a: Blissey\n|-hitcount|p2: Blissey|2\n|\n|upkeep\n|\n|t:|1783549407\n|switch|p2a: Quagsire|Quagsire, L84, F, tera:Fairy|25/100 frz\n|-damage|p2a: Quagsire|8/100 frz|[from] Spikes\n|turn|24\n|inactive|Time left: 300 sec this turn | 300 sec total\n|\n|t:|1783549408\n|move|p1a: Tropius|Earthquake|p2a: Quagsire\n|-damage|p2a: Quagsire|0 fnt\n|faint|p2a: Quagsire\n|\n|win|p0x81814ec", "uploadtime": 1783549408, "views": 0, "rating": 0, "private": 0, "password": null, "_winner": "p0x81814ec", "_our_name": "p0x81814ec"}