{"id": "battle-gen9randombattle-1921", "formatid": "gen9randombattle", "format": "[Gen 9] Random Battle", "players": ["p0x19215e5d", "p0y1921865e"], "log": "|init|battle\n|title|p0x19215e5d vs. p0y1921865e\n|j|\u2606p0x19215e5d\n|j|\u2606p0y1921865e\n|t:|1783561494\n|gametype|singles\n|player|p1|p0x19215e5d|101|\n|player|p2|p0y1921865e|2|\n|gen|9\n|tier|[Gen 9] Random Battle\n|rule|Species Clause: Limit one of each Pok\u00e9mon\n|rule|HP Percentage Mod: HP is shown in percentages\n|rule|Sleep Clause Mod: Limit one foe put to sleep\n|rule|Illusion Level Mod: Illusion disguises the Pok\u00e9mon's true level\n|\n|t:|1783561494\n|teamsize|p1|6\n|teamsize|p2|6\n|start\n|switch|p1a: Ursaring|Ursaring, L84, M|100/100\n|switch|p2a: Garchomp|Garchomp, L74, M|282/282\n|turn|1\n|inactive|Battle timer is ON: inactive players will automatically lose when time's up. (requested by p0y1921865e)\n|inactive|p0x19215e5d also wants the timer to be on.\n|\n|t:|1783561496\n|move|p2a: Garchomp|Swords Dance|p2a: Garchomp\n|-boost|p2a: Garchomp|atk|2\n|move|p1a: Ursaring|Body Slam|p2a: Garchomp\n|-damage|p2a: Garchomp|159/282\n|-damage|p1a: Ursaring|88/100|[from] ability: Rough Skin|[of] p2a: Garchomp\n|\n|upkeep\n|turn|2\n|inactive|Time left: 300 sec this turn | 300 sec total\n|\n|t:|1783561497\n|move|p2a: Garchomp|Earthquake|p1a: Ursaring\n|-damage|p1a: Ursaring|37/100\n|move|p1a: Ursaring|Body Slam|p2a: Garchomp\n|-damage|p2a: Garchomp|30/282\n|-damage|p1a: Ursaring|24/100|[from] ability: Rough Skin|[of] p2a: Garchomp\n|\n|upkeep\n|turn|3\n|inactive|Time left: 300 sec this turn | 300 sec total\n|\n|t:|1783561498\n|move|p2a: Garchomp|Scale Shot|p1a: Ursaring\n|-damage|p1a: Ursaring|10/100\n|-damage|p1a: Ursaring|0 fnt\n|faint|p1a: Ursaring\n|-hitcount|p1: Ursaring|2\n|-unboost|p2a: Garchomp|def|1\n|-boost|p2a: Garchomp|spe|1\n|\n|upkeep\n|\n|t:|1783561499\n|switch|p1a: Scizor|Scizor, L79, F|100/100\n|turn|4\n|inactive|Time left: 300 sec this turn | 300 sec total\n|\n|t:|1783561500\n|move|p1a: Scizor|Bullet Punch|p2a: Garchomp\n|-damage|p2a: Garchomp|0 fnt\n|-damage|p1a: Scizor|88/100|[from] ability: Rough Skin|[of] p2a: Garchomp\n|faint|p2a: Garchomp\n|-damage|p1a: Scizor|78/100|[from] item: Life Orb\n|\n|upkeep\n|inactive|Time left: 300 sec this turn | 300 sec total | 5 sec grace\n|\n|t:|1783561501\n|switch|p2a: Eelektross|Eelektross, L87, F|290/290\n|turn|5\n|inactive|Time left: 300 sec this turn | 300 sec total\n|\n|t:|1783561502\n|switch|p1a: Gouging Fire|Gouging Fire, L74|100/100\n|move|p2a: Eelektross|Coil|p2a: Eelektross\n|-boost|p2a: Eelektross|atk|1\n|-boost|p2a: Eelektross|def|1\n|-boost|p2a: Eelektross|accuracy|1\n|\n|upkeep\n|turn|6\n|inactive|Time left: 300 sec this turn | 300 sec total\n|\n|t:|1783561503\n|move|p1a: Gouging Fire|Dragon Dance|p1a: Gouging Fire\n|-boost|p1a: Gouging Fire|atk|1\n|-boost|p1a: Gouging Fire|spe|1\n|move|p2a: Eelektross|Coil|p2a: Eelektross\n|-boost|p2a: Eelektross|atk|1\n|-boost|p2a: Eelektross|def|1\n|-boost|p2a: Eelektross|accuracy|1\n|\n|upkeep\n|turn|7\n|inactive|Time left: 300 sec this turn | 300 sec total\n|\n|t:|1783561504\n|move|p1a: Gouging Fire|Dragon Dance|p1a: Gouging Fire\n|-boost|p1a: Gouging Fire|atk|1\n|-boost|p1a: Gouging Fire|spe|1\n|move|p2a: Eelektross|Drain Punch|p1a: Gouging Fire\n|-damage|p1a: Gouging Fire|59/100\n|\n|upkeep\n|turn|8\n|inactive|Time left: 300 sec this turn | 300 sec total\n|\n|t:|1783561505\n|-terastallize|p2a: Eelektross|Fighting\n|move|p1a: Gouging Fire|Morning Sun|p1a: Gouging Fire\n|-heal|p1a: Gouging Fire|100/100\n|move|p2a: Eelektross|Drain Punch|p1a: Gouging Fire\n|-damage|p1a: Gouging Fire|41/100\n|\n|upkeep\n|turn|9\n|inactive|Time left: 300 sec this turn | 300 sec total\n|\n|t:|1783561506\n|move|p1a: Gouging Fire|Morning Sun|p1a: Gouging Fire\n|-heal|p1a: Gouging Fire|91/100\n|move|p2a: Eelektross|Drain Punch|p1a: Gouging Fire\n|-damage|p1a: Gouging Fire|25/100\n|\n|upkeep\n|turn|10\n|inactive|Time left: 300 sec this turn | 300 sec total\n|\n|t:|1783561507\n|move|p1a: Gouging Fire|Morning Sun|p1a: Gouging Fire\n|-heal|p1a: Gouging Fire|75/100\n|move|p2a: Eelektross|Drain Punch|p1a: Gouging Fire\n|-damage|p1a: Gouging Fire|15/100\n|\n|upkeep\n|turn|11\n|inactive|Time left: 300 sec this turn | 300 sec total\n|\n|t:|1783561508\n|move|p1a: Gouging Fire|Outrage|p2a: Eelektross\n|-damage|p2a: Eelektross|163/290\n|move|p2a: Eelektross|Drain Punch|p1a: Gouging Fire\n|-damage|p1a: Gouging Fire|0 fnt\n|-heal|p2a: Eelektross|184/290|[from] drain|[of] p1a: Gouging Fire\n|faint|p1a: Gouging Fire\n|-end|p1a: Gouging Fire|Protosynthesis|[silent]\n|\n|-heal|p2a: Eelektross|202/290|[from] item: Leftovers\n|upkeep\n|\n|t:|1783561509\n|switch|p1a: Walking Wake|Walking Wake, L79|100/100\n|turn|12\n|inactive|Time left: 300 sec this turn | 300 sec total\n|\n|t:|1783561510\n|move|p1a: Walking Wake|Draco Meteor|p2a: Eelektross\n|-damage|p2a: Eelektross|0 fnt\n|-unboost|p1a: Walking Wake|spa|2\n|faint|p2a: Eelektross\n|\n|upkeep\n|inactive|Time left: 300 sec this turn | 300 sec total | 5 sec grace\n|\n|t:|1783561511\n|switch|p2a: Groudon|Groudon, L72|263/263\n|-weather|SunnyDay|[from] ability: Drought|[of] p2a: Groudon\n|-activate|p1a: Walking Wake|ability: Protosynthesis\n|-start|p1a: Walking Wake|protosynthesisspe\n|turn|13\n|inactive|Time left: 300 sec this turn | 300 sec total\n|\n|t:|1783561512\n|move|p1a: Walking Wake|Draco Meteor|p2a: Groudon\n|-damage|p2a: Groudon|127/263\n|-unboost|p1a: Walking Wake|spa|2\n|move|p2a: Groudon|Precipice Blades|p1a: Walking Wake\n|-damage|p1a: Walking Wake|54/100\n|\n|-weather|SunnyDay|[upkeep]\n|-heal|p2a: Groudon|143/263|[from] item: Leftovers\n|upkeep\n|turn|14\n|inactive|Time left: 300 sec this turn | 300 sec total\n|\n|t:|1783561513\n|move|p1a: Walking Wake|Draco Meteor|p2a: Groudon\n|-damage|p2a: Groudon|56/263\n|-unboost|p1a: Walking Wake|spa|2\n|move|p2a: Groudon|Precipice Blades|p1a: Walking Wake\n|-damage|p1a: Walking Wake|4/100\n|\n|-weather|SunnyDay|[upkeep]\n|-heal|p2a: Groudon|72/263|[from] item: Leftovers\n|upkeep\n|turn|15\n|inactive|Time left: 300 sec this turn | 300 sec total\n|\n|t:|1783561514\n|move|p1a: Walking Wake|Draco Meteor|p2a: Groudon\n|-damage|p2a: Groudon|9/263\n|move|p2a: Groudon|Heat Crash|p1a: Walking Wake\n|-resisted|p1a: Walking Wake\n|-damage|p1a: Walking Wake|0 fnt\n|faint|p1a: Walking Wake\n|-end|p1a: Walking Wake|Protosynthesis|[silent]\n|\n|-weather|SunnyDay|[upkeep]\n|-heal|p2a: Groudon|25/263|[from] item: Leftovers\n|upkeep\n|\n|t:|1783561515\n|switch|p1a: Leafeon|Leafeon, L88, F|100/100\n|turn|16\n|inactive|Time left: 300 sec this turn | 300 sec total\n|\n|t:|1783561516\n|move|p1a: Leafeon|Leaf Blade|p2a: Groudon\n|-supereffective|p2a: Groudon\n|-damage|p2a: Groudon|0 fnt\n|faint|p2a: Groudon\n|-damage|p1a: Leafeon|91/100|[from] item: Life Orb\n|\n|-weather|SunnyDay|[upkeep]\n|upkeep\n|inactive|Time left: 300 sec this turn | 300 sec total | 5 sec grace\n|\n|t:|1783561517\n|switch|p2a: Vespiquen|Vespiquen, L99, F|299/299\n|-ability|p2a: Vespiquen|Pressure\n|turn|17\n|inactive|Time left: 300 sec this turn | 300 sec total\n|\n|t:|1783561518\n|switch|p1a: Morpeko|Morpeko, L88, M|100/100\n|move|p2a: Vespiquen|Air Slash|p1a: Morpeko\n|-resisted|p1a: Morpeko\n|-crit|p1a: Morpeko\n|-damage|p1a: Morpeko|63/100\n|\n|-weather|none\n|-heal|p1a: Morpeko|69/100|[from] item: Leftovers\n|-formechange|p1a: Morpeko|Morpeko-Hangry||[from] ability: Hunger Switch\n|upkeep\n|turn|18\n|inactive|Time left: 300 sec this turn | 300 sec total\n|\n|t:|1783561519\n|move|p1a: Morpeko|Protect|p1a: Morpeko\n|-singleturn|p1a: Morpeko|Protect\n|move|p2a: Vespiquen|U-turn|p1a: Morpeko\n|-activate|p1a: Morpeko|move: Protect\n|\n|-heal|p1a: Morpeko|76/100|[from] item: Leftovers\n|-formechange|p1a: Morpeko|Morpeko||[from] ability: Hunger Switch\n|upkeep\n|turn|19\n|inactive|Time left: 300 sec this turn | 300 sec total\n|\n|t:|1783561520\n|-terastallize|p1a: Morpeko|Electric\n|move|p1a: Morpeko|Aura Wheel|p2a: Vespiquen\n|-supereffective|p2a: Vespiquen\n|-damage|p2a: Vespiquen|63/299\n|-boost|p1a: Morpeko|spe|1\n|move|p2a: Vespiquen|U-turn|p1a: Morpeko\n|-damage|p1a: Morpeko|29/100\n|inactive|Time left: 300 sec this turn | 300 sec total | 5 sec grace\n|\n|t:|1783561521\n|switch|p2a: Tinkaton|Tinkaton, L82, F|274/274|[from] U-turn\n|-ability|p2a: Tinkaton|Mold Breaker\n|\n|-heal|p1a: Morpeko|35/100|[from] item: Leftovers\n|upkeep\n|turn|20\n|inactive|Time left: 300 sec this turn | 300 sec total\n|\n|t:|1783561522\n|move|p1a: Morpeko|Aura Wheel|p2a: Tinkaton\n|-crit|p2a: Tinkaton\n|-damage|p2a: Tinkaton|0 fnt\n|-boost|p1a: Morpeko|spe|1\n|faint|p2a: Tinkaton\n|\n|-heal|p1a: Morpeko|41/100|[from] item: Leftovers\n|upkeep\n|inactive|Time left: 300 sec this turn | 300 sec total | 5 sec grace\n|\n|t:|1783561523\n|switch|p2a: Vespiquen|Vespiquen, L99, F|63/299\n|-ability|p2a: Vespiquen|Pressure\n|turn|21\n|inactive|Time left: 300 sec this turn | 300 sec total\n|\n|t:|1783561524\n|move|p1a: Morpeko|Aura Wheel|p2a: Vespiquen\n|-supereffective|p2a: Vespiquen\n|-damage|p2a: Vespiquen|0 fnt\n|-boost|p1a: Morpeko|spe|1\n|faint|p2a: Vespiquen\n|\n|-heal|p1a: Morpeko|47/100|[from] item: Leftovers\n|upkeep\n|inactive|Time left: 300 sec this turn | 300 sec total | 5 sec grace\n|\n|t:|1783561525\n|switch|p2a: Tatsugiri|Tatsugiri, L87, M|260/260\n|turn|22\n|inactive|Time left: 300 sec this turn | 300 sec total\n|\n|t:|1783561526\n|move|p1a: Morpeko|Aura Wheel|p2a: Tatsugiri\n|-damage|p2a: Tatsugiri|54/260\n|-boost|p1a: Morpeko|spe|1\n|move|p2a: Tatsugiri|Hydro Pump|p1a: Morpeko|[miss]\n|-miss|p2a: Tatsugiri|p1a: Morpeko\n|\n|-heal|p1a: Morpeko|54/100|[from] item: Leftovers\n|upkeep\n|turn|23\n|inactive|Time left: 300 sec this turn | 300 sec total\n|\n|t:|1783561527\n|move|p1a: Morpeko|Knock Off|p2a: Tatsugiri\n|-damage|p2a: Tatsugiri|0 fnt\n|-enditem|p2a: Tatsugiri|Heavy-Duty Boots|[from] move: Knock Off|[of] p1a: Morpeko\n|faint|p2a: Tatsugiri\n|\n|win|p0x19215e5d", "uploadtime": 1783561527, "views": 0, "rating": 0, "private": 0, "password": null, "_winner": "p0x19215e5d", "_our_name": "p0y1921865e"}