{"id": "battle-gen9randombattle-589", "formatid": "gen9randombattle", "format": "[Gen 9] Random Battle", "players": ["p0x58990e8", "p0y5892bc0"], "log": "|init|battle\n|title|p0x58990e8 vs. p0y5892bc0\n|j|\u2606p0x58990e8\n|j|\u2606p0y5892bc0\n|t:|1783545907\n|gametype|singles\n|player|p1|p0x58990e8|1|\n|player|p2|p0y5892bc0|265|\n|gen|9\n|tier|[Gen 9] Random Battle\n|rule|Species Clause: Limit one of each Pok\u00e9mon\n|rule|HP Percentage Mod: HP is shown in percentages\n|rule|Sleep Clause Mod: Limit one foe put to sleep\n|rule|Illusion Level Mod: Illusion disguises the Pok\u00e9mon's true level\n|\n|t:|1783545907\n|teamsize|p1|6\n|teamsize|p2|6\n|start\n|switch|p1a: Granbull|Granbull, L88, F|100/100\n|switch|p2a: Electrode|Electrode-Hisui, L87|246/246\n|-ability|p1a: Granbull|Intimidate|boost\n|-unboost|p2a: Electrode|atk|1\n|turn|1\n|inactive|Battle timer is ON: inactive players will automatically lose when time's up. (requested by p0y5892bc0)\n|inactive|p0x58990e8 also wants the timer to be on.\n|\n|t:|1783545908\n|move|p2a: Electrode|Giga Drain|p1a: Granbull\n|-damage|p1a: Granbull|68/100\n|move|p1a: Granbull|Earthquake|p2a: Electrode\n|-damage|p2a: Electrode|137/246\n|\n|-heal|p2a: Electrode|152/246|[from] item: Leftovers\n|-heal|p1a: Granbull|74/100|[from] item: Leftovers\n|upkeep\n|turn|2\n|inactive|Time left: 300 sec this turn | 300 sec total\n|\n|t:|1783545909\n|move|p2a: Electrode|Giga Drain|p1a: Granbull\n|-damage|p1a: Granbull|43/100\n|-heal|p2a: Electrode|199/246|[from] drain|[of] p1a: Granbull\n|move|p1a: Granbull|Earthquake|p2a: Electrode\n|-damage|p2a: Electrode|93/246\n|\n|-heal|p2a: Electrode|108/246|[from] item: Leftovers\n|-heal|p1a: Granbull|49/100|[from] item: Leftovers\n|upkeep\n|turn|3\n|inactive|Time left: 300 sec this turn | 300 sec total\n|\n|t:|1783545910\n|move|p2a: Electrode|Giga Drain|p1a: Granbull\n|-damage|p1a: Granbull|20/100\n|-heal|p2a: Electrode|152/246|[from] drain|[of] p1a: Granbull\n|move|p1a: Granbull|Earthquake|p2a: Electrode\n|-damage|p2a: Electrode|56/246\n|\n|-heal|p2a: Electrode|71/246|[from] item: Leftovers\n|-heal|p1a: Granbull|26/100|[from] item: Leftovers\n|upkeep\n|turn|4\n|inactive|Time left: 300 sec this turn | 300 sec total\n|\n|t:|1783545911\n|switch|p1a: Dipplin|Dipplin, L88, F|100/100\n|move|p2a: Electrode|Giga Drain|p1a: Dipplin\n|-resisted|p1a: Dipplin\n|-damage|p1a: Dipplin|96/100\n|-heal|p2a: Electrode|78/246|[from] drain|[of] p1a: Dipplin\n|\n|-heal|p2a: Electrode|93/246|[from] item: Leftovers\n|upkeep\n|turn|5\n|inactive|Time left: 300 sec this turn | 300 sec total\n|\n|t:|1783545912\n|switch|p2a: Oranguru|Oranguru, L92, M|315/315\n|move|p1a: Dipplin|Dragon Pulse|p2a: Oranguru\n|-damage|p2a: Oranguru|243/315\n|\n|upkeep\n|turn|6\n|inactive|Time left: 300 sec this turn | 300 sec total\n|\n|t:|1783545914\n|move|p2a: Oranguru|Nasty Plot|p2a: Oranguru\n|-boost|p2a: Oranguru|spa|2\n|move|p1a: Dipplin|Giga Drain|p2a: Oranguru\n|-damage|p2a: Oranguru|171/315\n|-heal|p1a: Dipplin|100/100|[from] drain|[of] p2a: Oranguru\n|\n|upkeep\n|turn|7\n|inactive|Time left: 300 sec this turn | 300 sec total\n|\n|t:|1783545915\n|move|p2a: Oranguru|Hyper Voice|p1a: Dipplin\n|-damage|p1a: Dipplin|31/100\n|-damage|p2a: Oranguru|140/315|[from] item: Life Orb\n|move|p1a: Dipplin|Dragon Tail|p2a: Oranguru\n|-damage|p2a: Oranguru|79/315\n|drag|p2a: Staraptor|Staraptor, L79, F|263/263\n|\n|upkeep\n|turn|8\n|inactive|Time left: 300 sec this turn | 300 sec total\n|\n|t:|1783545917\n|move|p2a: Staraptor|Brave Bird|p1a: Dipplin\n|-supereffective|p1a: Dipplin\n|-damage|p1a: Dipplin|0 fnt\n|faint|p1a: Dipplin\n|-damage|p2a: Staraptor|234/263|[from] Recoil\n|\n|upkeep\n|\n|t:|1783545918\n|switch|p1a: Ninetales|Ninetales-Alola, L78, M|100/100\n|-weather|Snowscape|[from] ability: Snow Warning|[of] p1a: Ninetales\n|turn|9\n|inactive|Time left: 300 sec this turn | 300 sec total\n|\n|t:|1783545919\n|move|p1a: Ninetales|Aurora Veil|p1a: Ninetales\n|-sidestart|p1: p0x58990e8|move: Aurora Veil\n|move|p2a: Staraptor|Brave Bird|p1a: Ninetales\n|-crit|p1a: Ninetales\n|-damage|p1a: Ninetales|0 fnt\n|faint|p1a: Ninetales\n|-damage|p2a: Staraptor|154/263|[from] Recoil\n|\n|-weather|Snowscape|[upkeep]\n|upkeep\n|\n|t:|1783545920\n|switch|p1a: Scizor|Scizor, L79, M|100/100\n|turn|10\n|inactive|Time left: 300 sec this turn | 300 sec total\n|\n|t:|1783545921\n|move|p2a: Staraptor|Brave Bird|p1a: Scizor\n|-damage|p1a: Scizor|53/100\n|-damage|p2a: Staraptor|117/263|[from] Recoil\n|move|p1a: Scizor|Knock Off|p2a: Staraptor\n|-damage|p2a: Staraptor|0 fnt\n|-enditem|p2a: Staraptor|Choice Band|[from] move: Knock Off|[of] p1a: Scizor\n|faint|p2a: Staraptor\n|\n|-weather|Snowscape|[upkeep]\n|upkeep\n|inactive|Time left: 300 sec this turn | 300 sec total | 5 sec grace\n|\n|t:|1783545922\n|switch|p2a: Mightyena|Mightyena, L96, M|290/290\n|-ability|p2a: Mightyena|Intimidate|boost\n|-unboost|p1a: Scizor|atk|1\n|turn|11\n|inactive|Time left: 300 sec this turn | 300 sec total\n|\n|t:|1783545923\n|switch|p2a: Palossand|Palossand, L89, M|296/296\n|switch|p1a: Granbull|Granbull, L88, F|26/100\n|-ability|p1a: Granbull|Intimidate|boost\n|-unboost|p2a: Palossand|atk|1\n|\n|-weather|Snowscape|[upkeep]\n|-heal|p1a: Granbull|32/100|[from] item: Leftovers\n|upkeep\n|turn|12\n|inactive|Time left: 300 sec this turn | 300 sec total\n|\n|t:|1783545924\n|switch|p1a: Kricketune|Kricketune, L99, M|100/100\n|move|p2a: Palossand|Earth Power|p1a: Kricketune\n|-resisted|p1a: Kricketune\n|-damage|p1a: Kricketune|90/100\n|\n|-weather|Snowscape|[upkeep]\n|upkeep\n|turn|13\n|inactive|Time left: 300 sec this turn | 300 sec total\n|\n|t:|1783545924\n|switch|p2a: Mightyena|Mightyena, L96, M|290/290\n|-ability|p2a: Mightyena|Intimidate|boost\n|-unboost|p1a: Kricketune|atk|1\n|move|p1a: Kricketune|Sticky Web|p2a: Mightyena\n|-sidestart|p2: p0y5892bc0|move: Sticky Web\n|\n|-weather|none\n|upkeep\n|turn|14\n|inactive|Time left: 300 sec this turn | 300 sec total\n|\n|t:|1783545925\n|switch|p1a: Granbull|Granbull, L88, F|32/100\n|-ability|p1a: Granbull|Intimidate|boost\n|-unboost|p2a: Mightyena|atk|1\n|move|p2a: Mightyena|Crunch|p1a: Granbull\n|-resisted|p1a: Granbull\n|-damage|p1a: Granbull|25/100\n|\n|-heal|p1a: Granbull|31/100|[from] item: Leftovers\n|upkeep\n|turn|15\n|inactive|Time left: 300 sec this turn | 300 sec total\n|\n|t:|1783545926\n|switch|p2a: Palossand|Palossand, L89, M|296/296\n|-activate|p2a: Palossand|move: Sticky Web\n|-unboost|p2a: Palossand|spe|1\n|move|p1a: Granbull|Play Rough|p2a: Palossand\n|-damage|p2a: Palossand|202/296\n|\n|-heal|p1a: Granbull|37/100|[from] item: Leftovers\n|-heal|p2a: Palossand|220/296|[from] item: Leftovers\n|upkeep\n|turn|16\n|inactive|Time left: 300 sec this turn | 300 sec total\n|\n|t:|1783545927\n|move|p1a: Granbull|Earthquake|p2a: Palossand\n|-damage|p2a: Palossand|149/296\n|move|p2a: Palossand|Earth Power|p1a: Granbull\n|-damage|p1a: Granbull|13/100\n|\n|-heal|p1a: Granbull|19/100|[from] item: Leftovers\n|-heal|p2a: Palossand|167/296|[from] item: Leftovers\n|-sideend|p1: p0x58990e8|move: Aurora Veil\n|upkeep\n|turn|17\n|inactive|Time left: 300 sec this turn | 300 sec total\n|\n|t:|1783545928\n|move|p1a: Granbull|Play Rough|p2a: Palossand\n|-damage|p2a: Palossand|65/296\n|move|p2a: Palossand|Earth Power|p1a: Granbull\n|-damage|p1a: Granbull|0 fnt\n|faint|p1a: Granbull\n|\n|-heal|p2a: Palossand|83/296|[from] item: Leftovers\n|upkeep\n|\n|t:|1783545929\n|switch|p1a: Scizor|Scizor, L79, M|53/100\n|turn|18\n|inactive|Time left: 300 sec this turn | 300 sec total\n|\n|t:|1783545930\n|move|p1a: Scizor|Knock Off|p2a: Palossand\n|-supereffective|p2a: Palossand\n|-damage|p2a: Palossand|0 fnt\n|-enditem|p2a: Palossand|Leftovers|[from] move: Knock Off|[of] p1a: Scizor\n|faint|p2a: Palossand\n|\n|upkeep\n|inactive|Time left: 300 sec this turn | 300 sec total | 5 sec grace\n|\n|t:|1783545931\n|switch|p2a: Mightyena|Mightyena, L96, M|290/290\n|-activate|p2a: Mightyena|move: Sticky Web\n|-unboost|p2a: Mightyena|spe|1\n|-ability|p2a: Mightyena|Intimidate|boost\n|-unboost|p1a: Scizor|atk|1\n|turn|19\n|inactive|Time left: 300 sec this turn | 300 sec total\n|\n|t:|1783545932\n|switch|p1a: Okidogi|Okidogi, L77, M|100/100\n|move|p2a: Mightyena|Crunch|p1a: Okidogi\n|-resisted|p1a: Okidogi\n|-damage|p1a: Okidogi|83/100\n|-unboost|p1a: Okidogi|def|1\n|\n|-heal|p1a: Okidogi|89/100|[from] item: Leftovers\n|upkeep\n|turn|20\n|inactive|Time left: 300 sec this turn | 300 sec total\n|\n|t:|1783545933\n|switch|p2a: Oranguru|Oranguru, L92, M|79/315\n|-activate|p2a: Oranguru|move: Sticky Web\n|-unboost|p2a: Oranguru|spe|1\n|move|p1a: Okidogi|Bulk Up|p1a: Okidogi\n|-boost|p1a: Okidogi|atk|1\n|-boost|p1a: Okidogi|def|1\n|\n|-heal|p1a: Okidogi|96/100|[from] item: Leftovers\n|upkeep\n|turn|21\n|inactive|Time left: 300 sec this turn | 300 sec total\n|\n|t:|1783545934\n|move|p1a: Okidogi|Knock Off|p2a: Oranguru\n|-supereffective|p2a: Oranguru\n|-damage|p2a: Oranguru|0 fnt\n|-enditem|p2a: Oranguru|Life Orb|[from] move: Knock Off|[of] p1a: Okidogi\n|faint|p2a: Oranguru\n|\n|-heal|p1a: Okidogi|100/100|[from] item: Leftovers\n|upkeep\n|inactive|Time left: 300 sec this turn | 300 sec total | 5 sec grace\n|\n|t:|1783545935\n|switch|p2a: Electrode|Electrode-Hisui, L87|93/246\n|-activate|p2a: Electrode|move: Sticky Web\n|-unboost|p2a: Electrode|spe|1\n|turn|22\n|inactive|Time left: 300 sec this turn | 300 sec total\n|\n|t:|1783545936\n|move|p2a: Electrode|Leech Seed|p1a: Okidogi\n|-start|p1a: Okidogi|move: Leech Seed\n|move|p1a: Okidogi|Drain Punch|p2a: Electrode\n|-damage|p2a: Electrode|0 fnt\n|faint|p2a: Electrode\n|\n|upkeep\n|inactive|Time left: 300 sec this turn | 300 sec total | 5 sec grace\n|\n|t:|1783545937\n|switch|p2a: Lanturn|Lanturn, L89, F|367/367\n|turn|23\n|inactive|Time left: 300 sec this turn | 300 sec total\n|\n|t:|1783545938\n|move|p2a: Lanturn|Scald|p1a: Okidogi\n|-damage|p1a: Okidogi|65/100\n|move|p1a: Okidogi|Gunk Shot|p2a: Lanturn\n|-damage|p2a: Lanturn|108/367\n|\n|-heal|p1a: Okidogi|71/100|[from] item: Leftovers\n|-damage|p1a: Okidogi|59/100|[from] Leech Seed|[of] p2a: Lanturn\n|-heal|p2a: Lanturn|140/367|[silent]\n|upkeep\n|turn|24\n|inactive|Time left: 300 sec this turn | 300 sec total\n|\n|t:|1783545940\n|move|p2a: Lanturn|Scald|p1a: Okidogi\n|-damage|p1a: Okidogi|26/100\n|move|p1a: Okidogi|Gunk Shot|p2a: Lanturn|[miss]\n|-miss|p1a: Okidogi|p2a: Lanturn\n|\n|-heal|p1a: Okidogi|32/100|[from] item: Leftovers\n|-damage|p1a: Okidogi|20/100|[from] Leech Seed|[of] p2a: Lanturn\n|-heal|p2a: Lanturn|172/367|[silent]\n|upkeep\n|turn|25\n|inactive|Time left: 300 sec this turn | 300 sec total\n|\n|t:|1783545941\n|switch|p1a: Kricketune|Kricketune, L99, M|90/100\n|move|p2a: Lanturn|Thunderbolt|p1a: Kricketune\n|-crit|p1a: Kricketune\n|-damage|p1a: Kricketune|41/100\n|\n|upkeep\n|turn|26\n|inactive|Time left: 300 sec this turn | 300 sec total\n|\n|t:|1783545942\n|move|p1a: Kricketune|Knock Off|p2a: Lanturn\n|-damage|p2a: Lanturn|59/367\n|-enditem|p2a: Lanturn|Heavy-Duty Boots|[from] move: Knock Off|[of] p1a: Kricketune\n|move|p2a: Lanturn|Scald|p1a: Kricketune\n|-damage|p1a: Kricketune|8/100\n|\n|upkeep\n|turn|27\n|inactive|Time left: 300 sec this turn | 300 sec total\n|\n|t:|1783545943\n|move|p1a: Kricketune|Knock Off|p2a: Lanturn\n|-damage|p2a: Lanturn|0 fnt\n|faint|p2a: Lanturn\n|\n|upkeep\n|inactive|Time left: 300 sec this turn | 300 sec total | 5 sec grace\n|\n|t:|1783545944\n|switch|p2a: Mightyena|Mightyena, L96, M|290/290\n|-activate|p2a: Mightyena|move: Sticky Web\n|-unboost|p2a: Mightyena|spe|1\n|-ability|p2a: Mightyena|Intimidate|boost\n|-unboost|p1a: Kricketune|atk|1\n|turn|28\n|inactive|Time left: 300 sec this turn | 300 sec total\n|\n|t:|1783545945\n|move|p2a: Mightyena|Sucker Punch|p1a: Kricketune\n|-damage|p1a: Kricketune|0 fnt\n|faint|p1a: Kricketune\n|\n|upkeep\n|\n|t:|1783545946\n|switch|p1a: Scizor|Scizor, L79, M|53/100\n|turn|29\n|inactive|Time left: 300 sec this turn | 300 sec total\n|\n|t:|1783545946\n|-terastallize|p1a: Scizor|Steel\n|move|p1a: Scizor|Bullet Punch|p2a: Mightyena\n|-damage|p2a: Mightyena|152/290\n|move|p2a: Mightyena|Crunch|p1a: Scizor\n|-damage|p1a: Scizor|15/100\n|-unboost|p1a: Scizor|def|1\n|\n|upkeep\n|turn|30\n|inactive|Time left: 300 sec this turn | 300 sec total\n|\n|t:|1783545948\n|move|p1a: Scizor|Bullet Punch|p2a: Mightyena\n|-damage|p2a: Mightyena|4/290\n|move|p2a: Mightyena|Sucker Punch||[still]\n|-fail|p2a: Mightyena\n|\n|upkeep\n|turn|31\n|inactive|Time left: 300 sec this turn | 300 sec total\n|\n|t:|1783545949\n|move|p1a: Scizor|Bullet Punch|p2a: Mightyena\n|-damage|p2a: Mightyena|0 fnt\n|faint|p2a: Mightyena\n|\n|win|p0x58990e8", "uploadtime": 1783545949, "views": 0, "rating": 0, "private": 0, "password": null, "_winner": "p0x58990e8", "_our_name": "p0y5892bc0"}