{"id": "battle-gen9randombattle-1594", "formatid": "gen9randombattle", "format": "[Gen 9] Random Battle", "players": ["p0x15944a90", "p0y15942929"], "log": "|init|battle\n|title|p0x15944a90 vs. p0y15942929\n|j|\u2606p0x15944a90\n|j|\u2606p0y15942929\n|t:|1783557678\n|gametype|singles\n|player|p1|p0x15944a90|101|\n|player|p2|p0y15942929|2|\n|gen|9\n|tier|[Gen 9] Random Battle\n|rule|Species Clause: Limit one of each Pok\u00e9mon\n|rule|HP Percentage Mod: HP is shown in percentages\n|rule|Sleep Clause Mod: Limit one foe put to sleep\n|rule|Illusion Level Mod: Illusion disguises the Pok\u00e9mon's true level\n|\n|t:|1783557678\n|teamsize|p1|6\n|teamsize|p2|6\n|start\n|switch|p1a: Swampert|Swampert, L83, F|100/100\n|switch|p2a: Gliscor|Gliscor, L76, F|239/239\n|turn|1\n|inactive|Battle timer is ON: inactive players will automatically lose when time's up. (requested by p0x15944a90)\n|inactive|Time left: 300 sec this turn | 300 sec total | 60 sec grace\n|inactive|p0y15942929 also wants the timer to be on.\n|\n|t:|1783557680\n|move|p2a: Gliscor|Protect|p2a: Gliscor\n|-singleturn|p2a: Gliscor|Protect\n|move|p1a: Swampert|Knock Off|p2a: Gliscor\n|-activate|p2a: Gliscor|move: Protect\n|\n|-status|p2a: Gliscor|tox|[from] item: Toxic Orb\n|upkeep\n|turn|2\n|inactive|Time left: 300 sec this turn | 300 sec total\n|\n|t:|1783557681\n|switch|p2a: Oranguru|Oranguru, L92, M|315/315\n|move|p1a: Swampert|Stealth Rock|p2a: Oranguru\n|-sidestart|p2: p0y15942929|move: Stealth Rock\n|\n|upkeep\n|turn|3\n|inactive|Time left: 300 sec this turn | 300 sec total\n|\n|t:|1783557682\n|move|p2a: Oranguru|Nasty Plot|p2a: Oranguru\n|-boost|p2a: Oranguru|spa|2\n|move|p1a: Swampert|Knock Off|p2a: Oranguru\n|-supereffective|p2a: Oranguru\n|-damage|p2a: Oranguru|155/315\n|-enditem|p2a: Oranguru|Leftovers|[from] move: Knock Off|[of] p1a: Swampert\n|\n|upkeep\n|turn|4\n|inactive|Time left: 300 sec this turn | 300 sec total\n|\n|t:|1783557683\n|move|p2a: Oranguru|Psychic|p1a: Swampert\n|-damage|p1a: Swampert|33/100\n|move|p1a: Swampert|Earthquake|p2a: Oranguru\n|-damage|p2a: Oranguru|40/315\n|\n|-heal|p1a: Swampert|39/100|[from] item: Leftovers\n|upkeep\n|turn|5\n|inactive|Time left: 300 sec this turn | 300 sec total\n|\n|t:|1783557685\n|switch|p1a: Gardevoir|Gardevoir, L83, M|100/100\n|-ability|p1a: Gardevoir|Inner Focus|Trace|[from] ability: Trace|[of] p2a: Oranguru\n|move|p2a: Oranguru|Psychic|p1a: Gardevoir\n|-resisted|p1a: Gardevoir\n|-damage|p1a: Gardevoir|66/100\n|\n|upkeep\n|turn|6\n|inactive|Time left: 300 sec this turn | 300 sec total\n|\n|t:|1783557686\n|move|p1a: Gardevoir|Moonblast|p2a: Oranguru\n|-damage|p2a: Oranguru|0 fnt\n|faint|p2a: Oranguru\n|\n|upkeep\n|inactive|Time left: 300 sec this turn | 300 sec total | 5 sec grace\n|\n|t:|1783557688\n|switch|p2a: Munkidori|Munkidori, L79, M|269/269\n|-damage|p2a: Munkidori|236/269|[from] Stealth Rock\n|turn|7\n|inactive|Time left: 300 sec this turn | 300 sec total\n|\n|t:|1783557689\n|move|p1a: Gardevoir|Moonblast|p2a: Munkidori\n|-resisted|p2a: Munkidori\n|-damage|p2a: Munkidori|168/269\n|move|p2a: Munkidori|Sludge Wave|p1a: Gardevoir\n|-supereffective|p1a: Gardevoir\n|-damage|p1a: Gardevoir|0 fnt\n|faint|p1a: Gardevoir\n|\n|upkeep\n|\n|t:|1783557690\n|switch|p1a: Donphan|Donphan, L84, F|100/100\n|turn|8\n|inactive|Time left: 300 sec this turn | 300 sec total\n|\n|t:|1783557691\n|move|p2a: Munkidori|Sludge Wave|p1a: Donphan\n|-resisted|p1a: Donphan\n|-crit|p1a: Donphan\n|-damage|p1a: Donphan|61/100\n|move|p1a: Donphan|Knock Off|p2a: Munkidori\n|-supereffective|p2a: Munkidori\n|-damage|p2a: Munkidori|0 fnt\n|-enditem|p2a: Munkidori|Choice Specs|[from] move: Knock Off|[of] p1a: Donphan\n|faint|p2a: Munkidori\n|\n|upkeep\n|inactive|Time left: 300 sec this turn | 300 sec total | 5 sec grace\n|\n|t:|1783557692\n|switch|p2a: Baxcalibur|Baxcalibur, L75, F|295/295\n|-damage|p2a: Baxcalibur|222/295|[from] Stealth Rock\n|turn|9\n|inactive|Time left: 300 sec this turn | 300 sec total\n|\n|t:|1783557693\n|-terastallize|p1a: Donphan|Water\n|move|p2a: Baxcalibur|Icicle Crash|p1a: Donphan|[miss]\n|-miss|p2a: Baxcalibur|p1a: Donphan\n|move|p1a: Donphan|Knock Off|p2a: Baxcalibur\n|-damage|p2a: Baxcalibur|128/295\n|-enditem|p2a: Baxcalibur|Choice Band|[from] move: Knock Off|[of] p1a: Donphan\n|\n|upkeep\n|turn|10\n|inactive|Time left: 300 sec this turn | 300 sec total\n|\n|t:|1783557694\n|move|p2a: Baxcalibur|Glaive Rush|p1a: Donphan\n|-damage|p1a: Donphan|21/100\n|-singlemove|p2a: Baxcalibur|Glaive Rush|[silent]\n|move|p1a: Donphan|Earthquake|p2a: Baxcalibur\n|-damage|p2a: Baxcalibur|0 fnt\n|faint|p2a: Baxcalibur\n|\n|upkeep\n|inactive|Time left: 300 sec this turn | 300 sec total | 5 sec grace\n|\n|t:|1783557695\n|switch|p2a: Charizard|Charizard, L85, M|271/271\n|turn|11\n|inactive|Time left: 300 sec this turn | 300 sec total\n|\n|t:|1783557696\n|move|p2a: Charizard|Hurricane|p1a: Donphan\n|-damage|p1a: Donphan|0 fnt\n|faint|p1a: Donphan\n|\n|upkeep\n|\n|t:|1783557697\n|switch|p1a: Pawmot|Pawmot, L80, M|100/100\n|turn|12\n|inactive|Time left: 300 sec this turn | 300 sec total\n|\n|t:|1783557698\n|-terastallize|p2a: Charizard|Ground\n|move|p2a: Charizard|Earthquake|p1a: Pawmot\n|-supereffective|p1a: Pawmot\n|-damage|p1a: Pawmot|0 fnt\n|faint|p1a: Pawmot\n|\n|upkeep\n|\n|t:|1783557699\n|switch|p1a: Illumise|Illumise, L91, F|100/100\n|turn|13\n|inactive|Time left: 300 sec this turn | 300 sec total\n|\n|t:|1783557700\n|move|p1a: Illumise|Encore|p2a: Charizard\n|-start|p2a: Charizard|Encore\n|move|p2a: Charizard|Earthquake|p1a: Illumise\n|-resisted|p1a: Illumise\n|-damage|p1a: Illumise|82/100\n|\n|upkeep\n|turn|14\n|inactive|Time left: 300 sec this turn | 300 sec total\n|\n|t:|1783557700\n|move|p2a: Charizard|Earthquake|p1a: Illumise\n|-resisted|p1a: Illumise\n|-damage|p1a: Illumise|63/100\n|move|p1a: Illumise|Bug Buzz|p2a: Charizard\n|-damage|p2a: Charizard|178/271\n|-unboost|p2a: Charizard|spd|1\n|\n|upkeep\n|turn|15\n|inactive|Time left: 300 sec this turn | 300 sec total\n|\n|t:|1783557701\n|switch|p2a: Gliscor|Gliscor, L76, F|239/239 tox\n|-damage|p2a: Gliscor|210/239 tox|[from] Stealth Rock\n|move|p1a: Illumise|Bug Buzz|p2a: Gliscor\n|-resisted|p2a: Gliscor\n|-damage|p2a: Gliscor|152/239 tox\n|\n|-heal|p2a: Gliscor|181/239 tox|[from] ability: Poison Heal\n|upkeep\n|turn|16\n|inactive|Time left: 300 sec this turn | 300 sec total\n|\n|t:|1783557702\n|move|p1a: Illumise|Bug Buzz|p2a: Gliscor\n|-resisted|p2a: Gliscor\n|-damage|p2a: Gliscor|125/239 tox\n|move|p2a: Gliscor|Toxic|p1a: Illumise\n|-status|p1a: Illumise|tox\n|\n|-damage|p1a: Illumise|57/100 tox|[from] psn\n|-heal|p2a: Gliscor|154/239 tox|[from] ability: Poison Heal\n|upkeep\n|turn|17\n|inactive|Time left: 300 sec this turn | 300 sec total\n|\n|t:|1783557703\n|move|p1a: Illumise|Bug Buzz|p2a: Gliscor\n|-resisted|p2a: Gliscor\n|-damage|p2a: Gliscor|100/239 tox\n|move|p2a: Gliscor|Knock Off|p1a: Illumise\n|-damage|p1a: Illumise|33/100 tox\n|-enditem|p1a: Illumise|Heavy-Duty Boots|[from] move: Knock Off|[of] p2a: Gliscor\n|\n|-damage|p1a: Illumise|21/100 tox|[from] psn\n|-heal|p2a: Gliscor|129/239 tox|[from] ability: Poison Heal\n|upkeep\n|turn|18\n|inactive|Time left: 300 sec this turn | 300 sec total\n|\n|t:|1783557704\n|move|p1a: Illumise|Roost|p1a: Illumise\n|-heal|p1a: Illumise|71/100 tox\n|-singleturn|p1a: Illumise|move: Roost\n|move|p2a: Gliscor|Earthquake|p1a: Illumise\n|-resisted|p1a: Illumise\n|-damage|p1a: Illumise|55/100 tox\n|\n|-damage|p1a: Illumise|37/100 tox|[from] psn\n|-heal|p2a: Gliscor|158/239 tox|[from] ability: Poison Heal\n|upkeep\n|turn|19\n|inactive|Time left: 300 sec this turn | 300 sec total\n|\n|t:|1783557705\n|move|p2a: Gliscor|Protect|p2a: Gliscor\n|-singleturn|p2a: Gliscor|Protect\n|move|p1a: Illumise|Bug Buzz|p2a: Gliscor\n|-activate|p2a: Gliscor|move: Protect\n|\n|-damage|p1a: Illumise|13/100 tox|[from] psn\n|-heal|p2a: Gliscor|187/239 tox|[from] ability: Poison Heal\n|upkeep\n|turn|20\n|inactive|Time left: 300 sec this turn | 300 sec total\n|\n|t:|1783557706\n|move|p1a: Illumise|Encore|p2a: Gliscor\n|-start|p2a: Gliscor|Encore\n|move|p2a: Gliscor|Protect||[still]\n|-fail|p2a: Gliscor\n|\n|-damage|p1a: Illumise|0 fnt|[from] psn\n|faint|p1a: Illumise\n|-heal|p2a: Gliscor|216/239 tox|[from] ability: Poison Heal\n|upkeep\n|\n|t:|1783557707\n|switch|p1a: Swampert|Swampert, L83, F|39/100\n|turn|21\n|inactive|Time left: 300 sec this turn | 300 sec total\n|\n|t:|1783557708\n|switch|p2a: Dachsbun|Dachsbun, L92, M|254/254\n|-damage|p2a: Dachsbun|223/254|[from] Stealth Rock\n|move|p1a: Swampert|Earthquake|p2a: Dachsbun\n|-damage|p2a: Dachsbun|144/254\n|\n|-heal|p2a: Dachsbun|159/254|[from] item: Leftovers\n|-heal|p1a: Swampert|45/100|[from] item: Leftovers\n|upkeep\n|turn|22\n|inactive|Time left: 300 sec this turn | 300 sec total\n|\n|t:|1783557709\n|move|p2a: Dachsbun|Play Rough|p1a: Swampert\n|-damage|p1a: Swampert|12/100\n|move|p1a: Swampert|Yawn|p2a: Dachsbun\n|-start|p2a: Dachsbun|move: Yawn|[of] p1a: Swampert\n|\n|-heal|p2a: Dachsbun|174/254|[from] item: Leftovers\n|-heal|p1a: Swampert|18/100|[from] item: Leftovers\n|upkeep\n|turn|23\n|inactive|Time left: 300 sec this turn | 300 sec total\n|\n|t:|1783557710\n|move|p2a: Dachsbun|Body Press|p1a: Swampert\n|-damage|p1a: Swampert|0 fnt\n|faint|p1a: Swampert\n|\n|-heal|p2a: Dachsbun|189/254|[from] item: Leftovers\n|-end|p2a: Dachsbun|move: Yawn|[silent]\n|-status|p2a: Dachsbun|slp\n|upkeep\n|\n|t:|1783557711\n|switch|p1a: Skuntank|Skuntank, L84, F|100/100\n|turn|24\n|inactive|Time left: 300 sec this turn | 300 sec total\n|\n|t:|1783557712\n|switch|p2a: Gliscor|Gliscor, L76, F|216/239 tox\n|-damage|p2a: Gliscor|187/239 tox|[from] Stealth Rock\n|move|p1a: Skuntank|Knock Off|p2a: Gliscor\n|-damage|p2a: Gliscor|82/239 tox\n|-enditem|p2a: Gliscor|Toxic Orb|[from] move: Knock Off|[of] p1a: Skuntank\n|-damage|p1a: Skuntank|90/100|[from] item: Life Orb\n|\n|-heal|p2a: Gliscor|111/239 tox|[from] ability: Poison Heal\n|upkeep\n|turn|25\n|inactive|Time left: 300 sec this turn | 300 sec total\n|\n|t:|1783557713\n|move|p1a: Skuntank|Knock Off|p2a: Gliscor\n|-damage|p2a: Gliscor|41/239 tox\n|-damage|p1a: Skuntank|80/100|[from] item: Life Orb\n|move|p2a: Gliscor|Earthquake|p1a: Skuntank\n|-supereffective|p1a: Skuntank\n|-damage|p1a: Skuntank|11/100\n|\n|-heal|p2a: Gliscor|70/239 tox|[from] ability: Poison Heal\n|upkeep\n|turn|26\n|inactive|Time left: 300 sec this turn | 300 sec total\n|\n|t:|1783557714\n|move|p1a: Skuntank|Knock Off|p2a: Gliscor\n|-damage|p2a: Gliscor|0 fnt\n|faint|p2a: Gliscor\n|-damage|p1a: Skuntank|1/100|[from] item: Life Orb\n|\n|upkeep\n|inactive|Time left: 300 sec this turn | 300 sec total | 5 sec grace\n|\n|t:|1783557715\n|switch|p2a: Charizard|Charizard, L85, M, tera:Ground|178/271\n|turn|27\n|inactive|Time left: 300 sec this turn | 300 sec total\n|\n|t:|1783557716\n|move|p2a: Charizard|Focus Blast|p1a: Skuntank\n|-damage|p1a: Skuntank|0 fnt\n|faint|p1a: Skuntank\n|\n|win|p0y15942929", "uploadtime": 1783557716, "views": 0, "rating": 0, "private": 0, "password": null, "_winner": "p0y15942929", "_our_name": "p0y15942929"}