{"id": "battle-gen9randombattle-1976", "formatid": "gen9randombattle", "format": "[Gen 9] Random Battle", "players": ["p0x19764c22", "p0y1976cef7"], "log": "|init|battle\n|title|p0x19764c22 vs. p0y1976cef7\n|j|\u2606p0x19764c22\n|j|\u2606p0y1976cef7\n|t:|1783562832\n|gametype|singles\n|player|p1|p0x19764c22|170|\n|player|p2|p0y1976cef7|169|\n|gen|9\n|tier|[Gen 9] Random Battle\n|rule|Species Clause: Limit one of each Pok\u00e9mon\n|rule|HP Percentage Mod: HP is shown in percentages\n|rule|Sleep Clause Mod: Limit one foe put to sleep\n|rule|Illusion Level Mod: Illusion disguises the Pok\u00e9mon's true level\n|\n|t:|1783562832\n|teamsize|p1|6\n|teamsize|p2|6\n|start\n|switch|p1a: Zebstrika|Zebstrika, L87, F|100/100\n|switch|p2a: Iron Bundle|Iron Bundle, L78|215/215\n|turn|1\n|inactive|Battle timer is ON: inactive players will automatically lose when time's up. (requested by p0x19764c22)\n|inactive|Time left: 300 sec this turn | 300 sec total | 60 sec grace\n|inactive|p0y1976cef7 also wants the timer to be on.\n|\n|t:|1783562834\n|-end|p2a: Iron Bundle|Quark Drive|[silent]\n|switch|p2a: Mamoswine|Mamoswine, L81, M|311/311\n|move|p1a: Zebstrika|Supercell Slam|p2a: Mamoswine\n|-immune|p2a: Mamoswine\n|-damage|p1a: Zebstrika|50/100|[from] supercellslam\n|\n|upkeep\n|turn|2\n|inactive|Time left: 300 sec this turn | 300 sec total\n|\n|t:|1783562835\n|switch|p1a: Reuniclus|Reuniclus, L88, M|100/100\n|move|p2a: Mamoswine|Earthquake|p1a: Reuniclus\n|-damage|p1a: Reuniclus|47/100\n|-damage|p2a: Mamoswine|280/311|[from] item: Life Orb\n|\n|upkeep\n|turn|3\n|inactive|Time left: 300 sec this turn | 300 sec total\n|\n|t:|1783562837\n|move|p2a: Mamoswine|Earthquake|p1a: Reuniclus\n|-damage|p1a: Reuniclus|0 fnt\n|faint|p1a: Reuniclus\n|-damage|p2a: Mamoswine|249/311|[from] item: Life Orb\n|\n|upkeep\n|\n|t:|1783562838\n|switch|p1a: Lilligant|Lilligant, L86, F|100/100\n|turn|4\n|inactive|Time left: 300 sec this turn | 300 sec total\n|\n|t:|1783562839\n|switch|p2a: Farigiraf|Farigiraf, L90, F|362/362\n|move|p1a: Lilligant|Petal Dance|p2a: Farigiraf\n|-ability|p2a: Farigiraf|Sap Sipper|boost\n|-boost|p2a: Farigiraf|atk|1\n|\n|upkeep\n|turn|5\n|inactive|Time left: 300 sec this turn | 300 sec total\n|\n|t:|1783562840\n|move|p1a: Lilligant|Quiver Dance|p1a: Lilligant\n|-boost|p1a: Lilligant|spa|1\n|-boost|p1a: Lilligant|spd|1\n|-boost|p1a: Lilligant|spe|1\n|move|p2a: Farigiraf|Body Slam|p1a: Lilligant\n|-damage|p1a: Lilligant|36/100\n|-status|p1a: Lilligant|par\n|\n|upkeep\n|turn|6\n|inactive|Time left: 300 sec this turn | 300 sec total\n|\n|t:|1783562841\n|move|p2a: Farigiraf|Body Slam|p1a: Lilligant\n|-damage|p1a: Lilligant|0 fnt\n|faint|p1a: Lilligant\n|\n|upkeep\n|\n|t:|1783562842\n|switch|p1a: Komala|Komala, L87, M|100/100\n|-ability|p1a: Komala|Comatose\n|turn|7\n|inactive|Time left: 300 sec this turn | 300 sec total\n|\n|t:|1783562843\n|move|p1a: Komala|Knock Off|p2a: Farigiraf\n|-supereffective|p2a: Farigiraf\n|-damage|p2a: Farigiraf|162/362\n|-enditem|p2a: Farigiraf|Leftovers|[from] move: Knock Off|[of] p1a: Komala\n|move|p2a: Farigiraf|Body Slam|p1a: Komala\n|-damage|p1a: Komala|26/100\n|\n|upkeep\n|turn|8\n|inactive|Time left: 300 sec this turn | 300 sec total\n|\n|t:|1783562844\n|move|p1a: Komala|Body Slam|p2a: Farigiraf\n|-damage|p2a: Farigiraf|38/362\n|move|p2a: Farigiraf|Body Slam|p1a: Komala\n|-damage|p1a: Komala|0 fnt\n|faint|p1a: Komala\n|\n|upkeep\n|\n|t:|1783562845\n|switch|p1a: Politoed|Politoed, L88, F|100/100\n|-weather|RainDance|[from] ability: Drizzle|[of] p1a: Politoed\n|turn|9\n|inactive|Time left: 300 sec this turn | 300 sec total\n|\n|t:|1783562846\n|move|p2a: Farigiraf|Protect|p2a: Farigiraf\n|-singleturn|p2a: Farigiraf|Protect\n|move|p1a: Politoed|Surf|p2a: Farigiraf\n|-activate|p2a: Farigiraf|move: Protect\n|\n|-weather|RainDance|[upkeep]\n|upkeep\n|turn|10\n|inactive|Time left: 300 sec this turn | 300 sec total\n|\n|t:|1783562847\n|switch|p2a: Hatterene|Hatterene, L85, F|236/236\n|move|p1a: Politoed|Surf|p2a: Hatterene\n|-damage|p2a: Hatterene|143/236\n|\n|-weather|RainDance|[upkeep]\n|upkeep\n|turn|11\n|inactive|Time left: 300 sec this turn | 300 sec total\n|\n|t:|1783562849\n|move|p1a: Politoed|Surf|p2a: Hatterene\n|-crit|p2a: Hatterene\n|-damage|p2a: Hatterene|19/236\n|move|p2a: Hatterene|Draining Kiss|p1a: Politoed\n|-damage|p1a: Politoed|80/100\n|-heal|p2a: Hatterene|66/236|[from] drain|[of] p1a: Politoed\n|\n|-weather|RainDance|[upkeep]\n|-heal|p1a: Politoed|86/100|[from] item: Leftovers\n|upkeep\n|turn|12\n|inactive|Time left: 300 sec this turn | 300 sec total\n|\n|t:|1783562850\n|switch|p2a: Sinistcha|Sinistcha-Masterpiece, L83|254/254\n|move|p1a: Politoed|Surf|p2a: Sinistcha\n|-resisted|p2a: Sinistcha\n|-damage|p2a: Sinistcha|179/254\n|\n|-weather|RainDance|[upkeep]\n|-heal|p1a: Politoed|92/100|[from] item: Leftovers\n|-heal|p2a: Sinistcha|194/254|[from] item: Leftovers\n|upkeep\n|turn|13\n|inactive|Time left: 300 sec this turn | 300 sec total\n|\n|t:|1783562851\n|move|p1a: Politoed|Ice Beam|p2a: Sinistcha\n|-supereffective|p2a: Sinistcha\n|-damage|p2a: Sinistcha|56/254\n|move|p2a: Sinistcha|Matcha Gotcha|p1a: Politoed\n|-supereffective|p1a: Politoed\n|-damage|p1a: Politoed|38/100\n|-heal|p2a: Sinistcha|137/254|[from] drain|[of] p1a: Politoed\n|\n|-weather|none\n|-heal|p1a: Politoed|44/100|[from] item: Leftovers\n|-heal|p2a: Sinistcha|152/254|[from] item: Leftovers\n|upkeep\n|turn|14\n|inactive|Time left: 300 sec this turn | 300 sec total\n|\n|t:|1783562852\n|move|p1a: Politoed|Ice Beam|p2a: Sinistcha\n|-supereffective|p2a: Sinistcha\n|-damage|p2a: Sinistcha|6/254\n|move|p2a: Sinistcha|Strength Sap|p1a: Politoed\n|-unboost|p1a: Politoed|atk|1\n|-heal|p2a: Sinistcha|143/254\n|\n|-heal|p1a: Politoed|50/100|[from] item: Leftovers\n|-heal|p2a: Sinistcha|158/254|[from] item: Leftovers\n|upkeep\n|turn|15\n|inactive|Time left: 300 sec this turn | 300 sec total\n|\n|t:|1783562853\n|move|p1a: Politoed|Ice Beam|p2a: Sinistcha\n|-supereffective|p2a: Sinistcha\n|-damage|p2a: Sinistcha|24/254\n|move|p2a: Sinistcha|Matcha Gotcha|p1a: Politoed\n|-supereffective|p1a: Politoed\n|-damage|p1a: Politoed|0 fnt\n|-heal|p2a: Sinistcha|99/254|[from] drain|[of] p1a: Politoed\n|faint|p1a: Politoed\n|\n|-heal|p2a: Sinistcha|114/254|[from] item: Leftovers\n|upkeep\n|\n|t:|1783562854\n|switch|p1a: Zebstrika|Zebstrika, L87, F|50/100\n|turn|16\n|inactive|Time left: 300 sec this turn | 300 sec total\n|\n|t:|1783562855\n|move|p1a: Zebstrika|Overheat|p2a: Sinistcha\n|-supereffective|p2a: Sinistcha\n|-damage|p2a: Sinistcha|0 fnt\n|-unboost|p1a: Zebstrika|spa|2\n|faint|p2a: Sinistcha\n|-damage|p1a: Zebstrika|41/100|[from] item: Life Orb\n|\n|upkeep\n|inactive|Time left: 300 sec this turn | 300 sec total | 5 sec grace\n|\n|t:|1783562856\n|switch|p2a: Mamoswine|Mamoswine, L81, M|249/311\n|turn|17\n|inactive|Time left: 300 sec this turn | 300 sec total\n|\n|t:|1783562857\n|move|p1a: Zebstrika|High Horsepower|p2a: Mamoswine\n|-damage|p2a: Mamoswine|133/311\n|-damage|p1a: Zebstrika|31/100|[from] item: Life Orb\n|move|p2a: Mamoswine|Earthquake|p1a: Zebstrika\n|-supereffective|p1a: Zebstrika\n|-damage|p1a: Zebstrika|0 fnt\n|faint|p1a: Zebstrika\n|-damage|p2a: Mamoswine|102/311|[from] item: Life Orb\n|\n|upkeep\n|\n|t:|1783562858\n|switch|p1a: Dipplin|Dipplin, L88, M|100/100\n|turn|18\n|inactive|Time left: 300 sec this turn | 300 sec total\n|\n|t:|1783562859\n|-terastallize|p1a: Dipplin|Steel\n|move|p2a: Mamoswine|Icicle Crash|p1a: Dipplin\n|-resisted|p1a: Dipplin\n|-damage|p1a: Dipplin|88/100\n|-damage|p2a: Mamoswine|71/311|[from] item: Life Orb\n|move|p1a: Dipplin|Giga Drain|p2a: Mamoswine\n|-supereffective|p2a: Mamoswine\n|-damage|p2a: Mamoswine|0 fnt\n|-heal|p1a: Dipplin|100/100|[from] drain|[of] p2a: Mamoswine\n|faint|p2a: Mamoswine\n|\n|upkeep\n|inactive|Time left: 300 sec this turn | 300 sec total | 5 sec grace\n|\n|t:|1783562860\n|switch|p2a: Hatterene|Hatterene, L85, F|66/236\n|turn|19\n|inactive|Time left: 300 sec this turn | 300 sec total\n|\n|t:|1783562861\n|move|p1a: Dipplin|Giga Drain|p2a: Hatterene\n|-damage|p2a: Hatterene|14/236\n|move|p2a: Hatterene|Psychic Noise|p1a: Dipplin\n|-resisted|p1a: Dipplin\n|-damage|p1a: Dipplin|89/100\n|-start|p1a: Dipplin|move: Heal Block\n|\n|upkeep\n|turn|20\n|inactive|Time left: 300 sec this turn | 300 sec total\n|\n|t:|1783562862\n|move|p2a: Hatterene|Mystical Fire|p1a: Dipplin\n|-supereffective|p1a: Dipplin\n|-damage|p1a: Dipplin|55/100\n|-unboost|p1a: Dipplin|spa|1\n|move|p1a: Dipplin|Dragon Tail|p2a: Hatterene\n|-immune|p2a: Hatterene\n|\n|-end|p1a: Dipplin|move: Heal Block\n|upkeep\n|turn|21\n|inactive|Time left: 300 sec this turn | 300 sec total\n|\n|t:|1783562863\n|switch|p2a: Farigiraf|Farigiraf, L90, F|38/362\n|move|p1a: Dipplin|Giga Drain|p2a: Farigiraf\n|-ability|p2a: Farigiraf|Sap Sipper|boost\n|-boost|p2a: Farigiraf|atk|1\n|\n|upkeep\n|turn|22\n|inactive|Time left: 300 sec this turn | 300 sec total\n|\n|t:|1783562864\n|move|p2a: Farigiraf|Psychic Noise|p1a: Dipplin\n|-resisted|p1a: Dipplin\n|-damage|p1a: Dipplin|42/100\n|-start|p1a: Dipplin|move: Heal Block\n|cant|p1a: Dipplin|move: Heal Block|Recover\n|\n|upkeep\n|turn|23\n|inactive|Time left: 300 sec this turn | 300 sec total\n|\n|t:|1783562865\n|switch|p2a: Hatterene|Hatterene, L85, F|14/236\n|move|p1a: Dipplin|Dragon Tail|p2a: Hatterene\n|-immune|p2a: Hatterene\n|\n|-end|p1a: Dipplin|move: Heal Block\n|upkeep\n|turn|24\n|inactive|Time left: 300 sec this turn | 300 sec total\n|\n|t:|1783562865\n|switch|p2a: Farigiraf|Farigiraf, L90, F|38/362\n|move|p1a: Dipplin|Recover|p1a: Dipplin\n|-heal|p1a: Dipplin|92/100\n|\n|upkeep\n|turn|25\n|inactive|Time left: 300 sec this turn | 300 sec total\n|\n|t:|1783562866\n|-terastallize|p2a: Farigiraf|Fairy\n|move|p2a: Farigiraf|Wish|p2a: Farigiraf\n|move|p1a: Dipplin|Dragon Tail|p2a: Farigiraf\n|-immune|p2a: Farigiraf\n|\n|upkeep\n|turn|26\n|inactive|Time left: 300 sec this turn | 300 sec total\n|\n|t:|1783562868\n|move|p2a: Farigiraf|Psychic Noise|p1a: Dipplin\n|-resisted|p1a: Dipplin\n|-damage|p1a: Dipplin|79/100\n|-start|p1a: Dipplin|move: Heal Block\n|cant|p1a: Dipplin|move: Heal Block|Giga Drain\n|\n|-heal|p2a: Farigiraf|219/362|[from] move: Wish|[wisher] Farigiraf\n|upkeep\n|turn|27\n|inactive|Time left: 300 sec this turn | 300 sec total\n|\n|t:|1783562868\n|move|p2a: Farigiraf|Wish|p2a: Farigiraf\n|move|p1a: Dipplin|Dragon Pulse|p2a: Farigiraf\n|-immune|p2a: Farigiraf\n|\n|-end|p1a: Dipplin|move: Heal Block\n|upkeep\n|turn|28\n|inactive|Time left: 300 sec this turn | 300 sec total\n|\n|t:|1783562869\n|move|p2a: Farigiraf|Psychic Noise|p1a: Dipplin\n|-resisted|p1a: Dipplin\n|-damage|p1a: Dipplin|68/100\n|-start|p1a: Dipplin|move: Heal Block\n|cant|p1a: Dipplin|move: Heal Block|Giga Drain\n|\n|-heal|p2a: Farigiraf|362/362|[from] move: Wish|[wisher] Farigiraf\n|upkeep\n|turn|29\n|inactive|Time left: 300 sec this turn | 300 sec total\n|\n|t:|1783562870\n|switch|p2a: Hatterene|Hatterene, L85, F|14/236\n|move|p1a: Dipplin|Dragon Tail|p2a: Hatterene\n|-immune|p2a: Hatterene\n|\n|-end|p1a: Dipplin|move: Heal Block\n|upkeep\n|turn|30\n|inactive|Time left: 300 sec this turn | 300 sec total\n|\n|t:|1783562871\n|switch|p2a: Farigiraf|Farigiraf, L90, F, tera:Fairy|362/362\n|move|p1a: Dipplin|Recover|p1a: Dipplin\n|-heal|p1a: Dipplin|100/100\n|\n|upkeep\n|turn|31\n|inactive|Time left: 300 sec this turn | 300 sec total\n|\n|t:|1783562872\n|move|p2a: Farigiraf|Psychic Noise|p1a: Dipplin\n|-resisted|p1a: Dipplin\n|-damage|p1a: Dipplin|89/100\n|-start|p1a: Dipplin|move: Heal Block\n|move|p1a: Dipplin|Dragon Pulse|p2a: Farigiraf\n|-immune|p2a: Farigiraf\n|\n|upkeep\n|turn|32\n|inactive|Time left: 300 sec this turn | 300 sec total\n|\n|t:|1783562874\n|move|p2a: Farigiraf|Wish|p2a: Farigiraf\n|move|p1a: Dipplin|Dragon Pulse|p2a: Farigiraf\n|-immune|p2a: Farigiraf\n|\n|-end|p1a: Dipplin|move: Heal Block\n|upkeep\n|turn|33\n|inactive|Time left: 300 sec this turn | 300 sec total\n|\n|t:|1783562875\n|move|p2a: Farigiraf|Psychic Noise|p1a: Dipplin\n|-resisted|p1a: Dipplin\n|-damage|p1a: Dipplin|77/100\n|-start|p1a: Dipplin|move: Heal Block\n|cant|p1a: Dipplin|move: Heal Block|Giga Drain\n|\n|upkeep\n|turn|34\n|inactive|Time left: 300 sec this turn | 300 sec total\n|\n|t:|1783562875\n|switch|p2a: Hatterene|Hatterene, L85, F|14/236\n|move|p1a: Dipplin|Dragon Tail|p2a: Hatterene\n|-immune|p2a: Hatterene\n|\n|-end|p1a: Dipplin|move: Heal Block\n|upkeep\n|turn|35\n|inactive|Time left: 300 sec this turn | 300 sec total\n|\n|t:|1783562876\n|switch|p2a: Farigiraf|Farigiraf, L90, F, tera:Fairy|362/362\n|move|p1a: Dipplin|Giga Drain|p2a: Farigiraf\n|-ability|p2a: Farigiraf|Sap Sipper|boost\n|-boost|p2a: Farigiraf|atk|1\n|\n|upkeep\n|turn|36\n|inactive|Time left: 300 sec this turn | 300 sec total\n|\n|t:|1783562877\n|move|p2a: Farigiraf|Psychic Noise|p1a: Dipplin\n|-resisted|p1a: Dipplin\n|-damage|p1a: Dipplin|65/100\n|-start|p1a: Dipplin|move: Heal Block\n|cant|p1a: Dipplin|move: Heal Block|Recover\n|\n|upkeep\n|turn|37\n|inactive|Time left: 300 sec this turn | 300 sec total\n|\n|t:|1783562878\n|switch|p2a: Hatterene|Hatterene, L85, F|14/236\n|move|p1a: Dipplin|Dragon Tail|p2a: Hatterene\n|-immune|p2a: Hatterene\n|\n|-end|p1a: Dipplin|move: Heal Block\n|upkeep\n|turn|38\n|inactive|Time left: 300 sec this turn | 300 sec total\n|\n|t:|1783562879\n|switch|p2a: Farigiraf|Farigiraf, L90, F, tera:Fairy|362/362\n|move|p1a: Dipplin|Giga Drain|p2a: Farigiraf\n|-ability|p2a: Farigiraf|Sap Sipper|boost\n|-boost|p2a: Farigiraf|atk|1\n|\n|upkeep\n|turn|39\n|inactive|Time left: 300 sec this turn | 300 sec total\n|\n|t:|1783562880\n|move|p2a: Farigiraf|Psychic Noise|p1a: Dipplin\n|-resisted|p1a: Dipplin\n|-damage|p1a: Dipplin|53/100\n|-start|p1a: Dipplin|move: Heal Block\n|cant|p1a: Dipplin|move: Heal Block|Recover\n|\n|upkeep\n|turn|40\n|inactive|Time left: 300 sec this turn | 300 sec total\n|\n|t:|1783562881\n|switch|p2a: Hatterene|Hatterene, L85, F|14/236\n|move|p1a: Dipplin|Dragon Pulse|p2a: Hatterene\n|-immune|p2a: Hatterene\n|\n|-end|p1a: Dipplin|move: Heal Block\n|upkeep\n|turn|41\n|inactive|Time left: 300 sec this turn | 300 sec total\n|\n|t:|1783562882\n|switch|p2a: Farigiraf|Farigiraf, L90, F, tera:Fairy|362/362\n|move|p1a: Dipplin|Recover|p1a: Dipplin\n|-heal|p1a: Dipplin|100/100\n|\n|upkeep\n|turn|42\n|inactive|Time left: 300 sec this turn | 300 sec total\n|\n|t:|1783562883\n|move|p2a: Farigiraf|Psychic Noise|p1a: Dipplin\n|-resisted|p1a: Dipplin\n|-damage|p1a: Dipplin|89/100\n|-start|p1a: Dipplin|move: Heal Block\n|move|p1a: Dipplin|Dragon Pulse|p2a: Farigiraf\n|-immune|p2a: Farigiraf\n|\n|upkeep\n|turn|43\n|inactive|Time left: 300 sec this turn | 300 sec total\n|\n|t:|1783562884\n|move|p2a: Farigiraf|Wish|p2a: Farigiraf\n|move|p1a: Dipplin|Dragon Pulse|p2a: Farigiraf\n|-immune|p2a: Farigiraf\n|\n|-end|p1a: Dipplin|move: Heal Block\n|upkeep\n|turn|44\n|inactive|Time left: 300 sec this turn | 300 sec total\n|\n|t:|1783562885\n|move|p2a: Farigiraf|Psychic Noise|p1a: Dipplin\n|-resisted|p1a: Dipplin\n|-damage|p1a: Dipplin|78/100\n|-start|p1a: Dipplin|move: Heal Block\n|cant|p1a: Dipplin|move: Heal Block|Giga Drain\n|\n|upkeep\n|turn|45\n|inactive|Time left: 300 sec this turn | 300 sec total\n|\n|t:|1783562886\n|switch|p2a: Hatterene|Hatterene, L85, F|14/236\n|move|p1a: Dipplin|Dragon Pulse|p2a: Hatterene\n|-immune|p2a: Hatterene\n|\n|-end|p1a: Dipplin|move: Heal Block\n|upkeep\n|turn|46\n|inactive|Time left: 300 sec this turn | 300 sec total\n|\n|t:|1783562887\n|switch|p2a: Farigiraf|Farigiraf, L90, F, tera:Fairy|362/362\n|move|p1a: Dipplin|Giga Drain|p2a: Farigiraf\n|-ability|p2a: Farigiraf|Sap Sipper|boost\n|-boost|p2a: Farigiraf|atk|1\n|\n|upkeep\n|turn|47\n|inactive|Time left: 300 sec this turn | 300 sec total\n|\n|t:|1783562888\n|move|p2a: Farigiraf|Psychic Noise|p1a: Dipplin\n|-resisted|p1a: Dipplin\n|-damage|p1a: Dipplin|65/100\n|-start|p1a: Dipplin|move: Heal Block\n|cant|p1a: Dipplin|move: Heal Block|Recover\n|\n|upkeep\n|turn|48\n|inactive|Time left: 300 sec this turn | 300 sec total\n|\n|t:|1783562889\n|switch|p2a: Hatterene|Hatterene, L85, F|14/236\n|move|p1a: Dipplin|Dragon Tail|p2a: Hatterene\n|-immune|p2a: Hatterene\n|\n|-end|p1a: Dipplin|move: Heal Block\n|upkeep\n|turn|49\n|inactive|Time left: 300 sec this turn | 300 sec total\n|\n|t:|1783562890\n|switch|p2a: Farigiraf|Farigiraf, L90, F, tera:Fairy|362/362\n|move|p1a: Dipplin|Giga Drain|p2a: Farigiraf\n|-ability|p2a: Farigiraf|Sap Sipper|boost\n|-boost|p2a: Farigiraf|atk|1\n|\n|upkeep\n|turn|50\n|inactive|Time left: 300 sec this turn | 300 sec total\n|\n|t:|1783562891\n|move|p2a: Farigiraf|Psychic Noise|p1a: Dipplin\n|-resisted|p1a: Dipplin\n|-damage|p1a: Dipplin|54/100\n|-start|p1a: Dipplin|move: Heal Block\n|cant|p1a: Dipplin|move: Heal Block|Recover\n|\n|upkeep\n|turn|51\n|inactive|Time left: 300 sec this turn | 300 sec total\n|\n|t:|1783562892\n|switch|p2a: Hatterene|Hatterene, L85, F|14/236\n|move|p1a: Dipplin|Dragon Pulse|p2a: Hatterene\n|-immune|p2a: Hatterene\n|\n|-end|p1a: Dipplin|move: Heal Block\n|upkeep\n|turn|52\n|inactive|Time left: 300 sec this turn | 300 sec total\n|\n|t:|1783562893\n|switch|p2a: Farigiraf|Farigiraf, L90, F, tera:Fairy|362/362\n|move|p1a: Dipplin|Giga Drain|p2a: Farigiraf\n|-ability|p2a: Farigiraf|Sap Sipper|boost\n|-boost|p2a: Farigiraf|atk|1\n|\n|upkeep\n|turn|53\n|inactive|Time left: 300 sec this turn | 300 sec total\n|\n|t:|1783562895\n|move|p2a: Farigiraf|Psychic Noise|p1a: Dipplin\n|-resisted|p1a: Dipplin\n|-damage|p1a: Dipplin|42/100\n|-start|p1a: Dipplin|move: Heal Block\n|cant|p1a: Dipplin|move: Heal Block|Recover\n|\n|upkeep\n|turn|54\n|inactive|Time left: 300 sec this turn | 300 sec total\n|\n|t:|1783562896\n|switch|p2a: Hatterene|Hatterene, L85, F|14/236\n|move|p1a: Dipplin|Dragon Tail|p2a: Hatterene\n|-immune|p2a: Hatterene\n|\n|-end|p1a: Dipplin|move: Heal Block\n|upkeep\n|turn|55\n|inactive|Time left: 300 sec this turn | 300 sec total\n|\n|t:|1783562897\n|switch|p2a: Farigiraf|Farigiraf, L90, F, tera:Fairy|362/362\n|move|p1a: Dipplin|Recover|p1a: Dipplin\n|-heal|p1a: Dipplin|92/100\n|\n|upkeep\n|turn|56\n|inactive|Time left: 300 sec this turn | 300 sec total\n|\n|t:|1783562898\n|move|p2a: Farigiraf|Psychic Noise|p1a: Dipplin\n|-resisted|p1a: Dipplin\n|-damage|p1a: Dipplin|79/100\n|-start|p1a: Dipplin|move: Heal Block\n|move|p1a: Dipplin|Dragon Pulse|p2a: Farigiraf\n|-immune|p2a: Farigiraf\n|\n|upkeep\n|turn|57\n|inactive|Time left: 300 sec this turn | 300 sec total\n|\n|t:|1783562899\n|switch|p2a: Hatterene|Hatterene, L85, F|14/236\n|move|p1a: Dipplin|Dragon Pulse|p2a: Hatterene\n|-immune|p2a: Hatterene\n|\n|-end|p1a: Dipplin|move: Heal Block\n|upkeep\n|turn|58\n|inactive|Time left: 300 sec this turn | 300 sec total\n|\n|t:|1783562900\n|switch|p2a: Farigiraf|Farigiraf, L90, F, tera:Fairy|362/362\n|move|p1a: Dipplin|Giga Drain|p2a: Farigiraf\n|-ability|p2a: Farigiraf|Sap Sipper|boost\n|-boost|p2a: Farigiraf|atk|1\n|\n|upkeep\n|turn|59\n|inactive|Time left: 300 sec this turn | 300 sec total\n|\n|t:|1783562901\n|move|p2a: Farigiraf|Psychic Noise|p1a: Dipplin\n|-resisted|p1a: Dipplin\n|-damage|p1a: Dipplin|67/100\n|-start|p1a: Dipplin|move: Heal Block\n|cant|p1a: Dipplin|move: Heal Block|Recover\n|\n|upkeep\n|turn|60\n|inactive|Time left: 300 sec this turn | 300 sec total\n|\n|t:|1783562902\n|switch|p2a: Hatterene|Hatterene, L85, F|14/236\n|move|p1a: Dipplin|Dragon Tail|p2a: Hatterene\n|-immune|p2a: Hatterene\n|\n|-end|p1a: Dipplin|move: Heal Block\n|upkeep\n|turn|61\n|inactive|Time left: 300 sec this turn | 300 sec total\n|\n|t:|1783562903\n|switch|p2a: Farigiraf|Farigiraf, L90, F, tera:Fairy|362/362\n|move|p1a: Dipplin|Giga Drain|p2a: Farigiraf\n|-ability|p2a: Farigiraf|Sap Sipper|boost\n|-boost|p2a: Farigiraf|atk|1\n|\n|upkeep\n|turn|62\n|inactive|Time left: 300 sec this turn | 300 sec total\n|\n|t:|1783562904\n|move|p2a: Farigiraf|Psychic Noise|p1a: Dipplin\n|-resisted|p1a: Dipplin\n|-damage|p1a: Dipplin|54/100\n|-start|p1a: Dipplin|move: Heal Block\n|cant|p1a: Dipplin|move: Heal Block|Recover\n|\n|upkeep\n|turn|63\n|inactive|Time left: 300 sec this turn | 300 sec total\n|\n|t:|1783562905\n|switch|p2a: Hatterene|Hatterene, L85, F|14/236\n|move|p1a: Dipplin|Dragon Tail|p2a: Hatterene\n|-immune|p2a: Hatterene\n|\n|-end|p1a: Dipplin|move: Heal Block\n|upkeep\n|turn|64\n|inactive|Time left: 300 sec this turn | 300 sec total\n|\n|t:|1783562906\n|switch|p2a: Farigiraf|Farigiraf, L90, F, tera:Fairy|362/362\n|move|p1a: Dipplin|Giga Drain|p2a: Farigiraf\n|-ability|p2a: Farigiraf|Sap Sipper|boost\n|-boost|p2a: Farigiraf|atk|1\n|\n|upkeep\n|turn|65\n|inactive|Time left: 300 sec this turn | 300 sec total\n|\n|t:|1783562906\n|move|p2a: Farigiraf|Psychic Noise|p1a: Dipplin\n|-resisted|p1a: Dipplin\n|-damage|p1a: Dipplin|42/100\n|-start|p1a: Dipplin|move: Heal Block\n|cant|p1a: Dipplin|move: Heal Block|Recover\n|\n|upkeep\n|turn|66\n|inactive|Time left: 300 sec this turn | 300 sec total\n|\n|t:|1783562907\n|switch|p2a: Hatterene|Hatterene, L85, F|14/236\n|move|p1a: Dipplin|Dragon Tail|p2a: Hatterene\n|-immune|p2a: Hatterene\n|\n|-end|p1a: Dipplin|move: Heal Block\n|upkeep\n|turn|67\n|inactive|Time left: 300 sec this turn | 300 sec total\n|\n|t:|1783562908\n|switch|p2a: Farigiraf|Farigiraf, L90, F, tera:Fairy|362/362\n|move|p1a: Dipplin|Recover|p1a: Dipplin\n|-heal|p1a: Dipplin|92/100\n|\n|upkeep\n|turn|68\n|inactive|Time left: 300 sec this turn | 300 sec total\n|\n|t:|1783562909\n|move|p2a: Farigiraf|Body Slam|p1a: Dipplin\n|-resisted|p1a: Dipplin\n|-damage|p1a: Dipplin|83/100\n|move|p1a: Dipplin|Recover|p1a: Dipplin\n|-heal|p1a: Dipplin|100/100\n|\n|upkeep\n|turn|69\n|inactive|Time left: 300 sec this turn | 300 sec total\n|\n|t:|1783562910\n|move|p2a: Farigiraf|Wish|p2a: Farigiraf\n|move|p1a: Dipplin|Dragon Pulse|p2a: Farigiraf\n|-immune|p2a: Farigiraf\n|\n|upkeep\n|turn|70\n|inactive|Time left: 300 sec this turn | 300 sec total\n|\n|t:|1783562911\n|move|p2a: Farigiraf|Body Slam|p1a: Dipplin\n|-resisted|p1a: Dipplin\n|-damage|p1a: Dipplin|91/100\n|move|p1a: Dipplin|Giga Drain|p2a: Farigiraf\n|-ability|p2a: Farigiraf|Sap Sipper|boost\n|-boost|p2a: Farigiraf|atk|1\n|\n|upkeep\n|turn|71\n|inactive|Time left: 300 sec this turn | 300 sec total\n|\n|t:|1783562912\n|move|p2a: Farigiraf|Body Slam|p1a: Dipplin\n|-resisted|p1a: Dipplin\n|-damage|p1a: Dipplin|77/100\n|move|p1a: Dipplin|Recover|p1a: Dipplin\n|-heal|p1a: Dipplin|100/100\n|\n|upkeep\n|turn|72\n|inactive|Time left: 300 sec this turn | 300 sec total\n|\n|t:|1783562913\n|move|p2a: Farigiraf|Body Slam|p1a: Dipplin\n|-resisted|p1a: Dipplin\n|-damage|p1a: Dipplin|86/100\n|move|p1a: Dipplin|Dragon Tail|p2a: Farigiraf\n|-immune|p2a: Farigiraf\n|\n|upkeep\n|turn|73\n|inactive|Time left: 300 sec this turn | 300 sec total\n|\n|t:|1783562914\n|move|p2a: Farigiraf|Body Slam|p1a: Dipplin\n|-resisted|p1a: Dipplin\n|-damage|p1a: Dipplin|72/100\n|move|p1a: Dipplin|Recover|p1a: Dipplin\n|-heal|p1a: Dipplin|100/100\n|\n|upkeep\n|turn|74\n|inactive|Time left: 300 sec this turn | 300 sec total\n|\n|t:|1783562915\n|move|p2a: Farigiraf|Body Slam|p1a: Dipplin\n|-resisted|p1a: Dipplin\n|-damage|p1a: Dipplin|87/100\n|move|p1a: Dipplin|Dragon Pulse|p2a: Farigiraf\n|-immune|p2a: Farigiraf\n|\n|upkeep\n|turn|75\n|inactive|Time left: 300 sec this turn | 300 sec total\n|\n|t:|1783562916\n|move|p2a: Farigiraf|Body Slam|p1a: Dipplin\n|-resisted|p1a: Dipplin\n|-damage|p1a: Dipplin|72/100\n|-status|p1a: Dipplin|par\n|move|p1a: Dipplin|Dragon Pulse|p2a: Farigiraf\n|-immune|p2a: Farigiraf\n|\n|upkeep\n|turn|76\n|inactive|Time left: 300 sec this turn | 300 sec total\n|\n|t:|1783562917\n|move|p2a: Farigiraf|Body Slam|p1a: Dipplin\n|-resisted|p1a: Dipplin\n|-damage|p1a: Dipplin|58/100 par\n|move|p1a: Dipplin|Dragon Tail|p2a: Farigiraf\n|-immune|p2a: Farigiraf\n|\n|upkeep\n|turn|77\n|inactive|Time left: 300 sec this turn | 300 sec total\n|\n|t:|1783562918\n|move|p2a: Farigiraf|Body Slam|p1a: Dipplin\n|-resisted|p1a: Dipplin\n|-damage|p1a: Dipplin|46/100 par\n|move|p1a: Dipplin|Dragon Tail|p2a: Farigiraf\n|-immune|p2a: Farigiraf\n|\n|upkeep\n|turn|78\n|inactive|Time left: 300 sec this turn | 300 sec total\n|\n|t:|1783562919\n|move|p2a: Farigiraf|Body Slam|p1a: Dipplin\n|-resisted|p1a: Dipplin\n|-damage|p1a: Dipplin|31/100 par\n|move|p1a: Dipplin|Dragon Tail|p2a: Farigiraf\n|-immune|p2a: Farigiraf\n|\n|upkeep\n|turn|79\n|inactive|Time left: 300 sec this turn | 300 sec total\n|\n|t:|1783562920\n|move|p2a: Farigiraf|Body Slam|p1a: Dipplin\n|-resisted|p1a: Dipplin\n|-damage|p1a: Dipplin|16/100 par\n|move|p1a: Dipplin|Dragon Tail|p2a: Farigiraf\n|-immune|p2a: Farigiraf\n|\n|upkeep\n|turn|80\n|inactive|Time left: 300 sec this turn | 300 sec total\n|\n|t:|1783562921\n|move|p2a: Farigiraf|Body Slam|p1a: Dipplin\n|-resisted|p1a: Dipplin\n|-damage|p1a: Dipplin|2/100 par\n|move|p1a: Dipplin|Giga Drain|p2a: Farigiraf\n|-ability|p2a: Farigiraf|Sap Sipper|boost\n|-boost|p2a: Farigiraf|atk|1\n|\n|upkeep\n|turn|81\n|inactive|Time left: 300 sec this turn | 300 sec total\n|\n|t:|1783562922\n|move|p2a: Farigiraf|Body Slam|p1a: Dipplin\n|-resisted|p1a: Dipplin\n|-damage|p1a: Dipplin|0 fnt\n|faint|p1a: Dipplin\n|\n|win|p0y1976cef7", "uploadtime": 1783562922, "views": 0, "rating": 0, "private": 0, "password": null, "_winner": "p0y1976cef7", "_our_name": "p0y1976cef7"}