{"id": "battle-gen9randombattle-1653", "formatid": "gen9randombattle", "format": "[Gen 9] Random Battle", "players": ["p0x16536d94", "p0y16538996"], "log": "|init|battle\n|title|p0x16536d94 vs. p0y16538996\n|j|\u2606p0x16536d94\n|j|\u2606p0y16538996\n|t:|1783559124\n|gametype|singles\n|player|p1|p0x16536d94|266|\n|player|p2|p0y16538996|169|\n|gen|9\n|tier|[Gen 9] Random Battle\n|rule|Species Clause: Limit one of each Pok\u00e9mon\n|rule|HP Percentage Mod: HP is shown in percentages\n|rule|Sleep Clause Mod: Limit one foe put to sleep\n|rule|Illusion Level Mod: Illusion disguises the Pok\u00e9mon's true level\n|\n|t:|1783559124\n|teamsize|p1|6\n|teamsize|p2|6\n|start\n|switch|p1a: Masquerain|Masquerain, L87, F|264/264\n|switch|p2a: Arceus|Arceus-Fire, L72|100/100\n|-ability|p1a: Masquerain|Intimidate|boost\n|-unboost|p2a: Arceus|atk|1\n|turn|1\n|inactive|Battle timer is ON: inactive players will automatically lose when time's up. (requested by p0x16536d94)\n|inactive|p0y16538996 also wants the timer to be on.\n|\n|t:|1783559125\n|-terastallize|p2a: Arceus|Fire\n|move|p2a: Arceus|Flare Blitz|p1a: Masquerain\n|-supereffective|p1a: Masquerain\n|-damage|p1a: Masquerain|0 fnt\n|faint|p1a: Masquerain\n|-damage|p2a: Arceus|71/100|[from] Recoil\n|\n|upkeep\n|inactive|Time left: 300 sec this turn | 300 sec total | 65 sec grace\n|\n|t:|1783559126\n|switch|p1a: Reuniclus|Reuniclus, L88, F|337/337\n|turn|2\n|inactive|Time left: 300 sec this turn | 300 sec total\n|\n|t:|1783559127\n|switch|p2a: Wyrdeer|Wyrdeer, L87, M|100/100\n|-ability|p2a: Wyrdeer|Intimidate|boost\n|-unboost|p1a: Reuniclus|atk|1\n|move|p1a: Reuniclus|Calm Mind|p1a: Reuniclus\n|-boost|p1a: Reuniclus|spa|1\n|-boost|p1a: Reuniclus|spd|1\n|\n|upkeep\n|turn|3\n|inactive|Time left: 300 sec this turn | 300 sec total\n|\n|t:|1783559128\n|move|p2a: Wyrdeer|Body Slam|p1a: Reuniclus\n|-damage|p1a: Reuniclus|219/337\n|move|p1a: Reuniclus|Focus Blast|p2a: Wyrdeer\n|-damage|p2a: Wyrdeer|28/100\n|-unboost|p2a: Wyrdeer|spd|1\n|\n|-heal|p2a: Wyrdeer|34/100|[from] item: Leftovers\n|upkeep\n|turn|4\n|inactive|Time left: 300 sec this turn | 300 sec total\n|\n|t:|1783559129\n|move|p2a: Wyrdeer|Body Slam|p1a: Reuniclus\n|-damage|p1a: Reuniclus|113/337\n|move|p1a: Reuniclus|Psychic|p2a: Wyrdeer\n|-resisted|p2a: Wyrdeer\n|-damage|p2a: Wyrdeer|0 fnt\n|faint|p2a: Wyrdeer\n|\n|upkeep\n|\n|t:|1783559130\n|switch|p2a: Gallade|Gallade, L80, M|100/100\n|turn|5\n|inactive|Time left: 300 sec this turn | 300 sec total\n|\n|t:|1783559131\n|move|p2a: Gallade|Sacred Sword|p1a: Reuniclus\n|-resisted|p1a: Reuniclus\n|-damage|p1a: Reuniclus|0 fnt\n|faint|p1a: Reuniclus\n|\n|upkeep\n|inactive|Time left: 300 sec this turn | 300 sec total | 5 sec grace\n|\n|t:|1783559132\n|switch|p1a: Trevenant|Trevenant, L89, F|296/296\n|turn|6\n|inactive|Time left: 300 sec this turn | 300 sec total\n|\n|t:|1783559133\n|switch|p2a: Iron Hands|Iron Hands, L79|100/100\n|move|p1a: Trevenant|Poltergeist|p2a: Iron Hands\n|-activate|p2a: Iron Hands|move: Poltergeist|Leftovers\n|-damage|p2a: Iron Hands|67/100\n|\n|-heal|p2a: Iron Hands|73/100|[from] item: Leftovers\n|upkeep\n|turn|7\n|inactive|Time left: 300 sec this turn | 300 sec total\n|\n|t:|1783559134\n|move|p1a: Trevenant|Poltergeist|p2a: Iron Hands\n|-activate|p2a: Iron Hands|move: Poltergeist|Leftovers\n|-damage|p2a: Iron Hands|37/100\n|move|p2a: Iron Hands|Swords Dance|p2a: Iron Hands\n|-boost|p2a: Iron Hands|atk|2\n|\n|-heal|p2a: Iron Hands|43/100|[from] item: Leftovers\n|upkeep\n|turn|8\n|inactive|Time left: 300 sec this turn | 300 sec total\n|\n|t:|1783559135\n|move|p1a: Trevenant|Poltergeist|p2a: Iron Hands\n|-activate|p2a: Iron Hands|move: Poltergeist|Leftovers\n|-damage|p2a: Iron Hands|7/100\n|move|p2a: Iron Hands|Ice Punch|p1a: Trevenant\n|-supereffective|p1a: Trevenant\n|-damage|p1a: Trevenant|40/296\n|-enditem|p1a: Trevenant|Sitrus Berry|[eat]\n|-heal|p1a: Trevenant|114/296|[from] item: Sitrus Berry\n|\n|-heal|p2a: Iron Hands|13/100|[from] item: Leftovers\n|upkeep\n|turn|9\n|inactive|Time left: 300 sec this turn | 300 sec total\n|\n|t:|1783559137\n|move|p1a: Trevenant|Poltergeist|p2a: Iron Hands\n|-activate|p2a: Iron Hands|move: Poltergeist|Leftovers\n|-damage|p2a: Iron Hands|0 fnt\n|faint|p2a: Iron Hands\n|-end|p2a: Iron Hands|Quark Drive|[silent]\n|\n|-item|p1a: Trevenant|Sitrus Berry|[from] ability: Harvest\n|upkeep\n|-enditem|p1a: Trevenant|Sitrus Berry|[eat]\n|-heal|p1a: Trevenant|188/296|[from] item: Sitrus Berry\n|\n|t:|1783559138\n|switch|p2a: Arceus|Arceus-Fire, L72, tera:Fire|71/100\n|turn|10\n|inactive|Time left: 300 sec this turn | 300 sec total\n|\n|t:|1783559139\n|move|p1a: Trevenant|Protect|p1a: Trevenant\n|-singleturn|p1a: Trevenant|Protect\n|move|p2a: Arceus|Flare Blitz|p1a: Trevenant\n|-activate|p1a: Trevenant|move: Protect\n|\n|-item|p1a: Trevenant|Sitrus Berry|[from] ability: Harvest\n|upkeep\n|turn|11\n|inactive|Time left: 300 sec this turn | 300 sec total\n|\n|t:|1783559140\n|switch|p1a: Hydreigon|Hydreigon, L79, F|275/275\n|move|p2a: Arceus|Flare Blitz|p1a: Hydreigon\n|-resisted|p1a: Hydreigon\n|-damage|p1a: Hydreigon|187/275\n|-damage|p2a: Arceus|61/100|[from] Recoil\n|\n|upkeep\n|turn|12\n|inactive|Time left: 300 sec this turn | 300 sec total\n|\n|t:|1783559141\n|move|p2a: Arceus|Recover|p2a: Arceus\n|-heal|p2a: Arceus|100/100\n|move|p1a: Hydreigon|Dark Pulse|p2a: Arceus\n|-damage|p2a: Arceus|56/100\n|\n|upkeep\n|turn|13\n|inactive|Time left: 300 sec this turn | 300 sec total\n|\n|t:|1783559142\n|move|p2a: Arceus|Recover|p2a: Arceus\n|-heal|p2a: Arceus|100/100\n|move|p1a: Hydreigon|Dark Pulse|p2a: Arceus\n|-damage|p2a: Arceus|61/100\n|\n|upkeep\n|turn|14\n|inactive|Time left: 300 sec this turn | 300 sec total\n|\n|t:|1783559143\n|move|p2a: Arceus|Recover|p2a: Arceus\n|-heal|p2a: Arceus|100/100\n|move|p1a: Hydreigon|Dark Pulse|p2a: Arceus\n|-crit|p2a: Arceus\n|-damage|p2a: Arceus|40/100\n|\n|upkeep\n|turn|15\n|inactive|Time left: 300 sec this turn | 300 sec total\n|\n|t:|1783559144\n|move|p2a: Arceus|Recover|p2a: Arceus\n|-heal|p2a: Arceus|90/100\n|move|p1a: Hydreigon|Dark Pulse|p2a: Arceus\n|-damage|p2a: Arceus|50/100\n|\n|upkeep\n|turn|16\n|inactive|Time left: 300 sec this turn | 300 sec total\n|\n|t:|1783559145\n|move|p2a: Arceus|Recover|p2a: Arceus\n|-heal|p2a: Arceus|99/100\n|move|p1a: Hydreigon|Dark Pulse|p2a: Arceus\n|-damage|p2a: Arceus|55/100\n|\n|upkeep\n|turn|17\n|inactive|Time left: 300 sec this turn | 300 sec total\n|\n|t:|1783559146\n|move|p2a: Arceus|Recover|p2a: Arceus\n|-heal|p2a: Arceus|100/100\n|move|p1a: Hydreigon|Dark Pulse|p2a: Arceus\n|-damage|p2a: Arceus|60/100\n|\n|upkeep\n|turn|18\n|inactive|Time left: 300 sec this turn | 300 sec total\n|\n|t:|1783559147\n|move|p2a: Arceus|Flare Blitz|p1a: Hydreigon\n|-resisted|p1a: Hydreigon\n|-damage|p1a: Hydreigon|102/275\n|-damage|p2a: Arceus|50/100|[from] Recoil\n|move|p1a: Hydreigon|Dark Pulse|p2a: Arceus\n|-damage|p2a: Arceus|10/100\n|\n|upkeep\n|turn|19\n|inactive|Time left: 300 sec this turn | 300 sec total\n|\n|t:|1783559148\n|move|p2a: Arceus|Recover|p2a: Arceus\n|-heal|p2a: Arceus|60/100\n|move|p1a: Hydreigon|Dark Pulse|p2a: Arceus\n|-damage|p2a: Arceus|14/100\n|\n|upkeep\n|turn|20\n|inactive|Time left: 300 sec this turn | 300 sec total\n|\n|t:|1783559149\n|move|p2a: Arceus|Flare Blitz|p1a: Hydreigon\n|-resisted|p1a: Hydreigon\n|-damage|p1a: Hydreigon|8/275\n|-damage|p2a: Arceus|4/100|[from] Recoil\n|move|p1a: Hydreigon|Dark Pulse|p2a: Arceus\n|-damage|p2a: Arceus|0 fnt\n|faint|p2a: Arceus\n|\n|upkeep\n|\n|t:|1783559150\n|switch|p2a: Politoed|Politoed, L88, M|100/100\n|-weather|RainDance|[from] ability: Drizzle|[of] p2a: Politoed\n|turn|21\n|inactive|Time left: 300 sec this turn | 300 sec total\n|\n|t:|1783559151\n|move|p1a: Hydreigon|Dark Pulse|p2a: Politoed\n|-damage|p2a: Politoed|58/100\n|move|p2a: Politoed|Weather Ball|p1a: Hydreigon\n|-resisted|p1a: Hydreigon\n|-damage|p1a: Hydreigon|0 fnt\n|faint|p1a: Hydreigon\n|\n|-weather|RainDance|[upkeep]\n|upkeep\n|inactive|Time left: 300 sec this turn | 300 sec total | 5 sec grace\n|\n|t:|1783559152\n|switch|p1a: Trevenant|Trevenant, L89, F|188/296\n|turn|22\n|inactive|Time left: 300 sec this turn | 300 sec total\n|\n|t:|1783559153\n|move|p2a: Politoed|Weather Ball|p1a: Trevenant\n|-resisted|p1a: Trevenant\n|-damage|p1a: Trevenant|70/296\n|-enditem|p1a: Trevenant|Sitrus Berry|[eat]\n|-heal|p1a: Trevenant|144/296|[from] item: Sitrus Berry\n|move|p1a: Trevenant|Poltergeist|p2a: Politoed\n|-activate|p2a: Politoed|move: Poltergeist|Choice Specs\n|-damage|p2a: Politoed|5/100\n|\n|-weather|RainDance|[upkeep]\n|upkeep\n|turn|23\n|inactive|Time left: 300 sec this turn | 300 sec total\n|\n|t:|1783559155\n|switch|p1a: Phione|Phione, L91|293/293\n|move|p2a: Politoed|Weather Ball|p1a: Phione\n|-resisted|p1a: Phione\n|-damage|p1a: Phione|178/293\n|\n|-weather|RainDance|[upkeep]\n|-heal|p1a: Phione|196/293|[from] item: Leftovers\n|upkeep\n|turn|24\n|inactive|Time left: 300 sec this turn | 300 sec total\n|\n|t:|1783559156\n|move|p1a: Phione|Scald|p2a: Politoed\n|-resisted|p2a: Politoed\n|-crit|p2a: Politoed\n|-damage|p2a: Politoed|0 fnt\n|faint|p2a: Politoed\n|\n|-weather|RainDance|[upkeep]\n|-heal|p1a: Phione|214/293|[from] item: Leftovers\n|upkeep\n|\n|t:|1783559157\n|switch|p2a: Gallade|Gallade, L80, M|100/100\n|turn|25\n|inactive|Time left: 300 sec this turn | 300 sec total\n|\n|t:|1783559158\n|move|p1a: Phione|Scald|p2a: Gallade\n|-damage|p2a: Gallade|54/100\n|move|p2a: Gallade|Sacred Sword|p1a: Phione\n|-damage|p1a: Phione|0 fnt\n|faint|p1a: Phione\n|\n|-weather|none\n|upkeep\n|inactive|Time left: 300 sec this turn | 300 sec total | 5 sec grace\n|\n|t:|1783559159\n|switch|p1a: Trevenant|Trevenant, L89, F|144/296\n|turn|26\n|inactive|Time left: 300 sec this turn | 300 sec total\n|\n|t:|1783559160\n|switch|p2a: Vivillon|Vivillon-Marine, L83, M|100/100\n|move|p1a: Trevenant|Poltergeist|p2a: Vivillon|[miss]\n|-miss|p1a: Trevenant|p2a: Vivillon\n|\n|-item|p1a: Trevenant|Sitrus Berry|[from] ability: Harvest\n|upkeep\n|-enditem|p1a: Trevenant|Sitrus Berry|[eat]\n|-heal|p1a: Trevenant|218/296|[from] item: Sitrus Berry\n|turn|27\n|inactive|Time left: 300 sec this turn | 300 sec total\n|\n|t:|1783559161\n|move|p2a: Vivillon|Hurricane|p1a: Trevenant\n|-supereffective|p1a: Trevenant\n|-damage|p1a: Trevenant|6/296\n|-start|p1a: Trevenant|confusion\n|-activate|p1a: Trevenant|confusion\n|move|p1a: Trevenant|Poltergeist|p2a: Vivillon\n|-activate|p2a: Vivillon|move: Poltergeist|Heavy-Duty Boots\n|-damage|p2a: Vivillon|15/100\n|\n|-item|p1a: Trevenant|Sitrus Berry|[from] ability: Harvest\n|upkeep\n|-enditem|p1a: Trevenant|Sitrus Berry|[eat]\n|-heal|p1a: Trevenant|80/296|[from] item: Sitrus Berry\n|turn|28\n|inactive|Time left: 300 sec this turn | 300 sec total\n|\n|t:|1783559162\n|move|p2a: Vivillon|Quiver Dance|p2a: Vivillon\n|-boost|p2a: Vivillon|spa|1\n|-boost|p2a: Vivillon|spd|1\n|-boost|p2a: Vivillon|spe|1\n|-activate|p1a: Trevenant|confusion\n|move|p1a: Trevenant|Poltergeist|p2a: Vivillon\n|-activate|p2a: Vivillon|move: Poltergeist|Heavy-Duty Boots\n|-damage|p2a: Vivillon|0 fnt\n|faint|p2a: Vivillon\n|\n|-item|p1a: Trevenant|Sitrus Berry|[from] ability: Harvest\n|upkeep\n|-enditem|p1a: Trevenant|Sitrus Berry|[eat]\n|-heal|p1a: Trevenant|154/296|[from] item: Sitrus Berry\n|\n|t:|1783559163\n|switch|p2a: Gallade|Gallade, L80, M|54/100\n|turn|29\n|inactive|Time left: 300 sec this turn | 300 sec total\n|\n|t:|1783559164\n|-terastallize|p1a: Trevenant|Fighting\n|move|p2a: Gallade|Sacred Sword|p1a: Trevenant\n|-damage|p1a: Trevenant|0 fnt\n|faint|p1a: Trevenant\n|\n|upkeep\n|inactive|Time left: 300 sec this turn | 300 sec total | 5 sec grace\n|\n|t:|1783559165\n|switch|p1a: Grafaiai|Grafaiai, L86, M|249/249\n|turn|30\n|inactive|Time left: 300 sec this turn | 300 sec total\n|\n|t:|1783559166\n|move|p1a: Grafaiai|Knock Off|p2a: Gallade\n|-damage|p2a: Gallade|17/100\n|-enditem|p2a: Gallade|Choice Band|[from] move: Knock Off|[of] p1a: Grafaiai\n|move|p2a: Gallade|Sacred Sword|p1a: Grafaiai\n|-damage|p1a: Grafaiai|65/249\n|\n|upkeep\n|turn|31\n|inactive|Time left: 300 sec this turn | 300 sec total\n|\n|t:|1783559167\n|move|p1a: Grafaiai|Knock Off|p2a: Gallade\n|-damage|p2a: Gallade|0 fnt\n|faint|p2a: Gallade\n|\n|win|p0x16536d94", "uploadtime": 1783559167, "views": 0, "rating": 0, "private": 0, "password": null, "_winner": "p0x16536d94", "_our_name": "p0x16536d94"}