{"id": "battle-gen9randombattle-840", "formatid": "gen9randombattle", "format": "[Gen 9] Random Battle", "players": ["p0x8402545", "p0y840cd0f"], "log": "|init|battle\n|title|p0x8402545 vs. p0y840cd0f\n|j|\u2606p0x8402545\n|j|\u2606p0y840cd0f\n|t:|1783548892\n|gametype|singles\n|player|p1|p0x8402545|265|\n|player|p2|p0y840cd0f|265|\n|gen|9\n|tier|[Gen 9] Random Battle\n|rule|Species Clause: Limit one of each Pok\u00e9mon\n|rule|HP Percentage Mod: HP is shown in percentages\n|rule|Sleep Clause Mod: Limit one foe put to sleep\n|rule|Illusion Level Mod: Illusion disguises the Pok\u00e9mon's true level\n|\n|t:|1783548892\n|teamsize|p1|6\n|teamsize|p2|6\n|start\n|switch|p1a: Avalugg|Avalugg-Hisui, L90, M|317/317\n|switch|p2a: Quaquaval|Quaquaval, L79, M|100/100\n|turn|1\n|inactive|Battle timer is ON: inactive players will automatically lose when time's up. (requested by p0y840cd0f)\n|inactive|Time left: 300 sec this turn | 300 sec total | 60 sec grace\n|inactive|p0x8402545 also wants the timer to be on.\n|\n|t:|1783548894\n|move|p2a: Quaquaval|Aqua Step|p1a: Avalugg\n|-supereffective|p1a: Avalugg\n|-damage|p1a: Avalugg|231/317\n|-boost|p2a: Quaquaval|spe|1\n|move|p1a: Avalugg|Body Press|p2a: Quaquaval\n|-damage|p2a: Quaquaval|51/100\n|\n|-heal|p2a: Quaquaval|57/100|[from] item: Leftovers\n|upkeep\n|turn|2\n|inactive|Time left: 300 sec this turn | 300 sec total\n|\n|t:|1783548895\n|-terastallize|p1a: Avalugg|Flying\n|move|p2a: Quaquaval|Swords Dance|p2a: Quaquaval\n|-boost|p2a: Quaquaval|atk|2\n|move|p1a: Avalugg|Body Press|p2a: Quaquaval\n|-damage|p2a: Quaquaval|11/100\n|\n|-heal|p2a: Quaquaval|17/100|[from] item: Leftovers\n|upkeep\n|turn|3\n|inactive|Time left: 300 sec this turn | 300 sec total\n|\n|t:|1783548897\n|move|p2a: Quaquaval|Roost|p2a: Quaquaval\n|-heal|p2a: Quaquaval|67/100\n|-singleturn|p2a: Quaquaval|move: Roost\n|move|p1a: Avalugg|Body Press|p2a: Quaquaval\n|-damage|p2a: Quaquaval|19/100\n|\n|-heal|p2a: Quaquaval|25/100|[from] item: Leftovers\n|upkeep\n|turn|4\n|inactive|Time left: 300 sec this turn | 300 sec total\n|\n|t:|1783548897\n|move|p2a: Quaquaval|Roost|p2a: Quaquaval\n|-heal|p2a: Quaquaval|75/100\n|-singleturn|p2a: Quaquaval|move: Roost\n|move|p1a: Avalugg|Body Press|p2a: Quaquaval\n|-damage|p2a: Quaquaval|29/100\n|\n|-heal|p2a: Quaquaval|35/100|[from] item: Leftovers\n|upkeep\n|turn|5\n|inactive|Time left: 300 sec this turn | 300 sec total\n|\n|t:|1783548898\n|move|p2a: Quaquaval|Roost|p2a: Quaquaval\n|-heal|p2a: Quaquaval|85/100\n|-singleturn|p2a: Quaquaval|move: Roost\n|move|p1a: Avalugg|Body Press|p2a: Quaquaval\n|-damage|p2a: Quaquaval|38/100\n|\n|-heal|p2a: Quaquaval|44/100|[from] item: Leftovers\n|upkeep\n|turn|6\n|inactive|Time left: 300 sec this turn | 300 sec total\n|\n|t:|1783548899\n|move|p2a: Quaquaval|Roost|p2a: Quaquaval\n|-heal|p2a: Quaquaval|94/100\n|-singleturn|p2a: Quaquaval|move: Roost\n|move|p1a: Avalugg|Body Press|p2a: Quaquaval\n|-damage|p2a: Quaquaval|49/100\n|\n|-heal|p2a: Quaquaval|55/100|[from] item: Leftovers\n|upkeep\n|turn|7\n|inactive|Time left: 300 sec this turn | 300 sec total\n|\n|t:|1783548899\n|move|p2a: Quaquaval|Roost|p2a: Quaquaval\n|-heal|p2a: Quaquaval|100/100\n|-singleturn|p2a: Quaquaval|move: Roost\n|move|p1a: Avalugg|Body Press|p2a: Quaquaval\n|-damage|p2a: Quaquaval|53/100\n|\n|-heal|p2a: Quaquaval|59/100|[from] item: Leftovers\n|upkeep\n|turn|8\n|inactive|Time left: 300 sec this turn | 300 sec total\n|\n|t:|1783548900\n|move|p2a: Quaquaval|Roost|p2a: Quaquaval\n|-heal|p2a: Quaquaval|100/100\n|-singleturn|p2a: Quaquaval|move: Roost\n|move|p1a: Avalugg|Body Press|p2a: Quaquaval\n|-crit|p2a: Quaquaval\n|-damage|p2a: Quaquaval|28/100\n|\n|-heal|p2a: Quaquaval|34/100|[from] item: Leftovers\n|upkeep\n|turn|9\n|inactive|Time left: 300 sec this turn | 300 sec total\n|\n|t:|1783548901\n|move|p2a: Quaquaval|Roost|p2a: Quaquaval\n|-heal|p2a: Quaquaval|84/100\n|-singleturn|p2a: Quaquaval|move: Roost\n|move|p1a: Avalugg|Body Press|p2a: Quaquaval\n|-damage|p2a: Quaquaval|37/100\n|\n|-heal|p2a: Quaquaval|43/100|[from] item: Leftovers\n|upkeep\n|turn|10\n|inactive|Time left: 300 sec this turn | 300 sec total\n|\n|t:|1783548901\n|move|p2a: Quaquaval|Roost|p2a: Quaquaval\n|-heal|p2a: Quaquaval|93/100\n|-singleturn|p2a: Quaquaval|move: Roost\n|move|p1a: Avalugg|Body Press|p2a: Quaquaval\n|-damage|p2a: Quaquaval|42/100\n|\n|-heal|p2a: Quaquaval|48/100|[from] item: Leftovers\n|upkeep\n|turn|11\n|inactive|Time left: 300 sec this turn | 300 sec total\n|\n|t:|1783548902\n|move|p2a: Quaquaval|Aqua Step|p1a: Avalugg\n|-damage|p1a: Avalugg|134/317\n|-boost|p2a: Quaquaval|spe|1\n|move|p1a: Avalugg|Body Press|p2a: Quaquaval\n|-damage|p2a: Quaquaval|0 fnt\n|faint|p2a: Quaquaval\n|\n|upkeep\n|\n|t:|1783548903\n|switch|p2a: Ninetales|Ninetales, L85, F|100/100\n|-weather|SunnyDay|[from] ability: Drought|[of] p2a: Ninetales\n|turn|12\n|inactive|Time left: 300 sec this turn | 300 sec total\n|\n|t:|1783548903\n|move|p2a: Ninetales|Fire Blast|p1a: Avalugg|[miss]\n|-miss|p2a: Ninetales|p1a: Avalugg\n|move|p1a: Avalugg|Stone Edge|p2a: Ninetales\n|-supereffective|p2a: Ninetales\n|-damage|p2a: Ninetales|0 fnt\n|faint|p2a: Ninetales\n|\n|-weather|SunnyDay|[upkeep]\n|upkeep\n|\n|t:|1783548904\n|switch|p2a: Glimmora|Glimmora, L75, M|100/100\n|-item|p2a: Glimmora|Air Balloon\n|turn|13\n|inactive|Time left: 300 sec this turn | 300 sec total\n|\n|t:|1783548905\n|switch|p1a: Piloswine|Piloswine, L85, M|309/309\n|move|p2a: Glimmora|Sludge Wave|p1a: Piloswine\n|-resisted|p1a: Piloswine\n|-damage|p1a: Piloswine|267/309\n|-status|p1a: Piloswine|psn\n|\n|-weather|SunnyDay|[upkeep]\n|-damage|p1a: Piloswine|229/309 psn|[from] psn\n|upkeep\n|turn|14\n|inactive|Time left: 300 sec this turn | 300 sec total\n|\n|t:|1783548906\n|move|p2a: Glimmora|Stealth Rock|p1a: Piloswine\n|-sidestart|p1: p0x8402545|move: Stealth Rock\n|move|p1a: Piloswine|Stealth Rock|p2a: Glimmora\n|-sidestart|p2: p0y840cd0f|move: Stealth Rock\n|\n|-weather|SunnyDay|[upkeep]\n|-damage|p1a: Piloswine|191/309 psn|[from] psn\n|upkeep\n|turn|15\n|inactive|Time left: 300 sec this turn | 300 sec total\n|\n|t:|1783548907\n|switch|p1a: Tatsugiri|Tatsugiri, L87, M|260/260\n|move|p2a: Glimmora|Sludge Wave|p1a: Tatsugiri\n|-crit|p1a: Tatsugiri\n|-damage|p1a: Tatsugiri|121/260\n|-status|p1a: Tatsugiri|psn\n|\n|-weather|SunnyDay|[upkeep]\n|-damage|p1a: Tatsugiri|89/260 psn|[from] psn\n|upkeep\n|turn|16\n|inactive|Time left: 300 sec this turn | 300 sec total\n|\n|t:|1783548908\n|move|p1a: Tatsugiri|Draco Meteor|p2a: Glimmora\n|-damage|p2a: Glimmora|16/100\n|-unboost|p1a: Tatsugiri|spa|2\n|-enditem|p2a: Glimmora|Air Balloon\n|move|p2a: Glimmora|Sludge Wave|p1a: Tatsugiri\n|-damage|p1a: Tatsugiri|0 fnt\n|faint|p1a: Tatsugiri\n|\n|-weather|none\n|upkeep\n|inactive|Time left: 300 sec this turn | 300 sec total | 5 sec grace\n|\n|t:|1783548909\n|switch|p1a: Brambleghast|Brambleghast, L88, F|240/240\n|-damage|p1a: Brambleghast|210/240|[from] Stealth Rock\n|turn|17\n|inactive|Time left: 300 sec this turn | 300 sec total\n|\n|t:|1783548910\n|move|p1a: Brambleghast|Power Whip|p2a: Glimmora\n|-damage|p2a: Glimmora|0 fnt\n|-activate|p2a: Glimmora|ability: Toxic Debris\n|-sidestart|p1: p0x8402545|move: Toxic Spikes\n|faint|p2a: Glimmora\n|\n|-heal|p1a: Brambleghast|225/240|[from] item: Leftovers\n|upkeep\n|\n|t:|1783548911\n|switch|p2a: Mimikyu|Mimikyu, L79, M|100/100\n|-damage|p2a: Mimikyu|88/100|[from] Stealth Rock\n|turn|18\n|inactive|Time left: 300 sec this turn | 300 sec total\n|\n|t:|1783548912\n|move|p1a: Brambleghast|Power Whip|p2a: Mimikyu\n|-activate|p2a: Mimikyu|ability: Disguise\n|-damage|p2a: Mimikyu|88/100\n|detailschange|p2a: Mimikyu|Mimikyu-Busted, L79, M\n|-damage|p2a: Mimikyu|75/100|[from] pokemon: Mimikyu-Busted\n|move|p2a: Mimikyu|Shadow Claw|p1a: Brambleghast\n|-supereffective|p1a: Brambleghast\n|-damage|p1a: Brambleghast|51/240\n|-damage|p2a: Mimikyu|66/100|[from] item: Life Orb\n|\n|-heal|p1a: Brambleghast|66/240|[from] item: Leftovers\n|upkeep\n|turn|19\n|inactive|Time left: 300 sec this turn | 300 sec total\n|\n|t:|1783548913\n|move|p2a: Mimikyu|Shadow Sneak|p1a: Brambleghast\n|-supereffective|p1a: Brambleghast\n|-damage|p1a: Brambleghast|0 fnt\n|faint|p1a: Brambleghast\n|-damage|p2a: Mimikyu|56/100|[from] item: Life Orb\n|\n|upkeep\n|inactive|Time left: 300 sec this turn | 300 sec total | 5 sec grace\n|\n|t:|1783548914\n|switch|p1a: Avalugg|Avalugg-Hisui, L90, M, tera:Flying|134/317\n|turn|20\n|inactive|Time left: 300 sec this turn | 300 sec total\n|\n|t:|1783548915\n|move|p2a: Mimikyu|Swords Dance|p2a: Mimikyu\n|-boost|p2a: Mimikyu|atk|2\n|move|p1a: Avalugg|Stone Edge|p2a: Mimikyu|[miss]\n|-miss|p1a: Avalugg|p2a: Mimikyu\n|\n|upkeep\n|turn|21\n|inactive|Time left: 300 sec this turn | 300 sec total\n|\n|t:|1783548916\n|-terastallize|p2a: Mimikyu|Fairy\n|move|p2a: Mimikyu|Play Rough|p1a: Avalugg\n|-damage|p1a: Avalugg|0 fnt\n|faint|p1a: Avalugg\n|-damage|p2a: Mimikyu|46/100|[from] item: Life Orb\n|\n|upkeep\n|inactive|Time left: 300 sec this turn | 300 sec total | 5 sec grace\n|\n|t:|1783548917\n|switch|p1a: Coalossal|Coalossal, L89, F|341/341\n|turn|22\n|inactive|Time left: 300 sec this turn | 300 sec total\n|\n|t:|1783548918\n|switch|p2a: Camerupt|Camerupt, L91, M|100/100\n|-damage|p2a: Camerupt|88/100|[from] Stealth Rock\n|move|p1a: Coalossal|Rapid Spin|p2a: Camerupt\n|-damage|p2a: Camerupt|75/100\n|-boost|p1a: Coalossal|spe|1\n|-sideend|p1: p0x8402545|Toxic Spikes|[from] move: Rapid Spin|[of] p1a: Coalossal\n|-sideend|p1: p0x8402545|Stealth Rock|[from] move: Rapid Spin|[of] p1a: Coalossal\n|\n|-heal|p2a: Camerupt|81/100|[from] item: Leftovers\n|upkeep\n|turn|23\n|inactive|Time left: 300 sec this turn | 300 sec total\n|\n|t:|1783548919\n|switch|p1a: Basculin|Basculin, L86, F|261/261\n|move|p2a: Camerupt|Earthquake|p1a: Basculin\n|-damage|p1a: Basculin|105/261\n|\n|-heal|p2a: Camerupt|87/100|[from] item: Leftovers\n|upkeep\n|turn|24\n|inactive|Time left: 300 sec this turn | 300 sec total\n|\n|t:|1783548920\n|switch|p2a: Mimikyu|Mimikyu-Busted, L79, M, tera:Fairy|46/100\n|-damage|p2a: Mimikyu|34/100|[from] Stealth Rock\n|move|p1a: Basculin|Wave Crash|p2a: Mimikyu\n|-damage|p2a: Mimikyu|0 fnt\n|faint|p2a: Mimikyu\n|-damage|p1a: Basculin|81/261|[from] Recoil\n|\n|upkeep\n|\n|t:|1783548921\n|switch|p2a: Araquanid|Araquanid, L82, F|100/100\n|turn|25\n|inactive|Time left: 300 sec this turn | 300 sec total\n|\n|t:|1783548922\n|move|p1a: Basculin|Wave Crash|p2a: Araquanid\n|-resisted|p2a: Araquanid\n|-damage|p2a: Araquanid|49/100\n|-damage|p1a: Basculin|39/261|[from] Recoil\n|move|p2a: Araquanid|Liquidation|p1a: Basculin\n|-resisted|p1a: Basculin\n|-damage|p1a: Basculin|0 fnt\n|faint|p1a: Basculin\n|\n|upkeep\n|inactive|Time left: 300 sec this turn | 300 sec total | 5 sec grace\n|\n|t:|1783548923\n|switch|p1a: Piloswine|Piloswine, L85, M|191/309 psn\n|turn|26\n|inactive|Time left: 300 sec this turn | 300 sec total\n|\n|t:|1783548925\n|move|p1a: Piloswine|Icicle Crash|p2a: Araquanid\n|-resisted|p2a: Araquanid\n|-damage|p2a: Araquanid|31/100\n|move|p2a: Araquanid|Liquidation|p1a: Piloswine\n|-supereffective|p1a: Piloswine\n|-damage|p1a: Piloswine|17/309 psn\n|\n|-damage|p1a: Piloswine|0 fnt|[from] psn\n|faint|p1a: Piloswine\n|upkeep\n|inactive|Time left: 300 sec this turn | 300 sec total | 5 sec grace\n|\n|t:|1783548925\n|switch|p1a: Coalossal|Coalossal, L89, F|341/341\n|turn|27\n|inactive|Time left: 300 sec this turn | 300 sec total\n|\n|t:|1783548927\n|move|p2a: Araquanid|Liquidation|p1a: Coalossal\n|-supereffective|p1a: Coalossal\n|-damage|p1a: Coalossal|0 fnt\n|faint|p1a: Coalossal\n|\n|win|p0y840cd0f", "uploadtime": 1783548927, "views": 0, "rating": 0, "private": 0, "password": null, "_winner": "p0y840cd0f", "_our_name": "p0x8402545"}