{"id": "battle-gen9randombattle-33", "formatid": "gen9randombattle", "format": "[Gen 9] Random Battle", "players": ["p0x033c7a0", "p0y0336951"], "log": "|init|battle\n|title|p0x033c7a0 vs. p0y0336951\n|j|\u2606p0x033c7a0\n|j|\u2606p0y0336951\n|t:|1783534197\n|gametype|singles\n|player|p1|p0x033c7a0|101|\n|player|p2|p0y0336951|266|\n|gen|9\n|tier|[Gen 9] Random Battle\n|rule|Species Clause: Limit one of each Pok\u00e9mon\n|rule|HP Percentage Mod: HP is shown in percentages\n|rule|Sleep Clause Mod: Limit one foe put to sleep\n|rule|Illusion Level Mod: Illusion disguises the Pok\u00e9mon's true level\n|\n|t:|1783534197\n|teamsize|p1|6\n|teamsize|p2|6\n|start\n|switch|p1a: Okidogi|Okidogi, L77, M|262/262\n|switch|p2a: Reshiram|Reshiram, L76|100/100\n|-ability|p2a: Reshiram|Turboblaze\n|turn|1\n|inactive|Battle timer is ON: inactive players will automatically lose when time's up. (requested by p0y0336951)\n|inactive|Time left: 300 sec this turn | 300 sec total | 60 sec grace\n|inactive|p0x033c7a0 also wants the timer to be on.\n|\n|t:|1783534198\n|move|p2a: Reshiram|Blue Flare|p1a: Okidogi\n|-damage|p1a: Okidogi|133/262\n|move|p1a: Okidogi|Gunk Shot|p2a: Reshiram\n|-damage|p2a: Reshiram|51/100\n|-status|p2a: Reshiram|tox|[from] ability: Toxic Chain|[of] p1a: Okidogi\n|\n|-damage|p2a: Reshiram|45/100 tox|[from] psn\n|upkeep\n|turn|2\n|inactive|Time left: 300 sec this turn | 300 sec total\n|\n|t:|1783534200\n|move|p2a: Reshiram|Blue Flare|p1a: Okidogi\n|-damage|p1a: Okidogi|22/262\n|move|p1a: Okidogi|Gunk Shot|p2a: Reshiram\n|-damage|p2a: Reshiram|0 fnt\n|faint|p2a: Reshiram\n|\n|upkeep\n|\n|t:|1783534201\n|switch|p2a: Galvantula|Galvantula, L82, M|100/100\n|turn|3\n|inactive|Time left: 300 sec this turn | 300 sec total\n|\n|t:|1783534202\n|move|p2a: Galvantula|Sticky Web|p1a: Okidogi\n|-sidestart|p1: p0x033c7a0|move: Sticky Web\n|move|p1a: Okidogi|Knock Off|p2a: Galvantula\n|-damage|p2a: Galvantula|64/100\n|-enditem|p2a: Galvantula|Heavy-Duty Boots|[from] move: Knock Off|[of] p1a: Okidogi\n|\n|upkeep\n|turn|4\n|inactive|Time left: 300 sec this turn | 300 sec total\n|\n|t:|1783534203\n|move|p2a: Galvantula|Thunder|p1a: Okidogi\n|-damage|p1a: Okidogi|0 fnt\n|faint|p1a: Okidogi\n|\n|upkeep\n|inactive|Time left: 300 sec this turn | 300 sec total | 5 sec grace\n|\n|t:|1783534204\n|switch|p1a: Glalie|Glalie, L96, F|309/309\n|turn|5\n|inactive|Time left: 300 sec this turn | 300 sec total\n|\n|t:|1783534205\n|move|p2a: Galvantula|Thunder|p1a: Glalie|[miss]\n|-miss|p2a: Galvantula|p1a: Glalie\n|move|p1a: Glalie|Freeze-Dry|p2a: Galvantula\n|-damage|p2a: Galvantula|18/100\n|\n|upkeep\n|turn|6\n|inactive|Time left: 300 sec this turn | 300 sec total\n|\n|t:|1783534206\n|move|p2a: Galvantula|Thunder|p1a: Glalie\n|-damage|p1a: Glalie|210/309\n|move|p1a: Glalie|Freeze-Dry|p2a: Galvantula\n|-damage|p2a: Galvantula|0 fnt\n|faint|p2a: Galvantula\n|\n|upkeep\n|\n|t:|1783534207\n|switch|p2a: Basculegion|Basculegion-F, L83, F|100/100\n|turn|7\n|inactive|Time left: 300 sec this turn | 300 sec total\n|\n|t:|1783534207\n|move|p1a: Glalie|Freeze-Dry|p2a: Basculegion\n|-supereffective|p2a: Basculegion\n|-damage|p2a: Basculegion|65/100\n|move|p2a: Basculegion|Hydro Pump|p1a: Glalie\n|-damage|p1a: Glalie|54/309\n|\n|upkeep\n|turn|8\n|inactive|Time left: 300 sec this turn | 300 sec total\n|\n|t:|1783534208\n|move|p1a: Glalie|Freeze-Dry|p2a: Basculegion\n|-supereffective|p2a: Basculegion\n|-damage|p2a: Basculegion|27/100\n|move|p2a: Basculegion|Shadow Ball|p1a: Glalie\n|-damage|p1a: Glalie|0 fnt\n|faint|p1a: Glalie\n|\n|upkeep\n|inactive|Time left: 300 sec this turn | 300 sec total | 5 sec grace\n|\n|t:|1783534209\n|switch|p1a: Barraskewda|Barraskewda, L81, M|231/231\n|-activate|p1a: Barraskewda|move: Sticky Web\n|-unboost|p1a: Barraskewda|spe|1\n|turn|9\n|inactive|Time left: 300 sec this turn | 300 sec total\n|\n|t:|1783534210\n|switch|p2a: Dipplin|Dipplin, L88, M|100/100\n|move|p1a: Barraskewda|Waterfall|p2a: Dipplin\n|-resisted|p2a: Dipplin\n|-damage|p2a: Dipplin|94/100\n|\n|upkeep\n|turn|10\n|inactive|Time left: 300 sec this turn | 300 sec total\n|\n|t:|1783534211\n|switch|p1a: Infernape|Infernape, L82, F|259/259\n|-activate|p1a: Infernape|move: Sticky Web\n|-unboost|p1a: Infernape|spe|1\n|move|p2a: Dipplin|Dragon Pulse|p1a: Infernape\n|-damage|p1a: Infernape|135/259\n|\n|upkeep\n|turn|11\n|inactive|Time left: 300 sec this turn | 300 sec total\n|\n|t:|1783534212\n|move|p1a: Infernape|Gunk Shot|p2a: Dipplin\n|-supereffective|p2a: Dipplin\n|-damage|p2a: Dipplin|43/100\n|move|p2a: Dipplin|Dragon Pulse|p1a: Infernape\n|-damage|p1a: Infernape|21/259\n|\n|upkeep\n|turn|12\n|inactive|Time left: 300 sec this turn | 300 sec total\n|\n|t:|1783534213\n|switch|p2a: Overqwil|Overqwil, L82, F|100/100\n|-ability|p2a: Overqwil|Intimidate|boost\n|-unboost|p1a: Infernape|atk|1\n|move|p1a: Infernape|Gunk Shot|p2a: Overqwil\n|-resisted|p2a: Overqwil\n|-damage|p2a: Overqwil|84/100\n|\n|upkeep\n|turn|13\n|inactive|Time left: 300 sec this turn | 300 sec total\n|\n|t:|1783534214\n|move|p2a: Overqwil|Crunch|p1a: Infernape\n|-resisted|p1a: Infernape\n|-damage|p1a: Infernape|0 fnt\n|faint|p1a: Infernape\n|\n|upkeep\n|inactive|Time left: 300 sec this turn | 300 sec total | 5 sec grace\n|\n|t:|1783534215\n|switch|p1a: Regirock|Regirock, L83|268/268\n|-activate|p1a: Regirock|move: Sticky Web\n|-fail|p1a: Regirock|unboost|[from] ability: Clear Body|[of] p1a: Regirock\n|turn|14\n|inactive|Time left: 300 sec this turn | 300 sec total\n|\n|t:|1783534216\n|switch|p2a: Dipplin|Dipplin, L88, M|43/100\n|move|p1a: Regirock|Stone Edge|p2a: Dipplin\n|-damage|p2a: Dipplin|23/100\n|\n|upkeep\n|turn|15\n|inactive|Time left: 300 sec this turn | 300 sec total\n|\n|t:|1783534217\n|-terastallize|p1a: Regirock|Fighting\n|move|p1a: Regirock|Body Press|p2a: Dipplin\n|-damage|p2a: Dipplin|0 fnt\n|faint|p2a: Dipplin\n|\n|upkeep\n|\n|t:|1783534218\n|switch|p2a: Basculegion|Basculegion-F, L83, F|27/100\n|turn|16\n|inactive|Time left: 300 sec this turn | 300 sec total\n|\n|t:|1783534219\n|move|p2a: Basculegion|Hydro Pump|p1a: Regirock\n|-damage|p1a: Regirock|134/268\n|move|p1a: Regirock|Stone Edge|p2a: Basculegion|[miss]\n|-miss|p1a: Regirock|p2a: Basculegion\n|\n|upkeep\n|turn|17\n|inactive|Time left: 300 sec this turn | 300 sec total\n|\n|t:|1783534220\n|move|p2a: Basculegion|Hydro Pump|p1a: Regirock\n|-damage|p1a: Regirock|0 fnt\n|faint|p1a: Regirock\n|\n|upkeep\n|inactive|Time left: 300 sec this turn | 300 sec total | 5 sec grace\n|\n|t:|1783534221\n|switch|p1a: Barraskewda|Barraskewda, L81, M|231/231\n|-activate|p1a: Barraskewda|move: Sticky Web\n|-unboost|p1a: Barraskewda|spe|1\n|turn|18\n|inactive|Time left: 300 sec this turn | 300 sec total\n|\n|t:|1783534222\n|switch|p2a: Overqwil|Overqwil, L82, F|84/100\n|-ability|p2a: Overqwil|Intimidate|boost\n|-unboost|p1a: Barraskewda|atk|1\n|move|p1a: Barraskewda|Waterfall|p2a: Overqwil\n|-damage|p2a: Overqwil|52/100\n|\n|upkeep\n|turn|19\n|inactive|Time left: 300 sec this turn | 300 sec total\n|\n|t:|1783534223\n|switch|p1a: Tauros|Tauros, L82, M|257/257\n|-activate|p1a: Tauros|move: Sticky Web\n|-unboost|p1a: Tauros|spe|1\n|move|p2a: Overqwil|Gunk Shot|p1a: Tauros\n|-crit|p1a: Tauros\n|-damage|p1a: Tauros|0 fnt\n|faint|p1a: Tauros\n|\n|upkeep\n|inactive|Time left: 300 sec this turn | 300 sec total | 5 sec grace\n|\n|t:|1783534224\n|switch|p1a: Barraskewda|Barraskewda, L81, M|231/231\n|-activate|p1a: Barraskewda|move: Sticky Web\n|-unboost|p1a: Barraskewda|spe|1\n|turn|20\n|inactive|Time left: 300 sec this turn | 300 sec total\n|\n|t:|1783534225\n|-terastallize|p2a: Overqwil|Water\n|move|p2a: Overqwil|Gunk Shot|p1a: Barraskewda\n|-damage|p1a: Barraskewda|0 fnt\n|faint|p1a: Barraskewda\n|\n|win|p0y0336951", "uploadtime": 1783534225, "views": 0, "rating": 0, "private": 0, "password": null, "_winner": "p0y0336951", "_our_name": "p0x033c7a0"}