{"id": "battle-gen9randombattle-2267", "formatid": "gen9randombattle", "format": "[Gen 9] Random Battle", "players": ["p0x226714ef", "p0y226777db"], "log": "|init|battle\n|title|p0x226714ef vs. p0y226777db\n|j|\u2606p0x226714ef\n|j|\u2606p0y226777db\n|t:|1783565336\n|gametype|singles\n|player|p1|p0x226714ef|102|\n|player|p2|p0y226777db|170|\n|gen|9\n|tier|[Gen 9] Random Battle\n|rule|Species Clause: Limit one of each Pok\u00e9mon\n|rule|HP Percentage Mod: HP is shown in percentages\n|rule|Sleep Clause Mod: Limit one foe put to sleep\n|rule|Illusion Level Mod: Illusion disguises the Pok\u00e9mon's true level\n|\n|t:|1783565336\n|teamsize|p1|6\n|teamsize|p2|6\n|start\n|switch|p1a: Honchkrow|Honchkrow, L86, F|312/312\n|switch|p2a: Raichu|Raichu, L88, M|100/100\n|turn|1\n|inactive|Battle timer is ON: inactive players will automatically lose when time's up. (requested by p0y226777db)\n|inactive|Time left: 300 sec this turn | 300 sec total | 60 sec grace\n|inactive|p0x226714ef also wants the timer to be on.\n|\n|t:|1783565338\n|switch|p1a: Trevenant|Trevenant, L89, M|296/296\n|move|p2a: Raichu|Thunderbolt|p1a: Trevenant\n|-resisted|p1a: Trevenant\n|-damage|p1a: Trevenant|230/296\n|-damage|p2a: Raichu|91/100|[from] item: Life Orb\n|\n|upkeep\n|turn|2\n|inactive|Time left: 300 sec this turn | 300 sec total\n|\n|t:|1783565339\n|switch|p2a: Dragalge|Dragalge, L88, M|100/100\n|move|p1a: Trevenant|Poltergeist|p2a: Dragalge\n|-activate|p2a: Dragalge|move: Poltergeist|Leftovers\n|-damage|p2a: Dragalge|32/100\n|-damage|p1a: Trevenant|201/296|[from] item: Life Orb\n|\n|-heal|p2a: Dragalge|38/100|[from] item: Leftovers\n|upkeep\n|turn|3\n|inactive|Time left: 300 sec this turn | 300 sec total\n|\n|t:|1783565340\n|move|p1a: Trevenant|Poltergeist|p2a: Dragalge\n|-activate|p2a: Dragalge|move: Poltergeist|Leftovers\n|-damage|p2a: Dragalge|0 fnt\n|faint|p2a: Dragalge\n|-damage|p1a: Trevenant|172/296|[from] item: Life Orb\n|\n|upkeep\n|\n|t:|1783565341\n|switch|p2a: Volcanion|Volcanion, L79|100/100\n|turn|4\n|inactive|Time left: 300 sec this turn | 300 sec total\n|\n|t:|1783565342\n|switch|p1a: Ludicolo|Ludicolo, L90, F|290/290\n|move|p2a: Volcanion|Flamethrower|p1a: Ludicolo\n|-damage|p1a: Ludicolo|199/290\n|-status|p1a: Ludicolo|brn\n|\n|-damage|p1a: Ludicolo|181/290 brn|[from] brn\n|upkeep\n|turn|5\n|inactive|Time left: 300 sec this turn | 300 sec total\n|\n|t:|1783565343\n|move|p1a: Ludicolo|Giga Drain|p2a: Volcanion\n|-damage|p2a: Volcanion|66/100\n|-heal|p1a: Ludicolo|225/290 brn|[from] drain|[of] p2a: Volcanion\n|move|p2a: Volcanion|Flame Charge|p1a: Ludicolo\n|-damage|p1a: Ludicolo|167/290 brn\n|-boost|p2a: Volcanion|spe|1\n|\n|-damage|p1a: Ludicolo|149/290 brn|[from] brn\n|upkeep\n|turn|6\n|inactive|Time left: 300 sec this turn | 300 sec total\n|\n|t:|1783565343\n|move|p2a: Volcanion|Flamethrower|p1a: Ludicolo\n|-damage|p1a: Ludicolo|62/290 brn\n|move|p1a: Ludicolo|Giga Drain|p2a: Volcanion\n|-damage|p2a: Volcanion|33/100\n|-heal|p1a: Ludicolo|104/290 brn|[from] drain|[of] p2a: Volcanion\n|\n|-damage|p1a: Ludicolo|86/290 brn|[from] brn\n|upkeep\n|turn|7\n|inactive|Time left: 300 sec this turn | 300 sec total\n|\n|t:|1783565344\n|move|p2a: Volcanion|Flamethrower|p1a: Ludicolo\n|-damage|p1a: Ludicolo|0 fnt\n|faint|p1a: Ludicolo\n|\n|upkeep\n|inactive|Time left: 300 sec this turn | 300 sec total | 5 sec grace\n|\n|t:|1783565345\n|switch|p1a: Honchkrow|Honchkrow, L86, F|312/312\n|turn|8\n|inactive|Time left: 300 sec this turn | 300 sec total\n|\n|t:|1783565346\n|move|p2a: Volcanion|Steam Eruption|p1a: Honchkrow\n|-damage|p1a: Honchkrow|113/312\n|move|p1a: Honchkrow|Brave Bird|p2a: Volcanion\n|-damage|p2a: Volcanion|0 fnt\n|faint|p2a: Volcanion\n|-ability|p1a: Honchkrow|Moxie|boost\n|-boost|p1a: Honchkrow|atk|1\n|-damage|p1a: Honchkrow|85/312|[from] Recoil\n|\n|upkeep\n|\n|t:|1783565347\n|switch|p2a: Samurott|Samurott, L88, M|100/100\n|turn|9\n|inactive|Time left: 300 sec this turn | 300 sec total\n|\n|t:|1783565348\n|move|p1a: Honchkrow|Sucker Punch|p2a: Samurott\n|-damage|p2a: Samurott|52/100\n|move|p2a: Samurott|Sacred Sword|p1a: Honchkrow\n|-damage|p1a: Honchkrow|0 fnt\n|faint|p1a: Honchkrow\n|\n|upkeep\n|inactive|Time left: 300 sec this turn | 300 sec total | 5 sec grace\n|\n|t:|1783565349\n|switch|p1a: Glaceon|Glaceon, L94, F|275/275\n|turn|10\n|inactive|Time left: 300 sec this turn | 300 sec total\n|\n|t:|1783565350\n|switch|p2a: Chimecho|Chimecho, L93, F|100/100\n|move|p1a: Glaceon|Freeze-Dry|p2a: Chimecho\n|-crit|p2a: Chimecho\n|-damage|p2a: Chimecho|44/100\n|\n|-heal|p2a: Chimecho|50/100|[from] item: Leftovers\n|upkeep\n|turn|11\n|inactive|Time left: 300 sec this turn | 300 sec total\n|\n|t:|1783565351\n|move|p1a: Glaceon|Freeze-Dry|p2a: Chimecho\n|-damage|p2a: Chimecho|14/100\n|move|p2a: Chimecho|Recover|p2a: Chimecho\n|-heal|p2a: Chimecho|64/100\n|\n|-heal|p2a: Chimecho|70/100|[from] item: Leftovers\n|upkeep\n|turn|12\n|inactive|Time left: 300 sec this turn | 300 sec total\n|\n|t:|1783565352\n|move|p1a: Glaceon|Freeze-Dry|p2a: Chimecho\n|-damage|p2a: Chimecho|33/100\n|move|p2a: Chimecho|Calm Mind|p2a: Chimecho\n|-boost|p2a: Chimecho|spa|1\n|-boost|p2a: Chimecho|spd|1\n|\n|-heal|p2a: Chimecho|39/100|[from] item: Leftovers\n|upkeep\n|turn|13\n|inactive|Time left: 300 sec this turn | 300 sec total\n|\n|t:|1783565353\n|move|p1a: Glaceon|Freeze-Dry|p2a: Chimecho\n|-damage|p2a: Chimecho|14/100\n|move|p2a: Chimecho|Recover|p2a: Chimecho\n|-heal|p2a: Chimecho|64/100\n|\n|-heal|p2a: Chimecho|70/100|[from] item: Leftovers\n|upkeep\n|turn|14\n|inactive|Time left: 300 sec this turn | 300 sec total\n|\n|t:|1783565354\n|move|p1a: Glaceon|Freeze-Dry|p2a: Chimecho\n|-damage|p2a: Chimecho|47/100\n|move|p2a: Chimecho|Calm Mind|p2a: Chimecho\n|-boost|p2a: Chimecho|spa|1\n|-boost|p2a: Chimecho|spd|1\n|\n|-heal|p2a: Chimecho|54/100|[from] item: Leftovers\n|upkeep\n|turn|15\n|inactive|Time left: 300 sec this turn | 300 sec total\n|\n|t:|1783565355\n|move|p1a: Glaceon|Protect|p1a: Glaceon\n|-singleturn|p1a: Glaceon|Protect\n|move|p2a: Chimecho|Psychic Noise|p1a: Glaceon\n|-activate|p1a: Glaceon|move: Protect\n|\n|-heal|p2a: Chimecho|60/100|[from] item: Leftovers\n|upkeep\n|turn|16\n|inactive|Time left: 300 sec this turn | 300 sec total\n|\n|t:|1783565356\n|move|p1a: Glaceon|Wish|p1a: Glaceon\n|move|p2a: Chimecho|Psychic Noise|p1a: Glaceon\n|-damage|p1a: Glaceon|107/275\n|-start|p1a: Glaceon|move: Heal Block\n|\n|-heal|p2a: Chimecho|66/100|[from] item: Leftovers\n|upkeep\n|turn|17\n|inactive|Time left: 300 sec this turn | 300 sec total\n|\n|t:|1783565357\n|move|p1a: Glaceon|Protect|p1a: Glaceon\n|-singleturn|p1a: Glaceon|Protect\n|move|p2a: Chimecho|Psychic Noise|p1a: Glaceon\n|-activate|p1a: Glaceon|move: Protect\n|\n|-heal|p2a: Chimecho|72/100|[from] item: Leftovers\n|-end|p1a: Glaceon|move: Heal Block\n|upkeep\n|turn|18\n|inactive|Time left: 300 sec this turn | 300 sec total\n|\n|t:|1783565358\n|move|p1a: Glaceon|Freeze-Dry|p2a: Chimecho\n|-damage|p2a: Chimecho|53/100\n|move|p2a: Chimecho|Psychic Noise|p1a: Glaceon\n|-damage|p1a: Glaceon|0 fnt\n|faint|p1a: Glaceon\n|\n|-heal|p2a: Chimecho|59/100|[from] item: Leftovers\n|upkeep\n|inactive|Time left: 300 sec this turn | 300 sec total | 5 sec grace\n|\n|t:|1783565359\n|switch|p1a: Volcarona|Volcarona, L77, M|257/257\n|turn|19\n|inactive|Time left: 300 sec this turn | 300 sec total\n|\n|t:|1783565360\n|move|p1a: Volcarona|Quiver Dance|p1a: Volcarona\n|-boost|p1a: Volcarona|spa|1\n|-boost|p1a: Volcarona|spd|1\n|-boost|p1a: Volcarona|spe|1\n|move|p2a: Chimecho|Psychic Noise|p1a: Volcarona\n|-damage|p1a: Volcarona|136/257\n|-start|p1a: Volcarona|move: Heal Block\n|\n|-heal|p2a: Chimecho|66/100|[from] item: Leftovers\n|upkeep\n|turn|20\n|inactive|Time left: 300 sec this turn | 300 sec total\n|\n|t:|1783565362\n|move|p1a: Volcarona|Fiery Dance|p2a: Chimecho\n|-crit|p2a: Chimecho\n|-damage|p2a: Chimecho|4/100\n|move|p2a: Chimecho|Psychic Noise|p1a: Volcarona\n|-damage|p1a: Volcarona|9/257\n|\n|-heal|p2a: Chimecho|10/100|[from] item: Leftovers\n|-end|p1a: Volcarona|move: Heal Block\n|upkeep\n|turn|21\n|inactive|Time left: 300 sec this turn | 300 sec total\n|\n|t:|1783565363\n|switch|p2a: Blissey|Blissey, L85, F|100/100\n|move|p1a: Volcarona|Fiery Dance|p2a: Blissey\n|-damage|p2a: Blissey|85/100\n|\n|-heal|p2a: Blissey|91/100|[from] item: Leftovers\n|upkeep\n|turn|22\n|inactive|Time left: 300 sec this turn | 300 sec total\n|\n|t:|1783565364\n|move|p1a: Volcarona|Giga Drain|p2a: Blissey\n|-damage|p2a: Blissey|80/100\n|-heal|p1a: Volcarona|42/257|[from] drain|[of] p2a: Blissey\n|move|p2a: Blissey|Seismic Toss|p1a: Volcarona\n|-damage|p1a: Volcarona|0 fnt\n|-status|p2a: Blissey|brn|[from] ability: Flame Body|[of] p1a: Volcarona\n|faint|p1a: Volcarona\n|\n|-heal|p2a: Blissey|86/100 brn|[from] item: Leftovers\n|-damage|p2a: Blissey|80/100 brn|[from] brn\n|upkeep\n|inactive|Time left: 300 sec this turn | 300 sec total | 5 sec grace\n|\n|t:|1783565365\n|switch|p1a: Trevenant|Trevenant, L89, M|172/296\n|turn|23\n|inactive|Time left: 300 sec this turn | 300 sec total\n|\n|t:|1783565366\n|-curestatus|p2a: Blissey|brn|[from] ability: Natural Cure|[silent]\n|switch|p2a: Chimecho|Chimecho, L93, F|10/100\n|move|p1a: Trevenant|Drain Punch|p2a: Chimecho\n|-resisted|p2a: Chimecho\n|-damage|p2a: Chimecho|0 fnt\n|-heal|p1a: Trevenant|187/296|[from] drain|[of] p2a: Chimecho\n|faint|p2a: Chimecho\n|-damage|p1a: Trevenant|158/296|[from] item: Life Orb\n|\n|upkeep\n|\n|t:|1783565368\n|switch|p2a: Samurott|Samurott, L88, M|52/100\n|turn|24\n|inactive|Time left: 300 sec this turn | 300 sec total\n|\n|t:|1783565369\n|-terastallize|p1a: Trevenant|Fighting\n|move|p2a: Samurott|Knock Off|p1a: Trevenant\n|-resisted|p1a: Trevenant\n|-damage|p1a: Trevenant|117/296\n|-enditem|p1a: Trevenant|Life Orb|[from] move: Knock Off|[of] p2a: Samurott\n|move|p1a: Trevenant|Drain Punch|p2a: Samurott\n|-damage|p2a: Samurott|20/100\n|-heal|p1a: Trevenant|166/296|[from] drain|[of] p2a: Samurott\n|\n|upkeep\n|turn|25\n|inactive|Time left: 300 sec this turn | 300 sec total\n|\n|t:|1783565370\n|move|p2a: Samurott|Hydro Pump|p1a: Trevenant\n|-damage|p1a: Trevenant|0 fnt\n|faint|p1a: Trevenant\n|\n|upkeep\n|inactive|Time left: 300 sec this turn | 300 sec total | 5 sec grace\n|\n|t:|1783565371\n|switch|p1a: Duraludon|Duraludon, L82, F|249/249\n|turn|26\n|inactive|Time left: 300 sec this turn | 300 sec total\n|\n|t:|1783565372\n|move|p1a: Duraludon|Body Press|p2a: Samurott\n|-damage|p2a: Samurott|2/100\n|move|p2a: Samurott|Knock Off|p1a: Duraludon\n|-damage|p1a: Duraludon|207/249\n|-enditem|p1a: Duraludon|Eviolite|[from] move: Knock Off|[of] p2a: Samurott\n|\n|upkeep\n|turn|27\n|inactive|Time left: 300 sec this turn | 300 sec total\n|\n|t:|1783565373\n|move|p1a: Duraludon|Stealth Rock|p2a: Samurott\n|-sidestart|p2: p0y226777db|move: Stealth Rock\n|move|p2a: Samurott|Hydro Pump|p1a: Duraludon\n|-resisted|p1a: Duraludon\n|-damage|p1a: Duraludon|48/249\n|\n|upkeep\n|turn|28\n|inactive|Time left: 300 sec this turn | 300 sec total\n|\n|t:|1783565375\n|-terastallize|p2a: Samurott|Water\n|move|p1a: Duraludon|Draco Meteor|p2a: Samurott\n|-damage|p2a: Samurott|0 fnt\n|-unboost|p1a: Duraludon|spa|2\n|faint|p2a: Samurott\n|\n|upkeep\n|\n|t:|1783565375\n|switch|p2a: Raichu|Raichu, L88, M|91/100\n|-damage|p2a: Raichu|78/100|[from] Stealth Rock\n|turn|29\n|inactive|Time left: 300 sec this turn | 300 sec total\n|\n|t:|1783565376\n|move|p2a: Raichu|Thunderbolt|p1a: Duraludon\n|-resisted|p1a: Duraludon\n|-damage|p1a: Duraludon|0 fnt\n|faint|p1a: Duraludon\n|-damage|p2a: Raichu|69/100|[from] item: Life Orb\n|\n|win|p0y226777db", "uploadtime": 1783565376, "views": 0, "rating": 0, "private": 0, "password": null, "_winner": "p0y226777db", "_our_name": "p0x226714ef"}