{"id": "battle-gen9randombattle-2248", "formatid": "gen9randombattle", "format": "[Gen 9] Random Battle", "players": ["p0x22489adc", "p0y22483e97"], "log": "|init|battle\n|title|p0x22489adc vs. p0y22483e97\n|j|\u2606p0x22489adc\n|j|\u2606p0y22483e97\n|t:|1783566055\n|gametype|singles\n|player|p1|p0x22489adc|169|\n|player|p2|p0y22483e97|266|\n|gen|9\n|tier|[Gen 9] Random Battle\n|rule|Species Clause: Limit one of each Pok\u00e9mon\n|rule|HP Percentage Mod: HP is shown in percentages\n|rule|Sleep Clause Mod: Limit one foe put to sleep\n|rule|Illusion Level Mod: Illusion disguises the Pok\u00e9mon's true level\n|\n|t:|1783566055\n|teamsize|p1|6\n|teamsize|p2|6\n|start\n|switch|p1a: Tsareena|Tsareena, L87, F|267/267\n|switch|p2a: Jolteon|Jolteon, L84, F|100/100\n|turn|1\n|inactive|Battle timer is ON: inactive players will automatically lose when time's up. (requested by p0x22489adc)\n|inactive|p0y22483e97 also wants the timer to be on.\n|\n|t:|1783566056\n|switch|p2a: Bellossom|Bellossom, L84, F|100/100\n|move|p1a: Tsareena|Power Whip|p2a: Bellossom\n|-resisted|p2a: Bellossom\n|-damage|p2a: Bellossom|71/100\n|\n|-heal|p2a: Bellossom|77/100|[from] item: Leftovers\n|upkeep\n|turn|2\n|inactive|Time left: 300 sec this turn | 300 sec total\n|\n|t:|1783566058\n|move|p1a: Tsareena|Triple Axel|p2a: Bellossom|[miss]\n|-miss|p1a: Tsareena|p2a: Bellossom\n|move|p2a: Bellossom|Quiver Dance|p2a: Bellossom\n|-boost|p2a: Bellossom|spa|1\n|-boost|p2a: Bellossom|spd|1\n|-boost|p2a: Bellossom|spe|1\n|\n|-heal|p2a: Bellossom|83/100|[from] item: Leftovers\n|upkeep\n|turn|3\n|inactive|Time left: 300 sec this turn | 300 sec total\n|\n|t:|1783566059\n|move|p2a: Bellossom|Quiver Dance|p2a: Bellossom\n|-boost|p2a: Bellossom|spa|1\n|-boost|p2a: Bellossom|spd|1\n|-boost|p2a: Bellossom|spe|1\n|move|p1a: Tsareena|Triple Axel|p2a: Bellossom\n|-supereffective|p2a: Bellossom\n|-damage|p2a: Bellossom|70/100\n|-supereffective|p2a: Bellossom\n|-damage|p2a: Bellossom|43/100\n|-supereffective|p2a: Bellossom\n|-damage|p2a: Bellossom|4/100\n|-hitcount|p2a: Bellossom|3\n|\n|-heal|p2a: Bellossom|10/100|[from] item: Leftovers\n|upkeep\n|turn|4\n|inactive|Time left: 300 sec this turn | 300 sec total\n|\n|t:|1783566060\n|move|p2a: Bellossom|Strength Sap|p1a: Tsareena\n|-unboost|p1a: Tsareena|atk|1\n|-heal|p2a: Bellossom|100/100\n|move|p1a: Tsareena|Triple Axel|p2a: Bellossom\n|-supereffective|p2a: Bellossom\n|-damage|p2a: Bellossom|92/100\n|-supereffective|p2a: Bellossom\n|-damage|p2a: Bellossom|76/100\n|-supereffective|p2a: Bellossom\n|-damage|p2a: Bellossom|52/100\n|-hitcount|p2a: Bellossom|3\n|\n|-heal|p2a: Bellossom|58/100|[from] item: Leftovers\n|upkeep\n|turn|5\n|inactive|Time left: 300 sec this turn | 300 sec total\n|\n|t:|1783566061\n|move|p2a: Bellossom|Strength Sap|p1a: Tsareena\n|-unboost|p1a: Tsareena|atk|1\n|-heal|p2a: Bellossom|100/100\n|move|p1a: Tsareena|Triple Axel|p2a: Bellossom|[miss]\n|-miss|p1a: Tsareena|p2a: Bellossom\n|\n|upkeep\n|turn|6\n|inactive|Time left: 300 sec this turn | 300 sec total\n|\n|t:|1783566062\n|move|p2a: Bellossom|Quiver Dance|p2a: Bellossom\n|-boost|p2a: Bellossom|spa|1\n|-boost|p2a: Bellossom|spd|1\n|-boost|p2a: Bellossom|spe|1\n|move|p1a: Tsareena|Knock Off|p2a: Bellossom\n|-damage|p2a: Bellossom|85/100\n|-enditem|p2a: Bellossom|Leftovers|[from] move: Knock Off|[of] p1a: Tsareena\n|\n|upkeep\n|turn|7\n|inactive|Time left: 300 sec this turn | 300 sec total\n|\n|t:|1783566063\n|move|p2a: Bellossom|Giga Drain|p1a: Tsareena\n|-resisted|p1a: Tsareena\n|-damage|p1a: Tsareena|207/267\n|-heal|p2a: Bellossom|97/100|[from] drain|[of] p1a: Tsareena\n|move|p1a: Tsareena|Triple Axel|p2a: Bellossom\n|-supereffective|p2a: Bellossom\n|-damage|p2a: Bellossom|90/100\n|-supereffective|p2a: Bellossom\n|-damage|p2a: Bellossom|78/100\n|-hitcount|p2a: Bellossom|2\n|\n|upkeep\n|turn|8\n|inactive|Time left: 300 sec this turn | 300 sec total\n|\n|t:|1783566064\n|move|p2a: Bellossom|Giga Drain|p1a: Tsareena\n|-resisted|p1a: Tsareena\n|-damage|p1a: Tsareena|153/267\n|-heal|p2a: Bellossom|88/100|[from] drain|[of] p1a: Tsareena\n|move|p1a: Tsareena|Triple Axel|p2a: Bellossom\n|-supereffective|p2a: Bellossom\n|-damage|p2a: Bellossom|81/100\n|-supereffective|p2a: Bellossom\n|-damage|p2a: Bellossom|67/100\n|-supereffective|p2a: Bellossom\n|-damage|p2a: Bellossom|46/100\n|-hitcount|p2a: Bellossom|3\n|\n|upkeep\n|turn|9\n|inactive|Time left: 300 sec this turn | 300 sec total\n|\n|t:|1783566065\n|move|p2a: Bellossom|Strength Sap|p1a: Tsareena\n|-unboost|p1a: Tsareena|atk|1\n|-heal|p2a: Bellossom|95/100\n|move|p1a: Tsareena|Triple Axel|p2a: Bellossom\n|-supereffective|p2a: Bellossom\n|-damage|p2a: Bellossom|90/100\n|-supereffective|p2a: Bellossom\n|-damage|p2a: Bellossom|78/100\n|-supereffective|p2a: Bellossom\n|-damage|p2a: Bellossom|63/100\n|-hitcount|p2a: Bellossom|3\n|\n|upkeep\n|turn|10\n|inactive|Time left: 300 sec this turn | 300 sec total\n|\n|t:|1783566066\n|move|p2a: Bellossom|Giga Drain|p1a: Tsareena\n|-resisted|p1a: Tsareena\n|-damage|p1a: Tsareena|93/267\n|-heal|p2a: Bellossom|75/100|[from] drain|[of] p1a: Tsareena\n|move|p1a: Tsareena|Triple Axel|p2a: Bellossom\n|-supereffective|p2a: Bellossom\n|-damage|p2a: Bellossom|69/100\n|-hitcount|p2a: Bellossom|1\n|\n|upkeep\n|turn|11\n|inactive|Time left: 300 sec this turn | 300 sec total\n|\n|t:|1783566067\n|move|p2a: Bellossom|Giga Drain|p1a: Tsareena\n|-resisted|p1a: Tsareena\n|-damage|p1a: Tsareena|36/267\n|-heal|p2a: Bellossom|80/100|[from] drain|[of] p1a: Tsareena\n|move|p1a: Tsareena|Triple Axel|p2a: Bellossom\n|-supereffective|p2a: Bellossom\n|-damage|p2a: Bellossom|74/100\n|-supereffective|p2a: Bellossom\n|-crit|p2a: Bellossom\n|-damage|p2a: Bellossom|35/100\n|-supereffective|p2a: Bellossom\n|-damage|p2a: Bellossom|18/100\n|-hitcount|p2a: Bellossom|3\n|\n|upkeep\n|turn|12\n|inactive|Time left: 300 sec this turn | 300 sec total\n|\n|t:|1783566068\n|move|p2a: Bellossom|Strength Sap|p1a: Tsareena\n|-unboost|p1a: Tsareena|atk|1\n|-heal|p2a: Bellossom|57/100\n|move|p1a: Tsareena|Triple Axel|p2a: Bellossom\n|-supereffective|p2a: Bellossom\n|-damage|p2a: Bellossom|53/100\n|-supereffective|p2a: Bellossom\n|-damage|p2a: Bellossom|43/100\n|-supereffective|p2a: Bellossom\n|-damage|p2a: Bellossom|31/100\n|-hitcount|p2a: Bellossom|3\n|\n|upkeep\n|turn|13\n|inactive|Time left: 300 sec this turn | 300 sec total\n|\n|t:|1783566069\n|move|p2a: Bellossom|Giga Drain|p1a: Tsareena\n|-resisted|p1a: Tsareena\n|-damage|p1a: Tsareena|0 fnt\n|-heal|p2a: Bellossom|37/100|[from] drain|[of] p1a: Tsareena\n|faint|p1a: Tsareena\n|\n|upkeep\n|inactive|Time left: 300 sec this turn | 300 sec total | 5 sec grace\n|\n|t:|1783566070\n|switch|p1a: Bruxish|Bruxish, L85, F|254/254\n|turn|14\n|inactive|Time left: 300 sec this turn | 300 sec total\n|\n|t:|1783566071\n|-terastallize|p1a: Bruxish|Dark\n|move|p2a: Bellossom|Giga Drain|p1a: Bruxish\n|-damage|p1a: Bruxish|52/254\n|-heal|p2a: Bellossom|76/100|[from] drain|[of] p1a: Bruxish\n|move|p1a: Bruxish|Psychic Fangs|p2a: Bellossom\n|-damage|p2a: Bellossom|0 fnt\n|faint|p2a: Bellossom\n|\n|upkeep\n|\n|t:|1783566072\n|switch|p2a: Koraidon|Koraidon, L64|100/100\n|-weather|SunnyDay|[from] ability: Orichalcum Pulse|[of] p2a: Koraidon\n|-activate|p2a: Koraidon|Orichalcum Pulse|[source]\n|turn|15\n|inactive|Time left: 300 sec this turn | 300 sec total\n|\n|t:|1783566073\n|move|p2a: Koraidon|Outrage|p1a: Bruxish\n|-damage|p1a: Bruxish|0 fnt\n|faint|p1a: Bruxish\n|\n|-weather|SunnyDay|[upkeep]\n|upkeep\n|inactive|Time left: 300 sec this turn | 300 sec total | 5 sec grace\n|\n|t:|1783566074\n|switch|p1a: Flamigo|Flamigo, L82, M|269/269\n|turn|16\n|inactive|Time left: 300 sec this turn | 300 sec total\n|\n|t:|1783566075\n|move|p1a: Flamigo|Brave Bird|p2a: Koraidon\n|-supereffective|p2a: Koraidon\n|-damage|p2a: Koraidon|0 fnt\n|faint|p2a: Koraidon\n|-damage|p1a: Flamigo|191/269|[from] Recoil\n|\n|-weather|SunnyDay|[upkeep]\n|upkeep\n|\n|t:|1783566075\n|switch|p2a: Jolteon|Jolteon, L84, F|100/100\n|turn|17\n|inactive|Time left: 300 sec this turn | 300 sec total\n|\n|t:|1783566077\n|switch|p1a: Greedent|Greedent, L86, M|347/347\n|move|p2a: Jolteon|Thunderbolt|p1a: Greedent\n|-damage|p1a: Greedent|230/347\n|\n|-weather|SunnyDay|[upkeep]\n|upkeep\n|turn|18\n|inactive|Time left: 300 sec this turn | 300 sec total\n|\n|t:|1783566078\n|move|p2a: Jolteon|Thunderbolt|p1a: Greedent\n|-damage|p1a: Greedent|121/347\n|-enditem|p1a: Greedent|Sitrus Berry|[eat]\n|-heal|p1a: Greedent|207/347|[from] item: Sitrus Berry\n|-heal|p1a: Greedent|322/347|[from] ability: Cheek Pouch\n|move|p1a: Greedent|Knock Off|p2a: Jolteon\n|-damage|p2a: Jolteon|66/100\n|-enditem|p2a: Jolteon|Heavy-Duty Boots|[from] move: Knock Off|[of] p1a: Greedent\n|\n|-weather|SunnyDay|[upkeep]\n|upkeep\n|turn|19\n|inactive|Time left: 300 sec this turn | 300 sec total\n|\n|t:|1783566079\n|move|p2a: Jolteon|Volt Switch|p1a: Greedent\n|-damage|p1a: Greedent|232/347\n|\n|t:|1783566080\n|switch|p2a: Registeel|Registeel, L81|100/100|[from] Volt Switch\n|move|p1a: Greedent|Swords Dance|p1a: Greedent\n|-boost|p1a: Greedent|atk|2\n|\n|-weather|none\n|upkeep\n|turn|20\n|inactive|Time left: 300 sec this turn | 300 sec total\n|\n|t:|1783566081\n|move|p2a: Registeel|Iron Defense|p2a: Registeel\n|-boost|p2a: Registeel|def|2\n|move|p1a: Greedent|Earthquake|p2a: Registeel\n|-supereffective|p2a: Registeel\n|-damage|p2a: Registeel|62/100\n|\n|upkeep\n|turn|21\n|inactive|Time left: 300 sec this turn | 300 sec total\n|\n|t:|1783566082\n|switch|p1a: Whiscash|Whiscash, L88, M|219/219\n|move|p2a: Registeel|Body Press|p1a: Whiscash\n|-immune|p1a: Whiscash\n|\n|upkeep\n|turn|22\n|inactive|Time left: 300 sec this turn | 300 sec total\n|\n|t:|1783566083\n|move|p1a: Whiscash|Focus Blast|p2a: Registeel|[miss]\n|-miss|p1a: Whiscash|p2a: Registeel\n|move|p2a: Registeel|Rest|p2a: Registeel\n|-status|p2a: Registeel|slp|[from] move: Rest\n|-heal|p2a: Registeel|100/100 slp|[silent]\n|-enditem|p2a: Registeel|Chesto Berry|[eat]\n|-curestatus|p2a: Registeel|slp|[msg]\n|\n|upkeep\n|turn|23\n|inactive|Time left: 300 sec this turn | 300 sec total\n|\n|t:|1783566084\n|move|p1a: Whiscash|Focus Blast|p2a: Registeel|[miss]\n|-miss|p1a: Whiscash|p2a: Registeel\n|move|p2a: Registeel|Iron Head|p1a: Whiscash\n|-damage|p1a: Whiscash|129/219\n|replace|p1a: Zoroark|Zoroark-Hisui, L80, F\n|-end|p1a: Zoroark|Illusion\n|-hint|Illusion Level Mod is active, so this Pok\u00e9mon's true level was hidden.\n|\n|upkeep\n|turn|24\n|inactive|Time left: 300 sec this turn | 300 sec total\n|\n|t:|1783566085\n|move|p1a: Zoroark|Focus Blast|p2a: Registeel\n|-supereffective|p2a: Registeel\n|-damage|p2a: Registeel|26/100\n|move|p2a: Registeel|Iron Head|p1a: Zoroark\n|-damage|p1a: Zoroark|41/219\n|\n|upkeep\n|turn|25\n|inactive|Time left: 300 sec this turn | 300 sec total\n|\n|t:|1783566086\n|move|p1a: Zoroark|Focus Blast|p2a: Registeel\n|-supereffective|p2a: Registeel\n|-damage|p2a: Registeel|0 fnt\n|faint|p2a: Registeel\n|\n|upkeep\n|\n|t:|1783566087\n|switch|p2a: Jolteon|Jolteon, L84, F|66/100\n|turn|26\n|inactive|Time left: 300 sec this turn | 300 sec total\n|\n|t:|1783566088\n|switch|p1a: Whiscash|Whiscash, L88, M|337/337\n|move|p2a: Jolteon|Alluring Voice|p1a: Whiscash\n|-damage|p1a: Whiscash|273/337\n|\n|-heal|p1a: Whiscash|294/337|[from] item: Leftovers\n|upkeep\n|turn|27\n|inactive|Time left: 300 sec this turn | 300 sec total\n|\n|t:|1783566089\n|switch|p2a: Ogerpon|Ogerpon, L80, F|100/100\n|move|p1a: Whiscash|Earthquake|p2a: Ogerpon\n|-resisted|p2a: Ogerpon\n|-damage|p2a: Ogerpon|80/100\n|\n|-heal|p2a: Ogerpon|86/100|[from] item: Leftovers\n|-heal|p1a: Whiscash|315/337|[from] item: Leftovers\n|upkeep\n|turn|28\n|inactive|Time left: 300 sec this turn | 300 sec total\n|\n|t:|1783566091\n|switch|p1a: Flamigo|Flamigo, L82, M|191/269\n|move|p2a: Ogerpon|Ivy Cudgel|p1a: Flamigo\n|-resisted|p1a: Flamigo\n|-damage|p1a: Flamigo|127/269\n|\n|-heal|p2a: Ogerpon|92/100|[from] item: Leftovers\n|upkeep\n|turn|29\n|inactive|Time left: 300 sec this turn | 300 sec total\n|\n|t:|1783566092\n|switch|p2a: Basculin|Basculin, L86, F|100/100\n|move|p1a: Flamigo|Brave Bird|p2a: Basculin\n|-crit|p2a: Basculin\n|-damage|p2a: Basculin|1/100\n|-damage|p1a: Flamigo|42/269|[from] Recoil\n|\n|upkeep\n|turn|30\n|inactive|Time left: 300 sec this turn | 300 sec total\n|\n|t:|1783566093\n|move|p2a: Basculin|Aqua Jet|p1a: Flamigo\n|-damage|p1a: Flamigo|0 fnt\n|faint|p1a: Flamigo\n|\n|upkeep\n|inactive|Time left: 300 sec this turn | 300 sec total | 5 sec grace\n|\n|t:|1783566094\n|switch|p1a: Greedent|Greedent, L86, M|232/347\n|turn|31\n|inactive|Time left: 300 sec this turn | 300 sec total\n|\n|t:|1783566095\n|move|p2a: Basculin|Aqua Jet|p1a: Greedent\n|-damage|p1a: Greedent|148/347\n|move|p1a: Greedent|Double-Edge|p2a: Basculin\n|-damage|p2a: Basculin|0 fnt\n|faint|p2a: Basculin\n|-damage|p1a: Greedent|147/347|[from] Recoil\n|\n|upkeep\n|\n|t:|1783566096\n|switch|p2a: Ogerpon|Ogerpon, L80, F|92/100\n|turn|32\n|inactive|Time left: 300 sec this turn | 300 sec total\n|\n|t:|1783566097\n|move|p2a: Ogerpon|Ivy Cudgel|p1a: Greedent\n|-damage|p1a: Greedent|48/347\n|move|p1a: Greedent|Knock Off|p2a: Ogerpon\n|-damage|p2a: Ogerpon|61/100\n|-enditem|p2a: Ogerpon|Leftovers|[from] move: Knock Off|[of] p1a: Greedent\n|\n|upkeep\n|turn|33\n|inactive|Time left: 300 sec this turn | 300 sec total\n|\n|t:|1783566098\n|move|p2a: Ogerpon|Ivy Cudgel|p1a: Greedent\n|-crit|p1a: Greedent\n|-damage|p1a: Greedent|0 fnt\n|faint|p1a: Greedent\n|\n|upkeep\n|inactive|Time left: 300 sec this turn | 300 sec total | 5 sec grace\n|\n|t:|1783566098\n|switch|p1a: Whiscash|Whiscash, L88, M|41/219\n|turn|34\n|inactive|Time left: 300 sec this turn | 300 sec total\n|\n|t:|1783566099\n|-terastallize|p2a: Ogerpon|Grass\n|detailschange|p2a: Ogerpon|Ogerpon-Teal-Tera, L80, F, tera:Grass\n|-ability|p2a: Ogerpon|Embody Aspect (Teal)|boost\n|-boost|p2a: Ogerpon|spe|1\n|move|p2a: Ogerpon|Ivy Cudgel|p1a: Whiscash\n|-damage|p1a: Whiscash|0 fnt\n|replace|p1a: Zoroark|Zoroark-Hisui, L80, F\n|-end|p1a: Zoroark|Illusion\n|faint|p1a: Zoroark\n|\n|upkeep\n|inactive|Time left: 300 sec this turn | 300 sec total | 5 sec grace\n|\n|t:|1783566100\n|switch|p1a: Whiscash|Whiscash, L88, M|315/337\n|turn|35\n|inactive|Time left: 300 sec this turn | 300 sec total\n|\n|t:|1783566101\n|move|p2a: Ogerpon|Ivy Cudgel|p1a: Whiscash\n|-supereffective|p1a: Whiscash\n|-damage|p1a: Whiscash|0 fnt\n|faint|p1a: Whiscash\n|\n|win|p0y22483e97", "uploadtime": 1783566101, "views": 0, "rating": 0, "private": 0, "password": null, "_winner": "p0y22483e97", "_our_name": "p0x22489adc"}