{"id": "battle-gen9randombattle-474", "formatid": "gen9randombattle", "format": "[Gen 9] Random Battle", "players": ["p0x4747059", "p0y4744771"], "log": "|init|battle\n|title|p0x4747059 vs. p0y4744771\n|j|\u2606p0x4747059\n|j|\u2606p0y4744771\n|t:|1783545291\n|gametype|singles\n|player|p1|p0x4747059|1|\n|player|p2|p0y4744771|101|\n|gen|9\n|tier|[Gen 9] Random Battle\n|rule|Species Clause: Limit one of each Pok\u00e9mon\n|rule|HP Percentage Mod: HP is shown in percentages\n|rule|Sleep Clause Mod: Limit one foe put to sleep\n|rule|Illusion Level Mod: Illusion disguises the Pok\u00e9mon's true level\n|\n|t:|1783545291\n|teamsize|p1|6\n|teamsize|p2|6\n|start\n|switch|p1a: Zangoose|Zangoose, L85, F|100/100\n|switch|p2a: Tsareena|Tsareena, L87, F|267/267\n|turn|1\n|inactive|Battle timer is ON: inactive players will automatically lose when time's up. (requested by p0y4744771)\n|inactive|p0x4747059 also wants the timer to be on.\n|\n|t:|1783545293\n|move|p1a: Zangoose|Knock Off|p2a: Tsareena\n|-damage|p2a: Tsareena|195/267\n|-enditem|p2a: Tsareena|Assault Vest|[from] move: Knock Off|[of] p1a: Zangoose\n|move|p2a: Tsareena|High Jump Kick|p1a: Zangoose\n|-supereffective|p1a: Zangoose\n|-damage|p1a: Zangoose|0 fnt\n|faint|p1a: Zangoose\n|\n|upkeep\n|\n|t:|1783545294\n|switch|p1a: Medicham|Medicham, L86, M|100/100\n|turn|2\n|inactive|Time left: 300 sec this turn | 300 sec total\n|\n|t:|1783545296\n|switch|p2a: Wyrdeer|Wyrdeer, L87, M|321/321\n|-ability|p2a: Wyrdeer|Intimidate|boost\n|-unboost|p1a: Medicham|atk|1\n|-terastallize|p1a: Medicham|Fighting\n|move|p1a: Medicham|Close Combat|p2a: Wyrdeer\n|-damage|p2a: Wyrdeer|125/321\n|-unboost|p1a: Medicham|def|1\n|-unboost|p1a: Medicham|spd|1\n|\n|-heal|p2a: Wyrdeer|145/321|[from] item: Leftovers\n|upkeep\n|turn|3\n|inactive|Time left: 300 sec this turn | 300 sec total\n|\n|t:|1783545297\n|switch|p2a: Conkeldurr|Conkeldurr, L80, M|299/299\n|move|p1a: Medicham|Close Combat|p2a: Conkeldurr\n|-damage|p2a: Conkeldurr|147/299\n|-unboost|p1a: Medicham|def|1\n|-unboost|p1a: Medicham|spd|1\n|\n|-status|p2a: Conkeldurr|brn|[from] item: Flame Orb\n|upkeep\n|turn|4\n|inactive|Time left: 300 sec this turn | 300 sec total\n|\n|t:|1783545298\n|switch|p2a: Wyrdeer|Wyrdeer, L87, M|145/321\n|-ability|p2a: Wyrdeer|Intimidate|boost\n|-unboost|p1a: Medicham|atk|1\n|move|p1a: Medicham|Close Combat|p2a: Wyrdeer\n|-damage|p2a: Wyrdeer|15/321\n|-unboost|p1a: Medicham|def|1\n|-unboost|p1a: Medicham|spd|1\n|\n|-heal|p2a: Wyrdeer|35/321|[from] item: Leftovers\n|upkeep\n|turn|5\n|inactive|Time left: 300 sec this turn | 300 sec total\n|\n|t:|1783545299\n|move|p1a: Medicham|Close Combat|p2a: Wyrdeer\n|-damage|p2a: Wyrdeer|0 fnt\n|-unboost|p1a: Medicham|def|1\n|-unboost|p1a: Medicham|spd|1\n|faint|p2a: Wyrdeer\n|\n|upkeep\n|inactive|Time left: 300 sec this turn | 300 sec total | 5 sec grace\n|\n|t:|1783545300\n|switch|p2a: Conkeldurr|Conkeldurr, L80, M|147/299 brn\n|turn|6\n|inactive|Time left: 300 sec this turn | 300 sec total\n|\n|t:|1783545301\n|switch|p1a: Hydrapple|Hydrapple, L83, M|100/100\n|move|p2a: Conkeldurr|Knock Off|p1a: Hydrapple\n|-damage|p1a: Hydrapple|63/100\n|-enditem|p1a: Hydrapple|Assault Vest|[from] move: Knock Off|[of] p2a: Conkeldurr\n|\n|-damage|p2a: Conkeldurr|129/299 brn|[from] brn\n|upkeep\n|turn|7\n|inactive|Time left: 300 sec this turn | 300 sec total\n|\n|t:|1783545302\n|switch|p2a: Bellossom|Bellossom, L84, F|263/263\n|move|p1a: Hydrapple|Fickle Beam|p2a: Bellossom\n|-damage|p2a: Bellossom|167/263\n|\n|-heal|p2a: Bellossom|183/263|[from] item: Leftovers\n|upkeep\n|turn|8\n|inactive|Time left: 300 sec this turn | 300 sec total\n|\n|t:|1783545303\n|move|p2a: Bellossom|Strength Sap|p1a: Hydrapple\n|-unboost|p1a: Hydrapple|atk|1\n|-heal|p2a: Bellossom|263/263\n|move|p1a: Hydrapple|Fickle Beam|p2a: Bellossom|[anim] Fickle Beam All Out\n|-activate|p1a: Hydrapple|move: Fickle Beam\n|-damage|p2a: Bellossom|71/263\n|\n|-heal|p2a: Bellossom|87/263|[from] item: Leftovers\n|upkeep\n|turn|9\n|inactive|Time left: 300 sec this turn | 300 sec total\n|\n|t:|1783545304\n|move|p2a: Bellossom|Strength Sap|p1a: Hydrapple\n|-unboost|p1a: Hydrapple|atk|1\n|-heal|p2a: Bellossom|207/263\n|move|p1a: Hydrapple|Fickle Beam|p2a: Bellossom\n|-damage|p2a: Bellossom|108/263\n|\n|-heal|p2a: Bellossom|124/263|[from] item: Leftovers\n|upkeep\n|turn|10\n|inactive|Time left: 300 sec this turn | 300 sec total\n|\n|t:|1783545305\n|switch|p1a: Medicham|Medicham, L86, M, tera:Fighting|100/100\n|move|p2a: Bellossom|Strength Sap|p1a: Medicham\n|-unboost|p1a: Medicham|atk|1\n|-heal|p2a: Bellossom|263/263\n|\n|upkeep\n|turn|11\n|inactive|Time left: 300 sec this turn | 300 sec total\n|\n|t:|1783545306\n|move|p1a: Medicham|Close Combat|p2a: Bellossom\n|-damage|p2a: Bellossom|117/263\n|-unboost|p1a: Medicham|def|1\n|-unboost|p1a: Medicham|spd|1\n|move|p2a: Bellossom|Quiver Dance|p2a: Bellossom\n|-boost|p2a: Bellossom|spa|1\n|-boost|p2a: Bellossom|spd|1\n|-boost|p2a: Bellossom|spe|1\n|\n|-heal|p2a: Bellossom|133/263|[from] item: Leftovers\n|upkeep\n|turn|12\n|inactive|Time left: 300 sec this turn | 300 sec total\n|\n|t:|1783545306\n|move|p1a: Medicham|Close Combat|p2a: Bellossom\n|-damage|p2a: Bellossom|0 fnt\n|-unboost|p1a: Medicham|def|1\n|-unboost|p1a: Medicham|spd|1\n|faint|p2a: Bellossom\n|\n|upkeep\n|inactive|Time left: 300 sec this turn | 300 sec total | 5 sec grace\n|\n|t:|1783545307\n|switch|p2a: Tsareena|Tsareena, L87, F|195/267\n|turn|13\n|inactive|Time left: 300 sec this turn | 300 sec total\n|\n|t:|1783545308\n|switch|p1a: Hydrapple|Hydrapple, L83, M|97/100\n|move|p2a: Tsareena|High Jump Kick|p1a: Hydrapple\n|-damage|p1a: Hydrapple|67/100\n|\n|upkeep\n|turn|14\n|inactive|Time left: 300 sec this turn | 300 sec total\n|\n|t:|1783545309\n|move|p2a: Tsareena|High Jump Kick|p1a: Hydrapple\n|-damage|p1a: Hydrapple|38/100\n|move|p1a: Hydrapple|Fickle Beam|p2a: Tsareena\n|-damage|p2a: Tsareena|104/267\n|\n|upkeep\n|turn|15\n|inactive|Time left: 300 sec this turn | 300 sec total\n|\n|t:|1783545310\n|switch|p1a: Illumise|Illumise, L91, F|100/100\n|move|p2a: Tsareena|Rapid Spin|p1a: Illumise\n|-damage|p1a: Illumise|84/100\n|-boost|p2a: Tsareena|spe|1\n|\n|upkeep\n|turn|16\n|inactive|Time left: 300 sec this turn | 300 sec total\n|\n|t:|1783545312\n|move|p2a: Tsareena|High Jump Kick|p1a: Illumise\n|-resisted|p1a: Illumise\n|-damage|p1a: Illumise|62/100\n|move|p1a: Illumise|Bug Buzz|p2a: Tsareena\n|-supereffective|p2a: Tsareena\n|-damage|p2a: Tsareena|0 fnt\n|faint|p2a: Tsareena\n|\n|upkeep\n|inactive|Time left: 300 sec this turn | 300 sec total | 5 sec grace\n|\n|t:|1783545313\n|switch|p2a: Conkeldurr|Conkeldurr, L80, M|129/299 brn\n|turn|17\n|inactive|Time left: 300 sec this turn | 300 sec total\n|\n|t:|1783545314\n|move|p1a: Illumise|Bug Buzz|p2a: Conkeldurr\n|-resisted|p2a: Conkeldurr\n|-damage|p2a: Conkeldurr|66/299 brn\n|move|p2a: Conkeldurr|Facade|p1a: Illumise\n|-damage|p1a: Illumise|0 fnt\n|faint|p1a: Illumise\n|\n|-damage|p2a: Conkeldurr|48/299 brn|[from] brn\n|upkeep\n|\n|t:|1783545315\n|switch|p1a: Hydrapple|Hydrapple, L83, M|71/100\n|turn|18\n|inactive|Time left: 300 sec this turn | 300 sec total\n|\n|t:|1783545316\n|switch|p2a: Dunsparce|Dunsparce, L86, F|312/312\n|move|p1a: Hydrapple|Giga Drain|p2a: Dunsparce\n|-damage|p2a: Dunsparce|236/312\n|-heal|p1a: Hydrapple|83/100|[from] drain|[of] p2a: Dunsparce\n|\n|upkeep\n|turn|19\n|inactive|Time left: 300 sec this turn | 300 sec total\n|\n|t:|1783545317\n|move|p2a: Dunsparce|Body Slam|p1a: Hydrapple\n|-damage|p1a: Hydrapple|61/100\n|-status|p1a: Hydrapple|par\n|move|p1a: Hydrapple|Giga Drain|p2a: Dunsparce\n|-damage|p2a: Dunsparce|154/312\n|-heal|p1a: Hydrapple|74/100 par|[from] drain|[of] p2a: Dunsparce\n|\n|upkeep\n|turn|20\n|inactive|Time left: 300 sec this turn | 300 sec total\n|\n|t:|1783545318\n|move|p2a: Dunsparce|Roost|p2a: Dunsparce\n|-heal|p2a: Dunsparce|310/312\n|-singleturn|p2a: Dunsparce|move: Roost\n|move|p1a: Hydrapple|Fickle Beam|p2a: Dunsparce|[anim] Fickle Beam All Out\n|-activate|p1a: Hydrapple|move: Fickle Beam\n|-damage|p2a: Dunsparce|163/312\n|\n|upkeep\n|turn|21\n|inactive|Time left: 300 sec this turn | 300 sec total\n|\n|t:|1783545319\n|move|p2a: Dunsparce|Coil|p2a: Dunsparce\n|-boost|p2a: Dunsparce|atk|1\n|-boost|p2a: Dunsparce|def|1\n|-boost|p2a: Dunsparce|accuracy|1\n|cant|p1a: Hydrapple|par\n|\n|upkeep\n|turn|22\n|inactive|Time left: 300 sec this turn | 300 sec total\n|\n|t:|1783545320\n|move|p2a: Dunsparce|Roost|p2a: Dunsparce\n|-heal|p2a: Dunsparce|312/312\n|-singleturn|p2a: Dunsparce|move: Roost\n|cant|p1a: Hydrapple|par\n|\n|upkeep\n|turn|23\n|inactive|Time left: 300 sec this turn | 300 sec total\n|\n|t:|1783545322\n|move|p2a: Dunsparce|Coil|p2a: Dunsparce\n|-boost|p2a: Dunsparce|atk|1\n|-boost|p2a: Dunsparce|def|1\n|-boost|p2a: Dunsparce|accuracy|1\n|move|p1a: Hydrapple|Dragon Tail|p2a: Dunsparce|[miss]\n|-miss|p1a: Hydrapple|p2a: Dunsparce\n|\n|upkeep\n|turn|24\n|inactive|Time left: 300 sec this turn | 300 sec total\n|\n|t:|1783545323\n|move|p2a: Dunsparce|Body Slam|p1a: Hydrapple\n|-damage|p1a: Hydrapple|31/100 par\n|cant|p1a: Hydrapple|par\n|\n|upkeep\n|turn|25\n|inactive|Time left: 300 sec this turn | 300 sec total\n|\n|t:|1783545324\n|move|p2a: Dunsparce|Body Slam|p1a: Hydrapple\n|-damage|p1a: Hydrapple|0 fnt\n|faint|p1a: Hydrapple\n|\n|upkeep\n|\n|t:|1783545325\n|switch|p1a: Medicham|Medicham, L86, M, tera:Fighting|100/100\n|turn|26\n|inactive|Time left: 300 sec this turn | 300 sec total\n|\n|t:|1783545326\n|move|p1a: Medicham|Close Combat|p2a: Dunsparce\n|-supereffective|p2a: Dunsparce\n|-damage|p2a: Dunsparce|116/312\n|-unboost|p1a: Medicham|def|1\n|-unboost|p1a: Medicham|spd|1\n|move|p2a: Dunsparce|Body Slam|p1a: Medicham\n|-damage|p1a: Medicham|6/100\n|-status|p1a: Medicham|par\n|\n|upkeep\n|turn|27\n|inactive|Time left: 300 sec this turn | 300 sec total\n|\n|t:|1783545328\n|-terastallize|p2a: Dunsparce|Ground\n|move|p1a: Medicham|Close Combat|p2a: Dunsparce\n|-damage|p2a: Dunsparce|16/312\n|-unboost|p1a: Medicham|def|1\n|-unboost|p1a: Medicham|spd|1\n|move|p2a: Dunsparce|Roost|p2a: Dunsparce\n|-heal|p2a: Dunsparce|172/312\n|\n|upkeep\n|turn|28\n|inactive|Time left: 300 sec this turn | 300 sec total\n|\n|t:|1783545329\n|-activate|p1a: Medicham|move: Struggle\n|move|p1a: Medicham|Struggle|p2a: Dunsparce\n|-crit|p2a: Dunsparce\n|-damage|p2a: Dunsparce|116/312\n|-damage|p1a: Medicham|0 fnt|[from] recoil\n|faint|p1a: Medicham\n|move|p2a: Dunsparce|Earthquake|p1: Medicham|[notarget]\n|-fail|p2a: Dunsparce\n|\n|upkeep\n|\n|t:|1783545330\n|switch|p1a: Cetitan|Cetitan, L82, M|100/100\n|turn|29\n|inactive|Time left: 300 sec this turn | 300 sec total\n|\n|t:|1783545331\n|move|p1a: Cetitan|Icicle Crash|p2a: Dunsparce\n|-supereffective|p2a: Dunsparce\n|-damage|p2a: Dunsparce|0 fnt\n|faint|p2a: Dunsparce\n|\n|upkeep\n|inactive|Time left: 300 sec this turn | 300 sec total | 5 sec grace\n|\n|t:|1783545332\n|switch|p2a: Conkeldurr|Conkeldurr, L80, M|48/299 brn\n|turn|30\n|inactive|Time left: 300 sec this turn | 300 sec total\n|\n|t:|1783545333\n|move|p1a: Cetitan|Ice Shard|p2a: Conkeldurr\n|-damage|p2a: Conkeldurr|0 fnt\n|faint|p2a: Conkeldurr\n|-damage|p1a: Cetitan|91/100|[from] item: Life Orb\n|\n|upkeep\n|inactive|Time left: 300 sec this turn | 300 sec total | 5 sec grace\n|\n|t:|1783545334\n|switch|p2a: Raging Bolt|Raging Bolt, L78|323/323\n|turn|31\n|inactive|Time left: 300 sec this turn | 300 sec total\n|\n|t:|1783545335\n|move|p1a: Cetitan|Icicle Crash|p2a: Raging Bolt\n|-supereffective|p2a: Raging Bolt\n|-damage|p2a: Raging Bolt|11/323\n|move|p2a: Raging Bolt|Thunderbolt|p1a: Cetitan\n|-damage|p1a: Cetitan|51/100\n|\n|upkeep\n|turn|32\n|inactive|Time left: 300 sec this turn | 300 sec total\n|\n|t:|1783545336\n|move|p1a: Cetitan|Ice Shard|p2a: Raging Bolt\n|-supereffective|p2a: Raging Bolt\n|-damage|p2a: Raging Bolt|0 fnt\n|faint|p2a: Raging Bolt\n|-end|p2a: Raging Bolt|Protosynthesis|[silent]\n|-damage|p1a: Cetitan|41/100|[from] item: Life Orb\n|\n|win|p0x4747059", "uploadtime": 1783545336, "views": 0, "rating": 0, "private": 0, "password": null, "_winner": "p0x4747059", "_our_name": "p0y4744771"}