{"id": "battle-gen9randombattle-154", "formatid": "gen9randombattle", "format": "[Gen 9] Random Battle", "players": ["p0x1541597", "p0y154193c"], "log": "|init|battle\n|title|p0x1541597 vs. p0y154193c\n|j|\u2606p0x1541597\n|j|\u2606p0y154193c\n|t:|1783535025\n|gametype|singles\n|player|p1|p0x1541597|102|\n|player|p2|p0y154193c|102|\n|gen|9\n|tier|[Gen 9] Random Battle\n|rule|Species Clause: Limit one of each Pok\u00e9mon\n|rule|HP Percentage Mod: HP is shown in percentages\n|rule|Sleep Clause Mod: Limit one foe put to sleep\n|rule|Illusion Level Mod: Illusion disguises the Pok\u00e9mon's true level\n|\n|t:|1783535025\n|teamsize|p1|6\n|teamsize|p2|6\n|start\n|switch|p1a: Magearna|Magearna-Original, L77|250/250\n|switch|p2a: Pincurchin|Pincurchin, M|100/100\n|-fieldstart|move: Electric Terrain|[from] ability: Electric Surge|[of] p2a: Pincurchin\n|turn|1\n|inactive|Battle timer is ON: inactive players will automatically lose when time's up. (requested by p0x1541597)\n|inactive|p0y154193c also wants the timer to be on.\n|\n|t:|1783535027\n|move|p1a: Magearna|Shift Gear|p1a: Magearna\n|-boost|p1a: Magearna|spe|2\n|-boost|p1a: Magearna|atk|1\n|move|p2a: Pincurchin|Zing Zap|p1a: Magearna\n|-damage|p1a: Magearna|117/250\n|\n|upkeep\n|turn|2\n|inactive|Time left: 300 sec this turn | 300 sec total\n|\n|t:|1783535029\n|move|p1a: Magearna|Iron Head|p2a: Pincurchin\n|-resisted|p2a: Pincurchin\n|-damage|p2a: Pincurchin|83/100\n|move|p2a: Pincurchin|Liquidation|p1a: Magearna\n|-damage|p1a: Magearna|45/250\n|\n|-heal|p2a: Pincurchin|89/100|[from] item: Leftovers\n|upkeep\n|turn|3\n|inactive|Time left: 300 sec this turn | 300 sec total\n|\n|t:|1783535030\n|move|p1a: Magearna|Iron Head|p2a: Pincurchin\n|-resisted|p2a: Pincurchin\n|-damage|p2a: Pincurchin|75/100\n|move|p2a: Pincurchin|Liquidation|p1a: Magearna\n|-damage|p1a: Magearna|0 fnt\n|faint|p1a: Magearna\n|\n|-heal|p2a: Pincurchin|81/100|[from] item: Leftovers\n|upkeep\n|inactive|Time left: 300 sec this turn | 300 sec total | 5 sec grace\n|\n|t:|1783535031\n|switch|p1a: Granbull|Granbull, L88, M|302/302\n|-ability|p1a: Granbull|Intimidate|boost\n|-unboost|p2a: Pincurchin|atk|1\n|turn|4\n|inactive|Time left: 300 sec this turn | 300 sec total\n|\n|t:|1783535032\n|switch|p2a: Rhyperior|Rhyperior, L82, M|100/100\n|move|p1a: Granbull|Earthquake|p2a: Rhyperior\n|-supereffective|p2a: Rhyperior\n|-damage|p2a: Rhyperior|67/100\n|\n|upkeep\n|turn|5\n|inactive|Time left: 300 sec this turn | 300 sec total\n|\n|t:|1783535034\n|move|p1a: Granbull|Play Rough|p2a: Rhyperior\n|-damage|p2a: Rhyperior|35/100\n|move|p2a: Rhyperior|Earthquake|p1a: Granbull\n|-damage|p1a: Granbull|167/302\n|\n|-heal|p1a: Granbull|185/302|[from] item: Leftovers\n|-fieldend|move: Electric Terrain\n|upkeep\n|turn|6\n|inactive|Time left: 300 sec this turn | 300 sec total\n|\n|t:|1783535035\n|move|p1a: Granbull|Play Rough|p2a: Rhyperior\n|-damage|p2a: Rhyperior|4/100\n|move|p2a: Rhyperior|Stone Edge|p1a: Granbull\n|-damage|p1a: Granbull|52/302\n|\n|-heal|p1a: Granbull|70/302|[from] item: Leftovers\n|upkeep\n|turn|7\n|inactive|Time left: 300 sec this turn | 300 sec total\n|\n|t:|1783535036\n|move|p1a: Granbull|Earthquake|p2a: Rhyperior\n|-supereffective|p2a: Rhyperior\n|-damage|p2a: Rhyperior|0 fnt\n|faint|p2a: Rhyperior\n|\n|-heal|p1a: Granbull|88/302|[from] item: Leftovers\n|upkeep\n|\n|t:|1783535037\n|switch|p2a: Greedent|Greedent, L86, M|100/100\n|turn|8\n|inactive|Time left: 300 sec this turn | 300 sec total\n|\n|t:|1783535038\n|move|p1a: Granbull|Earthquake|p2a: Greedent\n|-damage|p2a: Greedent|75/100\n|move|p2a: Greedent|Swords Dance|p2a: Greedent\n|-boost|p2a: Greedent|atk|2\n|\n|-heal|p1a: Granbull|106/302|[from] item: Leftovers\n|upkeep\n|turn|9\n|inactive|Time left: 300 sec this turn | 300 sec total\n|\n|t:|1783535039\n|move|p1a: Granbull|Thunder Wave|p2a: Greedent\n|-status|p2a: Greedent|par\n|move|p2a: Greedent|Earthquake|p1a: Granbull\n|-damage|p1a: Granbull|0 fnt\n|faint|p1a: Granbull\n|\n|upkeep\n|inactive|Time left: 300 sec this turn | 300 sec total | 5 sec grace\n|\n|t:|1783535040\n|switch|p1a: Poliwrath|Poliwrath, L88, F|302/302\n|turn|10\n|inactive|Time left: 300 sec this turn | 300 sec total\n|\n|t:|1783535041\n|move|p1a: Poliwrath|Close Combat|p2a: Greedent\n|-supereffective|p2a: Greedent\n|-damage|p2a: Greedent|0 fnt\n|-unboost|p1a: Poliwrath|def|1\n|-unboost|p1a: Poliwrath|spd|1\n|faint|p2a: Greedent\n|-damage|p1a: Poliwrath|272/302|[from] item: Life Orb\n|\n|upkeep\n|\n|t:|1783535042\n|switch|p2a: Pincurchin|Pincurchin, M|81/100\n|-fieldstart|move: Electric Terrain|[from] ability: Electric Surge|[of] p2a: Pincurchin\n|turn|11\n|inactive|Time left: 300 sec this turn | 300 sec total\n|\n|t:|1783535043\n|switch|p1a: Miraidon|Miraidon, L65|238/238\n|-activate|p1a: Miraidon|ability: Hadron Engine\n|move|p2a: Pincurchin|Zing Zap|p1a: Miraidon\n|-resisted|p1a: Miraidon\n|-damage|p1a: Miraidon|194/238\n|\n|-heal|p2a: Pincurchin|87/100|[from] item: Leftovers\n|upkeep\n|turn|12\n|inactive|Time left: 300 sec this turn | 300 sec total\n|\n|t:|1783535044\n|move|p1a: Miraidon|Electro Drift|p2a: Pincurchin\n|-resisted|p2a: Pincurchin\n|-damage|p2a: Pincurchin|52/100\n|move|p2a: Pincurchin|Recover|p2a: Pincurchin\n|-heal|p2a: Pincurchin|100/100\n|\n|upkeep\n|turn|13\n|inactive|Time left: 300 sec this turn | 300 sec total\n|\n|t:|1783535045\n|move|p1a: Miraidon|Electro Drift|p2a: Pincurchin\n|-resisted|p2a: Pincurchin\n|-damage|p2a: Pincurchin|66/100\n|move|p2a: Pincurchin|Recover|p2a: Pincurchin\n|-heal|p2a: Pincurchin|100/100\n|\n|upkeep\n|turn|14\n|inactive|Time left: 300 sec this turn | 300 sec total\n|\n|t:|1783535045\n|move|p1a: Miraidon|Electro Drift|p2a: Pincurchin\n|-resisted|p2a: Pincurchin\n|-damage|p2a: Pincurchin|62/100\n|move|p2a: Pincurchin|Liquidation|p1a: Miraidon\n|-resisted|p1a: Miraidon\n|-damage|p1a: Miraidon|140/238\n|\n|-heal|p2a: Pincurchin|68/100|[from] item: Leftovers\n|upkeep\n|turn|15\n|inactive|Time left: 300 sec this turn | 300 sec total\n|\n|t:|1783535047\n|move|p1a: Miraidon|Electro Drift|p2a: Pincurchin\n|-resisted|p2a: Pincurchin\n|-damage|p2a: Pincurchin|33/100\n|move|p2a: Pincurchin|Recover|p2a: Pincurchin\n|-heal|p2a: Pincurchin|83/100\n|\n|-heal|p2a: Pincurchin|89/100|[from] item: Leftovers\n|-fieldend|move: Electric Terrain\n|upkeep\n|turn|16\n|inactive|Time left: 300 sec this turn | 300 sec total\n|\n|t:|1783535048\n|move|p1a: Miraidon|Electro Drift|p2a: Pincurchin\n|-resisted|p2a: Pincurchin\n|-damage|p2a: Pincurchin|67/100\n|move|p2a: Pincurchin|Curse|p2a: Pincurchin\n|-unboost|p2a: Pincurchin|spe|1\n|-boost|p2a: Pincurchin|atk|1\n|-boost|p2a: Pincurchin|def|1\n|\n|-heal|p2a: Pincurchin|73/100|[from] item: Leftovers\n|upkeep\n|turn|17\n|inactive|Time left: 300 sec this turn | 300 sec total\n|\n|t:|1783535049\n|move|p1a: Miraidon|Electro Drift|p2a: Pincurchin\n|-resisted|p2a: Pincurchin\n|-damage|p2a: Pincurchin|52/100\n|move|p2a: Pincurchin|Liquidation|p1a: Miraidon\n|-resisted|p1a: Miraidon\n|-damage|p1a: Miraidon|60/238\n|\n|-heal|p2a: Pincurchin|59/100|[from] item: Leftovers\n|upkeep\n|turn|18\n|inactive|Time left: 300 sec this turn | 300 sec total\n|\n|t:|1783535050\n|move|p1a: Miraidon|Electro Drift|p2a: Pincurchin\n|-resisted|p2a: Pincurchin\n|-damage|p2a: Pincurchin|35/100\n|move|p2a: Pincurchin|Liquidation|p1a: Miraidon\n|-resisted|p1a: Miraidon\n|-damage|p1a: Miraidon|0 fnt\n|faint|p1a: Miraidon\n|\n|-heal|p2a: Pincurchin|42/100|[from] item: Leftovers\n|upkeep\n|inactive|Time left: 300 sec this turn | 300 sec total | 5 sec grace\n|\n|t:|1783535051\n|switch|p1a: Iron Jugulis|Iron Jugulis, L77|271/271\n|turn|19\n|inactive|Time left: 300 sec this turn | 300 sec total\n|\n|t:|1783535051\n|move|p1a: Iron Jugulis|Dark Pulse|p2a: Pincurchin\n|-damage|p2a: Pincurchin|0 fnt\n|faint|p2a: Pincurchin\n|\n|upkeep\n|\n|t:|1783535052\n|switch|p2a: Tinkaton|Tinkaton, L82, F|100/100\n|-ability|p2a: Tinkaton|Mold Breaker\n|turn|20\n|inactive|Time left: 300 sec this turn | 300 sec total\n|\n|t:|1783535053\n|move|p1a: Iron Jugulis|Dark Pulse|p2a: Tinkaton\n|-resisted|p2a: Tinkaton\n|-damage|p2a: Tinkaton|81/100\n|move|p2a: Tinkaton|Play Rough|p1a: Iron Jugulis\n|-supereffective|p1a: Iron Jugulis\n|-damage|p1a: Iron Jugulis|107/271\n|-unboost|p1a: Iron Jugulis|atk|1\n|\n|-heal|p2a: Tinkaton|87/100|[from] item: Leftovers\n|upkeep\n|turn|21\n|inactive|Time left: 300 sec this turn | 300 sec total\n|\n|t:|1783535055\n|move|p1a: Iron Jugulis|Dark Pulse|p2a: Tinkaton\n|-resisted|p2a: Tinkaton\n|-damage|p2a: Tinkaton|67/100\n|move|p2a: Tinkaton|Gigaton Hammer|p1a: Iron Jugulis\n|-damage|p1a: Iron Jugulis|0 fnt\n|faint|p1a: Iron Jugulis\n|-end|p1a: Iron Jugulis|Quark Drive|[silent]\n|\n|-heal|p2a: Tinkaton|73/100|[from] item: Leftovers\n|upkeep\n|inactive|Time left: 300 sec this turn | 300 sec total | 5 sec grace\n|\n|t:|1783535056\n|switch|p1a: Poliwrath|Poliwrath, L88, F|272/302\n|turn|22\n|inactive|Time left: 300 sec this turn | 300 sec total\n|\n|t:|1783535056\n|move|p2a: Tinkaton|Play Rough|p1a: Poliwrath\n|-supereffective|p1a: Poliwrath\n|-damage|p1a: Poliwrath|126/302\n|move|p1a: Poliwrath|Close Combat|p2a: Tinkaton\n|-damage|p2a: Tinkaton|0 fnt\n|-unboost|p1a: Poliwrath|def|1\n|-unboost|p1a: Poliwrath|spd|1\n|faint|p2a: Tinkaton\n|-damage|p1a: Poliwrath|96/302|[from] item: Life Orb\n|\n|upkeep\n|\n|t:|1783535057\n|switch|p2a: Mismagius|Mismagius, L86, M|100/100\n|turn|23\n|inactive|Time left: 300 sec this turn | 300 sec total\n|\n|t:|1783535058\n|switch|p1a: Muk|Muk-Alola, L82, M|306/306\n|move|p2a: Mismagius|Substitute|p2a: Mismagius\n|-start|p2a: Mismagius|Substitute\n|-damage|p2a: Mismagius|76/100\n|\n|-heal|p2a: Mismagius|82/100|[from] item: Leftovers\n|upkeep\n|turn|24\n|inactive|Time left: 300 sec this turn | 300 sec total\n|\n|t:|1783535059\n|move|p2a: Mismagius|Nasty Plot|p2a: Mismagius\n|-boost|p2a: Mismagius|spa|2\n|move|p1a: Muk|Knock Off|p2a: Mismagius\n|-supereffective|p2a: Mismagius\n|-end|p2a: Mismagius|Substitute\n|\n|-heal|p2a: Mismagius|88/100|[from] item: Leftovers\n|upkeep\n|turn|25\n|inactive|Time left: 300 sec this turn | 300 sec total\n|\n|t:|1783535060\n|move|p2a: Mismagius|Substitute|p2a: Mismagius\n|-start|p2a: Mismagius|Substitute\n|-damage|p2a: Mismagius|63/100\n|move|p1a: Muk|Knock Off|p2a: Mismagius\n|-supereffective|p2a: Mismagius\n|-end|p2a: Mismagius|Substitute\n|\n|-heal|p2a: Mismagius|70/100|[from] item: Leftovers\n|upkeep\n|turn|26\n|inactive|Time left: 300 sec this turn | 300 sec total\n|\n|t:|1783535061\n|move|p2a: Mismagius|Substitute|p2a: Mismagius\n|-start|p2a: Mismagius|Substitute\n|-damage|p2a: Mismagius|45/100\n|move|p1a: Muk|Knock Off|p2a: Mismagius\n|-supereffective|p2a: Mismagius\n|-end|p2a: Mismagius|Substitute\n|\n|-heal|p2a: Mismagius|51/100|[from] item: Leftovers\n|upkeep\n|turn|27\n|inactive|Time left: 300 sec this turn | 300 sec total\n|\n|t:|1783535062\n|move|p2a: Mismagius|Substitute|p2a: Mismagius\n|-start|p2a: Mismagius|Substitute\n|-damage|p2a: Mismagius|26/100\n|move|p1a: Muk|Knock Off|p2a: Mismagius\n|-supereffective|p2a: Mismagius\n|-end|p2a: Mismagius|Substitute\n|\n|-heal|p2a: Mismagius|33/100|[from] item: Leftovers\n|upkeep\n|turn|28\n|inactive|Time left: 300 sec this turn | 300 sec total\n|\n|t:|1783535063\n|move|p2a: Mismagius|Substitute|p2a: Mismagius\n|-start|p2a: Mismagius|Substitute\n|-damage|p2a: Mismagius|8/100\n|move|p1a: Muk|Knock Off|p2a: Mismagius\n|-supereffective|p2a: Mismagius\n|-end|p2a: Mismagius|Substitute\n|\n|-heal|p2a: Mismagius|14/100|[from] item: Leftovers\n|upkeep\n|turn|29\n|inactive|Time left: 300 sec this turn | 300 sec total\n|\n|t:|1783535064\n|move|p1a: Muk|Shadow Sneak|p2a: Mismagius\n|-supereffective|p2a: Mismagius\n|-damage|p2a: Mismagius|0 fnt\n|faint|p2a: Mismagius\n|\n|upkeep\n|\n|t:|1783535065\n|switch|p2a: Phione|Phione, L91|100/100\n|turn|30\n|inactive|Time left: 300 sec this turn | 300 sec total\n|\n|t:|1783535066\n|move|p2a: Phione|Scald|p1a: Muk\n|-damage|p1a: Muk|257/306\n|move|p1a: Muk|Knock Off|p2a: Phione\n|-damage|p2a: Phione|66/100\n|-enditem|p2a: Phione|Leftovers|[from] move: Knock Off|[of] p1a: Muk\n|\n|upkeep\n|turn|31\n|inactive|Time left: 300 sec this turn | 300 sec total\n|\n|t:|1783535067\n|move|p2a: Phione|Scald|p1a: Muk\n|-damage|p1a: Muk|208/306\n|move|p1a: Muk|Poison Jab|p2a: Phione\n|-damage|p2a: Phione|35/100\n|-status|p2a: Phione|psn\n|\n|-damage|p2a: Phione|22/100 psn|[from] psn\n|upkeep\n|turn|32\n|inactive|Time left: 300 sec this turn | 300 sec total\n|\n|t:|1783535068\n|switch|p1a: Poliwrath|Poliwrath, L88, F|96/302\n|move|p2a: Phione|Ice Beam|p1a: Poliwrath\n|-resisted|p1a: Poliwrath\n|-damage|p1a: Poliwrath|65/302\n|\n|-damage|p2a: Phione|10/100 psn|[from] psn\n|upkeep\n|turn|33\n|inactive|Time left: 300 sec this turn | 300 sec total\n|\n|t:|1783535069\n|move|p2a: Phione|Scald|p1a: Poliwrath\n|-resisted|p1a: Poliwrath\n|-damage|p1a: Poliwrath|23/302\n|move|p1a: Poliwrath|Liquidation|p2a: Phione\n|-resisted|p2a: Phione\n|-damage|p2a: Phione|0 fnt\n|faint|p2a: Phione\n|-damage|p1a: Poliwrath|0 fnt|[from] item: Life Orb\n|faint|p1a: Poliwrath\n|\n|win|p0x1541597", "uploadtime": 1783535069, "views": 0, "rating": 0, "private": 0, "password": null, "_winner": "p0x1541597", "_our_name": "p0x1541597"}