{"id": "battle-gen9randombattle-2484", "formatid": "gen9randombattle", "format": "[Gen 9] Random Battle", "players": ["p0x24847487", "p0y2484e5d0"], "log": "|init|battle\n|title|p0x24847487 vs. p0y2484e5d0\n|j|\u2606p0x24847487\n|j|\u2606p0y2484e5d0\n|t:|1783568799\n|gametype|singles\n|player|p1|p0x24847487|102|\n|player|p2|p0y2484e5d0|170|\n|gen|9\n|tier|[Gen 9] Random Battle\n|rule|Species Clause: Limit one of each Pok\u00e9mon\n|rule|HP Percentage Mod: HP is shown in percentages\n|rule|Sleep Clause Mod: Limit one foe put to sleep\n|rule|Illusion Level Mod: Illusion disguises the Pok\u00e9mon's true level\n|\n|t:|1783568799\n|teamsize|p1|6\n|teamsize|p2|6\n|start\n|switch|p1a: Staraptor|Staraptor, L79, M|263/263\n|switch|p2a: Baxcalibur|Baxcalibur, L75, F|100/100\n|turn|1\n|inactive|Battle timer is ON: inactive players will automatically lose when time's up. (requested by p0y2484e5d0)\n|inactive|Time left: 300 sec this turn | 300 sec total | 60 sec grace\n|inactive|p0x24847487 also wants the timer to be on.\n|\n|t:|1783568800\n|move|p1a: Staraptor|Double-Edge|p2a: Baxcalibur\n|-damage|p2a: Baxcalibur|20/100\n|-damage|p1a: Staraptor|184/263|[from] Recoil\n|move|p2a: Baxcalibur|Glaive Rush|p1a: Staraptor\n|-crit|p1a: Staraptor\n|-damage|p1a: Staraptor|0 fnt\n|-singlemove|p2a: Baxcalibur|Glaive Rush|[silent]\n|faint|p1a: Staraptor\n|\n|upkeep\n|inactive|Time left: 300 sec this turn | 300 sec total | 65 sec grace\n|\n|t:|1783568801\n|switch|p1a: Barraskewda|Barraskewda, L81, M|231/231\n|turn|2\n|inactive|Time left: 300 sec this turn | 300 sec total\n|\n|t:|1783568802\n|switch|p2a: Cresselia|Cresselia, L80, F|100/100\n|move|p1a: Barraskewda|Waterfall|p2a: Cresselia\n|-damage|p2a: Cresselia|63/100\n|\n|-heal|p2a: Cresselia|69/100|[from] item: Leftovers\n|upkeep\n|turn|3\n|inactive|Time left: 300 sec this turn | 300 sec total\n|\n|t:|1783568803\n|move|p1a: Barraskewda|Waterfall|p2a: Cresselia\n|-damage|p2a: Cresselia|27/100\n|move|p2a: Cresselia|Moonlight|p2a: Cresselia\n|-heal|p2a: Cresselia|77/100\n|\n|-heal|p2a: Cresselia|83/100|[from] item: Leftovers\n|upkeep\n|turn|4\n|inactive|Time left: 300 sec this turn | 300 sec total\n|\n|t:|1783568804\n|move|p1a: Barraskewda|Waterfall|p2a: Cresselia\n|-damage|p2a: Cresselia|45/100\n|move|p2a: Cresselia|Moonlight|p2a: Cresselia\n|-heal|p2a: Cresselia|95/100\n|\n|-heal|p2a: Cresselia|100/100|[from] item: Leftovers\n|upkeep\n|turn|5\n|inactive|Time left: 300 sec this turn | 300 sec total\n|\n|t:|1783568805\n|move|p1a: Barraskewda|Waterfall|p2a: Cresselia\n|-damage|p2a: Cresselia|63/100\n|move|p2a: Cresselia|Calm Mind|p2a: Cresselia\n|-boost|p2a: Cresselia|spa|1\n|-boost|p2a: Cresselia|spd|1\n|\n|-heal|p2a: Cresselia|70/100|[from] item: Leftovers\n|upkeep\n|turn|6\n|inactive|Time left: 300 sec this turn | 300 sec total\n|\n|t:|1783568806\n|move|p1a: Barraskewda|Waterfall|p2a: Cresselia\n|-damage|p2a: Cresselia|33/100\n|move|p2a: Cresselia|Moonlight|p2a: Cresselia\n|-heal|p2a: Cresselia|83/100\n|\n|-heal|p2a: Cresselia|89/100|[from] item: Leftovers\n|upkeep\n|turn|7\n|inactive|Time left: 300 sec this turn | 300 sec total\n|\n|t:|1783568808\n|move|p1a: Barraskewda|Waterfall|p2a: Cresselia\n|-damage|p2a: Cresselia|46/100\n|move|p2a: Cresselia|Psyshock|p1a: Barraskewda\n|-damage|p1a: Barraskewda|108/231\n|\n|-heal|p2a: Cresselia|53/100|[from] item: Leftovers\n|upkeep\n|turn|8\n|inactive|Time left: 300 sec this turn | 300 sec total\n|\n|t:|1783568809\n|move|p1a: Barraskewda|Waterfall|p2a: Cresselia\n|-damage|p2a: Cresselia|10/100\n|move|p2a: Cresselia|Moonlight|p2a: Cresselia\n|-heal|p2a: Cresselia|60/100\n|\n|-heal|p2a: Cresselia|66/100|[from] item: Leftovers\n|upkeep\n|turn|9\n|inactive|Time left: 300 sec this turn | 300 sec total\n|\n|t:|1783568810\n|move|p1a: Barraskewda|Waterfall|p2a: Cresselia\n|-damage|p2a: Cresselia|29/100\n|move|p2a: Cresselia|Psyshock|p1a: Barraskewda\n|-damage|p1a: Barraskewda|0 fnt\n|faint|p1a: Barraskewda\n|\n|-heal|p2a: Cresselia|35/100|[from] item: Leftovers\n|upkeep\n|inactive|Time left: 300 sec this turn | 300 sec total | 5 sec grace\n|\n|t:|1783568811\n|switch|p1a: Abomasnow|Abomasnow, L84, F|287/287\n|-weather|Snowscape|[from] ability: Snow Warning|[of] p1a: Abomasnow\n|turn|10\n|inactive|Time left: 300 sec this turn | 300 sec total\n|\n|t:|1783568812\n|move|p2a: Cresselia|Calm Mind|p2a: Cresselia\n|-boost|p2a: Cresselia|spa|1\n|-boost|p2a: Cresselia|spd|1\n|move|p1a: Abomasnow|Aurora Veil|p1a: Abomasnow\n|-sidestart|p1: p0x24847487|move: Aurora Veil\n|\n|-weather|Snowscape|[upkeep]\n|-heal|p2a: Cresselia|41/100|[from] item: Leftovers\n|upkeep\n|turn|11\n|inactive|Time left: 300 sec this turn | 300 sec total\n|\n|t:|1783568813\n|switch|p1a: Komala|Komala, L87, F|255/255\n|-ability|p1a: Komala|Comatose\n|move|p2a: Cresselia|Moonlight|p2a: Cresselia\n|-heal|p2a: Cresselia|66/100\n|\n|-weather|Snowscape|[upkeep]\n|-heal|p2a: Cresselia|73/100|[from] item: Leftovers\n|upkeep\n|turn|12\n|inactive|Time left: 300 sec this turn | 300 sec total\n|\n|t:|1783568814\n|move|p2a: Cresselia|Moonlight|p2a: Cresselia\n|-heal|p2a: Cresselia|98/100\n|move|p1a: Komala|Knock Off|p2a: Cresselia\n|-supereffective|p2a: Cresselia\n|-damage|p2a: Cresselia|49/100\n|-enditem|p2a: Cresselia|Leftovers|[from] move: Knock Off|[of] p1a: Komala\n|\n|-weather|Snowscape|[upkeep]\n|upkeep\n|turn|13\n|inactive|Time left: 300 sec this turn | 300 sec total\n|\n|t:|1783568815\n|move|p2a: Cresselia|Moonlight|p2a: Cresselia\n|-heal|p2a: Cresselia|74/100\n|move|p1a: Komala|Rapid Spin|p2a: Cresselia\n|-damage|p2a: Cresselia|58/100\n|-boost|p1a: Komala|spe|1\n|\n|-weather|Snowscape|[upkeep]\n|upkeep\n|turn|14\n|inactive|Time left: 300 sec this turn | 300 sec total\n|\n|t:|1783568816\n|move|p1a: Komala|Body Slam|p2a: Cresselia\n|-damage|p2a: Cresselia|28/100\n|-status|p2a: Cresselia|par\n|cant|p2a: Cresselia|par\n|\n|-weather|none\n|upkeep\n|turn|15\n|inactive|Time left: 300 sec this turn | 300 sec total\n|\n|t:|1783568816\n|move|p1a: Komala|Body Slam|p2a: Cresselia\n|-damage|p2a: Cresselia|0 fnt\n|faint|p2a: Cresselia\n|\n|upkeep\n|\n|t:|1783568817\n|switch|p2a: Flapple|Flapple, L88, F|100/100\n|turn|16\n|inactive|Time left: 300 sec this turn | 300 sec total\n|\n|t:|1783568819\n|move|p1a: Komala|Body Slam|p2a: Flapple\n|-damage|p2a: Flapple|60/100\n|move|p2a: Flapple|Outrage|p1a: Komala\n|-crit|p1a: Komala\n|-damage|p1a: Komala|0 fnt\n|faint|p1a: Komala\n|\n|upkeep\n|inactive|Time left: 300 sec this turn | 300 sec total | 5 sec grace\n|\n|t:|1783568820\n|switch|p1a: Gouging Fire|Gouging Fire, L74|277/277\n|turn|17\n|inactive|Time left: 300 sec this turn | 300 sec total\n|\n|t:|1783568821\n|move|p1a: Gouging Fire|Outrage|p2a: Flapple\n|-supereffective|p2a: Flapple\n|-damage|p2a: Flapple|0 fnt\n|faint|p2a: Flapple\n|\n|-sideend|p1: p0x24847487|move: Aurora Veil\n|upkeep\n|\n|t:|1783568822\n|switch|p2a: Mabosstiff|Mabosstiff, L86, M|100/100\n|turn|18\n|inactive|Time left: 300 sec this turn | 300 sec total\n|\n|t:|1783568823\n|move|p2a: Mabosstiff|Crunch|p1a: Gouging Fire\n|-damage|p1a: Gouging Fire|147/277\n|move|p1a: Gouging Fire|Outrage|p2a: Mabosstiff|[from] lockedmove\n|-damage|p2a: Mabosstiff|62/100\n|\n|upkeep\n|turn|19\n|inactive|Time left: 300 sec this turn | 300 sec total\n|\n|t:|1783568824\n|move|p2a: Mabosstiff|Crunch|p1a: Gouging Fire\n|-damage|p1a: Gouging Fire|9/277\n|move|p1a: Gouging Fire|Outrage|p2a: Mabosstiff|[from] lockedmove\n|-damage|p2a: Mabosstiff|21/100\n|-start|p1a: Gouging Fire|confusion|[fatigue]\n|\n|upkeep\n|turn|20\n|inactive|Time left: 300 sec this turn | 300 sec total\n|\n|t:|1783568825\n|move|p2a: Mabosstiff|Crunch|p1a: Gouging Fire\n|-damage|p1a: Gouging Fire|0 fnt\n|faint|p1a: Gouging Fire\n|-end|p1a: Gouging Fire|Protosynthesis|[silent]\n|\n|upkeep\n|inactive|Time left: 300 sec this turn | 300 sec total | 5 sec grace\n|\n|t:|1783568826\n|switch|p1a: Abomasnow|Abomasnow, L84, F|287/287\n|-weather|Snowscape|[from] ability: Snow Warning|[of] p1a: Abomasnow\n|turn|21\n|inactive|Time left: 300 sec this turn | 300 sec total\n|\n|t:|1783568827\n|switch|p2a: Ninetales|Ninetales, L85, M|100/100\n|-weather|SunnyDay|[from] ability: Drought|[of] p2a: Ninetales\n|move|p1a: Abomasnow|Aurora Veil||[still]\n|-fail|p1a: Abomasnow\n|\n|-weather|SunnyDay|[upkeep]\n|upkeep\n|turn|22\n|inactive|Time left: 300 sec this turn | 300 sec total\n|\n|t:|1783568828\n|switch|p1a: Gliscor|Gliscor, L76, M|239/239\n|move|p2a: Ninetales|Fire Blast|p1a: Gliscor\n|-damage|p1a: Gliscor|49/239\n|\n|-weather|SunnyDay|[upkeep]\n|-status|p1a: Gliscor|tox|[from] item: Toxic Orb\n|upkeep\n|turn|23\n|inactive|Time left: 300 sec this turn | 300 sec total\n|\n|t:|1783568829\n|move|p1a: Gliscor|Protect|p1a: Gliscor\n|-singleturn|p1a: Gliscor|Protect\n|move|p2a: Ninetales|Fire Blast|p1a: Gliscor\n|-activate|p1a: Gliscor|move: Protect\n|\n|-weather|SunnyDay|[upkeep]\n|-heal|p1a: Gliscor|78/239 tox|[from] ability: Poison Heal\n|upkeep\n|turn|24\n|inactive|Time left: 300 sec this turn | 300 sec total\n|\n|t:|1783568830\n|move|p1a: Gliscor|Protect||[still]\n|-fail|p1a: Gliscor\n|move|p2a: Ninetales|Fire Blast|p1a: Gliscor\n|-damage|p1a: Gliscor|0 fnt\n|faint|p1a: Gliscor\n|\n|-weather|SunnyDay|[upkeep]\n|upkeep\n|inactive|Time left: 300 sec this turn | 300 sec total | 5 sec grace\n|\n|t:|1783568831\n|switch|p1a: Abomasnow|Abomasnow, L84, F|287/287\n|-weather|Snowscape|[from] ability: Snow Warning|[of] p1a: Abomasnow\n|turn|25\n|inactive|Time left: 300 sec this turn | 300 sec total\n|\n|t:|1783568832\n|-terastallize|p1a: Abomasnow|Water\n|move|p2a: Ninetales|Fire Blast|p1a: Abomasnow\n|-resisted|p1a: Abomasnow\n|-damage|p1a: Abomasnow|232/287\n|move|p1a: Abomasnow|Aurora Veil|p1a: Abomasnow\n|-sidestart|p1: p0x24847487|move: Aurora Veil\n|\n|-weather|Snowscape|[upkeep]\n|upkeep\n|turn|26\n|inactive|Time left: 300 sec this turn | 300 sec total\n|\n|t:|1783568833\n|move|p2a: Ninetales|Scorching Sands|p1a: Abomasnow\n|-damage|p1a: Abomasnow|210/287\n|move|p1a: Abomasnow|Blizzard|p2a: Ninetales\n|-resisted|p2a: Ninetales\n|-damage|p2a: Ninetales|82/100\n|\n|-weather|Snowscape|[upkeep]\n|upkeep\n|turn|27\n|inactive|Time left: 300 sec this turn | 300 sec total\n|\n|t:|1783568834\n|move|p2a: Ninetales|Solar Beam||[still]\n|-prepare|p2a: Ninetales|Solar Beam\n|move|p1a: Abomasnow|Wood Hammer|p2a: Ninetales\n|-resisted|p2a: Ninetales\n|-damage|p2a: Ninetales|57/100\n|-damage|p1a: Abomasnow|189/287|[from] Recoil\n|\n|-weather|Snowscape|[upkeep]\n|upkeep\n|turn|28\n|inactive|Time left: 300 sec this turn | 300 sec total\n|\n|t:|1783568835\n|move|p2a: Ninetales|Solar Beam|p1a: Abomasnow|[from] lockedmove\n|-supereffective|p1a: Abomasnow\n|-damage|p1a: Abomasnow|145/287\n|move|p1a: Abomasnow|Blizzard|p2a: Ninetales\n|-resisted|p2a: Ninetales\n|-damage|p2a: Ninetales|37/100\n|\n|-weather|Snowscape|[upkeep]\n|upkeep\n|turn|29\n|inactive|Time left: 300 sec this turn | 300 sec total\n|\n|t:|1783568836\n|move|p2a: Ninetales|Solar Beam||[still]\n|-prepare|p2a: Ninetales|Solar Beam\n|move|p1a: Abomasnow|Wood Hammer|p2a: Ninetales\n|-resisted|p2a: Ninetales\n|-damage|p2a: Ninetales|11/100\n|-damage|p1a: Abomasnow|122/287|[from] Recoil\n|\n|-weather|none\n|upkeep\n|turn|30\n|inactive|Time left: 300 sec this turn | 300 sec total\n|\n|t:|1783568837\n|move|p1a: Abomasnow|Ice Shard|p2a: Ninetales\n|-resisted|p2a: Ninetales\n|-damage|p2a: Ninetales|2/100\n|move|p2a: Ninetales|Solar Beam|p1a: Abomasnow|[from] lockedmove\n|-supereffective|p1a: Abomasnow\n|-damage|p1a: Abomasnow|46/287\n|\n|upkeep\n|turn|31\n|inactive|Time left: 300 sec this turn | 300 sec total\n|\n|t:|1783568838\n|move|p2a: Ninetales|Solar Beam||[still]\n|-prepare|p2a: Ninetales|Solar Beam\n|move|p1a: Abomasnow|Blizzard|p2a: Ninetales\n|-resisted|p2a: Ninetales\n|-damage|p2a: Ninetales|0 fnt\n|faint|p2a: Ninetales\n|\n|upkeep\n|\n|t:|1783568839\n|switch|p2a: Mabosstiff|Mabosstiff, L86, M|21/100\n|turn|32\n|inactive|Time left: 300 sec this turn | 300 sec total\n|\n|t:|1783568840\n|move|p1a: Abomasnow|Ice Shard|p2a: Mabosstiff\n|-damage|p2a: Mabosstiff|7/100\n|move|p2a: Mabosstiff|Crunch|p1a: Abomasnow\n|-damage|p1a: Abomasnow|0 fnt\n|faint|p1a: Abomasnow\n|\n|win|p0y2484e5d0", "uploadtime": 1783568840, "views": 0, "rating": 0, "private": 0, "password": null, "_winner": "p0y2484e5d0", "_our_name": "p0x24847487"}