{"id": "battle-gen9randombattle-2222", "formatid": "gen9randombattle", "format": "[Gen 9] Random Battle", "players": ["p0x2222dc84", "p0y22227c8d"], "log": "|init|battle\n|title|p0x2222dc84 vs. p0y22227c8d\n|j|\u2606p0x2222dc84\n|j|\u2606p0y22227c8d\n|t:|1783565753\n|gametype|singles\n|player|p1|p0x2222dc84|101|\n|player|p2|p0y22227c8d|265|\n|gen|9\n|tier|[Gen 9] Random Battle\n|rule|Species Clause: Limit one of each Pok\u00e9mon\n|rule|HP Percentage Mod: HP is shown in percentages\n|rule|Sleep Clause Mod: Limit one foe put to sleep\n|rule|Illusion Level Mod: Illusion disguises the Pok\u00e9mon's true level\n|\n|t:|1783565753\n|teamsize|p1|6\n|teamsize|p2|6\n|start\n|switch|p1a: Palossand|Palossand, L89, F|100/100\n|switch|p2a: Ditto|Ditto, L87|225/225\n|-transform|p2a: Ditto|p1a: Palossand|[from] ability: Imposter\n|turn|1\n|inactive|Battle timer is ON: inactive players will automatically lose when time's up. (requested by p0x2222dc84)\n|inactive|Time left: 300 sec this turn | 300 sec total | 60 sec grace\n|inactive|p0y22227c8d also wants the timer to be on.\n|\n|t:|1783565754\n|switch|p2a: Porygon2|Porygon2, L81|270/270\n|-ability|p2a: Porygon2|Download|boost\n|-boost|p2a: Porygon2|spa|1\n|move|p1a: Palossand|Shadow Ball|p2a: Porygon2\n|-immune|p2a: Porygon2\n|\n|upkeep\n|turn|2\n|inactive|Time left: 300 sec this turn | 300 sec total\n|\n|t:|1783565756\n|move|p2a: Porygon2|Shadow Ball|p1a: Palossand\n|-supereffective|p1a: Palossand\n|-damage|p1a: Palossand|42/100\n|move|p1a: Palossand|Shore Up|p1a: Palossand\n|-heal|p1a: Palossand|92/100\n|\n|-heal|p1a: Palossand|98/100|[from] item: Leftovers\n|upkeep\n|turn|3\n|inactive|Time left: 300 sec this turn | 300 sec total\n|\n|t:|1783565757\n|move|p2a: Porygon2|Shadow Ball|p1a: Palossand\n|-supereffective|p1a: Palossand\n|-damage|p1a: Palossand|35/100\n|move|p1a: Palossand|Earth Power|p2a: Porygon2\n|-damage|p2a: Porygon2|200/270\n|\n|-heal|p1a: Palossand|41/100|[from] item: Leftovers\n|upkeep\n|turn|4\n|inactive|Time left: 300 sec this turn | 300 sec total\n|\n|t:|1783565757\n|switch|p1a: Conkeldurr|Conkeldurr, L80, M|100/100\n|move|p2a: Porygon2|Shadow Ball|p1a: Conkeldurr\n|-damage|p1a: Conkeldurr|63/100\n|\n|-status|p1a: Conkeldurr|brn|[from] item: Flame Orb\n|upkeep\n|turn|5\n|inactive|Time left: 300 sec this turn | 300 sec total\n|\n|t:|1783565759\n|switch|p1a: Ariados|Ariados, L95, F|100/100\n|move|p2a: Porygon2|Tera Blast|p1a: Ariados\n|-damage|p1a: Ariados|56/100\n|\n|upkeep\n|turn|6\n|inactive|Time left: 300 sec this turn | 300 sec total\n|\n|t:|1783565760\n|move|p2a: Porygon2|Tera Blast|p1a: Ariados\n|-damage|p1a: Ariados|12/100\n|move|p1a: Ariados|Sticky Web|p2a: Porygon2\n|-sidestart|p2: p0y22227c8d|move: Sticky Web\n|\n|upkeep\n|turn|7\n|inactive|Time left: 300 sec this turn | 300 sec total\n|\n|t:|1783565761\n|switch|p1a: Enamorus|Enamorus-Therian, L83, F|100/100\n|move|p2a: Porygon2|Shadow Ball|p1a: Enamorus\n|-crit|p1a: Enamorus\n|-damage|p1a: Enamorus|58/100\n|\n|upkeep\n|turn|8\n|inactive|Time left: 300 sec this turn | 300 sec total\n|\n|t:|1783565762\n|move|p2a: Porygon2|Tera Blast|p1a: Enamorus\n|-damage|p1a: Enamorus|15/100\n|move|p1a: Enamorus|Moonblast|p2a: Porygon2\n|-damage|p2a: Porygon2|64/270\n|\n|upkeep\n|turn|9\n|inactive|Time left: 300 sec this turn | 300 sec total\n|\n|t:|1783565763\n|move|p2a: Porygon2|Shadow Ball|p1a: Enamorus\n|-damage|p1a: Enamorus|0 fnt\n|faint|p1a: Enamorus\n|\n|upkeep\n|\n|t:|1783565764\n|switch|p1a: Thundurus|Thundurus, L80, M|100/100\n|turn|10\n|inactive|Time left: 300 sec this turn | 300 sec total\n|\n|t:|1783565765\n|move|p1a: Thundurus|Acrobatics|p2a: Porygon2\n|-damage|p2a: Porygon2|0 fnt\n|faint|p2a: Porygon2\n|\n|upkeep\n|inactive|Time left: 300 sec this turn | 300 sec total | 5 sec grace\n|\n|t:|1783565766\n|switch|p2a: Raging Bolt|Raging Bolt, L78|323/323\n|-activate|p2a: Raging Bolt|move: Sticky Web\n|-unboost|p2a: Raging Bolt|spe|1\n|turn|11\n|inactive|Time left: 300 sec this turn | 300 sec total\n|\n|t:|1783565768\n|switch|p1a: Palossand|Palossand, L89, F|41/100\n|move|p2a: Raging Bolt|Thunderbolt|p1a: Palossand\n|-immune|p1a: Palossand\n|\n|-heal|p1a: Palossand|47/100|[from] item: Leftovers\n|upkeep\n|turn|12\n|inactive|Time left: 300 sec this turn | 300 sec total\n|\n|t:|1783565769\n|move|p1a: Palossand|Shore Up|p1a: Palossand\n|-heal|p1a: Palossand|97/100\n|move|p2a: Raging Bolt|Draco Meteor|p1a: Palossand\n|-damage|p1a: Palossand|38/100\n|-unboost|p2a: Raging Bolt|spa|2\n|\n|-heal|p1a: Palossand|44/100|[from] item: Leftovers\n|upkeep\n|turn|13\n|inactive|Time left: 300 sec this turn | 300 sec total\n|\n|t:|1783565770\n|-end|p2a: Raging Bolt|Protosynthesis|[silent]\n|switch|p2a: Heatran|Heatran, L79, M|273/273\n|-item|p2a: Heatran|Air Balloon\n|move|p1a: Palossand|Shore Up|p1a: Palossand\n|-heal|p1a: Palossand|94/100\n|\n|-heal|p1a: Palossand|99/100|[from] item: Leftovers\n|upkeep\n|turn|14\n|inactive|Time left: 300 sec this turn | 300 sec total\n|\n|t:|1783565771\n|move|p2a: Heatran|Stealth Rock|p1a: Palossand\n|-sidestart|p1: p0x2222dc84|move: Stealth Rock\n|move|p1a: Palossand|Shadow Ball|p2a: Heatran\n|-damage|p2a: Heatran|183/273\n|-enditem|p2a: Heatran|Air Balloon\n|\n|-heal|p1a: Palossand|100/100|[from] item: Leftovers\n|upkeep\n|turn|15\n|inactive|Time left: 300 sec this turn | 300 sec total\n|\n|t:|1783565772\n|switch|p2a: Tropius|Tropius, L91, F|328/328\n|move|p1a: Palossand|Earth Power|p2a: Tropius\n|-immune|p2a: Tropius\n|\n|upkeep\n|turn|16\n|inactive|Time left: 300 sec this turn | 300 sec total\n|\n|t:|1783565773\n|move|p2a: Tropius|Leech Seed|p1a: Palossand\n|-start|p1a: Palossand|move: Leech Seed\n|move|p1a: Palossand|Sludge Bomb|p2a: Tropius\n|-supereffective|p2a: Tropius\n|-damage|p2a: Tropius|202/328\n|\n|-damage|p1a: Palossand|88/100|[from] Leech Seed|[of] p2a: Tropius\n|-heal|p2a: Tropius|239/328|[silent]\n|upkeep\n|turn|17\n|inactive|Time left: 300 sec this turn | 300 sec total\n|\n|t:|1783565774\n|move|p2a: Tropius|Air Slash|p1a: Palossand\n|-damage|p1a: Palossand|60/100\n|move|p1a: Palossand|Earth Power|p2a: Tropius\n|-immune|p2a: Tropius\n|\n|-heal|p1a: Palossand|66/100|[from] item: Leftovers\n|-damage|p1a: Palossand|53/100|[from] Leech Seed|[of] p2a: Tropius\n|-heal|p2a: Tropius|276/328|[silent]\n|upkeep\n|turn|18\n|inactive|Time left: 300 sec this turn | 300 sec total\n|\n|t:|1783565775\n|move|p2a: Tropius|Air Slash|p1a: Palossand\n|-damage|p1a: Palossand|27/100\n|cant|p1a: Palossand|flinch\n|\n|-heal|p1a: Palossand|33/100|[from] item: Leftovers\n|-damage|p1a: Palossand|20/100|[from] Leech Seed|[of] p2a: Tropius\n|-heal|p2a: Tropius|313/328|[silent]\n|upkeep\n|turn|19\n|inactive|Time left: 300 sec this turn | 300 sec total\n|\n|t:|1783565776\n|move|p2a: Tropius|Air Slash|p1a: Palossand\n|-damage|p1a: Palossand|0 fnt\n|faint|p1a: Palossand\n|\n|upkeep\n|\n|t:|1783565776\n|switch|p1a: Thundurus|Thundurus, L80, M|100/100\n|-damage|p1a: Thundurus|76/100|[from] Stealth Rock\n|turn|20\n|inactive|Time left: 300 sec this turn | 300 sec total\n|\n|t:|1783565777\n|move|p1a: Thundurus|Acrobatics|p2a: Tropius\n|-supereffective|p2a: Tropius\n|-damage|p2a: Tropius|95/328\n|-enditem|p2a: Tropius|Sitrus Berry|[eat]\n|-heal|p2a: Tropius|177/328|[from] item: Sitrus Berry\n|move|p2a: Tropius|Leech Seed|p1a: Thundurus\n|-start|p1a: Thundurus|move: Leech Seed\n|\n|-damage|p1a: Thundurus|63/100|[from] Leech Seed|[of] p2a: Tropius\n|-heal|p2a: Tropius|209/328|[silent]\n|upkeep\n|turn|21\n|inactive|Time left: 300 sec this turn | 300 sec total\n|\n|t:|1783565779\n|move|p2a: Tropius|Protect|p2a: Tropius\n|-singleturn|p2a: Tropius|Protect\n|move|p1a: Thundurus|Acrobatics|p2a: Tropius\n|-activate|p2a: Tropius|move: Protect\n|\n|-damage|p1a: Thundurus|51/100|[from] Leech Seed|[of] p2a: Tropius\n|-heal|p2a: Tropius|241/328|[silent]\n|-item|p2a: Tropius|Sitrus Berry|[from] ability: Harvest\n|upkeep\n|turn|22\n|inactive|Time left: 300 sec this turn | 300 sec total\n|\n|t:|1783565779\n|switch|p2a: Raging Bolt|Raging Bolt, L78|323/323\n|-activate|p2a: Raging Bolt|move: Sticky Web\n|-unboost|p2a: Raging Bolt|spe|1\n|move|p1a: Thundurus|Acrobatics|p2a: Raging Bolt\n|-resisted|p2a: Raging Bolt\n|-damage|p2a: Raging Bolt|258/323\n|\n|-heal|p2a: Raging Bolt|278/323|[from] item: Leftovers\n|-damage|p1a: Thundurus|38/100|[from] Leech Seed|[of] p2a: Raging Bolt\n|-heal|p2a: Raging Bolt|310/323|[silent]\n|upkeep\n|turn|23\n|inactive|Time left: 300 sec this turn | 300 sec total\n|\n|t:|1783565781\n|switch|p1a: Ariados|Ariados, L95, F|12/100\n|move|p2a: Raging Bolt|Calm Mind|p2a: Raging Bolt\n|-boost|p2a: Raging Bolt|spa|1\n|-boost|p2a: Raging Bolt|spd|1\n|\n|-heal|p2a: Raging Bolt|323/323|[from] item: Leftovers\n|upkeep\n|turn|24\n|inactive|Time left: 300 sec this turn | 300 sec total\n|\n|t:|1783565782\n|move|p1a: Ariados|Poison Jab|p2a: Raging Bolt\n|-damage|p2a: Raging Bolt|209/323\n|move|p2a: Raging Bolt|Thunderbolt|p1a: Ariados\n|-damage|p1a: Ariados|0 fnt\n|faint|p1a: Ariados\n|\n|-heal|p2a: Raging Bolt|229/323|[from] item: Leftovers\n|upkeep\n|\n|t:|1783565783\n|switch|p1a: Maushold|Maushold, L76|100/100\n|-damage|p1a: Maushold|88/100|[from] Stealth Rock\n|turn|25\n|inactive|Time left: 300 sec this turn | 300 sec total\n|\n|t:|1783565784\n|-terastallize|p1a: Maushold|Normal\n|move|p2a: Raging Bolt|Thunderclap|p1a: Maushold\n|-damage|p1a: Maushold|27/100\n|move|p1a: Maushold|Population Bomb|p2a: Raging Bolt\n|-damage|p2a: Raging Bolt|199/323\n|-damage|p2a: Raging Bolt|167/323\n|-damage|p2a: Raging Bolt|137/323\n|-damage|p2a: Raging Bolt|107/323\n|-damage|p2a: Raging Bolt|77/323\n|-damage|p2a: Raging Bolt|43/323\n|-damage|p2a: Raging Bolt|13/323\n|-damage|p2a: Raging Bolt|0 fnt\n|faint|p2a: Raging Bolt\n|-end|p2a: Raging Bolt|Protosynthesis|[silent]\n|-hitcount|p2: Raging Bolt|8\n|\n|upkeep\n|inactive|Time left: 300 sec this turn | 300 sec total | 5 sec grace\n|\n|t:|1783565784\n|switch|p2a: Heatran|Heatran, L79, M|183/273\n|-activate|p2a: Heatran|move: Sticky Web\n|-unboost|p2a: Heatran|spe|1\n|turn|26\n|inactive|Time left: 300 sec this turn | 300 sec total\n|\n|t:|1783565785\n|move|p1a: Maushold|Population Bomb|p2a: Heatran\n|-resisted|p2a: Heatran\n|-damage|p2a: Heatran|168/273\n|-hitcount|p2a: Heatran|1\n|move|p2a: Heatran|Lava Plume|p1a: Maushold\n|-damage|p1a: Maushold|0 fnt\n|faint|p1a: Maushold\n|\n|upkeep\n|\n|t:|1783565786\n|switch|p1a: Thundurus|Thundurus, L80, M|38/100\n|-damage|p1a: Thundurus|14/100|[from] Stealth Rock\n|turn|27\n|inactive|Time left: 300 sec this turn | 300 sec total\n|\n|t:|1783565787\n|move|p1a: Thundurus|Thunderbolt|p2a: Heatran\n|-damage|p2a: Heatran|60/273\n|move|p2a: Heatran|Lava Plume|p1a: Thundurus\n|-crit|p1a: Thundurus\n|-damage|p1a: Thundurus|0 fnt\n|faint|p1a: Thundurus\n|\n|upkeep\n|\n|t:|1783565788\n|switch|p1a: Conkeldurr|Conkeldurr, L80, M|63/100 brn\n|-damage|p1a: Conkeldurr|57/100 brn|[from] Stealth Rock\n|turn|28\n|inactive|Time left: 300 sec this turn | 300 sec total\n|\n|t:|1783565789\n|switch|p2a: Tropius|Tropius, L91, F|241/328\n|move|p1a: Conkeldurr|Mach Punch|p2a: Tropius\n|-resisted|p2a: Tropius\n|-damage|p2a: Tropius|205/328\n|\n|-damage|p1a: Conkeldurr|51/100 brn|[from] brn\n|upkeep\n|turn|29\n|inactive|Time left: 300 sec this turn | 300 sec total\n|\n|t:|1783565789\n|move|p2a: Tropius|Air Slash|p1a: Conkeldurr\n|-supereffective|p1a: Conkeldurr\n|-damage|p1a: Conkeldurr|0 fnt\n|faint|p1a: Conkeldurr\n|\n|win|p0y22227c8d", "uploadtime": 1783565789, "views": 0, "rating": 0, "private": 0, "password": null, "_winner": "p0y22227c8d", "_our_name": "p0y22227c8d"}