{"id": "battle-gen9randombattle-2528", "formatid": "gen9randombattle", "format": "[Gen 9] Random Battle", "players": ["p0x25282135", "p0y2528ec67"], "log": "|init|battle\n|title|p0x25282135 vs. p0y2528ec67\n|j|\u2606p0x25282135\n|j|\u2606p0y2528ec67\n|t:|1783569266\n|gametype|singles\n|player|p1|p0x25282135|266|\n|player|p2|p0y2528ec67|265|\n|gen|9\n|tier|[Gen 9] Random Battle\n|rule|Species Clause: Limit one of each Pok\u00e9mon\n|rule|HP Percentage Mod: HP is shown in percentages\n|rule|Sleep Clause Mod: Limit one foe put to sleep\n|rule|Illusion Level Mod: Illusion disguises the Pok\u00e9mon's true level\n|\n|t:|1783569266\n|teamsize|p1|6\n|teamsize|p2|6\n|start\n|switch|p1a: Pincurchin|Pincurchin, F|100/100\n|switch|p2a: Torkoal|Torkoal, L88, F|266/266\n|-fieldstart|move: Electric Terrain|[from] ability: Electric Surge|[of] p1a: Pincurchin\n|-weather|SunnyDay|[from] ability: Drought|[of] p2a: Torkoal\n|turn|1\n|inactive|Battle timer is ON: inactive players will automatically lose when time's up. (requested by p0x25282135)\n|inactive|Time left: 300 sec this turn | 300 sec total | 60 sec grace\n|inactive|p0y2528ec67 also wants the timer to be on.\n|\n|t:|1783569267\n|move|p1a: Pincurchin|Zing Zap|p2a: Torkoal\n|-damage|p2a: Torkoal|158/266\n|move|p2a: Torkoal|Stealth Rock|p1a: Pincurchin\n|-sidestart|p1: p0x25282135|move: Stealth Rock\n|\n|-weather|SunnyDay|[upkeep]\n|upkeep\n|turn|2\n|inactive|Time left: 300 sec this turn | 300 sec total\n|\n|t:|1783569268\n|move|p1a: Pincurchin|Zing Zap|p2a: Torkoal\n|-damage|p2a: Torkoal|43/266\n|move|p2a: Torkoal|Lava Plume|p1a: Pincurchin\n|-damage|p1a: Pincurchin|55/100\n|-status|p1a: Pincurchin|brn\n|\n|-weather|SunnyDay|[upkeep]\n|-heal|p1a: Pincurchin|61/100 brn|[from] item: Leftovers\n|-damage|p1a: Pincurchin|55/100 brn|[from] brn\n|upkeep\n|turn|3\n|inactive|Time left: 300 sec this turn | 300 sec total\n|\n|t:|1783569269\n|switch|p2a: Cloyster|Cloyster, L80, M|211/211\n|move|p1a: Pincurchin|Zing Zap|p2a: Cloyster\n|-supereffective|p2a: Cloyster\n|-damage|p2a: Cloyster|121/211\n|\n|-weather|SunnyDay|[upkeep]\n|-heal|p1a: Pincurchin|61/100 brn|[from] item: Leftovers\n|-damage|p1a: Pincurchin|55/100 brn|[from] brn\n|upkeep\n|turn|4\n|inactive|Time left: 300 sec this turn | 300 sec total\n|\n|t:|1783569270\n|switch|p1a: Clawitzer|Clawitzer, L87, M|100/100\n|-damage|p1a: Clawitzer|88/100|[from] Stealth Rock\n|move|p2a: Cloyster|Shell Smash|p2a: Cloyster\n|-unboost|p2a: Cloyster|def|1\n|-unboost|p2a: Cloyster|spd|1\n|-boost|p2a: Cloyster|atk|2\n|-boost|p2a: Cloyster|spa|2\n|-boost|p2a: Cloyster|spe|2\n|-enditem|p2a: Cloyster|White Herb\n|-clearnegativeboost|p2a: Cloyster|[silent]\n|\n|-weather|SunnyDay|[upkeep]\n|upkeep\n|turn|5\n|inactive|Time left: 300 sec this turn | 300 sec total\n|\n|t:|1783569271\n|move|p2a: Cloyster|Rock Blast|p1a: Clawitzer\n|-damage|p1a: Clawitzer|76/100\n|-crit|p1a: Clawitzer\n|-damage|p1a: Clawitzer|59/100\n|-damage|p1a: Clawitzer|47/100\n|-damage|p1a: Clawitzer|35/100\n|-crit|p1a: Clawitzer\n|-damage|p1a: Clawitzer|17/100\n|-hitcount|p1a: Clawitzer|5\n|move|p1a: Clawitzer|Aura Sphere|p2a: Cloyster\n|-supereffective|p2a: Cloyster\n|-damage|p2a: Cloyster|0 fnt\n|faint|p2a: Cloyster\n|\n|-weather|none\n|-fieldend|move: Electric Terrain\n|upkeep\n|inactive|Time left: 300 sec this turn | 300 sec total | 5 sec grace\n|\n|t:|1783569271\n|switch|p2a: Venomoth|Venomoth, L84, F|255/255\n|turn|6\n|inactive|Time left: 300 sec this turn | 300 sec total\n|\n|t:|1783569273\n|switch|p1a: Magearna|Magearna, L77|100/100\n|-damage|p1a: Magearna|94/100|[from] Stealth Rock\n|move|p2a: Venomoth|Quiver Dance|p2a: Venomoth\n|-boost|p2a: Venomoth|spa|1\n|-boost|p2a: Venomoth|spd|1\n|-boost|p2a: Venomoth|spe|1\n|\n|upkeep\n|turn|7\n|inactive|Time left: 300 sec this turn | 300 sec total\n|\n|t:|1783569274\n|move|p2a: Venomoth|Quiver Dance|p2a: Venomoth\n|-boost|p2a: Venomoth|spa|1\n|-boost|p2a: Venomoth|spd|1\n|-boost|p2a: Venomoth|spe|1\n|move|p1a: Magearna|Flash Cannon|p2a: Venomoth\n|-damage|p2a: Venomoth|198/255\n|\n|upkeep\n|turn|8\n|inactive|Time left: 300 sec this turn | 300 sec total\n|\n|t:|1783569275\n|move|p2a: Venomoth|Quiver Dance|p2a: Venomoth\n|-boost|p2a: Venomoth|spa|1\n|-boost|p2a: Venomoth|spd|1\n|-boost|p2a: Venomoth|spe|1\n|move|p1a: Magearna|Flash Cannon|p2a: Venomoth\n|-damage|p2a: Venomoth|158/255\n|\n|upkeep\n|turn|9\n|inactive|Time left: 300 sec this turn | 300 sec total\n|\n|t:|1783569276\n|move|p2a: Venomoth|Quiver Dance|p2a: Venomoth\n|-boost|p2a: Venomoth|spa|1\n|-boost|p2a: Venomoth|spd|1\n|-boost|p2a: Venomoth|spe|1\n|move|p1a: Magearna|Flash Cannon|p2a: Venomoth\n|-damage|p2a: Venomoth|119/255\n|-unboost|p2a: Venomoth|spd|1\n|\n|upkeep\n|turn|10\n|inactive|Time left: 300 sec this turn | 300 sec total\n|\n|t:|1783569277\n|move|p2a: Venomoth|Bug Buzz|p1a: Magearna\n|-resisted|p1a: Magearna\n|-damage|p1a: Magearna|44/100\n|-unboost|p1a: Magearna|spd|1\n|move|p1a: Magearna|Flash Cannon|p2a: Venomoth\n|-damage|p2a: Venomoth|80/255\n|\n|upkeep\n|turn|11\n|inactive|Time left: 300 sec this turn | 300 sec total\n|\n|t:|1783569278\n|switch|p1a: Pincurchin|Pincurchin, F|55/100 brn\n|-damage|p1a: Pincurchin|43/100 brn|[from] Stealth Rock\n|-fieldstart|move: Electric Terrain|[from] ability: Electric Surge|[of] p1a: Pincurchin\n|move|p2a: Venomoth|Bug Buzz|p1a: Pincurchin\n|-damage|p1a: Pincurchin|0 fnt\n|faint|p1a: Pincurchin\n|\n|upkeep\n|\n|t:|1783569279\n|switch|p1a: Reshiram|Reshiram, L76|100/100\n|-ability|p1a: Reshiram|Turboblaze\n|turn|12\n|inactive|Time left: 300 sec this turn | 300 sec total\n|\n|t:|1783569280\n|-terastallize|p2a: Venomoth|Bug\n|move|p2a: Venomoth|Bug Buzz|p1a: Reshiram\n|-resisted|p1a: Reshiram\n|-damage|p1a: Reshiram|0 fnt\n|faint|p1a: Reshiram\n|\n|upkeep\n|\n|t:|1783569281\n|switch|p1a: Clawitzer|Clawitzer, L87, M|17/100\n|-damage|p1a: Clawitzer|4/100|[from] Stealth Rock\n|turn|13\n|inactive|Time left: 300 sec this turn | 300 sec total\n|\n|t:|1783569282\n|move|p2a: Venomoth|Bug Buzz|p1a: Clawitzer\n|-damage|p1a: Clawitzer|0 fnt\n|faint|p1a: Clawitzer\n|\n|upkeep\n|\n|t:|1783569282\n|switch|p1a: Magearna|Magearna, L77|44/100\n|-damage|p1a: Magearna|38/100|[from] Stealth Rock\n|turn|14\n|inactive|Time left: 300 sec this turn | 300 sec total\n|\n|t:|1783569283\n|move|p2a: Venomoth|Bug Buzz|p1a: Magearna\n|-resisted|p1a: Magearna\n|-damage|p1a: Magearna|0 fnt\n|faint|p1a: Magearna\n|\n|upkeep\n|\n|t:|1783569284\n|switch|p1a: Hatterene|Hatterene, L85, F|100/100\n|-damage|p1a: Hatterene|88/100|[from] Stealth Rock\n|turn|15\n|inactive|Time left: 300 sec this turn | 300 sec total\n|\n|t:|1783569285\n|move|p2a: Venomoth|Bug Buzz|p1a: Hatterene\n|-damage|p1a: Hatterene|0 fnt\n|faint|p1a: Hatterene\n|\n|-fieldend|move: Electric Terrain\n|upkeep\n|\n|t:|1783569286\n|switch|p1a: Girafarig|Girafarig, L89, F|100/100\n|-damage|p1a: Girafarig|88/100|[from] Stealth Rock\n|turn|16\n|inactive|Time left: 300 sec this turn | 300 sec total\n|\n|t:|1783569287\n|move|p2a: Venomoth|Bug Buzz|p1a: Girafarig\n|-supereffective|p1a: Girafarig\n|-damage|p1a: Girafarig|0 fnt\n|faint|p1a: Girafarig\n|\n|win|p0y2528ec67", "uploadtime": 1783569287, "views": 0, "rating": 0, "private": 0, "password": null, "_winner": "p0y2528ec67", "_our_name": "p0y2528ec67"}