{"id": "battle-gen9randombattle-2669", "formatid": "gen9randombattle", "format": "[Gen 9] Random Battle", "players": ["p0x26695b9a", "p0y2669a9cb"], "log": "|init|battle\n|title|p0x26695b9a vs. p0y2669a9cb\n|j|\u2606p0x26695b9a\n|j|\u2606p0y2669a9cb\n|t:|1783570805\n|gametype|singles\n|player|p1|p0x26695b9a|101|\n|player|p2|p0y2669a9cb|265|\n|gen|9\n|tier|[Gen 9] Random Battle\n|rule|Species Clause: Limit one of each Pok\u00e9mon\n|rule|HP Percentage Mod: HP is shown in percentages\n|rule|Sleep Clause Mod: Limit one foe put to sleep\n|rule|Illusion Level Mod: Illusion disguises the Pok\u00e9mon's true level\n|\n|t:|1783570805\n|teamsize|p1|6\n|teamsize|p2|6\n|start\n|switch|p1a: Copperajah|Copperajah, L86, M|349/349\n|switch|p2a: Orthworm|Orthworm, L88, M|100/100\n|turn|1\n|inactive|Battle timer is ON: inactive players will automatically lose when time's up. (requested by p0y2669a9cb)\n|inactive|Time left: 300 sec this turn | 300 sec total | 60 sec grace\n|inactive|p0x26695b9a also wants the timer to be on.\n|\n|t:|1783570806\n|move|p2a: Orthworm|Spikes|p1a: Copperajah\n|-sidestart|p1: p0x26695b9a|Spikes\n|move|p1a: Copperajah|Heat Crash|p2a: Orthworm\n|-supereffective|p2a: Orthworm\n|-damage|p2a: Orthworm|32/100\n|\n|-heal|p2a: Orthworm|38/100|[from] item: Leftovers\n|upkeep\n|turn|2\n|inactive|Time left: 300 sec this turn | 300 sec total\n|\n|t:|1783570807\n|move|p2a: Orthworm|Body Press|p1a: Copperajah\n|-supereffective|p1a: Copperajah\n|-damage|p1a: Copperajah|135/349\n|move|p1a: Copperajah|Heat Crash|p2a: Orthworm\n|-supereffective|p2a: Orthworm\n|-damage|p2a: Orthworm|0 fnt\n|faint|p2a: Orthworm\n|\n|upkeep\n|\n|t:|1783570808\n|switch|p2a: Hydreigon|Hydreigon, L79, M|100/100\n|turn|3\n|inactive|Time left: 300 sec this turn | 300 sec total\n|\n|t:|1783570809\n|move|p2a: Hydreigon|Dark Pulse|p1a: Copperajah\n|-damage|p1a: Copperajah|0 fnt\n|faint|p1a: Copperajah\n|\n|upkeep\n|inactive|Time left: 300 sec this turn | 300 sec total | 5 sec grace\n|\n|t:|1783570810\n|switch|p1a: Lilligant|Lilligant, L86, F|261/261\n|-damage|p1a: Lilligant|229/261|[from] Spikes\n|turn|4\n|inactive|Time left: 300 sec this turn | 300 sec total\n|\n|t:|1783570811\n|switch|p2a: Cinderace|Cinderace, L77, M|100/100\n|move|p1a: Lilligant|Quiver Dance|p1a: Lilligant\n|-boost|p1a: Lilligant|spa|1\n|-boost|p1a: Lilligant|spd|1\n|-boost|p1a: Lilligant|spe|1\n|\n|upkeep\n|turn|5\n|inactive|Time left: 300 sec this turn | 300 sec total\n|\n|t:|1783570813\n|move|p1a: Lilligant|Sleep Powder|p2a: Cinderace|[miss]\n|-miss|p1a: Lilligant|p2a: Cinderace\n|move|p2a: Cinderace|Pyro Ball|p1a: Lilligant\n|-supereffective|p1a: Lilligant\n|-damage|p1a: Lilligant|0 fnt\n|faint|p1a: Lilligant\n|\n|upkeep\n|inactive|Time left: 300 sec this turn | 300 sec total | 5 sec grace\n|\n|t:|1783570814\n|switch|p1a: Entei|Entei, L78|307/307\n|-damage|p1a: Entei|269/307|[from] Spikes\n|turn|6\n|inactive|Time left: 300 sec this turn | 300 sec total\n|\n|t:|1783570815\n|move|p2a: Cinderace|Pyro Ball|p1a: Entei|[miss]\n|-miss|p2a: Cinderace|p1a: Entei\n|move|p1a: Entei|Sacred Fire|p2a: Cinderace\n|-resisted|p2a: Cinderace\n|-damage|p2a: Cinderace|62/100\n|\n|upkeep\n|turn|7\n|inactive|Time left: 300 sec this turn | 300 sec total\n|\n|t:|1783570816\n|move|p2a: Cinderace|Pyro Ball|p1a: Entei\n|-resisted|p1a: Entei\n|-damage|p1a: Entei|167/307\n|move|p1a: Entei|Sacred Fire|p2a: Cinderace\n|-resisted|p2a: Cinderace\n|-damage|p2a: Cinderace|22/100\n|\n|upkeep\n|turn|8\n|inactive|Time left: 300 sec this turn | 300 sec total\n|\n|t:|1783570817\n|move|p2a: Cinderace|Pyro Ball|p1a: Entei\n|-resisted|p1a: Entei\n|-damage|p1a: Entei|67/307\n|move|p1a: Entei|Sacred Fire|p2a: Cinderace\n|-resisted|p2a: Cinderace\n|-damage|p2a: Cinderace|0 fnt\n|faint|p2a: Cinderace\n|\n|upkeep\n|\n|t:|1783570818\n|switch|p2a: Shaymin|Shaymin-Sky, L73|100/100\n|turn|9\n|inactive|Time left: 300 sec this turn | 300 sec total\n|\n|t:|1783570819\n|move|p2a: Shaymin|Air Slash|p1a: Entei\n|-damage|p1a: Entei|0 fnt\n|faint|p1a: Entei\n|\n|upkeep\n|inactive|Time left: 300 sec this turn | 300 sec total | 5 sec grace\n|\n|t:|1783570820\n|switch|p1a: Froslass|Froslass, L87, F|263/263\n|-damage|p1a: Froslass|231/263|[from] Spikes\n|turn|10\n|inactive|Time left: 300 sec this turn | 300 sec total\n|\n|t:|1783570821\n|switch|p2a: Cobalion|Cobalion, L80|100/100\n|move|p1a: Froslass|Triple Axel|p2a: Cobalion\n|-resisted|p2a: Cobalion\n|-damage|p2a: Cobalion|98/100\n|-hitcount|p2a: Cobalion|1\n|\n|-heal|p2a: Cobalion|100/100|[from] item: Leftovers\n|upkeep\n|turn|11\n|inactive|Time left: 300 sec this turn | 300 sec total\n|\n|t:|1783570821\n|move|p1a: Froslass|Will-O-Wisp|p2a: Cobalion\n|-status|p2a: Cobalion|brn\n|move|p2a: Cobalion|Flash Cannon|p1a: Froslass\n|-supereffective|p1a: Froslass\n|-damage|p1a: Froslass|61/263\n|-unboost|p1a: Froslass|spd|1\n|-start|p2a: Cobalion|Disable|Flash Cannon|[from] ability: Cursed Body|[of] p1a: Froslass\n|\n|-damage|p2a: Cobalion|94/100 brn|[from] brn\n|upkeep\n|turn|12\n|inactive|Time left: 300 sec this turn | 300 sec total\n|\n|t:|1783570822\n|move|p1a: Froslass|Poltergeist|p2a: Cobalion\n|-activate|p2a: Cobalion|move: Poltergeist|Leftovers\n|-damage|p2a: Cobalion|62/100 brn\n|move|p2a: Cobalion|Calm Mind|p2a: Cobalion\n|-boost|p2a: Cobalion|spa|1\n|-boost|p2a: Cobalion|spd|1\n|\n|-heal|p2a: Cobalion|68/100 brn|[from] item: Leftovers\n|-damage|p2a: Cobalion|62/100 brn|[from] brn\n|upkeep\n|turn|13\n|inactive|Time left: 300 sec this turn | 300 sec total\n|\n|t:|1783570823\n|move|p1a: Froslass|Poltergeist|p2a: Cobalion\n|-activate|p2a: Cobalion|move: Poltergeist|Leftovers\n|-damage|p2a: Cobalion|34/100 brn\n|move|p2a: Cobalion|Calm Mind|p2a: Cobalion\n|-boost|p2a: Cobalion|spa|1\n|-boost|p2a: Cobalion|spd|1\n|\n|-heal|p2a: Cobalion|41/100 brn|[from] item: Leftovers\n|-damage|p2a: Cobalion|34/100 brn|[from] brn\n|upkeep\n|turn|14\n|inactive|Time left: 300 sec this turn | 300 sec total\n|\n|t:|1783570824\n|move|p1a: Froslass|Poltergeist|p2a: Cobalion\n|-activate|p2a: Cobalion|move: Poltergeist|Leftovers\n|-damage|p2a: Cobalion|6/100 brn\n|move|p2a: Cobalion|Aura Sphere|p1a: Froslass\n|-immune|p1a: Froslass\n|\n|-heal|p2a: Cobalion|12/100 brn|[from] item: Leftovers\n|-damage|p2a: Cobalion|6/100 brn|[from] brn\n|-end|p2a: Cobalion|Disable\n|upkeep\n|turn|15\n|inactive|Time left: 300 sec this turn | 300 sec total\n|\n|t:|1783570825\n|move|p1a: Froslass|Triple Axel|p2a: Cobalion\n|-resisted|p2a: Cobalion\n|-damage|p2a: Cobalion|3/100 brn\n|-resisted|p2a: Cobalion\n|-damage|p2a: Cobalion|0 fnt\n|faint|p2a: Cobalion\n|-hitcount|p2: Cobalion|2\n|\n|upkeep\n|\n|t:|1783570826\n|switch|p2a: Shaymin|Shaymin-Sky, L73|100/100\n|turn|16\n|inactive|Time left: 300 sec this turn | 300 sec total\n|\n|t:|1783570827\n|-terastallize|p2a: Shaymin|Steel\n|move|p1a: Froslass|Triple Axel|p2a: Shaymin\n|-resisted|p2a: Shaymin\n|-damage|p2a: Shaymin|96/100\n|-resisted|p2a: Shaymin\n|-damage|p2a: Shaymin|86/100\n|-resisted|p2a: Shaymin\n|-damage|p2a: Shaymin|72/100\n|-hitcount|p2a: Shaymin|3\n|move|p2a: Shaymin|Air Slash|p1a: Froslass\n|-damage|p1a: Froslass|0 fnt\n|faint|p1a: Froslass\n|\n|-heal|p2a: Shaymin|78/100|[from] item: Leftovers\n|upkeep\n|inactive|Time left: 300 sec this turn | 300 sec total | 5 sec grace\n|\n|t:|1783570827\n|switch|p1a: Slowbro|Slowbro, L85, F|300/300\n|-damage|p1a: Slowbro|263/300|[from] Spikes\n|turn|17\n|inactive|Time left: 300 sec this turn | 300 sec total\n|\n|t:|1783570828\n|move|p2a: Shaymin|Seed Flare|p1a: Slowbro\n|-supereffective|p1a: Slowbro\n|-damage|p1a: Slowbro|83/300\n|-unboost|p1a: Slowbro|spd|2\n|move|p1a: Slowbro|Fire Blast|p2a: Shaymin\n|-supereffective|p2a: Shaymin\n|-damage|p2a: Shaymin|0 fnt\n|faint|p2a: Shaymin\n|\n|upkeep\n|\n|t:|1783570829\n|switch|p2a: Hydreigon|Hydreigon, L79, M|100/100\n|turn|18\n|inactive|Time left: 300 sec this turn | 300 sec total\n|\n|t:|1783570830\n|switch|p1a: Phione|Phione, L91|293/293\n|-damage|p1a: Phione|257/293|[from] Spikes\n|move|p2a: Hydreigon|Dark Pulse|p1a: Phione\n|-damage|p1a: Phione|125/293\n|\n|-heal|p1a: Phione|143/293|[from] item: Leftovers\n|upkeep\n|turn|19\n|inactive|Time left: 300 sec this turn | 300 sec total\n|\n|t:|1783570831\n|move|p2a: Hydreigon|Dark Pulse|p1a: Phione\n|-damage|p1a: Phione|7/293\n|move|p1a: Phione|Ice Beam|p2a: Hydreigon\n|-supereffective|p2a: Hydreigon\n|-crit|p2a: Hydreigon\n|-damage|p2a: Hydreigon|25/100\n|\n|-heal|p1a: Phione|25/293|[from] item: Leftovers\n|upkeep\n|turn|20\n|inactive|Time left: 300 sec this turn | 300 sec total\n|\n|t:|1783570832\n|move|p2a: Hydreigon|Dark Pulse|p1a: Phione\n|-damage|p1a: Phione|0 fnt\n|faint|p1a: Phione\n|\n|upkeep\n|inactive|Time left: 300 sec this turn | 300 sec total | 5 sec grace\n|\n|t:|1783570833\n|switch|p1a: Slowbro|Slowbro, L85, F|183/300\n|-damage|p1a: Slowbro|146/300|[from] Spikes\n|turn|21\n|inactive|Time left: 300 sec this turn | 300 sec total\n|\n|t:|1783570834\n|-terastallize|p1a: Slowbro|Fighting\n|move|p2a: Hydreigon|Dark Pulse|p1a: Slowbro\n|-resisted|p1a: Slowbro\n|-damage|p1a: Slowbro|101/300\n|move|p1a: Slowbro|Scald|p2a: Hydreigon\n|-resisted|p2a: Hydreigon\n|-crit|p2a: Hydreigon\n|-damage|p2a: Hydreigon|0 fnt\n|faint|p2a: Hydreigon\n|\n|upkeep\n|\n|t:|1783570835\n|switch|p2a: Giratina|Giratina-Origin, L72|100/100\n|turn|22\n|inactive|Time left: 300 sec this turn | 300 sec total\n|\n|t:|1783570836\n|move|p2a: Giratina|Poltergeist|p1a: Slowbro\n|-activate|p1a: Slowbro|move: Poltergeist|Assault Vest\n|-damage|p1a: Slowbro|0 fnt\n|faint|p1a: Slowbro\n|\n|win|p0y2669a9cb", "uploadtime": 1783570836, "views": 0, "rating": 0, "private": 0, "password": null, "_winner": "p0y2669a9cb", "_our_name": "p0x26695b9a"}