{"id": "battle-gen9randombattle-1305", "formatid": "gen9randombattle", "format": "[Gen 9] Random Battle", "players": ["p0x13058910", "p0y13052b69"], "log": "|init|battle\n|title|p0x13058910 vs. p0y13052b69\n|j|\u2606p0x13058910\n|j|\u2606p0y13052b69\n|t:|1783554275\n|gametype|singles\n|player|p1|p0x13058910|2|\n|player|p2|p0y13052b69|102|\n|gen|9\n|tier|[Gen 9] Random Battle\n|rule|Species Clause: Limit one of each Pok\u00e9mon\n|rule|HP Percentage Mod: HP is shown in percentages\n|rule|Sleep Clause Mod: Limit one foe put to sleep\n|rule|Illusion Level Mod: Illusion disguises the Pok\u00e9mon's true level\n|\n|t:|1783554275\n|teamsize|p1|6\n|teamsize|p2|6\n|start\n|switch|p1a: Moltres|Moltres-Galar, L79|100/100\n|switch|p2a: Darkrai|Darkrai, L77|234/234\n|turn|1\n|inactive|Battle timer is ON: inactive players will automatically lose when time's up. (requested by p0x13058910)\n|inactive|Time left: 300 sec this turn | 300 sec total | 60 sec grace\n|inactive|p0y13052b69 also wants the timer to be on.\n|\n|t:|1783554277\n|move|p2a: Darkrai|Nasty Plot|p2a: Darkrai\n|-boost|p2a: Darkrai|spa|2\n|move|p1a: Moltres|Hurricane|p2a: Darkrai\n|-damage|p2a: Darkrai|117/234\n|\n|upkeep\n|turn|2\n|inactive|Time left: 300 sec this turn | 300 sec total\n|\n|t:|1783554278\n|move|p2a: Darkrai|Focus Blast|p1a: Moltres\n|-damage|p1a: Moltres|29/100\n|-ability|p1a: Moltres|Berserk|boost\n|-boost|p1a: Moltres|spa|1\n|-damage|p2a: Darkrai|94/234|[from] item: Life Orb\n|move|p1a: Moltres|Hurricane|p2a: Darkrai|[miss]\n|-miss|p1a: Moltres|p2a: Darkrai\n|\n|upkeep\n|turn|3\n|inactive|Time left: 300 sec this turn | 300 sec total\n|\n|t:|1783554279\n|move|p2a: Darkrai|Dark Pulse|p1a: Moltres\n|-resisted|p1a: Moltres\n|-damage|p1a: Moltres|0 fnt\n|faint|p1a: Moltres\n|-damage|p2a: Darkrai|71/234|[from] item: Life Orb\n|\n|upkeep\n|\n|t:|1783554280\n|switch|p1a: Regieleki|Regieleki, L79|100/100\n|turn|4\n|inactive|Time left: 300 sec this turn | 300 sec total\n|\n|t:|1783554280\n|switch|p2a: Hariyama|Hariyama, L87, M|392/392\n|move|p1a: Regieleki|Volt Switch|p2a: Hariyama\n|-damage|p2a: Hariyama|308/392\n|\n|t:|1783554281\n|switch|p1a: Tsareena|Tsareena, L87, F|100/100|[from] Volt Switch\n|\n|upkeep\n|turn|5\n|inactive|Time left: 300 sec this turn | 300 sec total\n|\n|t:|1783554283\n|move|p1a: Tsareena|Power Whip|p2a: Hariyama\n|-damage|p2a: Hariyama|88/392\n|move|p2a: Hariyama|Close Combat|p1a: Tsareena\n|-damage|p1a: Tsareena|48/100\n|-unboost|p2a: Hariyama|def|1\n|-unboost|p2a: Hariyama|spd|1\n|\n|upkeep\n|turn|6\n|inactive|Time left: 300 sec this turn | 300 sec total\n|\n|t:|1783554284\n|switch|p2a: Dragonite|Dragonite, L74, M|257/257\n|move|p1a: Tsareena|Power Whip|p2a: Dragonite\n|-resisted|p2a: Dragonite\n|-damage|p2a: Dragonite|235/257\n|\n|upkeep\n|turn|7\n|inactive|Time left: 300 sec this turn | 300 sec total\n|\n|t:|1783554285\n|move|p1a: Tsareena|Triple Axel|p2a: Dragonite\n|-supereffective|p2a: Dragonite\n|-damage|p2a: Dragonite|155/257\n|-supereffective|p2a: Dragonite\n|-damage|p2a: Dragonite|15/257\n|-supereffective|p2a: Dragonite\n|-damage|p2a: Dragonite|0 fnt\n|faint|p2a: Dragonite\n|-hitcount|p2: Dragonite|3\n|\n|upkeep\n|inactive|Time left: 300 sec this turn | 300 sec total | 5 sec grace\n|\n|t:|1783554286\n|switch|p2a: Zapdos|Zapdos, L78|268/268\n|turn|8\n|inactive|Time left: 300 sec this turn | 300 sec total\n|\n|t:|1783554287\n|move|p2a: Zapdos|Hurricane|p1a: Tsareena\n|-supereffective|p1a: Tsareena\n|-damage|p1a: Tsareena|0 fnt\n|faint|p1a: Tsareena\n|\n|upkeep\n|\n|t:|1783554288\n|switch|p1a: Indeedee|Indeedee-F, L90, F|100/100\n|-fieldstart|move: Psychic Terrain|[from] ability: Psychic Surge|[of] p1a: Indeedee\n|turn|9\n|inactive|Time left: 300 sec this turn | 300 sec total\n|\n|t:|1783554289\n|move|p1a: Indeedee|Psychic|p2a: Zapdos\n|-damage|p2a: Zapdos|118/268\n|move|p2a: Zapdos|U-turn|p1a: Indeedee\n|-supereffective|p1a: Indeedee\n|-damage|p1a: Indeedee|64/100\n|inactive|Time left: 300 sec this turn | 300 sec total | 5 sec grace\n|\n|t:|1783554290\n|switch|p2a: Darkrai|Darkrai, L77|71/234|[from] U-turn\n|\n|upkeep\n|turn|10\n|inactive|Time left: 300 sec this turn | 300 sec total\n|\n|t:|1783554291\n|switch|p1a: Regieleki|Regieleki, L79|100/100\n|move|p2a: Darkrai|Dark Pulse|p1a: Regieleki\n|-damage|p1a: Regieleki|33/100\n|-damage|p2a: Darkrai|48/234|[from] item: Life Orb\n|\n|upkeep\n|turn|11\n|inactive|Time left: 300 sec this turn | 300 sec total\n|\n|t:|1783554292\n|move|p1a: Regieleki|Volt Switch|p2a: Darkrai\n|-damage|p2a: Darkrai|0 fnt\n|faint|p2a: Darkrai\n|\n|t:|1783554293\n|switch|p1a: Ceruledge|Ceruledge, L78, M|100/100|[from] Volt Switch\n|\n|upkeep\n|inactive|Time left: 300 sec this turn | 300 sec total | 10 sec grace\n|\n|t:|1783554294\n|switch|p2a: Barraskewda|Barraskewda, L81, M|231/231\n|turn|12\n|inactive|Time left: 300 sec this turn | 300 sec total\n|\n|t:|1783554295\n|-terastallize|p1a: Ceruledge|Fighting\n|move|p2a: Barraskewda|Waterfall|p1a: Ceruledge\n|-damage|p1a: Ceruledge|29/100\n|-ability|p1a: Ceruledge|Weak Armor|boost\n|-unboost|p1a: Ceruledge|def|1\n|-boost|p1a: Ceruledge|spe|2\n|move|p1a: Ceruledge|Swords Dance|p1a: Ceruledge\n|-boost|p1a: Ceruledge|atk|2\n|\n|upkeep\n|turn|13\n|inactive|Time left: 300 sec this turn | 300 sec total\n|\n|t:|1783554296\n|switch|p2a: Hariyama|Hariyama, L87, M|88/392\n|move|p1a: Ceruledge|Poltergeist|p2a: Hariyama|[miss]\n|-miss|p1a: Ceruledge|p2a: Hariyama\n|\n|-fieldend|move: Psychic Terrain\n|upkeep\n|turn|14\n|inactive|Time left: 300 sec this turn | 300 sec total\n|\n|t:|1783554297\n|switch|p2a: Zapdos|Zapdos, L78|118/268\n|move|p1a: Ceruledge|Bitter Blade|p2a: Zapdos\n|-damage|p2a: Zapdos|0 fnt\n|-heal|p1a: Ceruledge|54/100|[from] drain|[of] p2a: Zapdos\n|faint|p2a: Zapdos\n|\n|upkeep\n|inactive|Time left: 300 sec this turn | 300 sec total | 5 sec grace\n|\n|t:|1783554298\n|switch|p2a: Illumise|Illumise, L91, F|266/266\n|turn|15\n|inactive|Time left: 300 sec this turn | 300 sec total\n|\n|t:|1783554299\n|move|p2a: Illumise|Thunder Wave|p1a: Ceruledge\n|-status|p1a: Ceruledge|par\n|move|p1a: Ceruledge|Bitter Blade|p2a: Illumise\n|-supereffective|p2a: Illumise\n|-damage|p2a: Illumise|0 fnt\n|-heal|p1a: Ceruledge|100/100 par|[from] drain|[of] p2a: Illumise\n|faint|p2a: Illumise\n|\n|upkeep\n|inactive|Time left: 300 sec this turn | 300 sec total | 5 sec grace\n|\n|t:|1783554300\n|switch|p2a: Hariyama|Hariyama, L87, M|88/392\n|turn|16\n|inactive|Time left: 300 sec this turn | 300 sec total\n|\n|t:|1783554301\n|move|p1a: Ceruledge|Bitter Blade|p2a: Hariyama\n|-damage|p2a: Hariyama|0 fnt\n|faint|p2a: Hariyama\n|\n|upkeep\n|inactive|Time left: 300 sec this turn | 300 sec total | 5 sec grace\n|\n|t:|1783554301\n|switch|p2a: Barraskewda|Barraskewda, L81, M|231/231\n|turn|17\n|inactive|Time left: 300 sec this turn | 300 sec total\n|\n|t:|1783554302\n|move|p2a: Barraskewda|Waterfall|p1a: Ceruledge\n|-damage|p1a: Ceruledge|0 fnt\n|faint|p1a: Ceruledge\n|\n|upkeep\n|\n|t:|1783554303\n|switch|p1a: Regieleki|Regieleki, L79|33/100\n|turn|18\n|inactive|Time left: 300 sec this turn | 300 sec total\n|\n|t:|1783554304\n|move|p1a: Regieleki|Thunderbolt|p2a: Barraskewda\n|-supereffective|p2a: Barraskewda\n|-damage|p2a: Barraskewda|0 fnt\n|faint|p2a: Barraskewda\n|\n|win|p0x13058910", "uploadtime": 1783554304, "views": 0, "rating": 0, "private": 0, "password": null, "_winner": "p0x13058910", "_our_name": "p0y13052b69"}