{"id": "battle-gen9randombattle-2065", "formatid": "gen9randombattle", "format": "[Gen 9] Random Battle", "players": ["p0x2065b61a", "p0y2065abfa"], "log": "|init|battle\n|title|p0x2065b61a vs. p0y2065abfa\n|j|\u2606p0x2065b61a\n|j|\u2606p0y2065abfa\n|t:|1783563129\n|gametype|singles\n|player|p1|p0x2065b61a|170|\n|player|p2|p0y2065abfa|169|\n|gen|9\n|tier|[Gen 9] Random Battle\n|rule|Species Clause: Limit one of each Pok\u00e9mon\n|rule|HP Percentage Mod: HP is shown in percentages\n|rule|Sleep Clause Mod: Limit one foe put to sleep\n|rule|Illusion Level Mod: Illusion disguises the Pok\u00e9mon's true level\n|\n|t:|1783563129\n|teamsize|p1|6\n|teamsize|p2|6\n|start\n|switch|p1a: Porygon2|Porygon2, L81|100/100\n|switch|p2a: Chi-Yu|Chi-Yu, L77|211/211\n|-ability|p2a: Chi-Yu|Beads of Ruin\n|-ability|p1a: Porygon2|Download|boost\n|-boost|p1a: Porygon2|atk|1\n|turn|1\n|inactive|Battle timer is ON: inactive players will automatically lose when time's up. (requested by p0x2065b61a)\n|inactive|Time left: 300 sec this turn | 300 sec total | 60 sec grace\n|inactive|p0y2065abfa also wants the timer to be on.\n|\n|t:|1783563130\n|move|p2a: Chi-Yu|Nasty Plot|p2a: Chi-Yu\n|-boost|p2a: Chi-Yu|spa|2\n|move|p1a: Porygon2|Tera Blast|p2a: Chi-Yu\n|-damage|p2a: Chi-Yu|139/211\n|\n|upkeep\n|turn|2\n|inactive|Time left: 300 sec this turn | 300 sec total\n|\n|t:|1783563131\n|move|p2a: Chi-Yu|Fire Blast|p1a: Porygon2|[miss]\n|-miss|p2a: Chi-Yu|p1a: Porygon2\n|move|p1a: Porygon2|Thunder Wave|p2a: Chi-Yu\n|-status|p2a: Chi-Yu|par\n|\n|upkeep\n|turn|3\n|inactive|Time left: 300 sec this turn | 300 sec total\n|\n|t:|1783563132\n|move|p1a: Porygon2|Tera Blast|p2a: Chi-Yu\n|-damage|p2a: Chi-Yu|69/211 par\n|move|p2a: Chi-Yu|Fire Blast|p1a: Porygon2\n|-damage|p1a: Porygon2|25/100\n|\n|upkeep\n|turn|4\n|inactive|Time left: 300 sec this turn | 300 sec total\n|\n|t:|1783563132\n|move|p1a: Porygon2|Tera Blast|p2a: Chi-Yu\n|-damage|p2a: Chi-Yu|0 fnt\n|faint|p2a: Chi-Yu\n|\n|upkeep\n|inactive|Time left: 300 sec this turn | 300 sec total | 5 sec grace\n|\n|t:|1783563133\n|switch|p2a: Quaquaval|Quaquaval, L79, F|264/264\n|turn|5\n|inactive|Time left: 300 sec this turn | 300 sec total\n|\n|t:|1783563134\n|switch|p1a: Volcanion|Volcanion, L79|100/100\n|move|p2a: Quaquaval|Aqua Step|p1a: Volcanion\n|-immune|p1a: Volcanion|[from] ability: Water Absorb\n|\n|upkeep\n|turn|6\n|inactive|Time left: 300 sec this turn | 300 sec total\n|\n|t:|1783563135\n|move|p1a: Volcanion|Steam Eruption|p2a: Quaquaval\n|-resisted|p2a: Quaquaval\n|-damage|p2a: Quaquaval|190/264\n|move|p2a: Quaquaval|Aqua Step|p1a: Volcanion\n|-immune|p1a: Volcanion|[from] ability: Water Absorb\n|\n|upkeep\n|turn|7\n|inactive|Time left: 300 sec this turn | 300 sec total\n|\n|t:|1783563135\n|switch|p2a: Lilligant|Lilligant, L86, F|261/261\n|move|p1a: Volcanion|Steam Eruption|p2a: Lilligant\n|-resisted|p2a: Lilligant\n|-damage|p2a: Lilligant|186/261\n|\n|upkeep\n|turn|8\n|inactive|Time left: 300 sec this turn | 300 sec total\n|\n|t:|1783563136\n|move|p1a: Volcanion|Steam Eruption|p2a: Lilligant|[miss]\n|-miss|p1a: Volcanion|p2a: Lilligant\n|move|p2a: Lilligant|Quiver Dance|p2a: Lilligant\n|-boost|p2a: Lilligant|spa|1\n|-boost|p2a: Lilligant|spd|1\n|-boost|p2a: Lilligant|spe|1\n|\n|upkeep\n|turn|9\n|inactive|Time left: 300 sec this turn | 300 sec total\n|\n|t:|1783563137\n|switch|p1a: Porygon2|Porygon2, L81|25/100\n|-ability|p1a: Porygon2|Download|boost\n|-boost|p1a: Porygon2|atk|1\n|-terastallize|p2a: Lilligant|Grass\n|move|p2a: Lilligant|Petal Dance|p1a: Porygon2\n|-damage|p1a: Porygon2|0 fnt\n|faint|p1a: Porygon2\n|-damage|p2a: Lilligant|160/261|[from] item: Life Orb\n|\n|upkeep\n|\n|t:|1783563138\n|switch|p1a: Kyogre|Kyogre, L71|100/100\n|-weather|RainDance|[from] ability: Drizzle|[of] p1a: Kyogre\n|turn|10\n|inactive|Time left: 300 sec this turn | 300 sec total\n|\n|t:|1783563139\n|-terastallize|p1a: Kyogre|Steel\n|move|p2a: Lilligant|Petal Dance|p1a: Kyogre|[from] lockedmove\n|-resisted|p1a: Kyogre\n|-damage|p1a: Kyogre|37/100\n|-damage|p2a: Lilligant|134/261|[from] item: Life Orb\n|move|p1a: Kyogre|Calm Mind|p1a: Kyogre\n|-boost|p1a: Kyogre|spa|1\n|-boost|p1a: Kyogre|spd|1\n|\n|-weather|RainDance|[upkeep]\n|-heal|p1a: Kyogre|43/100|[from] item: Leftovers\n|upkeep\n|turn|11\n|inactive|Time left: 300 sec this turn | 300 sec total\n|\n|t:|1783563140\n|move|p2a: Lilligant|Sleep Powder|p1a: Kyogre\n|-status|p1a: Kyogre|slp|[from] move: Sleep Powder\n|cant|p1a: Kyogre|slp\n|\n|-weather|RainDance|[upkeep]\n|-heal|p1a: Kyogre|50/100 slp|[from] item: Leftovers\n|upkeep\n|turn|12\n|inactive|Time left: 300 sec this turn | 300 sec total\n|\n|t:|1783563141\n|move|p2a: Lilligant|Petal Dance|p1a: Kyogre\n|-resisted|p1a: Kyogre\n|-damage|p1a: Kyogre|7/100 slp\n|-damage|p2a: Lilligant|108/261|[from] item: Life Orb\n|cant|p1a: Kyogre|slp\n|\n|-weather|RainDance|[upkeep]\n|-heal|p1a: Kyogre|13/100 slp|[from] item: Leftovers\n|upkeep\n|turn|13\n|inactive|Time left: 300 sec this turn | 300 sec total\n|\n|t:|1783563142\n|switch|p1a: Volcanion|Volcanion, L79|100/100\n|move|p2a: Lilligant|Petal Dance|p1a: Volcanion|[from] lockedmove\n|-damage|p1a: Volcanion|0 fnt\n|faint|p1a: Volcanion\n|-damage|p2a: Lilligant|82/261|[from] item: Life Orb\n|\n|-weather|RainDance|[upkeep]\n|upkeep\n|\n|t:|1783563143\n|switch|p1a: Smeargle|Smeargle, L95, M|100/100\n|turn|14\n|inactive|Time left: 300 sec this turn | 300 sec total\n|\n|t:|1783563144\n|switch|p1a: Jolteon|Jolteon, L84, F|100/100\n|move|p2a: Lilligant|Petal Dance|p1a: Jolteon|[from] lockedmove\n|-crit|p1a: Jolteon\n|-damage|p1a: Jolteon|0 fnt\n|faint|p1a: Jolteon\n|-damage|p2a: Lilligant|56/261|[from] item: Life Orb\n|\n|-weather|none\n|upkeep\n|\n|t:|1783563145\n|switch|p1a: Gliscor|Gliscor, L76, M|100/100\n|turn|15\n|inactive|Time left: 300 sec this turn | 300 sec total\n|\n|t:|1783563146\n|move|p2a: Lilligant|Petal Dance|p1a: Gliscor\n|-damage|p1a: Gliscor|0 fnt\n|faint|p1a: Gliscor\n|-damage|p2a: Lilligant|30/261|[from] item: Life Orb\n|\n|upkeep\n|\n|t:|1783563147\n|switch|p1a: Kyogre|Kyogre, L71, tera:Steel|13/100 slp\n|-weather|RainDance|[from] ability: Drizzle|[of] p1a: Kyogre\n|turn|16\n|inactive|Time left: 300 sec this turn | 300 sec total\n|\n|t:|1783563147\n|move|p2a: Lilligant|Petal Dance|p1a: Kyogre|[from] lockedmove\n|-resisted|p1a: Kyogre\n|-damage|p1a: Kyogre|0 fnt\n|faint|p1a: Kyogre\n|-damage|p2a: Lilligant|4/261|[from] item: Life Orb\n|\n|-weather|RainDance|[upkeep]\n|upkeep\n|\n|t:|1783563148\n|switch|p1a: Smeargle|Smeargle, L95, M|100/100\n|turn|17\n|inactive|Time left: 300 sec this turn | 300 sec total\n|\n|t:|1783563149\n|move|p2a: Lilligant|Petal Dance|p1a: Smeargle\n|-damage|p1a: Smeargle|0 fnt\n|faint|p1a: Smeargle\n|-damage|p2a: Lilligant|0 fnt|[from] item: Life Orb\n|faint|p2a: Lilligant\n|\n|win|p0y2065abfa", "uploadtime": 1783563149, "views": 0, "rating": 0, "private": 0, "password": null, "_winner": "p0y2065abfa", "_our_name": "p0y2065abfa"}