{"id": "battle-gen9randombattle-1923", "formatid": "gen9randombattle", "format": "[Gen 9] Random Battle", "players": ["p0x1923d679", "p0y192337c0"], "log": "|init|battle\n|title|p0x1923d679 vs. p0y192337c0\n|j|\u2606p0x1923d679\n|j|\u2606p0y192337c0\n|t:|1783561520\n|gametype|singles\n|player|p1|p0x1923d679|170|\n|player|p2|p0y192337c0|266|\n|gen|9\n|tier|[Gen 9] Random Battle\n|rule|Species Clause: Limit one of each Pok\u00e9mon\n|rule|HP Percentage Mod: HP is shown in percentages\n|rule|Sleep Clause Mod: Limit one foe put to sleep\n|rule|Illusion Level Mod: Illusion disguises the Pok\u00e9mon's true level\n|\n|t:|1783561520\n|teamsize|p1|6\n|teamsize|p2|6\n|start\n|switch|p1a: Ogerpon|Ogerpon-Cornerstone, L76, F|247/247\n|switch|p2a: Slowking|Slowking, L88, M|100/100\n|turn|1\n|inactive|Battle timer is ON: inactive players will automatically lose when time's up. (requested by p0y192337c0)\n|inactive|Time left: 300 sec this turn | 300 sec total | 60 sec grace\n|inactive|p0x1923d679 also wants the timer to be on.\n|\n|t:|1783561521\n|move|p1a: Ogerpon|Swords Dance|p1a: Ogerpon\n|-boost|p1a: Ogerpon|atk|2\n|move|p2a: Slowking|Scald|p1a: Ogerpon\n|-damage|p1a: Ogerpon|153/247\n|\n|upkeep\n|turn|2\n|inactive|Time left: 300 sec this turn | 300 sec total\n|\n|t:|1783561522\n|-terastallize|p2a: Slowking|Dragon\n|move|p1a: Ogerpon|Power Whip|p2a: Slowking|[miss]\n|-miss|p1a: Ogerpon|p2a: Slowking\n|move|p2a: Slowking|Scald|p1a: Ogerpon\n|-damage|p1a: Ogerpon|54/247\n|\n|upkeep\n|turn|3\n|inactive|Time left: 300 sec this turn | 300 sec total\n|\n|t:|1783561523\n|-terastallize|p1a: Ogerpon|Rock\n|detailschange|p1a: Ogerpon|Ogerpon-Cornerstone-Tera, L76, F, tera:Rock\n|-ability|p1a: Ogerpon|Embody Aspect (Cornerstone)|boost\n|-boost|p1a: Ogerpon|def|1\n|move|p1a: Ogerpon|Ivy Cudgel|p2a: Slowking|[anim] Ivy Cudgel Rock\n|-crit|p2a: Slowking\n|-damage|p2a: Slowking|0 fnt\n|faint|p2a: Slowking\n|\n|upkeep\n|\n|t:|1783561524\n|switch|p2a: Lunala|Lunala, L70|100/100\n|turn|4\n|inactive|Time left: 300 sec this turn | 300 sec total\n|\n|t:|1783561525\n|move|p1a: Ogerpon|Ivy Cudgel|p2a: Lunala|[anim] Ivy Cudgel Rock\n|-damage|p2a: Lunala|39/100\n|move|p2a: Lunala|Moongeist Beam|p1a: Ogerpon\n|-damage|p1a: Ogerpon|0 fnt\n|faint|p1a: Ogerpon\n|detailschange|p1: Ogerpon|Ogerpon-Cornerstone, L76, F|[silent]\n|\n|-heal|p2a: Lunala|45/100|[from] item: Leftovers\n|upkeep\n|inactive|Time left: 300 sec this turn | 300 sec total | 5 sec grace\n|\n|t:|1783561526\n|switch|p1a: Gumshoos|Gumshoos, L95, F|321/321\n|turn|5\n|inactive|Time left: 300 sec this turn | 300 sec total\n|\n|t:|1783561527\n|move|p2a: Lunala|Focus Blast|p1a: Gumshoos\n|-supereffective|p1a: Gumshoos\n|-damage|p1a: Gumshoos|119/321\n|move|p1a: Gumshoos|Knock Off|p2a: Lunala\n|-supereffective|p2a: Lunala\n|-damage|p2a: Lunala|0 fnt\n|-enditem|p2a: Lunala|Leftovers|[from] move: Knock Off|[of] p1a: Gumshoos\n|faint|p2a: Lunala\n|\n|upkeep\n|\n|t:|1783561528\n|switch|p2a: Zekrom|Zekrom, L71|100/100\n|-ability|p2a: Zekrom|Teravolt\n|turn|6\n|inactive|Time left: 300 sec this turn | 300 sec total\n|\n|t:|1783561529\n|switch|p1a: Dedenne|Dedenne, L88, M|261/261\n|move|p2a: Zekrom|Dragon Dance|p2a: Zekrom\n|-boost|p2a: Zekrom|atk|1\n|-boost|p2a: Zekrom|spe|1\n|\n|upkeep\n|turn|7\n|inactive|Time left: 300 sec this turn | 300 sec total\n|\n|t:|1783561530\n|move|p2a: Zekrom|Substitute|p2a: Zekrom\n|-start|p2a: Zekrom|Substitute\n|-damage|p2a: Zekrom|76/100\n|move|p1a: Dedenne|Dazzling Gleam|p2a: Zekrom\n|-supereffective|p2a: Zekrom\n|-end|p2a: Zekrom|Substitute\n|\n|-heal|p2a: Zekrom|82/100|[from] item: Leftovers\n|upkeep\n|turn|8\n|inactive|Time left: 300 sec this turn | 300 sec total\n|\n|t:|1783561531\n|switch|p2a: Excadrill|Excadrill, L79, M|100/100\n|-ability|p2a: Excadrill|Mold Breaker\n|move|p1a: Dedenne|Dazzling Gleam|p2a: Excadrill\n|-resisted|p2a: Excadrill\n|-damage|p2a: Excadrill|88/100\n|\n|upkeep\n|turn|9\n|inactive|Time left: 300 sec this turn | 300 sec total\n|\n|t:|1783561532\n|switch|p1a: Exeggutor|Exeggutor-Alola, L89, M|314/314\n|move|p2a: Excadrill|Earthquake|p1a: Exeggutor\n|-resisted|p1a: Exeggutor\n|-damage|p1a: Exeggutor|253/314\n|\n|upkeep\n|turn|10\n|inactive|Time left: 300 sec this turn | 300 sec total\n|\n|t:|1783561533\n|move|p2a: Excadrill|Iron Head|p1a: Exeggutor\n|-damage|p1a: Exeggutor|165/314\n|move|p1a: Exeggutor|Giga Drain|p2a: Excadrill\n|-damage|p2a: Excadrill|58/100\n|-heal|p1a: Exeggutor|210/314|[from] drain|[of] p2a: Excadrill\n|\n|upkeep\n|turn|11\n|inactive|Time left: 300 sec this turn | 300 sec total\n|\n|t:|1783561534\n|move|p2a: Excadrill|Iron Head|p1a: Exeggutor\n|-damage|p1a: Exeggutor|113/314\n|-enditem|p1a: Exeggutor|Sitrus Berry|[eat]\n|-heal|p1a: Exeggutor|191/314|[from] item: Sitrus Berry\n|move|p1a: Exeggutor|Dragon Pulse|p2a: Excadrill\n|-resisted|p2a: Excadrill\n|-damage|p2a: Excadrill|40/100\n|\n|-item|p1a: Exeggutor|Sitrus Berry|[from] ability: Harvest\n|upkeep\n|turn|12\n|inactive|Time left: 300 sec this turn | 300 sec total\n|\n|t:|1783561535\n|move|p2a: Excadrill|Iron Head|p1a: Exeggutor\n|-crit|p1a: Exeggutor\n|-damage|p1a: Exeggutor|59/314\n|-enditem|p1a: Exeggutor|Sitrus Berry|[eat]\n|-heal|p1a: Exeggutor|137/314|[from] item: Sitrus Berry\n|move|p1a: Exeggutor|Flamethrower|p2a: Excadrill\n|-supereffective|p2a: Excadrill\n|-damage|p2a: Excadrill|0 fnt\n|faint|p2a: Excadrill\n|\n|upkeep\n|\n|t:|1783561536\n|switch|p2a: Bombirdier|Bombirdier, L85, F|100/100\n|turn|13\n|inactive|Time left: 300 sec this turn | 300 sec total\n|\n|t:|1783561537\n|move|p2a: Bombirdier|Brave Bird|p1a: Exeggutor\n|-supereffective|p1a: Exeggutor\n|-damage|p1a: Exeggutor|0 fnt\n|faint|p1a: Exeggutor\n|-damage|p2a: Bombirdier|83/100|[from] Recoil\n|\n|upkeep\n|inactive|Time left: 300 sec this turn | 300 sec total | 5 sec grace\n|\n|t:|1783561538\n|switch|p1a: Jolteon|Jolteon, L84, F|246/246\n|turn|14\n|inactive|Time left: 300 sec this turn | 300 sec total\n|\n|t:|1783561538\n|switch|p2a: Zekrom|Zekrom, L71|82/100\n|-ability|p2a: Zekrom|Teravolt\n|move|p1a: Jolteon|Volt Switch|p2a: Zekrom\n|-resisted|p2a: Zekrom\n|-damage|p2a: Zekrom|70/100\n|inactive|Time left: 300 sec this turn | 300 sec total | 5 sec grace\n|\n|t:|1783561539\n|switch|p1a: Dedenne|Dedenne, L88, M|261/261|[from] Volt Switch\n|\n|-heal|p2a: Zekrom|77/100|[from] item: Leftovers\n|upkeep\n|turn|15\n|inactive|Time left: 300 sec this turn | 300 sec total\n|\n|t:|1783561540\n|move|p1a: Dedenne|Dazzling Gleam|p2a: Zekrom\n|-supereffective|p2a: Zekrom\n|-damage|p2a: Zekrom|4/100\n|move|p2a: Zekrom|Bolt Strike|p1a: Dedenne\n|-resisted|p1a: Dedenne\n|-damage|p1a: Dedenne|177/261\n|\n|-heal|p2a: Zekrom|10/100|[from] item: Leftovers\n|upkeep\n|turn|16\n|inactive|Time left: 300 sec this turn | 300 sec total\n|\n|t:|1783561541\n|move|p1a: Dedenne|Dazzling Gleam|p2a: Zekrom\n|-supereffective|p2a: Zekrom\n|-damage|p2a: Zekrom|0 fnt\n|faint|p2a: Zekrom\n|\n|upkeep\n|\n|t:|1783561542\n|switch|p2a: Bombirdier|Bombirdier, L85, F|83/100\n|turn|17\n|inactive|Time left: 300 sec this turn | 300 sec total\n|\n|t:|1783561543\n|move|p1a: Dedenne|Thunderbolt|p2a: Bombirdier\n|-supereffective|p2a: Bombirdier\n|-damage|p2a: Bombirdier|8/100\n|move|p2a: Bombirdier|Stone Edge|p1a: Dedenne\n|-crit|p1a: Dedenne\n|-damage|p1a: Dedenne|0 fnt\n|faint|p1a: Dedenne\n|\n|upkeep\n|inactive|Time left: 300 sec this turn | 300 sec total | 5 sec grace\n|\n|t:|1783561544\n|switch|p1a: Jolteon|Jolteon, L84, F|246/246\n|turn|18\n|inactive|Time left: 300 sec this turn | 300 sec total\n|\n|t:|1783561544\n|move|p1a: Jolteon|Thunderbolt|p2a: Bombirdier\n|-supereffective|p2a: Bombirdier\n|-damage|p2a: Bombirdier|0 fnt\n|faint|p2a: Bombirdier\n|\n|upkeep\n|\n|t:|1783561545\n|switch|p2a: Haxorus|Haxorus, L77, F|100/100\n|-ability|p2a: Haxorus|Mold Breaker\n|turn|19\n|inactive|Time left: 300 sec this turn | 300 sec total\n|\n|t:|1783561546\n|switch|p1a: Umbreon|Umbreon, L84, F|297/297\n|move|p2a: Haxorus|Scale Shot|p1a: Umbreon\n|-damage|p1a: Umbreon|269/297\n|-damage|p1a: Umbreon|244/297\n|-damage|p1a: Umbreon|219/297\n|-damage|p1a: Umbreon|192/297\n|-damage|p1a: Umbreon|164/297\n|-hitcount|p1a: Umbreon|5\n|-unboost|p2a: Haxorus|def|1\n|-boost|p2a: Haxorus|spe|1\n|\n|-heal|p1a: Umbreon|182/297|[from] item: Leftovers\n|upkeep\n|turn|20\n|inactive|Time left: 300 sec this turn | 300 sec total\n|\n|t:|1783561547\n|move|p2a: Haxorus|Iron Head|p1a: Umbreon\n|-damage|p1a: Umbreon|129/297\n|cant|p1a: Umbreon|flinch\n|\n|-heal|p1a: Umbreon|147/297|[from] item: Leftovers\n|upkeep\n|turn|21\n|inactive|Time left: 300 sec this turn | 300 sec total\n|\n|t:|1783561548\n|move|p2a: Haxorus|Iron Head|p1a: Umbreon\n|-damage|p1a: Umbreon|94/297\n|move|p1a: Umbreon|Foul Play|p2a: Haxorus\n|-damage|p2a: Haxorus|18/100\n|\n|-heal|p1a: Umbreon|112/297|[from] item: Leftovers\n|upkeep\n|turn|22\n|inactive|Time left: 300 sec this turn | 300 sec total\n|\n|t:|1783561548\n|move|p2a: Haxorus|Iron Head|p1a: Umbreon\n|-damage|p1a: Umbreon|56/297\n|cant|p1a: Umbreon|flinch\n|\n|-heal|p1a: Umbreon|74/297|[from] item: Leftovers\n|upkeep\n|turn|23\n|inactive|Time left: 300 sec this turn | 300 sec total\n|\n|t:|1783561549\n|move|p2a: Haxorus|Iron Head|p1a: Umbreon\n|-damage|p1a: Umbreon|22/297\n|move|p1a: Umbreon|Foul Play|p2a: Haxorus\n|-damage|p2a: Haxorus|0 fnt\n|faint|p2a: Haxorus\n|\n|win|p0x1923d679", "uploadtime": 1783561549, "views": 0, "rating": 0, "private": 0, "password": null, "_winner": "p0x1923d679", "_our_name": "p0x1923d679"}