{"id": "battle-gen9randombattle-1649", "formatid": "gen9randombattle", "format": "[Gen 9] Random Battle", "players": ["p0x16493704", "p0y164936aa"], "log": "|init|battle\n|title|p0x16493704 vs. p0y164936aa\n|j|\u2606p0x16493704\n|j|\u2606p0y164936aa\n|t:|1783559078\n|gametype|singles\n|player|p1|p0x16493704|101|\n|player|p2|p0y164936aa|170|\n|gen|9\n|tier|[Gen 9] Random Battle\n|rule|Species Clause: Limit one of each Pok\u00e9mon\n|rule|HP Percentage Mod: HP is shown in percentages\n|rule|Sleep Clause Mod: Limit one foe put to sleep\n|rule|Illusion Level Mod: Illusion disguises the Pok\u00e9mon's true level\n|\n|t:|1783559078\n|teamsize|p1|6\n|teamsize|p2|6\n|start\n|switch|p1a: Weezing|Weezing, L88, M|100/100\n|switch|p2a: Great Tusk|Great Tusk, L77|304/304\n|turn|1\n|inactive|Battle timer is ON: inactive players will automatically lose when time's up. (requested by p0y164936aa)\n|inactive|p0x16493704 also wants the timer to be on.\n|\n|t:|1783559079\n|move|p2a: Great Tusk|Rapid Spin|p1a: Weezing\n|-damage|p1a: Weezing|88/100\n|-boost|p2a: Great Tusk|spe|1\n|move|p1a: Weezing|Will-O-Wisp|p2a: Great Tusk\n|-status|p2a: Great Tusk|brn\n|\n|-heal|p1a: Weezing|95/100|[from] item: Leftovers\n|-damage|p2a: Great Tusk|285/304 brn|[from] brn\n|upkeep\n|turn|2\n|inactive|Time left: 300 sec this turn | 300 sec total\n|\n|t:|1783559080\n|switch|p1a: Wyrdeer|Wyrdeer, L87, M|100/100\n|-ability|p1a: Wyrdeer|Intimidate|boost\n|-unboost|p2a: Great Tusk|atk|1\n|move|p2a: Great Tusk|Rapid Spin|p1a: Wyrdeer\n|-damage|p1a: Wyrdeer|96/100\n|-boost|p2a: Great Tusk|spe|1\n|\n|-heal|p1a: Wyrdeer|100/100|[from] item: Leftovers\n|-damage|p2a: Great Tusk|266/304 brn|[from] brn\n|upkeep\n|turn|3\n|inactive|Time left: 300 sec this turn | 300 sec total\n|\n|t:|1783559081\n|move|p2a: Great Tusk|Stone Edge|p1a: Wyrdeer\n|-damage|p1a: Wyrdeer|92/100\n|move|p1a: Wyrdeer|Body Slam|p2a: Great Tusk\n|-damage|p2a: Great Tusk|182/304 brn\n|\n|-heal|p1a: Wyrdeer|98/100|[from] item: Leftovers\n|-damage|p2a: Great Tusk|163/304 brn|[from] brn\n|upkeep\n|turn|4\n|inactive|Time left: 300 sec this turn | 300 sec total\n|\n|t:|1783559082\n|-end|p2a: Great Tusk|Protosynthesis|[silent]\n|switch|p2a: Corviknight|Corviknight, L80, M|288/288\n|-ability|p2a: Corviknight|Pressure\n|move|p1a: Wyrdeer|Body Slam|p2a: Corviknight\n|-resisted|p2a: Corviknight\n|-damage|p2a: Corviknight|241/288\n|-damage|p1a: Wyrdeer|81/100|[from] item: Rocky Helmet|[of] p2a: Corviknight\n|\n|-heal|p1a: Wyrdeer|88/100|[from] item: Leftovers\n|upkeep\n|turn|5\n|inactive|Time left: 300 sec this turn | 300 sec total\n|\n|t:|1783559082\n|move|p1a: Wyrdeer|Thunder Wave|p2a: Corviknight\n|-status|p2a: Corviknight|par\n|move|p2a: Corviknight|U-turn|p1a: Wyrdeer\n|-supereffective|p1a: Wyrdeer\n|-damage|p1a: Wyrdeer|59/100\n|inactive|Time left: 300 sec this turn | 300 sec total | 5 sec grace\n|\n|t:|1783559083\n|switch|p2a: Garchomp|Garchomp, L74, F|282/282|[from] U-turn\n|\n|-heal|p1a: Wyrdeer|65/100|[from] item: Leftovers\n|upkeep\n|turn|6\n|inactive|Time left: 300 sec this turn | 300 sec total\n|\n|t:|1783559084\n|switch|p1a: Weezing|Weezing, L88, M|95/100\n|move|p2a: Garchomp|Swords Dance|p2a: Garchomp\n|-boost|p2a: Garchomp|atk|2\n|\n|-heal|p1a: Weezing|100/100|[from] item: Leftovers\n|upkeep\n|turn|7\n|inactive|Time left: 300 sec this turn | 300 sec total\n|\n|t:|1783559085\n|move|p2a: Garchomp|Scale Shot|p1a: Weezing\n|-damage|p1a: Weezing|86/100\n|-damage|p1a: Weezing|72/100\n|-damage|p1a: Weezing|55/100\n|-damage|p1a: Weezing|39/100\n|-damage|p1a: Weezing|23/100\n|-hitcount|p1a: Weezing|5\n|-unboost|p2a: Garchomp|def|1\n|-boost|p2a: Garchomp|spe|1\n|move|p1a: Weezing|Will-O-Wisp|p2a: Garchomp\n|-status|p2a: Garchomp|brn\n|\n|-heal|p1a: Weezing|30/100|[from] item: Leftovers\n|-damage|p2a: Garchomp|265/282 brn|[from] brn\n|upkeep\n|turn|8\n|inactive|Time left: 300 sec this turn | 300 sec total\n|\n|t:|1783559086\n|switch|p1a: Greedent|Greedent, L86, F|100/100\n|move|p2a: Garchomp|Scale Shot|p1a: Greedent|[miss]\n|-miss|p2a: Garchomp|p1a: Greedent\n|\n|-damage|p2a: Garchomp|248/282 brn|[from] brn\n|upkeep\n|turn|9\n|inactive|Time left: 300 sec this turn | 300 sec total\n|\n|t:|1783559088\n|move|p2a: Garchomp|Scale Shot|p1a: Greedent\n|-damage|p1a: Greedent|94/100\n|-damage|p1a: Greedent|87/100\n|-damage|p1a: Greedent|81/100\n|-damage|p1a: Greedent|74/100\n|-damage|p1a: Greedent|66/100\n|-hitcount|p1a: Greedent|5\n|-unboost|p2a: Garchomp|def|1\n|-boost|p2a: Garchomp|spe|1\n|move|p1a: Greedent|Swords Dance|p1a: Greedent\n|-boost|p1a: Greedent|atk|2\n|\n|-damage|p2a: Garchomp|231/282 brn|[from] brn\n|upkeep\n|turn|10\n|inactive|Time left: 300 sec this turn | 300 sec total\n|\n|t:|1783559089\n|move|p2a: Garchomp|Earthquake|p1a: Greedent\n|-damage|p1a: Greedent|36/100\n|-enditem|p1a: Greedent|Sitrus Berry|[eat]\n|-heal|p1a: Greedent|61/100|[from] item: Sitrus Berry\n|-heal|p1a: Greedent|94/100|[from] ability: Cheek Pouch\n|move|p1a: Greedent|Earthquake|p2a: Garchomp\n|-damage|p2a: Garchomp|0 fnt\n|faint|p2a: Garchomp\n|\n|upkeep\n|inactive|Time left: 300 sec this turn | 300 sec total | 5 sec grace\n|\n|t:|1783559090\n|switch|p2a: Koraidon|Koraidon, L64|235/235\n|-weather|SunnyDay|[from] ability: Orichalcum Pulse|[of] p2a: Koraidon\n|-activate|p2a: Koraidon|Orichalcum Pulse|[source]\n|turn|11\n|inactive|Time left: 300 sec this turn | 300 sec total\n|\n|t:|1783559091\n|move|p2a: Koraidon|Collision Course|p1a: Greedent\n|-supereffective|p1a: Greedent\n|-damage|p1a: Greedent|19/100\n|move|p1a: Greedent|Body Slam|p2a: Koraidon\n|-damage|p2a: Koraidon|25/235\n|-status|p2a: Koraidon|par\n|\n|-weather|SunnyDay|[upkeep]\n|upkeep\n|turn|12\n|inactive|Time left: 300 sec this turn | 300 sec total\n|\n|t:|1783559092\n|move|p2a: Koraidon|Scale Shot|p1a: Greedent\n|-damage|p1a: Greedent|11/100\n|-damage|p1a: Greedent|4/100\n|-damage|p1a: Greedent|0 fnt\n|faint|p1a: Greedent\n|-hitcount|p1: Greedent|3\n|-unboost|p2a: Koraidon|def|1\n|-boost|p2a: Koraidon|spe|1\n|\n|-weather|SunnyDay|[upkeep]\n|upkeep\n|\n|t:|1783559093\n|switch|p1a: Entei|Entei, L78|100/100\n|turn|13\n|inactive|Time left: 300 sec this turn | 300 sec total\n|\n|t:|1783559094\n|switch|p2a: Great Tusk|Great Tusk, L77|163/304 brn\n|-activate|p2a: Great Tusk|ability: Protosynthesis\n|-start|p2a: Great Tusk|protosynthesisatk\n|move|p1a: Entei|Sacred Fire|p2a: Great Tusk\n|-damage|p2a: Great Tusk|0 fnt\n|faint|p2a: Great Tusk\n|-end|p2a: Great Tusk|Protosynthesis|[silent]\n|\n|-weather|SunnyDay|[upkeep]\n|upkeep\n|inactive|Time left: 300 sec this turn | 300 sec total | 5 sec grace\n|\n|t:|1783559095\n|switch|p2a: Koraidon|Koraidon, L64|25/235 par\n|-activate|p2a: Koraidon|ability: Orichalcum Pulse\n|turn|14\n|inactive|Time left: 300 sec this turn | 300 sec total\n|\n|t:|1783559096\n|move|p1a: Entei|Sacred Fire|p2a: Koraidon\n|-resisted|p2a: Koraidon\n|-damage|p2a: Koraidon|0 fnt\n|faint|p2a: Koraidon\n|\n|-weather|SunnyDay|[upkeep]\n|upkeep\n|inactive|Time left: 300 sec this turn | 300 sec total | 5 sec grace\n|\n|t:|1783559097\n|switch|p2a: Grafaiai|Grafaiai, L86, F|249/249\n|turn|15\n|inactive|Time left: 300 sec this turn | 300 sec total\n|\n|t:|1783559098\n|move|p2a: Grafaiai|Knock Off|p1a: Entei\n|-damage|p1a: Entei|69/100\n|-enditem|p1a: Entei|Choice Band|[from] move: Knock Off|[of] p2a: Grafaiai\n|-damage|p2a: Grafaiai|225/249|[from] item: Life Orb\n|move|p1a: Entei|Sacred Fire|p2a: Grafaiai\n|-damage|p2a: Grafaiai|36/249\n|-status|p2a: Grafaiai|brn\n|\n|-weather|none\n|-damage|p2a: Grafaiai|21/249 brn|[from] brn\n|upkeep\n|turn|16\n|inactive|Time left: 300 sec this turn | 300 sec total\n|\n|t:|1783559099\n|move|p2a: Grafaiai|Gunk Shot|p1a: Entei|[miss]\n|-miss|p2a: Grafaiai|p1a: Entei\n|move|p1a: Entei|Sacred Fire|p2a: Grafaiai|[miss]\n|-miss|p1a: Entei|p2a: Grafaiai\n|\n|-damage|p2a: Grafaiai|6/249 brn|[from] brn\n|upkeep\n|turn|17\n|inactive|Time left: 300 sec this turn | 300 sec total\n|\n|t:|1783559100\n|switch|p1a: Weezing|Weezing, L88, M|30/100\n|move|p2a: Grafaiai|Gunk Shot|p1a: Weezing\n|-resisted|p1a: Weezing\n|-damage|p1a: Weezing|17/100\n|-damage|p2a: Grafaiai|0 fnt|[from] item: Life Orb\n|faint|p2a: Grafaiai\n|\n|-heal|p1a: Weezing|23/100|[from] item: Leftovers\n|upkeep\n|inactive|Time left: 300 sec this turn | 300 sec total | 5 sec grace\n|\n|t:|1783559101\n|switch|p2a: Deoxys|Deoxys, L74|196/196\n|-ability|p2a: Deoxys|Pressure\n|turn|18\n|inactive|Time left: 300 sec this turn | 300 sec total\n|\n|t:|1783559102\n|switch|p1a: Entei|Entei, L78|69/100\n|move|p2a: Deoxys|Knock Off|p1a: Entei\n|-damage|p1a: Entei|44/100\n|-damage|p2a: Deoxys|177/196|[from] item: Life Orb\n|\n|upkeep\n|turn|19\n|inactive|Time left: 300 sec this turn | 300 sec total\n|\n|t:|1783559103\n|move|p2a: Deoxys|Psycho Boost|p1a: Entei\n|-damage|p1a: Entei|0 fnt\n|-unboost|p2a: Deoxys|spa|2\n|faint|p1a: Entei\n|-damage|p2a: Deoxys|158/196|[from] item: Life Orb\n|\n|upkeep\n|\n|t:|1783559104\n|switch|p1a: Palkia|Palkia, L75|100/100\n|-ability|p1a: Palkia|Pressure\n|turn|20\n|inactive|Time left: 300 sec this turn | 300 sec total\n|\n|t:|1783559105\n|switch|p2a: Corviknight|Corviknight, L80, M|241/288 par\n|-ability|p2a: Corviknight|Pressure\n|move|p1a: Palkia|Fire Blast|p2a: Corviknight\n|-supereffective|p2a: Corviknight\n|-damage|p2a: Corviknight|33/288 par\n|\n|upkeep\n|turn|21\n|inactive|Time left: 300 sec this turn | 300 sec total\n|\n|t:|1783559106\n|move|p1a: Palkia|Spacial Rend|p2a: Corviknight\n|-resisted|p2a: Corviknight\n|-damage|p2a: Corviknight|0 fnt\n|faint|p2a: Corviknight\n|\n|upkeep\n|inactive|Time left: 300 sec this turn | 300 sec total | 5 sec grace\n|\n|t:|1783559108\n|switch|p2a: Deoxys|Deoxys, L74|158/196\n|-ability|p2a: Deoxys|Pressure\n|turn|22\n|inactive|Time left: 300 sec this turn | 300 sec total\n|\n|t:|1783559109\n|move|p2a: Deoxys|Ice Beam|p1a: Palkia\n|-damage|p1a: Palkia|72/100\n|-damage|p2a: Deoxys|139/196|[from] item: Life Orb\n|move|p1a: Palkia|Spacial Rend|p2a: Deoxys\n|-damage|p2a: Deoxys|0 fnt\n|faint|p2a: Deoxys\n|\n|win|p0x16493704", "uploadtime": 1783559109, "views": 0, "rating": 0, "private": 0, "password": null, "_winner": "p0x16493704", "_our_name": "p0y164936aa"}