{"id": "battle-gen9randombattle-1209", "formatid": "gen9randombattle", "format": "[Gen 9] Random Battle", "players": ["p0x1209d53b", "p0y1209b3f8"], "log": "|init|battle\n|title|p0x1209d53b vs. p0y1209b3f8\n|j|\u2606p0x1209d53b\n|j|\u2606p0y1209b3f8\n|t:|1783553116\n|gametype|singles\n|player|p1|p0x1209d53b|102|\n|player|p2|p0y1209b3f8|101|\n|gen|9\n|tier|[Gen 9] Random Battle\n|rule|Species Clause: Limit one of each Pok\u00e9mon\n|rule|HP Percentage Mod: HP is shown in percentages\n|rule|Sleep Clause Mod: Limit one foe put to sleep\n|rule|Illusion Level Mod: Illusion disguises the Pok\u00e9mon's true level\n|\n|t:|1783553116\n|teamsize|p1|6\n|teamsize|p2|6\n|start\n|switch|p1a: Glimmora|Glimmora, L75, M|248/248\n|switch|p2a: Chi-Yu|Chi-Yu, L77|100/100\n|-ability|p2a: Chi-Yu|Beads of Ruin\n|turn|1\n|inactive|Battle timer is ON: inactive players will automatically lose when time's up. (requested by p0x1209d53b)\n|inactive|p0y1209b3f8 also wants the timer to be on.\n|\n|t:|1783553118\n|move|p2a: Chi-Yu|Psychic|p1a: Glimmora\n|-supereffective|p1a: Glimmora\n|-damage|p1a: Glimmora|0 fnt\n|faint|p1a: Glimmora\n|\n|upkeep\n|inactive|Time left: 300 sec this turn | 300 sec total | 65 sec grace\n|\n|t:|1783553119\n|switch|p1a: Passimian|Passimian, L83, M|302/302\n|turn|2\n|inactive|Time left: 300 sec this turn | 300 sec total\n|\n|t:|1783553120\n|move|p2a: Chi-Yu|Psychic|p1a: Passimian\n|-supereffective|p1a: Passimian\n|-damage|p1a: Passimian|0 fnt\n|faint|p1a: Passimian\n|\n|upkeep\n|inactive|Time left: 300 sec this turn | 300 sec total | 5 sec grace\n|\n|t:|1783553121\n|switch|p1a: Camerupt|Camerupt, L91, M|275/275\n|turn|3\n|inactive|Time left: 300 sec this turn | 300 sec total\n|\n|t:|1783553123\n|switch|p2a: Scyther|Scyther, L82, M|100/100\n|move|p1a: Camerupt|Earthquake|p2a: Scyther\n|-immune|p2a: Scyther\n|\n|upkeep\n|turn|4\n|inactive|Time left: 300 sec this turn | 300 sec total\n|\n|t:|1783553124\n|move|p2a: Scyther|Dual Wingbeat|p1a: Camerupt\n|-damage|p1a: Camerupt|200/275\n|-damage|p1a: Camerupt|128/275\n|-hitcount|p1a: Camerupt|2\n|move|p1a: Camerupt|Overheat|p2a: Scyther\n|-supereffective|p2a: Scyther\n|-damage|p2a: Scyther|0 fnt\n|-unboost|p1a: Camerupt|spa|2\n|faint|p2a: Scyther\n|\n|-heal|p1a: Camerupt|145/275|[from] item: Leftovers\n|upkeep\n|\n|t:|1783553125\n|switch|p2a: Chi-Yu|Chi-Yu, L77|100/100\n|-ability|p2a: Chi-Yu|Beads of Ruin\n|turn|5\n|inactive|Time left: 300 sec this turn | 300 sec total\n|\n|t:|1783553126\n|move|p2a: Chi-Yu|Dark Pulse|p1a: Camerupt\n|-damage|p1a: Camerupt|0 fnt\n|faint|p1a: Camerupt\n|\n|upkeep\n|inactive|Time left: 300 sec this turn | 300 sec total | 5 sec grace\n|\n|t:|1783553127\n|switch|p1a: Dunsparce|Dunsparce, L86, F|312/312\n|turn|6\n|inactive|Time left: 300 sec this turn | 300 sec total\n|\n|t:|1783553128\n|move|p2a: Chi-Yu|Dark Pulse|p1a: Dunsparce\n|-damage|p1a: Dunsparce|158/312\n|move|p1a: Dunsparce|Coil|p1a: Dunsparce\n|-boost|p1a: Dunsparce|atk|1\n|-boost|p1a: Dunsparce|def|1\n|-boost|p1a: Dunsparce|accuracy|1\n|\n|upkeep\n|turn|7\n|inactive|Time left: 300 sec this turn | 300 sec total\n|\n|t:|1783553129\n|move|p2a: Chi-Yu|Dark Pulse|p1a: Dunsparce\n|-damage|p1a: Dunsparce|1/312\n|move|p1a: Dunsparce|Roost|p1a: Dunsparce\n|-heal|p1a: Dunsparce|157/312\n|-singleturn|p1a: Dunsparce|move: Roost\n|\n|upkeep\n|turn|8\n|inactive|Time left: 300 sec this turn | 300 sec total\n|\n|t:|1783553131\n|move|p2a: Chi-Yu|Dark Pulse|p1a: Dunsparce\n|-damage|p1a: Dunsparce|6/312\n|move|p1a: Dunsparce|Body Slam|p2a: Chi-Yu\n|-damage|p2a: Chi-Yu|39/100\n|\n|upkeep\n|turn|9\n|inactive|Time left: 300 sec this turn | 300 sec total\n|\n|t:|1783553132\n|move|p2a: Chi-Yu|Dark Pulse|p1a: Dunsparce\n|-damage|p1a: Dunsparce|0 fnt\n|faint|p1a: Dunsparce\n|\n|upkeep\n|inactive|Time left: 300 sec this turn | 300 sec total | 5 sec grace\n|\n|t:|1783553133\n|switch|p1a: Vespiquen|Vespiquen, L99, F|299/299\n|-ability|p1a: Vespiquen|Pressure\n|turn|10\n|inactive|Time left: 300 sec this turn | 300 sec total\n|\n|t:|1783553134\n|move|p2a: Chi-Yu|Dark Pulse|p1a: Vespiquen\n|-damage|p1a: Vespiquen|163/299\n|move|p1a: Vespiquen|Hurricane|p2a: Chi-Yu\n|-damage|p2a: Chi-Yu|0 fnt\n|faint|p2a: Chi-Yu\n|\n|upkeep\n|\n|t:|1783553135\n|switch|p2a: Sandslash|Sandslash, L89, M|100/100\n|turn|11\n|inactive|Time left: 300 sec this turn | 300 sec total\n|\n|t:|1783553136\n|move|p2a: Sandslash|Stone Edge|p1a: Vespiquen\n|-supereffective|p1a: Vespiquen\n|-damage|p1a: Vespiquen|0 fnt\n|faint|p1a: Vespiquen\n|\n|upkeep\n|inactive|Time left: 300 sec this turn | 300 sec total | 5 sec grace\n|\n|t:|1783553136\n|switch|p1a: Spectrier|Spectrier, L75|274/274\n|turn|12\n|inactive|Time left: 300 sec this turn | 300 sec total\n|\n|t:|1783553137\n|move|p1a: Spectrier|Substitute|p1a: Spectrier\n|-start|p1a: Spectrier|Substitute\n|-damage|p1a: Spectrier|206/274\n|move|p2a: Sandslash|Earthquake|p1a: Spectrier\n|-end|p1a: Spectrier|Substitute\n|\n|-heal|p1a: Spectrier|223/274|[from] item: Leftovers\n|upkeep\n|turn|13\n|inactive|Time left: 300 sec this turn | 300 sec total\n|\n|t:|1783553138\n|move|p1a: Spectrier|Substitute|p1a: Spectrier\n|-start|p1a: Spectrier|Substitute\n|-damage|p1a: Spectrier|155/274\n|move|p2a: Sandslash|Earthquake|p1a: Spectrier\n|-end|p1a: Spectrier|Substitute\n|\n|-heal|p1a: Spectrier|172/274|[from] item: Leftovers\n|upkeep\n|turn|14\n|inactive|Time left: 300 sec this turn | 300 sec total\n|\n|t:|1783553139\n|move|p1a: Spectrier|Substitute|p1a: Spectrier\n|-start|p1a: Spectrier|Substitute\n|-damage|p1a: Spectrier|104/274\n|move|p2a: Sandslash|Earthquake|p1a: Spectrier\n|-end|p1a: Spectrier|Substitute\n|\n|-heal|p1a: Spectrier|121/274|[from] item: Leftovers\n|upkeep\n|turn|15\n|inactive|Time left: 300 sec this turn | 300 sec total\n|\n|t:|1783553140\n|-terastallize|p2a: Sandslash|Steel\n|move|p1a: Spectrier|Substitute|p1a: Spectrier\n|-start|p1a: Spectrier|Substitute\n|-damage|p1a: Spectrier|53/274\n|move|p2a: Sandslash|Earthquake|p1a: Spectrier\n|-end|p1a: Spectrier|Substitute\n|\n|-heal|p1a: Spectrier|70/274|[from] item: Leftovers\n|upkeep\n|turn|16\n|inactive|Time left: 300 sec this turn | 300 sec total\n|\n|t:|1783553141\n|-terastallize|p1a: Spectrier|Fighting\n|move|p1a: Spectrier|Substitute|p1a: Spectrier\n|-start|p1a: Spectrier|Substitute\n|-damage|p1a: Spectrier|2/274\n|move|p2a: Sandslash|Earthquake|p1a: Spectrier\n|-end|p1a: Spectrier|Substitute\n|\n|-heal|p1a: Spectrier|19/274|[from] item: Leftovers\n|upkeep\n|turn|17\n|inactive|Time left: 300 sec this turn | 300 sec total\n|\n|t:|1783553142\n|move|p1a: Spectrier|Nasty Plot|p1a: Spectrier\n|-boost|p1a: Spectrier|spa|2\n|move|p2a: Sandslash|Earthquake|p1a: Spectrier\n|-damage|p1a: Spectrier|0 fnt\n|faint|p1a: Spectrier\n|\n|win|p0y1209b3f8", "uploadtime": 1783553142, "views": 0, "rating": 0, "private": 0, "password": null, "_winner": "p0y1209b3f8", "_our_name": "p0x1209d53b"}