{"id": "battle-gen9randombattle-127", "formatid": "gen9randombattle", "format": "[Gen 9] Random Battle", "players": ["p0x12741ea", "p0y12725e8"], "log": "|init|battle\n|title|p0x12741ea vs. p0y12725e8\n|j|\u2606p0x12741ea\n|j|\u2606p0y12725e8\n|t:|1783540950\n|gametype|singles\n|player|p1|p0x12741ea|266|\n|player|p2|p0y12725e8|170|\n|gen|9\n|tier|[Gen 9] Random Battle\n|rule|Species Clause: Limit one of each Pok\u00e9mon\n|rule|HP Percentage Mod: HP is shown in percentages\n|rule|Sleep Clause Mod: Limit one foe put to sleep\n|rule|Illusion Level Mod: Illusion disguises the Pok\u00e9mon's true level\n|\n|t:|1783540950\n|teamsize|p1|6\n|teamsize|p2|6\n|start\n|switch|p1a: Grafaiai|Grafaiai, L86, F|249/249\n|switch|p2a: Goodra|Goodra-Hisui, L82, M|100/100\n|turn|1\n|inactive|Battle timer is ON: inactive players will automatically lose when time's up. (requested by p0x12741ea)\n|inactive|p0y12725e8 also wants the timer to be on.\n|\n|t:|1783540952\n|move|p1a: Grafaiai|Low Kick|p2a: Goodra\n|-supereffective|p2a: Goodra\n|-damage|p2a: Goodra|20/100\n|-damage|p1a: Grafaiai|225/249|[from] item: Life Orb\n|move|p2a: Goodra|Heavy Slam|p1a: Grafaiai\n|-damage|p1a: Grafaiai|83/249\n|\n|upkeep\n|turn|2\n|inactive|Time left: 300 sec this turn | 300 sec total\n|\n|t:|1783540954\n|switch|p2a: Krookodile|Krookodile, L79, M|100/100\n|-ability|p2a: Krookodile|Intimidate|boost\n|-unboost|p1a: Grafaiai|atk|1\n|move|p1a: Grafaiai|Knock Off|p2a: Krookodile\n|-resisted|p2a: Krookodile\n|-damage|p2a: Krookodile|89/100\n|-enditem|p2a: Krookodile|Life Orb|[from] move: Knock Off|[of] p1a: Grafaiai\n|-damage|p1a: Grafaiai|59/249|[from] item: Life Orb\n|\n|upkeep\n|turn|3\n|inactive|Time left: 300 sec this turn | 300 sec total\n|\n|t:|1783540954\n|move|p1a: Grafaiai|Low Kick|p2a: Krookodile\n|-supereffective|p2a: Krookodile\n|-damage|p2a: Krookodile|46/100\n|-damage|p1a: Grafaiai|35/249|[from] item: Life Orb\n|move|p2a: Krookodile|Stealth Rock|p1a: Grafaiai\n|-sidestart|p1: p0x12741ea|move: Stealth Rock\n|\n|upkeep\n|turn|4\n|inactive|Time left: 300 sec this turn | 300 sec total\n|\n|t:|1783540956\n|move|p1a: Grafaiai|Low Kick|p2a: Krookodile\n|-supereffective|p2a: Krookodile\n|-damage|p2a: Krookodile|3/100\n|-damage|p1a: Grafaiai|11/249|[from] item: Life Orb\n|move|p2a: Krookodile|Knock Off|p1a: Grafaiai\n|-damage|p1a: Grafaiai|0 fnt\n|-enditem|p1a: Grafaiai|Life Orb|[from] move: Knock Off|[of] p2a: Krookodile\n|faint|p1a: Grafaiai\n|\n|upkeep\n|inactive|Time left: 300 sec this turn | 300 sec total | 5 sec grace\n|\n|t:|1783540956\n|switch|p1a: Koraidon|Koraidon, L64|235/235\n|-damage|p1a: Koraidon|221/235|[from] Stealth Rock\n|-weather|SunnyDay|[from] ability: Orichalcum Pulse|[of] p1a: Koraidon\n|-activate|p1a: Koraidon|Orichalcum Pulse|[source]\n|turn|5\n|inactive|Time left: 300 sec this turn | 300 sec total\n|\n|t:|1783540958\n|switch|p2a: Carbink|Carbink, L90|100/100\n|move|p1a: Koraidon|Outrage|p2a: Carbink\n|-immune|p2a: Carbink\n|\n|-weather|SunnyDay|[upkeep]\n|upkeep\n|turn|6\n|inactive|Time left: 300 sec this turn | 300 sec total\n|\n|t:|1783540959\n|move|p1a: Koraidon|Outrage|p2a: Carbink\n|-immune|p2a: Carbink\n|move|p2a: Carbink|Moonblast|p1a: Koraidon\n|-supereffective|p1a: Koraidon\n|-damage|p1a: Koraidon|0 fnt\n|faint|p1a: Koraidon\n|\n|-weather|SunnyDay|[upkeep]\n|upkeep\n|inactive|Time left: 300 sec this turn | 300 sec total | 5 sec grace\n|\n|t:|1783540960\n|switch|p1a: Darkrai|Darkrai, L77|234/234\n|-damage|p1a: Darkrai|205/234|[from] Stealth Rock\n|turn|7\n|inactive|Time left: 300 sec this turn | 300 sec total\n|\n|t:|1783540961\n|-terastallize|p1a: Darkrai|Poison\n|move|p1a: Darkrai|Nasty Plot|p1a: Darkrai\n|-boost|p1a: Darkrai|spa|2\n|move|p2a: Carbink|Moonblast|p1a: Darkrai\n|-resisted|p1a: Darkrai\n|-damage|p1a: Darkrai|165/234\n|\n|-weather|SunnyDay|[upkeep]\n|-heal|p1a: Darkrai|179/234|[from] item: Leftovers\n|upkeep\n|turn|8\n|inactive|Time left: 300 sec this turn | 300 sec total\n|\n|t:|1783540962\n|switch|p2a: Krookodile|Krookodile, L79, M|3/100\n|-ability|p2a: Krookodile|Intimidate|boost\n|-unboost|p1a: Darkrai|atk|1\n|move|p1a: Darkrai|Sludge Bomb|p2a: Krookodile\n|-resisted|p2a: Krookodile\n|-damage|p2a: Krookodile|0 fnt\n|faint|p2a: Krookodile\n|\n|-weather|SunnyDay|[upkeep]\n|-heal|p1a: Darkrai|193/234|[from] item: Leftovers\n|upkeep\n|\n|t:|1783540963\n|switch|p2a: Gallade|Gallade, L80, M|100/100\n|turn|9\n|inactive|Time left: 300 sec this turn | 300 sec total\n|\n|t:|1783540964\n|move|p1a: Darkrai|Sludge Bomb|p2a: Gallade\n|-damage|p2a: Gallade|23/100\n|-status|p2a: Gallade|psn\n|move|p2a: Gallade|Psycho Cut|p1a: Darkrai\n|-supereffective|p1a: Darkrai\n|-damage|p1a: Darkrai|0 fnt\n|faint|p1a: Darkrai\n|-damage|p2a: Gallade|13/100 psn|[from] item: Life Orb\n|\n|-weather|none\n|-damage|p2a: Gallade|0 fnt|[from] psn\n|faint|p2a: Gallade\n|upkeep\n|inactive|Time left: 300 sec this turn | 300 sec total | 5 sec grace\n|\n|t:|1783540965\n|switch|p1a: Lucario|Lucario, L84, F|255/255\n|switch|p2a: Carbink|Carbink, L90|100/100\n|-damage|p1a: Lucario|248/255|[from] Stealth Rock\n|turn|10\n|inactive|Time left: 300 sec this turn | 300 sec total\n|\n|t:|1783540966\n|-terastallize|p2a: Carbink|Fighting\n|move|p1a: Lucario|Meteor Mash|p2a: Carbink\n|-damage|p2a: Carbink|65/100\n|-damage|p1a: Lucario|223/255|[from] item: Life Orb\n|move|p2a: Carbink|Body Press|p1a: Lucario\n|-supereffective|p1a: Lucario\n|-damage|p1a: Lucario|0 fnt\n|faint|p1a: Lucario\n|\n|-heal|p2a: Carbink|71/100|[from] item: Leftovers\n|upkeep\n|inactive|Time left: 300 sec this turn | 300 sec total | 5 sec grace\n|\n|t:|1783540967\n|switch|p1a: Dodrio|Dodrio, L85, M|241/241\n|-damage|p1a: Dodrio|181/241|[from] Stealth Rock\n|turn|11\n|inactive|Time left: 300 sec this turn | 300 sec total\n|\n|t:|1783540968\n|switch|p2a: Eelektross|Eelektross, L87, M|100/100\n|move|p1a: Dodrio|Brave Bird|p2a: Eelektross\n|-resisted|p2a: Eelektross\n|-damage|p2a: Eelektross|59/100\n|-damage|p1a: Dodrio|141/241|[from] Recoil\n|\n|-heal|p2a: Eelektross|65/100|[from] item: Leftovers\n|upkeep\n|turn|12\n|inactive|Time left: 300 sec this turn | 300 sec total\n|\n|t:|1783540969\n|move|p1a: Dodrio|Brave Bird|p2a: Eelektross\n|-resisted|p2a: Eelektross\n|-damage|p2a: Eelektross|23/100\n|-damage|p1a: Dodrio|101/241|[from] Recoil\n|move|p2a: Eelektross|Supercell Slam|p1a: Dodrio\n|-supereffective|p1a: Dodrio\n|-damage|p1a: Dodrio|0 fnt\n|faint|p1a: Dodrio\n|\n|-heal|p2a: Eelektross|29/100|[from] item: Leftovers\n|upkeep\n|inactive|Time left: 300 sec this turn | 300 sec total | 5 sec grace\n|\n|t:|1783540971\n|switch|p1a: Samurott|Samurott-Hisui, L77, F|265/265\n|-damage|p1a: Samurott|232/265|[from] Stealth Rock\n|turn|13\n|inactive|Time left: 300 sec this turn | 300 sec total\n|\n|t:|1783540972\n|move|p1a: Samurott|Sucker Punch|p2a: Eelektross\n|-damage|p2a: Eelektross|0 fnt\n|faint|p2a: Eelektross\n|-damage|p1a: Samurott|206/265|[from] item: Life Orb\n|\n|upkeep\n|\n|t:|1783540972\n|switch|p2a: Carbink|Carbink, L90, tera:Fighting|71/100\n|turn|14\n|inactive|Time left: 300 sec this turn | 300 sec total\n|\n|t:|1783540973\n|move|p1a: Samurott|Razor Shell|p2a: Carbink|[miss]\n|-miss|p1a: Samurott|p2a: Carbink\n|move|p2a: Carbink|Body Press|p1a: Samurott\n|-supereffective|p1a: Samurott\n|-damage|p1a: Samurott|0 fnt\n|faint|p1a: Samurott\n|\n|win|p0y12725e8", "uploadtime": 1783540973, "views": 0, "rating": 0, "private": 0, "password": null, "_winner": "p0y12725e8", "_our_name": "p0x12741ea"}