{"id": "battle-gen9randombattle-169", "formatid": "gen9randombattle", "format": "[Gen 9] Random Battle", "players": ["p0x16943c3", "p0y1694402"], "log": "|init|battle\n|title|p0x16943c3 vs. p0y1694402\n|j|\u2606p0x16943c3\n|j|\u2606p0y1694402\n|t:|1783535695\n|gametype|singles\n|player|p1|p0x16943c3|2|\n|player|p2|p0y1694402|265|\n|gen|9\n|tier|[Gen 9] Random Battle\n|rule|Species Clause: Limit one of each Pok\u00e9mon\n|rule|HP Percentage Mod: HP is shown in percentages\n|rule|Sleep Clause Mod: Limit one foe put to sleep\n|rule|Illusion Level Mod: Illusion disguises the Pok\u00e9mon's true level\n|\n|t:|1783535695\n|teamsize|p1|6\n|teamsize|p2|6\n|start\n|switch|p1a: Kingambit|Kingambit, L74, M|100/100\n|switch|p2a: Rhyperior|Rhyperior, L82, M|323/323\n|turn|1\n|inactive|Battle timer is ON: inactive players will automatically lose when time's up. (requested by p0y1694402)\n|inactive|p0x16943c3 also wants the timer to be on.\n|\n|t:|1783535697\n|move|p1a: Kingambit|Swords Dance|p1a: Kingambit\n|-boost|p1a: Kingambit|atk|2\n|move|p2a: Rhyperior|Earthquake|p1a: Kingambit\n|-supereffective|p1a: Kingambit\n|-damage|p1a: Kingambit|18/100\n|\n|-heal|p1a: Kingambit|23/100|[from] item: Leftovers\n|upkeep\n|turn|2\n|inactive|Time left: 300 sec this turn | 300 sec total\n|\n|t:|1783535698\n|move|p1a: Kingambit|Iron Head|p2a: Rhyperior\n|-supereffective|p2a: Rhyperior\n|-damage|p2a: Rhyperior|116/323\n|-enditem|p2a: Rhyperior|Weakness Policy\n|-boost|p2a: Rhyperior|atk|2|[from] item: Weakness Policy\n|-boost|p2a: Rhyperior|spa|2|[from] item: Weakness Policy\n|move|p2a: Rhyperior|Earthquake|p1a: Kingambit\n|-supereffective|p1a: Kingambit\n|-damage|p1a: Kingambit|0 fnt\n|faint|p1a: Kingambit\n|-end|p1a: Kingambit|fallenundefined|[silent]\n|\n|upkeep\n|\n|t:|1783535699\n|switch|p1a: Rabsca|Rabsca, L91, M|100/100\n|turn|3\n|inactive|Time left: 300 sec this turn | 300 sec total\n|\n|t:|1783535700\n|switch|p2a: Hariyama|Hariyama, L87, M|392/392\n|move|p1a: Rabsca|Psychic|p2a: Hariyama\n|-supereffective|p2a: Hariyama\n|-damage|p2a: Hariyama|92/392\n|\n|-status|p2a: Hariyama|brn|[from] item: Flame Orb\n|upkeep\n|turn|4\n|inactive|Time left: 300 sec this turn | 300 sec total\n|\n|t:|1783535701\n|switch|p2a: Sylveon|Sylveon, L85, F|300/300\n|move|p1a: Rabsca|Psychic|p2a: Sylveon\n|-damage|p2a: Sylveon|201/300\n|\n|-heal|p2a: Sylveon|219/300|[from] item: Leftovers\n|upkeep\n|turn|5\n|inactive|Time left: 300 sec this turn | 300 sec total\n|\n|t:|1783535702\n|move|p2a: Sylveon|Calm Mind|p2a: Sylveon\n|-boost|p2a: Sylveon|spa|1\n|-boost|p2a: Sylveon|spd|1\n|move|p1a: Rabsca|Bug Buzz|p2a: Sylveon\n|-resisted|p2a: Sylveon\n|-damage|p2a: Sylveon|190/300\n|\n|-heal|p2a: Sylveon|208/300|[from] item: Leftovers\n|upkeep\n|turn|6\n|inactive|Time left: 300 sec this turn | 300 sec total\n|\n|t:|1783535703\n|switch|p1a: Iron Crown|Iron Crown, L78|100/100\n|move|p2a: Sylveon|Hyper Voice|p1a: Iron Crown\n|-resisted|p1a: Iron Crown\n|-damage|p1a: Iron Crown|69/100\n|\n|-heal|p1a: Iron Crown|75/100|[from] item: Leftovers\n|-heal|p2a: Sylveon|226/300|[from] item: Leftovers\n|upkeep\n|turn|7\n|inactive|Time left: 300 sec this turn | 300 sec total\n|\n|t:|1783535704\n|move|p1a: Iron Crown|Calm Mind|p1a: Iron Crown\n|-boost|p1a: Iron Crown|spa|1\n|-boost|p1a: Iron Crown|spd|1\n|move|p2a: Sylveon|Hyper Voice|p1a: Iron Crown\n|-resisted|p1a: Iron Crown\n|-damage|p1a: Iron Crown|51/100\n|\n|-heal|p1a: Iron Crown|57/100|[from] item: Leftovers\n|-heal|p2a: Sylveon|244/300|[from] item: Leftovers\n|upkeep\n|turn|8\n|inactive|Time left: 300 sec this turn | 300 sec total\n|\n|t:|1783535705\n|move|p2a: Sylveon|Protect|p2a: Sylveon\n|-singleturn|p2a: Sylveon|Protect\n|move|p1a: Iron Crown|Calm Mind|p1a: Iron Crown\n|-boost|p1a: Iron Crown|spa|1\n|-boost|p1a: Iron Crown|spd|1\n|\n|-heal|p1a: Iron Crown|63/100|[from] item: Leftovers\n|-heal|p2a: Sylveon|262/300|[from] item: Leftovers\n|upkeep\n|turn|9\n|inactive|Time left: 300 sec this turn | 300 sec total\n|\n|t:|1783535706\n|move|p1a: Iron Crown|Psyshock|p2a: Sylveon\n|-damage|p2a: Sylveon|31/300\n|move|p2a: Sylveon|Wish|p2a: Sylveon\n|\n|-heal|p1a: Iron Crown|69/100|[from] item: Leftovers\n|-heal|p2a: Sylveon|49/300|[from] item: Leftovers\n|upkeep\n|turn|10\n|inactive|Time left: 300 sec this turn | 300 sec total\n|\n|t:|1783535706\n|move|p2a: Sylveon|Protect|p2a: Sylveon\n|-singleturn|p2a: Sylveon|Protect\n|move|p1a: Iron Crown|Tachyon Cutter|p2a: Sylveon\n|-activate|p2a: Sylveon|move: Protect\n|\n|-heal|p2a: Sylveon|199/300|[from] move: Wish|[wisher] Sylveon\n|-heal|p1a: Iron Crown|75/100|[from] item: Leftovers\n|-heal|p2a: Sylveon|217/300|[from] item: Leftovers\n|upkeep\n|turn|11\n|inactive|Time left: 300 sec this turn | 300 sec total\n|\n|t:|1783535707\n|-terastallize|p2a: Sylveon|Steel\n|move|p1a: Iron Crown|Psyshock|p2a: Sylveon\n|-resisted|p2a: Sylveon\n|-damage|p2a: Sylveon|112/300\n|move|p2a: Sylveon|Wish|p2a: Sylveon\n|\n|-heal|p1a: Iron Crown|81/100|[from] item: Leftovers\n|-heal|p2a: Sylveon|130/300|[from] item: Leftovers\n|upkeep\n|turn|12\n|inactive|Time left: 300 sec this turn | 300 sec total\n|\n|t:|1783535708\n|move|p2a: Sylveon|Protect|p2a: Sylveon\n|-singleturn|p2a: Sylveon|Protect\n|move|p1a: Iron Crown|Focus Blast|p2a: Sylveon\n|-activate|p2a: Sylveon|move: Protect\n|\n|-heal|p2a: Sylveon|280/300|[from] move: Wish|[wisher] Sylveon\n|-heal|p1a: Iron Crown|87/100|[from] item: Leftovers\n|-heal|p2a: Sylveon|298/300|[from] item: Leftovers\n|upkeep\n|turn|13\n|inactive|Time left: 300 sec this turn | 300 sec total\n|\n|t:|1783535709\n|move|p1a: Iron Crown|Focus Blast|p2a: Sylveon|[miss]\n|-miss|p1a: Iron Crown|p2a: Sylveon\n|move|p2a: Sylveon|Calm Mind|p2a: Sylveon\n|-boost|p2a: Sylveon|spa|1\n|-boost|p2a: Sylveon|spd|1\n|\n|-heal|p1a: Iron Crown|93/100|[from] item: Leftovers\n|-heal|p2a: Sylveon|300/300|[from] item: Leftovers\n|upkeep\n|turn|14\n|inactive|Time left: 300 sec this turn | 300 sec total\n|\n|t:|1783535710\n|move|p1a: Iron Crown|Calm Mind|p1a: Iron Crown\n|-boost|p1a: Iron Crown|spa|1\n|-boost|p1a: Iron Crown|spd|1\n|move|p2a: Sylveon|Calm Mind|p2a: Sylveon\n|-boost|p2a: Sylveon|spa|1\n|-boost|p2a: Sylveon|spd|1\n|\n|-heal|p1a: Iron Crown|99/100|[from] item: Leftovers\n|upkeep\n|turn|15\n|inactive|Time left: 300 sec this turn | 300 sec total\n|\n|t:|1783535711\n|move|p1a: Iron Crown|Calm Mind|p1a: Iron Crown\n|-boost|p1a: Iron Crown|spa|1\n|-boost|p1a: Iron Crown|spd|1\n|move|p2a: Sylveon|Wish|p2a: Sylveon\n|\n|-heal|p1a: Iron Crown|100/100|[from] item: Leftovers\n|upkeep\n|turn|16\n|inactive|Time left: 300 sec this turn | 300 sec total\n|\n|t:|1783535712\n|move|p1a: Iron Crown|Calm Mind|p1a: Iron Crown\n|-boost|p1a: Iron Crown|spa|1\n|-boost|p1a: Iron Crown|spd|1\n|move|p2a: Sylveon|Hyper Voice|p1a: Iron Crown\n|-resisted|p1a: Iron Crown\n|-damage|p1a: Iron Crown|85/100\n|\n|-heal|p1a: Iron Crown|91/100|[from] item: Leftovers\n|upkeep\n|turn|17\n|inactive|Time left: 300 sec this turn | 300 sec total\n|\n|t:|1783535713\n|move|p2a: Sylveon|Protect|p2a: Sylveon\n|-singleturn|p2a: Sylveon|Protect\n|move|p1a: Iron Crown|Psyshock|p2a: Sylveon\n|-activate|p2a: Sylveon|move: Protect\n|\n|-heal|p1a: Iron Crown|97/100|[from] item: Leftovers\n|upkeep\n|turn|18\n|inactive|Time left: 300 sec this turn | 300 sec total\n|\n|t:|1783535714\n|move|p1a: Iron Crown|Psyshock|p2a: Sylveon\n|-resisted|p2a: Sylveon\n|-damage|p2a: Sylveon|116/300\n|move|p2a: Sylveon|Wish|p2a: Sylveon\n|\n|-heal|p1a: Iron Crown|100/100|[from] item: Leftovers\n|-heal|p2a: Sylveon|134/300|[from] item: Leftovers\n|upkeep\n|turn|19\n|inactive|Time left: 300 sec this turn | 300 sec total\n|\n|t:|1783535715\n|move|p2a: Sylveon|Protect|p2a: Sylveon\n|-singleturn|p2a: Sylveon|Protect\n|move|p1a: Iron Crown|Psyshock|p2a: Sylveon\n|-activate|p2a: Sylveon|move: Protect\n|\n|-heal|p2a: Sylveon|284/300|[from] move: Wish|[wisher] Sylveon\n|-heal|p2a: Sylveon|300/300|[from] item: Leftovers\n|upkeep\n|turn|20\n|inactive|Time left: 300 sec this turn | 300 sec total\n|\n|t:|1783535716\n|move|p1a: Iron Crown|Psyshock|p2a: Sylveon\n|-resisted|p2a: Sylveon\n|-damage|p2a: Sylveon|114/300\n|move|p2a: Sylveon|Wish|p2a: Sylveon\n|\n|-heal|p2a: Sylveon|132/300|[from] item: Leftovers\n|upkeep\n|turn|21\n|inactive|Time left: 300 sec this turn | 300 sec total\n|\n|t:|1783535717\n|move|p2a: Sylveon|Protect|p2a: Sylveon\n|-singleturn|p2a: Sylveon|Protect\n|move|p1a: Iron Crown|Psyshock|p2a: Sylveon\n|-activate|p2a: Sylveon|move: Protect\n|\n|-heal|p2a: Sylveon|282/300|[from] move: Wish|[wisher] Sylveon\n|-heal|p2a: Sylveon|300/300|[from] item: Leftovers\n|upkeep\n|turn|22\n|inactive|Time left: 300 sec this turn | 300 sec total\n|\n|t:|1783535718\n|move|p1a: Iron Crown|Psyshock|p2a: Sylveon\n|-resisted|p2a: Sylveon\n|-damage|p2a: Sylveon|102/300\n|move|p2a: Sylveon|Wish|p2a: Sylveon\n|\n|-heal|p2a: Sylveon|120/300|[from] item: Leftovers\n|upkeep\n|turn|23\n|inactive|Time left: 300 sec this turn | 300 sec total\n|\n|t:|1783535719\n|move|p2a: Sylveon|Protect|p2a: Sylveon\n|-singleturn|p2a: Sylveon|Protect\n|move|p1a: Iron Crown|Psyshock|p2a: Sylveon\n|-activate|p2a: Sylveon|move: Protect\n|\n|-heal|p2a: Sylveon|270/300|[from] move: Wish|[wisher] Sylveon\n|-heal|p2a: Sylveon|288/300|[from] item: Leftovers\n|upkeep\n|turn|24\n|inactive|Time left: 300 sec this turn | 300 sec total\n|\n|t:|1783535720\n|move|p1a: Iron Crown|Psyshock|p2a: Sylveon\n|-resisted|p2a: Sylveon\n|-damage|p2a: Sylveon|102/300\n|move|p2a: Sylveon|Wish|p2a: Sylveon\n|\n|-heal|p2a: Sylveon|120/300|[from] item: Leftovers\n|upkeep\n|turn|25\n|inactive|Time left: 300 sec this turn | 300 sec total\n|\n|t:|1783535722\n|move|p2a: Sylveon|Protect|p2a: Sylveon\n|-singleturn|p2a: Sylveon|Protect\n|move|p1a: Iron Crown|Psyshock|p2a: Sylveon\n|-activate|p2a: Sylveon|move: Protect\n|\n|-heal|p2a: Sylveon|270/300|[from] move: Wish|[wisher] Sylveon\n|-heal|p2a: Sylveon|288/300|[from] item: Leftovers\n|upkeep\n|turn|26\n|inactive|Time left: 300 sec this turn | 300 sec total\n|\n|t:|1783535723\n|move|p1a: Iron Crown|Psyshock|p2a: Sylveon\n|-resisted|p2a: Sylveon\n|-damage|p2a: Sylveon|93/300\n|move|p2a: Sylveon|Wish|p2a: Sylveon\n|\n|-heal|p2a: Sylveon|111/300|[from] item: Leftovers\n|upkeep\n|turn|27\n|inactive|Time left: 300 sec this turn | 300 sec total\n|\n|t:|1783535724\n|move|p2a: Sylveon|Protect|p2a: Sylveon\n|-singleturn|p2a: Sylveon|Protect\n|move|p1a: Iron Crown|Psyshock|p2a: Sylveon\n|-activate|p2a: Sylveon|move: Protect\n|\n|-heal|p2a: Sylveon|261/300|[from] move: Wish|[wisher] Sylveon\n|-heal|p2a: Sylveon|279/300|[from] item: Leftovers\n|upkeep\n|turn|28\n|inactive|Time left: 300 sec this turn | 300 sec total\n|\n|t:|1783535725\n|move|p1a: Iron Crown|Psyshock|p2a: Sylveon\n|-resisted|p2a: Sylveon\n|-damage|p2a: Sylveon|101/300\n|move|p2a: Sylveon|Wish|p2a: Sylveon\n|\n|-heal|p2a: Sylveon|119/300|[from] item: Leftovers\n|upkeep\n|turn|29\n|inactive|Time left: 300 sec this turn | 300 sec total\n|\n|t:|1783535726\n|move|p2a: Sylveon|Protect|p2a: Sylveon\n|-singleturn|p2a: Sylveon|Protect\n|move|p1a: Iron Crown|Focus Blast|p2a: Sylveon\n|-activate|p2a: Sylveon|move: Protect\n|\n|-heal|p2a: Sylveon|269/300|[from] move: Wish|[wisher] Sylveon\n|-heal|p2a: Sylveon|287/300|[from] item: Leftovers\n|upkeep\n|turn|30\n|inactive|Time left: 300 sec this turn | 300 sec total\n|\n|t:|1783535727\n|move|p1a: Iron Crown|Psyshock|p2a: Sylveon\n|-resisted|p2a: Sylveon\n|-damage|p2a: Sylveon|103/300\n|move|p2a: Sylveon|Wish|p2a: Sylveon\n|\n|-heal|p2a: Sylveon|121/300|[from] item: Leftovers\n|upkeep\n|turn|31\n|inactive|Time left: 300 sec this turn | 300 sec total\n|\n|t:|1783535728\n|move|p2a: Sylveon|Protect|p2a: Sylveon\n|-singleturn|p2a: Sylveon|Protect\n|move|p1a: Iron Crown|Psyshock|p2a: Sylveon\n|-activate|p2a: Sylveon|move: Protect\n|\n|-heal|p2a: Sylveon|271/300|[from] move: Wish|[wisher] Sylveon\n|-heal|p2a: Sylveon|289/300|[from] item: Leftovers\n|upkeep\n|turn|32\n|inactive|Time left: 300 sec this turn | 300 sec total\n|\n|t:|1783535729\n|move|p1a: Iron Crown|Focus Blast|p2a: Sylveon\n|-supereffective|p2a: Sylveon\n|-damage|p2a: Sylveon|117/300\n|move|p2a: Sylveon|Wish|p2a: Sylveon\n|\n|-heal|p2a: Sylveon|135/300|[from] item: Leftovers\n|upkeep\n|turn|33\n|inactive|Time left: 300 sec this turn | 300 sec total\n|\n|t:|1783535731\n|move|p2a: Sylveon|Protect|p2a: Sylveon\n|-singleturn|p2a: Sylveon|Protect\n|move|p1a: Iron Crown|Focus Blast|p2a: Sylveon\n|-activate|p2a: Sylveon|move: Protect\n|\n|-heal|p2a: Sylveon|285/300|[from] move: Wish|[wisher] Sylveon\n|-heal|p2a: Sylveon|300/300|[from] item: Leftovers\n|upkeep\n|turn|34\n|inactive|Time left: 300 sec this turn | 300 sec total\n|\n|t:|1783535732\n|move|p1a: Iron Crown|Focus Blast|p2a: Sylveon|[miss]\n|-miss|p1a: Iron Crown|p2a: Sylveon\n|move|p2a: Sylveon|Wish|p2a: Sylveon\n|\n|upkeep\n|turn|35\n|inactive|Time left: 300 sec this turn | 300 sec total\n|\n|t:|1783535733\n|move|p1a: Iron Crown|Calm Mind|p1a: Iron Crown\n|-boost|p1a: Iron Crown|spa|1\n|-boost|p1a: Iron Crown|spd|1\n|move|p2a: Sylveon|Calm Mind|p2a: Sylveon\n|-boost|p2a: Sylveon|spa|1\n|-boost|p2a: Sylveon|spd|1\n|\n|upkeep\n|turn|36\n|inactive|Time left: 300 sec this turn | 300 sec total\n|\n|t:|1783535734\n|move|p2a: Sylveon|Protect|p2a: Sylveon\n|-singleturn|p2a: Sylveon|Protect\n|move|p1a: Iron Crown|Focus Blast|p2a: Sylveon\n|-activate|p2a: Sylveon|move: Protect\n|\n|upkeep\n|turn|37\n|inactive|Time left: 300 sec this turn | 300 sec total\n|\n|t:|1783535735\n|move|p1a: Iron Crown|Tachyon Cutter|p2a: Sylveon\n|-resisted|p2a: Sylveon\n|-damage|p2a: Sylveon|273/300\n|-resisted|p2a: Sylveon\n|-damage|p2a: Sylveon|248/300\n|-hitcount|p2a: Sylveon|2\n|move|p2a: Sylveon|Wish|p2a: Sylveon\n|\n|-heal|p2a: Sylveon|266/300|[from] item: Leftovers\n|upkeep\n|turn|38\n|inactive|Time left: 300 sec this turn | 300 sec total\n|\n|t:|1783535736\n|move|p1a: Iron Crown|Tachyon Cutter|p2a: Sylveon\n|-resisted|p2a: Sylveon\n|-damage|p2a: Sylveon|237/300\n|-resisted|p2a: Sylveon\n|-crit|p2a: Sylveon\n|-damage|p2a: Sylveon|119/300\n|-hitcount|p2a: Sylveon|2\n|move|p2a: Sylveon|Hyper Voice|p1a: Iron Crown\n|-resisted|p1a: Iron Crown\n|-damage|p1a: Iron Crown|83/100\n|\n|-heal|p2a: Sylveon|269/300|[from] move: Wish|[wisher] Sylveon\n|-heal|p1a: Iron Crown|89/100|[from] item: Leftovers\n|-heal|p2a: Sylveon|287/300|[from] item: Leftovers\n|upkeep\n|turn|39\n|inactive|Time left: 300 sec this turn | 300 sec total\n|\n|t:|1783535737\n|move|p2a: Sylveon|Protect|p2a: Sylveon\n|-singleturn|p2a: Sylveon|Protect\n|move|p1a: Iron Crown|Tachyon Cutter|p2a: Sylveon\n|-activate|p2a: Sylveon|move: Protect\n|\n|-heal|p1a: Iron Crown|95/100|[from] item: Leftovers\n|-heal|p2a: Sylveon|300/300|[from] item: Leftovers\n|upkeep\n|turn|40\n|inactive|Time left: 300 sec this turn | 300 sec total\n|\n|t:|1783535738\n|move|p1a: Iron Crown|Tachyon Cutter|p2a: Sylveon\n|-resisted|p2a: Sylveon\n|-damage|p2a: Sylveon|275/300\n|-resisted|p2a: Sylveon\n|-damage|p2a: Sylveon|246/300\n|-hitcount|p2a: Sylveon|2\n|move|p2a: Sylveon|Hyper Voice|p1a: Iron Crown\n|-resisted|p1a: Iron Crown\n|-damage|p1a: Iron Crown|77/100\n|\n|-heal|p1a: Iron Crown|83/100|[from] item: Leftovers\n|-heal|p2a: Sylveon|264/300|[from] item: Leftovers\n|upkeep\n|turn|41\n|inactive|Time left: 300 sec this turn | 300 sec total\n|\n|t:|1783535739\n|move|p2a: Sylveon|Protect|p2a: Sylveon\n|-singleturn|p2a: Sylveon|Protect\n|move|p1a: Iron Crown|Tachyon Cutter|p2a: Sylveon\n|-activate|p2a: Sylveon|move: Protect\n|\n|-heal|p1a: Iron Crown|89/100|[from] item: Leftovers\n|-heal|p2a: Sylveon|282/300|[from] item: Leftovers\n|upkeep\n|turn|42\n|inactive|Time left: 300 sec this turn | 300 sec total\n|\n|t:|1783535740\n|move|p1a: Iron Crown|Tachyon Cutter|p2a: Sylveon\n|-resisted|p2a: Sylveon\n|-damage|p2a: Sylveon|252/300\n|-resisted|p2a: Sylveon\n|-damage|p2a: Sylveon|222/300\n|-hitcount|p2a: Sylveon|2\n|move|p2a: Sylveon|Hyper Voice|p1a: Iron Crown\n|-resisted|p1a: Iron Crown\n|-damage|p1a: Iron Crown|71/100\n|\n|-heal|p1a: Iron Crown|77/100|[from] item: Leftovers\n|-heal|p2a: Sylveon|240/300|[from] item: Leftovers\n|upkeep\n|turn|43\n|inactive|Time left: 300 sec this turn | 300 sec total\n|\n|t:|1783535741\n|move|p1a: Iron Crown|Tachyon Cutter|p2a: Sylveon\n|-resisted|p2a: Sylveon\n|-crit|p2a: Sylveon\n|-damage|p2a: Sylveon|120/300\n|-resisted|p2a: Sylveon\n|-damage|p2a: Sylveon|94/300\n|-hitcount|p2a: Sylveon|2\n|move|p2a: Sylveon|Wish|p2a: Sylveon\n|\n|-heal|p1a: Iron Crown|83/100|[from] item: Leftovers\n|-heal|p2a: Sylveon|112/300|[from] item: Leftovers\n|upkeep\n|turn|44\n|inactive|Time left: 300 sec this turn | 300 sec total\n|\n|t:|1783535742\n|move|p2a: Sylveon|Protect|p2a: Sylveon\n|-singleturn|p2a: Sylveon|Protect\n|move|p1a: Iron Crown|Tachyon Cutter|p2a: Sylveon\n|-activate|p2a: Sylveon|move: Protect\n|\n|-heal|p2a: Sylveon|262/300|[from] move: Wish|[wisher] Sylveon\n|-heal|p1a: Iron Crown|89/100|[from] item: Leftovers\n|-heal|p2a: Sylveon|280/300|[from] item: Leftovers\n|upkeep\n|turn|45\n|inactive|Time left: 300 sec this turn | 300 sec total\n|\n|t:|1783535743\n|move|p1a: Iron Crown|Tachyon Cutter|p2a: Sylveon\n|-resisted|p2a: Sylveon\n|-damage|p2a: Sylveon|252/300\n|-resisted|p2a: Sylveon\n|-damage|p2a: Sylveon|227/300\n|-hitcount|p2a: Sylveon|2\n|move|p2a: Sylveon|Hyper Voice|p1a: Iron Crown\n|-resisted|p1a: Iron Crown\n|-damage|p1a: Iron Crown|71/100\n|\n|-heal|p1a: Iron Crown|77/100|[from] item: Leftovers\n|-heal|p2a: Sylveon|245/300|[from] item: Leftovers\n|upkeep\n|turn|46\n|inactive|Time left: 300 sec this turn | 300 sec total\n|\n|t:|1783535744\n|-terastallize|p1a: Iron Crown|Fighting\n|move|p1a: Iron Crown|Focus Blast|p2a: Sylveon\n|-supereffective|p2a: Sylveon\n|-damage|p2a: Sylveon|0 fnt\n|faint|p2a: Sylveon\n|\n|-heal|p1a: Iron Crown|83/100|[from] item: Leftovers\n|upkeep\n|inactive|Time left: 300 sec this turn | 300 sec total | 5 sec grace\n|\n|t:|1783535745\n|switch|p2a: Infernape|Infernape, L82, M|259/259\n|turn|47\n|inactive|Time left: 300 sec this turn | 300 sec total\n|\n|t:|1783535746\n|move|p2a: Infernape|Close Combat|p1a: Iron Crown\n|-damage|p1a: Iron Crown|13/100\n|-unboost|p2a: Infernape|def|1\n|-unboost|p2a: Infernape|spd|1\n|move|p1a: Iron Crown|Tachyon Cutter|p2a: Infernape\n|-resisted|p2a: Infernape\n|-damage|p2a: Infernape|64/259\n|-resisted|p2a: Infernape\n|-damage|p2a: Infernape|0 fnt\n|faint|p2a: Infernape\n|-hitcount|p2: Infernape|2\n|\n|-heal|p1a: Iron Crown|19/100|[from] item: Leftovers\n|upkeep\n|inactive|Time left: 300 sec this turn | 300 sec total | 5 sec grace\n|\n|t:|1783535747\n|switch|p2a: Scream Tail|Scream Tail, L84|330/330\n|turn|48\n|inactive|Time left: 300 sec this turn | 300 sec total\n|\n|t:|1783535748\n|move|p2a: Scream Tail|Play Rough|p1a: Iron Crown\n|-supereffective|p1a: Iron Crown\n|-damage|p1a: Iron Crown|0 fnt\n|faint|p1a: Iron Crown\n|-end|p1a: Iron Crown|Quark Drive|[silent]\n|\n|upkeep\n|\n|t:|1783535749\n|switch|p1a: Vigoroth|Vigoroth, L85, F|100/100\n|turn|49\n|inactive|Time left: 300 sec this turn | 300 sec total\n|\n|t:|1783535750\n|move|p2a: Scream Tail|Thunder Wave|p1a: Vigoroth\n|-status|p1a: Vigoroth|par\n|cant|p1a: Vigoroth|par\n|\n|upkeep\n|turn|50\n|inactive|Time left: 300 sec this turn | 300 sec total\n|\n|t:|1783535751\n|move|p2a: Scream Tail|Wish|p2a: Scream Tail\n|move|p1a: Vigoroth|Bulk Up|p1a: Vigoroth\n|-boost|p1a: Vigoroth|atk|1\n|-boost|p1a: Vigoroth|def|1\n|\n|upkeep\n|turn|51\n|inactive|Time left: 300 sec this turn | 300 sec total\n|\n|t:|1783535751\n|-end|p2a: Scream Tail|Protosynthesis|[silent]\n|switch|p2a: Rhyperior|Rhyperior, L82, M|116/323\n|move|p1a: Vigoroth|Earthquake|p2a: Rhyperior\n|-supereffective|p2a: Rhyperior\n|-damage|p2a: Rhyperior|13/323\n|\n|-heal|p2a: Rhyperior|178/323|[from] move: Wish|[wisher] Scream Tail\n|upkeep\n|turn|52\n|inactive|Time left: 300 sec this turn | 300 sec total\n|\n|t:|1783535752\n|move|p2a: Rhyperior|Rock Polish|p2a: Rhyperior\n|-boost|p2a: Rhyperior|spe|2\n|move|p1a: Vigoroth|Earthquake|p2a: Rhyperior\n|-supereffective|p2a: Rhyperior\n|-damage|p2a: Rhyperior|64/323\n|\n|upkeep\n|turn|53\n|inactive|Time left: 300 sec this turn | 300 sec total\n|\n|t:|1783535753\n|move|p2a: Rhyperior|Stone Edge|p1a: Vigoroth|[miss]\n|-miss|p2a: Rhyperior|p1a: Vigoroth\n|cant|p1a: Vigoroth|par\n|\n|upkeep\n|turn|54\n|inactive|Time left: 300 sec this turn | 300 sec total\n|\n|t:|1783535754\n|move|p2a: Rhyperior|Stone Edge|p1a: Vigoroth\n|-damage|p1a: Vigoroth|76/100 par\n|move|p1a: Vigoroth|Earthquake|p2a: Rhyperior\n|-supereffective|p2a: Rhyperior\n|-damage|p2a: Rhyperior|0 fnt\n|faint|p2a: Rhyperior\n|\n|upkeep\n|inactive|Time left: 300 sec this turn | 300 sec total | 5 sec grace\n|\n|t:|1783535755\n|switch|p2a: Hariyama|Hariyama, L87, M|92/392 brn\n|turn|55\n|inactive|Time left: 300 sec this turn | 300 sec total\n|\n|t:|1783535756\n|move|p2a: Hariyama|Close Combat|p1a: Vigoroth\n|-supereffective|p1a: Vigoroth\n|-damage|p1a: Vigoroth|0 fnt\n|-unboost|p2a: Hariyama|def|1\n|-unboost|p2a: Hariyama|spd|1\n|faint|p1a: Vigoroth\n|\n|-damage|p2a: Hariyama|68/392 brn|[from] brn\n|upkeep\n|\n|t:|1783535757\n|switch|p1a: Hawlucha|Hawlucha, L80, M|100/100\n|turn|56\n|inactive|Time left: 300 sec this turn | 300 sec total\n|\n|t:|1783535757\n|switch|p2a: Scream Tail|Scream Tail, L84|330/330\n|move|p1a: Hawlucha|Sludge Bomb|p2a: Scream Tail\n|-supereffective|p2a: Scream Tail\n|-damage|p2a: Scream Tail|148/330\n|\n|-heal|p2a: Scream Tail|168/330|[from] item: Leftovers\n|upkeep\n|turn|57\n|inactive|Time left: 300 sec this turn | 300 sec total\n|\n|t:|1783535758\n|move|p2a: Scream Tail|Protect|p2a: Scream Tail\n|-singleturn|p2a: Scream Tail|Protect\n|move|p1a: Hawlucha|Sludge Bomb|p2a: Scream Tail\n|-activate|p2a: Scream Tail|move: Protect\n|\n|-heal|p2a: Scream Tail|188/330|[from] item: Leftovers\n|upkeep\n|turn|58\n|inactive|Time left: 300 sec this turn | 300 sec total\n|\n|t:|1783535759\n|move|p2a: Scream Tail|Play Rough|p1a: Hawlucha\n|-supereffective|p1a: Hawlucha\n|-damage|p1a: Hawlucha|14/100\n|-unboost|p1a: Hawlucha|atk|1\n|replace|p1a: Zoroark|Zoroark, L83, F\n|-end|p1a: Zoroark|Illusion\n|-hint|Illusion Level Mod is active, so this Pok\u00e9mon's true level was hidden.\n|move|p1a: Zoroark|Sludge Bomb|p2a: Scream Tail\n|-supereffective|p2a: Scream Tail\n|-damage|p2a: Scream Tail|2/330\n|-status|p2a: Scream Tail|psn\n|\n|-heal|p2a: Scream Tail|22/330 psn|[from] item: Leftovers\n|-damage|p2a: Scream Tail|0 fnt|[from] psn\n|faint|p2a: Scream Tail\n|-end|p2a: Scream Tail|Protosynthesis|[silent]\n|upkeep\n|inactive|Time left: 300 sec this turn | 300 sec total | 5 sec grace\n|\n|t:|1783535760\n|switch|p2a: Serperior|Serperior, L79, F|248/248\n|turn|59\n|inactive|Time left: 300 sec this turn | 300 sec total\n|\n|t:|1783535761\n|move|p2a: Serperior|Glare|p1a: Zoroark\n|-status|p1a: Zoroark|par\n|move|p1a: Zoroark|Sludge Bomb|p2a: Serperior\n|-supereffective|p2a: Serperior\n|-damage|p2a: Serperior|32/248\n|\n|upkeep\n|turn|60\n|inactive|Time left: 300 sec this turn | 300 sec total\n|\n|t:|1783535762\n|move|p2a: Serperior|Synthesis|p2a: Serperior\n|-heal|p2a: Serperior|156/248\n|move|p1a: Zoroark|Sludge Bomb|p2a: Serperior\n|-supereffective|p2a: Serperior\n|-crit|p2a: Serperior\n|-damage|p2a: Serperior|0 fnt\n|faint|p2a: Serperior\n|\n|upkeep\n|inactive|Time left: 300 sec this turn | 300 sec total | 5 sec grace\n|\n|t:|1783535763\n|switch|p2a: Hariyama|Hariyama, L87, M|68/392 brn\n|turn|61\n|inactive|Time left: 300 sec this turn | 300 sec total\n|\n|t:|1783535764\n|move|p2a: Hariyama|Knock Off|p1a: Zoroark\n|-resisted|p1a: Zoroark\n|-damage|p1a: Zoroark|0 fnt\n|-enditem|p1a: Zoroark|Choice Specs|[from] move: Knock Off|[of] p2a: Hariyama\n|faint|p1a: Zoroark\n|\n|-damage|p2a: Hariyama|44/392 brn|[from] brn\n|upkeep\n|\n|t:|1783535765\n|switch|p1a: Hawlucha|Hawlucha, L80, M|100/100\n|turn|62\n|inactive|Time left: 300 sec this turn | 300 sec total\n|\n|t:|1783535766\n|move|p1a: Hawlucha|Acrobatics|p2a: Hariyama\n|-supereffective|p2a: Hariyama\n|-damage|p2a: Hariyama|0 fnt\n|faint|p2a: Hariyama\n|\n|win|p0x16943c3", "uploadtime": 1783535766, "views": 0, "rating": 0, "private": 0, "password": null, "_winner": "p0x16943c3", "_our_name": "p0y1694402"}