{"id": "battle-gen9randombattle-2244", "formatid": "gen9randombattle", "format": "[Gen 9] Random Battle", "players": ["p0x2244f244", "p0y22446b51"], "log": "|init|battle\n|title|p0x2244f244 vs. p0y22446b51\n|j|\u2606p0x2244f244\n|j|\u2606p0y22446b51\n|t:|1783566014\n|gametype|singles\n|player|p1|p0x2244f244|170|\n|player|p2|p0y22446b51|169|\n|gen|9\n|tier|[Gen 9] Random Battle\n|rule|Species Clause: Limit one of each Pok\u00e9mon\n|rule|HP Percentage Mod: HP is shown in percentages\n|rule|Sleep Clause Mod: Limit one foe put to sleep\n|rule|Illusion Level Mod: Illusion disguises the Pok\u00e9mon's true level\n|\n|t:|1783566014\n|teamsize|p1|6\n|teamsize|p2|6\n|start\n|switch|p1a: Pyroar|Pyroar, L88, M|295/295\n|switch|p2a: Ribombee|Ribombee, L83, F|100/100\n|-ability|p1a: Pyroar|Unnerve\n|turn|1\n|inactive|Battle timer is ON: inactive players will automatically lose when time's up. (requested by p0y22446b51)\n|inactive|Time left: 300 sec this turn | 300 sec total | 60 sec grace\n|inactive|p0x2244f244 also wants the timer to be on.\n|\n|t:|1783566016\n|move|p2a: Ribombee|Sticky Web|p1a: Pyroar\n|-sidestart|p1: p0x2244f244|move: Sticky Web\n|move|p1a: Pyroar|Fire Blast|p2a: Ribombee\n|-supereffective|p2a: Ribombee\n|-enditem|p2a: Ribombee|Focus Sash\n|-damage|p2a: Ribombee|1/100\n|\n|upkeep\n|turn|2\n|inactive|Time left: 300 sec this turn | 300 sec total\n|\n|t:|1783566017\n|move|p2a: Ribombee|Moonblast|p1a: Pyroar\n|-resisted|p1a: Pyroar\n|-damage|p1a: Pyroar|238/295\n|move|p1a: Pyroar|Work Up|p1a: Pyroar\n|-boost|p1a: Pyroar|atk|1\n|-boost|p1a: Pyroar|spa|1\n|\n|upkeep\n|turn|3\n|inactive|Time left: 300 sec this turn | 300 sec total\n|\n|t:|1783566018\n|move|p2a: Ribombee|Stun Spore|p1a: Pyroar\n|-status|p1a: Pyroar|par\n|move|p1a: Pyroar|Work Up|p1a: Pyroar\n|-boost|p1a: Pyroar|atk|1\n|-boost|p1a: Pyroar|spa|1\n|\n|upkeep\n|turn|4\n|inactive|Time left: 300 sec this turn | 300 sec total\n|\n|t:|1783566019\n|move|p2a: Ribombee|Bug Buzz|p1a: Pyroar\n|-resisted|p1a: Pyroar\n|-damage|p1a: Pyroar|181/295 par\n|move|p1a: Pyroar|Fire Blast|p2a: Ribombee\n|-supereffective|p2a: Ribombee\n|-damage|p2a: Ribombee|0 fnt\n|faint|p2a: Ribombee\n|\n|upkeep\n|\n|t:|1783566019\n|switch|p2a: Pelipper|Pelipper, L86, F|100/100\n|-weather|RainDance|[from] ability: Drizzle|[of] p2a: Pelipper\n|turn|5\n|inactive|Time left: 300 sec this turn | 300 sec total\n|\n|t:|1783566020\n|move|p2a: Pelipper|Hurricane|p1a: Pyroar\n|-damage|p1a: Pyroar|0 fnt\n|faint|p1a: Pyroar\n|\n|-weather|RainDance|[upkeep]\n|upkeep\n|inactive|Time left: 300 sec this turn | 300 sec total | 5 sec grace\n|\n|t:|1783566021\n|switch|p1a: Hatterene|Hatterene, L85, F|236/236\n|-activate|p1a: Hatterene|move: Sticky Web\n|-unboost|p1a: Hatterene|spe|1\n|turn|6\n|inactive|Time left: 300 sec this turn | 300 sec total\n|\n|t:|1783566022\n|move|p2a: Pelipper|Hurricane|p1a: Hatterene\n|-damage|p1a: Hatterene|125/236\n|move|p1a: Hatterene|Draining Kiss|p2a: Pelipper\n|-damage|p2a: Pelipper|64/100\n|-heal|p1a: Hatterene|191/236|[from] drain|[of] p2a: Pelipper\n|\n|-weather|RainDance|[upkeep]\n|upkeep\n|turn|7\n|inactive|Time left: 300 sec this turn | 300 sec total\n|\n|t:|1783566024\n|move|p2a: Pelipper|Hurricane|p1a: Hatterene\n|-damage|p1a: Hatterene|82/236\n|move|p1a: Hatterene|Draining Kiss|p2a: Pelipper\n|-crit|p2a: Pelipper\n|-damage|p2a: Pelipper|11/100\n|-heal|p1a: Hatterene|179/236|[from] drain|[of] p2a: Pelipper\n|\n|-weather|RainDance|[upkeep]\n|upkeep\n|turn|8\n|inactive|Time left: 300 sec this turn | 300 sec total\n|\n|t:|1783566025\n|move|p2a: Pelipper|Hurricane|p1a: Hatterene\n|-damage|p1a: Hatterene|73/236\n|move|p1a: Hatterene|Draining Kiss|p2a: Pelipper\n|-damage|p2a: Pelipper|0 fnt\n|-heal|p1a: Hatterene|93/236|[from] drain|[of] p2a: Pelipper\n|faint|p2a: Pelipper\n|\n|-weather|RainDance|[upkeep]\n|upkeep\n|\n|t:|1783566026\n|switch|p2a: Morpeko|Morpeko, L88, M|100/100\n|turn|9\n|inactive|Time left: 300 sec this turn | 300 sec total\n|\n|t:|1783566027\n|move|p2a: Morpeko|Aura Wheel|p1a: Hatterene\n|-damage|p1a: Hatterene|0 fnt\n|-boost|p2a: Morpeko|spe|1\n|faint|p1a: Hatterene\n|\n|-weather|none\n|-formechange|p2a: Morpeko|Morpeko-Hangry||[from] ability: Hunger Switch\n|upkeep\n|inactive|Time left: 300 sec this turn | 300 sec total | 5 sec grace\n|\n|t:|1783566028\n|switch|p1a: Urshifu|Urshifu, L74, M|270/270\n|-activate|p1a: Urshifu|move: Sticky Web\n|-unboost|p1a: Urshifu|spe|1\n|turn|10\n|inactive|Time left: 300 sec this turn | 300 sec total\n|\n|t:|1783566029\n|switch|p2a: Stonjourner|Stonjourner, L91, F|100/100\n|move|p1a: Urshifu|Close Combat|p2a: Stonjourner\n|-supereffective|p2a: Stonjourner\n|-damage|p2a: Stonjourner|24/100\n|-unboost|p1a: Urshifu|def|1\n|-unboost|p1a: Urshifu|spd|1\n|\n|upkeep\n|turn|11\n|inactive|Time left: 300 sec this turn | 300 sec total\n|\n|t:|1783566031\n|-terastallize|p2a: Stonjourner|Fire\n|move|p2a: Stonjourner|Heat Crash|p1a: Urshifu\n|-damage|p1a: Urshifu|0 fnt\n|faint|p1a: Urshifu\n|-damage|p2a: Stonjourner|14/100|[from] item: Life Orb\n|\n|upkeep\n|inactive|Time left: 300 sec this turn | 300 sec total | 5 sec grace\n|\n|t:|1783566032\n|switch|p1a: Eiscue|Eiscue, L88, M|274/274\n|-activate|p1a: Eiscue|move: Sticky Web\n|-unboost|p1a: Eiscue|spe|1\n|turn|12\n|inactive|Time left: 300 sec this turn | 300 sec total\n|\n|t:|1783566032\n|switch|p2a: Lumineon|Lumineon, L93, F|100/100\n|move|p1a: Eiscue|Belly Drum|p1a: Eiscue\n|-damage|p1a: Eiscue|137/274\n|-setboost|p1a: Eiscue|atk|6|[from] move: Belly Drum\n|-enditem|p1a: Eiscue|Sitrus Berry|[eat]\n|-heal|p1a: Eiscue|205/274|[from] item: Sitrus Berry\n|\n|upkeep\n|turn|13\n|inactive|Time left: 300 sec this turn | 300 sec total\n|\n|t:|1783566033\n|switch|p1a: Hitmonlee|Hitmonlee, L85, M|224/224\n|-activate|p1a: Hitmonlee|move: Sticky Web\n|-unboost|p1a: Hitmonlee|spe|1\n|-enditem|p1a: Hitmonlee|White Herb\n|-clearnegativeboost|p1a: Hitmonlee|[silent]\n|move|p2a: Lumineon|Encore||[still]\n|-fail|p2a: Lumineon\n|\n|upkeep\n|turn|14\n|inactive|Time left: 300 sec this turn | 300 sec total\n|\n|t:|1783566034\n|move|p1a: Hitmonlee|Swords Dance|p1a: Hitmonlee\n|-boost|p1a: Hitmonlee|atk|2\n|move|p2a: Lumineon|Encore|p1a: Hitmonlee\n|-start|p1a: Hitmonlee|Encore\n|\n|upkeep\n|turn|15\n|inactive|Time left: 300 sec this turn | 300 sec total\n|\n|t:|1783566035\n|switch|p1a: Magearna|Magearna, L77|250/250\n|-activate|p1a: Magearna|move: Sticky Web\n|-unboost|p1a: Magearna|spe|1\n|move|p2a: Lumineon|Hydro Pump|p1a: Magearna\n|-damage|p1a: Magearna|148/250\n|\n|-heal|p1a: Magearna|163/250|[from] item: Leftovers\n|upkeep\n|turn|16\n|inactive|Time left: 300 sec this turn | 300 sec total\n|\n|t:|1783566036\n|move|p2a: Lumineon|Hydro Pump|p1a: Magearna\n|-damage|p1a: Magearna|66/250\n|move|p1a: Magearna|Flash Cannon|p2a: Lumineon\n|-resisted|p2a: Lumineon\n|-damage|p2a: Lumineon|85/100\n|\n|-heal|p1a: Magearna|81/250|[from] item: Leftovers\n|upkeep\n|turn|17\n|inactive|Time left: 300 sec this turn | 300 sec total\n|\n|t:|1783566038\n|move|p2a: Lumineon|Hydro Pump|p1a: Magearna\n|-damage|p1a: Magearna|0 fnt\n|faint|p1a: Magearna\n|\n|upkeep\n|inactive|Time left: 300 sec this turn | 300 sec total | 5 sec grace\n|\n|t:|1783566039\n|switch|p1a: Hitmonlee|Hitmonlee, L85, M|224/224\n|-activate|p1a: Hitmonlee|move: Sticky Web\n|-unboost|p1a: Hitmonlee|spe|1\n|turn|18\n|inactive|Time left: 300 sec this turn | 300 sec total\n|\n|t:|1783566039\n|move|p2a: Lumineon|Ice Beam|p1a: Hitmonlee\n|-damage|p1a: Hitmonlee|177/224\n|move|p1a: Hitmonlee|Close Combat|p2a: Lumineon\n|-damage|p2a: Lumineon|33/100\n|-unboost|p1a: Hitmonlee|def|1\n|-unboost|p1a: Hitmonlee|spd|1\n|\n|upkeep\n|turn|19\n|inactive|Time left: 300 sec this turn | 300 sec total\n|\n|t:|1783566040\n|move|p2a: Lumineon|Hydro Pump|p1a: Hitmonlee\n|-damage|p1a: Hitmonlee|48/224\n|move|p1a: Hitmonlee|Close Combat|p2a: Lumineon\n|-damage|p2a: Lumineon|0 fnt\n|-unboost|p1a: Hitmonlee|def|1\n|-unboost|p1a: Hitmonlee|spd|1\n|faint|p2a: Lumineon\n|\n|upkeep\n|\n|t:|1783566041\n|switch|p2a: Malamar|Malamar, L82, M|100/100\n|turn|20\n|inactive|Time left: 300 sec this turn | 300 sec total\n|\n|t:|1783566042\n|move|p2a: Malamar|Superpower|p1a: Hitmonlee\n|-damage|p1a: Hitmonlee|0 fnt\n|-boost|p2a: Malamar|atk|1\n|-boost|p2a: Malamar|def|1\n|faint|p1a: Hitmonlee\n|\n|upkeep\n|inactive|Time left: 300 sec this turn | 300 sec total | 5 sec grace\n|\n|t:|1783566043\n|switch|p1a: Eiscue|Eiscue, L88, M|205/274\n|-activate|p1a: Eiscue|move: Sticky Web\n|-unboost|p1a: Eiscue|spe|1\n|turn|21\n|inactive|Time left: 300 sec this turn | 300 sec total\n|\n|t:|1783566044\n|move|p2a: Malamar|Superpower|p1a: Eiscue\n|-activate|p1a: Eiscue|ability: Ice Face\n|-damage|p1a: Eiscue|205/274\n|-boost|p2a: Malamar|atk|1\n|-boost|p2a: Malamar|def|1\n|detailschange|p1a: Eiscue|Eiscue-Noice, L88, M\n|move|p1a: Eiscue|Liquidation|p2a: Malamar\n|-damage|p2a: Malamar|90/100\n|\n|-heal|p2a: Malamar|96/100|[from] item: Leftovers\n|upkeep\n|turn|22\n|inactive|Time left: 300 sec this turn | 300 sec total\n|\n|t:|1783566045\n|-terastallize|p1a: Eiscue|Water\n|move|p1a: Eiscue|Liquidation|p2a: Malamar\n|-damage|p2a: Malamar|78/100\n|move|p2a: Malamar|Superpower|p1a: Eiscue\n|-damage|p1a: Eiscue|27/274\n|-boost|p2a: Malamar|atk|1\n|-boost|p2a: Malamar|def|1\n|\n|-heal|p2a: Malamar|84/100|[from] item: Leftovers\n|upkeep\n|turn|23\n|inactive|Time left: 300 sec this turn | 300 sec total\n|\n|t:|1783566046\n|move|p1a: Eiscue|Ice Spinner|p2a: Malamar\n|-damage|p2a: Malamar|72/100\n|move|p2a: Malamar|Superpower|p1a: Eiscue\n|-damage|p1a: Eiscue|0 fnt\n|-boost|p2a: Malamar|atk|1\n|-boost|p2a: Malamar|def|1\n|faint|p1a: Eiscue\n|\n|win|p0y22446b51", "uploadtime": 1783566046, "views": 0, "rating": 0, "private": 0, "password": null, "_winner": "p0y22446b51", "_our_name": "p0x2244f244"}