{"id": "battle-gen9randombattle-1687", "formatid": "gen9randombattle", "format": "[Gen 9] Random Battle", "players": ["p0x168726fa", "p0y168715ed"], "log": "|init|battle\n|title|p0x168726fa vs. p0y168715ed\n|j|\u2606p0x168726fa\n|j|\u2606p0y168715ed\n|t:|1783558768\n|gametype|singles\n|player|p1|p0x168726fa|101|\n|player|p2|p0y168715ed|265|\n|gen|9\n|tier|[Gen 9] Random Battle\n|rule|Species Clause: Limit one of each Pok\u00e9mon\n|rule|HP Percentage Mod: HP is shown in percentages\n|rule|Sleep Clause Mod: Limit one foe put to sleep\n|rule|Illusion Level Mod: Illusion disguises the Pok\u00e9mon's true level\n|\n|t:|1783558768\n|teamsize|p1|6\n|teamsize|p2|6\n|start\n|switch|p1a: Decidueye|Decidueye-Hisui, L87, M|295/295\n|switch|p2a: Iron Hands|Iron Hands, L79|100/100\n|turn|1\n|inactive|Battle timer is ON: inactive players will automatically lose when time's up. (requested by p0y168715ed)\n|inactive|Time left: 300 sec this turn | 300 sec total | 60 sec grace\n|inactive|p0x168726fa also wants the timer to be on.\n|\n|t:|1783558769\n|move|p1a: Decidueye|Triple Arrows|p2a: Iron Hands\n|-crit|p2a: Iron Hands\n|-damage|p2a: Iron Hands|58/100\n|-unboost|p2a: Iron Hands|def|1\n|cant|p2a: Iron Hands|flinch\n|\n|-heal|p2a: Iron Hands|65/100|[from] item: Leftovers\n|upkeep\n|turn|2\n|inactive|Time left: 300 sec this turn | 300 sec total\n|\n|t:|1783558770\n|move|p1a: Decidueye|Triple Arrows|p2a: Iron Hands\n|-damage|p2a: Iron Hands|20/100\n|cant|p2a: Iron Hands|flinch\n|\n|-heal|p2a: Iron Hands|27/100|[from] item: Leftovers\n|upkeep\n|turn|3\n|inactive|Time left: 300 sec this turn | 300 sec total\n|\n|t:|1783558772\n|-end|p2a: Iron Hands|Quark Drive|[silent]\n|switch|p2a: Drifblim|Drifblim, L86, F|100/100\n|move|p1a: Decidueye|Triple Arrows|p2a: Drifblim\n|-resisted|p2a: Drifblim\n|-damage|p2a: Drifblim|77/100\n|\n|upkeep\n|turn|4\n|inactive|Time left: 300 sec this turn | 300 sec total\n|\n|t:|1783558773\n|move|p2a: Drifblim|Air Slash|p1a: Decidueye\n|-supereffective|p1a: Decidueye\n|-damage|p1a: Decidueye|0 fnt\n|faint|p1a: Decidueye\n|\n|upkeep\n|inactive|Time left: 300 sec this turn | 300 sec total | 5 sec grace\n|\n|t:|1783558774\n|switch|p1a: Greninja|Greninja, L80, M|246/246\n|turn|5\n|inactive|Time left: 300 sec this turn | 300 sec total\n|\n|t:|1783558775\n|move|p1a: Greninja|Dark Pulse|p2a: Drifblim\n|-supereffective|p2a: Drifblim\n|-damage|p2a: Drifblim|4/100\n|-enditem|p2a: Drifblim|Sitrus Berry|[eat]\n|-heal|p2a: Drifblim|29/100|[from] item: Sitrus Berry\n|-damage|p1a: Greninja|222/246|[from] item: Life Orb\n|move|p2a: Drifblim|Strength Sap|p1a: Greninja\n|-unboost|p1a: Greninja|atk|1\n|-heal|p2a: Drifblim|79/100\n|\n|upkeep\n|turn|6\n|inactive|Time left: 300 sec this turn | 300 sec total\n|\n|t:|1783558776\n|move|p2a: Drifblim|Calm Mind|p2a: Drifblim\n|-boost|p2a: Drifblim|spa|1\n|-boost|p2a: Drifblim|spd|1\n|move|p1a: Greninja|Dark Pulse|p2a: Drifblim\n|-supereffective|p2a: Drifblim\n|-damage|p2a: Drifblim|27/100\n|-damage|p1a: Greninja|198/246|[from] item: Life Orb\n|\n|upkeep\n|turn|7\n|inactive|Time left: 300 sec this turn | 300 sec total\n|\n|t:|1783558777\n|move|p2a: Drifblim|Strength Sap|p1a: Greninja\n|-unboost|p1a: Greninja|atk|1\n|-heal|p2a: Drifblim|61/100\n|move|p1a: Greninja|Dark Pulse|p2a: Drifblim\n|-supereffective|p2a: Drifblim\n|-crit|p2a: Drifblim\n|-damage|p2a: Drifblim|0 fnt\n|faint|p2a: Drifblim\n|-ability|p1a: Greninja|Battle Bond|boost\n|-boost|p1a: Greninja|atk|1\n|-boost|p1a: Greninja|spa|1\n|-boost|p1a: Greninja|spe|1\n|-activate|p1a: Greninja|ability: Battle Bond\n|-damage|p1a: Greninja|174/246|[from] item: Life Orb\n|\n|upkeep\n|\n|t:|1783558778\n|switch|p2a: Primarina|Primarina, L83, F|100/100\n|turn|8\n|inactive|Time left: 300 sec this turn | 300 sec total\n|\n|t:|1783558779\n|move|p1a: Greninja|Gunk Shot|p2a: Primarina\n|-supereffective|p2a: Primarina\n|-damage|p2a: Primarina|44/100\n|-damage|p1a: Greninja|150/246|[from] item: Life Orb\n|move|p2a: Primarina|Moonblast|p1a: Greninja\n|-supereffective|p1a: Greninja\n|-damage|p1a: Greninja|0 fnt\n|faint|p1a: Greninja\n|\n|-heal|p2a: Primarina|50/100|[from] item: Leftovers\n|upkeep\n|inactive|Time left: 300 sec this turn | 300 sec total | 5 sec grace\n|\n|t:|1783558780\n|switch|p1a: Clodsire|Clodsire, L81, F|343/343\n|turn|9\n|inactive|Time left: 300 sec this turn | 300 sec total\n|\n|t:|1783558781\n|move|p2a: Primarina|Psychic Noise|p1a: Clodsire\n|-immune|p1a: Clodsire|[from] ability: Water Absorb\n|move|p1a: Clodsire|Poison Jab|p2a: Primarina\n|-supereffective|p2a: Primarina\n|-damage|p2a: Primarina|0 fnt\n|faint|p2a: Primarina\n|\n|upkeep\n|\n|t:|1783558783\n|switch|p2a: Malamar|Malamar, L82, F|100/100\n|turn|10\n|inactive|Time left: 300 sec this turn | 300 sec total\n|\n|t:|1783558783\n|switch|p1a: Drifblim|Drifblim, L86, M|396/396\n|move|p2a: Malamar|Superpower|p1a: Drifblim\n|-immune|p1a: Drifblim\n|\n|upkeep\n|turn|11\n|inactive|Time left: 300 sec this turn | 300 sec total\n|\n|t:|1783558785\n|move|p1a: Drifblim|Calm Mind|p1a: Drifblim\n|-boost|p1a: Drifblim|spa|1\n|-boost|p1a: Drifblim|spd|1\n|move|p2a: Malamar|Knock Off|p1a: Drifblim\n|-supereffective|p1a: Drifblim\n|-damage|p1a: Drifblim|120/396\n|-enditem|p1a: Drifblim|Sitrus Berry|[from] move: Knock Off|[of] p2a: Malamar\n|\n|upkeep\n|turn|12\n|inactive|Time left: 300 sec this turn | 300 sec total\n|\n|t:|1783558786\n|move|p1a: Drifblim|Air Slash|p2a: Malamar\n|-crit|p2a: Malamar\n|-damage|p2a: Malamar|25/100\n|cant|p2a: Malamar|flinch\n|\n|upkeep\n|turn|13\n|inactive|Time left: 300 sec this turn | 300 sec total\n|\n|t:|1783558787\n|move|p1a: Drifblim|Shadow Ball|p2a: Malamar\n|-damage|p2a: Malamar|0 fnt\n|faint|p2a: Malamar\n|\n|upkeep\n|\n|t:|1783558788\n|switch|p2a: Tatsugiri|Tatsugiri, L87, M|100/100\n|turn|14\n|inactive|Time left: 300 sec this turn | 300 sec total\n|\n|t:|1783558789\n|move|p1a: Drifblim|Strength Sap|p2a: Tatsugiri\n|-unboost|p2a: Tatsugiri|atk|1\n|-heal|p1a: Drifblim|257/396\n|move|p2a: Tatsugiri|Nasty Plot|p2a: Tatsugiri\n|-boost|p2a: Tatsugiri|spa|2\n|\n|upkeep\n|turn|15\n|inactive|Time left: 300 sec this turn | 300 sec total\n|\n|t:|1783558790\n|move|p1a: Drifblim|Air Slash|p2a: Tatsugiri\n|-damage|p2a: Tatsugiri|61/100\n|move|p2a: Tatsugiri|Hydro Pump|p1a: Drifblim\n|-damage|p1a: Drifblim|0 fnt\n|faint|p1a: Drifblim\n|\n|upkeep\n|inactive|Time left: 300 sec this turn | 300 sec total | 5 sec grace\n|\n|t:|1783558791\n|switch|p1a: Clodsire|Clodsire, L81, F|343/343\n|turn|16\n|inactive|Time left: 300 sec this turn | 300 sec total\n|\n|t:|1783558792\n|move|p2a: Tatsugiri|Nasty Plot|p2a: Tatsugiri\n|-boost|p2a: Tatsugiri|spa|2\n|move|p1a: Clodsire|Earthquake|p2a: Tatsugiri\n|-damage|p2a: Tatsugiri|23/100\n|\n|upkeep\n|turn|17\n|inactive|Time left: 300 sec this turn | 300 sec total\n|\n|t:|1783558793\n|-terastallize|p1a: Clodsire|Steel\n|move|p2a: Tatsugiri|Draco Meteor|p1a: Clodsire|[miss]\n|-miss|p2a: Tatsugiri|p1a: Clodsire\n|move|p1a: Clodsire|Recover||[still]\n|-fail|p1a: Clodsire|heal\n|\n|upkeep\n|turn|18\n|inactive|Time left: 300 sec this turn | 300 sec total\n|\n|t:|1783558794\n|move|p2a: Tatsugiri|Draco Meteor|p1a: Clodsire\n|-resisted|p1a: Clodsire\n|-damage|p1a: Clodsire|111/343\n|-unboost|p2a: Tatsugiri|spa|2\n|move|p1a: Clodsire|Earthquake|p2a: Tatsugiri\n|-damage|p2a: Tatsugiri|0 fnt\n|faint|p2a: Tatsugiri\n|\n|-heal|p1a: Clodsire|132/343|[from] item: Leftovers\n|upkeep\n|\n|t:|1783558796\n|switch|p2a: Iron Hands|Iron Hands, L79|27/100\n|turn|19\n|inactive|Time left: 300 sec this turn | 300 sec total\n|\n|t:|1783558797\n|switch|p1a: Magmortar|Magmortar, L88, F|275/275\n|move|p2a: Iron Hands|Drain Punch|p1a: Magmortar\n|-damage|p1a: Magmortar|163/275\n|-heal|p2a: Iron Hands|42/100|[from] drain|[of] p1a: Magmortar\n|-status|p2a: Iron Hands|brn|[from] ability: Flame Body|[of] p1a: Magmortar\n|\n|-heal|p2a: Iron Hands|48/100 brn|[from] item: Leftovers\n|-damage|p2a: Iron Hands|42/100 brn|[from] brn\n|upkeep\n|turn|20\n|inactive|Time left: 300 sec this turn | 300 sec total\n|\n|t:|1783558798\n|move|p1a: Magmortar|Fire Blast|p2a: Iron Hands\n|-damage|p2a: Iron Hands|0 fnt\n|faint|p2a: Iron Hands\n|-end|p2a: Iron Hands|Quark Drive|[silent]\n|\n|upkeep\n|\n|t:|1783558799\n|switch|p2a: Chandelure|Chandelure, L83, M|100/100\n|turn|21\n|inactive|Time left: 300 sec this turn | 300 sec total\n|\n|t:|1783558800\n|-terastallize|p2a: Chandelure|Grass\n|move|p2a: Chandelure|Shadow Ball|p1a: Magmortar\n|-damage|p1a: Magmortar|55/275\n|move|p1a: Magmortar|Thunderbolt|p2a: Chandelure\n|-resisted|p2a: Chandelure\n|-damage|p2a: Chandelure|81/100\n|\n|upkeep\n|turn|22\n|inactive|Time left: 300 sec this turn | 300 sec total\n|\n|t:|1783558801\n|move|p2a: Chandelure|Shadow Ball|p1a: Magmortar\n|-damage|p1a: Magmortar|0 fnt\n|faint|p1a: Magmortar\n|\n|upkeep\n|inactive|Time left: 300 sec this turn | 300 sec total | 5 sec grace\n|\n|t:|1783558802\n|switch|p1a: Clodsire|Clodsire, L81, F, tera:Steel|132/343\n|turn|23\n|inactive|Time left: 300 sec this turn | 300 sec total\n|\n|t:|1783558803\n|move|p2a: Chandelure|Shadow Ball|p1a: Clodsire\n|-damage|p1a: Clodsire|24/343\n|-unboost|p1a: Clodsire|spd|1\n|move|p1a: Clodsire|Poison Jab|p2a: Chandelure\n|-supereffective|p2a: Chandelure\n|-damage|p2a: Chandelure|28/100\n|\n|-heal|p1a: Clodsire|45/343|[from] item: Leftovers\n|upkeep\n|turn|24\n|inactive|Time left: 300 sec this turn | 300 sec total\n|\n|t:|1783558804\n|move|p2a: Chandelure|Shadow Ball|p1a: Clodsire\n|-damage|p1a: Clodsire|0 fnt\n|faint|p1a: Clodsire\n|\n|upkeep\n|inactive|Time left: 300 sec this turn | 300 sec total | 5 sec grace\n|\n|t:|1783558805\n|switch|p1a: Klefki|Klefki, L84, F|233/233\n|turn|25\n|inactive|Time left: 300 sec this turn | 300 sec total\n|\n|t:|1783558806\n|move|p2a: Chandelure|Shadow Ball|p1a: Klefki\n|-damage|p1a: Klefki|109/233\n|move|p1a: Klefki|Play Rough|p2a: Chandelure|[miss]\n|-miss|p1a: Klefki|p2a: Chandelure\n|\n|-heal|p1a: Klefki|123/233|[from] item: Leftovers\n|upkeep\n|turn|26\n|inactive|Time left: 300 sec this turn | 300 sec total\n|\n|t:|1783558807\n|move|p1a: Klefki|Thunder Wave|p2a: Chandelure|[miss]\n|-miss|p1a: Klefki|p2a: Chandelure\n|move|p2a: Chandelure|Shadow Ball|p1a: Klefki\n|-damage|p1a: Klefki|0 fnt\n|faint|p1a: Klefki\n|\n|win|p0y168715ed", "uploadtime": 1783558807, "views": 0, "rating": 0, "private": 0, "password": null, "_winner": "p0y168715ed", "_our_name": "p0x168726fa"}