{"id": "battle-gen9randombattle-2735", "formatid": "gen9randombattle", "format": "[Gen 9] Random Battle", "players": ["p0x273581b7", "p0y27359110"], "log": "|init|battle\n|title|p0x273581b7 vs. p0y27359110\n|j|\u2606p0x273581b7\n|j|\u2606p0y27359110\n|t:|1783571535\n|gametype|singles\n|player|p1|p0x273581b7|170|\n|player|p2|p0y27359110|266|\n|gen|9\n|tier|[Gen 9] Random Battle\n|rule|Species Clause: Limit one of each Pok\u00e9mon\n|rule|HP Percentage Mod: HP is shown in percentages\n|rule|Sleep Clause Mod: Limit one foe put to sleep\n|rule|Illusion Level Mod: Illusion disguises the Pok\u00e9mon's true level\n|\n|t:|1783571535\n|teamsize|p1|6\n|teamsize|p2|6\n|start\n|switch|p1a: Emboar|Emboar, L84, F|100/100\n|switch|p2a: Muk|Muk-Alola, L82, M|306/306\n|turn|1\n|inactive|Battle timer is ON: inactive players will automatically lose when time's up. (requested by p0y27359110)\n|inactive|p0x273581b7 also wants the timer to be on.\n|\n|t:|1783571537\n|move|p1a: Emboar|Flare Blitz|p2a: Muk\n|-damage|p2a: Muk|111/306\n|-damage|p1a: Emboar|81/100|[from] Recoil\n|move|p2a: Muk|Knock Off|p1a: Emboar\n|-resisted|p1a: Emboar\n|-damage|p1a: Emboar|62/100\n|-enditem|p1a: Emboar|Assault Vest|[from] move: Knock Off|[of] p2a: Muk\n|\n|upkeep\n|turn|2\n|inactive|Time left: 300 sec this turn | 300 sec total\n|\n|t:|1783571538\n|move|p1a: Emboar|Flare Blitz|p2a: Muk\n|-damage|p2a: Muk|0 fnt\n|faint|p2a: Muk\n|-damage|p1a: Emboar|50/100|[from] Recoil\n|\n|upkeep\n|inactive|Time left: 300 sec this turn | 300 sec total | 5 sec grace\n|\n|t:|1783571539\n|switch|p2a: Baxcalibur|Baxcalibur, L75, F|296/296\n|turn|3\n|inactive|Time left: 300 sec this turn | 300 sec total\n|\n|t:|1783571540\n|switch|p1a: Cloyster|Cloyster, L80, M|100/100\n|move|p2a: Baxcalibur|Glaive Rush|p1a: Cloyster\n|-damage|p1a: Cloyster|58/100\n|-singlemove|p2a: Baxcalibur|Glaive Rush|[silent]\n|\n|upkeep\n|turn|4\n|inactive|Time left: 300 sec this turn | 300 sec total\n|\n|t:|1783571541\n|switch|p2a: Ursaluna|Ursaluna-Bloodmoon, L79, M|308/308\n|move|p1a: Cloyster|Shell Smash|p1a: Cloyster\n|-unboost|p1a: Cloyster|def|1\n|-unboost|p1a: Cloyster|spd|1\n|-boost|p1a: Cloyster|atk|2\n|-boost|p1a: Cloyster|spa|2\n|-boost|p1a: Cloyster|spe|2\n|-enditem|p1a: Cloyster|White Herb\n|-clearnegativeboost|p1a: Cloyster|[silent]\n|\n|upkeep\n|turn|5\n|inactive|Time left: 300 sec this turn | 300 sec total\n|\n|t:|1783571542\n|-terastallize|p2a: Ursaluna|Poison\n|move|p1a: Cloyster|Icicle Spear|p2a: Ursaluna\n|-damage|p2a: Ursaluna|271/308\n|-damage|p2a: Ursaluna|234/308\n|-damage|p2a: Ursaluna|192/308\n|-damage|p2a: Ursaluna|150/308\n|-damage|p2a: Ursaluna|107/308\n|-hitcount|p2a: Ursaluna|5\n|move|p2a: Ursaluna|Earth Power|p1a: Cloyster\n|-damage|p1a: Cloyster|0 fnt\n|faint|p1a: Cloyster\n|\n|-heal|p2a: Ursaluna|126/308|[from] item: Leftovers\n|upkeep\n|\n|t:|1783571543\n|switch|p1a: Pikachu|Pikachu-Partner, L93, F|100/100\n|turn|6\n|inactive|Time left: 300 sec this turn | 300 sec total\n|\n|t:|1783571544\n|switch|p2a: Greedent|Greedent, L86, F|347/347\n|move|p1a: Pikachu|Volt Tackle|p2a: Greedent\n|-damage|p2a: Greedent|170/347\n|-enditem|p2a: Greedent|Sitrus Berry|[eat]\n|-heal|p2a: Greedent|256/347|[from] item: Sitrus Berry\n|-heal|p2a: Greedent|347/347|[from] ability: Cheek Pouch\n|-damage|p1a: Pikachu|74/100|[from] Recoil\n|\n|upkeep\n|turn|7\n|inactive|Time left: 300 sec this turn | 300 sec total\n|\n|t:|1783571545\n|switch|p1a: Phione|Phione, L91|100/100\n|move|p2a: Greedent|Earthquake|p1a: Phione\n|-damage|p1a: Phione|77/100\n|\n|-heal|p1a: Phione|83/100|[from] item: Leftovers\n|upkeep\n|turn|8\n|inactive|Time left: 300 sec this turn | 300 sec total\n|\n|t:|1783571546\n|move|p1a: Phione|Scald|p2a: Greedent\n|-damage|p2a: Greedent|254/347\n|-status|p2a: Greedent|brn\n|move|p2a: Greedent|Swords Dance|p2a: Greedent\n|-boost|p2a: Greedent|atk|2\n|\n|-heal|p1a: Phione|90/100|[from] item: Leftovers\n|-damage|p2a: Greedent|233/347 brn|[from] brn\n|upkeep\n|turn|9\n|inactive|Time left: 300 sec this turn | 300 sec total\n|\n|t:|1783571547\n|move|p1a: Phione|Scald|p2a: Greedent\n|-damage|p2a: Greedent|143/347 brn\n|move|p2a: Greedent|Knock Off|p1a: Phione\n|-damage|p1a: Phione|65/100\n|-enditem|p1a: Phione|Leftovers|[from] move: Knock Off|[of] p2a: Greedent\n|\n|-damage|p2a: Greedent|122/347 brn|[from] brn\n|upkeep\n|turn|10\n|inactive|Time left: 300 sec this turn | 300 sec total\n|\n|t:|1783571548\n|move|p1a: Phione|Scald|p2a: Greedent\n|-damage|p2a: Greedent|26/347 brn\n|move|p2a: Greedent|Body Slam|p1a: Phione\n|-damage|p1a: Phione|37/100\n|\n|-damage|p2a: Greedent|5/347 brn|[from] brn\n|upkeep\n|turn|11\n|inactive|Time left: 300 sec this turn | 300 sec total\n|\n|t:|1783571549\n|switch|p2a: Baxcalibur|Baxcalibur, L75, F|296/296\n|move|p1a: Phione|Ice Beam|p2a: Baxcalibur\n|-crit|p2a: Baxcalibur\n|-damage|p2a: Baxcalibur|191/296\n|\n|upkeep\n|turn|12\n|inactive|Time left: 300 sec this turn | 300 sec total\n|\n|t:|1783571550\n|move|p1a: Phione|Ice Beam|p2a: Baxcalibur\n|-damage|p2a: Baxcalibur|121/296\n|move|p2a: Baxcalibur|Dragon Dance|p2a: Baxcalibur\n|-boost|p2a: Baxcalibur|atk|1\n|-boost|p2a: Baxcalibur|spe|1\n|\n|upkeep\n|turn|13\n|inactive|Time left: 300 sec this turn | 300 sec total\n|\n|t:|1783571551\n|move|p2a: Baxcalibur|Earthquake|p1a: Phione\n|-damage|p1a: Phione|0 fnt\n|faint|p1a: Phione\n|\n|upkeep\n|\n|t:|1783571551\n|switch|p1a: Minun|Minun, L95, F|100/100\n|turn|14\n|inactive|Time left: 300 sec this turn | 300 sec total\n|\n|t:|1783571552\n|-terastallize|p1a: Minun|Fairy\n|move|p2a: Baxcalibur|Earthquake|p1a: Minun\n|-damage|p1a: Minun|43/100\n|move|p1a: Minun|Alluring Voice|p2a: Baxcalibur\n|-supereffective|p2a: Baxcalibur\n|-damage|p2a: Baxcalibur|0 fnt\n|faint|p2a: Baxcalibur\n|-damage|p1a: Minun|33/100|[from] item: Life Orb\n|\n|upkeep\n|inactive|Time left: 300 sec this turn | 300 sec total | 5 sec grace\n|\n|t:|1783571553\n|switch|p2a: Volcarona|Volcarona, L77, M|257/257\n|turn|15\n|inactive|Time left: 300 sec this turn | 300 sec total\n|\n|t:|1783571553\n|switch|p1a: Emboar|Emboar, L84, F|50/100\n|move|p2a: Volcarona|Quiver Dance|p2a: Volcarona\n|-boost|p2a: Volcarona|spa|1\n|-boost|p2a: Volcarona|spd|1\n|-boost|p2a: Volcarona|spe|1\n|\n|upkeep\n|turn|16\n|inactive|Time left: 300 sec this turn | 300 sec total\n|\n|t:|1783571554\n|move|p2a: Volcarona|Fiery Dance|p1a: Emboar\n|-resisted|p1a: Emboar\n|-damage|p1a: Emboar|23/100\n|move|p1a: Emboar|Flare Blitz|p2a: Volcarona\n|-damage|p2a: Volcarona|29/257\n|-damage|p1a: Emboar|0 fnt|[from] Recoil\n|faint|p1a: Emboar\n|\n|upkeep\n|\n|t:|1783571555\n|switch|p1a: Pikachu|Pikachu-Partner, L93, F|74/100\n|turn|17\n|inactive|Time left: 300 sec this turn | 300 sec total\n|\n|t:|1783571556\n|move|p1a: Pikachu|Fake Out|p2a: Volcarona\n|-damage|p2a: Volcarona|0 fnt\n|faint|p2a: Volcarona\n|\n|upkeep\n|inactive|Time left: 300 sec this turn | 300 sec total | 5 sec grace\n|\n|t:|1783571557\n|switch|p2a: Mewtwo|Mewtwo, L72|272/272\n|-ability|p2a: Mewtwo|Pressure\n|turn|18\n|inactive|Time left: 300 sec this turn | 300 sec total\n|\n|t:|1783571557\n|switch|p1a: Azelf|Azelf, L82|100/100\n|move|p2a: Mewtwo|Psystrike|p1a: Azelf\n|-resisted|p1a: Azelf\n|-damage|p1a: Azelf|69/100\n|-damage|p2a: Mewtwo|245/272|[from] item: Life Orb\n|\n|upkeep\n|turn|19\n|inactive|Time left: 300 sec this turn | 300 sec total\n|\n|t:|1783571558\n|move|p1a: Azelf|Knock Off|p2a: Mewtwo\n|-supereffective|p2a: Mewtwo\n|-damage|p2a: Mewtwo|53/272\n|-enditem|p2a: Mewtwo|Life Orb|[from] move: Knock Off|[of] p1a: Azelf\n|move|p2a: Mewtwo|Dark Pulse|p1a: Azelf\n|-supereffective|p1a: Azelf\n|-damage|p1a: Azelf|30/100\n|\n|upkeep\n|turn|20\n|inactive|Time left: 300 sec this turn | 300 sec total\n|\n|t:|1783571560\n|move|p1a: Azelf|Psychic|p2a: Mewtwo\n|-resisted|p2a: Mewtwo\n|-damage|p2a: Mewtwo|0 fnt\n|faint|p2a: Mewtwo\n|\n|upkeep\n|inactive|Time left: 300 sec this turn | 300 sec total | 5 sec grace\n|\n|t:|1783571561\n|switch|p2a: Greedent|Greedent, L86, F|5/347 brn\n|turn|21\n|inactive|Time left: 300 sec this turn | 300 sec total\n|\n|t:|1783571562\n|move|p1a: Azelf|Psychic|p2a: Greedent\n|-damage|p2a: Greedent|0 fnt\n|faint|p2a: Greedent\n|\n|upkeep\n|inactive|Time left: 300 sec this turn | 300 sec total | 5 sec grace\n|\n|t:|1783571563\n|switch|p2a: Ursaluna|Ursaluna-Bloodmoon, L79, M, tera:Poison|126/308\n|turn|22\n|inactive|Time left: 300 sec this turn | 300 sec total\n|\n|t:|1783571564\n|move|p1a: Azelf|Psychic|p2a: Ursaluna\n|-supereffective|p2a: Ursaluna\n|-damage|p2a: Ursaluna|0 fnt\n|faint|p2a: Ursaluna\n|\n|win|p0x273581b7", "uploadtime": 1783571564, "views": 0, "rating": 0, "private": 0, "password": null, "_winner": "p0x273581b7", "_our_name": "p0y27359110"}