{"id": "battle-gen9randombattle-53", "formatid": "gen9randombattle", "format": "[Gen 9] Random Battle", "players": ["p0x053b1d3", "p0y053b0de"], "log": "|init|battle\n|title|p0x053b1d3 vs. p0y053b0de\n|j|\u2606p0x053b1d3\n|j|\u2606p0y053b0de\n|t:|1783533837\n|gametype|singles\n|player|p1|p0x053b1d3|170|\n|player|p2|p0y053b0de|266|\n|gen|9\n|tier|[Gen 9] Random Battle\n|rule|Species Clause: Limit one of each Pok\u00e9mon\n|rule|HP Percentage Mod: HP is shown in percentages\n|rule|Sleep Clause Mod: Limit one foe put to sleep\n|rule|Illusion Level Mod: Illusion disguises the Pok\u00e9mon's true level\n|\n|t:|1783533837\n|teamsize|p1|6\n|teamsize|p2|6\n|start\n|switch|p1a: Indeedee|Indeedee-F, L90, F|272/272\n|switch|p2a: Crabominable|Crabominable, L90, M|100/100\n|-fieldstart|move: Psychic Terrain|[from] ability: Psychic Surge|[of] p1a: Indeedee\n|turn|1\n|inactive|Battle timer is ON: inactive players will automatically lose when time's up. (requested by p0y053b0de)\n|inactive|Time left: 300 sec this turn | 300 sec total | 60 sec grace\n|inactive|p0x053b1d3 also wants the timer to be on.\n|\n|t:|1783533839\n|move|p1a: Indeedee|Psychic|p2a: Crabominable\n|-supereffective|p2a: Crabominable\n|-damage|p2a: Crabominable|36/100\n|-unboost|p2a: Crabominable|spd|1\n|move|p2a: Crabominable|Knock Off|p1a: Indeedee\n|-supereffective|p1a: Indeedee\n|-damage|p1a: Indeedee|30/272\n|-enditem|p1a: Indeedee|Choice Scarf|[from] move: Knock Off|[of] p2a: Crabominable\n|\n|upkeep\n|turn|2\n|inactive|Time left: 300 sec this turn | 300 sec total\n|\n|t:|1783533840\n|switch|p2a: Iron Jugulis|Iron Jugulis, L77|100/100\n|move|p1a: Indeedee|Psychic|p2a: Iron Jugulis\n|-immune|p2a: Iron Jugulis\n|\n|upkeep\n|turn|3\n|inactive|Time left: 300 sec this turn | 300 sec total\n|\n|t:|1783533841\n|switch|p1a: Florges|Florges-White, L85, F|271/271\n|move|p2a: Iron Jugulis|Dark Pulse|p1a: Florges\n|-resisted|p1a: Florges\n|-damage|p1a: Florges|230/271\n|\n|-heal|p1a: Florges|246/271|[from] item: Leftovers\n|upkeep\n|turn|4\n|inactive|Time left: 300 sec this turn | 300 sec total\n|\n|t:|1783533842\n|move|p2a: Iron Jugulis|Dark Pulse|p1a: Florges\n|-resisted|p1a: Florges\n|-damage|p1a: Florges|209/271\n|move|p1a: Florges|Moonblast|p2a: Iron Jugulis\n|-supereffective|p2a: Iron Jugulis\n|-damage|p2a: Iron Jugulis|0 fnt\n|faint|p2a: Iron Jugulis\n|-end|p2a: Iron Jugulis|Quark Drive|[silent]\n|\n|-heal|p1a: Florges|225/271|[from] item: Leftovers\n|upkeep\n|\n|t:|1783533843\n|switch|p2a: Donphan|Donphan, L84, F|100/100\n|turn|5\n|inactive|Time left: 300 sec this turn | 300 sec total\n|\n|t:|1783533844\n|move|p1a: Florges|Moonblast|p2a: Donphan\n|-damage|p2a: Donphan|67/100\n|move|p2a: Donphan|Earthquake|p1a: Florges\n|-damage|p1a: Florges|74/271\n|\n|-heal|p1a: Florges|90/271|[from] item: Leftovers\n|-fieldend|move: Psychic Terrain\n|upkeep\n|turn|6\n|inactive|Time left: 300 sec this turn | 300 sec total\n|\n|t:|1783533845\n|move|p1a: Florges|Synthesis|p1a: Florges\n|-heal|p1a: Florges|225/271\n|move|p2a: Donphan|Earthquake|p1a: Florges\n|-damage|p1a: Florges|63/271\n|\n|-heal|p1a: Florges|79/271|[from] item: Leftovers\n|upkeep\n|turn|7\n|inactive|Time left: 300 sec this turn | 300 sec total\n|\n|t:|1783533846\n|move|p1a: Florges|Synthesis|p1a: Florges\n|-heal|p1a: Florges|214/271\n|move|p2a: Donphan|Earthquake|p1a: Florges\n|-damage|p1a: Florges|58/271\n|\n|-heal|p1a: Florges|74/271|[from] item: Leftovers\n|upkeep\n|turn|8\n|inactive|Time left: 300 sec this turn | 300 sec total\n|\n|t:|1783533847\n|move|p1a: Florges|Synthesis|p1a: Florges\n|-heal|p1a: Florges|209/271\n|move|p2a: Donphan|Earthquake|p1a: Florges\n|-damage|p1a: Florges|58/271\n|\n|-heal|p1a: Florges|74/271|[from] item: Leftovers\n|upkeep\n|turn|9\n|inactive|Time left: 300 sec this turn | 300 sec total\n|\n|t:|1783533848\n|move|p1a: Florges|Synthesis|p1a: Florges\n|-heal|p1a: Florges|209/271\n|move|p2a: Donphan|Earthquake|p1a: Florges\n|-damage|p1a: Florges|62/271\n|\n|-heal|p1a: Florges|78/271|[from] item: Leftovers\n|upkeep\n|turn|10\n|inactive|Time left: 300 sec this turn | 300 sec total\n|\n|t:|1783533849\n|move|p1a: Florges|Synthesis|p1a: Florges\n|-heal|p1a: Florges|213/271\n|move|p2a: Donphan|Earthquake|p1a: Florges\n|-damage|p1a: Florges|65/271\n|\n|-heal|p1a: Florges|81/271|[from] item: Leftovers\n|upkeep\n|turn|11\n|inactive|Time left: 300 sec this turn | 300 sec total\n|\n|t:|1783533850\n|move|p1a: Florges|Synthesis|p1a: Florges\n|-heal|p1a: Florges|216/271\n|move|p2a: Donphan|Earthquake|p1a: Florges\n|-damage|p1a: Florges|63/271\n|\n|-heal|p1a: Florges|79/271|[from] item: Leftovers\n|upkeep\n|turn|12\n|inactive|Time left: 300 sec this turn | 300 sec total\n|\n|t:|1783533852\n|move|p1a: Florges|Synthesis|p1a: Florges\n|-heal|p1a: Florges|214/271\n|move|p2a: Donphan|Earthquake|p1a: Florges\n|-damage|p1a: Florges|78/271\n|\n|-heal|p1a: Florges|94/271|[from] item: Leftovers\n|upkeep\n|turn|13\n|inactive|Time left: 300 sec this turn | 300 sec total\n|\n|t:|1783533853\n|move|p1a: Florges|Synthesis|p1a: Florges\n|-heal|p1a: Florges|229/271\n|move|p2a: Donphan|Earthquake|p1a: Florges\n|-damage|p1a: Florges|85/271\n|\n|-heal|p1a: Florges|101/271|[from] item: Leftovers\n|upkeep\n|turn|14\n|inactive|Time left: 300 sec this turn | 300 sec total\n|\n|t:|1783533854\n|move|p1a: Florges|Moonblast|p2a: Donphan\n|-damage|p2a: Donphan|32/100\n|move|p2a: Donphan|Earthquake|p1a: Florges\n|-crit|p1a: Florges\n|-damage|p1a: Florges|0 fnt\n|faint|p1a: Florges\n|\n|upkeep\n|inactive|Time left: 300 sec this turn | 300 sec total | 5 sec grace\n|\n|t:|1783533855\n|switch|p1a: Clawitzer|Clawitzer, L87, F|265/265\n|turn|15\n|inactive|Time left: 300 sec this turn | 300 sec total\n|\n|t:|1783533857\n|move|p1a: Clawitzer|Dark Pulse|p2a: Donphan\n|-damage|p2a: Donphan|0 fnt\n|faint|p2a: Donphan\n|\n|upkeep\n|\n|t:|1783533858\n|switch|p2a: Falinks|Falinks, L84|100/100\n|turn|16\n|inactive|Time left: 300 sec this turn | 300 sec total\n|\n|t:|1783533859\n|switch|p1a: Hippowdon|Hippowdon, L82, M|311/311\n|-weather|Sandstorm|[from] ability: Sand Stream|[of] p1a: Hippowdon\n|move|p2a: Falinks|No Retreat|p2a: Falinks\n|-boost|p2a: Falinks|atk|1\n|-boost|p2a: Falinks|def|1\n|-boost|p2a: Falinks|spa|1\n|-boost|p2a: Falinks|spd|1\n|-boost|p2a: Falinks|spe|1\n|-start|p2a: Falinks|move: No Retreat\n|\n|-weather|Sandstorm|[upkeep]\n|-damage|p2a: Falinks|94/100|[from] Sandstorm\n|upkeep\n|turn|17\n|inactive|Time left: 300 sec this turn | 300 sec total\n|\n|t:|1783533860\n|move|p2a: Falinks|Knock Off|p1a: Hippowdon\n|-damage|p1a: Hippowdon|206/311\n|-damage|p2a: Falinks|78/100|[from] item: Rocky Helmet|[of] p1a: Hippowdon\n|-enditem|p1a: Hippowdon|Rocky Helmet|[from] move: Knock Off|[of] p2a: Falinks\n|-damage|p2a: Falinks|68/100|[from] item: Life Orb\n|move|p1a: Hippowdon|Whirlwind|p2a: Falinks\n|drag|p2a: Crabominable|Crabominable, L90, M|36/100\n|\n|-weather|Sandstorm|[upkeep]\n|-damage|p2a: Crabominable|30/100|[from] Sandstorm\n|upkeep\n|turn|18\n|inactive|Time left: 300 sec this turn | 300 sec total\n|\n|t:|1783533861\n|switch|p1a: Indeedee|Indeedee-F, L90, F|30/272\n|-fieldstart|move: Psychic Terrain|[from] ability: Psychic Surge|[of] p1a: Indeedee\n|move|p2a: Crabominable|Ice Hammer|p1a: Indeedee\n|-damage|p1a: Indeedee|0 fnt\n|-unboost|p2a: Crabominable|spe|1\n|faint|p1a: Indeedee\n|\n|-weather|Sandstorm|[upkeep]\n|-damage|p2a: Crabominable|24/100|[from] Sandstorm\n|upkeep\n|inactive|Time left: 300 sec this turn | 300 sec total | 5 sec grace\n|\n|t:|1783533862\n|switch|p1a: Clawitzer|Clawitzer, L87, F|265/265\n|turn|19\n|inactive|Time left: 300 sec this turn | 300 sec total\n|\n|t:|1783533863\n|move|p1a: Clawitzer|Aura Sphere|p2a: Crabominable\n|-supereffective|p2a: Crabominable\n|-damage|p2a: Crabominable|0 fnt\n|faint|p2a: Crabominable\n|\n|-weather|Sandstorm|[upkeep]\n|-damage|p1a: Clawitzer|249/265|[from] Sandstorm\n|upkeep\n|\n|t:|1783533864\n|switch|p2a: Golem|Golem, L87, M|100/100\n|turn|20\n|inactive|Time left: 300 sec this turn | 300 sec total\n|\n|t:|1783533866\n|move|p1a: Clawitzer|Aura Sphere|p2a: Golem\n|-supereffective|p2a: Golem\n|-damage|p2a: Golem|5/100\n|-enditem|p2a: Golem|Weakness Policy\n|-boost|p2a: Golem|atk|2|[from] item: Weakness Policy\n|-boost|p2a: Golem|spa|2|[from] item: Weakness Policy\n|move|p2a: Golem|Earthquake|p1a: Clawitzer\n|-damage|p1a: Clawitzer|0 fnt\n|faint|p1a: Clawitzer\n|\n|-weather|none\n|upkeep\n|inactive|Time left: 300 sec this turn | 300 sec total | 5 sec grace\n|\n|t:|1783533867\n|switch|p1a: Houndoom|Houndoom, L87, M|272/272\n|turn|21\n|inactive|Time left: 300 sec this turn | 300 sec total\n|\n|t:|1783533868\n|move|p1a: Houndoom|Sludge Bomb|p2a: Golem\n|-resisted|p2a: Golem\n|-damage|p2a: Golem|0 fnt\n|faint|p2a: Golem\n|\n|upkeep\n|\n|t:|1783533869\n|switch|p2a: Pachirisu|Pachirisu, L96, M|100/100\n|turn|22\n|inactive|Time left: 300 sec this turn | 300 sec total\n|\n|t:|1783533870\n|switch|p1a: Hippowdon|Hippowdon, L82, M|206/311\n|-weather|Sandstorm|[from] ability: Sand Stream|[of] p1a: Hippowdon\n|move|p2a: Pachirisu|Super Fang|p1a: Hippowdon\n|-damage|p1a: Hippowdon|103/311\n|\n|-weather|Sandstorm|[upkeep]\n|-damage|p2a: Pachirisu|95/100|[from] Sandstorm\n|-fieldend|move: Psychic Terrain\n|upkeep\n|turn|23\n|inactive|Time left: 300 sec this turn | 300 sec total\n|\n|t:|1783533871\n|move|p2a: Pachirisu|U-turn|p1a: Hippowdon\n|-damage|p1a: Hippowdon|73/311\n|\n|t:|1783533872\n|switch|p2a: Falinks|Falinks, L84|68/100|[from] U-turn\n|move|p1a: Hippowdon|Earthquake|p2a: Falinks\n|-damage|p2a: Falinks|25/100\n|\n|-weather|Sandstorm|[upkeep]\n|-damage|p2a: Falinks|19/100|[from] Sandstorm\n|upkeep\n|turn|24\n|inactive|Time left: 300 sec this turn | 300 sec total\n|\n|t:|1783533873\n|move|p2a: Falinks|Close Combat|p1a: Hippowdon\n|-damage|p1a: Hippowdon|0 fnt\n|-unboost|p2a: Falinks|def|1\n|-unboost|p2a: Falinks|spd|1\n|faint|p1a: Hippowdon\n|-damage|p2a: Falinks|9/100|[from] item: Life Orb\n|\n|-weather|Sandstorm|[upkeep]\n|-damage|p2a: Falinks|3/100|[from] Sandstorm\n|upkeep\n|inactive|Time left: 300 sec this turn | 300 sec total | 5 sec grace\n|\n|t:|1783533874\n|switch|p1a: Houndoom|Houndoom, L87, M|272/272\n|turn|25\n|inactive|Time left: 300 sec this turn | 300 sec total\n|\n|t:|1783533875\n|move|p1a: Houndoom|Fire Blast|p2a: Falinks\n|-damage|p2a: Falinks|0 fnt\n|faint|p2a: Falinks\n|\n|-weather|Sandstorm|[upkeep]\n|-damage|p1a: Houndoom|255/272|[from] Sandstorm\n|upkeep\n|\n|t:|1783533875\n|switch|p2a: Pachirisu|Pachirisu, L96, M|95/100\n|turn|26\n|inactive|Time left: 300 sec this turn | 300 sec total\n|\n|t:|1783533876\n|-terastallize|p1a: Houndoom|Poison\n|move|p2a: Pachirisu|Discharge|p1a: Houndoom\n|-damage|p1a: Houndoom|186/272\n|move|p1a: Houndoom|Sludge Bomb|p2a: Pachirisu\n|-damage|p2a: Pachirisu|60/100\n|\n|-weather|none\n|upkeep\n|turn|27\n|inactive|Time left: 300 sec this turn | 300 sec total\n|\n|t:|1783533877\n|move|p2a: Pachirisu|Discharge|p1a: Houndoom\n|-damage|p1a: Houndoom|117/272\n|move|p1a: Houndoom|Sludge Bomb|p2a: Pachirisu\n|-damage|p2a: Pachirisu|27/100\n|\n|upkeep\n|turn|28\n|inactive|Time left: 300 sec this turn | 300 sec total\n|\n|t:|1783533878\n|move|p2a: Pachirisu|Discharge|p1a: Houndoom\n|-damage|p1a: Houndoom|53/272\n|move|p1a: Houndoom|Sludge Bomb|p2a: Pachirisu\n|-damage|p2a: Pachirisu|0 fnt\n|faint|p2a: Pachirisu\n|\n|win|p0x053b1d3", "uploadtime": 1783533878, "views": 0, "rating": 0, "private": 0, "password": null, "_winner": "p0x053b1d3", "_our_name": "p0x053b1d3"}