{"id": "battle-gen9randombattle-129", "formatid": "gen9randombattle", "format": "[Gen 9] Random Battle", "players": ["p0x129c8da", "p0y129886e"], "log": "|init|battle\n|title|p0x129c8da vs. p0y129886e\n|j|\u2606p0x129c8da\n|j|\u2606p0y129886e\n|t:|1783535233\n|gametype|singles\n|player|p1|p0x129c8da|170|\n|player|p2|p0y129886e|102|\n|gen|9\n|tier|[Gen 9] Random Battle\n|rule|Species Clause: Limit one of each Pok\u00e9mon\n|rule|HP Percentage Mod: HP is shown in percentages\n|rule|Sleep Clause Mod: Limit one foe put to sleep\n|rule|Illusion Level Mod: Illusion disguises the Pok\u00e9mon's true level\n|\n|t:|1783535233\n|teamsize|p1|6\n|teamsize|p2|6\n|start\n|switch|p1a: Carbink|Carbink, L90|100/100\n|switch|p2a: Ninetales|Ninetales-Alola, L78, M|242/242\n|-weather|Snowscape|[from] ability: Snow Warning|[of] p2a: Ninetales\n|turn|1\n|inactive|Battle timer is ON: inactive players will automatically lose when time's up. (requested by p0x129c8da)\n|inactive|Time left: 300 sec this turn | 300 sec total | 60 sec grace\n|inactive|p0y129886e also wants the timer to be on.\n|\n|t:|1783535234\n|move|p2a: Ninetales|Aurora Veil|p2a: Ninetales\n|-sidestart|p2: p0y129886e|move: Aurora Veil\n|move|p1a: Carbink|Body Press|p2a: Ninetales\n|-damage|p2a: Ninetales|207/242\n|\n|-weather|Snowscape|[upkeep]\n|upkeep\n|turn|2\n|inactive|Time left: 300 sec this turn | 300 sec total\n|\n|t:|1783535235\n|move|p2a: Ninetales|Moonblast|p1a: Carbink\n|-damage|p1a: Carbink|81/100\n|move|p1a: Carbink|Iron Defense|p1a: Carbink\n|-boost|p1a: Carbink|def|2\n|\n|-weather|Snowscape|[upkeep]\n|-heal|p1a: Carbink|87/100|[from] item: Leftovers\n|upkeep\n|turn|3\n|inactive|Time left: 300 sec this turn | 300 sec total\n|\n|t:|1783535237\n|move|p2a: Ninetales|Blizzard|p1a: Carbink\n|-damage|p1a: Carbink|65/100\n|move|p1a: Carbink|Body Press|p2a: Ninetales\n|-damage|p2a: Ninetales|131/242\n|\n|-weather|Snowscape|[upkeep]\n|-heal|p1a: Carbink|71/100|[from] item: Leftovers\n|upkeep\n|turn|4\n|inactive|Time left: 300 sec this turn | 300 sec total\n|\n|t:|1783535237\n|move|p2a: Ninetales|Freeze-Dry|p1a: Carbink\n|-damage|p1a: Carbink|56/100\n|move|p1a: Carbink|Body Press|p2a: Ninetales\n|-damage|p2a: Ninetales|55/242\n|\n|-weather|Snowscape|[upkeep]\n|-heal|p1a: Carbink|62/100|[from] item: Leftovers\n|upkeep\n|turn|5\n|inactive|Time left: 300 sec this turn | 300 sec total\n|\n|t:|1783535239\n|move|p2a: Ninetales|Freeze-Dry|p1a: Carbink\n|-damage|p1a: Carbink|46/100\n|move|p1a: Carbink|Body Press|p2a: Ninetales\n|-damage|p2a: Ninetales|0 fnt\n|faint|p2a: Ninetales\n|\n|-weather|none\n|-heal|p1a: Carbink|52/100|[from] item: Leftovers\n|upkeep\n|inactive|Time left: 300 sec this turn | 300 sec total | 5 sec grace\n|\n|t:|1783535240\n|switch|p2a: Scovillain|Scovillain, L91, M|266/266\n|turn|6\n|inactive|Time left: 300 sec this turn | 300 sec total\n|\n|t:|1783535241\n|move|p2a: Scovillain|Energy Ball|p1a: Carbink\n|-supereffective|p1a: Carbink\n|-damage|p1a: Carbink|0 fnt\n|faint|p1a: Carbink\n|\n|upkeep\n|\n|t:|1783535241\n|switch|p1a: Luxray|Luxray, L88, F|100/100\n|-ability|p1a: Luxray|Intimidate|boost\n|-unboost|p2a: Scovillain|atk|1\n|turn|7\n|inactive|Time left: 300 sec this turn | 300 sec total\n|\n|t:|1783535243\n|switch|p1a: Vileplume|Vileplume, L85, M|100/100\n|move|p2a: Scovillain|Stomping Tantrum|p1a: Vileplume\n|-damage|p1a: Vileplume|83/100\n|\n|-heal|p1a: Vileplume|89/100|[from] item: Leftovers\n|upkeep\n|turn|8\n|inactive|Time left: 300 sec this turn | 300 sec total\n|\n|t:|1783535244\n|switch|p1a: Luxray|Luxray, L88, F|100/100\n|-ability|p1a: Luxray|Intimidate|boost\n|-unboost|p2a: Scovillain|atk|1\n|move|p2a: Scovillain|Fire Blast|p1a: Luxray\n|-damage|p1a: Luxray|65/100\n|\n|-sideend|p2: p0y129886e|move: Aurora Veil\n|upkeep\n|turn|9\n|inactive|Time left: 300 sec this turn | 300 sec total\n|\n|t:|1783535245\n|move|p2a: Scovillain|Fire Blast|p1a: Luxray\n|-damage|p1a: Luxray|29/100\n|move|p1a: Luxray|Volt Switch|p2a: Scovillain\n|-resisted|p2a: Scovillain\n|-damage|p2a: Scovillain|216/266\n|\n|t:|1783535246\n|switch|p1a: Vileplume|Vileplume, L85, M|89/100|[from] Volt Switch\n|\n|-heal|p1a: Vileplume|95/100|[from] item: Leftovers\n|upkeep\n|turn|10\n|inactive|Time left: 300 sec this turn | 300 sec total\n|\n|t:|1783535247\n|move|p2a: Scovillain|Fire Blast|p1a: Vileplume\n|-supereffective|p1a: Vileplume\n|-damage|p1a: Vileplume|0 fnt\n|faint|p1a: Vileplume\n|\n|upkeep\n|\n|t:|1783535248\n|switch|p1a: Azumarill|Azumarill, L82, M|100/100\n|turn|11\n|inactive|Time left: 300 sec this turn | 300 sec total\n|\n|t:|1783535249\n|move|p2a: Scovillain|Energy Ball|p1a: Azumarill\n|-supereffective|p1a: Azumarill\n|-crit|p1a: Azumarill\n|-damage|p1a: Azumarill|0 fnt\n|faint|p1a: Azumarill\n|\n|upkeep\n|\n|t:|1783535250\n|switch|p1a: Ampharos|Ampharos, L88, M|100/100\n|turn|12\n|inactive|Time left: 300 sec this turn | 300 sec total\n|\n|t:|1783535251\n|move|p2a: Scovillain|Energy Ball|p1a: Ampharos\n|-damage|p1a: Ampharos|60/100\n|move|p1a: Ampharos|Agility|p1a: Ampharos\n|-boost|p1a: Ampharos|spe|2\n|\n|upkeep\n|turn|13\n|inactive|Time left: 300 sec this turn | 300 sec total\n|\n|t:|1783535252\n|move|p1a: Ampharos|Thunderbolt|p2a: Scovillain\n|-resisted|p2a: Scovillain\n|-damage|p2a: Scovillain|133/266\n|-damage|p1a: Ampharos|50/100|[from] item: Life Orb\n|move|p2a: Scovillain|Fire Blast|p1a: Ampharos\n|-damage|p1a: Ampharos|0 fnt\n|faint|p1a: Ampharos\n|\n|upkeep\n|\n|t:|1783535253\n|switch|p1a: Trevenant|Trevenant, L89, F|100/100\n|turn|14\n|inactive|Time left: 300 sec this turn | 300 sec total\n|\n|t:|1783535254\n|-terastallize|p1a: Trevenant|Fighting\n|move|p2a: Scovillain|Fire Blast|p1a: Trevenant\n|-damage|p1a: Trevenant|52/100\n|move|p1a: Trevenant|Drain Punch|p2a: Scovillain\n|-damage|p2a: Scovillain|0 fnt\n|-heal|p1a: Trevenant|74/100|[from] drain|[of] p2a: Scovillain\n|faint|p2a: Scovillain\n|-damage|p1a: Trevenant|65/100|[from] item: Life Orb\n|\n|upkeep\n|inactive|Time left: 300 sec this turn | 300 sec total | 5 sec grace\n|\n|t:|1783535255\n|switch|p2a: Slither Wing|Slither Wing, L81|270/270\n|-enditem|p2a: Slither Wing|Booster Energy\n|-activate|p2a: Slither Wing|ability: Protosynthesis|[fromitem]\n|-start|p2a: Slither Wing|protosynthesisatk\n|turn|15\n|inactive|Time left: 300 sec this turn | 300 sec total\n|\n|t:|1783535256\n|switch|p1a: Luxray|Luxray, L88, F|29/100\n|-ability|p1a: Luxray|Intimidate|boost\n|-unboost|p2a: Slither Wing|atk|1\n|-terastallize|p2a: Slither Wing|Flying\n|move|p2a: Slither Wing|Close Combat|p1a: Luxray\n|-damage|p1a: Luxray|0 fnt\n|-unboost|p2a: Slither Wing|def|1\n|-unboost|p2a: Slither Wing|spd|1\n|faint|p1a: Luxray\n|\n|upkeep\n|\n|t:|1783535256\n|switch|p1a: Trevenant|Trevenant, L89, F, tera:Fighting|65/100\n|turn|16\n|inactive|Time left: 300 sec this turn | 300 sec total\n|\n|t:|1783535257\n|move|p2a: Slither Wing|Acrobatics|p1a: Trevenant\n|-supereffective|p1a: Trevenant\n|-damage|p1a: Trevenant|0 fnt\n|faint|p1a: Trevenant\n|\n|win|p0y129886e", "uploadtime": 1783535257, "views": 0, "rating": 0, "private": 0, "password": null, "_winner": "p0y129886e", "_our_name": "p0y129886e"}