{"id": "battle-gen9randombattle-444", "formatid": "gen9randombattle", "format": "[Gen 9] Random Battle", "players": ["p0x4446e7e", "p0y4444485"], "log": "|init|battle\n|title|p0x4446e7e vs. p0y4444485\n|j|\u2606p0x4446e7e\n|j|\u2606p0y4444485\n|t:|1783544207\n|gametype|singles\n|player|p1|p0x4446e7e|266|\n|player|p2|p0y4444485|170|\n|gen|9\n|tier|[Gen 9] Random Battle\n|rule|Species Clause: Limit one of each Pok\u00e9mon\n|rule|HP Percentage Mod: HP is shown in percentages\n|rule|Sleep Clause Mod: Limit one foe put to sleep\n|rule|Illusion Level Mod: Illusion disguises the Pok\u00e9mon's true level\n|\n|t:|1783544207\n|teamsize|p1|6\n|teamsize|p2|6\n|start\n|switch|p1a: Avalugg|Avalugg-Hisui, L90, M|317/317\n|switch|p2a: Ariados|Ariados, L95, M|100/100\n|turn|1\n|inactive|Battle timer is ON: inactive players will automatically lose when time's up. (requested by p0y4444485)\n|inactive|Time left: 300 sec this turn | 300 sec total | 60 sec grace\n|inactive|p0x4446e7e also wants the timer to be on.\n|\n|t:|1783544208\n|move|p2a: Ariados|Sticky Web|p1a: Avalugg\n|-sidestart|p1: p0x4446e7e|move: Sticky Web\n|move|p1a: Avalugg|Stone Edge|p2a: Ariados\n|-supereffective|p2a: Ariados\n|-enditem|p2a: Ariados|Focus Sash\n|-damage|p2a: Ariados|1/100\n|\n|upkeep\n|turn|2\n|inactive|Time left: 300 sec this turn | 300 sec total\n|\n|t:|1783544209\n|move|p2a: Ariados|Knock Off|p1a: Avalugg\n|-damage|p1a: Avalugg|272/317\n|-enditem|p1a: Avalugg|Heavy-Duty Boots|[from] move: Knock Off|[of] p2a: Ariados\n|move|p1a: Avalugg|Avalanche|p2a: Ariados\n|-damage|p2a: Ariados|0 fnt\n|faint|p2a: Ariados\n|\n|upkeep\n|\n|t:|1783544210\n|switch|p2a: Yanmega|Yanmega, L82, M|100/100\n|turn|3\n|inactive|Time left: 300 sec this turn | 300 sec total\n|\n|t:|1783544211\n|-terastallize|p2a: Yanmega|Bug\n|move|p2a: Yanmega|Bug Buzz|p1a: Avalugg\n|-damage|p1a: Avalugg|0 fnt\n|faint|p1a: Avalugg\n|\n|upkeep\n|inactive|Time left: 300 sec this turn | 300 sec total | 5 sec grace\n|\n|t:|1783544212\n|switch|p1a: Squawkabilly|Squawkabilly-Yellow, L89, F|291/291\n|turn|4\n|inactive|Time left: 300 sec this turn | 300 sec total\n|\n|t:|1783544213\n|move|p1a: Squawkabilly|Brave Bird|p2a: Yanmega\n|-supereffective|p2a: Yanmega\n|-damage|p2a: Yanmega|0 fnt\n|faint|p2a: Yanmega\n|-damage|p1a: Squawkabilly|200/291|[from] Recoil\n|\n|upkeep\n|\n|t:|1783544214\n|switch|p2a: Registeel|Registeel, L81|100/100\n|turn|5\n|inactive|Time left: 300 sec this turn | 300 sec total\n|\n|t:|1783544215\n|move|p1a: Squawkabilly|Parting Shot|p2a: Registeel\n|-fail|p2a: Registeel|unboost|[from] ability: Clear Body|[of] p2a: Registeel\n|move|p2a: Registeel|Body Press|p1a: Squawkabilly\n|-crit|p1a: Squawkabilly\n|-damage|p1a: Squawkabilly|47/291\n|\n|upkeep\n|turn|6\n|inactive|Time left: 300 sec this turn | 300 sec total\n|\n|t:|1783544216\n|move|p1a: Squawkabilly|Parting Shot|p2a: Registeel\n|-fail|p2a: Registeel|unboost|[from] ability: Clear Body|[of] p2a: Registeel\n|move|p2a: Registeel|Iron Defense|p2a: Registeel\n|-boost|p2a: Registeel|def|2\n|\n|upkeep\n|turn|7\n|inactive|Time left: 300 sec this turn | 300 sec total\n|\n|t:|1783544217\n|switch|p1a: Drifblim|Drifblim, L86, F|396/396\n|move|p2a: Registeel|Body Press|p1a: Drifblim\n|-immune|p1a: Drifblim\n|\n|upkeep\n|turn|8\n|inactive|Time left: 300 sec this turn | 300 sec total\n|\n|t:|1783544218\n|move|p1a: Drifblim|Calm Mind|p1a: Drifblim\n|-boost|p1a: Drifblim|spa|1\n|-boost|p1a: Drifblim|spd|1\n|move|p2a: Registeel|Body Press|p1a: Drifblim\n|-immune|p1a: Drifblim\n|\n|upkeep\n|turn|9\n|inactive|Time left: 300 sec this turn | 300 sec total\n|\n|t:|1783544219\n|move|p1a: Drifblim|Calm Mind|p1a: Drifblim\n|-boost|p1a: Drifblim|spa|1\n|-boost|p1a: Drifblim|spd|1\n|move|p2a: Registeel|Iron Head|p1a: Drifblim\n|-damage|p1a: Drifblim|287/396\n|\n|upkeep\n|turn|10\n|inactive|Time left: 300 sec this turn | 300 sec total\n|\n|t:|1783544220\n|move|p1a: Drifblim|Shadow Ball|p2a: Registeel\n|-damage|p2a: Registeel|59/100\n|move|p2a: Registeel|Iron Head|p1a: Drifblim\n|-damage|p1a: Drifblim|176/396\n|-enditem|p1a: Drifblim|Sitrus Berry|[eat]\n|-heal|p1a: Drifblim|275/396|[from] item: Sitrus Berry\n|\n|upkeep\n|turn|11\n|inactive|Time left: 300 sec this turn | 300 sec total\n|\n|t:|1783544221\n|move|p1a: Drifblim|Calm Mind|p1a: Drifblim\n|-boost|p1a: Drifblim|spa|1\n|-boost|p1a: Drifblim|spd|1\n|move|p2a: Registeel|Rest|p2a: Registeel\n|-status|p2a: Registeel|slp|[from] move: Rest\n|-heal|p2a: Registeel|100/100 slp|[silent]\n|-enditem|p2a: Registeel|Chesto Berry|[eat]\n|-curestatus|p2a: Registeel|slp|[msg]\n|\n|upkeep\n|turn|12\n|inactive|Time left: 300 sec this turn | 300 sec total\n|\n|t:|1783544222\n|move|p1a: Drifblim|Shadow Ball|p2a: Registeel\n|-damage|p2a: Registeel|47/100\n|move|p2a: Registeel|Iron Head|p1a: Drifblim\n|-damage|p1a: Drifblim|176/396\n|\n|upkeep\n|turn|13\n|inactive|Time left: 300 sec this turn | 300 sec total\n|\n|t:|1783544223\n|switch|p2a: Ursaring|Ursaring, L84, F|100/100\n|move|p1a: Drifblim|Shadow Ball|p2a: Ursaring\n|-immune|p2a: Ursaring\n|\n|-status|p2a: Ursaring|tox|[from] item: Toxic Orb\n|upkeep\n|turn|14\n|inactive|Time left: 300 sec this turn | 300 sec total\n|\n|t:|1783544224\n|move|p1a: Drifblim|Strength Sap|p2a: Ursaring\n|-unboost|p2a: Ursaring|atk|1\n|-heal|p1a: Drifblim|396/396\n|move|p2a: Ursaring|Crunch|p1a: Drifblim\n|-supereffective|p1a: Drifblim\n|-damage|p1a: Drifblim|236/396\n|\n|-damage|p2a: Ursaring|94/100 tox|[from] psn\n|upkeep\n|turn|15\n|inactive|Time left: 300 sec this turn | 300 sec total\n|\n|t:|1783544225\n|switch|p2a: Registeel|Registeel, L81|47/100\n|move|p1a: Drifblim|Air Slash|p2a: Registeel\n|-resisted|p2a: Registeel\n|-damage|p2a: Registeel|21/100\n|\n|upkeep\n|turn|16\n|inactive|Time left: 300 sec this turn | 300 sec total\n|\n|t:|1783544226\n|move|p1a: Drifblim|Air Slash|p2a: Registeel|[miss]\n|-miss|p1a: Drifblim|p2a: Registeel\n|move|p2a: Registeel|Rest|p2a: Registeel\n|-status|p2a: Registeel|slp|[from] move: Rest\n|-heal|p2a: Registeel|100/100 slp|[silent]\n|\n|upkeep\n|turn|17\n|inactive|Time left: 300 sec this turn | 300 sec total\n|\n|t:|1783544227\n|move|p1a: Drifblim|Shadow Ball|p2a: Registeel\n|-damage|p2a: Registeel|45/100 slp\n|cant|p2a: Registeel|slp\n|\n|upkeep\n|turn|18\n|inactive|Time left: 300 sec this turn | 300 sec total\n|\n|t:|1783544228\n|move|p1a: Drifblim|Shadow Ball|p2a: Registeel\n|-damage|p2a: Registeel|0 fnt\n|faint|p2a: Registeel\n|\n|upkeep\n|\n|t:|1783544229\n|switch|p2a: Ursaring|Ursaring, L84, F|94/100 tox\n|turn|19\n|inactive|Time left: 300 sec this turn | 300 sec total\n|\n|t:|1783544230\n|move|p1a: Drifblim|Air Slash|p2a: Ursaring\n|-crit|p2a: Ursaring\n|-damage|p2a: Ursaring|0 fnt\n|faint|p2a: Ursaring\n|\n|upkeep\n|\n|t:|1783544231\n|switch|p2a: Golurk|Golurk, L87|100/100\n|turn|20\n|inactive|Time left: 300 sec this turn | 300 sec total\n|\n|t:|1783544232\n|switch|p2a: Ditto|Ditto, L87|100/100\n|-transform|p2a: Ditto|p1a: Drifblim|[from] ability: Imposter\n|move|p1a: Drifblim|Shadow Ball|p2a: Ditto\n|-supereffective|p2a: Ditto\n|-damage|p2a: Ditto|0 fnt\n|faint|p2a: Ditto\n|\n|upkeep\n|\n|t:|1783544233\n|switch|p2a: Golurk|Golurk, L87|100/100\n|turn|21\n|inactive|Time left: 300 sec this turn | 300 sec total\n|\n|t:|1783544234\n|-terastallize|p1a: Drifblim|Fairy\n|move|p1a: Drifblim|Shadow Ball|p2a: Golurk\n|-supereffective|p2a: Golurk\n|-damage|p2a: Golurk|0 fnt\n|faint|p2a: Golurk\n|\n|win|p0x4446e7e", "uploadtime": 1783544234, "views": 0, "rating": 0, "private": 0, "password": null, "_winner": "p0x4446e7e", "_our_name": "p0x4446e7e"}