{"id": "battle-gen9randombattle-2039", "formatid": "gen9randombattle", "format": "[Gen 9] Random Battle", "players": ["p0x20388aff", "p0y203841a0"], "log": "|init|battle\n|title|p0x20388aff vs. p0y203841a0\n|j|\u2606p0x20388aff\n|j|\u2606p0y203841a0\n|t:|1783562843\n|gametype|singles\n|player|p1|p0x20388aff|2|\n|player|p2|p0y203841a0|265|\n|gen|9\n|tier|[Gen 9] Random Battle\n|rule|Species Clause: Limit one of each Pok\u00e9mon\n|rule|HP Percentage Mod: HP is shown in percentages\n|rule|Sleep Clause Mod: Limit one foe put to sleep\n|rule|Illusion Level Mod: Illusion disguises the Pok\u00e9mon's true level\n|\n|t:|1783562843\n|teamsize|p1|6\n|teamsize|p2|6\n|start\n|switch|p1a: Hitmonlee|Hitmonlee, L85, M|100/100\n|switch|p2a: Mesprit|Mesprit, L85|275/275\n|turn|1\n|inactive|Battle timer is ON: inactive players will automatically lose when time's up. (requested by p0y203841a0)\n|\n|t:|1783562844\n|move|p1a: Hitmonlee|Knock Off|p2a: Mesprit\n|-supereffective|p2a: Mesprit\n|-damage|p2a: Mesprit|69/275\n|-enditem|p2a: Mesprit|Leftovers|[from] move: Knock Off|[of] p1a: Hitmonlee\n|move|p2a: Mesprit|Drain Punch|p1a: Hitmonlee\n|-damage|p1a: Hitmonlee|66/100\n|-heal|p2a: Mesprit|107/275|[from] drain|[of] p1a: Hitmonlee\n|\n|upkeep\n|turn|2\n|inactive|Time left: 300 sec this turn | 300 sec total\n|inactive|p0x20388aff also wants the timer to be on.\n|\n|t:|1783562845\n|move|p1a: Hitmonlee|Knock Off|p2a: Mesprit\n|-supereffective|p2a: Mesprit\n|-damage|p2a: Mesprit|0 fnt\n|faint|p2a: Mesprit\n|\n|upkeep\n|inactive|Time left: 300 sec this turn | 300 sec total | 5 sec grace\n|\n|t:|1783562846\n|switch|p2a: Torterra|Torterra, L78, M|276/276\n|turn|3\n|inactive|Time left: 300 sec this turn | 300 sec total\n|\n|t:|1783562847\n|move|p1a: Hitmonlee|Knock Off|p2a: Torterra\n|-damage|p2a: Torterra|156/276\n|-enditem|p2a: Torterra|Loaded Dice|[from] move: Knock Off|[of] p1a: Hitmonlee\n|move|p2a: Torterra|Shell Smash|p2a: Torterra\n|-unboost|p2a: Torterra|def|1\n|-unboost|p2a: Torterra|spd|1\n|-boost|p2a: Torterra|atk|2\n|-boost|p2a: Torterra|spa|2\n|-boost|p2a: Torterra|spe|2\n|\n|upkeep\n|turn|4\n|inactive|Time left: 300 sec this turn | 300 sec total\n|\n|t:|1783562848\n|switch|p1a: Moltres|Moltres, L81|100/100\n|move|p2a: Torterra|Bullet Seed|p1a: Moltres\n|-resisted|p1a: Moltres\n|-damage|p1a: Moltres|96/100\n|-resisted|p1a: Moltres\n|-damage|p1a: Moltres|92/100\n|-hitcount|p1a: Moltres|2\n|\n|upkeep\n|turn|5\n|inactive|Time left: 300 sec this turn | 300 sec total\n|\n|t:|1783562849\n|move|p2a: Torterra|Rock Blast|p1a: Moltres\n|-supereffective|p1a: Moltres\n|-damage|p1a: Moltres|40/100\n|-supereffective|p1a: Moltres\n|-damage|p1a: Moltres|0 fnt\n|faint|p1a: Moltres\n|-hitcount|p1: Moltres|2\n|\n|upkeep\n|\n|t:|1783562850\n|switch|p1a: Kommo-o|Kommo-o, L77, F|100/100\n|turn|6\n|inactive|Time left: 300 sec this turn | 300 sec total\n|\n|t:|1783562851\n|move|p2a: Torterra|Headlong Rush|p1a: Kommo-o\n|-crit|p1a: Kommo-o\n|-damage|p1a: Kommo-o|0 fnt\n|-unboost|p2a: Torterra|def|1\n|-unboost|p2a: Torterra|spd|1\n|faint|p1a: Kommo-o\n|\n|upkeep\n|\n|t:|1783562852\n|switch|p1a: Banette|Banette, L93, M|100/100\n|turn|7\n|inactive|Time left: 300 sec this turn | 300 sec total\n|\n|t:|1783562853\n|-terastallize|p1a: Banette|Ghost\n|move|p1a: Banette|Shadow Sneak|p2a: Torterra\n|-damage|p2a: Torterra|0 fnt\n|faint|p2a: Torterra\n|-damage|p1a: Banette|90/100|[from] item: Life Orb\n|\n|upkeep\n|inactive|Time left: 300 sec this turn | 300 sec total | 5 sec grace\n|\n|t:|1783562854\n|switch|p2a: Swalot|Swalot, L90, M|326/326\n|turn|8\n|inactive|Time left: 300 sec this turn | 300 sec total\n|\n|t:|1783562855\n|move|p1a: Banette|Poltergeist|p2a: Swalot\n|-activate|p2a: Swalot|move: Poltergeist|Leftovers\n|-damage|p2a: Swalot|27/326\n|-damage|p1a: Banette|80/100|[from] item: Life Orb\n|move|p2a: Swalot|Knock Off|p1a: Banette\n|-supereffective|p1a: Banette\n|-damage|p1a: Banette|29/100\n|-enditem|p1a: Banette|Life Orb|[from] move: Knock Off|[of] p2a: Swalot\n|\n|-heal|p2a: Swalot|47/326|[from] item: Leftovers\n|upkeep\n|turn|9\n|inactive|Time left: 300 sec this turn | 300 sec total\n|\n|t:|1783562856\n|move|p1a: Banette|Poltergeist|p2a: Swalot\n|-activate|p2a: Swalot|move: Poltergeist|Leftovers\n|-damage|p2a: Swalot|0 fnt\n|faint|p2a: Swalot\n|\n|upkeep\n|inactive|Time left: 300 sec this turn | 300 sec total | 5 sec grace\n|\n|t:|1783562857\n|switch|p2a: Sceptile|Sceptile, L87, F|264/264\n|turn|10\n|inactive|Time left: 300 sec this turn | 300 sec total\n|\n|t:|1783562858\n|move|p1a: Banette|Shadow Sneak|p2a: Sceptile\n|-damage|p2a: Sceptile|170/264\n|move|p2a: Sceptile|Earthquake|p1a: Banette\n|-damage|p1a: Banette|0 fnt\n|faint|p1a: Banette\n|-damage|p2a: Sceptile|144/264|[from] item: Life Orb\n|\n|upkeep\n|\n|t:|1783562860\n|switch|p1a: Miraidon|Miraidon, L65|100/100\n|-fieldstart|move: Electric Terrain|[from] ability: Hadron Engine|[of] p1a: Miraidon\n|turn|11\n|inactive|Time left: 300 sec this turn | 300 sec total\n|\n|t:|1783562861\n|move|p2a: Sceptile|Earthquake|p1a: Miraidon\n|-supereffective|p1a: Miraidon\n|-crit|p1a: Miraidon\n|-damage|p1a: Miraidon|0 fnt\n|faint|p1a: Miraidon\n|-damage|p2a: Sceptile|118/264|[from] item: Life Orb\n|\n|upkeep\n|\n|t:|1783562862\n|switch|p1a: Hitmonlee|Hitmonlee, L85, M|66/100\n|turn|12\n|inactive|Time left: 300 sec this turn | 300 sec total\n|\n|t:|1783562863\n|move|p1a: Hitmonlee|Mach Punch|p2a: Sceptile\n|-damage|p2a: Sceptile|31/264\n|move|p2a: Sceptile|Leaf Blade|p1a: Hitmonlee\n|-damage|p1a: Hitmonlee|0 fnt\n|faint|p1a: Hitmonlee\n|-damage|p2a: Sceptile|5/264|[from] item: Life Orb\n|\n|upkeep\n|\n|t:|1783562864\n|switch|p1a: Dedenne|Dedenne, L88, F|100/100\n|turn|13\n|inactive|Time left: 300 sec this turn | 300 sec total\n|\n|t:|1783562865\n|-terastallize|p2a: Sceptile|Rock\n|move|p2a: Sceptile|Leaf Blade|p1a: Dedenne\n|-damage|p1a: Dedenne|9/100\n|-enditem|p1a: Dedenne|Sitrus Berry|[eat]\n|-heal|p1a: Dedenne|34/100|[from] item: Sitrus Berry\n|-heal|p1a: Dedenne|68/100|[from] ability: Cheek Pouch\n|-damage|p2a: Sceptile|0 fnt|[from] item: Life Orb\n|faint|p2a: Sceptile\n|move|p1a: Dedenne|Dazzling Gleam|p2: Sceptile|[notarget]\n|-fail|p1a: Dedenne\n|\n|upkeep\n|inactive|Time left: 300 sec this turn | 300 sec total | 5 sec grace\n|\n|t:|1783562866\n|switch|p2a: Munkidori|Munkidori, L79, M|269/269\n|turn|14\n|inactive|Time left: 300 sec this turn | 300 sec total\n|\n|t:|1783562866\n|move|p1a: Dedenne|Nuzzle|p2a: Munkidori\n|-damage|p2a: Munkidori|238/269\n|-status|p2a: Munkidori|par\n|move|p2a: Munkidori|Sludge Wave|p1a: Dedenne\n|-supereffective|p1a: Dedenne\n|-damage|p1a: Dedenne|0 fnt\n|faint|p1a: Dedenne\n|\n|win|p0y203841a0", "uploadtime": 1783562866, "views": 0, "rating": 0, "private": 0, "password": null, "_winner": "p0y203841a0", "_our_name": "p0y203841a0"}