{"id": "battle-gen9randombattle-58", "formatid": "gen9randombattle", "format": "[Gen 9] Random Battle", "players": ["p0x0580f38", "p0y058a024"], "log": "|init|battle\n|title|p0x0580f38 vs. p0y058a024\n|j|\u2606p0x0580f38\n|j|\u2606p0y058a024\n|t:|1783539849\n|gametype|singles\n|player|p1|p0x0580f38|102|\n|player|p2|p0y058a024|2|\n|gen|9\n|tier|[Gen 9] Random Battle\n|rule|Species Clause: Limit one of each Pok\u00e9mon\n|rule|HP Percentage Mod: HP is shown in percentages\n|rule|Sleep Clause Mod: Limit one foe put to sleep\n|rule|Illusion Level Mod: Illusion disguises the Pok\u00e9mon's true level\n|\n|t:|1783539849\n|teamsize|p1|6\n|teamsize|p2|6\n|start\n|switch|p1a: Umbreon|Umbreon, L84, F|297/297\n|switch|p2a: Mabosstiff|Mabosstiff, L86, M|100/100\n|turn|1\n|inactive|Battle timer is ON: inactive players will automatically lose when time's up. (requested by p0y058a024)\n|inactive|Time left: 300 sec this turn | 300 sec total | 60 sec grace\n|inactive|p0x0580f38 also wants the timer to be on.\n|\n|t:|1783539851\n|move|p2a: Mabosstiff|Crunch|p1a: Umbreon\n|-resisted|p1a: Umbreon\n|-damage|p1a: Umbreon|227/297\n|-unboost|p1a: Umbreon|def|1\n|move|p1a: Umbreon|Toxic|p2a: Mabosstiff\n|-status|p2a: Mabosstiff|tox\n|\n|-heal|p1a: Umbreon|245/297|[from] item: Leftovers\n|-damage|p2a: Mabosstiff|94/100 tox|[from] psn\n|upkeep\n|turn|2\n|inactive|Time left: 300 sec this turn | 300 sec total\n|\n|t:|1783539852\n|move|p2a: Mabosstiff|Crunch|p1a: Umbreon\n|-resisted|p1a: Umbreon\n|-damage|p1a: Umbreon|146/297\n|-unboost|p1a: Umbreon|def|1\n|move|p1a: Umbreon|Foul Play|p2a: Mabosstiff\n|-resisted|p2a: Mabosstiff\n|-damage|p2a: Mabosstiff|73/100 tox\n|\n|-heal|p1a: Umbreon|164/297|[from] item: Leftovers\n|-damage|p2a: Mabosstiff|61/100 tox|[from] psn\n|upkeep\n|turn|3\n|inactive|Time left: 300 sec this turn | 300 sec total\n|\n|t:|1783539853\n|move|p2a: Mabosstiff|Crunch|p1a: Umbreon\n|-resisted|p1a: Umbreon\n|-damage|p1a: Umbreon|25/297\n|move|p1a: Umbreon|Foul Play|p2a: Mabosstiff\n|-resisted|p2a: Mabosstiff\n|-damage|p2a: Mabosstiff|39/100 tox\n|\n|-heal|p1a: Umbreon|43/297|[from] item: Leftovers\n|-damage|p2a: Mabosstiff|21/100 tox|[from] psn\n|upkeep\n|turn|4\n|inactive|Time left: 300 sec this turn | 300 sec total\n|\n|t:|1783539854\n|move|p2a: Mabosstiff|Crunch|p1a: Umbreon\n|-resisted|p1a: Umbreon\n|-damage|p1a: Umbreon|0 fnt\n|faint|p1a: Umbreon\n|\n|-damage|p2a: Mabosstiff|0 fnt|[from] psn\n|faint|p2a: Mabosstiff\n|upkeep\n|inactive|Time left: 300 sec this turn | 300 sec total | 5 sec grace\n|\n|t:|1783539855\n|switch|p2a: Samurott|Samurott-Hisui, L77, M|100/100\n|switch|p1a: Vikavolt|Vikavolt, L83, M|263/263\n|turn|5\n|inactive|Time left: 300 sec this turn | 300 sec total\n|\n|t:|1783539857\n|move|p2a: Samurott|Razor Shell|p1a: Vikavolt|[miss]\n|-miss|p2a: Samurott|p1a: Vikavolt\n|move|p1a: Vikavolt|Sticky Web|p2a: Samurott\n|-sidestart|p2: p0y058a024|move: Sticky Web\n|\n|upkeep\n|turn|6\n|inactive|Time left: 300 sec this turn | 300 sec total\n|\n|t:|1783539858\n|move|p2a: Samurott|Razor Shell|p1a: Vikavolt\n|-damage|p1a: Vikavolt|107/263\n|move|p1a: Vikavolt|Thunderbolt|p2a: Samurott\n|-supereffective|p2a: Samurott\n|-damage|p2a: Samurott|0 fnt\n|faint|p2a: Samurott\n|\n|upkeep\n|\n|t:|1783539859\n|switch|p2a: Haxorus|Haxorus, L77, M|100/100\n|-activate|p2a: Haxorus|move: Sticky Web\n|-unboost|p2a: Haxorus|spe|1\n|-ability|p2a: Haxorus|Mold Breaker\n|turn|7\n|inactive|Time left: 300 sec this turn | 300 sec total\n|\n|t:|1783539860\n|switch|p1a: Oricorio|Oricorio-Pom-Pom, L82, F|257/257\n|move|p2a: Haxorus|Outrage|p1a: Oricorio\n|-damage|p1a: Oricorio|73/257\n|\n|upkeep\n|turn|8\n|inactive|Time left: 300 sec this turn | 300 sec total\n|\n|t:|1783539861\n|move|p1a: Oricorio|Hurricane|p2a: Haxorus|[miss]\n|-miss|p1a: Oricorio|p2a: Haxorus\n|move|p2a: Haxorus|Outrage|p1a: Oricorio|[from] lockedmove\n|-crit|p1a: Oricorio\n|-damage|p1a: Oricorio|0 fnt\n|faint|p1a: Oricorio\n|\n|upkeep\n|inactive|Time left: 300 sec this turn | 300 sec total | 5 sec grace\n|\n|t:|1783539862\n|switch|p1a: Indeedee|Indeedee, L84, M|238/238\n|-fieldstart|move: Psychic Terrain|[from] ability: Psychic Surge|[of] p1a: Indeedee\n|turn|9\n|inactive|Time left: 300 sec this turn | 300 sec total\n|\n|t:|1783539863\n|-terastallize|p1a: Indeedee|Psychic\n|move|p1a: Indeedee|Expanding Force|p2a: Haxorus\n|-damage|p2a: Haxorus|0 fnt\n|faint|p2a: Haxorus\n|\n|upkeep\n|\n|t:|1783539864\n|switch|p2a: Sinistcha|Sinistcha-Masterpiece, L83|100/100\n|-activate|p2a: Sinistcha|move: Sticky Web\n|-unboost|p2a: Sinistcha|spe|1\n|turn|10\n|inactive|Time left: 300 sec this turn | 300 sec total\n|\n|t:|1783539865\n|-terastallize|p2a: Sinistcha|Steel\n|move|p1a: Indeedee|Expanding Force|p2a: Sinistcha\n|-resisted|p2a: Sinistcha\n|-damage|p2a: Sinistcha|50/100\n|move|p2a: Sinistcha|Calm Mind|p2a: Sinistcha\n|-boost|p2a: Sinistcha|spa|1\n|-boost|p2a: Sinistcha|spd|1\n|\n|-heal|p2a: Sinistcha|56/100|[from] item: Leftovers\n|upkeep\n|turn|11\n|inactive|Time left: 300 sec this turn | 300 sec total\n|\n|t:|1783539866\n|switch|p1a: Blissey|Blissey, L85, F|572/572\n|move|p2a: Sinistcha|Matcha Gotcha|p1a: Blissey\n|-damage|p1a: Blissey|473/572\n|-heal|p2a: Sinistcha|75/100|[from] drain|[of] p1a: Blissey\n|-status|p1a: Blissey|brn\n|\n|-heal|p1a: Blissey|508/572 brn|[from] item: Leftovers\n|-heal|p2a: Sinistcha|81/100|[from] item: Leftovers\n|-damage|p1a: Blissey|473/572 brn|[from] brn\n|upkeep\n|turn|12\n|inactive|Time left: 300 sec this turn | 300 sec total\n|\n|t:|1783539867\n|move|p1a: Blissey|Thunder Wave|p2a: Sinistcha\n|-status|p2a: Sinistcha|par\n|move|p2a: Sinistcha|Calm Mind|p2a: Sinistcha\n|-boost|p2a: Sinistcha|spa|1\n|-boost|p2a: Sinistcha|spd|1\n|\n|-heal|p1a: Blissey|508/572 brn|[from] item: Leftovers\n|-heal|p2a: Sinistcha|87/100 par|[from] item: Leftovers\n|-damage|p1a: Blissey|473/572 brn|[from] brn\n|upkeep\n|turn|13\n|inactive|Time left: 300 sec this turn | 300 sec total\n|\n|t:|1783539868\n|move|p1a: Blissey|Seismic Toss|p2a: Sinistcha\n|-damage|p2a: Sinistcha|54/100 par\n|move|p2a: Sinistcha|Calm Mind|p2a: Sinistcha\n|-boost|p2a: Sinistcha|spa|1\n|-boost|p2a: Sinistcha|spd|1\n|\n|-heal|p1a: Blissey|508/572 brn|[from] item: Leftovers\n|-heal|p2a: Sinistcha|60/100 par|[from] item: Leftovers\n|-damage|p1a: Blissey|473/572 brn|[from] brn\n|-fieldend|move: Psychic Terrain\n|upkeep\n|turn|14\n|inactive|Time left: 300 sec this turn | 300 sec total\n|\n|t:|1783539869\n|move|p1a: Blissey|Seismic Toss|p2a: Sinistcha\n|-damage|p2a: Sinistcha|26/100 par\n|move|p2a: Sinistcha|Matcha Gotcha|p1a: Blissey\n|-damage|p1a: Blissey|301/572 brn\n|-heal|p2a: Sinistcha|60/100 par|[from] drain|[of] p1a: Blissey\n|\n|-heal|p1a: Blissey|336/572 brn|[from] item: Leftovers\n|-heal|p2a: Sinistcha|66/100 par|[from] item: Leftovers\n|-damage|p1a: Blissey|301/572 brn|[from] brn\n|upkeep\n|turn|15\n|inactive|Time left: 300 sec this turn | 300 sec total\n|\n|t:|1783539870\n|move|p1a: Blissey|Soft-Boiled|p1a: Blissey\n|-heal|p1a: Blissey|572/572 brn\n|cant|p2a: Sinistcha|par\n|\n|-heal|p2a: Sinistcha|72/100 par|[from] item: Leftovers\n|-damage|p1a: Blissey|537/572 brn|[from] brn\n|upkeep\n|turn|16\n|inactive|Time left: 300 sec this turn | 300 sec total\n|\n|t:|1783539871\n|move|p1a: Blissey|Seismic Toss|p2a: Sinistcha\n|-damage|p2a: Sinistcha|38/100 par\n|move|p2a: Sinistcha|Matcha Gotcha|p1a: Blissey\n|-damage|p1a: Blissey|377/572 brn\n|-heal|p2a: Sinistcha|70/100 par|[from] drain|[of] p1a: Blissey\n|\n|-heal|p1a: Blissey|412/572 brn|[from] item: Leftovers\n|-heal|p2a: Sinistcha|76/100 par|[from] item: Leftovers\n|-damage|p1a: Blissey|377/572 brn|[from] brn\n|upkeep\n|turn|17\n|inactive|Time left: 300 sec this turn | 300 sec total\n|\n|t:|1783539872\n|move|p1a: Blissey|Soft-Boiled|p1a: Blissey\n|-heal|p1a: Blissey|572/572 brn\n|move|p2a: Sinistcha|Matcha Gotcha|p1a: Blissey|[miss]\n|-miss|p2a: Sinistcha|p1a: Blissey\n|\n|-heal|p2a: Sinistcha|82/100 par|[from] item: Leftovers\n|-damage|p1a: Blissey|537/572 brn|[from] brn\n|upkeep\n|turn|18\n|inactive|Time left: 300 sec this turn | 300 sec total\n|\n|t:|1783539873\n|move|p1a: Blissey|Stealth Rock|p2a: Sinistcha\n|-sidestart|p2: p0y058a024|move: Stealth Rock\n|move|p2a: Sinistcha|Matcha Gotcha|p1a: Blissey\n|-damage|p1a: Blissey|351/572 brn\n|-heal|p2a: Sinistcha|100/100 par|[from] drain|[of] p1a: Blissey\n|\n|-heal|p1a: Blissey|386/572 brn|[from] item: Leftovers\n|-damage|p1a: Blissey|351/572 brn|[from] brn\n|upkeep\n|turn|19\n|inactive|Time left: 300 sec this turn | 300 sec total\n|\n|t:|1783539874\n|move|p1a: Blissey|Soft-Boiled|p1a: Blissey\n|-heal|p1a: Blissey|572/572 brn\n|move|p2a: Sinistcha|Matcha Gotcha|p1a: Blissey\n|-damage|p1a: Blissey|392/572 brn\n|\n|-heal|p1a: Blissey|427/572 brn|[from] item: Leftovers\n|-damage|p1a: Blissey|392/572 brn|[from] brn\n|upkeep\n|turn|20\n|inactive|Time left: 300 sec this turn | 300 sec total\n|\n|t:|1783539876\n|move|p1a: Blissey|Soft-Boiled|p1a: Blissey\n|-heal|p1a: Blissey|572/572 brn\n|move|p2a: Sinistcha|Matcha Gotcha|p1a: Blissey\n|-damage|p1a: Blissey|386/572 brn\n|\n|-heal|p1a: Blissey|421/572 brn|[from] item: Leftovers\n|-damage|p1a: Blissey|386/572 brn|[from] brn\n|upkeep\n|turn|21\n|inactive|Time left: 300 sec this turn | 300 sec total\n|\n|t:|1783539877\n|move|p1a: Blissey|Soft-Boiled|p1a: Blissey\n|-heal|p1a: Blissey|572/572 brn\n|move|p2a: Sinistcha|Matcha Gotcha|p1a: Blissey\n|-damage|p1a: Blissey|395/572 brn\n|\n|-heal|p1a: Blissey|430/572 brn|[from] item: Leftovers\n|-damage|p1a: Blissey|395/572 brn|[from] brn\n|upkeep\n|turn|22\n|inactive|Time left: 300 sec this turn | 300 sec total\n|\n|t:|1783539878\n|move|p1a: Blissey|Soft-Boiled|p1a: Blissey\n|-heal|p1a: Blissey|572/572 brn\n|move|p2a: Sinistcha|Matcha Gotcha|p1a: Blissey\n|-damage|p1a: Blissey|391/572 brn\n|\n|-heal|p1a: Blissey|426/572 brn|[from] item: Leftovers\n|-damage|p1a: Blissey|391/572 brn|[from] brn\n|upkeep\n|turn|23\n|inactive|Time left: 300 sec this turn | 300 sec total\n|\n|t:|1783539879\n|move|p1a: Blissey|Soft-Boiled|p1a: Blissey\n|-heal|p1a: Blissey|572/572 brn\n|move|p2a: Sinistcha|Matcha Gotcha|p1a: Blissey\n|-damage|p1a: Blissey|395/572 brn\n|\n|-heal|p1a: Blissey|430/572 brn|[from] item: Leftovers\n|-damage|p1a: Blissey|395/572 brn|[from] brn\n|upkeep\n|turn|24\n|inactive|Time left: 300 sec this turn | 300 sec total\n|\n|t:|1783539880\n|move|p1a: Blissey|Soft-Boiled|p1a: Blissey\n|-heal|p1a: Blissey|572/572 brn\n|move|p2a: Sinistcha|Matcha Gotcha|p1a: Blissey|[miss]\n|-miss|p2a: Sinistcha|p1a: Blissey\n|\n|-damage|p1a: Blissey|537/572 brn|[from] brn\n|upkeep\n|turn|25\n|inactive|Time left: 300 sec this turn | 300 sec total\n|\n|t:|1783539881\n|move|p1a: Blissey|Seismic Toss|p2a: Sinistcha\n|-damage|p2a: Sinistcha|67/100 par\n|move|p2a: Sinistcha|Matcha Gotcha|p1a: Blissey\n|-damage|p1a: Blissey|377/572 brn\n|-heal|p2a: Sinistcha|99/100 par|[from] drain|[of] p1a: Blissey\n|\n|-heal|p1a: Blissey|412/572 brn|[from] item: Leftovers\n|-heal|p2a: Sinistcha|100/100 par|[from] item: Leftovers\n|-damage|p1a: Blissey|377/572 brn|[from] brn\n|upkeep\n|turn|26\n|inactive|Time left: 300 sec this turn | 300 sec total\n|\n|t:|1783539882\n|move|p1a: Blissey|Seismic Toss|p2a: Sinistcha\n|-damage|p2a: Sinistcha|67/100 par\n|move|p2a: Sinistcha|Matcha Gotcha|p1a: Blissey|[miss]\n|-miss|p2a: Sinistcha|p1a: Blissey\n|\n|-heal|p1a: Blissey|412/572 brn|[from] item: Leftovers\n|-heal|p2a: Sinistcha|73/100 par|[from] item: Leftovers\n|-damage|p1a: Blissey|377/572 brn|[from] brn\n|upkeep\n|turn|27\n|inactive|Time left: 300 sec this turn | 300 sec total\n|\n|t:|1783539883\n|move|p1a: Blissey|Seismic Toss|p2a: Sinistcha\n|-damage|p2a: Sinistcha|39/100 par\n|move|p2a: Sinistcha|Matcha Gotcha|p1a: Blissey\n|-damage|p1a: Blissey|193/572 brn\n|-heal|p2a: Sinistcha|76/100 par|[from] drain|[of] p1a: Blissey\n|\n|-heal|p1a: Blissey|228/572 brn|[from] item: Leftovers\n|-heal|p2a: Sinistcha|82/100 par|[from] item: Leftovers\n|-damage|p1a: Blissey|193/572 brn|[from] brn\n|upkeep\n|turn|28\n|inactive|Time left: 300 sec this turn | 300 sec total\n|\n|t:|1783539884\n|move|p1a: Blissey|Seismic Toss|p2a: Sinistcha\n|-damage|p2a: Sinistcha|48/100 par\n|move|p2a: Sinistcha|Matcha Gotcha|p1a: Blissey\n|-damage|p1a: Blissey|6/572 brn\n|-heal|p2a: Sinistcha|85/100 par|[from] drain|[of] p1a: Blissey\n|\n|-heal|p1a: Blissey|41/572 brn|[from] item: Leftovers\n|-heal|p2a: Sinistcha|91/100 par|[from] item: Leftovers\n|-damage|p1a: Blissey|6/572 brn|[from] brn\n|upkeep\n|turn|29\n|inactive|Time left: 300 sec this turn | 300 sec total\n|\n|t:|1783539885\n|move|p1a: Blissey|Seismic Toss|p2a: Sinistcha\n|-damage|p2a: Sinistcha|58/100 par\n|cant|p2a: Sinistcha|par\n|\n|-heal|p1a: Blissey|41/572 brn|[from] item: Leftovers\n|-heal|p2a: Sinistcha|63/100 par|[from] item: Leftovers\n|-damage|p1a: Blissey|6/572 brn|[from] brn\n|upkeep\n|turn|30\n|inactive|Time left: 300 sec this turn | 300 sec total\n|\n|t:|1783539886\n|move|p1a: Blissey|Seismic Toss|p2a: Sinistcha\n|-damage|p2a: Sinistcha|30/100 par\n|cant|p2a: Sinistcha|par\n|\n|-heal|p1a: Blissey|41/572 brn|[from] item: Leftovers\n|-heal|p2a: Sinistcha|36/100 par|[from] item: Leftovers\n|-damage|p1a: Blissey|6/572 brn|[from] brn\n|upkeep\n|turn|31\n|inactive|Time left: 300 sec this turn | 300 sec total\n|\n|t:|1783539887\n|move|p1a: Blissey|Seismic Toss|p2a: Sinistcha\n|-damage|p2a: Sinistcha|2/100 par\n|cant|p2a: Sinistcha|par\n|\n|-heal|p1a: Blissey|41/572 brn|[from] item: Leftovers\n|-heal|p2a: Sinistcha|8/100 par|[from] item: Leftovers\n|-damage|p1a: Blissey|6/572 brn|[from] brn\n|upkeep\n|turn|32\n|inactive|Time left: 300 sec this turn | 300 sec total\n|\n|t:|1783539888\n|move|p1a: Blissey|Seismic Toss|p2a: Sinistcha\n|-damage|p2a: Sinistcha|0 fnt\n|faint|p2a: Sinistcha\n|\n|-heal|p1a: Blissey|41/572 brn|[from] item: Leftovers\n|-damage|p1a: Blissey|6/572 brn|[from] brn\n|upkeep\n|\n|t:|1783539889\n|switch|p2a: Swalot|Swalot, L90, F|100/100\n|-activate|p2a: Swalot|move: Sticky Web\n|-unboost|p2a: Swalot|spe|1\n|-damage|p2a: Swalot|88/100|[from] Stealth Rock\n|turn|33\n|inactive|Time left: 300 sec this turn | 300 sec total\n|\n|t:|1783539890\n|-curestatus|p1a: Blissey|brn|[from] ability: Natural Cure|[silent]\n|switch|p1a: Indeedee|Indeedee, L84, M, tera:Psychic|238/238\n|-fieldstart|move: Psychic Terrain|[from] ability: Psychic Surge|[of] p1a: Indeedee\n|move|p2a: Swalot|Toxic|p1a: Indeedee\n|-status|p1a: Indeedee|tox\n|\n|-heal|p2a: Swalot|94/100|[from] item: Leftovers\n|-damage|p1a: Indeedee|224/238 tox|[from] psn\n|upkeep\n|turn|34\n|inactive|Time left: 300 sec this turn | 300 sec total\n|\n|t:|1783539891\n|move|p2a: Swalot|Protect|p2a: Swalot\n|-singleturn|p2a: Swalot|Protect\n|move|p1a: Indeedee|Expanding Force|p2a: Swalot\n|-activate|p2a: Swalot|move: Protect\n|\n|-heal|p2a: Swalot|100/100|[from] item: Leftovers\n|-damage|p1a: Indeedee|196/238 tox|[from] psn\n|upkeep\n|turn|35\n|inactive|Time left: 300 sec this turn | 300 sec total\n|\n|t:|1783539892\n|move|p2a: Swalot|Protect|p2a: Swalot\n|-singleturn|p2a: Swalot|Protect\n|move|p1a: Indeedee|Expanding Force|p2a: Swalot\n|-activate|p2a: Swalot|move: Protect\n|\n|-damage|p1a: Indeedee|154/238 tox|[from] psn\n|upkeep\n|turn|36\n|inactive|Time left: 300 sec this turn | 300 sec total\n|\n|t:|1783539893\n|move|p2a: Swalot|Protect||[still]\n|-fail|p2a: Swalot\n|move|p1a: Indeedee|Expanding Force|p2a: Swalot\n|-supereffective|p2a: Swalot\n|-damage|p2a: Swalot|0 fnt\n|faint|p2a: Swalot\n|\n|-damage|p1a: Indeedee|98/238 tox|[from] psn\n|upkeep\n|\n|t:|1783539894\n|switch|p2a: Groudon|Groudon, L72|100/100\n|-activate|p2a: Groudon|move: Sticky Web\n|-unboost|p2a: Groudon|spe|1\n|-damage|p2a: Groudon|94/100|[from] Stealth Rock\n|-weather|SunnyDay|[from] ability: Drought|[of] p2a: Groudon\n|turn|37\n|inactive|Time left: 300 sec this turn | 300 sec total\n|\n|t:|1783539895\n|move|p1a: Indeedee|Expanding Force|p2a: Groudon\n|-damage|p2a: Groudon|0 fnt\n|faint|p2a: Groudon\n|\n|win|p0x0580f38", "uploadtime": 1783539895, "views": 0, "rating": 0, "private": 0, "password": null, "_winner": "p0x0580f38", "_our_name": "p0x0580f38"}