{"id": "battle-gen9randombattle-138", "formatid": "gen9randombattle", "format": "[Gen 9] Random Battle", "players": ["p0x13871f3", "p0y1382a9b"], "log": "|init|battle\n|title|p0x13871f3 vs. p0y1382a9b\n|j|\u2606p0x13871f3\n|j|\u2606p0y1382a9b\n|t:|1783540750\n|gametype|singles\n|player|p1|p0x13871f3|265|\n|player|p2|p0y1382a9b|1|\n|gen|9\n|tier|[Gen 9] Random Battle\n|rule|Species Clause: Limit one of each Pok\u00e9mon\n|rule|HP Percentage Mod: HP is shown in percentages\n|rule|Sleep Clause Mod: Limit one foe put to sleep\n|rule|Illusion Level Mod: Illusion disguises the Pok\u00e9mon's true level\n|\n|t:|1783540750\n|teamsize|p1|6\n|teamsize|p2|6\n|start\n|switch|p1a: Koraidon|Koraidon, L64|235/235\n|switch|p2a: Okidogi|Okidogi, L77, M|100/100\n|-weather|SunnyDay|[from] ability: Orichalcum Pulse|[of] p1a: Koraidon\n|-activate|p1a: Koraidon|Orichalcum Pulse|[source]\n|turn|1\n|inactive|Battle timer is ON: inactive players will automatically lose when time's up. (requested by p0x13871f3)\n|inactive|p0y1382a9b also wants the timer to be on.\n|\n|t:|1783540752\n|move|p1a: Koraidon|Outrage|p2a: Okidogi\n|-damage|p2a: Okidogi|39/100\n|move|p2a: Okidogi|Gunk Shot|p1a: Koraidon\n|-damage|p1a: Koraidon|88/235\n|-status|p1a: Koraidon|psn\n|\n|-weather|SunnyDay|[upkeep]\n|-heal|p2a: Okidogi|45/100|[from] item: Leftovers\n|-damage|p1a: Koraidon|59/235 psn|[from] psn\n|upkeep\n|turn|2\n|inactive|Time left: 300 sec this turn | 300 sec total\n|\n|t:|1783540753\n|switch|p2a: Ninetales|Ninetales-Alola, L78, F|100/100\n|-weather|Snowscape|[from] ability: Snow Warning|[of] p2a: Ninetales\n|move|p1a: Koraidon|Outrage|p2a: Ninetales|[from] lockedmove\n|-immune|p2a: Ninetales\n|\n|-weather|Snowscape|[upkeep]\n|-damage|p1a: Koraidon|30/235 psn|[from] psn\n|upkeep\n|turn|3\n|inactive|Time left: 300 sec this turn | 300 sec total\n|\n|t:|1783540754\n|move|p2a: Ninetales|Aurora Veil|p2a: Ninetales\n|-sidestart|p2: p0y1382a9b|move: Aurora Veil\n|move|p1a: Koraidon|Outrage|p2a: Ninetales\n|-immune|p2a: Ninetales\n|\n|-weather|Snowscape|[upkeep]\n|-damage|p1a: Koraidon|1/235 psn|[from] psn\n|upkeep\n|turn|4\n|inactive|Time left: 300 sec this turn | 300 sec total\n|\n|t:|1783540755\n|switch|p2a: Flutter Mane|Flutter Mane, L74|100/100\n|move|p1a: Koraidon|Outrage|p2a: Flutter Mane\n|-immune|p2a: Flutter Mane\n|\n|-weather|Snowscape|[upkeep]\n|-damage|p1a: Koraidon|0 fnt|[from] psn\n|faint|p1a: Koraidon\n|upkeep\n|inactive|Time left: 300 sec this turn | 300 sec total | 5 sec grace\n|\n|t:|1783540756\n|switch|p1a: Heatran|Heatran, L79, M|273/273\n|-item|p1a: Heatran|Air Balloon\n|turn|5\n|inactive|Time left: 300 sec this turn | 300 sec total\n|\n|t:|1783540758\n|move|p2a: Flutter Mane|Shadow Ball|p1a: Heatran\n|-damage|p1a: Heatran|164/273\n|-enditem|p1a: Heatran|Air Balloon\n|move|p1a: Heatran|Stealth Rock|p2a: Flutter Mane\n|-sidestart|p2: p0y1382a9b|move: Stealth Rock\n|\n|-weather|Snowscape|[upkeep]\n|upkeep\n|turn|6\n|inactive|Time left: 300 sec this turn | 300 sec total\n|\n|t:|1783540759\n|move|p2a: Flutter Mane|Shadow Ball|p1a: Heatran\n|-damage|p1a: Heatran|43/273\n|move|p1a: Heatran|Heavy Slam|p2a: Flutter Mane\n|-supereffective|p2a: Flutter Mane\n|-damage|p2a: Flutter Mane|16/100\n|\n|-weather|none\n|upkeep\n|turn|7\n|inactive|Time left: 300 sec this turn | 300 sec total\n|\n|t:|1783540760\n|switch|p1a: Maushold|Maushold, L76|238/238\n|move|p2a: Flutter Mane|Shadow Ball|p1a: Maushold\n|-immune|p1a: Maushold\n|\n|upkeep\n|turn|8\n|inactive|Time left: 300 sec this turn | 300 sec total\n|\n|t:|1783540762\n|move|p2a: Flutter Mane|Shadow Ball|p1a: Maushold\n|-immune|p1a: Maushold\n|move|p1a: Maushold|Population Bomb|p2a: Flutter Mane\n|-immune|p2a: Flutter Mane\n|\n|upkeep\n|turn|9\n|inactive|Time left: 300 sec this turn | 300 sec total\n|\n|t:|1783540763\n|move|p2a: Flutter Mane|Shadow Ball|p1a: Maushold\n|-immune|p1a: Maushold\n|move|p1a: Maushold|Population Bomb|p2a: Flutter Mane\n|-immune|p2a: Flutter Mane\n|\n|upkeep\n|turn|10\n|inactive|Time left: 300 sec this turn | 300 sec total\n|\n|t:|1783540764\n|move|p2a: Flutter Mane|Shadow Ball|p1a: Maushold\n|-immune|p1a: Maushold\n|move|p1a: Maushold|Population Bomb|p2a: Flutter Mane\n|-immune|p2a: Flutter Mane\n|\n|-sideend|p2: p0y1382a9b|move: Aurora Veil\n|upkeep\n|turn|11\n|inactive|Time left: 300 sec this turn | 300 sec total\n|\n|t:|1783540765\n|move|p2a: Flutter Mane|Shadow Ball|p1a: Maushold\n|-immune|p1a: Maushold\n|move|p1a: Maushold|Population Bomb|p2a: Flutter Mane\n|-immune|p2a: Flutter Mane\n|\n|upkeep\n|turn|12\n|inactive|Time left: 300 sec this turn | 300 sec total\n|\n|t:|1783540766\n|move|p2a: Flutter Mane|Shadow Ball|p1a: Maushold\n|-immune|p1a: Maushold\n|move|p1a: Maushold|Population Bomb|p2a: Flutter Mane\n|-immune|p2a: Flutter Mane\n|\n|upkeep\n|turn|13\n|inactive|Time left: 300 sec this turn | 300 sec total\n|\n|t:|1783540767\n|move|p2a: Flutter Mane|Shadow Ball|p1a: Maushold\n|-immune|p1a: Maushold\n|move|p1a: Maushold|Population Bomb|p2a: Flutter Mane\n|-immune|p2a: Flutter Mane\n|\n|upkeep\n|turn|14\n|inactive|Time left: 300 sec this turn | 300 sec total\n|\n|t:|1783540768\n|move|p2a: Flutter Mane|Shadow Ball|p1a: Maushold\n|-immune|p1a: Maushold\n|move|p1a: Maushold|Population Bomb|p2a: Flutter Mane\n|-immune|p2a: Flutter Mane\n|\n|upkeep\n|turn|15\n|inactive|Time left: 300 sec this turn | 300 sec total\n|\n|t:|1783540769\n|move|p2a: Flutter Mane|Shadow Ball|p1a: Maushold\n|-immune|p1a: Maushold\n|move|p1a: Maushold|Population Bomb|p2a: Flutter Mane\n|-immune|p2a: Flutter Mane\n|\n|upkeep\n|turn|16\n|inactive|Time left: 300 sec this turn | 300 sec total\n|\n|t:|1783540770\n|move|p2a: Flutter Mane|Shadow Ball|p1a: Maushold\n|-immune|p1a: Maushold\n|move|p1a: Maushold|Population Bomb|p2a: Flutter Mane\n|-immune|p2a: Flutter Mane\n|\n|upkeep\n|turn|17\n|inactive|Time left: 300 sec this turn | 300 sec total\n|\n|t:|1783540771\n|move|p2a: Flutter Mane|Shadow Ball|p1a: Maushold\n|-immune|p1a: Maushold\n|move|p1a: Maushold|Population Bomb|p2a: Flutter Mane\n|-immune|p2a: Flutter Mane\n|\n|upkeep\n|turn|18\n|inactive|Time left: 300 sec this turn | 300 sec total\n|\n|t:|1783540772\n|move|p2a: Flutter Mane|Shadow Ball|p1a: Maushold\n|-immune|p1a: Maushold\n|move|p1a: Maushold|Population Bomb|p2a: Flutter Mane\n|-immune|p2a: Flutter Mane\n|\n|upkeep\n|turn|19\n|inactive|Time left: 300 sec this turn | 300 sec total\n|\n|t:|1783540773\n|move|p2a: Flutter Mane|Shadow Ball|p1a: Maushold\n|-immune|p1a: Maushold\n|move|p1a: Maushold|Population Bomb|p2a: Flutter Mane\n|-immune|p2a: Flutter Mane\n|\n|upkeep\n|turn|20\n|inactive|Time left: 300 sec this turn | 300 sec total\n|\n|t:|1783540774\n|move|p2a: Flutter Mane|Shadow Ball|p1a: Maushold\n|-immune|p1a: Maushold\n|move|p1a: Maushold|Population Bomb|p2a: Flutter Mane\n|-immune|p2a: Flutter Mane\n|\n|upkeep\n|turn|21\n|inactive|Time left: 300 sec this turn | 300 sec total\n|\n|t:|1783540775\n|move|p2a: Flutter Mane|Shadow Ball|p1a: Maushold\n|-immune|p1a: Maushold\n|move|p1a: Maushold|Population Bomb|p2a: Flutter Mane\n|-immune|p2a: Flutter Mane\n|\n|upkeep\n|turn|22\n|inactive|Time left: 300 sec this turn | 300 sec total\n|\n|t:|1783540776\n|move|p2a: Flutter Mane|Shadow Ball|p1a: Maushold\n|-immune|p1a: Maushold\n|move|p1a: Maushold|Population Bomb|p2a: Flutter Mane\n|-immune|p2a: Flutter Mane\n|\n|upkeep\n|turn|23\n|inactive|Time left: 300 sec this turn | 300 sec total\n|\n|t:|1783540777\n|move|p2a: Flutter Mane|Shadow Ball|p1a: Maushold\n|-immune|p1a: Maushold\n|move|p1a: Maushold|Population Bomb|p2a: Flutter Mane\n|-immune|p2a: Flutter Mane\n|\n|upkeep\n|turn|24\n|inactive|Time left: 300 sec this turn | 300 sec total\n|\n|t:|1783540778\n|-end|p2a: Flutter Mane|Protosynthesis|[silent]\n|switch|p2a: Okidogi|Okidogi, L77, M|45/100\n|-damage|p2a: Okidogi|39/100|[from] Stealth Rock\n|move|p1a: Maushold|Bite|p2a: Okidogi\n|-resisted|p2a: Okidogi\n|-damage|p2a: Okidogi|31/100\n|\n|-heal|p2a: Okidogi|37/100|[from] item: Leftovers\n|upkeep\n|turn|25\n|inactive|Time left: 300 sec this turn | 300 sec total\n|\n|t:|1783540780\n|switch|p1a: Vivillon|Vivillon-River, L83, F|268/268\n|move|p2a: Okidogi|Drain Punch|p1a: Vivillon\n|-resisted|p1a: Vivillon\n|-damage|p1a: Vivillon|240/268\n|-heal|p2a: Okidogi|42/100|[from] drain|[of] p1a: Vivillon\n|\n|-heal|p2a: Okidogi|49/100|[from] item: Leftovers\n|upkeep\n|turn|26\n|inactive|Time left: 300 sec this turn | 300 sec total\n|\n|t:|1783540781\n|move|p1a: Vivillon|Hurricane|p2a: Okidogi\n|-supereffective|p2a: Okidogi\n|-damage|p2a: Okidogi|0 fnt\n|faint|p2a: Okidogi\n|\n|upkeep\n|\n|t:|1783540782\n|switch|p2a: Flutter Mane|Flutter Mane, L74|16/100\n|-damage|p2a: Flutter Mane|4/100|[from] Stealth Rock\n|turn|27\n|inactive|Time left: 300 sec this turn | 300 sec total\n|\n|t:|1783540783\n|switch|p1a: Heatran|Heatran, L79, M|43/273\n|move|p2a: Flutter Mane|Thunderbolt|p1a: Heatran\n|-damage|p1a: Heatran|0 fnt\n|faint|p1a: Heatran\n|\n|upkeep\n|inactive|Time left: 300 sec this turn | 300 sec total | 5 sec grace\n|\n|t:|1783540784\n|switch|p1a: Gallade|Gallade, L80, M|240/240\n|turn|28\n|inactive|Time left: 300 sec this turn | 300 sec total\n|\n|t:|1783540785\n|move|p1a: Gallade|Psycho Cut|p2a: Flutter Mane\n|-damage|p2a: Flutter Mane|0 fnt\n|faint|p2a: Flutter Mane\n|-end|p2a: Flutter Mane|Protosynthesis|[silent]\n|\n|upkeep\n|\n|t:|1783540786\n|switch|p2a: Flygon|Flygon, L82, F|100/100\n|-damage|p2a: Flygon|94/100|[from] Stealth Rock\n|turn|29\n|inactive|Time left: 300 sec this turn | 300 sec total\n|\n|t:|1783540787\n|move|p2a: Flygon|Outrage|p1a: Gallade\n|-damage|p1a: Gallade|80/240\n|move|p1a: Gallade|Psycho Cut|p2a: Flygon\n|-damage|p2a: Flygon|44/100\n|\n|upkeep\n|turn|30\n|inactive|Time left: 300 sec this turn | 300 sec total\n|\n|t:|1783540787\n|switch|p1a: Spectrier|Spectrier, L75|274/274\n|move|p2a: Flygon|Outrage|p1a: Spectrier|[from] lockedmove\n|-damage|p1a: Spectrier|90/274\n|-start|p2a: Flygon|confusion|[fatigue]\n|\n|upkeep\n|turn|31\n|inactive|Time left: 300 sec this turn | 300 sec total\n|\n|t:|1783540788\n|-terastallize|p1a: Spectrier|Fairy\n|-activate|p2a: Flygon|confusion\n|-damage|p2a: Flygon|32/100|[from] confusion\n|move|p1a: Spectrier|Nasty Plot|p1a: Spectrier\n|-boost|p1a: Spectrier|spa|2\n|\n|upkeep\n|turn|32\n|inactive|Time left: 300 sec this turn | 300 sec total\n|\n|t:|1783540789\n|-activate|p2a: Flygon|confusion\n|move|p2a: Flygon|Outrage|p1a: Spectrier\n|-immune|p1a: Spectrier\n|move|p1a: Spectrier|Draining Kiss|p2a: Flygon\n|-supereffective|p2a: Flygon\n|-crit|p2a: Flygon\n|-damage|p2a: Flygon|0 fnt\n|-heal|p1a: Spectrier|153/274|[from] drain|[of] p2a: Flygon\n|faint|p2a: Flygon\n|-ability|p1a: Spectrier|Grim Neigh|boost\n|-boost|p1a: Spectrier|spa|1\n|-damage|p1a: Spectrier|126/274|[from] item: Life Orb\n|\n|upkeep\n|\n|t:|1783540790\n|switch|p2a: Raging Bolt|Raging Bolt, L78|100/100\n|-damage|p2a: Raging Bolt|88/100|[from] Stealth Rock\n|turn|33\n|inactive|Time left: 300 sec this turn | 300 sec total\n|\n|t:|1783540791\n|-terastallize|p2a: Raging Bolt|Electric\n|move|p2a: Raging Bolt|Thunderclap|p1a: Spectrier\n|-damage|p1a: Spectrier|0 fnt\n|faint|p1a: Spectrier\n|\n|upkeep\n|inactive|Time left: 300 sec this turn | 300 sec total | 5 sec grace\n|\n|t:|1783540792\n|switch|p1a: Vivillon|Vivillon-River, L83, F|240/268\n|turn|34\n|inactive|Time left: 300 sec this turn | 300 sec total\n|\n|t:|1783540793\n|move|p1a: Vivillon|Sleep Powder|p2a: Raging Bolt\n|-status|p2a: Raging Bolt|slp|[from] move: Sleep Powder\n|cant|p2a: Raging Bolt|slp\n|\n|upkeep\n|turn|35\n|inactive|Time left: 300 sec this turn | 300 sec total\n|\n|t:|1783540794\n|move|p1a: Vivillon|Quiver Dance|p1a: Vivillon\n|-boost|p1a: Vivillon|spa|1\n|-boost|p1a: Vivillon|spd|1\n|-boost|p1a: Vivillon|spe|1\n|cant|p2a: Raging Bolt|slp\n|\n|upkeep\n|turn|36\n|inactive|Time left: 300 sec this turn | 300 sec total\n|\n|t:|1783540794\n|move|p1a: Vivillon|Quiver Dance|p1a: Vivillon\n|-boost|p1a: Vivillon|spa|1\n|-boost|p1a: Vivillon|spd|1\n|-boost|p1a: Vivillon|spe|1\n|cant|p2a: Raging Bolt|slp\n|\n|upkeep\n|turn|37\n|inactive|Time left: 300 sec this turn | 300 sec total\n|\n|t:|1783540795\n|move|p1a: Vivillon|Hurricane|p2a: Raging Bolt\n|-resisted|p2a: Raging Bolt\n|-damage|p2a: Raging Bolt|63/100 slp\n|-start|p2a: Raging Bolt|confusion\n|-curestatus|p2a: Raging Bolt|slp|[msg]\n|-activate|p2a: Raging Bolt|confusion\n|-damage|p2a: Raging Bolt|58/100|[from] confusion\n|\n|upkeep\n|turn|38\n|inactive|Time left: 300 sec this turn | 300 sec total\n|\n|t:|1783540797\n|move|p1a: Vivillon|Sleep Powder|p2a: Raging Bolt\n|-status|p2a: Raging Bolt|slp|[from] move: Sleep Powder\n|cant|p2a: Raging Bolt|slp\n|\n|upkeep\n|turn|39\n|inactive|Time left: 300 sec this turn | 300 sec total\n|\n|t:|1783540797\n|move|p1a: Vivillon|Quiver Dance|p1a: Vivillon\n|-boost|p1a: Vivillon|spa|1\n|-boost|p1a: Vivillon|spd|1\n|-boost|p1a: Vivillon|spe|1\n|cant|p2a: Raging Bolt|slp\n|\n|upkeep\n|turn|40\n|inactive|Time left: 300 sec this turn | 300 sec total\n|\n|t:|1783540798\n|move|p1a: Vivillon|Quiver Dance|p1a: Vivillon\n|-boost|p1a: Vivillon|spa|1\n|-boost|p1a: Vivillon|spd|1\n|-boost|p1a: Vivillon|spe|1\n|cant|p2a: Raging Bolt|slp\n|\n|upkeep\n|turn|41\n|inactive|Time left: 300 sec this turn | 300 sec total\n|\n|t:|1783540799\n|move|p1a: Vivillon|Hurricane|p2a: Raging Bolt\n|-resisted|p2a: Raging Bolt\n|-damage|p2a: Raging Bolt|22/100 slp\n|-curestatus|p2a: Raging Bolt|slp|[msg]\n|-end|p2a: Raging Bolt|confusion\n|move|p2a: Raging Bolt|Discharge|p1a: Vivillon\n|-supereffective|p1a: Vivillon\n|-damage|p1a: Vivillon|120/268\n|\n|upkeep\n|turn|42\n|inactive|Time left: 300 sec this turn | 300 sec total\n|\n|t:|1783540800\n|move|p2a: Raging Bolt|Thunderclap||[still]\n|-fail|p2a: Raging Bolt\n|move|p1a: Vivillon|Sleep Powder|p2a: Raging Bolt\n|-status|p2a: Raging Bolt|slp|[from] move: Sleep Powder\n|\n|upkeep\n|turn|43\n|inactive|Time left: 300 sec this turn | 300 sec total\n|\n|t:|1783540801\n|move|p1a: Vivillon|Tera Blast|p2a: Raging Bolt\n|-damage|p2a: Raging Bolt|0 fnt\n|faint|p2a: Raging Bolt\n|-end|p2a: Raging Bolt|Protosynthesis|[silent]\n|\n|upkeep\n|\n|t:|1783540802\n|switch|p2a: Ninetales|Ninetales-Alola, L78, F|100/100\n|-damage|p2a: Ninetales|76/100|[from] Stealth Rock\n|-weather|Snowscape|[from] ability: Snow Warning|[of] p2a: Ninetales\n|turn|44\n|inactive|Time left: 300 sec this turn | 300 sec total\n|\n|t:|1783540803\n|move|p1a: Vivillon|Hurricane|p2a: Ninetales\n|-damage|p2a: Ninetales|0 fnt\n|faint|p2a: Ninetales\n|\n|-weather|Snowscape|[upkeep]\n|upkeep\n|\n|t:|1783540804\n|switch|p2a: Volcanion|Volcanion, L79|100/100\n|-damage|p2a: Volcanion|76/100|[from] Stealth Rock\n|turn|45\n|inactive|Time left: 300 sec this turn | 300 sec total\n|\n|t:|1783540805\n|move|p1a: Vivillon|Hurricane|p2a: Volcanion\n|-damage|p2a: Volcanion|0 fnt\n|faint|p2a: Volcanion\n|\n|win|p0x13871f3", "uploadtime": 1783540805, "views": 0, "rating": 0, "private": 0, "password": null, "_winner": "p0x13871f3", "_our_name": "p0x13871f3"}