{"id": "battle-gen9randombattle-2383", "formatid": "gen9randombattle", "format": "[Gen 9] Random Battle", "players": ["p0x23833a1c", "p0y23838854"], "log": "|init|battle\n|title|p0x23833a1c vs. p0y23838854\n|j|\u2606p0x23833a1c\n|j|\u2606p0y23838854\n|t:|1783566642\n|gametype|singles\n|player|p1|p0x23833a1c|1|\n|player|p2|p0y23838854|169|\n|gen|9\n|tier|[Gen 9] Random Battle\n|rule|Species Clause: Limit one of each Pok\u00e9mon\n|rule|HP Percentage Mod: HP is shown in percentages\n|rule|Sleep Clause Mod: Limit one foe put to sleep\n|rule|Illusion Level Mod: Illusion disguises the Pok\u00e9mon's true level\n|\n|t:|1783566642\n|teamsize|p1|6\n|teamsize|p2|6\n|start\n|switch|p1a: Iron Moth|Iron Moth, L78|100/100\n|switch|p2a: Chansey|Chansey, L85, F|564/564\n|turn|1\n|inactive|Battle timer is ON: inactive players will automatically lose when time's up. (requested by p0x23833a1c)\n|inactive|Time left: 300 sec this turn | 300 sec total | 60 sec grace\n|inactive|p0y23838854 also wants the timer to be on.\n|\n|t:|1783566643\n|move|p1a: Iron Moth|Sludge Wave|p2a: Chansey\n|-damage|p2a: Chansey|467/564\n|move|p2a: Chansey|Stealth Rock|p1a: Iron Moth\n|-sidestart|p1: p0x23833a1c|move: Stealth Rock\n|\n|upkeep\n|turn|2\n|inactive|Time left: 300 sec this turn | 300 sec total\n|\n|t:|1783566644\n|move|p1a: Iron Moth|Sludge Wave|p2a: Chansey\n|-damage|p2a: Chansey|373/564\n|move|p2a: Chansey|Thunder Wave|p1a: Iron Moth\n|-status|p1a: Iron Moth|par\n|\n|upkeep\n|turn|3\n|inactive|Time left: 300 sec this turn | 300 sec total\n|\n|t:|1783566645\n|move|p2a: Chansey|Soft-Boiled|p2a: Chansey\n|-heal|p2a: Chansey|564/564\n|move|p1a: Iron Moth|Sludge Wave|p2a: Chansey\n|-damage|p2a: Chansey|458/564\n|\n|upkeep\n|turn|4\n|inactive|Time left: 300 sec this turn | 300 sec total\n|\n|t:|1783566646\n|switch|p2a: Polteageist|Polteageist, L78|222/222\n|-end|p1a: Iron Moth|Quark Drive|[silent]\n|switch|p1a: Scrafty|Scrafty, L83, M|100/100\n|-damage|p1a: Scrafty|94/100|[from] Stealth Rock\n|\n|-heal|p1a: Scrafty|100/100|[from] item: Leftovers\n|upkeep\n|turn|5\n|inactive|Time left: 300 sec this turn | 300 sec total\n|\n|t:|1783566647\n|move|p2a: Polteageist|Shell Smash|p2a: Polteageist\n|-unboost|p2a: Polteageist|def|1\n|-unboost|p2a: Polteageist|spd|1\n|-boost|p2a: Polteageist|atk|2\n|-boost|p2a: Polteageist|spa|2\n|-boost|p2a: Polteageist|spe|2\n|-enditem|p2a: Polteageist|White Herb\n|-clearnegativeboost|p2a: Polteageist|[silent]\n|move|p1a: Scrafty|Knock Off|p2a: Polteageist\n|-supereffective|p2a: Polteageist\n|-crit|p2a: Polteageist\n|-damage|p2a: Polteageist|0 fnt\n|-start|p1a: Scrafty|Disable|Knock Off|[from] ability: Cursed Body|[of] p2a: Polteageist\n|faint|p2a: Polteageist\n|\n|upkeep\n|inactive|Time left: 300 sec this turn | 300 sec total | 5 sec grace\n|\n|t:|1783566648\n|switch|p2a: Honchkrow|Honchkrow, L86, M|312/312\n|turn|6\n|inactive|Time left: 300 sec this turn | 300 sec total\n|\n|t:|1783566649\n|switch|p1a: Dedenne|Dedenne, L88, M|100/100\n|-damage|p1a: Dedenne|88/100|[from] Stealth Rock\n|move|p2a: Honchkrow|Brave Bird|p1a: Dedenne\n|-resisted|p1a: Dedenne\n|-damage|p1a: Dedenne|46/100\n|-enditem|p1a: Dedenne|Sitrus Berry|[eat]\n|-heal|p1a: Dedenne|71/100|[from] item: Sitrus Berry\n|-heal|p1a: Dedenne|100/100|[from] ability: Cheek Pouch\n|-damage|p2a: Honchkrow|276/312|[from] Recoil\n|\n|upkeep\n|turn|7\n|inactive|Time left: 300 sec this turn | 300 sec total\n|\n|t:|1783566650\n|switch|p2a: Meganium|Meganium, L90, F|290/290\n|move|p1a: Dedenne|Thunderbolt|p2a: Meganium\n|-resisted|p2a: Meganium\n|-damage|p2a: Meganium|248/290\n|\n|-heal|p2a: Meganium|266/290|[from] item: Leftovers\n|upkeep\n|turn|8\n|inactive|Time left: 300 sec this turn | 300 sec total\n|\n|t:|1783566651\n|move|p1a: Dedenne|Nuzzle|p2a: Meganium\n|-resisted|p2a: Meganium\n|-damage|p2a: Meganium|259/290\n|-status|p2a: Meganium|par\n|move|p2a: Meganium|Swords Dance|p2a: Meganium\n|-boost|p2a: Meganium|atk|2\n|\n|-heal|p2a: Meganium|277/290 par|[from] item: Leftovers\n|upkeep\n|turn|9\n|inactive|Time left: 300 sec this turn | 300 sec total\n|\n|t:|1783566653\n|move|p1a: Dedenne|Super Fang|p2a: Meganium\n|-damage|p2a: Meganium|139/290 par\n|move|p2a: Meganium|Earthquake|p1a: Dedenne\n|-supereffective|p1a: Dedenne\n|-damage|p1a: Dedenne|0 fnt\n|faint|p1a: Dedenne\n|\n|-heal|p2a: Meganium|157/290 par|[from] item: Leftovers\n|upkeep\n|\n|t:|1783566654\n|switch|p1a: Walking Wake|Walking Wake, L79|100/100\n|-damage|p1a: Walking Wake|88/100|[from] Stealth Rock\n|turn|10\n|inactive|Time left: 300 sec this turn | 300 sec total\n|\n|t:|1783566654\n|move|p1a: Walking Wake|Flamethrower|p2a: Meganium\n|-supereffective|p2a: Meganium\n|-damage|p2a: Meganium|0 fnt\n|faint|p2a: Meganium\n|\n|upkeep\n|inactive|Time left: 300 sec this turn | 300 sec total | 5 sec grace\n|\n|t:|1783566655\n|switch|p2a: Gothitelle|Gothitelle, L90, M|272/272\n|turn|11\n|inactive|Time left: 300 sec this turn | 300 sec total\n|\n|t:|1783566656\n|move|p1a: Walking Wake|Flamethrower|p2a: Gothitelle\n|-damage|p2a: Gothitelle|192/272\n|move|p2a: Gothitelle|Calm Mind|p2a: Gothitelle\n|-boost|p2a: Gothitelle|spa|1\n|-boost|p2a: Gothitelle|spd|1\n|\n|-heal|p2a: Gothitelle|209/272|[from] item: Leftovers\n|upkeep\n|turn|12\n|inactive|Time left: 300 sec this turn | 300 sec total\n|\n|t:|1783566657\n|-terastallize|p1a: Walking Wake|Fire\n|move|p1a: Walking Wake|Flamethrower|p2a: Gothitelle\n|-damage|p2a: Gothitelle|130/272\n|move|p2a: Gothitelle|Psychic Noise|p1a: Walking Wake\n|-damage|p1a: Walking Wake|36/100\n|-start|p1a: Walking Wake|move: Heal Block\n|\n|-heal|p2a: Gothitelle|147/272|[from] item: Leftovers\n|upkeep\n|turn|13\n|inactive|Time left: 300 sec this turn | 300 sec total\n|\n|t:|1783566658\n|move|p1a: Walking Wake|Flamethrower|p2a: Gothitelle\n|-damage|p2a: Gothitelle|59/272\n|move|p2a: Gothitelle|Thunderbolt|p1a: Walking Wake\n|-damage|p1a: Walking Wake|0 fnt\n|faint|p1a: Walking Wake\n|-end|p1a: Walking Wake|Protosynthesis|[silent]\n|\n|-heal|p2a: Gothitelle|76/272|[from] item: Leftovers\n|upkeep\n|\n|t:|1783566659\n|switch|p1a: Scrafty|Scrafty, L83, M|100/100\n|-damage|p1a: Scrafty|94/100|[from] Stealth Rock\n|turn|14\n|inactive|Time left: 300 sec this turn | 300 sec total\n|\n|t:|1783566660\n|move|p2a: Gothitelle|Focus Blast|p1a: Scrafty\n|-supereffective|p1a: Scrafty\n|-damage|p1a: Scrafty|0 fnt\n|faint|p1a: Scrafty\n|\n|-heal|p2a: Gothitelle|93/272|[from] item: Leftovers\n|upkeep\n|\n|t:|1783566661\n|switch|p1a: Flutter Mane|Flutter Mane, L74|100/100\n|-damage|p1a: Flutter Mane|88/100|[from] Stealth Rock\n|turn|15\n|inactive|Time left: 300 sec this turn | 300 sec total\n|\n|t:|1783566662\n|move|p1a: Flutter Mane|Moonblast|p2a: Gothitelle\n|-damage|p2a: Gothitelle|12/272\n|move|p2a: Gothitelle|Thunderbolt|p1a: Flutter Mane\n|-damage|p1a: Flutter Mane|44/100\n|\n|-heal|p2a: Gothitelle|29/272|[from] item: Leftovers\n|upkeep\n|turn|16\n|inactive|Time left: 300 sec this turn | 300 sec total\n|\n|t:|1783566663\n|switch|p2a: Metagross|Metagross, L79|256/256\n|move|p1a: Flutter Mane|Moonblast|p2a: Metagross\n|-resisted|p2a: Metagross\n|-damage|p2a: Metagross|178/256\n|\n|upkeep\n|turn|17\n|inactive|Time left: 300 sec this turn | 300 sec total\n|\n|t:|1783566664\n|move|p1a: Flutter Mane|Moonblast|p2a: Metagross\n|-resisted|p2a: Metagross\n|-damage|p2a: Metagross|98/256\n|move|p2a: Metagross|Agility|p2a: Metagross\n|-boost|p2a: Metagross|spe|2\n|\n|upkeep\n|turn|18\n|inactive|Time left: 300 sec this turn | 300 sec total\n|\n|t:|1783566665\n|move|p2a: Metagross|Earthquake|p1a: Flutter Mane\n|-damage|p1a: Flutter Mane|0 fnt\n|faint|p1a: Flutter Mane\n|-end|p1a: Flutter Mane|Protosynthesis|[silent]\n|\n|upkeep\n|\n|t:|1783566666\n|switch|p1a: Chandelure|Chandelure, L83, F|100/100\n|-damage|p1a: Chandelure|76/100|[from] Stealth Rock\n|turn|19\n|inactive|Time left: 300 sec this turn | 300 sec total\n|\n|t:|1783566667\n|-terastallize|p2a: Metagross|Ground\n|move|p2a: Metagross|Earthquake|p1a: Chandelure\n|-supereffective|p1a: Chandelure\n|-damage|p1a: Chandelure|0 fnt\n|faint|p1a: Chandelure\n|\n|upkeep\n|\n|t:|1783566668\n|switch|p1a: Iron Moth|Iron Moth, L78|100/100 par\n|-damage|p1a: Iron Moth|76/100 par|[from] Stealth Rock\n|turn|20\n|inactive|Time left: 300 sec this turn | 300 sec total\n|\n|t:|1783566669\n|move|p2a: Metagross|Psychic Fangs|p1a: Iron Moth\n|-supereffective|p1a: Iron Moth\n|-damage|p1a: Iron Moth|0 fnt\n|faint|p1a: Iron Moth\n|-end|p1a: Iron Moth|Quark Drive|[silent]\n|\n|win|p0y23838854", "uploadtime": 1783566669, "views": 0, "rating": 0, "private": 0, "password": null, "_winner": "p0y23838854", "_our_name": "p0y23838854"}