{"id": "battle-gen9randombattle-2023", "formatid": "gen9randombattle", "format": "[Gen 9] Random Battle", "players": ["p0x202325cd", "p0y2023df99"], "log": "|init|battle\n|title|p0x202325cd vs. p0y2023df99\n|j|\u2606p0x202325cd\n|j|\u2606p0y2023df99\n|t:|1783562673\n|gametype|singles\n|player|p1|p0x202325cd|101|\n|player|p2|p0y2023df99|2|\n|gen|9\n|tier|[Gen 9] Random Battle\n|rule|Species Clause: Limit one of each Pok\u00e9mon\n|rule|HP Percentage Mod: HP is shown in percentages\n|rule|Sleep Clause Mod: Limit one foe put to sleep\n|rule|Illusion Level Mod: Illusion disguises the Pok\u00e9mon's true level\n|\n|t:|1783562673\n|teamsize|p1|6\n|teamsize|p2|6\n|start\n|switch|p1a: Greninja|Greninja, L80, M|100/100\n|switch|p2a: Chi-Yu|Chi-Yu, L77|211/211\n|-ability|p2a: Chi-Yu|Beads of Ruin\n|turn|1\n|inactive|Battle timer is ON: inactive players will automatically lose when time's up. (requested by p0y2023df99)\n|inactive|p0x202325cd also wants the timer to be on.\n|\n|t:|1783562675\n|switch|p2a: Vileplume|Vileplume, L85, F|266/266\n|move|p1a: Greninja|Hydro Pump|p2a: Vileplume\n|-start|p1a: Greninja|typechange|Water|[from] ability: Protean\n|-resisted|p2a: Vileplume\n|-damage|p2a: Vileplume|193/266\n|-damage|p1a: Greninja|91/100|[from] item: Life Orb\n|\n|-heal|p2a: Vileplume|209/266|[from] item: Leftovers\n|upkeep\n|turn|2\n|inactive|Time left: 300 sec this turn | 300 sec total\n|\n|t:|1783562676\n|switch|p1a: Metagross|Metagross, L79|100/100\n|move|p2a: Vileplume|Giga Drain|p1a: Metagross\n|-resisted|p1a: Metagross\n|-damage|p1a: Metagross|82/100\n|-heal|p2a: Vileplume|233/266|[from] drain|[of] p1a: Metagross\n|\n|-heal|p2a: Vileplume|249/266|[from] item: Leftovers\n|upkeep\n|turn|3\n|inactive|Time left: 300 sec this turn | 300 sec total\n|\n|t:|1783562677\n|move|p1a: Metagross|Agility|p1a: Metagross\n|-boost|p1a: Metagross|spe|2\n|move|p2a: Vileplume|Strength Sap|p1a: Metagross\n|-fail|p1a: Metagross|unboost|[from] ability: Clear Body|[of] p1a: Metagross\n|-heal|p2a: Vileplume|266/266\n|\n|upkeep\n|turn|4\n|inactive|Time left: 300 sec this turn | 300 sec total\n|\n|t:|1783562678\n|move|p1a: Metagross|Knock Off|p2a: Vileplume\n|-damage|p2a: Vileplume|179/266\n|-status|p1a: Metagross|par|[from] ability: Effect Spore|[of] p2a: Vileplume\n|-enditem|p2a: Vileplume|Leftovers|[from] move: Knock Off|[of] p1a: Metagross\n|move|p2a: Vileplume|Strength Sap|p1a: Metagross\n|-fail|p1a: Metagross|unboost|[from] ability: Clear Body|[of] p1a: Metagross\n|-heal|p2a: Vileplume|266/266\n|\n|upkeep\n|turn|5\n|inactive|Time left: 300 sec this turn | 300 sec total\n|\n|t:|1783562679\n|move|p1a: Metagross|Heavy Slam|p2a: Vileplume\n|-damage|p2a: Vileplume|127/266\n|move|p2a: Vileplume|Leech Seed|p1a: Metagross\n|-start|p1a: Metagross|move: Leech Seed\n|\n|-damage|p1a: Metagross|69/100 par|[from] Leech Seed|[of] p2a: Vileplume\n|-heal|p2a: Vileplume|159/266|[silent]\n|upkeep\n|turn|6\n|inactive|Time left: 300 sec this turn | 300 sec total\n|\n|t:|1783562680\n|move|p1a: Metagross|Heavy Slam|p2a: Vileplume\n|-damage|p2a: Vileplume|0 fnt\n|faint|p2a: Vileplume\n|\n|upkeep\n|inactive|Time left: 300 sec this turn | 300 sec total | 5 sec grace\n|\n|t:|1783562681\n|switch|p2a: Volcarona|Volcarona, L77, M|257/257\n|turn|7\n|inactive|Time left: 300 sec this turn | 300 sec total\n|\n|t:|1783562682\n|switch|p1a: Infernape|Infernape, L82, M|100/100\n|move|p2a: Volcarona|Fiery Dance|p1a: Infernape\n|-resisted|p1a: Infernape\n|-damage|p1a: Infernape|78/100\n|\n|upkeep\n|turn|8\n|inactive|Time left: 300 sec this turn | 300 sec total\n|\n|t:|1783562684\n|move|p1a: Infernape|Flare Blitz|p2a: Volcarona\n|-damage|p2a: Volcarona|79/257\n|-damage|p1a: Infernape|56/100|[from] Recoil\n|move|p2a: Volcarona|Quiver Dance|p2a: Volcarona\n|-boost|p2a: Volcarona|spa|1\n|-boost|p2a: Volcarona|spd|1\n|-boost|p2a: Volcarona|spe|1\n|\n|upkeep\n|turn|9\n|inactive|Time left: 300 sec this turn | 300 sec total\n|\n|t:|1783562685\n|-terastallize|p2a: Volcarona|Fire\n|move|p1a: Infernape|Flare Blitz|p2a: Volcarona\n|-resisted|p2a: Volcarona\n|-damage|p2a: Volcarona|0 fnt\n|faint|p2a: Volcarona\n|-damage|p1a: Infernape|46/100|[from] Recoil\n|\n|upkeep\n|inactive|Time left: 300 sec this turn | 300 sec total | 5 sec grace\n|\n|t:|1783562686\n|switch|p2a: Chi-Yu|Chi-Yu, L77|211/211\n|-ability|p2a: Chi-Yu|Beads of Ruin\n|turn|10\n|inactive|Time left: 300 sec this turn | 300 sec total\n|\n|t:|1783562687\n|switch|p1a: Greninja|Greninja, L80, M|91/100\n|move|p2a: Chi-Yu|Nasty Plot|p2a: Chi-Yu\n|-boost|p2a: Chi-Yu|spa|2\n|\n|upkeep\n|turn|11\n|inactive|Time left: 300 sec this turn | 300 sec total\n|\n|t:|1783562688\n|switch|p2a: Muk|Muk-Alola, L82, M|306/306\n|move|p1a: Greninja|Hydro Pump|p2a: Muk\n|-start|p1a: Greninja|typechange|Water|[from] ability: Protean\n|-damage|p2a: Muk|216/306\n|-damage|p1a: Greninja|81/100|[from] item: Life Orb\n|\n|upkeep\n|turn|12\n|inactive|Time left: 300 sec this turn | 300 sec total\n|\n|t:|1783562689\n|switch|p1a: Metagross|Metagross, L79|69/100 par\n|move|p2a: Muk|Knock Off|p1a: Metagross\n|-supereffective|p1a: Metagross\n|-damage|p1a: Metagross|5/100 par\n|-enditem|p1a: Metagross|Weakness Policy\n|-boost|p1a: Metagross|atk|2|[from] item: Weakness Policy\n|-boost|p1a: Metagross|spa|2|[from] item: Weakness Policy\n|\n|upkeep\n|turn|13\n|inactive|Time left: 300 sec this turn | 300 sec total\n|\n|t:|1783562690\n|move|p2a: Muk|Ice Punch|p1a: Metagross\n|-resisted|p1a: Metagross\n|-damage|p1a: Metagross|0 fnt\n|faint|p1a: Metagross\n|\n|upkeep\n|\n|t:|1783562691\n|switch|p1a: Infernape|Infernape, L82, M|46/100\n|turn|14\n|inactive|Time left: 300 sec this turn | 300 sec total\n|\n|t:|1783562692\n|move|p1a: Infernape|Flare Blitz|p2a: Muk\n|-damage|p2a: Muk|65/306\n|-damage|p1a: Infernape|26/100|[from] Recoil\n|move|p2a: Muk|Knock Off|p1a: Infernape\n|-resisted|p1a: Infernape\n|-damage|p1a: Infernape|0 fnt\n|-enditem|p1a: Infernape|Choice Scarf|[from] move: Knock Off|[of] p2a: Muk\n|faint|p1a: Infernape\n|\n|upkeep\n|\n|t:|1783562693\n|switch|p1a: Greninja|Greninja, L80, M|81/100\n|turn|15\n|inactive|Time left: 300 sec this turn | 300 sec total\n|\n|t:|1783562694\n|move|p1a: Greninja|Hydro Pump|p2a: Muk\n|-start|p1a: Greninja|typechange|Water|[from] ability: Protean\n|-damage|p2a: Muk|0 fnt\n|faint|p2a: Muk\n|-damage|p1a: Greninja|71/100|[from] item: Life Orb\n|\n|upkeep\n|inactive|Time left: 300 sec this turn | 300 sec total | 5 sec grace\n|\n|t:|1783562695\n|switch|p2a: Meloetta|Meloetta, L82|298/298\n|turn|16\n|inactive|Time left: 300 sec this turn | 300 sec total\n|\n|t:|1783562696\n|move|p1a: Greninja|U-turn|p2a: Meloetta\n|-supereffective|p2a: Meloetta\n|-damage|p2a: Meloetta|152/298\n|-damage|p1a: Greninja|61/100|[from] item: Life Orb\n|\n|t:|1783562697\n|switch|p1a: Pachirisu|Pachirisu, L96, F|100/100|[from] U-turn\n|move|p2a: Meloetta|Hyper Voice|p1a: Pachirisu\n|-damage|p1a: Pachirisu|65/100\n|\n|upkeep\n|turn|17\n|inactive|Time left: 300 sec this turn | 300 sec total\n|\n|t:|1783562698\n|move|p1a: Pachirisu|Nuzzle|p2a: Meloetta\n|-damage|p2a: Meloetta|131/298\n|-status|p2a: Meloetta|par\n|move|p2a: Meloetta|Hyper Voice|p1a: Pachirisu\n|-damage|p1a: Pachirisu|27/100\n|\n|upkeep\n|turn|18\n|inactive|Time left: 300 sec this turn | 300 sec total\n|\n|t:|1783562699\n|move|p1a: Pachirisu|U-turn|p2a: Meloetta\n|-supereffective|p2a: Meloetta\n|-damage|p2a: Meloetta|41/298 par\n|\n|t:|1783562700\n|switch|p1a: Regigigas|Regigigas, L84|100/100|[from] U-turn\n|-start|p1a: Regigigas|ability: Slow Start\n|move|p2a: Meloetta|Hyper Voice|p1a: Regigigas\n|-damage|p1a: Regigigas|59/100\n|\n|-heal|p1a: Regigigas|65/100|[from] item: Leftovers\n|upkeep\n|turn|19\n|inactive|Time left: 300 sec this turn | 300 sec total\n|\n|t:|1783562700\n|move|p1a: Regigigas|Body Slam|p2a: Meloetta\n|-damage|p2a: Meloetta|0 fnt\n|faint|p2a: Meloetta\n|\n|-heal|p1a: Regigigas|71/100|[from] item: Leftovers\n|upkeep\n|inactive|Time left: 300 sec this turn | 300 sec total | 5 sec grace\n|\n|t:|1783562701\n|switch|p2a: Chi-Yu|Chi-Yu, L77|211/211\n|-ability|p2a: Chi-Yu|Beads of Ruin\n|turn|20\n|inactive|Time left: 300 sec this turn | 300 sec total\n|\n|t:|1783562702\n|switch|p1a: Greninja|Greninja, L80, M|61/100\n|move|p2a: Chi-Yu|Nasty Plot|p2a: Chi-Yu\n|-boost|p2a: Chi-Yu|spa|2\n|\n|upkeep\n|turn|21\n|inactive|Time left: 300 sec this turn | 300 sec total\n|\n|t:|1783562703\n|switch|p2a: Misdreavus|Misdreavus, L90, F|254/254\n|move|p1a: Greninja|Hydro Pump|p2a: Misdreavus\n|-start|p1a: Greninja|typechange|Water|[from] ability: Protean\n|-damage|p2a: Misdreavus|159/254\n|-damage|p1a: Greninja|52/100|[from] item: Life Orb\n|\n|upkeep\n|turn|22\n|inactive|Time left: 300 sec this turn | 300 sec total\n|\n|t:|1783562704\n|move|p1a: Greninja|Hydro Pump|p2a: Misdreavus|[miss]\n|-miss|p1a: Greninja|p2a: Misdreavus\n|move|p2a: Misdreavus|Calm Mind|p2a: Misdreavus\n|-boost|p2a: Misdreavus|spa|1\n|-boost|p2a: Misdreavus|spd|1\n|\n|upkeep\n|turn|23\n|inactive|Time left: 300 sec this turn | 300 sec total\n|\n|t:|1783562705\n|move|p1a: Greninja|U-turn|p2a: Misdreavus\n|-resisted|p2a: Misdreavus\n|-damage|p2a: Misdreavus|137/254\n|-damage|p1a: Greninja|42/100|[from] item: Life Orb\n|\n|t:|1783562705\n|switch|p1a: Regigigas|Regigigas, L84|71/100|[from] U-turn\n|-start|p1a: Regigigas|ability: Slow Start\n|move|p2a: Misdreavus|Calm Mind|p2a: Misdreavus\n|-boost|p2a: Misdreavus|spa|1\n|-boost|p2a: Misdreavus|spd|1\n|\n|-heal|p1a: Regigigas|77/100|[from] item: Leftovers\n|upkeep\n|turn|24\n|inactive|Time left: 300 sec this turn | 300 sec total\n|\n|t:|1783562706\n|move|p2a: Misdreavus|Will-O-Wisp|p1a: Regigigas\n|-status|p1a: Regigigas|brn\n|move|p1a: Regigigas|Knock Off|p2a: Misdreavus\n|-supereffective|p2a: Misdreavus\n|-damage|p2a: Misdreavus|92/254\n|-enditem|p2a: Misdreavus|Eviolite|[from] move: Knock Off|[of] p1a: Regigigas\n|\n|-heal|p1a: Regigigas|83/100 brn|[from] item: Leftovers\n|-damage|p1a: Regigigas|77/100 brn|[from] brn\n|upkeep\n|turn|25\n|inactive|Time left: 300 sec this turn | 300 sec total\n|\n|t:|1783562707\n|move|p2a: Misdreavus|Draining Kiss|p1a: Regigigas\n|-damage|p1a: Regigigas|56/100 brn\n|-heal|p2a: Misdreavus|143/254|[from] drain|[of] p1a: Regigigas\n|move|p1a: Regigigas|Knock Off|p2a: Misdreavus\n|-supereffective|p2a: Misdreavus\n|-damage|p2a: Misdreavus|101/254\n|\n|-heal|p1a: Regigigas|62/100 brn|[from] item: Leftovers\n|-damage|p1a: Regigigas|56/100 brn|[from] brn\n|upkeep\n|turn|26\n|inactive|Time left: 300 sec this turn | 300 sec total\n|\n|t:|1783562708\n|move|p2a: Misdreavus|Calm Mind|p2a: Misdreavus\n|-boost|p2a: Misdreavus|spa|1\n|-boost|p2a: Misdreavus|spd|1\n|move|p1a: Regigigas|Knock Off|p2a: Misdreavus\n|-supereffective|p2a: Misdreavus\n|-damage|p2a: Misdreavus|62/254\n|\n|-heal|p1a: Regigigas|62/100 brn|[from] item: Leftovers\n|-damage|p1a: Regigigas|56/100 brn|[from] brn\n|upkeep\n|turn|27\n|inactive|Time left: 300 sec this turn | 300 sec total\n|\n|t:|1783562709\n|move|p2a: Misdreavus|Draining Kiss|p1a: Regigigas\n|-damage|p1a: Regigigas|30/100 brn\n|-heal|p2a: Misdreavus|124/254|[from] drain|[of] p1a: Regigigas\n|move|p1a: Regigigas|Knock Off|p2a: Misdreavus\n|-supereffective|p2a: Misdreavus\n|-damage|p2a: Misdreavus|79/254\n|\n|-heal|p1a: Regigigas|37/100 brn|[from] item: Leftovers\n|-damage|p1a: Regigigas|30/100 brn|[from] brn\n|upkeep\n|turn|28\n|inactive|Time left: 300 sec this turn | 300 sec total\n|\n|t:|1783562710\n|move|p1a: Regigigas|Protect|p1a: Regigigas\n|-singleturn|p1a: Regigigas|Protect\n|move|p2a: Misdreavus|Draining Kiss|p1a: Regigigas\n|-activate|p1a: Regigigas|move: Protect\n|\n|-heal|p1a: Regigigas|37/100 brn|[from] item: Leftovers\n|-damage|p1a: Regigigas|30/100 brn|[from] brn\n|-end|p1a: Regigigas|Slow Start\n|upkeep\n|turn|29\n|inactive|Time left: 300 sec this turn | 300 sec total\n|\n|t:|1783562710\n|switch|p2a: Chi-Yu|Chi-Yu, L77|211/211\n|-ability|p2a: Chi-Yu|Beads of Ruin\n|move|p1a: Regigigas|Knock Off|p2a: Chi-Yu\n|-resisted|p2a: Chi-Yu\n|-damage|p2a: Chi-Yu|183/211\n|-enditem|p2a: Chi-Yu|Heavy-Duty Boots|[from] move: Knock Off|[of] p1a: Regigigas\n|\n|-heal|p1a: Regigigas|37/100 brn|[from] item: Leftovers\n|-damage|p1a: Regigigas|30/100 brn|[from] brn\n|upkeep\n|turn|30\n|inactive|Time left: 300 sec this turn | 300 sec total\n|\n|t:|1783562711\n|move|p1a: Regigigas|Body Slam|p2a: Chi-Yu\n|-damage|p2a: Chi-Yu|104/211\n|move|p2a: Chi-Yu|Nasty Plot|p2a: Chi-Yu\n|-boost|p2a: Chi-Yu|spa|2\n|\n|-heal|p1a: Regigigas|37/100 brn|[from] item: Leftovers\n|-damage|p1a: Regigigas|30/100 brn|[from] brn\n|upkeep\n|turn|31\n|inactive|Time left: 300 sec this turn | 300 sec total\n|\n|t:|1783562712\n|move|p1a: Regigigas|Body Slam|p2a: Chi-Yu\n|-damage|p2a: Chi-Yu|23/211\n|move|p2a: Chi-Yu|Fire Blast|p1a: Regigigas\n|-damage|p1a: Regigigas|0 fnt\n|faint|p1a: Regigigas\n|-end|p1a: Regigigas|Slow Start|[silent]\n|\n|upkeep\n|\n|t:|1783562713\n|switch|p1a: Greninja|Greninja, L80, M|42/100\n|turn|32\n|inactive|Time left: 300 sec this turn | 300 sec total\n|\n|t:|1783562714\n|move|p1a: Greninja|Ice Beam|p2a: Chi-Yu\n|-start|p1a: Greninja|typechange|Ice|[from] ability: Protean\n|-resisted|p2a: Chi-Yu\n|-damage|p2a: Chi-Yu|0 fnt\n|faint|p2a: Chi-Yu\n|-damage|p1a: Greninja|32/100|[from] item: Life Orb\n|\n|upkeep\n|inactive|Time left: 300 sec this turn | 300 sec total | 5 sec grace\n|\n|t:|1783562715\n|switch|p2a: Misdreavus|Misdreavus, L90, F|79/254\n|turn|33\n|inactive|Time left: 300 sec this turn | 300 sec total\n|\n|t:|1783562715\n|move|p1a: Greninja|Ice Beam|p2a: Misdreavus\n|-damage|p2a: Misdreavus|0 fnt\n|faint|p2a: Misdreavus\n|-damage|p1a: Greninja|22/100|[from] item: Life Orb\n|\n|win|p0x202325cd", "uploadtime": 1783562715, "views": 0, "rating": 0, "private": 0, "password": null, "_winner": "p0x202325cd", "_our_name": "p0y2023df99"}