{"id": "battle-gen9randombattle-74", "formatid": "gen9randombattle", "format": "[Gen 9] Random Battle", "players": ["p0x074f26e", "p0y074f364"], "log": "|init|battle\n|title|p0x074f26e vs. p0y074f364\n|j|\u2606p0x074f26e\n|j|\u2606p0y074f364\n|t:|1783540319\n|gametype|singles\n|player|p1|p0x074f26e|170|\n|player|p2|p0y074f364|169|\n|gen|9\n|tier|[Gen 9] Random Battle\n|rule|Species Clause: Limit one of each Pok\u00e9mon\n|rule|HP Percentage Mod: HP is shown in percentages\n|rule|Sleep Clause Mod: Limit one foe put to sleep\n|rule|Illusion Level Mod: Illusion disguises the Pok\u00e9mon's true level\n|\n|t:|1783540319\n|teamsize|p1|6\n|teamsize|p2|6\n|start\n|switch|p1a: Quagsire|Quagsire, L84, M|100/100\n|switch|p2a: Plusle|Plusle, L95, F|268/268\n|turn|1\n|inactive|Battle timer is ON: inactive players will automatically lose when time's up. (requested by p0x074f26e)\n|inactive|Time left: 300 sec this turn | 300 sec total | 60 sec grace\n|inactive|p0y074f364 also wants the timer to be on.\n|\n|t:|1783540321\n|switch|p2a: Ursaluna|Ursaluna, L79, F|335/335\n|move|p1a: Quagsire|Earthquake|p2a: Ursaluna\n|-damage|p2a: Ursaluna|251/335\n|\n|-status|p2a: Ursaluna|brn|[from] item: Flame Orb\n|upkeep\n|turn|2\n|inactive|Time left: 300 sec this turn | 300 sec total\n|\n|t:|1783540323\n|switch|p1a: Lurantis|Lurantis, L87, F|100/100\n|move|p2a: Ursaluna|Facade|p1a: Lurantis\n|-damage|p1a: Lurantis|1/100\n|\n|-damage|p2a: Ursaluna|231/335 brn|[from] brn\n|upkeep\n|turn|3\n|inactive|Time left: 300 sec this turn | 300 sec total\n|\n|t:|1783540324\n|switch|p2a: Muk|Muk-Alola, L82, F|306/306\n|move|p1a: Lurantis|Leaf Storm|p2a: Muk\n|-resisted|p2a: Muk\n|-damage|p2a: Muk|266/306\n|-boost|p1a: Lurantis|spa|2\n|\n|upkeep\n|turn|4\n|inactive|Time left: 300 sec this turn | 300 sec total\n|\n|t:|1783540325\n|move|p2a: Muk|Knock Off|p1a: Lurantis\n|-damage|p1a: Lurantis|0 fnt\n|-enditem|p1a: Lurantis|Assault Vest|[from] move: Knock Off|[of] p2a: Muk\n|faint|p1a: Lurantis\n|\n|upkeep\n|\n|t:|1783540326\n|switch|p1a: Quagsire|Quagsire, L84, M|100/100\n|turn|5\n|inactive|Time left: 300 sec this turn | 300 sec total\n|\n|t:|1783540327\n|move|p2a: Muk|Knock Off|p1a: Quagsire\n|-damage|p1a: Quagsire|66/100\n|-status|p1a: Quagsire|psn|[from] ability: Poison Touch|[of] p2a: Muk\n|-enditem|p1a: Quagsire|Leftovers|[from] move: Knock Off|[of] p2a: Muk\n|move|p1a: Quagsire|Earthquake|p2a: Muk\n|-supereffective|p2a: Muk\n|-damage|p2a: Muk|48/306\n|\n|-damage|p1a: Quagsire|54/100 psn|[from] psn\n|upkeep\n|turn|6\n|inactive|Time left: 300 sec this turn | 300 sec total\n|\n|t:|1783540329\n|move|p2a: Muk|Knock Off|p1a: Quagsire\n|-damage|p1a: Quagsire|27/100 psn\n|move|p1a: Quagsire|Earthquake|p2a: Muk\n|-supereffective|p2a: Muk\n|-crit|p2a: Muk\n|-damage|p2a: Muk|0 fnt\n|faint|p2a: Muk\n|\n|-damage|p1a: Quagsire|15/100 psn|[from] psn\n|upkeep\n|inactive|Time left: 300 sec this turn | 300 sec total | 5 sec grace\n|\n|t:|1783540330\n|switch|p2a: Ursaluna|Ursaluna, L79, F|231/335 brn\n|turn|7\n|inactive|Time left: 300 sec this turn | 300 sec total\n|\n|t:|1783540331\n|move|p2a: Ursaluna|Facade|p1a: Quagsire\n|-damage|p1a: Quagsire|0 fnt\n|faint|p1a: Quagsire\n|\n|-damage|p2a: Ursaluna|211/335 brn|[from] brn\n|upkeep\n|\n|t:|1783540331\n|switch|p1a: Victreebel|Victreebel, L90, F|100/100\n|turn|8\n|inactive|Time left: 300 sec this turn | 300 sec total\n|\n|t:|1783540332\n|-terastallize|p2a: Ursaluna|Normal\n|move|p1a: Victreebel|Power Whip|p2a: Ursaluna\n|-damage|p2a: Ursaluna|28/335 brn\n|-damage|p1a: Victreebel|90/100|[from] item: Life Orb\n|move|p2a: Ursaluna|Facade|p1a: Victreebel\n|-damage|p1a: Victreebel|0 fnt\n|faint|p1a: Victreebel\n|\n|-damage|p2a: Ursaluna|8/335 brn|[from] brn\n|upkeep\n|\n|t:|1783540333\n|switch|p1a: Alcremie|Alcremie-Lemon-Cream, L90, F|100/100\n|turn|9\n|inactive|Time left: 300 sec this turn | 300 sec total\n|\n|t:|1783540334\n|switch|p2a: Brambleghast|Brambleghast, L88, M|240/240\n|move|p1a: Alcremie|Alluring Voice|p2a: Brambleghast\n|-damage|p2a: Brambleghast|128/240\n|\n|-heal|p2a: Brambleghast|143/240|[from] item: Leftovers\n|upkeep\n|turn|10\n|inactive|Time left: 300 sec this turn | 300 sec total\n|\n|t:|1783540335\n|move|p2a: Brambleghast|Power Whip|p1a: Alcremie\n|-damage|p1a: Alcremie|39/100\n|move|p1a: Alcremie|Alluring Voice|p2a: Brambleghast\n|-damage|p2a: Brambleghast|16/240\n|\n|-heal|p2a: Brambleghast|31/240|[from] item: Leftovers\n|-heal|p1a: Alcremie|45/100|[from] item: Leftovers\n|upkeep\n|turn|11\n|inactive|Time left: 300 sec this turn | 300 sec total\n|\n|t:|1783540336\n|switch|p1a: Vigoroth|Vigoroth, L85, M|100/100\n|move|p2a: Brambleghast|Poltergeist|p1a: Vigoroth\n|-immune|p1a: Vigoroth\n|\n|-heal|p2a: Brambleghast|46/240|[from] item: Leftovers\n|upkeep\n|turn|12\n|inactive|Time left: 300 sec this turn | 300 sec total\n|\n|t:|1783540337\n|move|p2a: Brambleghast|Leech Seed|p1a: Vigoroth\n|-start|p1a: Vigoroth|move: Leech Seed\n|move|p1a: Vigoroth|Knock Off|p2a: Brambleghast\n|-supereffective|p2a: Brambleghast\n|-damage|p2a: Brambleghast|0 fnt\n|-enditem|p2a: Brambleghast|Leftovers|[from] move: Knock Off|[of] p1a: Vigoroth\n|faint|p2a: Brambleghast\n|\n|upkeep\n|inactive|Time left: 300 sec this turn | 300 sec total | 5 sec grace\n|\n|t:|1783540337\n|switch|p2a: Dewgong|Dewgong, L94, M|322/322\n|turn|13\n|inactive|Time left: 300 sec this turn | 300 sec total\n|\n|t:|1783540338\n|move|p1a: Vigoroth|Bulk Up|p1a: Vigoroth\n|-boost|p1a: Vigoroth|atk|1\n|-boost|p1a: Vigoroth|def|1\n|move|p2a: Dewgong|Ice Beam|p1a: Vigoroth\n|-damage|p1a: Vigoroth|69/100\n|\n|-damage|p1a: Vigoroth|56/100|[from] Leech Seed|[of] p2a: Dewgong\n|upkeep\n|turn|14\n|inactive|Time left: 300 sec this turn | 300 sec total\n|\n|t:|1783540339\n|move|p1a: Vigoroth|Slack Off|p1a: Vigoroth\n|-heal|p1a: Vigoroth|100/100\n|move|p2a: Dewgong|Ice Beam|p1a: Vigoroth\n|-damage|p1a: Vigoroth|71/100\n|\n|-damage|p1a: Vigoroth|58/100|[from] Leech Seed|[of] p2a: Dewgong\n|upkeep\n|turn|15\n|inactive|Time left: 300 sec this turn | 300 sec total\n|\n|t:|1783540340\n|move|p1a: Vigoroth|Slack Off|p1a: Vigoroth\n|-heal|p1a: Vigoroth|100/100\n|move|p2a: Dewgong|Ice Beam|p1a: Vigoroth\n|-damage|p1a: Vigoroth|71/100\n|\n|-damage|p1a: Vigoroth|59/100|[from] Leech Seed|[of] p2a: Dewgong\n|upkeep\n|turn|16\n|inactive|Time left: 300 sec this turn | 300 sec total\n|\n|t:|1783540341\n|move|p1a: Vigoroth|Slack Off|p1a: Vigoroth\n|-heal|p1a: Vigoroth|100/100\n|move|p2a: Dewgong|Hydro Pump|p1a: Vigoroth|[miss]\n|-miss|p2a: Dewgong|p1a: Vigoroth\n|\n|-damage|p1a: Vigoroth|88/100|[from] Leech Seed|[of] p2a: Dewgong\n|upkeep\n|turn|17\n|inactive|Time left: 300 sec this turn | 300 sec total\n|\n|t:|1783540342\n|move|p1a: Vigoroth|Body Slam|p2a: Dewgong\n|-damage|p2a: Dewgong|213/322\n|move|p2a: Dewgong|Ice Beam|p1a: Vigoroth\n|-damage|p1a: Vigoroth|54/100\n|\n|-damage|p1a: Vigoroth|42/100|[from] Leech Seed|[of] p2a: Dewgong\n|-heal|p2a: Dewgong|247/322|[silent]\n|upkeep\n|turn|18\n|inactive|Time left: 300 sec this turn | 300 sec total\n|\n|t:|1783540343\n|move|p1a: Vigoroth|Slack Off|p1a: Vigoroth\n|-heal|p1a: Vigoroth|92/100\n|move|p2a: Dewgong|Ice Beam|p1a: Vigoroth\n|-damage|p1a: Vigoroth|62/100\n|\n|-damage|p1a: Vigoroth|50/100|[from] Leech Seed|[of] p2a: Dewgong\n|-heal|p2a: Dewgong|281/322|[silent]\n|upkeep\n|turn|19\n|inactive|Time left: 300 sec this turn | 300 sec total\n|\n|t:|1783540344\n|move|p1a: Vigoroth|Slack Off|p1a: Vigoroth\n|-heal|p1a: Vigoroth|99/100\n|move|p2a: Dewgong|Hydro Pump|p1a: Vigoroth\n|-damage|p1a: Vigoroth|59/100\n|\n|-damage|p1a: Vigoroth|46/100|[from] Leech Seed|[of] p2a: Dewgong\n|-heal|p2a: Dewgong|315/322|[silent]\n|upkeep\n|turn|20\n|inactive|Time left: 300 sec this turn | 300 sec total\n|\n|t:|1783540345\n|move|p1a: Vigoroth|Slack Off|p1a: Vigoroth\n|-heal|p1a: Vigoroth|96/100\n|move|p2a: Dewgong|Hydro Pump|p1a: Vigoroth\n|-damage|p1a: Vigoroth|56/100\n|\n|-damage|p1a: Vigoroth|44/100|[from] Leech Seed|[of] p2a: Dewgong\n|-heal|p2a: Dewgong|322/322|[silent]\n|upkeep\n|turn|21\n|inactive|Time left: 300 sec this turn | 300 sec total\n|\n|t:|1783540346\n|move|p1a: Vigoroth|Slack Off|p1a: Vigoroth\n|-heal|p1a: Vigoroth|94/100\n|move|p2a: Dewgong|Ice Beam|p1a: Vigoroth\n|-damage|p1a: Vigoroth|63/100\n|\n|-damage|p1a: Vigoroth|51/100|[from] Leech Seed|[of] p2a: Dewgong\n|upkeep\n|turn|22\n|inactive|Time left: 300 sec this turn | 300 sec total\n|\n|t:|1783540348\n|move|p1a: Vigoroth|Slack Off|p1a: Vigoroth\n|-heal|p1a: Vigoroth|100/100\n|move|p2a: Dewgong|Ice Beam|p1a: Vigoroth\n|-damage|p1a: Vigoroth|69/100\n|\n|-damage|p1a: Vigoroth|56/100|[from] Leech Seed|[of] p2a: Dewgong\n|upkeep\n|turn|23\n|inactive|Time left: 300 sec this turn | 300 sec total\n|\n|t:|1783540349\n|move|p1a: Vigoroth|Body Slam|p2a: Dewgong\n|-damage|p2a: Dewgong|205/322\n|-status|p2a: Dewgong|par\n|cant|p2a: Dewgong|par\n|\n|-damage|p1a: Vigoroth|44/100|[from] Leech Seed|[of] p2a: Dewgong\n|-heal|p2a: Dewgong|239/322 par|[silent]\n|upkeep\n|turn|24\n|inactive|Time left: 300 sec this turn | 300 sec total\n|\n|t:|1783540350\n|switch|p1a: Alcremie|Alcremie-Lemon-Cream, L90, F|45/100\n|move|p2a: Dewgong|Hydro Pump|p1a: Alcremie\n|-damage|p1a: Alcremie|10/100\n|\n|-heal|p1a: Alcremie|16/100|[from] item: Leftovers\n|upkeep\n|turn|25\n|inactive|Time left: 300 sec this turn | 300 sec total\n|\n|t:|1783540351\n|move|p1a: Alcremie|Recover|p1a: Alcremie\n|-heal|p1a: Alcremie|67/100\n|move|p2a: Dewgong|Hydro Pump|p1a: Alcremie|[miss]\n|-miss|p2a: Dewgong|p1a: Alcremie\n|\n|-heal|p1a: Alcremie|73/100|[from] item: Leftovers\n|upkeep\n|turn|26\n|inactive|Time left: 300 sec this turn | 300 sec total\n|\n|t:|1783540353\n|move|p1a: Alcremie|Calm Mind|p1a: Alcremie\n|-boost|p1a: Alcremie|spa|1\n|-boost|p1a: Alcremie|spd|1\n|cant|p2a: Dewgong|par\n|\n|-heal|p1a: Alcremie|79/100|[from] item: Leftovers\n|upkeep\n|turn|27\n|inactive|Time left: 300 sec this turn | 300 sec total\n|\n|t:|1783540354\n|switch|p2a: Torkoal|Torkoal, L88, F|266/266\n|-weather|SunnyDay|[from] ability: Drought|[of] p2a: Torkoal\n|move|p1a: Alcremie|Calm Mind|p1a: Alcremie\n|-boost|p1a: Alcremie|spa|1\n|-boost|p1a: Alcremie|spd|1\n|\n|-weather|SunnyDay|[upkeep]\n|-heal|p1a: Alcremie|85/100|[from] item: Leftovers\n|upkeep\n|turn|28\n|inactive|Time left: 300 sec this turn | 300 sec total\n|\n|t:|1783540355\n|-terastallize|p1a: Alcremie|Ground\n|move|p1a: Alcremie|Tera Blast|p2a: Torkoal|[anim] Tera Blast Ground\n|-supereffective|p2a: Torkoal\n|-damage|p2a: Torkoal|0 fnt\n|faint|p2a: Torkoal\n|\n|-weather|SunnyDay|[upkeep]\n|-heal|p1a: Alcremie|91/100|[from] item: Leftovers\n|upkeep\n|inactive|Time left: 300 sec this turn | 300 sec total | 5 sec grace\n|\n|t:|1783540356\n|switch|p2a: Dewgong|Dewgong, L94, M|239/322 par\n|turn|29\n|inactive|Time left: 300 sec this turn | 300 sec total\n|\n|t:|1783540357\n|move|p1a: Alcremie|Alluring Voice|p2a: Dewgong\n|-damage|p2a: Dewgong|46/322 par\n|move|p2a: Dewgong|Ice Beam|p1a: Alcremie\n|-supereffective|p1a: Alcremie\n|-damage|p1a: Alcremie|61/100\n|\n|-weather|SunnyDay|[upkeep]\n|-heal|p1a: Alcremie|67/100|[from] item: Leftovers\n|upkeep\n|turn|30\n|inactive|Time left: 300 sec this turn | 300 sec total\n|\n|t:|1783540358\n|move|p1a: Alcremie|Tera Blast|p2a: Dewgong|[anim] Tera Blast Ground\n|-crit|p2a: Dewgong\n|-damage|p2a: Dewgong|0 fnt\n|faint|p2a: Dewgong\n|\n|-weather|SunnyDay|[upkeep]\n|-heal|p1a: Alcremie|74/100|[from] item: Leftovers\n|upkeep\n|inactive|Time left: 300 sec this turn | 300 sec total | 5 sec grace\n|\n|t:|1783540359\n|switch|p2a: Ursaluna|Ursaluna, L79, F, tera:Normal|8/335 brn\n|turn|31\n|inactive|Time left: 300 sec this turn | 300 sec total\n|\n|t:|1783540360\n|move|p1a: Alcremie|Tera Blast|p2a: Ursaluna|[anim] Tera Blast Ground\n|-damage|p2a: Ursaluna|0 fnt\n|faint|p2a: Ursaluna\n|\n|-weather|none\n|-heal|p1a: Alcremie|80/100|[from] item: Leftovers\n|upkeep\n|inactive|Time left: 300 sec this turn | 300 sec total | 5 sec grace\n|\n|t:|1783540361\n|switch|p2a: Plusle|Plusle, L95, F|268/268\n|turn|32\n|inactive|Time left: 300 sec this turn | 300 sec total\n|\n|t:|1783540362\n|move|p2a: Plusle|Grass Knot|p1a: Alcremie\n|-supereffective|p1a: Alcremie\n|-damage|p1a: Alcremie|72/100\n|-damage|p2a: Plusle|242/268|[from] item: Life Orb\n|move|p1a: Alcremie|Tera Blast|p2a: Plusle|[anim] Tera Blast Ground\n|-supereffective|p2a: Plusle\n|-damage|p2a: Plusle|0 fnt\n|faint|p2a: Plusle\n|\n|win|p0x074f26e", "uploadtime": 1783540362, "views": 0, "rating": 0, "private": 0, "password": null, "_winner": "p0x074f26e", "_our_name": "p0y074f364"}