{"id": "battle-gen9randombattle-2937", "formatid": "gen9randombattle", "format": "[Gen 9] Random Battle", "players": ["p0x2937702d", "p0y2937d3d5"], "log": "|init|battle\n|title|p0x2937702d vs. p0y2937d3d5\n|j|\u2606p0x2937702d\n|j|\u2606p0y2937d3d5\n|t:|1783573804\n|gametype|singles\n|player|p1|p0x2937702d|266|\n|player|p2|p0y2937d3d5|169|\n|gen|9\n|tier|[Gen 9] Random Battle\n|rule|Species Clause: Limit one of each Pok\u00e9mon\n|rule|HP Percentage Mod: HP is shown in percentages\n|rule|Sleep Clause Mod: Limit one foe put to sleep\n|rule|Illusion Level Mod: Illusion disguises the Pok\u00e9mon's true level\n|\n|t:|1783573804\n|teamsize|p1|6\n|teamsize|p2|6\n|start\n|switch|p1a: Urshifu|Urshifu, L74, M|270/270\n|switch|p2a: Espeon|Espeon, L84, F|100/100\n|turn|1\n|inactive|Battle timer is ON: inactive players will automatically lose when time's up. (requested by p0y2937d3d5)\n|inactive|Time left: 300 sec this turn | 300 sec total | 60 sec grace\n|\n|t:|1783573806\n|move|p1a: Urshifu|Sucker Punch|p2a: Espeon\n|-supereffective|p2a: Espeon\n|-damage|p2a: Espeon|0 fnt\n|faint|p2a: Espeon\n|\n|upkeep\n|inactive|p0x2937702d also wants the timer to be on.\n|\n|t:|1783573807\n|switch|p2a: Chandelure|Chandelure, L83, F|100/100\n|turn|2\n|inactive|Time left: 300 sec this turn | 300 sec total\n|\n|t:|1783573808\n|move|p1a: Urshifu|Sucker Punch||[still]\n|-fail|p1a: Urshifu\n|move|p2a: Chandelure|Calm Mind|p2a: Chandelure\n|-boost|p2a: Chandelure|spa|1\n|-boost|p2a: Chandelure|spd|1\n|\n|upkeep\n|turn|3\n|inactive|Time left: 300 sec this turn | 300 sec total\n|\n|t:|1783573809\n|move|p1a: Urshifu|Sucker Punch||[still]\n|-fail|p1a: Urshifu\n|move|p2a: Chandelure|Calm Mind|p2a: Chandelure\n|-boost|p2a: Chandelure|spa|1\n|-boost|p2a: Chandelure|spd|1\n|\n|upkeep\n|turn|4\n|inactive|Time left: 300 sec this turn | 300 sec total\n|\n|t:|1783573810\n|move|p1a: Urshifu|Sucker Punch||[still]\n|-fail|p1a: Urshifu\n|move|p2a: Chandelure|Will-O-Wisp|p1a: Urshifu\n|-status|p1a: Urshifu|brn\n|\n|-damage|p1a: Urshifu|254/270 brn|[from] brn\n|upkeep\n|turn|5\n|inactive|Time left: 300 sec this turn | 300 sec total\n|\n|t:|1783573811\n|move|p1a: Urshifu|Sucker Punch||[still]\n|-fail|p1a: Urshifu\n|move|p2a: Chandelure|Calm Mind|p2a: Chandelure\n|-boost|p2a: Chandelure|spa|1\n|-boost|p2a: Chandelure|spd|1\n|\n|-damage|p1a: Urshifu|238/270 brn|[from] brn\n|upkeep\n|turn|6\n|inactive|Time left: 300 sec this turn | 300 sec total\n|\n|t:|1783573813\n|move|p1a: Urshifu|Sucker Punch||[still]\n|-fail|p1a: Urshifu\n|move|p2a: Chandelure|Calm Mind|p2a: Chandelure\n|-boost|p2a: Chandelure|spa|1\n|-boost|p2a: Chandelure|spd|1\n|\n|-damage|p1a: Urshifu|222/270 brn|[from] brn\n|upkeep\n|turn|7\n|inactive|Time left: 300 sec this turn | 300 sec total\n|\n|t:|1783573814\n|move|p1a: Urshifu|Sucker Punch||[still]\n|-fail|p1a: Urshifu\n|move|p2a: Chandelure|Will-O-Wisp|p1a: Urshifu|[miss]\n|-miss|p2a: Chandelure|p1a: Urshifu\n|\n|-damage|p1a: Urshifu|206/270 brn|[from] brn\n|upkeep\n|turn|8\n|inactive|Time left: 300 sec this turn | 300 sec total\n|\n|t:|1783573815\n|move|p1a: Urshifu|Sucker Punch||[still]\n|-fail|p1a: Urshifu\n|move|p2a: Chandelure|Calm Mind|p2a: Chandelure\n|-boost|p2a: Chandelure|spa|1\n|-boost|p2a: Chandelure|spd|1\n|\n|-damage|p1a: Urshifu|190/270 brn|[from] brn\n|upkeep\n|turn|9\n|inactive|Time left: 300 sec this turn | 300 sec total\n|\n|t:|1783573816\n|switch|p1a: Tentacruel|Tentacruel, L84, M|272/272\n|move|p2a: Chandelure|Fire Blast|p1a: Tentacruel\n|-resisted|p1a: Tentacruel\n|-damage|p1a: Tentacruel|120/272\n|\n|upkeep\n|turn|10\n|inactive|Time left: 300 sec this turn | 300 sec total\n|\n|t:|1783573817\n|move|p1a: Tentacruel|Knock Off|p2a: Chandelure\n|-supereffective|p2a: Chandelure\n|-damage|p2a: Chandelure|51/100\n|-enditem|p2a: Chandelure|Heavy-Duty Boots|[from] move: Knock Off|[of] p1a: Tentacruel\n|move|p2a: Chandelure|Shadow Ball|p1a: Tentacruel\n|-damage|p1a: Tentacruel|0 fnt\n|faint|p1a: Tentacruel\n|\n|upkeep\n|inactive|Time left: 300 sec this turn | 300 sec total | 5 sec grace\n|\n|t:|1783573818\n|switch|p1a: Urshifu|Urshifu, L74, M|190/270 brn\n|turn|11\n|inactive|Time left: 300 sec this turn | 300 sec total\n|\n|t:|1783573819\n|-terastallize|p2a: Chandelure|Fire\n|move|p1a: Urshifu|Wicked Blow|p2a: Chandelure\n|-crit|p2a: Chandelure\n|-damage|p2a: Chandelure|13/100\n|move|p2a: Chandelure|Fire Blast|p1a: Urshifu\n|-damage|p1a: Urshifu|0 fnt\n|faint|p1a: Urshifu\n|\n|upkeep\n|inactive|Time left: 300 sec this turn | 300 sec total | 5 sec grace\n|\n|t:|1783573820\n|switch|p1a: Flutter Mane|Flutter Mane, L74|203/203\n|turn|12\n|inactive|Time left: 300 sec this turn | 300 sec total\n|\n|t:|1783573821\n|move|p1a: Flutter Mane|Shadow Ball|p2a: Chandelure\n|-damage|p2a: Chandelure|0 fnt\n|faint|p2a: Chandelure\n|\n|upkeep\n|\n|t:|1783573822\n|switch|p2a: Clodsire|Clodsire, L81, F|100/100\n|turn|13\n|inactive|Time left: 300 sec this turn | 300 sec total\n|\n|t:|1783573823\n|-end|p1a: Flutter Mane|Protosynthesis|[silent]\n|switch|p1a: Bronzong|Bronzong, L88|261/261\n|move|p2a: Clodsire|Earthquake|p1a: Bronzong\n|-immune|p1a: Bronzong|[from] ability: Levitate\n|\n|upkeep\n|turn|14\n|inactive|Time left: 300 sec this turn | 300 sec total\n|\n|t:|1783573823\n|move|p1a: Bronzong|Psychic|p2a: Clodsire\n|-supereffective|p2a: Clodsire\n|-damage|p2a: Clodsire|49/100\n|move|p2a: Clodsire|Toxic|p1a: Bronzong\n|-immune|p1a: Bronzong\n|\n|-heal|p2a: Clodsire|55/100|[from] item: Leftovers\n|upkeep\n|turn|15\n|inactive|Time left: 300 sec this turn | 300 sec total\n|\n|t:|1783573824\n|switch|p2a: Ogerpon|Ogerpon-Wellspring, L76, F|100/100\n|move|p1a: Bronzong|Earthquake|p2a: Ogerpon\n|-resisted|p2a: Ogerpon\n|-damage|p2a: Ogerpon|85/100\n|\n|upkeep\n|turn|16\n|inactive|Time left: 300 sec this turn | 300 sec total\n|\n|t:|1783573825\n|move|p2a: Ogerpon|Ivy Cudgel|p1a: Bronzong|[anim] Ivy Cudgel Water\n|-damage|p1a: Bronzong|170/261\n|move|p1a: Bronzong|Psychic|p2a: Ogerpon\n|-damage|p2a: Ogerpon|48/100\n|\n|-heal|p1a: Bronzong|186/261|[from] item: Leftovers\n|upkeep\n|turn|17\n|inactive|Time left: 300 sec this turn | 300 sec total\n|\n|t:|1783573827\n|move|p2a: Ogerpon|Synthesis|p2a: Ogerpon\n|-heal|p2a: Ogerpon|98/100\n|move|p1a: Bronzong|Psychic|p2a: Ogerpon\n|-damage|p2a: Ogerpon|62/100\n|\n|-heal|p1a: Bronzong|202/261|[from] item: Leftovers\n|upkeep\n|turn|18\n|inactive|Time left: 300 sec this turn | 300 sec total\n|\n|t:|1783573827\n|move|p2a: Ogerpon|Ivy Cudgel|p1a: Bronzong|[anim] Ivy Cudgel Water\n|-crit|p1a: Bronzong\n|-damage|p1a: Bronzong|48/261\n|move|p1a: Bronzong|Psychic|p2a: Ogerpon\n|-damage|p2a: Ogerpon|25/100\n|\n|-heal|p1a: Bronzong|64/261|[from] item: Leftovers\n|upkeep\n|turn|19\n|inactive|Time left: 300 sec this turn | 300 sec total\n|\n|t:|1783573829\n|move|p2a: Ogerpon|Ivy Cudgel|p1a: Bronzong|[anim] Ivy Cudgel Water\n|-damage|p1a: Bronzong|0 fnt\n|faint|p1a: Bronzong\n|\n|upkeep\n|inactive|Time left: 300 sec this turn | 300 sec total | 5 sec grace\n|\n|t:|1783573829\n|switch|p1a: Flutter Mane|Flutter Mane, L74|203/203\n|turn|20\n|inactive|Time left: 300 sec this turn | 300 sec total\n|\n|t:|1783573830\n|switch|p2a: Zebstrika|Zebstrika, L87, M|100/100\n|move|p1a: Flutter Mane|Shadow Ball|p2a: Zebstrika\n|-damage|p2a: Zebstrika|45/100\n|\n|upkeep\n|turn|21\n|inactive|Time left: 300 sec this turn | 300 sec total\n|\n|t:|1783573831\n|-end|p1a: Flutter Mane|Protosynthesis|[silent]\n|switch|p1a: Sableye|Sableye, L88, F|231/231\n|move|p2a: Zebstrika|Supercell Slam|p1a: Sableye\n|-damage|p1a: Sableye|83/231\n|-damage|p2a: Zebstrika|35/100|[from] item: Life Orb\n|\n|-heal|p1a: Sableye|97/231|[from] item: Leftovers\n|upkeep\n|turn|22\n|inactive|Time left: 300 sec this turn | 300 sec total\n|\n|t:|1783573832\n|move|p1a: Sableye|Recover|p1a: Sableye\n|-heal|p1a: Sableye|213/231\n|move|p2a: Zebstrika|Supercell Slam|p1a: Sableye\n|-damage|p1a: Sableye|38/231\n|-damage|p2a: Zebstrika|25/100|[from] item: Life Orb\n|\n|-heal|p1a: Sableye|52/231|[from] item: Leftovers\n|upkeep\n|turn|23\n|inactive|Time left: 300 sec this turn | 300 sec total\n|\n|t:|1783573833\n|move|p1a: Sableye|Recover|p1a: Sableye\n|-heal|p1a: Sableye|168/231\n|move|p2a: Zebstrika|Supercell Slam|p1a: Sableye\n|-damage|p1a: Sableye|19/231\n|-damage|p2a: Zebstrika|15/100|[from] item: Life Orb\n|\n|-heal|p1a: Sableye|33/231|[from] item: Leftovers\n|upkeep\n|turn|24\n|inactive|Time left: 300 sec this turn | 300 sec total\n|\n|t:|1783573834\n|move|p1a: Sableye|Recover|p1a: Sableye\n|-heal|p1a: Sableye|149/231\n|move|p2a: Zebstrika|Supercell Slam|p1a: Sableye\n|-damage|p1a: Sableye|0 fnt\n|faint|p1a: Sableye\n|-damage|p2a: Zebstrika|5/100|[from] item: Life Orb\n|\n|upkeep\n|inactive|Time left: 300 sec this turn | 300 sec total | 5 sec grace\n|\n|t:|1783573835\n|switch|p1a: Golduck|Golduck, L90, F|290/290\n|-ability|p1a: Golduck|Cloud Nine\n|turn|25\n|inactive|Time left: 300 sec this turn | 300 sec total\n|\n|t:|1783573836\n|-terastallize|p1a: Golduck|Grass\n|move|p2a: Zebstrika|Supercell Slam|p1a: Golduck\n|-resisted|p1a: Golduck\n|-damage|p1a: Golduck|209/290\n|-damage|p2a: Zebstrika|0 fnt|[from] item: Life Orb\n|faint|p2a: Zebstrika\n|move|p1a: Golduck|Nasty Plot|p1a: Golduck\n|-boost|p1a: Golduck|spa|2\n|\n|upkeep\n|\n|t:|1783573837\n|switch|p2a: Ogerpon|Ogerpon-Wellspring, L76, F|25/100\n|turn|26\n|inactive|Time left: 300 sec this turn | 300 sec total\n|\n|t:|1783573838\n|move|p2a: Ogerpon|U-turn|p1a: Golduck\n|-supereffective|p1a: Golduck\n|-damage|p1a: Golduck|89/290\n|\n|t:|1783573839\n|switch|p2a: Clodsire|Clodsire, L81, F|55/100|[from] U-turn\n|move|p1a: Golduck|Ice Beam|p2a: Clodsire\n|-supereffective|p2a: Clodsire\n|-damage|p2a: Clodsire|8/100\n|-status|p2a: Clodsire|frz\n|-damage|p1a: Golduck|60/290|[from] item: Life Orb\n|\n|-heal|p2a: Clodsire|14/100 frz|[from] item: Leftovers\n|upkeep\n|turn|27\n|inactive|Time left: 300 sec this turn | 300 sec total\n|\n|t:|1783573840\n|move|p1a: Golduck|Ice Beam|p2a: Clodsire\n|-supereffective|p2a: Clodsire\n|-damage|p2a: Clodsire|0 fnt\n|faint|p2a: Clodsire\n|-damage|p1a: Golduck|31/290|[from] item: Life Orb\n|\n|upkeep\n|\n|t:|1783573841\n|switch|p2a: Meowstic|Meowstic, L89, M|100/100\n|turn|28\n|inactive|Time left: 300 sec this turn | 300 sec total\n|\n|t:|1783573842\n|move|p2a: Meowstic|Psychic Noise|p1a: Golduck\n|-damage|p1a: Golduck|0 fnt\n|faint|p1a: Golduck\n|\n|upkeep\n|inactive|Time left: 300 sec this turn | 300 sec total | 5 sec grace\n|\n|t:|1783573843\n|switch|p1a: Flutter Mane|Flutter Mane, L74|203/203\n|turn|29\n|inactive|Time left: 300 sec this turn | 300 sec total\n|\n|t:|1783573844\n|move|p2a: Meowstic|Yawn|p1a: Flutter Mane\n|-start|p1a: Flutter Mane|move: Yawn|[of] p2a: Meowstic\n|move|p1a: Flutter Mane|Shadow Ball|p2a: Meowstic\n|-supereffective|p2a: Meowstic\n|-damage|p2a: Meowstic|15/100\n|\n|-heal|p2a: Meowstic|21/100|[from] item: Leftovers\n|upkeep\n|turn|30\n|inactive|Time left: 300 sec this turn | 300 sec total\n|\n|t:|1783573845\n|move|p1a: Flutter Mane|Shadow Ball|p2a: Meowstic\n|-supereffective|p2a: Meowstic\n|-damage|p2a: Meowstic|0 fnt\n|faint|p2a: Meowstic\n|\n|-end|p1a: Flutter Mane|move: Yawn|[silent]\n|-status|p1a: Flutter Mane|slp\n|upkeep\n|\n|t:|1783573846\n|switch|p2a: Ogerpon|Ogerpon-Wellspring, L76, F|25/100\n|turn|31\n|inactive|Time left: 300 sec this turn | 300 sec total\n|\n|t:|1783573847\n|cant|p1a: Flutter Mane|slp\n|move|p2a: Ogerpon|Ivy Cudgel|p1a: Flutter Mane|[anim] Ivy Cudgel Water\n|-damage|p1a: Flutter Mane|11/203 slp\n|\n|upkeep\n|turn|32\n|inactive|Time left: 300 sec this turn | 300 sec total\n|\n|t:|1783573848\n|-curestatus|p1a: Flutter Mane|slp|[msg]\n|move|p1a: Flutter Mane|Shadow Ball|p2a: Ogerpon\n|-damage|p2a: Ogerpon|0 fnt\n|faint|p2a: Ogerpon\n|\n|win|p0x2937702d", "uploadtime": 1783573848, "views": 0, "rating": 0, "private": 0, "password": null, "_winner": "p0x2937702d", "_our_name": "p0x2937702d"}