{"id": "battle-gen9randombattle-880", "formatid": "gen9randombattle", "format": "[Gen 9] Random Battle", "players": ["p0x880b6ef", "p0y8807675"], "log": "|init|battle\n|title|p0x880b6ef vs. p0y8807675\n|j|\u2606p0x880b6ef\n|j|\u2606p0y8807675\n|t:|1783550103\n|gametype|singles\n|player|p1|p0x880b6ef|1|\n|player|p2|p0y8807675|266|\n|gen|9\n|tier|[Gen 9] Random Battle\n|rule|Species Clause: Limit one of each Pok\u00e9mon\n|rule|HP Percentage Mod: HP is shown in percentages\n|rule|Sleep Clause Mod: Limit one foe put to sleep\n|rule|Illusion Level Mod: Illusion disguises the Pok\u00e9mon's true level\n|\n|t:|1783550103\n|teamsize|p1|6\n|teamsize|p2|6\n|start\n|switch|p1a: Arbok|Arbok, L87, F|100/100\n|switch|p2a: Porygon-Z|Porygon-Z, L83|277/277\n|-ability|p1a: Arbok|Intimidate|boost\n|-unboost|p2a: Porygon-Z|atk|1\n|turn|1\n|inactive|Battle timer is ON: inactive players will automatically lose when time's up. (requested by p0x880b6ef)\n|inactive|Time left: 300 sec this turn | 300 sec total | 60 sec grace\n|\n|t:|1783550105\n|move|p2a: Porygon-Z|Tera Blast|p1a: Arbok\n|-damage|p1a: Arbok|18/100\n|-damage|p2a: Porygon-Z|250/277|[from] item: Life Orb\n|move|p1a: Arbok|Gunk Shot|p2a: Porygon-Z\n|-damage|p2a: Porygon-Z|93/277\n|-status|p2a: Porygon-Z|psn\n|\n|-heal|p1a: Arbok|24/100|[from] item: Leftovers\n|-damage|p2a: Porygon-Z|59/277 psn|[from] psn\n|upkeep\n|turn|2\n|inactive|Time left: 300 sec this turn | 300 sec total\n|inactive|p0y8807675 also wants the timer to be on.\n|\n|t:|1783550106\n|move|p2a: Porygon-Z|Tera Blast|p1a: Arbok\n|-crit|p1a: Arbok\n|-damage|p1a: Arbok|0 fnt\n|faint|p1a: Arbok\n|-damage|p2a: Porygon-Z|32/277 psn|[from] item: Life Orb\n|\n|-damage|p2a: Porygon-Z|0 fnt|[from] psn\n|faint|p2a: Porygon-Z\n|upkeep\n|inactive|Time left: 300 sec this turn | 300 sec total | 5 sec grace\n|\n|t:|1783550107\n|switch|p2a: Hoopa|Hoopa, L85|275/275\n|switch|p1a: Basculegion|Basculegion-F, L83, F|100/100\n|turn|3\n|inactive|Time left: 300 sec this turn | 300 sec total\n|\n|t:|1783550108\n|-terastallize|p2a: Hoopa|Fighting\n|move|p1a: Basculegion|Shadow Ball|p2a: Hoopa\n|-damage|p2a: Hoopa|161/275\n|-unboost|p2a: Hoopa|spd|1\n|move|p2a: Hoopa|Shadow Ball|p1a: Basculegion\n|-supereffective|p1a: Basculegion\n|-damage|p1a: Basculegion|0 fnt\n|faint|p1a: Basculegion\n|-damage|p2a: Hoopa|134/275|[from] item: Life Orb\n|\n|upkeep\n|\n|t:|1783550109\n|switch|p1a: Floatzel|Floatzel, L86, F|100/100\n|turn|4\n|inactive|Time left: 300 sec this turn | 300 sec total\n|\n|t:|1783550111\n|switch|p2a: Dragalge|Dragalge, L88, M|258/258\n|move|p1a: Floatzel|Wave Crash|p2a: Dragalge\n|-resisted|p2a: Dragalge\n|-damage|p2a: Dragalge|152/258\n|-damage|p1a: Floatzel|88/100|[from] Recoil\n|\n|-heal|p2a: Dragalge|168/258|[from] item: Leftovers\n|upkeep\n|turn|5\n|inactive|Time left: 300 sec this turn | 300 sec total\n|\n|t:|1783550112\n|move|p1a: Floatzel|Wave Crash|p2a: Dragalge\n|-resisted|p2a: Dragalge\n|-damage|p2a: Dragalge|67/258\n|-damage|p1a: Floatzel|77/100|[from] Recoil\n|move|p2a: Dragalge|Sludge Wave|p1a: Floatzel\n|-crit|p1a: Floatzel\n|-damage|p1a: Floatzel|0 fnt\n|faint|p1a: Floatzel\n|\n|-heal|p2a: Dragalge|83/258|[from] item: Leftovers\n|upkeep\n|\n|t:|1783550113\n|switch|p1a: Farigiraf|Farigiraf, L90, M|100/100\n|turn|6\n|inactive|Time left: 300 sec this turn | 300 sec total\n|\n|t:|1783550114\n|switch|p2a: Uxie|Uxie, L83|260/260\n|move|p1a: Farigiraf|Psychic Noise|p2a: Uxie\n|-resisted|p2a: Uxie\n|-damage|p2a: Uxie|223/260\n|-start|p2a: Uxie|move: Heal Block\n|\n|upkeep\n|turn|7\n|inactive|Time left: 300 sec this turn | 300 sec total\n|\n|t:|1783550115\n|move|p2a: Uxie|Yawn|p1a: Farigiraf\n|-start|p1a: Farigiraf|move: Yawn|[of] p2a: Uxie\n|move|p1a: Farigiraf|Body Slam|p2a: Uxie\n|-crit|p2a: Uxie\n|-damage|p2a: Uxie|102/260\n|\n|-end|p2a: Uxie|move: Heal Block\n|upkeep\n|turn|8\n|inactive|Time left: 300 sec this turn | 300 sec total\n|\n|t:|1783550117\n|switch|p1a: Hawlucha|Hawlucha, L80, F|100/100\n|move|p2a: Uxie|Knock Off|p1a: Hawlucha\n|-resisted|p1a: Hawlucha\n|-damage|p1a: Hawlucha|88/100\n|-enditem|p1a: Hawlucha|White Herb|[from] move: Knock Off|[of] p2a: Uxie\n|\n|-heal|p2a: Uxie|118/260|[from] item: Leftovers\n|upkeep\n|turn|9\n|inactive|Time left: 300 sec this turn | 300 sec total\n|\n|t:|1783550118\n|move|p1a: Hawlucha|Swords Dance|p1a: Hawlucha\n|-boost|p1a: Hawlucha|atk|2\n|move|p2a: Uxie|Psychic Noise|p1a: Hawlucha\n|-supereffective|p1a: Hawlucha\n|-damage|p1a: Hawlucha|20/100\n|-start|p1a: Hawlucha|move: Heal Block\n|\n|-heal|p2a: Uxie|134/260|[from] item: Leftovers\n|upkeep\n|turn|10\n|inactive|Time left: 300 sec this turn | 300 sec total\n|\n|t:|1783550119\n|switch|p2a: Dragalge|Dragalge, L88, M|83/258\n|move|p1a: Hawlucha|Acrobatics|p2a: Dragalge\n|-damage|p2a: Dragalge|0 fnt\n|faint|p2a: Dragalge\n|\n|-end|p1a: Hawlucha|move: Heal Block\n|upkeep\n|inactive|Time left: 300 sec this turn | 300 sec total | 5 sec grace\n|\n|t:|1783550120\n|switch|p2a: Gouging Fire|Gouging Fire, L74|277/277\n|turn|11\n|inactive|Time left: 300 sec this turn | 300 sec total\n|\n|t:|1783550121\n|move|p1a: Hawlucha|Close Combat|p2a: Gouging Fire\n|-damage|p2a: Gouging Fire|76/277\n|-unboost|p1a: Hawlucha|def|1\n|-unboost|p1a: Hawlucha|spd|1\n|move|p2a: Gouging Fire|Heat Crash|p1a: Hawlucha\n|-damage|p1a: Hawlucha|0 fnt\n|faint|p1a: Hawlucha\n|\n|upkeep\n|\n|t:|1783550122\n|switch|p1a: Farigiraf|Farigiraf, L90, M|100/100\n|turn|12\n|inactive|Time left: 300 sec this turn | 300 sec total\n|\n|t:|1783550123\n|-end|p2a: Gouging Fire|Protosynthesis|[silent]\n|switch|p2a: Uxie|Uxie, L83|134/260\n|move|p1a: Farigiraf|Psychic Noise|p2a: Uxie\n|-resisted|p2a: Uxie\n|-damage|p2a: Uxie|100/260\n|-start|p2a: Uxie|move: Heal Block\n|\n|upkeep\n|turn|13\n|inactive|Time left: 300 sec this turn | 300 sec total\n|\n|t:|1783550124\n|move|p2a: Uxie|Yawn|p1a: Farigiraf\n|-start|p1a: Farigiraf|move: Yawn|[of] p2a: Uxie\n|move|p1a: Farigiraf|Body Slam|p2a: Uxie\n|-damage|p2a: Uxie|19/260\n|-status|p2a: Uxie|par\n|\n|-end|p2a: Uxie|move: Heal Block\n|upkeep\n|turn|14\n|inactive|Time left: 300 sec this turn | 300 sec total\n|\n|t:|1783550125\n|switch|p1a: Dudunsparce|Dudunsparce, L83, F|100/100\n|move|p2a: Uxie|Yawn|p1a: Dudunsparce\n|-start|p1a: Dudunsparce|move: Yawn|[of] p2a: Uxie\n|\n|-heal|p2a: Uxie|35/260 par|[from] item: Leftovers\n|upkeep\n|turn|15\n|inactive|Time left: 300 sec this turn | 300 sec total\n|\n|t:|1783550126\n|switch|p1a: Farigiraf|Farigiraf, L90, M|100/100\n|move|p2a: Uxie|Yawn|p1a: Farigiraf\n|-start|p1a: Farigiraf|move: Yawn|[of] p2a: Uxie\n|\n|-heal|p2a: Uxie|51/260 par|[from] item: Leftovers\n|upkeep\n|turn|16\n|inactive|Time left: 300 sec this turn | 300 sec total\n|\n|t:|1783550127\n|switch|p1a: Dudunsparce|Dudunsparce, L83, F|100/100\n|move|p2a: Uxie|Yawn|p1a: Dudunsparce\n|-start|p1a: Dudunsparce|move: Yawn|[of] p2a: Uxie\n|\n|-heal|p2a: Uxie|67/260 par|[from] item: Leftovers\n|upkeep\n|turn|17\n|inactive|Time left: 300 sec this turn | 300 sec total\n|\n|t:|1783550128\n|switch|p1a: Farigiraf|Farigiraf, L90, M|100/100\n|cant|p2a: Uxie|par\n|\n|-heal|p2a: Uxie|83/260 par|[from] item: Leftovers\n|upkeep\n|turn|18\n|inactive|Time left: 300 sec this turn | 300 sec total\n|\n|t:|1783550129\n|move|p1a: Farigiraf|Body Slam|p2a: Uxie\n|-damage|p2a: Uxie|10/260 par\n|move|p2a: Uxie|Yawn|p1a: Farigiraf\n|-start|p1a: Farigiraf|move: Yawn|[of] p2a: Uxie\n|\n|-heal|p2a: Uxie|26/260 par|[from] item: Leftovers\n|upkeep\n|turn|19\n|inactive|Time left: 300 sec this turn | 300 sec total\n|\n|t:|1783550130\n|switch|p1a: Dudunsparce|Dudunsparce, L83, F|100/100\n|cant|p2a: Uxie|par\n|\n|-heal|p2a: Uxie|42/260 par|[from] item: Leftovers\n|upkeep\n|turn|20\n|inactive|Time left: 300 sec this turn | 300 sec total\n|\n|t:|1783550131\n|move|p1a: Dudunsparce|Boomburst|p2a: Uxie\n|-damage|p2a: Uxie|0 fnt\n|faint|p2a: Uxie\n|\n|upkeep\n|inactive|Time left: 300 sec this turn | 300 sec total | 5 sec grace\n|\n|t:|1783550132\n|switch|p2a: Hoopa|Hoopa, L85, tera:Fighting|134/275\n|turn|21\n|inactive|Time left: 300 sec this turn | 300 sec total\n|\n|t:|1783550133\n|switch|p1a: Farigiraf|Farigiraf, L90, M|100/100\n|move|p2a: Hoopa|Nasty Plot|p2a: Hoopa\n|-boost|p2a: Hoopa|spa|2\n|\n|upkeep\n|turn|22\n|inactive|Time left: 300 sec this turn | 300 sec total\n|\n|t:|1783550133\n|move|p1a: Farigiraf|Protect|p1a: Farigiraf\n|-singleturn|p1a: Farigiraf|Protect\n|move|p2a: Hoopa|Focus Blast|p1a: Farigiraf\n|-activate|p1a: Farigiraf|move: Protect\n|\n|upkeep\n|turn|23\n|inactive|Time left: 300 sec this turn | 300 sec total\n|\n|t:|1783550134\n|move|p2a: Hoopa|Focus Blast|p1a: Farigiraf\n|-damage|p1a: Farigiraf|0 fnt\n|faint|p1a: Farigiraf\n|-damage|p2a: Hoopa|107/275|[from] item: Life Orb\n|\n|upkeep\n|\n|t:|1783550135\n|switch|p1a: Dudunsparce|Dudunsparce, L83, F|100/100\n|turn|24\n|inactive|Time left: 300 sec this turn | 300 sec total\n|\n|t:|1783550136\n|move|p2a: Hoopa|Psychic|p1a: Dudunsparce\n|-damage|p1a: Dudunsparce|0 fnt\n|faint|p1a: Dudunsparce\n|-damage|p2a: Hoopa|80/275|[from] item: Life Orb\n|\n|win|p0y8807675", "uploadtime": 1783550136, "views": 0, "rating": 0, "private": 0, "password": null, "_winner": "p0y8807675", "_our_name": "p0y8807675"}