{"id": "battle-gen9randombattle-919", "formatid": "gen9randombattle", "format": "[Gen 9] Random Battle", "players": ["p0x9196f61", "p0y9199d24"], "log": "|init|battle\n|title|p0x9196f61 vs. p0y9199d24\n|j|\u2606p0x9196f61\n|j|\u2606p0y9199d24\n|t:|1783549797\n|gametype|singles\n|player|p1|p0x9196f61|266|\n|player|p2|p0y9199d24|1|\n|gen|9\n|tier|[Gen 9] Random Battle\n|rule|Species Clause: Limit one of each Pok\u00e9mon\n|rule|HP Percentage Mod: HP is shown in percentages\n|rule|Sleep Clause Mod: Limit one foe put to sleep\n|rule|Illusion Level Mod: Illusion disguises the Pok\u00e9mon's true level\n|\n|t:|1783549797\n|teamsize|p1|6\n|teamsize|p2|6\n|start\n|switch|p1a: Brute Bonnet|Brute Bonnet, L80|309/309\n|switch|p2a: Plusle|Plusle, L95, M|100/100\n|turn|1\n|inactive|Battle timer is ON: inactive players will automatically lose when time's up. (requested by p0x9196f61)\n|inactive|p0y9199d24 also wants the timer to be on.\n|\n|t:|1783549799\n|move|p2a: Plusle|Nasty Plot|p2a: Plusle\n|-boost|p2a: Plusle|spa|2\n|move|p1a: Brute Bonnet|Crunch|p2a: Plusle\n|-damage|p2a: Plusle|48/100\n|-unboost|p2a: Plusle|def|1\n|\n|upkeep\n|turn|2\n|inactive|Time left: 300 sec this turn | 300 sec total\n|\n|t:|1783549800\n|move|p1a: Brute Bonnet|Sucker Punch|p2a: Plusle\n|-crit|p2a: Plusle\n|-damage|p2a: Plusle|0 fnt\n|faint|p2a: Plusle\n|\n|upkeep\n|\n|t:|1783549801\n|switch|p2a: Golurk|Golurk, L87|100/100\n|turn|3\n|inactive|Time left: 300 sec this turn | 300 sec total\n|\n|t:|1783549802\n|move|p2a: Golurk|Dynamic Punch|p1a: Brute Bonnet\n|-supereffective|p1a: Brute Bonnet\n|-damage|p1a: Brute Bonnet|49/309\n|-start|p1a: Brute Bonnet|confusion\n|-activate|p1a: Brute Bonnet|confusion\n|-damage|p1a: Brute Bonnet|18/309|[from] confusion\n|\n|-heal|p1a: Brute Bonnet|37/309|[from] item: Leftovers\n|upkeep\n|turn|4\n|inactive|Time left: 300 sec this turn | 300 sec total\n|\n|t:|1783549803\n|-end|p1a: Brute Bonnet|Protosynthesis|[silent]\n|switch|p1a: Rotom|Rotom, L88|231/231\n|move|p2a: Golurk|Dynamic Punch|p1a: Rotom\n|-immune|p1a: Rotom\n|\n|upkeep\n|turn|5\n|inactive|Time left: 300 sec this turn | 300 sec total\n|\n|t:|1783549804\n|move|p1a: Rotom|Nasty Plot|p1a: Rotom\n|-boost|p1a: Rotom|spa|2\n|move|p2a: Golurk|Dynamic Punch|p1a: Rotom\n|-immune|p1a: Rotom\n|\n|upkeep\n|turn|6\n|inactive|Time left: 300 sec this turn | 300 sec total\n|\n|t:|1783549805\n|switch|p2a: Mudsdale|Mudsdale, L83, F|100/100\n|move|p1a: Rotom|Shadow Ball|p2a: Mudsdale\n|-damage|p2a: Mudsdale|13/100\n|-ability|p2a: Mudsdale|Stamina|boost\n|-boost|p2a: Mudsdale|def|1\n|-damage|p1a: Rotom|208/231|[from] item: Life Orb\n|\n|-heal|p2a: Mudsdale|19/100|[from] item: Leftovers\n|upkeep\n|turn|7\n|inactive|Time left: 300 sec this turn | 300 sec total\n|\n|t:|1783549807\n|move|p1a: Rotom|Shadow Ball|p2a: Mudsdale\n|-damage|p2a: Mudsdale|0 fnt\n|faint|p2a: Mudsdale\n|-damage|p1a: Rotom|185/231|[from] item: Life Orb\n|\n|upkeep\n|\n|t:|1783549807\n|switch|p2a: Golurk|Golurk, L87|100/100\n|turn|8\n|inactive|Time left: 300 sec this turn | 300 sec total\n|\n|t:|1783549808\n|-terastallize|p2a: Golurk|Ground\n|move|p1a: Rotom|Shadow Ball|p2a: Golurk\n|-damage|p2a: Golurk|15/100\n|-damage|p1a: Rotom|162/231|[from] item: Life Orb\n|move|p2a: Golurk|Poltergeist|p1a: Rotom\n|-activate|p1a: Rotom|move: Poltergeist|Life Orb\n|-supereffective|p1a: Rotom\n|-damage|p1a: Rotom|0 fnt\n|faint|p1a: Rotom\n|\n|upkeep\n|inactive|Time left: 300 sec this turn | 300 sec total | 5 sec grace\n|\n|t:|1783549809\n|switch|p1a: Grimmsnarl|Grimmsnarl, L83, M|293/293\n|turn|9\n|inactive|Time left: 300 sec this turn | 300 sec total\n|\n|t:|1783549810\n|move|p1a: Grimmsnarl|Spirit Break|p2a: Golurk\n|-crit|p2a: Golurk\n|-damage|p2a: Golurk|0 fnt\n|faint|p2a: Golurk\n|\n|upkeep\n|\n|t:|1783549811\n|switch|p2a: Lycanroc|Lycanroc-Midnight, L89, M|100/100\n|turn|10\n|inactive|Time left: 300 sec this turn | 300 sec total\n|\n|t:|1783549812\n|move|p1a: Grimmsnarl|Parting Shot|p2a: Lycanroc\n|-unboost|p2a: Lycanroc|atk|1\n|-unboost|p2a: Lycanroc|spa|1\n|inactive|Time left: 300 sec this turn | 300 sec total | 5 sec grace\n|\n|t:|1783549813\n|switch|p1a: Cobalion|Cobalion, L80|277/277|[from] Parting Shot\n|move|p2a: Lycanroc|Stone Edge|p1a: Cobalion\n|-resisted|p1a: Cobalion\n|-crit|p1a: Cobalion\n|-damage|p1a: Cobalion|229/277\n|-damage|p2a: Lycanroc|91/100|[from] item: Life Orb\n|\n|-heal|p1a: Cobalion|246/277|[from] item: Leftovers\n|upkeep\n|turn|11\n|inactive|Time left: 300 sec this turn | 300 sec total\n|\n|t:|1783549814\n|switch|p2a: Kilowattrel|Kilowattrel, L83, M|100/100\n|move|p1a: Cobalion|Body Press|p2a: Kilowattrel\n|-resisted|p2a: Kilowattrel\n|-damage|p2a: Kilowattrel|77/100\n|\n|-heal|p1a: Cobalion|263/277|[from] item: Leftovers\n|upkeep\n|turn|12\n|inactive|Time left: 300 sec this turn | 300 sec total\n|\n|t:|1783549815\n|switch|p1a: Beartic|Beartic, L91, M|321/321\n|move|p2a: Kilowattrel|Thunderbolt|p1a: Beartic\n|-damage|p1a: Beartic|218/321\n|\n|upkeep\n|turn|13\n|inactive|Time left: 300 sec this turn | 300 sec total\n|\n|t:|1783549817\n|move|p2a: Kilowattrel|Hurricane|p1a: Beartic\n|-damage|p1a: Beartic|100/321\n|move|p1a: Beartic|Icicle Crash|p2a: Kilowattrel\n|-supereffective|p2a: Kilowattrel\n|-damage|p2a: Kilowattrel|0 fnt\n|faint|p2a: Kilowattrel\n|\n|upkeep\n|\n|t:|1783549818\n|switch|p2a: Delibird|Delibird, M|100/100\n|turn|14\n|inactive|Time left: 300 sec this turn | 300 sec total\n|\n|t:|1783549819\n|switch|p1a: Cobalion|Cobalion, L80|263/277\n|move|p2a: Delibird|Brave Bird|p1a: Cobalion\n|-damage|p1a: Cobalion|178/277\n|-damage|p2a: Delibird|89/100|[from] Recoil\n|\n|-heal|p1a: Cobalion|195/277|[from] item: Leftovers\n|upkeep\n|turn|15\n|inactive|Time left: 300 sec this turn | 300 sec total\n|\n|t:|1783549820\n|move|p1a: Cobalion|Iron Head|p2a: Delibird\n|-supereffective|p2a: Delibird\n|-damage|p2a: Delibird|11/100\n|move|p2a: Delibird|Freeze-Dry|p1a: Cobalion\n|-resisted|p1a: Cobalion\n|-damage|p1a: Cobalion|144/277\n|\n|-heal|p1a: Cobalion|161/277|[from] item: Leftovers\n|upkeep\n|turn|16\n|inactive|Time left: 300 sec this turn | 300 sec total\n|\n|t:|1783549821\n|move|p1a: Cobalion|Body Press|p2a: Delibird\n|-damage|p2a: Delibird|0 fnt\n|faint|p2a: Delibird\n|\n|-heal|p1a: Cobalion|178/277|[from] item: Leftovers\n|upkeep\n|\n|t:|1783549821\n|switch|p2a: Lycanroc|Lycanroc-Midnight, L89, M|91/100\n|turn|17\n|inactive|Time left: 300 sec this turn | 300 sec total\n|\n|t:|1783549822\n|move|p1a: Cobalion|Body Press|p2a: Lycanroc\n|-supereffective|p2a: Lycanroc\n|-damage|p2a: Lycanroc|23/100\n|move|p2a: Lycanroc|Close Combat|p1a: Cobalion\n|-supereffective|p1a: Cobalion\n|-damage|p1a: Cobalion|0 fnt\n|-unboost|p2a: Lycanroc|def|1\n|-unboost|p2a: Lycanroc|spd|1\n|faint|p1a: Cobalion\n|-damage|p2a: Lycanroc|13/100|[from] item: Life Orb\n|\n|upkeep\n|inactive|Time left: 300 sec this turn | 300 sec total | 5 sec grace\n|\n|t:|1783549823\n|switch|p1a: Araquanid|Araquanid, L82, M|246/246\n|turn|18\n|inactive|Time left: 300 sec this turn | 300 sec total\n|\n|t:|1783549824\n|-terastallize|p1a: Araquanid|Water\n|move|p2a: Lycanroc|Stone Edge|p1a: Araquanid\n|-damage|p1a: Araquanid|86/246\n|-damage|p2a: Lycanroc|4/100|[from] item: Life Orb\n|move|p1a: Araquanid|Hydro Pump|p2a: Lycanroc\n|-supereffective|p2a: Lycanroc\n|-damage|p2a: Lycanroc|0 fnt\n|faint|p2a: Lycanroc\n|\n|win|p0x9196f61", "uploadtime": 1783549824, "views": 0, "rating": 0, "private": 0, "password": null, "_winner": "p0x9196f61", "_our_name": "p0x9196f61"}