{"id": "battle-gen9randombattle-2586", "formatid": "gen9randombattle", "format": "[Gen 9] Random Battle", "players": ["p0x25866df1", "p0y258685cb"], "log": "|init|battle\n|title|p0x25866df1 vs. p0y258685cb\n|j|\u2606p0x25866df1\n|j|\u2606p0y258685cb\n|t:|1783569868\n|gametype|singles\n|player|p1|p0x25866df1|170|\n|player|p2|p0y258685cb|101|\n|gen|9\n|tier|[Gen 9] Random Battle\n|rule|Species Clause: Limit one of each Pok\u00e9mon\n|rule|HP Percentage Mod: HP is shown in percentages\n|rule|Sleep Clause Mod: Limit one foe put to sleep\n|rule|Illusion Level Mod: Illusion disguises the Pok\u00e9mon's true level\n|\n|t:|1783569868\n|teamsize|p1|6\n|teamsize|p2|6\n|start\n|switch|p1a: Lapras|Lapras, L87, M|100/100\n|switch|p2a: Glaceon|Glaceon, L94, F|275/275\n|turn|1\n|inactive|Battle timer is ON: inactive players will automatically lose when time's up. (requested by p0y258685cb)\n|inactive|p0x25866df1 also wants the timer to be on.\n|\n|t:|1783569869\n|move|p2a: Glaceon|Freeze-Dry|p1a: Lapras\n|-damage|p1a: Lapras|69/100\n|move|p1a: Lapras|Ice Beam|p2a: Glaceon\n|-resisted|p2a: Glaceon\n|-damage|p2a: Glaceon|221/275\n|\n|upkeep\n|turn|2\n|inactive|Time left: 300 sec this turn | 300 sec total\n|\n|t:|1783569870\n|move|p2a: Glaceon|Freeze-Dry|p1a: Lapras\n|-damage|p1a: Lapras|40/100\n|move|p1a: Lapras|Ice Beam|p2a: Glaceon\n|-resisted|p2a: Glaceon\n|-damage|p2a: Glaceon|163/275\n|\n|upkeep\n|turn|3\n|inactive|Time left: 300 sec this turn | 300 sec total\n|\n|t:|1783569871\n|move|p2a: Glaceon|Freeze-Dry|p1a: Lapras\n|-damage|p1a: Lapras|10/100\n|move|p1a: Lapras|Ice Beam|p2a: Glaceon\n|-resisted|p2a: Glaceon\n|-damage|p2a: Glaceon|104/275\n|\n|upkeep\n|turn|4\n|inactive|Time left: 300 sec this turn | 300 sec total\n|\n|t:|1783569872\n|switch|p1a: Alcremie|Alcremie-Mint-Cream, L90, F|100/100\n|move|p2a: Glaceon|Freeze-Dry|p1a: Alcremie\n|-damage|p1a: Alcremie|65/100\n|\n|-heal|p1a: Alcremie|71/100|[from] item: Leftovers\n|upkeep\n|turn|5\n|inactive|Time left: 300 sec this turn | 300 sec total\n|\n|t:|1783569873\n|move|p2a: Glaceon|Freeze-Dry|p1a: Alcremie\n|-damage|p1a: Alcremie|40/100\n|-status|p1a: Alcremie|frz\n|cant|p1a: Alcremie|frz\n|\n|-heal|p1a: Alcremie|46/100 frz|[from] item: Leftovers\n|upkeep\n|turn|6\n|inactive|Time left: 300 sec this turn | 300 sec total\n|\n|t:|1783569874\n|move|p2a: Glaceon|Freeze-Dry|p1a: Alcremie\n|-damage|p1a: Alcremie|12/100 frz\n|cant|p1a: Alcremie|frz\n|\n|-heal|p1a: Alcremie|18/100 frz|[from] item: Leftovers\n|upkeep\n|turn|7\n|inactive|Time left: 300 sec this turn | 300 sec total\n|\n|t:|1783569875\n|move|p2a: Glaceon|Freeze-Dry|p1a: Alcremie\n|-damage|p1a: Alcremie|0 fnt\n|faint|p1a: Alcremie\n|\n|upkeep\n|\n|t:|1783569876\n|switch|p1a: Hitmonlee|Hitmonlee, L85, M|100/100\n|turn|8\n|inactive|Time left: 300 sec this turn | 300 sec total\n|\n|t:|1783569878\n|move|p1a: Hitmonlee|High Jump Kick|p2a: Glaceon|[miss]\n|-miss|p1a: Hitmonlee|p2a: Glaceon\n|-damage|p1a: Hitmonlee|51/100|[from] highjumpkick\n|move|p2a: Glaceon|Freeze-Dry|p1a: Hitmonlee\n|-damage|p1a: Hitmonlee|8/100\n|\n|upkeep\n|turn|9\n|inactive|Time left: 300 sec this turn | 300 sec total\n|\n|t:|1783569879\n|move|p2a: Glaceon|Protect|p2a: Glaceon\n|-singleturn|p2a: Glaceon|Protect\n|move|p1a: Hitmonlee|High Jump Kick|p2a: Glaceon\n|-activate|p2a: Glaceon|move: Protect\n|-damage|p1a: Hitmonlee|0 fnt|[from] highjumpkick\n|faint|p1a: Hitmonlee\n|\n|upkeep\n|\n|t:|1783569880\n|switch|p1a: Avalugg|Avalugg, L88, M|100/100\n|turn|10\n|inactive|Time left: 300 sec this turn | 300 sec total\n|\n|t:|1783569881\n|switch|p2a: Cresselia|Cresselia, L80, F|323/323\n|move|p1a: Avalugg|Body Press|p2a: Cresselia\n|-resisted|p2a: Cresselia\n|-damage|p2a: Cresselia|273/323\n|\n|-heal|p2a: Cresselia|293/323|[from] item: Leftovers\n|upkeep\n|turn|11\n|inactive|Time left: 300 sec this turn | 300 sec total\n|\n|t:|1783569882\n|move|p2a: Cresselia|Calm Mind|p2a: Cresselia\n|-boost|p2a: Cresselia|spa|1\n|-boost|p2a: Cresselia|spd|1\n|move|p1a: Avalugg|Rapid Spin|p2a: Cresselia\n|-damage|p2a: Cresselia|249/323\n|-boost|p1a: Avalugg|spe|1\n|\n|-heal|p2a: Cresselia|269/323|[from] item: Leftovers\n|upkeep\n|turn|12\n|inactive|Time left: 300 sec this turn | 300 sec total\n|\n|t:|1783569883\n|move|p2a: Cresselia|Calm Mind|p2a: Cresselia\n|-boost|p2a: Cresselia|spa|1\n|-boost|p2a: Cresselia|spd|1\n|move|p1a: Avalugg|Rapid Spin|p2a: Cresselia\n|-damage|p2a: Cresselia|226/323\n|-boost|p1a: Avalugg|spe|1\n|\n|-heal|p2a: Cresselia|246/323|[from] item: Leftovers\n|upkeep\n|turn|13\n|inactive|Time left: 300 sec this turn | 300 sec total\n|\n|t:|1783569884\n|move|p2a: Cresselia|Thunderbolt|p1a: Avalugg\n|-damage|p1a: Avalugg|54/100\n|move|p1a: Avalugg|Avalanche|p2a: Cresselia\n|-damage|p2a: Cresselia|114/323\n|\n|-heal|p2a: Cresselia|134/323|[from] item: Leftovers\n|upkeep\n|turn|14\n|inactive|Time left: 300 sec this turn | 300 sec total\n|\n|t:|1783569885\n|move|p2a: Cresselia|Moonlight|p2a: Cresselia\n|-heal|p2a: Cresselia|295/323\n|move|p1a: Avalugg|Avalanche|p2a: Cresselia\n|-damage|p2a: Cresselia|223/323\n|\n|-heal|p2a: Cresselia|243/323|[from] item: Leftovers\n|upkeep\n|turn|15\n|inactive|Time left: 300 sec this turn | 300 sec total\n|\n|t:|1783569886\n|move|p1a: Avalugg|Recover|p1a: Avalugg\n|-heal|p1a: Avalugg|100/100\n|move|p2a: Cresselia|Thunderbolt|p1a: Avalugg\n|-damage|p1a: Avalugg|50/100\n|\n|-heal|p2a: Cresselia|263/323|[from] item: Leftovers\n|upkeep\n|turn|16\n|inactive|Time left: 300 sec this turn | 300 sec total\n|\n|t:|1783569887\n|move|p1a: Avalugg|Recover|p1a: Avalugg\n|-heal|p1a: Avalugg|99/100\n|move|p2a: Cresselia|Thunderbolt|p1a: Avalugg\n|-damage|p1a: Avalugg|57/100\n|\n|-heal|p2a: Cresselia|283/323|[from] item: Leftovers\n|upkeep\n|turn|17\n|inactive|Time left: 300 sec this turn | 300 sec total\n|\n|t:|1783569888\n|move|p1a: Avalugg|Recover|p1a: Avalugg\n|-heal|p1a: Avalugg|100/100\n|move|p2a: Cresselia|Thunderbolt|p1a: Avalugg\n|-damage|p1a: Avalugg|50/100\n|\n|-heal|p2a: Cresselia|303/323|[from] item: Leftovers\n|upkeep\n|turn|18\n|inactive|Time left: 300 sec this turn | 300 sec total\n|\n|t:|1783569889\n|move|p1a: Avalugg|Recover|p1a: Avalugg\n|-heal|p1a: Avalugg|100/100\n|move|p2a: Cresselia|Thunderbolt|p1a: Avalugg\n|-damage|p1a: Avalugg|57/100\n|\n|-heal|p2a: Cresselia|323/323|[from] item: Leftovers\n|upkeep\n|turn|19\n|inactive|Time left: 300 sec this turn | 300 sec total\n|\n|t:|1783569890\n|move|p1a: Avalugg|Recover|p1a: Avalugg\n|-heal|p1a: Avalugg|100/100\n|move|p2a: Cresselia|Thunderbolt|p1a: Avalugg\n|-damage|p1a: Avalugg|57/100\n|\n|upkeep\n|turn|20\n|inactive|Time left: 300 sec this turn | 300 sec total\n|\n|t:|1783569891\n|move|p1a: Avalugg|Recover|p1a: Avalugg\n|-heal|p1a: Avalugg|100/100\n|move|p2a: Cresselia|Thunderbolt|p1a: Avalugg\n|-damage|p1a: Avalugg|56/100\n|\n|upkeep\n|turn|21\n|inactive|Time left: 300 sec this turn | 300 sec total\n|\n|t:|1783569892\n|move|p1a: Avalugg|Recover|p1a: Avalugg\n|-heal|p1a: Avalugg|100/100\n|move|p2a: Cresselia|Thunderbolt|p1a: Avalugg\n|-damage|p1a: Avalugg|55/100\n|\n|upkeep\n|turn|22\n|inactive|Time left: 300 sec this turn | 300 sec total\n|\n|t:|1783569893\n|move|p1a: Avalugg|Recover|p1a: Avalugg\n|-heal|p1a: Avalugg|100/100\n|move|p2a: Cresselia|Thunderbolt|p1a: Avalugg\n|-damage|p1a: Avalugg|55/100\n|-status|p1a: Avalugg|par\n|\n|upkeep\n|turn|23\n|inactive|Time left: 300 sec this turn | 300 sec total\n|\n|t:|1783569894\n|move|p2a: Cresselia|Thunderbolt|p1a: Avalugg\n|-damage|p1a: Avalugg|12/100 par\n|cant|p1a: Avalugg|par\n|\n|upkeep\n|turn|24\n|inactive|Time left: 300 sec this turn | 300 sec total\n|\n|t:|1783569895\n|move|p2a: Cresselia|Psyshock|p1a: Avalugg\n|-damage|p1a: Avalugg|0 fnt\n|faint|p1a: Avalugg\n|\n|upkeep\n|\n|t:|1783569895\n|switch|p1a: Jumpluff|Jumpluff, L87, M|100/100\n|turn|25\n|inactive|Time left: 300 sec this turn | 300 sec total\n|\n|t:|1783569896\n|move|p1a: Jumpluff|Leech Seed|p2a: Cresselia\n|-start|p2a: Cresselia|move: Leech Seed\n|move|p2a: Cresselia|Psyshock|p1a: Jumpluff\n|-damage|p1a: Jumpluff|41/100\n|\n|-damage|p2a: Cresselia|283/323|[from] Leech Seed|[of] p1a: Jumpluff\n|-heal|p1a: Jumpluff|56/100|[silent]\n|upkeep\n|turn|26\n|inactive|Time left: 300 sec this turn | 300 sec total\n|\n|t:|1783569897\n|move|p1a: Jumpluff|Strength Sap|p2a: Cresselia\n|-unboost|p2a: Cresselia|atk|1\n|-heal|p1a: Jumpluff|99/100\n|move|p2a: Cresselia|Psyshock|p1a: Jumpluff\n|-damage|p1a: Jumpluff|43/100\n|\n|-heal|p2a: Cresselia|303/323|[from] item: Leftovers\n|-damage|p2a: Cresselia|263/323|[from] Leech Seed|[of] p1a: Jumpluff\n|-heal|p1a: Jumpluff|58/100|[silent]\n|upkeep\n|turn|27\n|inactive|Time left: 300 sec this turn | 300 sec total\n|\n|t:|1783569898\n|move|p1a: Jumpluff|Strength Sap|p2a: Cresselia\n|-unboost|p2a: Cresselia|atk|1\n|-heal|p1a: Jumpluff|86/100\n|move|p2a: Cresselia|Psyshock|p1a: Jumpluff\n|-damage|p1a: Jumpluff|33/100\n|\n|-heal|p2a: Cresselia|283/323|[from] item: Leftovers\n|-damage|p2a: Cresselia|243/323|[from] Leech Seed|[of] p1a: Jumpluff\n|-heal|p1a: Jumpluff|48/100|[silent]\n|upkeep\n|turn|28\n|inactive|Time left: 300 sec this turn | 300 sec total\n|\n|t:|1783569899\n|move|p1a: Jumpluff|Strength Sap|p2a: Cresselia\n|-unboost|p2a: Cresselia|atk|1\n|-heal|p1a: Jumpluff|69/100\n|move|p2a: Cresselia|Psyshock|p1a: Jumpluff\n|-damage|p1a: Jumpluff|11/100\n|\n|-heal|p2a: Cresselia|263/323|[from] item: Leftovers\n|-damage|p2a: Cresselia|223/323|[from] Leech Seed|[of] p1a: Jumpluff\n|-heal|p1a: Jumpluff|26/100|[silent]\n|upkeep\n|turn|29\n|inactive|Time left: 300 sec this turn | 300 sec total\n|\n|t:|1783569900\n|move|p1a: Jumpluff|Strength Sap|p2a: Cresselia\n|-unboost|p2a: Cresselia|atk|1\n|-heal|p1a: Jumpluff|43/100\n|move|p2a: Cresselia|Psyshock|p1a: Jumpluff\n|-damage|p1a: Jumpluff|0 fnt\n|faint|p1a: Jumpluff\n|\n|-heal|p2a: Cresselia|243/323|[from] item: Leftovers\n|upkeep\n|\n|t:|1783569901\n|switch|p1a: Cobalion|Cobalion, L80|100/100\n|turn|30\n|inactive|Time left: 300 sec this turn | 300 sec total\n|\n|t:|1783569902\n|move|p1a: Cobalion|Body Press|p2a: Cresselia\n|-resisted|p2a: Cresselia\n|-damage|p2a: Cresselia|204/323\n|move|p2a: Cresselia|Moonlight|p2a: Cresselia\n|-heal|p2a: Cresselia|323/323\n|\n|-damage|p2a: Cresselia|283/323|[from] Leech Seed|[of] p1a: Cobalion\n|upkeep\n|turn|31\n|inactive|Time left: 300 sec this turn | 300 sec total\n|\n|t:|1783569903\n|switch|p2a: Pyroar|Pyroar, L88, M|295/295\n|-ability|p2a: Pyroar|Unnerve\n|move|p1a: Cobalion|Iron Head|p2a: Pyroar\n|-resisted|p2a: Pyroar\n|-damage|p2a: Pyroar|255/295\n|\n|upkeep\n|turn|32\n|inactive|Time left: 300 sec this turn | 300 sec total\n|\n|t:|1783569904\n|-terastallize|p1a: Cobalion|Water\n|move|p2a: Pyroar|Fire Blast|p1a: Cobalion\n|-resisted|p1a: Cobalion\n|-damage|p1a: Cobalion|69/100\n|move|p1a: Cobalion|Body Press|p2a: Pyroar\n|-supereffective|p2a: Pyroar\n|-damage|p2a: Pyroar|45/295\n|\n|-heal|p1a: Cobalion|75/100|[from] item: Leftovers\n|upkeep\n|turn|33\n|inactive|Time left: 300 sec this turn | 300 sec total\n|\n|t:|1783569905\n|move|p2a: Pyroar|Hyper Voice|p1a: Cobalion\n|-damage|p1a: Cobalion|22/100\n|move|p1a: Cobalion|Body Press|p2a: Pyroar\n|-supereffective|p2a: Pyroar\n|-damage|p2a: Pyroar|0 fnt\n|faint|p2a: Pyroar\n|\n|-heal|p1a: Cobalion|28/100|[from] item: Leftovers\n|upkeep\n|inactive|Time left: 300 sec this turn | 300 sec total | 5 sec grace\n|\n|t:|1783569905\n|switch|p2a: Flutter Mane|Flutter Mane, L74|203/203\n|turn|34\n|inactive|Time left: 300 sec this turn | 300 sec total\n|\n|t:|1783569906\n|move|p2a: Flutter Mane|Shadow Ball|p1a: Cobalion\n|-damage|p1a: Cobalion|0 fnt\n|faint|p1a: Cobalion\n|-damage|p2a: Flutter Mane|183/203|[from] item: Life Orb\n|\n|upkeep\n|\n|t:|1783569907\n|switch|p1a: Lapras|Lapras, L87, M|10/100\n|turn|35\n|inactive|Time left: 300 sec this turn | 300 sec total\n|\n|t:|1783569908\n|move|p2a: Flutter Mane|Shadow Ball|p1a: Lapras\n|-damage|p1a: Lapras|0 fnt\n|faint|p1a: Lapras\n|-damage|p2a: Flutter Mane|163/203|[from] item: Life Orb\n|\n|win|p0y258685cb", "uploadtime": 1783569908, "views": 0, "rating": 0, "private": 0, "password": null, "_winner": "p0y258685cb", "_our_name": "p0y258685cb"}