{"id": "battle-gen9randombattle-1958", "formatid": "gen9randombattle", "format": "[Gen 9] Random Battle", "players": ["p0x19589563", "p0y1958e928"], "log": "|init|battle\n|title|p0x19589563 vs. p0y1958e928\n|j|\u2606p0x19589563\n|j|\u2606p0y1958e928\n|t:|1783561918\n|gametype|singles\n|player|p1|p0x19589563|2|\n|player|p2|p0y1958e928|265|\n|gen|9\n|tier|[Gen 9] Random Battle\n|rule|Species Clause: Limit one of each Pok\u00e9mon\n|rule|HP Percentage Mod: HP is shown in percentages\n|rule|Sleep Clause Mod: Limit one foe put to sleep\n|rule|Illusion Level Mod: Illusion disguises the Pok\u00e9mon's true level\n|\n|t:|1783561918\n|teamsize|p1|6\n|teamsize|p2|6\n|start\n|switch|p1a: Gallade|Gallade, L80, M|240/240\n|switch|p2a: Great Tusk|Great Tusk, L77|100/100\n|turn|1\n|inactive|Battle timer is ON: inactive players will automatically lose when time's up. (requested by p0y1958e928)\n|inactive|Time left: 300 sec this turn | 300 sec total | 60 sec grace\n|inactive|p0x19589563 also wants the timer to be on.\n|\n|t:|1783561919\n|move|p2a: Great Tusk|Bulk Up|p2a: Great Tusk\n|-boost|p2a: Great Tusk|atk|1\n|-boost|p2a: Great Tusk|def|1\n|move|p1a: Gallade|Psycho Cut|p2a: Great Tusk\n|-supereffective|p2a: Great Tusk\n|-crit|p2a: Great Tusk\n|-damage|p2a: Great Tusk|0 fnt\n|faint|p2a: Great Tusk\n|-end|p2a: Great Tusk|Protosynthesis|[silent]\n|-damage|p1a: Gallade|216/240|[from] item: Life Orb\n|\n|upkeep\n|\n|t:|1783561920\n|switch|p2a: Stonjourner|Stonjourner, L91, F|100/100\n|turn|2\n|inactive|Time left: 300 sec this turn | 300 sec total\n|\n|t:|1783561922\n|move|p2a: Stonjourner|Heat Crash|p1a: Gallade\n|-damage|p1a: Gallade|21/240\n|-damage|p2a: Stonjourner|90/100|[from] item: Life Orb\n|move|p1a: Gallade|Sacred Sword|p2a: Stonjourner\n|-supereffective|p2a: Stonjourner\n|-damage|p2a: Stonjourner|3/100\n|-damage|p1a: Gallade|0 fnt|[from] item: Life Orb\n|faint|p1a: Gallade\n|\n|upkeep\n|inactive|Time left: 300 sec this turn | 300 sec total | 5 sec grace\n|\n|t:|1783561922\n|switch|p1a: Roaring Moon|Roaring Moon, L72|270/270\n|turn|3\n|inactive|Time left: 300 sec this turn | 300 sec total\n|\n|t:|1783561924\n|switch|p2a: Granbull|Granbull, L88, M|100/100\n|-ability|p2a: Granbull|Intimidate|boost\n|-unboost|p1a: Roaring Moon|atk|1\n|move|p1a: Roaring Moon|Outrage|p2a: Granbull\n|-immune|p2a: Granbull\n|\n|upkeep\n|turn|4\n|inactive|Time left: 300 sec this turn | 300 sec total\n|\n|t:|1783561925\n|move|p1a: Roaring Moon|Outrage|p2a: Granbull\n|-immune|p2a: Granbull\n|move|p2a: Granbull|Play Rough|p1a: Roaring Moon\n|-supereffective|p1a: Roaring Moon\n|-damage|p1a: Roaring Moon|0 fnt\n|faint|p1a: Roaring Moon\n|-end|p1a: Roaring Moon|Protosynthesis|[silent]\n|\n|upkeep\n|inactive|Time left: 300 sec this turn | 300 sec total | 5 sec grace\n|\n|t:|1783561926\n|switch|p1a: Leavanny|Leavanny, L86, M|269/269\n|turn|5\n|inactive|Time left: 300 sec this turn | 300 sec total\n|\n|t:|1783561927\n|move|p1a: Leavanny|Sticky Web|p2a: Granbull\n|-sidestart|p2: p0y1958e928|move: Sticky Web\n|move|p2a: Granbull|Play Rough|p1a: Leavanny\n|-damage|p1a: Leavanny|146/269\n|\n|upkeep\n|turn|6\n|inactive|Time left: 300 sec this turn | 300 sec total\n|\n|t:|1783561928\n|move|p1a: Leavanny|Bullet Seed|p2a: Granbull\n|-damage|p2a: Granbull|89/100\n|-damage|p2a: Granbull|79/100\n|-damage|p2a: Granbull|68/100\n|-damage|p2a: Granbull|57/100\n|-damage|p2a: Granbull|47/100\n|-hitcount|p2a: Granbull|5\n|move|p2a: Granbull|Play Rough|p1a: Leavanny|[miss]\n|-miss|p2a: Granbull|p1a: Leavanny\n|\n|-heal|p2a: Granbull|53/100|[from] item: Leftovers\n|upkeep\n|turn|7\n|inactive|Time left: 300 sec this turn | 300 sec total\n|\n|t:|1783561929\n|move|p1a: Leavanny|Bullet Seed|p2a: Granbull\n|-damage|p2a: Granbull|42/100\n|-damage|p2a: Granbull|31/100\n|-damage|p2a: Granbull|20/100\n|-damage|p2a: Granbull|8/100\n|-damage|p2a: Granbull|0 fnt\n|faint|p2a: Granbull\n|-hitcount|p2: Granbull|5\n|\n|upkeep\n|\n|t:|1783561930\n|switch|p2a: Lugia|Lugia, L73|100/100\n|turn|8\n|inactive|Time left: 300 sec this turn | 300 sec total\n|\n|t:|1783561931\n|switch|p1a: Toxtricity|Toxtricity, L82, F|257/257\n|move|p2a: Lugia|Calm Mind|p2a: Lugia\n|-boost|p2a: Lugia|spa|1\n|-boost|p2a: Lugia|spd|1\n|\n|upkeep\n|turn|9\n|inactive|Time left: 300 sec this turn | 300 sec total\n|\n|t:|1783561932\n|move|p2a: Lugia|Earth Power|p1a: Toxtricity\n|-supereffective|p1a: Toxtricity\n|-crit|p1a: Toxtricity\n|-damage|p1a: Toxtricity|0 fnt\n|faint|p1a: Toxtricity\n|\n|upkeep\n|inactive|Time left: 300 sec this turn | 300 sec total | 5 sec grace\n|\n|t:|1783561932\n|switch|p1a: Bronzong|Bronzong, L88|261/261\n|turn|10\n|inactive|Time left: 300 sec this turn | 300 sec total\n|\n|t:|1783561933\n|move|p2a: Lugia|Calm Mind|p2a: Lugia\n|-boost|p2a: Lugia|spa|1\n|-boost|p2a: Lugia|spd|1\n|move|p1a: Bronzong|Iron Defense|p1a: Bronzong\n|-boost|p1a: Bronzong|def|2\n|\n|upkeep\n|turn|11\n|inactive|Time left: 300 sec this turn | 300 sec total\n|\n|t:|1783561934\n|move|p2a: Lugia|Calm Mind|p2a: Lugia\n|-boost|p2a: Lugia|spa|1\n|-boost|p2a: Lugia|spd|1\n|move|p1a: Bronzong|Body Press|p2a: Lugia\n|-resisted|p2a: Lugia\n|-damage|p2a: Lugia|95/100\n|\n|upkeep\n|turn|12\n|inactive|Time left: 300 sec this turn | 300 sec total\n|\n|t:|1783561935\n|move|p2a: Lugia|Aeroblast|p1a: Bronzong|[miss]\n|-miss|p2a: Lugia|p1a: Bronzong\n|move|p1a: Bronzong|Body Press|p2a: Lugia\n|-resisted|p2a: Lugia\n|-damage|p2a: Lugia|84/100\n|\n|upkeep\n|turn|13\n|inactive|Time left: 300 sec this turn | 300 sec total\n|\n|t:|1783561936\n|move|p2a: Lugia|Aeroblast|p1a: Bronzong\n|-resisted|p1a: Bronzong\n|-damage|p1a: Bronzong|185/261\n|move|p1a: Bronzong|Psychic Noise|p2a: Lugia\n|-resisted|p2a: Lugia\n|-crit|p2a: Lugia\n|-damage|p2a: Lugia|68/100\n|-start|p2a: Lugia|move: Heal Block\n|\n|upkeep\n|turn|14\n|inactive|Time left: 300 sec this turn | 300 sec total\n|\n|t:|1783561936\n|move|p2a: Lugia|Aeroblast|p1a: Bronzong\n|-resisted|p1a: Bronzong\n|-damage|p1a: Bronzong|109/261\n|move|p1a: Bronzong|Rest|p1a: Bronzong\n|-status|p1a: Bronzong|slp|[from] move: Rest\n|-heal|p1a: Bronzong|261/261 slp|[silent]\n|-enditem|p1a: Bronzong|Chesto Berry|[eat]\n|-curestatus|p1a: Bronzong|slp|[msg]\n|\n|-end|p2a: Lugia|move: Heal Block\n|upkeep\n|turn|15\n|inactive|Time left: 300 sec this turn | 300 sec total\n|\n|t:|1783561937\n|move|p2a: Lugia|Recover|p2a: Lugia\n|-heal|p2a: Lugia|100/100\n|move|p1a: Bronzong|Psychic Noise|p2a: Lugia\n|-resisted|p2a: Lugia\n|-damage|p2a: Lugia|99/100\n|-start|p2a: Lugia|move: Heal Block\n|\n|upkeep\n|turn|16\n|inactive|Time left: 300 sec this turn | 300 sec total\n|\n|t:|1783561938\n|move|p2a: Lugia|Aeroblast|p1a: Bronzong\n|-resisted|p1a: Bronzong\n|-damage|p1a: Bronzong|190/261\n|move|p1a: Bronzong|Body Press|p2a: Lugia\n|-resisted|p2a: Lugia\n|-damage|p2a: Lugia|88/100\n|\n|-end|p2a: Lugia|move: Heal Block\n|upkeep\n|turn|17\n|inactive|Time left: 300 sec this turn | 300 sec total\n|\n|t:|1783561939\n|move|p2a: Lugia|Aeroblast|p1a: Bronzong\n|-resisted|p1a: Bronzong\n|-damage|p1a: Bronzong|111/261\n|move|p1a: Bronzong|Body Press|p2a: Lugia\n|-resisted|p2a: Lugia\n|-damage|p2a: Lugia|76/100\n|\n|upkeep\n|turn|18\n|inactive|Time left: 300 sec this turn | 300 sec total\n|\n|t:|1783561940\n|move|p2a: Lugia|Aeroblast|p1a: Bronzong\n|-resisted|p1a: Bronzong\n|-damage|p1a: Bronzong|37/261\n|move|p1a: Bronzong|Rest|p1a: Bronzong\n|-status|p1a: Bronzong|slp|[from] move: Rest\n|-heal|p1a: Bronzong|261/261 slp|[silent]\n|\n|upkeep\n|turn|19\n|inactive|Time left: 300 sec this turn | 300 sec total\n|\n|t:|1783561941\n|move|p2a: Lugia|Aeroblast|p1a: Bronzong\n|-resisted|p1a: Bronzong\n|-damage|p1a: Bronzong|183/261 slp\n|cant|p1a: Bronzong|slp\n|\n|upkeep\n|turn|20\n|inactive|Time left: 300 sec this turn | 300 sec total\n|\n|t:|1783561942\n|move|p2a: Lugia|Calm Mind|p2a: Lugia\n|-boost|p2a: Lugia|spa|1\n|-boost|p2a: Lugia|spd|1\n|cant|p1a: Bronzong|slp\n|\n|upkeep\n|turn|21\n|inactive|Time left: 300 sec this turn | 300 sec total\n|\n|t:|1783561943\n|move|p2a: Lugia|Recover|p2a: Lugia\n|-heal|p2a: Lugia|100/100\n|-curestatus|p1a: Bronzong|slp|[msg]\n|move|p1a: Bronzong|Iron Defense|p1a: Bronzong\n|-boost|p1a: Bronzong|def|2\n|\n|upkeep\n|turn|22\n|inactive|Time left: 300 sec this turn | 300 sec total\n|\n|t:|1783561944\n|move|p2a: Lugia|Calm Mind|p2a: Lugia\n|-boost|p2a: Lugia|spa|1\n|-boost|p2a: Lugia|spd|1\n|move|p1a: Bronzong|Body Press|p2a: Lugia\n|-resisted|p2a: Lugia\n|-damage|p2a: Lugia|92/100\n|\n|upkeep\n|turn|23\n|inactive|Time left: 300 sec this turn | 300 sec total\n|\n|t:|1783561945\n|move|p2a: Lugia|Recover|p2a: Lugia\n|-heal|p2a: Lugia|100/100\n|move|p1a: Bronzong|Body Press|p2a: Lugia\n|-resisted|p2a: Lugia\n|-damage|p2a: Lugia|92/100\n|\n|upkeep\n|turn|24\n|inactive|Time left: 300 sec this turn | 300 sec total\n|\n|t:|1783561946\n|move|p2a: Lugia|Calm Mind|p2a: Lugia\n|-boost|p2a: Lugia|spa|1\n|-boost|p2a: Lugia|spd|1\n|move|p1a: Bronzong|Psychic Noise|p2a: Lugia\n|-resisted|p2a: Lugia\n|-damage|p2a: Lugia|90/100\n|-start|p2a: Lugia|move: Heal Block\n|\n|upkeep\n|turn|25\n|inactive|Time left: 300 sec this turn | 300 sec total\n|\n|t:|1783561947\n|move|p2a: Lugia|Earth Power|p1a: Bronzong\n|-immune|p1a: Bronzong|[from] ability: Levitate\n|move|p1a: Bronzong|Body Press|p2a: Lugia\n|-resisted|p2a: Lugia\n|-damage|p2a: Lugia|73/100\n|\n|-end|p2a: Lugia|move: Heal Block\n|upkeep\n|turn|26\n|inactive|Time left: 300 sec this turn | 300 sec total\n|\n|t:|1783561948\n|move|p2a: Lugia|Recover|p2a: Lugia\n|-heal|p2a: Lugia|100/100\n|move|p1a: Bronzong|Body Press|p2a: Lugia\n|-resisted|p2a: Lugia\n|-damage|p2a: Lugia|92/100\n|\n|upkeep\n|turn|27\n|inactive|Time left: 300 sec this turn | 300 sec total\n|\n|t:|1783561949\n|move|p2a: Lugia|Aeroblast|p1a: Bronzong\n|-resisted|p1a: Bronzong\n|-damage|p1a: Bronzong|72/261\n|move|p1a: Bronzong|Psychic Noise|p2a: Lugia\n|-resisted|p2a: Lugia\n|-damage|p2a: Lugia|90/100\n|-start|p2a: Lugia|move: Heal Block\n|\n|upkeep\n|turn|28\n|inactive|Time left: 300 sec this turn | 300 sec total\n|\n|t:|1783561950\n|move|p2a: Lugia|Earth Power|p1a: Bronzong\n|-immune|p1a: Bronzong|[from] ability: Levitate\n|move|p1a: Bronzong|Body Press|p2a: Lugia\n|-resisted|p2a: Lugia\n|-damage|p2a: Lugia|73/100\n|\n|-end|p2a: Lugia|move: Heal Block\n|upkeep\n|turn|29\n|inactive|Time left: 300 sec this turn | 300 sec total\n|\n|t:|1783561951\n|move|p2a: Lugia|Recover|p2a: Lugia\n|-heal|p2a: Lugia|100/100\n|move|p1a: Bronzong|Body Press|p2a: Lugia\n|-resisted|p2a: Lugia\n|-damage|p2a: Lugia|92/100\n|\n|upkeep\n|turn|30\n|inactive|Time left: 300 sec this turn | 300 sec total\n|\n|t:|1783561952\n|move|p2a: Lugia|Calm Mind|p2a: Lugia\n|-boost|p2a: Lugia|spa|0\n|-boost|p2a: Lugia|spd|0\n|move|p1a: Bronzong|Rest|p1a: Bronzong\n|-status|p1a: Bronzong|slp|[from] move: Rest\n|-heal|p1a: Bronzong|261/261 slp|[silent]\n|\n|upkeep\n|turn|31\n|inactive|Time left: 300 sec this turn | 300 sec total\n|\n|t:|1783561953\n|move|p2a: Lugia|Earth Power|p1a: Bronzong\n|-immune|p1a: Bronzong|[from] ability: Levitate\n|cant|p1a: Bronzong|slp\n|\n|upkeep\n|turn|32\n|inactive|Time left: 300 sec this turn | 300 sec total\n|\n|t:|1783561954\n|move|p2a: Lugia|Calm Mind|p2a: Lugia\n|-boost|p2a: Lugia|spa|0\n|-boost|p2a: Lugia|spd|0\n|cant|p1a: Bronzong|slp\n|\n|upkeep\n|turn|33\n|inactive|Time left: 300 sec this turn | 300 sec total\n|\n|t:|1783561955\n|move|p2a: Lugia|Recover|p2a: Lugia\n|-heal|p2a: Lugia|100/100\n|-curestatus|p1a: Bronzong|slp|[msg]\n|move|p1a: Bronzong|Body Press|p2a: Lugia\n|-resisted|p2a: Lugia\n|-damage|p2a: Lugia|93/100\n|\n|upkeep\n|turn|34\n|inactive|Time left: 300 sec this turn | 300 sec total\n|\n|t:|1783561956\n|move|p2a: Lugia|Earth Power|p1a: Bronzong\n|-immune|p1a: Bronzong|[from] ability: Levitate\n|move|p1a: Bronzong|Psychic Noise|p2a: Lugia\n|-resisted|p2a: Lugia\n|-damage|p2a: Lugia|91/100\n|-start|p2a: Lugia|move: Heal Block\n|\n|upkeep\n|turn|35\n|inactive|Time left: 300 sec this turn | 300 sec total\n|\n|t:|1783561957\n|move|p2a: Lugia|Earth Power|p1a: Bronzong\n|-immune|p1a: Bronzong|[from] ability: Levitate\n|move|p1a: Bronzong|Body Press|p2a: Lugia\n|-resisted|p2a: Lugia\n|-crit|p2a: Lugia\n|-damage|p2a: Lugia|66/100\n|\n|-end|p2a: Lugia|move: Heal Block\n|upkeep\n|turn|36\n|inactive|Time left: 300 sec this turn | 300 sec total\n|\n|t:|1783561959\n|move|p2a: Lugia|Recover|p2a: Lugia\n|-heal|p2a: Lugia|100/100\n|move|p1a: Bronzong|Body Press|p2a: Lugia\n|-resisted|p2a: Lugia\n|-damage|p2a: Lugia|93/100\n|\n|upkeep\n|turn|37\n|inactive|Time left: 300 sec this turn | 300 sec total\n|\n|t:|1783561960\n|move|p2a: Lugia|Calm Mind|p2a: Lugia\n|-boost|p2a: Lugia|spa|0\n|-boost|p2a: Lugia|spd|0\n|move|p1a: Bronzong|Body Press|p2a: Lugia\n|-resisted|p2a: Lugia\n|-damage|p2a: Lugia|76/100\n|\n|upkeep\n|turn|38\n|inactive|Time left: 300 sec this turn | 300 sec total\n|\n|t:|1783561961\n|move|p2a: Lugia|Recover|p2a: Lugia\n|-heal|p2a: Lugia|100/100\n|move|p1a: Bronzong|Body Press|p2a: Lugia\n|-resisted|p2a: Lugia\n|-damage|p2a: Lugia|93/100\n|\n|upkeep\n|turn|39\n|inactive|Time left: 300 sec this turn | 300 sec total\n|\n|t:|1783561962\n|move|p2a: Lugia|Earth Power|p1a: Bronzong\n|-immune|p1a: Bronzong|[from] ability: Levitate\n|move|p1a: Bronzong|Iron Defense|p1a: Bronzong\n|-boost|p1a: Bronzong|def|2\n|\n|upkeep\n|turn|40\n|inactive|Time left: 300 sec this turn | 300 sec total\n|\n|t:|1783561963\n|move|p2a: Lugia|Earth Power|p1a: Bronzong\n|-immune|p1a: Bronzong|[from] ability: Levitate\n|move|p1a: Bronzong|Psychic Noise|p2a: Lugia\n|-resisted|p2a: Lugia\n|-damage|p2a: Lugia|90/100\n|-start|p2a: Lugia|move: Heal Block\n|\n|upkeep\n|turn|41\n|inactive|Time left: 300 sec this turn | 300 sec total\n|\n|t:|1783561964\n|move|p2a: Lugia|Calm Mind|p2a: Lugia\n|-boost|p2a: Lugia|spa|0\n|-boost|p2a: Lugia|spd|0\n|move|p1a: Bronzong|Body Press|p2a: Lugia\n|-resisted|p2a: Lugia\n|-damage|p2a: Lugia|69/100\n|\n|-end|p2a: Lugia|move: Heal Block\n|upkeep\n|turn|42\n|inactive|Time left: 300 sec this turn | 300 sec total\n|\n|t:|1783561965\n|switch|p1a: Leavanny|Leavanny, L86, M|146/269\n|move|p2a: Lugia|Earth Power|p1a: Leavanny\n|-resisted|p1a: Leavanny\n|-crit|p1a: Leavanny\n|-damage|p1a: Leavanny|69/269\n|\n|upkeep\n|turn|43\n|inactive|Time left: 300 sec this turn | 300 sec total\n|\n|t:|1783561966\n|-terastallize|p2a: Lugia|Steel\n|move|p1a: Leavanny|Triple Axel|p2a: Lugia\n|-resisted|p2a: Lugia\n|-damage|p2a: Lugia|67/100\n|-resisted|p2a: Lugia\n|-damage|p2a: Lugia|62/100\n|-resisted|p2a: Lugia\n|-crit|p2a: Lugia\n|-damage|p2a: Lugia|51/100\n|-hitcount|p2a: Lugia|3\n|move|p2a: Lugia|Earth Power|p1a: Leavanny\n|-resisted|p1a: Leavanny\n|-damage|p1a: Leavanny|24/269\n|\n|upkeep\n|turn|44\n|inactive|Time left: 300 sec this turn | 300 sec total\n|\n|t:|1783561967\n|move|p1a: Leavanny|Knock Off|p2a: Lugia\n|-damage|p2a: Lugia|27/100\n|-enditem|p2a: Lugia|Heavy-Duty Boots|[from] move: Knock Off|[of] p1a: Leavanny\n|move|p2a: Lugia|Earth Power|p1a: Leavanny\n|-resisted|p1a: Leavanny\n|-damage|p1a: Leavanny|0 fnt\n|faint|p1a: Leavanny\n|\n|upkeep\n|inactive|Time left: 300 sec this turn | 300 sec total | 5 sec grace\n|\n|t:|1783561968\n|switch|p1a: Bronzong|Bronzong, L88|261/261\n|turn|45\n|inactive|Time left: 300 sec this turn | 300 sec total\n|\n|t:|1783561969\n|move|p2a: Lugia|Earth Power|p1a: Bronzong\n|-immune|p1a: Bronzong|[from] ability: Levitate\n|move|p1a: Bronzong|Iron Defense|p1a: Bronzong\n|-boost|p1a: Bronzong|def|2\n|\n|upkeep\n|turn|46\n|inactive|Time left: 300 sec this turn | 300 sec total\n|\n|t:|1783561970\n|move|p2a: Lugia|Earth Power|p1a: Bronzong\n|-immune|p1a: Bronzong|[from] ability: Levitate\n|move|p1a: Bronzong|Iron Defense|p1a: Bronzong\n|-boost|p1a: Bronzong|def|2\n|\n|upkeep\n|turn|47\n|inactive|Time left: 300 sec this turn | 300 sec total\n|\n|t:|1783561971\n|move|p2a: Lugia|Calm Mind|p2a: Lugia\n|-boost|p2a: Lugia|spa|0\n|-boost|p2a: Lugia|spd|0\n|move|p1a: Bronzong|Psychic Noise|p2a: Lugia\n|-resisted|p2a: Lugia\n|-damage|p2a: Lugia|24/100\n|-start|p2a: Lugia|move: Heal Block\n|\n|upkeep\n|turn|48\n|inactive|Time left: 300 sec this turn | 300 sec total\n|\n|t:|1783561972\n|move|p2a: Lugia|Calm Mind|p2a: Lugia\n|-boost|p2a: Lugia|spa|0\n|-boost|p2a: Lugia|spd|0\n|move|p1a: Bronzong|Psychic Noise|p2a: Lugia\n|-resisted|p2a: Lugia\n|-damage|p2a: Lugia|22/100\n|\n|-end|p2a: Lugia|move: Heal Block\n|upkeep\n|turn|49\n|inactive|Time left: 300 sec this turn | 300 sec total\n|\n|t:|1783561973\n|move|p2a: Lugia|Calm Mind|p2a: Lugia\n|-boost|p2a: Lugia|spa|0\n|-boost|p2a: Lugia|spd|0\n|move|p1a: Bronzong|Psychic Noise|p2a: Lugia\n|-resisted|p2a: Lugia\n|-damage|p2a: Lugia|19/100\n|-start|p2a: Lugia|move: Heal Block\n|\n|upkeep\n|turn|50\n|inactive|Time left: 300 sec this turn | 300 sec total\n|\n|t:|1783561974\n|move|p2a: Lugia|Earth Power|p1a: Bronzong\n|-immune|p1a: Bronzong|[from] ability: Levitate\n|move|p1a: Bronzong|Psychic Noise|p2a: Lugia\n|-resisted|p2a: Lugia\n|-damage|p2a: Lugia|17/100\n|\n|-end|p2a: Lugia|move: Heal Block\n|upkeep\n|turn|51\n|inactive|Time left: 300 sec this turn | 300 sec total\n|\n|t:|1783561976\n|move|p2a: Lugia|Calm Mind|p2a: Lugia\n|-boost|p2a: Lugia|spa|0\n|-boost|p2a: Lugia|spd|0\n|move|p1a: Bronzong|Psychic Noise|p2a: Lugia\n|-resisted|p2a: Lugia\n|-damage|p2a: Lugia|14/100\n|-start|p2a: Lugia|move: Heal Block\n|\n|upkeep\n|turn|52\n|inactive|Time left: 300 sec this turn | 300 sec total\n|\n|t:|1783561977\n|move|p2a: Lugia|Calm Mind|p2a: Lugia\n|-boost|p2a: Lugia|spa|0\n|-boost|p2a: Lugia|spd|0\n|move|p1a: Bronzong|Psychic Noise|p2a: Lugia\n|-resisted|p2a: Lugia\n|-damage|p2a: Lugia|12/100\n|\n|-end|p2a: Lugia|move: Heal Block\n|upkeep\n|turn|53\n|inactive|Time left: 300 sec this turn | 300 sec total\n|\n|t:|1783561978\n|move|p2a: Lugia|Calm Mind|p2a: Lugia\n|-boost|p2a: Lugia|spa|0\n|-boost|p2a: Lugia|spd|0\n|move|p1a: Bronzong|Psychic Noise|p2a: Lugia\n|-resisted|p2a: Lugia\n|-damage|p2a: Lugia|10/100\n|-start|p2a: Lugia|move: Heal Block\n|\n|upkeep\n|turn|54\n|inactive|Time left: 300 sec this turn | 300 sec total\n|\n|t:|1783561979\n|move|p2a: Lugia|Calm Mind|p2a: Lugia\n|-boost|p2a: Lugia|spa|0\n|-boost|p2a: Lugia|spd|0\n|move|p1a: Bronzong|Psychic Noise|p2a: Lugia\n|-resisted|p2a: Lugia\n|-damage|p2a: Lugia|7/100\n|\n|-end|p2a: Lugia|move: Heal Block\n|upkeep\n|turn|55\n|inactive|Time left: 300 sec this turn | 300 sec total\n|\n|t:|1783561980\n|move|p2a: Lugia|Calm Mind|p2a: Lugia\n|-boost|p2a: Lugia|spa|0\n|-boost|p2a: Lugia|spd|0\n|move|p1a: Bronzong|Psychic Noise|p2a: Lugia\n|-resisted|p2a: Lugia\n|-damage|p2a: Lugia|4/100\n|-start|p2a: Lugia|move: Heal Block\n|\n|upkeep\n|turn|56\n|inactive|Time left: 300 sec this turn | 300 sec total\n|\n|t:|1783561981\n|move|p2a: Lugia|Calm Mind|p2a: Lugia\n|-boost|p2a: Lugia|spa|0\n|-boost|p2a: Lugia|spd|0\n|move|p1a: Bronzong|Psychic Noise|p2a: Lugia\n|-resisted|p2a: Lugia\n|-damage|p2a: Lugia|2/100\n|\n|-end|p2a: Lugia|move: Heal Block\n|upkeep\n|turn|57\n|inactive|Time left: 300 sec this turn | 300 sec total\n|\n|t:|1783561982\n|move|p2a: Lugia|Earth Power|p1a: Bronzong\n|-immune|p1a: Bronzong|[from] ability: Levitate\n|move|p1a: Bronzong|Iron Defense|p1a: Bronzong\n|-boost|p1a: Bronzong|def|2\n|\n|upkeep\n|turn|58\n|inactive|Time left: 300 sec this turn | 300 sec total\n|\n|t:|1783561983\n|switch|p2a: Porygon-Z|Porygon-Z, L83|100/100\n|-activate|p2a: Porygon-Z|move: Sticky Web\n|-unboost|p2a: Porygon-Z|spe|1\n|move|p1a: Bronzong|Iron Defense|p1a: Bronzong\n|-boost|p1a: Bronzong|def|0\n|\n|upkeep\n|turn|59\n|inactive|Time left: 300 sec this turn | 300 sec total\n|\n|t:|1783561984\n|move|p2a: Porygon-Z|Nasty Plot|p2a: Porygon-Z\n|-boost|p2a: Porygon-Z|spa|2\n|move|p1a: Bronzong|Rest|p1a: Bronzong\n|-fail|p1a: Bronzong|heal\n|\n|upkeep\n|turn|60\n|inactive|Time left: 300 sec this turn | 300 sec total\n|\n|t:|1783561984\n|move|p2a: Porygon-Z|Shadow Ball|p1a: Bronzong\n|-supereffective|p1a: Bronzong\n|-damage|p1a: Bronzong|0 fnt\n|faint|p1a: Bronzong\n|-damage|p2a: Porygon-Z|91/100|[from] item: Life Orb\n|\n|upkeep\n|inactive|Time left: 300 sec this turn | 300 sec total | 5 sec grace\n|\n|t:|1783561985\n|switch|p1a: Palafin|Palafin, L77, M|281/281\n|turn|61\n|inactive|Time left: 300 sec this turn | 300 sec total\n|\n|t:|1783561986\n|move|p1a: Palafin|Ice Punch|p2a: Porygon-Z\n|-damage|p2a: Porygon-Z|75/100\n|move|p2a: Porygon-Z|Tera Blast|p1a: Palafin\n|-damage|p1a: Palafin|0 fnt\n|faint|p1a: Palafin\n|-damage|p2a: Porygon-Z|65/100|[from] item: Life Orb\n|\n|win|p0y1958e928", "uploadtime": 1783561986, "views": 0, "rating": 0, "private": 0, "password": null, "_winner": "p0y1958e928", "_our_name": "p0x19589563"}