{"id": "battle-gen9randombattle-205", "formatid": "gen9randombattle", "format": "[Gen 9] Random Battle", "players": ["p0x2052522", "p0y2055cca"], "log": "|init|battle\n|title|p0x2052522 vs. p0y2055cca\n|j|\u2606p0x2052522\n|j|\u2606p0y2055cca\n|t:|1783541928\n|gametype|singles\n|player|p1|p0x2052522|266|\n|player|p2|p0y2055cca|265|\n|gen|9\n|tier|[Gen 9] Random Battle\n|rule|Species Clause: Limit one of each Pok\u00e9mon\n|rule|HP Percentage Mod: HP is shown in percentages\n|rule|Sleep Clause Mod: Limit one foe put to sleep\n|rule|Illusion Level Mod: Illusion disguises the Pok\u00e9mon's true level\n|\n|t:|1783541928\n|teamsize|p1|6\n|teamsize|p2|6\n|start\n|switch|p1a: Venomoth|Venomoth, L84, F|255/255\n|switch|p2a: Sawsbuck|Sawsbuck-Summer, L88, M|100/100\n|turn|1\n|inactive|Battle timer is ON: inactive players will automatically lose when time's up. (requested by p0x2052522)\n|\n|t:|1783541930\n|move|p2a: Sawsbuck|Double-Edge|p1a: Venomoth\n|-damage|p1a: Venomoth|0 fnt\n|faint|p1a: Venomoth\n|-damage|p2a: Sawsbuck|71/100|[from] Recoil\n|-damage|p2a: Sawsbuck|61/100|[from] item: Life Orb\n|\n|upkeep\n|inactive|Time left: 300 sec this turn | 300 sec total | 65 sec grace\n|inactive|p0y2055cca also wants the timer to be on.\n|\n|t:|1783541931\n|switch|p1a: Mudsdale|Mudsdale, L83, M|302/302\n|turn|2\n|inactive|Time left: 300 sec this turn | 300 sec total\n|\n|t:|1783541932\n|-terastallize|p1a: Mudsdale|Steel\n|move|p2a: Sawsbuck|Horn Leech|p1a: Mudsdale\n|-resisted|p1a: Mudsdale\n|-damage|p1a: Mudsdale|245/302\n|-heal|p2a: Sawsbuck|71/100|[from] drain|[of] p1a: Mudsdale\n|-ability|p1a: Mudsdale|Stamina|boost\n|-boost|p1a: Mudsdale|def|1\n|-damage|p2a: Sawsbuck|61/100|[from] item: Life Orb\n|move|p1a: Mudsdale|Heavy Slam|p2a: Sawsbuck\n|-damage|p2a: Sawsbuck|2/100\n|\n|-heal|p1a: Mudsdale|263/302|[from] item: Leftovers\n|upkeep\n|turn|3\n|inactive|Time left: 300 sec this turn | 300 sec total\n|\n|t:|1783541933\n|move|p2a: Sawsbuck|High Horsepower|p1a: Mudsdale\n|-supereffective|p1a: Mudsdale\n|-damage|p1a: Mudsdale|141/302\n|-ability|p1a: Mudsdale|Stamina|boost\n|-boost|p1a: Mudsdale|def|1\n|-damage|p2a: Sawsbuck|0 fnt|[from] item: Life Orb\n|faint|p2a: Sawsbuck\n|move|p1a: Mudsdale|Stealth Rock|p2: Sawsbuck\n|-sidestart|p2: p0y2055cca|move: Stealth Rock\n|\n|-heal|p1a: Mudsdale|159/302|[from] item: Leftovers\n|upkeep\n|\n|t:|1783541934\n|switch|p2a: Dialga|Dialga-Origin, L73|100/100\n|-damage|p2a: Dialga|94/100|[from] Stealth Rock\n|-ability|p2a: Dialga|Pressure\n|turn|4\n|inactive|Time left: 300 sec this turn | 300 sec total\n|\n|t:|1783541935\n|move|p2a: Dialga|Fire Blast|p1a: Mudsdale\n|-supereffective|p1a: Mudsdale\n|-damage|p1a: Mudsdale|0 fnt\n|faint|p1a: Mudsdale\n|\n|upkeep\n|inactive|Time left: 300 sec this turn | 300 sec total | 5 sec grace\n|\n|t:|1783541936\n|switch|p1a: Mew|Mew, L82|298/298\n|turn|5\n|inactive|Time left: 300 sec this turn | 300 sec total\n|\n|t:|1783541937\n|move|p1a: Mew|Nasty Plot|p1a: Mew\n|-boost|p1a: Mew|spa|2\n|move|p2a: Dialga|Dragon Tail|p1a: Mew|[miss]\n|-miss|p2a: Dialga|p1a: Mew\n|\n|upkeep\n|turn|6\n|inactive|Time left: 300 sec this turn | 300 sec total\n|\n|t:|1783541938\n|move|p1a: Mew|Dark Pulse|p2a: Dialga\n|-damage|p2a: Dialga|45/100\n|-damage|p1a: Mew|269/298|[from] item: Life Orb\n|move|p2a: Dialga|Dragon Tail|p1a: Mew|[miss]\n|-miss|p2a: Dialga|p1a: Mew\n|\n|upkeep\n|turn|7\n|inactive|Time left: 300 sec this turn | 300 sec total\n|\n|t:|1783541940\n|move|p1a: Mew|Dark Pulse|p2a: Dialga\n|-damage|p2a: Dialga|1/100\n|-damage|p1a: Mew|240/298|[from] item: Life Orb\n|move|p2a: Dialga|Dragon Tail|p1a: Mew\n|-damage|p1a: Mew|186/298\n|drag|p1a: Regidrago|Regidrago, L77|435/435\n|\n|upkeep\n|turn|8\n|inactive|Time left: 300 sec this turn | 300 sec total\n|\n|t:|1783541942\n|switch|p1a: Lumineon|Lumineon, L93, M|279/279\n|move|p2a: Dialga|Draco Meteor|p1a: Lumineon\n|-damage|p1a: Lumineon|102/279\n|-unboost|p2a: Dialga|spa|2\n|\n|upkeep\n|turn|9\n|inactive|Time left: 300 sec this turn | 300 sec total\n|\n|t:|1783541943\n|switch|p2a: Kingdra|Kingdra, L84, M|100/100\n|-damage|p2a: Kingdra|88/100|[from] Stealth Rock\n|move|p1a: Lumineon|Ice Beam|p2a: Kingdra\n|-damage|p2a: Kingdra|67/100\n|\n|upkeep\n|turn|10\n|inactive|Time left: 300 sec this turn | 300 sec total\n|\n|t:|1783541944\n|move|p1a: Lumineon|Ice Beam|p2a: Kingdra\n|-damage|p2a: Kingdra|43/100\n|move|p2a: Kingdra|Dragon Dance|p2a: Kingdra\n|-boost|p2a: Kingdra|atk|1\n|-boost|p2a: Kingdra|spe|1\n|\n|upkeep\n|turn|11\n|inactive|Time left: 300 sec this turn | 300 sec total\n|\n|t:|1783541945\n|move|p2a: Kingdra|Outrage|p1a: Lumineon\n|-damage|p1a: Lumineon|0 fnt\n|faint|p1a: Lumineon\n|\n|upkeep\n|inactive|Time left: 300 sec this turn | 300 sec total | 5 sec grace\n|\n|t:|1783541945\n|switch|p1a: Mew|Mew, L82|186/298\n|turn|12\n|inactive|Time left: 300 sec this turn | 300 sec total\n|\n|t:|1783541946\n|move|p2a: Kingdra|Outrage|p1a: Mew|[from] lockedmove\n|-damage|p1a: Mew|23/298\n|-start|p2a: Kingdra|confusion|[fatigue]\n|-enditem|p2a: Kingdra|Lum Berry|[eat]\n|-end|p2a: Kingdra|confusion\n|move|p1a: Mew|Psychic|p2a: Kingdra\n|-damage|p2a: Kingdra|3/100\n|-damage|p1a: Mew|0 fnt|[from] item: Life Orb\n|faint|p1a: Mew\n|\n|upkeep\n|inactive|Time left: 300 sec this turn | 300 sec total | 5 sec grace\n|\n|t:|1783541947\n|switch|p1a: Appletun|Appletun, L92, F|352/352\n|turn|13\n|inactive|Time left: 300 sec this turn | 300 sec total\n|\n|t:|1783541948\n|move|p2a: Kingdra|Outrage|p1a: Appletun\n|-supereffective|p1a: Appletun\n|-damage|p1a: Appletun|0 fnt\n|faint|p1a: Appletun\n|\n|upkeep\n|inactive|Time left: 300 sec this turn | 300 sec total | 5 sec grace\n|\n|t:|1783541949\n|switch|p1a: Regidrago|Regidrago, L77|435/435\n|turn|14\n|inactive|Time left: 300 sec this turn | 300 sec total\n|\n|t:|1783541950\n|move|p2a: Kingdra|Outrage|p1a: Regidrago|[from] lockedmove\n|-supereffective|p1a: Regidrago\n|-damage|p1a: Regidrago|0 fnt\n|faint|p1a: Regidrago\n|-start|p2a: Kingdra|confusion|[fatigue]\n|\n|win|p0y2055cca", "uploadtime": 1783541950, "views": 0, "rating": 0, "private": 0, "password": null, "_winner": "p0y2055cca", "_our_name": "p0x2052522"}