{"id": "battle-gen9randombattle-2061", "formatid": "gen9randombattle", "format": "[Gen 9] Random Battle", "players": ["p0x20610a31", "p0y2061e5c3"], "log": "|init|battle\n|title|p0x20610a31 vs. p0y2061e5c3\n|j|\u2606p0x20610a31\n|j|\u2606p0y2061e5c3\n|t:|1783563091\n|gametype|singles\n|player|p1|p0x20610a31|170|\n|player|p2|p0y2061e5c3|266|\n|gen|9\n|tier|[Gen 9] Random Battle\n|rule|Species Clause: Limit one of each Pok\u00e9mon\n|rule|HP Percentage Mod: HP is shown in percentages\n|rule|Sleep Clause Mod: Limit one foe put to sleep\n|rule|Illusion Level Mod: Illusion disguises the Pok\u00e9mon's true level\n|\n|t:|1783563091\n|teamsize|p1|6\n|teamsize|p2|6\n|start\n|switch|p1a: Gholdengo|Gholdengo, L77|100/100\n|switch|p2a: Hitmonlee|Hitmonlee, L85, M|223/223\n|turn|1\n|inactive|Battle timer is ON: inactive players will automatically lose when time's up. (requested by p0x20610a31)\n|inactive|Time left: 300 sec this turn | 300 sec total | 60 sec grace\n|inactive|p0y2061e5c3 also wants the timer to be on.\n|\n|t:|1783563093\n|move|p2a: Hitmonlee|Knock Off|p1a: Gholdengo\n|-supereffective|p1a: Gholdengo\n|-damage|p1a: Gholdengo|2/100\n|-enditem|p1a: Gholdengo|Leftovers|[from] move: Knock Off|[of] p2a: Hitmonlee\n|move|p1a: Gholdengo|Nasty Plot|p1a: Gholdengo\n|-boost|p1a: Gholdengo|spa|2\n|\n|upkeep\n|turn|2\n|inactive|Time left: 300 sec this turn | 300 sec total\n|\n|t:|1783563094\n|move|p2a: Hitmonlee|Knock Off|p1a: Gholdengo\n|-supereffective|p1a: Gholdengo\n|-damage|p1a: Gholdengo|0 fnt\n|faint|p1a: Gholdengo\n|\n|upkeep\n|\n|t:|1783563094\n|switch|p1a: Espeon|Espeon, L84, M|100/100\n|turn|3\n|inactive|Time left: 300 sec this turn | 300 sec total\n|\n|t:|1783563096\n|switch|p2a: Malamar|Malamar, L82, F|275/275\n|move|p1a: Espeon|Psychic|p2a: Malamar\n|-immune|p2a: Malamar\n|\n|upkeep\n|turn|4\n|inactive|Time left: 300 sec this turn | 300 sec total\n|\n|t:|1783563097\n|move|p1a: Espeon|Alluring Voice|p2a: Malamar\n|-supereffective|p2a: Malamar\n|-damage|p2a: Malamar|72/275\n|-damage|p1a: Espeon|91/100|[from] item: Life Orb\n|move|p2a: Malamar|Knock Off|p1a: Espeon\n|-supereffective|p1a: Espeon\n|-damage|p1a: Espeon|0 fnt\n|-enditem|p1a: Espeon|Life Orb|[from] move: Knock Off|[of] p2a: Malamar\n|faint|p1a: Espeon\n|\n|-heal|p2a: Malamar|89/275|[from] item: Leftovers\n|upkeep\n|\n|t:|1783563097\n|switch|p1a: Hydrapple|Hydrapple, L83, M|100/100\n|turn|5\n|inactive|Time left: 300 sec this turn | 300 sec total\n|\n|t:|1783563099\n|switch|p2a: Typhlosion|Typhlosion, L84, M|267/267\n|move|p1a: Hydrapple|Fickle Beam|p2a: Typhlosion|[anim] Fickle Beam All Out\n|-activate|p1a: Hydrapple|move: Fickle Beam\n|-damage|p2a: Typhlosion|0 fnt\n|faint|p2a: Typhlosion\n|\n|upkeep\n|inactive|Time left: 300 sec this turn | 300 sec total | 5 sec grace\n|\n|t:|1783563099\n|switch|p2a: Hitmonlee|Hitmonlee, L85, M|223/223\n|turn|6\n|inactive|Time left: 300 sec this turn | 300 sec total\n|\n|t:|1783563100\n|move|p2a: Hitmonlee|High Jump Kick|p1a: Hydrapple\n|-damage|p1a: Hydrapple|11/100\n|move|p1a: Hydrapple|Fickle Beam|p2a: Hitmonlee|[anim] Fickle Beam All Out\n|-activate|p1a: Hydrapple|move: Fickle Beam\n|-damage|p2a: Hitmonlee|0 fnt\n|faint|p2a: Hitmonlee\n|\n|upkeep\n|inactive|Time left: 300 sec this turn | 300 sec total | 5 sec grace\n|\n|t:|1783563101\n|switch|p2a: Golurk|Golurk, L87|297/297\n|turn|7\n|inactive|Time left: 300 sec this turn | 300 sec total\n|\n|t:|1783563102\n|switch|p1a: Arceus|Arceus-Dark, L71|100/100\n|move|p2a: Golurk|Poltergeist|p1a: Arceus\n|-activate|p1a: Arceus|move: Poltergeist|Dread Plate\n|-resisted|p1a: Arceus\n|-damage|p1a: Arceus|67/100\n|-damage|p2a: Golurk|268/297|[from] item: Life Orb\n|\n|upkeep\n|turn|8\n|inactive|Time left: 300 sec this turn | 300 sec total\n|\n|t:|1783563103\n|move|p1a: Arceus|Judgment|p2a: Golurk\n|-supereffective|p2a: Golurk\n|-damage|p2a: Golurk|44/297\n|move|p2a: Golurk|Dynamic Punch|p1a: Arceus\n|-supereffective|p1a: Arceus\n|-damage|p1a: Arceus|0 fnt\n|faint|p1a: Arceus\n|-damage|p2a: Golurk|15/297|[from] item: Life Orb\n|\n|upkeep\n|\n|t:|1783563104\n|switch|p1a: Sylveon|Sylveon, L85, F|100/100\n|turn|9\n|inactive|Time left: 300 sec this turn | 300 sec total\n|\n|t:|1783563105\n|switch|p2a: Kommo-o|Kommo-o, L77, M|242/242\n|move|p1a: Sylveon|Hyper Voice|p2a: Kommo-o\n|-immune|p2a: Kommo-o|[from] ability: Soundproof\n|\n|upkeep\n|turn|10\n|inactive|Time left: 300 sec this turn | 300 sec total\n|\n|t:|1783563106\n|move|p2a: Kommo-o|Swords Dance|p2a: Kommo-o\n|-boost|p2a: Kommo-o|atk|2\n|move|p1a: Sylveon|Calm Mind|p1a: Sylveon\n|-boost|p1a: Sylveon|spa|1\n|-boost|p1a: Sylveon|spd|1\n|\n|upkeep\n|turn|11\n|inactive|Time left: 300 sec this turn | 300 sec total\n|\n|t:|1783563107\n|move|p1a: Sylveon|Protect|p1a: Sylveon\n|-singleturn|p1a: Sylveon|Protect\n|move|p2a: Kommo-o|Iron Head|p1a: Sylveon\n|-activate|p1a: Sylveon|move: Protect\n|\n|upkeep\n|turn|12\n|inactive|Time left: 300 sec this turn | 300 sec total\n|\n|t:|1783563108\n|move|p2a: Kommo-o|Iron Head|p1a: Sylveon\n|-supereffective|p1a: Sylveon\n|-damage|p1a: Sylveon|12/100\n|move|p1a: Sylveon|Calm Mind|p1a: Sylveon\n|-boost|p1a: Sylveon|spa|1\n|-boost|p1a: Sylveon|spd|1\n|\n|-heal|p1a: Sylveon|18/100|[from] item: Leftovers\n|upkeep\n|turn|13\n|inactive|Time left: 300 sec this turn | 300 sec total\n|\n|t:|1783563109\n|move|p1a: Sylveon|Protect|p1a: Sylveon\n|-singleturn|p1a: Sylveon|Protect\n|move|p2a: Kommo-o|Iron Head|p1a: Sylveon\n|-activate|p1a: Sylveon|move: Protect\n|\n|-heal|p1a: Sylveon|24/100|[from] item: Leftovers\n|upkeep\n|turn|14\n|inactive|Time left: 300 sec this turn | 300 sec total\n|\n|t:|1783563110\n|move|p1a: Sylveon|Protect|p1a: Sylveon\n|-singleturn|p1a: Sylveon|Protect\n|move|p2a: Kommo-o|Iron Head|p1a: Sylveon\n|-activate|p1a: Sylveon|move: Protect\n|\n|-heal|p1a: Sylveon|30/100|[from] item: Leftovers\n|upkeep\n|turn|15\n|inactive|Time left: 300 sec this turn | 300 sec total\n|\n|t:|1783563111\n|move|p1a: Sylveon|Protect||[still]\n|-fail|p1a: Sylveon\n|move|p2a: Kommo-o|Iron Head|p1a: Sylveon\n|-supereffective|p1a: Sylveon\n|-damage|p1a: Sylveon|0 fnt\n|faint|p1a: Sylveon\n|\n|upkeep\n|\n|t:|1783563111\n|switch|p1a: Porygon-Z|Porygon-Z, L83|100/100\n|turn|16\n|inactive|Time left: 300 sec this turn | 300 sec total\n|\n|t:|1783563112\n|switch|p1a: Hydrapple|Hydrapple, L83, M|44/100\n|move|p2a: Kommo-o|Close Combat|p1a: Hydrapple\n|-damage|p1a: Hydrapple|0 fnt\n|-unboost|p2a: Kommo-o|def|1\n|-unboost|p2a: Kommo-o|spd|1\n|faint|p1a: Hydrapple\n|\n|upkeep\n|\n|t:|1783563113\n|switch|p1a: Porygon-Z|Porygon-Z, L83|100/100\n|turn|17\n|inactive|Time left: 300 sec this turn | 300 sec total\n|\n|t:|1783563114\n|-terastallize|p1a: Porygon-Z|Fighting\n|-terastallize|p2a: Kommo-o|Steel\n|move|p1a: Porygon-Z|Tera Blast|p2a: Kommo-o|[anim] Tera Blast Fighting\n|-supereffective|p2a: Kommo-o\n|-damage|p2a: Kommo-o|0 fnt\n|faint|p2a: Kommo-o\n|-damage|p1a: Porygon-Z|91/100|[from] item: Life Orb\n|\n|upkeep\n|inactive|Time left: 300 sec this turn | 300 sec total | 5 sec grace\n|\n|t:|1783563115\n|switch|p2a: Leavanny|Leavanny, L86, M|269/269\n|turn|18\n|inactive|Time left: 300 sec this turn | 300 sec total\n|\n|t:|1783563116\n|move|p2a: Leavanny|Leaf Blade|p1a: Porygon-Z\n|-damage|p1a: Porygon-Z|49/100\n|move|p1a: Porygon-Z|Agility|p1a: Porygon-Z\n|-boost|p1a: Porygon-Z|spe|2\n|\n|upkeep\n|turn|19\n|inactive|Time left: 300 sec this turn | 300 sec total\n|\n|t:|1783563117\n|move|p1a: Porygon-Z|Nasty Plot|p1a: Porygon-Z\n|-boost|p1a: Porygon-Z|spa|2\n|move|p2a: Leavanny|Leaf Blade|p1a: Porygon-Z\n|-damage|p1a: Porygon-Z|7/100\n|\n|upkeep\n|turn|20\n|inactive|Time left: 300 sec this turn | 300 sec total\n|\n|t:|1783563118\n|move|p1a: Porygon-Z|Nasty Plot|p1a: Porygon-Z\n|-boost|p1a: Porygon-Z|spa|2\n|move|p2a: Leavanny|Knock Off|p1a: Porygon-Z\n|-resisted|p1a: Porygon-Z\n|-damage|p1a: Porygon-Z|0 fnt\n|-enditem|p1a: Porygon-Z|Life Orb|[from] move: Knock Off|[of] p2a: Leavanny\n|faint|p1a: Porygon-Z\n|\n|win|p0y2061e5c3", "uploadtime": 1783563118, "views": 0, "rating": 0, "private": 0, "password": null, "_winner": "p0y2061e5c3", "_our_name": "p0y2061e5c3"}