{"id": "battle-gen9randombattle-1679", "formatid": "gen9randombattle", "format": "[Gen 9] Random Battle", "players": ["p0x1679924e", "p0y16797e93"], "log": "|init|battle\n|title|p0x1679924e vs. p0y16797e93\n|j|\u2606p0x1679924e\n|j|\u2606p0y16797e93\n|t:|1783559466\n|gametype|singles\n|player|p1|p0x1679924e|102|\n|player|p2|p0y16797e93|2|\n|gen|9\n|tier|[Gen 9] Random Battle\n|rule|Species Clause: Limit one of each Pok\u00e9mon\n|rule|HP Percentage Mod: HP is shown in percentages\n|rule|Sleep Clause Mod: Limit one foe put to sleep\n|rule|Illusion Level Mod: Illusion disguises the Pok\u00e9mon's true level\n|\n|t:|1783559466\n|teamsize|p1|6\n|teamsize|p2|6\n|start\n|switch|p1a: Ho-Oh|Ho-Oh, L71|268/268\n|switch|p2a: Ursaluna|Ursaluna-Bloodmoon, L79, M|100/100\n|turn|1\n|inactive|Battle timer is ON: inactive players will automatically lose when time's up. (requested by p0x1679924e)\n|inactive|p0y16797e93 also wants the timer to be on.\n|\n|t:|1783559468\n|move|p1a: Ho-Oh|Sacred Fire|p2a: Ursaluna\n|-damage|p2a: Ursaluna|76/100\n|move|p2a: Ursaluna|Blood Moon|p1a: Ho-Oh\n|-damage|p1a: Ho-Oh|132/268\n|\n|-heal|p2a: Ursaluna|82/100|[from] item: Leftovers\n|upkeep\n|turn|2\n|inactive|Time left: 300 sec this turn | 300 sec total\n|\n|t:|1783559469\n|move|p1a: Ho-Oh|Recover|p1a: Ho-Oh\n|-heal|p1a: Ho-Oh|266/268\n|move|p2a: Ursaluna|Calm Mind|p2a: Ursaluna\n|-boost|p2a: Ursaluna|spa|1\n|-boost|p2a: Ursaluna|spd|1\n|\n|-heal|p2a: Ursaluna|88/100|[from] item: Leftovers\n|upkeep\n|turn|3\n|inactive|Time left: 300 sec this turn | 300 sec total\n|\n|t:|1783559470\n|move|p1a: Ho-Oh|Sacred Fire|p2a: Ursaluna\n|-damage|p2a: Ursaluna|60/100\n|move|p2a: Ursaluna|Blood Moon|p1a: Ho-Oh\n|-damage|p1a: Ho-Oh|76/268\n|\n|-heal|p2a: Ursaluna|66/100|[from] item: Leftovers\n|upkeep\n|turn|4\n|inactive|Time left: 300 sec this turn | 300 sec total\n|\n|t:|1783559471\n|move|p1a: Ho-Oh|Sacred Fire|p2a: Ursaluna\n|-damage|p2a: Ursaluna|41/100\n|move|p2a: Ursaluna|Calm Mind|p2a: Ursaluna\n|-boost|p2a: Ursaluna|spa|1\n|-boost|p2a: Ursaluna|spd|1\n|\n|-heal|p2a: Ursaluna|47/100|[from] item: Leftovers\n|upkeep\n|turn|5\n|inactive|Time left: 300 sec this turn | 300 sec total\n|\n|t:|1783559472\n|move|p1a: Ho-Oh|Brave Bird|p2a: Ursaluna\n|-damage|p2a: Ursaluna|14/100\n|-damage|p1a: Ho-Oh|42/268|[from] Recoil\n|move|p2a: Ursaluna|Moonlight|p2a: Ursaluna\n|-heal|p2a: Ursaluna|64/100\n|\n|-heal|p2a: Ursaluna|70/100|[from] item: Leftovers\n|upkeep\n|turn|6\n|inactive|Time left: 300 sec this turn | 300 sec total\n|\n|t:|1783559473\n|move|p1a: Ho-Oh|Sacred Fire|p2a: Ursaluna\n|-damage|p2a: Ursaluna|44/100\n|-status|p2a: Ursaluna|brn\n|move|p2a: Ursaluna|Blood Moon|p1a: Ho-Oh\n|-damage|p1a: Ho-Oh|0 fnt\n|faint|p1a: Ho-Oh\n|\n|-heal|p2a: Ursaluna|50/100 brn|[from] item: Leftovers\n|-damage|p2a: Ursaluna|44/100 brn|[from] brn\n|upkeep\n|inactive|Time left: 300 sec this turn | 300 sec total | 5 sec grace\n|\n|t:|1783559474\n|switch|p1a: Smeargle|Smeargle, L95, F|258/258\n|turn|7\n|inactive|Time left: 300 sec this turn | 300 sec total\n|\n|t:|1783559474\n|-terastallize|p1a: Smeargle|Ghost\n|move|p1a: Smeargle|Shell Smash|p1a: Smeargle\n|-unboost|p1a: Smeargle|def|1\n|-unboost|p1a: Smeargle|spd|1\n|-boost|p1a: Smeargle|atk|2\n|-boost|p1a: Smeargle|spa|2\n|-boost|p1a: Smeargle|spe|2\n|move|p2a: Ursaluna|Earth Power|p1a: Smeargle\n|-damage|p1a: Smeargle|0 fnt\n|faint|p1a: Smeargle\n|\n|-heal|p2a: Ursaluna|50/100 brn|[from] item: Leftovers\n|-damage|p2a: Ursaluna|44/100 brn|[from] brn\n|upkeep\n|inactive|Time left: 300 sec this turn | 300 sec total | 5 sec grace\n|\n|t:|1783559475\n|switch|p1a: Azelf|Azelf, L82|257/257\n|turn|8\n|inactive|Time left: 300 sec this turn | 300 sec total\n|\n|t:|1783559476\n|move|p1a: Azelf|Encore|p2a: Ursaluna\n|-start|p2a: Ursaluna|Encore\n|move|p2a: Ursaluna|Earth Power|p1a: Azelf\n|-immune|p1a: Azelf|[from] ability: Levitate\n|\n|-heal|p2a: Ursaluna|50/100 brn|[from] item: Leftovers\n|-damage|p2a: Ursaluna|44/100 brn|[from] brn\n|upkeep\n|turn|9\n|inactive|Time left: 300 sec this turn | 300 sec total\n|\n|t:|1783559477\n|move|p1a: Azelf|Psychic|p2a: Ursaluna\n|-damage|p2a: Ursaluna|15/100 brn\n|-damage|p1a: Azelf|232/257|[from] item: Life Orb\n|move|p2a: Ursaluna|Earth Power|p1a: Azelf\n|-immune|p1a: Azelf|[from] ability: Levitate\n|\n|-heal|p2a: Ursaluna|21/100 brn|[from] item: Leftovers\n|-damage|p2a: Ursaluna|15/100 brn|[from] brn\n|upkeep\n|turn|10\n|inactive|Time left: 300 sec this turn | 300 sec total\n|\n|t:|1783559478\n|switch|p2a: Milotic|Milotic, L83, F|100/100\n|move|p1a: Azelf|Psychic|p2a: Milotic\n|-damage|p2a: Milotic|66/100\n|-damage|p1a: Azelf|207/257|[from] item: Life Orb\n|\n|-heal|p2a: Milotic|72/100|[from] item: Leftovers\n|upkeep\n|turn|11\n|inactive|Time left: 300 sec this turn | 300 sec total\n|\n|t:|1783559479\n|move|p1a: Azelf|Knock Off|p2a: Milotic\n|-damage|p2a: Milotic|33/100\n|-enditem|p2a: Milotic|Leftovers|[from] move: Knock Off|[of] p1a: Azelf\n|-damage|p1a: Azelf|182/257|[from] item: Life Orb\n|move|p2a: Milotic|Scald|p1a: Azelf\n|-damage|p1a: Azelf|85/257\n|\n|upkeep\n|turn|12\n|inactive|Time left: 300 sec this turn | 300 sec total\n|\n|t:|1783559480\n|-terastallize|p2a: Milotic|Steel\n|move|p1a: Azelf|Psychic|p2a: Milotic\n|-resisted|p2a: Milotic\n|-damage|p2a: Milotic|13/100\n|-damage|p1a: Azelf|60/257|[from] item: Life Orb\n|move|p2a: Milotic|Recover|p2a: Milotic\n|-heal|p2a: Milotic|63/100\n|\n|upkeep\n|turn|13\n|inactive|Time left: 300 sec this turn | 300 sec total\n|\n|t:|1783559481\n|move|p1a: Azelf|Fire Blast|p2a: Milotic\n|-supereffective|p2a: Milotic\n|-damage|p2a: Milotic|4/100\n|-damage|p1a: Azelf|35/257|[from] item: Life Orb\n|move|p2a: Milotic|Scald|p1a: Azelf\n|-crit|p1a: Azelf\n|-damage|p1a: Azelf|0 fnt\n|faint|p1a: Azelf\n|\n|upkeep\n|inactive|Time left: 300 sec this turn | 300 sec total | 5 sec grace\n|\n|t:|1783559482\n|switch|p1a: Solgaleo|Solgaleo, L74|325/325\n|turn|14\n|inactive|Time left: 300 sec this turn | 300 sec total\n|\n|t:|1783559483\n|switch|p2a: Charizard|Charizard, L85, M|100/100\n|move|p1a: Solgaleo|Knock Off|p2a: Charizard\n|-damage|p2a: Charizard|75/100\n|-enditem|p2a: Charizard|Heavy-Duty Boots|[from] move: Knock Off|[of] p1a: Solgaleo\n|\n|upkeep\n|turn|15\n|inactive|Time left: 300 sec this turn | 300 sec total\n|\n|t:|1783559484\n|move|p2a: Charizard|Flamethrower|p1a: Solgaleo\n|-supereffective|p1a: Solgaleo\n|-damage|p1a: Solgaleo|77/325\n|move|p1a: Solgaleo|Knock Off|p2a: Charizard\n|-damage|p2a: Charizard|56/100\n|\n|upkeep\n|turn|16\n|inactive|Time left: 300 sec this turn | 300 sec total\n|\n|t:|1783559485\n|switch|p1a: Spiritomb|Spiritomb, L89, F|234/234\n|move|p2a: Charizard|Earthquake|p1a: Spiritomb\n|-damage|p1a: Spiritomb|179/234\n|\n|-heal|p1a: Spiritomb|193/234|[from] item: Leftovers\n|upkeep\n|turn|17\n|inactive|Time left: 300 sec this turn | 300 sec total\n|\n|t:|1783559486\n|move|p2a: Charizard|Will-O-Wisp|p1a: Spiritomb\n|-status|p1a: Spiritomb|brn\n|move|p1a: Spiritomb|Foul Play|p2a: Charizard\n|-damage|p2a: Charizard|37/100\n|\n|-heal|p1a: Spiritomb|207/234 brn|[from] item: Leftovers\n|-damage|p1a: Spiritomb|193/234 brn|[from] brn\n|upkeep\n|turn|18\n|inactive|Time left: 300 sec this turn | 300 sec total\n|\n|t:|1783559487\n|move|p2a: Charizard|Flamethrower|p1a: Spiritomb\n|-damage|p1a: Spiritomb|103/234 brn\n|move|p1a: Spiritomb|Foul Play|p2a: Charizard\n|-crit|p2a: Charizard\n|-damage|p2a: Charizard|10/100\n|\n|-heal|p1a: Spiritomb|117/234 brn|[from] item: Leftovers\n|-damage|p1a: Spiritomb|103/234 brn|[from] brn\n|upkeep\n|turn|19\n|inactive|Time left: 300 sec this turn | 300 sec total\n|\n|t:|1783559488\n|move|p1a: Spiritomb|Sucker Punch|p2a: Charizard\n|-damage|p2a: Charizard|0 fnt\n|faint|p2a: Charizard\n|\n|-heal|p1a: Spiritomb|117/234 brn|[from] item: Leftovers\n|-damage|p1a: Spiritomb|103/234 brn|[from] brn\n|upkeep\n|\n|t:|1783559489\n|switch|p2a: Ursaluna|Ursaluna-Bloodmoon, L79, M|15/100 brn\n|turn|20\n|inactive|Time left: 300 sec this turn | 300 sec total\n|\n|t:|1783559490\n|switch|p1a: Magearna|Magearna, L77|250/250\n|move|p2a: Ursaluna|Moonlight|p2a: Ursaluna\n|-heal|p2a: Ursaluna|65/100 brn\n|\n|-heal|p2a: Ursaluna|71/100 brn|[from] item: Leftovers\n|-damage|p2a: Ursaluna|65/100 brn|[from] brn\n|upkeep\n|turn|21\n|inactive|Time left: 300 sec this turn | 300 sec total\n|\n|t:|1783559491\n|move|p1a: Magearna|Fleur Cannon|p2a: Ursaluna\n|-damage|p2a: Ursaluna|8/100 brn\n|-unboost|p1a: Magearna|spa|2\n|move|p2a: Ursaluna|Moonlight|p2a: Ursaluna\n|-heal|p2a: Ursaluna|58/100 brn\n|\n|-heal|p2a: Ursaluna|64/100 brn|[from] item: Leftovers\n|-damage|p2a: Ursaluna|58/100 brn|[from] brn\n|upkeep\n|turn|22\n|inactive|Time left: 300 sec this turn | 300 sec total\n|\n|t:|1783559492\n|switch|p1a: Spiritomb|Spiritomb, L89, F|103/234 brn\n|move|p2a: Ursaluna|Calm Mind|p2a: Ursaluna\n|-boost|p2a: Ursaluna|spa|1\n|-boost|p2a: Ursaluna|spd|1\n|\n|-heal|p2a: Ursaluna|64/100 brn|[from] item: Leftovers\n|-heal|p1a: Spiritomb|117/234 brn|[from] item: Leftovers\n|-damage|p2a: Ursaluna|58/100 brn|[from] brn\n|-damage|p1a: Spiritomb|103/234 brn|[from] brn\n|upkeep\n|turn|23\n|inactive|Time left: 300 sec this turn | 300 sec total\n|\n|t:|1783559493\n|move|p2a: Ursaluna|Calm Mind|p2a: Ursaluna\n|-boost|p2a: Ursaluna|spa|1\n|-boost|p2a: Ursaluna|spd|1\n|move|p1a: Spiritomb|Pain Split|p2a: Ursaluna\n|-sethp|p2a: Ursaluna|46/100 brn|[from] move: Pain Split|[silent]\n|-sethp|p1a: Spiritomb|139/234 brn|[from] move: Pain Split\n|\n|-heal|p2a: Ursaluna|52/100 brn|[from] item: Leftovers\n|-heal|p1a: Spiritomb|153/234 brn|[from] item: Leftovers\n|-damage|p2a: Ursaluna|46/100 brn|[from] brn\n|-damage|p1a: Spiritomb|139/234 brn|[from] brn\n|upkeep\n|turn|24\n|inactive|Time left: 300 sec this turn | 300 sec total\n|\n|t:|1783559494\n|move|p2a: Ursaluna|Moonlight|p2a: Ursaluna\n|-heal|p2a: Ursaluna|96/100 brn\n|move|p1a: Spiritomb|Pain Split|p2a: Ursaluna\n|-sethp|p2a: Ursaluna|71/100 brn|[from] move: Pain Split|[silent]\n|-sethp|p1a: Spiritomb|216/234 brn|[from] move: Pain Split\n|\n|-heal|p2a: Ursaluna|77/100 brn|[from] item: Leftovers\n|-heal|p1a: Spiritomb|230/234 brn|[from] item: Leftovers\n|-damage|p2a: Ursaluna|71/100 brn|[from] brn\n|-damage|p1a: Spiritomb|216/234 brn|[from] brn\n|upkeep\n|turn|25\n|inactive|Time left: 300 sec this turn | 300 sec total\n|\n|t:|1783559495\n|move|p1a: Spiritomb|Sucker Punch|p2a: Ursaluna\n|-damage|p2a: Ursaluna|60/100 brn\n|move|p2a: Ursaluna|Blood Moon|p1a: Spiritomb\n|-damage|p1a: Spiritomb|0 fnt\n|faint|p1a: Spiritomb\n|\n|-heal|p2a: Ursaluna|66/100 brn|[from] item: Leftovers\n|-damage|p2a: Ursaluna|60/100 brn|[from] brn\n|upkeep\n|inactive|Time left: 300 sec this turn | 300 sec total | 5 sec grace\n|\n|t:|1783559496\n|switch|p1a: Solgaleo|Solgaleo, L74|77/325\n|turn|26\n|inactive|Time left: 300 sec this turn | 300 sec total\n|\n|t:|1783559497\n|move|p1a: Solgaleo|Sunsteel Strike|p2a: Ursaluna\n|-damage|p2a: Ursaluna|32/100 brn\n|move|p2a: Ursaluna|Moonlight|p2a: Ursaluna\n|-heal|p2a: Ursaluna|82/100 brn\n|\n|-heal|p2a: Ursaluna|88/100 brn|[from] item: Leftovers\n|-damage|p2a: Ursaluna|82/100 brn|[from] brn\n|upkeep\n|turn|27\n|inactive|Time left: 300 sec this turn | 300 sec total\n|\n|t:|1783559498\n|move|p1a: Solgaleo|Sunsteel Strike|p2a: Ursaluna\n|-damage|p2a: Ursaluna|53/100 brn\n|move|p2a: Ursaluna|Earth Power|p1a: Solgaleo\n|-supereffective|p1a: Solgaleo\n|-damage|p1a: Solgaleo|0 fnt\n|faint|p1a: Solgaleo\n|\n|-heal|p2a: Ursaluna|59/100 brn|[from] item: Leftovers\n|-damage|p2a: Ursaluna|53/100 brn|[from] brn\n|upkeep\n|inactive|Time left: 300 sec this turn | 300 sec total | 5 sec grace\n|\n|t:|1783559499\n|switch|p1a: Magearna|Magearna, L77|250/250\n|turn|28\n|inactive|Time left: 300 sec this turn | 300 sec total\n|\n|t:|1783559500\n|move|p1a: Magearna|Aura Sphere|p2a: Ursaluna\n|-supereffective|p2a: Ursaluna\n|-damage|p2a: Ursaluna|26/100 brn\n|move|p2a: Ursaluna|Earth Power|p1a: Magearna\n|-supereffective|p1a: Magearna\n|-damage|p1a: Magearna|0 fnt\n|faint|p1a: Magearna\n|\n|win|p0y16797e93", "uploadtime": 1783559500, "views": 0, "rating": 0, "private": 0, "password": null, "_winner": "p0y16797e93", "_our_name": "p0x1679924e"}