{"id": "battle-gen9randombattle-1285", "formatid": "gen9randombattle", "format": "[Gen 9] Random Battle", "players": ["p0x128558ff", "p0y1285bb34"], "log": "|init|battle\n|title|p0x128558ff vs. p0y1285bb34\n|j|\u2606p0x128558ff\n|j|\u2606p0y1285bb34\n|t:|1783554040\n|gametype|singles\n|player|p1|p0x128558ff|170|\n|player|p2|p0y1285bb34|2|\n|gen|9\n|tier|[Gen 9] Random Battle\n|rule|Species Clause: Limit one of each Pok\u00e9mon\n|rule|HP Percentage Mod: HP is shown in percentages\n|rule|Sleep Clause Mod: Limit one foe put to sleep\n|rule|Illusion Level Mod: Illusion disguises the Pok\u00e9mon's true level\n|\n|t:|1783554040\n|teamsize|p1|6\n|teamsize|p2|6\n|start\n|switch|p1a: Victreebel|Victreebel, L90, F|100/100\n|switch|p2a: Cloyster|Cloyster, L80, F|211/211\n|turn|1\n|inactive|Battle timer is ON: inactive players will automatically lose when time's up. (requested by p0y1285bb34)\n|\n|t:|1783554042\n|switch|p2a: Grafaiai|Grafaiai, L86, F|249/249\n|move|p1a: Victreebel|Power Whip|p2a: Grafaiai\n|-resisted|p2a: Grafaiai\n|-damage|p2a: Grafaiai|128/249\n|-damage|p1a: Victreebel|90/100|[from] item: Life Orb\n|\n|upkeep\n|turn|2\n|inactive|Time left: 300 sec this turn | 300 sec total\n|inactive|p0x128558ff also wants the timer to be on.\n|\n|t:|1783554043\n|move|p2a: Grafaiai|Gunk Shot|p1a: Victreebel\n|-damage|p1a: Victreebel|36/100\n|move|p1a: Victreebel|Power Whip|p2a: Grafaiai\n|-resisted|p2a: Grafaiai\n|-damage|p2a: Grafaiai|1/249\n|-damage|p1a: Victreebel|26/100|[from] item: Life Orb\n|\n|upkeep\n|turn|3\n|inactive|Time left: 300 sec this turn | 300 sec total\n|\n|t:|1783554044\n|switch|p1a: Spidops|Spidops, L96, M|100/100\n|move|p2a: Grafaiai|Knock Off|p1a: Spidops\n|-damage|p1a: Spidops|77/100\n|-enditem|p1a: Spidops|Heavy-Duty Boots|[from] move: Knock Off|[of] p2a: Grafaiai\n|\n|upkeep\n|turn|4\n|inactive|Time left: 300 sec this turn | 300 sec total\n|\n|t:|1783554045\n|move|p2a: Grafaiai|Super Fang|p1a: Spidops\n|-damage|p1a: Spidops|39/100\n|move|p1a: Spidops|Sticky Web|p2a: Grafaiai\n|-sidestart|p2: p0y1285bb34|move: Sticky Web\n|\n|upkeep\n|turn|5\n|inactive|Time left: 300 sec this turn | 300 sec total\n|\n|t:|1783554046\n|move|p2a: Grafaiai|Gunk Shot|p1a: Spidops|[miss]\n|-miss|p2a: Grafaiai|p1a: Spidops\n|move|p1a: Spidops|Knock Off|p2a: Grafaiai\n|-damage|p2a: Grafaiai|0 fnt\n|-enditem|p2a: Grafaiai|Assault Vest|[from] move: Knock Off|[of] p1a: Spidops\n|faint|p2a: Grafaiai\n|\n|upkeep\n|inactive|Time left: 300 sec this turn | 300 sec total | 5 sec grace\n|\n|t:|1783554047\n|switch|p2a: Cloyster|Cloyster, L80, F|211/211\n|-activate|p2a: Cloyster|move: Sticky Web\n|-unboost|p2a: Cloyster|spe|1\n|-enditem|p2a: Cloyster|White Herb\n|-clearnegativeboost|p2a: Cloyster|[silent]\n|turn|6\n|inactive|Time left: 300 sec this turn | 300 sec total\n|\n|t:|1783554048\n|switch|p1a: Stantler|Stantler, L92, F|100/100\n|-ability|p1a: Stantler|Intimidate|boost\n|-unboost|p2a: Cloyster|atk|1\n|move|p2a: Cloyster|Icicle Spear|p1a: Stantler\n|-crit|p1a: Stantler\n|-damage|p1a: Stantler|90/100\n|-damage|p1a: Stantler|84/100\n|-damage|p1a: Stantler|80/100\n|-damage|p1a: Stantler|74/100\n|-damage|p1a: Stantler|70/100\n|-hitcount|p1a: Stantler|5\n|\n|upkeep\n|turn|7\n|inactive|Time left: 300 sec this turn | 300 sec total\n|\n|t:|1783554049\n|move|p1a: Stantler|Tera Blast|p2a: Cloyster\n|-damage|p2a: Cloyster|60/211\n|move|p2a: Cloyster|Shell Smash|p2a: Cloyster\n|-unboost|p2a: Cloyster|def|1\n|-unboost|p2a: Cloyster|spd|1\n|-boost|p2a: Cloyster|atk|2\n|-boost|p2a: Cloyster|spa|2\n|-boost|p2a: Cloyster|spe|2\n|\n|upkeep\n|turn|8\n|inactive|Time left: 300 sec this turn | 300 sec total\n|\n|t:|1783554050\n|switch|p1a: Azumarill|Azumarill, L82, F|100/100\n|move|p2a: Cloyster|Hydro Pump|p1a: Azumarill|[miss]\n|-miss|p2a: Cloyster|p1a: Azumarill\n|\n|upkeep\n|turn|9\n|inactive|Time left: 300 sec this turn | 300 sec total\n|\n|t:|1783554051\n|move|p2a: Cloyster|Icicle Spear|p1a: Azumarill\n|-resisted|p1a: Azumarill\n|-crit|p1a: Azumarill\n|-damage|p1a: Azumarill|89/100\n|-resisted|p1a: Azumarill\n|-damage|p1a: Azumarill|82/100\n|-resisted|p1a: Azumarill\n|-damage|p1a: Azumarill|76/100\n|-resisted|p1a: Azumarill\n|-damage|p1a: Azumarill|69/100\n|-resisted|p1a: Azumarill\n|-damage|p1a: Azumarill|62/100\n|-hitcount|p1a: Azumarill|5\n|move|p1a: Azumarill|Liquidation|p2a: Cloyster\n|-resisted|p2a: Cloyster\n|-damage|p2a: Cloyster|0 fnt\n|faint|p2a: Cloyster\n|\n|upkeep\n|inactive|Time left: 300 sec this turn | 300 sec total | 5 sec grace\n|\n|t:|1783554052\n|switch|p2a: Mismagius|Mismagius, L86, F|243/243\n|turn|10\n|inactive|Time left: 300 sec this turn | 300 sec total\n|\n|t:|1783554053\n|move|p2a: Mismagius|Thunderbolt|p1a: Azumarill\n|-supereffective|p1a: Azumarill\n|-damage|p1a: Azumarill|0 fnt\n|faint|p1a: Azumarill\n|-damage|p2a: Mismagius|219/243|[from] item: Life Orb\n|\n|upkeep\n|\n|t:|1783554054\n|switch|p1a: Stantler|Stantler, L92, F|70/100\n|-ability|p1a: Stantler|Intimidate|boost\n|-unboost|p2a: Mismagius|atk|1\n|turn|11\n|inactive|Time left: 300 sec this turn | 300 sec total\n|\n|t:|1783554055\n|move|p2a: Mismagius|Nasty Plot|p2a: Mismagius\n|-boost|p2a: Mismagius|spa|2\n|move|p1a: Stantler|Calm Mind|p1a: Stantler\n|-boost|p1a: Stantler|spa|1\n|-boost|p1a: Stantler|spd|1\n|\n|upkeep\n|turn|12\n|inactive|Time left: 300 sec this turn | 300 sec total\n|\n|t:|1783554056\n|move|p2a: Mismagius|Thunderbolt|p1a: Stantler\n|-damage|p1a: Stantler|35/100\n|-damage|p2a: Mismagius|195/243|[from] item: Life Orb\n|move|p1a: Stantler|Shadow Ball|p2a: Mismagius\n|-supereffective|p2a: Mismagius\n|-damage|p2a: Mismagius|43/243\n|\n|upkeep\n|turn|13\n|inactive|Time left: 300 sec this turn | 300 sec total\n|\n|t:|1783554057\n|move|p2a: Mismagius|Thunderbolt|p1a: Stantler\n|-damage|p1a: Stantler|1/100\n|-damage|p2a: Mismagius|19/243|[from] item: Life Orb\n|move|p1a: Stantler|Shadow Ball|p2a: Mismagius\n|-supereffective|p2a: Mismagius\n|-damage|p2a: Mismagius|0 fnt\n|faint|p2a: Mismagius\n|\n|upkeep\n|inactive|Time left: 300 sec this turn | 300 sec total | 5 sec grace\n|\n|t:|1783554058\n|switch|p2a: Furret|Furret, L94, F|312/312\n|-activate|p2a: Furret|move: Sticky Web\n|-unboost|p2a: Furret|spe|1\n|-item|p1a: Stantler|Eviolite|[from] ability: Frisk|[of] p2a: Furret\n|turn|14\n|inactive|Time left: 300 sec this turn | 300 sec total\n|\n|t:|1783554059\n|move|p1a: Stantler|Tera Blast|p2a: Furret\n|-damage|p2a: Furret|155/312\n|move|p2a: Furret|Double-Edge|p1a: Stantler\n|-damage|p1a: Stantler|0 fnt\n|faint|p1a: Stantler\n|-damage|p2a: Furret|154/312|[from] Recoil\n|\n|upkeep\n|\n|t:|1783554060\n|switch|p1a: Staraptor|Staraptor, L79, M|100/100\n|turn|15\n|inactive|Time left: 300 sec this turn | 300 sec total\n|\n|t:|1783554061\n|move|p1a: Staraptor|Brave Bird|p2a: Furret\n|-damage|p2a: Furret|0 fnt\n|faint|p2a: Furret\n|-damage|p1a: Staraptor|81/100|[from] Recoil\n|\n|upkeep\n|inactive|Time left: 300 sec this turn | 300 sec total | 5 sec grace\n|\n|t:|1783554062\n|switch|p2a: Poliwrath|Poliwrath, L88, M|302/302\n|-activate|p2a: Poliwrath|move: Sticky Web\n|-unboost|p2a: Poliwrath|spe|1\n|turn|16\n|inactive|Time left: 300 sec this turn | 300 sec total\n|\n|t:|1783554063\n|-terastallize|p2a: Poliwrath|Dark\n|move|p1a: Staraptor|Brave Bird|p2a: Poliwrath\n|-damage|p2a: Poliwrath|88/302\n|-damage|p1a: Staraptor|54/100|[from] Recoil\n|move|p2a: Poliwrath|Knock Off|p1a: Staraptor\n|-damage|p1a: Staraptor|4/100\n|-enditem|p1a: Staraptor|Choice Band|[from] move: Knock Off|[of] p2a: Poliwrath\n|\n|upkeep\n|turn|17\n|inactive|Time left: 300 sec this turn | 300 sec total\n|\n|t:|1783554064\n|switch|p2a: Froslass|Froslass, L87, F|263/263\n|-activate|p2a: Froslass|move: Sticky Web\n|-unboost|p2a: Froslass|spe|1\n|move|p1a: Staraptor|U-turn|p2a: Froslass\n|-resisted|p2a: Froslass\n|-damage|p2a: Froslass|236/263\n|\n|t:|1783554065\n|switch|p1a: Victreebel|Victreebel, L90, F|26/100|[from] U-turn\n|\n|upkeep\n|turn|18\n|inactive|Time left: 300 sec this turn | 300 sec total\n|\n|t:|1783554066\n|-terastallize|p1a: Victreebel|Grass\n|move|p1a: Victreebel|Power Whip|p2a: Froslass\n|-damage|p2a: Froslass|0 fnt\n|faint|p2a: Froslass\n|-damage|p1a: Victreebel|16/100|[from] item: Life Orb\n|\n|upkeep\n|inactive|Time left: 300 sec this turn | 300 sec total | 5 sec grace\n|\n|t:|1783554067\n|switch|p2a: Poliwrath|Poliwrath, L88, M, tera:Dark|88/302\n|-activate|p2a: Poliwrath|move: Sticky Web\n|-unboost|p2a: Poliwrath|spe|1\n|turn|19\n|inactive|Time left: 300 sec this turn | 300 sec total\n|\n|t:|1783554068\n|move|p1a: Victreebel|Sludge Wave|p2a: Poliwrath\n|-damage|p2a: Poliwrath|0 fnt\n|faint|p2a: Poliwrath\n|-damage|p1a: Victreebel|6/100|[from] item: Life Orb\n|\n|win|p0x128558ff", "uploadtime": 1783554068, "views": 0, "rating": 0, "private": 0, "password": null, "_winner": "p0x128558ff", "_our_name": "p0y1285bb34"}