{"id": "battle-gen9randombattle-799", "formatid": "gen9randombattle", "format": "[Gen 9] Random Battle", "players": ["p0x799df07", "p0y799ace2"], "log": "|init|battle\n|title|p0x799df07 vs. p0y799ace2\n|j|\u2606p0x799df07\n|j|\u2606p0y799ace2\n|t:|1783548419\n|gametype|singles\n|player|p1|p0x799df07|266|\n|player|p2|p0y799ace2|2|\n|gen|9\n|tier|[Gen 9] Random Battle\n|rule|Species Clause: Limit one of each Pok\u00e9mon\n|rule|HP Percentage Mod: HP is shown in percentages\n|rule|Sleep Clause Mod: Limit one foe put to sleep\n|rule|Illusion Level Mod: Illusion disguises the Pok\u00e9mon's true level\n|\n|t:|1783548419\n|teamsize|p1|6\n|teamsize|p2|6\n|start\n|switch|p1a: Torterra|Torterra, L78, F|276/276\n|switch|p2a: Wyrdeer|Wyrdeer, L87, F|100/100\n|-ability|p2a: Wyrdeer|Intimidate|boost\n|-unboost|p1a: Torterra|atk|1\n|turn|1\n|inactive|Battle timer is ON: inactive players will automatically lose when time's up. (requested by p0x799df07)\n|inactive|p0y799ace2 also wants the timer to be on.\n|\n|t:|1783548420\n|move|p2a: Wyrdeer|Body Slam|p1a: Torterra\n|-damage|p1a: Torterra|182/276\n|-status|p1a: Torterra|par\n|move|p1a: Torterra|Shell Smash|p1a: Torterra\n|-unboost|p1a: Torterra|def|1\n|-unboost|p1a: Torterra|spd|1\n|-boost|p1a: Torterra|atk|2\n|-boost|p1a: Torterra|spa|2\n|-boost|p1a: Torterra|spe|2\n|\n|upkeep\n|turn|2\n|inactive|Time left: 300 sec this turn | 300 sec total\n|\n|t:|1783548421\n|move|p2a: Wyrdeer|Megahorn|p1a: Torterra\n|-supereffective|p1a: Torterra\n|-damage|p1a: Torterra|0 fnt\n|faint|p1a: Torterra\n|\n|upkeep\n|inactive|Time left: 300 sec this turn | 300 sec total | 5 sec grace\n|\n|t:|1783548422\n|switch|p1a: Groudon|Groudon, L72|263/263\n|-weather|SunnyDay|[from] ability: Drought|[of] p1a: Groudon\n|turn|3\n|inactive|Time left: 300 sec this turn | 300 sec total\n|\n|t:|1783548424\n|switch|p2a: Appletun|Appletun, L92, F|100/100\n|move|p1a: Groudon|Will-O-Wisp|p2a: Appletun\n|-status|p2a: Appletun|brn\n|\n|-weather|SunnyDay|[upkeep]\n|-damage|p2a: Appletun|94/100 brn|[from] brn\n|upkeep\n|turn|4\n|inactive|Time left: 300 sec this turn | 300 sec total\n|\n|t:|1783548425\n|move|p1a: Groudon|Stealth Rock|p2a: Appletun\n|-sidestart|p2: p0y799ace2|move: Stealth Rock\n|move|p2a: Appletun|Apple Acid|p1a: Groudon\n|-supereffective|p1a: Groudon\n|-damage|p1a: Groudon|27/263\n|-unboost|p1a: Groudon|spd|1\n|\n|-weather|SunnyDay|[upkeep]\n|-heal|p1a: Groudon|43/263|[from] item: Leftovers\n|-heal|p2a: Appletun|100/100 brn|[from] item: Leftovers\n|-damage|p2a: Appletun|94/100 brn|[from] brn\n|upkeep\n|turn|5\n|inactive|Time left: 300 sec this turn | 300 sec total\n|\n|t:|1783548426\n|move|p1a: Groudon|Heat Crash|p2a: Appletun\n|-damage|p2a: Appletun|76/100 brn\n|move|p2a: Appletun|Apple Acid|p1a: Groudon\n|-supereffective|p1a: Groudon\n|-crit|p1a: Groudon\n|-damage|p1a: Groudon|0 fnt\n|faint|p1a: Groudon\n|\n|-weather|SunnyDay|[upkeep]\n|-heal|p2a: Appletun|82/100 brn|[from] item: Leftovers\n|-damage|p2a: Appletun|76/100 brn|[from] brn\n|upkeep\n|inactive|Time left: 300 sec this turn | 300 sec total | 5 sec grace\n|\n|t:|1783548427\n|switch|p1a: Alcremie|Alcremie-Caramel-Swirl, L90, F|263/263\n|turn|6\n|inactive|Time left: 300 sec this turn | 300 sec total\n|\n|t:|1783548428\n|move|p1a: Alcremie|Calm Mind|p1a: Alcremie\n|-boost|p1a: Alcremie|spa|1\n|-boost|p1a: Alcremie|spd|1\n|move|p2a: Appletun|Leech Seed|p1a: Alcremie\n|-start|p1a: Alcremie|move: Leech Seed\n|\n|-weather|SunnyDay|[upkeep]\n|-heal|p2a: Appletun|82/100 brn|[from] item: Leftovers\n|-damage|p1a: Alcremie|231/263|[from] Leech Seed|[of] p2a: Appletun\n|-heal|p2a: Appletun|91/100 brn|[silent]\n|-damage|p2a: Appletun|85/100 brn|[from] brn\n|upkeep\n|turn|7\n|inactive|Time left: 300 sec this turn | 300 sec total\n|\n|t:|1783548429\n|switch|p2a: Wyrdeer|Wyrdeer, L87, F|100/100\n|-damage|p2a: Wyrdeer|88/100|[from] Stealth Rock\n|-ability|p2a: Wyrdeer|Intimidate|boost\n|-unboost|p1a: Alcremie|atk|1\n|move|p1a: Alcremie|Alluring Voice|p2a: Wyrdeer\n|-crit|p2a: Wyrdeer\n|-damage|p2a: Wyrdeer|30/100\n|\n|-weather|none\n|-heal|p1a: Alcremie|247/263|[from] item: Leftovers\n|-damage|p1a: Alcremie|215/263|[from] Leech Seed|[of] p2a: Wyrdeer\n|-heal|p2a: Wyrdeer|40/100|[silent]\n|upkeep\n|turn|8\n|inactive|Time left: 300 sec this turn | 300 sec total\n|\n|t:|1783548430\n|move|p1a: Alcremie|Alluring Voice|p2a: Wyrdeer\n|-crit|p2a: Wyrdeer\n|-damage|p2a: Wyrdeer|0 fnt\n|faint|p2a: Wyrdeer\n|\n|-heal|p1a: Alcremie|231/263|[from] item: Leftovers\n|upkeep\n|\n|t:|1783548431\n|switch|p2a: Suicune|Suicune, L82|100/100\n|-damage|p2a: Suicune|88/100|[from] Stealth Rock\n|-ability|p2a: Suicune|Pressure\n|turn|9\n|inactive|Time left: 300 sec this turn | 300 sec total\n|\n|t:|1783548432\n|switch|p1a: Espathra|Espathra, L80, F|283/283\n|move|p2a: Suicune|Calm Mind|p2a: Suicune\n|-boost|p2a: Suicune|spa|1\n|-boost|p2a: Suicune|spd|1\n|\n|-heal|p2a: Suicune|94/100|[from] item: Leftovers\n|upkeep\n|turn|10\n|inactive|Time left: 300 sec this turn | 300 sec total\n|\n|t:|1783548433\n|move|p1a: Espathra|Lumina Crash|p2a: Suicune\n|-damage|p2a: Suicune|70/100\n|-unboost|p2a: Suicune|spd|2\n|move|p2a: Suicune|Scald|p1a: Espathra\n|-damage|p1a: Espathra|123/283\n|\n|-heal|p2a: Suicune|76/100|[from] item: Leftovers\n|-ability|p1a: Espathra|Speed Boost|boost\n|-boost|p1a: Espathra|spe|1\n|upkeep\n|turn|11\n|inactive|Time left: 300 sec this turn | 300 sec total\n|\n|t:|1783548434\n|move|p1a: Espathra|Lumina Crash|p2a: Suicune\n|-damage|p2a: Suicune|21/100\n|-unboost|p2a: Suicune|spd|2\n|move|p2a: Suicune|Scald|p1a: Espathra\n|-damage|p1a: Espathra|0 fnt\n|faint|p1a: Espathra\n|\n|-heal|p2a: Suicune|27/100|[from] item: Leftovers\n|upkeep\n|inactive|Time left: 300 sec this turn | 300 sec total | 5 sec grace\n|\n|t:|1783548435\n|switch|p1a: Alcremie|Alcremie-Caramel-Swirl, L90, F|231/263\n|turn|12\n|inactive|Time left: 300 sec this turn | 300 sec total\n|\n|t:|1783548436\n|move|p2a: Suicune|Scald|p1a: Alcremie\n|-damage|p1a: Alcremie|155/263\n|-status|p1a: Alcremie|brn\n|move|p1a: Alcremie|Alluring Voice|p2a: Suicune\n|-damage|p2a: Suicune|0 fnt\n|faint|p2a: Suicune\n|\n|-heal|p1a: Alcremie|171/263 brn|[from] item: Leftovers\n|-damage|p1a: Alcremie|155/263 brn|[from] brn\n|upkeep\n|\n|t:|1783548437\n|switch|p2a: Emboar|Emboar, L84, F|100/100\n|-damage|p2a: Emboar|88/100|[from] Stealth Rock\n|turn|13\n|inactive|Time left: 300 sec this turn | 300 sec total\n|\n|t:|1783548438\n|move|p1a: Alcremie|Psyshock|p2a: Emboar\n|-supereffective|p2a: Emboar\n|-damage|p2a: Emboar|35/100\n|move|p2a: Emboar|Flare Blitz|p1a: Alcremie\n|-damage|p1a: Alcremie|0 fnt\n|faint|p1a: Alcremie\n|-damage|p2a: Emboar|19/100|[from] Recoil\n|\n|-heal|p2a: Emboar|25/100|[from] item: Leftovers\n|upkeep\n|inactive|Time left: 300 sec this turn | 300 sec total | 5 sec grace\n|\n|t:|1783548440\n|switch|p1a: Flamigo|Flamigo, L82, F|269/269\n|turn|14\n|inactive|Time left: 300 sec this turn | 300 sec total\n|\n|t:|1783548440\n|move|p1a: Flamigo|Brave Bird|p2a: Emboar\n|-supereffective|p2a: Emboar\n|-damage|p2a: Emboar|0 fnt\n|faint|p2a: Emboar\n|-damage|p1a: Flamigo|243/269|[from] Recoil\n|\n|upkeep\n|\n|t:|1783548441\n|switch|p2a: Iron Valiant|Iron Valiant, L78|100/100\n|-damage|p2a: Iron Valiant|94/100|[from] Stealth Rock\n|turn|15\n|inactive|Time left: 300 sec this turn | 300 sec total\n|\n|t:|1783548442\n|-terastallize|p2a: Iron Valiant|Dark\n|move|p1a: Flamigo|Brave Bird|p2a: Iron Valiant\n|-damage|p2a: Iron Valiant|33/100\n|-damage|p1a: Flamigo|193/269|[from] Recoil\n|move|p2a: Iron Valiant|Spirit Break|p1a: Flamigo\n|-supereffective|p1a: Flamigo\n|-damage|p1a: Flamigo|0 fnt\n|faint|p1a: Flamigo\n|-damage|p2a: Iron Valiant|23/100|[from] item: Life Orb\n|\n|upkeep\n|inactive|Time left: 300 sec this turn | 300 sec total | 5 sec grace\n|\n|t:|1783548443\n|switch|p1a: Palafin|Palafin, L77, F|281/281\n|turn|16\n|inactive|Time left: 300 sec this turn | 300 sec total\n|\n|t:|1783548444\n|move|p1a: Palafin|Jet Punch|p2a: Iron Valiant\n|-damage|p2a: Iron Valiant|0 fnt\n|faint|p2a: Iron Valiant\n|-end|p2a: Iron Valiant|Quark Drive|[silent]\n|\n|upkeep\n|\n|t:|1783548445\n|switch|p2a: Appletun|Appletun, L92, F|85/100 brn\n|-damage|p2a: Appletun|72/100 brn|[from] Stealth Rock\n|turn|17\n|inactive|Time left: 300 sec this turn | 300 sec total\n|\n|t:|1783548446\n|-terastallize|p1a: Palafin|Water\n|move|p1a: Palafin|Jet Punch|p2a: Appletun\n|-resisted|p2a: Appletun\n|-damage|p2a: Appletun|67/100 brn\n|move|p2a: Appletun|Apple Acid|p1a: Palafin\n|-supereffective|p1a: Palafin\n|-damage|p1a: Palafin|3/281\n|-unboost|p1a: Palafin|spd|1\n|\n|-heal|p2a: Appletun|73/100 brn|[from] item: Leftovers\n|-damage|p2a: Appletun|67/100 brn|[from] brn\n|upkeep\n|turn|18\n|inactive|Time left: 300 sec this turn | 300 sec total\n|\n|t:|1783548447\n|move|p1a: Palafin|Jet Punch|p2a: Appletun\n|-resisted|p2a: Appletun\n|-damage|p2a: Appletun|61/100 brn\n|move|p2a: Appletun|Dragon Pulse|p1a: Palafin\n|-damage|p1a: Palafin|0 fnt\n|faint|p1a: Palafin\n|\n|win|p0y799ace2", "uploadtime": 1783548447, "views": 0, "rating": 0, "private": 0, "password": null, "_winner": "p0y799ace2", "_our_name": "p0x799df07"}