{"id": "battle-gen9randombattle-1105", "formatid": "gen9randombattle", "format": "[Gen 9] Random Battle", "players": ["p0x1105d92a", "p0y11055650"], "log": "|init|battle\n|title|p0x1105d92a vs. p0y11055650\n|j|\u2606p0x1105d92a\n|j|\u2606p0y11055650\n|t:|1783551967\n|gametype|singles\n|player|p1|p0x1105d92a|101|\n|player|p2|p0y11055650|102|\n|gen|9\n|tier|[Gen 9] Random Battle\n|rule|Species Clause: Limit one of each Pok\u00e9mon\n|rule|HP Percentage Mod: HP is shown in percentages\n|rule|Sleep Clause Mod: Limit one foe put to sleep\n|rule|Illusion Level Mod: Illusion disguises the Pok\u00e9mon's true level\n|\n|t:|1783551967\n|teamsize|p1|6\n|teamsize|p2|6\n|start\n|switch|p1a: Banette|Banette, L93, F|100/100\n|switch|p2a: Scizor|Scizor, L79, F|240/240\n|turn|1\n|inactive|Battle timer is ON: inactive players will automatically lose when time's up. (requested by p0y11055650)\n|inactive|p0x1105d92a also wants the timer to be on.\n|\n|t:|1783551968\n|-terastallize|p1a: Banette|Ghost\n|move|p1a: Banette|Poltergeist|p2a: Scizor|[miss]\n|-miss|p1a: Banette|p2a: Scizor\n|move|p2a: Scizor|Knock Off|p1a: Banette\n|-supereffective|p1a: Banette\n|-damage|p1a: Banette|12/100\n|-start|p2a: Scizor|Disable|Knock Off|[from] ability: Cursed Body|[of] p1a: Banette\n|-enditem|p1a: Banette|Life Orb|[from] move: Knock Off|[of] p2a: Scizor\n|\n|upkeep\n|turn|2\n|inactive|Time left: 300 sec this turn | 300 sec total\n|\n|t:|1783551970\n|switch|p2a: Ambipom|Ambipom, L84, M|263/263\n|move|p1a: Banette|Poltergeist|p2a: Ambipom\n|-immune|p2a: Ambipom\n|\n|upkeep\n|turn|3\n|inactive|Time left: 300 sec this turn | 300 sec total\n|\n|t:|1783551971\n|switch|p1a: Magcargo|Magcargo, L95, F|100/100\n|move|p2a: Ambipom|Triple Axel|p1a: Magcargo\n|-resisted|p1a: Magcargo\n|-damage|p1a: Magcargo|96/100\n|-ability|p1a: Magcargo|Weak Armor|boost\n|-unboost|p1a: Magcargo|def|1\n|-boost|p1a: Magcargo|spe|2\n|-resisted|p1a: Magcargo\n|-damage|p1a: Magcargo|83/100\n|-ability|p1a: Magcargo|Weak Armor|boost\n|-unboost|p1a: Magcargo|def|1\n|-boost|p1a: Magcargo|spe|2\n|-resisted|p1a: Magcargo\n|-damage|p1a: Magcargo|57/100\n|-ability|p1a: Magcargo|Weak Armor|boost\n|-unboost|p1a: Magcargo|def|1\n|-boost|p1a: Magcargo|spe|2\n|-hitcount|p1a: Magcargo|3\n|\n|upkeep\n|turn|4\n|inactive|Time left: 300 sec this turn | 300 sec total\n|\n|t:|1783551972\n|move|p1a: Magcargo|Fire Blast|p2a: Ambipom\n|-damage|p2a: Ambipom|94/263\n|move|p2a: Ambipom|Triple Axel|p1a: Magcargo\n|-resisted|p1a: Magcargo\n|-damage|p1a: Magcargo|46/100\n|-ability|p1a: Magcargo|Weak Armor|boost\n|-unboost|p1a: Magcargo|def|1\n|-resisted|p1a: Magcargo\n|-damage|p1a: Magcargo|21/100\n|-ability|p1a: Magcargo|Weak Armor|boost\n|-unboost|p1a: Magcargo|def|1\n|-resisted|p1a: Magcargo\n|-crit|p1a: Magcargo\n|-damage|p1a: Magcargo|0 fnt\n|faint|p1a: Magcargo\n|-hitcount|p1: Magcargo|3\n|\n|upkeep\n|\n|t:|1783551973\n|switch|p1a: Clawitzer|Clawitzer, L87, M|100/100\n|turn|5\n|inactive|Time left: 300 sec this turn | 300 sec total\n|\n|t:|1783551974\n|move|p2a: Ambipom|Triple Axel|p1a: Clawitzer\n|-resisted|p1a: Clawitzer\n|-damage|p1a: Clawitzer|95/100\n|-resisted|p1a: Clawitzer\n|-damage|p1a: Clawitzer|83/100\n|-resisted|p1a: Clawitzer\n|-damage|p1a: Clawitzer|65/100\n|-hitcount|p1a: Clawitzer|3\n|move|p1a: Clawitzer|Dark Pulse|p2a: Ambipom\n|-damage|p2a: Ambipom|0 fnt\n|faint|p2a: Ambipom\n|\n|upkeep\n|inactive|Time left: 300 sec this turn | 300 sec total | 5 sec grace\n|\n|t:|1783551975\n|switch|p2a: Roaring Moon|Roaring Moon, L72|270/270\n|turn|6\n|inactive|Time left: 300 sec this turn | 300 sec total\n|\n|t:|1783551976\n|move|p2a: Roaring Moon|Outrage|p1a: Clawitzer\n|-damage|p1a: Clawitzer|0 fnt\n|faint|p1a: Clawitzer\n|\n|upkeep\n|\n|t:|1783551977\n|switch|p1a: Pincurchin|Pincurchin, M|100/100\n|-fieldstart|move: Electric Terrain|[from] ability: Electric Surge|[of] p1a: Pincurchin\n|turn|7\n|inactive|Time left: 300 sec this turn | 300 sec total\n|\n|t:|1783551978\n|move|p2a: Roaring Moon|Outrage|p1a: Pincurchin|[from] lockedmove\n|-damage|p1a: Pincurchin|44/100\n|-start|p2a: Roaring Moon|confusion|[fatigue]\n|move|p1a: Pincurchin|Recover|p1a: Pincurchin\n|-heal|p1a: Pincurchin|94/100\n|\n|-heal|p1a: Pincurchin|99/100|[from] item: Leftovers\n|upkeep\n|turn|8\n|inactive|Time left: 300 sec this turn | 300 sec total\n|\n|t:|1783551979\n|-activate|p2a: Roaring Moon|confusion\n|move|p2a: Roaring Moon|Outrage|p1a: Pincurchin\n|-damage|p1a: Pincurchin|43/100\n|move|p1a: Pincurchin|Scald|p2a: Roaring Moon\n|-resisted|p2a: Roaring Moon\n|-crit|p2a: Roaring Moon\n|-damage|p2a: Roaring Moon|208/270\n|\n|-heal|p1a: Pincurchin|49/100|[from] item: Leftovers\n|upkeep\n|turn|9\n|inactive|Time left: 300 sec this turn | 300 sec total\n|\n|t:|1783551981\n|switch|p1a: Lugia|Lugia, L73|100/100\n|-activate|p2a: Roaring Moon|confusion\n|move|p2a: Roaring Moon|Outrage|p1a: Lugia|[from] lockedmove\n|-damage|p1a: Lugia|73/100\n|\n|upkeep\n|turn|10\n|inactive|Time left: 300 sec this turn | 300 sec total\n|\n|t:|1783551982\n|-end|p2a: Roaring Moon|confusion\n|move|p2a: Roaring Moon|Outrage|p1a: Lugia|[from] lockedmove\n|-damage|p1a: Lugia|16/100\n|-start|p2a: Roaring Moon|confusion|[fatigue]\n|move|p1a: Lugia|Recover|p1a: Lugia\n|-heal|p1a: Lugia|66/100\n|\n|upkeep\n|turn|11\n|inactive|Time left: 300 sec this turn | 300 sec total\n|\n|t:|1783551983\n|-activate|p2a: Roaring Moon|confusion\n|move|p2a: Roaring Moon|Outrage|p1a: Lugia\n|-damage|p1a: Lugia|12/100\n|move|p1a: Lugia|Recover|p1a: Lugia\n|-heal|p1a: Lugia|63/100\n|\n|-fieldend|move: Electric Terrain\n|upkeep\n|turn|12\n|inactive|Time left: 300 sec this turn | 300 sec total\n|\n|t:|1783551984\n|-activate|p2a: Roaring Moon|confusion\n|-damage|p2a: Roaring Moon|169/270|[from] confusion\n|move|p1a: Lugia|Recover|p1a: Lugia\n|-heal|p1a: Lugia|100/100\n|\n|upkeep\n|turn|13\n|inactive|Time left: 300 sec this turn | 300 sec total\n|\n|t:|1783551985\n|-end|p2a: Roaring Moon|confusion\n|move|p2a: Roaring Moon|Outrage|p1a: Lugia\n|-damage|p1a: Lugia|73/100\n|move|p1a: Lugia|Calm Mind|p1a: Lugia\n|-boost|p1a: Lugia|spa|1\n|-boost|p1a: Lugia|spd|1\n|\n|upkeep\n|turn|14\n|inactive|Time left: 300 sec this turn | 300 sec total\n|\n|t:|1783551986\n|move|p2a: Roaring Moon|Outrage|p1a: Lugia|[from] lockedmove\n|-damage|p1a: Lugia|11/100\n|-start|p2a: Roaring Moon|confusion|[fatigue]\n|move|p1a: Lugia|Aeroblast|p2a: Roaring Moon\n|-damage|p2a: Roaring Moon|45/270\n|\n|upkeep\n|turn|15\n|inactive|Time left: 300 sec this turn | 300 sec total\n|\n|t:|1783551987\n|-activate|p2a: Roaring Moon|confusion\n|move|p2a: Roaring Moon|Outrage|p1a: Lugia\n|-damage|p1a: Lugia|0 fnt\n|faint|p1a: Lugia\n|\n|upkeep\n|\n|t:|1783551988\n|switch|p1a: Banette|Banette, L93, F, tera:Ghost|12/100\n|turn|16\n|inactive|Time left: 300 sec this turn | 300 sec total\n|\n|t:|1783551989\n|move|p1a: Banette|Shadow Sneak|p2a: Roaring Moon\n|-resisted|p2a: Roaring Moon\n|-damage|p2a: Roaring Moon|0 fnt\n|faint|p2a: Roaring Moon\n|-end|p2a: Roaring Moon|Protosynthesis|[silent]\n|\n|upkeep\n|inactive|Time left: 300 sec this turn | 300 sec total | 5 sec grace\n|\n|t:|1783551990\n|switch|p2a: Groudon|Groudon, L72|263/263\n|-weather|SunnyDay|[from] ability: Drought|[of] p2a: Groudon\n|turn|17\n|inactive|Time left: 300 sec this turn | 300 sec total\n|\n|t:|1783551991\n|move|p1a: Banette|Poltergeist|p2a: Groudon\n|-activate|p2a: Groudon|move: Poltergeist|Leftovers\n|-damage|p2a: Groudon|81/263\n|move|p2a: Groudon|Heat Crash|p1a: Banette\n|-damage|p1a: Banette|0 fnt\n|-start|p2a: Groudon|Disable|Heat Crash|[from] ability: Cursed Body|[of] p1a: Banette\n|faint|p1a: Banette\n|\n|-weather|SunnyDay|[upkeep]\n|-heal|p2a: Groudon|97/263|[from] item: Leftovers\n|upkeep\n|\n|t:|1783551992\n|switch|p1a: Goodra|Goodra, L85, M|100/100\n|turn|18\n|inactive|Time left: 300 sec this turn | 300 sec total\n|\n|t:|1783551993\n|move|p1a: Goodra|Earthquake|p2a: Groudon\n|-damage|p2a: Groudon|39/263\n|move|p2a: Groudon|Precipice Blades|p1a: Goodra\n|-damage|p1a: Goodra|50/100\n|\n|-weather|SunnyDay|[upkeep]\n|-heal|p2a: Groudon|55/263|[from] item: Leftovers\n|upkeep\n|turn|19\n|inactive|Time left: 300 sec this turn | 300 sec total\n|\n|t:|1783551994\n|switch|p2a: Quagsire|Quagsire, L84, M|297/297\n|move|p1a: Goodra|Earthquake|p2a: Quagsire\n|-damage|p2a: Quagsire|220/297\n|\n|-weather|SunnyDay|[upkeep]\n|-heal|p2a: Quagsire|238/297|[from] item: Leftovers\n|upkeep\n|turn|20\n|inactive|Time left: 300 sec this turn | 300 sec total\n|\n|t:|1783551995\n|move|p1a: Goodra|Draco Meteor|p2a: Quagsire\n|-damage|p2a: Quagsire|33/297\n|-unboost|p1a: Goodra|spa|2\n|move|p2a: Quagsire|Recover|p2a: Quagsire\n|-heal|p2a: Quagsire|182/297\n|\n|-weather|SunnyDay|[upkeep]\n|-heal|p2a: Quagsire|200/297|[from] item: Leftovers\n|upkeep\n|turn|21\n|inactive|Time left: 300 sec this turn | 300 sec total\n|\n|t:|1783551996\n|move|p1a: Goodra|Draco Meteor|p2a: Quagsire\n|-damage|p2a: Quagsire|2/297\n|-unboost|p1a: Goodra|spa|2\n|move|p2a: Quagsire|Recover|p2a: Quagsire\n|-heal|p2a: Quagsire|151/297\n|\n|-weather|none\n|-heal|p2a: Quagsire|169/297|[from] item: Leftovers\n|upkeep\n|turn|22\n|inactive|Time left: 300 sec this turn | 300 sec total\n|\n|t:|1783551997\n|switch|p2a: Scizor|Scizor, L79, F|240/240\n|move|p1a: Goodra|Draco Meteor|p2a: Scizor\n|-resisted|p2a: Scizor\n|-damage|p2a: Scizor|209/240\n|-unboost|p1a: Goodra|spa|2\n|\n|upkeep\n|turn|23\n|inactive|Time left: 300 sec this turn | 300 sec total\n|\n|t:|1783551998\n|move|p1a: Goodra|Earthquake|p2a: Scizor\n|-damage|p2a: Scizor|142/240\n|move|p2a: Scizor|U-turn|p1a: Goodra\n|-damage|p1a: Goodra|4/100\n|inactive|Time left: 300 sec this turn | 300 sec total | 5 sec grace\n|\n|t:|1783552000\n|switch|p2a: Groudon|Groudon, L72|55/263|[from] U-turn\n|-weather|SunnyDay|[from] ability: Drought|[of] p2a: Groudon\n|\n|-weather|SunnyDay|[upkeep]\n|-heal|p2a: Groudon|71/263|[from] item: Leftovers\n|upkeep\n|turn|24\n|inactive|Time left: 300 sec this turn | 300 sec total\n|\n|t:|1783552001\n|move|p1a: Goodra|Earthquake|p2a: Groudon\n|-damage|p2a: Groudon|14/263\n|move|p2a: Groudon|Precipice Blades|p1a: Goodra\n|-damage|p1a: Goodra|0 fnt\n|faint|p1a: Goodra\n|\n|-weather|SunnyDay|[upkeep]\n|-heal|p2a: Groudon|30/263|[from] item: Leftovers\n|upkeep\n|\n|t:|1783552002\n|switch|p1a: Pincurchin|Pincurchin, M|49/100\n|-fieldstart|move: Electric Terrain|[from] ability: Electric Surge|[of] p1a: Pincurchin\n|turn|25\n|inactive|Time left: 300 sec this turn | 300 sec total\n|\n|t:|1783552003\n|-terastallize|p2a: Groudon|Fire\n|move|p2a: Groudon|Heat Crash|p1a: Pincurchin\n|-damage|p1a: Pincurchin|0 fnt\n|faint|p1a: Pincurchin\n|\n|win|p0y11055650", "uploadtime": 1783552003, "views": 0, "rating": 0, "private": 0, "password": null, "_winner": "p0y11055650", "_our_name": "p0y11055650"}