{"id": "battle-gen9randombattle-951", "formatid": "gen9randombattle", "format": "[Gen 9] Random Battle", "players": ["p0x951daf3", "p0y95189fc"], "log": "|init|battle\n|title|p0x951daf3 vs. p0y95189fc\n|j|\u2606p0x951daf3\n|j|\u2606p0y95189fc\n|t:|1783550166\n|gametype|singles\n|player|p1|p0x951daf3|101|\n|player|p2|p0y95189fc|169|\n|gen|9\n|tier|[Gen 9] Random Battle\n|rule|Species Clause: Limit one of each Pok\u00e9mon\n|rule|HP Percentage Mod: HP is shown in percentages\n|rule|Sleep Clause Mod: Limit one foe put to sleep\n|rule|Illusion Level Mod: Illusion disguises the Pok\u00e9mon's true level\n|\n|t:|1783550166\n|teamsize|p1|6\n|teamsize|p2|6\n|start\n|switch|p1a: Conkeldurr|Conkeldurr, L80, M|100/100\n|switch|p2a: Zebstrika|Zebstrika, L87, M|272/272\n|turn|1\n|inactive|Battle timer is ON: inactive players will automatically lose when time's up. (requested by p0y95189fc)\n|inactive|p0x951daf3 also wants the timer to be on.\n|\n|t:|1783550167\n|move|p2a: Zebstrika|Volt Switch|p1a: Conkeldurr\n|-damage|p1a: Conkeldurr|60/100\n|-damage|p2a: Zebstrika|245/272|[from] item: Life Orb\n|inactive|Time left: 300 sec this turn | 300 sec total | 65 sec grace\n|\n|t:|1783550168\n|switch|p2a: Passimian|Passimian, L83, M|302/302|[from] Volt Switch\n|move|p1a: Conkeldurr|Knock Off|p2a: Passimian\n|-resisted|p2a: Passimian\n|-damage|p2a: Passimian|262/302\n|-enditem|p2a: Passimian|Leftovers|[from] move: Knock Off|[of] p1a: Conkeldurr\n|\n|-status|p1a: Conkeldurr|brn|[from] item: Flame Orb\n|upkeep\n|turn|2\n|inactive|Time left: 300 sec this turn | 300 sec total\n|\n|t:|1783550170\n|move|p2a: Passimian|Bulk Up|p2a: Passimian\n|-boost|p2a: Passimian|atk|1\n|-boost|p2a: Passimian|def|1\n|move|p1a: Conkeldurr|Close Combat|p2a: Passimian\n|-damage|p2a: Passimian|111/302\n|-unboost|p1a: Conkeldurr|def|1\n|-unboost|p1a: Conkeldurr|spd|1\n|\n|-damage|p1a: Conkeldurr|54/100 brn|[from] brn\n|upkeep\n|turn|3\n|inactive|Time left: 300 sec this turn | 300 sec total\n|\n|t:|1783550171\n|switch|p1a: Diancie|Diancie, L82|100/100\n|move|p2a: Passimian|Drain Punch|p1a: Diancie\n|-damage|p1a: Diancie|59/100\n|-heal|p2a: Passimian|156/302|[from] drain|[of] p1a: Diancie\n|\n|upkeep\n|turn|4\n|inactive|Time left: 300 sec this turn | 300 sec total\n|\n|t:|1783550172\n|-terastallize|p2a: Passimian|Steel\n|move|p2a: Passimian|Drain Punch|p1a: Diancie\n|-damage|p1a: Diancie|19/100\n|-heal|p2a: Passimian|200/302|[from] drain|[of] p1a: Diancie\n|move|p1a: Diancie|Moonblast|p2a: Passimian\n|-resisted|p2a: Passimian\n|-damage|p2a: Passimian|140/302\n|\n|upkeep\n|turn|5\n|inactive|Time left: 300 sec this turn | 300 sec total\n|\n|t:|1783550173\n|move|p2a: Passimian|Drain Punch|p1a: Diancie\n|-damage|p1a: Diancie|0 fnt\n|-heal|p2a: Passimian|160/302|[from] drain|[of] p1a: Diancie\n|faint|p1a: Diancie\n|\n|upkeep\n|\n|t:|1783550174\n|switch|p1a: Clawitzer|Clawitzer, L87, F|100/100\n|turn|6\n|inactive|Time left: 300 sec this turn | 300 sec total\n|\n|t:|1783550175\n|move|p2a: Passimian|Drain Punch|p1a: Clawitzer\n|-damage|p1a: Clawitzer|53/100\n|-heal|p2a: Passimian|224/302|[from] drain|[of] p1a: Clawitzer\n|move|p1a: Clawitzer|Aura Sphere|p2a: Passimian\n|-supereffective|p2a: Passimian\n|-damage|p2a: Passimian|0 fnt\n|faint|p2a: Passimian\n|\n|upkeep\n|inactive|Time left: 300 sec this turn | 300 sec total | 5 sec grace\n|\n|t:|1783550176\n|switch|p2a: Thundurus|Thundurus-Therian, L80, M|258/258\n|turn|7\n|inactive|Time left: 300 sec this turn | 300 sec total\n|\n|t:|1783550177\n|-terastallize|p1a: Clawitzer|Dragon\n|move|p2a: Thundurus|Thunderbolt|p1a: Clawitzer\n|-resisted|p1a: Clawitzer\n|-damage|p1a: Clawitzer|37/100\n|-status|p1a: Clawitzer|par\n|move|p1a: Clawitzer|Dragon Pulse|p2a: Thundurus\n|-damage|p2a: Thundurus|59/258\n|\n|upkeep\n|turn|8\n|inactive|Time left: 300 sec this turn | 300 sec total\n|\n|t:|1783550178\n|switch|p2a: Gumshoos|Gumshoos, L95, F|321/321\n|move|p1a: Clawitzer|Dragon Pulse|p2a: Gumshoos\n|-damage|p2a: Gumshoos|137/321\n|\n|upkeep\n|turn|9\n|inactive|Time left: 300 sec this turn | 300 sec total\n|\n|t:|1783550180\n|move|p2a: Gumshoos|Earthquake|p1a: Clawitzer\n|-damage|p1a: Clawitzer|0 fnt\n|faint|p1a: Clawitzer\n|\n|upkeep\n|\n|t:|1783550181\n|switch|p1a: Electivire|Electivire, L84, F|100/100\n|turn|10\n|inactive|Time left: 300 sec this turn | 300 sec total\n|\n|t:|1783550182\n|move|p1a: Electivire|Supercell Slam|p2a: Gumshoos\n|-damage|p2a: Gumshoos|0 fnt\n|faint|p2a: Gumshoos\n|-damage|p1a: Electivire|91/100|[from] item: Life Orb\n|\n|upkeep\n|inactive|Time left: 300 sec this turn | 300 sec total | 5 sec grace\n|\n|t:|1783550183\n|switch|p2a: Ludicolo|Ludicolo, L90, F|290/290\n|turn|11\n|inactive|Time left: 300 sec this turn | 300 sec total\n|\n|t:|1783550184\n|move|p1a: Electivire|Supercell Slam|p2a: Ludicolo\n|-damage|p2a: Ludicolo|109/290\n|-damage|p1a: Electivire|81/100|[from] item: Life Orb\n|move|p2a: Ludicolo|Hydro Pump|p1a: Electivire\n|-damage|p1a: Electivire|9/100\n|\n|upkeep\n|turn|12\n|inactive|Time left: 300 sec this turn | 300 sec total\n|\n|t:|1783550185\n|switch|p2a: Thundurus|Thundurus-Therian, L80, M|59/258\n|move|p1a: Electivire|Supercell Slam|p2a: Thundurus\n|-heal|p2a: Thundurus|123/258|[from] ability: Volt Absorb|[of] p1a: Electivire\n|-damage|p1a: Electivire|0 fnt|[from] supercellslam\n|faint|p1a: Electivire\n|\n|upkeep\n|\n|t:|1783550186\n|switch|p1a: Hitmontop|Hitmontop, L88, M|100/100\n|-ability|p1a: Hitmontop|Intimidate|boost\n|-unboost|p2a: Thundurus|atk|1\n|turn|13\n|inactive|Time left: 300 sec this turn | 300 sec total\n|\n|t:|1783550187\n|move|p2a: Thundurus|Thunderbolt|p1a: Hitmontop\n|-damage|p1a: Hitmontop|69/100\n|move|p1a: Hitmontop|Rapid Spin|p2a: Thundurus\n|-damage|p2a: Thundurus|71/258\n|-boost|p1a: Hitmontop|spe|1\n|\n|upkeep\n|turn|14\n|inactive|Time left: 300 sec this turn | 300 sec total\n|\n|t:|1783550188\n|move|p2a: Thundurus|Thunderbolt|p1a: Hitmontop\n|-damage|p1a: Hitmontop|41/100\n|move|p1a: Hitmontop|Stone Edge|p2a: Thundurus\n|-supereffective|p2a: Thundurus\n|-damage|p2a: Thundurus|0 fnt\n|faint|p2a: Thundurus\n|\n|upkeep\n|inactive|Time left: 300 sec this turn | 300 sec total | 5 sec grace\n|\n|t:|1783550189\n|switch|p2a: Zebstrika|Zebstrika, L87, M|245/272\n|turn|15\n|inactive|Time left: 300 sec this turn | 300 sec total\n|\n|t:|1783550191\n|move|p1a: Hitmontop|Earthquake|p2a: Zebstrika\n|-supereffective|p2a: Zebstrika\n|-damage|p2a: Zebstrika|71/272\n|move|p2a: Zebstrika|Supercell Slam|p1a: Hitmontop\n|-damage|p1a: Hitmontop|0 fnt\n|faint|p1a: Hitmontop\n|-damage|p2a: Zebstrika|44/272|[from] item: Life Orb\n|\n|upkeep\n|\n|t:|1783550192\n|switch|p1a: Garganacl|Garganacl, L80, M|100/100\n|turn|16\n|inactive|Time left: 300 sec this turn | 300 sec total\n|\n|t:|1783550192\n|move|p2a: Zebstrika|Supercell Slam|p1a: Garganacl\n|-damage|p1a: Garganacl|61/100\n|-damage|p2a: Zebstrika|17/272|[from] item: Life Orb\n|move|p1a: Garganacl|Stealth Rock|p2a: Zebstrika\n|-sidestart|p2: p0y95189fc|move: Stealth Rock\n|\n|-heal|p1a: Garganacl|68/100|[from] item: Leftovers\n|upkeep\n|turn|17\n|inactive|Time left: 300 sec this turn | 300 sec total\n|\n|t:|1783550193\n|move|p2a: Zebstrika|Supercell Slam|p1a: Garganacl\n|-damage|p1a: Garganacl|26/100\n|-damage|p2a: Zebstrika|0 fnt|[from] item: Life Orb\n|faint|p2a: Zebstrika\n|move|p1a: Garganacl|Recover|p1a: Garganacl\n|-heal|p1a: Garganacl|76/100\n|\n|-heal|p1a: Garganacl|82/100|[from] item: Leftovers\n|upkeep\n|inactive|Time left: 300 sec this turn | 300 sec total | 5 sec grace\n|\n|t:|1783550194\n|switch|p2a: Ludicolo|Ludicolo, L90, F|109/290\n|-damage|p2a: Ludicolo|73/290|[from] Stealth Rock\n|turn|18\n|inactive|Time left: 300 sec this turn | 300 sec total\n|\n|t:|1783550195\n|switch|p1a: Conkeldurr|Conkeldurr, L80, M|54/100 brn\n|move|p2a: Ludicolo|Giga Drain|p1a: Conkeldurr\n|-damage|p1a: Conkeldurr|0 fnt\n|-heal|p2a: Ludicolo|153/290|[from] drain|[of] p1a: Conkeldurr\n|faint|p1a: Conkeldurr\n|\n|upkeep\n|\n|t:|1783550196\n|switch|p1a: Garganacl|Garganacl, L80, M|82/100\n|turn|19\n|inactive|Time left: 300 sec this turn | 300 sec total\n|\n|t:|1783550196\n|move|p2a: Ludicolo|Giga Drain|p1a: Garganacl\n|-supereffective|p1a: Garganacl\n|-damage|p1a: Garganacl|0 fnt\n|-heal|p2a: Ludicolo|272/290|[from] drain|[of] p1a: Garganacl\n|faint|p1a: Garganacl\n|\n|win|p0y95189fc", "uploadtime": 1783550196, "views": 0, "rating": 0, "private": 0, "password": null, "_winner": "p0y95189fc", "_our_name": "p0y95189fc"}