{"id": "battle-gen9randombattle-883", "formatid": "gen9randombattle", "format": "[Gen 9] Random Battle", "players": ["p0x8834784", "p0y8838a30"], "log": "|init|battle\n|title|p0x8834784 vs. p0y8838a30\n|j|\u2606p0x8834784\n|j|\u2606p0y8838a30\n|t:|1783550141\n|gametype|singles\n|player|p1|p0x8834784|265|\n|player|p2|p0y8838a30|101|\n|gen|9\n|tier|[Gen 9] Random Battle\n|rule|Species Clause: Limit one of each Pok\u00e9mon\n|rule|HP Percentage Mod: HP is shown in percentages\n|rule|Sleep Clause Mod: Limit one foe put to sleep\n|rule|Illusion Level Mod: Illusion disguises the Pok\u00e9mon's true level\n|\n|t:|1783550141\n|teamsize|p1|6\n|teamsize|p2|6\n|start\n|switch|p1a: Okidogi|Okidogi, L77, M|100/100\n|switch|p2a: Scovillain|Scovillain, L91, F|266/266\n|turn|1\n|inactive|Battle timer is ON: inactive players will automatically lose when time's up. (requested by p0x8834784)\n|inactive|Time left: 300 sec this turn | 300 sec total | 60 sec grace\n|inactive|p0y8838a30 also wants the timer to be on.\n|\n|t:|1783550142\n|switch|p2a: Golem|Golem, L87, M|281/281\n|move|p1a: Okidogi|Gunk Shot|p2a: Golem\n|-resisted|p2a: Golem\n|-damage|p2a: Golem|257/281\n|\n|upkeep\n|turn|2\n|inactive|Time left: 300 sec this turn | 300 sec total\n|\n|t:|1783550143\n|move|p1a: Okidogi|Bulk Up|p1a: Okidogi\n|-boost|p1a: Okidogi|atk|1\n|-boost|p1a: Okidogi|def|1\n|move|p2a: Golem|Earthquake|p1a: Okidogi\n|-supereffective|p1a: Okidogi\n|-crit|p1a: Okidogi\n|-damage|p1a: Okidogi|0 fnt\n|faint|p1a: Okidogi\n|\n|upkeep\n|\n|t:|1783550144\n|switch|p1a: Ambipom|Ambipom, L84, M|100/100\n|turn|3\n|inactive|Time left: 300 sec this turn | 300 sec total\n|\n|t:|1783550146\n|switch|p2a: Manaphy|Manaphy, L78|284/284\n|move|p1a: Ambipom|Triple Axel|p2a: Manaphy\n|-resisted|p2a: Manaphy\n|-damage|p2a: Manaphy|267/284\n|-resisted|p2a: Manaphy\n|-damage|p2a: Manaphy|234/284\n|-resisted|p2a: Manaphy\n|-damage|p2a: Manaphy|190/284\n|-hitcount|p2a: Manaphy|3\n|\n|-heal|p2a: Manaphy|207/284|[from] item: Leftovers\n|upkeep\n|turn|4\n|inactive|Time left: 300 sec this turn | 300 sec total\n|\n|t:|1783550147\n|move|p1a: Ambipom|Triple Axel|p2a: Manaphy\n|-resisted|p2a: Manaphy\n|-damage|p2a: Manaphy|191/284\n|-resisted|p2a: Manaphy\n|-damage|p2a: Manaphy|159/284\n|-resisted|p2a: Manaphy\n|-damage|p2a: Manaphy|113/284\n|-hitcount|p2a: Manaphy|3\n|move|p2a: Manaphy|Tail Glow|p2a: Manaphy\n|-boost|p2a: Manaphy|spa|3\n|\n|-heal|p2a: Manaphy|130/284|[from] item: Leftovers\n|upkeep\n|turn|5\n|inactive|Time left: 300 sec this turn | 300 sec total\n|\n|t:|1783550148\n|-terastallize|p1a: Ambipom|Ice\n|move|p1a: Ambipom|Triple Axel|p2a: Manaphy\n|-resisted|p2a: Manaphy\n|-damage|p2a: Manaphy|105/284\n|-resisted|p2a: Manaphy\n|-damage|p2a: Manaphy|57/284\n|-resisted|p2a: Manaphy\n|-damage|p2a: Manaphy|0 fnt\n|faint|p2a: Manaphy\n|-hitcount|p2: Manaphy|3\n|\n|upkeep\n|inactive|Time left: 300 sec this turn | 300 sec total | 5 sec grace\n|\n|t:|1783550149\n|switch|p2a: Hoopa|Hoopa, L85|275/275\n|turn|6\n|inactive|Time left: 300 sec this turn | 300 sec total\n|\n|t:|1783550150\n|move|p2a: Hoopa|Focus Blast|p1a: Ambipom|[miss]\n|-miss|p2a: Hoopa|p1a: Ambipom\n|move|p1a: Ambipom|Triple Axel|p2a: Hoopa\n|-damage|p2a: Hoopa|215/275\n|-damage|p2a: Hoopa|89/275\n|-damage|p2a: Hoopa|0 fnt\n|faint|p2a: Hoopa\n|-hitcount|p2: Hoopa|3\n|\n|upkeep\n|inactive|Time left: 300 sec this turn | 300 sec total | 5 sec grace\n|\n|t:|1783550151\n|switch|p2a: Scovillain|Scovillain, L91, F|266/266\n|turn|7\n|inactive|Time left: 300 sec this turn | 300 sec total\n|\n|t:|1783550152\n|-terastallize|p2a: Scovillain|Steel\n|move|p1a: Ambipom|Triple Axel|p2a: Scovillain\n|-resisted|p2a: Scovillain\n|-damage|p2a: Scovillain|239/266\n|-resisted|p2a: Scovillain\n|-damage|p2a: Scovillain|187/266\n|-resisted|p2a: Scovillain\n|-damage|p2a: Scovillain|103/266\n|-hitcount|p2a: Scovillain|3\n|move|p2a: Scovillain|Flamethrower|p1a: Ambipom\n|-supereffective|p1a: Ambipom\n|-damage|p1a: Ambipom|0 fnt\n|faint|p1a: Ambipom\n|\n|-heal|p2a: Scovillain|119/266|[from] item: Leftovers\n|upkeep\n|\n|t:|1783550153\n|switch|p1a: Magmortar|Magmortar, L88, M|100/100\n|turn|8\n|inactive|Time left: 300 sec this turn | 300 sec total\n|\n|t:|1783550155\n|move|p2a: Scovillain|Protect|p2a: Scovillain\n|-singleturn|p2a: Scovillain|Protect\n|move|p1a: Magmortar|Fire Blast|p2a: Scovillain\n|-activate|p2a: Scovillain|move: Protect\n|\n|-heal|p2a: Scovillain|135/266|[from] item: Leftovers\n|upkeep\n|turn|9\n|inactive|Time left: 300 sec this turn | 300 sec total\n|\n|t:|1783550156\n|switch|p2a: Pelipper|Pelipper, L86, F|243/243\n|-weather|RainDance|[from] ability: Drizzle|[of] p2a: Pelipper\n|move|p1a: Magmortar|Fire Blast|p2a: Pelipper\n|-resisted|p2a: Pelipper\n|-damage|p2a: Pelipper|201/243\n|-status|p2a: Pelipper|brn\n|\n|-weather|RainDance|[upkeep]\n|-damage|p2a: Pelipper|186/243 brn|[from] brn\n|upkeep\n|turn|10\n|inactive|Time left: 300 sec this turn | 300 sec total\n|\n|t:|1783550157\n|move|p1a: Magmortar|Thunderbolt|p2a: Pelipper\n|-supereffective|p2a: Pelipper\n|-damage|p2a: Pelipper|0 fnt\n|faint|p2a: Pelipper\n|\n|-weather|RainDance|[upkeep]\n|upkeep\n|inactive|Time left: 300 sec this turn | 300 sec total | 5 sec grace\n|\n|t:|1783550158\n|switch|p2a: Mew|Mew, L82|298/298\n|turn|11\n|inactive|Time left: 300 sec this turn | 300 sec total\n|\n|t:|1783550159\n|switch|p1a: Appletun|Appletun, L92, F|100/100\n|move|p2a: Mew|Nasty Plot|p2a: Mew\n|-boost|p2a: Mew|spa|2\n|\n|-weather|RainDance|[upkeep]\n|upkeep\n|turn|12\n|inactive|Time left: 300 sec this turn | 300 sec total\n|\n|t:|1783550160\n|move|p2a: Mew|Psychic|p1a: Appletun\n|-damage|p1a: Appletun|34/100\n|-damage|p2a: Mew|269/298|[from] item: Life Orb\n|move|p1a: Appletun|Dragon Tail|p2a: Mew\n|-damage|p2a: Mew|208/298\n|drag|p2a: Golem|Golem, L87, M|257/281\n|\n|-weather|RainDance|[upkeep]\n|-heal|p1a: Appletun|40/100|[from] item: Leftovers\n|upkeep\n|turn|13\n|inactive|Time left: 300 sec this turn | 300 sec total\n|\n|t:|1783550162\n|move|p2a: Golem|Stone Edge|p1a: Appletun\n|-damage|p1a: Appletun|5/100\n|move|p1a: Appletun|Apple Acid|p2a: Golem\n|-supereffective|p2a: Golem\n|-damage|p2a: Golem|0 fnt\n|faint|p2a: Golem\n|\n|-weather|none\n|-heal|p1a: Appletun|12/100|[from] item: Leftovers\n|upkeep\n|inactive|Time left: 300 sec this turn | 300 sec total | 5 sec grace\n|\n|t:|1783550163\n|switch|p2a: Mew|Mew, L82|208/298\n|turn|14\n|inactive|Time left: 300 sec this turn | 300 sec total\n|\n|t:|1783550164\n|move|p2a: Mew|Psychic|p1a: Appletun\n|-damage|p1a: Appletun|0 fnt\n|faint|p1a: Appletun\n|-damage|p2a: Mew|179/298|[from] item: Life Orb\n|\n|upkeep\n|\n|t:|1783550165\n|switch|p1a: Rillaboom|Rillaboom, L79, M|100/100\n|-fieldstart|move: Grassy Terrain|[from] ability: Grassy Surge|[of] p1a: Rillaboom\n|turn|15\n|inactive|Time left: 300 sec this turn | 300 sec total\n|\n|t:|1783550166\n|move|p2a: Mew|Psychic|p1a: Rillaboom\n|-damage|p1a: Rillaboom|53/100\n|-damage|p2a: Mew|150/298|[from] item: Life Orb\n|move|p1a: Rillaboom|Wood Hammer|p2a: Mew\n|-damage|p2a: Mew|0 fnt\n|faint|p2a: Mew\n|-damage|p1a: Rillaboom|35/100|[from] Recoil\n|\n|-heal|p1a: Rillaboom|41/100|[from] Grassy Terrain\n|upkeep\n|inactive|Time left: 300 sec this turn | 300 sec total | 5 sec grace\n|\n|t:|1783550167\n|switch|p2a: Scovillain|Scovillain, L91, F, tera:Steel|135/266\n|turn|16\n|inactive|Time left: 300 sec this turn | 300 sec total\n|\n|t:|1783550168\n|move|p2a: Scovillain|Protect|p2a: Scovillain\n|-singleturn|p2a: Scovillain|Protect\n|move|p1a: Rillaboom|Wood Hammer|p2a: Scovillain\n|-activate|p2a: Scovillain|move: Protect\n|\n|-heal|p2a: Scovillain|151/266|[from] Grassy Terrain\n|-heal|p2a: Scovillain|167/266|[from] item: Leftovers\n|-heal|p1a: Rillaboom|48/100|[from] Grassy Terrain\n|upkeep\n|turn|17\n|inactive|Time left: 300 sec this turn | 300 sec total\n|\n|t:|1783550169\n|move|p2a: Scovillain|Substitute|p2a: Scovillain\n|-start|p2a: Scovillain|Substitute\n|-damage|p2a: Scovillain|101/266\n|move|p1a: Rillaboom|Wood Hammer|p2a: Scovillain\n|-resisted|p2a: Scovillain\n|-end|p2a: Scovillain|Substitute\n|-damage|p1a: Rillaboom|40/100|[from] Recoil|[of] p2a: Scovillain\n|\n|-heal|p2a: Scovillain|117/266|[from] Grassy Terrain\n|-heal|p2a: Scovillain|133/266|[from] item: Leftovers\n|-heal|p1a: Rillaboom|46/100|[from] Grassy Terrain\n|upkeep\n|turn|18\n|inactive|Time left: 300 sec this turn | 300 sec total\n|\n|t:|1783550170\n|move|p2a: Scovillain|Substitute|p2a: Scovillain\n|-start|p2a: Scovillain|Substitute\n|-damage|p2a: Scovillain|67/266\n|move|p1a: Rillaboom|Wood Hammer|p2a: Scovillain\n|-resisted|p2a: Scovillain\n|-end|p2a: Scovillain|Substitute\n|-damage|p1a: Rillaboom|39/100|[from] Recoil|[of] p2a: Scovillain\n|\n|-heal|p2a: Scovillain|83/266|[from] Grassy Terrain\n|-heal|p2a: Scovillain|99/266|[from] item: Leftovers\n|-heal|p1a: Rillaboom|45/100|[from] Grassy Terrain\n|upkeep\n|turn|19\n|inactive|Time left: 300 sec this turn | 300 sec total\n|\n|t:|1783550171\n|move|p2a: Scovillain|Protect|p2a: Scovillain\n|-singleturn|p2a: Scovillain|Protect\n|move|p1a: Rillaboom|Wood Hammer|p2a: Scovillain\n|-activate|p2a: Scovillain|move: Protect\n|\n|-heal|p2a: Scovillain|115/266|[from] Grassy Terrain\n|-heal|p2a: Scovillain|131/266|[from] item: Leftovers\n|-heal|p1a: Rillaboom|51/100|[from] Grassy Terrain\n|-fieldend|move: Grassy Terrain\n|upkeep\n|turn|20\n|inactive|Time left: 300 sec this turn | 300 sec total\n|\n|t:|1783550172\n|move|p2a: Scovillain|Substitute|p2a: Scovillain\n|-start|p2a: Scovillain|Substitute\n|-damage|p2a: Scovillain|65/266\n|move|p1a: Rillaboom|Wood Hammer|p2a: Scovillain\n|-resisted|p2a: Scovillain\n|-end|p2a: Scovillain|Substitute\n|-damage|p1a: Rillaboom|44/100|[from] Recoil|[of] p2a: Scovillain\n|\n|-heal|p2a: Scovillain|81/266|[from] item: Leftovers\n|upkeep\n|turn|21\n|inactive|Time left: 300 sec this turn | 300 sec total\n|\n|t:|1783550173\n|move|p2a: Scovillain|Protect|p2a: Scovillain\n|-singleturn|p2a: Scovillain|Protect\n|move|p1a: Rillaboom|Wood Hammer|p2a: Scovillain\n|-activate|p2a: Scovillain|move: Protect\n|\n|-heal|p2a: Scovillain|97/266|[from] item: Leftovers\n|upkeep\n|turn|22\n|inactive|Time left: 300 sec this turn | 300 sec total\n|\n|t:|1783550174\n|move|p2a: Scovillain|Flamethrower|p1a: Rillaboom\n|-supereffective|p1a: Rillaboom\n|-damage|p1a: Rillaboom|0 fnt\n|faint|p1a: Rillaboom\n|\n|-heal|p2a: Scovillain|113/266|[from] item: Leftovers\n|upkeep\n|\n|t:|1783550175\n|switch|p1a: Terrakion|Terrakion, L79|100/100\n|turn|23\n|inactive|Time left: 300 sec this turn | 300 sec total\n|\n|t:|1783550176\n|move|p2a: Scovillain|Protect|p2a: Scovillain\n|-singleturn|p2a: Scovillain|Protect\n|move|p1a: Terrakion|Earthquake|p2a: Scovillain\n|-activate|p2a: Scovillain|move: Protect\n|\n|-heal|p2a: Scovillain|129/266|[from] item: Leftovers\n|upkeep\n|turn|24\n|inactive|Time left: 300 sec this turn | 300 sec total\n|\n|t:|1783550177\n|move|p1a: Terrakion|Close Combat|p2a: Scovillain\n|-supereffective|p2a: Scovillain\n|-damage|p2a: Scovillain|0 fnt\n|-unboost|p1a: Terrakion|def|1\n|-unboost|p1a: Terrakion|spd|1\n|faint|p2a: Scovillain\n|-damage|p1a: Terrakion|91/100|[from] item: Life Orb\n|\n|win|p0x8834784", "uploadtime": 1783550177, "views": 0, "rating": 0, "private": 0, "password": null, "_winner": "p0x8834784", "_our_name": "p0y8838a30"}