{"id": "battle-gen9randombattle-1937", "formatid": "gen9randombattle", "format": "[Gen 9] Random Battle", "players": ["p0x1937fe77", "p0y19371267"], "log": "|init|battle\n|title|p0x1937fe77 vs. p0y19371267\n|j|\u2606p0x1937fe77\n|j|\u2606p0y19371267\n|t:|1783562398\n|gametype|singles\n|player|p1|p0x1937fe77|2|\n|player|p2|p0y19371267|2|\n|gen|9\n|tier|[Gen 9] Random Battle\n|rule|Species Clause: Limit one of each Pok\u00e9mon\n|rule|HP Percentage Mod: HP is shown in percentages\n|rule|Sleep Clause Mod: Limit one foe put to sleep\n|rule|Illusion Level Mod: Illusion disguises the Pok\u00e9mon's true level\n|\n|t:|1783562398\n|teamsize|p1|6\n|teamsize|p2|6\n|start\n|switch|p1a: Arcanine|Arcanine, L84, M|288/288\n|switch|p2a: Coalossal|Coalossal, L89, F|100/100\n|-ability|p1a: Arcanine|Intimidate|boost\n|-unboost|p2a: Coalossal|atk|1\n|turn|1\n|inactive|Battle timer is ON: inactive players will automatically lose when time's up. (requested by p0x1937fe77)\n|inactive|p0y19371267 also wants the timer to be on.\n|\n|t:|1783562400\n|switch|p1a: Enamorus|Enamorus-Therian, L83, F|259/259\n|move|p2a: Coalossal|Stone Edge|p1a: Enamorus|[miss]\n|-miss|p2a: Coalossal|p1a: Enamorus\n|\n|upkeep\n|turn|2\n|inactive|Time left: 300 sec this turn | 300 sec total\n|\n|t:|1783562401\n|switch|p2a: Grumpig|Grumpig, L92, F|100/100\n|move|p1a: Enamorus|Moonblast|p2a: Grumpig\n|-damage|p2a: Grumpig|49/100\n|\n|-heal|p2a: Grumpig|55/100|[from] item: Leftovers\n|upkeep\n|turn|3\n|inactive|Time left: 300 sec this turn | 300 sec total\n|\n|t:|1783562402\n|move|p2a: Grumpig|Nasty Plot|p2a: Grumpig\n|-boost|p2a: Grumpig|spa|2\n|move|p1a: Enamorus|Moonblast|p2a: Grumpig\n|-damage|p2a: Grumpig|6/100\n|\n|-heal|p2a: Grumpig|12/100|[from] item: Leftovers\n|upkeep\n|turn|4\n|inactive|Time left: 300 sec this turn | 300 sec total\n|\n|t:|1783562403\n|move|p2a: Grumpig|Psychic|p1a: Enamorus\n|-damage|p1a: Enamorus|70/259\n|move|p1a: Enamorus|Moonblast|p2a: Grumpig\n|-damage|p2a: Grumpig|0 fnt\n|faint|p2a: Grumpig\n|\n|upkeep\n|\n|t:|1783562404\n|switch|p2a: Drednaw|Drednaw, L81, F|100/100\n|turn|5\n|inactive|Time left: 300 sec this turn | 300 sec total\n|\n|t:|1783562405\n|move|p2a: Drednaw|Liquidation|p1a: Enamorus\n|-damage|p1a: Enamorus|0 fnt\n|faint|p1a: Enamorus\n|\n|upkeep\n|inactive|Time left: 300 sec this turn | 300 sec total | 5 sec grace\n|\n|t:|1783562406\n|switch|p1a: Golurk|Golurk, L87|297/297\n|turn|6\n|inactive|Time left: 300 sec this turn | 300 sec total\n|\n|t:|1783562408\n|-terastallize|p2a: Drednaw|Ground\n|move|p2a: Drednaw|Shell Smash|p2a: Drednaw\n|-unboost|p2a: Drednaw|def|1\n|-unboost|p2a: Drednaw|spd|1\n|-boost|p2a: Drednaw|atk|2\n|-boost|p2a: Drednaw|spa|2\n|-boost|p2a: Drednaw|spe|2\n|-enditem|p2a: Drednaw|White Herb\n|-clearnegativeboost|p2a: Drednaw|[silent]\n|move|p1a: Golurk|Earthquake|p2a: Drednaw\n|-damage|p2a: Drednaw|28/100\n|\n|upkeep\n|turn|7\n|inactive|Time left: 300 sec this turn | 300 sec total\n|\n|t:|1783562409\n|-terastallize|p1a: Golurk|Fighting\n|move|p2a: Drednaw|Liquidation|p1a: Golurk\n|-damage|p1a: Golurk|108/297\n|move|p1a: Golurk|Earthquake|p2a: Drednaw\n|-damage|p2a: Drednaw|0 fnt\n|faint|p2a: Drednaw\n|\n|upkeep\n|\n|t:|1783562410\n|switch|p2a: Keldeo|Keldeo-Resolute, L79|100/100\n|turn|8\n|inactive|Time left: 300 sec this turn | 300 sec total\n|\n|t:|1783562411\n|switch|p1a: Giratina|Giratina, L75|349/349\n|-ability|p1a: Giratina|Pressure\n|move|p2a: Keldeo|Secret Sword|p1a: Giratina\n|-immune|p1a: Giratina\n|\n|upkeep\n|turn|9\n|inactive|Time left: 300 sec this turn | 300 sec total\n|\n|t:|1783562412\n|switch|p2a: Smeargle|Smeargle, L95, F|100/100\n|move|p1a: Giratina|Calm Mind|p1a: Giratina\n|-boost|p1a: Giratina|spa|1\n|-boost|p1a: Giratina|spd|1\n|\n|upkeep\n|turn|10\n|inactive|Time left: 300 sec this turn | 300 sec total\n|\n|t:|1783562413\n|move|p2a: Smeargle|Sticky Web|p1a: Giratina\n|-sidestart|p1: p0x1937fe77|move: Sticky Web\n|move|p1a: Giratina|Dragon Pulse|p2a: Smeargle\n|-damage|p2a: Smeargle|36/100\n|\n|upkeep\n|turn|11\n|inactive|Time left: 300 sec this turn | 300 sec total\n|\n|t:|1783562414\n|move|p2a: Smeargle|Spore|p1a: Giratina\n|-status|p1a: Giratina|slp|[from] move: Spore\n|cant|p1a: Giratina|slp\n|\n|upkeep\n|turn|12\n|inactive|Time left: 300 sec this turn | 300 sec total\n|\n|t:|1783562415\n|-curestatus|p1a: Giratina|slp|[msg]\n|move|p1a: Giratina|Dragon Pulse|p2a: Smeargle\n|-damage|p2a: Smeargle|0 fnt\n|faint|p2a: Smeargle\n|\n|upkeep\n|\n|t:|1783562416\n|switch|p2a: Leafeon|Leafeon, L88, M|100/100\n|turn|13\n|inactive|Time left: 300 sec this turn | 300 sec total\n|\n|t:|1783562417\n|move|p2a: Leafeon|Substitute|p2a: Leafeon\n|-start|p2a: Leafeon|Substitute\n|-damage|p2a: Leafeon|76/100\n|move|p1a: Giratina|Dragon Pulse|p2a: Leafeon\n|-end|p2a: Leafeon|Substitute\n|\n|-heal|p2a: Leafeon|82/100|[from] item: Leftovers\n|upkeep\n|turn|14\n|inactive|Time left: 300 sec this turn | 300 sec total\n|\n|t:|1783562418\n|move|p2a: Leafeon|Substitute|p2a: Leafeon\n|-start|p2a: Leafeon|Substitute\n|-damage|p2a: Leafeon|57/100\n|move|p1a: Giratina|Dragon Pulse|p2a: Leafeon\n|-end|p2a: Leafeon|Substitute\n|\n|-heal|p2a: Leafeon|63/100|[from] item: Leftovers\n|upkeep\n|turn|15\n|inactive|Time left: 300 sec this turn | 300 sec total\n|\n|t:|1783562419\n|move|p2a: Leafeon|Substitute|p2a: Leafeon\n|-start|p2a: Leafeon|Substitute\n|-damage|p2a: Leafeon|38/100\n|move|p1a: Giratina|Dragon Pulse|p2a: Leafeon\n|-end|p2a: Leafeon|Substitute\n|\n|-heal|p2a: Leafeon|45/100|[from] item: Leftovers\n|upkeep\n|turn|16\n|inactive|Time left: 300 sec this turn | 300 sec total\n|\n|t:|1783562420\n|move|p2a: Leafeon|Substitute|p2a: Leafeon\n|-start|p2a: Leafeon|Substitute\n|-damage|p2a: Leafeon|20/100\n|move|p1a: Giratina|Dragon Pulse|p2a: Leafeon\n|-end|p2a: Leafeon|Substitute\n|\n|-heal|p2a: Leafeon|26/100|[from] item: Leftovers\n|upkeep\n|turn|17\n|inactive|Time left: 300 sec this turn | 300 sec total\n|\n|t:|1783562421\n|move|p2a: Leafeon|Substitute|p2a: Leafeon\n|-start|p2a: Leafeon|Substitute\n|-damage|p2a: Leafeon|1/100\n|move|p1a: Giratina|Dragon Pulse|p2a: Leafeon\n|-end|p2a: Leafeon|Substitute\n|\n|-heal|p2a: Leafeon|7/100|[from] item: Leftovers\n|upkeep\n|turn|18\n|inactive|Time left: 300 sec this turn | 300 sec total\n|\n|t:|1783562422\n|move|p2a: Leafeon|Leaf Blade|p1a: Giratina\n|-resisted|p1a: Giratina\n|-damage|p1a: Giratina|298/349\n|move|p1a: Giratina|Dragon Pulse|p2a: Leafeon\n|-damage|p2a: Leafeon|0 fnt\n|faint|p2a: Leafeon\n|\n|-heal|p1a: Giratina|319/349|[from] item: Leftovers\n|upkeep\n|\n|t:|1783562423\n|switch|p2a: Coalossal|Coalossal, L89, F|100/100\n|turn|19\n|inactive|Time left: 300 sec this turn | 300 sec total\n|\n|t:|1783562423\n|move|p1a: Giratina|Calm Mind|p1a: Giratina\n|-boost|p1a: Giratina|spa|1\n|-boost|p1a: Giratina|spd|1\n|move|p2a: Coalossal|Spikes|p1a: Giratina\n|-sidestart|p1: p0x1937fe77|Spikes\n|\n|-heal|p1a: Giratina|340/349|[from] item: Leftovers\n|upkeep\n|turn|20\n|inactive|Time left: 300 sec this turn | 300 sec total\n|\n|t:|1783562424\n|move|p1a: Giratina|Dragon Pulse|p2a: Coalossal\n|-damage|p2a: Coalossal|59/100\n|move|p2a: Coalossal|Spikes|p1a: Giratina\n|-sidestart|p1: p0x1937fe77|Spikes\n|\n|-heal|p1a: Giratina|349/349|[from] item: Leftovers\n|upkeep\n|turn|21\n|inactive|Time left: 300 sec this turn | 300 sec total\n|\n|t:|1783562425\n|move|p1a: Giratina|Dragon Pulse|p2a: Coalossal\n|-damage|p2a: Coalossal|15/100\n|move|p2a: Coalossal|Spikes|p1a: Giratina\n|-sidestart|p1: p0x1937fe77|Spikes\n|\n|upkeep\n|turn|22\n|inactive|Time left: 300 sec this turn | 300 sec total\n|\n|t:|1783562426\n|move|p1a: Giratina|Calm Mind|p1a: Giratina\n|-boost|p1a: Giratina|spa|1\n|-boost|p1a: Giratina|spd|1\n|move|p2a: Coalossal|Stone Edge|p1a: Giratina\n|-damage|p1a: Giratina|262/349\n|\n|-heal|p1a: Giratina|283/349|[from] item: Leftovers\n|upkeep\n|turn|23\n|inactive|Time left: 300 sec this turn | 300 sec total\n|\n|t:|1783562427\n|move|p1a: Giratina|Dragon Pulse|p2a: Coalossal\n|-damage|p2a: Coalossal|0 fnt\n|faint|p2a: Coalossal\n|\n|-heal|p1a: Giratina|304/349|[from] item: Leftovers\n|upkeep\n|\n|t:|1783562428\n|switch|p2a: Keldeo|Keldeo-Resolute, L79|100/100\n|turn|24\n|inactive|Time left: 300 sec this turn | 300 sec total\n|\n|t:|1783562429\n|move|p2a: Keldeo|Air Slash|p1a: Giratina\n|-damage|p1a: Giratina|273/349\n|cant|p1a: Giratina|flinch\n|\n|-heal|p1a: Giratina|294/349|[from] item: Leftovers\n|upkeep\n|turn|25\n|inactive|Time left: 300 sec this turn | 300 sec total\n|\n|t:|1783562429\n|move|p2a: Keldeo|Air Slash|p1a: Giratina\n|-damage|p1a: Giratina|264/349\n|cant|p1a: Giratina|flinch\n|\n|-heal|p1a: Giratina|285/349|[from] item: Leftovers\n|upkeep\n|turn|26\n|inactive|Time left: 300 sec this turn | 300 sec total\n|\n|t:|1783562430\n|move|p2a: Keldeo|Air Slash|p1a: Giratina|[miss]\n|-miss|p2a: Keldeo|p1a: Giratina\n|move|p1a: Giratina|Dragon Pulse|p2a: Keldeo\n|-damage|p2a: Keldeo|32/100\n|\n|-heal|p1a: Giratina|306/349|[from] item: Leftovers\n|upkeep\n|turn|27\n|inactive|Time left: 300 sec this turn | 300 sec total\n|\n|t:|1783562431\n|move|p2a: Keldeo|Air Slash|p1a: Giratina\n|-damage|p1a: Giratina|276/349\n|move|p1a: Giratina|Dragon Pulse|p2a: Keldeo\n|-damage|p2a: Keldeo|0 fnt\n|faint|p2a: Keldeo\n|\n|win|p0x1937fe77", "uploadtime": 1783562431, "views": 0, "rating": 0, "private": 0, "password": null, "_winner": "p0x1937fe77", "_our_name": "p0x1937fe77"}