{"id": "battle-gen9randombattle-772", "formatid": "gen9randombattle", "format": "[Gen 9] Random Battle", "players": ["p0x7729cd4", "p0y772de12"], "log": "|init|battle\n|title|p0x7729cd4 vs. p0y772de12\n|j|\u2606p0x7729cd4\n|j|\u2606p0y772de12\n|t:|1783548073\n|gametype|singles\n|player|p1|p0x7729cd4|169|\n|player|p2|p0y772de12|266|\n|gen|9\n|tier|[Gen 9] Random Battle\n|rule|Species Clause: Limit one of each Pok\u00e9mon\n|rule|HP Percentage Mod: HP is shown in percentages\n|rule|Sleep Clause Mod: Limit one foe put to sleep\n|rule|Illusion Level Mod: Illusion disguises the Pok\u00e9mon's true level\n|\n|t:|1783548073\n|teamsize|p1|6\n|teamsize|p2|6\n|start\n|switch|p1a: Granbull|Granbull, L88, F|100/100\n|switch|p2a: Scream Tail|Scream Tail, L84|330/330\n|-ability|p1a: Granbull|Intimidate|boost\n|-unboost|p2a: Scream Tail|atk|1\n|turn|1\n|inactive|Battle timer is ON: inactive players will automatically lose when time's up. (requested by p0x7729cd4)\n|inactive|Time left: 300 sec this turn | 300 sec total | 60 sec grace\n|inactive|p0y772de12 also wants the timer to be on.\n|\n|t:|1783548074\n|-end|p2a: Scream Tail|Protosynthesis|[silent]\n|switch|p2a: Politoed|Politoed, L88, M|302/302\n|-weather|RainDance|[from] ability: Drizzle|[of] p2a: Politoed\n|move|p1a: Granbull|Play Rough|p2a: Politoed\n|-damage|p2a: Politoed|175/302\n|\n|-weather|RainDance|[upkeep]\n|upkeep\n|turn|2\n|inactive|Time left: 300 sec this turn | 300 sec total\n|\n|t:|1783548076\n|switch|p1a: Ariados|Ariados, L95, F|100/100\n|move|p2a: Politoed|Weather Ball|p1a: Ariados\n|-damage|p1a: Ariados|16/100\n|\n|-weather|RainDance|[upkeep]\n|upkeep\n|turn|3\n|inactive|Time left: 300 sec this turn | 300 sec total\n|\n|t:|1783548077\n|move|p1a: Ariados|Sucker Punch|p2a: Politoed\n|-damage|p2a: Politoed|114/302\n|move|p2a: Politoed|Weather Ball|p1a: Ariados\n|-damage|p1a: Ariados|0 fnt\n|faint|p1a: Ariados\n|\n|-weather|RainDance|[upkeep]\n|upkeep\n|\n|t:|1783548078\n|switch|p1a: Zebstrika|Zebstrika, L87, F|100/100\n|turn|4\n|inactive|Time left: 300 sec this turn | 300 sec total\n|\n|t:|1783548080\n|switch|p2a: Chimecho|Chimecho, L93, F|290/290\n|move|p1a: Zebstrika|Supercell Slam|p2a: Chimecho\n|-damage|p2a: Chimecho|141/290\n|-damage|p1a: Zebstrika|91/100|[from] item: Life Orb\n|\n|-weather|RainDance|[upkeep]\n|-heal|p2a: Chimecho|159/290|[from] item: Leftovers\n|upkeep\n|turn|5\n|inactive|Time left: 300 sec this turn | 300 sec total\n|\n|t:|1783548081\n|move|p1a: Zebstrika|Supercell Slam|p2a: Chimecho\n|-damage|p2a: Chimecho|15/290\n|-damage|p1a: Zebstrika|81/100|[from] item: Life Orb\n|move|p2a: Chimecho|Recover|p2a: Chimecho\n|-heal|p2a: Chimecho|160/290\n|\n|-weather|none\n|-heal|p2a: Chimecho|178/290|[from] item: Leftovers\n|upkeep\n|turn|6\n|inactive|Time left: 300 sec this turn | 300 sec total\n|\n|t:|1783548082\n|move|p1a: Zebstrika|Supercell Slam|p2a: Chimecho\n|-damage|p2a: Chimecho|21/290\n|-damage|p1a: Zebstrika|71/100|[from] item: Life Orb\n|move|p2a: Chimecho|Recover|p2a: Chimecho\n|-heal|p2a: Chimecho|166/290\n|\n|-heal|p2a: Chimecho|184/290|[from] item: Leftovers\n|upkeep\n|turn|7\n|inactive|Time left: 300 sec this turn | 300 sec total\n|\n|t:|1783548084\n|move|p1a: Zebstrika|Volt Switch|p2a: Chimecho\n|-damage|p2a: Chimecho|101/290\n|-damage|p1a: Zebstrika|61/100|[from] item: Life Orb\n|\n|t:|1783548085\n|switch|p1a: Magmortar|Magmortar, L88, F|100/100|[from] Volt Switch\n|move|p2a: Chimecho|Recover|p2a: Chimecho\n|-heal|p2a: Chimecho|246/290\n|\n|-heal|p2a: Chimecho|264/290|[from] item: Leftovers\n|upkeep\n|turn|8\n|inactive|Time left: 300 sec this turn | 300 sec total\n|\n|t:|1783548086\n|move|p1a: Magmortar|Knock Off|p2a: Chimecho\n|-supereffective|p2a: Chimecho\n|-damage|p2a: Chimecho|118/290\n|-enditem|p2a: Chimecho|Leftovers|[from] move: Knock Off|[of] p1a: Magmortar\n|move|p2a: Chimecho|Recover|p2a: Chimecho\n|-heal|p2a: Chimecho|263/290\n|\n|upkeep\n|turn|9\n|inactive|Time left: 300 sec this turn | 300 sec total\n|\n|t:|1783548087\n|move|p1a: Magmortar|Fire Blast|p2a: Chimecho\n|-damage|p2a: Chimecho|118/290\n|move|p2a: Chimecho|Psychic Noise|p1a: Magmortar\n|-damage|p1a: Magmortar|71/100\n|-start|p1a: Magmortar|move: Heal Block\n|\n|upkeep\n|turn|10\n|inactive|Time left: 300 sec this turn | 300 sec total\n|\n|t:|1783548088\n|move|p1a: Magmortar|Fire Blast|p2a: Chimecho\n|-damage|p2a: Chimecho|0 fnt\n|faint|p2a: Chimecho\n|\n|-end|p1a: Magmortar|move: Heal Block\n|upkeep\n|inactive|Time left: 300 sec this turn | 300 sec total | 5 sec grace\n|\n|t:|1783548089\n|switch|p2a: Milotic|Milotic, L83, M|293/293\n|turn|11\n|inactive|Time left: 300 sec this turn | 300 sec total\n|\n|t:|1783548089\n|move|p1a: Magmortar|Knock Off|p2a: Milotic\n|-damage|p2a: Milotic|207/293\n|-enditem|p2a: Milotic|Leftovers|[from] move: Knock Off|[of] p1a: Magmortar\n|move|p2a: Milotic|Scald|p1a: Magmortar\n|-supereffective|p1a: Magmortar\n|-damage|p1a: Magmortar|10/100\n|\n|upkeep\n|turn|12\n|inactive|Time left: 300 sec this turn | 300 sec total\n|\n|t:|1783548091\n|move|p1a: Magmortar|Thunderbolt|p2a: Milotic\n|-supereffective|p2a: Milotic\n|-damage|p2a: Milotic|69/293\n|move|p2a: Milotic|Scald|p1a: Magmortar\n|-supereffective|p1a: Magmortar\n|-damage|p1a: Magmortar|0 fnt\n|faint|p1a: Magmortar\n|\n|upkeep\n|\n|t:|1783548091\n|switch|p1a: Zebstrika|Zebstrika, L87, F|61/100\n|turn|13\n|inactive|Time left: 300 sec this turn | 300 sec total\n|\n|t:|1783548092\n|switch|p2a: Scream Tail|Scream Tail, L84|330/330\n|move|p1a: Zebstrika|Supercell Slam|p2a: Scream Tail\n|-damage|p2a: Scream Tail|184/330\n|-damage|p1a: Zebstrika|51/100|[from] item: Life Orb\n|\n|-heal|p2a: Scream Tail|204/330|[from] item: Leftovers\n|upkeep\n|turn|14\n|inactive|Time left: 300 sec this turn | 300 sec total\n|\n|t:|1783548093\n|move|p1a: Zebstrika|Supercell Slam|p2a: Scream Tail\n|-crit|p2a: Scream Tail\n|-damage|p2a: Scream Tail|0 fnt\n|faint|p2a: Scream Tail\n|-end|p2a: Scream Tail|Protosynthesis|[silent]\n|-damage|p1a: Zebstrika|41/100|[from] item: Life Orb\n|\n|upkeep\n|inactive|Time left: 300 sec this turn | 300 sec total | 5 sec grace\n|\n|t:|1783548094\n|switch|p2a: Froslass|Froslass, L87, F|263/263\n|turn|15\n|inactive|Time left: 300 sec this turn | 300 sec total\n|\n|t:|1783548095\n|move|p1a: Zebstrika|Supercell Slam|p2a: Froslass\n|-damage|p2a: Froslass|90/263\n|-damage|p1a: Zebstrika|31/100|[from] item: Life Orb\n|move|p2a: Froslass|Poltergeist|p1a: Zebstrika\n|-activate|p1a: Zebstrika|move: Poltergeist|Life Orb\n|-damage|p1a: Zebstrika|0 fnt\n|faint|p1a: Zebstrika\n|\n|upkeep\n|\n|t:|1783548096\n|switch|p1a: Granbull|Granbull, L88, F|100/100\n|-ability|p1a: Granbull|Intimidate|boost\n|-unboost|p2a: Froslass|atk|1\n|turn|16\n|inactive|Time left: 300 sec this turn | 300 sec total\n|\n|t:|1783548097\n|move|p2a: Froslass|Destiny Bond|p2a: Froslass\n|-singlemove|p2a: Froslass|Destiny Bond\n|move|p1a: Granbull|Play Rough|p2a: Froslass\n|-damage|p2a: Froslass|0 fnt\n|faint|p2a: Froslass\n|-activate|p2a: Froslass|move: Destiny Bond\n|faint|p1a: Granbull\n|\n|upkeep\n|inactive|Time left: 300 sec this turn | 300 sec total | 5 sec grace\n|\n|t:|1783548099\n|switch|p2a: Milotic|Milotic, L83, M|69/293\n|switch|p1a: Grafaiai|Grafaiai, L86, M|100/100\n|turn|17\n|inactive|Time left: 300 sec this turn | 300 sec total\n|\n|t:|1783548100\n|-terastallize|p1a: Grafaiai|Dark\n|move|p1a: Grafaiai|Knock Off|p2a: Milotic\n|-damage|p2a: Milotic|0 fnt\n|faint|p2a: Milotic\n|\n|upkeep\n|inactive|Time left: 300 sec this turn | 300 sec total | 5 sec grace\n|\n|t:|1783548101\n|switch|p2a: Whimsicott|Whimsicott, L84, F|238/238\n|turn|18\n|inactive|Time left: 300 sec this turn | 300 sec total\n|\n|t:|1783548102\n|-terastallize|p2a: Whimsicott|Steel\n|move|p2a: Whimsicott|Moonblast|p1a: Grafaiai\n|-supereffective|p1a: Grafaiai\n|-damage|p1a: Grafaiai|27/100\n|move|p1a: Grafaiai|Gunk Shot|p2a: Whimsicott\n|-immune|p2a: Whimsicott\n|\n|upkeep\n|turn|19\n|inactive|Time left: 300 sec this turn | 300 sec total\n|\n|t:|1783548103\n|move|p2a: Whimsicott|Moonblast|p1a: Grafaiai\n|-supereffective|p1a: Grafaiai\n|-damage|p1a: Grafaiai|0 fnt\n|faint|p1a: Grafaiai\n|\n|upkeep\n|\n|t:|1783548104\n|switch|p1a: Honchkrow|Honchkrow, L86, M|100/100\n|turn|20\n|inactive|Time left: 300 sec this turn | 300 sec total\n|\n|t:|1783548104\n|move|p2a: Whimsicott|Moonblast|p1a: Honchkrow\n|-supereffective|p1a: Honchkrow\n|-damage|p1a: Honchkrow|22/100\n|move|p1a: Honchkrow|Heat Wave|p2a: Whimsicott\n|-supereffective|p2a: Whimsicott\n|-damage|p2a: Whimsicott|80/238\n|\n|-heal|p2a: Whimsicott|94/238|[from] item: Leftovers\n|upkeep\n|turn|21\n|inactive|Time left: 300 sec this turn | 300 sec total\n|\n|t:|1783548105\n|switch|p2a: Politoed|Politoed, L88, M|114/302\n|-weather|RainDance|[from] ability: Drizzle|[of] p2a: Politoed\n|move|p1a: Honchkrow|Brave Bird|p2a: Politoed\n|-damage|p2a: Politoed|0 fnt\n|faint|p2a: Politoed\n|-ability|p1a: Honchkrow|Moxie|boost\n|-boost|p1a: Honchkrow|atk|1\n|-damage|p1a: Honchkrow|9/100|[from] Recoil\n|\n|-weather|RainDance|[upkeep]\n|upkeep\n|inactive|Time left: 300 sec this turn | 300 sec total | 5 sec grace\n|\n|t:|1783548106\n|switch|p2a: Whimsicott|Whimsicott, L84, F, tera:Steel|94/238\n|turn|22\n|inactive|Time left: 300 sec this turn | 300 sec total\n|\n|t:|1783548107\n|move|p2a: Whimsicott|Encore|p1a: Honchkrow\n|-hint|Since gen 7, Dark is immune to Prankster moves.\n|-immune|p1a: Honchkrow\n|move|p1a: Honchkrow|Sucker Punch||[still]\n|-fail|p1a: Honchkrow\n|\n|-weather|RainDance|[upkeep]\n|-heal|p2a: Whimsicott|108/238|[from] item: Leftovers\n|upkeep\n|turn|23\n|inactive|Time left: 300 sec this turn | 300 sec total\n|\n|t:|1783548108\n|move|p2a: Whimsicott|Encore|p1a: Honchkrow\n|-hint|Since gen 7, Dark is immune to Prankster moves.\n|-immune|p1a: Honchkrow\n|move|p1a: Honchkrow|Heat Wave|p2a: Whimsicott\n|-supereffective|p2a: Whimsicott\n|-damage|p2a: Whimsicott|28/238\n|\n|-weather|RainDance|[upkeep]\n|-heal|p2a: Whimsicott|42/238|[from] item: Leftovers\n|upkeep\n|turn|24\n|inactive|Time left: 300 sec this turn | 300 sec total\n|\n|t:|1783548109\n|move|p2a: Whimsicott|Encore|p1a: Honchkrow\n|-hint|Since gen 7, Dark is immune to Prankster moves.\n|-immune|p1a: Honchkrow\n|move|p1a: Honchkrow|Sucker Punch||[still]\n|-fail|p1a: Honchkrow\n|\n|-weather|RainDance|[upkeep]\n|-heal|p2a: Whimsicott|56/238|[from] item: Leftovers\n|upkeep\n|turn|25\n|inactive|Time left: 300 sec this turn | 300 sec total\n|\n|t:|1783548110\n|move|p2a: Whimsicott|Stun Spore|p1a: Honchkrow\n|-hint|Since gen 7, Dark is immune to Prankster moves.\n|-immune|p1a: Honchkrow\n|move|p1a: Honchkrow|Sucker Punch||[still]\n|-fail|p1a: Honchkrow\n|\n|-weather|none\n|-heal|p2a: Whimsicott|70/238|[from] item: Leftovers\n|upkeep\n|turn|26\n|inactive|Time left: 300 sec this turn | 300 sec total\n|\n|t:|1783548110\n|move|p2a: Whimsicott|Stun Spore|p1a: Honchkrow\n|-hint|Since gen 7, Dark is immune to Prankster moves.\n|-immune|p1a: Honchkrow\n|move|p1a: Honchkrow|Sucker Punch||[still]\n|-fail|p1a: Honchkrow\n|\n|-heal|p2a: Whimsicott|84/238|[from] item: Leftovers\n|upkeep\n|turn|27\n|inactive|Time left: 300 sec this turn | 300 sec total\n|\n|t:|1783548111\n|move|p2a: Whimsicott|Encore|p1a: Honchkrow\n|-hint|Since gen 7, Dark is immune to Prankster moves.\n|-immune|p1a: Honchkrow\n|move|p1a: Honchkrow|Sucker Punch||[still]\n|-fail|p1a: Honchkrow\n|\n|-heal|p2a: Whimsicott|98/238|[from] item: Leftovers\n|upkeep\n|turn|28\n|inactive|Time left: 300 sec this turn | 300 sec total\n|\n|t:|1783548112\n|move|p2a: Whimsicott|Stun Spore|p1a: Honchkrow\n|-hint|Since gen 7, Dark is immune to Prankster moves.\n|-immune|p1a: Honchkrow\n|move|p1a: Honchkrow|Sucker Punch||[still]\n|-fail|p1a: Honchkrow\n|\n|-heal|p2a: Whimsicott|112/238|[from] item: Leftovers\n|upkeep\n|turn|29\n|inactive|Time left: 300 sec this turn | 300 sec total\n|\n|t:|1783548113\n|move|p2a: Whimsicott|Stun Spore|p1a: Honchkrow\n|-hint|Since gen 7, Dark is immune to Prankster moves.\n|-immune|p1a: Honchkrow\n|move|p1a: Honchkrow|Sucker Punch||[still]\n|-fail|p1a: Honchkrow\n|\n|-heal|p2a: Whimsicott|126/238|[from] item: Leftovers\n|upkeep\n|turn|30\n|inactive|Time left: 300 sec this turn | 300 sec total\n|\n|t:|1783548114\n|move|p2a: Whimsicott|Encore|p1a: Honchkrow\n|-hint|Since gen 7, Dark is immune to Prankster moves.\n|-immune|p1a: Honchkrow\n|move|p1a: Honchkrow|Heat Wave|p2a: Whimsicott\n|-supereffective|p2a: Whimsicott\n|-damage|p2a: Whimsicott|0 fnt\n|faint|p2a: Whimsicott\n|\n|win|p0x7729cd4", "uploadtime": 1783548114, "views": 0, "rating": 0, "private": 0, "password": null, "_winner": "p0x7729cd4", "_our_name": "p0y772de12"}