{"id": "battle-gen9randombattle-2831", "formatid": "gen9randombattle", "format": "[Gen 9] Random Battle", "players": ["p0x28316331", "p0y28315e8f"], "log": "|init|battle\n|title|p0x28316331 vs. p0y28315e8f\n|j|\u2606p0x28316331\n|j|\u2606p0y28315e8f\n|t:|1783572610\n|gametype|singles\n|player|p1|p0x28316331|266|\n|player|p2|p0y28315e8f|170|\n|gen|9\n|tier|[Gen 9] Random Battle\n|rule|Species Clause: Limit one of each Pok\u00e9mon\n|rule|HP Percentage Mod: HP is shown in percentages\n|rule|Sleep Clause Mod: Limit one foe put to sleep\n|rule|Illusion Level Mod: Illusion disguises the Pok\u00e9mon's true level\n|\n|t:|1783572610\n|teamsize|p1|6\n|teamsize|p2|6\n|start\n|switch|p1a: Delibird|Delibird, M|100/100\n|switch|p2a: Sneasler|Sneasler, L74, F|240/240\n|turn|1\n|inactive|Battle timer is ON: inactive players will automatically lose when time's up. (requested by p0x28316331)\n|inactive|Time left: 300 sec this turn | 300 sec total | 60 sec grace\n|inactive|p0y28315e8f also wants the timer to be on.\n|\n|t:|1783572612\n|switch|p2a: Garganacl|Garganacl, L80, F|291/291\n|move|p1a: Delibird|Brave Bird|p2a: Garganacl\n|-resisted|p2a: Garganacl\n|-damage|p2a: Garganacl|244/291\n|-damage|p1a: Delibird|94/100|[from] Recoil\n|\n|-heal|p2a: Garganacl|262/291|[from] item: Leftovers\n|upkeep\n|turn|2\n|inactive|Time left: 300 sec this turn | 300 sec total\n|\n|t:|1783572613\n|switch|p1a: Cresselia|Cresselia, L80, F|100/100\n|move|p2a: Garganacl|Salt Cure|p1a: Cresselia\n|-damage|p1a: Cresselia|89/100\n|-start|p1a: Cresselia|Salt Cure\n|\n|-heal|p1a: Cresselia|95/100|[from] item: Leftovers\n|-heal|p2a: Garganacl|280/291|[from] item: Leftovers\n|-damage|p1a: Cresselia|83/100|[from] Salt Cure\n|upkeep\n|turn|3\n|inactive|Time left: 300 sec this turn | 300 sec total\n|\n|t:|1783572615\n|move|p1a: Cresselia|Calm Mind|p1a: Cresselia\n|-boost|p1a: Cresselia|spa|1\n|-boost|p1a: Cresselia|spd|1\n|move|p2a: Garganacl|Stealth Rock|p1a: Cresselia\n|-sidestart|p1: p0x28316331|move: Stealth Rock\n|\n|-heal|p1a: Cresselia|89/100|[from] item: Leftovers\n|-heal|p2a: Garganacl|291/291|[from] item: Leftovers\n|-damage|p1a: Cresselia|77/100|[from] Salt Cure\n|upkeep\n|turn|4\n|inactive|Time left: 300 sec this turn | 300 sec total\n|\n|t:|1783572615\n|switch|p2a: Uxie|Uxie, L83|260/260\n|move|p1a: Cresselia|Calm Mind|p1a: Cresselia\n|-boost|p1a: Cresselia|spa|1\n|-boost|p1a: Cresselia|spd|1\n|\n|-heal|p1a: Cresselia|83/100|[from] item: Leftovers\n|-damage|p1a: Cresselia|70/100|[from] Salt Cure\n|upkeep\n|turn|5\n|inactive|Time left: 300 sec this turn | 300 sec total\n|\n|t:|1783572617\n|move|p2a: Uxie|Encore|p1a: Cresselia\n|-start|p1a: Cresselia|Encore\n|move|p1a: Cresselia|Calm Mind|p1a: Cresselia\n|-boost|p1a: Cresselia|spa|1\n|-boost|p1a: Cresselia|spd|1\n|\n|-heal|p1a: Cresselia|77/100|[from] item: Leftovers\n|-damage|p1a: Cresselia|64/100|[from] Salt Cure\n|upkeep\n|turn|6\n|inactive|Time left: 300 sec this turn | 300 sec total\n|\n|t:|1783572617\n|move|p2a: Uxie|Knock Off|p1a: Cresselia\n|-supereffective|p1a: Cresselia\n|-damage|p1a: Cresselia|36/100\n|-enditem|p1a: Cresselia|Leftovers|[from] move: Knock Off|[of] p2a: Uxie\n|move|p1a: Cresselia|Calm Mind|p1a: Cresselia\n|-boost|p1a: Cresselia|spa|1\n|-boost|p1a: Cresselia|spd|1\n|\n|-damage|p1a: Cresselia|23/100|[from] Salt Cure\n|upkeep\n|turn|7\n|inactive|Time left: 300 sec this turn | 300 sec total\n|\n|t:|1783572618\n|switch|p1a: Clefable|Clefable, L83, F|100/100\n|move|p2a: Uxie|Psychic Noise|p1a: Clefable\n|-damage|p1a: Clefable|78/100\n|-start|p1a: Clefable|move: Heal Block\n|\n|upkeep\n|turn|8\n|inactive|Time left: 300 sec this turn | 300 sec total\n|\n|t:|1783572620\n|move|p2a: Uxie|Knock Off|p1a: Clefable\n|-resisted|p1a: Clefable\n|-damage|p1a: Clefable|67/100\n|-enditem|p1a: Clefable|Life Orb|[from] move: Knock Off|[of] p2a: Uxie\n|move|p1a: Clefable|Calm Mind|p1a: Clefable\n|-boost|p1a: Clefable|spa|1\n|-boost|p1a: Clefable|spd|1\n|\n|-end|p1a: Clefable|move: Heal Block\n|upkeep\n|turn|9\n|inactive|Time left: 300 sec this turn | 300 sec total\n|\n|t:|1783572621\n|move|p2a: Uxie|Encore|p1a: Clefable\n|-start|p1a: Clefable|Encore\n|move|p1a: Clefable|Calm Mind|p1a: Clefable\n|-boost|p1a: Clefable|spa|1\n|-boost|p1a: Clefable|spd|1\n|\n|upkeep\n|turn|10\n|inactive|Time left: 300 sec this turn | 300 sec total\n|\n|t:|1783572621\n|switch|p2a: Sneasler|Sneasler, L74, F|240/240\n|move|p1a: Clefable|Calm Mind|p1a: Clefable\n|-boost|p1a: Clefable|spa|1\n|-boost|p1a: Clefable|spd|1\n|\n|upkeep\n|turn|11\n|inactive|Time left: 300 sec this turn | 300 sec total\n|\n|t:|1783572623\n|move|p2a: Sneasler|Gunk Shot|p1a: Clefable\n|-supereffective|p1a: Clefable\n|-damage|p1a: Clefable|0 fnt\n|faint|p1a: Clefable\n|\n|upkeep\n|\n|t:|1783572624\n|switch|p1a: Delibird|Delibird, M|94/100\n|turn|12\n|inactive|Time left: 300 sec this turn | 300 sec total\n|\n|t:|1783572625\n|move|p2a: Sneasler|Close Combat|p1a: Delibird\n|-damage|p1a: Delibird|25/100\n|-unboost|p2a: Sneasler|def|1\n|-unboost|p2a: Sneasler|spd|1\n|-enditem|p2a: Sneasler|White Herb\n|-clearnegativeboost|p2a: Sneasler|[silent]\n|move|p1a: Delibird|Rapid Spin|p2a: Sneasler\n|-damage|p2a: Sneasler|187/240\n|-boost|p1a: Delibird|spe|1\n|-sideend|p1: p0x28316331|Stealth Rock|[from] move: Rapid Spin|[of] p1a: Delibird\n|\n|upkeep\n|turn|13\n|inactive|Time left: 300 sec this turn | 300 sec total\n|\n|t:|1783572625\n|switch|p1a: Cresselia|Cresselia, L80, F|23/100\n|move|p2a: Sneasler|Acrobatics|p1a: Cresselia\n|-damage|p1a: Cresselia|4/100\n|\n|upkeep\n|turn|14\n|inactive|Time left: 300 sec this turn | 300 sec total\n|\n|t:|1783572626\n|move|p2a: Sneasler|Acrobatics|p1a: Cresselia\n|-damage|p1a: Cresselia|0 fnt\n|faint|p1a: Cresselia\n|\n|upkeep\n|\n|t:|1783572627\n|switch|p1a: Roaring Moon|Roaring Moon, L72|100/100\n|-enditem|p1a: Roaring Moon|Booster Energy\n|-activate|p1a: Roaring Moon|ability: Protosynthesis|[fromitem]\n|-start|p1a: Roaring Moon|protosynthesisatk\n|turn|15\n|inactive|Time left: 300 sec this turn | 300 sec total\n|\n|t:|1783572628\n|-terastallize|p1a: Roaring Moon|Flying\n|move|p2a: Sneasler|Close Combat|p1a: Roaring Moon\n|-resisted|p1a: Roaring Moon\n|-damage|p1a: Roaring Moon|68/100\n|-unboost|p2a: Sneasler|def|1\n|-unboost|p2a: Sneasler|spd|1\n|move|p1a: Roaring Moon|Outrage|p2a: Sneasler\n|-damage|p2a: Sneasler|0 fnt\n|faint|p2a: Sneasler\n|\n|upkeep\n|inactive|Time left: 300 sec this turn | 300 sec total | 5 sec grace\n|\n|t:|1783572630\n|switch|p2a: Galvantula|Galvantula, L82, F|249/249\n|turn|16\n|inactive|Time left: 300 sec this turn | 300 sec total\n|\n|t:|1783572631\n|move|p2a: Galvantula|Thunder|p1a: Roaring Moon\n|-supereffective|p1a: Roaring Moon\n|-damage|p1a: Roaring Moon|0 fnt\n|faint|p1a: Roaring Moon\n|-end|p1a: Roaring Moon|Protosynthesis|[silent]\n|\n|upkeep\n|\n|t:|1783572632\n|switch|p1a: Cinccino|Cinccino, L83, F|100/100\n|turn|17\n|inactive|Time left: 300 sec this turn | 300 sec total\n|\n|t:|1783572632\n|move|p1a: Cinccino|Tail Slap|p2a: Galvantula\n|-damage|p2a: Galvantula|198/249\n|-damage|p2a: Galvantula|150/249\n|-damage|p2a: Galvantula|102/249\n|-damage|p2a: Galvantula|50/249\n|-hitcount|p2a: Galvantula|4\n|move|p2a: Galvantula|Thunder|p1a: Cinccino\n|-damage|p1a: Cinccino|49/100\n|-status|p1a: Cinccino|par\n|\n|upkeep\n|turn|18\n|inactive|Time left: 300 sec this turn | 300 sec total\n|\n|t:|1783572633\n|move|p2a: Galvantula|Thunder|p1a: Cinccino\n|-damage|p1a: Cinccino|0 fnt\n|faint|p1a: Cinccino\n|\n|upkeep\n|\n|t:|1783572634\n|switch|p1a: Sableye|Sableye, L88, M|100/100\n|turn|19\n|inactive|Time left: 300 sec this turn | 300 sec total\n|\n|t:|1783572635\n|move|p2a: Galvantula|Thunder|p1a: Sableye\n|-damage|p1a: Sableye|47/100\n|-status|p1a: Sableye|par\n|move|p1a: Sableye|Knock Off|p2a: Galvantula\n|-damage|p2a: Galvantula|0 fnt\n|-enditem|p2a: Galvantula|Heavy-Duty Boots|[from] move: Knock Off|[of] p1a: Sableye\n|faint|p2a: Galvantula\n|\n|-heal|p1a: Sableye|53/100 par|[from] item: Leftovers\n|upkeep\n|inactive|Time left: 300 sec this turn | 300 sec total | 5 sec grace\n|\n|t:|1783572636\n|switch|p2a: Palossand|Palossand, L89, M|296/296\n|turn|20\n|inactive|Time left: 300 sec this turn | 300 sec total\n|\n|t:|1783572637\n|move|p1a: Sableye|Recover|p1a: Sableye\n|-heal|p1a: Sableye|100/100 par\n|move|p2a: Palossand|Earth Power|p1a: Sableye\n|-damage|p1a: Sableye|41/100 par\n|\n|-heal|p1a: Sableye|47/100 par|[from] item: Leftovers\n|upkeep\n|turn|21\n|inactive|Time left: 300 sec this turn | 300 sec total\n|\n|t:|1783572638\n|move|p1a: Sableye|Recover|p1a: Sableye\n|-heal|p1a: Sableye|97/100 par\n|move|p2a: Palossand|Shadow Ball|p1a: Sableye\n|-damage|p1a: Sableye|45/100 par\n|-unboost|p1a: Sableye|spd|1\n|\n|-heal|p1a: Sableye|51/100 par|[from] item: Leftovers\n|upkeep\n|turn|22\n|inactive|Time left: 300 sec this turn | 300 sec total\n|\n|t:|1783572639\n|move|p1a: Sableye|Recover|p1a: Sableye\n|-heal|p1a: Sableye|100/100 par\n|move|p2a: Palossand|Shadow Ball|p1a: Sableye\n|-damage|p1a: Sableye|26/100 par\n|\n|-heal|p1a: Sableye|32/100 par|[from] item: Leftovers\n|upkeep\n|turn|23\n|inactive|Time left: 300 sec this turn | 300 sec total\n|\n|t:|1783572640\n|move|p1a: Sableye|Recover|p1a: Sableye\n|-heal|p1a: Sableye|82/100 par\n|move|p2a: Palossand|Shadow Ball|p1a: Sableye\n|-crit|p1a: Sableye\n|-damage|p1a: Sableye|0 fnt\n|faint|p1a: Sableye\n|\n|upkeep\n|\n|t:|1783572641\n|switch|p1a: Delibird|Delibird, M|25/100\n|turn|24\n|inactive|Time left: 300 sec this turn | 300 sec total\n|\n|t:|1783572641\n|-terastallize|p2a: Palossand|Poison\n|move|p1a: Delibird|Freeze-Dry|p2a: Palossand\n|-damage|p2a: Palossand|212/296\n|move|p2a: Palossand|Sludge Bomb|p1a: Delibird\n|-damage|p1a: Delibird|0 fnt\n|faint|p1a: Delibird\n|\n|win|p0y28315e8f", "uploadtime": 1783572641, "views": 0, "rating": 0, "private": 0, "password": null, "_winner": "p0y28315e8f", "_our_name": "p0y28315e8f"}