{"id": "battle-gen9randombattle-1548", "formatid": "gen9randombattle", "format": "[Gen 9] Random Battle", "players": ["p0x15482485", "p0y15484265"], "log": "|init|battle\n|title|p0x15482485 vs. p0y15484265\n|j|\u2606p0x15482485\n|j|\u2606p0y15484265\n|t:|1783557100\n|gametype|singles\n|player|p1|p0x15482485|169|\n|player|p2|p0y15484265|2|\n|gen|9\n|tier|[Gen 9] Random Battle\n|rule|Species Clause: Limit one of each Pok\u00e9mon\n|rule|HP Percentage Mod: HP is shown in percentages\n|rule|Sleep Clause Mod: Limit one foe put to sleep\n|rule|Illusion Level Mod: Illusion disguises the Pok\u00e9mon's true level\n|\n|t:|1783557100\n|teamsize|p1|6\n|teamsize|p2|6\n|start\n|switch|p1a: Venomoth|Venomoth, L84, M|100/100\n|switch|p2a: Medicham|Medicham, L86, F|243/243\n|turn|1\n|inactive|Battle timer is ON: inactive players will automatically lose when time's up. (requested by p0y15484265)\n|inactive|p0x15482485 also wants the timer to be on.\n|\n|t:|1783557102\n|move|p2a: Medicham|Zen Headbutt|p1a: Venomoth|[miss]\n|-miss|p2a: Medicham|p1a: Venomoth\n|move|p1a: Venomoth|Sleep Powder|p2a: Medicham\n|-status|p2a: Medicham|slp|[from] move: Sleep Powder\n|\n|upkeep\n|turn|2\n|inactive|Time left: 300 sec this turn | 300 sec total\n|\n|t:|1783557102\n|switch|p2a: Kricketune|Kricketune, L99, F|312/312\n|move|p1a: Venomoth|Quiver Dance|p1a: Venomoth\n|-boost|p1a: Venomoth|spa|1\n|-boost|p1a: Venomoth|spd|1\n|-boost|p1a: Venomoth|spe|1\n|\n|upkeep\n|turn|3\n|inactive|Time left: 300 sec this turn | 300 sec total\n|\n|t:|1783557104\n|move|p1a: Venomoth|Bug Buzz|p2a: Kricketune\n|-damage|p2a: Kricketune|156/312\n|move|p2a: Kricketune|Sticky Web|p1a: Venomoth\n|-sidestart|p1: p0x15482485|move: Sticky Web\n|\n|upkeep\n|turn|4\n|inactive|Time left: 300 sec this turn | 300 sec total\n|\n|t:|1783557105\n|switch|p2a: Torkoal|Torkoal, L88, F|266/266\n|-weather|SunnyDay|[from] ability: Drought|[of] p2a: Torkoal\n|move|p1a: Venomoth|Sludge Wave|p2a: Torkoal\n|-damage|p2a: Torkoal|100/266\n|\n|-weather|SunnyDay|[upkeep]\n|upkeep\n|turn|5\n|inactive|Time left: 300 sec this turn | 300 sec total\n|\n|t:|1783557106\n|move|p1a: Venomoth|Bug Buzz|p2a: Torkoal\n|-resisted|p2a: Torkoal\n|-damage|p2a: Torkoal|0 fnt\n|faint|p2a: Torkoal\n|\n|-weather|SunnyDay|[upkeep]\n|upkeep\n|inactive|Time left: 300 sec this turn | 300 sec total | 5 sec grace\n|\n|t:|1783557107\n|switch|p2a: Sableye|Sableye, L88, M|231/231\n|turn|6\n|inactive|Time left: 300 sec this turn | 300 sec total\n|\n|t:|1783557108\n|move|p1a: Venomoth|Bug Buzz|p2a: Sableye\n|-damage|p2a: Sableye|81/231\n|move|p2a: Sableye|Knock Off|p1a: Venomoth\n|-damage|p1a: Venomoth|48/100\n|-enditem|p1a: Venomoth|Heavy-Duty Boots|[from] move: Knock Off|[of] p2a: Sableye\n|\n|-weather|SunnyDay|[upkeep]\n|-heal|p2a: Sableye|95/231|[from] item: Leftovers\n|upkeep\n|turn|7\n|inactive|Time left: 300 sec this turn | 300 sec total\n|\n|t:|1783557109\n|move|p2a: Sableye|Thunder Wave|p1a: Venomoth\n|-status|p1a: Venomoth|par\n|move|p1a: Venomoth|Bug Buzz|p2a: Sableye\n|-damage|p2a: Sableye|0 fnt\n|faint|p2a: Sableye\n|\n|-weather|SunnyDay|[upkeep]\n|upkeep\n|inactive|Time left: 300 sec this turn | 300 sec total | 5 sec grace\n|\n|t:|1783557110\n|switch|p2a: Miraidon|Miraidon, L65|238/238\n|-fieldstart|move: Electric Terrain|[from] ability: Hadron Engine|[of] p2a: Miraidon\n|turn|8\n|inactive|Time left: 300 sec this turn | 300 sec total\n|\n|t:|1783557110\n|move|p2a: Miraidon|Electro Drift|p1a: Venomoth\n|-damage|p1a: Venomoth|0 fnt\n|faint|p1a: Venomoth\n|-damage|p2a: Miraidon|215/238|[from] item: Life Orb\n|\n|-weather|none\n|upkeep\n|\n|t:|1783557111\n|switch|p1a: Torterra|Torterra, L78, M|100/100\n|-activate|p1a: Torterra|move: Sticky Web\n|-unboost|p1a: Torterra|spe|1\n|turn|9\n|inactive|Time left: 300 sec this turn | 300 sec total\n|\n|t:|1783557112\n|switch|p2a: Leafeon|Leafeon, L88, F|258/258\n|move|p1a: Torterra|Headlong Rush|p2a: Leafeon\n|-resisted|p2a: Leafeon\n|-damage|p2a: Leafeon|216/258\n|-unboost|p1a: Torterra|def|1\n|-unboost|p1a: Torterra|spd|1\n|\n|-heal|p2a: Leafeon|232/258|[from] item: Leftovers\n|upkeep\n|turn|10\n|inactive|Time left: 300 sec this turn | 300 sec total\n|\n|t:|1783557113\n|switch|p1a: Emboar|Emboar, L84, F|100/100\n|-activate|p1a: Emboar|move: Sticky Web\n|-unboost|p1a: Emboar|spe|1\n|move|p2a: Leafeon|Swords Dance|p2a: Leafeon\n|-boost|p2a: Leafeon|atk|2\n|\n|-heal|p2a: Leafeon|248/258|[from] item: Leftovers\n|upkeep\n|turn|11\n|inactive|Time left: 300 sec this turn | 300 sec total\n|\n|t:|1783557114\n|move|p2a: Leafeon|Substitute|p2a: Leafeon\n|-start|p2a: Leafeon|Substitute\n|-damage|p2a: Leafeon|184/258\n|move|p1a: Emboar|Flare Blitz|p2a: Leafeon\n|-supereffective|p2a: Leafeon\n|-end|p2a: Leafeon|Substitute\n|-damage|p1a: Emboar|94/100|[from] Recoil|[of] p2a: Leafeon\n|\n|-heal|p2a: Leafeon|200/258|[from] item: Leftovers\n|-heal|p1a: Emboar|99/100|[from] item: Leftovers\n|upkeep\n|turn|12\n|inactive|Time left: 300 sec this turn | 300 sec total\n|\n|t:|1783557115\n|move|p2a: Leafeon|Substitute|p2a: Leafeon\n|-start|p2a: Leafeon|Substitute\n|-damage|p2a: Leafeon|136/258\n|move|p1a: Emboar|Flare Blitz|p2a: Leafeon\n|-supereffective|p2a: Leafeon\n|-end|p2a: Leafeon|Substitute\n|-damage|p1a: Emboar|94/100|[from] Recoil|[of] p2a: Leafeon\n|\n|-heal|p2a: Leafeon|152/258|[from] item: Leftovers\n|-heal|p1a: Emboar|99/100|[from] item: Leftovers\n|-fieldend|move: Electric Terrain\n|upkeep\n|turn|13\n|inactive|Time left: 300 sec this turn | 300 sec total\n|\n|t:|1783557116\n|move|p2a: Leafeon|Substitute|p2a: Leafeon\n|-start|p2a: Leafeon|Substitute\n|-damage|p2a: Leafeon|88/258\n|move|p1a: Emboar|Flare Blitz|p2a: Leafeon\n|-supereffective|p2a: Leafeon\n|-end|p2a: Leafeon|Substitute\n|-damage|p1a: Emboar|93/100|[from] Recoil|[of] p2a: Leafeon\n|\n|-heal|p2a: Leafeon|104/258|[from] item: Leftovers\n|-heal|p1a: Emboar|99/100|[from] item: Leftovers\n|upkeep\n|turn|14\n|inactive|Time left: 300 sec this turn | 300 sec total\n|\n|t:|1783557117\n|move|p2a: Leafeon|Substitute|p2a: Leafeon\n|-start|p2a: Leafeon|Substitute\n|-damage|p2a: Leafeon|40/258\n|move|p1a: Emboar|Flare Blitz|p2a: Leafeon\n|-supereffective|p2a: Leafeon\n|-end|p2a: Leafeon|Substitute\n|-damage|p1a: Emboar|93/100|[from] Recoil|[of] p2a: Leafeon\n|\n|-heal|p2a: Leafeon|56/258|[from] item: Leftovers\n|-heal|p1a: Emboar|99/100|[from] item: Leftovers\n|upkeep\n|turn|15\n|inactive|Time left: 300 sec this turn | 300 sec total\n|\n|t:|1783557118\n|move|p2a: Leafeon|Knock Off|p1a: Emboar\n|-resisted|p1a: Emboar\n|-damage|p1a: Emboar|69/100\n|-enditem|p1a: Emboar|Leftovers|[from] move: Knock Off|[of] p2a: Leafeon\n|move|p1a: Emboar|Drain Punch|p2a: Leafeon\n|-damage|p2a: Leafeon|0 fnt\n|-heal|p1a: Emboar|77/100|[from] drain|[of] p2a: Leafeon\n|faint|p2a: Leafeon\n|\n|upkeep\n|inactive|Time left: 300 sec this turn | 300 sec total | 5 sec grace\n|\n|t:|1783557119\n|switch|p2a: Miraidon|Miraidon, L65|215/238\n|-fieldstart|move: Electric Terrain|[from] ability: Hadron Engine|[of] p2a: Miraidon\n|turn|16\n|inactive|Time left: 300 sec this turn | 300 sec total\n|\n|t:|1783557120\n|move|p2a: Miraidon|Calm Mind|p2a: Miraidon\n|-boost|p2a: Miraidon|spa|1\n|-boost|p2a: Miraidon|spd|1\n|move|p1a: Emboar|Drain Punch|p2a: Miraidon\n|-damage|p2a: Miraidon|104/238\n|-heal|p1a: Emboar|95/100|[from] drain|[of] p2a: Miraidon\n|\n|upkeep\n|turn|17\n|inactive|Time left: 300 sec this turn | 300 sec total\n|\n|t:|1783557121\n|-terastallize|p1a: Emboar|Grass\n|move|p2a: Miraidon|Electro Drift|p1a: Emboar\n|-resisted|p1a: Emboar\n|-damage|p1a: Emboar|41/100\n|-damage|p2a: Miraidon|81/238|[from] item: Life Orb\n|move|p1a: Emboar|Drain Punch|p2a: Miraidon\n|-damage|p2a: Miraidon|0 fnt\n|-heal|p1a: Emboar|54/100|[from] drain|[of] p2a: Miraidon\n|faint|p2a: Miraidon\n|\n|upkeep\n|inactive|Time left: 300 sec this turn | 300 sec total | 5 sec grace\n|\n|t:|1783557122\n|switch|p2a: Kricketune|Kricketune, L99, F|156/312\n|turn|18\n|inactive|Time left: 300 sec this turn | 300 sec total\n|\n|t:|1783557123\n|move|p2a: Kricketune|Pounce|p1a: Emboar\n|-supereffective|p1a: Emboar\n|-damage|p1a: Emboar|0 fnt\n|faint|p1a: Emboar\n|\n|upkeep\n|\n|t:|1783557124\n|switch|p1a: Bellibolt|Bellibolt, L84, M|100/100\n|-activate|p1a: Bellibolt|move: Sticky Web\n|-unboost|p1a: Bellibolt|spe|1\n|turn|19\n|inactive|Time left: 300 sec this turn | 300 sec total\n|\n|t:|1783557125\n|move|p2a: Kricketune|Pounce|p1a: Bellibolt\n|-damage|p1a: Bellibolt|71/100\n|-unboost|p1a: Bellibolt|spe|1\n|-start|p1a: Bellibolt|Charge|Pounce|[from] ability: Electromorphosis\n|move|p1a: Bellibolt|Thunderbolt|p2a: Kricketune\n|-damage|p2a: Kricketune|0 fnt\n|faint|p2a: Kricketune\n|-end|p1a: Bellibolt|Charge|[silent]\n|\n|-heal|p1a: Bellibolt|78/100|[from] item: Leftovers\n|upkeep\n|inactive|Time left: 300 sec this turn | 300 sec total | 5 sec grace\n|\n|t:|1783557126\n|switch|p2a: Medicham|Medicham, L86, F|243/243 slp\n|turn|20\n|inactive|Time left: 300 sec this turn | 300 sec total\n|\n|t:|1783557127\n|cant|p2a: Medicham|slp\n|move|p1a: Bellibolt|Thunderbolt|p2a: Medicham\n|-damage|p2a: Medicham|104/243 slp\n|\n|-heal|p1a: Bellibolt|84/100|[from] item: Leftovers\n|-fieldend|move: Electric Terrain\n|upkeep\n|turn|21\n|inactive|Time left: 300 sec this turn | 300 sec total\n|\n|t:|1783557128\n|-curestatus|p2a: Medicham|slp|[msg]\n|move|p2a: Medicham|Ice Punch|p1a: Bellibolt\n|-damage|p1a: Bellibolt|59/100\n|-start|p1a: Bellibolt|Charge|Ice Punch|[from] ability: Electromorphosis\n|move|p1a: Bellibolt|Thunderbolt|p2a: Medicham\n|-damage|p2a: Medicham|0 fnt\n|faint|p2a: Medicham\n|-end|p1a: Bellibolt|Charge|[silent]\n|\n|win|p0x15482485", "uploadtime": 1783557128, "views": 0, "rating": 0, "private": 0, "password": null, "_winner": "p0x15482485", "_our_name": "p0y15484265"}