{"id": "battle-gen9randombattle-1770", "formatid": "gen9randombattle", "format": "[Gen 9] Random Battle", "players": ["p0x17707d85", "p0y1770ec59"], "log": "|init|battle\n|title|p0x17707d85 vs. p0y1770ec59\n|j|\u2606p0x17707d85\n|j|\u2606p0y1770ec59\n|t:|1783559748\n|gametype|singles\n|player|p1|p0x17707d85|169|\n|player|p2|p0y1770ec59|266|\n|gen|9\n|tier|[Gen 9] Random Battle\n|rule|Species Clause: Limit one of each Pok\u00e9mon\n|rule|HP Percentage Mod: HP is shown in percentages\n|rule|Sleep Clause Mod: Limit one foe put to sleep\n|rule|Illusion Level Mod: Illusion disguises the Pok\u00e9mon's true level\n|\n|t:|1783559748\n|teamsize|p1|6\n|teamsize|p2|6\n|start\n|switch|p1a: Serperior|Serperior, L79, M|100/100\n|switch|p2a: Slither Wing|Slither Wing, L81|270/270\n|turn|1\n|inactive|Battle timer is ON: inactive players will automatically lose when time's up. (requested by p0x17707d85)\n|inactive|Time left: 300 sec this turn | 300 sec total | 60 sec grace\n|inactive|p0y1770ec59 also wants the timer to be on.\n|\n|t:|1783559749\n|move|p1a: Serperior|Leaf Storm|p2a: Slither Wing\n|-resisted|p2a: Slither Wing\n|-damage|p2a: Slither Wing|228/270\n|-boost|p1a: Serperior|spa|2\n|move|p2a: Slither Wing|U-turn|p1a: Serperior\n|-supereffective|p1a: Serperior\n|-damage|p1a: Serperior|33/100\n|inactive|Time left: 300 sec this turn | 300 sec total | 65 sec grace\n|\n|t:|1783559751\n|-end|p2a: Slither Wing|Protosynthesis|[silent]\n|switch|p2a: Gardevoir|Gardevoir, L83, F|249/249|[from] U-turn\n|-ability|p2a: Gardevoir|Contrary|Trace|[from] ability: Trace|[of] p1a: Serperior\n|\n|-heal|p1a: Serperior|39/100|[from] item: Leftovers\n|upkeep\n|turn|2\n|inactive|Time left: 300 sec this turn | 300 sec total\n|\n|t:|1783559752\n|move|p2a: Gardevoir|Moonblast|p1a: Serperior\n|-damage|p1a: Serperior|0 fnt\n|faint|p1a: Serperior\n|\n|upkeep\n|\n|t:|1783559753\n|switch|p1a: Magearna|Magearna, L77|100/100\n|turn|3\n|inactive|Time left: 300 sec this turn | 300 sec total\n|\n|t:|1783559754\n|move|p2a: Gardevoir|Moonblast|p1a: Magearna\n|-resisted|p1a: Magearna\n|-damage|p1a: Magearna|80/100\n|move|p1a: Magearna|Shift Gear|p1a: Magearna\n|-boost|p1a: Magearna|spe|2\n|-boost|p1a: Magearna|atk|1\n|\n|-heal|p1a: Magearna|86/100|[from] item: Leftovers\n|upkeep\n|turn|4\n|inactive|Time left: 300 sec this turn | 300 sec total\n|\n|t:|1783559755\n|move|p1a: Magearna|Calm Mind|p1a: Magearna\n|-boost|p1a: Magearna|spa|1\n|-boost|p1a: Magearna|spd|1\n|move|p2a: Gardevoir|Moonblast|p1a: Magearna\n|-resisted|p1a: Magearna\n|-damage|p1a: Magearna|72/100\n|\n|-heal|p1a: Magearna|78/100|[from] item: Leftovers\n|upkeep\n|turn|5\n|inactive|Time left: 300 sec this turn | 300 sec total\n|\n|t:|1783559757\n|move|p1a: Magearna|Flash Cannon|p2a: Gardevoir\n|-supereffective|p2a: Gardevoir\n|-damage|p2a: Gardevoir|39/249\n|move|p2a: Gardevoir|Moonblast|p1a: Magearna\n|-resisted|p1a: Magearna\n|-damage|p1a: Magearna|64/100\n|\n|-heal|p1a: Magearna|70/100|[from] item: Leftovers\n|upkeep\n|turn|6\n|inactive|Time left: 300 sec this turn | 300 sec total\n|\n|t:|1783559758\n|move|p1a: Magearna|Calm Mind|p1a: Magearna\n|-boost|p1a: Magearna|spa|1\n|-boost|p1a: Magearna|spd|1\n|move|p2a: Gardevoir|Moonblast|p1a: Magearna\n|-resisted|p1a: Magearna\n|-damage|p1a: Magearna|60/100\n|-unboost|p1a: Magearna|spa|1\n|\n|-heal|p1a: Magearna|66/100|[from] item: Leftovers\n|upkeep\n|turn|7\n|inactive|Time left: 300 sec this turn | 300 sec total\n|\n|t:|1783559759\n|move|p1a: Magearna|Flash Cannon|p2a: Gardevoir\n|-supereffective|p2a: Gardevoir\n|-damage|p2a: Gardevoir|0 fnt\n|faint|p2a: Gardevoir\n|-ability|p1a: Magearna|Soul-Heart|boost\n|-boost|p1a: Magearna|spa|1\n|\n|-heal|p1a: Magearna|72/100|[from] item: Leftovers\n|upkeep\n|inactive|Time left: 300 sec this turn | 300 sec total | 5 sec grace\n|\n|t:|1783559760\n|switch|p2a: Slither Wing|Slither Wing, L81|228/270\n|turn|8\n|inactive|Time left: 300 sec this turn | 300 sec total\n|\n|t:|1783559761\n|-terastallize|p2a: Slither Wing|Fire\n|move|p1a: Magearna|Flash Cannon|p2a: Slither Wing\n|-resisted|p2a: Slither Wing\n|-damage|p2a: Slither Wing|147/270\n|move|p2a: Slither Wing|Close Combat|p1a: Magearna\n|-damage|p1a: Magearna|16/100\n|-unboost|p2a: Slither Wing|def|1\n|-unboost|p2a: Slither Wing|spd|1\n|\n|-heal|p1a: Magearna|22/100|[from] item: Leftovers\n|upkeep\n|turn|9\n|inactive|Time left: 300 sec this turn | 300 sec total\n|\n|t:|1783559763\n|move|p1a: Magearna|Fleur Cannon|p2a: Slither Wing\n|-resisted|p2a: Slither Wing\n|-damage|p2a: Slither Wing|0 fnt\n|-unboost|p1a: Magearna|spa|2\n|faint|p2a: Slither Wing\n|-ability|p1a: Magearna|Soul-Heart|boost\n|-boost|p1a: Magearna|spa|1\n|-end|p2a: Slither Wing|Protosynthesis|[silent]\n|\n|-heal|p1a: Magearna|28/100|[from] item: Leftovers\n|upkeep\n|inactive|Time left: 300 sec this turn | 300 sec total | 5 sec grace\n|\n|t:|1783559764\n|switch|p2a: Veluza|Veluza, L85, F|292/292\n|turn|10\n|inactive|Time left: 300 sec this turn | 300 sec total\n|\n|t:|1783559765\n|move|p1a: Magearna|Fleur Cannon|p2a: Veluza\n|-damage|p2a: Veluza|34/292\n|-unboost|p1a: Magearna|spa|2\n|move|p2a: Veluza|Aqua Cutter|p1a: Magearna\n|-damage|p1a: Magearna|0 fnt\n|faint|p1a: Magearna\n|\n|upkeep\n|\n|t:|1783559766\n|switch|p1a: Porygon-Z|Porygon-Z, L83|100/100\n|turn|11\n|inactive|Time left: 300 sec this turn | 300 sec total\n|\n|t:|1783559767\n|move|p2a: Veluza|Aqua Cutter|p1a: Porygon-Z\n|-damage|p1a: Porygon-Z|52/100\n|move|p1a: Porygon-Z|Tera Blast|p2a: Veluza\n|-damage|p2a: Veluza|0 fnt\n|faint|p2a: Veluza\n|-damage|p1a: Porygon-Z|43/100|[from] item: Life Orb\n|\n|upkeep\n|inactive|Time left: 300 sec this turn | 300 sec total | 5 sec grace\n|\n|t:|1783559768\n|switch|p2a: Oricorio|Oricorio-Pom-Pom, L82, F|257/257\n|turn|12\n|inactive|Time left: 300 sec this turn | 300 sec total\n|\n|t:|1783559769\n|move|p2a: Oricorio|Quiver Dance|p2a: Oricorio\n|-boost|p2a: Oricorio|spa|1\n|-boost|p2a: Oricorio|spd|1\n|-boost|p2a: Oricorio|spe|1\n|move|p1a: Porygon-Z|Tera Blast|p2a: Oricorio\n|-damage|p2a: Oricorio|101/257\n|-damage|p1a: Porygon-Z|33/100|[from] item: Life Orb\n|\n|upkeep\n|turn|13\n|inactive|Time left: 300 sec this turn | 300 sec total\n|\n|t:|1783559771\n|move|p2a: Oricorio|Revelation Dance|p1a: Porygon-Z\n|-damage|p1a: Porygon-Z|0 fnt\n|faint|p1a: Porygon-Z\n|\n|upkeep\n|\n|t:|1783559772\n|switch|p1a: Kommo-o|Kommo-o, L77, F|100/100\n|turn|14\n|inactive|Time left: 300 sec this turn | 300 sec total\n|\n|t:|1783559773\n|-terastallize|p1a: Kommo-o|Steel\n|move|p2a: Oricorio|Hurricane|p1a: Kommo-o\n|-resisted|p1a: Kommo-o\n|-damage|p1a: Kommo-o|68/100\n|move|p1a: Kommo-o|Scale Shot|p2a: Oricorio\n|-damage|p2a: Oricorio|70/257\n|-damage|p2a: Oricorio|40/257\n|-damage|p2a: Oricorio|7/257\n|-damage|p2a: Oricorio|0 fnt\n|faint|p2a: Oricorio\n|-hitcount|p2: Oricorio|4\n|-unboost|p1a: Kommo-o|def|1\n|-boost|p1a: Kommo-o|spe|1\n|\n|upkeep\n|inactive|Time left: 300 sec this turn | 300 sec total | 5 sec grace\n|\n|t:|1783559774\n|switch|p2a: Dudunsparce|Dudunsparce, L83, M|343/343\n|turn|15\n|inactive|Time left: 300 sec this turn | 300 sec total\n|\n|t:|1783559775\n|switch|p1a: Slowbro|Slowbro, L85, F|100/100\n|move|p2a: Dudunsparce|Earthquake|p1a: Slowbro\n|-damage|p1a: Slowbro|79/100\n|\n|-heal|p1a: Slowbro|85/100|[from] item: Leftovers\n|upkeep\n|turn|16\n|inactive|Time left: 300 sec this turn | 300 sec total\n|\n|t:|1783559776\n|move|p2a: Dudunsparce|Boomburst|p1a: Slowbro\n|-damage|p1a: Slowbro|40/100\n|move|p1a: Slowbro|Scald|p2a: Dudunsparce\n|-damage|p2a: Dudunsparce|235/343\n|\n|-heal|p2a: Dudunsparce|256/343|[from] item: Leftovers\n|-heal|p1a: Slowbro|46/100|[from] item: Leftovers\n|upkeep\n|turn|17\n|inactive|Time left: 300 sec this turn | 300 sec total\n|\n|t:|1783559777\n|switch|p1a: Kommo-o|Kommo-o, L77, F, tera:Steel|68/100\n|move|p2a: Dudunsparce|Earthquake|p1a: Kommo-o\n|-supereffective|p1a: Kommo-o\n|-damage|p1a: Kommo-o|23/100\n|\n|-heal|p2a: Dudunsparce|277/343|[from] item: Leftovers\n|upkeep\n|turn|18\n|inactive|Time left: 300 sec this turn | 300 sec total\n|\n|t:|1783559778\n|move|p1a: Kommo-o|Close Combat|p2a: Dudunsparce\n|-supereffective|p2a: Dudunsparce\n|-damage|p2a: Dudunsparce|23/343\n|-unboost|p1a: Kommo-o|def|1\n|-unboost|p1a: Kommo-o|spd|1\n|move|p2a: Dudunsparce|Earthquake|p1a: Kommo-o\n|-supereffective|p1a: Kommo-o\n|-damage|p1a: Kommo-o|0 fnt\n|faint|p1a: Kommo-o\n|\n|-heal|p2a: Dudunsparce|44/343|[from] item: Leftovers\n|upkeep\n|\n|t:|1783559779\n|switch|p1a: Slowbro|Slowbro, L85, F|79/100\n|turn|19\n|inactive|Time left: 300 sec this turn | 300 sec total\n|\n|t:|1783559780\n|move|p2a: Dudunsparce|Roost|p2a: Dudunsparce\n|-heal|p2a: Dudunsparce|216/343\n|-singleturn|p2a: Dudunsparce|move: Roost\n|move|p1a: Slowbro|Psychic Noise|p2a: Dudunsparce\n|-damage|p2a: Dudunsparce|122/343\n|-start|p2a: Dudunsparce|move: Heal Block\n|\n|-heal|p1a: Slowbro|85/100|[from] item: Leftovers\n|upkeep\n|turn|20\n|inactive|Time left: 300 sec this turn | 300 sec total\n|\n|t:|1783559781\n|move|p2a: Dudunsparce|Boomburst|p1a: Slowbro\n|-damage|p1a: Slowbro|39/100\n|move|p1a: Slowbro|Scald|p2a: Dudunsparce\n|-damage|p2a: Dudunsparce|22/343\n|\n|-heal|p1a: Slowbro|45/100|[from] item: Leftovers\n|-end|p2a: Dudunsparce|move: Heal Block\n|upkeep\n|turn|21\n|inactive|Time left: 300 sec this turn | 300 sec total\n|\n|t:|1783559783\n|switch|p1a: Gholdengo|Gholdengo, L77|100/100\n|move|p2a: Dudunsparce|Boomburst|p1a: Gholdengo\n|-immune|p1a: Gholdengo\n|\n|-heal|p2a: Dudunsparce|43/343|[from] item: Leftovers\n|upkeep\n|turn|22\n|inactive|Time left: 300 sec this turn | 300 sec total\n|\n|t:|1783559784\n|move|p1a: Gholdengo|Make It Rain|p2a: Dudunsparce\n|-damage|p2a: Dudunsparce|0 fnt\n|-unboost|p1a: Gholdengo|spa|1\n|faint|p2a: Dudunsparce\n|\n|upkeep\n|inactive|Time left: 300 sec this turn | 300 sec total | 5 sec grace\n|\n|t:|1783559784\n|switch|p2a: Kleavor|Kleavor, L78, F|237/237\n|turn|23\n|inactive|Time left: 300 sec this turn | 300 sec total\n|\n|t:|1783559786\n|move|p2a: Kleavor|U-turn|p1a: Gholdengo\n|-resisted|p1a: Gholdengo\n|-damage|p1a: Gholdengo|92/100\n|move|p1a: Gholdengo|Make It Rain|p2a: Kleavor\n|-supereffective|p2a: Kleavor\n|-damage|p2a: Kleavor|25/237\n|-unboost|p1a: Gholdengo|spa|1\n|\n|-heal|p1a: Gholdengo|99/100|[from] item: Leftovers\n|upkeep\n|turn|24\n|inactive|Time left: 300 sec this turn | 300 sec total\n|\n|t:|1783559787\n|move|p2a: Kleavor|Stone Axe|p1a: Gholdengo\n|-resisted|p1a: Gholdengo\n|-damage|p1a: Gholdengo|75/100\n|-sidestart|p1: p0x17707d85|move: Stealth Rock\n|move|p1a: Gholdengo|Shadow Ball|p2a: Kleavor\n|-damage|p2a: Kleavor|0 fnt\n|faint|p2a: Kleavor\n|\n|win|p0x17707d85", "uploadtime": 1783559787, "views": 0, "rating": 0, "private": 0, "password": null, "_winner": "p0x17707d85", "_our_name": "p0y1770ec59"}