{"id": "battle-gen9randombattle-1259", "formatid": "gen9randombattle", "format": "[Gen 9] Random Battle", "players": ["p0x12591f80", "p0y1259c369"], "log": "|init|battle\n|title|p0x12591f80 vs. p0y1259c369\n|j|\u2606p0x12591f80\n|j|\u2606p0y1259c369\n|t:|1783553711\n|gametype|singles\n|player|p1|p0x12591f80|169|\n|player|p2|p0y1259c369|266|\n|gen|9\n|tier|[Gen 9] Random Battle\n|rule|Species Clause: Limit one of each Pok\u00e9mon\n|rule|HP Percentage Mod: HP is shown in percentages\n|rule|Sleep Clause Mod: Limit one foe put to sleep\n|rule|Illusion Level Mod: Illusion disguises the Pok\u00e9mon's true level\n|\n|t:|1783553711\n|teamsize|p1|6\n|teamsize|p2|6\n|start\n|switch|p1a: Deoxys|Deoxys, L74|196/196\n|switch|p2a: Rampardos|Rampardos, L90, F|100/100\n|-ability|p1a: Deoxys|Pressure\n|turn|1\n|inactive|Battle timer is ON: inactive players will automatically lose when time's up. (requested by p0x12591f80)\n|inactive|p0y1259c369 also wants the timer to be on.\n|\n|t:|1783553713\n|-terastallize|p1a: Deoxys|Psychic\n|move|p1a: Deoxys|Psycho Boost|p2a: Rampardos\n|-damage|p2a: Rampardos|0 fnt\n|-unboost|p1a: Deoxys|spa|2\n|faint|p2a: Rampardos\n|-damage|p1a: Deoxys|177/196|[from] item: Life Orb\n|\n|upkeep\n|\n|t:|1783553714\n|switch|p2a: Kyogre|Kyogre, L71|100/100\n|-weather|RainDance|[from] ability: Drizzle|[of] p2a: Kyogre\n|turn|2\n|inactive|Time left: 300 sec this turn | 300 sec total\n|\n|t:|1783553716\n|switch|p1a: Slowking|Slowking-Galar, L85, M|300/300\n|move|p2a: Kyogre|Origin Pulse|p1a: Slowking\n|-damage|p1a: Slowking|203/300\n|\n|-weather|RainDance|[upkeep]\n|upkeep\n|turn|3\n|inactive|Time left: 300 sec this turn | 300 sec total\n|\n|t:|1783553717\n|switch|p1a: Bellossom|Bellossom, L84, F|263/263\n|move|p2a: Kyogre|Calm Mind|p2a: Kyogre\n|-boost|p2a: Kyogre|spa|1\n|-boost|p2a: Kyogre|spd|1\n|\n|-weather|RainDance|[upkeep]\n|upkeep\n|turn|4\n|inactive|Time left: 300 sec this turn | 300 sec total\n|\n|t:|1783553718\n|move|p2a: Kyogre|Ice Beam|p1a: Bellossom\n|-supereffective|p1a: Bellossom\n|-damage|p1a: Bellossom|77/263\n|move|p1a: Bellossom|Quiver Dance|p1a: Bellossom\n|-boost|p1a: Bellossom|spa|1\n|-boost|p1a: Bellossom|spd|1\n|-boost|p1a: Bellossom|spe|1\n|\n|-weather|RainDance|[upkeep]\n|-heal|p1a: Bellossom|93/263|[from] item: Leftovers\n|upkeep\n|turn|5\n|inactive|Time left: 300 sec this turn | 300 sec total\n|\n|t:|1783553719\n|move|p1a: Bellossom|Strength Sap|p2a: Kyogre\n|-unboost|p2a: Kyogre|atk|1\n|-heal|p1a: Bellossom|240/263\n|move|p2a: Kyogre|Ice Beam|p1a: Bellossom\n|-supereffective|p1a: Bellossom\n|-damage|p1a: Bellossom|128/263\n|\n|-weather|RainDance|[upkeep]\n|-heal|p1a: Bellossom|144/263|[from] item: Leftovers\n|upkeep\n|turn|6\n|inactive|Time left: 300 sec this turn | 300 sec total\n|\n|t:|1783553720\n|move|p1a: Bellossom|Quiver Dance|p1a: Bellossom\n|-boost|p1a: Bellossom|spa|1\n|-boost|p1a: Bellossom|spd|1\n|-boost|p1a: Bellossom|spe|1\n|move|p2a: Kyogre|Ice Beam|p1a: Bellossom\n|-supereffective|p1a: Bellossom\n|-damage|p1a: Bellossom|62/263\n|\n|-weather|none\n|-heal|p1a: Bellossom|78/263|[from] item: Leftovers\n|upkeep\n|turn|7\n|inactive|Time left: 300 sec this turn | 300 sec total\n|\n|t:|1783553721\n|-terastallize|p2a: Kyogre|Electric\n|move|p1a: Bellossom|Strength Sap|p2a: Kyogre\n|-unboost|p2a: Kyogre|atk|1\n|-heal|p1a: Bellossom|176/263\n|move|p2a: Kyogre|Ice Beam|p1a: Bellossom\n|-supereffective|p1a: Bellossom\n|-damage|p1a: Bellossom|80/263\n|-status|p1a: Bellossom|frz\n|\n|-heal|p1a: Bellossom|96/263 frz|[from] item: Leftovers\n|upkeep\n|turn|8\n|inactive|Time left: 300 sec this turn | 300 sec total\n|\n|t:|1783553722\n|cant|p1a: Bellossom|frz\n|move|p2a: Kyogre|Ice Beam|p1a: Bellossom\n|-supereffective|p1a: Bellossom\n|-damage|p1a: Bellossom|10/263 frz\n|\n|-heal|p1a: Bellossom|26/263 frz|[from] item: Leftovers\n|upkeep\n|turn|9\n|inactive|Time left: 300 sec this turn | 300 sec total\n|\n|t:|1783553723\n|cant|p1a: Bellossom|frz\n|move|p2a: Kyogre|Ice Beam|p1a: Bellossom\n|-supereffective|p1a: Bellossom\n|-damage|p1a: Bellossom|0 fnt\n|faint|p1a: Bellossom\n|\n|upkeep\n|inactive|Time left: 300 sec this turn | 300 sec total | 5 sec grace\n|\n|t:|1783553724\n|switch|p1a: Regice|Regice, L88|284/284\n|turn|10\n|inactive|Time left: 300 sec this turn | 300 sec total\n|\n|t:|1783553725\n|move|p2a: Kyogre|Thunder|p1a: Regice|[miss]\n|-miss|p2a: Kyogre|p1a: Regice\n|move|p1a: Regice|Ice Beam|p2a: Kyogre\n|-damage|p2a: Kyogre|77/100\n|\n|-heal|p2a: Kyogre|84/100|[from] item: Leftovers\n|upkeep\n|turn|11\n|inactive|Time left: 300 sec this turn | 300 sec total\n|\n|t:|1783553726\n|move|p2a: Kyogre|Thunder|p1a: Regice\n|-damage|p1a: Regice|196/284\n|move|p1a: Regice|Body Press|p2a: Kyogre\n|-damage|p2a: Kyogre|55/100\n|\n|-heal|p2a: Kyogre|61/100|[from] item: Leftovers\n|upkeep\n|turn|12\n|inactive|Time left: 300 sec this turn | 300 sec total\n|\n|t:|1783553727\n|move|p2a: Kyogre|Thunder|p1a: Regice\n|-damage|p1a: Regice|105/284\n|move|p1a: Regice|Ice Beam|p2a: Kyogre\n|-damage|p2a: Kyogre|40/100\n|\n|-heal|p2a: Kyogre|46/100|[from] item: Leftovers\n|upkeep\n|turn|13\n|inactive|Time left: 300 sec this turn | 300 sec total\n|\n|t:|1783553728\n|move|p2a: Kyogre|Calm Mind|p2a: Kyogre\n|-boost|p2a: Kyogre|spa|1\n|-boost|p2a: Kyogre|spd|1\n|move|p1a: Regice|Ice Beam|p2a: Kyogre\n|-damage|p2a: Kyogre|28/100\n|\n|-heal|p2a: Kyogre|34/100|[from] item: Leftovers\n|upkeep\n|turn|14\n|inactive|Time left: 300 sec this turn | 300 sec total\n|\n|t:|1783553729\n|move|p2a: Kyogre|Origin Pulse|p1a: Regice\n|-damage|p1a: Regice|0 fnt\n|faint|p1a: Regice\n|\n|-heal|p2a: Kyogre|41/100|[from] item: Leftovers\n|upkeep\n|inactive|Time left: 300 sec this turn | 300 sec total | 5 sec grace\n|\n|t:|1783553730\n|switch|p1a: Deoxys|Deoxys, L74, tera:Psychic|177/196\n|-ability|p1a: Deoxys|Pressure\n|turn|15\n|inactive|Time left: 300 sec this turn | 300 sec total\n|\n|t:|1783553731\n|switch|p2a: Iron Valiant|Iron Valiant, L78|100/100\n|move|p1a: Deoxys|Knock Off|p2a: Iron Valiant\n|-resisted|p2a: Iron Valiant\n|-damage|p2a: Iron Valiant|90/100\n|-enditem|p2a: Iron Valiant|Life Orb|[from] move: Knock Off|[of] p1a: Deoxys\n|-damage|p1a: Deoxys|158/196|[from] item: Life Orb\n|\n|upkeep\n|turn|16\n|inactive|Time left: 300 sec this turn | 300 sec total\n|\n|t:|1783553732\n|-end|p2a: Iron Valiant|Quark Drive|[silent]\n|switch|p2a: Kyogre|Kyogre, L71, tera:Electric|41/100\n|-weather|RainDance|[from] ability: Drizzle|[of] p2a: Kyogre\n|move|p1a: Deoxys|Psycho Boost|p2a: Kyogre\n|-damage|p2a: Kyogre|0 fnt\n|-unboost|p1a: Deoxys|spa|2\n|faint|p2a: Kyogre\n|-damage|p1a: Deoxys|139/196|[from] item: Life Orb\n|\n|-weather|RainDance|[upkeep]\n|upkeep\n|\n|t:|1783553733\n|switch|p2a: Misdreavus|Misdreavus, L90, M|100/100\n|turn|17\n|inactive|Time left: 300 sec this turn | 300 sec total\n|\n|t:|1783553734\n|move|p1a: Deoxys|Knock Off|p2a: Misdreavus\n|-supereffective|p2a: Misdreavus\n|-damage|p2a: Misdreavus|42/100\n|-enditem|p2a: Misdreavus|Eviolite|[from] move: Knock Off|[of] p1a: Deoxys\n|-damage|p1a: Deoxys|120/196|[from] item: Life Orb\n|move|p2a: Misdreavus|Shadow Ball|p1a: Deoxys\n|-supereffective|p1a: Deoxys\n|-damage|p1a: Deoxys|0 fnt\n|faint|p1a: Deoxys\n|\n|-weather|RainDance|[upkeep]\n|upkeep\n|inactive|Time left: 300 sec this turn | 300 sec total | 5 sec grace\n|\n|t:|1783553735\n|switch|p1a: Slowking|Slowking-Galar, L85, M|300/300\n|turn|18\n|inactive|Time left: 300 sec this turn | 300 sec total\n|\n|t:|1783553736\n|move|p2a: Misdreavus|Shadow Ball|p1a: Slowking\n|-supereffective|p1a: Slowking\n|-damage|p1a: Slowking|208/300\n|-unboost|p1a: Slowking|spd|1\n|move|p1a: Slowking|Surf|p2a: Misdreavus\n|-damage|p2a: Misdreavus|0 fnt\n|faint|p2a: Misdreavus\n|\n|-weather|RainDance|[upkeep]\n|upkeep\n|\n|t:|1783553737\n|switch|p2a: Spectrier|Spectrier, L75|100/100\n|turn|19\n|inactive|Time left: 300 sec this turn | 300 sec total\n|\n|t:|1783553738\n|switch|p1a: Slowking|Slowking-Galar, L85, M|219/219\n|move|p2a: Spectrier|Nasty Plot|p2a: Spectrier\n|-boost|p2a: Spectrier|spa|2\n|\n|-weather|RainDance|[upkeep]\n|upkeep\n|turn|20\n|inactive|Time left: 300 sec this turn | 300 sec total\n|\n|t:|1783553738\n|move|p2a: Spectrier|Shadow Ball|p1a: Slowking\n|-immune|p1a: Slowking\n|move|p1a: Slowking|Poltergeist|p2a: Spectrier|[miss]\n|-miss|p1a: Slowking|p2a: Spectrier\n|\n|-weather|none\n|upkeep\n|turn|21\n|inactive|Time left: 300 sec this turn | 300 sec total\n|\n|t:|1783553739\n|move|p2a: Spectrier|Substitute|p2a: Spectrier\n|-start|p2a: Spectrier|Substitute\n|-damage|p2a: Spectrier|76/100\n|move|p1a: Slowking|Poltergeist|p2a: Spectrier\n|-activate|p2a: Spectrier|move: Poltergeist|Leftovers\n|-supereffective|p2a: Spectrier\n|-end|p2a: Spectrier|Substitute\n|-damage|p1a: Slowking|198/219|[from] item: Life Orb\n|\n|-heal|p2a: Spectrier|82/100|[from] item: Leftovers\n|upkeep\n|turn|22\n|inactive|Time left: 300 sec this turn | 300 sec total\n|\n|t:|1783553740\n|move|p2a: Spectrier|Substitute|p2a: Spectrier\n|-start|p2a: Spectrier|Substitute\n|-damage|p2a: Spectrier|57/100\n|move|p1a: Slowking|Poltergeist|p2a: Spectrier\n|-activate|p2a: Spectrier|move: Poltergeist|Leftovers\n|-supereffective|p2a: Spectrier\n|-end|p2a: Spectrier|Substitute\n|-damage|p1a: Slowking|177/219|[from] item: Life Orb\n|\n|-heal|p2a: Spectrier|63/100|[from] item: Leftovers\n|upkeep\n|turn|23\n|inactive|Time left: 300 sec this turn | 300 sec total\n|\n|t:|1783553741\n|move|p2a: Spectrier|Substitute|p2a: Spectrier\n|-start|p2a: Spectrier|Substitute\n|-damage|p2a: Spectrier|38/100\n|move|p1a: Slowking|Poltergeist|p2a: Spectrier\n|-activate|p2a: Spectrier|move: Poltergeist|Leftovers\n|-supereffective|p2a: Spectrier\n|-end|p2a: Spectrier|Substitute\n|-damage|p1a: Slowking|156/219|[from] item: Life Orb\n|\n|-heal|p2a: Spectrier|45/100|[from] item: Leftovers\n|upkeep\n|turn|24\n|inactive|Time left: 300 sec this turn | 300 sec total\n|\n|t:|1783553742\n|move|p2a: Spectrier|Substitute|p2a: Spectrier\n|-start|p2a: Spectrier|Substitute\n|-damage|p2a: Spectrier|20/100\n|move|p1a: Slowking|Poltergeist|p2a: Spectrier\n|-activate|p2a: Spectrier|move: Poltergeist|Leftovers\n|-supereffective|p2a: Spectrier\n|-end|p2a: Spectrier|Substitute\n|-damage|p1a: Slowking|135/219|[from] item: Life Orb\n|\n|-heal|p2a: Spectrier|26/100|[from] item: Leftovers\n|upkeep\n|turn|25\n|inactive|Time left: 300 sec this turn | 300 sec total\n|\n|t:|1783553743\n|move|p2a: Spectrier|Substitute|p2a: Spectrier\n|-start|p2a: Spectrier|Substitute\n|-damage|p2a: Spectrier|1/100\n|move|p1a: Slowking|Poltergeist|p2a: Spectrier\n|-activate|p2a: Spectrier|move: Poltergeist|Leftovers\n|-supereffective|p2a: Spectrier\n|-end|p2a: Spectrier|Substitute\n|-damage|p1a: Slowking|114/219|[from] item: Life Orb\n|\n|-heal|p2a: Spectrier|7/100|[from] item: Leftovers\n|upkeep\n|turn|26\n|inactive|Time left: 300 sec this turn | 300 sec total\n|\n|t:|1783553744\n|move|p2a: Spectrier|Tera Blast|p1a: Slowking\n|-immune|p1a: Slowking\n|move|p1a: Slowking|Poltergeist|p2a: Spectrier\n|-activate|p2a: Spectrier|move: Poltergeist|Leftovers\n|-supereffective|p2a: Spectrier\n|-damage|p2a: Spectrier|0 fnt\n|faint|p2a: Spectrier\n|-damage|p1a: Slowking|93/219|[from] item: Life Orb\n|\n|upkeep\n|\n|t:|1783553745\n|switch|p2a: Iron Valiant|Iron Valiant, L78|90/100\n|turn|27\n|inactive|Time left: 300 sec this turn | 300 sec total\n|\n|t:|1783553746\n|switch|p1a: Slowking|Slowking-Galar, L85, M|300/300\n|move|p2a: Iron Valiant|Moonblast|p1a: Slowking\n|-resisted|p1a: Slowking\n|-damage|p1a: Slowking|270/300\n|\n|upkeep\n|turn|28\n|inactive|Time left: 300 sec this turn | 300 sec total\n|\n|t:|1783553747\n|move|p2a: Iron Valiant|Calm Mind|p2a: Iron Valiant\n|-boost|p2a: Iron Valiant|spa|1\n|-boost|p2a: Iron Valiant|spd|1\n|move|p1a: Slowking|Sludge Bomb|p2a: Iron Valiant\n|-supereffective|p2a: Iron Valiant\n|-damage|p2a: Iron Valiant|4/100\n|-status|p2a: Iron Valiant|psn\n|\n|-damage|p2a: Iron Valiant|0 fnt|[from] psn\n|faint|p2a: Iron Valiant\n|-end|p2a: Iron Valiant|Quark Drive|[silent]\n|upkeep\n|\n|t:|1783553748\n|switch|p2a: Ditto|Ditto, L87|100/100\n|-transform|p2a: Ditto|p1a: Slowking|[from] ability: Imposter\n|turn|29\n|inactive|Time left: 300 sec this turn | 300 sec total\n|\n|t:|1783553749\n|move|p2a: Ditto|Fire Blast|p1a: Slowking\n|-damage|p1a: Slowking|225/300\n|move|p1a: Slowking|Psychic Noise|p2a: Ditto\n|-damage|p2a: Ditto|68/100\n|-start|p2a: Ditto|move: Heal Block\n|\n|upkeep\n|turn|30\n|inactive|Time left: 300 sec this turn | 300 sec total\n|\n|t:|1783553750\n|move|p2a: Ditto|Fire Blast|p1a: Slowking\n|-damage|p1a: Slowking|179/300\n|move|p1a: Slowking|Psychic Noise|p2a: Ditto\n|-damage|p2a: Ditto|35/100\n|\n|-end|p2a: Ditto|move: Heal Block\n|upkeep\n|turn|31\n|inactive|Time left: 300 sec this turn | 300 sec total\n|\n|t:|1783553751\n|move|p2a: Ditto|Fire Blast|p1a: Slowking\n|-damage|p1a: Slowking|128/300\n|move|p1a: Slowking|Psychic Noise|p2a: Ditto\n|-damage|p2a: Ditto|0 fnt\n|faint|p2a: Ditto\n|\n|win|p0x12591f80", "uploadtime": 1783553751, "views": 0, "rating": 0, "private": 0, "password": null, "_winner": "p0x12591f80", "_our_name": "p0x12591f80"}