{"id": "battle-gen9randombattle-322", "formatid": "gen9randombattle", "format": "[Gen 9] Random Battle", "players": ["p0x322cd99", "p0y322d258"], "log": "|init|battle\n|title|p0x322cd99 vs. p0y322d258\n|j|\u2606p0x322cd99\n|j|\u2606p0y322d258\n|t:|1783543353\n|gametype|singles\n|player|p1|p0x322cd99|170|\n|player|p2|p0y322d258|101|\n|gen|9\n|tier|[Gen 9] Random Battle\n|rule|Species Clause: Limit one of each Pok\u00e9mon\n|rule|HP Percentage Mod: HP is shown in percentages\n|rule|Sleep Clause Mod: Limit one foe put to sleep\n|rule|Illusion Level Mod: Illusion disguises the Pok\u00e9mon's true level\n|\n|t:|1783543353\n|teamsize|p1|6\n|teamsize|p2|6\n|start\n|switch|p1a: Terrakion|Terrakion, L79|273/273\n|switch|p2a: Golurk|Golurk, L87|100/100\n|turn|1\n|inactive|Battle timer is ON: inactive players will automatically lose when time's up. (requested by p0y322d258)\n|inactive|Time left: 300 sec this turn | 300 sec total | 60 sec grace\n|inactive|p0x322cd99 also wants the timer to be on.\n|\n|t:|1783543355\n|switch|p1a: Zapdos|Zapdos, L78|268/268\n|move|p2a: Golurk|Poltergeist|p1a: Zapdos\n|-activate|p1a: Zapdos|move: Poltergeist|Heavy-Duty Boots\n|-damage|p1a: Zapdos|9/268\n|\n|upkeep\n|turn|2\n|inactive|Time left: 300 sec this turn | 300 sec total\n|\n|t:|1783543356\n|move|p1a: Zapdos|Hurricane|p2a: Golurk\n|-damage|p2a: Golurk|60/100\n|move|p2a: Golurk|Poltergeist|p1a: Zapdos\n|-activate|p1a: Zapdos|move: Poltergeist|Heavy-Duty Boots\n|-damage|p1a: Zapdos|0 fnt\n|faint|p1a: Zapdos\n|\n|upkeep\n|inactive|Time left: 300 sec this turn | 300 sec total | 5 sec grace\n|\n|t:|1783543357\n|switch|p1a: Iron Thorns|Iron Thorns, L83|302/302\n|-enditem|p1a: Iron Thorns|Booster Energy\n|-activate|p1a: Iron Thorns|ability: Quark Drive|[fromitem]\n|-start|p1a: Iron Thorns|quarkdriveatk\n|turn|3\n|inactive|Time left: 300 sec this turn | 300 sec total\n|\n|t:|1783543358\n|switch|p2a: Granbull|Granbull, L88, F|100/100\n|-ability|p2a: Granbull|Intimidate|boost\n|-unboost|p1a: Iron Thorns|atk|1\n|move|p1a: Iron Thorns|Dragon Dance|p1a: Iron Thorns\n|-boost|p1a: Iron Thorns|atk|1\n|-boost|p1a: Iron Thorns|spe|1\n|\n|upkeep\n|turn|4\n|inactive|Time left: 300 sec this turn | 300 sec total\n|\n|t:|1783543359\n|move|p1a: Iron Thorns|Earthquake|p2a: Granbull\n|-damage|p2a: Granbull|62/100\n|move|p2a: Granbull|Earthquake|p1a: Iron Thorns\n|-supereffective|p1a: Iron Thorns\n|-damage|p1a: Iron Thorns|0 fnt\n|faint|p1a: Iron Thorns\n|-end|p1a: Iron Thorns|Quark Drive|[silent]\n|\n|-heal|p2a: Granbull|68/100|[from] item: Leftovers\n|upkeep\n|inactive|Time left: 300 sec this turn | 300 sec total | 5 sec grace\n|\n|t:|1783543360\n|switch|p1a: Calyrex|Calyrex-Shadow, L64|235/235\n|-ability|p1a: Calyrex|As One\n|-ability|p1a: Calyrex|Unnerve\n|turn|5\n|inactive|Time left: 300 sec this turn | 300 sec total\n|\n|t:|1783543361\n|switch|p2a: Cyclizar|Cyclizar, L84, F|100/100\n|move|p1a: Calyrex|Astral Barrage|p2a: Cyclizar\n|-immune|p2a: Cyclizar\n|\n|upkeep\n|turn|6\n|inactive|Time left: 300 sec this turn | 300 sec total\n|\n|t:|1783543362\n|move|p2a: Cyclizar|Draco Meteor|p1a: Calyrex\n|-damage|p1a: Calyrex|99/235\n|-unboost|p2a: Cyclizar|spa|2\n|move|p1a: Calyrex|Astral Barrage|p2a: Cyclizar\n|-immune|p2a: Cyclizar\n|\n|upkeep\n|turn|7\n|inactive|Time left: 300 sec this turn | 300 sec total\n|\n|t:|1783543364\n|move|p2a: Cyclizar|Draco Meteor|p1a: Calyrex\n|-damage|p1a: Calyrex|23/235\n|-unboost|p2a: Cyclizar|spa|2\n|move|p1a: Calyrex|Astral Barrage|p2a: Cyclizar\n|-immune|p2a: Cyclizar\n|\n|upkeep\n|turn|8\n|inactive|Time left: 300 sec this turn | 300 sec total\n|\n|t:|1783543365\n|move|p2a: Cyclizar|Draco Meteor|p1a: Calyrex\n|-damage|p1a: Calyrex|0 fnt\n|-unboost|p2a: Cyclizar|spa|2\n|faint|p1a: Calyrex\n|\n|upkeep\n|inactive|Time left: 300 sec this turn | 300 sec total | 5 sec grace\n|\n|t:|1783543365\n|switch|p1a: Terrakion|Terrakion, L79|273/273\n|turn|9\n|inactive|Time left: 300 sec this turn | 300 sec total\n|\n|t:|1783543366\n|move|p2a: Cyclizar|Shed Tail|p2a: Cyclizar\n|-start|p2a: Cyclizar|Substitute|[from] move: Shed Tail\n|-damage|p2a: Cyclizar|50/100\n|\n|t:|1783543367\n|switch|p2a: Granbull|Granbull, L88, F|68/100|[from] Shed Tail\n|-ability|p2a: Granbull|Intimidate|boost\n|-unboost|p1a: Terrakion|atk|1\n|move|p1a: Terrakion|Swords Dance|p1a: Terrakion\n|-boost|p1a: Terrakion|atk|2\n|\n|-heal|p2a: Granbull|74/100|[from] item: Leftovers\n|upkeep\n|turn|10\n|inactive|Time left: 300 sec this turn | 300 sec total\n|\n|t:|1783543368\n|switch|p1a: Regice|Regice, L88|284/284\n|move|p2a: Granbull|Play Rough|p1a: Regice\n|-damage|p1a: Regice|178/284\n|\n|-heal|p2a: Granbull|80/100|[from] item: Leftovers\n|upkeep\n|turn|11\n|inactive|Time left: 300 sec this turn | 300 sec total\n|\n|t:|1783543369\n|move|p1a: Regice|Ice Beam|p2a: Granbull\n|-end|p2a: Granbull|Substitute\n|move|p2a: Granbull|Play Rough|p1a: Regice\n|-damage|p1a: Regice|78/284\n|\n|-heal|p2a: Granbull|86/100|[from] item: Leftovers\n|upkeep\n|turn|12\n|inactive|Time left: 300 sec this turn | 300 sec total\n|\n|t:|1783543369\n|move|p1a: Regice|Ice Beam|p2a: Granbull\n|-damage|p2a: Granbull|45/100\n|move|p2a: Granbull|Play Rough|p1a: Regice\n|-damage|p1a: Regice|0 fnt\n|faint|p1a: Regice\n|\n|-heal|p2a: Granbull|51/100|[from] item: Leftovers\n|upkeep\n|inactive|Time left: 300 sec this turn | 300 sec total | 5 sec grace\n|\n|t:|1783543370\n|switch|p1a: Hypno|Hypno, L95, F|315/315\n|turn|13\n|inactive|Time left: 300 sec this turn | 300 sec total\n|\n|t:|1783543371\n|move|p1a: Hypno|Psychic Noise|p2a: Granbull\n|-damage|p2a: Granbull|17/100\n|-start|p2a: Granbull|move: Heal Block\n|move|p2a: Granbull|Play Rough|p1a: Hypno\n|-damage|p1a: Hypno|195/315\n|\n|-heal|p1a: Hypno|214/315|[from] item: Leftovers\n|upkeep\n|turn|14\n|inactive|Time left: 300 sec this turn | 300 sec total\n|\n|t:|1783543372\n|switch|p2a: Golurk|Golurk, L87|60/100\n|move|p1a: Hypno|Psychic Noise|p2a: Golurk\n|-damage|p2a: Golurk|29/100\n|-start|p2a: Golurk|move: Heal Block\n|\n|-heal|p1a: Hypno|233/315|[from] item: Leftovers\n|upkeep\n|turn|15\n|inactive|Time left: 300 sec this turn | 300 sec total\n|\n|t:|1783543373\n|move|p1a: Hypno|Knock Off|p2a: Golurk\n|-supereffective|p2a: Golurk\n|-damage|p2a: Golurk|0 fnt\n|-enditem|p2a: Golurk|Choice Band|[from] move: Knock Off|[of] p1a: Hypno\n|faint|p2a: Golurk\n|\n|-heal|p1a: Hypno|252/315|[from] item: Leftovers\n|upkeep\n|\n|t:|1783543374\n|switch|p2a: Corviknight|Corviknight, L80, F|100/100\n|-ability|p2a: Corviknight|Pressure\n|turn|16\n|inactive|Time left: 300 sec this turn | 300 sec total\n|\n|t:|1783543374\n|move|p1a: Hypno|Knock Off|p2a: Corviknight\n|-damage|p2a: Corviknight|76/100\n|-damage|p1a: Hypno|200/315|[from] item: Rocky Helmet|[of] p2a: Corviknight\n|-enditem|p2a: Corviknight|Rocky Helmet|[from] move: Knock Off|[of] p1a: Hypno\n|move|p2a: Corviknight|U-turn|p1a: Hypno\n|-supereffective|p1a: Hypno\n|-damage|p1a: Hypno|116/315\n|\n|t:|1783543375\n|switch|p2a: Thundurus|Thundurus, L80, M|100/100|[from] U-turn\n|\n|-heal|p1a: Hypno|135/315|[from] item: Leftovers\n|upkeep\n|turn|17\n|inactive|Time left: 300 sec this turn | 300 sec total\n|\n|t:|1783543376\n|move|p2a: Thundurus|Acrobatics|p1a: Hypno\n|-damage|p1a: Hypno|0 fnt\n|faint|p1a: Hypno\n|\n|upkeep\n|inactive|Time left: 300 sec this turn | 300 sec total | 5 sec grace\n|\n|t:|1783543378\n|switch|p1a: Terrakion|Terrakion, L79|273/273\n|turn|18\n|inactive|Time left: 300 sec this turn | 300 sec total\n|\n|t:|1783543379\n|move|p2a: Thundurus|Grass Knot|p1a: Terrakion\n|-supereffective|p1a: Terrakion\n|-damage|p1a: Terrakion|57/273\n|move|p1a: Terrakion|Stone Edge|p2a: Thundurus\n|-supereffective|p2a: Thundurus\n|-damage|p2a: Thundurus|0 fnt\n|faint|p2a: Thundurus\n|-damage|p1a: Terrakion|30/273|[from] item: Life Orb\n|\n|upkeep\n|\n|t:|1783543380\n|switch|p2a: Lumineon|Lumineon, L93, F|100/100\n|turn|19\n|inactive|Time left: 300 sec this turn | 300 sec total\n|\n|t:|1783543381\n|-terastallize|p1a: Terrakion|Fighting\n|move|p2a: Lumineon|Alluring Voice|p1a: Terrakion\n|-supereffective|p1a: Terrakion\n|-damage|p1a: Terrakion|0 fnt\n|faint|p1a: Terrakion\n|-damage|p2a: Lumineon|91/100|[from] item: Life Orb\n|\n|win|p0y322d258", "uploadtime": 1783543381, "views": 0, "rating": 0, "private": 0, "password": null, "_winner": "p0y322d258", "_our_name": "p0x322cd99"}