{"id": "battle-gen9randombattle-438", "formatid": "gen9randombattle", "format": "[Gen 9] Random Battle", "players": ["p0x43899d5", "p0y4386954"], "log": "|init|battle\n|title|p0x43899d5 vs. p0y4386954\n|j|\u2606p0x43899d5\n|j|\u2606p0y4386954\n|t:|1783544131\n|gametype|singles\n|player|p1|p0x43899d5|2|\n|player|p2|p0y4386954|102|\n|gen|9\n|tier|[Gen 9] Random Battle\n|rule|Species Clause: Limit one of each Pok\u00e9mon\n|rule|HP Percentage Mod: HP is shown in percentages\n|rule|Sleep Clause Mod: Limit one foe put to sleep\n|rule|Illusion Level Mod: Illusion disguises the Pok\u00e9mon's true level\n|\n|t:|1783544131\n|teamsize|p1|6\n|teamsize|p2|6\n|start\n|switch|p1a: Diancie|Diancie, L82|100/100\n|switch|p2a: Araquanid|Araquanid, L82, M|246/246\n|turn|1\n|inactive|Battle timer is ON: inactive players will automatically lose when time's up. (requested by p0y4386954)\n|inactive|p0x43899d5 also wants the timer to be on.\n|\n|t:|1783544133\n|move|p1a: Diancie|Diamond Storm|p2a: Araquanid\n|-supereffective|p2a: Araquanid\n|-damage|p2a: Araquanid|42/246\n|move|p2a: Araquanid|Sticky Web|p1a: Diancie\n|-sidestart|p1: p0x43899d5|move: Sticky Web\n|\n|upkeep\n|turn|2\n|inactive|Time left: 300 sec this turn | 300 sec total\n|\n|t:|1783544134\n|switch|p2a: Toedscruel|Toedscruel, L87, M|281/281\n|move|p1a: Diancie|Diamond Storm|p2a: Toedscruel\n|-resisted|p2a: Toedscruel\n|-damage|p2a: Toedscruel|221/281\n|-boost|p1a: Diancie|def|2\n|\n|-heal|p2a: Toedscruel|238/281|[from] item: Leftovers\n|upkeep\n|turn|3\n|inactive|Time left: 300 sec this turn | 300 sec total\n|\n|t:|1783544135\n|move|p1a: Diancie|Calm Mind|p1a: Diancie\n|-boost|p1a: Diancie|spa|1\n|-boost|p1a: Diancie|spd|1\n|move|p2a: Toedscruel|Spore|p1a: Diancie\n|-status|p1a: Diancie|slp|[from] move: Spore\n|\n|-heal|p2a: Toedscruel|255/281|[from] item: Leftovers\n|upkeep\n|turn|4\n|inactive|Time left: 300 sec this turn | 300 sec total\n|\n|t:|1783544136\n|move|p2a: Toedscruel|Earth Power|p1a: Diancie\n|-supereffective|p1a: Diancie\n|-damage|p1a: Diancie|64/100 slp\n|cant|p1a: Diancie|slp\n|\n|-heal|p2a: Toedscruel|272/281|[from] item: Leftovers\n|-heal|p1a: Diancie|70/100 slp|[from] item: Leftovers\n|upkeep\n|turn|5\n|inactive|Time left: 300 sec this turn | 300 sec total\n|\n|t:|1783544137\n|move|p2a: Toedscruel|Earth Power|p1a: Diancie\n|-supereffective|p1a: Diancie\n|-damage|p1a: Diancie|34/100 slp\n|-curestatus|p1a: Diancie|slp|[msg]\n|move|p1a: Diancie|Draining Kiss|p2a: Toedscruel\n|-damage|p2a: Toedscruel|209/281\n|-heal|p1a: Diancie|56/100|[from] drain|[of] p2a: Toedscruel\n|\n|-heal|p2a: Toedscruel|226/281|[from] item: Leftovers\n|-heal|p1a: Diancie|62/100|[from] item: Leftovers\n|upkeep\n|turn|6\n|inactive|Time left: 300 sec this turn | 300 sec total\n|\n|t:|1783544138\n|move|p1a: Diancie|Draining Kiss|p2a: Toedscruel\n|-damage|p2a: Toedscruel|169/281\n|-heal|p1a: Diancie|82/100|[from] drain|[of] p2a: Toedscruel\n|move|p2a: Toedscruel|Spore|p1a: Diancie\n|-status|p1a: Diancie|slp|[from] move: Spore\n|\n|-heal|p2a: Toedscruel|186/281|[from] item: Leftovers\n|-heal|p1a: Diancie|88/100 slp|[from] item: Leftovers\n|upkeep\n|turn|7\n|inactive|Time left: 300 sec this turn | 300 sec total\n|\n|t:|1783544139\n|move|p2a: Toedscruel|Giga Drain|p1a: Diancie\n|-supereffective|p1a: Diancie\n|-damage|p1a: Diancie|55/100 slp\n|-heal|p2a: Toedscruel|222/281|[from] drain|[of] p1a: Diancie\n|cant|p1a: Diancie|slp\n|\n|-heal|p2a: Toedscruel|239/281|[from] item: Leftovers\n|-heal|p1a: Diancie|61/100 slp|[from] item: Leftovers\n|upkeep\n|turn|8\n|inactive|Time left: 300 sec this turn | 300 sec total\n|\n|t:|1783544140\n|move|p2a: Toedscruel|Giga Drain|p1a: Diancie\n|-supereffective|p1a: Diancie\n|-damage|p1a: Diancie|27/100 slp\n|-heal|p2a: Toedscruel|275/281|[from] drain|[of] p1a: Diancie\n|-curestatus|p1a: Diancie|slp|[msg]\n|move|p1a: Diancie|Calm Mind|p1a: Diancie\n|-boost|p1a: Diancie|spa|1\n|-boost|p1a: Diancie|spd|1\n|\n|-heal|p2a: Toedscruel|281/281|[from] item: Leftovers\n|-heal|p1a: Diancie|33/100|[from] item: Leftovers\n|upkeep\n|turn|9\n|inactive|Time left: 300 sec this turn | 300 sec total\n|\n|t:|1783544141\n|move|p1a: Diancie|Draining Kiss|p2a: Toedscruel\n|-damage|p2a: Toedscruel|202/281\n|-heal|p1a: Diancie|61/100|[from] drain|[of] p2a: Toedscruel\n|move|p2a: Toedscruel|Spore|p1a: Diancie\n|-status|p1a: Diancie|slp|[from] move: Spore\n|\n|-heal|p2a: Toedscruel|219/281|[from] item: Leftovers\n|-heal|p1a: Diancie|67/100 slp|[from] item: Leftovers\n|upkeep\n|turn|10\n|inactive|Time left: 300 sec this turn | 300 sec total\n|\n|t:|1783544142\n|move|p2a: Toedscruel|Earth Power|p1a: Diancie\n|-supereffective|p1a: Diancie\n|-damage|p1a: Diancie|38/100 slp\n|cant|p1a: Diancie|slp\n|\n|-heal|p2a: Toedscruel|236/281|[from] item: Leftovers\n|-heal|p1a: Diancie|44/100 slp|[from] item: Leftovers\n|upkeep\n|turn|11\n|inactive|Time left: 300 sec this turn | 300 sec total\n|\n|t:|1783544143\n|move|p2a: Toedscruel|Giga Drain|p1a: Diancie\n|-supereffective|p1a: Diancie\n|-damage|p1a: Diancie|22/100 slp\n|-heal|p2a: Toedscruel|260/281|[from] drain|[of] p1a: Diancie\n|-curestatus|p1a: Diancie|slp|[msg]\n|move|p1a: Diancie|Draining Kiss|p2a: Toedscruel\n|-damage|p2a: Toedscruel|187/281\n|-heal|p1a: Diancie|47/100|[from] drain|[of] p2a: Toedscruel\n|\n|-heal|p2a: Toedscruel|204/281|[from] item: Leftovers\n|-heal|p1a: Diancie|53/100|[from] item: Leftovers\n|upkeep\n|turn|12\n|inactive|Time left: 300 sec this turn | 300 sec total\n|\n|t:|1783544144\n|move|p1a: Diancie|Draining Kiss|p2a: Toedscruel\n|-damage|p2a: Toedscruel|131/281\n|-heal|p1a: Diancie|79/100|[from] drain|[of] p2a: Toedscruel\n|move|p2a: Toedscruel|Spore|p1a: Diancie\n|-status|p1a: Diancie|slp|[from] move: Spore\n|\n|-heal|p2a: Toedscruel|148/281|[from] item: Leftovers\n|-heal|p1a: Diancie|85/100 slp|[from] item: Leftovers\n|upkeep\n|turn|13\n|inactive|Time left: 300 sec this turn | 300 sec total\n|\n|t:|1783544145\n|move|p2a: Toedscruel|Earth Power|p1a: Diancie\n|-supereffective|p1a: Diancie\n|-damage|p1a: Diancie|60/100 slp\n|cant|p1a: Diancie|slp\n|\n|-heal|p2a: Toedscruel|165/281|[from] item: Leftovers\n|-heal|p1a: Diancie|66/100 slp|[from] item: Leftovers\n|upkeep\n|turn|14\n|inactive|Time left: 300 sec this turn | 300 sec total\n|\n|t:|1783544147\n|move|p2a: Toedscruel|Giga Drain|p1a: Diancie\n|-supereffective|p1a: Diancie\n|-damage|p1a: Diancie|41/100 slp\n|-heal|p2a: Toedscruel|192/281|[from] drain|[of] p1a: Diancie\n|cant|p1a: Diancie|slp\n|\n|-heal|p2a: Toedscruel|209/281|[from] item: Leftovers\n|-heal|p1a: Diancie|47/100 slp|[from] item: Leftovers\n|upkeep\n|turn|15\n|inactive|Time left: 300 sec this turn | 300 sec total\n|\n|t:|1783544148\n|move|p2a: Toedscruel|Giga Drain|p1a: Diancie\n|-supereffective|p1a: Diancie\n|-damage|p1a: Diancie|25/100 slp\n|-heal|p2a: Toedscruel|233/281|[from] drain|[of] p1a: Diancie\n|cant|p1a: Diancie|slp\n|\n|-heal|p2a: Toedscruel|250/281|[from] item: Leftovers\n|-heal|p1a: Diancie|31/100 slp|[from] item: Leftovers\n|upkeep\n|turn|16\n|inactive|Time left: 300 sec this turn | 300 sec total\n|\n|t:|1783544149\n|-terastallize|p1a: Diancie|Fairy\n|move|p2a: Toedscruel|Earth Power|p1a: Diancie\n|-damage|p1a: Diancie|17/100 slp\n|-curestatus|p1a: Diancie|slp|[msg]\n|move|p1a: Diancie|Draining Kiss|p2a: Toedscruel\n|-damage|p2a: Toedscruel|122/281\n|-heal|p1a: Diancie|61/100|[from] drain|[of] p2a: Toedscruel\n|\n|-heal|p2a: Toedscruel|139/281|[from] item: Leftovers\n|-heal|p1a: Diancie|67/100|[from] item: Leftovers\n|upkeep\n|turn|17\n|inactive|Time left: 300 sec this turn | 300 sec total\n|\n|t:|1783544150\n|move|p1a: Diancie|Draining Kiss|p2a: Toedscruel\n|-damage|p2a: Toedscruel|19/281\n|-heal|p1a: Diancie|100/100|[from] drain|[of] p2a: Toedscruel\n|move|p2a: Toedscruel|Spore|p1a: Diancie\n|-status|p1a: Diancie|slp|[from] move: Spore\n|\n|-heal|p2a: Toedscruel|36/281|[from] item: Leftovers\n|upkeep\n|turn|18\n|inactive|Time left: 300 sec this turn | 300 sec total\n|\n|t:|1783544151\n|cant|p1a: Diancie|slp\n|move|p2a: Toedscruel|Spore|p1a: Diancie\n|-fail|p1a: Diancie|slp\n|\n|-heal|p2a: Toedscruel|53/281|[from] item: Leftovers\n|upkeep\n|turn|19\n|inactive|Time left: 300 sec this turn | 300 sec total\n|\n|t:|1783544152\n|move|p2a: Toedscruel|Giga Drain|p1a: Diancie\n|-damage|p1a: Diancie|89/100 slp\n|-heal|p2a: Toedscruel|66/281|[from] drain|[of] p1a: Diancie\n|cant|p1a: Diancie|slp\n|\n|-heal|p2a: Toedscruel|83/281|[from] item: Leftovers\n|-heal|p1a: Diancie|95/100 slp|[from] item: Leftovers\n|upkeep\n|turn|20\n|inactive|Time left: 300 sec this turn | 300 sec total\n|\n|t:|1783544153\n|-curestatus|p1a: Diancie|slp|[msg]\n|move|p1a: Diancie|Draining Kiss|p2a: Toedscruel\n|-damage|p2a: Toedscruel|0 fnt\n|-heal|p1a: Diancie|100/100|[from] drain|[of] p2a: Toedscruel\n|faint|p2a: Toedscruel\n|\n|upkeep\n|inactive|Time left: 300 sec this turn | 300 sec total | 5 sec grace\n|\n|t:|1783544154\n|switch|p2a: Komala|Komala, L87, F|255/255\n|-ability|p2a: Komala|Comatose\n|turn|21\n|inactive|Time left: 300 sec this turn | 300 sec total\n|\n|t:|1783544156\n|move|p2a: Komala|Body Slam|p1a: Diancie\n|-damage|p1a: Diancie|75/100\n|move|p1a: Diancie|Diamond Storm|p2a: Komala\n|-damage|p2a: Komala|134/255\n|-boost|p1a: Diancie|def|2\n|\n|-heal|p1a: Diancie|81/100|[from] item: Leftovers\n|upkeep\n|turn|22\n|inactive|Time left: 300 sec this turn | 300 sec total\n|\n|t:|1783544157\n|move|p2a: Komala|Body Slam|p1a: Diancie\n|-damage|p1a: Diancie|63/100\n|-status|p1a: Diancie|par\n|move|p1a: Diancie|Draining Kiss|p2a: Komala\n|-damage|p2a: Komala|0 fnt\n|-heal|p1a: Diancie|100/100 par|[from] drain|[of] p2a: Komala\n|faint|p2a: Komala\n|\n|upkeep\n|inactive|Time left: 300 sec this turn | 300 sec total | 5 sec grace\n|\n|t:|1783544158\n|switch|p2a: Donphan|Donphan, L84, M|288/288\n|turn|23\n|inactive|Time left: 300 sec this turn | 300 sec total\n|\n|t:|1783544159\n|move|p2a: Donphan|Stealth Rock|p1a: Diancie\n|-sidestart|p1: p0x43899d5|move: Stealth Rock\n|move|p1a: Diancie|Draining Kiss|p2a: Donphan\n|-damage|p2a: Donphan|84/288\n|\n|-heal|p2a: Donphan|102/288|[from] item: Leftovers\n|upkeep\n|turn|24\n|inactive|Time left: 300 sec this turn | 300 sec total\n|\n|t:|1783544160\n|move|p2a: Donphan|Earthquake|p1a: Diancie\n|-damage|p1a: Diancie|88/100 par\n|move|p1a: Diancie|Draining Kiss|p2a: Donphan\n|-damage|p2a: Donphan|0 fnt\n|-heal|p1a: Diancie|100/100 par|[from] drain|[of] p2a: Donphan\n|faint|p2a: Donphan\n|\n|upkeep\n|inactive|Time left: 300 sec this turn | 300 sec total | 5 sec grace\n|\n|t:|1783544161\n|switch|p2a: Gyarados|Gyarados, L79, F|280/280\n|-ability|p2a: Gyarados|Intimidate|boost\n|-fail|p1a: Diancie|unboost|[from] ability: Clear Body|[of] p1a: Diancie\n|turn|25\n|inactive|Time left: 300 sec this turn | 300 sec total\n|\n|t:|1783544162\n|move|p2a: Gyarados|Dragon Dance|p2a: Gyarados\n|-boost|p2a: Gyarados|atk|1\n|-boost|p2a: Gyarados|spe|1\n|move|p1a: Diancie|Draining Kiss|p2a: Gyarados\n|-damage|p2a: Gyarados|132/280\n|\n|upkeep\n|turn|26\n|inactive|Time left: 300 sec this turn | 300 sec total\n|\n|t:|1783544163\n|move|p2a: Gyarados|Waterfall|p1a: Diancie\n|-damage|p1a: Diancie|88/100 par\n|move|p1a: Diancie|Draining Kiss|p2a: Gyarados\n|-damage|p2a: Gyarados|0 fnt\n|-heal|p1a: Diancie|100/100 par|[from] drain|[of] p2a: Gyarados\n|faint|p2a: Gyarados\n|\n|upkeep\n|inactive|Time left: 300 sec this turn | 300 sec total | 5 sec grace\n|\n|t:|1783544165\n|switch|p2a: Araquanid|Araquanid, L82, M|42/246\n|turn|27\n|inactive|Time left: 300 sec this turn | 300 sec total\n|\n|t:|1783544166\n|move|p2a: Araquanid|Liquidation|p1a: Diancie\n|-damage|p1a: Diancie|85/100 par\n|move|p1a: Diancie|Draining Kiss|p2a: Araquanid\n|-damage|p2a: Araquanid|0 fnt\n|-heal|p1a: Diancie|99/100 par|[from] drain|[of] p2a: Araquanid\n|faint|p2a: Araquanid\n|\n|-heal|p1a: Diancie|100/100 par|[from] item: Leftovers\n|upkeep\n|inactive|Time left: 300 sec this turn | 300 sec total | 5 sec grace\n|\n|t:|1783544167\n|switch|p2a: Ditto|Ditto, L87|225/225\n|-transform|p2a: Ditto|p1a: Diancie|[from] ability: Imposter\n|-start|p2a: Ditto|typechange|Rock/Fairy|[silent]\n|turn|28\n|inactive|Time left: 300 sec this turn | 300 sec total\n|\n|t:|1783544168\n|-terastallize|p2a: Ditto|Ghost\n|move|p2a: Ditto|Calm Mind|p2a: Ditto\n|-boost|p2a: Ditto|spa|1\n|-boost|p2a: Ditto|spd|1\n|move|p1a: Diancie|Calm Mind|p1a: Diancie\n|-boost|p1a: Diancie|spa|1\n|-boost|p1a: Diancie|spd|1\n|\n|upkeep\n|turn|29\n|inactive|Time left: 300 sec this turn | 300 sec total\n|\n|t:|1783544169\n|move|p2a: Ditto|Calm Mind|p2a: Ditto\n|-boost|p2a: Ditto|spa|1\n|-boost|p2a: Ditto|spd|1\n|move|p1a: Diancie|Diamond Storm|p2a: Ditto\n|-damage|p2a: Ditto|201/225\n|-boost|p1a: Diancie|def|2\n|\n|upkeep\n|turn|30\n|inactive|Time left: 300 sec this turn | 300 sec total\n|\n|t:|1783544170\n|move|p2a: Ditto|Calm Mind|p2a: Ditto\n|-boost|p2a: Ditto|spa|1\n|-boost|p2a: Ditto|spd|1\n|move|p1a: Diancie|Diamond Storm|p2a: Ditto\n|-damage|p2a: Ditto|177/225\n|\n|upkeep\n|turn|31\n|inactive|Time left: 300 sec this turn | 300 sec total\n|\n|t:|1783544171\n|move|p2a: Ditto|Calm Mind|p2a: Ditto\n|-boost|p2a: Ditto|spa|1\n|-boost|p2a: Ditto|spd|1\n|move|p1a: Diancie|Calm Mind|p1a: Diancie\n|-boost|p1a: Diancie|spa|1\n|-boost|p1a: Diancie|spd|1\n|\n|upkeep\n|turn|32\n|inactive|Time left: 300 sec this turn | 300 sec total\n|\n|t:|1783544172\n|move|p2a: Ditto|Calm Mind|p2a: Ditto\n|-boost|p2a: Ditto|spa|0\n|-boost|p2a: Ditto|spd|0\n|cant|p1a: Diancie|par\n|\n|upkeep\n|turn|33\n|inactive|Time left: 300 sec this turn | 300 sec total\n|\n|t:|1783544174\n|-activate|p2a: Ditto|move: Struggle\n|move|p2a: Ditto|Struggle|p1a: Diancie\n|-damage|p1a: Diancie|97/100 par\n|-damage|p2a: Ditto|121/225|[from] recoil\n|cant|p1a: Diancie|par\n|\n|-heal|p1a: Diancie|100/100 par|[from] item: Leftovers\n|upkeep\n|turn|34\n|inactive|Time left: 300 sec this turn | 300 sec total\n|\n|t:|1783544175\n|-activate|p2a: Ditto|move: Struggle\n|move|p2a: Ditto|Struggle|p1a: Diancie\n|-damage|p1a: Diancie|97/100 par\n|-damage|p2a: Ditto|65/225|[from] recoil\n|move|p1a: Diancie|Earth Power|p2a: Ditto\n|-damage|p2a: Ditto|35/225\n|\n|-heal|p1a: Diancie|100/100 par|[from] item: Leftovers\n|upkeep\n|turn|35\n|inactive|Time left: 300 sec this turn | 300 sec total\n|\n|t:|1783544176\n|-activate|p2a: Ditto|move: Struggle\n|move|p2a: Ditto|Struggle|p1a: Diancie\n|-damage|p1a: Diancie|97/100 par\n|-damage|p2a: Ditto|0 fnt|[from] recoil\n|faint|p2a: Ditto\n|\n|win|p0x43899d5", "uploadtime": 1783544176, "views": 0, "rating": 0, "private": 0, "password": null, "_winner": "p0x43899d5", "_our_name": "p0y4386954"}