{"id": "battle-gen9randombattle-1936", "formatid": "gen9randombattle", "format": "[Gen 9] Random Battle", "players": ["p0x1936ea30", "p0y1936d764"], "log": "|init|battle\n|title|p0x1936ea30 vs. p0y1936d764\n|j|\u2606p0x1936ea30\n|j|\u2606p0y1936d764\n|t:|1783562392\n|gametype|singles\n|player|p1|p0x1936ea30|102|\n|player|p2|p0y1936d764|101|\n|gen|9\n|tier|[Gen 9] Random Battle\n|rule|Species Clause: Limit one of each Pok\u00e9mon\n|rule|HP Percentage Mod: HP is shown in percentages\n|rule|Sleep Clause Mod: Limit one foe put to sleep\n|rule|Illusion Level Mod: Illusion disguises the Pok\u00e9mon's true level\n|\n|t:|1783562392\n|teamsize|p1|6\n|teamsize|p2|6\n|start\n|switch|p1a: Slither Wing|Slither Wing, L81|270/270\n|switch|p2a: Garchomp|Garchomp, L74, F|100/100\n|turn|1\n|inactive|Battle timer is ON: inactive players will automatically lose when time's up. (requested by p0y1936d764)\n|inactive|Time left: 300 sec this turn | 300 sec total | 60 sec grace\n|\n|t:|1783562393\n|move|p2a: Garchomp|Outrage|p1a: Slither Wing\n|-damage|p1a: Slither Wing|119/270\n|move|p1a: Slither Wing|Will-O-Wisp|p2a: Garchomp\n|-status|p2a: Garchomp|brn\n|\n|-damage|p2a: Garchomp|94/100 brn|[from] brn\n|upkeep\n|turn|2\n|inactive|Time left: 300 sec this turn | 300 sec total\n|inactive|p0x1936ea30 also wants the timer to be on.\n|\n|t:|1783562394\n|move|p2a: Garchomp|Outrage|p1a: Slither Wing|[from] lockedmove\n|-damage|p1a: Slither Wing|47/270\n|-start|p2a: Garchomp|confusion|[fatigue]\n|move|p1a: Slither Wing|Morning Sun|p1a: Slither Wing\n|-heal|p1a: Slither Wing|182/270\n|\n|-damage|p2a: Garchomp|88/100 brn|[from] brn\n|upkeep\n|turn|3\n|inactive|Time left: 300 sec this turn | 300 sec total\n|\n|t:|1783562395\n|switch|p2a: Mismagius|Mismagius, L86, F|100/100\n|move|p1a: Slither Wing|Morning Sun|p1a: Slither Wing\n|-heal|p1a: Slither Wing|270/270\n|\n|upkeep\n|turn|4\n|inactive|Time left: 300 sec this turn | 300 sec total\n|\n|t:|1783562396\n|move|p2a: Mismagius|Nasty Plot|p2a: Mismagius\n|-boost|p2a: Mismagius|spa|2\n|move|p1a: Slither Wing|U-turn|p2a: Mismagius\n|-resisted|p2a: Mismagius\n|-damage|p2a: Mismagius|78/100\n|inactive|Time left: 300 sec this turn | 300 sec total | 5 sec grace\n|\n|t:|1783562397\n|-end|p1a: Slither Wing|Protosynthesis|[silent]\n|switch|p1a: Espeon|Espeon, L84, F|246/246|[from] U-turn\n|\n|-heal|p2a: Mismagius|84/100|[from] item: Leftovers\n|upkeep\n|turn|5\n|inactive|Time left: 300 sec this turn | 300 sec total\n|\n|t:|1783562398\n|move|p1a: Espeon|Psyshock|p2a: Mismagius\n|-damage|p2a: Mismagius|0 fnt\n|faint|p2a: Mismagius\n|\n|upkeep\n|\n|t:|1783562398\n|switch|p2a: Hippowdon|Hippowdon, L82, F|100/100\n|-weather|Sandstorm|[from] ability: Sand Stream|[of] p2a: Hippowdon\n|turn|6\n|inactive|Time left: 300 sec this turn | 300 sec total\n|\n|t:|1783562400\n|move|p1a: Espeon|Psyshock|p2a: Hippowdon\n|-damage|p2a: Hippowdon|55/100\n|move|p2a: Hippowdon|Earthquake|p1a: Espeon\n|-damage|p1a: Espeon|107/246\n|\n|-weather|Sandstorm|[upkeep]\n|-damage|p1a: Espeon|92/246|[from] Sandstorm\n|-heal|p2a: Hippowdon|61/100|[from] item: Leftovers\n|upkeep\n|turn|7\n|inactive|Time left: 300 sec this turn | 300 sec total\n|\n|t:|1783562401\n|move|p1a: Espeon|Psyshock|p2a: Hippowdon\n|-damage|p2a: Hippowdon|23/100\n|move|p2a: Hippowdon|Earthquake|p1a: Espeon\n|-damage|p1a: Espeon|0 fnt\n|faint|p1a: Espeon\n|\n|-weather|Sandstorm|[upkeep]\n|-heal|p2a: Hippowdon|29/100|[from] item: Leftovers\n|upkeep\n|inactive|Time left: 300 sec this turn | 300 sec total | 5 sec grace\n|\n|t:|1783562402\n|switch|p1a: Iron Bundle|Iron Bundle, L78|215/215\n|turn|8\n|inactive|Time left: 300 sec this turn | 300 sec total\n|\n|t:|1783562403\n|switch|p2a: Glaceon|Glaceon, L94, M|100/100\n|move|p1a: Iron Bundle|Freeze-Dry|p2a: Glaceon\n|-resisted|p2a: Glaceon\n|-damage|p2a: Glaceon|82/100\n|\n|-weather|Sandstorm|[upkeep]\n|-damage|p1a: Iron Bundle|202/215|[from] Sandstorm\n|-damage|p2a: Glaceon|76/100|[from] Sandstorm\n|upkeep\n|turn|9\n|inactive|Time left: 300 sec this turn | 300 sec total\n|\n|t:|1783562404\n|move|p1a: Iron Bundle|Freeze-Dry|p2a: Glaceon\n|-resisted|p2a: Glaceon\n|-crit|p2a: Glaceon\n|-damage|p2a: Glaceon|48/100\n|move|p2a: Glaceon|Freeze-Dry|p1a: Iron Bundle\n|-crit|p1a: Iron Bundle\n|-damage|p1a: Iron Bundle|0 fnt\n|faint|p1a: Iron Bundle\n|-end|p1a: Iron Bundle|Quark Drive|[silent]\n|\n|-weather|Sandstorm|[upkeep]\n|-damage|p2a: Glaceon|42/100|[from] Sandstorm\n|upkeep\n|inactive|Time left: 300 sec this turn | 300 sec total | 5 sec grace\n|\n|t:|1783562405\n|switch|p1a: Cinccino|Cinccino, L83, M|260/260\n|turn|10\n|inactive|Time left: 300 sec this turn | 300 sec total\n|\n|t:|1783562406\n|move|p1a: Cinccino|Tidy Up|p1a: Cinccino\n|-boost|p1a: Cinccino|atk|1\n|-boost|p1a: Cinccino|spe|1\n|move|p2a: Glaceon|Freeze-Dry|p1a: Cinccino\n|-damage|p1a: Cinccino|97/260\n|\n|-weather|none\n|upkeep\n|turn|11\n|inactive|Time left: 300 sec this turn | 300 sec total\n|\n|t:|1783562407\n|switch|p2a: Garchomp|Garchomp, L74, F|88/100 brn\n|move|p1a: Cinccino|Bullet Seed|p2a: Garchomp\n|-damage|p2a: Garchomp|74/100 brn\n|-damage|p2a: Garchomp|59/100 brn\n|-damage|p2a: Garchomp|46/100 brn\n|-damage|p2a: Garchomp|31/100 brn\n|-damage|p2a: Garchomp|17/100 brn\n|-hitcount|p2a: Garchomp|5\n|\n|-damage|p2a: Garchomp|11/100 brn|[from] brn\n|upkeep\n|turn|12\n|inactive|Time left: 300 sec this turn | 300 sec total\n|\n|t:|1783562408\n|move|p1a: Cinccino|Bullet Seed|p2a: Garchomp\n|-damage|p2a: Garchomp|0 fnt\n|faint|p2a: Garchomp\n|-hitcount|p2: Garchomp|1\n|\n|upkeep\n|\n|t:|1783562409\n|switch|p2a: Hippowdon|Hippowdon, L82, F|29/100\n|-weather|Sandstorm|[from] ability: Sand Stream|[of] p2a: Hippowdon\n|turn|13\n|inactive|Time left: 300 sec this turn | 300 sec total\n|\n|t:|1783562410\n|move|p1a: Cinccino|Tail Slap|p2a: Hippowdon|[miss]\n|-miss|p1a: Cinccino|p2a: Hippowdon\n|move|p2a: Hippowdon|Stone Edge|p1a: Cinccino\n|-crit|p1a: Cinccino\n|-damage|p1a: Cinccino|0 fnt\n|faint|p1a: Cinccino\n|\n|-weather|Sandstorm|[upkeep]\n|-heal|p2a: Hippowdon|35/100|[from] item: Leftovers\n|upkeep\n|inactive|Time left: 300 sec this turn | 300 sec total | 5 sec grace\n|\n|t:|1783562411\n|switch|p1a: Slither Wing|Slither Wing, L81|270/270\n|turn|14\n|inactive|Time left: 300 sec this turn | 300 sec total\n|\n|t:|1783562412\n|switch|p2a: Venomoth|Venomoth, L84, M|100/100\n|move|p1a: Slither Wing|Close Combat|p2a: Venomoth\n|-resisted|p2a: Venomoth\n|-damage|p2a: Venomoth|82/100\n|-unboost|p1a: Slither Wing|def|1\n|-unboost|p1a: Slither Wing|spd|1\n|\n|-weather|Sandstorm|[upkeep]\n|-damage|p2a: Venomoth|77/100|[from] Sandstorm\n|-damage|p1a: Slither Wing|254/270|[from] Sandstorm\n|upkeep\n|turn|15\n|inactive|Time left: 300 sec this turn | 300 sec total\n|\n|t:|1783562413\n|-end|p1a: Slither Wing|Protosynthesis|[silent]\n|switch|p1a: Pincurchin|Pincurchin, M|258/258\n|-fieldstart|move: Electric Terrain|[from] ability: Electric Surge|[of] p1a: Pincurchin\n|move|p2a: Venomoth|Quiver Dance|p2a: Venomoth\n|-boost|p2a: Venomoth|spa|1\n|-boost|p2a: Venomoth|spd|1\n|-boost|p2a: Venomoth|spe|1\n|\n|-weather|Sandstorm|[upkeep]\n|-damage|p2a: Venomoth|71/100|[from] Sandstorm\n|-damage|p1a: Pincurchin|242/258|[from] Sandstorm\n|-heal|p1a: Pincurchin|258/258|[from] item: Leftovers\n|upkeep\n|turn|16\n|inactive|Time left: 300 sec this turn | 300 sec total\n|\n|t:|1783562414\n|move|p2a: Venomoth|Bug Buzz|p1a: Pincurchin\n|-damage|p1a: Pincurchin|143/258\n|move|p1a: Pincurchin|Zing Zap|p2a: Venomoth\n|-damage|p2a: Venomoth|0 fnt\n|faint|p2a: Venomoth\n|\n|-weather|Sandstorm|[upkeep]\n|-damage|p1a: Pincurchin|127/258|[from] Sandstorm\n|-heal|p1a: Pincurchin|143/258|[from] item: Leftovers\n|upkeep\n|\n|t:|1783562415\n|switch|p2a: Hippowdon|Hippowdon, L82, F|35/100\n|turn|17\n|inactive|Time left: 300 sec this turn | 300 sec total\n|\n|t:|1783562416\n|-terastallize|p1a: Pincurchin|Water\n|move|p2a: Hippowdon|Earthquake|p1a: Pincurchin\n|-damage|p1a: Pincurchin|46/258\n|move|p1a: Pincurchin|Liquidation|p2a: Hippowdon\n|-supereffective|p2a: Hippowdon\n|-damage|p2a: Hippowdon|0 fnt\n|faint|p2a: Hippowdon\n|\n|-weather|none\n|-heal|p1a: Pincurchin|62/258|[from] item: Leftovers\n|upkeep\n|\n|t:|1783562417\n|switch|p2a: Glaceon|Glaceon, L94, M|42/100\n|turn|18\n|inactive|Time left: 300 sec this turn | 300 sec total\n|\n|t:|1783562418\n|move|p2a: Glaceon|Freeze-Dry|p1a: Pincurchin\n|-supereffective|p1a: Pincurchin\n|-damage|p1a: Pincurchin|0 fnt\n|faint|p1a: Pincurchin\n|\n|upkeep\n|inactive|Time left: 300 sec this turn | 300 sec total | 5 sec grace\n|\n|t:|1783562419\n|switch|p1a: Slither Wing|Slither Wing, L81|254/270\n|turn|19\n|inactive|Time left: 300 sec this turn | 300 sec total\n|\n|t:|1783562420\n|move|p2a: Glaceon|Protect|p2a: Glaceon\n|-singleturn|p2a: Glaceon|Protect\n|move|p1a: Slither Wing|Close Combat|p2a: Glaceon\n|-activate|p2a: Glaceon|move: Protect\n|\n|-fieldend|move: Electric Terrain\n|upkeep\n|turn|20\n|inactive|Time left: 300 sec this turn | 300 sec total\n|\n|t:|1783562421\n|-terastallize|p2a: Glaceon|Water\n|move|p1a: Slither Wing|Close Combat|p2a: Glaceon\n|-damage|p2a: Glaceon|3/100\n|-unboost|p1a: Slither Wing|def|1\n|-unboost|p1a: Slither Wing|spd|1\n|move|p2a: Glaceon|Wish|p2a: Glaceon\n|\n|upkeep\n|turn|21\n|inactive|Time left: 300 sec this turn | 300 sec total\n|\n|t:|1783562422\n|move|p2a: Glaceon|Protect|p2a: Glaceon\n|-singleturn|p2a: Glaceon|Protect\n|move|p1a: Slither Wing|Close Combat|p2a: Glaceon\n|-activate|p2a: Glaceon|move: Protect\n|\n|-heal|p2a: Glaceon|52/100|[from] move: Wish|[wisher] Glaceon\n|upkeep\n|turn|22\n|inactive|Time left: 300 sec this turn | 300 sec total\n|\n|t:|1783562423\n|move|p1a: Slither Wing|U-turn|p2a: Glaceon\n|-crit|p2a: Glaceon\n|-damage|p2a: Glaceon|13/100\n|inactive|Time left: 300 sec this turn | 300 sec total | 5 sec grace\n|\n|t:|1783562424\n|-end|p1a: Slither Wing|Protosynthesis|[silent]\n|switch|p1a: Regice|Regice, L88|284/284|[from] U-turn\n|move|p2a: Glaceon|Wish|p2a: Glaceon\n|\n|upkeep\n|turn|23\n|inactive|Time left: 300 sec this turn | 300 sec total\n|\n|t:|1783562425\n|move|p2a: Glaceon|Protect|p2a: Glaceon\n|-singleturn|p2a: Glaceon|Protect\n|move|p1a: Regice|Thunderbolt|p2a: Glaceon\n|-activate|p2a: Glaceon|move: Protect\n|\n|-heal|p2a: Glaceon|63/100|[from] move: Wish|[wisher] Glaceon\n|upkeep\n|turn|24\n|inactive|Time left: 300 sec this turn | 300 sec total\n|\n|t:|1783562425\n|move|p2a: Glaceon|Wish|p2a: Glaceon\n|move|p1a: Regice|Thunderbolt|p2a: Glaceon\n|-supereffective|p2a: Glaceon\n|-damage|p2a: Glaceon|18/100\n|\n|upkeep\n|turn|25\n|inactive|Time left: 300 sec this turn | 300 sec total\n|\n|t:|1783562426\n|move|p2a: Glaceon|Protect|p2a: Glaceon\n|-singleturn|p2a: Glaceon|Protect\n|move|p1a: Regice|Thunderbolt|p2a: Glaceon\n|-activate|p2a: Glaceon|move: Protect\n|\n|-heal|p2a: Glaceon|68/100|[from] move: Wish|[wisher] Glaceon\n|upkeep\n|turn|26\n|inactive|Time left: 300 sec this turn | 300 sec total\n|\n|t:|1783562427\n|move|p2a: Glaceon|Calm Mind|p2a: Glaceon\n|-boost|p2a: Glaceon|spa|1\n|-boost|p2a: Glaceon|spd|1\n|move|p1a: Regice|Thunderbolt|p2a: Glaceon\n|-supereffective|p2a: Glaceon\n|-damage|p2a: Glaceon|36/100\n|\n|upkeep\n|turn|27\n|inactive|Time left: 300 sec this turn | 300 sec total\n|\n|t:|1783562428\n|move|p2a: Glaceon|Wish|p2a: Glaceon\n|move|p1a: Regice|Thunderbolt|p2a: Glaceon\n|-supereffective|p2a: Glaceon\n|-damage|p2a: Glaceon|7/100\n|\n|upkeep\n|turn|28\n|inactive|Time left: 300 sec this turn | 300 sec total\n|\n|t:|1783562429\n|move|p2a: Glaceon|Protect|p2a: Glaceon\n|-singleturn|p2a: Glaceon|Protect\n|move|p1a: Regice|Thunderbolt|p2a: Glaceon\n|-activate|p2a: Glaceon|move: Protect\n|\n|-heal|p2a: Glaceon|56/100|[from] move: Wish|[wisher] Glaceon\n|upkeep\n|turn|29\n|inactive|Time left: 300 sec this turn | 300 sec total\n|\n|t:|1783562430\n|move|p2a: Glaceon|Wish|p2a: Glaceon\n|move|p1a: Regice|Thunderbolt|p2a: Glaceon\n|-supereffective|p2a: Glaceon\n|-damage|p2a: Glaceon|26/100\n|\n|upkeep\n|turn|30\n|inactive|Time left: 300 sec this turn | 300 sec total\n|\n|t:|1783562431\n|move|p2a: Glaceon|Calm Mind|p2a: Glaceon\n|-boost|p2a: Glaceon|spa|1\n|-boost|p2a: Glaceon|spd|1\n|move|p1a: Regice|Thunderbolt|p2a: Glaceon\n|-supereffective|p2a: Glaceon\n|-damage|p2a: Glaceon|1/100\n|\n|-heal|p2a: Glaceon|51/100|[from] move: Wish|[wisher] Glaceon\n|upkeep\n|turn|31\n|inactive|Time left: 300 sec this turn | 300 sec total\n|\n|t:|1783562431\n|move|p2a: Glaceon|Wish|p2a: Glaceon\n|move|p1a: Regice|Thunderbolt|p2a: Glaceon\n|-supereffective|p2a: Glaceon\n|-damage|p2a: Glaceon|31/100\n|\n|upkeep\n|turn|32\n|inactive|Time left: 300 sec this turn | 300 sec total\n|\n|t:|1783562432\n|move|p2a: Glaceon|Calm Mind|p2a: Glaceon\n|-boost|p2a: Glaceon|spa|1\n|-boost|p2a: Glaceon|spd|1\n|move|p1a: Regice|Thunderbolt|p2a: Glaceon\n|-supereffective|p2a: Glaceon\n|-damage|p2a: Glaceon|13/100\n|\n|-heal|p2a: Glaceon|63/100|[from] move: Wish|[wisher] Glaceon\n|upkeep\n|turn|33\n|inactive|Time left: 300 sec this turn | 300 sec total\n|\n|t:|1783562433\n|move|p2a: Glaceon|Wish|p2a: Glaceon\n|move|p1a: Regice|Thunderbolt|p2a: Glaceon\n|-supereffective|p2a: Glaceon\n|-damage|p2a: Glaceon|46/100\n|\n|upkeep\n|turn|34\n|inactive|Time left: 300 sec this turn | 300 sec total\n|\n|t:|1783562434\n|move|p2a: Glaceon|Freeze-Dry|p1a: Regice\n|-resisted|p1a: Regice\n|-damage|p1a: Regice|209/284\n|move|p1a: Regice|Thunderbolt|p2a: Glaceon\n|-supereffective|p2a: Glaceon\n|-damage|p2a: Glaceon|28/100\n|\n|-heal|p2a: Glaceon|78/100|[from] move: Wish|[wisher] Glaceon\n|upkeep\n|turn|35\n|inactive|Time left: 300 sec this turn | 300 sec total\n|\n|t:|1783562435\n|move|p2a: Glaceon|Calm Mind|p2a: Glaceon\n|-boost|p2a: Glaceon|spa|1\n|-boost|p2a: Glaceon|spd|1\n|move|p1a: Regice|Thunderbolt|p2a: Glaceon\n|-supereffective|p2a: Glaceon\n|-damage|p2a: Glaceon|63/100\n|\n|upkeep\n|turn|36\n|inactive|Time left: 300 sec this turn | 300 sec total\n|\n|t:|1783562436\n|move|p2a: Glaceon|Wish|p2a: Glaceon\n|move|p1a: Regice|Thunderbolt|p2a: Glaceon\n|-supereffective|p2a: Glaceon\n|-damage|p2a: Glaceon|49/100\n|\n|upkeep\n|turn|37\n|inactive|Time left: 300 sec this turn | 300 sec total\n|\n|t:|1783562437\n|move|p2a: Glaceon|Freeze-Dry|p1a: Regice\n|-resisted|p1a: Regice\n|-damage|p1a: Regice|122/284\n|move|p1a: Regice|Thunderbolt|p2a: Glaceon\n|-supereffective|p2a: Glaceon\n|-damage|p2a: Glaceon|33/100\n|\n|-heal|p2a: Glaceon|83/100|[from] move: Wish|[wisher] Glaceon\n|upkeep\n|turn|38\n|inactive|Time left: 300 sec this turn | 300 sec total\n|\n|t:|1783562438\n|move|p2a: Glaceon|Freeze-Dry|p1a: Regice\n|-resisted|p1a: Regice\n|-damage|p1a: Regice|40/284\n|move|p1a: Regice|Rest|p1a: Regice\n|-status|p1a: Regice|slp|[from] move: Rest\n|-heal|p1a: Regice|284/284 slp|[silent]\n|\n|upkeep\n|turn|39\n|inactive|Time left: 300 sec this turn | 300 sec total\n|\n|t:|1783562439\n|move|p2a: Glaceon|Freeze-Dry|p1a: Regice\n|-resisted|p1a: Regice\n|-damage|p1a: Regice|200/284 slp\n|cant|p1a: Regice|slp\n|move|p1a: Regice|Sleep Talk|p1a: Regice\n|move|p1a: Regice|Thunderbolt|p2a: Glaceon|[from] move: Sleep Talk\n|-supereffective|p2a: Glaceon\n|-damage|p2a: Glaceon|67/100\n|\n|upkeep\n|turn|40\n|inactive|Time left: 300 sec this turn | 300 sec total\n|\n|t:|1783562440\n|move|p2a: Glaceon|Wish|p2a: Glaceon\n|cant|p1a: Regice|slp\n|move|p1a: Regice|Sleep Talk|p1a: Regice\n|move|p1a: Regice|Ice Beam|p2a: Glaceon|[from] move: Sleep Talk\n|-resisted|p2a: Glaceon\n|-damage|p2a: Glaceon|61/100\n|\n|upkeep\n|turn|41\n|inactive|Time left: 300 sec this turn | 300 sec total\n|\n|t:|1783562440\n|move|p2a: Glaceon|Freeze-Dry|p1a: Regice\n|-resisted|p1a: Regice\n|-damage|p1a: Regice|111/284 slp\n|-curestatus|p1a: Regice|slp|[msg]\n|move|p1a: Regice|Rest|p1a: Regice\n|-status|p1a: Regice|slp|[from] move: Rest\n|-heal|p1a: Regice|284/284 slp|[silent]\n|\n|-heal|p2a: Glaceon|100/100|[from] move: Wish|[wisher] Glaceon\n|upkeep\n|turn|42\n|inactive|Time left: 300 sec this turn | 300 sec total\n|\n|t:|1783562441\n|move|p2a: Glaceon|Freeze-Dry|p1a: Regice\n|-resisted|p1a: Regice\n|-damage|p1a: Regice|194/284 slp\n|cant|p1a: Regice|slp\n|move|p1a: Regice|Sleep Talk|p1a: Regice\n|move|p1a: Regice|Ice Beam|p2a: Glaceon|[from] move: Sleep Talk\n|-resisted|p2a: Glaceon\n|-damage|p2a: Glaceon|95/100\n|\n|upkeep\n|turn|43\n|inactive|Time left: 300 sec this turn | 300 sec total\n|\n|t:|1783562442\n|move|p2a: Glaceon|Freeze-Dry|p1a: Regice\n|-resisted|p1a: Regice\n|-damage|p1a: Regice|107/284 slp\n|cant|p1a: Regice|slp\n|move|p1a: Regice|Sleep Talk|p1a: Regice\n|move|p1a: Regice|Rest||[from] move: Sleep Talk|[still]\n|-fail|p1a: Regice\n|\n|upkeep\n|turn|44\n|inactive|Time left: 300 sec this turn | 300 sec total\n|\n|t:|1783562443\n|move|p2a: Glaceon|Freeze-Dry|p1a: Regice\n|-resisted|p1a: Regice\n|-damage|p1a: Regice|21/284 slp\n|-curestatus|p1a: Regice|slp|[msg]\n|move|p1a: Regice|Rest|p1a: Regice\n|-status|p1a: Regice|slp|[from] move: Rest\n|-heal|p1a: Regice|284/284 slp|[silent]\n|\n|upkeep\n|turn|45\n|inactive|Time left: 300 sec this turn | 300 sec total\n|\n|t:|1783562444\n|move|p2a: Glaceon|Freeze-Dry|p1a: Regice\n|-resisted|p1a: Regice\n|-damage|p1a: Regice|200/284 slp\n|cant|p1a: Regice|slp\n|move|p1a: Regice|Sleep Talk|p1a: Regice\n|move|p1a: Regice|Thunderbolt|p2a: Glaceon|[from] move: Sleep Talk\n|-supereffective|p2a: Glaceon\n|-damage|p2a: Glaceon|80/100\n|-status|p2a: Glaceon|par\n|\n|upkeep\n|turn|46\n|inactive|Time left: 300 sec this turn | 300 sec total\n|\n|t:|1783562445\n|cant|p1a: Regice|slp\n|move|p1a: Regice|Sleep Talk|p1a: Regice\n|move|p1a: Regice|Ice Beam|p2a: Glaceon|[from] move: Sleep Talk\n|-resisted|p2a: Glaceon\n|-damage|p2a: Glaceon|75/100 par\n|cant|p2a: Glaceon|par\n|\n|upkeep\n|turn|47\n|inactive|Time left: 300 sec this turn | 300 sec total\n|\n|t:|1783562446\n|-curestatus|p1a: Regice|slp|[msg]\n|move|p1a: Regice|Thunderbolt|p2a: Glaceon\n|-supereffective|p2a: Glaceon\n|-damage|p2a: Glaceon|60/100 par\n|move|p2a: Glaceon|Freeze-Dry|p1a: Regice\n|-resisted|p1a: Regice\n|-damage|p1a: Regice|122/284\n|\n|upkeep\n|turn|48\n|inactive|Time left: 300 sec this turn | 300 sec total\n|\n|t:|1783562447\n|move|p1a: Regice|Rest|p1a: Regice\n|-status|p1a: Regice|slp|[from] move: Rest\n|-heal|p1a: Regice|284/284 slp|[silent]\n|cant|p2a: Glaceon|par\n|\n|upkeep\n|turn|49\n|inactive|Time left: 300 sec this turn | 300 sec total\n|\n|t:|1783562448\n|cant|p1a: Regice|slp\n|move|p1a: Regice|Sleep Talk|p1a: Regice\n|move|p1a: Regice|Ice Beam|p2a: Glaceon|[from] move: Sleep Talk\n|-resisted|p2a: Glaceon\n|-crit|p2a: Glaceon\n|-damage|p2a: Glaceon|36/100 par\n|move|p2a: Glaceon|Freeze-Dry|p1a: Regice\n|-resisted|p1a: Regice\n|-crit|p1a: Regice\n|-damage|p1a: Regice|152/284 slp\n|\n|upkeep\n|turn|50\n|inactive|Time left: 300 sec this turn | 300 sec total\n|\n|t:|1783562449\n|cant|p1a: Regice|slp\n|move|p1a: Regice|Sleep Talk|p1a: Regice\n|move|p1a: Regice|Thunderbolt|p2a: Glaceon|[from] move: Sleep Talk\n|-supereffective|p2a: Glaceon\n|-damage|p2a: Glaceon|21/100 par\n|move|p2a: Glaceon|Wish|p2a: Glaceon\n|\n|upkeep\n|turn|51\n|inactive|Time left: 300 sec this turn | 300 sec total\n|\n|t:|1783562450\n|-curestatus|p1a: Regice|slp|[msg]\n|move|p1a: Regice|Thunderbolt|p2a: Glaceon\n|-supereffective|p2a: Glaceon\n|-damage|p2a: Glaceon|5/100 par\n|move|p2a: Glaceon|Freeze-Dry|p1a: Regice\n|-resisted|p1a: Regice\n|-damage|p1a: Regice|65/284\n|\n|-heal|p2a: Glaceon|55/100 par|[from] move: Wish|[wisher] Glaceon\n|upkeep\n|turn|52\n|inactive|Time left: 300 sec this turn | 300 sec total\n|\n|t:|1783562451\n|move|p1a: Regice|Rest|p1a: Regice\n|-status|p1a: Regice|slp|[from] move: Rest\n|-heal|p1a: Regice|284/284 slp|[silent]\n|move|p2a: Glaceon|Wish|p2a: Glaceon\n|\n|upkeep\n|turn|53\n|inactive|Time left: 300 sec this turn | 300 sec total\n|\n|t:|1783562453\n|cant|p1a: Regice|slp\n|move|p2a: Glaceon|Freeze-Dry|p1a: Regice\n|-resisted|p1a: Regice\n|-damage|p1a: Regice|194/284 slp\n|\n|-heal|p2a: Glaceon|100/100 par|[from] move: Wish|[wisher] Glaceon\n|upkeep\n|turn|54\n|inactive|Time left: 300 sec this turn | 300 sec total\n|\n|t:|1783562454\n|cant|p1a: Regice|slp\n|move|p1a: Regice|Sleep Talk|p1a: Regice\n|move|p1a: Regice|Ice Beam|p2a: Glaceon|[from] move: Sleep Talk\n|-resisted|p2a: Glaceon\n|-damage|p2a: Glaceon|95/100 par\n|move|p2a: Glaceon|Freeze-Dry|p1a: Regice\n|-resisted|p1a: Regice\n|-damage|p1a: Regice|110/284 slp\n|\n|upkeep\n|turn|55\n|inactive|Time left: 300 sec this turn | 300 sec total\n|\n|t:|1783562455\n|-curestatus|p1a: Regice|slp|[msg]\n|move|p1a: Regice|Rest|p1a: Regice\n|-status|p1a: Regice|slp|[from] move: Rest\n|-heal|p1a: Regice|284/284 slp|[silent]\n|move|p2a: Glaceon|Freeze-Dry|p1a: Regice\n|-resisted|p1a: Regice\n|-damage|p1a: Regice|199/284 slp\n|\n|upkeep\n|turn|56\n|inactive|Time left: 300 sec this turn | 300 sec total\n|\n|t:|1783562456\n|cant|p1a: Regice|slp\n|move|p1a: Regice|Sleep Talk|p1a: Regice\n|move|p1a: Regice|Thunderbolt|p2a: Glaceon|[from] move: Sleep Talk\n|-supereffective|p2a: Glaceon\n|-damage|p2a: Glaceon|80/100 par\n|move|p2a: Glaceon|Freeze-Dry|p1a: Regice\n|-resisted|p1a: Regice\n|-damage|p1a: Regice|107/284 slp\n|\n|upkeep\n|turn|57\n|inactive|Time left: 300 sec this turn | 300 sec total\n|\n|t:|1783562457\n|cant|p1a: Regice|slp\n|move|p2a: Glaceon|Freeze-Dry|p1a: Regice\n|-resisted|p1a: Regice\n|-damage|p1a: Regice|23/284 slp\n|\n|upkeep\n|turn|58\n|inactive|Time left: 300 sec this turn | 300 sec total\n|\n|t:|1783562458\n|-curestatus|p1a: Regice|slp|[msg]\n|move|p1a: Regice|Rest|p1a: Regice\n|-status|p1a: Regice|slp|[from] move: Rest\n|-heal|p1a: Regice|284/284 slp|[silent]\n|cant|p2a: Glaceon|par\n|\n|upkeep\n|turn|59\n|inactive|Time left: 300 sec this turn | 300 sec total\n|\n|t:|1783562459\n|cant|p1a: Regice|slp\n|move|p1a: Regice|Sleep Talk|p1a: Regice\n|move|p1a: Regice|Thunderbolt|p2a: Glaceon|[from] move: Sleep Talk\n|-supereffective|p2a: Glaceon\n|-damage|p2a: Glaceon|64/100 par\n|cant|p2a: Glaceon|par\n|\n|upkeep\n|turn|60\n|inactive|Time left: 300 sec this turn | 300 sec total\n|\n|t:|1783562460\n|cant|p1a: Regice|slp\n|cant|p2a: Glaceon|par\n|\n|upkeep\n|turn|61\n|inactive|Time left: 300 sec this turn | 300 sec total\n|\n|t:|1783562461\n|-curestatus|p1a: Regice|slp|[msg]\n|move|p1a: Regice|Thunderbolt|p2a: Glaceon\n|-supereffective|p2a: Glaceon\n|-damage|p2a: Glaceon|48/100 par\n|cant|p2a: Glaceon|par\n|\n|upkeep\n|turn|62\n|inactive|Time left: 300 sec this turn | 300 sec total\n|\n|t:|1783562462\n|move|p1a: Regice|Thunderbolt|p2a: Glaceon\n|-supereffective|p2a: Glaceon\n|-damage|p2a: Glaceon|32/100 par\n|move|p2a: Glaceon|Wish|p2a: Glaceon\n|\n|upkeep\n|turn|63\n|inactive|Time left: 300 sec this turn | 300 sec total\n|\n|t:|1783562463\n|move|p1a: Regice|Thunderbolt|p2a: Glaceon\n|-supereffective|p2a: Glaceon\n|-damage|p2a: Glaceon|16/100 par\n|move|p2a: Glaceon|Freeze-Dry|p1a: Regice\n|-resisted|p1a: Regice\n|-damage|p1a: Regice|197/284\n|\n|-heal|p2a: Glaceon|66/100 par|[from] move: Wish|[wisher] Glaceon\n|upkeep\n|turn|64\n|inactive|Time left: 300 sec this turn | 300 sec total\n|\n|t:|1783562465\n|move|p1a: Regice|Thunderbolt|p2a: Glaceon\n|-supereffective|p2a: Glaceon\n|-damage|p2a: Glaceon|52/100 par\n|move|p2a: Glaceon|Wish|p2a: Glaceon\n|\n|upkeep\n|turn|65\n|inactive|Time left: 300 sec this turn | 300 sec total\n|\n|t:|1783562466\n|move|p1a: Regice|Thunderbolt|p2a: Glaceon\n|-supereffective|p2a: Glaceon\n|-damage|p2a: Glaceon|36/100 par\n|move|p2a: Glaceon|Freeze-Dry|p1a: Regice\n|-resisted|p1a: Regice\n|-damage|p1a: Regice|111/284\n|\n|-heal|p2a: Glaceon|86/100 par|[from] move: Wish|[wisher] Glaceon\n|upkeep\n|turn|66\n|inactive|Time left: 300 sec this turn | 300 sec total\n|\n|t:|1783562467\n|move|p1a: Regice|Rest|p1a: Regice\n|-status|p1a: Regice|slp|[from] move: Rest\n|-heal|p1a: Regice|284/284 slp|[silent]\n|cant|p2a: Glaceon|par\n|\n|upkeep\n|turn|67\n|inactive|Time left: 300 sec this turn | 300 sec total\n|\n|t:|1783562468\n|cant|p1a: Regice|slp\n|move|p1a: Regice|Sleep Talk|p1a: Regice\n|move|p1a: Regice|Ice Beam|p2a: Glaceon|[from] move: Sleep Talk\n|-resisted|p2a: Glaceon\n|-damage|p2a: Glaceon|80/100 par\n|move|p2a: Glaceon|Freeze-Dry|p1a: Regice\n|-resisted|p1a: Regice\n|-damage|p1a: Regice|204/284 slp\n|\n|upkeep\n|turn|68\n|inactive|Time left: 300 sec this turn | 300 sec total\n|\n|t:|1783562469\n|cant|p1a: Regice|slp\n|move|p1a: Regice|Sleep Talk|p1a: Regice\n|move|p1a: Regice|Rest||[from] move: Sleep Talk|[still]\n|-fail|p1a: Regice\n|move|p2a: Glaceon|Freeze-Dry|p1a: Regice\n|-resisted|p1a: Regice\n|-damage|p1a: Regice|123/284 slp\n|\n|upkeep\n|turn|69\n|inactive|Time left: 300 sec this turn | 300 sec total\n|\n|t:|1783562470\n|-curestatus|p1a: Regice|slp|[msg]\n|move|p1a: Regice|Thunderbolt|p2a: Glaceon\n|-supereffective|p2a: Glaceon\n|-damage|p2a: Glaceon|66/100 par\n|move|p2a: Glaceon|Freeze-Dry|p1a: Regice\n|-resisted|p1a: Regice\n|-crit|p1a: Regice\n|-damage|p1a: Regice|0 fnt\n|faint|p1a: Regice\n|\n|upkeep\n|inactive|Time left: 300 sec this turn | 300 sec total | 5 sec grace\n|\n|t:|1783562470\n|switch|p1a: Slither Wing|Slither Wing, L81|254/270\n|turn|70\n|inactive|Time left: 300 sec this turn | 300 sec total\n|\n|t:|1783562471\n|move|p1a: Slither Wing|U-turn|p2a: Glaceon\n|-damage|p2a: Glaceon|42/100 par\n|move|p2a: Glaceon|Freeze-Dry|p1a: Slither Wing\n|-damage|p1a: Slither Wing|0 fnt\n|faint|p1a: Slither Wing\n|-end|p1a: Slither Wing|Protosynthesis|[silent]\n|\n|win|p0y1936d764", "uploadtime": 1783562471, "views": 0, "rating": 0, "private": 0, "password": null, "_winner": "p0y1936d764", "_our_name": "p0x1936ea30"}