{"id": "battle-gen9randombattle-786", "formatid": "gen9randombattle", "format": "[Gen 9] Random Battle", "players": ["p0x786c5ce", "p0y7861158"], "log": "|init|battle\n|title|p0x786c5ce vs. p0y7861158\n|j|\u2606p0x786c5ce\n|j|\u2606p0y7861158\n|t:|1783548975\n|gametype|singles\n|player|p1|p0x786c5ce|1|\n|player|p2|p0y7861158|265|\n|gen|9\n|tier|[Gen 9] Random Battle\n|rule|Species Clause: Limit one of each Pok\u00e9mon\n|rule|HP Percentage Mod: HP is shown in percentages\n|rule|Sleep Clause Mod: Limit one foe put to sleep\n|rule|Illusion Level Mod: Illusion disguises the Pok\u00e9mon's true level\n|\n|t:|1783548975\n|teamsize|p1|6\n|teamsize|p2|6\n|start\n|switch|p1a: Garganacl|Garganacl, L80, F|291/291\n|switch|p2a: Minior|Minior-Orange, L79|100/100\n|-formechange|p2a: Minior|Minior-Meteor||[from] ability: Shields Down\n|turn|1\n|inactive|Battle timer is ON: inactive players will automatically lose when time's up. (requested by p0x786c5ce)\n|inactive|p0y7861158 also wants the timer to be on.\n|\n|t:|1783548976\n|move|p2a: Minior|Shell Smash|p2a: Minior\n|-unboost|p2a: Minior|def|1\n|-unboost|p2a: Minior|spd|1\n|-boost|p2a: Minior|atk|2\n|-boost|p2a: Minior|spa|2\n|-boost|p2a: Minior|spe|2\n|-enditem|p2a: Minior|White Herb\n|-clearnegativeboost|p2a: Minior|[silent]\n|move|p1a: Garganacl|Salt Cure|p2a: Minior\n|-supereffective|p2a: Minior\n|-damage|p2a: Minior|66/100\n|-start|p2a: Minior|Salt Cure\n|\n|-damage|p2a: Minior|53/100|[from] Salt Cure\n|upkeep\n|turn|2\n|inactive|Time left: 300 sec this turn | 300 sec total\n|\n|t:|1783548978\n|move|p2a: Minior|Acrobatics|p1a: Garganacl\n|-resisted|p1a: Garganacl\n|-damage|p1a: Garganacl|234/291\n|move|p1a: Garganacl|Salt Cure|p2a: Minior\n|-supereffective|p2a: Minior\n|-damage|p2a: Minior|20/100\n|\n|-heal|p1a: Garganacl|252/291|[from] item: Leftovers\n|-damage|p2a: Minior|8/100|[from] Salt Cure\n|-formechange|p2a: Minior|Minior-Orange||[from] ability: Shields Down\n|upkeep\n|turn|3\n|inactive|Time left: 300 sec this turn | 300 sec total\n|\n|t:|1783548979\n|switch|p2a: Ting-Lu|Ting-Lu, L78|100/100\n|-ability|p2a: Ting-Lu|Vessel of Ruin\n|move|p1a: Garganacl|Recover|p1a: Garganacl\n|-heal|p1a: Garganacl|291/291\n|\n|upkeep\n|turn|4\n|inactive|Time left: 300 sec this turn | 300 sec total\n|\n|t:|1783548980\n|move|p2a: Ting-Lu|Stealth Rock|p1a: Garganacl\n|-sidestart|p1: p0x786c5ce|move: Stealth Rock\n|move|p1a: Garganacl|Stealth Rock|p2a: Ting-Lu\n|-sidestart|p2: p0y7861158|move: Stealth Rock\n|\n|upkeep\n|turn|5\n|inactive|Time left: 300 sec this turn | 300 sec total\n|\n|t:|1783548981\n|move|p2a: Ting-Lu|Spikes|p1a: Garganacl\n|-sidestart|p1: p0x786c5ce|Spikes\n|move|p1a: Garganacl|Salt Cure|p2a: Ting-Lu\n|-resisted|p2a: Ting-Lu\n|-damage|p2a: Ting-Lu|96/100\n|-start|p2a: Ting-Lu|Salt Cure\n|\n|-heal|p2a: Ting-Lu|100/100|[from] item: Leftovers\n|-damage|p2a: Ting-Lu|88/100|[from] Salt Cure\n|upkeep\n|turn|6\n|inactive|Time left: 300 sec this turn | 300 sec total\n|\n|t:|1783548982\n|switch|p1a: Florges|Florges-Blue, L85, F|271/271\n|-damage|p1a: Florges|238/271|[from] Stealth Rock\n|-damage|p1a: Florges|205/271|[from] Spikes\n|move|p2a: Ting-Lu|Earthquake|p1a: Florges\n|-damage|p1a: Florges|93/271\n|\n|-heal|p1a: Florges|109/271|[from] item: Leftovers\n|-heal|p2a: Ting-Lu|94/100|[from] item: Leftovers\n|-damage|p2a: Ting-Lu|82/100|[from] Salt Cure\n|upkeep\n|turn|7\n|inactive|Time left: 300 sec this turn | 300 sec total\n|\n|t:|1783548983\n|move|p1a: Florges|Synthesis|p1a: Florges\n|-heal|p1a: Florges|244/271\n|move|p2a: Ting-Lu|Earthquake|p1a: Florges\n|-damage|p1a: Florges|126/271\n|\n|-heal|p1a: Florges|142/271|[from] item: Leftovers\n|-heal|p2a: Ting-Lu|88/100|[from] item: Leftovers\n|-damage|p2a: Ting-Lu|76/100|[from] Salt Cure\n|upkeep\n|turn|8\n|inactive|Time left: 300 sec this turn | 300 sec total\n|\n|t:|1783548984\n|move|p1a: Florges|Moonblast|p2a: Ting-Lu\n|-supereffective|p2a: Ting-Lu\n|-damage|p2a: Ting-Lu|17/100\n|move|p2a: Ting-Lu|Earthquake|p1a: Florges\n|-damage|p1a: Florges|21/271\n|\n|-heal|p1a: Florges|37/271|[from] item: Leftovers\n|-heal|p2a: Ting-Lu|23/100|[from] item: Leftovers\n|-damage|p2a: Ting-Lu|10/100|[from] Salt Cure\n|upkeep\n|turn|9\n|inactive|Time left: 300 sec this turn | 300 sec total\n|\n|t:|1783548986\n|switch|p2a: Serperior|Serperior, L79, M|100/100\n|-damage|p2a: Serperior|88/100|[from] Stealth Rock\n|move|p1a: Florges|Synthesis|p1a: Florges\n|-heal|p1a: Florges|172/271\n|\n|-heal|p2a: Serperior|94/100|[from] item: Leftovers\n|-heal|p1a: Florges|188/271|[from] item: Leftovers\n|upkeep\n|turn|10\n|inactive|Time left: 300 sec this turn | 300 sec total\n|\n|t:|1783548987\n|move|p2a: Serperior|Leaf Storm|p1a: Florges\n|-damage|p1a: Florges|121/271\n|-boost|p2a: Serperior|spa|2\n|move|p1a: Florges|Calm Mind|p1a: Florges\n|-boost|p1a: Florges|spa|1\n|-boost|p1a: Florges|spd|1\n|\n|-heal|p2a: Serperior|99/100|[from] item: Leftovers\n|-heal|p1a: Florges|137/271|[from] item: Leftovers\n|upkeep\n|turn|11\n|inactive|Time left: 300 sec this turn | 300 sec total\n|\n|t:|1783548988\n|move|p2a: Serperior|Leaf Storm|p1a: Florges\n|-damage|p1a: Florges|46/271\n|-boost|p2a: Serperior|spa|2\n|move|p1a: Florges|Synthesis|p1a: Florges\n|-heal|p1a: Florges|181/271\n|\n|-heal|p2a: Serperior|100/100|[from] item: Leftovers\n|-heal|p1a: Florges|197/271|[from] item: Leftovers\n|upkeep\n|turn|12\n|inactive|Time left: 300 sec this turn | 300 sec total\n|\n|t:|1783548989\n|move|p2a: Serperior|Leaf Storm|p1a: Florges\n|-damage|p1a: Florges|77/271\n|-boost|p2a: Serperior|spa|2\n|move|p1a: Florges|Moonblast|p2a: Serperior\n|-damage|p2a: Serperior|36/100\n|\n|-heal|p2a: Serperior|42/100|[from] item: Leftovers\n|-heal|p1a: Florges|93/271|[from] item: Leftovers\n|upkeep\n|turn|13\n|inactive|Time left: 300 sec this turn | 300 sec total\n|\n|t:|1783548990\n|move|p2a: Serperior|Leaf Storm|p1a: Florges\n|-damage|p1a: Florges|0 fnt\n|faint|p1a: Florges\n|\n|-heal|p2a: Serperior|48/100|[from] item: Leftovers\n|upkeep\n|inactive|Time left: 300 sec this turn | 300 sec total | 5 sec grace\n|\n|t:|1783548991\n|switch|p1a: Regidrago|Regidrago, L77|435/435\n|-damage|p1a: Regidrago|381/435|[from] Stealth Rock\n|-damage|p1a: Regidrago|327/435|[from] Spikes\n|turn|14\n|inactive|Time left: 300 sec this turn | 300 sec total\n|\n|t:|1783548992\n|-terastallize|p2a: Serperior|Rock\n|move|p1a: Regidrago|Outrage|p2a: Serperior\n|-damage|p2a: Serperior|0 fnt\n|faint|p2a: Serperior\n|\n|upkeep\n|\n|t:|1783548993\n|switch|p2a: Magnezone|Magnezone, L85|100/100\n|-damage|p2a: Magnezone|94/100|[from] Stealth Rock\n|turn|15\n|inactive|Time left: 300 sec this turn | 300 sec total\n|\n|t:|1783548994\n|move|p1a: Regidrago|Outrage|p2a: Magnezone|[from] lockedmove\n|-resisted|p2a: Magnezone\n|-damage|p2a: Magnezone|69/100\n|-start|p1a: Regidrago|confusion|[fatigue]\n|move|p2a: Magnezone|Flash Cannon|p1a: Regidrago\n|-damage|p1a: Regidrago|110/435\n|\n|upkeep\n|turn|16\n|inactive|Time left: 300 sec this turn | 300 sec total\n|\n|t:|1783548995\n|-activate|p1a: Regidrago|confusion\n|move|p1a: Regidrago|Outrage|p2a: Magnezone\n|-resisted|p2a: Magnezone\n|-crit|p2a: Magnezone\n|-damage|p2a: Magnezone|32/100\n|move|p2a: Magnezone|Flash Cannon|p1a: Regidrago\n|-damage|p1a: Regidrago|0 fnt\n|faint|p1a: Regidrago\n|\n|upkeep\n|inactive|Time left: 300 sec this turn | 300 sec total | 5 sec grace\n|\n|t:|1783548996\n|switch|p1a: Annihilape|Annihilape, L76, F|292/292\n|-damage|p1a: Annihilape|274/292|[from] Stealth Rock\n|-damage|p1a: Annihilape|238/292|[from] Spikes\n|turn|17\n|inactive|Time left: 300 sec this turn | 300 sec total\n|\n|t:|1783548997\n|move|p2a: Magnezone|Flash Cannon|p1a: Annihilape\n|-damage|p1a: Annihilape|123/292\n|-unboost|p1a: Annihilape|spd|1\n|-ability|p1a: Annihilape|Defiant|boost\n|-boost|p1a: Annihilape|atk|2\n|move|p1a: Annihilape|Drain Punch|p2a: Magnezone\n|-supereffective|p2a: Magnezone\n|-damage|p2a: Magnezone|0 fnt\n|-heal|p1a: Annihilape|163/292|[from] drain|[of] p2a: Magnezone\n|faint|p2a: Magnezone\n|\n|-heal|p1a: Annihilape|181/292|[from] item: Leftovers\n|upkeep\n|\n|t:|1783548999\n|switch|p2a: Chien-Pao|Chien-Pao, L72|100/100\n|-damage|p2a: Chien-Pao|76/100|[from] Stealth Rock\n|-ability|p2a: Chien-Pao|Sword of Ruin\n|turn|18\n|inactive|Time left: 300 sec this turn | 300 sec total\n|\n|t:|1783549000\n|move|p2a: Chien-Pao|Icicle Crash|p1a: Annihilape\n|-damage|p1a: Annihilape|0 fnt\n|faint|p1a: Annihilape\n|\n|upkeep\n|inactive|Time left: 300 sec this turn | 300 sec total | 5 sec grace\n|\n|t:|1783549001\n|switch|p1a: Phione|Phione, L91|293/293\n|-damage|p1a: Phione|257/293|[from] Stealth Rock\n|-damage|p1a: Phione|221/293|[from] Spikes\n|turn|19\n|inactive|Time left: 300 sec this turn | 300 sec total\n|\n|t:|1783549002\n|move|p2a: Chien-Pao|Icicle Crash|p1a: Phione\n|-resisted|p1a: Phione\n|-damage|p1a: Phione|150/293\n|cant|p1a: Phione|flinch\n|\n|-heal|p1a: Phione|168/293|[from] item: Leftovers\n|upkeep\n|turn|20\n|inactive|Time left: 300 sec this turn | 300 sec total\n|\n|t:|1783549003\n|switch|p2a: Gurdurr|Gurdurr, L85, M|100/100\n|-damage|p2a: Gurdurr|94/100|[from] Stealth Rock\n|move|p1a: Phione|Scald|p2a: Gurdurr\n|-damage|p2a: Gurdurr|66/100\n|-status|p2a: Gurdurr|brn\n|\n|-heal|p1a: Phione|186/293|[from] item: Leftovers\n|-damage|p2a: Gurdurr|60/100 brn|[from] brn\n|upkeep\n|turn|21\n|inactive|Time left: 300 sec this turn | 300 sec total\n|\n|t:|1783549004\n|switch|p1a: Yanmega|Yanmega, L82, M|275/275\n|-damage|p1a: Yanmega|138/275|[from] Stealth Rock\n|move|p2a: Gurdurr|Drain Punch|p1a: Yanmega\n|-resisted|p1a: Yanmega\n|-damage|p1a: Yanmega|102/275\n|-heal|p2a: Gurdurr|66/100 brn|[from] drain|[of] p1a: Yanmega\n|\n|-damage|p2a: Gurdurr|60/100 brn|[from] brn\n|upkeep\n|turn|22\n|inactive|Time left: 300 sec this turn | 300 sec total\n|\n|t:|1783549005\n|switch|p2a: Minior|Minior-Orange, L79|8/100\n|-damage|p2a: Minior|0 fnt|[from] Stealth Rock\n|faint|p2a: Minior\n|move|p1a: Yanmega|Air Slash|p2: Minior|[notarget]\n|-fail|p1a: Yanmega\n|\n|upkeep\n|\n|t:|1783549006\n|switch|p2a: Chien-Pao|Chien-Pao, L72|76/100\n|-damage|p2a: Chien-Pao|51/100|[from] Stealth Rock\n|-ability|p2a: Chien-Pao|Sword of Ruin\n|turn|23\n|inactive|Time left: 300 sec this turn | 300 sec total\n|\n|t:|1783549007\n|move|p2a: Chien-Pao|Crunch|p1a: Yanmega\n|-damage|p1a: Yanmega|0 fnt\n|faint|p1a: Yanmega\n|\n|upkeep\n|inactive|Time left: 300 sec this turn | 300 sec total | 5 sec grace\n|\n|t:|1783549007\n|switch|p1a: Garganacl|Garganacl, L80, F|291/291\n|-damage|p1a: Garganacl|255/291|[from] Stealth Rock\n|-damage|p1a: Garganacl|219/291|[from] Spikes\n|turn|24\n|inactive|Time left: 300 sec this turn | 300 sec total\n|\n|t:|1783549008\n|move|p2a: Chien-Pao|Crunch|p1a: Garganacl\n|-damage|p1a: Garganacl|108/291\n|-unboost|p1a: Garganacl|def|1\n|move|p1a: Garganacl|Salt Cure|p2a: Chien-Pao\n|-supereffective|p2a: Chien-Pao\n|-damage|p2a: Chien-Pao|5/100\n|-start|p2a: Chien-Pao|Salt Cure\n|\n|-heal|p1a: Garganacl|126/291|[from] item: Leftovers\n|-damage|p2a: Chien-Pao|0 fnt|[from] Salt Cure\n|faint|p2a: Chien-Pao\n|upkeep\n|\n|t:|1783549009\n|switch|p2a: Gurdurr|Gurdurr, L85, M|60/100 brn\n|-damage|p2a: Gurdurr|54/100 brn|[from] Stealth Rock\n|turn|25\n|inactive|Time left: 300 sec this turn | 300 sec total\n|\n|t:|1783549010\n|move|p1a: Garganacl|Protect|p1a: Garganacl\n|-singleturn|p1a: Garganacl|Protect\n|move|p2a: Gurdurr|Drain Punch|p1a: Garganacl\n|-activate|p1a: Garganacl|move: Protect\n|\n|-heal|p1a: Garganacl|144/291|[from] item: Leftovers\n|-damage|p2a: Gurdurr|48/100 brn|[from] brn\n|upkeep\n|turn|26\n|inactive|Time left: 300 sec this turn | 300 sec total\n|\n|t:|1783549011\n|-terastallize|p1a: Garganacl|Dragon\n|move|p1a: Garganacl|Protect||[still]\n|-fail|p1a: Garganacl\n|move|p2a: Gurdurr|Drain Punch|p1a: Garganacl\n|-damage|p1a: Garganacl|0 fnt\n|-heal|p2a: Gurdurr|73/100 brn|[from] drain|[of] p1a: Garganacl\n|faint|p1a: Garganacl\n|\n|-damage|p2a: Gurdurr|67/100 brn|[from] brn\n|upkeep\n|inactive|Time left: 300 sec this turn | 300 sec total | 5 sec grace\n|\n|t:|1783549012\n|switch|p1a: Phione|Phione, L91|186/293\n|-damage|p1a: Phione|150/293|[from] Stealth Rock\n|-damage|p1a: Phione|114/293|[from] Spikes\n|turn|27\n|inactive|Time left: 300 sec this turn | 300 sec total\n|\n|t:|1783549012\n|move|p1a: Phione|Take Heart|p1a: Phione\n|-boost|p1a: Phione|spa|1\n|-boost|p1a: Phione|spd|1\n|move|p2a: Gurdurr|Drain Punch|p1a: Phione\n|-damage|p1a: Phione|0 fnt\n|-heal|p2a: Gurdurr|87/100 brn|[from] drain|[of] p1a: Phione\n|faint|p1a: Phione\n|\n|win|p0y7861158", "uploadtime": 1783549012, "views": 0, "rating": 0, "private": 0, "password": null, "_winner": "p0y7861158", "_our_name": "p0x786c5ce"}