{"id": "battle-gen9randombattle-1118", "formatid": "gen9randombattle", "format": "[Gen 9] Random Battle", "players": ["p0x11184c63", "p0y11180277"], "log": "|init|battle\n|title|p0x11184c63 vs. p0y11180277\n|j|\u2606p0x11184c63\n|j|\u2606p0y11180277\n|t:|1783552922\n|gametype|singles\n|player|p1|p0x11184c63|170|\n|player|p2|p0y11180277|265|\n|gen|9\n|tier|[Gen 9] Random Battle\n|rule|Species Clause: Limit one of each Pok\u00e9mon\n|rule|HP Percentage Mod: HP is shown in percentages\n|rule|Sleep Clause Mod: Limit one foe put to sleep\n|rule|Illusion Level Mod: Illusion disguises the Pok\u00e9mon's true level\n|\n|t:|1783552922\n|teamsize|p1|6\n|teamsize|p2|6\n|start\n|switch|p1a: Bellossom|Bellossom, L84, F|100/100\n|switch|p2a: Meganium|Meganium, L90, M|290/290\n|turn|1\n|inactive|Battle timer is ON: inactive players will automatically lose when time's up. (requested by p0x11184c63)\n|inactive|Time left: 300 sec this turn | 300 sec total | 60 sec grace\n|inactive|p0y11180277 also wants the timer to be on.\n|\n|t:|1783552924\n|move|p2a: Meganium|Swords Dance|p2a: Meganium\n|-boost|p2a: Meganium|atk|2\n|move|p1a: Bellossom|Quiver Dance|p1a: Bellossom\n|-boost|p1a: Bellossom|spa|1\n|-boost|p1a: Bellossom|spd|1\n|-boost|p1a: Bellossom|spe|1\n|\n|upkeep\n|turn|2\n|inactive|Time left: 300 sec this turn | 300 sec total\n|\n|t:|1783552925\n|move|p1a: Bellossom|Quiver Dance|p1a: Bellossom\n|-boost|p1a: Bellossom|spa|1\n|-boost|p1a: Bellossom|spd|1\n|-boost|p1a: Bellossom|spe|1\n|move|p2a: Meganium|Knock Off|p1a: Bellossom\n|-damage|p1a: Bellossom|51/100\n|-enditem|p1a: Bellossom|Leftovers|[from] move: Knock Off|[of] p2a: Meganium\n|\n|upkeep\n|turn|3\n|inactive|Time left: 300 sec this turn | 300 sec total\n|\n|t:|1783552926\n|move|p1a: Bellossom|Strength Sap|p2a: Meganium\n|-unboost|p2a: Meganium|atk|1\n|-heal|p1a: Bellossom|100/100\n|move|p2a: Meganium|Swords Dance|p2a: Meganium\n|-boost|p2a: Meganium|atk|2\n|\n|upkeep\n|turn|4\n|inactive|Time left: 300 sec this turn | 300 sec total\n|\n|t:|1783552927\n|move|p1a: Bellossom|Sludge Bomb|p2a: Meganium\n|-supereffective|p2a: Meganium\n|-damage|p2a: Meganium|96/290\n|move|p2a: Meganium|Petal Blizzard|p1a: Bellossom\n|-resisted|p1a: Bellossom\n|-damage|p1a: Bellossom|39/100\n|\n|-heal|p2a: Meganium|114/290|[from] item: Leftovers\n|upkeep\n|turn|5\n|inactive|Time left: 300 sec this turn | 300 sec total\n|\n|t:|1783552928\n|move|p1a: Bellossom|Strength Sap|p2a: Meganium\n|-unboost|p2a: Meganium|atk|1\n|-heal|p1a: Bellossom|100/100\n|move|p2a: Meganium|Petal Blizzard|p1a: Bellossom\n|-resisted|p1a: Bellossom\n|-damage|p1a: Bellossom|65/100\n|\n|-heal|p2a: Meganium|132/290|[from] item: Leftovers\n|upkeep\n|turn|6\n|inactive|Time left: 300 sec this turn | 300 sec total\n|\n|t:|1783552930\n|move|p1a: Bellossom|Sludge Bomb|p2a: Meganium\n|-supereffective|p2a: Meganium\n|-damage|p2a: Meganium|0 fnt\n|faint|p2a: Meganium\n|\n|upkeep\n|inactive|Time left: 300 sec this turn | 300 sec total | 5 sec grace\n|\n|t:|1783552930\n|switch|p2a: Haxorus|Haxorus, L77, M|244/244\n|-ability|p2a: Haxorus|Mold Breaker\n|turn|7\n|inactive|Time left: 300 sec this turn | 300 sec total\n|\n|t:|1783552931\n|-terastallize|p2a: Haxorus|Steel\n|move|p1a: Bellossom|Strength Sap|p2a: Haxorus\n|-unboost|p2a: Haxorus|atk|1\n|-heal|p1a: Bellossom|100/100\n|move|p2a: Haxorus|Outrage|p1a: Bellossom\n|-damage|p1a: Bellossom|67/100\n|\n|upkeep\n|turn|8\n|inactive|Time left: 300 sec this turn | 300 sec total\n|\n|t:|1783552932\n|move|p1a: Bellossom|Giga Drain|p2a: Haxorus\n|-resisted|p2a: Haxorus\n|-damage|p2a: Haxorus|145/244\n|-heal|p1a: Bellossom|86/100|[from] drain|[of] p2a: Haxorus\n|move|p2a: Haxorus|Outrage|p1a: Bellossom|[from] lockedmove\n|-damage|p1a: Bellossom|50/100\n|\n|upkeep\n|turn|9\n|inactive|Time left: 300 sec this turn | 300 sec total\n|\n|t:|1783552933\n|move|p1a: Bellossom|Giga Drain|p2a: Haxorus\n|-resisted|p2a: Haxorus\n|-crit|p2a: Haxorus\n|-damage|p2a: Haxorus|0 fnt\n|-heal|p1a: Bellossom|78/100|[from] drain|[of] p2a: Haxorus\n|faint|p2a: Haxorus\n|\n|upkeep\n|inactive|Time left: 300 sec this turn | 300 sec total | 5 sec grace\n|\n|t:|1783552934\n|switch|p2a: Chien-Pao|Chien-Pao, L72|234/234\n|-ability|p2a: Chien-Pao|Sword of Ruin\n|turn|10\n|inactive|Time left: 300 sec this turn | 300 sec total\n|\n|t:|1783552935\n|move|p1a: Bellossom|Giga Drain|p2a: Chien-Pao\n|-damage|p2a: Chien-Pao|21/234\n|-heal|p1a: Bellossom|100/100|[from] drain|[of] p2a: Chien-Pao\n|move|p2a: Chien-Pao|Icicle Crash|p1a: Bellossom\n|-supereffective|p1a: Bellossom\n|-damage|p1a: Bellossom|0 fnt\n|faint|p1a: Bellossom\n|\n|upkeep\n|\n|t:|1783552935\n|switch|p1a: Tyranitar|Tyranitar, L78, F|100/100\n|-weather|Sandstorm|[from] ability: Sand Stream|[of] p1a: Tyranitar\n|turn|11\n|inactive|Time left: 300 sec this turn | 300 sec total\n|\n|t:|1783552936\n|move|p2a: Chien-Pao|Icicle Crash|p1a: Tyranitar|[miss]\n|-miss|p2a: Chien-Pao|p1a: Tyranitar\n|move|p1a: Tyranitar|Ice Punch|p2a: Chien-Pao\n|-resisted|p2a: Chien-Pao\n|-damage|p2a: Chien-Pao|0 fnt\n|faint|p2a: Chien-Pao\n|\n|-weather|Sandstorm|[upkeep]\n|upkeep\n|inactive|Time left: 300 sec this turn | 300 sec total | 5 sec grace\n|\n|t:|1783552937\n|switch|p2a: Mimikyu|Mimikyu, L79, F|216/216\n|turn|12\n|inactive|Time left: 300 sec this turn | 300 sec total\n|\n|t:|1783552939\n|move|p2a: Mimikyu|Swords Dance|p2a: Mimikyu\n|-boost|p2a: Mimikyu|atk|2\n|move|p1a: Tyranitar|Dragon Dance|p1a: Tyranitar\n|-boost|p1a: Tyranitar|atk|1\n|-boost|p1a: Tyranitar|spe|1\n|\n|-weather|Sandstorm|[upkeep]\n|-damage|p2a: Mimikyu|203/216|[from] Sandstorm\n|upkeep\n|turn|13\n|inactive|Time left: 300 sec this turn | 300 sec total\n|\n|t:|1783552940\n|-terastallize|p1a: Tyranitar|Rock\n|move|p1a: Tyranitar|Ice Punch|p2a: Mimikyu\n|-activate|p2a: Mimikyu|ability: Disguise\n|-damage|p2a: Mimikyu|203/216\n|detailschange|p2a: Mimikyu|Mimikyu-Busted, L79, F\n|-damage|p2a: Mimikyu|176/216|[from] pokemon: Mimikyu-Busted\n|move|p2a: Mimikyu|Drain Punch|p1a: Tyranitar\n|-supereffective|p1a: Tyranitar\n|-damage|p1a: Tyranitar|34/100\n|-heal|p2a: Mimikyu|216/216|[from] drain|[of] p1a: Tyranitar\n|-enditem|p1a: Tyranitar|Weakness Policy\n|-boost|p1a: Tyranitar|atk|2|[from] item: Weakness Policy\n|-boost|p1a: Tyranitar|spa|2|[from] item: Weakness Policy\n|-damage|p2a: Mimikyu|195/216|[from] item: Life Orb\n|\n|-weather|Sandstorm|[upkeep]\n|-damage|p2a: Mimikyu|182/216|[from] Sandstorm\n|upkeep\n|turn|14\n|inactive|Time left: 300 sec this turn | 300 sec total\n|\n|t:|1783552941\n|move|p2a: Mimikyu|Shadow Sneak|p1a: Tyranitar\n|-damage|p1a: Tyranitar|6/100\n|-damage|p2a: Mimikyu|161/216|[from] item: Life Orb\n|move|p1a: Tyranitar|Knock Off|p2a: Mimikyu\n|-damage|p2a: Mimikyu|0 fnt\n|-enditem|p2a: Mimikyu|Life Orb|[from] move: Knock Off|[of] p1a: Tyranitar\n|faint|p2a: Mimikyu\n|\n|-weather|Sandstorm|[upkeep]\n|upkeep\n|inactive|Time left: 300 sec this turn | 300 sec total | 5 sec grace\n|\n|t:|1783552942\n|switch|p2a: Stantler|Stantler, L92, M|284/284\n|-ability|p2a: Stantler|Intimidate|boost\n|-unboost|p1a: Tyranitar|atk|1\n|turn|15\n|inactive|Time left: 300 sec this turn | 300 sec total\n|\n|t:|1783552943\n|move|p1a: Tyranitar|Stone Edge|p2a: Stantler\n|-damage|p2a: Stantler|34/284\n|move|p2a: Stantler|Earth Power|p1a: Tyranitar\n|-supereffective|p1a: Tyranitar\n|-damage|p1a: Tyranitar|0 fnt\n|faint|p1a: Tyranitar\n|\n|-weather|none\n|upkeep\n|\n|t:|1783552944\n|switch|p1a: Hoopa|Hoopa, L85|100/100\n|turn|16\n|inactive|Time left: 300 sec this turn | 300 sec total\n|\n|t:|1783552945\n|move|p2a: Stantler|Shadow Ball|p1a: Hoopa\n|-supereffective|p1a: Hoopa\n|-damage|p1a: Hoopa|38/100\n|move|p1a: Hoopa|Psychic|p2a: Stantler\n|-damage|p2a: Stantler|0 fnt\n|faint|p2a: Stantler\n|-damage|p1a: Hoopa|28/100|[from] item: Life Orb\n|\n|upkeep\n|inactive|Time left: 300 sec this turn | 300 sec total | 5 sec grace\n|\n|t:|1783552946\n|switch|p2a: Chimecho|Chimecho, L93, M|290/290\n|turn|17\n|inactive|Time left: 300 sec this turn | 300 sec total\n|\n|t:|1783552947\n|move|p2a: Chimecho|Cosmic Power|p2a: Chimecho\n|-boost|p2a: Chimecho|def|1\n|-boost|p2a: Chimecho|spd|1\n|move|p1a: Hoopa|Shadow Ball|p2a: Chimecho\n|-supereffective|p2a: Chimecho\n|-crit|p2a: Chimecho\n|-damage|p2a: Chimecho|0 fnt\n|faint|p2a: Chimecho\n|-damage|p1a: Hoopa|18/100|[from] item: Life Orb\n|\n|win|p0x11184c63", "uploadtime": 1783552947, "views": 0, "rating": 0, "private": 0, "password": null, "_winner": "p0x11184c63", "_our_name": "p0y11180277"}