{"id": "battle-gen9randombattle-65", "formatid": "gen9randombattle", "format": "[Gen 9] Random Battle", "players": ["p0x06558ae", "p0y0654194"], "log": "|init|battle\n|title|p0x06558ae vs. p0y0654194\n|j|\u2606p0x06558ae\n|j|\u2606p0y0654194\n|t:|1783534515\n|gametype|singles\n|player|p1|p0x06558ae|266|\n|player|p2|p0y0654194|102|\n|gen|9\n|tier|[Gen 9] Random Battle\n|rule|Species Clause: Limit one of each Pok\u00e9mon\n|rule|HP Percentage Mod: HP is shown in percentages\n|rule|Sleep Clause Mod: Limit one foe put to sleep\n|rule|Illusion Level Mod: Illusion disguises the Pok\u00e9mon's true level\n|\n|t:|1783534515\n|teamsize|p1|6\n|teamsize|p2|6\n|start\n|switch|p1a: Dragapult|Dragapult, L77, M|262/262\n|switch|p2a: Skeledirge|Skeledirge, L79, M|100/100\n|turn|1\n|inactive|Battle timer is ON: inactive players will automatically lose when time's up. (requested by p0y0654194)\n|inactive|Time left: 300 sec this turn | 300 sec total | 60 sec grace\n|inactive|p0x06558ae also wants the timer to be on.\n|\n|t:|1783534516\n|move|p1a: Dragapult|Shadow Ball|p2a: Skeledirge\n|-supereffective|p2a: Skeledirge\n|-damage|p2a: Skeledirge|19/100\n|move|p2a: Skeledirge|Torch Song|p1a: Dragapult\n|-resisted|p1a: Dragapult\n|-damage|p1a: Dragapult|207/262\n|-boost|p2a: Skeledirge|spa|1\n|\n|upkeep\n|turn|2\n|inactive|Time left: 300 sec this turn | 300 sec total\n|\n|t:|1783534517\n|switch|p2a: Flamigo|Flamigo, L82, M|100/100\n|move|p1a: Dragapult|Shadow Ball|p2a: Flamigo\n|-immune|p2a: Flamigo\n|\n|upkeep\n|turn|3\n|inactive|Time left: 300 sec this turn | 300 sec total\n|\n|t:|1783534518\n|switch|p1a: Hydrapple|Hydrapple, L83, M|312/312\n|move|p2a: Flamigo|Poltergeist|p1a: Hydrapple\n|-activate|p1a: Hydrapple|move: Poltergeist|Choice Specs\n|-damage|p1a: Hydrapple|198/312\n|-damage|p2a: Flamigo|91/100|[from] item: Life Orb\n|\n|upkeep\n|turn|4\n|inactive|Time left: 300 sec this turn | 300 sec total\n|\n|t:|1783534519\n|move|p2a: Flamigo|Focus Blast|p1a: Hydrapple|[miss]\n|-miss|p2a: Flamigo|p1a: Hydrapple\n|move|p1a: Hydrapple|Fickle Beam|p2a: Flamigo\n|-damage|p2a: Flamigo|0 fnt\n|replace|p2a: Zoroark|Zoroark-Hisui, L80, M\n|-end|p2a: Zoroark|Illusion\n|-hint|Illusion Level Mod is active, so this Pok\u00e9mon's true level was hidden.\n|faint|p2a: Zoroark\n|\n|upkeep\n|\n|t:|1783534520\n|switch|p2a: Flamigo|Flamigo, L82, M|100/100\n|turn|5\n|inactive|Time left: 300 sec this turn | 300 sec total\n|\n|t:|1783534521\n|switch|p1a: Moltres|Moltres, L81|278/278\n|move|p2a: Flamigo|Brave Bird|p1a: Moltres\n|-damage|p1a: Moltres|110/278\n|-damage|p2a: Flamigo|80/100|[from] Recoil\n|-damage|p2a: Flamigo|70/100|[from] item: Life Orb\n|\n|upkeep\n|turn|6\n|inactive|Time left: 300 sec this turn | 300 sec total\n|\n|t:|1783534522\n|move|p2a: Flamigo|Brave Bird|p1a: Moltres\n|-damage|p1a: Moltres|0 fnt\n|-status|p2a: Flamigo|brn|[from] ability: Flame Body|[of] p1a: Moltres\n|faint|p1a: Moltres\n|-damage|p2a: Flamigo|57/100 brn|[from] Recoil\n|-damage|p2a: Flamigo|47/100 brn|[from] item: Life Orb\n|\n|-damage|p2a: Flamigo|41/100 brn|[from] brn\n|upkeep\n|inactive|Time left: 300 sec this turn | 300 sec total | 5 sec grace\n|\n|t:|1783534523\n|switch|p1a: Oricorio|Oricorio-Sensu, L85, M|266/266\n|turn|7\n|inactive|Time left: 300 sec this turn | 300 sec total\n|\n|t:|1783534524\n|move|p1a: Oricorio|Quiver Dance|p1a: Oricorio\n|-boost|p1a: Oricorio|spa|1\n|-boost|p1a: Oricorio|spd|1\n|-boost|p1a: Oricorio|spe|1\n|move|p2a: Flamigo|Roost|p2a: Flamigo\n|-heal|p2a: Flamigo|92/100 brn\n|-singleturn|p2a: Flamigo|move: Roost\n|\n|-damage|p2a: Flamigo|86/100 brn|[from] brn\n|upkeep\n|turn|8\n|inactive|Time left: 300 sec this turn | 300 sec total\n|\n|t:|1783534525\n|switch|p2a: Morpeko|Morpeko, L88, F|100/100\n|move|p1a: Oricorio|Quiver Dance|p1a: Oricorio\n|-boost|p1a: Oricorio|spa|1\n|-boost|p1a: Oricorio|spd|1\n|-boost|p1a: Oricorio|spe|1\n|\n|-formechange|p2a: Morpeko|Morpeko-Hangry||[from] ability: Hunger Switch\n|upkeep\n|turn|9\n|inactive|Time left: 300 sec this turn | 300 sec total\n|\n|t:|1783534526\n|switch|p2a: Skeledirge|Skeledirge, L79, M|19/100\n|-terastallize|p1a: Oricorio|Fighting\n|move|p1a: Oricorio|Revelation Dance|p2a: Skeledirge\n|-immune|p2a: Skeledirge\n|\n|upkeep\n|turn|10\n|inactive|Time left: 300 sec this turn | 300 sec total\n|\n|t:|1783534527\n|move|p1a: Oricorio|Hurricane|p2a: Skeledirge\n|-damage|p2a: Skeledirge|0 fnt\n|faint|p2a: Skeledirge\n|\n|upkeep\n|\n|t:|1783534528\n|switch|p2a: Flamigo|Flamigo, L82, M|86/100 brn\n|turn|11\n|inactive|Time left: 300 sec this turn | 300 sec total\n|\n|t:|1783534529\n|move|p1a: Oricorio|Hurricane|p2a: Flamigo\n|-supereffective|p2a: Flamigo\n|-damage|p2a: Flamigo|0 fnt\n|faint|p2a: Flamigo\n|\n|upkeep\n|\n|t:|1783534530\n|switch|p2a: Zapdos|Zapdos, L78|100/100\n|turn|12\n|inactive|Time left: 300 sec this turn | 300 sec total\n|\n|t:|1783534531\n|move|p1a: Oricorio|Quiver Dance|p1a: Oricorio\n|-boost|p1a: Oricorio|spa|1\n|-boost|p1a: Oricorio|spd|1\n|-boost|p1a: Oricorio|spe|1\n|move|p2a: Zapdos|Hurricane|p1a: Oricorio\n|-supereffective|p1a: Oricorio\n|-damage|p1a: Oricorio|156/266\n|\n|upkeep\n|turn|13\n|inactive|Time left: 300 sec this turn | 300 sec total\n|\n|t:|1783534532\n|move|p1a: Oricorio|Roost|p1a: Oricorio\n|-heal|p1a: Oricorio|266/266\n|move|p2a: Zapdos|Hurricane|p1a: Oricorio\n|-supereffective|p1a: Oricorio\n|-damage|p1a: Oricorio|144/266\n|-start|p1a: Oricorio|confusion\n|\n|upkeep\n|turn|14\n|inactive|Time left: 300 sec this turn | 300 sec total\n|\n|t:|1783534533\n|-activate|p1a: Oricorio|confusion\n|-damage|p1a: Oricorio|124/266|[from] confusion\n|move|p2a: Zapdos|Hurricane|p1a: Oricorio\n|-supereffective|p1a: Oricorio\n|-damage|p1a: Oricorio|10/266\n|\n|upkeep\n|turn|15\n|inactive|Time left: 300 sec this turn | 300 sec total\n|\n|t:|1783534534\n|-activate|p1a: Oricorio|confusion\n|move|p1a: Oricorio|Roost|p1a: Oricorio\n|-heal|p1a: Oricorio|143/266\n|move|p2a: Zapdos|Hurricane|p1a: Oricorio\n|-supereffective|p1a: Oricorio\n|-damage|p1a: Oricorio|33/266\n|\n|upkeep\n|turn|16\n|inactive|Time left: 300 sec this turn | 300 sec total\n|\n|t:|1783534535\n|-activate|p1a: Oricorio|confusion\n|-damage|p1a: Oricorio|13/266|[from] confusion\n|move|p2a: Zapdos|Hurricane|p1a: Oricorio\n|-supereffective|p1a: Oricorio\n|-damage|p1a: Oricorio|0 fnt\n|faint|p1a: Oricorio\n|\n|upkeep\n|inactive|Time left: 300 sec this turn | 300 sec total | 5 sec grace\n|\n|t:|1783534536\n|switch|p1a: Mamoswine|Mamoswine, L81, F|311/311\n|turn|17\n|inactive|Time left: 300 sec this turn | 300 sec total\n|\n|t:|1783534537\n|move|p2a: Zapdos|Hurricane|p1a: Mamoswine\n|-damage|p1a: Mamoswine|142/311\n|-start|p1a: Mamoswine|confusion\n|-activate|p1a: Mamoswine|confusion\n|move|p1a: Mamoswine|Icicle Crash|p2a: Zapdos\n|-supereffective|p2a: Zapdos\n|-damage|p2a: Zapdos|0 fnt\n|faint|p2a: Zapdos\n|\n|upkeep\n|\n|t:|1783534538\n|switch|p2a: Morpeko|Morpeko, L88, F|100/100\n|turn|18\n|inactive|Time left: 300 sec this turn | 300 sec total\n|\n|t:|1783534539\n|switch|p1a: Hydrapple|Hydrapple, L83, M|302/312\n|move|p2a: Morpeko|Parting Shot|p1a: Hydrapple\n|-unboost|p1a: Hydrapple|atk|1\n|-unboost|p1a: Hydrapple|spa|1\n|\n|t:|1783534539\n|switch|p2a: Iron Bundle|Iron Bundle, L78|100/100|[from] Parting Shot\n|\n|upkeep\n|turn|19\n|inactive|Time left: 300 sec this turn | 300 sec total\n|\n|t:|1783534540\n|switch|p1a: Iron Moth|Iron Moth, L78|253/253\n|move|p2a: Iron Bundle|Freeze-Dry|p1a: Iron Moth\n|-resisted|p1a: Iron Moth\n|-damage|p1a: Iron Moth|216/253\n|\n|upkeep\n|turn|20\n|inactive|Time left: 300 sec this turn | 300 sec total\n|\n|t:|1783534541\n|move|p2a: Iron Bundle|Hydro Pump|p1a: Iron Moth\n|-supereffective|p1a: Iron Moth\n|-damage|p1a: Iron Moth|0 fnt\n|faint|p1a: Iron Moth\n|-end|p1a: Iron Moth|Quark Drive|[silent]\n|\n|upkeep\n|inactive|Time left: 300 sec this turn | 300 sec total | 5 sec grace\n|\n|t:|1783534542\n|switch|p1a: Dragapult|Dragapult, L77, M|207/262\n|turn|21\n|inactive|Time left: 300 sec this turn | 300 sec total\n|\n|t:|1783534543\n|-end|p2a: Iron Bundle|Quark Drive|[silent]\n|switch|p2a: Morpeko|Morpeko, L88, F|100/100\n|move|p1a: Dragapult|Draco Meteor|p2a: Morpeko\n|-damage|p2a: Morpeko|2/100\n|-unboost|p1a: Dragapult|spa|2\n|\n|-formechange|p2a: Morpeko|Morpeko-Hangry||[from] ability: Hunger Switch\n|upkeep\n|turn|22\n|inactive|Time left: 300 sec this turn | 300 sec total\n|\n|t:|1783534544\n|move|p1a: Dragapult|Draco Meteor|p2a: Morpeko\n|-crit|p2a: Morpeko\n|-damage|p2a: Morpeko|0 fnt\n|-unboost|p1a: Dragapult|spa|2\n|faint|p2a: Morpeko\n|\n|upkeep\n|\n|t:|1783534545\n|switch|p2a: Iron Bundle|Iron Bundle, L78|100/100\n|turn|23\n|inactive|Time left: 300 sec this turn | 300 sec total\n|\n|t:|1783534545\n|switch|p1a: Hydrapple|Hydrapple, L83, M|312/312\n|move|p2a: Iron Bundle|Flip Turn|p1a: Hydrapple\n|-resisted|p1a: Hydrapple\n|-damage|p1a: Hydrapple|303/312\n|\n|upkeep\n|turn|24\n|inactive|Time left: 300 sec this turn | 300 sec total\n|\n|t:|1783534546\n|-terastallize|p2a: Iron Bundle|Water\n|move|p2a: Iron Bundle|Freeze-Dry|p1a: Hydrapple\n|-supereffective|p1a: Hydrapple\n|-damage|p1a: Hydrapple|0 fnt\n|faint|p1a: Hydrapple\n|\n|upkeep\n|inactive|Time left: 300 sec this turn | 300 sec total | 5 sec grace\n|\n|t:|1783534547\n|switch|p1a: Dragapult|Dragapult, L77, M|207/262\n|turn|25\n|inactive|Time left: 300 sec this turn | 300 sec total\n|\n|t:|1783534548\n|move|p1a: Dragapult|Draco Meteor|p2a: Iron Bundle\n|-damage|p2a: Iron Bundle|0 fnt\n|-unboost|p1a: Dragapult|spa|2\n|faint|p2a: Iron Bundle\n|-end|p2a: Iron Bundle|Quark Drive|[silent]\n|\n|win|p0x06558ae", "uploadtime": 1783534548, "views": 0, "rating": 0, "private": 0, "password": null, "_winner": "p0x06558ae", "_our_name": "p0x06558ae"}