{"id": "battle-gen9randombattle-470", "formatid": "gen9randombattle", "format": "[Gen 9] Random Battle", "players": ["p0x4709a7f", "p0y4706d27"], "log": "|init|battle\n|title|p0x4709a7f vs. p0y4706d27\n|j|\u2606p0x4709a7f\n|j|\u2606p0y4706d27\n|t:|1783544504\n|gametype|singles\n|player|p1|p0x4709a7f|101|\n|player|p2|p0y4706d27|170|\n|gen|9\n|tier|[Gen 9] Random Battle\n|rule|Species Clause: Limit one of each Pok\u00e9mon\n|rule|HP Percentage Mod: HP is shown in percentages\n|rule|Sleep Clause Mod: Limit one foe put to sleep\n|rule|Illusion Level Mod: Illusion disguises the Pok\u00e9mon's true level\n|\n|t:|1783544504\n|teamsize|p1|6\n|teamsize|p2|6\n|start\n|switch|p1a: Toedscruel|Toedscruel, L87, F|100/100\n|switch|p2a: Vivillon|Vivillon, L83, F|268/268\n|turn|1\n|inactive|Battle timer is ON: inactive players will automatically lose when time's up. (requested by p0y4706d27)\n|inactive|p0x4709a7f also wants the timer to be on.\n|\n|t:|1783544506\n|move|p2a: Vivillon|Quiver Dance|p2a: Vivillon\n|-boost|p2a: Vivillon|spa|1\n|-boost|p2a: Vivillon|spd|1\n|-boost|p2a: Vivillon|spe|1\n|move|p1a: Toedscruel|Toxic|p2a: Vivillon\n|-status|p2a: Vivillon|tox\n|\n|-damage|p2a: Vivillon|252/268 tox|[from] psn\n|upkeep\n|turn|2\n|inactive|Time left: 300 sec this turn | 300 sec total\n|\n|t:|1783544507\n|switch|p1a: Archaludon|Archaludon, L78, M|100/100\n|move|p2a: Vivillon|Hurricane|p1a: Archaludon\n|-resisted|p1a: Archaludon\n|-damage|p1a: Archaludon|60/100\n|-ability|p1a: Archaludon|Stamina|boost\n|-boost|p1a: Archaludon|def|1\n|\n|-damage|p2a: Vivillon|220/268 tox|[from] psn\n|upkeep\n|turn|3\n|inactive|Time left: 300 sec this turn | 300 sec total\n|\n|t:|1783544508\n|move|p2a: Vivillon|Hurricane|p1a: Archaludon\n|-resisted|p1a: Archaludon\n|-damage|p1a: Archaludon|19/100\n|-ability|p1a: Archaludon|Stamina|boost\n|-boost|p1a: Archaludon|def|1\n|move|p1a: Archaludon|Outrage|p2a: Vivillon\n|-damage|p2a: Vivillon|34/268 tox\n|\n|-damage|p2a: Vivillon|0 fnt|[from] psn\n|faint|p2a: Vivillon\n|upkeep\n|inactive|Time left: 300 sec this turn | 300 sec total | 5 sec grace\n|\n|t:|1783544509\n|switch|p2a: Chien-Pao|Chien-Pao, L72|234/234\n|-ability|p2a: Chien-Pao|Sword of Ruin\n|turn|4\n|inactive|Time left: 300 sec this turn | 300 sec total\n|\n|t:|1783544511\n|move|p2a: Chien-Pao|Crunch|p1a: Archaludon\n|-damage|p1a: Archaludon|0 fnt\n|faint|p1a: Archaludon\n|\n|upkeep\n|\n|t:|1783544512\n|switch|p1a: Flamigo|Flamigo, L82, M|100/100\n|turn|5\n|inactive|Time left: 300 sec this turn | 300 sec total\n|\n|t:|1783544513\n|switch|p2a: Scream Tail|Scream Tail, L84|330/330\n|move|p1a: Flamigo|Close Combat|p2a: Scream Tail\n|-resisted|p2a: Scream Tail\n|-damage|p2a: Scream Tail|300/330\n|-unboost|p1a: Flamigo|def|1\n|-unboost|p1a: Flamigo|spd|1\n|\n|-heal|p2a: Scream Tail|320/330|[from] item: Leftovers\n|upkeep\n|turn|6\n|inactive|Time left: 300 sec this turn | 300 sec total\n|\n|t:|1783544514\n|switch|p1a: Noctowl|Noctowl, L95, M|100/100\n|move|p2a: Scream Tail|Dazzling Gleam|p1a: Noctowl\n|-damage|p1a: Noctowl|85/100\n|\n|-heal|p2a: Scream Tail|330/330|[from] item: Leftovers\n|upkeep\n|turn|7\n|inactive|Time left: 300 sec this turn | 300 sec total\n|\n|t:|1783544515\n|-end|p2a: Scream Tail|Protosynthesis|[silent]\n|switch|p2a: Ursaluna|Ursaluna, L79, F|335/335\n|move|p1a: Noctowl|Calm Mind|p1a: Noctowl\n|-boost|p1a: Noctowl|spa|1\n|-boost|p1a: Noctowl|spd|1\n|\n|-status|p2a: Ursaluna|brn|[from] item: Flame Orb\n|upkeep\n|turn|8\n|inactive|Time left: 300 sec this turn | 300 sec total\n|\n|t:|1783544516\n|move|p1a: Noctowl|Hurricane|p2a: Ursaluna\n|-damage|p2a: Ursaluna|86/335 brn\n|move|p2a: Ursaluna|Facade|p1a: Noctowl\n|-damage|p1a: Noctowl|0 fnt\n|faint|p1a: Noctowl\n|\n|-damage|p2a: Ursaluna|66/335 brn|[from] brn\n|upkeep\n|\n|t:|1783544517\n|switch|p1a: Flamigo|Flamigo, L82, M|100/100\n|turn|9\n|inactive|Time left: 300 sec this turn | 300 sec total\n|\n|t:|1783544518\n|switch|p2a: Scream Tail|Scream Tail, L84|330/330\n|move|p1a: Flamigo|Brave Bird|p2a: Scream Tail\n|-damage|p2a: Scream Tail|206/330\n|-damage|p1a: Flamigo|85/100|[from] Recoil\n|\n|-heal|p2a: Scream Tail|226/330|[from] item: Leftovers\n|upkeep\n|turn|10\n|inactive|Time left: 300 sec this turn | 300 sec total\n|\n|t:|1783544519\n|move|p1a: Flamigo|Brave Bird|p2a: Scream Tail\n|-damage|p2a: Scream Tail|106/330\n|-damage|p1a: Flamigo|70/100|[from] Recoil\n|move|p2a: Scream Tail|Dazzling Gleam|p1a: Flamigo\n|-supereffective|p1a: Flamigo\n|-damage|p1a: Flamigo|9/100\n|\n|-heal|p2a: Scream Tail|126/330|[from] item: Leftovers\n|upkeep\n|turn|11\n|inactive|Time left: 300 sec this turn | 300 sec total\n|\n|t:|1783544520\n|move|p1a: Flamigo|Brave Bird|p2a: Scream Tail\n|-damage|p2a: Scream Tail|0 fnt\n|faint|p2a: Scream Tail\n|-end|p2a: Scream Tail|Protosynthesis|[silent]\n|-damage|p1a: Flamigo|0 fnt|[from] Recoil\n|faint|p1a: Flamigo\n|\n|upkeep\n|inactive|Time left: 300 sec this turn | 300 sec total | 5 sec grace\n|\n|t:|1783544521\n|switch|p2a: Chien-Pao|Chien-Pao, L72|234/234\n|switch|p1a: Tinkaton|Tinkaton, L82, F|100/100\n|-ability|p2a: Chien-Pao|Sword of Ruin\n|-ability|p1a: Tinkaton|Mold Breaker\n|turn|12\n|inactive|Time left: 300 sec this turn | 300 sec total\n|\n|t:|1783544522\n|switch|p2a: Gyarados|Gyarados, L79, M|280/280\n|move|p1a: Tinkaton|Gigaton Hammer|p2a: Gyarados\n|-resisted|p2a: Gyarados\n|-damage|p2a: Gyarados|204/280\n|\n|upkeep\n|turn|13\n|inactive|Time left: 300 sec this turn | 300 sec total\n|\n|t:|1783544523\n|move|p1a: Tinkaton|Play Rough|p2a: Gyarados\n|-damage|p2a: Gyarados|111/280\n|move|p2a: Gyarados|Dragon Dance|p2a: Gyarados\n|-boost|p2a: Gyarados|atk|1\n|-boost|p2a: Gyarados|spe|1\n|\n|upkeep\n|turn|14\n|inactive|Time left: 300 sec this turn | 300 sec total\n|\n|t:|1783544524\n|-terastallize|p1a: Tinkaton|Water\n|move|p2a: Gyarados|Earthquake|p1a: Tinkaton\n|-damage|p1a: Tinkaton|54/100\n|move|p1a: Tinkaton|Gigaton Hammer|p2a: Gyarados\n|-resisted|p2a: Gyarados\n|-damage|p2a: Gyarados|35/280\n|\n|-heal|p1a: Tinkaton|60/100|[from] item: Leftovers\n|upkeep\n|turn|15\n|inactive|Time left: 300 sec this turn | 300 sec total\n|\n|t:|1783544525\n|-terastallize|p2a: Gyarados|Flying\n|move|p2a: Gyarados|Tera Blast|p1a: Tinkaton|[anim] Tera Blast Flying\n|-damage|p1a: Tinkaton|0 fnt\n|faint|p1a: Tinkaton\n|-ability|p2a: Gyarados|Moxie|boost\n|-boost|p2a: Gyarados|atk|1\n|\n|upkeep\n|\n|t:|1783544526\n|switch|p1a: Camerupt|Camerupt, L91, F|100/100\n|turn|16\n|inactive|Time left: 300 sec this turn | 300 sec total\n|\n|t:|1783544527\n|switch|p1a: Toedscruel|Toedscruel, L87, F|100/100\n|move|p2a: Gyarados|Waterfall|p1a: Toedscruel\n|-damage|p1a: Toedscruel|25/100\n|\n|-heal|p1a: Toedscruel|31/100|[from] item: Leftovers\n|upkeep\n|turn|17\n|inactive|Time left: 300 sec this turn | 300 sec total\n|\n|t:|1783544528\n|move|p2a: Gyarados|Waterfall|p1a: Toedscruel\n|-damage|p1a: Toedscruel|0 fnt\n|faint|p1a: Toedscruel\n|-ability|p2a: Gyarados|Moxie|boost\n|-boost|p2a: Gyarados|atk|1\n|\n|upkeep\n|\n|t:|1783544529\n|switch|p1a: Camerupt|Camerupt, L91, F|100/100\n|turn|18\n|inactive|Time left: 300 sec this turn | 300 sec total\n|\n|t:|1783544529\n|move|p2a: Gyarados|Tera Blast|p1a: Camerupt|[anim] Tera Blast Flying\n|-damage|p1a: Camerupt|0 fnt\n|faint|p1a: Camerupt\n|\n|win|p0y4706d27", "uploadtime": 1783544529, "views": 0, "rating": 0, "private": 0, "password": null, "_winner": "p0y4706d27", "_our_name": "p0y4706d27"}