{"id": "battle-gen9randombattle-2369", "formatid": "gen9randombattle", "format": "[Gen 9] Random Battle", "players": ["p0x2369a7e5", "p0y23696e15"], "log": "|init|battle\n|title|p0x2369a7e5 vs. p0y23696e15\n|j|\u2606p0x2369a7e5\n|j|\u2606p0y23696e15\n|t:|1783567527\n|gametype|singles\n|player|p1|p0x2369a7e5|266|\n|player|p2|p0y23696e15|265|\n|gen|9\n|tier|[Gen 9] Random Battle\n|rule|Species Clause: Limit one of each Pok\u00e9mon\n|rule|HP Percentage Mod: HP is shown in percentages\n|rule|Sleep Clause Mod: Limit one foe put to sleep\n|rule|Illusion Level Mod: Illusion disguises the Pok\u00e9mon's true level\n|\n|t:|1783567527\n|teamsize|p1|6\n|teamsize|p2|6\n|start\n|switch|p1a: Salazzle|Salazzle, L83, F|100/100\n|switch|p2a: Terapagos|Terapagos, L77, F|265/265\n|-activate|p2a: Terapagos|ability: Tera Shift\n|detailschange|p2a: Terapagos|Terapagos-Terastal, L77, F\n|-heal|p2a: Terapagos|273/273|[silent]\n|turn|1\n|inactive|Battle timer is ON: inactive players will automatically lose when time's up. (requested by p0y23696e15)\n|\n|t:|1783567528\n|switch|p1a: Annihilape|Annihilape, L76, M|100/100\n|move|p2a: Terapagos|Tera Starstorm|p1a: Annihilape\n|-immune|p1a: Annihilape\n|\n|upkeep\n|turn|2\n|inactive|Time left: 300 sec this turn | 300 sec total\n|inactive|p0x2369a7e5 also wants the timer to be on.\n|\n|t:|1783567529\n|move|p1a: Annihilape|Bulk Up|p1a: Annihilape\n|-boost|p1a: Annihilape|atk|1\n|-boost|p1a: Annihilape|def|1\n|move|p2a: Terapagos|Calm Mind|p2a: Terapagos\n|-boost|p2a: Terapagos|spa|1\n|-boost|p2a: Terapagos|spd|1\n|\n|upkeep\n|turn|3\n|inactive|Time left: 300 sec this turn | 300 sec total\n|\n|t:|1783567530\n|switch|p2a: Skeledirge|Skeledirge, L79, M|294/294\n|move|p1a: Annihilape|Drain Punch|p2a: Skeledirge\n|-immune|p2a: Skeledirge\n|\n|upkeep\n|turn|4\n|inactive|Time left: 300 sec this turn | 300 sec total\n|\n|t:|1783567531\n|move|p1a: Annihilape|Bulk Up|p1a: Annihilape\n|-boost|p1a: Annihilape|atk|1\n|-boost|p1a: Annihilape|def|1\n|move|p2a: Skeledirge|Torch Song|p1a: Annihilape\n|-damage|p1a: Annihilape|70/100\n|-boost|p2a: Skeledirge|spa|1\n|\n|-heal|p1a: Annihilape|77/100|[from] item: Leftovers\n|upkeep\n|turn|5\n|inactive|Time left: 300 sec this turn | 300 sec total\n|\n|t:|1783567532\n|move|p1a: Annihilape|Rage Fist|p2a: Skeledirge\n|-supereffective|p2a: Skeledirge\n|-damage|p2a: Skeledirge|84/294\n|move|p2a: Skeledirge|Shadow Ball|p1a: Annihilape\n|-supereffective|p1a: Annihilape\n|-damage|p1a: Annihilape|0 fnt\n|faint|p1a: Annihilape\n|\n|upkeep\n|\n|t:|1783567533\n|switch|p1a: Gouging Fire|Gouging Fire, L74|100/100\n|turn|6\n|inactive|Time left: 300 sec this turn | 300 sec total\n|\n|t:|1783567534\n|move|p1a: Gouging Fire|Outrage|p2a: Skeledirge\n|-damage|p2a: Skeledirge|0 fnt\n|faint|p2a: Skeledirge\n|\n|upkeep\n|inactive|Time left: 300 sec this turn | 300 sec total | 5 sec grace\n|\n|t:|1783567535\n|switch|p2a: Dipplin|Dipplin, L88, M|284/284\n|turn|7\n|inactive|Time left: 300 sec this turn | 300 sec total\n|\n|t:|1783567537\n|-terastallize|p2a: Dipplin|Steel\n|move|p1a: Gouging Fire|Outrage|p2a: Dipplin|[from] lockedmove\n|-resisted|p2a: Dipplin\n|-damage|p2a: Dipplin|254/284\n|move|p2a: Dipplin|Dragon Pulse|p1a: Gouging Fire\n|-supereffective|p1a: Gouging Fire\n|-damage|p1a: Gouging Fire|29/100\n|\n|upkeep\n|turn|8\n|inactive|Time left: 300 sec this turn | 300 sec total\n|\n|t:|1783567538\n|move|p1a: Gouging Fire|Outrage|p2a: Dipplin|[from] lockedmove\n|-resisted|p2a: Dipplin\n|-damage|p2a: Dipplin|224/284\n|-start|p1a: Gouging Fire|confusion|[fatigue]\n|move|p2a: Dipplin|Dragon Pulse|p1a: Gouging Fire\n|-supereffective|p1a: Gouging Fire\n|-damage|p1a: Gouging Fire|0 fnt\n|faint|p1a: Gouging Fire\n|-end|p1a: Gouging Fire|Protosynthesis|[silent]\n|\n|upkeep\n|\n|t:|1783567539\n|switch|p1a: Bellossom|Bellossom, L84, M|100/100\n|turn|9\n|inactive|Time left: 300 sec this turn | 300 sec total\n|\n|t:|1783567540\n|move|p1a: Bellossom|Quiver Dance|p1a: Bellossom\n|-boost|p1a: Bellossom|spa|1\n|-boost|p1a: Bellossom|spd|1\n|-boost|p1a: Bellossom|spe|1\n|move|p2a: Dipplin|Recover|p2a: Dipplin\n|-heal|p2a: Dipplin|284/284\n|\n|upkeep\n|turn|10\n|inactive|Time left: 300 sec this turn | 300 sec total\n|\n|t:|1783567541\n|-terastallize|p1a: Bellossom|Fairy\n|move|p1a: Bellossom|Quiver Dance|p1a: Bellossom\n|-boost|p1a: Bellossom|spa|1\n|-boost|p1a: Bellossom|spd|1\n|-boost|p1a: Bellossom|spe|1\n|move|p2a: Dipplin|Dragon Pulse|p1a: Bellossom\n|-immune|p1a: Bellossom\n|\n|upkeep\n|turn|11\n|inactive|Time left: 300 sec this turn | 300 sec total\n|\n|t:|1783567541\n|move|p1a: Bellossom|Quiver Dance|p1a: Bellossom\n|-boost|p1a: Bellossom|spa|1\n|-boost|p1a: Bellossom|spd|1\n|-boost|p1a: Bellossom|spe|1\n|move|p2a: Dipplin|Recover||[still]\n|-fail|p2a: Dipplin|heal\n|\n|upkeep\n|turn|12\n|inactive|Time left: 300 sec this turn | 300 sec total\n|\n|t:|1783567542\n|move|p1a: Bellossom|Quiver Dance|p1a: Bellossom\n|-boost|p1a: Bellossom|spa|1\n|-boost|p1a: Bellossom|spd|1\n|-boost|p1a: Bellossom|spe|1\n|move|p2a: Dipplin|Recover||[still]\n|-fail|p2a: Dipplin|heal\n|\n|upkeep\n|turn|13\n|inactive|Time left: 300 sec this turn | 300 sec total\n|\n|t:|1783567543\n|move|p1a: Bellossom|Moonblast|p2a: Dipplin\n|-resisted|p2a: Dipplin\n|-damage|p2a: Dipplin|189/284\n|move|p2a: Dipplin|Recover|p2a: Dipplin\n|-heal|p2a: Dipplin|284/284\n|\n|upkeep\n|turn|14\n|inactive|Time left: 300 sec this turn | 300 sec total\n|\n|t:|1783567544\n|move|p1a: Bellossom|Moonblast|p2a: Dipplin\n|-resisted|p2a: Dipplin\n|-damage|p2a: Dipplin|194/284\n|move|p2a: Dipplin|Recover|p2a: Dipplin\n|-heal|p2a: Dipplin|284/284\n|\n|upkeep\n|turn|15\n|inactive|Time left: 300 sec this turn | 300 sec total\n|\n|t:|1783567545\n|move|p1a: Bellossom|Moonblast|p2a: Dipplin\n|-resisted|p2a: Dipplin\n|-damage|p2a: Dipplin|182/284\n|-unboost|p2a: Dipplin|spa|1\n|move|p2a: Dipplin|Recover|p2a: Dipplin\n|-heal|p2a: Dipplin|284/284\n|\n|upkeep\n|turn|16\n|inactive|Time left: 300 sec this turn | 300 sec total\n|\n|t:|1783567546\n|move|p1a: Bellossom|Moonblast|p2a: Dipplin\n|-resisted|p2a: Dipplin\n|-damage|p2a: Dipplin|186/284\n|-unboost|p2a: Dipplin|spa|1\n|move|p2a: Dipplin|Recover|p2a: Dipplin\n|-heal|p2a: Dipplin|284/284\n|\n|upkeep\n|turn|17\n|inactive|Time left: 300 sec this turn | 300 sec total\n|\n|t:|1783567547\n|move|p1a: Bellossom|Moonblast|p2a: Dipplin\n|-resisted|p2a: Dipplin\n|-damage|p2a: Dipplin|188/284\n|move|p2a: Dipplin|Giga Drain|p1a: Bellossom\n|-damage|p1a: Bellossom|95/100\n|-heal|p2a: Dipplin|196/284|[from] drain|[of] p1a: Bellossom\n|\n|-heal|p1a: Bellossom|100/100|[from] item: Leftovers\n|upkeep\n|turn|18\n|inactive|Time left: 300 sec this turn | 300 sec total\n|\n|t:|1783567548\n|move|p1a: Bellossom|Moonblast|p2a: Dipplin\n|-resisted|p2a: Dipplin\n|-damage|p2a: Dipplin|94/284\n|move|p2a: Dipplin|Recover|p2a: Dipplin\n|-heal|p2a: Dipplin|236/284\n|\n|upkeep\n|turn|19\n|inactive|Time left: 300 sec this turn | 300 sec total\n|\n|t:|1783567549\n|move|p1a: Bellossom|Moonblast|p2a: Dipplin\n|-resisted|p2a: Dipplin\n|-damage|p2a: Dipplin|142/284\n|-unboost|p2a: Dipplin|spa|1\n|move|p2a: Dipplin|Giga Drain|p1a: Bellossom\n|-damage|p1a: Bellossom|96/100\n|-heal|p2a: Dipplin|148/284|[from] drain|[of] p1a: Bellossom\n|\n|-heal|p1a: Bellossom|100/100|[from] item: Leftovers\n|upkeep\n|turn|20\n|inactive|Time left: 300 sec this turn | 300 sec total\n|\n|t:|1783567550\n|move|p1a: Bellossom|Moonblast|p2a: Dipplin\n|-resisted|p2a: Dipplin\n|-damage|p2a: Dipplin|58/284\n|move|p2a: Dipplin|Giga Drain|p1a: Bellossom\n|-damage|p1a: Bellossom|96/100\n|-heal|p2a: Dipplin|65/284|[from] drain|[of] p1a: Bellossom\n|\n|-heal|p1a: Bellossom|100/100|[from] item: Leftovers\n|upkeep\n|turn|21\n|inactive|Time left: 300 sec this turn | 300 sec total\n|\n|t:|1783567551\n|move|p1a: Bellossom|Moonblast|p2a: Dipplin\n|-resisted|p2a: Dipplin\n|-damage|p2a: Dipplin|0 fnt\n|faint|p2a: Dipplin\n|\n|upkeep\n|inactive|Time left: 300 sec this turn | 300 sec total | 5 sec grace\n|\n|t:|1783567552\n|switch|p2a: Terapagos|Terapagos-Terastal, L77, F|273/273\n|turn|22\n|inactive|Time left: 300 sec this turn | 300 sec total\n|\n|t:|1783567553\n|move|p1a: Bellossom|Moonblast|p2a: Terapagos\n|-activate|p2a: Terapagos|ability: Tera Shell\n|-resisted|p2a: Terapagos\n|-damage|p2a: Terapagos|139/273\n|move|p2a: Terapagos|Rest|p2a: Terapagos\n|-status|p2a: Terapagos|slp|[from] move: Rest\n|-heal|p2a: Terapagos|273/273 slp|[silent]\n|-enditem|p2a: Terapagos|Chesto Berry|[eat]\n|-curestatus|p2a: Terapagos|slp|[msg]\n|\n|upkeep\n|turn|23\n|inactive|Time left: 300 sec this turn | 300 sec total\n|\n|t:|1783567554\n|move|p1a: Bellossom|Moonblast|p2a: Terapagos\n|-activate|p2a: Terapagos|ability: Tera Shell\n|-resisted|p2a: Terapagos\n|-damage|p2a: Terapagos|152/273\n|-unboost|p2a: Terapagos|spa|1\n|move|p2a: Terapagos|Calm Mind|p2a: Terapagos\n|-boost|p2a: Terapagos|spa|1\n|-boost|p2a: Terapagos|spd|1\n|\n|upkeep\n|turn|24\n|inactive|Time left: 300 sec this turn | 300 sec total\n|\n|t:|1783567555\n|move|p1a: Bellossom|Moonblast|p2a: Terapagos\n|-damage|p2a: Terapagos|0 fnt\n|faint|p2a: Terapagos\n|\n|upkeep\n|inactive|Time left: 300 sec this turn | 300 sec total | 5 sec grace\n|\n|t:|1783567556\n|switch|p2a: Malamar|Malamar, L82, M|275/275\n|turn|25\n|inactive|Time left: 300 sec this turn | 300 sec total\n|\n|t:|1783567556\n|switch|p2a: Ludicolo|Ludicolo, L90, F|290/290\n|move|p1a: Bellossom|Moonblast|p2a: Ludicolo\n|-crit|p2a: Ludicolo\n|-damage|p2a: Ludicolo|0 fnt\n|faint|p2a: Ludicolo\n|\n|upkeep\n|inactive|Time left: 300 sec this turn | 300 sec total | 5 sec grace\n|\n|t:|1783567557\n|switch|p2a: Eelektross|Eelektross, L87, M|290/290\n|turn|26\n|inactive|Time left: 300 sec this turn | 300 sec total\n|\n|t:|1783567558\n|move|p1a: Bellossom|Moonblast|p2a: Eelektross\n|-damage|p2a: Eelektross|0 fnt\n|faint|p2a: Eelektross\n|\n|upkeep\n|inactive|Time left: 300 sec this turn | 300 sec total | 5 sec grace\n|\n|t:|1783567559\n|switch|p2a: Malamar|Malamar, L82, M|275/275\n|turn|27\n|inactive|Time left: 300 sec this turn | 300 sec total\n|\n|t:|1783567560\n|move|p1a: Bellossom|Moonblast|p2a: Malamar\n|-supereffective|p2a: Malamar\n|-damage|p2a: Malamar|0 fnt\n|faint|p2a: Malamar\n|\n|win|p0x2369a7e5", "uploadtime": 1783567560, "views": 0, "rating": 0, "private": 0, "password": null, "_winner": "p0x2369a7e5", "_our_name": "p0y23696e15"}