{"id": "battle-gen9randombattle-2746", "formatid": "gen9randombattle", "format": "[Gen 9] Random Battle", "players": ["p0x2746a9c2", "p0y27464ddc"], "log": "|init|battle\n|title|p0x2746a9c2 vs. p0y27464ddc\n|j|\u2606p0x2746a9c2\n|j|\u2606p0y27464ddc\n|t:|1783570655\n|gametype|singles\n|player|p1|p0x2746a9c2|265|\n|player|p2|p0y27464ddc|102|\n|gen|9\n|tier|[Gen 9] Random Battle\n|rule|Species Clause: Limit one of each Pok\u00e9mon\n|rule|HP Percentage Mod: HP is shown in percentages\n|rule|Sleep Clause Mod: Limit one foe put to sleep\n|rule|Illusion Level Mod: Illusion disguises the Pok\u00e9mon's true level\n|\n|t:|1783570655\n|teamsize|p1|6\n|teamsize|p2|6\n|start\n|switch|p1a: Cobalion|Cobalion, L80|100/100\n|switch|p2a: Cresselia|Cresselia, L80, F|323/323\n|turn|1\n|inactive|Battle timer is ON: inactive players will automatically lose when time's up. (requested by p0x2746a9c2)\n|inactive|Time left: 300 sec this turn | 300 sec total | 60 sec grace\n|inactive|p0y27464ddc also wants the timer to be on.\n|\n|t:|1783570656\n|move|p1a: Cobalion|Swords Dance|p1a: Cobalion\n|-boost|p1a: Cobalion|atk|2\n|move|p2a: Cresselia|Calm Mind|p2a: Cresselia\n|-boost|p2a: Cresselia|spa|1\n|-boost|p2a: Cresselia|spd|1\n|\n|upkeep\n|turn|2\n|inactive|Time left: 300 sec this turn | 300 sec total\n|\n|t:|1783570657\n|move|p1a: Cobalion|Iron Head|p2a: Cresselia\n|-damage|p2a: Cresselia|154/323\n|-damage|p1a: Cobalion|91/100|[from] item: Life Orb\n|cant|p2a: Cresselia|flinch\n|\n|-heal|p2a: Cresselia|174/323|[from] item: Leftovers\n|upkeep\n|turn|3\n|inactive|Time left: 300 sec this turn | 300 sec total\n|\n|t:|1783570658\n|move|p1a: Cobalion|Iron Head|p2a: Cresselia\n|-damage|p2a: Cresselia|1/323\n|-damage|p1a: Cobalion|81/100|[from] item: Life Orb\n|move|p2a: Cresselia|Moonlight|p2a: Cresselia\n|-heal|p2a: Cresselia|162/323\n|\n|-heal|p2a: Cresselia|182/323|[from] item: Leftovers\n|upkeep\n|turn|4\n|inactive|Time left: 300 sec this turn | 300 sec total\n|\n|t:|1783570659\n|move|p1a: Cobalion|Iron Head|p2a: Cresselia\n|-damage|p2a: Cresselia|1/323\n|-damage|p1a: Cobalion|71/100|[from] item: Life Orb\n|move|p2a: Cresselia|Moonlight|p2a: Cresselia\n|-heal|p2a: Cresselia|162/323\n|\n|-heal|p2a: Cresselia|182/323|[from] item: Leftovers\n|upkeep\n|turn|5\n|inactive|Time left: 300 sec this turn | 300 sec total\n|\n|t:|1783570660\n|move|p1a: Cobalion|Iron Head|p2a: Cresselia\n|-damage|p2a: Cresselia|0 fnt\n|faint|p2a: Cresselia\n|-damage|p1a: Cobalion|62/100|[from] item: Life Orb\n|\n|upkeep\n|inactive|Time left: 300 sec this turn | 300 sec total | 5 sec grace\n|\n|t:|1783570661\n|switch|p2a: Groudon|Groudon, L72|263/263\n|-weather|SunnyDay|[from] ability: Drought|[of] p2a: Groudon\n|turn|6\n|inactive|Time left: 300 sec this turn | 300 sec total\n|\n|t:|1783570662\n|-terastallize|p1a: Cobalion|Fighting\n|move|p1a: Cobalion|Close Combat|p2a: Groudon\n|-damage|p2a: Groudon|0 fnt\n|-unboost|p1a: Cobalion|def|1\n|-unboost|p1a: Cobalion|spd|1\n|faint|p2a: Groudon\n|-damage|p1a: Cobalion|52/100|[from] item: Life Orb\n|\n|-weather|SunnyDay|[upkeep]\n|upkeep\n|inactive|Time left: 300 sec this turn | 300 sec total | 5 sec grace\n|\n|t:|1783570663\n|switch|p2a: Leavanny|Leavanny, L86, M|269/269\n|turn|7\n|inactive|Time left: 300 sec this turn | 300 sec total\n|\n|t:|1783570664\n|move|p1a: Cobalion|Iron Head|p2a: Leavanny\n|-damage|p2a: Leavanny|82/269\n|-damage|p1a: Cobalion|42/100|[from] item: Life Orb\n|move|p2a: Leavanny|Sticky Web|p1a: Cobalion\n|-sidestart|p1: p0x2746a9c2|move: Sticky Web\n|\n|-weather|SunnyDay|[upkeep]\n|upkeep\n|turn|8\n|inactive|Time left: 300 sec this turn | 300 sec total\n|\n|t:|1783570665\n|move|p1a: Cobalion|Iron Head|p2a: Leavanny\n|-damage|p2a: Leavanny|0 fnt\n|faint|p2a: Leavanny\n|-damage|p1a: Cobalion|32/100|[from] item: Life Orb\n|\n|-weather|SunnyDay|[upkeep]\n|upkeep\n|inactive|Time left: 300 sec this turn | 300 sec total | 5 sec grace\n|\n|t:|1783570666\n|switch|p2a: Klefki|Klefki, L84, M|233/233\n|turn|9\n|inactive|Time left: 300 sec this turn | 300 sec total\n|\n|t:|1783570666\n|move|p2a: Klefki|Thunder Wave|p1a: Cobalion\n|-status|p1a: Cobalion|par\n|move|p1a: Cobalion|Close Combat|p2a: Klefki\n|-damage|p2a: Klefki|0 fnt\n|-unboost|p1a: Cobalion|def|1\n|-unboost|p1a: Cobalion|spd|1\n|faint|p2a: Klefki\n|-damage|p1a: Cobalion|23/100 par|[from] item: Life Orb\n|\n|-weather|SunnyDay|[upkeep]\n|upkeep\n|inactive|Time left: 300 sec this turn | 300 sec total | 5 sec grace\n|\n|t:|1783570667\n|switch|p2a: Ludicolo|Ludicolo, L90, M|290/290\n|turn|10\n|inactive|Time left: 300 sec this turn | 300 sec total\n|\n|t:|1783570668\n|move|p2a: Ludicolo|Ice Beam|p1a: Cobalion\n|-damage|p1a: Cobalion|0 fnt\n|faint|p1a: Cobalion\n|\n|-weather|none\n|upkeep\n|\n|t:|1783570669\n|switch|p1a: Beartic|Beartic, L91, M|100/100\n|turn|11\n|inactive|Time left: 300 sec this turn | 300 sec total\n|\n|t:|1783570671\n|move|p2a: Ludicolo|Ice Beam|p1a: Beartic\n|-resisted|p1a: Beartic\n|-crit|p1a: Beartic\n|-damage|p1a: Beartic|76/100\n|move|p1a: Beartic|Swords Dance|p1a: Beartic\n|-boost|p1a: Beartic|atk|2\n|\n|upkeep\n|turn|12\n|inactive|Time left: 300 sec this turn | 300 sec total\n|\n|t:|1783570672\n|move|p2a: Ludicolo|Ice Beam|p1a: Beartic\n|-resisted|p1a: Beartic\n|-damage|p1a: Beartic|60/100\n|move|p1a: Beartic|Icicle Crash|p2a: Ludicolo\n|-damage|p2a: Ludicolo|0 fnt\n|faint|p2a: Ludicolo\n|\n|upkeep\n|inactive|Time left: 300 sec this turn | 300 sec total | 5 sec grace\n|\n|t:|1783570673\n|switch|p2a: Miraidon|Miraidon, L65|238/238\n|-fieldstart|move: Electric Terrain|[from] ability: Hadron Engine|[of] p2a: Miraidon\n|turn|13\n|inactive|Time left: 300 sec this turn | 300 sec total\n|\n|t:|1783570674\n|move|p2a: Miraidon|Electro Drift|p1a: Beartic\n|-damage|p1a: Beartic|0 fnt\n|faint|p1a: Beartic\n|\n|upkeep\n|\n|t:|1783570674\n|switch|p1a: Wugtrio|Wugtrio, L91, M|100/100\n|-activate|p1a: Wugtrio|move: Sticky Web\n|-unboost|p1a: Wugtrio|spe|1\n|turn|14\n|inactive|Time left: 300 sec this turn | 300 sec total\n|\n|t:|1783570675\n|move|p1a: Wugtrio|Aqua Jet|p2a: Miraidon\n|-resisted|p2a: Miraidon\n|-crit|p2a: Miraidon\n|-damage|p2a: Miraidon|171/238\n|move|p2a: Miraidon|Electro Drift|p1a: Wugtrio\n|-supereffective|p1a: Wugtrio\n|-damage|p1a: Wugtrio|0 fnt\n|-ability|p1a: Wugtrio|Gooey\n|-unboost|p2a: Miraidon|spe|1\n|faint|p1a: Wugtrio\n|\n|upkeep\n|\n|t:|1783570676\n|switch|p1a: Tauros|Tauros, L82, M|100/100\n|-activate|p1a: Tauros|move: Sticky Web\n|-unboost|p1a: Tauros|spe|1\n|turn|15\n|inactive|Time left: 300 sec this turn | 300 sec total\n|\n|t:|1783570677\n|-terastallize|p2a: Miraidon|Electric\n|move|p1a: Tauros|Earthquake|p2a: Miraidon\n|-supereffective|p2a: Miraidon\n|-damage|p2a: Miraidon|0 fnt\n|faint|p2a: Miraidon\n|-damage|p1a: Tauros|91/100|[from] item: Life Orb\n|\n|win|p0x2746a9c2", "uploadtime": 1783570677, "views": 0, "rating": 0, "private": 0, "password": null, "_winner": "p0x2746a9c2", "_our_name": "p0y27464ddc"}