{"id": "battle-gen9randombattle-1084", "formatid": "gen9randombattle", "format": "[Gen 9] Random Battle", "players": ["p0x1084422c", "p0y108442c5"], "log": "|init|battle\n|title|p0x1084422c vs. p0y108442c5\n|j|\u2606p0x1084422c\n|j|\u2606p0y108442c5\n|t:|1783551771\n|gametype|singles\n|player|p1|p0x1084422c|101|\n|player|p2|p0y108442c5|1|\n|gen|9\n|tier|[Gen 9] Random Battle\n|rule|Species Clause: Limit one of each Pok\u00e9mon\n|rule|HP Percentage Mod: HP is shown in percentages\n|rule|Sleep Clause Mod: Limit one foe put to sleep\n|rule|Illusion Level Mod: Illusion disguises the Pok\u00e9mon's true level\n|\n|t:|1783551771\n|teamsize|p1|6\n|teamsize|p2|6\n|start\n|switch|p1a: Greedent|Greedent, L86, M|100/100\n|switch|p2a: Iron Boulder|Iron Boulder, L77|265/265\n|turn|1\n|inactive|Battle timer is ON: inactive players will automatically lose when time's up. (requested by p0y108442c5)\n|inactive|p0x1084422c also wants the timer to be on.\n|\n|t:|1783551773\n|-end|p2a: Iron Boulder|Quark Drive|[silent]\n|switch|p2a: Eelektross|Eelektross, L87, F|290/290\n|move|p1a: Greedent|Knock Off|p2a: Eelektross\n|-damage|p2a: Eelektross|216/290\n|-enditem|p2a: Eelektross|Leftovers|[from] move: Knock Off|[of] p1a: Greedent\n|\n|upkeep\n|turn|2\n|inactive|Time left: 300 sec this turn | 300 sec total\n|\n|t:|1783551774\n|move|p2a: Eelektross|Coil|p2a: Eelektross\n|-boost|p2a: Eelektross|atk|1\n|-boost|p2a: Eelektross|def|1\n|-boost|p2a: Eelektross|accuracy|1\n|move|p1a: Greedent|Swords Dance|p1a: Greedent\n|-boost|p1a: Greedent|atk|2\n|\n|upkeep\n|turn|3\n|inactive|Time left: 300 sec this turn | 300 sec total\n|\n|t:|1783551775\n|move|p2a: Eelektross|Coil|p2a: Eelektross\n|-boost|p2a: Eelektross|atk|1\n|-boost|p2a: Eelektross|def|1\n|-boost|p2a: Eelektross|accuracy|1\n|move|p1a: Greedent|Double-Edge|p2a: Eelektross\n|-damage|p2a: Eelektross|86/290\n|-damage|p1a: Greedent|88/100|[from] Recoil\n|\n|upkeep\n|turn|4\n|inactive|Time left: 300 sec this turn | 300 sec total\n|\n|t:|1783551776\n|-terastallize|p1a: Greedent|Ghost\n|move|p2a: Eelektross|Knock Off|p1a: Greedent\n|-supereffective|p1a: Greedent\n|-damage|p1a: Greedent|1/100\n|-enditem|p1a: Greedent|Sitrus Berry|[from] move: Knock Off|[of] p2a: Eelektross\n|move|p1a: Greedent|Double-Edge|p2a: Eelektross\n|-damage|p2a: Eelektross|0 fnt\n|faint|p2a: Eelektross\n|-damage|p1a: Greedent|0 fnt|[from] Recoil\n|faint|p1a: Greedent\n|\n|upkeep\n|inactive|Time left: 300 sec this turn | 300 sec total | 5 sec grace\n|\n|t:|1783551777\n|switch|p2a: Trevenant|Trevenant, L89, M|296/296\n|switch|p1a: Koraidon|Koraidon, L64|100/100\n|-weather|SunnyDay|[from] ability: Orichalcum Pulse|[of] p1a: Koraidon\n|-activate|p1a: Koraidon|Orichalcum Pulse|[source]\n|turn|5\n|inactive|Time left: 300 sec this turn | 300 sec total\n|\n|t:|1783551778\n|move|p1a: Koraidon|Outrage|p2a: Trevenant\n|-damage|p2a: Trevenant|91/296\n|-enditem|p2a: Trevenant|Sitrus Berry|[eat]\n|-heal|p2a: Trevenant|165/296|[from] item: Sitrus Berry\n|move|p2a: Trevenant|Poltergeist|p1a: Koraidon\n|-activate|p1a: Koraidon|move: Poltergeist|Choice Band\n|-damage|p1a: Koraidon|40/100\n|\n|-weather|SunnyDay|[upkeep]\n|-item|p2a: Trevenant|Sitrus Berry|[from] ability: Harvest\n|upkeep\n|turn|6\n|inactive|Time left: 300 sec this turn | 300 sec total\n|\n|t:|1783551779\n|-terastallize|p2a: Trevenant|Fairy\n|move|p1a: Koraidon|Outrage|p2a: Trevenant|[from] lockedmove\n|-immune|p2a: Trevenant\n|move|p2a: Trevenant|Drain Punch|p1a: Koraidon\n|-damage|p1a: Koraidon|9/100\n|-heal|p2a: Trevenant|201/296|[from] drain|[of] p1a: Koraidon\n|\n|-weather|SunnyDay|[upkeep]\n|upkeep\n|turn|7\n|inactive|Time left: 300 sec this turn | 300 sec total\n|\n|t:|1783551780\n|move|p1a: Koraidon|Outrage|p2a: Trevenant\n|-immune|p2a: Trevenant\n|move|p2a: Trevenant|Poltergeist|p1a: Koraidon\n|-activate|p1a: Koraidon|move: Poltergeist|Choice Band\n|-damage|p1a: Koraidon|0 fnt\n|faint|p1a: Koraidon\n|\n|-weather|SunnyDay|[upkeep]\n|upkeep\n|\n|t:|1783551781\n|switch|p1a: Sinistcha|Sinistcha-Masterpiece, L83|100/100\n|turn|8\n|inactive|Time left: 300 sec this turn | 300 sec total\n|\n|t:|1783551782\n|move|p1a: Sinistcha|Strength Sap|p2a: Trevenant\n|-unboost|p2a: Trevenant|atk|1\n|move|p2a: Trevenant|Poltergeist|p1a: Sinistcha\n|-activate|p1a: Sinistcha|move: Poltergeist|Leftovers\n|-supereffective|p1a: Sinistcha\n|-damage|p1a: Sinistcha|38/100\n|\n|-weather|SunnyDay|[upkeep]\n|-heal|p1a: Sinistcha|44/100|[from] item: Leftovers\n|upkeep\n|turn|9\n|inactive|Time left: 300 sec this turn | 300 sec total\n|\n|t:|1783551783\n|move|p1a: Sinistcha|Strength Sap|p2a: Trevenant\n|-unboost|p2a: Trevenant|atk|1\n|-heal|p1a: Sinistcha|100/100\n|move|p2a: Trevenant|Poltergeist|p1a: Sinistcha\n|-activate|p1a: Sinistcha|move: Poltergeist|Leftovers\n|-supereffective|p1a: Sinistcha\n|-damage|p1a: Sinistcha|52/100\n|\n|-weather|none\n|-heal|p1a: Sinistcha|58/100|[from] item: Leftovers\n|upkeep\n|turn|10\n|inactive|Time left: 300 sec this turn | 300 sec total\n|\n|t:|1783551784\n|switch|p2a: Tornadus|Tornadus-Therian, L79, M|254/254\n|move|p1a: Sinistcha|Strength Sap|p2a: Tornadus\n|-unboost|p2a: Tornadus|atk|1\n|-heal|p1a: Sinistcha|100/100\n|\n|upkeep\n|turn|11\n|inactive|Time left: 300 sec this turn | 300 sec total\n|\n|t:|1783551785\n|switch|p1a: Inteleon|Inteleon, L81, M|100/100\n|move|p2a: Tornadus|Bleakwind Storm|p1a: Inteleon\n|-crit|p1a: Inteleon\n|-damage|p1a: Inteleon|19/100\n|\n|upkeep\n|turn|12\n|inactive|Time left: 300 sec this turn | 300 sec total\n|\n|t:|1783551786\n|move|p1a: Inteleon|Hydro Pump|p2a: Tornadus\n|-damage|p2a: Tornadus|47/254\n|move|p2a: Tornadus|Knock Off|p1a: Inteleon\n|-damage|p1a: Inteleon|0 fnt\n|-enditem|p1a: Inteleon|Choice Specs|[from] move: Knock Off|[of] p2a: Tornadus\n|faint|p1a: Inteleon\n|\n|upkeep\n|\n|t:|1783551787\n|switch|p1a: Sinistcha|Sinistcha-Masterpiece, L83|100/100\n|turn|13\n|inactive|Time left: 300 sec this turn | 300 sec total\n|\n|t:|1783551788\n|move|p2a: Tornadus|Bleakwind Storm|p1a: Sinistcha\n|-supereffective|p1a: Sinistcha\n|-damage|p1a: Sinistcha|8/100\n|-unboost|p1a: Sinistcha|spe|1\n|move|p1a: Sinistcha|Shadow Ball|p2a: Tornadus\n|-damage|p2a: Tornadus|0 fnt\n|faint|p2a: Tornadus\n|\n|-heal|p1a: Sinistcha|13/100|[from] item: Leftovers\n|upkeep\n|inactive|Time left: 300 sec this turn | 300 sec total | 5 sec grace\n|\n|t:|1783551789\n|switch|p2a: Sneasler|Sneasler, L74, M|240/240\n|turn|14\n|inactive|Time left: 300 sec this turn | 300 sec total\n|\n|t:|1783551790\n|move|p2a: Sneasler|Acrobatics|p1a: Sinistcha\n|-supereffective|p1a: Sinistcha\n|-crit|p1a: Sinistcha\n|-damage|p1a: Sinistcha|0 fnt\n|faint|p1a: Sinistcha\n|\n|upkeep\n|\n|t:|1783551791\n|switch|p1a: Latios|Latios, L78, M|100/100\n|turn|15\n|inactive|Time left: 300 sec this turn | 300 sec total\n|\n|t:|1783551792\n|switch|p2a: Trevenant|Trevenant, L89, M, tera:Fairy|201/296\n|move|p1a: Latios|Luster Purge|p2a: Trevenant\n|-damage|p2a: Trevenant|24/296\n|-unboost|p2a: Trevenant|spd|1\n|-enditem|p2a: Trevenant|Sitrus Berry|[eat]\n|-heal|p2a: Trevenant|98/296|[from] item: Sitrus Berry\n|\n|-item|p2a: Trevenant|Sitrus Berry|[from] ability: Harvest\n|upkeep\n|-enditem|p2a: Trevenant|Sitrus Berry|[eat]\n|-heal|p2a: Trevenant|172/296|[from] item: Sitrus Berry\n|turn|16\n|inactive|Time left: 300 sec this turn | 300 sec total\n|\n|t:|1783551793\n|switch|p2a: Iron Boulder|Iron Boulder, L77|265/265\n|move|p1a: Latios|Luster Purge|p2a: Iron Boulder\n|-resisted|p2a: Iron Boulder\n|-damage|p2a: Iron Boulder|187/265\n|-unboost|p2a: Iron Boulder|spd|1\n|\n|upkeep\n|turn|17\n|inactive|Time left: 300 sec this turn | 300 sec total\n|\n|t:|1783551794\n|move|p2a: Iron Boulder|Swords Dance|p2a: Iron Boulder\n|-boost|p2a: Iron Boulder|atk|2\n|move|p1a: Latios|Luster Purge|p2a: Iron Boulder\n|-resisted|p2a: Iron Boulder\n|-damage|p2a: Iron Boulder|63/265\n|\n|upkeep\n|turn|18\n|inactive|Time left: 300 sec this turn | 300 sec total\n|\n|t:|1783551795\n|move|p2a: Iron Boulder|Mighty Cleave|p1a: Latios\n|-damage|p1a: Latios|0 fnt\n|faint|p1a: Latios\n|-damage|p2a: Iron Boulder|37/265|[from] item: Life Orb\n|\n|upkeep\n|\n|t:|1783551796\n|switch|p1a: Deoxys|Deoxys-Speed, L82|100/100\n|-ability|p1a: Deoxys|Pressure\n|turn|19\n|inactive|Time left: 300 sec this turn | 300 sec total\n|\n|t:|1783551797\n|move|p1a: Deoxys|Psycho Boost|p2a: Iron Boulder\n|-resisted|p2a: Iron Boulder\n|-damage|p2a: Iron Boulder|0 fnt\n|-unboost|p1a: Deoxys|spa|2\n|faint|p2a: Iron Boulder\n|-end|p2a: Iron Boulder|Quark Drive|[silent]\n|\n|upkeep\n|inactive|Time left: 300 sec this turn | 300 sec total | 5 sec grace\n|\n|t:|1783551798\n|switch|p2a: Trevenant|Trevenant, L89, M, tera:Fairy|172/296\n|turn|20\n|inactive|Time left: 300 sec this turn | 300 sec total\n|\n|t:|1783551799\n|move|p1a: Deoxys|Psycho Boost|p2a: Trevenant\n|-damage|p2a: Trevenant|99/296\n|-unboost|p1a: Deoxys|spa|2\n|move|p2a: Trevenant|Poltergeist|p1a: Deoxys\n|-activate|p1a: Deoxys|move: Poltergeist|Leftovers\n|-supereffective|p1a: Deoxys\n|-damage|p1a: Deoxys|0 fnt\n|faint|p1a: Deoxys\n|\n|win|p0y108442c5", "uploadtime": 1783551799, "views": 0, "rating": 0, "private": 0, "password": null, "_winner": "p0y108442c5", "_our_name": "p0y108442c5"}