{"id": "battle-gen9randombattle-1659", "formatid": "gen9randombattle", "format": "[Gen 9] Random Battle", "players": ["p0x16594c04", "p0y1659a56c"], "log": "|init|battle\n|title|p0x16594c04 vs. p0y1659a56c\n|j|\u2606p0x16594c04\n|j|\u2606p0y1659a56c\n|t:|1783559196\n|gametype|singles\n|player|p1|p0x16594c04|1|\n|player|p2|p0y1659a56c|170|\n|gen|9\n|tier|[Gen 9] Random Battle\n|rule|Species Clause: Limit one of each Pok\u00e9mon\n|rule|HP Percentage Mod: HP is shown in percentages\n|rule|Sleep Clause Mod: Limit one foe put to sleep\n|rule|Illusion Level Mod: Illusion disguises the Pok\u00e9mon's true level\n|\n|t:|1783559196\n|teamsize|p1|6\n|teamsize|p2|6\n|start\n|switch|p1a: Kingdra|Kingdra, L84, M|263/263\n|switch|p2a: Ting-Lu|Ting-Lu, L78|100/100\n|-ability|p2a: Ting-Lu|Vessel of Ruin\n|turn|1\n|inactive|Battle timer is ON: inactive players will automatically lose when time's up. (requested by p0y1659a56c)\n|inactive|Time left: 300 sec this turn | 300 sec total | 60 sec grace\n|inactive|p0x16594c04 also wants the timer to be on.\n|\n|t:|1783559198\n|move|p1a: Kingdra|Dragon Dance|p1a: Kingdra\n|-boost|p1a: Kingdra|atk|1\n|-boost|p1a: Kingdra|spe|1\n|move|p2a: Ting-Lu|Ruination|p1a: Kingdra\n|-damage|p1a: Kingdra|132/263\n|\n|upkeep\n|turn|2\n|inactive|Time left: 300 sec this turn | 300 sec total\n|\n|t:|1783559199\n|move|p1a: Kingdra|Waterfall|p2a: Ting-Lu\n|-supereffective|p2a: Ting-Lu\n|-damage|p2a: Ting-Lu|46/100\n|move|p2a: Ting-Lu|Payback|p1a: Kingdra\n|-damage|p1a: Kingdra|35/263\n|\n|upkeep\n|turn|3\n|inactive|Time left: 300 sec this turn | 300 sec total\n|\n|t:|1783559200\n|move|p1a: Kingdra|Waterfall|p2a: Ting-Lu\n|-supereffective|p2a: Ting-Lu\n|-damage|p2a: Ting-Lu|0 fnt\n|faint|p2a: Ting-Lu\n|\n|upkeep\n|\n|t:|1783559201\n|switch|p2a: Hitmontop|Hitmontop, L88, M|100/100\n|-ability|p2a: Hitmontop|Intimidate|boost\n|-unboost|p1a: Kingdra|atk|1\n|turn|4\n|inactive|Time left: 300 sec this turn | 300 sec total\n|\n|t:|1783559203\n|switch|p1a: Lurantis|Lurantis, L87, M|264/264\n|move|p2a: Hitmontop|Rapid Spin|p1a: Lurantis\n|-damage|p1a: Lurantis|228/264\n|-boost|p2a: Hitmontop|spe|1\n|\n|-heal|p1a: Lurantis|244/264|[from] item: Leftovers\n|upkeep\n|turn|5\n|inactive|Time left: 300 sec this turn | 300 sec total\n|\n|t:|1783559204\n|move|p2a: Hitmontop|Earthquake|p1a: Lurantis\n|-resisted|p1a: Lurantis\n|-damage|p1a: Lurantis|209/264\n|move|p1a: Lurantis|Superpower|p2a: Hitmontop\n|-damage|p2a: Hitmontop|66/100\n|-boost|p1a: Lurantis|atk|1\n|-boost|p1a: Lurantis|def|1\n|\n|-heal|p1a: Lurantis|225/264|[from] item: Leftovers\n|upkeep\n|turn|6\n|inactive|Time left: 300 sec this turn | 300 sec total\n|\n|t:|1783559205\n|switch|p2a: Sunflora|Sunflora, F|100/100\n|move|p1a: Lurantis|Superpower|p2a: Sunflora\n|-damage|p2a: Sunflora|48/100\n|-boost|p1a: Lurantis|atk|1\n|-boost|p1a: Lurantis|def|1\n|\n|-heal|p1a: Lurantis|241/264|[from] item: Leftovers\n|upkeep\n|turn|7\n|inactive|Time left: 300 sec this turn | 300 sec total\n|\n|t:|1783559206\n|-terastallize|p2a: Sunflora|Fairy\n|move|p1a: Lurantis|Superpower|p2a: Sunflora\n|-resisted|p2a: Sunflora\n|-damage|p2a: Sunflora|14/100\n|-boost|p1a: Lurantis|atk|1\n|-boost|p1a: Lurantis|def|1\n|move|p2a: Sunflora|Sludge Bomb|p1a: Lurantis\n|-supereffective|p1a: Lurantis\n|-damage|p1a: Lurantis|0 fnt\n|faint|p1a: Lurantis\n|\n|upkeep\n|inactive|Time left: 300 sec this turn | 300 sec total | 5 sec grace\n|\n|t:|1783559207\n|switch|p1a: Vikavolt|Vikavolt, L83, M|263/263\n|turn|8\n|inactive|Time left: 300 sec this turn | 300 sec total\n|\n|t:|1783559208\n|switch|p2a: Hitmontop|Hitmontop, L88, M|66/100\n|-ability|p2a: Hitmontop|Intimidate|boost\n|-unboost|p1a: Vikavolt|atk|1\n|move|p1a: Vikavolt|Sticky Web|p2a: Hitmontop\n|-sidestart|p2: p0y1659a56c|move: Sticky Web\n|\n|upkeep\n|turn|9\n|inactive|Time left: 300 sec this turn | 300 sec total\n|\n|t:|1783559209\n|move|p2a: Hitmontop|Rapid Spin|p1a: Vikavolt\n|-damage|p1a: Vikavolt|221/263\n|-boost|p2a: Hitmontop|spe|1\n|-sideend|p2: p0y1659a56c|Sticky Web|[from] move: Rapid Spin|[of] p2a: Hitmontop\n|move|p1a: Vikavolt|Discharge|p2a: Hitmontop\n|-damage|p2a: Hitmontop|39/100\n|\n|upkeep\n|turn|10\n|inactive|Time left: 300 sec this turn | 300 sec total\n|\n|t:|1783559210\n|move|p2a: Hitmontop|Stone Edge|p1a: Vikavolt\n|-supereffective|p1a: Vikavolt\n|-damage|p1a: Vikavolt|75/263\n|move|p1a: Vikavolt|Sticky Web|p2a: Hitmontop\n|-sidestart|p2: p0y1659a56c|move: Sticky Web\n|\n|upkeep\n|turn|11\n|inactive|Time left: 300 sec this turn | 300 sec total\n|\n|t:|1783559211\n|switch|p1a: Krookodile|Krookodile, L79, M|280/280\n|-ability|p1a: Krookodile|Intimidate|boost\n|-unboost|p2a: Hitmontop|atk|1\n|move|p2a: Hitmontop|Rapid Spin|p1a: Krookodile\n|-damage|p1a: Krookodile|252/280\n|-boost|p2a: Hitmontop|spe|1\n|-sideend|p2: p0y1659a56c|Sticky Web|[from] move: Rapid Spin|[of] p2a: Hitmontop\n|\n|upkeep\n|turn|12\n|inactive|Time left: 300 sec this turn | 300 sec total\n|\n|t:|1783559212\n|move|p2a: Hitmontop|Close Combat|p1a: Krookodile\n|-supereffective|p1a: Krookodile\n|-damage|p1a: Krookodile|52/280\n|-unboost|p2a: Hitmontop|def|1\n|-unboost|p2a: Hitmontop|spd|1\n|move|p1a: Krookodile|Earthquake|p2a: Hitmontop\n|-damage|p2a: Hitmontop|0 fnt\n|faint|p2a: Hitmontop\n|\n|upkeep\n|\n|t:|1783559213\n|switch|p2a: Oinkologne|Oinkologne, L92, M|100/100\n|turn|13\n|inactive|Time left: 300 sec this turn | 300 sec total\n|\n|t:|1783559214\n|move|p1a: Krookodile|Earthquake|p2a: Oinkologne\n|-damage|p2a: Oinkologne|49/100\n|move|p2a: Oinkologne|Double-Edge|p1a: Krookodile\n|-damage|p1a: Krookodile|0 fnt\n|faint|p1a: Krookodile\n|-damage|p2a: Oinkologne|44/100|[from] Recoil\n|\n|-heal|p2a: Oinkologne|50/100|[from] item: Leftovers\n|upkeep\n|inactive|Time left: 300 sec this turn | 300 sec total | 5 sec grace\n|\n|t:|1783559215\n|switch|p1a: Kingdra|Kingdra, L84, M|35/263\n|turn|14\n|inactive|Time left: 300 sec this turn | 300 sec total\n|\n|t:|1783559216\n|move|p1a: Kingdra|Outrage|p2a: Oinkologne\n|-damage|p2a: Oinkologne|12/100\n|move|p2a: Oinkologne|Lash Out|p1a: Kingdra\n|-damage|p1a: Kingdra|0 fnt\n|faint|p1a: Kingdra\n|\n|-heal|p2a: Oinkologne|18/100|[from] item: Leftovers\n|upkeep\n|inactive|Time left: 300 sec this turn | 300 sec total | 5 sec grace\n|\n|t:|1783559217\n|switch|p1a: Raichu|Raichu-Alola, L87, F|246/246\n|turn|15\n|inactive|Time left: 300 sec this turn | 300 sec total\n|\n|t:|1783559218\n|switch|p2a: Orthworm|Orthworm, L88, M|100/100\n|move|p1a: Raichu|Psyshock|p2a: Orthworm\n|-resisted|p2a: Orthworm\n|-damage|p2a: Orthworm|87/100\n|-damage|p1a: Raichu|222/246|[from] item: Life Orb\n|\n|-heal|p2a: Orthworm|93/100|[from] item: Leftovers\n|upkeep\n|turn|16\n|inactive|Time left: 300 sec this turn | 300 sec total\n|\n|t:|1783559219\n|move|p1a: Raichu|Nasty Plot|p1a: Raichu\n|-boost|p1a: Raichu|spa|2\n|move|p2a: Orthworm|Heavy Slam|p1a: Raichu\n|-resisted|p1a: Raichu\n|-damage|p1a: Raichu|126/246\n|\n|-heal|p2a: Orthworm|99/100|[from] item: Leftovers\n|upkeep\n|turn|17\n|inactive|Time left: 300 sec this turn | 300 sec total\n|\n|t:|1783559220\n|switch|p2a: Oinkologne|Oinkologne, L92, M|18/100\n|move|p1a: Raichu|Thunderbolt|p2a: Oinkologne\n|-damage|p2a: Oinkologne|0 fnt\n|faint|p2a: Oinkologne\n|-damage|p1a: Raichu|102/246|[from] item: Life Orb\n|\n|upkeep\n|\n|t:|1783559222\n|switch|p2a: Sunflora|Sunflora, F, tera:Fairy|14/100\n|turn|18\n|inactive|Time left: 300 sec this turn | 300 sec total\n|\n|t:|1783559223\n|move|p1a: Raichu|Psyshock|p2a: Sunflora\n|-damage|p2a: Sunflora|0 fnt\n|faint|p2a: Sunflora\n|-damage|p1a: Raichu|78/246|[from] item: Life Orb\n|\n|upkeep\n|\n|t:|1783559224\n|switch|p2a: Pawmot|Pawmot, L80, F|100/100\n|turn|19\n|inactive|Time left: 300 sec this turn | 300 sec total\n|\n|t:|1783559225\n|switch|p2a: Orthworm|Orthworm, L88, M|99/100\n|-terastallize|p1a: Raichu|Water\n|move|p1a: Raichu|Surf|p2a: Orthworm\n|-damage|p2a: Orthworm|0 fnt\n|faint|p2a: Orthworm\n|-damage|p1a: Raichu|54/246|[from] item: Life Orb\n|\n|upkeep\n|\n|t:|1783559226\n|switch|p2a: Pawmot|Pawmot, L80, F|100/100\n|turn|20\n|inactive|Time left: 300 sec this turn | 300 sec total\n|\n|t:|1783559227\n|move|p1a: Raichu|Surf|p2a: Pawmot\n|-damage|p2a: Pawmot|0 fnt\n|faint|p2a: Pawmot\n|-damage|p1a: Raichu|30/246|[from] item: Life Orb\n|\n|win|p0x16594c04", "uploadtime": 1783559227, "views": 0, "rating": 0, "private": 0, "password": null, "_winner": "p0x16594c04", "_our_name": "p0x16594c04"}