{"id": "battle-gen9randombattle-805", "formatid": "gen9randombattle", "format": "[Gen 9] Random Battle", "players": ["p0x8052396", "p0y80563d3"], "log": "|init|battle\n|title|p0x8052396 vs. p0y80563d3\n|j|\u2606p0x8052396\n|j|\u2606p0y80563d3\n|t:|1783549219\n|gametype|singles\n|player|p1|p0x8052396|170|\n|player|p2|p0y80563d3|1|\n|gen|9\n|tier|[Gen 9] Random Battle\n|rule|Species Clause: Limit one of each Pok\u00e9mon\n|rule|HP Percentage Mod: HP is shown in percentages\n|rule|Sleep Clause Mod: Limit one foe put to sleep\n|rule|Illusion Level Mod: Illusion disguises the Pok\u00e9mon's true level\n|\n|t:|1783549219\n|teamsize|p1|6\n|teamsize|p2|6\n|start\n|switch|p1a: Ampharos|Ampharos, L88, M|302/302\n|switch|p2a: Muk|Muk-Alola, L82, M|100/100\n|turn|1\n|inactive|Battle timer is ON: inactive players will automatically lose when time's up. (requested by p0x8052396)\n|\n|t:|1783549221\n|move|p1a: Ampharos|Agility|p1a: Ampharos\n|-boost|p1a: Ampharos|spe|2\n|move|p2a: Muk|Poison Jab|p1a: Ampharos\n|-damage|p1a: Ampharos|223/302\n|\n|upkeep\n|turn|2\n|inactive|Time left: 300 sec this turn | 300 sec total\n|inactive|p0y80563d3 also wants the timer to be on.\n|\n|t:|1783549222\n|move|p1a: Ampharos|Thunderbolt|p2a: Muk\n|-damage|p2a: Muk|67/100\n|-damage|p1a: Ampharos|193/302|[from] item: Life Orb\n|move|p2a: Muk|Knock Off|p1a: Ampharos\n|-damage|p1a: Ampharos|85/302\n|-status|p2a: Muk|par|[from] ability: Static|[of] p1a: Ampharos\n|-enditem|p1a: Ampharos|Life Orb|[from] move: Knock Off|[of] p2a: Muk\n|\n|upkeep\n|turn|3\n|inactive|Time left: 300 sec this turn | 300 sec total\n|\n|t:|1783549223\n|move|p1a: Ampharos|Thunderbolt|p2a: Muk\n|-damage|p2a: Muk|41/100 par\n|move|p2a: Muk|Poison Jab|p1a: Ampharos\n|-damage|p1a: Ampharos|9/302\n|\n|upkeep\n|turn|4\n|inactive|Time left: 300 sec this turn | 300 sec total\n|\n|t:|1783549225\n|move|p1a: Ampharos|Thunderbolt|p2a: Muk\n|-damage|p2a: Muk|17/100 par\n|cant|p2a: Muk|par\n|\n|upkeep\n|turn|5\n|inactive|Time left: 300 sec this turn | 300 sec total\n|\n|t:|1783549226\n|cant|p2a: Muk|par\n|move|p1a: Ampharos|Thunderbolt|p2a: Muk\n|-damage|p2a: Muk|0 fnt\n|faint|p2a: Muk\n|\n|upkeep\n|\n|t:|1783549227\n|switch|p2a: Serperior|Serperior, L79, M|100/100\n|turn|6\n|inactive|Time left: 300 sec this turn | 300 sec total\n|\n|t:|1783549228\n|move|p1a: Ampharos|Focus Blast|p2a: Serperior\n|-damage|p2a: Serperior|55/100\n|move|p2a: Serperior|Leaf Storm|p1a: Ampharos\n|-damage|p1a: Ampharos|0 fnt\n|-boost|p2a: Serperior|spa|2\n|faint|p1a: Ampharos\n|\n|-heal|p2a: Serperior|61/100|[from] item: Leftovers\n|upkeep\n|inactive|Time left: 300 sec this turn | 300 sec total | 5 sec grace\n|\n|t:|1783549229\n|switch|p1a: Frosmoth|Frosmoth, L82, M|249/249\n|turn|7\n|inactive|Time left: 300 sec this turn | 300 sec total\n|\n|t:|1783549230\n|move|p2a: Serperior|Substitute|p2a: Serperior\n|-start|p2a: Serperior|Substitute\n|-damage|p2a: Serperior|36/100\n|move|p1a: Frosmoth|Bug Buzz|p2a: Serperior\n|-supereffective|p2a: Serperior\n|-damage|p2a: Serperior|0 fnt\n|faint|p2a: Serperior\n|\n|upkeep\n|\n|t:|1783549231\n|switch|p2a: Zacian|Zacian, L69|100/100\n|-ability|p2a: Zacian|Intrepid Sword|boost\n|-boost|p2a: Zacian|atk|1\n|turn|8\n|inactive|Time left: 300 sec this turn | 300 sec total\n|\n|t:|1783549232\n|move|p2a: Zacian|Play Rough|p1a: Frosmoth|[miss]\n|-miss|p2a: Zacian|p1a: Frosmoth\n|move|p1a: Frosmoth|Ice Beam|p2a: Zacian\n|-damage|p2a: Zacian|57/100\n|\n|upkeep\n|turn|9\n|inactive|Time left: 300 sec this turn | 300 sec total\n|\n|t:|1783549233\n|move|p2a: Zacian|Play Rough|p1a: Frosmoth\n|-damage|p1a: Frosmoth|38/249\n|move|p1a: Frosmoth|Ice Beam|p2a: Zacian\n|-damage|p2a: Zacian|8/100\n|\n|upkeep\n|turn|10\n|inactive|Time left: 300 sec this turn | 300 sec total\n|\n|t:|1783549234\n|move|p2a: Zacian|Play Rough|p1a: Frosmoth\n|-damage|p1a: Frosmoth|0 fnt\n|faint|p1a: Frosmoth\n|\n|upkeep\n|inactive|Time left: 300 sec this turn | 300 sec total | 5 sec grace\n|\n|t:|1783549235\n|switch|p1a: Minun|Minun, L95, F|268/268\n|turn|11\n|inactive|Time left: 300 sec this turn | 300 sec total\n|\n|t:|1783549237\n|switch|p2a: Victreebel|Victreebel, L90, M|100/100\n|move|p1a: Minun|Thunderbolt|p2a: Victreebel\n|-resisted|p2a: Victreebel\n|-damage|p2a: Victreebel|74/100\n|-damage|p1a: Minun|242/268|[from] item: Life Orb\n|\n|upkeep\n|turn|12\n|inactive|Time left: 300 sec this turn | 300 sec total\n|\n|t:|1783549238\n|switch|p1a: Tsareena|Tsareena, L87, F|267/267\n|move|p2a: Victreebel|Poison Jab|p1a: Tsareena\n|-supereffective|p1a: Tsareena\n|-damage|p1a: Tsareena|2/267\n|-damage|p2a: Victreebel|64/100|[from] item: Life Orb\n|\n|upkeep\n|turn|13\n|inactive|Time left: 300 sec this turn | 300 sec total\n|\n|t:|1783549239\n|move|p2a: Victreebel|Power Whip|p1a: Tsareena\n|-resisted|p1a: Tsareena\n|-damage|p1a: Tsareena|0 fnt\n|faint|p1a: Tsareena\n|-damage|p2a: Victreebel|54/100|[from] item: Life Orb\n|\n|upkeep\n|inactive|Time left: 300 sec this turn | 300 sec total | 5 sec grace\n|\n|t:|1783549240\n|switch|p1a: Arceus|Arceus-Dark, L71|288/288\n|turn|14\n|inactive|Time left: 300 sec this turn | 300 sec total\n|\n|t:|1783549241\n|move|p1a: Arceus|Judgment|p2a: Victreebel\n|-damage|p2a: Victreebel|9/100\n|move|p2a: Victreebel|Power Whip|p1a: Arceus\n|-damage|p1a: Arceus|113/288\n|-damage|p2a: Victreebel|0 fnt|[from] item: Life Orb\n|faint|p2a: Victreebel\n|\n|upkeep\n|\n|t:|1783549242\n|switch|p2a: Zacian|Zacian, L69|8/100\n|turn|15\n|inactive|Time left: 300 sec this turn | 300 sec total\n|\n|t:|1783549244\n|-terastallize|p1a: Arceus|Fairy\n|move|p2a: Zacian|Play Rough|p1a: Arceus\n|-damage|p1a: Arceus|10/288\n|move|p1a: Arceus|Recover|p1a: Arceus\n|-heal|p1a: Arceus|154/288\n|\n|upkeep\n|turn|16\n|inactive|Time left: 300 sec this turn | 300 sec total\n|\n|t:|1783549245\n|move|p2a: Zacian|Play Rough|p1a: Arceus\n|-damage|p1a: Arceus|54/288\n|move|p1a: Arceus|Recover|p1a: Arceus\n|-heal|p1a: Arceus|198/288\n|\n|upkeep\n|turn|17\n|inactive|Time left: 300 sec this turn | 300 sec total\n|\n|t:|1783549246\n|move|p2a: Zacian|Play Rough|p1a: Arceus|[miss]\n|-miss|p2a: Zacian|p1a: Arceus\n|move|p1a: Arceus|Recover|p1a: Arceus\n|-heal|p1a: Arceus|288/288\n|\n|upkeep\n|turn|18\n|inactive|Time left: 300 sec this turn | 300 sec total\n|\n|t:|1783549247\n|move|p2a: Zacian|Play Rough|p1a: Arceus\n|-damage|p1a: Arceus|188/288\n|move|p1a: Arceus|Calm Mind|p1a: Arceus\n|-boost|p1a: Arceus|spa|1\n|-boost|p1a: Arceus|spd|1\n|\n|upkeep\n|turn|19\n|inactive|Time left: 300 sec this turn | 300 sec total\n|\n|t:|1783549248\n|move|p2a: Zacian|Play Rough|p1a: Arceus\n|-crit|p1a: Arceus\n|-damage|p1a: Arceus|29/288\n|move|p1a: Arceus|Recover|p1a: Arceus\n|-heal|p1a: Arceus|173/288\n|\n|upkeep\n|turn|20\n|inactive|Time left: 300 sec this turn | 300 sec total\n|\n|t:|1783549249\n|move|p2a: Zacian|Play Rough|p1a: Arceus\n|-damage|p1a: Arceus|56/288\n|move|p1a: Arceus|Recover|p1a: Arceus\n|-heal|p1a: Arceus|200/288\n|\n|upkeep\n|turn|21\n|inactive|Time left: 300 sec this turn | 300 sec total\n|\n|t:|1783549250\n|move|p2a: Zacian|Play Rough|p1a: Arceus\n|-damage|p1a: Arceus|91/288\n|move|p1a: Arceus|Recover|p1a: Arceus\n|-heal|p1a: Arceus|235/288\n|\n|upkeep\n|turn|22\n|inactive|Time left: 300 sec this turn | 300 sec total\n|\n|t:|1783549251\n|move|p2a: Zacian|Play Rough|p1a: Arceus\n|-damage|p1a: Arceus|129/288\n|move|p1a: Arceus|Recover|p1a: Arceus\n|-heal|p1a: Arceus|273/288\n|\n|upkeep\n|turn|23\n|inactive|Time left: 300 sec this turn | 300 sec total\n|\n|t:|1783549252\n|move|p2a: Zacian|Play Rough|p1a: Arceus\n|-crit|p1a: Arceus\n|-damage|p1a: Arceus|102/288\n|move|p1a: Arceus|Dazzling Gleam|p2a: Zacian\n|-damage|p2a: Zacian|0 fnt\n|faint|p2a: Zacian\n|\n|upkeep\n|\n|t:|1783549253\n|switch|p2a: Registeel|Registeel, L81|100/100\n|turn|24\n|inactive|Time left: 300 sec this turn | 300 sec total\n|\n|t:|1783549254\n|move|p1a: Arceus|Recover|p1a: Arceus\n|-heal|p1a: Arceus|246/288\n|move|p2a: Registeel|Iron Head|p1a: Arceus\n|-supereffective|p1a: Arceus\n|-damage|p1a: Arceus|126/288\n|\n|upkeep\n|turn|25\n|inactive|Time left: 300 sec this turn | 300 sec total\n|\n|t:|1783549255\n|move|p1a: Arceus|Judgment|p2a: Registeel\n|-damage|p2a: Registeel|57/100\n|move|p2a: Registeel|Iron Head|p1a: Arceus\n|-supereffective|p1a: Arceus\n|-damage|p1a: Arceus|4/288\n|\n|upkeep\n|turn|26\n|inactive|Time left: 300 sec this turn | 300 sec total\n|\n|t:|1783549256\n|move|p1a: Arceus|Judgment|p2a: Registeel\n|-damage|p2a: Registeel|18/100\n|move|p2a: Registeel|Rest|p2a: Registeel\n|-status|p2a: Registeel|slp|[from] move: Rest\n|-heal|p2a: Registeel|100/100 slp|[silent]\n|-enditem|p2a: Registeel|Chesto Berry|[eat]\n|-curestatus|p2a: Registeel|slp|[msg]\n|\n|upkeep\n|turn|27\n|inactive|Time left: 300 sec this turn | 300 sec total\n|\n|t:|1783549257\n|move|p1a: Arceus|Judgment|p2a: Registeel\n|-damage|p2a: Registeel|55/100\n|move|p2a: Registeel|Iron Defense|p2a: Registeel\n|-boost|p2a: Registeel|def|2\n|\n|upkeep\n|turn|28\n|inactive|Time left: 300 sec this turn | 300 sec total\n|\n|t:|1783549258\n|move|p1a: Arceus|Judgment|p2a: Registeel\n|-damage|p2a: Registeel|14/100\n|move|p2a: Registeel|Iron Head|p1a: Arceus\n|-supereffective|p1a: Arceus\n|-damage|p1a: Arceus|0 fnt\n|faint|p1a: Arceus\n|\n|upkeep\n|inactive|Time left: 300 sec this turn | 300 sec total | 5 sec grace\n|\n|t:|1783549259\n|switch|p1a: Minun|Minun, L95, F|242/268\n|turn|29\n|inactive|Time left: 300 sec this turn | 300 sec total\n|\n|t:|1783549260\n|-terastallize|p2a: Registeel|Fighting\n|move|p1a: Minun|Thunderbolt|p2a: Registeel\n|-damage|p2a: Registeel|0 fnt\n|faint|p2a: Registeel\n|-damage|p1a: Minun|216/268|[from] item: Life Orb\n|\n|upkeep\n|\n|t:|1783549261\n|switch|p2a: Gliscor|Gliscor, L76, M|100/100\n|turn|30\n|inactive|Time left: 300 sec this turn | 300 sec total\n|\n|t:|1783549262\n|switch|p1a: Ogerpon|Ogerpon-Wellspring, L76, F|247/247\n|move|p2a: Gliscor|Earthquake|p1a: Ogerpon\n|-resisted|p1a: Ogerpon\n|-damage|p1a: Ogerpon|200/247\n|\n|-status|p2a: Gliscor|tox|[from] item: Toxic Orb\n|upkeep\n|turn|31\n|inactive|Time left: 300 sec this turn | 300 sec total\n|\n|t:|1783549263\n|move|p2a: Gliscor|Protect|p2a: Gliscor\n|-singleturn|p2a: Gliscor|Protect\n|move|p1a: Ogerpon|Ivy Cudgel|p2a: Gliscor|[anim] Ivy Cudgel Water\n|-activate|p2a: Gliscor|move: Protect\n|\n|upkeep\n|turn|32\n|inactive|Time left: 300 sec this turn | 300 sec total\n|\n|t:|1783549264\n|move|p2a: Gliscor|Protect||[still]\n|-fail|p2a: Gliscor\n|move|p1a: Ogerpon|Ivy Cudgel|p2a: Gliscor|[anim] Ivy Cudgel Water\n|-supereffective|p2a: Gliscor\n|-damage|p2a: Gliscor|14/100 tox\n|\n|-heal|p2a: Gliscor|26/100 tox|[from] ability: Poison Heal\n|upkeep\n|turn|33\n|inactive|Time left: 300 sec this turn | 300 sec total\n|\n|t:|1783549265\n|move|p2a: Gliscor|Protect|p2a: Gliscor\n|-singleturn|p2a: Gliscor|Protect\n|move|p1a: Ogerpon|Wood Hammer|p2a: Gliscor\n|-activate|p2a: Gliscor|move: Protect\n|\n|-heal|p2a: Gliscor|39/100 tox|[from] ability: Poison Heal\n|upkeep\n|turn|34\n|inactive|Time left: 300 sec this turn | 300 sec total\n|\n|t:|1783549266\n|move|p2a: Gliscor|Protect||[still]\n|-fail|p2a: Gliscor\n|move|p1a: Ogerpon|Ivy Cudgel|p2a: Gliscor|[anim] Ivy Cudgel Water\n|-supereffective|p2a: Gliscor\n|-damage|p2a: Gliscor|0 fnt\n|faint|p2a: Gliscor\n|\n|win|p0x8052396", "uploadtime": 1783549266, "views": 0, "rating": 0, "private": 0, "password": null, "_winner": "p0x8052396", "_our_name": "p0x8052396"}