{"id": "battle-gen9randombattle-2398", "formatid": "gen9randombattle", "format": "[Gen 9] Random Battle", "players": ["p0x23996e59", "p0y239967fd"], "log": "|init|battle\n|title|p0x23996e59 vs. p0y239967fd\n|j|\u2606p0x23996e59\n|j|\u2606p0y239967fd\n|t:|1783567826\n|gametype|singles\n|player|p1|p0x23996e59|266|\n|player|p2|p0y239967fd|1|\n|gen|9\n|tier|[Gen 9] Random Battle\n|rule|Species Clause: Limit one of each Pok\u00e9mon\n|rule|HP Percentage Mod: HP is shown in percentages\n|rule|Sleep Clause Mod: Limit one foe put to sleep\n|rule|Illusion Level Mod: Illusion disguises the Pok\u00e9mon's true level\n|\n|t:|1783567826\n|teamsize|p1|6\n|teamsize|p2|6\n|start\n|switch|p1a: Iron Leaves|Iron Leaves, L80|275/275\n|switch|p2a: Passimian|Passimian, L83, M|100/100\n|turn|1\n|inactive|Battle timer is ON: inactive players will automatically lose when time's up. (requested by p0x23996e59)\n|inactive|p0y239967fd also wants the timer to be on.\n|\n|t:|1783567828\n|move|p1a: Iron Leaves|Psyblade|p2a: Passimian\n|-supereffective|p2a: Passimian\n|-damage|p2a: Passimian|0 fnt\n|faint|p2a: Passimian\n|\n|upkeep\n|\n|t:|1783567829\n|switch|p2a: Vespiquen|Vespiquen, L99, F|100/100\n|-ability|p2a: Vespiquen|Pressure\n|turn|2\n|inactive|Time left: 300 sec this turn | 300 sec total\n|\n|t:|1783567830\n|move|p1a: Iron Leaves|Psyblade|p2a: Vespiquen\n|-damage|p2a: Vespiquen|62/100\n|move|p2a: Vespiquen|Hurricane|p1a: Iron Leaves\n|-supereffective|p1a: Iron Leaves\n|-damage|p1a: Iron Leaves|27/275\n|\n|upkeep\n|turn|3\n|inactive|Time left: 300 sec this turn | 300 sec total\n|\n|t:|1783567831\n|move|p1a: Iron Leaves|Psyblade|p2a: Vespiquen\n|-damage|p2a: Vespiquen|28/100\n|move|p2a: Vespiquen|Roost|p2a: Vespiquen\n|-heal|p2a: Vespiquen|78/100\n|-singleturn|p2a: Vespiquen|move: Roost\n|\n|upkeep\n|turn|4\n|inactive|Time left: 300 sec this turn | 300 sec total\n|\n|t:|1783567832\n|move|p1a: Iron Leaves|Psyblade|p2a: Vespiquen\n|-damage|p2a: Vespiquen|40/100\n|move|p2a: Vespiquen|Roost|p2a: Vespiquen\n|-heal|p2a: Vespiquen|90/100\n|-singleturn|p2a: Vespiquen|move: Roost\n|\n|upkeep\n|turn|5\n|inactive|Time left: 300 sec this turn | 300 sec total\n|\n|t:|1783567833\n|move|p1a: Iron Leaves|Psyblade|p2a: Vespiquen\n|-damage|p2a: Vespiquen|51/100\n|move|p2a: Vespiquen|Spikes|p1a: Iron Leaves\n|-sidestart|p1: p0x23996e59|Spikes\n|\n|upkeep\n|turn|6\n|inactive|Time left: 300 sec this turn | 300 sec total\n|\n|t:|1783567834\n|move|p1a: Iron Leaves|Psyblade|p2a: Vespiquen\n|-damage|p2a: Vespiquen|12/100\n|move|p2a: Vespiquen|Roost|p2a: Vespiquen\n|-heal|p2a: Vespiquen|62/100\n|-singleturn|p2a: Vespiquen|move: Roost\n|\n|upkeep\n|turn|7\n|inactive|Time left: 300 sec this turn | 300 sec total\n|\n|t:|1783567835\n|move|p1a: Iron Leaves|Psyblade|p2a: Vespiquen\n|-damage|p2a: Vespiquen|26/100\n|move|p2a: Vespiquen|Roost|p2a: Vespiquen\n|-heal|p2a: Vespiquen|76/100\n|-singleturn|p2a: Vespiquen|move: Roost\n|\n|upkeep\n|turn|8\n|inactive|Time left: 300 sec this turn | 300 sec total\n|\n|t:|1783567836\n|move|p1a: Iron Leaves|Psyblade|p2a: Vespiquen\n|-damage|p2a: Vespiquen|42/100\n|move|p2a: Vespiquen|Roost|p2a: Vespiquen\n|-heal|p2a: Vespiquen|92/100\n|-singleturn|p2a: Vespiquen|move: Roost\n|\n|upkeep\n|turn|9\n|inactive|Time left: 300 sec this turn | 300 sec total\n|\n|t:|1783567837\n|move|p1a: Iron Leaves|Psyblade|p2a: Vespiquen\n|-damage|p2a: Vespiquen|54/100\n|move|p2a: Vespiquen|Hurricane|p1a: Iron Leaves\n|-supereffective|p1a: Iron Leaves\n|-damage|p1a: Iron Leaves|0 fnt\n|faint|p1a: Iron Leaves\n|-end|p1a: Iron Leaves|Quark Drive|[silent]\n|\n|upkeep\n|inactive|Time left: 300 sec this turn | 300 sec total | 5 sec grace\n|\n|t:|1783567838\n|switch|p1a: Eelektross|Eelektross, L87, M|290/290\n|turn|10\n|inactive|Time left: 300 sec this turn | 300 sec total\n|\n|t:|1783567839\n|move|p1a: Eelektross|Supercell Slam|p2a: Vespiquen\n|-supereffective|p2a: Vespiquen\n|-damage|p2a: Vespiquen|0 fnt\n|faint|p2a: Vespiquen\n|\n|upkeep\n|\n|t:|1783567840\n|switch|p2a: Magmortar|Magmortar, L88, M|100/100\n|turn|11\n|inactive|Time left: 300 sec this turn | 300 sec total\n|\n|t:|1783567841\n|move|p2a: Magmortar|Fire Blast|p1a: Eelektross\n|-damage|p1a: Eelektross|131/290\n|move|p1a: Eelektross|Coil|p1a: Eelektross\n|-boost|p1a: Eelektross|atk|1\n|-boost|p1a: Eelektross|def|1\n|-boost|p1a: Eelektross|accuracy|1\n|\n|-heal|p1a: Eelektross|149/290|[from] item: Leftovers\n|upkeep\n|turn|12\n|inactive|Time left: 300 sec this turn | 300 sec total\n|\n|t:|1783567841\n|switch|p1a: Salazzle|Salazzle, L83, F|249/249\n|-damage|p1a: Salazzle|218/249|[from] Spikes\n|move|p2a: Magmortar|Fire Blast|p1a: Salazzle\n|-resisted|p1a: Salazzle\n|-damage|p1a: Salazzle|108/249\n|\n|-heal|p1a: Salazzle|123/249|[from] item: Leftovers\n|upkeep\n|turn|13\n|inactive|Time left: 300 sec this turn | 300 sec total\n|\n|t:|1783567842\n|move|p1a: Salazzle|Protect|p1a: Salazzle\n|-singleturn|p1a: Salazzle|Protect\n|move|p2a: Magmortar|Knock Off|p1a: Salazzle\n|-activate|p1a: Salazzle|move: Protect\n|\n|-heal|p1a: Salazzle|138/249|[from] item: Leftovers\n|upkeep\n|turn|14\n|inactive|Time left: 300 sec this turn | 300 sec total\n|\n|t:|1783567843\n|move|p1a: Salazzle|Toxic|p2a: Magmortar\n|-status|p2a: Magmortar|tox\n|move|p2a: Magmortar|Knock Off|p1a: Salazzle\n|-damage|p1a: Salazzle|39/249\n|-enditem|p1a: Salazzle|Leftovers|[from] move: Knock Off|[of] p2a: Magmortar\n|\n|-damage|p2a: Magmortar|94/100 tox|[from] psn\n|upkeep\n|turn|15\n|inactive|Time left: 300 sec this turn | 300 sec total\n|\n|t:|1783567844\n|move|p1a: Salazzle|Flamethrower|p2a: Magmortar\n|-resisted|p2a: Magmortar\n|-damage|p2a: Magmortar|78/100 tox\n|move|p2a: Magmortar|Knock Off|p1a: Salazzle\n|-damage|p1a: Salazzle|0 fnt\n|faint|p1a: Salazzle\n|\n|-damage|p2a: Magmortar|66/100 tox|[from] psn\n|upkeep\n|inactive|Time left: 300 sec this turn | 300 sec total | 5 sec grace\n|\n|t:|1783567845\n|switch|p1a: Wigglytuff|Wigglytuff, L96, M|424/424\n|-damage|p1a: Wigglytuff|371/424|[from] Spikes\n|turn|16\n|inactive|Time left: 300 sec this turn | 300 sec total\n|\n|t:|1783567846\n|move|p1a: Wigglytuff|Protect|p1a: Wigglytuff\n|-singleturn|p1a: Wigglytuff|Protect\n|move|p2a: Magmortar|Fire Blast|p1a: Wigglytuff\n|-activate|p1a: Wigglytuff|move: Protect\n|\n|-heal|p1a: Wigglytuff|397/424|[from] item: Leftovers\n|-damage|p2a: Magmortar|47/100 tox|[from] psn\n|upkeep\n|turn|17\n|inactive|Time left: 300 sec this turn | 300 sec total\n|\n|t:|1783567847\n|move|p2a: Magmortar|Fire Blast|p1a: Wigglytuff|[miss]\n|-miss|p2a: Magmortar|p1a: Wigglytuff\n|move|p1a: Wigglytuff|Wish|p1a: Wigglytuff\n|\n|-heal|p1a: Wigglytuff|423/424|[from] item: Leftovers\n|-damage|p2a: Magmortar|22/100 tox|[from] psn\n|upkeep\n|turn|18\n|inactive|Time left: 300 sec this turn | 300 sec total\n|\n|t:|1783567848\n|switch|p2a: Magnezone|Magnezone, L85|100/100\n|move|p1a: Wigglytuff|Dazzling Gleam|p2a: Magnezone\n|-resisted|p2a: Magnezone\n|-damage|p2a: Magnezone|83/100\n|\n|-heal|p1a: Wigglytuff|424/424|[from] move: Wish|[wisher] Wigglytuff\n|upkeep\n|turn|19\n|inactive|Time left: 300 sec this turn | 300 sec total\n|\n|t:|1783567849\n|move|p2a: Magnezone|Flash Cannon|p1a: Wigglytuff\n|-supereffective|p1a: Wigglytuff\n|-damage|p1a: Wigglytuff|154/424\n|move|p1a: Wigglytuff|Dazzling Gleam|p2a: Magnezone\n|-resisted|p2a: Magnezone\n|-damage|p2a: Magnezone|66/100\n|\n|-heal|p1a: Wigglytuff|180/424|[from] item: Leftovers\n|upkeep\n|turn|20\n|inactive|Time left: 300 sec this turn | 300 sec total\n|\n|t:|1783567850\n|move|p1a: Wigglytuff|Protect|p1a: Wigglytuff\n|-singleturn|p1a: Wigglytuff|Protect\n|move|p2a: Magnezone|Flash Cannon|p1a: Wigglytuff\n|-activate|p1a: Wigglytuff|move: Protect\n|\n|-heal|p1a: Wigglytuff|206/424|[from] item: Leftovers\n|upkeep\n|turn|21\n|inactive|Time left: 300 sec this turn | 300 sec total\n|\n|t:|1783567851\n|switch|p1a: Eelektross|Eelektross, L87, M|149/290\n|move|p2a: Magnezone|Flash Cannon|p1a: Eelektross\n|-resisted|p1a: Eelektross\n|-damage|p1a: Eelektross|91/290\n|\n|-heal|p1a: Eelektross|109/290|[from] item: Leftovers\n|upkeep\n|turn|22\n|inactive|Time left: 300 sec this turn | 300 sec total\n|\n|t:|1783567852\n|move|p2a: Magnezone|Flash Cannon|p1a: Eelektross\n|-resisted|p1a: Eelektross\n|-damage|p1a: Eelektross|51/290\n|move|p1a: Eelektross|Drain Punch|p2a: Magnezone\n|-supereffective|p2a: Magnezone\n|-damage|p2a: Magnezone|28/100\n|-heal|p1a: Eelektross|99/290|[from] drain|[of] p2a: Magnezone\n|\n|-heal|p1a: Eelektross|117/290|[from] item: Leftovers\n|upkeep\n|turn|23\n|inactive|Time left: 300 sec this turn | 300 sec total\n|\n|t:|1783567854\n|move|p2a: Magnezone|Flash Cannon|p1a: Eelektross\n|-resisted|p1a: Eelektross\n|-damage|p1a: Eelektross|58/290\n|move|p1a: Eelektross|Drain Punch|p2a: Magnezone\n|-supereffective|p2a: Magnezone\n|-damage|p2a: Magnezone|0 fnt\n|-heal|p1a: Eelektross|94/290|[from] drain|[of] p2a: Magnezone\n|faint|p2a: Magnezone\n|\n|-heal|p1a: Eelektross|112/290|[from] item: Leftovers\n|upkeep\n|\n|t:|1783567855\n|switch|p2a: Magmortar|Magmortar, L88, M|22/100 tox\n|turn|24\n|inactive|Time left: 300 sec this turn | 300 sec total\n|\n|t:|1783567856\n|move|p2a: Magmortar|Fire Blast|p1a: Eelektross\n|-damage|p1a: Eelektross|0 fnt\n|faint|p1a: Eelektross\n|\n|-damage|p2a: Magmortar|16/100 tox|[from] psn\n|upkeep\n|inactive|Time left: 300 sec this turn | 300 sec total | 5 sec grace\n|\n|t:|1783567857\n|switch|p1a: Cobalion|Cobalion, L80|277/277\n|-damage|p1a: Cobalion|243/277|[from] Spikes\n|turn|25\n|inactive|Time left: 300 sec this turn | 300 sec total\n|\n|t:|1783567858\n|move|p1a: Cobalion|Body Press|p2a: Magmortar\n|-crit|p2a: Magmortar\n|-damage|p2a: Magmortar|0 fnt\n|faint|p2a: Magmortar\n|\n|-heal|p1a: Cobalion|260/277|[from] item: Leftovers\n|upkeep\n|\n|t:|1783567859\n|switch|p2a: Tornadus|Tornadus, L82, M|100/100\n|turn|26\n|inactive|Time left: 300 sec this turn | 300 sec total\n|\n|t:|1783567860\n|move|p2a: Tornadus|Nasty Plot|p2a: Tornadus\n|-boost|p2a: Tornadus|spa|2\n|move|p1a: Cobalion|Volt Switch|p2a: Tornadus\n|-supereffective|p2a: Tornadus\n|-damage|p2a: Tornadus|66/100\n|inactive|Time left: 300 sec this turn | 300 sec total | 5 sec grace\n|\n|t:|1783567861\n|switch|p1a: Wigglytuff|Wigglytuff, L96, M|206/424|[from] Volt Switch\n|-damage|p1a: Wigglytuff|153/424|[from] Spikes\n|\n|-heal|p1a: Wigglytuff|179/424|[from] item: Leftovers\n|upkeep\n|turn|27\n|inactive|Time left: 300 sec this turn | 300 sec total\n|\n|t:|1783567862\n|move|p1a: Wigglytuff|Protect|p1a: Wigglytuff\n|-singleturn|p1a: Wigglytuff|Protect\n|move|p2a: Tornadus|Heat Wave|p1a: Wigglytuff\n|-activate|p1a: Wigglytuff|move: Protect\n|\n|-heal|p1a: Wigglytuff|205/424|[from] item: Leftovers\n|upkeep\n|turn|28\n|inactive|Time left: 300 sec this turn | 300 sec total\n|\n|t:|1783567863\n|move|p1a: Wigglytuff|Protect|p1a: Wigglytuff\n|-singleturn|p1a: Wigglytuff|Protect\n|move|p2a: Tornadus|Bleakwind Storm|p1a: Wigglytuff\n|-activate|p1a: Wigglytuff|move: Protect\n|\n|-heal|p1a: Wigglytuff|231/424|[from] item: Leftovers\n|upkeep\n|turn|29\n|inactive|Time left: 300 sec this turn | 300 sec total\n|\n|t:|1783567864\n|move|p2a: Tornadus|Bleakwind Storm|p1a: Wigglytuff|[miss]\n|-miss|p2a: Tornadus|p1a: Wigglytuff\n|move|p1a: Wigglytuff|Dazzling Gleam|p2a: Tornadus\n|-damage|p2a: Tornadus|22/100\n|\n|-heal|p1a: Wigglytuff|257/424|[from] item: Leftovers\n|upkeep\n|turn|30\n|inactive|Time left: 300 sec this turn | 300 sec total\n|\n|t:|1783567865\n|move|p2a: Tornadus|Bleakwind Storm|p1a: Wigglytuff|[miss]\n|-miss|p2a: Tornadus|p1a: Wigglytuff\n|move|p1a: Wigglytuff|Dazzling Gleam|p2a: Tornadus\n|-damage|p2a: Tornadus|0 fnt\n|faint|p2a: Tornadus\n|\n|-heal|p1a: Wigglytuff|283/424|[from] item: Leftovers\n|upkeep\n|\n|t:|1783567866\n|switch|p2a: Deoxys|Deoxys-Attack, L72|100/100\n|-ability|p2a: Deoxys|Pressure\n|turn|31\n|inactive|Time left: 300 sec this turn | 300 sec total\n|\n|t:|1783567867\n|-terastallize|p2a: Deoxys|Dark\n|-terastallize|p1a: Wigglytuff|Steel\n|move|p2a: Deoxys|Psycho Boost|p1a: Wigglytuff\n|-resisted|p1a: Wigglytuff\n|-damage|p1a: Wigglytuff|136/424\n|-unboost|p2a: Deoxys|spa|2\n|-damage|p2a: Deoxys|91/100|[from] item: Life Orb\n|move|p1a: Wigglytuff|Dazzling Gleam|p2a: Deoxys\n|-supereffective|p2a: Deoxys\n|-damage|p2a: Deoxys|0 fnt\n|faint|p2a: Deoxys\n|\n|win|p0x23996e59", "uploadtime": 1783567867, "views": 0, "rating": 0, "private": 0, "password": null, "_winner": "p0x23996e59", "_our_name": "p0x23996e59"}