{"id": "battle-gen9randombattle-1682", "formatid": "gen9randombattle", "format": "[Gen 9] Random Battle", "players": ["p0x16829039", "p0y1682e291"], "log": "|init|battle\n|title|p0x16829039 vs. p0y1682e291\n|j|\u2606p0x16829039\n|j|\u2606p0y1682e291\n|t:|1783558725\n|gametype|singles\n|player|p1|p0x16829039|101|\n|player|p2|p0y1682e291|265|\n|gen|9\n|tier|[Gen 9] Random Battle\n|rule|Species Clause: Limit one of each Pok\u00e9mon\n|rule|HP Percentage Mod: HP is shown in percentages\n|rule|Sleep Clause Mod: Limit one foe put to sleep\n|rule|Illusion Level Mod: Illusion disguises the Pok\u00e9mon's true level\n|\n|t:|1783558725\n|teamsize|p1|6\n|teamsize|p2|6\n|start\n|switch|p1a: Cloyster|Cloyster, L80, M|211/211\n|switch|p2a: Metagross|Metagross, L79|100/100\n|turn|1\n|inactive|Battle timer is ON: inactive players will automatically lose when time's up. (requested by p0y1682e291)\n|inactive|Time left: 300 sec this turn | 300 sec total | 60 sec grace\n|inactive|p0x16829039 also wants the timer to be on.\n|\n|t:|1783558726\n|switch|p2a: Sinistcha|Sinistcha, L83|100/100\n|move|p1a: Cloyster|Shell Smash|p1a: Cloyster\n|-unboost|p1a: Cloyster|def|1\n|-unboost|p1a: Cloyster|spd|1\n|-boost|p1a: Cloyster|atk|2\n|-boost|p1a: Cloyster|spa|2\n|-boost|p1a: Cloyster|spe|2\n|-enditem|p1a: Cloyster|White Herb\n|-clearnegativeboost|p1a: Cloyster|[silent]\n|\n|upkeep\n|turn|2\n|inactive|Time left: 300 sec this turn | 300 sec total\n|\n|t:|1783558727\n|-terastallize|p2a: Sinistcha|Steel\n|move|p1a: Cloyster|Icicle Spear|p2a: Sinistcha\n|-resisted|p2a: Sinistcha\n|-damage|p2a: Sinistcha|92/100\n|-resisted|p2a: Sinistcha\n|-damage|p2a: Sinistcha|84/100\n|-resisted|p2a: Sinistcha\n|-damage|p2a: Sinistcha|75/100\n|-resisted|p2a: Sinistcha\n|-damage|p2a: Sinistcha|67/100\n|-resisted|p2a: Sinistcha\n|-damage|p2a: Sinistcha|58/100\n|-hitcount|p2a: Sinistcha|5\n|move|p2a: Sinistcha|Matcha Gotcha|p1a: Cloyster\n|-supereffective|p1a: Cloyster\n|-damage|p1a: Cloyster|0 fnt\n|-heal|p2a: Sinistcha|99/100|[from] drain|[of] p1a: Cloyster\n|faint|p1a: Cloyster\n|\n|-heal|p2a: Sinistcha|100/100|[from] item: Leftovers\n|upkeep\n|inactive|Time left: 300 sec this turn | 300 sec total | 5 sec grace\n|\n|t:|1783558728\n|switch|p1a: Politoed|Politoed, L88, F|302/302\n|-weather|RainDance|[from] ability: Drizzle|[of] p1a: Politoed\n|turn|3\n|inactive|Time left: 300 sec this turn | 300 sec total\n|\n|t:|1783558729\n|move|p1a: Politoed|Weather Ball|p2a: Sinistcha\n|-damage|p2a: Sinistcha|0 fnt\n|faint|p2a: Sinistcha\n|\n|-weather|RainDance|[upkeep]\n|upkeep\n|\n|t:|1783558730\n|switch|p2a: Bronzong|Bronzong, L88|100/100\n|turn|4\n|inactive|Time left: 300 sec this turn | 300 sec total\n|\n|t:|1783558731\n|move|p1a: Politoed|Weather Ball|p2a: Bronzong\n|-damage|p2a: Bronzong|26/100\n|move|p2a: Bronzong|Hypnosis|p1a: Politoed\n|-status|p1a: Politoed|slp|[from] move: Hypnosis\n|\n|-weather|RainDance|[upkeep]\n|-heal|p2a: Bronzong|32/100|[from] item: Leftovers\n|upkeep\n|turn|5\n|inactive|Time left: 300 sec this turn | 300 sec total\n|\n|t:|1783558732\n|switch|p1a: Meganium|Meganium, L90, M|290/290\n|move|p2a: Bronzong|Stealth Rock|p1a: Meganium\n|-sidestart|p1: p0x16829039|move: Stealth Rock\n|\n|-weather|RainDance|[upkeep]\n|-heal|p2a: Bronzong|38/100|[from] item: Leftovers\n|upkeep\n|turn|6\n|inactive|Time left: 300 sec this turn | 300 sec total\n|\n|t:|1783558733\n|switch|p2a: Ho-Oh|Ho-Oh, L71|100/100\n|move|p1a: Meganium|Swords Dance|p1a: Meganium\n|-boost|p1a: Meganium|atk|2\n|\n|-weather|RainDance|[upkeep]\n|upkeep\n|turn|7\n|inactive|Time left: 300 sec this turn | 300 sec total\n|\n|t:|1783558734\n|move|p1a: Meganium|Knock Off|p2a: Ho-Oh\n|-damage|p2a: Ho-Oh|43/100\n|-enditem|p2a: Ho-Oh|Heavy-Duty Boots|[from] move: Knock Off|[of] p1a: Meganium\n|move|p2a: Ho-Oh|Sacred Fire|p1a: Meganium\n|-supereffective|p1a: Meganium\n|-damage|p1a: Meganium|204/290\n|-status|p1a: Meganium|brn\n|\n|-weather|none\n|-heal|p1a: Meganium|222/290 brn|[from] item: Leftovers\n|-damage|p1a: Meganium|204/290 brn|[from] brn\n|upkeep\n|turn|8\n|inactive|Time left: 300 sec this turn | 300 sec total\n|\n|t:|1783558735\n|move|p1a: Meganium|Knock Off|p2a: Ho-Oh\n|-damage|p2a: Ho-Oh|21/100\n|move|p2a: Ho-Oh|Sacred Fire|p1a: Meganium\n|-supereffective|p1a: Meganium\n|-damage|p1a: Meganium|28/290 brn\n|\n|-heal|p1a: Meganium|46/290 brn|[from] item: Leftovers\n|-damage|p1a: Meganium|28/290 brn|[from] brn\n|upkeep\n|turn|9\n|inactive|Time left: 300 sec this turn | 300 sec total\n|\n|t:|1783558736\n|switch|p2a: Honchkrow|Honchkrow, L86, F|100/100\n|move|p1a: Meganium|Knock Off|p2a: Honchkrow\n|-resisted|p2a: Honchkrow\n|-damage|p2a: Honchkrow|85/100\n|-enditem|p2a: Honchkrow|Heavy-Duty Boots|[from] move: Knock Off|[of] p1a: Meganium\n|\n|-heal|p1a: Meganium|46/290 brn|[from] item: Leftovers\n|-damage|p1a: Meganium|28/290 brn|[from] brn\n|upkeep\n|turn|10\n|inactive|Time left: 300 sec this turn | 300 sec total\n|\n|t:|1783558737\n|move|p1a: Meganium|Petal Blizzard|p2a: Honchkrow\n|-resisted|p2a: Honchkrow\n|-damage|p2a: Honchkrow|55/100\n|move|p2a: Honchkrow|Brave Bird|p1a: Meganium\n|-supereffective|p1a: Meganium\n|-damage|p1a: Meganium|0 fnt\n|faint|p1a: Meganium\n|-ability|p2a: Honchkrow|Moxie|boost\n|-boost|p2a: Honchkrow|atk|1\n|-damage|p2a: Honchkrow|52/100|[from] Recoil\n|\n|upkeep\n|inactive|Time left: 300 sec this turn | 300 sec total | 5 sec grace\n|\n|t:|1783558738\n|switch|p1a: Galvantula|Galvantula, L82, F|249/249\n|turn|11\n|inactive|Time left: 300 sec this turn | 300 sec total\n|\n|t:|1783558739\n|move|p2a: Honchkrow|Sucker Punch|p1a: Galvantula\n|-damage|p1a: Galvantula|47/249\n|move|p1a: Galvantula|Thunder|p2a: Honchkrow\n|-supereffective|p2a: Honchkrow\n|-damage|p2a: Honchkrow|0 fnt\n|faint|p2a: Honchkrow\n|\n|upkeep\n|\n|t:|1783558740\n|switch|p2a: Metagross|Metagross, L79|100/100\n|turn|12\n|inactive|Time left: 300 sec this turn | 300 sec total\n|\n|t:|1783558741\n|move|p1a: Galvantula|Sticky Web|p2a: Metagross\n|-sidestart|p2: p0y1682e291|move: Sticky Web\n|move|p2a: Metagross|Heavy Slam|p1a: Galvantula\n|-resisted|p1a: Galvantula\n|-damage|p1a: Galvantula|0 fnt\n|faint|p1a: Galvantula\n|\n|upkeep\n|inactive|Time left: 300 sec this turn | 300 sec total | 5 sec grace\n|\n|t:|1783558742\n|switch|p1a: Delphox|Delphox, L84, M|263/263\n|turn|13\n|inactive|Time left: 300 sec this turn | 300 sec total\n|\n|t:|1783558743\n|switch|p2a: Ho-Oh|Ho-Oh, L71|54/100\n|move|p1a: Delphox|Fire Blast|p2a: Ho-Oh\n|-resisted|p2a: Ho-Oh\n|-damage|p2a: Ho-Oh|37/100\n|\n|upkeep\n|turn|14\n|inactive|Time left: 300 sec this turn | 300 sec total\n|\n|t:|1783558744\n|switch|p2a: Krookodile|Krookodile, L79, M|100/100\n|-activate|p2a: Krookodile|move: Sticky Web\n|-unboost|p2a: Krookodile|spe|1\n|-ability|p2a: Krookodile|Intimidate|boost\n|-unboost|p1a: Delphox|atk|1\n|move|p1a: Delphox|Psyshock|p2a: Krookodile\n|-immune|p2a: Krookodile\n|\n|upkeep\n|turn|15\n|inactive|Time left: 300 sec this turn | 300 sec total\n|\n|t:|1783558745\n|switch|p1a: Flygon|Flygon, L82, M|265/265\n|-damage|p1a: Flygon|249/265|[from] Stealth Rock\n|move|p2a: Krookodile|Earthquake|p1a: Flygon\n|-immune|p1a: Flygon|[from] ability: Levitate\n|\n|upkeep\n|turn|16\n|inactive|Time left: 300 sec this turn | 300 sec total\n|\n|t:|1783558746\n|switch|p2a: Bronzong|Bronzong, L88|38/100\n|move|p1a: Flygon|Dragon Dance|p1a: Flygon\n|-boost|p1a: Flygon|atk|1\n|-boost|p1a: Flygon|spe|1\n|\n|-heal|p2a: Bronzong|44/100|[from] item: Leftovers\n|upkeep\n|turn|17\n|inactive|Time left: 300 sec this turn | 300 sec total\n|\n|t:|1783558747\n|move|p1a: Flygon|Dragon Dance|p1a: Flygon\n|-boost|p1a: Flygon|atk|1\n|-boost|p1a: Flygon|spe|1\n|move|p2a: Bronzong|Iron Head|p1a: Flygon\n|-damage|p1a: Flygon|152/265\n|\n|-heal|p2a: Bronzong|50/100|[from] item: Leftovers\n|upkeep\n|turn|18\n|inactive|Time left: 300 sec this turn | 300 sec total\n|\n|t:|1783558748\n|move|p1a: Flygon|Outrage|p2a: Bronzong\n|-resisted|p2a: Bronzong\n|-damage|p2a: Bronzong|17/100\n|move|p2a: Bronzong|Iron Head|p1a: Flygon\n|-damage|p1a: Flygon|58/265\n|\n|-heal|p2a: Bronzong|23/100|[from] item: Leftovers\n|upkeep\n|turn|19\n|inactive|Time left: 300 sec this turn | 300 sec total\n|\n|t:|1783558749\n|switch|p2a: Metagross|Metagross, L79|100/100\n|-activate|p2a: Metagross|move: Sticky Web\n|-fail|p2a: Metagross|unboost|[from] ability: Clear Body|[of] p2a: Metagross\n|move|p1a: Flygon|Outrage|p2a: Metagross|[from] lockedmove\n|-resisted|p2a: Metagross\n|-damage|p2a: Metagross|66/100\n|-start|p1a: Flygon|confusion|[fatigue]\n|-enditem|p1a: Flygon|Lum Berry|[eat]\n|-end|p1a: Flygon|confusion\n|\n|upkeep\n|turn|20\n|inactive|Time left: 300 sec this turn | 300 sec total\n|\n|t:|1783558750\n|move|p1a: Flygon|Earthquake|p2a: Metagross\n|-supereffective|p2a: Metagross\n|-damage|p2a: Metagross|0 fnt\n|faint|p2a: Metagross\n|\n|upkeep\n|\n|t:|1783558751\n|switch|p2a: Krookodile|Krookodile, L79, M|100/100\n|-activate|p2a: Krookodile|move: Sticky Web\n|-unboost|p2a: Krookodile|spe|1\n|-ability|p2a: Krookodile|Intimidate|boost\n|-unboost|p1a: Flygon|atk|1\n|turn|21\n|inactive|Time left: 300 sec this turn | 300 sec total\n|\n|t:|1783558752\n|move|p1a: Flygon|Outrage|p2a: Krookodile\n|-damage|p2a: Krookodile|21/100\n|move|p2a: Krookodile|Knock Off|p1a: Flygon\n|-damage|p1a: Flygon|0 fnt\n|faint|p1a: Flygon\n|\n|upkeep\n|inactive|Time left: 300 sec this turn | 300 sec total | 5 sec grace\n|\n|t:|1783558753\n|switch|p1a: Delphox|Delphox, L84, M|263/263\n|turn|22\n|inactive|Time left: 300 sec this turn | 300 sec total\n|\n|t:|1783558754\n|move|p1a: Delphox|Grass Knot|p2a: Krookodile\n|-supereffective|p2a: Krookodile\n|-damage|p2a: Krookodile|0 fnt\n|faint|p2a: Krookodile\n|\n|upkeep\n|\n|t:|1783558755\n|switch|p2a: Ho-Oh|Ho-Oh, L71|70/100\n|turn|23\n|inactive|Time left: 300 sec this turn | 300 sec total\n|\n|t:|1783558756\n|move|p1a: Delphox|Nasty Plot|p1a: Delphox\n|-boost|p1a: Delphox|spa|2\n|move|p2a: Ho-Oh|Earthquake|p1a: Delphox\n|-supereffective|p1a: Delphox\n|-damage|p1a: Delphox|125/263\n|\n|upkeep\n|turn|24\n|inactive|Time left: 300 sec this turn | 300 sec total\n|\n|t:|1783558757\n|switch|p2a: Bronzong|Bronzong, L88|23/100\n|move|p1a: Delphox|Psyshock|p2a: Bronzong\n|-resisted|p2a: Bronzong\n|-damage|p2a: Bronzong|9/100\n|\n|-heal|p2a: Bronzong|15/100|[from] item: Leftovers\n|upkeep\n|turn|25\n|inactive|Time left: 300 sec this turn | 300 sec total\n|\n|t:|1783558759\n|move|p1a: Delphox|Nasty Plot|p1a: Delphox\n|-boost|p1a: Delphox|spa|2\n|move|p2a: Bronzong|Earthquake|p1a: Delphox\n|-supereffective|p1a: Delphox\n|-damage|p1a: Delphox|0 fnt\n|faint|p1a: Delphox\n|\n|-heal|p2a: Bronzong|22/100|[from] item: Leftovers\n|upkeep\n|inactive|Time left: 300 sec this turn | 300 sec total | 5 sec grace\n|\n|t:|1783558760\n|switch|p1a: Politoed|Politoed, L88, F|302/302 slp\n|-damage|p1a: Politoed|265/302 slp|[from] Stealth Rock\n|-weather|RainDance|[from] ability: Drizzle|[of] p1a: Politoed\n|turn|26\n|inactive|Time left: 300 sec this turn | 300 sec total\n|\n|t:|1783558760\n|cant|p1a: Politoed|slp\n|move|p2a: Bronzong|Earthquake|p1a: Politoed\n|-damage|p1a: Politoed|185/302 slp\n|\n|-weather|RainDance|[upkeep]\n|-heal|p2a: Bronzong|28/100|[from] item: Leftovers\n|upkeep\n|turn|27\n|inactive|Time left: 300 sec this turn | 300 sec total\n|\n|t:|1783558761\n|-terastallize|p1a: Politoed|Water\n|cant|p1a: Politoed|slp\n|move|p2a: Bronzong|Earthquake|p1a: Politoed\n|-damage|p1a: Politoed|105/302 slp\n|\n|-weather|RainDance|[upkeep]\n|-heal|p2a: Bronzong|34/100|[from] item: Leftovers\n|upkeep\n|turn|28\n|inactive|Time left: 300 sec this turn | 300 sec total\n|\n|t:|1783558762\n|-curestatus|p1a: Politoed|slp|[msg]\n|move|p1a: Politoed|Weather Ball|p2a: Bronzong\n|-damage|p2a: Bronzong|0 fnt\n|faint|p2a: Bronzong\n|\n|-weather|RainDance|[upkeep]\n|upkeep\n|\n|t:|1783558763\n|switch|p2a: Ho-Oh|Ho-Oh, L71|100/100\n|turn|29\n|inactive|Time left: 300 sec this turn | 300 sec total\n|\n|t:|1783558764\n|move|p1a: Politoed|Weather Ball|p2a: Ho-Oh\n|-supereffective|p2a: Ho-Oh\n|-crit|p2a: Ho-Oh\n|-damage|p2a: Ho-Oh|0 fnt\n|faint|p2a: Ho-Oh\n|\n|win|p0x16829039", "uploadtime": 1783558764, "views": 0, "rating": 0, "private": 0, "password": null, "_winner": "p0x16829039", "_our_name": "p0x16829039"}