{"id": "battle-gen9randombattle-1772", "formatid": "gen9randombattle", "format": "[Gen 9] Random Battle", "players": ["p0x1772509b", "p0y1772671a"], "log": "|init|battle\n|title|p0x1772509b vs. p0y1772671a\n|j|\u2606p0x1772509b\n|j|\u2606p0y1772671a\n|t:|1783560531\n|gametype|singles\n|player|p1|p0x1772509b|265|\n|player|p2|p0y1772671a|2|\n|gen|9\n|tier|[Gen 9] Random Battle\n|rule|Species Clause: Limit one of each Pok\u00e9mon\n|rule|HP Percentage Mod: HP is shown in percentages\n|rule|Sleep Clause Mod: Limit one foe put to sleep\n|rule|Illusion Level Mod: Illusion disguises the Pok\u00e9mon's true level\n|\n|t:|1783560531\n|teamsize|p1|6\n|teamsize|p2|6\n|start\n|switch|p1a: Toxapex|Toxapex, L82, F|100/100\n|switch|p2a: Thundurus|Thundurus-Therian, L80, M|258/258\n|turn|1\n|inactive|Battle timer is ON: inactive players will automatically lose when time's up. (requested by p0x1772509b)\n|inactive|Time left: 300 sec this turn | 300 sec total | 60 sec grace\n|\n|t:|1783560533\n|switch|p1a: Lanturn|Lanturn, L89, F|100/100\n|move|p2a: Thundurus|Thunderbolt|p1a: Lanturn\n|-immune|p1a: Lanturn|[from] ability: Volt Absorb\n|\n|upkeep\n|turn|2\n|inactive|Time left: 300 sec this turn | 300 sec total\n|inactive|p0y1772671a also wants the timer to be on.\n|\n|t:|1783560534\n|switch|p2a: Lunala|Lunala, L70|308/308\n|move|p1a: Lanturn|Ice Beam|p2a: Lunala\n|-damage|p2a: Lunala|279/308\n|\n|-heal|p2a: Lunala|298/308|[from] item: Leftovers\n|upkeep\n|turn|3\n|inactive|Time left: 300 sec this turn | 300 sec total\n|\n|t:|1783560535\n|switch|p1a: Conkeldurr|Conkeldurr, L80, M|100/100\n|move|p2a: Lunala|Calm Mind|p2a: Lunala\n|-boost|p2a: Lunala|spa|1\n|-boost|p2a: Lunala|spd|1\n|\n|-heal|p2a: Lunala|308/308|[from] item: Leftovers\n|-status|p1a: Conkeldurr|brn|[from] item: Flame Orb\n|upkeep\n|turn|4\n|inactive|Time left: 300 sec this turn | 300 sec total\n|\n|t:|1783560536\n|-terastallize|p1a: Conkeldurr|Normal\n|move|p2a: Lunala|Psyshock|p1a: Conkeldurr\n|-crit|p1a: Conkeldurr\n|-damage|p1a: Conkeldurr|44/100 brn\n|move|p1a: Conkeldurr|Knock Off|p2a: Lunala\n|-supereffective|p2a: Lunala\n|-damage|p2a: Lunala|2/308\n|-enditem|p2a: Lunala|Leftovers|[from] move: Knock Off|[of] p1a: Conkeldurr\n|\n|-damage|p1a: Conkeldurr|38/100 brn|[from] brn\n|upkeep\n|turn|5\n|inactive|Time left: 300 sec this turn | 300 sec total\n|\n|t:|1783560537\n|switch|p1a: Zarude|Zarude-Dada, L77|100/100\n|move|p2a: Lunala|Psyshock|p1a: Zarude\n|-immune|p1a: Zarude\n|\n|upkeep\n|turn|6\n|inactive|Time left: 300 sec this turn | 300 sec total\n|\n|t:|1783560538\n|move|p1a: Zarude|Knock Off|p2a: Lunala\n|-supereffective|p2a: Lunala\n|-damage|p2a: Lunala|0 fnt\n|faint|p2a: Lunala\n|-damage|p1a: Zarude|91/100|[from] item: Life Orb\n|\n|upkeep\n|inactive|Time left: 300 sec this turn | 300 sec total | 5 sec grace\n|\n|t:|1783560539\n|switch|p2a: Thundurus|Thundurus-Therian, L80, M|258/258\n|turn|7\n|inactive|Time left: 300 sec this turn | 300 sec total\n|\n|t:|1783560540\n|move|p2a: Thundurus|Sludge Wave|p1a: Zarude\n|-supereffective|p1a: Zarude\n|-damage|p1a: Zarude|0 fnt\n|faint|p1a: Zarude\n|\n|upkeep\n|\n|t:|1783560541\n|switch|p1a: Iron Thorns|Iron Thorns, L83|100/100\n|turn|8\n|inactive|Time left: 300 sec this turn | 300 sec total\n|\n|t:|1783560542\n|switch|p2a: Klawf|Klawf, L90, M|272/272\n|move|p1a: Iron Thorns|Stone Edge|p2a: Klawf\n|-damage|p2a: Klawf|113/272\n|-ability|p2a: Klawf|Anger Shell|boost\n|-boost|p2a: Klawf|atk|1\n|-boost|p2a: Klawf|spa|1\n|-boost|p2a: Klawf|spe|1\n|-unboost|p2a: Klawf|def|1\n|-unboost|p2a: Klawf|spd|1\n|-enditem|p2a: Klawf|Sitrus Berry|[eat]\n|-heal|p2a: Klawf|181/272|[from] item: Sitrus Berry\n|\n|upkeep\n|turn|9\n|inactive|Time left: 300 sec this turn | 300 sec total\n|\n|t:|1783560543\n|-end|p1a: Iron Thorns|Quark Drive|[silent]\n|switch|p1a: Toxapex|Toxapex, L82, F|100/100\n|move|p2a: Klawf|High Horsepower|p1a: Toxapex\n|-supereffective|p1a: Toxapex\n|-crit|p1a: Toxapex\n|-damage|p1a: Toxapex|0 fnt\n|-damage|p2a: Klawf|136/272|[from] item: Rocky Helmet|[of] p1a: Toxapex\n|faint|p1a: Toxapex\n|\n|upkeep\n|\n|t:|1783560544\n|switch|p1a: Lanturn|Lanturn, L89, F|100/100\n|turn|10\n|inactive|Time left: 300 sec this turn | 300 sec total\n|\n|t:|1783560545\n|-terastallize|p2a: Klawf|Ground\n|move|p2a: Klawf|High Horsepower|p1a: Lanturn\n|-supereffective|p1a: Lanturn\n|-crit|p1a: Lanturn\n|-damage|p1a: Lanturn|0 fnt\n|faint|p1a: Lanturn\n|\n|upkeep\n|\n|t:|1783560546\n|switch|p1a: Cinccino|Cinccino, L83, M|100/100\n|turn|11\n|inactive|Time left: 300 sec this turn | 300 sec total\n|\n|t:|1783560547\n|move|p2a: Klawf|Stone Edge|p1a: Cinccino\n|-damage|p1a: Cinccino|7/100\n|move|p1a: Cinccino|Bullet Seed|p2a: Klawf\n|-supereffective|p2a: Klawf\n|-damage|p2a: Klawf|82/272\n|-supereffective|p2a: Klawf\n|-damage|p2a: Klawf|22/272\n|-supereffective|p2a: Klawf\n|-damage|p2a: Klawf|0 fnt\n|faint|p2a: Klawf\n|-hitcount|p2: Klawf|3\n|\n|upkeep\n|inactive|Time left: 300 sec this turn | 300 sec total | 5 sec grace\n|\n|t:|1783560547\n|switch|p2a: Weavile|Weavile, L79, M|239/239\n|turn|12\n|inactive|Time left: 300 sec this turn | 300 sec total\n|\n|t:|1783560548\n|move|p2a: Weavile|Low Kick|p1a: Cinccino\n|-supereffective|p1a: Cinccino\n|-damage|p1a: Cinccino|0 fnt\n|faint|p1a: Cinccino\n|\n|upkeep\n|\n|t:|1783560549\n|switch|p1a: Conkeldurr|Conkeldurr, L80, M, tera:Normal|38/100 brn\n|turn|13\n|inactive|Time left: 300 sec this turn | 300 sec total\n|\n|t:|1783560550\n|move|p1a: Conkeldurr|Mach Punch|p2a: Weavile\n|-supereffective|p2a: Weavile\n|-damage|p2a: Weavile|0 fnt\n|faint|p2a: Weavile\n|\n|-damage|p1a: Conkeldurr|32/100 brn|[from] brn\n|upkeep\n|inactive|Time left: 300 sec this turn | 300 sec total | 5 sec grace\n|\n|t:|1783560551\n|switch|p2a: Thundurus|Thundurus-Therian, L80, M|258/258\n|turn|14\n|inactive|Time left: 300 sec this turn | 300 sec total\n|\n|t:|1783560551\n|switch|p1a: Iron Thorns|Iron Thorns, L83|100/100\n|move|p2a: Thundurus|Focus Blast|p1a: Iron Thorns|[miss]\n|-miss|p2a: Thundurus|p1a: Iron Thorns\n|\n|upkeep\n|turn|15\n|inactive|Time left: 300 sec this turn | 300 sec total\n|\n|t:|1783560552\n|move|p2a: Thundurus|Focus Blast|p1a: Iron Thorns\n|-supereffective|p1a: Iron Thorns\n|-damage|p1a: Iron Thorns|0 fnt\n|faint|p1a: Iron Thorns\n|-end|p1a: Iron Thorns|Quark Drive|[silent]\n|\n|upkeep\n|\n|t:|1783560552\n|switch|p1a: Conkeldurr|Conkeldurr, L80, M, tera:Normal|32/100 brn\n|turn|16\n|inactive|Time left: 300 sec this turn | 300 sec total\n|\n|t:|1783560553\n|move|p2a: Thundurus|Focus Blast|p1a: Conkeldurr|[miss]\n|-miss|p2a: Thundurus|p1a: Conkeldurr\n|move|p1a: Conkeldurr|Knock Off|p2a: Thundurus\n|-damage|p2a: Thundurus|103/258\n|-enditem|p2a: Thundurus|Choice Specs|[from] move: Knock Off|[of] p1a: Conkeldurr\n|\n|-damage|p1a: Conkeldurr|26/100 brn|[from] brn\n|upkeep\n|turn|17\n|inactive|Time left: 300 sec this turn | 300 sec total\n|\n|t:|1783560554\n|move|p2a: Thundurus|Sludge Wave|p1a: Conkeldurr\n|-damage|p1a: Conkeldurr|0 fnt\n|faint|p1a: Conkeldurr\n|\n|win|p0y1772671a", "uploadtime": 1783560554, "views": 0, "rating": 0, "private": 0, "password": null, "_winner": "p0y1772671a", "_our_name": "p0y1772671a"}