{"id": "battle-gen9randombattle-1796", "formatid": "gen9randombattle", "format": "[Gen 9] Random Battle", "players": ["p0x17969240", "p0y1796dfbb"], "log": "|init|battle\n|title|p0x17969240 vs. p0y1796dfbb\n|j|\u2606p0x17969240\n|j|\u2606p0y1796dfbb\n|t:|1783560815\n|gametype|singles\n|player|p1|p0x17969240|2|\n|player|p2|p0y1796dfbb|265|\n|gen|9\n|tier|[Gen 9] Random Battle\n|rule|Species Clause: Limit one of each Pok\u00e9mon\n|rule|HP Percentage Mod: HP is shown in percentages\n|rule|Sleep Clause Mod: Limit one foe put to sleep\n|rule|Illusion Level Mod: Illusion disguises the Pok\u00e9mon's true level\n|\n|t:|1783560815\n|teamsize|p1|6\n|teamsize|p2|6\n|start\n|switch|p1a: Golem|Golem-Alola, L93, F|100/100\n|switch|p2a: Sceptile|Sceptile, L87, M|264/264\n|turn|1\n|inactive|Battle timer is ON: inactive players will automatically lose when time's up. (requested by p0y1796dfbb)\n|inactive|p0x17969240 also wants the timer to be on.\n|\n|t:|1783560817\n|move|p2a: Sceptile|Giga Drain|p1a: Golem\n|-supereffective|p1a: Golem\n|-damage|p1a: Golem|16/100\n|-damage|p2a: Sceptile|238/264|[from] item: Life Orb\n|move|p1a: Golem|Stone Edge|p2a: Sceptile\n|-damage|p2a: Sceptile|12/264\n|-damage|p1a: Golem|6/100|[from] item: Life Orb\n|\n|upkeep\n|turn|2\n|inactive|Time left: 300 sec this turn | 300 sec total\n|\n|t:|1783560818\n|switch|p1a: Leavanny|Leavanny, L86, F|100/100\n|move|p2a: Sceptile|Giga Drain|p1a: Leavanny\n|-resisted|p1a: Leavanny\n|-damage|p1a: Leavanny|82/100\n|-heal|p2a: Sceptile|37/264|[from] drain|[of] p1a: Leavanny\n|-damage|p2a: Sceptile|11/264|[from] item: Life Orb\n|\n|upkeep\n|turn|3\n|inactive|Time left: 300 sec this turn | 300 sec total\n|\n|t:|1783560819\n|move|p2a: Sceptile|Rock Slide|p1a: Leavanny\n|-supereffective|p1a: Leavanny\n|-damage|p1a: Leavanny|31/100\n|-damage|p2a: Sceptile|0 fnt|[from] item: Life Orb\n|faint|p2a: Sceptile\n|move|p1a: Leavanny|Sticky Web|p2: Sceptile\n|-sidestart|p2: p0y1796dfbb|move: Sticky Web\n|\n|upkeep\n|inactive|Time left: 300 sec this turn | 300 sec total | 5 sec grace\n|\n|t:|1783560819\n|switch|p2a: Dragonite|Dragonite, L74, F|257/257\n|turn|4\n|inactive|Time left: 300 sec this turn | 300 sec total\n|\n|t:|1783560821\n|move|p1a: Leavanny|Triple Axel|p2a: Dragonite|[miss]\n|-miss|p1a: Leavanny|p2a: Dragonite\n|move|p2a: Dragonite|Dragon Dance|p2a: Dragonite\n|-boost|p2a: Dragonite|atk|1\n|-boost|p2a: Dragonite|spe|1\n|\n|upkeep\n|turn|5\n|inactive|Time left: 300 sec this turn | 300 sec total\n|\n|t:|1783560822\n|switch|p1a: Golem|Golem-Alola, L93, F|6/100\n|move|p2a: Dragonite|Outrage|p1a: Golem\n|-damage|p1a: Golem|0 fnt\n|faint|p1a: Golem\n|\n|upkeep\n|\n|t:|1783560822\n|switch|p1a: Floatzel|Floatzel, L86, F|100/100\n|turn|6\n|inactive|Time left: 300 sec this turn | 300 sec total\n|\n|t:|1783560823\n|move|p1a: Floatzel|Ice Spinner|p2a: Dragonite\n|-supereffective|p2a: Dragonite\n|-damage|p2a: Dragonite|41/257\n|move|p2a: Dragonite|Outrage|p1a: Floatzel|[from] lockedmove\n|-damage|p1a: Floatzel|12/100\n|\n|upkeep\n|turn|7\n|inactive|Time left: 300 sec this turn | 300 sec total\n|\n|t:|1783560824\n|move|p1a: Floatzel|Ice Spinner|p2a: Dragonite\n|-supereffective|p2a: Dragonite\n|-damage|p2a: Dragonite|0 fnt\n|faint|p2a: Dragonite\n|\n|upkeep\n|inactive|Time left: 300 sec this turn | 300 sec total | 5 sec grace\n|\n|t:|1783560825\n|switch|p2a: Cloyster|Cloyster, L80, M|211/211\n|-activate|p2a: Cloyster|move: Sticky Web\n|-unboost|p2a: Cloyster|spe|1\n|-enditem|p2a: Cloyster|White Herb\n|-clearnegativeboost|p2a: Cloyster|[silent]\n|turn|8\n|inactive|Time left: 300 sec this turn | 300 sec total\n|\n|t:|1783560826\n|switch|p1a: Meloetta|Meloetta, L82|100/100\n|move|p2a: Cloyster|Shell Smash|p2a: Cloyster\n|-unboost|p2a: Cloyster|def|1\n|-unboost|p2a: Cloyster|spd|1\n|-boost|p2a: Cloyster|atk|2\n|-boost|p2a: Cloyster|spa|2\n|-boost|p2a: Cloyster|spe|2\n|\n|upkeep\n|turn|9\n|inactive|Time left: 300 sec this turn | 300 sec total\n|\n|t:|1783560827\n|move|p2a: Cloyster|Icicle Spear|p1a: Meloetta\n|-damage|p1a: Meloetta|83/100\n|-damage|p1a: Meloetta|65/100\n|-damage|p1a: Meloetta|46/100\n|-damage|p1a: Meloetta|27/100\n|-damage|p1a: Meloetta|8/100\n|-hitcount|p1a: Meloetta|5\n|move|p1a: Meloetta|Hyper Voice|p2a: Cloyster\n|-damage|p2a: Cloyster|0 fnt\n|faint|p2a: Cloyster\n|\n|-heal|p1a: Meloetta|14/100|[from] item: Leftovers\n|upkeep\n|inactive|Time left: 300 sec this turn | 300 sec total | 5 sec grace\n|\n|t:|1783560828\n|switch|p2a: Swanna|Swanna, L89, F|278/278\n|turn|10\n|inactive|Time left: 300 sec this turn | 300 sec total\n|\n|t:|1783560829\n|switch|p1a: Pachirisu|Pachirisu, L96, F|100/100\n|move|p2a: Swanna|Brave Bird|p1a: Pachirisu\n|-resisted|p1a: Pachirisu\n|-damage|p1a: Pachirisu|77/100\n|-damage|p2a: Swanna|257/278|[from] Recoil\n|\n|upkeep\n|turn|11\n|inactive|Time left: 300 sec this turn | 300 sec total\n|\n|t:|1783560830\n|-terastallize|p2a: Swanna|Ground\n|move|p1a: Pachirisu|Thunderbolt|p2a: Swanna\n|-immune|p2a: Swanna\n|move|p2a: Swanna|Defog|p1a: Pachirisu\n|-unboost|p1a: Pachirisu|evasion|1\n|-sideend|p2: p0y1796dfbb|Sticky Web|[from] move: Defog|[of] p2a: Swanna\n|\n|upkeep\n|turn|12\n|inactive|Time left: 300 sec this turn | 300 sec total\n|\n|t:|1783560831\n|move|p1a: Pachirisu|Super Fang|p2a: Swanna\n|-damage|p2a: Swanna|129/278\n|move|p2a: Swanna|Brave Bird|p1a: Pachirisu\n|-resisted|p1a: Pachirisu\n|-damage|p1a: Pachirisu|54/100\n|-damage|p2a: Swanna|108/278|[from] Recoil\n|\n|upkeep\n|turn|13\n|inactive|Time left: 300 sec this turn | 300 sec total\n|\n|t:|1783560832\n|move|p1a: Pachirisu|U-turn|p2a: Swanna\n|-damage|p2a: Swanna|65/278\n|\n|t:|1783560833\n|switch|p1a: Meloetta|Meloetta, L82|14/100|[from] U-turn\n|move|p2a: Swanna|Roost|p2a: Swanna\n|-heal|p2a: Swanna|204/278\n|\n|-heal|p1a: Meloetta|20/100|[from] item: Leftovers\n|upkeep\n|turn|14\n|inactive|Time left: 300 sec this turn | 300 sec total\n|\n|t:|1783560834\n|move|p2a: Swanna|Brave Bird|p1a: Meloetta\n|-damage|p1a: Meloetta|0 fnt\n|faint|p1a: Meloetta\n|-damage|p2a: Swanna|185/278|[from] Recoil\n|\n|upkeep\n|\n|t:|1783560835\n|switch|p1a: Floatzel|Floatzel, L86, F|12/100\n|turn|15\n|inactive|Time left: 300 sec this turn | 300 sec total\n|\n|t:|1783560836\n|switch|p2a: Scream Tail|Scream Tail, L84|330/330\n|move|p1a: Floatzel|Ice Spinner|p2a: Scream Tail\n|-damage|p2a: Scream Tail|251/330\n|\n|-heal|p2a: Scream Tail|271/330|[from] item: Leftovers\n|upkeep\n|turn|16\n|inactive|Time left: 300 sec this turn | 300 sec total\n|\n|t:|1783560837\n|move|p1a: Floatzel|Ice Spinner|p2a: Scream Tail\n|-damage|p2a: Scream Tail|180/330\n|move|p2a: Scream Tail|Dazzling Gleam|p1a: Floatzel\n|-damage|p1a: Floatzel|0 fnt\n|faint|p1a: Floatzel\n|\n|-heal|p2a: Scream Tail|200/330|[from] item: Leftovers\n|upkeep\n|\n|t:|1783560838\n|switch|p1a: Leavanny|Leavanny, L86, F|31/100\n|turn|17\n|inactive|Time left: 300 sec this turn | 300 sec total\n|\n|t:|1783560839\n|move|p2a: Scream Tail|Wish|p2a: Scream Tail\n|move|p1a: Leavanny|Sticky Web|p2a: Scream Tail\n|-sidestart|p2: p0y1796dfbb|move: Sticky Web\n|\n|-heal|p2a: Scream Tail|220/330|[from] item: Leftovers\n|upkeep\n|turn|18\n|inactive|Time left: 300 sec this turn | 300 sec total\n|\n|t:|1783560840\n|switch|p1a: Pachirisu|Pachirisu, L96, F|54/100\n|move|p2a: Scream Tail|Dazzling Gleam|p1a: Pachirisu\n|-damage|p1a: Pachirisu|41/100\n|\n|-heal|p2a: Scream Tail|330/330|[from] move: Wish|[wisher] Scream Tail\n|upkeep\n|turn|19\n|inactive|Time left: 300 sec this turn | 300 sec total\n|\n|t:|1783560841\n|-end|p2a: Scream Tail|Protosynthesis|[silent]\n|switch|p2a: Swanna|Swanna, L89, F, tera:Ground|185/278\n|move|p1a: Pachirisu|Super Fang|p2a: Swanna\n|-damage|p2a: Swanna|93/278\n|\n|upkeep\n|turn|20\n|inactive|Time left: 300 sec this turn | 300 sec total\n|\n|t:|1783560842\n|move|p1a: Pachirisu|U-turn|p2a: Swanna\n|-damage|p2a: Swanna|45/278\n|\n|t:|1783560843\n|switch|p1a: Leavanny|Leavanny, L86, F|31/100|[from] U-turn\n|move|p2a: Swanna|Defog|p1a: Leavanny\n|-unboost|p1a: Leavanny|evasion|1\n|-sideend|p2: p0y1796dfbb|Sticky Web|[from] move: Defog|[of] p2a: Swanna\n|\n|upkeep\n|turn|21\n|inactive|Time left: 300 sec this turn | 300 sec total\n|\n|t:|1783560844\n|switch|p1a: Pachirisu|Pachirisu, L96, F|41/100\n|move|p2a: Swanna|Brave Bird|p1a: Pachirisu\n|-resisted|p1a: Pachirisu\n|-damage|p1a: Pachirisu|16/100\n|-damage|p2a: Swanna|23/278|[from] Recoil\n|\n|upkeep\n|turn|22\n|inactive|Time left: 300 sec this turn | 300 sec total\n|\n|t:|1783560845\n|move|p1a: Pachirisu|U-turn|p2a: Swanna\n|-damage|p2a: Swanna|0 fnt\n|faint|p2a: Swanna\n|\n|t:|1783560845\n|switch|p1a: Camerupt|Camerupt, L91, F|100/100|[from] U-turn\n|\n|upkeep\n|inactive|Time left: 300 sec this turn | 300 sec total | 10 sec grace\n|\n|t:|1783560846\n|switch|p2a: Shaymin|Shaymin, L82|298/298\n|turn|23\n|inactive|Time left: 300 sec this turn | 300 sec total\n|\n|t:|1783560847\n|move|p2a: Shaymin|Substitute|p2a: Shaymin\n|-start|p2a: Shaymin|Substitute\n|-damage|p2a: Shaymin|224/298\n|move|p1a: Camerupt|Overheat|p2a: Shaymin\n|-supereffective|p2a: Shaymin\n|-end|p2a: Shaymin|Substitute\n|-unboost|p1a: Camerupt|spa|2\n|\n|-heal|p2a: Shaymin|242/298|[from] item: Leftovers\n|upkeep\n|turn|24\n|inactive|Time left: 300 sec this turn | 300 sec total\n|\n|t:|1783560848\n|switch|p1a: Pachirisu|Pachirisu, L96, F|16/100\n|move|p2a: Shaymin|Seed Flare|p1a: Pachirisu|[miss]\n|-miss|p2a: Shaymin|p1a: Pachirisu\n|\n|-heal|p2a: Shaymin|260/298|[from] item: Leftovers\n|upkeep\n|turn|25\n|inactive|Time left: 300 sec this turn | 300 sec total\n|\n|t:|1783560849\n|move|p1a: Pachirisu|Nuzzle|p2a: Shaymin\n|-resisted|p2a: Shaymin\n|-damage|p2a: Shaymin|252/298\n|-status|p2a: Shaymin|par\n|move|p2a: Shaymin|Seed Flare|p1a: Pachirisu\n|-damage|p1a: Pachirisu|0 fnt\n|faint|p1a: Pachirisu\n|\n|-heal|p2a: Shaymin|270/298 par|[from] item: Leftovers\n|upkeep\n|\n|t:|1783560850\n|switch|p1a: Leavanny|Leavanny, L86, F|31/100\n|turn|26\n|inactive|Time left: 300 sec this turn | 300 sec total\n|\n|t:|1783560851\n|move|p1a: Leavanny|Sticky Web|p2a: Shaymin\n|-sidestart|p2: p0y1796dfbb|move: Sticky Web\n|move|p2a: Shaymin|Air Slash|p1a: Leavanny\n|-supereffective|p1a: Leavanny\n|-damage|p1a: Leavanny|0 fnt\n|faint|p1a: Leavanny\n|\n|-heal|p2a: Shaymin|288/298 par|[from] item: Leftovers\n|upkeep\n|\n|t:|1783560851\n|switch|p1a: Camerupt|Camerupt, L91, F|100/100\n|turn|27\n|inactive|Time left: 300 sec this turn | 300 sec total\n|\n|t:|1783560852\n|-curestatus|p2a: Shaymin|par|[from] ability: Natural Cure|[silent]\n|switch|p2a: Scream Tail|Scream Tail, L84|330/330\n|-activate|p2a: Scream Tail|move: Sticky Web\n|-unboost|p2a: Scream Tail|spe|1\n|move|p1a: Camerupt|Overheat|p2a: Scream Tail\n|-damage|p2a: Scream Tail|186/330\n|-unboost|p1a: Camerupt|spa|2\n|\n|-heal|p2a: Scream Tail|206/330|[from] item: Leftovers\n|upkeep\n|turn|28\n|inactive|Time left: 300 sec this turn | 300 sec total\n|\n|t:|1783560853\n|move|p2a: Scream Tail|Encore|p1a: Camerupt\n|-start|p1a: Camerupt|Encore\n|move|p1a: Camerupt|Overheat|p2a: Scream Tail\n|-damage|p2a: Scream Tail|140/330\n|-unboost|p1a: Camerupt|spa|2\n|\n|-heal|p2a: Scream Tail|160/330|[from] item: Leftovers\n|upkeep\n|turn|29\n|inactive|Time left: 300 sec this turn | 300 sec total\n|\n|t:|1783560854\n|move|p2a: Scream Tail|Wish|p2a: Scream Tail\n|move|p1a: Camerupt|Overheat|p2a: Scream Tail\n|-damage|p2a: Scream Tail|112/330\n|-unboost|p1a: Camerupt|spa|2\n|\n|-heal|p2a: Scream Tail|132/330|[from] item: Leftovers\n|upkeep\n|turn|30\n|inactive|Time left: 300 sec this turn | 300 sec total\n|\n|t:|1783560855\n|move|p2a: Scream Tail|Protect|p2a: Scream Tail\n|-singleturn|p2a: Scream Tail|Protect\n|move|p1a: Camerupt|Overheat|p2a: Scream Tail\n|-activate|p2a: Scream Tail|move: Protect\n|\n|-heal|p2a: Scream Tail|297/330|[from] move: Wish|[wisher] Scream Tail\n|-heal|p2a: Scream Tail|317/330|[from] item: Leftovers\n|-end|p1a: Camerupt|Encore\n|upkeep\n|turn|31\n|inactive|Time left: 300 sec this turn | 300 sec total\n|\n|t:|1783560856\n|-end|p2a: Scream Tail|Protosynthesis|[silent]\n|switch|p2a: Shaymin|Shaymin, L82|288/298\n|-activate|p2a: Shaymin|move: Sticky Web\n|-unboost|p2a: Shaymin|spe|1\n|move|p1a: Camerupt|Stealth Rock|p2a: Shaymin\n|-sidestart|p2: p0y1796dfbb|move: Stealth Rock\n|\n|-heal|p2a: Shaymin|298/298|[from] item: Leftovers\n|upkeep\n|turn|32\n|inactive|Time left: 300 sec this turn | 300 sec total\n|\n|t:|1783560857\n|move|p2a: Shaymin|Leech Seed|p1a: Camerupt\n|-start|p1a: Camerupt|move: Leech Seed\n|move|p1a: Camerupt|Overheat|p2a: Shaymin\n|-supereffective|p2a: Shaymin\n|-damage|p2a: Shaymin|218/298\n|\n|-heal|p2a: Shaymin|236/298|[from] item: Leftovers\n|-damage|p1a: Camerupt|88/100|[from] Leech Seed|[of] p2a: Shaymin\n|-heal|p2a: Shaymin|270/298|[silent]\n|upkeep\n|turn|33\n|inactive|Time left: 300 sec this turn | 300 sec total\n|\n|t:|1783560858\n|move|p2a: Shaymin|Seed Flare|p1a: Camerupt|[miss]\n|-miss|p2a: Shaymin|p1a: Camerupt\n|move|p1a: Camerupt|Roar|p2a: Shaymin\n|drag|p2a: Scream Tail|Scream Tail, L84|317/330\n|-activate|p2a: Scream Tail|move: Sticky Web\n|-unboost|p2a: Scream Tail|spe|1\n|-damage|p2a: Scream Tail|276/330|[from] Stealth Rock\n|\n|-heal|p2a: Scream Tail|296/330|[from] item: Leftovers\n|-heal|p1a: Camerupt|94/100|[from] item: Leftovers\n|-damage|p1a: Camerupt|82/100|[from] Leech Seed|[of] p2a: Scream Tail\n|-heal|p2a: Scream Tail|330/330|[silent]\n|upkeep\n|turn|34\n|inactive|Time left: 300 sec this turn | 300 sec total\n|\n|t:|1783560859\n|move|p2a: Scream Tail|Encore|p1a: Camerupt\n|-start|p1a: Camerupt|Encore\n|move|p1a: Camerupt|Roar|p2a: Scream Tail\n|-end|p2a: Scream Tail|Protosynthesis|[silent]\n|drag|p2a: Shaymin|Shaymin, L82|270/298\n|-activate|p2a: Shaymin|move: Sticky Web\n|-unboost|p2a: Shaymin|spe|1\n|-damage|p2a: Shaymin|233/298|[from] Stealth Rock\n|\n|-heal|p2a: Shaymin|251/298|[from] item: Leftovers\n|-heal|p1a: Camerupt|88/100|[from] item: Leftovers\n|-damage|p1a: Camerupt|76/100|[from] Leech Seed|[of] p2a: Shaymin\n|-heal|p2a: Shaymin|285/298|[silent]\n|upkeep\n|turn|35\n|inactive|Time left: 300 sec this turn | 300 sec total\n|\n|t:|1783560860\n|move|p2a: Shaymin|Seed Flare|p1a: Camerupt\n|-damage|p1a: Camerupt|33/100\n|-unboost|p1a: Camerupt|spd|2\n|move|p1a: Camerupt|Roar|p2a: Shaymin\n|drag|p2a: Scream Tail|Scream Tail, L84|330/330\n|-activate|p2a: Scream Tail|move: Sticky Web\n|-unboost|p2a: Scream Tail|spe|1\n|-damage|p2a: Scream Tail|289/330|[from] Stealth Rock\n|\n|-heal|p2a: Scream Tail|309/330|[from] item: Leftovers\n|-heal|p1a: Camerupt|39/100|[from] item: Leftovers\n|-damage|p1a: Camerupt|27/100|[from] Leech Seed|[of] p2a: Scream Tail\n|-heal|p2a: Scream Tail|330/330|[silent]\n|upkeep\n|turn|36\n|inactive|Time left: 300 sec this turn | 300 sec total\n|\n|t:|1783560861\n|move|p2a: Scream Tail|Dazzling Gleam|p1a: Camerupt\n|-resisted|p1a: Camerupt\n|-damage|p1a: Camerupt|2/100\n|move|p1a: Camerupt|Roar|p2a: Scream Tail\n|-end|p2a: Scream Tail|Protosynthesis|[silent]\n|drag|p2a: Shaymin|Shaymin, L82|285/298\n|-activate|p2a: Shaymin|move: Sticky Web\n|-unboost|p2a: Shaymin|spe|1\n|-damage|p2a: Shaymin|248/298|[from] Stealth Rock\n|\n|-heal|p2a: Shaymin|266/298|[from] item: Leftovers\n|-heal|p1a: Camerupt|8/100|[from] item: Leftovers\n|-damage|p1a: Camerupt|0 fnt|[from] Leech Seed|[of] p2a: Shaymin\n|-heal|p2a: Shaymin|288/298|[silent]\n|faint|p1a: Camerupt\n|\n|win|p0y1796dfbb", "uploadtime": 1783560861, "views": 0, "rating": 0, "private": 0, "password": null, "_winner": "p0y1796dfbb", "_our_name": "p0y1796dfbb"}