{"id": "battle-gen9randombattle-2284", "formatid": "gen9randombattle", "format": "[Gen 9] Random Battle", "players": ["p0x22840532", "p0y2284cdaa"], "log": "|init|battle\n|title|p0x22840532 vs. p0y2284cdaa\n|j|\u2606p0x22840532\n|j|\u2606p0y2284cdaa\n|t:|1783565518\n|gametype|singles\n|player|p1|p0x22840532|101|\n|player|p2|p0y2284cdaa|1|\n|gen|9\n|tier|[Gen 9] Random Battle\n|rule|Species Clause: Limit one of each Pok\u00e9mon\n|rule|HP Percentage Mod: HP is shown in percentages\n|rule|Sleep Clause Mod: Limit one foe put to sleep\n|rule|Illusion Level Mod: Illusion disguises the Pok\u00e9mon's true level\n|\n|t:|1783565518\n|teamsize|p1|6\n|teamsize|p2|6\n|start\n|switch|p1a: Bastiodon|Bastiodon, L89, M|252/252\n|switch|p2a: Sableye|Sableye, L88, M|100/100\n|turn|1\n|inactive|Battle timer is ON: inactive players will automatically lose when time's up. (requested by p0x22840532)\n|inactive|p0y2284cdaa also wants the timer to be on.\n|\n|t:|1783565519\n|move|p2a: Sableye|Knock Off|p1a: Bastiodon\n|-damage|p1a: Bastiodon|198/252\n|-enditem|p1a: Bastiodon|Chesto Berry|[from] move: Knock Off|[of] p2a: Sableye\n|move|p1a: Bastiodon|Foul Play|p2a: Sableye\n|-damage|p2a: Sableye|72/100\n|\n|-heal|p2a: Sableye|78/100|[from] item: Leftovers\n|upkeep\n|turn|2\n|inactive|Time left: 300 sec this turn | 300 sec total\n|\n|t:|1783565521\n|move|p2a: Sableye|Thunder Wave|p1a: Bastiodon\n|-status|p1a: Bastiodon|par\n|move|p1a: Bastiodon|Foul Play|p2a: Sableye\n|-damage|p2a: Sableye|49/100\n|\n|-heal|p2a: Sableye|55/100|[from] item: Leftovers\n|upkeep\n|turn|3\n|inactive|Time left: 300 sec this turn | 300 sec total\n|\n|t:|1783565522\n|move|p2a: Sableye|Knock Off|p1a: Bastiodon\n|-damage|p1a: Bastiodon|162/252 par\n|cant|p1a: Bastiodon|par\n|\n|-heal|p2a: Sableye|61/100|[from] item: Leftovers\n|upkeep\n|turn|4\n|inactive|Time left: 300 sec this turn | 300 sec total\n|\n|t:|1783565523\n|move|p2a: Sableye|Recover|p2a: Sableye\n|-heal|p2a: Sableye|100/100\n|move|p1a: Bastiodon|Foul Play|p2a: Sableye\n|-damage|p2a: Sableye|73/100\n|\n|-heal|p2a: Sableye|79/100|[from] item: Leftovers\n|upkeep\n|turn|5\n|inactive|Time left: 300 sec this turn | 300 sec total\n|\n|t:|1783565524\n|move|p2a: Sableye|Knock Off|p1a: Bastiodon\n|-damage|p1a: Bastiodon|126/252 par\n|cant|p1a: Bastiodon|par\n|\n|-heal|p2a: Sableye|85/100|[from] item: Leftovers\n|upkeep\n|turn|6\n|inactive|Time left: 300 sec this turn | 300 sec total\n|\n|t:|1783565525\n|move|p2a: Sableye|Knock Off|p1a: Bastiodon\n|-damage|p1a: Bastiodon|86/252 par\n|move|p1a: Bastiodon|Rest|p1a: Bastiodon\n|-status|p1a: Bastiodon|slp|[from] move: Rest\n|-heal|p1a: Bastiodon|252/252 slp|[silent]\n|\n|-heal|p2a: Sableye|91/100|[from] item: Leftovers\n|upkeep\n|turn|7\n|inactive|Time left: 300 sec this turn | 300 sec total\n|\n|t:|1783565526\n|switch|p1a: Baxcalibur|Baxcalibur, L75, F|295/295\n|move|p2a: Sableye|Knock Off|p1a: Baxcalibur\n|-damage|p1a: Baxcalibur|193/295\n|-enditem|p1a: Baxcalibur|Choice Band|[from] move: Knock Off|[of] p2a: Sableye\n|\n|-heal|p2a: Sableye|97/100|[from] item: Leftovers\n|upkeep\n|turn|8\n|inactive|Time left: 300 sec this turn | 300 sec total\n|\n|t:|1783565527\n|move|p1a: Baxcalibur|Glaive Rush|p2a: Sableye\n|-damage|p2a: Sableye|27/100\n|-singlemove|p1a: Baxcalibur|Glaive Rush|[silent]\n|move|p2a: Sableye|Knock Off|p1a: Baxcalibur\n|-damage|p1a: Baxcalibur|49/295\n|\n|-heal|p2a: Sableye|33/100|[from] item: Leftovers\n|upkeep\n|turn|9\n|inactive|Time left: 300 sec this turn | 300 sec total\n|\n|t:|1783565528\n|move|p2a: Sableye|Recover|p2a: Sableye\n|-heal|p2a: Sableye|83/100\n|move|p1a: Baxcalibur|Glaive Rush|p2a: Sableye\n|-damage|p2a: Sableye|12/100\n|-singlemove|p1a: Baxcalibur|Glaive Rush|[silent]\n|\n|-heal|p2a: Sableye|18/100|[from] item: Leftovers\n|upkeep\n|turn|10\n|inactive|Time left: 300 sec this turn | 300 sec total\n|\n|t:|1783565529\n|switch|p2a: Jirachi|Jirachi, L80|100/100\n|move|p1a: Baxcalibur|Glaive Rush|p2a: Jirachi\n|-resisted|p2a: Jirachi\n|-damage|p2a: Jirachi|79/100\n|-singlemove|p1a: Baxcalibur|Glaive Rush|[silent]\n|\n|-heal|p2a: Jirachi|85/100|[from] item: Leftovers\n|upkeep\n|turn|11\n|inactive|Time left: 300 sec this turn | 300 sec total\n|\n|t:|1783565530\n|switch|p1a: Toedscruel|Toedscruel, L87, F|281/281\n|move|p2a: Jirachi|Iron Head|p1a: Toedscruel\n|-damage|p1a: Toedscruel|184/281\n|\n|-heal|p1a: Toedscruel|201/281|[from] item: Leftovers\n|-heal|p2a: Jirachi|91/100|[from] item: Leftovers\n|upkeep\n|turn|12\n|inactive|Time left: 300 sec this turn | 300 sec total\n|\n|t:|1783565531\n|switch|p2a: Tyranitar|Tyranitar, L78, M|100/100\n|-weather|Sandstorm|[from] ability: Sand Stream|[of] p2a: Tyranitar\n|move|p1a: Toedscruel|Earth Power|p2a: Tyranitar\n|-supereffective|p2a: Tyranitar\n|-damage|p2a: Tyranitar|58/100\n|-enditem|p2a: Tyranitar|Weakness Policy\n|-boost|p2a: Tyranitar|atk|2|[from] item: Weakness Policy\n|-boost|p2a: Tyranitar|spa|2|[from] item: Weakness Policy\n|\n|-weather|Sandstorm|[upkeep]\n|-heal|p1a: Toedscruel|218/281|[from] item: Leftovers\n|upkeep\n|turn|13\n|inactive|Time left: 300 sec this turn | 300 sec total\n|\n|t:|1783565531\n|move|p2a: Tyranitar|Knock Off|p1a: Toedscruel\n|-damage|p1a: Toedscruel|0 fnt\n|-enditem|p1a: Toedscruel|Leftovers|[from] move: Knock Off|[of] p2a: Tyranitar\n|faint|p1a: Toedscruel\n|\n|-weather|Sandstorm|[upkeep]\n|upkeep\n|inactive|Time left: 300 sec this turn | 300 sec total | 5 sec grace\n|\n|t:|1783565532\n|switch|p1a: Virizion|Virizion, L82|283/283\n|turn|14\n|inactive|Time left: 300 sec this turn | 300 sec total\n|\n|t:|1783565533\n|-terastallize|p2a: Tyranitar|Ghost\n|move|p1a: Virizion|Leaf Blade|p2a: Tyranitar\n|-damage|p2a: Tyranitar|19/100\n|-damage|p1a: Virizion|255/283|[from] item: Life Orb\n|move|p2a: Tyranitar|Ice Punch|p1a: Virizion\n|-supereffective|p1a: Virizion\n|-damage|p1a: Virizion|0 fnt\n|faint|p1a: Virizion\n|\n|-weather|Sandstorm|[upkeep]\n|-damage|p2a: Tyranitar|13/100|[from] Sandstorm\n|upkeep\n|inactive|Time left: 300 sec this turn | 300 sec total | 5 sec grace\n|\n|t:|1783565534\n|switch|p1a: Baxcalibur|Baxcalibur, L75, F|49/295\n|turn|15\n|inactive|Time left: 300 sec this turn | 300 sec total\n|\n|t:|1783565535\n|switch|p2a: Jirachi|Jirachi, L80|91/100\n|move|p1a: Baxcalibur|Glaive Rush|p2a: Jirachi\n|-resisted|p2a: Jirachi\n|-damage|p2a: Jirachi|68/100\n|-singlemove|p1a: Baxcalibur|Glaive Rush|[silent]\n|\n|-weather|Sandstorm|[upkeep]\n|-damage|p1a: Baxcalibur|31/295|[from] Sandstorm\n|-heal|p2a: Jirachi|74/100|[from] item: Leftovers\n|upkeep\n|turn|16\n|inactive|Time left: 300 sec this turn | 300 sec total\n|\n|t:|1783565536\n|switch|p1a: Chimecho|Chimecho, L93, M|290/290\n|move|p2a: Jirachi|Iron Head|p1a: Chimecho\n|-damage|p1a: Chimecho|208/290\n|\n|-weather|none\n|-heal|p2a: Jirachi|80/100|[from] item: Leftovers\n|-heal|p1a: Chimecho|226/290|[from] item: Leftovers\n|upkeep\n|turn|17\n|inactive|Time left: 300 sec this turn | 300 sec total\n|\n|t:|1783565537\n|move|p2a: Jirachi|Iron Head|p1a: Chimecho\n|-damage|p1a: Chimecho|142/290\n|move|p1a: Chimecho|Cosmic Power|p1a: Chimecho\n|-boost|p1a: Chimecho|def|1\n|-boost|p1a: Chimecho|spd|1\n|\n|-heal|p2a: Jirachi|86/100|[from] item: Leftovers\n|-heal|p1a: Chimecho|160/290|[from] item: Leftovers\n|upkeep\n|turn|18\n|inactive|Time left: 300 sec this turn | 300 sec total\n|\n|t:|1783565538\n|move|p2a: Jirachi|Body Slam|p1a: Chimecho\n|-damage|p1a: Chimecho|121/290\n|-status|p1a: Chimecho|par\n|move|p1a: Chimecho|Cosmic Power|p1a: Chimecho\n|-boost|p1a: Chimecho|def|1\n|-boost|p1a: Chimecho|spd|1\n|\n|-heal|p2a: Jirachi|92/100|[from] item: Leftovers\n|-heal|p1a: Chimecho|139/290 par|[from] item: Leftovers\n|upkeep\n|turn|19\n|inactive|Time left: 300 sec this turn | 300 sec total\n|\n|t:|1783565539\n|move|p2a: Jirachi|Iron Head|p1a: Chimecho\n|-damage|p1a: Chimecho|100/290 par\n|cant|p1a: Chimecho|flinch\n|\n|-heal|p2a: Jirachi|98/100|[from] item: Leftovers\n|-heal|p1a: Chimecho|118/290 par|[from] item: Leftovers\n|upkeep\n|turn|20\n|inactive|Time left: 300 sec this turn | 300 sec total\n|\n|t:|1783565540\n|move|p2a: Jirachi|Iron Head|p1a: Chimecho\n|-damage|p1a: Chimecho|79/290 par\n|cant|p1a: Chimecho|par\n|\n|-heal|p2a: Jirachi|100/100|[from] item: Leftovers\n|-heal|p1a: Chimecho|97/290 par|[from] item: Leftovers\n|upkeep\n|turn|21\n|inactive|Time left: 300 sec this turn | 300 sec total\n|\n|t:|1783565541\n|move|p2a: Jirachi|Iron Head|p1a: Chimecho\n|-damage|p1a: Chimecho|60/290 par\n|cant|p1a: Chimecho|flinch\n|\n|-heal|p1a: Chimecho|78/290 par|[from] item: Leftovers\n|upkeep\n|turn|22\n|inactive|Time left: 300 sec this turn | 300 sec total\n|\n|t:|1783565543\n|move|p2a: Jirachi|Iron Head|p1a: Chimecho\n|-damage|p1a: Chimecho|39/290 par\n|move|p1a: Chimecho|Recover|p1a: Chimecho\n|-heal|p1a: Chimecho|184/290 par\n|\n|-heal|p1a: Chimecho|202/290 par|[from] item: Leftovers\n|upkeep\n|turn|23\n|inactive|Time left: 300 sec this turn | 300 sec total\n|\n|t:|1783565544\n|move|p2a: Jirachi|Iron Head|p1a: Chimecho\n|-damage|p1a: Chimecho|165/290 par\n|cant|p1a: Chimecho|flinch\n|\n|-heal|p1a: Chimecho|183/290 par|[from] item: Leftovers\n|upkeep\n|turn|24\n|inactive|Time left: 300 sec this turn | 300 sec total\n|\n|t:|1783565545\n|move|p2a: Jirachi|Wish|p2a: Jirachi\n|move|p1a: Chimecho|Recover|p1a: Chimecho\n|-heal|p1a: Chimecho|290/290 par\n|\n|upkeep\n|turn|25\n|inactive|Time left: 300 sec this turn | 300 sec total\n|\n|t:|1783565546\n|switch|p2a: Sableye|Sableye, L88, M|18/100\n|move|p1a: Chimecho|Dazzling Gleam|p2a: Sableye\n|-supereffective|p2a: Sableye\n|-damage|p2a: Sableye|0 fnt\n|faint|p2a: Sableye\n|\n|upkeep\n|\n|t:|1783565547\n|switch|p2a: Arceus|Arceus-Psychic, L70|100/100\n|turn|26\n|inactive|Time left: 300 sec this turn | 300 sec total\n|\n|t:|1783565548\n|move|p2a: Arceus|Cosmic Power|p2a: Arceus\n|-boost|p2a: Arceus|def|1\n|-boost|p2a: Arceus|spd|1\n|move|p1a: Chimecho|Cosmic Power|p1a: Chimecho\n|-boost|p1a: Chimecho|def|1\n|-boost|p1a: Chimecho|spd|1\n|\n|upkeep\n|turn|27\n|inactive|Time left: 300 sec this turn | 300 sec total\n|\n|t:|1783565549\n|move|p2a: Arceus|Cosmic Power|p2a: Arceus\n|-boost|p2a: Arceus|def|1\n|-boost|p2a: Arceus|spd|1\n|move|p1a: Chimecho|Stored Power|p2a: Arceus\n|-resisted|p2a: Arceus\n|-damage|p2a: Arceus|85/100\n|\n|upkeep\n|turn|28\n|inactive|Time left: 300 sec this turn | 300 sec total\n|\n|t:|1783565550\n|move|p2a: Arceus|Cosmic Power|p2a: Arceus\n|-boost|p2a: Arceus|def|1\n|-boost|p2a: Arceus|spd|1\n|move|p1a: Chimecho|Cosmic Power|p1a: Chimecho\n|-boost|p1a: Chimecho|def|1\n|-boost|p1a: Chimecho|spd|1\n|\n|upkeep\n|turn|29\n|inactive|Time left: 300 sec this turn | 300 sec total\n|\n|t:|1783565551\n|move|p2a: Arceus|Cosmic Power|p2a: Arceus\n|-boost|p2a: Arceus|def|1\n|-boost|p2a: Arceus|spd|1\n|move|p1a: Chimecho|Stored Power|p2a: Arceus\n|-resisted|p2a: Arceus\n|-crit|p2a: Arceus\n|-damage|p2a: Arceus|27/100\n|\n|upkeep\n|turn|30\n|inactive|Time left: 300 sec this turn | 300 sec total\n|\n|t:|1783565552\n|move|p2a: Arceus|Recover|p2a: Arceus\n|-heal|p2a: Arceus|77/100\n|move|p1a: Chimecho|Cosmic Power|p1a: Chimecho\n|-boost|p1a: Chimecho|def|1\n|-boost|p1a: Chimecho|spd|1\n|\n|upkeep\n|turn|31\n|inactive|Time left: 300 sec this turn | 300 sec total\n|\n|t:|1783565553\n|move|p2a: Arceus|Recover|p2a: Arceus\n|-heal|p2a: Arceus|100/100\n|move|p1a: Chimecho|Stored Power|p2a: Arceus\n|-resisted|p2a: Arceus\n|-damage|p2a: Arceus|86/100\n|\n|upkeep\n|turn|32\n|inactive|Time left: 300 sec this turn | 300 sec total\n|\n|t:|1783565554\n|move|p2a: Arceus|Recover|p2a: Arceus\n|-heal|p2a: Arceus|100/100\n|move|p1a: Chimecho|Stored Power|p2a: Arceus\n|-resisted|p2a: Arceus\n|-damage|p2a: Arceus|84/100\n|\n|upkeep\n|turn|33\n|inactive|Time left: 300 sec this turn | 300 sec total\n|\n|t:|1783565555\n|move|p2a: Arceus|Recover|p2a: Arceus\n|-heal|p2a: Arceus|100/100\n|move|p1a: Chimecho|Stored Power|p2a: Arceus\n|-resisted|p2a: Arceus\n|-damage|p2a: Arceus|85/100\n|\n|upkeep\n|turn|34\n|inactive|Time left: 300 sec this turn | 300 sec total\n|\n|t:|1783565557\n|move|p2a: Arceus|Recover|p2a: Arceus\n|-heal|p2a: Arceus|100/100\n|move|p1a: Chimecho|Stored Power|p2a: Arceus\n|-resisted|p2a: Arceus\n|-damage|p2a: Arceus|84/100\n|\n|upkeep\n|turn|35\n|inactive|Time left: 300 sec this turn | 300 sec total\n|\n|t:|1783565558\n|move|p2a: Arceus|Recover|p2a: Arceus\n|-heal|p2a: Arceus|100/100\n|cant|p1a: Chimecho|par\n|\n|upkeep\n|turn|36\n|inactive|Time left: 300 sec this turn | 300 sec total\n|\n|t:|1783565559\n|move|p2a: Arceus|Cosmic Power|p2a: Arceus\n|-boost|p2a: Arceus|def|1\n|-boost|p2a: Arceus|spd|1\n|move|p1a: Chimecho|Dazzling Gleam|p2a: Arceus\n|-damage|p2a: Arceus|93/100\n|\n|upkeep\n|turn|37\n|inactive|Time left: 300 sec this turn | 300 sec total\n|\n|t:|1783565561\n|move|p2a: Arceus|Recover|p2a: Arceus\n|-heal|p2a: Arceus|100/100\n|move|p1a: Chimecho|Stored Power|p2a: Arceus\n|-resisted|p2a: Arceus\n|-damage|p2a: Arceus|87/100\n|\n|upkeep\n|turn|38\n|inactive|Time left: 300 sec this turn | 300 sec total\n|\n|t:|1783565562\n|move|p2a: Arceus|Recover|p2a: Arceus\n|-heal|p2a: Arceus|100/100\n|move|p1a: Chimecho|Stored Power|p2a: Arceus\n|-resisted|p2a: Arceus\n|-damage|p2a: Arceus|88/100\n|\n|upkeep\n|turn|39\n|inactive|Time left: 300 sec this turn | 300 sec total\n|\n|t:|1783565564\n|move|p2a: Arceus|Cosmic Power|p2a: Arceus\n|-boost|p2a: Arceus|def|1\n|-boost|p2a: Arceus|spd|1\n|move|p1a: Chimecho|Stored Power|p2a: Arceus\n|-resisted|p2a: Arceus\n|-damage|p2a: Arceus|76/100\n|\n|upkeep\n|turn|40\n|inactive|Time left: 300 sec this turn | 300 sec total\n|\n|t:|1783565564\n|move|p2a: Arceus|Stored Power|p1a: Chimecho\n|-resisted|p1a: Chimecho\n|-damage|p1a: Chimecho|254/290 par\n|cant|p1a: Chimecho|par\n|\n|-heal|p1a: Chimecho|272/290 par|[from] item: Leftovers\n|upkeep\n|turn|41\n|inactive|Time left: 300 sec this turn | 300 sec total\n|\n|t:|1783565565\n|move|p2a: Arceus|Stored Power|p1a: Chimecho\n|-resisted|p1a: Chimecho\n|-damage|p1a: Chimecho|236/290 par\n|move|p1a: Chimecho|Stored Power|p2a: Arceus\n|-resisted|p2a: Arceus\n|-damage|p2a: Arceus|65/100\n|\n|-heal|p1a: Chimecho|254/290 par|[from] item: Leftovers\n|upkeep\n|turn|42\n|inactive|Time left: 300 sec this turn | 300 sec total\n|\n|t:|1783565566\n|move|p2a: Arceus|Stored Power|p1a: Chimecho\n|-resisted|p1a: Chimecho\n|-damage|p1a: Chimecho|220/290 par\n|move|p1a: Chimecho|Stored Power|p2a: Arceus\n|-resisted|p2a: Arceus\n|-damage|p2a: Arceus|52/100\n|\n|-heal|p1a: Chimecho|238/290 par|[from] item: Leftovers\n|upkeep\n|turn|43\n|inactive|Time left: 300 sec this turn | 300 sec total\n|\n|t:|1783565567\n|move|p2a: Arceus|Stored Power|p1a: Chimecho\n|-resisted|p1a: Chimecho\n|-damage|p1a: Chimecho|204/290 par\n|cant|p1a: Chimecho|par\n|\n|-heal|p1a: Chimecho|222/290 par|[from] item: Leftovers\n|upkeep\n|turn|44\n|inactive|Time left: 300 sec this turn | 300 sec total\n|\n|t:|1783565568\n|move|p2a: Arceus|Stored Power|p1a: Chimecho\n|-resisted|p1a: Chimecho\n|-damage|p1a: Chimecho|185/290 par\n|cant|p1a: Chimecho|par\n|\n|-heal|p1a: Chimecho|203/290 par|[from] item: Leftovers\n|upkeep\n|turn|45\n|inactive|Time left: 300 sec this turn | 300 sec total\n|\n|t:|1783565569\n|move|p2a: Arceus|Stored Power|p1a: Chimecho\n|-resisted|p1a: Chimecho\n|-damage|p1a: Chimecho|170/290 par\n|cant|p1a: Chimecho|par\n|\n|-heal|p1a: Chimecho|188/290 par|[from] item: Leftovers\n|upkeep\n|turn|46\n|inactive|Time left: 300 sec this turn | 300 sec total\n|\n|t:|1783565570\n|move|p2a: Arceus|Stored Power|p1a: Chimecho\n|-resisted|p1a: Chimecho\n|-damage|p1a: Chimecho|151/290 par\n|move|p1a: Chimecho|Recover|p1a: Chimecho\n|-heal|p1a: Chimecho|290/290 par\n|\n|upkeep\n|turn|47\n|inactive|Time left: 300 sec this turn | 300 sec total\n|\n|t:|1783565571\n|move|p2a: Arceus|Body Press|p1a: Chimecho\n|-resisted|p1a: Chimecho\n|-damage|p1a: Chimecho|266/290 par\n|move|p1a: Chimecho|Stored Power|p2a: Arceus\n|-resisted|p2a: Arceus\n|-damage|p2a: Arceus|40/100\n|\n|-heal|p1a: Chimecho|284/290 par|[from] item: Leftovers\n|upkeep\n|turn|48\n|inactive|Time left: 300 sec this turn | 300 sec total\n|\n|t:|1783565572\n|move|p2a: Arceus|Body Press|p1a: Chimecho\n|-resisted|p1a: Chimecho\n|-damage|p1a: Chimecho|258/290 par\n|move|p1a: Chimecho|Stored Power|p2a: Arceus\n|-resisted|p2a: Arceus\n|-crit|p2a: Arceus\n|-damage|p2a: Arceus|0 fnt\n|faint|p2a: Arceus\n|\n|-heal|p1a: Chimecho|276/290 par|[from] item: Leftovers\n|upkeep\n|\n|t:|1783565573\n|switch|p2a: Jirachi|Jirachi, L80|100/100\n|turn|49\n|inactive|Time left: 300 sec this turn | 300 sec total\n|\n|t:|1783565574\n|move|p2a: Jirachi|Iron Head|p1a: Chimecho\n|-damage|p1a: Chimecho|254/290 par\n|cant|p1a: Chimecho|flinch\n|\n|-heal|p1a: Chimecho|272/290 par|[from] item: Leftovers\n|upkeep\n|turn|50\n|inactive|Time left: 300 sec this turn | 300 sec total\n|\n|t:|1783565575\n|move|p2a: Jirachi|Iron Head|p1a: Chimecho\n|-damage|p1a: Chimecho|251/290 par\n|move|p1a: Chimecho|Stored Power|p2a: Jirachi\n|-resisted|p2a: Jirachi\n|-damage|p2a: Jirachi|76/100\n|\n|-heal|p2a: Jirachi|83/100|[from] item: Leftovers\n|-heal|p1a: Chimecho|269/290 par|[from] item: Leftovers\n|upkeep\n|turn|51\n|inactive|Time left: 300 sec this turn | 300 sec total\n|\n|t:|1783565576\n|move|p2a: Jirachi|Wish|p2a: Jirachi\n|cant|p1a: Chimecho|par\n|\n|-heal|p2a: Jirachi|89/100|[from] item: Leftovers\n|-heal|p1a: Chimecho|287/290 par|[from] item: Leftovers\n|upkeep\n|turn|52\n|inactive|Time left: 300 sec this turn | 300 sec total\n|\n|t:|1783565577\n|move|p2a: Jirachi|Body Slam|p1a: Chimecho\n|-damage|p1a: Chimecho|270/290 par\n|move|p1a: Chimecho|Stored Power|p2a: Jirachi\n|-resisted|p2a: Jirachi\n|-damage|p2a: Jirachi|67/100\n|\n|-heal|p2a: Jirachi|100/100|[from] move: Wish|[wisher] Jirachi\n|-heal|p1a: Chimecho|288/290 par|[from] item: Leftovers\n|upkeep\n|turn|53\n|inactive|Time left: 300 sec this turn | 300 sec total\n|\n|t:|1783565578\n|move|p2a: Jirachi|Wish|p2a: Jirachi\n|cant|p1a: Chimecho|par\n|\n|-heal|p1a: Chimecho|290/290 par|[from] item: Leftovers\n|upkeep\n|turn|54\n|inactive|Time left: 300 sec this turn | 300 sec total\n|\n|t:|1783565579\n|move|p2a: Jirachi|Wish||[still]\n|-fail|p2a: Jirachi\n|cant|p1a: Chimecho|par\n|\n|upkeep\n|turn|55\n|inactive|Time left: 300 sec this turn | 300 sec total\n|\n|t:|1783565580\n|move|p2a: Jirachi|Protect|p2a: Jirachi\n|-singleturn|p2a: Jirachi|Protect\n|cant|p1a: Chimecho|par\n|\n|upkeep\n|turn|56\n|inactive|Time left: 300 sec this turn | 300 sec total\n|\n|t:|1783565581\n|move|p2a: Jirachi|Wish|p2a: Jirachi\n|move|p1a: Chimecho|Dazzling Gleam|p2a: Jirachi\n|-resisted|p2a: Jirachi\n|-damage|p2a: Jirachi|90/100\n|\n|-heal|p2a: Jirachi|96/100|[from] item: Leftovers\n|upkeep\n|turn|57\n|inactive|Time left: 300 sec this turn | 300 sec total\n|\n|t:|1783565583\n|move|p2a: Jirachi|Protect|p2a: Jirachi\n|-singleturn|p2a: Jirachi|Protect\n|move|p1a: Chimecho|Stored Power|p2a: Jirachi\n|-activate|p2a: Jirachi|move: Protect\n|\n|-heal|p2a: Jirachi|100/100|[from] move: Wish|[wisher] Jirachi\n|upkeep\n|turn|58\n|inactive|Time left: 300 sec this turn | 300 sec total\n|\n|t:|1783565584\n|move|p2a: Jirachi|Wish|p2a: Jirachi\n|move|p1a: Chimecho|Dazzling Gleam|p2a: Jirachi\n|-resisted|p2a: Jirachi\n|-damage|p2a: Jirachi|89/100\n|\n|-heal|p2a: Jirachi|95/100|[from] item: Leftovers\n|upkeep\n|turn|59\n|inactive|Time left: 300 sec this turn | 300 sec total\n|\n|t:|1783565585\n|switch|p2a: Tyranitar|Tyranitar, L78, M, tera:Ghost|13/100\n|-weather|Sandstorm|[from] ability: Sand Stream|[of] p2a: Tyranitar\n|cant|p1a: Chimecho|par\n|\n|-weather|Sandstorm|[upkeep]\n|-damage|p2a: Tyranitar|7/100|[from] Sandstorm\n|-damage|p1a: Chimecho|272/290 par|[from] Sandstorm\n|-heal|p2a: Tyranitar|58/100|[from] move: Wish|[wisher] Jirachi\n|-heal|p1a: Chimecho|290/290 par|[from] item: Leftovers\n|upkeep\n|turn|60\n|inactive|Time left: 300 sec this turn | 300 sec total\n|\n|t:|1783565586\n|move|p2a: Tyranitar|Dragon Dance|p2a: Tyranitar\n|-boost|p2a: Tyranitar|atk|1\n|-boost|p2a: Tyranitar|spe|1\n|move|p1a: Chimecho|Dazzling Gleam|p2a: Tyranitar\n|-damage|p2a: Tyranitar|34/100\n|\n|-weather|Sandstorm|[upkeep]\n|-damage|p2a: Tyranitar|28/100|[from] Sandstorm\n|-damage|p1a: Chimecho|272/290 par|[from] Sandstorm\n|-heal|p1a: Chimecho|290/290 par|[from] item: Leftovers\n|upkeep\n|turn|61\n|inactive|Time left: 300 sec this turn | 300 sec total\n|\n|t:|1783565587\n|move|p2a: Tyranitar|Knock Off|p1a: Chimecho\n|-supereffective|p1a: Chimecho\n|-damage|p1a: Chimecho|186/290 par\n|-enditem|p1a: Chimecho|Leftovers|[from] move: Knock Off|[of] p2a: Tyranitar\n|move|p1a: Chimecho|Dazzling Gleam|p2a: Tyranitar\n|-damage|p2a: Tyranitar|4/100\n|\n|-weather|Sandstorm|[upkeep]\n|-damage|p2a: Tyranitar|0 fnt|[from] Sandstorm\n|-damage|p1a: Chimecho|168/290 par|[from] Sandstorm\n|faint|p2a: Tyranitar\n|upkeep\n|\n|t:|1783565588\n|switch|p2a: Scyther|Scyther, L82, M|100/100\n|turn|62\n|inactive|Time left: 300 sec this turn | 300 sec total\n|\n|t:|1783565589\n|move|p2a: Scyther|Swords Dance|p2a: Scyther\n|-boost|p2a: Scyther|atk|2\n|cant|p1a: Chimecho|par\n|\n|-weather|Sandstorm|[upkeep]\n|-damage|p2a: Scyther|94/100|[from] Sandstorm\n|-damage|p1a: Chimecho|150/290 par|[from] Sandstorm\n|upkeep\n|turn|63\n|inactive|Time left: 300 sec this turn | 300 sec total\n|\n|t:|1783565591\n|move|p2a: Scyther|Bug Bite|p1a: Chimecho\n|-supereffective|p1a: Chimecho\n|-damage|p1a: Chimecho|34/290 par\n|move|p1a: Chimecho|Recover|p1a: Chimecho\n|-heal|p1a: Chimecho|179/290 par\n|\n|-weather|none\n|upkeep\n|turn|64\n|inactive|Time left: 300 sec this turn | 300 sec total\n|\n|t:|1783565592\n|move|p2a: Scyther|Bug Bite|p1a: Chimecho\n|-supereffective|p1a: Chimecho\n|-damage|p1a: Chimecho|65/290 par\n|move|p1a: Chimecho|Recover|p1a: Chimecho\n|-heal|p1a: Chimecho|210/290 par\n|\n|upkeep\n|turn|65\n|inactive|Time left: 300 sec this turn | 300 sec total\n|\n|t:|1783565593\n|move|p2a: Scyther|Bug Bite|p1a: Chimecho\n|-supereffective|p1a: Chimecho\n|-damage|p1a: Chimecho|106/290 par\n|move|p1a: Chimecho|Recover|p1a: Chimecho\n|-heal|p1a: Chimecho|251/290 par\n|\n|upkeep\n|turn|66\n|inactive|Time left: 300 sec this turn | 300 sec total\n|\n|t:|1783565594\n|move|p2a: Scyther|Swords Dance|p2a: Scyther\n|-boost|p2a: Scyther|atk|2\n|cant|p1a: Chimecho|par\n|\n|upkeep\n|turn|67\n|inactive|Time left: 300 sec this turn | 300 sec total\n|\n|t:|1783565595\n|move|p2a: Scyther|Bug Bite|p1a: Chimecho\n|-supereffective|p1a: Chimecho\n|-damage|p1a: Chimecho|77/290 par\n|move|p1a: Chimecho|Recover|p1a: Chimecho\n|-heal|p1a: Chimecho|222/290 par\n|\n|upkeep\n|turn|68\n|inactive|Time left: 300 sec this turn | 300 sec total\n|\n|t:|1783565596\n|move|p2a: Scyther|Bug Bite|p1a: Chimecho\n|-supereffective|p1a: Chimecho\n|-damage|p1a: Chimecho|52/290 par\n|move|p1a: Chimecho|Dazzling Gleam|p2a: Scyther\n|-damage|p2a: Scyther|66/100\n|\n|upkeep\n|turn|69\n|inactive|Time left: 300 sec this turn | 300 sec total\n|\n|t:|1783565598\n|move|p2a: Scyther|Bug Bite|p1a: Chimecho\n|-supereffective|p1a: Chimecho\n|-damage|p1a: Chimecho|0 fnt\n|faint|p1a: Chimecho\n|\n|upkeep\n|inactive|Time left: 300 sec this turn | 300 sec total | 5 sec grace\n|\n|t:|1783565599\n|switch|p1a: Baxcalibur|Baxcalibur, L75, F|31/295\n|turn|70\n|inactive|Time left: 300 sec this turn | 300 sec total\n|\n|t:|1783565600\n|move|p1a: Baxcalibur|Ice Shard|p2a: Scyther\n|-supereffective|p2a: Scyther\n|-damage|p2a: Scyther|24/100\n|move|p2a: Scyther|Bug Bite|p1a: Baxcalibur\n|-damage|p1a: Baxcalibur|0 fnt\n|faint|p1a: Baxcalibur\n|\n|upkeep\n|inactive|Time left: 300 sec this turn | 300 sec total | 5 sec grace\n|\n|t:|1783565601\n|switch|p1a: Luvdisc|Luvdisc, F|247/247\n|turn|71\n|inactive|Time left: 300 sec this turn | 300 sec total\n|\n|t:|1783565602\n|switch|p2a: Jirachi|Jirachi, L80|95/100\n|move|p1a: Luvdisc|Surf|p2a: Jirachi\n|-damage|p2a: Jirachi|71/100\n|\n|-heal|p2a: Jirachi|77/100|[from] item: Leftovers\n|upkeep\n|turn|72\n|inactive|Time left: 300 sec this turn | 300 sec total\n|\n|t:|1783565603\n|move|p1a: Luvdisc|Flip Turn|p2a: Jirachi\n|-crit|p2a: Jirachi\n|-damage|p2a: Jirachi|57/100\n|inactive|Time left: 300 sec this turn | 300 sec total | 5 sec grace\n|\n|t:|1783565604\n|switch|p1a: Bastiodon|Bastiodon, L89, M|252/252 slp|[from] Flip Turn\n|move|p2a: Jirachi|Wish|p2a: Jirachi\n|\n|-heal|p2a: Jirachi|63/100|[from] item: Leftovers\n|upkeep\n|turn|73\n|inactive|Time left: 300 sec this turn | 300 sec total\n|\n|t:|1783565604\n|switch|p2a: Scyther|Scyther, L82, M|24/100\n|cant|p1a: Bastiodon|slp\n|\n|-heal|p2a: Scyther|82/100|[from] move: Wish|[wisher] Jirachi\n|upkeep\n|turn|74\n|inactive|Time left: 300 sec this turn | 300 sec total\n|\n|t:|1783565605\n|move|p2a: Scyther|Swords Dance|p2a: Scyther\n|-boost|p2a: Scyther|atk|2\n|cant|p1a: Bastiodon|slp\n|\n|upkeep\n|turn|75\n|inactive|Time left: 300 sec this turn | 300 sec total\n|\n|t:|1783565606\n|-terastallize|p1a: Bastiodon|Fighting\n|move|p2a: Scyther|Close Combat|p1a: Bastiodon\n|-damage|p1a: Bastiodon|154/252 slp\n|-unboost|p2a: Scyther|def|1\n|-unboost|p2a: Scyther|spd|1\n|-curestatus|p1a: Bastiodon|slp|[msg]\n|move|p1a: Bastiodon|Foul Play|p2a: Scyther\n|-damage|p2a: Scyther|0 fnt\n|faint|p2a: Scyther\n|\n|upkeep\n|\n|t:|1783565607\n|switch|p2a: Dodrio|Dodrio, L85, F|100/100\n|turn|76\n|inactive|Time left: 300 sec this turn | 300 sec total\n|\n|t:|1783565608\n|move|p2a: Dodrio|Brave Bird|p1a: Bastiodon\n|-supereffective|p1a: Bastiodon\n|-damage|p1a: Bastiodon|2/252\n|-damage|p2a: Dodrio|80/100|[from] Recoil\n|move|p1a: Bastiodon|Iron Defense|p1a: Bastiodon\n|-boost|p1a: Bastiodon|def|2\n|\n|upkeep\n|turn|77\n|inactive|Time left: 300 sec this turn | 300 sec total\n|\n|t:|1783565609\n|move|p2a: Dodrio|Double-Edge|p1a: Bastiodon\n|-damage|p1a: Bastiodon|0 fnt\n|faint|p1a: Bastiodon\n|-damage|p2a: Dodrio|79/100|[from] Recoil\n|\n|upkeep\n|inactive|Time left: 300 sec this turn | 300 sec total | 5 sec grace\n|\n|t:|1783565609\n|switch|p1a: Luvdisc|Luvdisc, F|247/247\n|turn|78\n|inactive|Time left: 300 sec this turn | 300 sec total\n|\n|t:|1783565610\n|move|p1a: Luvdisc|Surf|p2a: Dodrio\n|-damage|p2a: Dodrio|40/100\n|move|p2a: Dodrio|Brave Bird|p1a: Luvdisc\n|-damage|p1a: Luvdisc|84/247\n|-damage|p2a: Dodrio|17/100|[from] Recoil\n|\n|upkeep\n|turn|79\n|inactive|Time left: 300 sec this turn | 300 sec total\n|\n|t:|1783565611\n|move|p1a: Luvdisc|Surf|p2a: Dodrio\n|-damage|p2a: Dodrio|0 fnt\n|faint|p2a: Dodrio\n|\n|upkeep\n|\n|t:|1783565612\n|switch|p2a: Jirachi|Jirachi, L80|63/100\n|turn|80\n|inactive|Time left: 300 sec this turn | 300 sec total\n|\n|t:|1783565612\n|move|p1a: Luvdisc|Endeavor|p2a: Jirachi\n|-damage|p2a: Jirachi|29/100\n|move|p2a: Jirachi|Body Slam|p1a: Luvdisc\n|-damage|p1a: Luvdisc|11/247\n|-status|p1a: Luvdisc|par\n|\n|-heal|p2a: Jirachi|36/100|[from] item: Leftovers\n|upkeep\n|turn|81\n|inactive|Time left: 300 sec this turn | 300 sec total\n|\n|t:|1783565613\n|move|p2a: Jirachi|Body Slam|p1a: Luvdisc\n|-damage|p1a: Luvdisc|0 fnt\n|faint|p1a: Luvdisc\n|\n|win|p0y2284cdaa", "uploadtime": 1783565613, "views": 0, "rating": 0, "private": 0, "password": null, "_winner": "p0y2284cdaa", "_our_name": "p0x22840532"}