{"id": "battle-gen9randombattle-1787", "formatid": "gen9randombattle", "format": "[Gen 9] Random Battle", "players": ["p0x1787d928", "p0y1787cd43"], "log": "|init|battle\n|title|p0x1787d928 vs. p0y1787cd43\n|j|\u2606p0x1787d928\n|j|\u2606p0y1787cd43\n|t:|1783559958\n|gametype|singles\n|player|p1|p0x1787d928|1|\n|player|p2|p0y1787cd43|2|\n|gen|9\n|tier|[Gen 9] Random Battle\n|rule|Species Clause: Limit one of each Pok\u00e9mon\n|rule|HP Percentage Mod: HP is shown in percentages\n|rule|Sleep Clause Mod: Limit one foe put to sleep\n|rule|Illusion Level Mod: Illusion disguises the Pok\u00e9mon's true level\n|\n|t:|1783559958\n|teamsize|p1|6\n|teamsize|p2|6\n|start\n|switch|p1a: Entei|Entei, L78|100/100\n|switch|p2a: Politoed|Politoed, L88, F|302/302\n|-weather|RainDance|[from] ability: Drizzle|[of] p2a: Politoed\n|turn|1\n|inactive|Battle timer is ON: inactive players will automatically lose when time's up. (requested by p0x1787d928)\n|inactive|Time left: 300 sec this turn | 300 sec total | 60 sec grace\n|inactive|p0y1787cd43 also wants the timer to be on.\n|\n|t:|1783559959\n|switch|p1a: Cryogonal|Cryogonal, L89|100/100\n|move|p2a: Politoed|Hydro Pump|p1a: Cryogonal\n|-damage|p1a: Cryogonal|55/100\n|\n|-weather|RainDance|[upkeep]\n|upkeep\n|turn|2\n|inactive|Time left: 300 sec this turn | 300 sec total\n|\n|t:|1783559960\n|move|p1a: Cryogonal|Freeze-Dry|p2a: Politoed\n|-supereffective|p2a: Politoed\n|-damage|p2a: Politoed|164/302\n|move|p2a: Politoed|Hydro Pump|p1a: Cryogonal\n|-damage|p1a: Cryogonal|9/100\n|\n|-weather|RainDance|[upkeep]\n|-heal|p2a: Politoed|182/302|[from] item: Leftovers\n|upkeep\n|turn|3\n|inactive|Time left: 300 sec this turn | 300 sec total\n|\n|t:|1783559961\n|move|p1a: Cryogonal|Recover|p1a: Cryogonal\n|-heal|p1a: Cryogonal|59/100\n|move|p2a: Politoed|Hydro Pump|p1a: Cryogonal\n|-damage|p1a: Cryogonal|13/100\n|\n|-weather|RainDance|[upkeep]\n|-heal|p2a: Politoed|200/302|[from] item: Leftovers\n|upkeep\n|turn|4\n|inactive|Time left: 300 sec this turn | 300 sec total\n|\n|t:|1783559961\n|move|p1a: Cryogonal|Recover|p1a: Cryogonal\n|-heal|p1a: Cryogonal|63/100\n|move|p2a: Politoed|Hydro Pump|p1a: Cryogonal|[miss]\n|-miss|p2a: Politoed|p1a: Cryogonal\n|\n|-weather|RainDance|[upkeep]\n|-heal|p2a: Politoed|218/302|[from] item: Leftovers\n|upkeep\n|turn|5\n|inactive|Time left: 300 sec this turn | 300 sec total\n|\n|t:|1783559962\n|switch|p2a: Entei|Entei, L78|307/307\n|move|p1a: Cryogonal|Freeze-Dry|p2a: Entei\n|-resisted|p2a: Entei\n|-damage|p2a: Entei|258/307\n|\n|-weather|none\n|upkeep\n|turn|6\n|inactive|Time left: 300 sec this turn | 300 sec total\n|\n|t:|1783559963\n|switch|p1a: Entei|Entei, L78|100/100\n|move|p2a: Entei|Sacred Fire|p1a: Entei\n|-resisted|p1a: Entei\n|-damage|p1a: Entei|74/100\n|\n|upkeep\n|turn|7\n|inactive|Time left: 300 sec this turn | 300 sec total\n|\n|t:|1783559964\n|move|p1a: Entei|Sacred Fire|p2a: Entei\n|-resisted|p2a: Entei\n|-damage|p2a: Entei|174/307\n|move|p2a: Entei|Sacred Fire|p1a: Entei|[miss]\n|-miss|p2a: Entei|p1a: Entei\n|\n|upkeep\n|turn|8\n|inactive|Time left: 300 sec this turn | 300 sec total\n|\n|t:|1783559965\n|move|p2a: Entei|Sacred Fire|p1a: Entei\n|-resisted|p1a: Entei\n|-damage|p1a: Entei|44/100\n|move|p1a: Entei|Sacred Fire|p2a: Entei\n|-resisted|p2a: Entei\n|-damage|p2a: Entei|85/307\n|\n|upkeep\n|turn|9\n|inactive|Time left: 300 sec this turn | 300 sec total\n|\n|t:|1783559966\n|move|p1a: Entei|Sacred Fire|p2a: Entei\n|-resisted|p2a: Entei\n|-damage|p2a: Entei|0 fnt\n|faint|p2a: Entei\n|\n|upkeep\n|inactive|Time left: 300 sec this turn | 300 sec total | 5 sec grace\n|\n|t:|1783559967\n|switch|p2a: Gurdurr|Gurdurr, L85, F|283/283\n|turn|10\n|inactive|Time left: 300 sec this turn | 300 sec total\n|\n|t:|1783559968\n|move|p1a: Entei|Sacred Fire|p2a: Gurdurr\n|-damage|p2a: Gurdurr|178/283\n|-status|p2a: Gurdurr|brn\n|move|p2a: Gurdurr|Knock Off|p1a: Entei\n|-damage|p1a: Entei|6/100\n|-enditem|p1a: Entei|Choice Band|[from] move: Knock Off|[of] p2a: Gurdurr\n|\n|-damage|p2a: Gurdurr|161/283 brn|[from] brn\n|upkeep\n|turn|11\n|inactive|Time left: 300 sec this turn | 300 sec total\n|\n|t:|1783559969\n|move|p2a: Gurdurr|Mach Punch|p1a: Entei\n|-damage|p1a: Entei|0 fnt\n|faint|p1a: Entei\n|\n|-damage|p2a: Gurdurr|144/283 brn|[from] brn\n|upkeep\n|\n|t:|1783559970\n|switch|p1a: Farigiraf|Farigiraf, L90, M|100/100\n|turn|12\n|inactive|Time left: 300 sec this turn | 300 sec total\n|\n|t:|1783559972\n|switch|p2a: Rabsca|Rabsca, L91, F|284/284\n|move|p1a: Farigiraf|Psychic Noise|p2a: Rabsca\n|-resisted|p2a: Rabsca\n|-damage|p2a: Rabsca|242/284\n|-start|p2a: Rabsca|move: Heal Block\n|\n|upkeep\n|turn|13\n|inactive|Time left: 300 sec this turn | 300 sec total\n|\n|t:|1783559973\n|move|p1a: Farigiraf|Body Slam|p2a: Rabsca\n|-damage|p2a: Rabsca|143/284\n|move|p2a: Rabsca|Bug Buzz|p1a: Farigiraf\n|-supereffective|p1a: Farigiraf\n|-damage|p1a: Farigiraf|29/100\n|\n|-heal|p1a: Farigiraf|35/100|[from] item: Leftovers\n|-end|p2a: Rabsca|move: Heal Block\n|upkeep\n|turn|14\n|inactive|Time left: 300 sec this turn | 300 sec total\n|\n|t:|1783559974\n|move|p1a: Farigiraf|Body Slam|p2a: Rabsca\n|-damage|p2a: Rabsca|41/284\n|move|p2a: Rabsca|Bug Buzz|p1a: Farigiraf\n|-supereffective|p1a: Farigiraf\n|-crit|p1a: Farigiraf\n|-damage|p1a: Farigiraf|0 fnt\n|faint|p1a: Farigiraf\n|\n|upkeep\n|\n|t:|1783559975\n|switch|p1a: Zangoose|Zangoose, L85, M|100/100\n|turn|15\n|inactive|Time left: 300 sec this turn | 300 sec total\n|\n|t:|1783559976\n|switch|p2a: Suicune|Suicune, L82|298/298\n|-ability|p2a: Suicune|Pressure\n|move|p1a: Zangoose|Knock Off|p2a: Suicune\n|-damage|p2a: Suicune|232/298\n|-enditem|p2a: Suicune|Leftovers|[from] move: Knock Off|[of] p1a: Zangoose\n|\n|-status|p1a: Zangoose|tox|[from] item: Toxic Orb\n|upkeep\n|turn|16\n|inactive|Time left: 300 sec this turn | 300 sec total\n|\n|t:|1783559977\n|move|p1a: Zangoose|Facade|p2a: Suicune\n|-damage|p2a: Suicune|0 fnt\n|faint|p2a: Suicune\n|\n|-damage|p1a: Zangoose|94/100 tox|[from] psn\n|upkeep\n|inactive|Time left: 300 sec this turn | 300 sec total | 5 sec grace\n|\n|t:|1783559978\n|switch|p2a: Gurdurr|Gurdurr, L85, F|144/283 brn\n|turn|17\n|inactive|Time left: 300 sec this turn | 300 sec total\n|\n|t:|1783559979\n|-terastallize|p2a: Gurdurr|Steel\n|move|p1a: Zangoose|Facade|p2a: Gurdurr\n|-resisted|p2a: Gurdurr\n|-crit|p2a: Gurdurr\n|-damage|p2a: Gurdurr|16/283 brn\n|move|p2a: Gurdurr|Drain Punch|p1a: Zangoose\n|-supereffective|p1a: Zangoose\n|-damage|p1a: Zangoose|0 fnt\n|-heal|p2a: Gurdurr|140/283 brn|[from] drain|[of] p1a: Zangoose\n|faint|p1a: Zangoose\n|\n|-damage|p2a: Gurdurr|123/283 brn|[from] brn\n|upkeep\n|\n|t:|1783559980\n|switch|p1a: Solgaleo|Solgaleo, L74|100/100\n|turn|18\n|inactive|Time left: 300 sec this turn | 300 sec total\n|\n|t:|1783559981\n|-terastallize|p1a: Solgaleo|Fighting\n|move|p1a: Solgaleo|Close Combat|p2a: Gurdurr\n|-supereffective|p2a: Gurdurr\n|-damage|p2a: Gurdurr|0 fnt\n|-unboost|p1a: Solgaleo|def|1\n|-unboost|p1a: Solgaleo|spd|1\n|faint|p2a: Gurdurr\n|\n|upkeep\n|inactive|Time left: 300 sec this turn | 300 sec total | 5 sec grace\n|\n|t:|1783559982\n|switch|p2a: Ribombee|Ribombee, L83, F|235/235\n|turn|19\n|inactive|Time left: 300 sec this turn | 300 sec total\n|\n|t:|1783559983\n|move|p2a: Ribombee|Moonblast|p1a: Solgaleo\n|-supereffective|p1a: Solgaleo\n|-damage|p1a: Solgaleo|4/100\n|-enditem|p1a: Solgaleo|Weakness Policy\n|-boost|p1a: Solgaleo|atk|2|[from] item: Weakness Policy\n|-boost|p1a: Solgaleo|spa|2|[from] item: Weakness Policy\n|move|p1a: Solgaleo|Sunsteel Strike|p2a: Ribombee\n|-supereffective|p2a: Ribombee\n|-damage|p2a: Ribombee|0 fnt\n|faint|p2a: Ribombee\n|\n|upkeep\n|inactive|Time left: 300 sec this turn | 300 sec total | 5 sec grace\n|\n|t:|1783559984\n|switch|p2a: Rabsca|Rabsca, L91, F|41/284\n|turn|20\n|inactive|Time left: 300 sec this turn | 300 sec total\n|\n|t:|1783559985\n|move|p1a: Solgaleo|Close Combat|p2a: Rabsca\n|-resisted|p2a: Rabsca\n|-damage|p2a: Rabsca|0 fnt\n|-unboost|p1a: Solgaleo|def|1\n|-unboost|p1a: Solgaleo|spd|1\n|faint|p2a: Rabsca\n|\n|upkeep\n|inactive|Time left: 300 sec this turn | 300 sec total | 5 sec grace\n|\n|t:|1783559986\n|switch|p2a: Politoed|Politoed, L88, F|218/302\n|-weather|RainDance|[from] ability: Drizzle|[of] p2a: Politoed\n|turn|21\n|inactive|Time left: 300 sec this turn | 300 sec total\n|\n|t:|1783559987\n|move|p1a: Solgaleo|Close Combat|p2a: Politoed\n|-damage|p2a: Politoed|0 fnt\n|-unboost|p1a: Solgaleo|def|1\n|-unboost|p1a: Solgaleo|spd|1\n|faint|p2a: Politoed\n|\n|win|p0x1787d928", "uploadtime": 1783559987, "views": 0, "rating": 0, "private": 0, "password": null, "_winner": "p0x1787d928", "_our_name": "p0y1787cd43"}