{"id": "battle-gen9randombattle-1131", "formatid": "gen9randombattle", "format": "[Gen 9] Random Battle", "players": ["p0x1131aacf", "p0y113175a0"], "log": "|init|battle\n|title|p0x1131aacf vs. p0y113175a0\n|j|\u2606p0x1131aacf\n|j|\u2606p0y113175a0\n|t:|1783552258\n|gametype|singles\n|player|p1|p0x1131aacf|266|\n|player|p2|p0y113175a0|170|\n|gen|9\n|tier|[Gen 9] Random Battle\n|rule|Species Clause: Limit one of each Pok\u00e9mon\n|rule|HP Percentage Mod: HP is shown in percentages\n|rule|Sleep Clause Mod: Limit one foe put to sleep\n|rule|Illusion Level Mod: Illusion disguises the Pok\u00e9mon's true level\n|\n|t:|1783552258\n|teamsize|p1|6\n|teamsize|p2|6\n|start\n|switch|p1a: Samurott|Samurott, L88, M|100/100\n|switch|p2a: Tyranitar|Tyranitar, L78, F|284/284\n|-weather|Sandstorm|[from] ability: Sand Stream|[of] p2a: Tyranitar\n|turn|1\n|inactive|Battle timer is ON: inactive players will automatically lose when time's up. (requested by p0y113175a0)\n|inactive|p0x1131aacf also wants the timer to be on.\n|\n|t:|1783552260\n|move|p1a: Samurott|Sacred Sword|p2a: Tyranitar\n|-supereffective|p2a: Tyranitar\n|-damage|p2a: Tyranitar|0 fnt\n|faint|p2a: Tyranitar\n|-damage|p1a: Samurott|90/100|[from] item: Life Orb\n|\n|-weather|Sandstorm|[upkeep]\n|-damage|p1a: Samurott|84/100|[from] Sandstorm\n|upkeep\n|inactive|Time left: 300 sec this turn | 300 sec total | 65 sec grace\n|\n|t:|1783552261\n|switch|p2a: Iron Leaves|Iron Leaves, L80|275/275\n|turn|2\n|inactive|Time left: 300 sec this turn | 300 sec total\n|\n|t:|1783552262\n|switch|p1a: Duraludon|Duraludon, L82, F|100/100\n|move|p2a: Iron Leaves|Leaf Blade|p1a: Duraludon\n|-resisted|p1a: Duraludon\n|-damage|p1a: Duraludon|92/100\n|\n|-weather|Sandstorm|[upkeep]\n|-damage|p2a: Iron Leaves|258/275|[from] Sandstorm\n|upkeep\n|turn|3\n|inactive|Time left: 300 sec this turn | 300 sec total\n|\n|t:|1783552263\n|move|p2a: Iron Leaves|Leaf Blade|p1a: Duraludon\n|-resisted|p1a: Duraludon\n|-damage|p1a: Duraludon|84/100\n|move|p1a: Duraludon|Flash Cannon|p2a: Iron Leaves\n|-damage|p2a: Iron Leaves|171/275\n|\n|-weather|Sandstorm|[upkeep]\n|-damage|p2a: Iron Leaves|154/275|[from] Sandstorm\n|upkeep\n|turn|4\n|inactive|Time left: 300 sec this turn | 300 sec total\n|\n|t:|1783552264\n|move|p2a: Iron Leaves|Leaf Blade|p1a: Duraludon\n|-resisted|p1a: Duraludon\n|-damage|p1a: Duraludon|74/100\n|move|p1a: Duraludon|Flash Cannon|p2a: Iron Leaves\n|-crit|p2a: Iron Leaves\n|-damage|p2a: Iron Leaves|22/275\n|\n|-weather|Sandstorm|[upkeep]\n|-damage|p2a: Iron Leaves|5/275|[from] Sandstorm\n|upkeep\n|turn|5\n|inactive|Time left: 300 sec this turn | 300 sec total\n|\n|t:|1783552265\n|move|p2a: Iron Leaves|Leaf Blade|p1a: Duraludon\n|-resisted|p1a: Duraludon\n|-damage|p1a: Duraludon|64/100\n|move|p1a: Duraludon|Flash Cannon|p2a: Iron Leaves\n|-crit|p2a: Iron Leaves\n|-damage|p2a: Iron Leaves|0 fnt\n|faint|p2a: Iron Leaves\n|-end|p2a: Iron Leaves|Quark Drive|[silent]\n|\n|-weather|none\n|upkeep\n|inactive|Time left: 300 sec this turn | 300 sec total | 5 sec grace\n|\n|t:|1783552266\n|switch|p2a: Pyroar|Pyroar, L88, F|295/295\n|-ability|p2a: Pyroar|Unnerve\n|turn|6\n|inactive|Time left: 300 sec this turn | 300 sec total\n|\n|t:|1783552267\n|move|p2a: Pyroar|Fire Blast|p1a: Duraludon\n|-damage|p1a: Duraludon|9/100\n|move|p1a: Duraludon|Draco Meteor|p2a: Pyroar\n|-damage|p2a: Pyroar|129/295\n|-unboost|p1a: Duraludon|spa|2\n|\n|upkeep\n|turn|7\n|inactive|Time left: 300 sec this turn | 300 sec total\n|\n|t:|1783552268\n|switch|p1a: Poliwrath|Poliwrath, L88, F|100/100\n|move|p2a: Pyroar|Hyper Voice|p1a: Poliwrath\n|-damage|p1a: Poliwrath|65/100\n|\n|-heal|p1a: Poliwrath|71/100|[from] item: Leftovers\n|upkeep\n|turn|8\n|inactive|Time left: 300 sec this turn | 300 sec total\n|\n|t:|1783552269\n|switch|p2a: Kommo-o|Kommo-o, L77, F|242/242\n|move|p1a: Poliwrath|Liquidation|p2a: Kommo-o\n|-resisted|p2a: Kommo-o\n|-damage|p2a: Kommo-o|204/242\n|\n|-heal|p1a: Poliwrath|77/100|[from] item: Leftovers\n|upkeep\n|turn|9\n|inactive|Time left: 300 sec this turn | 300 sec total\n|\n|t:|1783552270\n|move|p2a: Kommo-o|Clangorous Soul|p2a: Kommo-o\n|-boost|p2a: Kommo-o|atk|1\n|-boost|p2a: Kommo-o|def|1\n|-boost|p2a: Kommo-o|spa|1\n|-boost|p2a: Kommo-o|spd|1\n|-boost|p2a: Kommo-o|spe|1\n|-damage|p2a: Kommo-o|125/242\n|-enditem|p2a: Kommo-o|Throat Spray\n|-boost|p2a: Kommo-o|spa|1|[from] item: Throat Spray\n|move|p1a: Poliwrath|Bulk Up|p1a: Poliwrath\n|-boost|p1a: Poliwrath|atk|1\n|-boost|p1a: Poliwrath|def|1\n|\n|-heal|p1a: Poliwrath|83/100|[from] item: Leftovers\n|upkeep\n|turn|10\n|inactive|Time left: 300 sec this turn | 300 sec total\n|\n|t:|1783552271\n|move|p2a: Kommo-o|Clanging Scales|p1a: Poliwrath\n|-damage|p1a: Poliwrath|25/100\n|-unboost|p2a: Kommo-o|def|1\n|move|p1a: Poliwrath|Drain Punch|p2a: Kommo-o\n|-damage|p2a: Kommo-o|13/242\n|-heal|p1a: Poliwrath|44/100|[from] drain|[of] p2a: Kommo-o\n|\n|-heal|p1a: Poliwrath|50/100|[from] item: Leftovers\n|upkeep\n|turn|11\n|inactive|Time left: 300 sec this turn | 300 sec total\n|\n|t:|1783552273\n|-terastallize|p1a: Poliwrath|Steel\n|move|p2a: Kommo-o|Clanging Scales|p1a: Poliwrath\n|-resisted|p1a: Poliwrath\n|-damage|p1a: Poliwrath|18/100\n|-unboost|p2a: Kommo-o|def|1\n|move|p1a: Poliwrath|Drain Punch|p2a: Kommo-o\n|-damage|p2a: Kommo-o|0 fnt\n|-heal|p1a: Poliwrath|20/100|[from] drain|[of] p2a: Kommo-o\n|faint|p2a: Kommo-o\n|\n|-heal|p1a: Poliwrath|26/100|[from] item: Leftovers\n|upkeep\n|inactive|Time left: 300 sec this turn | 300 sec total | 5 sec grace\n|\n|t:|1783552274\n|switch|p2a: Pyroar|Pyroar, L88, F|129/295\n|-ability|p2a: Pyroar|Unnerve\n|turn|12\n|inactive|Time left: 300 sec this turn | 300 sec total\n|\n|t:|1783552275\n|move|p2a: Pyroar|Fire Blast|p1a: Poliwrath\n|-supereffective|p1a: Poliwrath\n|-damage|p1a: Poliwrath|0 fnt\n|faint|p1a: Poliwrath\n|\n|upkeep\n|\n|t:|1783552276\n|switch|p1a: Ambipom|Ambipom, L84, F|100/100\n|turn|13\n|inactive|Time left: 300 sec this turn | 300 sec total\n|\n|t:|1783552277\n|switch|p2a: Lumineon|Lumineon, L93, F|279/279\n|move|p1a: Ambipom|Double-Edge|p2a: Lumineon\n|-damage|p2a: Lumineon|86/279\n|-damage|p1a: Ambipom|76/100|[from] Recoil\n|\n|upkeep\n|turn|14\n|inactive|Time left: 300 sec this turn | 300 sec total\n|\n|t:|1783552278\n|switch|p2a: Noivern|Noivern, L82, M|274/274\n|move|p1a: Ambipom|Double-Edge|p2a: Noivern\n|-damage|p2a: Noivern|46/274\n|-damage|p1a: Ambipom|48/100|[from] Recoil\n|\n|upkeep\n|turn|15\n|inactive|Time left: 300 sec this turn | 300 sec total\n|\n|t:|1783552279\n|switch|p1a: Duraludon|Duraludon, L82, F|9/100\n|move|p2a: Noivern|Hurricane|p1a: Duraludon\n|-resisted|p1a: Duraludon\n|-damage|p1a: Duraludon|0 fnt\n|faint|p1a: Duraludon\n|\n|upkeep\n|\n|t:|1783552279\n|switch|p1a: Meowstic|Meowstic, L89, M|100/100\n|turn|16\n|inactive|Time left: 300 sec this turn | 300 sec total\n|\n|t:|1783552280\n|move|p2a: Noivern|Hurricane|p1a: Meowstic\n|-damage|p1a: Meowstic|63/100\n|move|p1a: Meowstic|Psychic Noise|p2a: Noivern\n|-damage|p2a: Noivern|0 fnt\n|faint|p2a: Noivern\n|\n|upkeep\n|inactive|Time left: 300 sec this turn | 300 sec total | 5 sec grace\n|\n|t:|1783552281\n|switch|p2a: Pyroar|Pyroar, L88, F|129/295\n|-ability|p2a: Pyroar|Unnerve\n|turn|17\n|inactive|Time left: 300 sec this turn | 300 sec total\n|\n|t:|1783552282\n|move|p1a: Meowstic|Light Screen|p1a: Meowstic\n|-sidestart|p1: p0x1131aacf|move: Light Screen\n|move|p2a: Pyroar|Fire Blast|p1a: Meowstic\n|-damage|p1a: Meowstic|39/100\n|\n|upkeep\n|turn|18\n|inactive|Time left: 300 sec this turn | 300 sec total\n|\n|t:|1783552283\n|move|p2a: Pyroar|Dark Pulse|p1a: Meowstic\n|-supereffective|p1a: Meowstic\n|-damage|p1a: Meowstic|13/100\n|cant|p1a: Meowstic|flinch\n|\n|upkeep\n|turn|19\n|inactive|Time left: 300 sec this turn | 300 sec total\n|\n|t:|1783552284\n|move|p1a: Meowstic|Reflect|p1a: Meowstic\n|-sidestart|p1: p0x1131aacf|Reflect\n|move|p2a: Pyroar|Hyper Voice|p1a: Meowstic\n|-damage|p1a: Meowstic|0 fnt\n|faint|p1a: Meowstic\n|\n|upkeep\n|\n|t:|1783552285\n|switch|p1a: Ambipom|Ambipom, L84, F|48/100\n|turn|20\n|inactive|Time left: 300 sec this turn | 300 sec total\n|\n|t:|1783552285\n|-terastallize|p2a: Pyroar|Fire\n|move|p1a: Ambipom|Double-Edge|p2a: Pyroar\n|-damage|p2a: Pyroar|0 fnt\n|faint|p2a: Pyroar\n|-damage|p1a: Ambipom|31/100|[from] Recoil\n|\n|upkeep\n|inactive|Time left: 300 sec this turn | 300 sec total | 5 sec grace\n|\n|t:|1783552286\n|switch|p2a: Lumineon|Lumineon, L93, F|86/279\n|turn|21\n|inactive|Time left: 300 sec this turn | 300 sec total\n|\n|t:|1783552287\n|move|p1a: Ambipom|Double-Edge|p2a: Lumineon\n|-damage|p2a: Lumineon|0 fnt\n|faint|p2a: Lumineon\n|-damage|p1a: Ambipom|21/100|[from] Recoil\n|\n|win|p0x1131aacf", "uploadtime": 1783552287, "views": 0, "rating": 0, "private": 0, "password": null, "_winner": "p0x1131aacf", "_our_name": "p0y113175a0"}