{"id": "battle-gen9randombattle-1702", "formatid": "gen9randombattle", "format": "[Gen 9] Random Battle", "players": ["p0x1702189d", "p0y1702ba79"], "log": "|init|battle\n|title|p0x1702189d vs. p0y1702ba79\n|j|\u2606p0x1702189d\n|j|\u2606p0y1702ba79\n|t:|1783558915\n|gametype|singles\n|player|p1|p0x1702189d|2|\n|player|p2|p0y1702ba79|169|\n|gen|9\n|tier|[Gen 9] Random Battle\n|rule|Species Clause: Limit one of each Pok\u00e9mon\n|rule|HP Percentage Mod: HP is shown in percentages\n|rule|Sleep Clause Mod: Limit one foe put to sleep\n|rule|Illusion Level Mod: Illusion disguises the Pok\u00e9mon's true level\n|\n|t:|1783558915\n|teamsize|p1|6\n|teamsize|p2|6\n|start\n|switch|p1a: Dodrio|Dodrio, L85, M|241/241\n|switch|p2a: Darkrai|Darkrai, L77|100/100\n|turn|1\n|inactive|Battle timer is ON: inactive players will automatically lose when time's up. (requested by p0y1702ba79)\n|inactive|Time left: 300 sec this turn | 300 sec total | 60 sec grace\n|inactive|p0x1702189d also wants the timer to be on.\n|\n|t:|1783558916\n|move|p2a: Darkrai|Dark Pulse|p1a: Dodrio\n|-damage|p1a: Dodrio|85/241\n|-damage|p2a: Darkrai|91/100|[from] item: Life Orb\n|cant|p1a: Dodrio|flinch\n|\n|upkeep\n|turn|2\n|inactive|Time left: 300 sec this turn | 300 sec total\n|\n|t:|1783558918\n|move|p2a: Darkrai|Dark Pulse|p1a: Dodrio\n|-damage|p1a: Dodrio|0 fnt\n|faint|p1a: Dodrio\n|-damage|p2a: Darkrai|81/100|[from] item: Life Orb\n|\n|upkeep\n|inactive|Time left: 300 sec this turn | 300 sec total | 5 sec grace\n|\n|t:|1783558919\n|switch|p1a: Honchkrow|Honchkrow, L86, F|312/312\n|turn|3\n|inactive|Time left: 300 sec this turn | 300 sec total\n|\n|t:|1783558920\n|move|p2a: Darkrai|Nasty Plot|p2a: Darkrai\n|-boost|p2a: Darkrai|spa|2\n|move|p1a: Honchkrow|Brave Bird|p2a: Darkrai\n|-damage|p2a: Darkrai|5/100\n|-damage|p1a: Honchkrow|253/312|[from] Recoil\n|\n|upkeep\n|turn|4\n|inactive|Time left: 300 sec this turn | 300 sec total\n|\n|t:|1783558921\n|move|p1a: Honchkrow|Sucker Punch|p2a: Darkrai\n|-resisted|p2a: Darkrai\n|-damage|p2a: Darkrai|0 fnt\n|faint|p2a: Darkrai\n|-ability|p1a: Honchkrow|Moxie|boost\n|-boost|p1a: Honchkrow|atk|1\n|\n|upkeep\n|\n|t:|1783558922\n|switch|p2a: Dewgong|Dewgong, L94, M|100/100\n|turn|5\n|inactive|Time left: 300 sec this turn | 300 sec total\n|\n|t:|1783558923\n|switch|p1a: Gouging Fire|Gouging Fire, L74|277/277\n|move|p2a: Dewgong|Triple Axel|p1a: Gouging Fire\n|-damage|p1a: Gouging Fire|258/277\n|-damage|p1a: Gouging Fire|221/277\n|-damage|p1a: Gouging Fire|166/277\n|-hitcount|p1a: Gouging Fire|3\n|\n|upkeep\n|turn|6\n|inactive|Time left: 300 sec this turn | 300 sec total\n|\n|t:|1783558924\n|move|p2a: Dewgong|Triple Axel|p1a: Gouging Fire\n|-damage|p1a: Gouging Fire|148/277\n|-damage|p1a: Gouging Fire|109/277\n|-damage|p1a: Gouging Fire|54/277\n|-hitcount|p1a: Gouging Fire|3\n|move|p1a: Gouging Fire|Morning Sun|p1a: Gouging Fire\n|-heal|p1a: Gouging Fire|192/277\n|\n|upkeep\n|turn|7\n|inactive|Time left: 300 sec this turn | 300 sec total\n|\n|t:|1783558925\n|move|p2a: Dewgong|Triple Axel|p1a: Gouging Fire|[miss]\n|-miss|p2a: Dewgong|p1a: Gouging Fire\n|move|p1a: Gouging Fire|Dragon Dance|p1a: Gouging Fire\n|-boost|p1a: Gouging Fire|atk|1\n|-boost|p1a: Gouging Fire|spe|1\n|\n|upkeep\n|turn|8\n|inactive|Time left: 300 sec this turn | 300 sec total\n|\n|t:|1783558926\n|move|p1a: Gouging Fire|Outrage|p2a: Dewgong\n|-damage|p2a: Dewgong|51/100\n|move|p2a: Dewgong|Flip Turn|p1a: Gouging Fire\n|-damage|p1a: Gouging Fire|135/277\n|\n|t:|1783558927\n|switch|p2a: Eiscue|Eiscue, L88, F|100/100|[from] Flip Turn\n|\n|upkeep\n|turn|9\n|inactive|Time left: 300 sec this turn | 300 sec total\n|\n|t:|1783558929\n|move|p1a: Gouging Fire|Outrage|p2a: Eiscue|[from] lockedmove\n|-activate|p2a: Eiscue|ability: Ice Face\n|-damage|p2a: Eiscue|100/100\n|detailschange|p2a: Eiscue|Eiscue-Noice, L88, F\n|-start|p1a: Gouging Fire|confusion|[fatigue]\n|move|p2a: Eiscue|Belly Drum|p2a: Eiscue\n|-damage|p2a: Eiscue|50/100\n|-setboost|p2a: Eiscue|atk|6|[from] move: Belly Drum\n|-enditem|p2a: Eiscue|Sitrus Berry|[eat]\n|-heal|p2a: Eiscue|75/100|[from] item: Sitrus Berry\n|\n|upkeep\n|turn|10\n|inactive|Time left: 300 sec this turn | 300 sec total\n|\n|t:|1783558930\n|-end|p1a: Gouging Fire|Protosynthesis|[silent]\n|switch|p1a: Stonjourner|Stonjourner, L91, M|330/330\n|move|p2a: Eiscue|Ice Spinner|p1a: Stonjourner\n|-damage|p1a: Stonjourner|122/330\n|\n|upkeep\n|turn|11\n|inactive|Time left: 300 sec this turn | 300 sec total\n|\n|t:|1783558931\n|move|p2a: Eiscue|Liquidation|p1a: Stonjourner\n|-supereffective|p1a: Stonjourner\n|-damage|p1a: Stonjourner|0 fnt\n|faint|p1a: Stonjourner\n|\n|upkeep\n|inactive|Time left: 300 sec this turn | 300 sec total | 5 sec grace\n|\n|t:|1783558932\n|switch|p1a: Whimsicott|Whimsicott, L84, M|238/238\n|turn|12\n|inactive|Time left: 300 sec this turn | 300 sec total\n|\n|t:|1783558933\n|move|p1a: Whimsicott|Stun Spore|p2a: Eiscue|[miss]\n|-miss|p1a: Whimsicott|p2a: Eiscue\n|move|p2a: Eiscue|Ice Spinner|p1a: Whimsicott\n|-supereffective|p1a: Whimsicott\n|-damage|p1a: Whimsicott|0 fnt\n|faint|p1a: Whimsicott\n|\n|upkeep\n|inactive|Time left: 300 sec this turn | 300 sec total | 5 sec grace\n|\n|t:|1783558934\n|switch|p1a: Honchkrow|Honchkrow, L86, F|253/312\n|turn|13\n|inactive|Time left: 300 sec this turn | 300 sec total\n|\n|t:|1783558935\n|move|p1a: Honchkrow|Sucker Punch|p2a: Eiscue\n|-damage|p2a: Eiscue|34/100\n|move|p2a: Eiscue|Ice Spinner|p1a: Honchkrow\n|-supereffective|p1a: Honchkrow\n|-damage|p1a: Honchkrow|0 fnt\n|faint|p1a: Honchkrow\n|\n|upkeep\n|inactive|Time left: 300 sec this turn | 300 sec total | 5 sec grace\n|\n|t:|1783558936\n|switch|p1a: Deoxys|Deoxys, L74|196/196\n|-ability|p1a: Deoxys|Pressure\n|turn|14\n|inactive|Time left: 300 sec this turn | 300 sec total\n|\n|t:|1783558937\n|move|p2a: Eiscue|Ice Spinner|p1a: Deoxys\n|-damage|p1a: Deoxys|0 fnt\n|faint|p1a: Deoxys\n|\n|upkeep\n|inactive|Time left: 300 sec this turn | 300 sec total | 5 sec grace\n|\n|t:|1783558938\n|switch|p1a: Gouging Fire|Gouging Fire, L74|135/277\n|turn|15\n|inactive|Time left: 300 sec this turn | 300 sec total\n|\n|t:|1783558939\n|-terastallize|p1a: Gouging Fire|Fairy\n|move|p2a: Eiscue|Liquidation|p1a: Gouging Fire\n|-damage|p1a: Gouging Fire|0 fnt\n|faint|p1a: Gouging Fire\n|-end|p1a: Gouging Fire|Protosynthesis|[silent]\n|\n|win|p0y1702ba79", "uploadtime": 1783558939, "views": 0, "rating": 0, "private": 0, "password": null, "_winner": "p0y1702ba79", "_our_name": "p0x1702189d"}