{"id": "battle-gen9randombattle-2155", "formatid": "gen9randombattle", "format": "[Gen 9] Random Battle", "players": ["p0x21554924", "p0y2155b124"], "log": "|init|battle\n|title|p0x21554924 vs. p0y2155b124\n|j|\u2606p0x21554924\n|j|\u2606p0y2155b124\n|t:|1783564124\n|gametype|singles\n|player|p1|p0x21554924|169|\n|player|p2|p0y2155b124|101|\n|gen|9\n|tier|[Gen 9] Random Battle\n|rule|Species Clause: Limit one of each Pok\u00e9mon\n|rule|HP Percentage Mod: HP is shown in percentages\n|rule|Sleep Clause Mod: Limit one foe put to sleep\n|rule|Illusion Level Mod: Illusion disguises the Pok\u00e9mon's true level\n|\n|t:|1783564124\n|teamsize|p1|6\n|teamsize|p2|6\n|start\n|switch|p1a: Terrakion|Terrakion, L79|273/273\n|switch|p2a: Clefable|Clefable, L83, M|100/100\n|turn|1\n|inactive|Battle timer is ON: inactive players will automatically lose when time's up. (requested by p0y2155b124)\n|inactive|Time left: 300 sec this turn | 300 sec total | 60 sec grace\n|inactive|p0x21554924 also wants the timer to be on.\n|\n|t:|1783564125\n|move|p1a: Terrakion|Stone Edge|p2a: Clefable|[miss]\n|-miss|p1a: Terrakion|p2a: Clefable\n|move|p2a: Clefable|Moonblast|p1a: Terrakion\n|-supereffective|p1a: Terrakion\n|-damage|p1a: Terrakion|67/273\n|\n|upkeep\n|turn|2\n|inactive|Time left: 300 sec this turn | 300 sec total\n|\n|t:|1783564127\n|move|p1a: Terrakion|Stone Edge|p2a: Clefable\n|-crit|p2a: Clefable\n|-damage|p2a: Clefable|3/100\n|move|p2a: Clefable|Stealth Rock|p1a: Terrakion\n|-sidestart|p1: p0x21554924|move: Stealth Rock\n|\n|-heal|p2a: Clefable|9/100|[from] item: Leftovers\n|upkeep\n|turn|3\n|inactive|Time left: 300 sec this turn | 300 sec total\n|\n|t:|1783564128\n|move|p1a: Terrakion|Stone Edge|p2a: Clefable\n|-damage|p2a: Clefable|0 fnt\n|faint|p2a: Clefable\n|\n|upkeep\n|\n|t:|1783564129\n|switch|p2a: Cryogonal|Cryogonal, L89|100/100\n|turn|4\n|inactive|Time left: 300 sec this turn | 300 sec total\n|\n|t:|1783564130\n|move|p2a: Cryogonal|Ice Beam|p1a: Terrakion\n|-damage|p1a: Terrakion|0 fnt\n|faint|p1a: Terrakion\n|\n|upkeep\n|inactive|Time left: 300 sec this turn | 300 sec total | 5 sec grace\n|\n|t:|1783564131\n|switch|p1a: Tatsugiri|Tatsugiri, L87, F|260/260\n|turn|5\n|inactive|Time left: 300 sec this turn | 300 sec total\n|\n|t:|1783564132\n|move|p2a: Cryogonal|Ice Beam|p1a: Tatsugiri\n|-damage|p1a: Tatsugiri|163/260\n|move|p1a: Tatsugiri|Rapid Spin|p2a: Cryogonal\n|-damage|p2a: Cryogonal|88/100\n|-boost|p1a: Tatsugiri|spe|1\n|-sideend|p1: p0x21554924|Stealth Rock|[from] move: Rapid Spin|[of] p1a: Tatsugiri\n|\n|upkeep\n|turn|6\n|inactive|Time left: 300 sec this turn | 300 sec total\n|\n|t:|1783564133\n|move|p1a: Tatsugiri|Nasty Plot|p1a: Tatsugiri\n|-boost|p1a: Tatsugiri|spa|2\n|move|p2a: Cryogonal|Ice Beam|p1a: Tatsugiri\n|-damage|p1a: Tatsugiri|72/260\n|\n|upkeep\n|turn|7\n|inactive|Time left: 300 sec this turn | 300 sec total\n|\n|t:|1783564134\n|move|p1a: Tatsugiri|Draco Meteor|p2a: Cryogonal\n|-damage|p2a: Cryogonal|12/100\n|-unboost|p1a: Tatsugiri|spa|2\n|move|p2a: Cryogonal|Ice Beam|p1a: Tatsugiri\n|-damage|p1a: Tatsugiri|0 fnt\n|faint|p1a: Tatsugiri\n|\n|upkeep\n|inactive|Time left: 300 sec this turn | 300 sec total | 5 sec grace\n|\n|t:|1783564135\n|switch|p1a: Ribombee|Ribombee, L83, M|235/235\n|turn|8\n|inactive|Time left: 300 sec this turn | 300 sec total\n|\n|t:|1783564136\n|move|p1a: Ribombee|Quiver Dance|p1a: Ribombee\n|-boost|p1a: Ribombee|spa|1\n|-boost|p1a: Ribombee|spd|1\n|-boost|p1a: Ribombee|spe|1\n|move|p2a: Cryogonal|Ice Beam|p1a: Ribombee\n|-damage|p1a: Ribombee|148/235\n|\n|upkeep\n|turn|9\n|inactive|Time left: 300 sec this turn | 300 sec total\n|\n|t:|1783564136\n|move|p1a: Ribombee|Moonblast|p2a: Cryogonal\n|-damage|p2a: Cryogonal|0 fnt\n|faint|p2a: Cryogonal\n|\n|upkeep\n|\n|t:|1783564137\n|switch|p2a: Lycanroc|Lycanroc, L86, F|100/100\n|turn|10\n|inactive|Time left: 300 sec this turn | 300 sec total\n|\n|t:|1783564138\n|move|p1a: Ribombee|Moonblast|p2a: Lycanroc\n|-damage|p2a: Lycanroc|33/100\n|move|p2a: Lycanroc|Stone Edge|p1a: Ribombee\n|-supereffective|p1a: Ribombee\n|-damage|p1a: Ribombee|0 fnt\n|faint|p1a: Ribombee\n|-damage|p2a: Lycanroc|24/100|[from] item: Life Orb\n|\n|upkeep\n|inactive|Time left: 300 sec this turn | 300 sec total | 5 sec grace\n|\n|t:|1783564139\n|switch|p1a: Necrozma|Necrozma, L80|286/286\n|turn|11\n|inactive|Time left: 300 sec this turn | 300 sec total\n|\n|t:|1783564140\n|move|p2a: Lycanroc|Stone Edge|p1a: Necrozma\n|-damage|p1a: Necrozma|129/286\n|-damage|p2a: Lycanroc|14/100|[from] item: Life Orb\n|move|p1a: Necrozma|Earth Power|p2a: Lycanroc\n|-supereffective|p2a: Lycanroc\n|-damage|p2a: Lycanroc|0 fnt\n|faint|p2a: Lycanroc\n|\n|-heal|p1a: Necrozma|146/286|[from] item: Leftovers\n|upkeep\n|\n|t:|1783564141\n|switch|p2a: Heracross|Heracross, L80, F|100/100\n|turn|12\n|inactive|Time left: 300 sec this turn | 300 sec total\n|\n|t:|1783564142\n|move|p2a: Heracross|Megahorn|p1a: Necrozma\n|-supereffective|p1a: Necrozma\n|-damage|p1a: Necrozma|0 fnt\n|faint|p1a: Necrozma\n|-ability|p2a: Heracross|Moxie|boost\n|-boost|p2a: Heracross|atk|1\n|\n|upkeep\n|inactive|Time left: 300 sec this turn | 300 sec total | 5 sec grace\n|\n|t:|1783564143\n|switch|p1a: Mightyena|Mightyena, L96, M|290/290\n|-ability|p1a: Mightyena|Intimidate|boost\n|-unboost|p2a: Heracross|atk|1\n|turn|13\n|inactive|Time left: 300 sec this turn | 300 sec total\n|\n|t:|1783564144\n|switch|p2a: Appletun|Appletun, L92, M|100/100\n|-terastallize|p1a: Mightyena|Fairy\n|move|p1a: Mightyena|Play Rough|p2a: Appletun\n|-supereffective|p2a: Appletun\n|-crit|p2a: Appletun\n|-damage|p2a: Appletun|5/100\n|\n|-heal|p2a: Appletun|11/100|[from] item: Leftovers\n|upkeep\n|turn|14\n|inactive|Time left: 300 sec this turn | 300 sec total\n|\n|t:|1783564145\n|switch|p2a: Arceus|Arceus-Dark, L71|100/100\n|move|p1a: Mightyena|Throat Chop|p2a: Arceus\n|-resisted|p2a: Arceus\n|-damage|p2a: Arceus|83/100\n|-start|p2a: Arceus|Throat Chop|[silent]\n|\n|upkeep\n|turn|15\n|inactive|Time left: 300 sec this turn | 300 sec total\n|\n|t:|1783564146\n|-terastallize|p2a: Arceus|Fairy\n|move|p2a: Arceus|Calm Mind|p2a: Arceus\n|-boost|p2a: Arceus|spa|1\n|-boost|p2a: Arceus|spd|1\n|move|p1a: Mightyena|Play Rough|p2a: Arceus\n|-damage|p2a: Arceus|48/100\n|\n|-end|p2a: Arceus|Throat Chop|[silent]\n|upkeep\n|turn|16\n|inactive|Time left: 300 sec this turn | 300 sec total\n|\n|t:|1783564147\n|move|p2a: Arceus|Recover|p2a: Arceus\n|-heal|p2a: Arceus|98/100\n|move|p1a: Mightyena|Poison Fang|p2a: Arceus\n|-supereffective|p2a: Arceus\n|-damage|p2a: Arceus|70/100\n|-status|p2a: Arceus|tox\n|\n|-damage|p2a: Arceus|64/100 tox|[from] psn\n|upkeep\n|turn|17\n|inactive|Time left: 300 sec this turn | 300 sec total\n|\n|t:|1783564148\n|move|p2a: Arceus|Recover|p2a: Arceus\n|-heal|p2a: Arceus|100/100 tox\n|move|p1a: Mightyena|Play Rough|p2a: Arceus\n|-damage|p2a: Arceus|62/100 tox\n|\n|-damage|p2a: Arceus|49/100 tox|[from] psn\n|upkeep\n|turn|18\n|inactive|Time left: 300 sec this turn | 300 sec total\n|\n|t:|1783564149\n|move|p2a: Arceus|Recover|p2a: Arceus\n|-heal|p2a: Arceus|99/100 tox\n|move|p1a: Mightyena|Play Rough|p2a: Arceus\n|-damage|p2a: Arceus|61/100 tox\n|\n|-damage|p2a: Arceus|42/100 tox|[from] psn\n|upkeep\n|turn|19\n|inactive|Time left: 300 sec this turn | 300 sec total\n|\n|t:|1783564150\n|move|p2a: Arceus|Recover|p2a: Arceus\n|-heal|p2a: Arceus|92/100 tox\n|move|p1a: Mightyena|Play Rough|p2a: Arceus\n|-damage|p2a: Arceus|52/100 tox\n|\n|-damage|p2a: Arceus|27/100 tox|[from] psn\n|upkeep\n|turn|20\n|inactive|Time left: 300 sec this turn | 300 sec total\n|\n|t:|1783564151\n|move|p2a: Arceus|Recover|p2a: Arceus\n|-heal|p2a: Arceus|77/100 tox\n|move|p1a: Mightyena|Poison Fang|p2a: Arceus\n|-supereffective|p2a: Arceus\n|-damage|p2a: Arceus|47/100 tox\n|\n|-damage|p2a: Arceus|16/100 tox|[from] psn\n|upkeep\n|turn|21\n|inactive|Time left: 300 sec this turn | 300 sec total\n|\n|t:|1783564152\n|move|p2a: Arceus|Judgment|p1a: Mightyena\n|-resisted|p1a: Mightyena\n|-damage|p1a: Mightyena|230/290\n|move|p1a: Mightyena|Play Rough|p2a: Arceus\n|-damage|p2a: Arceus|0 fnt\n|faint|p2a: Arceus\n|\n|upkeep\n|\n|t:|1783564153\n|switch|p2a: Appletun|Appletun, L92, M|11/100\n|turn|22\n|inactive|Time left: 300 sec this turn | 300 sec total\n|\n|t:|1783564154\n|move|p1a: Mightyena|Play Rough|p2a: Appletun\n|-supereffective|p2a: Appletun\n|-crit|p2a: Appletun\n|-damage|p2a: Appletun|0 fnt\n|faint|p2a: Appletun\n|\n|upkeep\n|\n|t:|1783564154\n|switch|p2a: Heracross|Heracross, L80, F|100/100\n|turn|23\n|inactive|Time left: 300 sec this turn | 300 sec total\n|\n|t:|1783564155\n|move|p1a: Mightyena|Play Rough|p2a: Heracross\n|-supereffective|p2a: Heracross\n|-damage|p2a: Heracross|0 fnt\n|faint|p2a: Heracross\n|\n|win|p0x21554924", "uploadtime": 1783564155, "views": 0, "rating": 0, "private": 0, "password": null, "_winner": "p0x21554924", "_our_name": "p0x21554924"}