{"id": "battle-gen9randombattle-1749", "formatid": "gen9randombattle", "format": "[Gen 9] Random Battle", "players": ["p0x174930c6", "p0y1749fef4"], "log": "|init|battle\n|title|p0x174930c6 vs. p0y1749fef4\n|j|\u2606p0x174930c6\n|j|\u2606p0y1749fef4\n|t:|1783560205\n|gametype|singles\n|player|p1|p0x174930c6|2|\n|player|p2|p0y1749fef4|102|\n|gen|9\n|tier|[Gen 9] Random Battle\n|rule|Species Clause: Limit one of each Pok\u00e9mon\n|rule|HP Percentage Mod: HP is shown in percentages\n|rule|Sleep Clause Mod: Limit one foe put to sleep\n|rule|Illusion Level Mod: Illusion disguises the Pok\u00e9mon's true level\n|\n|t:|1783560205\n|teamsize|p1|6\n|teamsize|p2|6\n|start\n|switch|p1a: Glalie|Glalie, L96, F|309/309\n|switch|p2a: Feraligatr|Feraligatr, L79, M|100/100\n|turn|1\n|inactive|Battle timer is ON: inactive players will automatically lose when time's up. (requested by p0x174930c6)\n|inactive|p0y1749fef4 also wants the timer to be on.\n|\n|t:|1783560206\n|move|p1a: Glalie|Freeze-Dry|p2a: Feraligatr\n|-supereffective|p2a: Feraligatr\n|-damage|p2a: Feraligatr|30/100\n|move|p2a: Feraligatr|Liquidation|p1a: Glalie\n|-damage|p1a: Glalie|184/309\n|\n|upkeep\n|turn|2\n|inactive|Time left: 300 sec this turn | 300 sec total\n|\n|t:|1783560207\n|switch|p2a: Mesprit|Mesprit, L85|100/100\n|move|p1a: Glalie|Freeze-Dry|p2a: Mesprit\n|-damage|p2a: Mesprit|76/100\n|\n|-heal|p2a: Mesprit|82/100|[from] item: Leftovers\n|upkeep\n|turn|3\n|inactive|Time left: 300 sec this turn | 300 sec total\n|\n|t:|1783560208\n|move|p1a: Glalie|Freeze-Dry|p2a: Mesprit\n|-damage|p2a: Mesprit|58/100\n|move|p2a: Mesprit|Drain Punch|p1a: Glalie\n|-supereffective|p1a: Glalie\n|-damage|p1a: Glalie|74/309\n|-heal|p2a: Mesprit|78/100|[from] drain|[of] p1a: Glalie\n|\n|-heal|p2a: Mesprit|84/100|[from] item: Leftovers\n|upkeep\n|turn|4\n|inactive|Time left: 300 sec this turn | 300 sec total\n|\n|t:|1783560209\n|switch|p1a: Porygon2|Porygon2, L81|270/270\n|-ability|p1a: Porygon2|Download|boost\n|-boost|p1a: Porygon2|spa|1\n|move|p2a: Mesprit|Psychic Noise|p1a: Porygon2\n|-damage|p1a: Porygon2|216/270\n|-start|p1a: Porygon2|move: Heal Block\n|\n|-heal|p2a: Mesprit|90/100|[from] item: Leftovers\n|upkeep\n|turn|5\n|inactive|Time left: 300 sec this turn | 300 sec total\n|\n|t:|1783560210\n|move|p2a: Mesprit|Knock Off|p1a: Porygon2\n|-damage|p1a: Porygon2|162/270\n|-enditem|p1a: Porygon2|Eviolite|[from] move: Knock Off|[of] p2a: Mesprit\n|move|p1a: Porygon2|Tri Attack|p2a: Mesprit\n|-damage|p2a: Mesprit|53/100\n|\n|-heal|p2a: Mesprit|59/100|[from] item: Leftovers\n|-end|p1a: Porygon2|move: Heal Block\n|upkeep\n|turn|6\n|inactive|Time left: 300 sec this turn | 300 sec total\n|\n|t:|1783560212\n|move|p2a: Mesprit|Psychic Noise|p1a: Porygon2\n|-damage|p1a: Porygon2|74/270\n|-start|p1a: Porygon2|move: Heal Block\n|move|p1a: Porygon2|Tri Attack|p2a: Mesprit\n|-damage|p2a: Mesprit|17/100\n|\n|-heal|p2a: Mesprit|23/100|[from] item: Leftovers\n|upkeep\n|turn|7\n|inactive|Time left: 300 sec this turn | 300 sec total\n|\n|t:|1783560214\n|switch|p1a: Gardevoir|Gardevoir, L83, M|249/249\n|-ability|p1a: Gardevoir|Levitate|Trace|[from] ability: Trace|[of] p2a: Mesprit\n|move|p2a: Mesprit|Psychic Noise|p1a: Gardevoir\n|-resisted|p1a: Gardevoir\n|-damage|p1a: Gardevoir|216/249\n|-start|p1a: Gardevoir|move: Heal Block\n|\n|-heal|p2a: Mesprit|29/100|[from] item: Leftovers\n|upkeep\n|turn|8\n|inactive|Time left: 300 sec this turn | 300 sec total\n|\n|t:|1783560215\n|switch|p2a: Lunala|Lunala, L70|100/100\n|move|p1a: Gardevoir|Moonblast|p2a: Lunala\n|-crit|p2a: Lunala\n|-damage|p2a: Lunala|63/100\n|-unboost|p2a: Lunala|spa|1\n|-damage|p1a: Gardevoir|192/249|[from] item: Life Orb\n|\n|-heal|p2a: Lunala|70/100|[from] item: Leftovers\n|-end|p1a: Gardevoir|move: Heal Block\n|upkeep\n|turn|9\n|inactive|Time left: 300 sec this turn | 300 sec total\n|\n|t:|1783560216\n|move|p1a: Gardevoir|Moonblast|p2a: Lunala\n|-damage|p2a: Lunala|16/100\n|-damage|p1a: Gardevoir|168/249|[from] item: Life Orb\n|move|p2a: Lunala|Moonlight|p2a: Lunala\n|-heal|p2a: Lunala|66/100\n|\n|-heal|p2a: Lunala|73/100|[from] item: Leftovers\n|upkeep\n|turn|10\n|inactive|Time left: 300 sec this turn | 300 sec total\n|\n|t:|1783560217\n|move|p1a: Gardevoir|Moonblast|p2a: Lunala\n|-damage|p2a: Lunala|16/100\n|-damage|p1a: Gardevoir|144/249|[from] item: Life Orb\n|move|p2a: Lunala|Moongeist Beam|p1a: Gardevoir\n|-supereffective|p1a: Gardevoir\n|-damage|p1a: Gardevoir|30/249\n|\n|-heal|p2a: Lunala|22/100|[from] item: Leftovers\n|upkeep\n|turn|11\n|inactive|Time left: 300 sec this turn | 300 sec total\n|\n|t:|1783560219\n|switch|p2a: Mesprit|Mesprit, L85|29/100\n|move|p1a: Gardevoir|Moonblast|p2a: Mesprit\n|-damage|p2a: Mesprit|0 fnt\n|faint|p2a: Mesprit\n|-damage|p1a: Gardevoir|6/249|[from] item: Life Orb\n|\n|upkeep\n|\n|t:|1783560220\n|switch|p2a: Honchkrow|Honchkrow, L86, F|100/100\n|turn|12\n|inactive|Time left: 300 sec this turn | 300 sec total\n|\n|t:|1783560221\n|move|p2a: Honchkrow|Sucker Punch|p1a: Gardevoir\n|-damage|p1a: Gardevoir|0 fnt\n|faint|p1a: Gardevoir\n|-ability|p2a: Honchkrow|Moxie|boost\n|-boost|p2a: Honchkrow|atk|1\n|\n|upkeep\n|inactive|Time left: 300 sec this turn | 300 sec total | 5 sec grace\n|\n|t:|1783560222\n|switch|p1a: Falinks|Falinks, L84|246/246\n|turn|13\n|inactive|Time left: 300 sec this turn | 300 sec total\n|\n|t:|1783560223\n|-terastallize|p1a: Falinks|Steel\n|move|p1a: Falinks|No Retreat|p1a: Falinks\n|-boost|p1a: Falinks|atk|1\n|-boost|p1a: Falinks|def|1\n|-boost|p1a: Falinks|spa|1\n|-boost|p1a: Falinks|spd|1\n|-boost|p1a: Falinks|spe|1\n|-start|p1a: Falinks|move: No Retreat\n|move|p2a: Honchkrow|Brave Bird|p1a: Falinks\n|-resisted|p1a: Falinks\n|-damage|p1a: Falinks|176/246\n|-damage|p2a: Honchkrow|93/100|[from] Recoil\n|\n|upkeep\n|turn|14\n|inactive|Time left: 300 sec this turn | 300 sec total\n|\n|t:|1783560224\n|move|p1a: Falinks|Close Combat|p2a: Honchkrow\n|-damage|p2a: Honchkrow|0 fnt\n|-unboost|p1a: Falinks|def|1\n|-unboost|p1a: Falinks|spd|1\n|faint|p2a: Honchkrow\n|-damage|p1a: Falinks|152/246|[from] item: Life Orb\n|\n|upkeep\n|\n|t:|1783560225\n|switch|p2a: Breloom|Breloom, L83, M|100/100\n|turn|15\n|inactive|Time left: 300 sec this turn | 300 sec total\n|\n|t:|1783560226\n|move|p2a: Breloom|Mach Punch|p1a: Falinks\n|-supereffective|p1a: Falinks\n|-damage|p1a: Falinks|0 fnt\n|faint|p1a: Falinks\n|-damage|p2a: Breloom|91/100|[from] item: Life Orb\n|\n|upkeep\n|inactive|Time left: 300 sec this turn | 300 sec total | 5 sec grace\n|\n|t:|1783560227\n|switch|p1a: Appletun|Appletun, L92, M|352/352\n|turn|16\n|inactive|Time left: 300 sec this turn | 300 sec total\n|\n|t:|1783560227\n|move|p2a: Breloom|Rock Tomb|p1a: Appletun\n|-damage|p1a: Appletun|247/352\n|-unboost|p1a: Appletun|spe|1\n|-damage|p2a: Breloom|81/100|[from] item: Life Orb\n|move|p1a: Appletun|Dragon Pulse|p2a: Breloom\n|-damage|p2a: Breloom|19/100\n|\n|-heal|p1a: Appletun|269/352|[from] item: Leftovers\n|upkeep\n|turn|17\n|inactive|Time left: 300 sec this turn | 300 sec total\n|\n|t:|1783560228\n|move|p2a: Breloom|Rock Tomb|p1a: Appletun\n|-damage|p1a: Appletun|169/352\n|-unboost|p1a: Appletun|spe|1\n|-damage|p2a: Breloom|9/100|[from] item: Life Orb\n|move|p1a: Appletun|Apple Acid|p2a: Breloom\n|-resisted|p2a: Breloom\n|-damage|p2a: Breloom|0 fnt\n|faint|p2a: Breloom\n|\n|-heal|p1a: Appletun|191/352|[from] item: Leftovers\n|upkeep\n|\n|t:|1783560229\n|switch|p2a: Cloyster|Cloyster, L80, F|100/100\n|turn|18\n|inactive|Time left: 300 sec this turn | 300 sec total\n|\n|t:|1783560230\n|move|p2a: Cloyster|Icicle Spear|p1a: Appletun\n|-supereffective|p1a: Appletun\n|-damage|p1a: Appletun|139/352\n|-supereffective|p1a: Appletun\n|-damage|p1a: Appletun|91/352\n|-supereffective|p1a: Appletun\n|-damage|p1a: Appletun|39/352\n|-supereffective|p1a: Appletun\n|-damage|p1a: Appletun|0 fnt\n|faint|p1a: Appletun\n|-hitcount|p1: Appletun|4\n|\n|upkeep\n|inactive|Time left: 300 sec this turn | 300 sec total | 5 sec grace\n|\n|t:|1783560231\n|switch|p1a: Reshiram|Reshiram, L76|277/277\n|-ability|p1a: Reshiram|Turboblaze\n|turn|19\n|inactive|Time left: 300 sec this turn | 300 sec total\n|\n|t:|1783560232\n|move|p1a: Reshiram|Blue Flare|p2a: Cloyster\n|-damage|p2a: Cloyster|0 fnt\n|faint|p2a: Cloyster\n|\n|upkeep\n|\n|t:|1783560233\n|switch|p2a: Feraligatr|Feraligatr, L79, M|30/100\n|turn|20\n|inactive|Time left: 300 sec this turn | 300 sec total\n|\n|t:|1783560234\n|move|p1a: Reshiram|Earth Power|p2a: Feraligatr\n|-damage|p2a: Feraligatr|0 fnt\n|faint|p2a: Feraligatr\n|\n|upkeep\n|\n|t:|1783560235\n|switch|p2a: Lunala|Lunala, L70|22/100\n|turn|21\n|inactive|Time left: 300 sec this turn | 300 sec total\n|\n|t:|1783560236\n|move|p1a: Reshiram|Earth Power|p2a: Lunala\n|-damage|p2a: Lunala|0 fnt\n|faint|p2a: Lunala\n|\n|win|p0x174930c6", "uploadtime": 1783560236, "views": 0, "rating": 0, "private": 0, "password": null, "_winner": "p0x174930c6", "_our_name": "p0x174930c6"}