{"id": "battle-gen9randombattle-1505", "formatid": "gen9randombattle", "format": "[Gen 9] Random Battle", "players": ["p0x15053b10", "p0y150571ff"], "log": "|init|battle\n|title|p0x15053b10 vs. p0y150571ff\n|j|\u2606p0x15053b10\n|j|\u2606p0y150571ff\n|t:|1783556581\n|gametype|singles\n|player|p1|p0x15053b10|265|\n|player|p2|p0y150571ff|101|\n|gen|9\n|tier|[Gen 9] Random Battle\n|rule|Species Clause: Limit one of each Pok\u00e9mon\n|rule|HP Percentage Mod: HP is shown in percentages\n|rule|Sleep Clause Mod: Limit one foe put to sleep\n|rule|Illusion Level Mod: Illusion disguises the Pok\u00e9mon's true level\n|\n|t:|1783556581\n|teamsize|p1|6\n|teamsize|p2|6\n|start\n|switch|p1a: Magnezone|Magnezone, L85|100/100\n|switch|p2a: Greedent|Greedent, L86, F|347/347\n|turn|1\n|inactive|Battle timer is ON: inactive players will automatically lose when time's up. (requested by p0x15053b10)\n|inactive|Time left: 300 sec this turn | 300 sec total | 60 sec grace\n|inactive|p0y150571ff also wants the timer to be on.\n|\n|t:|1783556583\n|move|p1a: Magnezone|Volt Switch|p2a: Greedent\n|-damage|p2a: Greedent|244/347\n|\n|t:|1783556584\n|switch|p1a: Falinks|Falinks, L84|100/100|[from] Volt Switch\n|move|p2a: Greedent|Swords Dance|p2a: Greedent\n|-boost|p2a: Greedent|atk|2\n|\n|upkeep\n|turn|2\n|inactive|Time left: 300 sec this turn | 300 sec total\n|\n|t:|1783556585\n|-terastallize|p2a: Greedent|Ground\n|move|p1a: Falinks|No Retreat|p1a: Falinks\n|-boost|p1a: Falinks|atk|1\n|-boost|p1a: Falinks|def|1\n|-boost|p1a: Falinks|spa|1\n|-boost|p1a: Falinks|spd|1\n|-boost|p1a: Falinks|spe|1\n|-start|p1a: Falinks|move: No Retreat\n|move|p2a: Greedent|Earthquake|p1a: Falinks\n|-damage|p1a: Falinks|43/100\n|\n|upkeep\n|turn|3\n|inactive|Time left: 300 sec this turn | 300 sec total\n|\n|t:|1783556586\n|move|p1a: Falinks|Close Combat|p2a: Greedent\n|-damage|p2a: Greedent|5/347\n|-unboost|p1a: Falinks|def|1\n|-unboost|p1a: Falinks|spd|1\n|-enditem|p2a: Greedent|Sitrus Berry|[eat]\n|-heal|p2a: Greedent|91/347|[from] item: Sitrus Berry\n|-heal|p2a: Greedent|206/347|[from] ability: Cheek Pouch\n|-damage|p1a: Falinks|33/100|[from] item: Life Orb\n|move|p2a: Greedent|Earthquake|p1a: Falinks\n|-damage|p1a: Falinks|0 fnt\n|faint|p1a: Falinks\n|\n|upkeep\n|\n|t:|1783556587\n|switch|p1a: Vaporeon|Vaporeon, L86, M|100/100\n|turn|4\n|inactive|Time left: 300 sec this turn | 300 sec total\n|\n|t:|1783556588\n|switch|p2a: Hydrapple|Hydrapple, L83, M|312/312\n|move|p1a: Vaporeon|Scald|p2a: Hydrapple\n|-resisted|p2a: Hydrapple\n|-damage|p2a: Hydrapple|283/312\n|-status|p2a: Hydrapple|brn\n|\n|-damage|p2a: Hydrapple|264/312 brn|[from] brn\n|upkeep\n|turn|5\n|inactive|Time left: 300 sec this turn | 300 sec total\n|\n|t:|1783556590\n|move|p1a: Vaporeon|Calm Mind|p1a: Vaporeon\n|-boost|p1a: Vaporeon|spa|1\n|-boost|p1a: Vaporeon|spd|1\n|move|p2a: Hydrapple|Nasty Plot|p2a: Hydrapple\n|-boost|p2a: Hydrapple|spa|2\n|\n|-damage|p2a: Hydrapple|245/312 brn|[from] brn\n|upkeep\n|turn|6\n|inactive|Time left: 300 sec this turn | 300 sec total\n|\n|t:|1783556591\n|move|p1a: Vaporeon|Protect|p1a: Vaporeon\n|-singleturn|p1a: Vaporeon|Protect\n|move|p2a: Hydrapple|Giga Drain|p1a: Vaporeon\n|-activate|p1a: Vaporeon|move: Protect\n|\n|-damage|p2a: Hydrapple|226/312 brn|[from] brn\n|upkeep\n|turn|7\n|inactive|Time left: 300 sec this turn | 300 sec total\n|\n|t:|1783556592\n|move|p1a: Vaporeon|Calm Mind|p1a: Vaporeon\n|-boost|p1a: Vaporeon|spa|1\n|-boost|p1a: Vaporeon|spd|1\n|move|p2a: Hydrapple|Giga Drain|p1a: Vaporeon\n|-supereffective|p1a: Vaporeon\n|-damage|p1a: Vaporeon|40/100\n|-heal|p2a: Hydrapple|312/312 brn|[from] drain|[of] p1a: Vaporeon\n|-damage|p2a: Hydrapple|281/312 brn|[from] item: Life Orb\n|\n|-heal|p1a: Vaporeon|46/100|[from] item: Leftovers\n|-damage|p2a: Hydrapple|262/312 brn|[from] brn\n|upkeep\n|turn|8\n|inactive|Time left: 300 sec this turn | 300 sec total\n|\n|t:|1783556593\n|move|p1a: Vaporeon|Protect|p1a: Vaporeon\n|-singleturn|p1a: Vaporeon|Protect\n|move|p2a: Hydrapple|Giga Drain|p1a: Vaporeon\n|-activate|p1a: Vaporeon|move: Protect\n|\n|-heal|p1a: Vaporeon|52/100|[from] item: Leftovers\n|-damage|p2a: Hydrapple|243/312 brn|[from] brn\n|upkeep\n|turn|9\n|inactive|Time left: 300 sec this turn | 300 sec total\n|\n|t:|1783556594\n|move|p1a: Vaporeon|Protect|p1a: Vaporeon\n|-singleturn|p1a: Vaporeon|Protect\n|move|p2a: Hydrapple|Giga Drain|p1a: Vaporeon\n|-activate|p1a: Vaporeon|move: Protect\n|\n|-heal|p1a: Vaporeon|58/100|[from] item: Leftovers\n|-damage|p2a: Hydrapple|224/312 brn|[from] brn\n|upkeep\n|turn|10\n|inactive|Time left: 300 sec this turn | 300 sec total\n|\n|t:|1783556595\n|move|p1a: Vaporeon|Calm Mind|p1a: Vaporeon\n|-boost|p1a: Vaporeon|spa|1\n|-boost|p1a: Vaporeon|spd|1\n|move|p2a: Hydrapple|Giga Drain|p1a: Vaporeon\n|-supereffective|p1a: Vaporeon\n|-damage|p1a: Vaporeon|4/100\n|-heal|p2a: Hydrapple|312/312 brn|[from] drain|[of] p1a: Vaporeon\n|-damage|p2a: Hydrapple|281/312 brn|[from] item: Life Orb\n|\n|-heal|p1a: Vaporeon|10/100|[from] item: Leftovers\n|-damage|p2a: Hydrapple|262/312 brn|[from] brn\n|upkeep\n|turn|11\n|inactive|Time left: 300 sec this turn | 300 sec total\n|\n|t:|1783556596\n|move|p1a: Vaporeon|Scald|p2a: Hydrapple\n|-resisted|p2a: Hydrapple\n|-damage|p2a: Hydrapple|190/312 brn\n|move|p2a: Hydrapple|Giga Drain|p1a: Vaporeon\n|-supereffective|p1a: Vaporeon\n|-damage|p1a: Vaporeon|0 fnt\n|-heal|p2a: Hydrapple|208/312 brn|[from] drain|[of] p1a: Vaporeon\n|faint|p1a: Vaporeon\n|-damage|p2a: Hydrapple|177/312 brn|[from] item: Life Orb\n|\n|-damage|p2a: Hydrapple|158/312 brn|[from] brn\n|upkeep\n|\n|t:|1783556597\n|switch|p1a: Dodrio|Dodrio, L85, F|100/100\n|turn|12\n|inactive|Time left: 300 sec this turn | 300 sec total\n|\n|t:|1783556598\n|switch|p2a: Electrode|Electrode, L92|260/260\n|move|p1a: Dodrio|Brave Bird|p2a: Electrode\n|-resisted|p2a: Electrode\n|-damage|p2a: Electrode|138/260\n|-damage|p1a: Dodrio|84/100|[from] Recoil\n|\n|upkeep\n|turn|13\n|inactive|Time left: 300 sec this turn | 300 sec total\n|\n|t:|1783556600\n|switch|p1a: Kommo-o|Kommo-o, L77, M|100/100\n|move|p2a: Electrode|Thunderbolt|p1a: Kommo-o\n|-resisted|p1a: Kommo-o\n|-damage|p1a: Kommo-o|77/100\n|-damage|p2a: Electrode|112/260|[from] item: Life Orb\n|\n|upkeep\n|turn|14\n|inactive|Time left: 300 sec this turn | 300 sec total\n|\n|t:|1783556601\n|move|p2a: Electrode|Volt Switch|p1a: Kommo-o\n|-resisted|p1a: Kommo-o\n|-damage|p1a: Kommo-o|58/100\n|-damage|p2a: Electrode|86/260|[from] item: Life Orb\n|inactive|Time left: 300 sec this turn | 300 sec total | 5 sec grace\n|\n|t:|1783556602\n|switch|p2a: Spectrier|Spectrier, L75|274/274|[from] Volt Switch\n|move|p1a: Kommo-o|Drain Punch|p2a: Spectrier\n|-immune|p2a: Spectrier\n|\n|upkeep\n|turn|15\n|inactive|Time left: 300 sec this turn | 300 sec total\n|\n|t:|1783556603\n|switch|p1a: Dodrio|Dodrio, L85, F|84/100\n|move|p2a: Spectrier|Shadow Ball|p1a: Dodrio\n|-immune|p1a: Dodrio\n|\n|upkeep\n|turn|16\n|inactive|Time left: 300 sec this turn | 300 sec total\n|\n|t:|1783556604\n|move|p2a: Spectrier|Dark Pulse|p1a: Dodrio\n|-damage|p1a: Dodrio|37/100\n|-damage|p2a: Spectrier|247/274|[from] item: Life Orb\n|move|p1a: Dodrio|Brave Bird|p2a: Spectrier\n|-damage|p2a: Spectrier|0 fnt\n|faint|p2a: Spectrier\n|-damage|p1a: Dodrio|3/100|[from] Recoil\n|\n|upkeep\n|inactive|Time left: 300 sec this turn | 300 sec total | 5 sec grace\n|\n|t:|1783556605\n|switch|p2a: Electrode|Electrode, L92|86/260\n|turn|17\n|inactive|Time left: 300 sec this turn | 300 sec total\n|\n|t:|1783556606\n|move|p2a: Electrode|Volt Switch|p1a: Dodrio\n|-supereffective|p1a: Dodrio\n|-damage|p1a: Dodrio|0 fnt\n|faint|p1a: Dodrio\n|-damage|p2a: Electrode|60/260|[from] item: Life Orb\n|inactive|Time left: 300 sec this turn | 300 sec total | 5 sec grace\n|\n|t:|1783556607\n|switch|p2a: Greedent|Greedent, L86, F, tera:Ground|206/347|[from] Volt Switch\n|\n|upkeep\n|\n|t:|1783556608\n|switch|p1a: Kommo-o|Kommo-o, L77, M|58/100\n|turn|18\n|inactive|Time left: 300 sec this turn | 300 sec total\n|\n|t:|1783556609\n|move|p1a: Kommo-o|Boomburst|p2a: Greedent\n|-damage|p2a: Greedent|109/347\n|-enditem|p1a: Kommo-o|Throat Spray\n|-boost|p1a: Kommo-o|spa|1|[from] item: Throat Spray\n|move|p2a: Greedent|Earthquake|p1a: Kommo-o\n|-crit|p1a: Kommo-o\n|-damage|p1a: Kommo-o|0 fnt\n|faint|p1a: Kommo-o\n|\n|upkeep\n|\n|t:|1783556609\n|switch|p1a: Magnezone|Magnezone, L85|100/100\n|turn|19\n|inactive|Time left: 300 sec this turn | 300 sec total\n|\n|t:|1783556610\n|switch|p2a: Pachirisu|Pachirisu, L96, M|271/271\n|move|p1a: Magnezone|Flash Cannon|p2a: Pachirisu\n|-resisted|p2a: Pachirisu\n|-damage|p2a: Pachirisu|221/271\n|\n|upkeep\n|turn|20\n|inactive|Time left: 300 sec this turn | 300 sec total\n|\n|t:|1783556612\n|move|p2a: Pachirisu|Super Fang|p1a: Magnezone\n|-damage|p1a: Magnezone|50/100\n|move|p1a: Magnezone|Flash Cannon|p2a: Pachirisu\n|-resisted|p2a: Pachirisu\n|-damage|p2a: Pachirisu|170/271\n|\n|upkeep\n|turn|21\n|inactive|Time left: 300 sec this turn | 300 sec total\n|\n|t:|1783556613\n|move|p2a: Pachirisu|Super Fang|p1a: Magnezone\n|-damage|p1a: Magnezone|26/100\n|move|p1a: Magnezone|Flash Cannon|p2a: Pachirisu\n|-resisted|p2a: Pachirisu\n|-damage|p2a: Pachirisu|120/271\n|\n|upkeep\n|turn|22\n|inactive|Time left: 300 sec this turn | 300 sec total\n|\n|t:|1783556614\n|move|p2a: Pachirisu|Discharge|p1a: Magnezone\n|-resisted|p1a: Magnezone\n|-damage|p1a: Magnezone|14/100\n|move|p1a: Magnezone|Flash Cannon|p2a: Pachirisu\n|-resisted|p2a: Pachirisu\n|-damage|p2a: Pachirisu|72/271\n|\n|upkeep\n|turn|23\n|inactive|Time left: 300 sec this turn | 300 sec total\n|\n|t:|1783556615\n|move|p2a: Pachirisu|Discharge|p1a: Magnezone\n|-resisted|p1a: Magnezone\n|-damage|p1a: Magnezone|2/100\n|move|p1a: Magnezone|Flash Cannon|p2a: Pachirisu\n|-resisted|p2a: Pachirisu\n|-damage|p2a: Pachirisu|27/271\n|\n|upkeep\n|turn|24\n|inactive|Time left: 300 sec this turn | 300 sec total\n|\n|t:|1783556616\n|switch|p1a: Iron Treads|Iron Treads, L77|100/100\n|move|p2a: Pachirisu|U-turn|p1a: Iron Treads\n|-resisted|p1a: Iron Treads\n|-damage|p1a: Iron Treads|94/100\n|inactive|Time left: 300 sec this turn | 300 sec total | 5 sec grace\n|\n|t:|1783556617\n|switch|p2a: Hydrapple|Hydrapple, L83, M|262/312 brn|[from] U-turn\n|\n|-heal|p1a: Iron Treads|100/100|[from] item: Leftovers\n|-damage|p2a: Hydrapple|243/312 brn|[from] brn\n|upkeep\n|turn|25\n|inactive|Time left: 300 sec this turn | 300 sec total\n|\n|t:|1783556618\n|move|p1a: Iron Treads|Iron Head|p2a: Hydrapple\n|-damage|p2a: Hydrapple|176/312 brn\n|move|p2a: Hydrapple|Giga Drain|p1a: Iron Treads\n|-damage|p1a: Iron Treads|40/100\n|-heal|p2a: Hydrapple|257/312 brn|[from] drain|[of] p1a: Iron Treads\n|-damage|p2a: Hydrapple|226/312 brn|[from] item: Life Orb\n|\n|-heal|p1a: Iron Treads|46/100|[from] item: Leftovers\n|-damage|p2a: Hydrapple|207/312 brn|[from] brn\n|upkeep\n|turn|26\n|inactive|Time left: 300 sec this turn | 300 sec total\n|\n|t:|1783556619\n|move|p1a: Iron Treads|Iron Head|p2a: Hydrapple\n|-damage|p2a: Hydrapple|143/312 brn\n|move|p2a: Hydrapple|Giga Drain|p1a: Iron Treads\n|-damage|p1a: Iron Treads|0 fnt\n|-heal|p2a: Hydrapple|203/312 brn|[from] drain|[of] p1a: Iron Treads\n|faint|p1a: Iron Treads\n|-end|p1a: Iron Treads|Quark Drive|[silent]\n|-damage|p2a: Hydrapple|172/312 brn|[from] item: Life Orb\n|\n|-damage|p2a: Hydrapple|153/312 brn|[from] brn\n|upkeep\n|\n|t:|1783556620\n|switch|p1a: Magnezone|Magnezone, L85|2/100\n|turn|27\n|inactive|Time left: 300 sec this turn | 300 sec total\n|\n|t:|1783556621\n|move|p1a: Magnezone|Flash Cannon|p2a: Hydrapple\n|-damage|p2a: Hydrapple|38/312 brn\n|move|p2a: Hydrapple|Giga Drain|p1a: Magnezone\n|-resisted|p1a: Magnezone\n|-damage|p1a: Magnezone|0 fnt\n|-heal|p2a: Hydrapple|41/312 brn|[from] drain|[of] p1a: Magnezone\n|faint|p1a: Magnezone\n|-damage|p2a: Hydrapple|10/312 brn|[from] item: Life Orb\n|\n|win|p0y150571ff", "uploadtime": 1783556621, "views": 0, "rating": 0, "private": 0, "password": null, "_winner": "p0y150571ff", "_our_name": "p0y150571ff"}