{"id": "battle-gen9randombattle-997", "formatid": "gen9randombattle", "format": "[Gen 9] Random Battle", "players": ["p0x997e7a0", "p0y997a090"], "log": "|init|battle\n|title|p0x997e7a0 vs. p0y997a090\n|j|\u2606p0x997e7a0\n|j|\u2606p0y997a090\n|t:|1783550746\n|gametype|singles\n|player|p1|p0x997e7a0|1|\n|player|p2|p0y997a090|101|\n|gen|9\n|tier|[Gen 9] Random Battle\n|rule|Species Clause: Limit one of each Pok\u00e9mon\n|rule|HP Percentage Mod: HP is shown in percentages\n|rule|Sleep Clause Mod: Limit one foe put to sleep\n|rule|Illusion Level Mod: Illusion disguises the Pok\u00e9mon's true level\n|\n|t:|1783550746\n|teamsize|p1|6\n|teamsize|p2|6\n|start\n|switch|p1a: Pikachu|Pikachu-Sinnoh, L93, M|100/100\n|switch|p2a: Spidops|Spidops, L96, M|271/271\n|turn|1\n|inactive|Battle timer is ON: inactive players will automatically lose when time's up. (requested by p0x997e7a0)\n|inactive|Time left: 300 sec this turn | 300 sec total | 60 sec grace\n|inactive|p0y997a090 also wants the timer to be on.\n|\n|t:|1783550748\n|move|p1a: Pikachu|Volt Tackle|p2a: Spidops\n|-damage|p2a: Spidops|90/271\n|-damage|p1a: Pikachu|73/100|[from] Recoil\n|move|p2a: Spidops|Sticky Web|p1a: Pikachu\n|-sidestart|p1: p0x997e7a0|move: Sticky Web\n|\n|upkeep\n|turn|2\n|inactive|Time left: 300 sec this turn | 300 sec total\n|\n|t:|1783550749\n|switch|p2a: Whimsicott|Whimsicott, L84, M|238/238\n|move|p1a: Pikachu|Volt Tackle|p2a: Whimsicott\n|-resisted|p2a: Whimsicott\n|-damage|p2a: Whimsicott|125/238\n|-status|p2a: Whimsicott|par\n|-damage|p1a: Pikachu|56/100|[from] Recoil\n|\n|-heal|p2a: Whimsicott|139/238 par|[from] item: Leftovers\n|upkeep\n|turn|3\n|inactive|Time left: 300 sec this turn | 300 sec total\n|\n|t:|1783550750\n|move|p1a: Pikachu|Volt Tackle|p2a: Whimsicott\n|-resisted|p2a: Whimsicott\n|-damage|p2a: Whimsicott|41/238 par\n|-damage|p1a: Pikachu|41/100|[from] Recoil\n|move|p2a: Whimsicott|Giga Drain|p1a: Pikachu\n|-damage|p1a: Pikachu|0 fnt\n|-heal|p2a: Whimsicott|85/238 par|[from] drain|[of] p1a: Pikachu\n|faint|p1a: Pikachu\n|\n|-heal|p2a: Whimsicott|99/238 par|[from] item: Leftovers\n|upkeep\n|\n|t:|1783550751\n|switch|p1a: Masquerain|Masquerain, L87, M|100/100\n|-ability|p1a: Masquerain|Intimidate|boost\n|-unboost|p2a: Whimsicott|atk|1\n|turn|4\n|inactive|Time left: 300 sec this turn | 300 sec total\n|\n|t:|1783550752\n|switch|p2a: Miraidon|Miraidon, L65|238/238\n|-fieldstart|move: Electric Terrain|[from] ability: Hadron Engine|[of] p2a: Miraidon\n|move|p1a: Masquerain|Quiver Dance|p1a: Masquerain\n|-boost|p1a: Masquerain|spa|1\n|-boost|p1a: Masquerain|spd|1\n|-boost|p1a: Masquerain|spe|1\n|\n|upkeep\n|turn|5\n|inactive|Time left: 300 sec this turn | 300 sec total\n|\n|t:|1783550753\n|move|p1a: Masquerain|Quiver Dance|p1a: Masquerain\n|-boost|p1a: Masquerain|spa|1\n|-boost|p1a: Masquerain|spd|1\n|-boost|p1a: Masquerain|spe|1\n|move|p2a: Miraidon|Electro Drift|p1a: Masquerain\n|-supereffective|p1a: Masquerain\n|-damage|p1a: Masquerain|0 fnt\n|faint|p1a: Masquerain\n|\n|upkeep\n|\n|t:|1783550754\n|switch|p1a: Mamoswine|Mamoswine, L81, F|100/100\n|-activate|p1a: Mamoswine|move: Sticky Web\n|-unboost|p1a: Mamoswine|spe|1\n|turn|6\n|inactive|Time left: 300 sec this turn | 300 sec total\n|\n|t:|1783550755\n|switch|p2a: Whimsicott|Whimsicott, L84, M|99/238 par\n|move|p1a: Mamoswine|Icicle Crash|p2a: Whimsicott\n|-supereffective|p2a: Whimsicott\n|-damage|p2a: Whimsicott|0 fnt\n|faint|p2a: Whimsicott\n|-damage|p1a: Mamoswine|91/100|[from] item: Life Orb\n|\n|upkeep\n|inactive|Time left: 300 sec this turn | 300 sec total | 5 sec grace\n|\n|t:|1783550756\n|switch|p2a: Miraidon|Miraidon, L65|238/238\n|-activate|p2a: Miraidon|ability: Hadron Engine\n|turn|7\n|inactive|Time left: 300 sec this turn | 300 sec total\n|\n|t:|1783550757\n|move|p2a: Miraidon|Draco Meteor|p1a: Mamoswine\n|-damage|p1a: Mamoswine|0 fnt\n|-unboost|p2a: Miraidon|spa|2\n|faint|p1a: Mamoswine\n|\n|upkeep\n|\n|t:|1783550758\n|switch|p1a: Okidogi|Okidogi, L77, M|100/100\n|-activate|p1a: Okidogi|move: Sticky Web\n|-unboost|p1a: Okidogi|spe|1\n|turn|8\n|inactive|Time left: 300 sec this turn | 300 sec total\n|\n|t:|1783550759\n|switch|p2a: Spidops|Spidops, L96, M|90/271\n|move|p1a: Okidogi|Bulk Up|p1a: Okidogi\n|-boost|p1a: Okidogi|atk|1\n|-boost|p1a: Okidogi|def|1\n|\n|-fieldend|move: Electric Terrain\n|upkeep\n|turn|9\n|inactive|Time left: 300 sec this turn | 300 sec total\n|\n|t:|1783550760\n|move|p2a: Spidops|Knock Off|p1a: Okidogi\n|-resisted|p1a: Okidogi\n|-damage|p1a: Okidogi|91/100\n|-enditem|p1a: Okidogi|Leftovers|[from] move: Knock Off|[of] p2a: Spidops\n|move|p1a: Okidogi|Knock Off|p2a: Spidops\n|-damage|p2a: Spidops|5/271\n|-enditem|p2a: Spidops|Heavy-Duty Boots|[from] move: Knock Off|[of] p1a: Okidogi\n|\n|upkeep\n|turn|10\n|inactive|Time left: 300 sec this turn | 300 sec total\n|\n|t:|1783550761\n|move|p1a: Okidogi|Gunk Shot|p2a: Spidops\n|-damage|p2a: Spidops|0 fnt\n|faint|p2a: Spidops\n|\n|upkeep\n|inactive|Time left: 300 sec this turn | 300 sec total | 5 sec grace\n|\n|t:|1783550762\n|switch|p2a: Miraidon|Miraidon, L65|238/238\n|-fieldstart|move: Electric Terrain|[from] ability: Hadron Engine|[of] p2a: Miraidon\n|turn|11\n|inactive|Time left: 300 sec this turn | 300 sec total\n|\n|t:|1783550763\n|move|p2a: Miraidon|Electro Drift|p1a: Okidogi\n|-damage|p1a: Okidogi|0 fnt\n|faint|p1a: Okidogi\n|\n|upkeep\n|\n|t:|1783550764\n|switch|p1a: Haxorus|Haxorus, L77, F|100/100\n|-activate|p1a: Haxorus|move: Sticky Web\n|-unboost|p1a: Haxorus|spe|1\n|-ability|p1a: Haxorus|Mold Breaker\n|turn|12\n|inactive|Time left: 300 sec this turn | 300 sec total\n|\n|t:|1783550765\n|-terastallize|p2a: Miraidon|Electric\n|move|p2a: Miraidon|Electro Drift|p1a: Haxorus\n|-resisted|p1a: Haxorus\n|-damage|p1a: Haxorus|23/100\n|move|p1a: Haxorus|Scale Shot|p2a: Miraidon\n|-damage|p2a: Miraidon|204/238\n|-damage|p2a: Miraidon|167/238\n|-damage|p2a: Miraidon|130/238\n|-damage|p2a: Miraidon|93/238\n|-hitcount|p2a: Miraidon|4\n|-unboost|p1a: Haxorus|def|1\n|-boost|p1a: Haxorus|spe|1\n|\n|upkeep\n|turn|13\n|inactive|Time left: 300 sec this turn | 300 sec total\n|\n|t:|1783550766\n|switch|p1a: Regirock|Regirock, L83|100/100\n|-activate|p1a: Regirock|move: Sticky Web\n|-fail|p1a: Regirock|unboost|[from] ability: Clear Body|[of] p1a: Regirock\n|move|p2a: Miraidon|Electro Drift|p1a: Regirock\n|-damage|p1a: Regirock|0 fnt\n|faint|p1a: Regirock\n|\n|upkeep\n|\n|t:|1783550767\n|switch|p1a: Haxorus|Haxorus, L77, F|23/100\n|-activate|p1a: Haxorus|move: Sticky Web\n|-unboost|p1a: Haxorus|spe|1\n|-ability|p1a: Haxorus|Mold Breaker\n|turn|14\n|inactive|Time left: 300 sec this turn | 300 sec total\n|\n|t:|1783550768\n|move|p2a: Miraidon|Electro Drift|p1a: Haxorus\n|-resisted|p1a: Haxorus\n|-damage|p1a: Haxorus|0 fnt\n|faint|p1a: Haxorus\n|\n|win|p0y997a090", "uploadtime": 1783550768, "views": 0, "rating": 0, "private": 0, "password": null, "_winner": "p0y997a090", "_our_name": "p0y997a090"}