{"id": "battle-gen9randombattle-1719", "formatid": "gen9randombattle", "format": "[Gen 9] Random Battle", "players": ["p0x1719969c", "p0y17198aab"], "log": "|init|battle\n|title|p0x1719969c vs. p0y17198aab\n|j|\u2606p0x1719969c\n|j|\u2606p0y17198aab\n|t:|1783559909\n|gametype|singles\n|player|p1|p0x1719969c|266|\n|player|p2|p0y17198aab|1|\n|gen|9\n|tier|[Gen 9] Random Battle\n|rule|Species Clause: Limit one of each Pok\u00e9mon\n|rule|HP Percentage Mod: HP is shown in percentages\n|rule|Sleep Clause Mod: Limit one foe put to sleep\n|rule|Illusion Level Mod: Illusion disguises the Pok\u00e9mon's true level\n|\n|t:|1783559909\n|teamsize|p1|6\n|teamsize|p2|6\n|start\n|switch|p1a: Mesprit|Mesprit, L85|275/275\n|switch|p2a: Vaporeon|Vaporeon, L86, M|100/100\n|turn|1\n|inactive|Battle timer is ON: inactive players will automatically lose when time's up. (requested by p0x1719969c)\n|inactive|p0y17198aab also wants the timer to be on.\n|\n|t:|1783559909\n|move|p1a: Mesprit|Thunderbolt|p2a: Vaporeon\n|-supereffective|p2a: Vaporeon\n|-damage|p2a: Vaporeon|43/100\n|move|p2a: Vaporeon|Calm Mind|p2a: Vaporeon\n|-boost|p2a: Vaporeon|spa|1\n|-boost|p2a: Vaporeon|spd|1\n|\n|-heal|p2a: Vaporeon|49/100|[from] item: Leftovers\n|upkeep\n|turn|2\n|inactive|Time left: 300 sec this turn | 300 sec total\n|\n|t:|1783559910\n|move|p1a: Mesprit|Thunderbolt|p2a: Vaporeon\n|-supereffective|p2a: Vaporeon\n|-damage|p2a: Vaporeon|14/100\n|move|p2a: Vaporeon|Scald|p1a: Mesprit\n|-damage|p1a: Mesprit|151/275\n|-status|p1a: Mesprit|brn\n|\n|-heal|p2a: Vaporeon|20/100|[from] item: Leftovers\n|-damage|p1a: Mesprit|134/275 brn|[from] brn\n|upkeep\n|turn|3\n|inactive|Time left: 300 sec this turn | 300 sec total\n|\n|t:|1783559911\n|move|p2a: Vaporeon|Protect|p2a: Vaporeon\n|-singleturn|p2a: Vaporeon|Protect\n|move|p1a: Mesprit|Thunderbolt|p2a: Vaporeon\n|-activate|p2a: Vaporeon|move: Protect\n|\n|-heal|p2a: Vaporeon|26/100|[from] item: Leftovers\n|-damage|p1a: Mesprit|117/275 brn|[from] brn\n|upkeep\n|turn|4\n|inactive|Time left: 300 sec this turn | 300 sec total\n|\n|t:|1783559911\n|move|p1a: Mesprit|Thunderbolt|p2a: Vaporeon\n|-supereffective|p2a: Vaporeon\n|-damage|p2a: Vaporeon|0 fnt\n|faint|p2a: Vaporeon\n|\n|-damage|p1a: Mesprit|100/275 brn|[from] brn\n|upkeep\n|\n|t:|1783559912\n|switch|p2a: Leavanny|Leavanny, L86, F|100/100\n|turn|5\n|inactive|Time left: 300 sec this turn | 300 sec total\n|\n|t:|1783559913\n|switch|p1a: Entei|Entei, L78|307/307\n|move|p2a: Leavanny|Sticky Web|p1a: Entei\n|-sidestart|p1: p0x1719969c|move: Sticky Web\n|\n|upkeep\n|turn|6\n|inactive|Time left: 300 sec this turn | 300 sec total\n|\n|t:|1783559914\n|move|p2a: Leavanny|Knock Off|p1a: Entei\n|-crit|p1a: Entei\n|-damage|p1a: Entei|175/307\n|-enditem|p1a: Entei|Choice Band|[from] move: Knock Off|[of] p2a: Leavanny\n|move|p1a: Entei|Sacred Fire|p2a: Leavanny\n|-supereffective|p2a: Leavanny\n|-damage|p2a: Leavanny|0 fnt\n|faint|p2a: Leavanny\n|\n|upkeep\n|\n|t:|1783559915\n|switch|p2a: Gothitelle|Gothitelle, L90, M|100/100\n|turn|7\n|inactive|Time left: 300 sec this turn | 300 sec total\n|\n|t:|1783559916\n|move|p1a: Entei|Sacred Fire|p2a: Gothitelle\n|-crit|p2a: Gothitelle\n|-damage|p2a: Gothitelle|50/100\n|-status|p2a: Gothitelle|brn\n|move|p2a: Gothitelle|Psychic Noise|p1a: Entei\n|-crit|p1a: Entei\n|-damage|p1a: Entei|16/307\n|-start|p1a: Entei|move: Heal Block\n|\n|-heal|p2a: Gothitelle|57/100 brn|[from] item: Leftovers\n|-damage|p2a: Gothitelle|50/100 brn|[from] brn\n|upkeep\n|turn|8\n|inactive|Time left: 300 sec this turn | 300 sec total\n|\n|t:|1783559917\n|move|p1a: Entei|Sacred Fire|p2a: Gothitelle\n|-damage|p2a: Gothitelle|16/100 brn\n|move|p2a: Gothitelle|Dark Pulse|p1a: Entei\n|-damage|p1a: Entei|0 fnt\n|faint|p1a: Entei\n|\n|-heal|p2a: Gothitelle|22/100 brn|[from] item: Leftovers\n|-damage|p2a: Gothitelle|16/100 brn|[from] brn\n|upkeep\n|inactive|Time left: 300 sec this turn | 300 sec total | 5 sec grace\n|\n|t:|1783559918\n|switch|p1a: Veluza|Veluza, L85, F|292/292\n|-activate|p1a: Veluza|move: Sticky Web\n|-unboost|p1a: Veluza|spe|1\n|turn|9\n|inactive|Time left: 300 sec this turn | 300 sec total\n|\n|t:|1783559919\n|-terastallize|p1a: Veluza|Dark\n|move|p2a: Gothitelle|Dark Pulse|p1a: Veluza\n|-resisted|p1a: Veluza\n|-damage|p1a: Veluza|254/292\n|move|p1a: Veluza|Fillet Away|p1a: Veluza\n|-boost|p1a: Veluza|atk|2\n|-boost|p1a: Veluza|spa|2\n|-boost|p1a: Veluza|spe|2\n|-damage|p1a: Veluza|108/292\n|-enditem|p1a: Veluza|Sitrus Berry|[eat]\n|-heal|p1a: Veluza|181/292|[from] item: Sitrus Berry\n|\n|-heal|p2a: Gothitelle|22/100 brn|[from] item: Leftovers\n|-damage|p2a: Gothitelle|16/100 brn|[from] brn\n|upkeep\n|turn|10\n|inactive|Time left: 300 sec this turn | 300 sec total\n|\n|t:|1783559920\n|-terastallize|p2a: Gothitelle|Dark\n|move|p1a: Veluza|Night Slash|p2a: Gothitelle\n|-resisted|p2a: Gothitelle\n|-damage|p2a: Gothitelle|0 fnt\n|faint|p2a: Gothitelle\n|\n|upkeep\n|\n|t:|1783559921\n|switch|p2a: Registeel|Registeel, L81|100/100\n|turn|11\n|inactive|Time left: 300 sec this turn | 300 sec total\n|\n|t:|1783559922\n|move|p1a: Veluza|Aqua Cutter|p2a: Registeel\n|-crit|p2a: Registeel\n|-damage|p2a: Registeel|0 fnt\n|faint|p2a: Registeel\n|\n|upkeep\n|\n|t:|1783559923\n|switch|p2a: Dudunsparce|Dudunsparce-Three-Segment, L83, M|100/100\n|turn|12\n|inactive|Time left: 300 sec this turn | 300 sec total\n|\n|t:|1783559924\n|move|p1a: Veluza|Night Slash|p2a: Dudunsparce\n|-damage|p2a: Dudunsparce|26/100\n|move|p2a: Dudunsparce|Glare|p1a: Veluza\n|-status|p1a: Veluza|par\n|\n|-heal|p2a: Dudunsparce|32/100|[from] item: Leftovers\n|upkeep\n|turn|13\n|inactive|Time left: 300 sec this turn | 300 sec total\n|\n|t:|1783559925\n|move|p2a: Dudunsparce|Headbutt|p1a: Veluza\n|-damage|p1a: Veluza|103/292 par\n|move|p1a: Veluza|Aqua Cutter|p2a: Dudunsparce\n|-damage|p2a: Dudunsparce|0 fnt\n|faint|p2a: Dudunsparce\n|\n|upkeep\n|\n|t:|1783559926\n|switch|p2a: Toxicroak|Toxicroak, L84, M|100/100\n|turn|14\n|inactive|Time left: 300 sec this turn | 300 sec total\n|\n|t:|1783559927\n|move|p2a: Toxicroak|Gunk Shot|p1a: Veluza\n|-damage|p1a: Veluza|0 fnt\n|faint|p1a: Veluza\n|-damage|p2a: Toxicroak|91/100|[from] item: Life Orb\n|\n|upkeep\n|inactive|Time left: 300 sec this turn | 300 sec total | 5 sec grace\n|\n|t:|1783559928\n|switch|p1a: Ho-Oh|Ho-Oh, L71|268/268\n|turn|15\n|inactive|Time left: 300 sec this turn | 300 sec total\n|\n|t:|1783559929\n|move|p2a: Toxicroak|Gunk Shot|p1a: Ho-Oh\n|-damage|p1a: Ho-Oh|60/268\n|-damage|p2a: Toxicroak|81/100|[from] item: Life Orb\n|move|p1a: Ho-Oh|Brave Bird|p2a: Toxicroak\n|-supereffective|p2a: Toxicroak\n|-damage|p2a: Toxicroak|0 fnt\n|faint|p2a: Toxicroak\n|-damage|p1a: Ho-Oh|0 fnt|[from] Recoil\n|faint|p1a: Ho-Oh\n|\n|win|p0x1719969c", "uploadtime": 1783559929, "views": 0, "rating": 0, "private": 0, "password": null, "_winner": "p0x1719969c", "_our_name": "p0x1719969c"}