{"id": "battle-gen9randombattle-1844", "formatid": "gen9randombattle", "format": "[Gen 9] Random Battle", "players": ["p0x18440b26", "p0y18445668"], "log": "|init|battle\n|title|p0x18440b26 vs. p0y18445668\n|j|\u2606p0x18440b26\n|j|\u2606p0y18445668\n|t:|1783560603\n|gametype|singles\n|player|p1|p0x18440b26|1|\n|player|p2|p0y18445668|101|\n|gen|9\n|tier|[Gen 9] Random Battle\n|rule|Species Clause: Limit one of each Pok\u00e9mon\n|rule|HP Percentage Mod: HP is shown in percentages\n|rule|Sleep Clause Mod: Limit one foe put to sleep\n|rule|Illusion Level Mod: Illusion disguises the Pok\u00e9mon's true level\n|\n|t:|1783560603\n|teamsize|p1|6\n|teamsize|p2|6\n|start\n|switch|p1a: Kricketune|Kricketune, L99, F|311/311\n|switch|p2a: Gumshoos|Gumshoos, L95, M|100/100\n|turn|1\n|inactive|Battle timer is ON: inactive players will automatically lose when time's up. (requested by p0y18445668)\n|inactive|Time left: 300 sec this turn | 300 sec total | 60 sec grace\n|inactive|p0x18440b26 also wants the timer to be on.\n|\n|t:|1783560605\n|move|p1a: Kricketune|Sticky Web|p2a: Gumshoos\n|-sidestart|p2: p0y18445668|move: Sticky Web\n|move|p2a: Gumshoos|Double-Edge|p1a: Kricketune\n|-enditem|p1a: Kricketune|Focus Sash\n|-damage|p1a: Kricketune|1/311\n|-damage|p2a: Gumshoos|69/100|[from] Recoil\n|\n|upkeep\n|turn|2\n|inactive|Time left: 300 sec this turn | 300 sec total\n|\n|t:|1783560606\n|move|p1a: Kricketune|Pounce|p2a: Gumshoos\n|-damage|p2a: Gumshoos|34/100\n|-unboost|p2a: Gumshoos|spe|1\n|move|p2a: Gumshoos|Double-Edge|p1a: Kricketune\n|-damage|p1a: Kricketune|0 fnt\n|faint|p1a: Kricketune\n|-damage|p2a: Gumshoos|34/100|[from] Recoil\n|\n|upkeep\n|inactive|Time left: 300 sec this turn | 300 sec total | 5 sec grace\n|\n|t:|1783560606\n|switch|p1a: Heracross|Heracross, L80, F|259/259\n|turn|3\n|inactive|Time left: 300 sec this turn | 300 sec total\n|\n|t:|1783560607\n|move|p1a: Heracross|Megahorn|p2a: Gumshoos\n|-damage|p2a: Gumshoos|0 fnt\n|faint|p2a: Gumshoos\n|-ability|p1a: Heracross|Moxie|boost\n|-boost|p1a: Heracross|atk|1\n|\n|upkeep\n|\n|t:|1783560609\n|switch|p2a: Chi-Yu|Chi-Yu, L77|100/100\n|-activate|p2a: Chi-Yu|move: Sticky Web\n|-unboost|p2a: Chi-Yu|spe|1\n|-ability|p2a: Chi-Yu|Beads of Ruin\n|turn|4\n|inactive|Time left: 300 sec this turn | 300 sec total\n|\n|t:|1783560610\n|move|p1a: Heracross|Megahorn|p2a: Chi-Yu\n|-damage|p2a: Chi-Yu|0 fnt\n|faint|p2a: Chi-Yu\n|-ability|p1a: Heracross|Moxie|boost\n|-boost|p1a: Heracross|atk|1\n|\n|upkeep\n|\n|t:|1783560611\n|switch|p2a: Espathra|Espathra, L80, M|100/100\n|-activate|p2a: Espathra|move: Sticky Web\n|-unboost|p2a: Espathra|spe|1\n|turn|5\n|inactive|Time left: 300 sec this turn | 300 sec total\n|\n|t:|1783560612\n|move|p2a: Espathra|Protect|p2a: Espathra\n|-singleturn|p2a: Espathra|Protect\n|move|p1a: Heracross|Megahorn|p2a: Espathra\n|-activate|p2a: Espathra|move: Protect\n|\n|-ability|p2a: Espathra|Speed Boost|boost\n|-boost|p2a: Espathra|spe|1\n|upkeep\n|turn|6\n|inactive|Time left: 300 sec this turn | 300 sec total\n|\n|t:|1783560613\n|-terastallize|p2a: Espathra|Fairy\n|move|p1a: Heracross|Megahorn|p2a: Espathra|[miss]\n|-miss|p1a: Heracross|p2a: Espathra\n|move|p2a: Espathra|Dazzling Gleam|p1a: Heracross\n|-supereffective|p1a: Heracross\n|-damage|p1a: Heracross|91/259\n|\n|-ability|p2a: Espathra|Speed Boost|boost\n|-boost|p2a: Espathra|spe|1\n|upkeep\n|turn|7\n|inactive|Time left: 300 sec this turn | 300 sec total\n|\n|t:|1783560614\n|switch|p1a: Vileplume|Vileplume, L85, M|266/266\n|move|p2a: Espathra|Dazzling Gleam|p1a: Vileplume\n|-resisted|p1a: Vileplume\n|-damage|p1a: Vileplume|229/266\n|\n|-heal|p1a: Vileplume|245/266|[from] item: Leftovers\n|-ability|p2a: Espathra|Speed Boost|boost\n|-boost|p2a: Espathra|spe|1\n|upkeep\n|turn|8\n|inactive|Time left: 300 sec this turn | 300 sec total\n|\n|t:|1783560615\n|move|p2a: Espathra|Calm Mind|p2a: Espathra\n|-boost|p2a: Espathra|spa|1\n|-boost|p2a: Espathra|spd|1\n|move|p1a: Vileplume|Sludge Bomb|p2a: Espathra\n|-supereffective|p2a: Espathra\n|-damage|p2a: Espathra|32/100\n|\n|-heal|p2a: Espathra|38/100|[from] item: Leftovers\n|-heal|p1a: Vileplume|261/266|[from] item: Leftovers\n|-ability|p2a: Espathra|Speed Boost|boost\n|-boost|p2a: Espathra|spe|1\n|upkeep\n|turn|9\n|inactive|Time left: 300 sec this turn | 300 sec total\n|\n|t:|1783560616\n|-terastallize|p1a: Vileplume|Steel\n|move|p2a: Espathra|Stored Power|p1a: Vileplume\n|-resisted|p1a: Vileplume\n|-damage|p1a: Vileplume|168/266\n|move|p1a: Vileplume|Sludge Bomb|p2a: Espathra\n|-supereffective|p2a: Espathra\n|-damage|p2a: Espathra|0 fnt\n|faint|p2a: Espathra\n|\n|-heal|p1a: Vileplume|184/266|[from] item: Leftovers\n|upkeep\n|\n|t:|1783560617\n|switch|p2a: Chien-Pao|Chien-Pao, L72|100/100\n|-activate|p2a: Chien-Pao|move: Sticky Web\n|-unboost|p2a: Chien-Pao|spe|1\n|-ability|p2a: Chien-Pao|Sword of Ruin\n|turn|10\n|inactive|Time left: 300 sec this turn | 300 sec total\n|\n|t:|1783560618\n|switch|p1a: Qwilfish|Qwilfish, L86, M|252/252\n|-ability|p1a: Qwilfish|Intimidate|boost\n|-unboost|p2a: Chien-Pao|atk|1\n|move|p2a: Chien-Pao|Sacred Sword|p1a: Qwilfish\n|-resisted|p1a: Qwilfish\n|-damage|p1a: Qwilfish|213/252\n|\n|-heal|p1a: Qwilfish|228/252|[from] item: Leftovers\n|upkeep\n|turn|11\n|inactive|Time left: 300 sec this turn | 300 sec total\n|\n|t:|1783560619\n|switch|p2a: Golduck|Golduck, L90, M|100/100\n|-activate|p2a: Golduck|move: Sticky Web\n|-unboost|p2a: Golduck|spe|1\n|-ability|p2a: Golduck|Cloud Nine\n|move|p1a: Qwilfish|Gunk Shot|p2a: Golduck\n|-crit|p2a: Golduck\n|-damage|p2a: Golduck|26/100\n|\n|-heal|p1a: Qwilfish|243/252|[from] item: Leftovers\n|-heal|p2a: Golduck|32/100|[from] item: Leftovers\n|upkeep\n|turn|12\n|inactive|Time left: 300 sec this turn | 300 sec total\n|\n|t:|1783560620\n|move|p1a: Qwilfish|Gunk Shot|p2a: Golduck\n|-damage|p2a: Golduck|0 fnt\n|faint|p2a: Golduck\n|\n|-heal|p1a: Qwilfish|252/252|[from] item: Leftovers\n|upkeep\n|\n|t:|1783560621\n|switch|p2a: Brambleghast|Brambleghast, L88, F|100/100\n|-activate|p2a: Brambleghast|move: Sticky Web\n|-unboost|p2a: Brambleghast|spe|1\n|turn|13\n|inactive|Time left: 300 sec this turn | 300 sec total\n|\n|t:|1783560622\n|move|p1a: Qwilfish|Gunk Shot|p2a: Brambleghast|[miss]\n|-miss|p1a: Qwilfish|p2a: Brambleghast\n|move|p2a: Brambleghast|Poltergeist|p1a: Qwilfish\n|-activate|p1a: Qwilfish|move: Poltergeist|Leftovers\n|-damage|p1a: Qwilfish|101/252\n|\n|-heal|p1a: Qwilfish|116/252|[from] item: Leftovers\n|upkeep\n|turn|14\n|inactive|Time left: 300 sec this turn | 300 sec total\n|\n|t:|1783560623\n|move|p1a: Qwilfish|Gunk Shot|p2a: Brambleghast\n|-damage|p2a: Brambleghast|35/100\n|-status|p2a: Brambleghast|psn\n|move|p2a: Brambleghast|Poltergeist|p1a: Qwilfish\n|-activate|p1a: Qwilfish|move: Poltergeist|Leftovers\n|-damage|p1a: Qwilfish|0 fnt\n|faint|p1a: Qwilfish\n|\n|-heal|p2a: Brambleghast|41/100 psn|[from] item: Leftovers\n|-damage|p2a: Brambleghast|29/100 psn|[from] psn\n|upkeep\n|inactive|Time left: 300 sec this turn | 300 sec total | 5 sec grace\n|\n|t:|1783560624\n|switch|p1a: Heracross|Heracross, L80, F|91/259\n|turn|15\n|inactive|Time left: 300 sec this turn | 300 sec total\n|\n|t:|1783560625\n|move|p1a: Heracross|Megahorn|p2a: Brambleghast|[miss]\n|-miss|p1a: Heracross|p2a: Brambleghast\n|move|p2a: Brambleghast|Leech Seed|p1a: Heracross\n|-start|p1a: Heracross|move: Leech Seed\n|\n|-heal|p2a: Brambleghast|35/100 psn|[from] item: Leftovers\n|-damage|p1a: Heracross|59/259|[from] Leech Seed|[of] p2a: Brambleghast\n|-heal|p2a: Brambleghast|48/100 psn|[silent]\n|-damage|p2a: Brambleghast|36/100 psn|[from] psn\n|upkeep\n|turn|16\n|inactive|Time left: 300 sec this turn | 300 sec total\n|\n|t:|1783560626\n|move|p1a: Heracross|Megahorn|p2a: Brambleghast\n|-damage|p2a: Brambleghast|0 fnt\n|faint|p2a: Brambleghast\n|-ability|p1a: Heracross|Moxie|boost\n|-boost|p1a: Heracross|atk|1\n|\n|upkeep\n|\n|t:|1783560627\n|switch|p2a: Chien-Pao|Chien-Pao, L72|100/100\n|-activate|p2a: Chien-Pao|move: Sticky Web\n|-unboost|p2a: Chien-Pao|spe|1\n|-ability|p2a: Chien-Pao|Sword of Ruin\n|turn|17\n|inactive|Time left: 300 sec this turn | 300 sec total\n|\n|t:|1783560628\n|move|p2a: Chien-Pao|Ice Shard|p1a: Heracross\n|-damage|p1a: Heracross|0 fnt\n|faint|p1a: Heracross\n|\n|upkeep\n|inactive|Time left: 300 sec this turn | 300 sec total | 5 sec grace\n|\n|t:|1783560628\n|switch|p1a: Vileplume|Vileplume, L85, M, tera:Steel|184/266\n|turn|18\n|inactive|Time left: 300 sec this turn | 300 sec total\n|\n|t:|1783560629\n|move|p2a: Chien-Pao|Ice Shard|p1a: Vileplume\n|-resisted|p1a: Vileplume\n|-damage|p1a: Vileplume|150/266\n|move|p1a: Vileplume|Sludge Bomb|p2a: Chien-Pao\n|-damage|p2a: Chien-Pao|36/100\n|-status|p2a: Chien-Pao|psn\n|\n|-heal|p1a: Vileplume|166/266|[from] item: Leftovers\n|-damage|p2a: Chien-Pao|24/100 psn|[from] psn\n|upkeep\n|turn|19\n|inactive|Time left: 300 sec this turn | 300 sec total\n|\n|t:|1783560630\n|switch|p1a: Milotic|Milotic, L83, M|293/293\n|move|p2a: Chien-Pao|Ice Shard|p1a: Milotic\n|-resisted|p1a: Milotic\n|-damage|p1a: Milotic|254/293\n|\n|-heal|p1a: Milotic|272/293|[from] item: Leftovers\n|-damage|p2a: Chien-Pao|11/100 psn|[from] psn\n|upkeep\n|turn|20\n|inactive|Time left: 300 sec this turn | 300 sec total\n|\n|t:|1783560631\n|switch|p1a: Vileplume|Vileplume, L85, M, tera:Steel|166/266\n|move|p2a: Chien-Pao|Ice Shard|p1a: Vileplume\n|-resisted|p1a: Vileplume\n|-damage|p1a: Vileplume|128/266\n|\n|-heal|p1a: Vileplume|144/266|[from] item: Leftovers\n|-damage|p2a: Chien-Pao|0 fnt|[from] psn\n|faint|p2a: Chien-Pao\n|\n|win|p0x18440b26", "uploadtime": 1783560631, "views": 0, "rating": 0, "private": 0, "password": null, "_winner": "p0x18440b26", "_our_name": "p0x18440b26"}