{"id": "battle-gen9randombattle-199", "formatid": "gen9randombattle", "format": "[Gen 9] Random Battle", "players": ["p0x199e8bf", "p0y1996daa"], "log": "|init|battle\n|title|p0x199e8bf vs. p0y1996daa\n|j|\u2606p0x199e8bf\n|j|\u2606p0y1996daa\n|t:|1783535546\n|gametype|singles\n|player|p1|p0x199e8bf|266|\n|player|p2|p0y1996daa|169|\n|gen|9\n|tier|[Gen 9] Random Battle\n|rule|Species Clause: Limit one of each Pok\u00e9mon\n|rule|HP Percentage Mod: HP is shown in percentages\n|rule|Sleep Clause Mod: Limit one foe put to sleep\n|rule|Illusion Level Mod: Illusion disguises the Pok\u00e9mon's true level\n|\n|t:|1783535546\n|teamsize|p1|6\n|teamsize|p2|6\n|start\n|switch|p1a: Tatsugiri|Tatsugiri, L87, F|100/100\n|switch|p2a: Wyrdeer|Wyrdeer, L87, M|321/321\n|-ability|p2a: Wyrdeer|Intimidate|boost\n|-unboost|p1a: Tatsugiri|atk|1\n|turn|1\n|inactive|Battle timer is ON: inactive players will automatically lose when time's up. (requested by p0y1996daa)\n|inactive|p0x199e8bf also wants the timer to be on.\n|\n|t:|1783535548\n|switch|p1a: Squawkabilly|Squawkabilly, L85, F|100/100\n|move|p2a: Wyrdeer|Megahorn|p1a: Squawkabilly\n|-resisted|p1a: Squawkabilly\n|-damage|p1a: Squawkabilly|78/100\n|\n|-status|p1a: Squawkabilly|brn|[from] item: Flame Orb\n|upkeep\n|turn|2\n|inactive|Time left: 300 sec this turn | 300 sec total\n|\n|t:|1783535549\n|switch|p2a: Stonjourner|Stonjourner, L91, F|330/330\n|move|p1a: Squawkabilly|Facade|p2a: Stonjourner\n|-resisted|p2a: Stonjourner\n|-damage|p2a: Stonjourner|261/330\n|\n|-damage|p1a: Squawkabilly|72/100 brn|[from] brn\n|upkeep\n|turn|3\n|inactive|Time left: 300 sec this turn | 300 sec total\n|\n|t:|1783535550\n|switch|p1a: Tatsugiri|Tatsugiri, L87, F|100/100\n|move|p2a: Stonjourner|Stone Edge|p1a: Tatsugiri\n|-damage|p1a: Tatsugiri|5/100\n|-damage|p2a: Stonjourner|228/330|[from] item: Life Orb\n|\n|upkeep\n|turn|4\n|inactive|Time left: 300 sec this turn | 300 sec total\n|\n|t:|1783535551\n|switch|p2a: Gastrodon|Gastrodon-East, L86, F|331/331\n|move|p1a: Tatsugiri|Surf|p2a: Gastrodon\n|-ability|p2a: Gastrodon|Storm Drain|boost\n|-boost|p2a: Gastrodon|spa|1\n|\n|upkeep\n|turn|5\n|inactive|Time left: 300 sec this turn | 300 sec total\n|\n|t:|1783535552\n|move|p1a: Tatsugiri|Draco Meteor|p2a: Gastrodon\n|-damage|p2a: Gastrodon|168/331\n|-unboost|p1a: Tatsugiri|spa|2\n|move|p2a: Gastrodon|Ice Beam|p1a: Tatsugiri\n|-damage|p1a: Tatsugiri|0 fnt\n|faint|p1a: Tatsugiri\n|\n|-heal|p2a: Gastrodon|188/331|[from] item: Leftovers\n|upkeep\n|\n|t:|1783535553\n|switch|p1a: Ariados|Ariados, L95, F|100/100\n|turn|6\n|inactive|Time left: 300 sec this turn | 300 sec total\n|\n|t:|1783535554\n|move|p1a: Ariados|Sticky Web|p2a: Gastrodon\n|-sidestart|p2: p0y1996daa|move: Sticky Web\n|move|p2a: Gastrodon|Ice Beam|p1a: Ariados\n|-damage|p1a: Ariados|66/100\n|\n|-heal|p2a: Gastrodon|208/331|[from] item: Leftovers\n|upkeep\n|turn|7\n|inactive|Time left: 300 sec this turn | 300 sec total\n|\n|t:|1783535556\n|move|p1a: Ariados|Megahorn|p2a: Gastrodon|[miss]\n|-miss|p1a: Ariados|p2a: Gastrodon\n|move|p2a: Gastrodon|Ice Beam|p1a: Ariados\n|-damage|p1a: Ariados|34/100\n|-status|p1a: Ariados|frz\n|\n|-heal|p2a: Gastrodon|228/331|[from] item: Leftovers\n|upkeep\n|turn|8\n|inactive|Time left: 300 sec this turn | 300 sec total\n|\n|t:|1783535557\n|-curestatus|p1a: Ariados|frz|[msg]\n|move|p1a: Ariados|Megahorn|p2a: Gastrodon\n|-damage|p2a: Gastrodon|0 fnt\n|faint|p2a: Gastrodon\n|\n|upkeep\n|inactive|Time left: 300 sec this turn | 300 sec total | 5 sec grace\n|\n|t:|1783535558\n|switch|p2a: Avalugg|Avalugg-Hisui, L90, F|317/317\n|turn|9\n|inactive|Time left: 300 sec this turn | 300 sec total\n|\n|t:|1783535559\n|move|p1a: Ariados|Megahorn|p2a: Avalugg\n|-damage|p2a: Avalugg|194/317\n|move|p2a: Avalugg|Rapid Spin|p1a: Ariados\n|-damage|p1a: Ariados|14/100\n|-boost|p2a: Avalugg|spe|1\n|-sideend|p2: p0y1996daa|Sticky Web|[from] move: Rapid Spin|[of] p2a: Avalugg\n|\n|upkeep\n|turn|10\n|inactive|Time left: 300 sec this turn | 300 sec total\n|\n|t:|1783535560\n|switch|p1a: Decidueye|Decidueye-Hisui, L87, M|100/100\n|move|p2a: Avalugg|Stone Edge|p1a: Decidueye\n|-resisted|p1a: Decidueye\n|-damage|p1a: Decidueye|76/100\n|\n|-heal|p1a: Decidueye|82/100|[from] item: Leftovers\n|upkeep\n|turn|11\n|inactive|Time left: 300 sec this turn | 300 sec total\n|\n|t:|1783535561\n|-terastallize|p2a: Avalugg|Poison\n|move|p1a: Decidueye|Triple Arrows|p2a: Avalugg\n|-resisted|p2a: Avalugg\n|-damage|p2a: Avalugg|164/317\n|-unboost|p2a: Avalugg|def|1\n|move|p2a: Avalugg|Avalanche|p1a: Decidueye\n|-supereffective|p1a: Decidueye\n|-damage|p1a: Decidueye|0 fnt\n|faint|p1a: Decidueye\n|\n|upkeep\n|\n|t:|1783535562\n|switch|p1a: Sandslash|Sandslash, L89, M|100/100\n|turn|12\n|inactive|Time left: 300 sec this turn | 300 sec total\n|\n|t:|1783535563\n|move|p2a: Avalugg|Recover|p2a: Avalugg\n|-heal|p2a: Avalugg|317/317\n|move|p1a: Sandslash|Earthquake|p2a: Avalugg\n|-supereffective|p2a: Avalugg\n|-damage|p2a: Avalugg|137/317\n|\n|upkeep\n|turn|13\n|inactive|Time left: 300 sec this turn | 300 sec total\n|\n|t:|1783535565\n|move|p2a: Avalugg|Recover|p2a: Avalugg\n|-heal|p2a: Avalugg|296/317\n|move|p1a: Sandslash|Swords Dance|p1a: Sandslash\n|-boost|p1a: Sandslash|atk|2\n|\n|upkeep\n|turn|14\n|inactive|Time left: 300 sec this turn | 300 sec total\n|\n|t:|1783535566\n|switch|p2a: Cresselia|Cresselia, L80, F|323/323\n|move|p1a: Sandslash|Earthquake|p2a: Cresselia\n|-immune|p2a: Cresselia|[from] ability: Levitate\n|\n|upkeep\n|turn|15\n|inactive|Time left: 300 sec this turn | 300 sec total\n|\n|t:|1783535567\n|move|p2a: Cresselia|Calm Mind|p2a: Cresselia\n|-boost|p2a: Cresselia|spa|1\n|-boost|p2a: Cresselia|spd|1\n|move|p1a: Sandslash|Knock Off|p2a: Cresselia\n|-supereffective|p2a: Cresselia\n|-damage|p2a: Cresselia|45/323\n|-enditem|p2a: Cresselia|Leftovers|[from] move: Knock Off|[of] p1a: Sandslash\n|\n|upkeep\n|turn|16\n|inactive|Time left: 300 sec this turn | 300 sec total\n|\n|t:|1783535567\n|move|p2a: Cresselia|Moonlight|p2a: Cresselia\n|-heal|p2a: Cresselia|206/323\n|move|p1a: Sandslash|Swords Dance|p1a: Sandslash\n|-boost|p1a: Sandslash|atk|2\n|\n|upkeep\n|turn|17\n|inactive|Time left: 300 sec this turn | 300 sec total\n|\n|t:|1783535569\n|move|p2a: Cresselia|Moonlight|p2a: Cresselia\n|-heal|p2a: Cresselia|323/323\n|move|p1a: Sandslash|Knock Off|p2a: Cresselia\n|-supereffective|p2a: Cresselia\n|-damage|p2a: Cresselia|51/323\n|\n|upkeep\n|turn|18\n|inactive|Time left: 300 sec this turn | 300 sec total\n|\n|t:|1783535570\n|move|p2a: Cresselia|Moonblast|p1a: Sandslash\n|-damage|p1a: Sandslash|67/100\n|move|p1a: Sandslash|Knock Off|p2a: Cresselia\n|-supereffective|p2a: Cresselia\n|-damage|p2a: Cresselia|0 fnt\n|faint|p2a: Cresselia\n|\n|-heal|p1a: Sandslash|73/100|[from] item: Leftovers\n|upkeep\n|inactive|Time left: 300 sec this turn | 300 sec total | 5 sec grace\n|\n|t:|1783535571\n|switch|p2a: Kingdra|Kingdra, L84, M|263/263\n|turn|19\n|inactive|Time left: 300 sec this turn | 300 sec total\n|\n|t:|1783535572\n|-terastallize|p1a: Sandslash|Steel\n|move|p2a: Kingdra|Wave Crash|p1a: Sandslash\n|-damage|p1a: Sandslash|39/100\n|-damage|p2a: Kingdra|231/263|[from] Recoil\n|move|p1a: Sandslash|Earthquake|p2a: Kingdra\n|-damage|p2a: Kingdra|0 fnt\n|faint|p2a: Kingdra\n|\n|-heal|p1a: Sandslash|45/100|[from] item: Leftovers\n|upkeep\n|inactive|Time left: 300 sec this turn | 300 sec total | 5 sec grace\n|\n|t:|1783535573\n|switch|p2a: Stonjourner|Stonjourner, L91, F|228/330\n|turn|20\n|inactive|Time left: 300 sec this turn | 300 sec total\n|\n|t:|1783535574\n|move|p2a: Stonjourner|Heat Crash|p1a: Sandslash\n|-supereffective|p1a: Sandslash\n|-crit|p1a: Sandslash\n|-damage|p1a: Sandslash|0 fnt\n|faint|p1a: Sandslash\n|-damage|p2a: Stonjourner|195/330|[from] item: Life Orb\n|\n|upkeep\n|\n|t:|1783535575\n|switch|p1a: Squawkabilly|Squawkabilly, L85, F|72/100 brn\n|turn|21\n|inactive|Time left: 300 sec this turn | 300 sec total\n|\n|t:|1783535576\n|move|p1a: Squawkabilly|Protect|p1a: Squawkabilly\n|-singleturn|p1a: Squawkabilly|Protect\n|move|p2a: Stonjourner|Heat Crash|p1a: Squawkabilly\n|-activate|p1a: Squawkabilly|move: Protect\n|\n|-damage|p1a: Squawkabilly|66/100 brn|[from] brn\n|upkeep\n|turn|22\n|inactive|Time left: 300 sec this turn | 300 sec total\n|\n|t:|1783535577\n|switch|p1a: Ariados|Ariados, L95, F|14/100\n|move|p2a: Stonjourner|Stone Edge|p1a: Ariados|[miss]\n|-miss|p2a: Stonjourner|p1a: Ariados\n|\n|upkeep\n|turn|23\n|inactive|Time left: 300 sec this turn | 300 sec total\n|\n|t:|1783535578\n|move|p2a: Stonjourner|Heat Crash|p1a: Ariados\n|-supereffective|p1a: Ariados\n|-damage|p1a: Ariados|0 fnt\n|faint|p1a: Ariados\n|-damage|p2a: Stonjourner|162/330|[from] item: Life Orb\n|\n|upkeep\n|\n|t:|1783535579\n|switch|p1a: Maushold|Maushold-Four, L76|100/100\n|turn|24\n|inactive|Time left: 300 sec this turn | 300 sec total\n|\n|t:|1783535580\n|move|p1a: Maushold|Bite|p2a: Stonjourner\n|-damage|p2a: Stonjourner|134/330\n|move|p2a: Stonjourner|Stone Edge|p1a: Maushold\n|-damage|p1a: Maushold|0 fnt\n|faint|p1a: Maushold\n|-damage|p2a: Stonjourner|101/330|[from] item: Life Orb\n|\n|upkeep\n|\n|t:|1783535581\n|switch|p1a: Squawkabilly|Squawkabilly, L85, F|66/100 brn\n|turn|25\n|inactive|Time left: 300 sec this turn | 300 sec total\n|\n|t:|1783535582\n|move|p1a: Squawkabilly|Protect|p1a: Squawkabilly\n|-singleturn|p1a: Squawkabilly|Protect\n|move|p2a: Stonjourner|Heat Crash|p1a: Squawkabilly\n|-activate|p1a: Squawkabilly|move: Protect\n|\n|-damage|p1a: Squawkabilly|59/100 brn|[from] brn\n|upkeep\n|turn|26\n|inactive|Time left: 300 sec this turn | 300 sec total\n|\n|t:|1783535583\n|move|p1a: Squawkabilly|Protect||[still]\n|-fail|p1a: Squawkabilly\n|move|p2a: Stonjourner|Heat Crash|p1a: Squawkabilly\n|-damage|p1a: Squawkabilly|0 fnt\n|faint|p1a: Squawkabilly\n|-damage|p2a: Stonjourner|68/330|[from] item: Life Orb\n|\n|win|p0y1996daa", "uploadtime": 1783535583, "views": 0, "rating": 0, "private": 0, "password": null, "_winner": "p0y1996daa", "_our_name": "p0y1996daa"}