{"id": "battle-gen9randombattle-2393", "formatid": "gen9randombattle", "format": "[Gen 9] Random Battle", "players": ["p0x2393835b", "p0y239346ad"], "log": "|init|battle\n|title|p0x2393835b vs. p0y239346ad\n|j|\u2606p0x2393835b\n|j|\u2606p0y239346ad\n|t:|1783567759\n|gametype|singles\n|player|p1|p0x2393835b|101|\n|player|p2|p0y239346ad|102|\n|gen|9\n|tier|[Gen 9] Random Battle\n|rule|Species Clause: Limit one of each Pok\u00e9mon\n|rule|HP Percentage Mod: HP is shown in percentages\n|rule|Sleep Clause Mod: Limit one foe put to sleep\n|rule|Illusion Level Mod: Illusion disguises the Pok\u00e9mon's true level\n|\n|t:|1783567759\n|teamsize|p1|6\n|teamsize|p2|6\n|start\n|switch|p1a: Eelektross|Eelektross, L87, M|290/290\n|switch|p2a: Jirachi|Jirachi, L80|100/100\n|turn|1\n|inactive|Battle timer is ON: inactive players will automatically lose when time's up. (requested by p0y239346ad)\n|inactive|Time left: 300 sec this turn | 300 sec total | 60 sec grace\n|inactive|p0x2393835b also wants the timer to be on.\n|\n|t:|1783567761\n|move|p2a: Jirachi|Protect|p2a: Jirachi\n|-singleturn|p2a: Jirachi|Protect\n|move|p1a: Eelektross|Supercell Slam|p2a: Jirachi\n|-activate|p2a: Jirachi|move: Protect\n|-damage|p1a: Eelektross|145/290|[from] supercellslam\n|\n|-heal|p1a: Eelektross|163/290|[from] item: Leftovers\n|upkeep\n|turn|2\n|inactive|Time left: 300 sec this turn | 300 sec total\n|\n|t:|1783567762\n|move|p2a: Jirachi|Iron Head|p1a: Eelektross\n|-resisted|p1a: Eelektross\n|-damage|p1a: Eelektross|119/290\n|cant|p1a: Eelektross|flinch\n|\n|-heal|p1a: Eelektross|137/290|[from] item: Leftovers\n|upkeep\n|turn|3\n|inactive|Time left: 300 sec this turn | 300 sec total\n|\n|t:|1783567763\n|switch|p2a: Walking Wake|Walking Wake, L79|100/100\n|move|p1a: Eelektross|Coil|p1a: Eelektross\n|-boost|p1a: Eelektross|atk|1\n|-boost|p1a: Eelektross|def|1\n|-boost|p1a: Eelektross|accuracy|1\n|\n|-heal|p1a: Eelektross|155/290|[from] item: Leftovers\n|upkeep\n|turn|4\n|inactive|Time left: 300 sec this turn | 300 sec total\n|\n|t:|1783567764\n|move|p2a: Walking Wake|Hydro Pump|p1a: Eelektross\n|-damage|p1a: Eelektross|0 fnt\n|faint|p1a: Eelektross\n|\n|upkeep\n|inactive|Time left: 300 sec this turn | 300 sec total | 5 sec grace\n|\n|t:|1783567765\n|switch|p1a: Mightyena|Mightyena, L96, F|290/290\n|-ability|p1a: Mightyena|Intimidate|boost\n|-unboost|p2a: Walking Wake|atk|1\n|turn|5\n|inactive|Time left: 300 sec this turn | 300 sec total\n|\n|t:|1783567766\n|move|p2a: Walking Wake|Hydro Pump|p1a: Mightyena|[miss]\n|-miss|p2a: Walking Wake|p1a: Mightyena\n|move|p1a: Mightyena|Throat Chop|p2a: Walking Wake\n|-damage|p2a: Walking Wake|41/100\n|-start|p2a: Walking Wake|Throat Chop|[silent]\n|\n|upkeep\n|turn|6\n|inactive|Time left: 300 sec this turn | 300 sec total\n|\n|t:|1783567767\n|move|p2a: Walking Wake|Hydro Pump|p1a: Mightyena\n|-crit|p1a: Mightyena\n|-damage|p1a: Mightyena|0 fnt\n|faint|p1a: Mightyena\n|\n|-end|p2a: Walking Wake|Throat Chop|[silent]\n|upkeep\n|inactive|Time left: 300 sec this turn | 300 sec total | 5 sec grace\n|\n|t:|1783567768\n|switch|p1a: Zacian|Zacian-Crowned, L64|225/225\n|-ability|p1a: Zacian|Intrepid Sword|boost\n|-boost|p1a: Zacian|atk|1\n|turn|7\n|inactive|Time left: 300 sec this turn | 300 sec total\n|\n|t:|1783567770\n|move|p1a: Zacian|Play Rough|p2a: Walking Wake\n|-supereffective|p2a: Walking Wake\n|-damage|p2a: Walking Wake|0 fnt\n|faint|p2a: Walking Wake\n|-end|p2a: Walking Wake|Protosynthesis|[silent]\n|\n|upkeep\n|\n|t:|1783567770\n|switch|p2a: Barraskewda|Barraskewda, L81, F|100/100\n|turn|8\n|inactive|Time left: 300 sec this turn | 300 sec total\n|\n|t:|1783567771\n|move|p2a: Barraskewda|Waterfall|p1a: Zacian\n|-crit|p1a: Zacian\n|-damage|p1a: Zacian|0 fnt\n|faint|p1a: Zacian\n|\n|upkeep\n|inactive|Time left: 300 sec this turn | 300 sec total | 5 sec grace\n|\n|t:|1783567772\n|switch|p1a: Flygon|Flygon, L82, F|265/265\n|turn|9\n|inactive|Time left: 300 sec this turn | 300 sec total\n|\n|t:|1783567773\n|move|p1a: Flygon|Earthquake|p2a: Barraskewda\n|-damage|p2a: Barraskewda|38/100\n|move|p2a: Barraskewda|Waterfall|p1a: Flygon\n|-damage|p1a: Flygon|99/265\n|\n|upkeep\n|turn|10\n|inactive|Time left: 300 sec this turn | 300 sec total\n|\n|t:|1783567774\n|switch|p2a: Wo-Chien|Wo-Chien, L83|100/100\n|-ability|p2a: Wo-Chien|Tablets of Ruin\n|move|p1a: Flygon|Earthquake|p2a: Wo-Chien\n|-resisted|p2a: Wo-Chien\n|-damage|p2a: Wo-Chien|86/100\n|\n|-heal|p2a: Wo-Chien|93/100|[from] item: Leftovers\n|upkeep\n|turn|11\n|inactive|Time left: 300 sec this turn | 300 sec total\n|\n|t:|1783567775\n|switch|p1a: Garganacl|Garganacl, L80, M|291/291\n|move|p2a: Wo-Chien|Knock Off|p1a: Garganacl\n|-damage|p1a: Garganacl|222/291\n|-enditem|p1a: Garganacl|Leftovers|[from] move: Knock Off|[of] p2a: Wo-Chien\n|\n|-heal|p2a: Wo-Chien|99/100|[from] item: Leftovers\n|upkeep\n|turn|12\n|inactive|Time left: 300 sec this turn | 300 sec total\n|\n|t:|1783567776\n|move|p2a: Wo-Chien|Giga Drain|p1a: Garganacl\n|-supereffective|p1a: Garganacl\n|-damage|p1a: Garganacl|76/291\n|-heal|p2a: Wo-Chien|100/100|[from] drain|[of] p1a: Garganacl\n|move|p1a: Garganacl|Salt Cure|p2a: Wo-Chien\n|-damage|p2a: Wo-Chien|91/100\n|-start|p2a: Wo-Chien|Salt Cure\n|\n|-heal|p2a: Wo-Chien|97/100|[from] item: Leftovers\n|-damage|p2a: Wo-Chien|85/100|[from] Salt Cure\n|upkeep\n|turn|13\n|inactive|Time left: 300 sec this turn | 300 sec total\n|\n|t:|1783567777\n|-terastallize|p1a: Garganacl|Dragon\n|move|p2a: Wo-Chien|Giga Drain|p1a: Garganacl\n|-resisted|p1a: Garganacl\n|-damage|p1a: Garganacl|38/291\n|-heal|p2a: Wo-Chien|91/100|[from] drain|[of] p1a: Garganacl\n|move|p1a: Garganacl|Recover|p1a: Garganacl\n|-heal|p1a: Garganacl|184/291\n|\n|-heal|p2a: Wo-Chien|98/100|[from] item: Leftovers\n|-damage|p2a: Wo-Chien|85/100|[from] Salt Cure\n|upkeep\n|turn|14\n|inactive|Time left: 300 sec this turn | 300 sec total\n|\n|t:|1783567778\n|move|p2a: Wo-Chien|Ruination|p1a: Garganacl\n|-damage|p1a: Garganacl|92/291\n|move|p1a: Garganacl|Recover|p1a: Garganacl\n|-heal|p1a: Garganacl|238/291\n|\n|-heal|p2a: Wo-Chien|91/100|[from] item: Leftovers\n|-damage|p2a: Wo-Chien|79/100|[from] Salt Cure\n|upkeep\n|turn|15\n|inactive|Time left: 300 sec this turn | 300 sec total\n|\n|t:|1783567779\n|move|p2a: Wo-Chien|Ruination|p1a: Garganacl\n|-damage|p1a: Garganacl|119/291\n|move|p1a: Garganacl|Salt Cure|p2a: Wo-Chien\n|-damage|p2a: Wo-Chien|69/100\n|\n|-heal|p2a: Wo-Chien|75/100|[from] item: Leftovers\n|-damage|p2a: Wo-Chien|63/100|[from] Salt Cure\n|upkeep\n|turn|16\n|inactive|Time left: 300 sec this turn | 300 sec total\n|\n|t:|1783567780\n|move|p2a: Wo-Chien|Knock Off|p1a: Garganacl\n|-damage|p1a: Garganacl|74/291\n|move|p1a: Garganacl|Recover|p1a: Garganacl\n|-heal|p1a: Garganacl|220/291\n|\n|-heal|p2a: Wo-Chien|69/100|[from] item: Leftovers\n|-damage|p2a: Wo-Chien|57/100|[from] Salt Cure\n|upkeep\n|turn|17\n|inactive|Time left: 300 sec this turn | 300 sec total\n|\n|t:|1783567781\n|move|p2a: Wo-Chien|Ruination|p1a: Garganacl\n|-damage|p1a: Garganacl|110/291\n|move|p1a: Garganacl|Body Press|p2a: Wo-Chien\n|-supereffective|p2a: Wo-Chien\n|-damage|p2a: Wo-Chien|22/100\n|\n|-heal|p2a: Wo-Chien|28/100|[from] item: Leftovers\n|-damage|p2a: Wo-Chien|16/100|[from] Salt Cure\n|upkeep\n|turn|18\n|inactive|Time left: 300 sec this turn | 300 sec total\n|\n|t:|1783567782\n|switch|p2a: Rampardos|Rampardos, L90, M|100/100\n|move|p1a: Garganacl|Recover|p1a: Garganacl\n|-heal|p1a: Garganacl|256/291\n|\n|upkeep\n|turn|19\n|inactive|Time left: 300 sec this turn | 300 sec total\n|\n|t:|1783567783\n|move|p2a: Rampardos|Rock Slide|p1a: Garganacl\n|-damage|p1a: Garganacl|108/291\n|move|p1a: Garganacl|Body Press|p2a: Rampardos\n|-supereffective|p2a: Rampardos\n|-damage|p2a: Rampardos|46/100\n|\n|upkeep\n|turn|20\n|inactive|Time left: 300 sec this turn | 300 sec total\n|\n|t:|1783567784\n|move|p2a: Rampardos|Rock Slide|p1a: Garganacl\n|-damage|p1a: Garganacl|0 fnt\n|faint|p1a: Garganacl\n|\n|upkeep\n|inactive|Time left: 300 sec this turn | 300 sec total | 5 sec grace\n|\n|t:|1783567785\n|switch|p1a: Flygon|Flygon, L82, F|99/265\n|turn|21\n|inactive|Time left: 300 sec this turn | 300 sec total\n|\n|t:|1783567786\n|switch|p2a: Dusknoir|Dusknoir, L89, F|100/100\n|-item|p1a: Flygon|Choice Scarf|[from] ability: Frisk|[of] p2a: Dusknoir\n|move|p1a: Flygon|Earthquake|p2a: Dusknoir\n|-damage|p2a: Dusknoir|67/100\n|\n|-heal|p2a: Dusknoir|73/100|[from] item: Leftovers\n|upkeep\n|turn|22\n|inactive|Time left: 300 sec this turn | 300 sec total\n|\n|t:|1783567787\n|move|p1a: Flygon|Earthquake|p2a: Dusknoir\n|-damage|p2a: Dusknoir|40/100\n|move|p2a: Dusknoir|Poltergeist|p1a: Flygon\n|-activate|p1a: Flygon|move: Poltergeist|Choice Scarf\n|-damage|p1a: Flygon|0 fnt\n|faint|p1a: Flygon\n|\n|-heal|p2a: Dusknoir|47/100|[from] item: Leftovers\n|upkeep\n|inactive|Time left: 300 sec this turn | 300 sec total | 5 sec grace\n|\n|t:|1783567788\n|switch|p1a: Walking Wake|Walking Wake, L79|286/286\n|turn|23\n|inactive|Time left: 300 sec this turn | 300 sec total\n|\n|t:|1783567789\n|move|p1a: Walking Wake|Draco Meteor|p2a: Dusknoir\n|-damage|p2a: Dusknoir|0 fnt\n|-unboost|p1a: Walking Wake|spa|2\n|faint|p2a: Dusknoir\n|-damage|p1a: Walking Wake|258/286|[from] item: Life Orb\n|\n|upkeep\n|\n|t:|1783567790\n|switch|p2a: Rampardos|Rampardos, L90, M|46/100\n|turn|24\n|inactive|Time left: 300 sec this turn | 300 sec total\n|\n|t:|1783567791\n|-terastallize|p2a: Rampardos|Rock\n|move|p2a: Rampardos|Rock Slide|p1a: Walking Wake\n|-damage|p1a: Walking Wake|0 fnt\n|faint|p1a: Walking Wake\n|-end|p1a: Walking Wake|Protosynthesis|[silent]\n|\n|win|p0y239346ad", "uploadtime": 1783567791, "views": 0, "rating": 0, "private": 0, "password": null, "_winner": "p0y239346ad", "_our_name": "p0x2393835b"}