{"id": "battle-gen9randombattle-293", "formatid": "gen9randombattle", "format": "[Gen 9] Random Battle", "players": ["p0x293affe", "p0y293f744"], "log": "|init|battle\n|title|p0x293affe vs. p0y293f744\n|j|\u2606p0x293affe\n|j|\u2606p0y293f744\n|t:|1783542968\n|gametype|singles\n|player|p1|p0x293affe|169|\n|player|p2|p0y293f744|102|\n|gen|9\n|tier|[Gen 9] Random Battle\n|rule|Species Clause: Limit one of each Pok\u00e9mon\n|rule|HP Percentage Mod: HP is shown in percentages\n|rule|Sleep Clause Mod: Limit one foe put to sleep\n|rule|Illusion Level Mod: Illusion disguises the Pok\u00e9mon's true level\n|\n|t:|1783542968\n|teamsize|p1|6\n|teamsize|p2|6\n|start\n|switch|p1a: Froslass|Froslass, L87, F|100/100\n|switch|p2a: Regirock|Regirock, L83|268/268\n|turn|1\n|inactive|Battle timer is ON: inactive players will automatically lose when time's up. (requested by p0x293affe)\n|inactive|Time left: 300 sec this turn | 300 sec total | 60 sec grace\n|inactive|p0y293f744 also wants the timer to be on.\n|\n|t:|1783542970\n|move|p1a: Froslass|Triple Axel|p2a: Regirock\n|-damage|p2a: Regirock|258/268\n|-damage|p2a: Regirock|236/268\n|-damage|p2a: Regirock|208/268\n|-hitcount|p2a: Regirock|3\n|move|p2a: Regirock|Stone Edge|p1a: Froslass\n|-supereffective|p1a: Froslass\n|-damage|p1a: Froslass|0 fnt\n|faint|p1a: Froslass\n|\n|-heal|p2a: Regirock|224/268|[from] item: Leftovers\n|upkeep\n|\n|t:|1783542971\n|switch|p1a: Abomasnow|Abomasnow, L84, F|100/100\n|-weather|Snowscape|[from] ability: Snow Warning|[of] p1a: Abomasnow\n|turn|2\n|inactive|Time left: 300 sec this turn | 300 sec total\n|\n|t:|1783542972\n|switch|p2a: Rayquaza|Rayquaza, L72|270/270\n|-ability|p2a: Rayquaza|Air Lock\n|move|p1a: Abomasnow|Aurora Veil||[still]\n|-fail|p1a: Abomasnow\n|\n|-weather|Snowscape|[upkeep]\n|upkeep\n|turn|3\n|inactive|Time left: 300 sec this turn | 300 sec total\n|\n|t:|1783542973\n|move|p1a: Abomasnow|Ice Shard|p2a: Rayquaza\n|-supereffective|p2a: Rayquaza\n|-damage|p2a: Rayquaza|74/270\n|move|p2a: Rayquaza|Dragon Ascent|p1a: Abomasnow\n|-supereffective|p1a: Abomasnow\n|-damage|p1a: Abomasnow|0 fnt\n|-unboost|p2a: Rayquaza|def|1\n|-unboost|p2a: Rayquaza|spd|1\n|faint|p1a: Abomasnow\n|\n|-weather|Snowscape|[upkeep]\n|upkeep\n|\n|t:|1783542974\n|switch|p1a: Zekrom|Zekrom, L71|100/100\n|-ability|p1a: Zekrom|Teravolt\n|turn|4\n|inactive|Time left: 300 sec this turn | 300 sec total\n|\n|t:|1783542976\n|move|p2a: Rayquaza|Scale Shot|p1a: Zekrom\n|-supereffective|p1a: Zekrom\n|-damage|p1a: Zekrom|81/100\n|-supereffective|p1a: Zekrom\n|-damage|p1a: Zekrom|58/100\n|-supereffective|p1a: Zekrom\n|-damage|p1a: Zekrom|37/100\n|-supereffective|p1a: Zekrom\n|-damage|p1a: Zekrom|16/100\n|-hitcount|p1a: Zekrom|4\n|-unboost|p2a: Rayquaza|def|1\n|-boost|p2a: Rayquaza|spe|1\n|move|p1a: Zekrom|Dragon Dance|p1a: Zekrom\n|-boost|p1a: Zekrom|atk|1\n|-boost|p1a: Zekrom|spe|1\n|\n|-weather|Snowscape|[upkeep]\n|-heal|p1a: Zekrom|23/100|[from] item: Leftovers\n|upkeep\n|turn|5\n|inactive|Time left: 300 sec this turn | 300 sec total\n|\n|t:|1783542977\n|move|p2a: Rayquaza|Earthquake|p1a: Zekrom\n|-supereffective|p1a: Zekrom\n|-damage|p1a: Zekrom|0 fnt\n|faint|p1a: Zekrom\n|\n|-weather|Snowscape|[upkeep]\n|upkeep\n|\n|t:|1783542978\n|switch|p1a: Wigglytuff|Wigglytuff, L96, M|100/100\n|turn|6\n|inactive|Time left: 300 sec this turn | 300 sec total\n|\n|t:|1783542979\n|switch|p2a: Mimikyu|Mimikyu, L79, M|216/216\n|move|p1a: Wigglytuff|Alluring Voice|p2a: Mimikyu\n|-activate|p2a: Mimikyu|ability: Disguise\n|-damage|p2a: Mimikyu|216/216\n|detailschange|p2a: Mimikyu|Mimikyu-Busted, L79, M\n|-damage|p2a: Mimikyu|189/216|[from] pokemon: Mimikyu-Busted\n|\n|-weather|none\n|upkeep\n|turn|7\n|inactive|Time left: 300 sec this turn | 300 sec total\n|\n|t:|1783542979\n|switch|p2a: Regirock|Regirock, L83|224/268\n|move|p1a: Wigglytuff|Alluring Voice|p2a: Regirock\n|-damage|p2a: Regirock|133/268\n|\n|-heal|p2a: Regirock|149/268|[from] item: Leftovers\n|upkeep\n|turn|8\n|inactive|Time left: 300 sec this turn | 300 sec total\n|\n|t:|1783542980\n|move|p1a: Wigglytuff|Alluring Voice|p2a: Regirock\n|-damage|p2a: Regirock|53/268\n|move|p2a: Regirock|Thunder Wave|p1a: Wigglytuff\n|-status|p1a: Wigglytuff|par\n|\n|-heal|p2a: Regirock|69/268|[from] item: Leftovers\n|upkeep\n|turn|9\n|inactive|Time left: 300 sec this turn | 300 sec total\n|\n|t:|1783542981\n|move|p2a: Regirock|Stone Edge|p1a: Wigglytuff\n|-damage|p1a: Wigglytuff|65/100 par\n|move|p1a: Wigglytuff|Alluring Voice|p2a: Regirock\n|-damage|p2a: Regirock|0 fnt\n|faint|p2a: Regirock\n|\n|-heal|p1a: Wigglytuff|71/100 par|[from] item: Leftovers\n|upkeep\n|inactive|Time left: 300 sec this turn | 300 sec total | 5 sec grace\n|\n|t:|1783542982\n|switch|p2a: Pincurchin|Pincurchin, M|258/258\n|-fieldstart|move: Electric Terrain|[from] ability: Electric Surge|[of] p2a: Pincurchin\n|turn|10\n|inactive|Time left: 300 sec this turn | 300 sec total\n|\n|t:|1783542983\n|move|p2a: Pincurchin|Zing Zap|p1a: Wigglytuff\n|-damage|p1a: Wigglytuff|21/100 par\n|move|p1a: Wigglytuff|Knock Off|p2a: Pincurchin\n|-damage|p2a: Pincurchin|201/258\n|-enditem|p2a: Pincurchin|Leftovers|[from] move: Knock Off|[of] p1a: Wigglytuff\n|\n|-heal|p1a: Wigglytuff|27/100 par|[from] item: Leftovers\n|upkeep\n|turn|11\n|inactive|Time left: 300 sec this turn | 300 sec total\n|\n|t:|1783542985\n|move|p2a: Pincurchin|Zing Zap|p1a: Wigglytuff\n|-damage|p1a: Wigglytuff|0 fnt\n|faint|p1a: Wigglytuff\n|\n|upkeep\n|\n|t:|1783542986\n|switch|p1a: Feraligatr|Feraligatr, L79, M|100/100\n|turn|12\n|inactive|Time left: 300 sec this turn | 300 sec total\n|\n|t:|1783542987\n|-terastallize|p1a: Feraligatr|Steel\n|move|p1a: Feraligatr|Dragon Dance|p1a: Feraligatr\n|-boost|p1a: Feraligatr|atk|1\n|-boost|p1a: Feraligatr|spe|1\n|move|p2a: Pincurchin|Zing Zap|p1a: Feraligatr\n|-damage|p1a: Feraligatr|44/100\n|\n|upkeep\n|turn|13\n|inactive|Time left: 300 sec this turn | 300 sec total\n|\n|t:|1783542988\n|move|p1a: Feraligatr|Liquidation|p2a: Pincurchin\n|-damage|p2a: Pincurchin|40/258\n|move|p2a: Pincurchin|Zing Zap|p1a: Feraligatr\n|-damage|p1a: Feraligatr|0 fnt\n|faint|p1a: Feraligatr\n|\n|upkeep\n|\n|t:|1783542988\n|switch|p1a: Araquanid|Araquanid, L82, F|100/100\n|turn|14\n|inactive|Time left: 300 sec this turn | 300 sec total\n|\n|t:|1783542990\n|move|p1a: Araquanid|Liquidation|p2a: Pincurchin\n|-crit|p2a: Pincurchin\n|-damage|p2a: Pincurchin|0 fnt\n|faint|p2a: Pincurchin\n|\n|-fieldend|move: Electric Terrain\n|upkeep\n|inactive|Time left: 300 sec this turn | 300 sec total | 5 sec grace\n|\n|t:|1783542991\n|switch|p2a: Rayquaza|Rayquaza, L72|74/270\n|-ability|p2a: Rayquaza|Air Lock\n|turn|15\n|inactive|Time left: 300 sec this turn | 300 sec total\n|\n|t:|1783542991\n|move|p2a: Rayquaza|Dragon Ascent|p1a: Araquanid\n|-supereffective|p1a: Araquanid\n|-damage|p1a: Araquanid|2/100\n|-unboost|p2a: Rayquaza|def|1\n|-unboost|p2a: Rayquaza|spd|1\n|move|p1a: Araquanid|Leech Life|p2a: Rayquaza\n|-resisted|p2a: Rayquaza\n|-damage|p2a: Rayquaza|21/270\n|-heal|p1a: Araquanid|13/100|[from] drain|[of] p2a: Rayquaza\n|\n|upkeep\n|turn|16\n|inactive|Time left: 300 sec this turn | 300 sec total\n|\n|t:|1783542992\n|move|p2a: Rayquaza|Earthquake|p1a: Araquanid\n|-resisted|p1a: Araquanid\n|-damage|p1a: Araquanid|0 fnt\n|faint|p1a: Araquanid\n|\n|win|p0y293f744", "uploadtime": 1783542992, "views": 0, "rating": 0, "private": 0, "password": null, "_winner": "p0y293f744", "_our_name": "p0y293f744"}