{"id": "battle-gen9randombattle-1432", "formatid": "gen9randombattle", "format": "[Gen 9] Random Battle", "players": ["p0x1432cb26", "p0y1432ea0c"], "log": "|init|battle\n|title|p0x1432cb26 vs. p0y1432ea0c\n|j|\u2606p0x1432cb26\n|j|\u2606p0y1432ea0c\n|t:|1783555749\n|gametype|singles\n|player|p1|p0x1432cb26|1|\n|player|p2|p0y1432ea0c|266|\n|gen|9\n|tier|[Gen 9] Random Battle\n|rule|Species Clause: Limit one of each Pok\u00e9mon\n|rule|HP Percentage Mod: HP is shown in percentages\n|rule|Sleep Clause Mod: Limit one foe put to sleep\n|rule|Illusion Level Mod: Illusion disguises the Pok\u00e9mon's true level\n|\n|t:|1783555749\n|teamsize|p1|6\n|teamsize|p2|6\n|start\n|switch|p1a: Hitmonchan|Hitmonchan, L87, M|100/100\n|switch|p2a: Girafarig|Girafarig, L89, M|269/269\n|turn|1\n|inactive|Battle timer is ON: inactive players will automatically lose when time's up. (requested by p0y1432ea0c)\n|inactive|p0x1432cb26 also wants the timer to be on.\n|\n|t:|1783555750\n|move|p2a: Girafarig|Nasty Plot|p2a: Girafarig\n|-boost|p2a: Girafarig|spa|2\n|move|p1a: Hitmonchan|Knock Off|p2a: Girafarig\n|-supereffective|p2a: Girafarig\n|-damage|p2a: Girafarig|135/269\n|-enditem|p2a: Girafarig|Eviolite|[from] move: Knock Off|[of] p1a: Hitmonchan\n|\n|upkeep\n|turn|2\n|inactive|Time left: 300 sec this turn | 300 sec total\n|\n|t:|1783555751\n|-terastallize|p1a: Hitmonchan|Dark\n|move|p2a: Girafarig|Psyshock|p1a: Hitmonchan\n|-immune|p1a: Hitmonchan\n|move|p1a: Hitmonchan|Knock Off|p2a: Girafarig\n|-supereffective|p2a: Girafarig\n|-damage|p2a: Girafarig|0 fnt\n|faint|p2a: Girafarig\n|\n|upkeep\n|inactive|Time left: 300 sec this turn | 300 sec total | 5 sec grace\n|\n|t:|1783555752\n|switch|p2a: Baxcalibur|Baxcalibur, L75, M|296/296\n|turn|3\n|inactive|Time left: 300 sec this turn | 300 sec total\n|\n|t:|1783555753\n|-terastallize|p2a: Baxcalibur|Dragon\n|move|p1a: Hitmonchan|Knock Off|p2a: Baxcalibur\n|-damage|p2a: Baxcalibur|175/296\n|-enditem|p2a: Baxcalibur|Heavy-Duty Boots|[from] move: Knock Off|[of] p1a: Hitmonchan\n|move|p2a: Baxcalibur|Dragon Dance|p2a: Baxcalibur\n|-boost|p2a: Baxcalibur|atk|1\n|-boost|p2a: Baxcalibur|spe|1\n|\n|upkeep\n|turn|4\n|inactive|Time left: 300 sec this turn | 300 sec total\n|\n|t:|1783555754\n|switch|p1a: Metagross|Metagross, L79|100/100\n|move|p2a: Baxcalibur|Glaive Rush|p1a: Metagross\n|-resisted|p1a: Metagross\n|-damage|p1a: Metagross|54/100\n|-singlemove|p2a: Baxcalibur|Glaive Rush|[silent]\n|\n|upkeep\n|turn|5\n|inactive|Time left: 300 sec this turn | 300 sec total\n|\n|t:|1783555755\n|switch|p1a: Lugia|Lugia, L73|100/100\n|move|p2a: Baxcalibur|Earthquake|p1a: Lugia\n|-immune|p1a: Lugia\n|\n|upkeep\n|turn|6\n|inactive|Time left: 300 sec this turn | 300 sec total\n|\n|t:|1783555757\n|move|p2a: Baxcalibur|Icicle Crash|p1a: Lugia\n|-supereffective|p1a: Lugia\n|-damage|p1a: Lugia|51/100\n|move|p1a: Lugia|Aeroblast|p2a: Baxcalibur\n|-damage|p2a: Baxcalibur|94/296\n|\n|upkeep\n|turn|7\n|inactive|Time left: 300 sec this turn | 300 sec total\n|\n|t:|1783555758\n|switch|p1a: Metagross|Metagross, L79|54/100\n|move|p2a: Baxcalibur|Glaive Rush|p1a: Metagross\n|-resisted|p1a: Metagross\n|-damage|p1a: Metagross|7/100\n|-singlemove|p2a: Baxcalibur|Glaive Rush|[silent]\n|\n|upkeep\n|turn|8\n|inactive|Time left: 300 sec this turn | 300 sec total\n|\n|t:|1783555759\n|move|p1a: Metagross|Bullet Punch|p2a: Baxcalibur\n|-damage|p2a: Baxcalibur|0 fnt\n|faint|p2a: Baxcalibur\n|\n|upkeep\n|inactive|Time left: 300 sec this turn | 300 sec total | 5 sec grace\n|\n|t:|1783555760\n|switch|p2a: Serperior|Serperior, L79, F|248/248\n|turn|9\n|inactive|Time left: 300 sec this turn | 300 sec total\n|\n|t:|1783555761\n|switch|p1a: Lugia|Lugia, L73|51/100\n|move|p2a: Serperior|Leaf Storm|p1a: Lugia\n|-resisted|p1a: Lugia\n|-damage|p1a: Lugia|34/100\n|-boost|p2a: Serperior|spa|2\n|-damage|p2a: Serperior|224/248|[from] item: Life Orb\n|\n|upkeep\n|turn|10\n|inactive|Time left: 300 sec this turn | 300 sec total\n|\n|t:|1783555762\n|move|p2a: Serperior|Leaf Storm|p1a: Lugia\n|-resisted|p1a: Lugia\n|-damage|p1a: Lugia|0 fnt\n|-boost|p2a: Serperior|spa|2\n|faint|p1a: Lugia\n|-damage|p2a: Serperior|200/248|[from] item: Life Orb\n|\n|upkeep\n|\n|t:|1783555762\n|switch|p1a: Virizion|Virizion, L82|100/100\n|turn|11\n|inactive|Time left: 300 sec this turn | 300 sec total\n|\n|t:|1783555763\n|move|p2a: Serperior|Leaf Storm|p1a: Virizion\n|-resisted|p1a: Virizion\n|-damage|p1a: Virizion|47/100\n|-boost|p2a: Serperior|spa|2\n|-damage|p2a: Serperior|176/248|[from] item: Life Orb\n|move|p1a: Virizion|Close Combat|p2a: Serperior\n|-damage|p2a: Serperior|16/248\n|-unboost|p1a: Virizion|def|1\n|-unboost|p1a: Virizion|spd|1\n|-damage|p1a: Virizion|37/100|[from] item: Life Orb\n|\n|upkeep\n|turn|12\n|inactive|Time left: 300 sec this turn | 300 sec total\n|\n|t:|1783555764\n|move|p1a: Virizion|Close Combat|p2a: Serperior\n|-damage|p2a: Serperior|0 fnt\n|-unboost|p1a: Virizion|def|1\n|-unboost|p1a: Virizion|spd|1\n|faint|p2a: Serperior\n|-damage|p1a: Virizion|27/100|[from] item: Life Orb\n|\n|upkeep\n|inactive|Time left: 300 sec this turn | 300 sec total | 5 sec grace\n|\n|t:|1783555765\n|switch|p2a: Noivern|Noivern, L82, F|274/274\n|turn|13\n|inactive|Time left: 300 sec this turn | 300 sec total\n|\n|t:|1783555766\n|switch|p1a: Hitmonchan|Hitmonchan, L87, M, tera:Dark|100/100\n|move|p2a: Noivern|Flamethrower|p1a: Hitmonchan\n|-damage|p1a: Hitmonchan|77/100\n|\n|-heal|p1a: Hitmonchan|83/100|[from] item: Leftovers\n|upkeep\n|turn|14\n|inactive|Time left: 300 sec this turn | 300 sec total\n|\n|t:|1783555767\n|move|p2a: Noivern|Hurricane|p1a: Hitmonchan|[miss]\n|-miss|p2a: Noivern|p1a: Hitmonchan\n|move|p1a: Hitmonchan|Knock Off|p2a: Noivern\n|-damage|p2a: Noivern|156/274\n|-enditem|p2a: Noivern|Heavy-Duty Boots|[from] move: Knock Off|[of] p1a: Hitmonchan\n|\n|-heal|p1a: Hitmonchan|90/100|[from] item: Leftovers\n|upkeep\n|turn|15\n|inactive|Time left: 300 sec this turn | 300 sec total\n|\n|t:|1783555768\n|move|p2a: Noivern|Hurricane|p1a: Hitmonchan|[miss]\n|-miss|p2a: Noivern|p1a: Hitmonchan\n|move|p1a: Hitmonchan|Bulk Up|p1a: Hitmonchan\n|-boost|p1a: Hitmonchan|atk|1\n|-boost|p1a: Hitmonchan|def|1\n|\n|-heal|p1a: Hitmonchan|96/100|[from] item: Leftovers\n|upkeep\n|turn|16\n|inactive|Time left: 300 sec this turn | 300 sec total\n|\n|t:|1783555769\n|move|p2a: Noivern|Hurricane|p1a: Hitmonchan\n|-damage|p1a: Hitmonchan|54/100\n|-start|p1a: Hitmonchan|confusion\n|-activate|p1a: Hitmonchan|confusion\n|move|p1a: Hitmonchan|Knock Off|p2a: Noivern\n|-damage|p2a: Noivern|18/274\n|\n|-heal|p1a: Hitmonchan|60/100|[from] item: Leftovers\n|upkeep\n|turn|17\n|inactive|Time left: 300 sec this turn | 300 sec total\n|\n|t:|1783555770\n|move|p2a: Noivern|Draco Meteor|p1a: Hitmonchan\n|-damage|p1a: Hitmonchan|14/100\n|-unboost|p2a: Noivern|spa|2\n|-activate|p1a: Hitmonchan|confusion\n|move|p1a: Hitmonchan|Bulk Up|p1a: Hitmonchan\n|-boost|p1a: Hitmonchan|atk|1\n|-boost|p1a: Hitmonchan|def|1\n|\n|-heal|p1a: Hitmonchan|20/100|[from] item: Leftovers\n|upkeep\n|turn|18\n|inactive|Time left: 300 sec this turn | 300 sec total\n|\n|t:|1783555771\n|move|p2a: Noivern|Draco Meteor|p1a: Hitmonchan\n|-damage|p1a: Hitmonchan|0 fnt\n|-unboost|p2a: Noivern|spa|2\n|faint|p1a: Hitmonchan\n|\n|upkeep\n|\n|t:|1783555771\n|switch|p1a: Serperior|Serperior, L79, M|100/100\n|turn|19\n|inactive|Time left: 300 sec this turn | 300 sec total\n|\n|t:|1783555772\n|switch|p2a: Sandslash|Sandslash-Alola, L88, M|275/275\n|move|p1a: Serperior|Leaf Storm|p2a: Sandslash\n|-resisted|p2a: Sandslash\n|-damage|p2a: Sandslash|228/275\n|-boost|p1a: Serperior|spa|2\n|-damage|p1a: Serperior|91/100|[from] item: Life Orb\n|\n|upkeep\n|turn|20\n|inactive|Time left: 300 sec this turn | 300 sec total\n|\n|t:|1783555773\n|move|p1a: Serperior|Leaf Storm|p2a: Sandslash\n|-resisted|p2a: Sandslash\n|-damage|p2a: Sandslash|129/275\n|-boost|p1a: Serperior|spa|2\n|-damage|p1a: Serperior|81/100|[from] item: Life Orb\n|move|p2a: Sandslash|Triple Axel|p1a: Serperior\n|-supereffective|p1a: Serperior\n|-damage|p1a: Serperior|62/100\n|-hitcount|p1a: Serperior|1\n|\n|upkeep\n|turn|21\n|inactive|Time left: 300 sec this turn | 300 sec total\n|\n|t:|1783555774\n|move|p1a: Serperior|Leaf Storm|p2a: Sandslash\n|-resisted|p2a: Sandslash\n|-damage|p2a: Sandslash|0 fnt\n|-boost|p1a: Serperior|spa|2\n|faint|p2a: Sandslash\n|-damage|p1a: Serperior|52/100|[from] item: Life Orb\n|\n|upkeep\n|inactive|Time left: 300 sec this turn | 300 sec total | 5 sec grace\n|\n|t:|1783555775\n|switch|p2a: Noivern|Noivern, L82, F|18/274\n|turn|22\n|inactive|Time left: 300 sec this turn | 300 sec total\n|\n|t:|1783555776\n|move|p2a: Noivern|Hurricane|p1a: Serperior\n|-supereffective|p1a: Serperior\n|-damage|p1a: Serperior|0 fnt\n|faint|p1a: Serperior\n|\n|upkeep\n|\n|t:|1783555777\n|switch|p1a: Metagross|Metagross, L79|7/100\n|turn|23\n|inactive|Time left: 300 sec this turn | 300 sec total\n|\n|t:|1783555778\n|switch|p2a: Blissey|Blissey, L85, F|572/572\n|move|p1a: Metagross|Bullet Punch|p2a: Blissey\n|-damage|p2a: Blissey|368/572\n|\n|-heal|p2a: Blissey|403/572|[from] item: Leftovers\n|upkeep\n|turn|24\n|inactive|Time left: 300 sec this turn | 300 sec total\n|\n|t:|1783555779\n|switch|p1a: Komala|Komala, L87, M|100/100\n|-ability|p1a: Komala|Comatose\n|move|p2a: Blissey|Soft-Boiled|p2a: Blissey\n|-heal|p2a: Blissey|572/572\n|\n|upkeep\n|turn|25\n|inactive|Time left: 300 sec this turn | 300 sec total\n|\n|t:|1783555780\n|move|p1a: Komala|Body Slam|p2a: Blissey\n|-damage|p2a: Blissey|49/572\n|move|p2a: Blissey|Soft-Boiled|p2a: Blissey\n|-heal|p2a: Blissey|335/572\n|\n|-heal|p2a: Blissey|370/572|[from] item: Leftovers\n|upkeep\n|turn|26\n|inactive|Time left: 300 sec this turn | 300 sec total\n|\n|t:|1783555781\n|move|p1a: Komala|Body Slam|p2a: Blissey\n|-damage|p2a: Blissey|0 fnt\n|faint|p2a: Blissey\n|\n|upkeep\n|inactive|Time left: 300 sec this turn | 300 sec total | 5 sec grace\n|\n|t:|1783555782\n|switch|p2a: Noivern|Noivern, L82, F|18/274\n|turn|27\n|inactive|Time left: 300 sec this turn | 300 sec total\n|\n|t:|1783555783\n|move|p2a: Noivern|Roost|p2a: Noivern\n|-heal|p2a: Noivern|155/274\n|-singleturn|p2a: Noivern|move: Roost\n|move|p1a: Komala|Body Slam|p2a: Noivern\n|-damage|p2a: Noivern|0 fnt\n|faint|p2a: Noivern\n|\n|win|p0x1432cb26", "uploadtime": 1783555783, "views": 0, "rating": 0, "private": 0, "password": null, "_winner": "p0x1432cb26", "_our_name": "p0y1432ea0c"}