{"id": "battle-gen9randombattle-2226", "formatid": "gen9randombattle", "format": "[Gen 9] Random Battle", "players": ["p0x2226a3f6", "p0y22268ca3"], "log": "|init|battle\n|title|p0x2226a3f6 vs. p0y22268ca3\n|j|\u2606p0x2226a3f6\n|j|\u2606p0y22268ca3\n|t:|1783564882\n|gametype|singles\n|player|p1|p0x2226a3f6|102|\n|player|p2|p0y22268ca3|102|\n|gen|9\n|tier|[Gen 9] Random Battle\n|rule|Species Clause: Limit one of each Pok\u00e9mon\n|rule|HP Percentage Mod: HP is shown in percentages\n|rule|Sleep Clause Mod: Limit one foe put to sleep\n|rule|Illusion Level Mod: Illusion disguises the Pok\u00e9mon's true level\n|\n|t:|1783564882\n|teamsize|p1|6\n|teamsize|p2|6\n|start\n|switch|p1a: Torterra|Torterra, L78, M|100/100\n|switch|p2a: Iron Hands|Iron Hands, L79|373/373\n|turn|1\n|inactive|Battle timer is ON: inactive players will automatically lose when time's up. (requested by p0y22268ca3)\n|inactive|p0x2226a3f6 also wants the timer to be on.\n|\n|t:|1783564883\n|move|p2a: Iron Hands|Fake Out|p1a: Torterra\n|-damage|p1a: Torterra|89/100\n|cant|p1a: Torterra|flinch\n|\n|upkeep\n|turn|2\n|inactive|Time left: 300 sec this turn | 300 sec total\n|\n|t:|1783564885\n|move|p1a: Torterra|Shell Smash|p1a: Torterra\n|-unboost|p1a: Torterra|def|1\n|-unboost|p1a: Torterra|spd|1\n|-boost|p1a: Torterra|atk|2\n|-boost|p1a: Torterra|spa|2\n|-boost|p1a: Torterra|spe|2\n|move|p2a: Iron Hands|Close Combat|p1a: Torterra\n|-crit|p1a: Torterra\n|-damage|p1a: Torterra|0 fnt\n|-unboost|p2a: Iron Hands|def|1\n|-unboost|p2a: Iron Hands|spd|1\n|faint|p1a: Torterra\n|\n|upkeep\n|\n|t:|1783564885\n|switch|p1a: Lurantis|Lurantis, L87, M|100/100\n|turn|3\n|inactive|Time left: 300 sec this turn | 300 sec total\n|\n|t:|1783564886\n|-end|p2a: Iron Hands|Quark Drive|[silent]\n|switch|p2a: Chandelure|Chandelure, L83, F|235/235\n|move|p1a: Lurantis|Superpower|p2a: Chandelure\n|-immune|p2a: Chandelure\n|\n|upkeep\n|turn|4\n|inactive|Time left: 300 sec this turn | 300 sec total\n|\n|t:|1783564887\n|move|p2a: Chandelure|Fire Blast|p1a: Lurantis\n|-supereffective|p1a: Lurantis\n|-damage|p1a: Lurantis|0 fnt\n|faint|p1a: Lurantis\n|\n|upkeep\n|\n|t:|1783564888\n|switch|p1a: Overqwil|Overqwil, L82, M|100/100\n|-ability|p1a: Overqwil|Intimidate|boost\n|-unboost|p2a: Chandelure|atk|1\n|turn|5\n|inactive|Time left: 300 sec this turn | 300 sec total\n|\n|t:|1783564889\n|switch|p2a: Iron Hands|Iron Hands, L79|373/373\n|move|p1a: Overqwil|Crunch|p2a: Iron Hands\n|-resisted|p2a: Iron Hands\n|-damage|p2a: Iron Hands|310/373\n|\n|upkeep\n|turn|6\n|inactive|Time left: 300 sec this turn | 300 sec total\n|\n|t:|1783564890\n|move|p1a: Overqwil|Crunch|p2a: Iron Hands\n|-resisted|p2a: Iron Hands\n|-damage|p2a: Iron Hands|250/373\n|-unboost|p2a: Iron Hands|def|1\n|move|p2a: Iron Hands|Thunder Punch|p1a: Overqwil\n|-damage|p1a: Overqwil|65/100\n|\n|upkeep\n|turn|7\n|inactive|Time left: 300 sec this turn | 300 sec total\n|\n|t:|1783564892\n|move|p1a: Overqwil|Crunch|p2a: Iron Hands\n|-resisted|p2a: Iron Hands\n|-damage|p2a: Iron Hands|151/373\n|-unboost|p2a: Iron Hands|def|1\n|move|p2a: Iron Hands|Close Combat|p1a: Overqwil\n|-damage|p1a: Overqwil|13/100\n|-unboost|p2a: Iron Hands|def|1\n|-unboost|p2a: Iron Hands|spd|1\n|\n|upkeep\n|turn|8\n|inactive|Time left: 300 sec this turn | 300 sec total\n|\n|t:|1783564893\n|-end|p2a: Iron Hands|Quark Drive|[silent]\n|switch|p2a: Houndoom|Houndoom, L87, M|272/272\n|move|p1a: Overqwil|Crunch|p2a: Houndoom\n|-resisted|p2a: Houndoom\n|-damage|p2a: Houndoom|170/272\n|-unboost|p2a: Houndoom|def|1\n|\n|upkeep\n|turn|9\n|inactive|Time left: 300 sec this turn | 300 sec total\n|\n|t:|1783564894\n|switch|p1a: Florges|Florges-Orange, L85, F|100/100\n|move|p2a: Houndoom|Sludge Bomb|p1a: Florges\n|-supereffective|p1a: Florges\n|-damage|p1a: Florges|65/100\n|\n|-heal|p1a: Florges|71/100|[from] item: Leftovers\n|upkeep\n|turn|10\n|inactive|Time left: 300 sec this turn | 300 sec total\n|\n|t:|1783564895\n|move|p2a: Houndoom|Sludge Bomb|p1a: Florges\n|-supereffective|p1a: Florges\n|-damage|p1a: Florges|36/100\n|-status|p1a: Florges|psn\n|move|p1a: Florges|Moonblast|p2a: Houndoom\n|-damage|p2a: Houndoom|56/272\n|\n|-heal|p1a: Florges|41/100 psn|[from] item: Leftovers\n|-damage|p1a: Florges|29/100 psn|[from] psn\n|upkeep\n|turn|11\n|inactive|Time left: 300 sec this turn | 300 sec total\n|\n|t:|1783564896\n|move|p2a: Houndoom|Fire Blast|p1a: Florges\n|-damage|p1a: Florges|0 fnt\n|faint|p1a: Florges\n|\n|upkeep\n|\n|t:|1783564897\n|switch|p1a: Overqwil|Overqwil, L82, M|13/100\n|-ability|p1a: Overqwil|Intimidate|boost\n|-unboost|p2a: Houndoom|atk|1\n|turn|12\n|inactive|Time left: 300 sec this turn | 300 sec total\n|\n|t:|1783564898\n|move|p1a: Overqwil|Aqua Jet|p2a: Houndoom\n|-supereffective|p2a: Houndoom\n|-damage|p2a: Houndoom|0 fnt\n|faint|p2a: Houndoom\n|\n|upkeep\n|inactive|Time left: 300 sec this turn | 300 sec total | 5 sec grace\n|\n|t:|1783564899\n|switch|p2a: Crawdaunt|Crawdaunt, L84, M|243/243\n|turn|13\n|inactive|Time left: 300 sec this turn | 300 sec total\n|\n|t:|1783564900\n|move|p1a: Overqwil|Aqua Jet|p2a: Crawdaunt\n|-resisted|p2a: Crawdaunt\n|-damage|p2a: Crawdaunt|219/243\n|move|p2a: Crawdaunt|Dragon Dance|p2a: Crawdaunt\n|-boost|p2a: Crawdaunt|atk|1\n|-boost|p2a: Crawdaunt|spe|1\n|\n|upkeep\n|turn|14\n|inactive|Time left: 300 sec this turn | 300 sec total\n|\n|t:|1783564901\n|move|p1a: Overqwil|Aqua Jet|p2a: Crawdaunt\n|-resisted|p2a: Crawdaunt\n|-damage|p2a: Crawdaunt|194/243\n|move|p2a: Crawdaunt|Dragon Dance|p2a: Crawdaunt\n|-boost|p2a: Crawdaunt|atk|1\n|-boost|p2a: Crawdaunt|spe|1\n|\n|upkeep\n|turn|15\n|inactive|Time left: 300 sec this turn | 300 sec total\n|\n|t:|1783564902\n|move|p1a: Overqwil|Aqua Jet|p2a: Crawdaunt\n|-resisted|p2a: Crawdaunt\n|-damage|p2a: Crawdaunt|170/243\n|move|p2a: Crawdaunt|Knock Off|p1a: Overqwil\n|-resisted|p1a: Overqwil\n|-damage|p1a: Overqwil|0 fnt\n|-enditem|p1a: Overqwil|Choice Band|[from] move: Knock Off|[of] p2a: Crawdaunt\n|faint|p1a: Overqwil\n|-damage|p2a: Crawdaunt|146/243|[from] item: Life Orb\n|\n|upkeep\n|\n|t:|1783564904\n|switch|p1a: Terapagos|Terapagos, L77, F|100/100\n|-activate|p1a: Terapagos|ability: Tera Shift\n|detailschange|p1a: Terapagos|Terapagos-Terastal, L77, F\n|-heal|p1a: Terapagos|100/100|[silent]\n|turn|16\n|inactive|Time left: 300 sec this turn | 300 sec total\n|\n|t:|1783564905\n|move|p2a: Crawdaunt|Knock Off|p1a: Terapagos\n|-activate|p1a: Terapagos|ability: Tera Shell\n|-resisted|p1a: Terapagos\n|-damage|p1a: Terapagos|30/100\n|-enditem|p1a: Terapagos|Heavy-Duty Boots|[from] move: Knock Off|[of] p2a: Crawdaunt\n|-damage|p2a: Crawdaunt|122/243|[from] item: Life Orb\n|move|p1a: Terapagos|Calm Mind|p1a: Terapagos\n|-boost|p1a: Terapagos|spa|1\n|-boost|p1a: Terapagos|spd|1\n|\n|upkeep\n|turn|17\n|inactive|Time left: 300 sec this turn | 300 sec total\n|\n|t:|1783564906\n|move|p2a: Crawdaunt|Knock Off|p1a: Terapagos\n|-damage|p1a: Terapagos|0 fnt\n|faint|p1a: Terapagos\n|-damage|p2a: Crawdaunt|98/243|[from] item: Life Orb\n|\n|upkeep\n|\n|t:|1783564907\n|switch|p1a: Cresselia|Cresselia, L80, F|100/100\n|turn|18\n|inactive|Time left: 300 sec this turn | 300 sec total\n|\n|t:|1783564908\n|-terastallize|p1a: Cresselia|Steel\n|move|p2a: Crawdaunt|Knock Off|p1a: Cresselia\n|-damage|p1a: Cresselia|0 fnt\n|-enditem|p1a: Cresselia|Leftovers|[from] move: Knock Off|[of] p2a: Crawdaunt\n|faint|p1a: Cresselia\n|-damage|p2a: Crawdaunt|74/243|[from] item: Life Orb\n|\n|win|p0y22268ca3", "uploadtime": 1783564908, "views": 0, "rating": 0, "private": 0, "password": null, "_winner": "p0y22268ca3", "_our_name": "p0y22268ca3"}