{"id": "battle-gen9randombattle-882", "formatid": "gen9randombattle", "format": "[Gen 9] Random Battle", "players": ["p0x8823043", "p0y8828467"], "log": "|init|battle\n|title|p0x8823043 vs. p0y8828467\n|j|\u2606p0x8823043\n|j|\u2606p0y8828467\n|t:|1783550135\n|gametype|singles\n|player|p1|p0x8823043|2|\n|player|p2|p0y8828467|102|\n|gen|9\n|tier|[Gen 9] Random Battle\n|rule|Species Clause: Limit one of each Pok\u00e9mon\n|rule|HP Percentage Mod: HP is shown in percentages\n|rule|Sleep Clause Mod: Limit one foe put to sleep\n|rule|Illusion Level Mod: Illusion disguises the Pok\u00e9mon's true level\n|\n|t:|1783550135\n|teamsize|p1|6\n|teamsize|p2|6\n|start\n|switch|p1a: Annihilape|Annihilape, L76, M|292/292\n|switch|p2a: Indeedee|Indeedee-F, L90, F|100/100\n|-fieldstart|move: Psychic Terrain|[from] ability: Psychic Surge|[of] p2a: Indeedee\n|turn|1\n|inactive|Battle timer is ON: inactive players will automatically lose when time's up. (requested by p0x8823043)\n|inactive|p0y8828467 also wants the timer to be on.\n|\n|t:|1783550137\n|switch|p1a: Morpeko|Morpeko, L88, M|245/245\n|move|p2a: Indeedee|Psychic|p1a: Morpeko\n|-immune|p1a: Morpeko\n|\n|-formechange|p1a: Morpeko|Morpeko-Hangry||[from] ability: Hunger Switch\n|upkeep\n|turn|2\n|inactive|Time left: 300 sec this turn | 300 sec total\n|\n|t:|1783550138\n|switch|p2a: Torkoal|Torkoal, L88, M|100/100\n|-weather|SunnyDay|[from] ability: Drought|[of] p2a: Torkoal\n|move|p1a: Morpeko|Aura Wheel|p2a: Torkoal\n|-damage|p2a: Torkoal|69/100\n|-boost|p1a: Morpeko|spe|1\n|\n|-weather|SunnyDay|[upkeep]\n|-formechange|p1a: Morpeko|Morpeko||[from] ability: Hunger Switch\n|upkeep\n|turn|3\n|inactive|Time left: 300 sec this turn | 300 sec total\n|\n|t:|1783550139\n|move|p1a: Morpeko|Protect|p1a: Morpeko\n|-singleturn|p1a: Morpeko|Protect\n|move|p2a: Torkoal|Lava Plume|p1a: Morpeko\n|-activate|p1a: Morpeko|move: Protect\n|\n|-weather|SunnyDay|[upkeep]\n|-formechange|p1a: Morpeko|Morpeko-Hangry||[from] ability: Hunger Switch\n|upkeep\n|turn|4\n|inactive|Time left: 300 sec this turn | 300 sec total\n|\n|t:|1783550140\n|move|p1a: Morpeko|Aura Wheel|p2a: Torkoal\n|-damage|p2a: Torkoal|38/100\n|-boost|p1a: Morpeko|spe|1\n|move|p2a: Torkoal|Lava Plume|p1a: Morpeko\n|-damage|p1a: Morpeko|74/245\n|-status|p1a: Morpeko|brn\n|\n|-weather|SunnyDay|[upkeep]\n|-heal|p1a: Morpeko|89/245 brn|[from] item: Leftovers\n|-damage|p1a: Morpeko|74/245 brn|[from] brn\n|-formechange|p1a: Morpeko|Morpeko||[from] ability: Hunger Switch\n|upkeep\n|turn|5\n|inactive|Time left: 300 sec this turn | 300 sec total\n|\n|t:|1783550140\n|move|p1a: Morpeko|Knock Off|p2a: Torkoal\n|-damage|p2a: Torkoal|23/100\n|-enditem|p2a: Torkoal|Heavy-Duty Boots|[from] move: Knock Off|[of] p1a: Morpeko\n|move|p2a: Torkoal|Lava Plume|p1a: Morpeko\n|-damage|p1a: Morpeko|0 fnt\n|faint|p1a: Morpeko\n|\n|-weather|SunnyDay|[upkeep]\n|-fieldend|move: Psychic Terrain\n|upkeep\n|inactive|Time left: 300 sec this turn | 300 sec total | 5 sec grace\n|\n|t:|1783550141\n|switch|p1a: Haxorus|Haxorus, L77, F|244/244\n|-ability|p1a: Haxorus|Mold Breaker\n|turn|6\n|inactive|Time left: 300 sec this turn | 300 sec total\n|\n|t:|1783550142\n|move|p1a: Haxorus|Outrage|p2a: Torkoal\n|-damage|p2a: Torkoal|0 fnt\n|faint|p2a: Torkoal\n|\n|-weather|none\n|upkeep\n|\n|t:|1783550143\n|switch|p2a: Indeedee|Indeedee-F, L90, F|100/100\n|-fieldstart|move: Psychic Terrain|[from] ability: Psychic Surge|[of] p2a: Indeedee\n|turn|7\n|inactive|Time left: 300 sec this turn | 300 sec total\n|\n|t:|1783550144\n|-terastallize|p2a: Indeedee|Fairy\n|move|p2a: Indeedee|Psychic|p1a: Haxorus\n|-damage|p1a: Haxorus|70/244\n|move|p1a: Haxorus|Outrage|p2a: Indeedee|[from] lockedmove\n|-immune|p2a: Indeedee\n|\n|upkeep\n|turn|8\n|inactive|Time left: 300 sec this turn | 300 sec total\n|\n|t:|1783550145\n|move|p2a: Indeedee|Psychic|p1a: Haxorus\n|-damage|p1a: Haxorus|0 fnt\n|faint|p1a: Haxorus\n|\n|upkeep\n|inactive|Time left: 300 sec this turn | 300 sec total | 5 sec grace\n|\n|t:|1783550146\n|switch|p1a: Sunflora|Sunflora, M|312/312\n|turn|9\n|inactive|Time left: 300 sec this turn | 300 sec total\n|\n|t:|1783550147\n|move|p2a: Indeedee|Psychic|p1a: Sunflora\n|-damage|p1a: Sunflora|198/312\n|move|p1a: Sunflora|Sunny Day|p1a: Sunflora\n|-weather|SunnyDay\n|\n|-weather|SunnyDay|[upkeep]\n|upkeep\n|turn|10\n|inactive|Time left: 300 sec this turn | 300 sec total\n|\n|t:|1783550149\n|-terastallize|p1a: Sunflora|Fire\n|move|p2a: Indeedee|Psychic|p1a: Sunflora\n|-damage|p1a: Sunflora|71/312\n|move|p1a: Sunflora|Weather Ball|p2a: Indeedee\n|-damage|p2a: Indeedee|14/100\n|-damage|p1a: Sunflora|40/312|[from] item: Life Orb\n|\n|-weather|SunnyDay|[upkeep]\n|upkeep\n|turn|11\n|inactive|Time left: 300 sec this turn | 300 sec total\n|\n|t:|1783550150\n|switch|p1a: Vaporeon|Vaporeon, L86, F|364/364\n|move|p2a: Indeedee|Psychic|p1a: Vaporeon\n|-damage|p1a: Vaporeon|223/364\n|-unboost|p1a: Vaporeon|spd|1\n|\n|-weather|SunnyDay|[upkeep]\n|-heal|p1a: Vaporeon|245/364|[from] item: Leftovers\n|-fieldend|move: Psychic Terrain\n|upkeep\n|turn|12\n|inactive|Time left: 300 sec this turn | 300 sec total\n|\n|t:|1783550151\n|move|p2a: Indeedee|Psychic|p1a: Vaporeon\n|-damage|p1a: Vaporeon|107/364\n|move|p1a: Vaporeon|Scald|p2a: Indeedee\n|-damage|p2a: Indeedee|0 fnt\n|faint|p2a: Indeedee\n|\n|-weather|SunnyDay|[upkeep]\n|-heal|p1a: Vaporeon|129/364|[from] item: Leftovers\n|upkeep\n|\n|t:|1783550152\n|switch|p2a: Ariados|Ariados, L95, F|100/100\n|turn|13\n|inactive|Time left: 300 sec this turn | 300 sec total\n|\n|t:|1783550154\n|move|p1a: Vaporeon|Scald|p2a: Ariados\n|-damage|p2a: Ariados|83/100\n|move|p2a: Ariados|Sticky Web|p1a: Vaporeon\n|-sidestart|p1: p0x8823043|move: Sticky Web\n|\n|-weather|none\n|-heal|p1a: Vaporeon|151/364|[from] item: Leftovers\n|upkeep\n|turn|14\n|inactive|Time left: 300 sec this turn | 300 sec total\n|\n|t:|1783550155\n|move|p1a: Vaporeon|Scald|p2a: Ariados\n|-damage|p2a: Ariados|49/100\n|-status|p2a: Ariados|brn\n|move|p2a: Ariados|Poison Jab|p1a: Vaporeon\n|-damage|p1a: Vaporeon|81/364\n|\n|-heal|p1a: Vaporeon|103/364|[from] item: Leftovers\n|-damage|p2a: Ariados|43/100 brn|[from] brn\n|upkeep\n|turn|15\n|inactive|Time left: 300 sec this turn | 300 sec total\n|\n|t:|1783550156\n|move|p1a: Vaporeon|Scald|p2a: Ariados\n|-damage|p2a: Ariados|7/100 brn\n|move|p2a: Ariados|Poison Jab|p1a: Vaporeon\n|-damage|p1a: Vaporeon|42/364\n|\n|-heal|p1a: Vaporeon|64/364|[from] item: Leftovers\n|-damage|p2a: Ariados|2/100 brn|[from] brn\n|upkeep\n|turn|16\n|inactive|Time left: 300 sec this turn | 300 sec total\n|\n|t:|1783550157\n|move|p1a: Vaporeon|Scald|p2a: Ariados\n|-damage|p2a: Ariados|0 fnt\n|faint|p2a: Ariados\n|\n|-heal|p1a: Vaporeon|86/364|[from] item: Leftovers\n|upkeep\n|\n|t:|1783550158\n|switch|p2a: Morpeko|Morpeko, L88, F|100/100\n|turn|17\n|inactive|Time left: 300 sec this turn | 300 sec total\n|\n|t:|1783550159\n|move|p2a: Morpeko|Aura Wheel|p1a: Vaporeon\n|-supereffective|p1a: Vaporeon\n|-damage|p1a: Vaporeon|0 fnt\n|-boost|p2a: Morpeko|spe|1\n|faint|p1a: Vaporeon\n|\n|-formechange|p2a: Morpeko|Morpeko-Hangry||[from] ability: Hunger Switch\n|upkeep\n|inactive|Time left: 300 sec this turn | 300 sec total | 5 sec grace\n|\n|t:|1783550160\n|switch|p1a: Yanmega|Yanmega, L82, F|275/275\n|turn|18\n|inactive|Time left: 300 sec this turn | 300 sec total\n|\n|t:|1783550161\n|move|p2a: Morpeko|Protect|p2a: Morpeko\n|-singleturn|p2a: Morpeko|Protect\n|move|p1a: Yanmega|Bug Buzz|p2a: Morpeko\n|-activate|p2a: Morpeko|move: Protect\n|\n|-formechange|p2a: Morpeko|Morpeko||[from] ability: Hunger Switch\n|upkeep\n|turn|19\n|inactive|Time left: 300 sec this turn | 300 sec total\n|\n|t:|1783550162\n|move|p2a: Morpeko|Aura Wheel|p1a: Yanmega\n|-supereffective|p1a: Yanmega\n|-damage|p1a: Yanmega|11/275\n|-boost|p2a: Morpeko|spe|1\n|move|p1a: Yanmega|Bug Buzz|p2a: Morpeko\n|-supereffective|p2a: Morpeko\n|-damage|p2a: Morpeko|0 fnt\n|faint|p2a: Morpeko\n|\n|upkeep\n|\n|t:|1783550162\n|switch|p2a: Delibird|Delibird, F|100/100\n|turn|20\n|inactive|Time left: 300 sec this turn | 300 sec total\n|\n|t:|1783550163\n|switch|p1a: Sunflora|Sunflora, M, tera:Fire|40/312\n|-activate|p1a: Sunflora|move: Sticky Web\n|-unboost|p1a: Sunflora|spe|1\n|move|p2a: Delibird|Rapid Spin|p1a: Sunflora\n|-damage|p1a: Sunflora|0 fnt\n|-boost|p2a: Delibird|spe|1\n|faint|p1a: Sunflora\n|\n|upkeep\n|inactive|Time left: 300 sec this turn | 300 sec total | 5 sec grace\n|\n|t:|1783550164\n|switch|p1a: Yanmega|Yanmega, L82, F|11/275\n|turn|21\n|inactive|Time left: 300 sec this turn | 300 sec total\n|\n|t:|1783550165\n|move|p2a: Delibird|Brave Bird|p1a: Yanmega\n|-supereffective|p1a: Yanmega\n|-damage|p1a: Yanmega|0 fnt\n|faint|p1a: Yanmega\n|-damage|p2a: Delibird|99/100|[from] Recoil\n|\n|upkeep\n|inactive|Time left: 300 sec this turn | 300 sec total | 5 sec grace\n|\n|t:|1783550166\n|switch|p1a: Annihilape|Annihilape, L76, M|292/292\n|-activate|p1a: Annihilape|move: Sticky Web\n|-unboost|p1a: Annihilape|spe|1\n|-ability|p1a: Annihilape|Defiant|boost\n|-boost|p1a: Annihilape|atk|2\n|turn|22\n|inactive|Time left: 300 sec this turn | 300 sec total\n|\n|t:|1783550167\n|move|p2a: Delibird|Brave Bird|p1a: Annihilape\n|-supereffective|p1a: Annihilape\n|-damage|p1a: Annihilape|28/292\n|-damage|p2a: Delibird|64/100|[from] Recoil\n|move|p1a: Annihilape|Drain Punch|p2a: Delibird\n|-damage|p2a: Delibird|0 fnt\n|-heal|p1a: Annihilape|109/292|[from] drain|[of] p2a: Delibird\n|faint|p2a: Delibird\n|\n|-heal|p1a: Annihilape|127/292|[from] item: Leftovers\n|upkeep\n|\n|t:|1783550168\n|switch|p2a: Goodra|Goodra-Hisui, L82, M|100/100\n|turn|23\n|inactive|Time left: 300 sec this turn | 300 sec total\n|\n|t:|1783550169\n|move|p2a: Goodra|Heavy Slam|p1a: Annihilape\n|-damage|p1a: Annihilape|0 fnt\n|faint|p1a: Annihilape\n|\n|win|p0y8828467", "uploadtime": 1783550169, "views": 0, "rating": 0, "private": 0, "password": null, "_winner": "p0y8828467", "_our_name": "p0x8823043"}