{"id": "battle-gen9randombattle-128", "formatid": "gen9randombattle", "format": "[Gen 9] Random Battle", "players": ["p0x1281855", "p0y1285558"], "log": "|init|battle\n|title|p0x1281855 vs. p0y1285558\n|j|\u2606p0x1281855\n|j|\u2606p0y1285558\n|t:|1783534755\n|gametype|singles\n|player|p1|p0x1281855|170|\n|player|p2|p0y1285558|266|\n|gen|9\n|tier|[Gen 9] Random Battle\n|rule|Species Clause: Limit one of each Pok\u00e9mon\n|rule|HP Percentage Mod: HP is shown in percentages\n|rule|Sleep Clause Mod: Limit one foe put to sleep\n|rule|Illusion Level Mod: Illusion disguises the Pok\u00e9mon's true level\n|\n|t:|1783534755\n|teamsize|p1|6\n|teamsize|p2|6\n|start\n|switch|p1a: Weavile|Weavile, L79, F|100/100\n|switch|p2a: Leavanny|Leavanny, L86, F|269/269\n|turn|1\n|inactive|Battle timer is ON: inactive players will automatically lose when time's up. (requested by p0x1281855)\n|inactive|Time left: 300 sec this turn | 300 sec total | 60 sec grace\n|inactive|p0y1285558 also wants the timer to be on.\n|\n|t:|1783534756\n|-terastallize|p2a: Leavanny|Ghost\n|move|p1a: Weavile|Triple Axel|p2a: Leavanny\n|-damage|p2a: Leavanny|233/269\n|-hitcount|p2a: Leavanny|1\n|move|p2a: Leavanny|Lunge|p1a: Weavile\n|-supereffective|p1a: Weavile\n|-damage|p1a: Weavile|0 fnt\n|faint|p1a: Weavile\n|\n|upkeep\n|\n|t:|1783534758\n|switch|p1a: Inteleon|Inteleon, L81, M|100/100\n|turn|2\n|inactive|Time left: 300 sec this turn | 300 sec total\n|\n|t:|1783534759\n|-terastallize|p1a: Inteleon|Water\n|move|p1a: Inteleon|Hydro Pump|p2a: Leavanny|[miss]\n|-miss|p1a: Inteleon|p2a: Leavanny\n|move|p2a: Leavanny|Leaf Blade|p1a: Inteleon\n|-supereffective|p1a: Inteleon\n|-damage|p1a: Inteleon|0 fnt\n|faint|p1a: Inteleon\n|\n|upkeep\n|\n|t:|1783534760\n|switch|p1a: Exeggutor|Exeggutor-Alola, L89, F|100/100\n|-item|p2a: Leavanny|Focus Sash|[from] ability: Frisk|[of] p1a: Exeggutor\n|turn|3\n|inactive|Time left: 300 sec this turn | 300 sec total\n|\n|t:|1783534761\n|move|p2a: Leavanny|Sticky Web|p1a: Exeggutor\n|-sidestart|p1: p0x1281855|move: Sticky Web\n|move|p1a: Exeggutor|Draco Meteor|p2a: Leavanny\n|-damage|p2a: Leavanny|0 fnt\n|-unboost|p1a: Exeggutor|spa|2\n|faint|p2a: Leavanny\n|\n|upkeep\n|inactive|Time left: 300 sec this turn | 300 sec total | 5 sec grace\n|\n|t:|1783534762\n|switch|p2a: Sneasler|Sneasler, L74, F|240/240\n|turn|4\n|inactive|Time left: 300 sec this turn | 300 sec total\n|\n|t:|1783534763\n|switch|p1a: Oricorio|Oricorio-Pa'u, L87, M|100/100\n|move|p2a: Sneasler|Dire Claw|p1a: Oricorio\n|-damage|p1a: Oricorio|48/100\n|\n|upkeep\n|turn|5\n|inactive|Time left: 300 sec this turn | 300 sec total\n|\n|t:|1783534764\n|switch|p1a: Umbreon|Umbreon, L84, M|100/100\n|-activate|p1a: Umbreon|move: Sticky Web\n|-unboost|p1a: Umbreon|spe|1\n|move|p2a: Sneasler|Dire Claw|p1a: Umbreon\n|-damage|p1a: Umbreon|66/100\n|-status|p1a: Umbreon|psn\n|-activate|p1a: Umbreon|ability: Synchronize\n|-immune|p2a: Sneasler\n|\n|-heal|p1a: Umbreon|72/100 psn|[from] item: Leftovers\n|-damage|p1a: Umbreon|59/100 psn|[from] psn\n|upkeep\n|turn|6\n|inactive|Time left: 300 sec this turn | 300 sec total\n|\n|t:|1783534765\n|move|p2a: Sneasler|Dire Claw|p1a: Umbreon\n|-crit|p1a: Umbreon\n|-damage|p1a: Umbreon|5/100 psn\n|move|p1a: Umbreon|Foul Play|p2a: Sneasler\n|-resisted|p2a: Sneasler\n|-damage|p2a: Sneasler|159/240\n|\n|-heal|p1a: Umbreon|11/100 psn|[from] item: Leftovers\n|-damage|p1a: Umbreon|0 fnt|[from] psn\n|faint|p1a: Umbreon\n|upkeep\n|\n|t:|1783534766\n|switch|p1a: Porygon-Z|Porygon-Z, L83|100/100\n|-activate|p1a: Porygon-Z|move: Sticky Web\n|-unboost|p1a: Porygon-Z|spe|1\n|turn|7\n|inactive|Time left: 300 sec this turn | 300 sec total\n|\n|t:|1783534767\n|move|p2a: Sneasler|Dire Claw|p1a: Porygon-Z\n|-damage|p1a: Porygon-Z|47/100\n|move|p1a: Porygon-Z|Tera Blast|p2a: Sneasler\n|-damage|p2a: Sneasler|0 fnt\n|faint|p2a: Sneasler\n|-damage|p1a: Porygon-Z|37/100|[from] item: Life Orb\n|\n|upkeep\n|inactive|Time left: 300 sec this turn | 300 sec total | 5 sec grace\n|\n|t:|1783534768\n|switch|p2a: Bombirdier|Bombirdier, L85, F|258/258\n|turn|8\n|inactive|Time left: 300 sec this turn | 300 sec total\n|\n|t:|1783534769\n|move|p2a: Bombirdier|Knock Off|p1a: Porygon-Z\n|-damage|p1a: Porygon-Z|0 fnt\n|-enditem|p1a: Porygon-Z|Life Orb|[from] move: Knock Off|[of] p2a: Bombirdier\n|faint|p1a: Porygon-Z\n|\n|upkeep\n|\n|t:|1783534770\n|switch|p1a: Exeggutor|Exeggutor-Alola, L89, F|100/100\n|-activate|p1a: Exeggutor|move: Sticky Web\n|-unboost|p1a: Exeggutor|spe|1\n|-item|p2a: Bombirdier|Heavy-Duty Boots|[from] ability: Frisk|[of] p1a: Exeggutor\n|turn|9\n|inactive|Time left: 300 sec this turn | 300 sec total\n|\n|t:|1783534771\n|move|p2a: Bombirdier|Knock Off|p1a: Exeggutor\n|-damage|p1a: Exeggutor|65/100\n|-enditem|p1a: Exeggutor|Choice Specs|[from] move: Knock Off|[of] p2a: Bombirdier\n|move|p1a: Exeggutor|Flamethrower|p2a: Bombirdier\n|-damage|p2a: Bombirdier|164/258\n|\n|upkeep\n|turn|10\n|inactive|Time left: 300 sec this turn | 300 sec total\n|\n|t:|1783534772\n|move|p2a: Bombirdier|Brave Bird|p1a: Exeggutor\n|-supereffective|p1a: Exeggutor\n|-damage|p1a: Exeggutor|0 fnt\n|faint|p1a: Exeggutor\n|-damage|p2a: Bombirdier|97/258|[from] Recoil\n|\n|upkeep\n|\n|t:|1783534773\n|switch|p1a: Oricorio|Oricorio-Pa'u, L87, M|48/100\n|turn|11\n|inactive|Time left: 300 sec this turn | 300 sec total\n|\n|t:|1783534774\n|move|p1a: Oricorio|Hurricane|p2a: Bombirdier\n|-damage|p2a: Bombirdier|0 fnt\n|faint|p2a: Bombirdier\n|\n|upkeep\n|inactive|Time left: 300 sec this turn | 300 sec total | 5 sec grace\n|\n|t:|1783534775\n|switch|p2a: Electrode|Electrode-Hisui, L87|246/246\n|turn|12\n|inactive|Time left: 300 sec this turn | 300 sec total\n|\n|t:|1783534776\n|move|p2a: Electrode|Thunderbolt|p1a: Oricorio\n|-supereffective|p1a: Oricorio\n|-damage|p1a: Oricorio|0 fnt\n|faint|p1a: Oricorio\n|\n|win|p0y1285558", "uploadtime": 1783534776, "views": 0, "rating": 0, "private": 0, "password": null, "_winner": "p0y1285558", "_our_name": "p0y1285558"}