{"id": "battle-gen9randombattle-1556", "formatid": "gen9randombattle", "format": "[Gen 9] Random Battle", "players": ["p0x15569528", "p0y155609d7"], "log": "|init|battle\n|title|p0x15569528 vs. p0y155609d7\n|j|\u2606p0x15569528\n|j|\u2606p0y155609d7\n|t:|1783557204\n|gametype|singles\n|player|p1|p0x15569528|266|\n|player|p2|p0y155609d7|170|\n|gen|9\n|tier|[Gen 9] Random Battle\n|rule|Species Clause: Limit one of each Pok\u00e9mon\n|rule|HP Percentage Mod: HP is shown in percentages\n|rule|Sleep Clause Mod: Limit one foe put to sleep\n|rule|Illusion Level Mod: Illusion disguises the Pok\u00e9mon's true level\n|\n|t:|1783557204\n|teamsize|p1|6\n|teamsize|p2|6\n|start\n|switch|p1a: Primarina|Primarina, L83, F|100/100\n|switch|p2a: Bisharp|Bisharp, L79, F|232/232\n|turn|1\n|inactive|Battle timer is ON: inactive players will automatically lose when time's up. (requested by p0x15569528)\n|inactive|Time left: 300 sec this turn | 300 sec total | 60 sec grace\n|inactive|p0y155609d7 also wants the timer to be on.\n|\n|t:|1783557205\n|move|p2a: Bisharp|Swords Dance|p2a: Bisharp\n|-boost|p2a: Bisharp|atk|2\n|move|p1a: Primarina|Psychic Noise|p2a: Bisharp\n|-damage|p2a: Bisharp|151/232\n|-start|p2a: Bisharp|move: Heal Block\n|\n|upkeep\n|turn|2\n|inactive|Time left: 300 sec this turn | 300 sec total\n|\n|t:|1783557206\n|move|p2a: Bisharp|Iron Head|p1a: Primarina\n|-damage|p1a: Primarina|15/100\n|move|p1a: Primarina|Moonblast|p2a: Bisharp\n|-damage|p2a: Bisharp|52/232\n|\n|-heal|p1a: Primarina|21/100|[from] item: Leftovers\n|-end|p2a: Bisharp|move: Heal Block\n|upkeep\n|turn|3\n|inactive|Time left: 300 sec this turn | 300 sec total\n|\n|t:|1783557207\n|switch|p1a: Gouging Fire|Gouging Fire, L74|100/100\n|move|p2a: Bisharp|Throat Chop|p1a: Gouging Fire\n|-damage|p1a: Gouging Fire|38/100\n|-start|p1a: Gouging Fire|Throat Chop|[silent]\n|\n|upkeep\n|turn|4\n|inactive|Time left: 300 sec this turn | 300 sec total\n|\n|t:|1783557209\n|move|p2a: Bisharp|Sucker Punch|p1a: Gouging Fire\n|-damage|p1a: Gouging Fire|0 fnt\n|faint|p1a: Gouging Fire\n|-end|p1a: Gouging Fire|Protosynthesis|[silent]\n|\n|upkeep\n|\n|t:|1783557210\n|switch|p1a: Empoleon|Empoleon, L84, F|100/100\n|turn|5\n|inactive|Time left: 300 sec this turn | 300 sec total\n|\n|t:|1783557211\n|move|p2a: Bisharp|Throat Chop|p1a: Empoleon\n|-damage|p1a: Empoleon|31/100\n|-start|p1a: Empoleon|Throat Chop|[silent]\n|move|p1a: Empoleon|Surf|p2a: Bisharp\n|-damage|p2a: Bisharp|0 fnt\n|faint|p2a: Bisharp\n|\n|-heal|p1a: Empoleon|38/100|[from] item: Leftovers\n|upkeep\n|inactive|Time left: 300 sec this turn | 300 sec total | 5 sec grace\n|\n|t:|1783557212\n|switch|p2a: Baxcalibur|Baxcalibur, L75, M|296/296\n|turn|6\n|inactive|Time left: 300 sec this turn | 300 sec total\n|\n|t:|1783557213\n|move|p2a: Baxcalibur|Earthquake|p1a: Empoleon\n|-supereffective|p1a: Empoleon\n|-damage|p1a: Empoleon|0 fnt\n|faint|p1a: Empoleon\n|\n|upkeep\n|\n|t:|1783557214\n|switch|p1a: Iron Crown|Iron Crown, L78|100/100\n|turn|7\n|inactive|Time left: 300 sec this turn | 300 sec total\n|\n|t:|1783557215\n|switch|p2a: Tornadus|Tornadus-Therian, L79, M|254/254\n|move|p1a: Iron Crown|Tachyon Cutter|p2a: Tornadus\n|-damage|p2a: Tornadus|215/254\n|-damage|p2a: Tornadus|178/254\n|-hitcount|p2a: Tornadus|2\n|\n|upkeep\n|turn|8\n|inactive|Time left: 300 sec this turn | 300 sec total\n|\n|t:|1783557217\n|move|p2a: Tornadus|Knock Off|p1a: Iron Crown\n|-supereffective|p1a: Iron Crown\n|-damage|p1a: Iron Crown|53/100\n|-enditem|p1a: Iron Crown|Leftovers|[from] move: Knock Off|[of] p2a: Tornadus\n|move|p1a: Iron Crown|Calm Mind|p1a: Iron Crown\n|-boost|p1a: Iron Crown|spa|1\n|-boost|p1a: Iron Crown|spd|1\n|\n|upkeep\n|turn|9\n|inactive|Time left: 300 sec this turn | 300 sec total\n|\n|t:|1783557218\n|move|p2a: Tornadus|Heat Wave|p1a: Iron Crown\n|-supereffective|p1a: Iron Crown\n|-damage|p1a: Iron Crown|21/100\n|move|p1a: Iron Crown|Psyshock|p2a: Tornadus\n|-damage|p2a: Tornadus|39/254\n|\n|upkeep\n|turn|10\n|inactive|Time left: 300 sec this turn | 300 sec total\n|\n|t:|1783557219\n|move|p2a: Tornadus|Knock Off|p1a: Iron Crown\n|-supereffective|p1a: Iron Crown\n|-damage|p1a: Iron Crown|0 fnt\n|faint|p1a: Iron Crown\n|-end|p1a: Iron Crown|Quark Drive|[silent]\n|\n|upkeep\n|\n|t:|1783557220\n|switch|p1a: Sunflora|Sunflora, F|100/100\n|turn|11\n|inactive|Time left: 300 sec this turn | 300 sec total\n|\n|t:|1783557221\n|move|p2a: Tornadus|U-turn|p1a: Sunflora\n|-supereffective|p1a: Sunflora\n|-damage|p1a: Sunflora|67/100\n|inactive|Time left: 300 sec this turn | 300 sec total | 5 sec grace\n|\n|t:|1783557222\n|switch|p2a: Dunsparce|Dunsparce, L86, M|312/312|[from] U-turn\n|move|p1a: Sunflora|Sludge Bomb|p2a: Dunsparce\n|-damage|p2a: Dunsparce|196/312\n|-status|p2a: Dunsparce|psn\n|\n|-damage|p2a: Dunsparce|157/312 psn|[from] psn\n|upkeep\n|turn|12\n|inactive|Time left: 300 sec this turn | 300 sec total\n|\n|t:|1783557223\n|move|p2a: Dunsparce|Roost|p2a: Dunsparce\n|-heal|p2a: Dunsparce|312/312 psn\n|-singleturn|p2a: Dunsparce|move: Roost\n|move|p1a: Sunflora|Sludge Bomb|p2a: Dunsparce\n|-damage|p2a: Dunsparce|192/312 psn\n|\n|-damage|p2a: Dunsparce|153/312 psn|[from] psn\n|upkeep\n|turn|13\n|inactive|Time left: 300 sec this turn | 300 sec total\n|\n|t:|1783557224\n|move|p2a: Dunsparce|Body Slam|p1a: Sunflora\n|-damage|p1a: Sunflora|39/100\n|move|p1a: Sunflora|Sludge Bomb|p2a: Dunsparce\n|-damage|p2a: Dunsparce|34/312 psn\n|\n|-damage|p2a: Dunsparce|0 fnt|[from] psn\n|faint|p2a: Dunsparce\n|upkeep\n|inactive|Time left: 300 sec this turn | 300 sec total | 5 sec grace\n|\n|t:|1783557226\n|switch|p2a: Baxcalibur|Baxcalibur, L75, M|296/296\n|turn|14\n|inactive|Time left: 300 sec this turn | 300 sec total\n|\n|t:|1783557227\n|switch|p1a: Primarina|Primarina, L83, F|21/100\n|move|p2a: Baxcalibur|Icicle Crash|p1a: Primarina\n|-resisted|p1a: Primarina\n|-damage|p1a: Primarina|1/100\n|\n|-heal|p1a: Primarina|7/100|[from] item: Leftovers\n|upkeep\n|turn|15\n|inactive|Time left: 300 sec this turn | 300 sec total\n|\n|t:|1783557228\n|move|p2a: Baxcalibur|Icicle Crash|p1a: Primarina\n|-resisted|p1a: Primarina\n|-damage|p1a: Primarina|0 fnt\n|faint|p1a: Primarina\n|\n|upkeep\n|\n|t:|1783557229\n|switch|p1a: Vileplume|Vileplume, L85, F|100/100\n|turn|16\n|inactive|Time left: 300 sec this turn | 300 sec total\n|\n|t:|1783557230\n|-terastallize|p1a: Vileplume|Water\n|move|p2a: Baxcalibur|Dragon Dance|p2a: Baxcalibur\n|-boost|p2a: Baxcalibur|atk|1\n|-boost|p2a: Baxcalibur|spe|1\n|move|p1a: Vileplume|Sludge Bomb|p2a: Baxcalibur\n|-damage|p2a: Baxcalibur|170/296\n|\n|upkeep\n|turn|17\n|inactive|Time left: 300 sec this turn | 300 sec total\n|\n|t:|1783557231\n|-terastallize|p2a: Baxcalibur|Dragon\n|move|p2a: Baxcalibur|Glaive Rush|p1a: Vileplume\n|-damage|p1a: Vileplume|0 fnt\n|-singlemove|p2a: Baxcalibur|Glaive Rush|[silent]\n|faint|p1a: Vileplume\n|\n|upkeep\n|\n|t:|1783557232\n|switch|p1a: Sunflora|Sunflora, F|39/100\n|turn|18\n|inactive|Time left: 300 sec this turn | 300 sec total\n|\n|t:|1783557233\n|move|p2a: Baxcalibur|Glaive Rush|p1a: Sunflora\n|-damage|p1a: Sunflora|0 fnt\n|-singlemove|p2a: Baxcalibur|Glaive Rush|[silent]\n|faint|p1a: Sunflora\n|\n|win|p0y155609d7", "uploadtime": 1783557233, "views": 0, "rating": 0, "private": 0, "password": null, "_winner": "p0y155609d7", "_our_name": "p0y155609d7"}