{"id": "battle-gen9randombattle-2", "formatid": "gen9randombattle", "format": "[Gen 9] Random Battle", "players": ["p0x001cfe8", "p0y0016b74"], "log": "|init|battle\n|title|p0x001cfe8 vs. p0y0016b74\n|j|\u2606p0x001cfe8\n|j|\u2606p0y0016b74\n|t:|1783539459\n|gametype|singles\n|player|p1|p0x001cfe8|102|\n|player|p2|p0y0016b74|101|\n|gen|9\n|tier|[Gen 9] Random Battle\n|rule|Species Clause: Limit one of each Pok\u00e9mon\n|rule|HP Percentage Mod: HP is shown in percentages\n|rule|Sleep Clause Mod: Limit one foe put to sleep\n|rule|Illusion Level Mod: Illusion disguises the Pok\u00e9mon's true level\n|\n|t:|1783539459\n|teamsize|p1|6\n|teamsize|p2|6\n|start\n|switch|p1a: Weezing|Weezing-Galar, L86, M|100/100\n|switch|p2a: Calyrex|Calyrex-Shadow, L64|235/235\n|-ability|p2a: Calyrex|As One\n|-ability|p2a: Calyrex|Unnerve\n|turn|1\n|inactive|Battle timer is ON: inactive players will automatically lose when time's up. (requested by p0x001cfe8)\n|inactive|Time left: 300 sec this turn | 300 sec total | 60 sec grace\n|inactive|p0y0016b74 also wants the timer to be on.\n|\n|t:|1783539461\n|move|p2a: Calyrex|Nasty Plot|p2a: Calyrex\n|-boost|p2a: Calyrex|spa|2\n|move|p1a: Weezing|Strange Steam|p2a: Calyrex\n|-damage|p2a: Calyrex|124/235\n|\n|upkeep\n|turn|2\n|inactive|Time left: 300 sec this turn | 300 sec total\n|\n|t:|1783539461\n|switch|p1a: Appletun|Appletun, L92, M|100/100\n|move|p2a: Calyrex|Astral Barrage|p1a: Appletun\n|-damage|p1a: Appletun|24/100\n|-damage|p2a: Calyrex|101/235|[from] item: Life Orb\n|\n|-heal|p1a: Appletun|30/100|[from] item: Leftovers\n|upkeep\n|turn|3\n|inactive|Time left: 300 sec this turn | 300 sec total\n|\n|t:|1783539463\n|move|p2a: Calyrex|Astral Barrage|p1a: Appletun\n|-damage|p1a: Appletun|0 fnt\n|faint|p1a: Appletun\n|-ability|p2a: Calyrex|Grim Neigh|boost\n|-boost|p2a: Calyrex|spa|1\n|-damage|p2a: Calyrex|78/235|[from] item: Life Orb\n|\n|upkeep\n|\n|t:|1783539463\n|switch|p1a: Banette|Banette, L93, F|100/100\n|turn|4\n|inactive|Time left: 300 sec this turn | 300 sec total\n|\n|t:|1783539464\n|-terastallize|p2a: Calyrex|Dark\n|move|p1a: Banette|Shadow Sneak|p2a: Calyrex\n|-resisted|p2a: Calyrex\n|-damage|p2a: Calyrex|27/235\n|-damage|p1a: Banette|90/100|[from] item: Life Orb\n|move|p2a: Calyrex|Astral Barrage|p1a: Banette\n|-supereffective|p1a: Banette\n|-damage|p1a: Banette|0 fnt\n|faint|p1a: Banette\n|-ability|p2a: Calyrex|Grim Neigh|boost\n|-boost|p2a: Calyrex|spa|1\n|-damage|p2a: Calyrex|4/235|[from] item: Life Orb\n|\n|upkeep\n|\n|t:|1783539465\n|switch|p1a: Conkeldurr|Conkeldurr, L80, M|100/100\n|turn|5\n|inactive|Time left: 300 sec this turn | 300 sec total\n|\n|t:|1783539466\n|move|p1a: Conkeldurr|Mach Punch|p2a: Calyrex\n|-supereffective|p2a: Calyrex\n|-damage|p2a: Calyrex|0 fnt\n|faint|p2a: Calyrex\n|\n|-status|p1a: Conkeldurr|brn|[from] item: Flame Orb\n|upkeep\n|inactive|Time left: 300 sec this turn | 300 sec total | 5 sec grace\n|\n|t:|1783539467\n|switch|p2a: Lugia|Lugia, L73|275/275\n|turn|6\n|inactive|Time left: 300 sec this turn | 300 sec total\n|\n|t:|1783539468\n|move|p2a: Lugia|Aeroblast|p1a: Conkeldurr\n|-supereffective|p1a: Conkeldurr\n|-damage|p1a: Conkeldurr|30/100 brn\n|move|p1a: Conkeldurr|Facade|p2a: Lugia\n|-damage|p2a: Lugia|195/275\n|\n|-damage|p1a: Conkeldurr|24/100 brn|[from] brn\n|upkeep\n|turn|7\n|inactive|Time left: 300 sec this turn | 300 sec total\n|\n|t:|1783539469\n|switch|p1a: Ho-Oh|Ho-Oh, L71|100/100\n|move|p2a: Lugia|Psychic Noise|p1a: Ho-Oh\n|-damage|p1a: Ho-Oh|83/100\n|-start|p1a: Ho-Oh|move: Heal Block\n|\n|upkeep\n|turn|8\n|inactive|Time left: 300 sec this turn | 300 sec total\n|\n|t:|1783539470\n|move|p2a: Lugia|Recover|p2a: Lugia\n|-heal|p2a: Lugia|275/275\n|move|p1a: Ho-Oh|Sacred Fire|p2a: Lugia\n|-damage|p2a: Lugia|236/275\n|\n|-end|p1a: Ho-Oh|move: Heal Block\n|upkeep\n|turn|9\n|inactive|Time left: 300 sec this turn | 300 sec total\n|\n|t:|1783539472\n|move|p2a: Lugia|Calm Mind|p2a: Lugia\n|-boost|p2a: Lugia|spa|1\n|-boost|p2a: Lugia|spd|1\n|move|p1a: Ho-Oh|Sacred Fire|p2a: Lugia\n|-damage|p2a: Lugia|154/275\n|-status|p2a: Lugia|brn\n|\n|-damage|p2a: Lugia|137/275 brn|[from] brn\n|upkeep\n|turn|10\n|inactive|Time left: 300 sec this turn | 300 sec total\n|\n|t:|1783539473\n|move|p2a: Lugia|Recover|p2a: Lugia\n|-heal|p2a: Lugia|275/275 brn\n|move|p1a: Ho-Oh|Brave Bird|p2a: Lugia\n|-damage|p2a: Lugia|225/275 brn\n|-damage|p1a: Ho-Oh|77/100|[from] Recoil\n|\n|-damage|p2a: Lugia|208/275 brn|[from] brn\n|upkeep\n|turn|11\n|inactive|Time left: 300 sec this turn | 300 sec total\n|\n|t:|1783539474\n|move|p2a: Lugia|Recover|p2a: Lugia\n|-heal|p2a: Lugia|275/275 brn\n|move|p1a: Ho-Oh|Sacred Fire|p2a: Lugia\n|-damage|p2a: Lugia|235/275 brn\n|\n|-damage|p2a: Lugia|218/275 brn|[from] brn\n|upkeep\n|turn|12\n|inactive|Time left: 300 sec this turn | 300 sec total\n|\n|t:|1783539475\n|move|p2a: Lugia|Aeroblast|p1a: Ho-Oh\n|-damage|p1a: Ho-Oh|46/100\n|move|p1a: Ho-Oh|Brave Bird|p2a: Lugia\n|-damage|p2a: Lugia|127/275 brn\n|-damage|p1a: Ho-Oh|35/100|[from] Recoil\n|\n|-damage|p2a: Lugia|110/275 brn|[from] brn\n|upkeep\n|turn|13\n|inactive|Time left: 300 sec this turn | 300 sec total\n|\n|t:|1783539476\n|move|p2a: Lugia|Recover|p2a: Lugia\n|-heal|p2a: Lugia|248/275 brn\n|move|p1a: Ho-Oh|Sacred Fire|p2a: Lugia\n|-damage|p2a: Lugia|167/275 brn\n|\n|-damage|p2a: Lugia|150/275 brn|[from] brn\n|upkeep\n|turn|14\n|inactive|Time left: 300 sec this turn | 300 sec total\n|\n|t:|1783539477\n|move|p2a: Lugia|Psychic Noise|p1a: Ho-Oh\n|-damage|p1a: Ho-Oh|9/100\n|-start|p1a: Ho-Oh|move: Heal Block\n|move|p1a: Ho-Oh|Sacred Fire|p2a: Lugia\n|-damage|p2a: Lugia|74/275 brn\n|\n|-damage|p2a: Lugia|57/275 brn|[from] brn\n|upkeep\n|turn|15\n|inactive|Time left: 300 sec this turn | 300 sec total\n|\n|t:|1783539478\n|move|p2a: Lugia|Recover|p2a: Lugia\n|-heal|p2a: Lugia|195/275 brn\n|move|p1a: Ho-Oh|Brave Bird|p2a: Lugia\n|-damage|p2a: Lugia|99/275 brn\n|-damage|p1a: Ho-Oh|0 fnt|[from] Recoil\n|faint|p1a: Ho-Oh\n|\n|-damage|p2a: Lugia|82/275 brn|[from] brn\n|upkeep\n|\n|t:|1783539479\n|switch|p1a: Koraidon|Koraidon, L64|100/100\n|-weather|SunnyDay|[from] ability: Orichalcum Pulse|[of] p1a: Koraidon\n|-activate|p1a: Koraidon|Orichalcum Pulse|[source]\n|turn|16\n|inactive|Time left: 300 sec this turn | 300 sec total\n|\n|t:|1783539480\n|switch|p2a: Pecharunt|Pecharunt, L77|262/262\n|move|p1a: Koraidon|Flare Blitz|p2a: Pecharunt\n|-damage|p2a: Pecharunt|172/262\n|-damage|p1a: Koraidon|88/100|[from] Recoil\n|\n|-weather|SunnyDay|[upkeep]\n|-heal|p2a: Pecharunt|188/262|[from] item: Leftovers\n|upkeep\n|turn|17\n|inactive|Time left: 300 sec this turn | 300 sec total\n|\n|t:|1783539482\n|move|p1a: Koraidon|Swords Dance|p1a: Koraidon\n|-boost|p1a: Koraidon|atk|2\n|move|p2a: Pecharunt|Malignant Chain|p1a: Koraidon\n|-damage|p1a: Koraidon|48/100\n|-status|p1a: Koraidon|tox\n|-start|p1a: Koraidon|confusion|[from] ability: Poison Puppeteer|[of] p2a: Pecharunt\n|\n|-weather|SunnyDay|[upkeep]\n|-heal|p2a: Pecharunt|204/262|[from] item: Leftovers\n|-damage|p1a: Koraidon|42/100 tox|[from] psn\n|upkeep\n|turn|18\n|inactive|Time left: 300 sec this turn | 300 sec total\n|\n|t:|1783539483\n|-terastallize|p1a: Koraidon|Fire\n|-activate|p1a: Koraidon|confusion\n|-damage|p1a: Koraidon|22/100 tox|[from] confusion\n|move|p2a: Pecharunt|Shadow Ball|p1a: Koraidon\n|-damage|p1a: Koraidon|0 fnt\n|faint|p1a: Koraidon\n|\n|-weather|SunnyDay|[upkeep]\n|-heal|p2a: Pecharunt|220/262|[from] item: Leftovers\n|upkeep\n|\n|t:|1783539484\n|switch|p1a: Weezing|Weezing-Galar, L86, M|100/100\n|turn|19\n|inactive|Time left: 300 sec this turn | 300 sec total\n|\n|t:|1783539485\n|move|p2a: Pecharunt|Malignant Chain|p1a: Weezing\n|-damage|p1a: Weezing|62/100\n|move|p1a: Weezing|Fire Blast|p2a: Pecharunt\n|-damage|p2a: Pecharunt|96/262\n|\n|-weather|SunnyDay|[upkeep]\n|-heal|p2a: Pecharunt|112/262|[from] item: Leftovers\n|-heal|p1a: Weezing|68/100|[from] item: Leftovers\n|upkeep\n|turn|20\n|inactive|Time left: 300 sec this turn | 300 sec total\n|\n|t:|1783539486\n|move|p2a: Pecharunt|Recover|p2a: Pecharunt\n|-heal|p2a: Pecharunt|243/262\n|move|p1a: Weezing|Fire Blast|p2a: Pecharunt\n|-damage|p2a: Pecharunt|129/262\n|\n|-weather|none\n|-heal|p2a: Pecharunt|145/262|[from] item: Leftovers\n|-heal|p1a: Weezing|74/100|[from] item: Leftovers\n|upkeep\n|turn|21\n|inactive|Time left: 300 sec this turn | 300 sec total\n|\n|t:|1783539487\n|move|p2a: Pecharunt|Shadow Ball|p1a: Weezing\n|-damage|p1a: Weezing|45/100\n|move|p1a: Weezing|Strange Steam|p2a: Pecharunt\n|-resisted|p2a: Pecharunt\n|-damage|p2a: Pecharunt|94/262\n|\n|-heal|p2a: Pecharunt|110/262|[from] item: Leftovers\n|-heal|p1a: Weezing|51/100|[from] item: Leftovers\n|upkeep\n|turn|22\n|inactive|Time left: 300 sec this turn | 300 sec total\n|\n|t:|1783539489\n|move|p2a: Pecharunt|Malignant Chain|p1a: Weezing\n|-damage|p1a: Weezing|14/100\n|move|p1a: Weezing|Fire Blast|p2a: Pecharunt\n|-damage|p2a: Pecharunt|31/262\n|\n|-heal|p2a: Pecharunt|47/262|[from] item: Leftovers\n|-heal|p1a: Weezing|20/100|[from] item: Leftovers\n|upkeep\n|turn|23\n|inactive|Time left: 300 sec this turn | 300 sec total\n|\n|t:|1783539490\n|move|p2a: Pecharunt|Malignant Chain|p1a: Weezing\n|-damage|p1a: Weezing|0 fnt\n|faint|p1a: Weezing\n|\n|-heal|p2a: Pecharunt|63/262|[from] item: Leftovers\n|upkeep\n|\n|t:|1783539491\n|switch|p1a: Conkeldurr|Conkeldurr, L80, M|24/100 brn\n|turn|24\n|inactive|Time left: 300 sec this turn | 300 sec total\n|\n|t:|1783539492\n|switch|p2a: Chesnaught|Chesnaught, L84, F|285/285\n|move|p1a: Conkeldurr|Mach Punch|p2a: Chesnaught\n|-damage|p2a: Chesnaught|222/285\n|-damage|p1a: Conkeldurr|8/100 brn|[from] item: Rocky Helmet|[of] p2a: Chesnaught\n|\n|-damage|p1a: Conkeldurr|2/100 brn|[from] brn\n|upkeep\n|turn|25\n|inactive|Time left: 300 sec this turn | 300 sec total\n|\n|t:|1783539493\n|move|p2a: Chesnaught|Body Press|p1a: Conkeldurr\n|-damage|p1a: Conkeldurr|0 fnt\n|faint|p1a: Conkeldurr\n|\n|win|p0y0016b74", "uploadtime": 1783539493, "views": 0, "rating": 0, "private": 0, "password": null, "_winner": "p0y0016b74", "_our_name": "p0y0016b74"}