{"id": "battle-gen9randombattle-1521", "formatid": "gen9randombattle", "format": "[Gen 9] Random Battle", "players": ["p0x1521421e", "p0y15213f0b"], "log": "|init|battle\n|title|p0x1521421e vs. p0y15213f0b\n|j|\u2606p0x1521421e\n|j|\u2606p0y15213f0b\n|t:|1783556778\n|gametype|singles\n|player|p1|p0x1521421e|2|\n|player|p2|p0y15213f0b|102|\n|gen|9\n|tier|[Gen 9] Random Battle\n|rule|Species Clause: Limit one of each Pok\u00e9mon\n|rule|HP Percentage Mod: HP is shown in percentages\n|rule|Sleep Clause Mod: Limit one foe put to sleep\n|rule|Illusion Level Mod: Illusion disguises the Pok\u00e9mon's true level\n|\n|t:|1783556778\n|teamsize|p1|6\n|teamsize|p2|6\n|start\n|switch|p1a: Whimsicott|Whimsicott, L84, F|238/238\n|switch|p2a: Sawsbuck|Sawsbuck-Autumn, L88, F|100/100\n|turn|1\n|inactive|Battle timer is ON: inactive players will automatically lose when time's up. (requested by p0x1521421e)\n|inactive|p0y15213f0b also wants the timer to be on.\n|\n|t:|1783556779\n|move|p1a: Whimsicott|Moonblast|p2a: Sawsbuck\n|-damage|p2a: Sawsbuck|64/100\n|move|p2a: Sawsbuck|Swords Dance|p2a: Sawsbuck\n|-boost|p2a: Sawsbuck|atk|2\n|\n|upkeep\n|turn|2\n|inactive|Time left: 300 sec this turn | 300 sec total\n|\n|t:|1783556780\n|move|p1a: Whimsicott|Encore|p2a: Sawsbuck\n|-start|p2a: Sawsbuck|Encore\n|move|p2a: Sawsbuck|Swords Dance|p2a: Sawsbuck\n|-boost|p2a: Sawsbuck|atk|2\n|\n|upkeep\n|turn|3\n|inactive|Time left: 300 sec this turn | 300 sec total\n|\n|t:|1783556782\n|switch|p2a: Espathra|Espathra, L80, M|100/100\n|move|p1a: Whimsicott|Moonblast|p2a: Espathra\n|-damage|p2a: Espathra|58/100\n|-unboost|p2a: Espathra|spa|1\n|\n|upkeep\n|turn|4\n|inactive|Time left: 300 sec this turn | 300 sec total\n|\n|t:|1783556783\n|move|p1a: Whimsicott|Moonblast|p2a: Espathra\n|-damage|p2a: Espathra|15/100\n|-unboost|p2a: Espathra|spa|1\n|move|p2a: Espathra|Lumina Crash|p1a: Whimsicott\n|-damage|p1a: Whimsicott|169/238\n|-unboost|p1a: Whimsicott|spd|2\n|\n|-heal|p1a: Whimsicott|183/238|[from] item: Leftovers\n|-ability|p2a: Espathra|Speed Boost|boost\n|-boost|p2a: Espathra|spe|1\n|upkeep\n|turn|5\n|inactive|Time left: 300 sec this turn | 300 sec total\n|\n|t:|1783556784\n|move|p2a: Espathra|Lumina Crash|p1a: Whimsicott\n|-damage|p1a: Whimsicott|57/238\n|-unboost|p1a: Whimsicott|spd|2\n|move|p1a: Whimsicott|Moonblast|p2a: Espathra\n|-damage|p2a: Espathra|0 fnt\n|faint|p2a: Espathra\n|\n|-heal|p1a: Whimsicott|71/238|[from] item: Leftovers\n|upkeep\n|\n|t:|1783556785\n|switch|p2a: Ceruledge|Ceruledge, L78, F|100/100\n|turn|6\n|inactive|Time left: 300 sec this turn | 300 sec total\n|\n|t:|1783556786\n|move|p1a: Whimsicott|Leech Seed|p2a: Ceruledge\n|-start|p2a: Ceruledge|move: Leech Seed\n|move|p2a: Ceruledge|Swords Dance|p2a: Ceruledge\n|-boost|p2a: Ceruledge|atk|2\n|\n|-heal|p1a: Whimsicott|85/238|[from] item: Leftovers\n|-damage|p2a: Ceruledge|88/100|[from] Leech Seed|[of] p1a: Whimsicott\n|-heal|p1a: Whimsicott|115/238|[silent]\n|upkeep\n|turn|7\n|inactive|Time left: 300 sec this turn | 300 sec total\n|\n|t:|1783556787\n|move|p1a: Whimsicott|Encore|p2a: Ceruledge\n|-start|p2a: Ceruledge|Encore\n|move|p2a: Ceruledge|Swords Dance|p2a: Ceruledge\n|-boost|p2a: Ceruledge|atk|2\n|\n|-heal|p1a: Whimsicott|129/238|[from] item: Leftovers\n|-damage|p2a: Ceruledge|76/100|[from] Leech Seed|[of] p1a: Whimsicott\n|-heal|p1a: Whimsicott|159/238|[silent]\n|upkeep\n|turn|8\n|inactive|Time left: 300 sec this turn | 300 sec total\n|\n|t:|1783556788\n|switch|p2a: Arceus|Arceus-Grass, L73|100/100\n|move|p1a: Whimsicott|Moonblast|p2a: Arceus\n|-damage|p2a: Arceus|77/100\n|\n|-heal|p1a: Whimsicott|173/238|[from] item: Leftovers\n|upkeep\n|turn|9\n|inactive|Time left: 300 sec this turn | 300 sec total\n|\n|t:|1783556789\n|switch|p1a: Vileplume|Vileplume, L85, F|266/266\n|move|p2a: Arceus|Judgment|p1a: Vileplume\n|-resisted|p1a: Vileplume\n|-crit|p1a: Vileplume\n|-damage|p1a: Vileplume|223/266\n|\n|-heal|p1a: Vileplume|239/266|[from] item: Leftovers\n|upkeep\n|turn|10\n|inactive|Time left: 300 sec this turn | 300 sec total\n|\n|t:|1783556791\n|move|p2a: Arceus|Calm Mind|p2a: Arceus\n|-boost|p2a: Arceus|spa|1\n|-boost|p2a: Arceus|spd|1\n|move|p1a: Vileplume|Sludge Bomb|p2a: Arceus\n|-supereffective|p2a: Arceus\n|-damage|p2a: Arceus|32/100\n|\n|-heal|p1a: Vileplume|255/266|[from] item: Leftovers\n|upkeep\n|turn|11\n|inactive|Time left: 300 sec this turn | 300 sec total\n|\n|t:|1783556792\n|move|p2a: Arceus|Ice Beam|p1a: Vileplume\n|-supereffective|p1a: Vileplume\n|-damage|p1a: Vileplume|79/266\n|move|p1a: Vileplume|Sludge Bomb|p2a: Arceus\n|-supereffective|p2a: Arceus\n|-damage|p2a: Arceus|0 fnt\n|faint|p2a: Arceus\n|\n|-heal|p1a: Vileplume|95/266|[from] item: Leftovers\n|upkeep\n|\n|t:|1783556793\n|switch|p2a: Ceruledge|Ceruledge, L78, F|76/100\n|turn|12\n|inactive|Time left: 300 sec this turn | 300 sec total\n|\n|t:|1783556794\n|switch|p1a: Whiscash|Whiscash, L88, M|337/337\n|move|p2a: Ceruledge|Poltergeist|p1a: Whiscash\n|-activate|p1a: Whiscash|move: Poltergeist|Life Orb\n|-damage|p1a: Whiscash|208/337\n|\n|upkeep\n|turn|13\n|inactive|Time left: 300 sec this turn | 300 sec total\n|\n|t:|1783556795\n|-terastallize|p2a: Ceruledge|Fighting\n|move|p2a: Ceruledge|Swords Dance|p2a: Ceruledge\n|-boost|p2a: Ceruledge|atk|2\n|move|p1a: Whiscash|Earthquake|p2a: Ceruledge\n|-damage|p2a: Ceruledge|18/100\n|-ability|p2a: Ceruledge|Weak Armor|boost\n|-unboost|p2a: Ceruledge|def|1\n|-boost|p2a: Ceruledge|spe|2\n|-damage|p1a: Whiscash|175/337|[from] item: Life Orb\n|\n|upkeep\n|turn|14\n|inactive|Time left: 300 sec this turn | 300 sec total\n|\n|t:|1783556797\n|move|p2a: Ceruledge|Close Combat|p1a: Whiscash\n|-damage|p1a: Whiscash|0 fnt\n|-unboost|p2a: Ceruledge|def|1\n|-unboost|p2a: Ceruledge|spd|1\n|faint|p1a: Whiscash\n|\n|upkeep\n|inactive|Time left: 300 sec this turn | 300 sec total | 5 sec grace\n|\n|t:|1783556798\n|switch|p1a: Whimsicott|Whimsicott, L84, F|173/238\n|turn|15\n|inactive|Time left: 300 sec this turn | 300 sec total\n|\n|t:|1783556799\n|move|p1a: Whimsicott|Encore|p2a: Ceruledge\n|-start|p2a: Ceruledge|Encore\n|move|p2a: Ceruledge|Close Combat|p1a: Whimsicott\n|-resisted|p1a: Whimsicott\n|-damage|p1a: Whimsicott|40/238\n|-unboost|p2a: Ceruledge|def|1\n|-unboost|p2a: Ceruledge|spd|1\n|\n|-heal|p1a: Whimsicott|54/238|[from] item: Leftovers\n|upkeep\n|turn|16\n|inactive|Time left: 300 sec this turn | 300 sec total\n|\n|t:|1783556800\n|move|p2a: Ceruledge|Close Combat|p1a: Whimsicott\n|-resisted|p1a: Whimsicott\n|-damage|p1a: Whimsicott|0 fnt\n|-unboost|p2a: Ceruledge|def|1\n|-unboost|p2a: Ceruledge|spd|1\n|faint|p1a: Whimsicott\n|\n|upkeep\n|inactive|Time left: 300 sec this turn | 300 sec total | 5 sec grace\n|\n|t:|1783556801\n|switch|p1a: Gallade|Gallade, L80, M|240/240\n|turn|17\n|inactive|Time left: 300 sec this turn | 300 sec total\n|\n|t:|1783556802\n|move|p2a: Ceruledge|Close Combat|p1a: Gallade\n|-resisted|p1a: Gallade\n|-damage|p1a: Gallade|65/240\n|-unboost|p2a: Ceruledge|def|1\n|-unboost|p2a: Ceruledge|spd|1\n|move|p1a: Gallade|Night Slash|p2a: Ceruledge\n|-resisted|p2a: Ceruledge\n|-damage|p2a: Ceruledge|0 fnt\n|faint|p2a: Ceruledge\n|-damage|p1a: Gallade|41/240|[from] item: Life Orb\n|\n|upkeep\n|\n|t:|1783556803\n|switch|p2a: Bombirdier|Bombirdier, L85, F|100/100\n|turn|18\n|inactive|Time left: 300 sec this turn | 300 sec total\n|\n|t:|1783556804\n|switch|p1a: Terrakion|Terrakion, L79|273/273\n|move|p2a: Bombirdier|Knock Off|p1a: Terrakion\n|-resisted|p1a: Terrakion\n|-damage|p1a: Terrakion|218/273\n|-ability|p1a: Terrakion|Justified|boost\n|-boost|p1a: Terrakion|atk|1\n|-enditem|p1a: Terrakion|Life Orb|[from] move: Knock Off|[of] p2a: Bombirdier\n|\n|upkeep\n|turn|19\n|inactive|Time left: 300 sec this turn | 300 sec total\n|\n|t:|1783556805\n|switch|p2a: Bronzong|Bronzong, L88|100/100\n|move|p1a: Terrakion|Stone Edge|p2a: Bronzong\n|-resisted|p2a: Bronzong\n|-damage|p2a: Bronzong|76/100\n|\n|upkeep\n|turn|20\n|inactive|Time left: 300 sec this turn | 300 sec total\n|\n|t:|1783556805\n|-terastallize|p1a: Terrakion|Fighting\n|move|p1a: Terrakion|Close Combat|p2a: Bronzong\n|-damage|p2a: Bronzong|0 fnt\n|-unboost|p1a: Terrakion|def|1\n|-unboost|p1a: Terrakion|spd|1\n|faint|p2a: Bronzong\n|\n|upkeep\n|\n|t:|1783556806\n|switch|p2a: Sawsbuck|Sawsbuck-Autumn, L88, F|64/100\n|turn|21\n|inactive|Time left: 300 sec this turn | 300 sec total\n|\n|t:|1783556807\n|move|p2a: Sawsbuck|Headbutt|p1a: Terrakion\n|-damage|p1a: Terrakion|46/273\n|-damage|p2a: Sawsbuck|54/100|[from] item: Life Orb\n|move|p1a: Terrakion|Close Combat|p2a: Sawsbuck\n|-supereffective|p2a: Sawsbuck\n|-damage|p2a: Sawsbuck|0 fnt\n|-unboost|p1a: Terrakion|def|1\n|-unboost|p1a: Terrakion|spd|1\n|faint|p2a: Sawsbuck\n|\n|upkeep\n|\n|t:|1783556808\n|switch|p2a: Bombirdier|Bombirdier, L85, F|100/100\n|turn|22\n|inactive|Time left: 300 sec this turn | 300 sec total\n|\n|t:|1783556809\n|move|p2a: Bombirdier|Sucker Punch|p1a: Terrakion\n|-resisted|p1a: Terrakion\n|-damage|p1a: Terrakion|0 fnt\n|faint|p1a: Terrakion\n|\n|upkeep\n|inactive|Time left: 300 sec this turn | 300 sec total | 5 sec grace\n|\n|t:|1783556810\n|switch|p1a: Miraidon|Miraidon, L65|238/238\n|-fieldstart|move: Electric Terrain|[from] ability: Hadron Engine|[of] p1a: Miraidon\n|turn|23\n|inactive|Time left: 300 sec this turn | 300 sec total\n|\n|t:|1783556810\n|move|p1a: Miraidon|Electro Drift|p2a: Bombirdier\n|-supereffective|p2a: Bombirdier\n|-damage|p2a: Bombirdier|0 fnt\n|faint|p2a: Bombirdier\n|-damage|p1a: Miraidon|215/238|[from] item: Life Orb\n|\n|win|p0x1521421e", "uploadtime": 1783556810, "views": 0, "rating": 0, "private": 0, "password": null, "_winner": "p0x1521421e", "_our_name": "p0x1521421e"}