{"id": "battle-gen9randombattle-111", "formatid": "gen9randombattle", "format": "[Gen 9] Random Battle", "players": ["p0x111f2ba", "p0y111e5a7"], "log": "|init|battle\n|title|p0x111f2ba vs. p0y111e5a7\n|j|\u2606p0x111f2ba\n|j|\u2606p0y111e5a7\n|t:|1783540778\n|gametype|singles\n|player|p1|p0x111f2ba|2|\n|player|p2|p0y111e5a7|101|\n|gen|9\n|tier|[Gen 9] Random Battle\n|rule|Species Clause: Limit one of each Pok\u00e9mon\n|rule|HP Percentage Mod: HP is shown in percentages\n|rule|Sleep Clause Mod: Limit one foe put to sleep\n|rule|Illusion Level Mod: Illusion disguises the Pok\u00e9mon's true level\n|\n|t:|1783540778\n|teamsize|p1|6\n|teamsize|p2|6\n|start\n|switch|p1a: Ditto|Ditto, L87|100/100\n|switch|p2a: Persian|Persian-Alola, L86, F|252/252\n|-transform|p1a: Ditto|p2a: Persian|[from] ability: Imposter\n|turn|1\n|inactive|Battle timer is ON: inactive players will automatically lose when time's up. (requested by p0y111e5a7)\n|\n|t:|1783540779\n|move|p1a: Ditto|Parting Shot|p2a: Persian\n|-unboost|p2a: Persian|atk|1\n|-unboost|p2a: Persian|spa|1\n|inactive|p0x111f2ba also wants the timer to be on.\n|\n|t:|1783540781\n|switch|p1a: Galvantula|Galvantula, L82, F|100/100|[from] Parting Shot\n|move|p2a: Persian|Parting Shot|p1a: Galvantula\n|-unboost|p1a: Galvantula|atk|1\n|-unboost|p1a: Galvantula|spa|1\n|inactive|Time left: 300 sec this turn | 300 sec total | 70 sec grace\n|\n|t:|1783540782\n|switch|p2a: Blaziken|Blaziken, L76, F|247/247|[from] Parting Shot\n|\n|upkeep\n|turn|2\n|inactive|Time left: 300 sec this turn | 300 sec total\n|\n|t:|1783540783\n|move|p1a: Galvantula|Sticky Web|p2a: Blaziken\n|-sidestart|p2: p0y111e5a7|move: Sticky Web\n|move|p2a: Blaziken|Swords Dance|p2a: Blaziken\n|-boost|p2a: Blaziken|atk|2\n|\n|-ability|p2a: Blaziken|Speed Boost|boost\n|-boost|p2a: Blaziken|spe|1\n|upkeep\n|turn|3\n|inactive|Time left: 300 sec this turn | 300 sec total\n|\n|t:|1783540784\n|switch|p1a: Lugia|Lugia, L73|100/100\n|move|p2a: Blaziken|Flare Blitz|p1a: Lugia\n|-damage|p1a: Lugia|53/100\n|-damage|p2a: Blaziken|204/247|[from] Recoil\n|-damage|p2a: Blaziken|180/247|[from] item: Life Orb\n|\n|-ability|p2a: Blaziken|Speed Boost|boost\n|-boost|p2a: Blaziken|spe|1\n|upkeep\n|turn|4\n|inactive|Time left: 300 sec this turn | 300 sec total\n|\n|t:|1783540785\n|move|p2a: Blaziken|Flare Blitz|p1a: Lugia\n|-damage|p1a: Lugia|0 fnt\n|faint|p1a: Lugia\n|-damage|p2a: Blaziken|132/247|[from] Recoil\n|-damage|p2a: Blaziken|108/247|[from] item: Life Orb\n|\n|-ability|p2a: Blaziken|Speed Boost|boost\n|-boost|p2a: Blaziken|spe|1\n|upkeep\n|\n|t:|1783540786\n|switch|p1a: Galvantula|Galvantula, L82, F|100/100\n|turn|5\n|inactive|Time left: 300 sec this turn | 300 sec total\n|\n|t:|1783540787\n|switch|p1a: Virizion|Virizion, L82|100/100\n|move|p2a: Blaziken|Stone Edge|p1a: Virizion\n|-resisted|p1a: Virizion\n|-damage|p1a: Virizion|63/100\n|-damage|p2a: Blaziken|84/247|[from] item: Life Orb\n|\n|-ability|p2a: Blaziken|Speed Boost|boost\n|-boost|p2a: Blaziken|spe|1\n|upkeep\n|turn|6\n|inactive|Time left: 300 sec this turn | 300 sec total\n|\n|t:|1783540788\n|move|p2a: Blaziken|Close Combat|p1a: Virizion\n|-damage|p1a: Virizion|0 fnt\n|-unboost|p2a: Blaziken|def|1\n|-unboost|p2a: Blaziken|spd|1\n|faint|p1a: Virizion\n|-damage|p2a: Blaziken|60/247|[from] item: Life Orb\n|\n|-ability|p2a: Blaziken|Speed Boost|boost\n|-boost|p2a: Blaziken|spe|1\n|upkeep\n|\n|t:|1783540789\n|switch|p1a: Galvantula|Galvantula, L82, F|100/100\n|turn|7\n|inactive|Time left: 300 sec this turn | 300 sec total\n|\n|t:|1783540790\n|move|p2a: Blaziken|Stone Edge|p1a: Galvantula\n|-supereffective|p1a: Galvantula\n|-damage|p1a: Galvantula|0 fnt\n|faint|p1a: Galvantula\n|-damage|p2a: Blaziken|36/247|[from] item: Life Orb\n|\n|-ability|p2a: Blaziken|Speed Boost|boost\n|-boost|p2a: Blaziken|spe|1\n|upkeep\n|\n|t:|1783540791\n|switch|p1a: Delphox|Delphox, L84, F|100/100\n|turn|8\n|inactive|Time left: 300 sec this turn | 300 sec total\n|\n|t:|1783540792\n|switch|p1a: Eelektross|Eelektross, L87, M|100/100\n|move|p2a: Blaziken|Stone Edge|p1a: Eelektross\n|-damage|p1a: Eelektross|37/100\n|-damage|p2a: Blaziken|12/247|[from] item: Life Orb\n|\n|-heal|p1a: Eelektross|44/100|[from] item: Leftovers\n|upkeep\n|turn|9\n|inactive|Time left: 300 sec this turn | 300 sec total\n|\n|t:|1783540792\n|move|p2a: Blaziken|Close Combat|p1a: Eelektross\n|-damage|p1a: Eelektross|0 fnt\n|-unboost|p2a: Blaziken|def|1\n|-unboost|p2a: Blaziken|spd|1\n|faint|p1a: Eelektross\n|-damage|p2a: Blaziken|0 fnt|[from] item: Life Orb\n|faint|p2a: Blaziken\n|\n|upkeep\n|inactive|Time left: 300 sec this turn | 300 sec total | 5 sec grace\n|\n|t:|1783540793\n|switch|p2a: Crabominable|Crabominable, L90, F|321/321\n|switch|p1a: Delphox|Delphox, L84, F|100/100\n|-activate|p2a: Crabominable|move: Sticky Web\n|-unboost|p2a: Crabominable|spe|1\n|turn|10\n|inactive|Time left: 300 sec this turn | 300 sec total\n|\n|t:|1783540794\n|-terastallize|p2a: Crabominable|Ground\n|move|p1a: Delphox|Nasty Plot|p1a: Delphox\n|-boost|p1a: Delphox|spa|2\n|move|p2a: Crabominable|Earthquake|p1a: Delphox\n|-supereffective|p1a: Delphox\n|-damage|p1a: Delphox|0 fnt\n|faint|p1a: Delphox\n|\n|upkeep\n|\n|t:|1783540795\n|switch|p1a: Ditto|Ditto, L87|100/100\n|-transform|p1a: Ditto|p2a: Crabominable|[from] ability: Imposter\n|-start|p1a: Ditto|typechange|Fighting/Ice|[silent]\n|turn|11\n|inactive|Time left: 300 sec this turn | 300 sec total\n|\n|t:|1783540796\n|-terastallize|p1a: Ditto|Ghost\n|move|p1a: Ditto|Ice Hammer|p2a: Crabominable\n|-supereffective|p2a: Crabominable\n|-damage|p2a: Crabominable|0 fnt\n|-unboost|p1a: Ditto|spe|1\n|faint|p2a: Crabominable\n|\n|upkeep\n|inactive|Time left: 300 sec this turn | 300 sec total | 5 sec grace\n|\n|t:|1783540797\n|switch|p2a: Scizor|Scizor, L79, F|240/240\n|-activate|p2a: Scizor|move: Sticky Web\n|-unboost|p2a: Scizor|spe|1\n|turn|12\n|inactive|Time left: 300 sec this turn | 300 sec total\n|\n|t:|1783540798\n|move|p2a: Scizor|Knock Off|p1a: Ditto\n|-supereffective|p1a: Ditto\n|-damage|p1a: Ditto|3/100\n|-enditem|p1a: Ditto|Choice Scarf|[from] move: Knock Off|[of] p2a: Scizor\n|move|p1a: Ditto|Ice Hammer|p2a: Scizor\n|-resisted|p2a: Scizor\n|-damage|p2a: Scizor|159/240\n|-unboost|p1a: Ditto|spe|1\n|\n|upkeep\n|turn|13\n|inactive|Time left: 300 sec this turn | 300 sec total\n|\n|t:|1783540799\n|move|p2a: Scizor|Knock Off|p1a: Ditto\n|-supereffective|p1a: Ditto\n|-damage|p1a: Ditto|0 fnt\n|faint|p1a: Ditto\n|\n|win|p0y111e5a7", "uploadtime": 1783540799, "views": 0, "rating": 0, "private": 0, "password": null, "_winner": "p0y111e5a7", "_our_name": "p0y111e5a7"}