{"id": "battle-gen9randombattle-2475", "formatid": "gen9randombattle", "format": "[Gen 9] Random Battle", "players": ["p0x24756117", "p0y2475d07b"], "log": "|init|battle\n|title|p0x24756117 vs. p0y2475d07b\n|j|\u2606p0x24756117\n|j|\u2606p0y2475d07b\n|t:|1783567748\n|gametype|singles\n|player|p1|p0x24756117|266|\n|player|p2|p0y2475d07b|266|\n|gen|9\n|tier|[Gen 9] Random Battle\n|rule|Species Clause: Limit one of each Pok\u00e9mon\n|rule|HP Percentage Mod: HP is shown in percentages\n|rule|Sleep Clause Mod: Limit one foe put to sleep\n|rule|Illusion Level Mod: Illusion disguises the Pok\u00e9mon's true level\n|\n|t:|1783567748\n|teamsize|p1|6\n|teamsize|p2|6\n|start\n|switch|p1a: Chandelure|Chandelure, L83, F|100/100\n|switch|p2a: Chesnaught|Chesnaught, L84, M|285/285\n|turn|1\n|inactive|Battle timer is ON: inactive players will automatically lose when time's up. (requested by p0x24756117)\n|inactive|Time left: 300 sec this turn | 300 sec total | 60 sec grace\n|inactive|p0y2475d07b also wants the timer to be on.\n|\n|t:|1783567749\n|switch|p2a: Chandelure|Chandelure, L83, F|235/235\n|move|p1a: Chandelure|Fire Blast|p2a: Chandelure\n|-start|p2a: Chandelure|ability: Flash Fire\n|\n|upkeep\n|turn|2\n|inactive|Time left: 300 sec this turn | 300 sec total\n|\n|t:|1783567750\n|switch|p1a: Moltres|Moltres-Galar, L79|100/100\n|move|p2a: Chandelure|Shadow Ball|p1a: Moltres\n|-resisted|p1a: Moltres\n|-damage|p1a: Moltres|83/100\n|\n|upkeep\n|turn|3\n|inactive|Time left: 300 sec this turn | 300 sec total\n|\n|t:|1783567751\n|-end|p2a: Chandelure|ability: Flash Fire|[silent]\n|switch|p2a: Gumshoos|Gumshoos, L95, F|321/321\n|move|p1a: Moltres|Nasty Plot|p1a: Moltres\n|-boost|p1a: Moltres|spa|2\n|\n|upkeep\n|turn|4\n|inactive|Time left: 300 sec this turn | 300 sec total\n|\n|t:|1783567752\n|move|p1a: Moltres|Fiery Wrath|p2a: Gumshoos\n|-damage|p2a: Gumshoos|102/321\n|cant|p2a: Gumshoos|flinch\n|\n|upkeep\n|turn|5\n|inactive|Time left: 300 sec this turn | 300 sec total\n|\n|t:|1783567753\n|move|p1a: Moltres|Hurricane|p2a: Gumshoos\n|-damage|p2a: Gumshoos|0 fnt\n|faint|p2a: Gumshoos\n|\n|upkeep\n|inactive|Time left: 300 sec this turn | 300 sec total | 5 sec grace\n|\n|t:|1783567754\n|switch|p2a: Furret|Furret, L94, F|312/312\n|-item|p1a: Moltres|Chesto Berry|[from] ability: Frisk|[of] p2a: Furret\n|turn|6\n|inactive|Time left: 300 sec this turn | 300 sec total\n|\n|t:|1783567754\n|-terastallize|p2a: Furret|Normal\n|move|p2a: Furret|Double-Edge|p1a: Moltres\n|-damage|p1a: Moltres|0 fnt\n|faint|p1a: Moltres\n|-damage|p2a: Furret|238/312|[from] Recoil\n|-damage|p2a: Furret|207/312|[from] item: Life Orb\n|\n|upkeep\n|\n|t:|1783567755\n|switch|p1a: Iron Hands|Iron Hands, L79|100/100\n|turn|7\n|inactive|Time left: 300 sec this turn | 300 sec total\n|\n|t:|1783567756\n|switch|p2a: Palossand|Palossand, L89, M|296/296\n|move|p1a: Iron Hands|Swords Dance|p1a: Iron Hands\n|-boost|p1a: Iron Hands|atk|2\n|\n|upkeep\n|turn|8\n|inactive|Time left: 300 sec this turn | 300 sec total\n|\n|t:|1783567757\n|move|p1a: Iron Hands|Ice Punch|p2a: Palossand\n|-supereffective|p2a: Palossand\n|-damage|p2a: Palossand|108/296\n|move|p2a: Palossand|Earth Power|p1a: Iron Hands\n|-supereffective|p1a: Iron Hands\n|-damage|p1a: Iron Hands|21/100\n|\n|-heal|p1a: Iron Hands|27/100|[from] item: Leftovers\n|-heal|p2a: Palossand|126/296|[from] item: Leftovers\n|upkeep\n|turn|9\n|inactive|Time left: 300 sec this turn | 300 sec total\n|\n|t:|1783567758\n|switch|p2a: Chandelure|Chandelure, L83, F|235/235\n|move|p1a: Iron Hands|Ice Punch|p2a: Chandelure\n|-resisted|p2a: Chandelure\n|-damage|p2a: Chandelure|171/235\n|\n|-heal|p1a: Iron Hands|33/100|[from] item: Leftovers\n|upkeep\n|turn|10\n|inactive|Time left: 300 sec this turn | 300 sec total\n|\n|t:|1783567759\n|move|p2a: Chandelure|Shadow Ball|p1a: Iron Hands\n|-damage|p1a: Iron Hands|0 fnt\n|faint|p1a: Iron Hands\n|-end|p1a: Iron Hands|Quark Drive|[silent]\n|\n|upkeep\n|\n|t:|1783567760\n|switch|p1a: Chandelure|Chandelure, L83, F|100/100\n|turn|11\n|inactive|Time left: 300 sec this turn | 300 sec total\n|\n|t:|1783567761\n|move|p2a: Chandelure|Shadow Ball|p1a: Chandelure\n|-supereffective|p1a: Chandelure\n|-damage|p1a: Chandelure|3/100\n|move|p1a: Chandelure|Shadow Ball|p2a: Chandelure\n|-supereffective|p2a: Chandelure\n|-damage|p2a: Chandelure|0 fnt\n|faint|p2a: Chandelure\n|\n|upkeep\n|inactive|Time left: 300 sec this turn | 300 sec total | 5 sec grace\n|\n|t:|1783567762\n|switch|p2a: Furret|Furret, L94, F, tera:Normal|207/312\n|-item|p1a: Chandelure|Choice Scarf|[from] ability: Frisk|[of] p2a: Furret\n|turn|12\n|inactive|Time left: 300 sec this turn | 300 sec total\n|\n|t:|1783567763\n|switch|p1a: Great Tusk|Great Tusk, L77|100/100\n|move|p2a: Furret|Tidy Up|p2a: Furret\n|-boost|p2a: Furret|atk|1\n|-boost|p2a: Furret|spe|1\n|\n|upkeep\n|turn|13\n|inactive|Time left: 300 sec this turn | 300 sec total\n|\n|t:|1783567764\n|move|p2a: Furret|Double-Edge|p1a: Great Tusk\n|-damage|p1a: Great Tusk|8/100\n|-damage|p2a: Furret|114/312|[from] Recoil\n|-damage|p2a: Furret|83/312|[from] item: Life Orb\n|move|p1a: Great Tusk|Close Combat|p2a: Furret\n|-supereffective|p2a: Furret\n|-damage|p2a: Furret|0 fnt\n|-unboost|p1a: Great Tusk|def|1\n|-unboost|p1a: Great Tusk|spd|1\n|faint|p2a: Furret\n|\n|upkeep\n|inactive|Time left: 300 sec this turn | 300 sec total | 5 sec grace\n|\n|t:|1783567765\n|switch|p2a: Palossand|Palossand, L89, M|126/296\n|turn|14\n|inactive|Time left: 300 sec this turn | 300 sec total\n|\n|t:|1783567766\n|-end|p1a: Great Tusk|Protosynthesis|[silent]\n|switch|p1a: Serperior|Serperior, L79, F|100/100\n|move|p2a: Palossand|Shore Up|p2a: Palossand\n|-heal|p2a: Palossand|274/296\n|\n|-heal|p2a: Palossand|292/296|[from] item: Leftovers\n|upkeep\n|turn|15\n|inactive|Time left: 300 sec this turn | 300 sec total\n|\n|t:|1783567767\n|switch|p2a: Chesnaught|Chesnaught, L84, M|285/285\n|move|p1a: Serperior|Leaf Storm|p2a: Chesnaught\n|-resisted|p2a: Chesnaught\n|-damage|p2a: Chesnaught|232/285\n|-boost|p1a: Serperior|spa|2\n|\n|upkeep\n|turn|16\n|inactive|Time left: 300 sec this turn | 300 sec total\n|\n|t:|1783567768\n|move|p1a: Serperior|Leaf Storm|p2a: Chesnaught\n|-resisted|p2a: Chesnaught\n|-damage|p2a: Chesnaught|117/285\n|-boost|p1a: Serperior|spa|2\n|move|p2a: Chesnaught|Synthesis|p2a: Chesnaught\n|-heal|p2a: Chesnaught|259/285\n|\n|upkeep\n|turn|17\n|inactive|Time left: 300 sec this turn | 300 sec total\n|\n|t:|1783567769\n|move|p1a: Serperior|Leaf Storm|p2a: Chesnaught\n|-resisted|p2a: Chesnaught\n|-damage|p2a: Chesnaught|104/285\n|-boost|p1a: Serperior|spa|2\n|move|p2a: Chesnaught|Synthesis|p2a: Chesnaught\n|-heal|p2a: Chesnaught|246/285\n|\n|upkeep\n|turn|18\n|inactive|Time left: 300 sec this turn | 300 sec total\n|\n|t:|1783567770\n|-terastallize|p1a: Serperior|Dragon\n|move|p1a: Serperior|Dragon Pulse|p2a: Chesnaught\n|-damage|p2a: Chesnaught|0 fnt\n|faint|p2a: Chesnaught\n|\n|upkeep\n|inactive|Time left: 300 sec this turn | 300 sec total | 5 sec grace\n|\n|t:|1783567771\n|switch|p2a: Iron Treads|Iron Treads, L77|265/265\n|turn|19\n|inactive|Time left: 300 sec this turn | 300 sec total\n|\n|t:|1783567772\n|move|p1a: Serperior|Leaf Storm|p2a: Iron Treads\n|-damage|p2a: Iron Treads|0 fnt\n|faint|p2a: Iron Treads\n|-end|p2a: Iron Treads|Quark Drive|[silent]\n|\n|upkeep\n|inactive|Time left: 300 sec this turn | 300 sec total | 5 sec grace\n|\n|t:|1783567773\n|switch|p2a: Palossand|Palossand, L89, M|292/296\n|turn|20\n|inactive|Time left: 300 sec this turn | 300 sec total\n|\n|t:|1783567774\n|move|p1a: Serperior|Leaf Storm|p2a: Palossand|[miss]\n|-miss|p1a: Serperior|p2a: Palossand\n|move|p2a: Palossand|Stealth Rock|p1a: Serperior\n|-sidestart|p1: p0x24756117|move: Stealth Rock\n|\n|-heal|p2a: Palossand|296/296|[from] item: Leftovers\n|upkeep\n|turn|21\n|inactive|Time left: 300 sec this turn | 300 sec total\n|\n|t:|1783567775\n|move|p1a: Serperior|Leaf Storm|p2a: Palossand\n|-supereffective|p2a: Palossand\n|-damage|p2a: Palossand|0 fnt\n|faint|p2a: Palossand\n|\n|win|p0x24756117", "uploadtime": 1783567775, "views": 0, "rating": 0, "private": 0, "password": null, "_winner": "p0x24756117", "_our_name": "p0y2475d07b"}