{"id": "battle-gen9randombattle-1302", "formatid": "gen9randombattle", "format": "[Gen 9] Random Battle", "players": ["p0x1302aabd", "p0y130276dc"], "log": "|init|battle\n|title|p0x1302aabd vs. p0y130276dc\n|j|\u2606p0x1302aabd\n|j|\u2606p0y130276dc\n|t:|1783555107\n|gametype|singles\n|player|p1|p0x1302aabd|102|\n|player|p2|p0y130276dc|170|\n|gen|9\n|tier|[Gen 9] Random Battle\n|rule|Species Clause: Limit one of each Pok\u00e9mon\n|rule|HP Percentage Mod: HP is shown in percentages\n|rule|Sleep Clause Mod: Limit one foe put to sleep\n|rule|Illusion Level Mod: Illusion disguises the Pok\u00e9mon's true level\n|\n|t:|1783555107\n|teamsize|p1|6\n|teamsize|p2|6\n|start\n|switch|p1a: Eelektross|Eelektross, L87, M|290/290\n|switch|p2a: Calyrex|Calyrex-Ice, L72|100/100\n|-ability|p2a: Calyrex|As One\n|-ability|p2a: Calyrex|Unnerve\n|turn|1\n|inactive|Battle timer is ON: inactive players will automatically lose when time's up. (requested by p0x1302aabd)\n|inactive|p0y130276dc also wants the timer to be on.\n|\n|t:|1783555109\n|move|p1a: Eelektross|Coil|p1a: Eelektross\n|-boost|p1a: Eelektross|atk|1\n|-boost|p1a: Eelektross|def|1\n|-boost|p1a: Eelektross|accuracy|1\n|move|p2a: Calyrex|Glacial Lance|p1a: Eelektross\n|-damage|p1a: Eelektross|197/290\n|\n|-heal|p1a: Eelektross|215/290|[from] item: Leftovers\n|upkeep\n|turn|2\n|inactive|Time left: 300 sec this turn | 300 sec total\n|\n|t:|1783555110\n|move|p1a: Eelektross|Coil|p1a: Eelektross\n|-boost|p1a: Eelektross|atk|1\n|-boost|p1a: Eelektross|def|1\n|-boost|p1a: Eelektross|accuracy|1\n|move|p2a: Calyrex|Glacial Lance|p1a: Eelektross\n|-damage|p1a: Eelektross|140/290\n|\n|-heal|p1a: Eelektross|158/290|[from] item: Leftovers\n|upkeep\n|turn|3\n|inactive|Time left: 300 sec this turn | 300 sec total\n|\n|t:|1783555111\n|move|p1a: Eelektross|Drain Punch|p2a: Calyrex\n|-damage|p2a: Calyrex|63/100\n|-heal|p1a: Eelektross|208/290|[from] drain|[of] p2a: Calyrex\n|move|p2a: Calyrex|Glacial Lance|p1a: Eelektross\n|-damage|p1a: Eelektross|136/290\n|\n|-heal|p1a: Eelektross|154/290|[from] item: Leftovers\n|upkeep\n|turn|4\n|inactive|Time left: 300 sec this turn | 300 sec total\n|\n|t:|1783555113\n|switch|p2a: Annihilape|Annihilape, L76, M|100/100\n|move|p1a: Eelektross|Drain Punch|p2a: Annihilape\n|-immune|p2a: Annihilape\n|\n|-heal|p1a: Eelektross|172/290|[from] item: Leftovers\n|upkeep\n|turn|5\n|inactive|Time left: 300 sec this turn | 300 sec total\n|\n|t:|1783555114\n|move|p2a: Annihilape|Bulk Up|p2a: Annihilape\n|-boost|p2a: Annihilape|atk|1\n|-boost|p2a: Annihilape|def|1\n|move|p1a: Eelektross|Supercell Slam|p2a: Annihilape\n|-damage|p2a: Annihilape|33/100\n|\n|-heal|p1a: Eelektross|190/290|[from] item: Leftovers\n|upkeep\n|turn|6\n|inactive|Time left: 300 sec this turn | 300 sec total\n|\n|t:|1783555115\n|move|p2a: Annihilape|Rest|p2a: Annihilape\n|-status|p2a: Annihilape|slp|[from] move: Rest\n|-heal|p2a: Annihilape|100/100 slp|[silent]\n|-enditem|p2a: Annihilape|Chesto Berry|[eat]\n|-curestatus|p2a: Annihilape|slp|[msg]\n|move|p1a: Eelektross|Supercell Slam|p2a: Annihilape\n|-damage|p2a: Annihilape|29/100\n|\n|-heal|p1a: Eelektross|208/290|[from] item: Leftovers\n|upkeep\n|turn|7\n|inactive|Time left: 300 sec this turn | 300 sec total\n|\n|t:|1783555116\n|move|p2a: Annihilape|Drain Punch|p1a: Eelektross\n|-damage|p1a: Eelektross|150/290\n|-heal|p2a: Annihilape|39/100|[from] drain|[of] p1a: Eelektross\n|move|p1a: Eelektross|Supercell Slam|p2a: Annihilape\n|-damage|p2a: Annihilape|0 fnt\n|faint|p2a: Annihilape\n|\n|-heal|p1a: Eelektross|168/290|[from] item: Leftovers\n|upkeep\n|\n|t:|1783555118\n|switch|p2a: Deoxys|Deoxys-Attack, L72|100/100\n|-ability|p2a: Deoxys|Pressure\n|turn|8\n|inactive|Time left: 300 sec this turn | 300 sec total\n|\n|t:|1783555119\n|move|p2a: Deoxys|Psycho Boost|p1a: Eelektross\n|-damage|p1a: Eelektross|0 fnt\n|-unboost|p2a: Deoxys|spa|2\n|faint|p1a: Eelektross\n|-damage|p2a: Deoxys|91/100|[from] item: Life Orb\n|\n|upkeep\n|inactive|Time left: 300 sec this turn | 300 sec total | 5 sec grace\n|\n|t:|1783555120\n|switch|p1a: Bombirdier|Bombirdier, L85, F|258/258\n|turn|9\n|inactive|Time left: 300 sec this turn | 300 sec total\n|\n|t:|1783555121\n|switch|p2a: Florges|Florges-White, L85, F|100/100\n|move|p1a: Bombirdier|Knock Off|p2a: Florges\n|-resisted|p2a: Florges\n|-damage|p2a: Florges|64/100\n|-enditem|p2a: Florges|Leftovers|[from] move: Knock Off|[of] p1a: Bombirdier\n|\n|upkeep\n|turn|10\n|inactive|Time left: 300 sec this turn | 300 sec total\n|\n|t:|1783555122\n|move|p1a: Bombirdier|Knock Off|p2a: Florges\n|-resisted|p2a: Florges\n|-damage|p2a: Florges|40/100\n|move|p2a: Florges|Moonblast|p1a: Bombirdier\n|-supereffective|p1a: Bombirdier\n|-damage|p1a: Bombirdier|0 fnt\n|faint|p1a: Bombirdier\n|\n|upkeep\n|inactive|Time left: 300 sec this turn | 300 sec total | 5 sec grace\n|\n|t:|1783555123\n|switch|p1a: Latios|Latios, L78, M|253/253\n|turn|11\n|inactive|Time left: 300 sec this turn | 300 sec total\n|\n|t:|1783555124\n|move|p1a: Latios|Psyshock|p2a: Florges\n|-damage|p2a: Florges|0 fnt\n|faint|p2a: Florges\n|\n|upkeep\n|\n|t:|1783555125\n|switch|p2a: Calyrex|Calyrex-Ice, L72|63/100\n|-ability|p2a: Calyrex|As One\n|-ability|p2a: Calyrex|Unnerve\n|turn|12\n|inactive|Time left: 300 sec this turn | 300 sec total\n|\n|t:|1783555126\n|switch|p1a: Glalie|Glalie, L96, M|309/309\n|move|p2a: Calyrex|Glacial Lance|p1a: Glalie\n|-resisted|p1a: Glalie\n|-damage|p1a: Glalie|237/309\n|\n|upkeep\n|turn|13\n|inactive|Time left: 300 sec this turn | 300 sec total\n|\n|t:|1783555127\n|move|p1a: Glalie|Freeze-Dry|p2a: Calyrex\n|-resisted|p2a: Calyrex\n|-damage|p2a: Calyrex|49/100\n|move|p2a: Calyrex|Glacial Lance|p1a: Glalie\n|-resisted|p1a: Glalie\n|-damage|p1a: Glalie|175/309\n|\n|upkeep\n|turn|14\n|inactive|Time left: 300 sec this turn | 300 sec total\n|\n|t:|1783555127\n|move|p1a: Glalie|Freeze-Dry|p2a: Calyrex\n|-resisted|p2a: Calyrex\n|-damage|p2a: Calyrex|35/100\n|move|p2a: Calyrex|Glacial Lance|p1a: Glalie\n|-resisted|p1a: Glalie\n|-damage|p1a: Glalie|105/309\n|\n|upkeep\n|turn|15\n|inactive|Time left: 300 sec this turn | 300 sec total\n|\n|t:|1783555128\n|move|p1a: Glalie|Earthquake|p2a: Calyrex\n|-damage|p2a: Calyrex|13/100\n|move|p2a: Calyrex|Glacial Lance|p1a: Glalie\n|-resisted|p1a: Glalie\n|-damage|p1a: Glalie|33/309\n|\n|upkeep\n|turn|16\n|inactive|Time left: 300 sec this turn | 300 sec total\n|\n|t:|1783555129\n|switch|p2a: Mandibuzz|Mandibuzz, L85, F|100/100\n|move|p1a: Glalie|Freeze-Dry|p2a: Mandibuzz\n|-supereffective|p2a: Mandibuzz\n|-damage|p2a: Mandibuzz|48/100\n|\n|upkeep\n|turn|17\n|inactive|Time left: 300 sec this turn | 300 sec total\n|\n|t:|1783555130\n|move|p1a: Glalie|Freeze-Dry|p2a: Mandibuzz\n|-supereffective|p2a: Mandibuzz\n|-damage|p2a: Mandibuzz|4/100\n|move|p2a: Mandibuzz|Roost|p2a: Mandibuzz\n|-heal|p2a: Mandibuzz|54/100\n|-singleturn|p2a: Mandibuzz|move: Roost\n|\n|upkeep\n|turn|18\n|inactive|Time left: 300 sec this turn | 300 sec total\n|\n|t:|1783555131\n|move|p1a: Glalie|Freeze-Dry|p2a: Mandibuzz\n|-supereffective|p2a: Mandibuzz\n|-damage|p2a: Mandibuzz|3/100\n|move|p2a: Mandibuzz|Roost|p2a: Mandibuzz\n|-heal|p2a: Mandibuzz|53/100\n|-singleturn|p2a: Mandibuzz|move: Roost\n|\n|upkeep\n|turn|19\n|inactive|Time left: 300 sec this turn | 300 sec total\n|\n|t:|1783555132\n|move|p1a: Glalie|Freeze-Dry|p2a: Mandibuzz\n|-supereffective|p2a: Mandibuzz\n|-damage|p2a: Mandibuzz|3/100\n|move|p2a: Mandibuzz|Roost|p2a: Mandibuzz\n|-heal|p2a: Mandibuzz|53/100\n|-singleturn|p2a: Mandibuzz|move: Roost\n|\n|upkeep\n|turn|20\n|inactive|Time left: 300 sec this turn | 300 sec total\n|\n|t:|1783555133\n|move|p1a: Glalie|Freeze-Dry|p2a: Mandibuzz\n|-supereffective|p2a: Mandibuzz\n|-damage|p2a: Mandibuzz|9/100\n|move|p2a: Mandibuzz|Roost|p2a: Mandibuzz\n|-heal|p2a: Mandibuzz|59/100\n|-singleturn|p2a: Mandibuzz|move: Roost\n|\n|upkeep\n|turn|21\n|inactive|Time left: 300 sec this turn | 300 sec total\n|\n|t:|1783555134\n|move|p1a: Glalie|Freeze-Dry|p2a: Mandibuzz\n|-supereffective|p2a: Mandibuzz\n|-damage|p2a: Mandibuzz|8/100\n|move|p2a: Mandibuzz|Roost|p2a: Mandibuzz\n|-heal|p2a: Mandibuzz|58/100\n|-singleturn|p2a: Mandibuzz|move: Roost\n|\n|upkeep\n|turn|22\n|inactive|Time left: 300 sec this turn | 300 sec total\n|\n|t:|1783555135\n|move|p1a: Glalie|Freeze-Dry|p2a: Mandibuzz\n|-supereffective|p2a: Mandibuzz\n|-damage|p2a: Mandibuzz|12/100\n|move|p2a: Mandibuzz|Roost|p2a: Mandibuzz\n|-heal|p2a: Mandibuzz|62/100\n|-singleturn|p2a: Mandibuzz|move: Roost\n|\n|upkeep\n|turn|23\n|inactive|Time left: 300 sec this turn | 300 sec total\n|\n|t:|1783555136\n|move|p1a: Glalie|Freeze-Dry|p2a: Mandibuzz\n|-supereffective|p2a: Mandibuzz\n|-damage|p2a: Mandibuzz|11/100\n|move|p2a: Mandibuzz|Roost|p2a: Mandibuzz\n|-heal|p2a: Mandibuzz|61/100\n|-singleturn|p2a: Mandibuzz|move: Roost\n|\n|upkeep\n|turn|24\n|inactive|Time left: 300 sec this turn | 300 sec total\n|\n|t:|1783555137\n|move|p1a: Glalie|Freeze-Dry|p2a: Mandibuzz\n|-supereffective|p2a: Mandibuzz\n|-damage|p2a: Mandibuzz|11/100\n|move|p2a: Mandibuzz|Roost|p2a: Mandibuzz\n|-heal|p2a: Mandibuzz|61/100\n|-singleturn|p2a: Mandibuzz|move: Roost\n|\n|upkeep\n|turn|25\n|inactive|Time left: 300 sec this turn | 300 sec total\n|\n|t:|1783555139\n|move|p1a: Glalie|Freeze-Dry|p2a: Mandibuzz\n|-supereffective|p2a: Mandibuzz\n|-damage|p2a: Mandibuzz|10/100\n|move|p2a: Mandibuzz|Knock Off|p1a: Glalie\n|-damage|p1a: Glalie|0 fnt\n|-enditem|p1a: Glalie|Heavy-Duty Boots|[from] move: Knock Off|[of] p2a: Mandibuzz\n|faint|p1a: Glalie\n|\n|upkeep\n|inactive|Time left: 300 sec this turn | 300 sec total | 5 sec grace\n|\n|t:|1783555140\n|switch|p1a: Sandy Shocks|Sandy Shocks, L80|267/267\n|turn|26\n|inactive|Time left: 300 sec this turn | 300 sec total\n|\n|t:|1783555141\n|switch|p2a: Jumpluff|Jumpluff, L87, M|100/100\n|move|p1a: Sandy Shocks|Thunderbolt|p2a: Jumpluff\n|-damage|p2a: Jumpluff|65/100\n|\n|upkeep\n|turn|27\n|inactive|Time left: 300 sec this turn | 300 sec total\n|\n|t:|1783555142\n|move|p2a: Jumpluff|Strength Sap|p1a: Sandy Shocks\n|-unboost|p1a: Sandy Shocks|atk|1\n|-heal|p2a: Jumpluff|100/100\n|move|p1a: Sandy Shocks|Thunderbolt|p2a: Jumpluff\n|-damage|p2a: Jumpluff|63/100\n|\n|upkeep\n|turn|28\n|inactive|Time left: 300 sec this turn | 300 sec total\n|\n|t:|1783555143\n|move|p2a: Jumpluff|Sleep Powder|p1a: Sandy Shocks\n|-status|p1a: Sandy Shocks|slp|[from] move: Sleep Powder\n|cant|p1a: Sandy Shocks|slp\n|\n|upkeep\n|turn|29\n|inactive|Time left: 300 sec this turn | 300 sec total\n|\n|t:|1783555144\n|-end|p1a: Sandy Shocks|Protosynthesis|[silent]\n|switch|p1a: Slowking|Slowking-Galar, L85, F|300/300\n|move|p2a: Jumpluff|Strength Sap|p1a: Slowking\n|-unboost|p1a: Slowking|atk|1\n|-heal|p2a: Jumpluff|100/100\n|\n|upkeep\n|turn|30\n|inactive|Time left: 300 sec this turn | 300 sec total\n|\n|t:|1783555145\n|move|p2a: Jumpluff|Acrobatics|p1a: Slowking\n|-damage|p1a: Slowking|209/300\n|move|p1a: Slowking|Fire Blast|p2a: Jumpluff\n|-supereffective|p2a: Jumpluff\n|-damage|p2a: Jumpluff|40/100\n|\n|upkeep\n|turn|31\n|inactive|Time left: 300 sec this turn | 300 sec total\n|\n|t:|1783555146\n|move|p2a: Jumpluff|Strength Sap|p1a: Slowking\n|-unboost|p1a: Slowking|atk|1\n|-heal|p2a: Jumpluff|68/100\n|move|p1a: Slowking|Sludge Bomb|p2a: Jumpluff\n|-supereffective|p2a: Jumpluff\n|-damage|p2a: Jumpluff|0 fnt\n|faint|p2a: Jumpluff\n|\n|upkeep\n|\n|t:|1783555147\n|switch|p2a: Mandibuzz|Mandibuzz, L85, F|10/100\n|turn|32\n|inactive|Time left: 300 sec this turn | 300 sec total\n|\n|t:|1783555148\n|switch|p1a: Sandy Shocks|Sandy Shocks, L80|267/267 slp\n|move|p2a: Mandibuzz|Knock Off|p1a: Sandy Shocks\n|-damage|p1a: Sandy Shocks|192/267 slp\n|-enditem|p1a: Sandy Shocks|Leftovers|[from] move: Knock Off|[of] p2a: Mandibuzz\n|\n|upkeep\n|turn|33\n|inactive|Time left: 300 sec this turn | 300 sec total\n|\n|t:|1783555149\n|cant|p1a: Sandy Shocks|slp\n|move|p2a: Mandibuzz|Knock Off|p1a: Sandy Shocks\n|-damage|p1a: Sandy Shocks|140/267 slp\n|\n|upkeep\n|turn|34\n|inactive|Time left: 300 sec this turn | 300 sec total\n|\n|t:|1783555150\n|cant|p1a: Sandy Shocks|slp\n|move|p2a: Mandibuzz|Knock Off|p1a: Sandy Shocks\n|-damage|p1a: Sandy Shocks|91/267 slp\n|\n|upkeep\n|turn|35\n|inactive|Time left: 300 sec this turn | 300 sec total\n|\n|t:|1783555151\n|-curestatus|p1a: Sandy Shocks|slp|[msg]\n|move|p1a: Sandy Shocks|Thunderbolt|p2a: Mandibuzz\n|-supereffective|p2a: Mandibuzz\n|-damage|p2a: Mandibuzz|0 fnt\n|faint|p2a: Mandibuzz\n|\n|upkeep\n|\n|t:|1783555152\n|switch|p2a: Deoxys|Deoxys-Attack, L72|91/100\n|-ability|p2a: Deoxys|Pressure\n|turn|36\n|inactive|Time left: 300 sec this turn | 300 sec total\n|\n|t:|1783555153\n|move|p2a: Deoxys|Psycho Boost|p1a: Sandy Shocks\n|-damage|p1a: Sandy Shocks|0 fnt\n|-unboost|p2a: Deoxys|spa|2\n|faint|p1a: Sandy Shocks\n|-end|p1a: Sandy Shocks|Protosynthesis|[silent]\n|-damage|p2a: Deoxys|81/100|[from] item: Life Orb\n|\n|upkeep\n|inactive|Time left: 300 sec this turn | 300 sec total | 5 sec grace\n|\n|t:|1783555154\n|switch|p1a: Slowking|Slowking-Galar, L85, F|300/300\n|turn|37\n|inactive|Time left: 300 sec this turn | 300 sec total\n|\n|t:|1783555155\n|switch|p2a: Calyrex|Calyrex-Ice, L72|13/100\n|-ability|p2a: Calyrex|As One\n|-ability|p2a: Calyrex|Unnerve\n|-terastallize|p1a: Slowking|Fairy\n|move|p1a: Slowking|Sludge Bomb|p2a: Calyrex\n|-damage|p2a: Calyrex|0 fnt\n|faint|p2a: Calyrex\n|\n|upkeep\n|\n|t:|1783555156\n|switch|p2a: Deoxys|Deoxys-Attack, L72|81/100\n|-ability|p2a: Deoxys|Pressure\n|turn|38\n|inactive|Time left: 300 sec this turn | 300 sec total\n|\n|t:|1783555157\n|move|p2a: Deoxys|Knock Off|p1a: Slowking\n|-resisted|p1a: Slowking\n|-damage|p1a: Slowking|242/300\n|-enditem|p1a: Slowking|Assault Vest|[from] move: Knock Off|[of] p2a: Deoxys\n|-damage|p2a: Deoxys|71/100|[from] item: Life Orb\n|move|p1a: Slowking|Sludge Bomb|p2a: Deoxys\n|-damage|p2a: Deoxys|0 fnt\n|faint|p2a: Deoxys\n|\n|win|p0x1302aabd", "uploadtime": 1783555157, "views": 0, "rating": 0, "private": 0, "password": null, "_winner": "p0x1302aabd", "_our_name": "p0x1302aabd"}