{"id": "battle-gen9randombattle-850", "formatid": "gen9randombattle", "format": "[Gen 9] Random Battle", "players": ["p0x850afa4", "p0y85026ab"], "log": "|init|battle\n|title|p0x850afa4 vs. p0y85026ab\n|j|\u2606p0x850afa4\n|j|\u2606p0y85026ab\n|t:|1783549746\n|gametype|singles\n|player|p1|p0x850afa4|1|\n|player|p2|p0y85026ab|2|\n|gen|9\n|tier|[Gen 9] Random Battle\n|rule|Species Clause: Limit one of each Pok\u00e9mon\n|rule|HP Percentage Mod: HP is shown in percentages\n|rule|Sleep Clause Mod: Limit one foe put to sleep\n|rule|Illusion Level Mod: Illusion disguises the Pok\u00e9mon's true level\n|\n|t:|1783549746\n|teamsize|p1|6\n|teamsize|p2|6\n|start\n|switch|p1a: Delphox|Delphox, L84, F|263/263\n|switch|p2a: Toxtricity|Toxtricity, L82, F|100/100\n|turn|1\n|inactive|Battle timer is ON: inactive players will automatically lose when time's up. (requested by p0y85026ab)\n|inactive|Time left: 300 sec this turn | 300 sec total | 60 sec grace\n|\n|t:|1783549748\n|move|p1a: Delphox|Fire Blast|p2a: Toxtricity\n|-damage|p2a: Toxtricity|34/100\n|move|p2a: Toxtricity|Volt Switch|p1a: Delphox\n|-damage|p1a: Delphox|190/263\n|inactive|p0x850afa4 also wants the timer to be on.\n|\n|t:|1783549749\n|switch|p2a: Hariyama|Hariyama, L87, F|100/100|[from] Volt Switch\n|\n|-status|p2a: Hariyama|brn|[from] item: Flame Orb\n|upkeep\n|turn|2\n|inactive|Time left: 300 sec this turn | 300 sec total\n|\n|t:|1783549751\n|move|p1a: Delphox|Fire Blast|p2a: Hariyama\n|-damage|p2a: Hariyama|56/100 brn\n|move|p2a: Hariyama|Knock Off|p1a: Delphox\n|-supereffective|p1a: Delphox\n|-damage|p1a: Delphox|0 fnt\n|-enditem|p1a: Delphox|Choice Scarf|[from] move: Knock Off|[of] p2a: Hariyama\n|faint|p1a: Delphox\n|\n|-damage|p2a: Hariyama|50/100 brn|[from] brn\n|upkeep\n|inactive|Time left: 300 sec this turn | 300 sec total | 5 sec grace\n|\n|t:|1783549752\n|switch|p1a: Munkidori|Munkidori, L79, M|269/269\n|turn|3\n|inactive|Time left: 300 sec this turn | 300 sec total\n|\n|t:|1783549753\n|switch|p2a: Ceruledge|Ceruledge, L78, M|100/100\n|move|p1a: Munkidori|Sludge Wave|p2a: Ceruledge\n|-resisted|p2a: Ceruledge\n|-damage|p2a: Ceruledge|67/100\n|-status|p2a: Ceruledge|psn\n|\n|-damage|p2a: Ceruledge|54/100 psn|[from] psn\n|upkeep\n|turn|4\n|inactive|Time left: 300 sec this turn | 300 sec total\n|\n|t:|1783549755\n|move|p1a: Munkidori|Sludge Wave|p2a: Ceruledge\n|-resisted|p2a: Ceruledge\n|-damage|p2a: Ceruledge|23/100 psn\n|move|p2a: Ceruledge|Poltergeist|p1a: Munkidori\n|-activate|p1a: Munkidori|move: Poltergeist|Choice Specs\n|-supereffective|p1a: Munkidori\n|-damage|p1a: Munkidori|0 fnt\n|faint|p1a: Munkidori\n|\n|-damage|p2a: Ceruledge|10/100 psn|[from] psn\n|upkeep\n|inactive|Time left: 300 sec this turn | 300 sec total | 5 sec grace\n|\n|t:|1783549756\n|switch|p1a: Serperior|Serperior, L79, F|248/248\n|turn|5\n|inactive|Time left: 300 sec this turn | 300 sec total\n|\n|t:|1783549757\n|move|p1a: Serperior|Leaf Storm|p2a: Ceruledge\n|-resisted|p2a: Ceruledge\n|-damage|p2a: Ceruledge|0 fnt\n|-boost|p1a: Serperior|spa|2\n|faint|p2a: Ceruledge\n|\n|upkeep\n|\n|t:|1783549757\n|switch|p2a: Toxtricity|Toxtricity, L82, F|34/100\n|turn|6\n|inactive|Time left: 300 sec this turn | 300 sec total\n|\n|t:|1783549758\n|move|p2a: Toxtricity|Sludge Wave|p1a: Serperior\n|-supereffective|p1a: Serperior\n|-damage|p1a: Serperior|26/248\n|move|p1a: Serperior|Leaf Storm|p2a: Toxtricity\n|-resisted|p2a: Toxtricity\n|-damage|p2a: Toxtricity|0 fnt\n|-boost|p1a: Serperior|spa|2\n|faint|p2a: Toxtricity\n|\n|-heal|p1a: Serperior|41/248|[from] item: Leftovers\n|upkeep\n|\n|t:|1783549759\n|switch|p2a: Barraskewda|Barraskewda, L81, M|100/100\n|turn|7\n|inactive|Time left: 300 sec this turn | 300 sec total\n|\n|t:|1783549760\n|switch|p1a: Amoonguss|Amoonguss, L82, M|321/321\n|move|p2a: Barraskewda|Flip Turn|p1a: Amoonguss\n|-resisted|p1a: Amoonguss\n|-damage|p1a: Amoonguss|257/321\n|\n|t:|1783549761\n|switch|p2a: Tauros|Tauros-Paldea-Blaze, L81, M|100/100|[from] Flip Turn\n|-ability|p2a: Tauros|Intimidate|boost\n|-unboost|p1a: Amoonguss|atk|1\n|\n|-heal|p1a: Amoonguss|277/321|[from] item: Leftovers\n|upkeep\n|turn|8\n|inactive|Time left: 300 sec this turn | 300 sec total\n|\n|t:|1783549761\n|switch|p1a: Flareon|Flareon, L90, M|263/263\n|move|p2a: Tauros|Flare Blitz|p1a: Flareon\n|-resisted|p1a: Flareon\n|-damage|p1a: Flareon|143/263\n|-damage|p2a: Tauros|85/100|[from] Recoil\n|\n|-status|p1a: Flareon|tox|[from] item: Toxic Orb\n|upkeep\n|turn|9\n|inactive|Time left: 300 sec this turn | 300 sec total\n|\n|t:|1783549762\n|move|p2a: Tauros|Flare Blitz|p1a: Flareon\n|-resisted|p1a: Flareon\n|-damage|p1a: Flareon|25/263 tox\n|-damage|p2a: Tauros|69/100|[from] Recoil\n|move|p1a: Flareon|Facade|p2a: Tauros\n|-damage|p2a: Tauros|0 fnt\n|faint|p2a: Tauros\n|\n|-damage|p1a: Flareon|9/263 tox|[from] psn\n|upkeep\n|\n|t:|1783549763\n|switch|p2a: Ogerpon|Ogerpon, L80, F|100/100\n|turn|10\n|inactive|Time left: 300 sec this turn | 300 sec total\n|\n|t:|1783549764\n|switch|p1a: Amoonguss|Amoonguss, L82, M|321/321\n|move|p2a: Ogerpon|Knock Off|p1a: Amoonguss\n|-damage|p1a: Amoonguss|203/321\n|-enditem|p1a: Amoonguss|Leftovers|[from] move: Knock Off|[of] p2a: Ogerpon\n|-damage|p2a: Ogerpon|91/100|[from] item: Life Orb\n|\n|upkeep\n|turn|11\n|inactive|Time left: 300 sec this turn | 300 sec total\n|\n|t:|1783549765\n|switch|p2a: Hariyama|Hariyama, L87, F|50/100 brn\n|move|p1a: Amoonguss|Sludge Bomb|p2a: Hariyama\n|-damage|p2a: Hariyama|21/100 brn\n|\n|-damage|p2a: Hariyama|15/100 brn|[from] brn\n|upkeep\n|turn|12\n|inactive|Time left: 300 sec this turn | 300 sec total\n|\n|t:|1783549766\n|switch|p1a: Serperior|Serperior, L79, F|41/248\n|move|p2a: Hariyama|Facade|p1a: Serperior\n|-damage|p1a: Serperior|0 fnt\n|faint|p1a: Serperior\n|\n|-damage|p2a: Hariyama|9/100 brn|[from] brn\n|upkeep\n|inactive|Time left: 300 sec this turn | 300 sec total | 5 sec grace\n|\n|t:|1783549766\n|switch|p1a: Dudunsparce|Dudunsparce-Three-Segment, L83, F|343/343\n|turn|13\n|inactive|Time left: 300 sec this turn | 300 sec total\n|\n|t:|1783549767\n|switch|p2a: Ogerpon|Ogerpon, L80, F|91/100\n|move|p1a: Dudunsparce|Boomburst|p2a: Ogerpon\n|-damage|p2a: Ogerpon|39/100\n|\n|upkeep\n|turn|14\n|inactive|Time left: 300 sec this turn | 300 sec total\n|\n|t:|1783549768\n|move|p2a: Ogerpon|Ivy Cudgel|p1a: Dudunsparce\n|-damage|p1a: Dudunsparce|191/343\n|-damage|p2a: Ogerpon|30/100|[from] item: Life Orb\n|move|p1a: Dudunsparce|Boomburst|p2a: Ogerpon\n|-damage|p2a: Ogerpon|0 fnt\n|faint|p2a: Ogerpon\n|\n|-heal|p1a: Dudunsparce|212/343|[from] item: Leftovers\n|upkeep\n|\n|t:|1783549769\n|switch|p2a: Barraskewda|Barraskewda, L81, M|100/100\n|turn|15\n|inactive|Time left: 300 sec this turn | 300 sec total\n|\n|t:|1783549770\n|switch|p1a: Amoonguss|Amoonguss, L82, M|310/321\n|move|p2a: Barraskewda|Waterfall|p1a: Amoonguss\n|-resisted|p1a: Amoonguss\n|-damage|p1a: Amoonguss|217/321\n|\n|upkeep\n|turn|16\n|inactive|Time left: 300 sec this turn | 300 sec total\n|\n|t:|1783549771\n|move|p2a: Barraskewda|Waterfall|p1a: Amoonguss\n|-resisted|p1a: Amoonguss\n|-damage|p1a: Amoonguss|133/321\n|cant|p1a: Amoonguss|flinch\n|\n|upkeep\n|turn|17\n|inactive|Time left: 300 sec this turn | 300 sec total\n|\n|t:|1783549772\n|move|p2a: Barraskewda|Waterfall|p1a: Amoonguss\n|-resisted|p1a: Amoonguss\n|-damage|p1a: Amoonguss|46/321\n|move|p1a: Amoonguss|Giga Drain|p2a: Barraskewda\n|-supereffective|p2a: Barraskewda\n|-damage|p2a: Barraskewda|11/100\n|-heal|p1a: Amoonguss|149/321|[from] drain|[of] p2a: Barraskewda\n|\n|upkeep\n|turn|18\n|inactive|Time left: 300 sec this turn | 300 sec total\n|\n|t:|1783549773\n|move|p2a: Barraskewda|Waterfall|p1a: Amoonguss\n|-resisted|p1a: Amoonguss\n|-damage|p1a: Amoonguss|59/321\n|move|p1a: Amoonguss|Giga Drain|p2a: Barraskewda\n|-supereffective|p2a: Barraskewda\n|-damage|p2a: Barraskewda|0 fnt\n|-heal|p1a: Amoonguss|72/321|[from] drain|[of] p2a: Barraskewda\n|faint|p2a: Barraskewda\n|\n|upkeep\n|\n|t:|1783549774\n|switch|p2a: Hariyama|Hariyama, L87, F|9/100 brn\n|turn|19\n|inactive|Time left: 300 sec this turn | 300 sec total\n|\n|t:|1783549775\n|switch|p1a: Dudunsparce|Dudunsparce-Three-Segment, L83, F|212/343\n|-terastallize|p2a: Hariyama|Normal\n|move|p2a: Hariyama|Knock Off|p1a: Dudunsparce\n|-damage|p1a: Dudunsparce|64/343\n|-ability|p1a: Dudunsparce|Rattled|boost\n|-boost|p1a: Dudunsparce|spe|1\n|-enditem|p1a: Dudunsparce|Leftovers|[from] move: Knock Off|[of] p2a: Hariyama\n|\n|-damage|p2a: Hariyama|3/100 brn|[from] brn\n|upkeep\n|turn|20\n|inactive|Time left: 300 sec this turn | 300 sec total\n|\n|t:|1783549776\n|move|p1a: Dudunsparce|Roost|p1a: Dudunsparce\n|-heal|p1a: Dudunsparce|236/343\n|-singleturn|p1a: Dudunsparce|move: Roost\n|move|p2a: Hariyama|Facade|p1a: Dudunsparce\n|-damage|p1a: Dudunsparce|0 fnt\n|faint|p1a: Dudunsparce\n|\n|-damage|p2a: Hariyama|0 fnt|[from] brn\n|faint|p2a: Hariyama\n|\n|win|p0x850afa4", "uploadtime": 1783549776, "views": 0, "rating": 0, "private": 0, "password": null, "_winner": "p0x850afa4", "_our_name": "p0x850afa4"}