{"id": "battle-gen9randombattle-959", "formatid": "gen9randombattle", "format": "[Gen 9] Random Battle", "players": ["p0x9596cad", "p0y95971f9"], "log": "|init|battle\n|title|p0x9596cad vs. p0y95971f9\n|j|\u2606p0x9596cad\n|j|\u2606p0y95971f9\n|t:|1783550998\n|gametype|singles\n|player|p1|p0x9596cad|2|\n|player|p2|p0y95971f9|101|\n|gen|9\n|tier|[Gen 9] Random Battle\n|rule|Species Clause: Limit one of each Pok\u00e9mon\n|rule|HP Percentage Mod: HP is shown in percentages\n|rule|Sleep Clause Mod: Limit one foe put to sleep\n|rule|Illusion Level Mod: Illusion disguises the Pok\u00e9mon's true level\n|\n|t:|1783550998\n|teamsize|p1|6\n|teamsize|p2|6\n|start\n|switch|p1a: Klefki|Klefki, L84, M|100/100\n|switch|p2a: Dragonite|Dragonite, L74, F|257/257\n|turn|1\n|inactive|Battle timer is ON: inactive players will automatically lose when time's up. (requested by p0x9596cad)\n|inactive|Time left: 300 sec this turn | 300 sec total | 60 sec grace\n|inactive|p0y95971f9 also wants the timer to be on.\n|\n|t:|1783550999\n|move|p1a: Klefki|Play Rough|p2a: Dragonite\n|-supereffective|p2a: Dragonite\n|-damage|p2a: Dragonite|169/257\n|move|p2a: Dragonite|Dragon Dance|p2a: Dragonite\n|-boost|p2a: Dragonite|atk|1\n|-boost|p2a: Dragonite|spe|1\n|\n|upkeep\n|turn|2\n|inactive|Time left: 300 sec this turn | 300 sec total\n|\n|t:|1783551000\n|move|p2a: Dragonite|Roost|p2a: Dragonite\n|-heal|p2a: Dragonite|257/257\n|-singleturn|p2a: Dragonite|move: Roost\n|move|p1a: Klefki|Play Rough|p2a: Dragonite\n|-supereffective|p2a: Dragonite\n|-damage|p2a: Dragonite|167/257\n|\n|upkeep\n|turn|3\n|inactive|Time left: 300 sec this turn | 300 sec total\n|\n|t:|1783551001\n|move|p2a: Dragonite|Roost|p2a: Dragonite\n|-heal|p2a: Dragonite|257/257\n|-singleturn|p2a: Dragonite|move: Roost\n|move|p1a: Klefki|Play Rough|p2a: Dragonite\n|-supereffective|p2a: Dragonite\n|-damage|p2a: Dragonite|176/257\n|\n|upkeep\n|turn|4\n|inactive|Time left: 300 sec this turn | 300 sec total\n|\n|t:|1783551002\n|move|p2a: Dragonite|Roost|p2a: Dragonite\n|-heal|p2a: Dragonite|257/257\n|-singleturn|p2a: Dragonite|move: Roost\n|move|p1a: Klefki|Play Rough|p2a: Dragonite\n|-supereffective|p2a: Dragonite\n|-damage|p2a: Dragonite|175/257\n|\n|upkeep\n|turn|5\n|inactive|Time left: 300 sec this turn | 300 sec total\n|\n|t:|1783551003\n|move|p2a: Dragonite|Roost|p2a: Dragonite\n|-heal|p2a: Dragonite|257/257\n|-singleturn|p2a: Dragonite|move: Roost\n|move|p1a: Klefki|Play Rough|p2a: Dragonite\n|-supereffective|p2a: Dragonite\n|-damage|p2a: Dragonite|161/257\n|\n|upkeep\n|turn|6\n|inactive|Time left: 300 sec this turn | 300 sec total\n|\n|t:|1783551004\n|move|p2a: Dragonite|Roost|p2a: Dragonite\n|-heal|p2a: Dragonite|257/257\n|-singleturn|p2a: Dragonite|move: Roost\n|move|p1a: Klefki|Play Rough|p2a: Dragonite|[miss]\n|-miss|p1a: Klefki|p2a: Dragonite\n|\n|upkeep\n|turn|7\n|inactive|Time left: 300 sec this turn | 300 sec total\n|\n|t:|1783551005\n|move|p1a: Klefki|Magnet Rise|p1a: Klefki\n|-start|p1a: Klefki|Magnet Rise\n|move|p2a: Dragonite|Dragon Dance|p2a: Dragonite\n|-boost|p2a: Dragonite|atk|1\n|-boost|p2a: Dragonite|spe|1\n|\n|upkeep\n|turn|8\n|inactive|Time left: 300 sec this turn | 300 sec total\n|\n|t:|1783551006\n|move|p2a: Dragonite|Dragon Dance|p2a: Dragonite\n|-boost|p2a: Dragonite|atk|1\n|-boost|p2a: Dragonite|spe|1\n|move|p1a: Klefki|Play Rough|p2a: Dragonite\n|-supereffective|p2a: Dragonite\n|-damage|p2a: Dragonite|170/257\n|\n|upkeep\n|turn|9\n|inactive|Time left: 300 sec this turn | 300 sec total\n|\n|t:|1783551007\n|move|p2a: Dragonite|Roost|p2a: Dragonite\n|-heal|p2a: Dragonite|257/257\n|-singleturn|p2a: Dragonite|move: Roost\n|move|p1a: Klefki|Play Rough|p2a: Dragonite\n|-supereffective|p2a: Dragonite\n|-damage|p2a: Dragonite|175/257\n|\n|upkeep\n|turn|10\n|inactive|Time left: 300 sec this turn | 300 sec total\n|\n|t:|1783551008\n|move|p2a: Dragonite|Roost|p2a: Dragonite\n|-heal|p2a: Dragonite|257/257\n|-singleturn|p2a: Dragonite|move: Roost\n|move|p1a: Klefki|Play Rough|p2a: Dragonite\n|-supereffective|p2a: Dragonite\n|-crit|p2a: Dragonite\n|-damage|p2a: Dragonite|116/257\n|\n|upkeep\n|turn|11\n|inactive|Time left: 300 sec this turn | 300 sec total\n|\n|t:|1783551009\n|move|p2a: Dragonite|Roost|p2a: Dragonite\n|-heal|p2a: Dragonite|245/257\n|-singleturn|p2a: Dragonite|move: Roost\n|move|p1a: Klefki|Play Rough|p2a: Dragonite\n|-supereffective|p2a: Dragonite\n|-damage|p2a: Dragonite|59/257\n|\n|-end|p1a: Klefki|Magnet Rise\n|upkeep\n|turn|12\n|inactive|Time left: 300 sec this turn | 300 sec total\n|\n|t:|1783551010\n|move|p1a: Klefki|Magnet Rise|p1a: Klefki\n|-start|p1a: Klefki|Magnet Rise\n|move|p2a: Dragonite|Earthquake|p1a: Klefki\n|-immune|p1a: Klefki\n|\n|upkeep\n|turn|13\n|inactive|Time left: 300 sec this turn | 300 sec total\n|\n|t:|1783551011\n|-terastallize|p2a: Dragonite|Steel\n|move|p2a: Dragonite|Dragon Dance|p2a: Dragonite\n|-boost|p2a: Dragonite|atk|1\n|-boost|p2a: Dragonite|spe|1\n|move|p1a: Klefki|Play Rough|p2a: Dragonite\n|-resisted|p2a: Dragonite\n|-damage|p2a: Dragonite|17/257\n|\n|upkeep\n|turn|14\n|inactive|Time left: 300 sec this turn | 300 sec total\n|\n|t:|1783551012\n|move|p2a: Dragonite|Outrage|p1a: Klefki\n|-immune|p1a: Klefki\n|move|p1a: Klefki|Play Rough|p2a: Dragonite\n|-resisted|p2a: Dragonite\n|-damage|p2a: Dragonite|0 fnt\n|faint|p2a: Dragonite\n|\n|upkeep\n|inactive|Time left: 300 sec this turn | 300 sec total | 5 sec grace\n|\n|t:|1783551013\n|switch|p2a: Krookodile|Krookodile, L79, F|280/280\n|-ability|p2a: Krookodile|Intimidate|boost\n|-unboost|p1a: Klefki|atk|1\n|turn|15\n|inactive|Time left: 300 sec this turn | 300 sec total\n|\n|t:|1783551014\n|switch|p1a: Dragonite|Dragonite, L74, M|100/100\n|move|p2a: Krookodile|Knock Off|p1a: Dragonite\n|-damage|p1a: Dragonite|78/100\n|-enditem|p1a: Dragonite|Heavy-Duty Boots|[from] move: Knock Off|[of] p2a: Krookodile\n|\n|upkeep\n|turn|16\n|inactive|Time left: 300 sec this turn | 300 sec total\n|\n|t:|1783551016\n|move|p2a: Krookodile|Bulk Up|p2a: Krookodile\n|-boost|p2a: Krookodile|atk|1\n|-boost|p2a: Krookodile|def|1\n|move|p1a: Dragonite|Dragon Dance|p1a: Dragonite\n|-boost|p1a: Dragonite|atk|1\n|-boost|p1a: Dragonite|spe|1\n|\n|upkeep\n|turn|17\n|inactive|Time left: 300 sec this turn | 300 sec total\n|\n|t:|1783551017\n|move|p1a: Dragonite|Outrage|p2a: Krookodile\n|-damage|p2a: Krookodile|127/280\n|move|p2a: Krookodile|Knock Off|p1a: Dragonite\n|-damage|p1a: Dragonite|31/100\n|\n|-heal|p2a: Krookodile|144/280|[from] item: Leftovers\n|upkeep\n|turn|18\n|inactive|Time left: 300 sec this turn | 300 sec total\n|\n|t:|1783551018\n|switch|p2a: Kingambit|Kingambit, L74, M|270/270\n|-activate|p2a: Kingambit|ability: Supreme Overlord\n|-start|p2a: Kingambit|fallen1|[silent]\n|move|p1a: Dragonite|Outrage|p2a: Kingambit|[from] lockedmove\n|-resisted|p2a: Kingambit\n|-damage|p2a: Kingambit|190/270\n|\n|-heal|p2a: Kingambit|206/270|[from] item: Leftovers\n|upkeep\n|turn|19\n|inactive|Time left: 300 sec this turn | 300 sec total\n|\n|t:|1783551019\n|move|p2a: Kingambit|Sucker Punch|p1a: Dragonite\n|-damage|p1a: Dragonite|0 fnt\n|faint|p1a: Dragonite\n|\n|-heal|p2a: Kingambit|222/270|[from] item: Leftovers\n|upkeep\n|\n|t:|1783551020\n|switch|p1a: Flareon|Flareon, L90, F|100/100\n|turn|20\n|inactive|Time left: 300 sec this turn | 300 sec total\n|\n|t:|1783551022\n|move|p2a: Kingambit|Sucker Punch|p1a: Flareon\n|-damage|p1a: Flareon|58/100\n|move|p1a: Flareon|Flare Blitz|p2a: Kingambit\n|-supereffective|p2a: Kingambit\n|-damage|p2a: Kingambit|0 fnt\n|faint|p2a: Kingambit\n|-end|p2a: Kingambit|fallen1|[silent]\n|-damage|p1a: Flareon|31/100|[from] Recoil\n|\n|-status|p1a: Flareon|tox|[from] item: Toxic Orb\n|upkeep\n|inactive|Time left: 300 sec this turn | 300 sec total | 5 sec grace\n|\n|t:|1783551023\n|switch|p2a: Krookodile|Krookodile, L79, F|144/280\n|-ability|p2a: Krookodile|Intimidate|boost\n|-unboost|p1a: Flareon|atk|1\n|turn|21\n|inactive|Time left: 300 sec this turn | 300 sec total\n|\n|t:|1783551024\n|switch|p1a: Walking Wake|Walking Wake, L79|100/100\n|move|p2a: Krookodile|Earthquake|p1a: Walking Wake\n|-damage|p1a: Walking Wake|64/100\n|\n|-heal|p2a: Krookodile|161/280|[from] item: Leftovers\n|upkeep\n|turn|22\n|inactive|Time left: 300 sec this turn | 300 sec total\n|\n|t:|1783551025\n|switch|p2a: Toxapex|Toxapex, L82, M|216/216\n|move|p1a: Walking Wake|Draco Meteor|p2a: Toxapex\n|-damage|p2a: Toxapex|47/216\n|-unboost|p1a: Walking Wake|spa|2\n|\n|upkeep\n|turn|23\n|inactive|Time left: 300 sec this turn | 300 sec total\n|\n|t:|1783551026\n|switch|p2a: Krookodile|Krookodile, L79, F|161/280\n|-ability|p2a: Krookodile|Intimidate|boost\n|-unboost|p1a: Walking Wake|atk|1\n|move|p1a: Walking Wake|Draco Meteor|p2a: Krookodile\n|-damage|p2a: Krookodile|17/280\n|-unboost|p1a: Walking Wake|spa|2\n|\n|-heal|p2a: Krookodile|34/280|[from] item: Leftovers\n|upkeep\n|turn|24\n|inactive|Time left: 300 sec this turn | 300 sec total\n|\n|t:|1783551027\n|move|p1a: Walking Wake|Draco Meteor|p2a: Krookodile|[miss]\n|-miss|p1a: Walking Wake|p2a: Krookodile\n|move|p2a: Krookodile|Earthquake|p1a: Walking Wake\n|-damage|p1a: Walking Wake|21/100\n|\n|-heal|p2a: Krookodile|51/280|[from] item: Leftovers\n|upkeep\n|turn|25\n|inactive|Time left: 300 sec this turn | 300 sec total\n|\n|t:|1783551029\n|move|p1a: Walking Wake|Draco Meteor|p2a: Krookodile\n|-damage|p2a: Krookodile|0 fnt\n|-unboost|p1a: Walking Wake|spa|2\n|faint|p2a: Krookodile\n|\n|upkeep\n|inactive|Time left: 300 sec this turn | 300 sec total | 5 sec grace\n|\n|t:|1783551029\n|switch|p2a: Basculin|Basculin, L86, F|261/261\n|turn|26\n|inactive|Time left: 300 sec this turn | 300 sec total\n|\n|t:|1783551031\n|move|p1a: Walking Wake|Draco Meteor|p2a: Basculin\n|-crit|p2a: Basculin\n|-damage|p2a: Basculin|0 fnt\n|faint|p2a: Basculin\n|\n|upkeep\n|inactive|Time left: 300 sec this turn | 300 sec total | 5 sec grace\n|\n|t:|1783551032\n|switch|p2a: Passimian|Passimian, L83, F|302/302\n|turn|27\n|inactive|Time left: 300 sec this turn | 300 sec total\n|\n|t:|1783551033\n|move|p2a: Passimian|Earthquake|p1a: Walking Wake\n|-damage|p1a: Walking Wake|0 fnt\n|faint|p1a: Walking Wake\n|-end|p1a: Walking Wake|Protosynthesis|[silent]\n|\n|upkeep\n|\n|t:|1783551034\n|switch|p1a: Ceruledge|Ceruledge, L78, M|100/100\n|turn|28\n|inactive|Time left: 300 sec this turn | 300 sec total\n|\n|t:|1783551035\n|-terastallize|p1a: Ceruledge|Fighting\n|move|p2a: Passimian|Earthquake|p1a: Ceruledge\n|-damage|p1a: Ceruledge|60/100\n|-ability|p1a: Ceruledge|Weak Armor|boost\n|-unboost|p1a: Ceruledge|def|1\n|-boost|p1a: Ceruledge|spe|2\n|move|p1a: Ceruledge|Bitter Blade|p2a: Passimian\n|-damage|p2a: Passimian|208/302\n|-heal|p1a: Ceruledge|79/100|[from] drain|[of] p2a: Passimian\n|\n|upkeep\n|turn|29\n|inactive|Time left: 300 sec this turn | 300 sec total\n|\n|t:|1783551036\n|move|p1a: Ceruledge|Swords Dance|p1a: Ceruledge\n|-boost|p1a: Ceruledge|atk|2\n|move|p2a: Passimian|Earthquake|p1a: Ceruledge\n|-damage|p1a: Ceruledge|25/100\n|-ability|p1a: Ceruledge|Weak Armor|boost\n|-unboost|p1a: Ceruledge|def|1\n|-boost|p1a: Ceruledge|spe|2\n|\n|upkeep\n|turn|30\n|inactive|Time left: 300 sec this turn | 300 sec total\n|\n|t:|1783551037\n|move|p1a: Ceruledge|Close Combat|p2a: Passimian\n|-damage|p2a: Passimian|0 fnt\n|-unboost|p1a: Ceruledge|def|1\n|-unboost|p1a: Ceruledge|spd|1\n|faint|p2a: Passimian\n|\n|upkeep\n|inactive|Time left: 300 sec this turn | 300 sec total | 5 sec grace\n|\n|t:|1783551039\n|switch|p2a: Toxapex|Toxapex, L82, M|119/216\n|turn|31\n|inactive|Time left: 300 sec this turn | 300 sec total\n|\n|t:|1783551040\n|move|p1a: Ceruledge|Poltergeist|p2a: Toxapex\n|-activate|p2a: Toxapex|move: Poltergeist|Rocky Helmet\n|-damage|p2a: Toxapex|0 fnt\n|faint|p2a: Toxapex\n|\n|win|p0x9596cad", "uploadtime": 1783551040, "views": 0, "rating": 0, "private": 0, "password": null, "_winner": "p0x9596cad", "_our_name": "p0y95971f9"}