{"id": "battle-gen9randombattle-964", "formatid": "gen9randombattle", "format": "[Gen 9] Random Battle", "players": ["p0x964b201", "p0y9643f1e"], "log": "|init|battle\n|title|p0x964b201 vs. p0y9643f1e\n|j|\u2606p0x964b201\n|j|\u2606p0y9643f1e\n|t:|1783551072\n|gametype|singles\n|player|p1|p0x964b201|2|\n|player|p2|p0y9643f1e|102|\n|gen|9\n|tier|[Gen 9] Random Battle\n|rule|Species Clause: Limit one of each Pok\u00e9mon\n|rule|HP Percentage Mod: HP is shown in percentages\n|rule|Sleep Clause Mod: Limit one foe put to sleep\n|rule|Illusion Level Mod: Illusion disguises the Pok\u00e9mon's true level\n|\n|t:|1783551072\n|teamsize|p1|6\n|teamsize|p2|6\n|start\n|switch|p1a: Basculin|Basculin-Blue-Striped, L86, F|261/261\n|switch|p2a: Heracross|Heracross, L80, M|100/100\n|turn|1\n|inactive|Battle timer is ON: inactive players will automatically lose when time's up. (requested by p0x964b201)\n|inactive|p0y9643f1e also wants the timer to be on.\n|\n|t:|1783551074\n|switch|p2a: Salamence|Salamence, L77, M|100/100\n|-ability|p2a: Salamence|Intimidate|boost\n|-unboost|p1a: Basculin|atk|1\n|move|p1a: Basculin|Wave Crash|p2a: Salamence\n|-resisted|p2a: Salamence\n|-damage|p2a: Salamence|62/100\n|-damage|p1a: Basculin|226/261|[from] Recoil\n|\n|upkeep\n|turn|2\n|inactive|Time left: 300 sec this turn | 300 sec total\n|\n|t:|1783551075\n|move|p1a: Basculin|Wave Crash|p2a: Salamence\n|-resisted|p2a: Salamence\n|-damage|p2a: Salamence|24/100\n|-damage|p1a: Basculin|192/261|[from] Recoil\n|move|p2a: Salamence|Dragon Dance|p2a: Salamence\n|-boost|p2a: Salamence|atk|1\n|-boost|p2a: Salamence|spe|1\n|\n|upkeep\n|turn|3\n|inactive|Time left: 300 sec this turn | 300 sec total\n|\n|t:|1783551076\n|switch|p1a: Mightyena|Mightyena, L96, F|290/290\n|-ability|p1a: Mightyena|Intimidate|boost\n|-unboost|p2a: Salamence|atk|1\n|move|p2a: Salamence|Outrage|p1a: Mightyena\n|-damage|p1a: Mightyena|134/290\n|\n|upkeep\n|turn|4\n|inactive|Time left: 300 sec this turn | 300 sec total\n|\n|t:|1783551077\n|move|p1a: Mightyena|Sucker Punch|p2a: Salamence\n|-damage|p2a: Salamence|0 fnt\n|faint|p2a: Salamence\n|\n|upkeep\n|\n|t:|1783551078\n|switch|p2a: Heracross|Heracross, L80, M|100/100\n|turn|5\n|inactive|Time left: 300 sec this turn | 300 sec total\n|\n|t:|1783551079\n|-terastallize|p1a: Mightyena|Fairy\n|move|p1a: Mightyena|Play Rough|p2a: Heracross\n|-supereffective|p2a: Heracross\n|-damage|p2a: Heracross|0 fnt\n|faint|p2a: Heracross\n|\n|upkeep\n|\n|t:|1783551080\n|switch|p2a: Chi-Yu|Chi-Yu, L77|100/100\n|-ability|p2a: Chi-Yu|Beads of Ruin\n|turn|6\n|inactive|Time left: 300 sec this turn | 300 sec total\n|\n|t:|1783551081\n|move|p2a: Chi-Yu|Flamethrower|p1a: Mightyena\n|-damage|p1a: Mightyena|0 fnt\n|faint|p1a: Mightyena\n|\n|upkeep\n|inactive|Time left: 300 sec this turn | 300 sec total | 5 sec grace\n|\n|t:|1783551082\n|switch|p1a: Basculin|Basculin-Blue-Striped, L86, F|192/261\n|turn|7\n|inactive|Time left: 300 sec this turn | 300 sec total\n|\n|t:|1783551083\n|switch|p2a: Zamazenta|Zamazenta, L71|100/100\n|-ability|p2a: Zamazenta|Dauntless Shield|boost\n|-boost|p2a: Zamazenta|def|1\n|move|p1a: Basculin|Wave Crash|p2a: Zamazenta\n|-damage|p2a: Zamazenta|35/100\n|-damage|p1a: Basculin|139/261|[from] Recoil\n|\n|upkeep\n|turn|8\n|inactive|Time left: 300 sec this turn | 300 sec total\n|\n|t:|1783551084\n|switch|p1a: Vikavolt|Vikavolt, L83, M|263/263\n|move|p2a: Zamazenta|Close Combat|p1a: Vikavolt\n|-resisted|p1a: Vikavolt\n|-damage|p1a: Vikavolt|184/263\n|-unboost|p2a: Zamazenta|def|1\n|-unboost|p2a: Zamazenta|spd|1\n|\n|upkeep\n|turn|9\n|inactive|Time left: 300 sec this turn | 300 sec total\n|\n|t:|1783551086\n|switch|p2a: Chi-Yu|Chi-Yu, L77|100/100\n|-ability|p2a: Chi-Yu|Beads of Ruin\n|move|p1a: Vikavolt|Sticky Web|p2a: Chi-Yu\n|-sidestart|p2: p0y9643f1e|move: Sticky Web\n|\n|upkeep\n|turn|10\n|inactive|Time left: 300 sec this turn | 300 sec total\n|\n|t:|1783551087\n|switch|p1a: Garganacl|Garganacl, L80, M|291/291\n|move|p2a: Chi-Yu|Dark Pulse|p1a: Garganacl\n|-damage|p1a: Garganacl|84/291\n|\n|-heal|p1a: Garganacl|102/291|[from] item: Leftovers\n|upkeep\n|turn|11\n|inactive|Time left: 300 sec this turn | 300 sec total\n|\n|t:|1783551088\n|switch|p1a: Umbreon|Umbreon, L84, F|297/297\n|move|p2a: Chi-Yu|Dark Pulse|p1a: Umbreon\n|-resisted|p1a: Umbreon\n|-damage|p1a: Umbreon|228/297\n|\n|-heal|p1a: Umbreon|246/297|[from] item: Leftovers\n|upkeep\n|turn|12\n|inactive|Time left: 300 sec this turn | 300 sec total\n|\n|t:|1783551089\n|move|p2a: Chi-Yu|Dark Pulse|p1a: Umbreon\n|-resisted|p1a: Umbreon\n|-damage|p1a: Umbreon|173/297\n|move|p1a: Umbreon|Toxic|p2a: Chi-Yu\n|-status|p2a: Chi-Yu|tox\n|\n|-heal|p1a: Umbreon|191/297|[from] item: Leftovers\n|-damage|p2a: Chi-Yu|94/100 tox|[from] psn\n|upkeep\n|turn|13\n|inactive|Time left: 300 sec this turn | 300 sec total\n|\n|t:|1783551090\n|move|p2a: Chi-Yu|Dark Pulse|p1a: Umbreon\n|-resisted|p1a: Umbreon\n|-damage|p1a: Umbreon|128/297\n|move|p1a: Umbreon|Wish|p1a: Umbreon\n|\n|-heal|p1a: Umbreon|146/297|[from] item: Leftovers\n|-damage|p2a: Chi-Yu|82/100 tox|[from] psn\n|upkeep\n|turn|14\n|inactive|Time left: 300 sec this turn | 300 sec total\n|\n|t:|1783551091\n|move|p2a: Chi-Yu|Dark Pulse|p1a: Umbreon\n|-resisted|p1a: Umbreon\n|-damage|p1a: Umbreon|79/297\n|move|p1a: Umbreon|Foul Play|p2a: Chi-Yu\n|-resisted|p2a: Chi-Yu\n|-damage|p2a: Chi-Yu|66/100 tox\n|\n|-heal|p1a: Umbreon|227/297|[from] move: Wish|[wisher] Umbreon\n|-heal|p1a: Umbreon|245/297|[from] item: Leftovers\n|-damage|p2a: Chi-Yu|48/100 tox|[from] psn\n|upkeep\n|turn|15\n|inactive|Time left: 300 sec this turn | 300 sec total\n|\n|t:|1783551092\n|move|p2a: Chi-Yu|Dark Pulse|p1a: Umbreon\n|-resisted|p1a: Umbreon\n|-damage|p1a: Umbreon|181/297\n|move|p1a: Umbreon|Wish|p1a: Umbreon\n|\n|-heal|p1a: Umbreon|199/297|[from] item: Leftovers\n|-damage|p2a: Chi-Yu|23/100 tox|[from] psn\n|upkeep\n|turn|16\n|inactive|Time left: 300 sec this turn | 300 sec total\n|\n|t:|1783551093\n|move|p2a: Chi-Yu|Dark Pulse|p1a: Umbreon\n|-resisted|p1a: Umbreon\n|-damage|p1a: Umbreon|136/297\n|move|p1a: Umbreon|Foul Play|p2a: Chi-Yu\n|-resisted|p2a: Chi-Yu\n|-damage|p2a: Chi-Yu|6/100 tox\n|\n|-heal|p1a: Umbreon|284/297|[from] move: Wish|[wisher] Umbreon\n|-heal|p1a: Umbreon|297/297|[from] item: Leftovers\n|-damage|p2a: Chi-Yu|0 fnt|[from] psn\n|faint|p2a: Chi-Yu\n|upkeep\n|\n|t:|1783551094\n|switch|p2a: Copperajah|Copperajah, L86, M|100/100\n|-activate|p2a: Copperajah|move: Sticky Web\n|-unboost|p2a: Copperajah|spe|1\n|turn|17\n|inactive|Time left: 300 sec this turn | 300 sec total\n|\n|t:|1783551095\n|move|p1a: Umbreon|Foul Play|p2a: Copperajah\n|-damage|p2a: Copperajah|53/100\n|move|p2a: Copperajah|Heavy Slam|p1a: Umbreon\n|-damage|p1a: Umbreon|96/297\n|\n|-heal|p1a: Umbreon|114/297|[from] item: Leftovers\n|upkeep\n|turn|18\n|inactive|Time left: 300 sec this turn | 300 sec total\n|\n|t:|1783551095\n|move|p1a: Umbreon|Foul Play|p2a: Copperajah\n|-damage|p2a: Copperajah|9/100\n|move|p2a: Copperajah|Heavy Slam|p1a: Umbreon\n|-damage|p1a: Umbreon|0 fnt\n|faint|p1a: Umbreon\n|\n|upkeep\n|inactive|Time left: 300 sec this turn | 300 sec total | 5 sec grace\n|\n|t:|1783551096\n|switch|p1a: Basculin|Basculin-Blue-Striped, L86, F|139/261\n|turn|19\n|inactive|Time left: 300 sec this turn | 300 sec total\n|\n|t:|1783551097\n|move|p1a: Basculin|Wave Crash|p2a: Copperajah\n|-crit|p2a: Copperajah\n|-damage|p2a: Copperajah|0 fnt\n|faint|p2a: Copperajah\n|-damage|p1a: Basculin|130/261|[from] Recoil\n|\n|upkeep\n|\n|t:|1783551098\n|switch|p2a: Eelektross|Eelektross, L87, F|100/100\n|turn|20\n|inactive|Time left: 300 sec this turn | 300 sec total\n|\n|t:|1783551099\n|move|p1a: Basculin|Wave Crash|p2a: Eelektross\n|-damage|p2a: Eelektross|15/100\n|-damage|p1a: Basculin|48/261|[from] Recoil\n|move|p2a: Eelektross|Supercell Slam|p1a: Basculin\n|-supereffective|p1a: Basculin\n|-damage|p1a: Basculin|0 fnt\n|faint|p1a: Basculin\n|\n|-heal|p2a: Eelektross|21/100|[from] item: Leftovers\n|upkeep\n|inactive|Time left: 300 sec this turn | 300 sec total | 5 sec grace\n|\n|t:|1783551099\n|switch|p1a: Electrode|Electrode, L92|260/260\n|turn|21\n|inactive|Time left: 300 sec this turn | 300 sec total\n|\n|t:|1783551100\n|switch|p2a: Zamazenta|Zamazenta, L71|35/100\n|-activate|p2a: Zamazenta|move: Sticky Web\n|-unboost|p2a: Zamazenta|spe|1\n|move|p1a: Electrode|Thunderbolt|p2a: Zamazenta\n|-damage|p2a: Zamazenta|0 fnt\n|faint|p2a: Zamazenta\n|-damage|p1a: Electrode|234/260|[from] item: Life Orb\n|\n|upkeep\n|\n|t:|1783551101\n|switch|p2a: Eelektross|Eelektross, L87, F|21/100\n|turn|22\n|inactive|Time left: 300 sec this turn | 300 sec total\n|\n|t:|1783551102\n|-terastallize|p2a: Eelektross|Fighting\n|move|p1a: Electrode|Thunderbolt|p2a: Eelektross\n|-damage|p2a: Eelektross|0 fnt\n|faint|p2a: Eelektross\n|-damage|p1a: Electrode|208/260|[from] item: Life Orb\n|\n|win|p0x964b201", "uploadtime": 1783551102, "views": 0, "rating": 0, "private": 0, "password": null, "_winner": "p0x964b201", "_our_name": "p0x964b201"}