{"id": "battle-gen9randombattle-2452", "formatid": "gen9randombattle", "format": "[Gen 9] Random Battle", "players": ["p0x2452c013", "p0y24525ba8"], "log": "|init|battle\n|title|p0x2452c013 vs. p0y24525ba8\n|j|\u2606p0x2452c013\n|j|\u2606p0y24525ba8\n|t:|1783568434\n|gametype|singles\n|player|p1|p0x2452c013|1|\n|player|p2|p0y24525ba8|1|\n|gen|9\n|tier|[Gen 9] Random Battle\n|rule|Species Clause: Limit one of each Pok\u00e9mon\n|rule|HP Percentage Mod: HP is shown in percentages\n|rule|Sleep Clause Mod: Limit one foe put to sleep\n|rule|Illusion Level Mod: Illusion disguises the Pok\u00e9mon's true level\n|\n|t:|1783568434\n|teamsize|p1|6\n|teamsize|p2|6\n|start\n|switch|p1a: Staraptor|Staraptor, L79, M|100/100\n|switch|p2a: Misdreavus|Misdreavus, L90, M|254/254\n|turn|1\n|inactive|Battle timer is ON: inactive players will automatically lose when time's up. (requested by p0y24525ba8)\n|inactive|p0x2452c013 also wants the timer to be on.\n|\n|t:|1783568436\n|move|p1a: Staraptor|Brave Bird|p2a: Misdreavus\n|-damage|p2a: Misdreavus|116/254\n|-damage|p1a: Staraptor|83/100|[from] Recoil\n|move|p2a: Misdreavus|Will-O-Wisp|p1a: Staraptor|[miss]\n|-miss|p2a: Misdreavus|p1a: Staraptor\n|\n|upkeep\n|turn|2\n|inactive|Time left: 300 sec this turn | 300 sec total\n|\n|t:|1783568437\n|switch|p2a: Magcargo|Magcargo, L95, M|268/268\n|move|p1a: Staraptor|Brave Bird|p2a: Magcargo\n|-resisted|p2a: Magcargo\n|-damage|p2a: Magcargo|210/268\n|-status|p1a: Staraptor|brn|[from] ability: Flame Body|[of] p2a: Magcargo\n|-damage|p1a: Staraptor|76/100 brn|[from] Recoil\n|\n|-damage|p1a: Staraptor|70/100 brn|[from] brn\n|upkeep\n|turn|3\n|inactive|Time left: 300 sec this turn | 300 sec total\n|\n|t:|1783568438\n|switch|p1a: Ludicolo|Ludicolo, L90, F|100/100\n|move|p2a: Magcargo|Recover|p2a: Magcargo\n|-heal|p2a: Magcargo|268/268\n|\n|upkeep\n|turn|4\n|inactive|Time left: 300 sec this turn | 300 sec total\n|\n|t:|1783568439\n|move|p1a: Ludicolo|Hydro Pump|p2a: Magcargo\n|-supereffective|p2a: Magcargo\n|-damage|p2a: Magcargo|0 fnt\n|faint|p2a: Magcargo\n|\n|upkeep\n|inactive|Time left: 300 sec this turn | 300 sec total | 5 sec grace\n|\n|t:|1783568440\n|switch|p2a: Zekrom|Zekrom, L71|259/259\n|-ability|p2a: Zekrom|Teravolt\n|turn|5\n|inactive|Time left: 300 sec this turn | 300 sec total\n|\n|t:|1783568441\n|move|p1a: Ludicolo|Hydro Pump|p2a: Zekrom\n|-resisted|p2a: Zekrom\n|-damage|p2a: Zekrom|158/259\n|move|p2a: Zekrom|Dragon Dance|p2a: Zekrom\n|-boost|p2a: Zekrom|atk|1\n|-boost|p2a: Zekrom|spe|1\n|\n|-heal|p2a: Zekrom|174/259|[from] item: Leftovers\n|upkeep\n|turn|6\n|inactive|Time left: 300 sec this turn | 300 sec total\n|\n|t:|1783568442\n|switch|p1a: Ting-Lu|Ting-Lu, L78|100/100\n|-ability|p1a: Ting-Lu|Vessel of Ruin\n|move|p2a: Zekrom|Outrage|p1a: Ting-Lu\n|-damage|p1a: Ting-Lu|58/100\n|\n|-heal|p2a: Zekrom|190/259|[from] item: Leftovers\n|-heal|p1a: Ting-Lu|64/100|[from] item: Leftovers\n|upkeep\n|turn|7\n|inactive|Time left: 300 sec this turn | 300 sec total\n|\n|t:|1783568443\n|move|p2a: Zekrom|Outrage|p1a: Ting-Lu|[from] lockedmove\n|-damage|p1a: Ting-Lu|23/100\n|-start|p2a: Zekrom|confusion|[fatigue]\n|move|p1a: Ting-Lu|Earthquake|p2a: Zekrom\n|-supereffective|p2a: Zekrom\n|-damage|p2a: Zekrom|0 fnt\n|faint|p2a: Zekrom\n|\n|-heal|p1a: Ting-Lu|29/100|[from] item: Leftovers\n|upkeep\n|inactive|Time left: 300 sec this turn | 300 sec total | 5 sec grace\n|\n|t:|1783568444\n|switch|p2a: Piloswine|Piloswine, L85, F|309/309\n|turn|8\n|inactive|Time left: 300 sec this turn | 300 sec total\n|\n|t:|1783568445\n|switch|p1a: Ludicolo|Ludicolo, L90, F|100/100\n|move|p2a: Piloswine|Icicle Crash|p1a: Ludicolo\n|-damage|p1a: Ludicolo|64/100\n|\n|upkeep\n|turn|9\n|inactive|Time left: 300 sec this turn | 300 sec total\n|\n|t:|1783568446\n|-terastallize|p2a: Piloswine|Poison\n|move|p1a: Ludicolo|Hydro Pump|p2a: Piloswine\n|-damage|p2a: Piloswine|143/309\n|move|p2a: Piloswine|Stealth Rock|p1a: Ludicolo\n|-sidestart|p1: p0x2452c013|move: Stealth Rock\n|\n|upkeep\n|turn|10\n|inactive|Time left: 300 sec this turn | 300 sec total\n|\n|t:|1783568447\n|move|p1a: Ludicolo|Hydro Pump|p2a: Piloswine\n|-damage|p2a: Piloswine|0 fnt\n|faint|p2a: Piloswine\n|\n|upkeep\n|inactive|Time left: 300 sec this turn | 300 sec total | 5 sec grace\n|\n|t:|1783568448\n|switch|p2a: Pawmot|Pawmot, L80, M|243/243\n|turn|11\n|inactive|Time left: 300 sec this turn | 300 sec total\n|\n|t:|1783568449\n|move|p2a: Pawmot|Close Combat|p1a: Ludicolo\n|-damage|p1a: Ludicolo|0 fnt\n|-unboost|p2a: Pawmot|def|1\n|-unboost|p2a: Pawmot|spd|1\n|faint|p1a: Ludicolo\n|-damage|p2a: Pawmot|219/243|[from] item: Life Orb\n|\n|upkeep\n|\n|t:|1783568450\n|switch|p1a: Staraptor|Staraptor, L79, M|70/100 brn\n|-damage|p1a: Staraptor|45/100 brn|[from] Stealth Rock\n|turn|12\n|inactive|Time left: 300 sec this turn | 300 sec total\n|\n|t:|1783568451\n|switch|p2a: Misdreavus|Misdreavus, L90, M|116/254\n|move|p1a: Staraptor|Brave Bird|p2a: Misdreavus\n|-damage|p2a: Misdreavus|53/254\n|-damage|p1a: Staraptor|37/100 brn|[from] Recoil\n|\n|-damage|p1a: Staraptor|31/100 brn|[from] brn\n|upkeep\n|turn|13\n|inactive|Time left: 300 sec this turn | 300 sec total\n|\n|t:|1783568452\n|switch|p2a: Chimecho|Chimecho, L93, F|290/290\n|move|p1a: Staraptor|Brave Bird|p2a: Chimecho\n|-damage|p2a: Chimecho|215/290\n|-damage|p1a: Staraptor|21/100 brn|[from] Recoil\n|\n|-heal|p2a: Chimecho|233/290|[from] item: Leftovers\n|-damage|p1a: Staraptor|15/100 brn|[from] brn\n|upkeep\n|turn|14\n|inactive|Time left: 300 sec this turn | 300 sec total\n|\n|t:|1783568453\n|move|p1a: Staraptor|Brave Bird|p2a: Chimecho\n|-damage|p2a: Chimecho|159/290\n|-damage|p1a: Staraptor|6/100 brn|[from] Recoil\n|move|p2a: Chimecho|Recover|p2a: Chimecho\n|-heal|p2a: Chimecho|290/290\n|\n|-damage|p1a: Staraptor|0 fnt|[from] brn\n|faint|p1a: Staraptor\n|upkeep\n|\n|t:|1783568454\n|switch|p1a: Ting-Lu|Ting-Lu, L78|29/100\n|-damage|p1a: Ting-Lu|23/100|[from] Stealth Rock\n|-ability|p1a: Ting-Lu|Vessel of Ruin\n|turn|15\n|inactive|Time left: 300 sec this turn | 300 sec total\n|\n|t:|1783568455\n|move|p2a: Chimecho|Knock Off|p1a: Ting-Lu\n|-resisted|p1a: Ting-Lu\n|-damage|p1a: Ting-Lu|18/100\n|-enditem|p1a: Ting-Lu|Leftovers|[from] move: Knock Off|[of] p2a: Chimecho\n|move|p1a: Ting-Lu|Payback|p2a: Chimecho\n|-supereffective|p2a: Chimecho\n|-damage|p2a: Chimecho|80/290\n|\n|-heal|p2a: Chimecho|98/290|[from] item: Leftovers\n|upkeep\n|turn|16\n|inactive|Time left: 300 sec this turn | 300 sec total\n|\n|t:|1783568456\n|move|p2a: Chimecho|Recover|p2a: Chimecho\n|-heal|p2a: Chimecho|243/290\n|move|p1a: Ting-Lu|Payback|p2a: Chimecho\n|-supereffective|p2a: Chimecho\n|-damage|p2a: Chimecho|45/290\n|\n|-heal|p2a: Chimecho|63/290|[from] item: Leftovers\n|upkeep\n|turn|17\n|inactive|Time left: 300 sec this turn | 300 sec total\n|\n|t:|1783568457\n|move|p2a: Chimecho|Recover|p2a: Chimecho\n|-heal|p2a: Chimecho|208/290\n|move|p1a: Ting-Lu|Payback|p2a: Chimecho\n|-supereffective|p2a: Chimecho\n|-damage|p2a: Chimecho|2/290\n|\n|-heal|p2a: Chimecho|20/290|[from] item: Leftovers\n|upkeep\n|turn|18\n|inactive|Time left: 300 sec this turn | 300 sec total\n|\n|t:|1783568458\n|move|p2a: Chimecho|Recover|p2a: Chimecho\n|-heal|p2a: Chimecho|165/290\n|move|p1a: Ting-Lu|Payback|p2a: Chimecho\n|-supereffective|p2a: Chimecho\n|-damage|p2a: Chimecho|0 fnt\n|faint|p2a: Chimecho\n|\n|upkeep\n|inactive|Time left: 300 sec this turn | 300 sec total | 5 sec grace\n|\n|t:|1783568459\n|switch|p2a: Pawmot|Pawmot, L80, M|219/243\n|turn|19\n|inactive|Time left: 300 sec this turn | 300 sec total\n|\n|t:|1783568460\n|move|p2a: Pawmot|Ice Punch|p1a: Ting-Lu\n|-supereffective|p1a: Ting-Lu\n|-damage|p1a: Ting-Lu|0 fnt\n|faint|p1a: Ting-Lu\n|-damage|p2a: Pawmot|195/243|[from] item: Life Orb\n|\n|upkeep\n|\n|t:|1783568461\n|switch|p1a: Annihilape|Annihilape, L76, F|100/100\n|-damage|p1a: Annihilape|94/100|[from] Stealth Rock\n|turn|20\n|inactive|Time left: 300 sec this turn | 300 sec total\n|\n|t:|1783568462\n|move|p2a: Pawmot|Double Shock|p1a: Annihilape\n|-damage|p1a: Annihilape|21/100\n|-start|p2a: Pawmot|typechange|???/Fighting|[from] move: Double Shock\n|-damage|p2a: Pawmot|171/243|[from] item: Life Orb\n|move|p1a: Annihilape|Drain Punch|p2a: Pawmot\n|-damage|p2a: Pawmot|84/243\n|-heal|p1a: Annihilape|36/100|[from] drain|[of] p2a: Pawmot\n|\n|upkeep\n|turn|21\n|inactive|Time left: 300 sec this turn | 300 sec total\n|\n|t:|1783568463\n|move|p2a: Pawmot|Ice Punch|p1a: Annihilape\n|-damage|p1a: Annihilape|3/100\n|-damage|p2a: Pawmot|60/243|[from] item: Life Orb\n|move|p1a: Annihilape|Rage Fist|p2a: Pawmot\n|-damage|p2a: Pawmot|0 fnt\n|faint|p2a: Pawmot\n|\n|upkeep\n|inactive|Time left: 300 sec this turn | 300 sec total | 5 sec grace\n|\n|t:|1783568464\n|switch|p2a: Misdreavus|Misdreavus, L90, M|53/254\n|turn|22\n|inactive|Time left: 300 sec this turn | 300 sec total\n|\n|t:|1783568465\n|-terastallize|p1a: Annihilape|Fairy\n|move|p2a: Misdreavus|Draining Kiss|p1a: Annihilape\n|-damage|p1a: Annihilape|0 fnt\n|-heal|p2a: Misdreavus|58/254|[from] drain|[of] p1a: Annihilape\n|faint|p1a: Annihilape\n|\n|upkeep\n|\n|t:|1783568466\n|switch|p1a: Bombirdier|Bombirdier, L85, F|100/100\n|turn|23\n|inactive|Time left: 300 sec this turn | 300 sec total\n|\n|t:|1783568466\n|move|p2a: Misdreavus|Will-O-Wisp|p1a: Bombirdier\n|-status|p1a: Bombirdier|brn\n|move|p1a: Bombirdier|Knock Off|p2a: Misdreavus\n|-supereffective|p2a: Misdreavus\n|-damage|p2a: Misdreavus|0 fnt\n|-enditem|p2a: Misdreavus|Eviolite|[from] move: Knock Off|[of] p1a: Bombirdier\n|faint|p2a: Misdreavus\n|\n|win|p0x2452c013", "uploadtime": 1783568467, "views": 0, "rating": 0, "private": 0, "password": null, "_winner": "p0x2452c013", "_our_name": "p0y24525ba8"}