{"id": "battle-gen9randombattle-2387", "formatid": "gen9randombattle", "format": "[Gen 9] Random Battle", "players": ["p0x2387f62a", "p0y2387d3e0"], "log": "|init|battle\n|title|p0x2387f62a vs. p0y2387d3e0\n|j|\u2606p0x2387f62a\n|j|\u2606p0y2387d3e0\n|t:|1783566678\n|gametype|singles\n|player|p1|p0x2387f62a|170|\n|player|p2|p0y2387d3e0|169|\n|gen|9\n|tier|[Gen 9] Random Battle\n|rule|Species Clause: Limit one of each Pok\u00e9mon\n|rule|HP Percentage Mod: HP is shown in percentages\n|rule|Sleep Clause Mod: Limit one foe put to sleep\n|rule|Illusion Level Mod: Illusion disguises the Pok\u00e9mon's true level\n|\n|t:|1783566678\n|teamsize|p1|6\n|teamsize|p2|6\n|start\n|switch|p1a: Kleavor|Kleavor, L78, M|237/237\n|switch|p2a: Skarmory|Skarmory, L80, F|100/100\n|turn|1\n|inactive|Battle timer is ON: inactive players will automatically lose when time's up. (requested by p0x2387f62a)\n|inactive|p0y2387d3e0 also wants the timer to be on.\n|\n|t:|1783566680\n|move|p1a: Kleavor|Stone Axe|p2a: Skarmory\n|-damage|p2a: Skarmory|62/100\n|-sidestart|p2: p0y2387d3e0|move: Stealth Rock\n|move|p2a: Skarmory|Brave Bird|p1a: Kleavor\n|-damage|p1a: Kleavor|128/237\n|-damage|p2a: Skarmory|46/100|[from] Recoil\n|\n|-heal|p2a: Skarmory|52/100|[from] item: Leftovers\n|upkeep\n|turn|2\n|inactive|Time left: 300 sec this turn | 300 sec total\n|\n|t:|1783566681\n|move|p1a: Kleavor|Stone Axe|p2a: Skarmory\n|-damage|p2a: Skarmory|19/100\n|move|p2a: Skarmory|Roost|p2a: Skarmory\n|-heal|p2a: Skarmory|69/100\n|-singleturn|p2a: Skarmory|move: Roost\n|\n|-heal|p2a: Skarmory|75/100|[from] item: Leftovers\n|upkeep\n|turn|3\n|inactive|Time left: 300 sec this turn | 300 sec total\n|\n|t:|1783566682\n|switch|p1a: Golem|Golem, L87, M|281/281\n|move|p2a: Skarmory|Brave Bird|p1a: Golem\n|-resisted|p1a: Golem\n|-damage|p1a: Golem|242/281\n|-damage|p2a: Skarmory|69/100|[from] Recoil\n|\n|-heal|p2a: Skarmory|75/100|[from] item: Leftovers\n|upkeep\n|turn|4\n|inactive|Time left: 300 sec this turn | 300 sec total\n|\n|t:|1783566684\n|move|p2a: Skarmory|Iron Defense|p2a: Skarmory\n|-boost|p2a: Skarmory|def|2\n|move|p1a: Golem|Stone Edge|p2a: Skarmory\n|-damage|p2a: Skarmory|55/100\n|\n|-heal|p2a: Skarmory|61/100|[from] item: Leftovers\n|upkeep\n|turn|5\n|inactive|Time left: 300 sec this turn | 300 sec total\n|\n|t:|1783566685\n|switch|p1a: Spidops|Spidops, L96, F|271/271\n|move|p2a: Skarmory|Body Press|p1a: Spidops\n|-resisted|p1a: Spidops\n|-damage|p1a: Spidops|216/271\n|\n|-heal|p2a: Skarmory|67/100|[from] item: Leftovers\n|upkeep\n|turn|6\n|inactive|Time left: 300 sec this turn | 300 sec total\n|\n|t:|1783566686\n|move|p2a: Skarmory|Brave Bird|p1a: Spidops\n|-supereffective|p1a: Spidops\n|-damage|p1a: Spidops|40/271\n|-damage|p2a: Skarmory|42/100|[from] Recoil\n|move|p1a: Spidops|Sticky Web|p2a: Skarmory\n|-sidestart|p2: p0y2387d3e0|move: Sticky Web\n|\n|-heal|p2a: Skarmory|48/100|[from] item: Leftovers\n|upkeep\n|turn|7\n|inactive|Time left: 300 sec this turn | 300 sec total\n|\n|t:|1783566687\n|switch|p1a: Raikou|Raikou, L81|278/278\n|-ability|p1a: Raikou|Pressure\n|move|p2a: Skarmory|Brave Bird|p1a: Raikou\n|-resisted|p1a: Raikou\n|-damage|p1a: Raikou|220/278\n|-damage|p2a: Skarmory|40/100|[from] Recoil\n|\n|-heal|p2a: Skarmory|46/100|[from] item: Leftovers\n|upkeep\n|turn|8\n|inactive|Time left: 300 sec this turn | 300 sec total\n|\n|t:|1783566688\n|switch|p2a: Shaymin|Shaymin, L82|100/100\n|-damage|p2a: Shaymin|88/100|[from] Stealth Rock\n|-activate|p2a: Shaymin|move: Sticky Web\n|-unboost|p2a: Shaymin|spe|1\n|move|p1a: Raikou|Thunderbolt|p2a: Shaymin\n|-resisted|p2a: Shaymin\n|-damage|p2a: Shaymin|74/100\n|\n|-heal|p2a: Shaymin|80/100|[from] item: Leftovers\n|upkeep\n|turn|9\n|inactive|Time left: 300 sec this turn | 300 sec total\n|\n|t:|1783566690\n|move|p1a: Raikou|Calm Mind|p1a: Raikou\n|-boost|p1a: Raikou|spa|1\n|-boost|p1a: Raikou|spd|1\n|move|p2a: Shaymin|Seed Flare|p1a: Raikou\n|-damage|p1a: Raikou|141/278\n|\n|-heal|p2a: Shaymin|86/100|[from] item: Leftovers\n|upkeep\n|turn|10\n|inactive|Time left: 300 sec this turn | 300 sec total\n|\n|t:|1783566691\n|move|p1a: Raikou|Calm Mind|p1a: Raikou\n|-boost|p1a: Raikou|spa|1\n|-boost|p1a: Raikou|spd|1\n|move|p2a: Shaymin|Seed Flare|p1a: Raikou\n|-damage|p1a: Raikou|84/278\n|\n|-heal|p2a: Shaymin|92/100|[from] item: Leftovers\n|upkeep\n|turn|11\n|inactive|Time left: 300 sec this turn | 300 sec total\n|\n|t:|1783566692\n|move|p1a: Raikou|Thunderbolt|p2a: Shaymin\n|-resisted|p2a: Shaymin\n|-damage|p2a: Shaymin|59/100\n|-status|p2a: Shaymin|par\n|move|p2a: Shaymin|Seed Flare|p1a: Raikou\n|-damage|p1a: Raikou|26/278\n|\n|-heal|p2a: Shaymin|65/100 par|[from] item: Leftovers\n|upkeep\n|turn|12\n|inactive|Time left: 300 sec this turn | 300 sec total\n|\n|t:|1783566693\n|move|p1a: Raikou|Thunderbolt|p2a: Shaymin\n|-resisted|p2a: Shaymin\n|-damage|p2a: Shaymin|34/100 par\n|move|p2a: Shaymin|Earth Power|p1a: Raikou\n|-supereffective|p1a: Raikou\n|-damage|p1a: Raikou|0 fnt\n|faint|p1a: Raikou\n|\n|-heal|p2a: Shaymin|40/100 par|[from] item: Leftovers\n|upkeep\n|inactive|Time left: 300 sec this turn | 300 sec total | 5 sec grace\n|\n|t:|1783566694\n|switch|p1a: Hitmonlee|Hitmonlee, L85, M|224/224\n|turn|13\n|inactive|Time left: 300 sec this turn | 300 sec total\n|\n|t:|1783566695\n|move|p1a: Hitmonlee|Close Combat|p2a: Shaymin\n|-damage|p2a: Shaymin|0 fnt\n|-unboost|p1a: Hitmonlee|def|1\n|-unboost|p1a: Hitmonlee|spd|1\n|faint|p2a: Shaymin\n|-enditem|p1a: Hitmonlee|White Herb\n|-clearnegativeboost|p1a: Hitmonlee|[silent]\n|\n|upkeep\n|\n|t:|1783566696\n|switch|p2a: Dunsparce|Dunsparce, L86, M|100/100\n|-damage|p2a: Dunsparce|88/100|[from] Stealth Rock\n|-activate|p2a: Dunsparce|move: Sticky Web\n|-unboost|p2a: Dunsparce|spe|1\n|turn|14\n|inactive|Time left: 300 sec this turn | 300 sec total\n|\n|t:|1783566697\n|move|p1a: Hitmonlee|Swords Dance|p1a: Hitmonlee\n|-boost|p1a: Hitmonlee|atk|2\n|move|p2a: Dunsparce|Body Slam|p1a: Hitmonlee\n|-damage|p1a: Hitmonlee|115/224\n|-status|p1a: Hitmonlee|par\n|\n|upkeep\n|turn|15\n|inactive|Time left: 300 sec this turn | 300 sec total\n|\n|t:|1783566698\n|-terastallize|p2a: Dunsparce|Ground\n|cant|p1a: Hitmonlee|par\n|move|p2a: Dunsparce|Earthquake|p1a: Hitmonlee\n|-damage|p1a: Hitmonlee|0 fnt\n|faint|p1a: Hitmonlee\n|\n|upkeep\n|inactive|Time left: 300 sec this turn | 300 sec total | 5 sec grace\n|\n|t:|1783566699\n|switch|p1a: Venusaur|Venusaur, L84, F|272/272\n|turn|16\n|inactive|Time left: 300 sec this turn | 300 sec total\n|\n|t:|1783566700\n|move|p1a: Venusaur|Energy Ball|p2a: Dunsparce\n|-supereffective|p2a: Dunsparce\n|-crit|p2a: Dunsparce\n|-damage|p2a: Dunsparce|11/100\n|move|p2a: Dunsparce|Coil|p2a: Dunsparce\n|-boost|p2a: Dunsparce|atk|1\n|-boost|p2a: Dunsparce|def|1\n|-boost|p2a: Dunsparce|accuracy|1\n|\n|upkeep\n|turn|17\n|inactive|Time left: 300 sec this turn | 300 sec total\n|\n|t:|1783566701\n|move|p1a: Venusaur|Energy Ball|p2a: Dunsparce\n|-supereffective|p2a: Dunsparce\n|-damage|p2a: Dunsparce|0 fnt\n|faint|p2a: Dunsparce\n|\n|upkeep\n|\n|t:|1783566702\n|switch|p2a: Skarmory|Skarmory, L80, F|46/100\n|-damage|p2a: Skarmory|34/100|[from] Stealth Rock\n|turn|18\n|inactive|Time left: 300 sec this turn | 300 sec total\n|\n|t:|1783566703\n|move|p1a: Venusaur|Knock Off|p2a: Skarmory\n|-damage|p2a: Skarmory|16/100\n|-enditem|p2a: Skarmory|Leftovers|[from] move: Knock Off|[of] p1a: Venusaur\n|move|p2a: Skarmory|Roost|p2a: Skarmory\n|-heal|p2a: Skarmory|66/100\n|-singleturn|p2a: Skarmory|move: Roost\n|\n|upkeep\n|turn|19\n|inactive|Time left: 300 sec this turn | 300 sec total\n|\n|t:|1783566704\n|switch|p1a: Golem|Golem, L87, M|242/281\n|move|p2a: Skarmory|Roost|p2a: Skarmory\n|-heal|p2a: Skarmory|100/100\n|-singleturn|p2a: Skarmory|move: Roost\n|\n|upkeep\n|turn|20\n|inactive|Time left: 300 sec this turn | 300 sec total\n|\n|t:|1783566705\n|move|p2a: Skarmory|Iron Defense|p2a: Skarmory\n|-boost|p2a: Skarmory|def|2\n|move|p1a: Golem|Stone Edge|p2a: Skarmory|[miss]\n|-miss|p1a: Golem|p2a: Skarmory\n|\n|upkeep\n|turn|21\n|inactive|Time left: 300 sec this turn | 300 sec total\n|\n|t:|1783566706\n|move|p2a: Skarmory|Body Press|p1a: Golem\n|-supereffective|p1a: Golem\n|-damage|p1a: Golem|60/281\n|-enditem|p1a: Golem|Weakness Policy\n|-boost|p1a: Golem|atk|2|[from] item: Weakness Policy\n|-boost|p1a: Golem|spa|2|[from] item: Weakness Policy\n|move|p1a: Golem|Stone Edge|p2a: Skarmory\n|-damage|p2a: Skarmory|55/100\n|\n|upkeep\n|turn|22\n|inactive|Time left: 300 sec this turn | 300 sec total\n|\n|t:|1783566707\n|move|p2a: Skarmory|Body Press|p1a: Golem\n|-supereffective|p1a: Golem\n|-damage|p1a: Golem|0 fnt\n|faint|p1a: Golem\n|\n|upkeep\n|inactive|Time left: 300 sec this turn | 300 sec total | 5 sec grace\n|\n|t:|1783566708\n|switch|p1a: Spidops|Spidops, L96, F|40/271\n|turn|23\n|inactive|Time left: 300 sec this turn | 300 sec total\n|\n|t:|1783566709\n|switch|p1a: Venusaur|Venusaur, L84, F|272/272\n|move|p2a: Skarmory|Brave Bird|p1a: Venusaur\n|-supereffective|p1a: Venusaur\n|-damage|p1a: Venusaur|66/272\n|-damage|p2a: Skarmory|26/100|[from] Recoil\n|\n|-heal|p1a: Venusaur|83/272|[from] item: Leftovers\n|upkeep\n|turn|24\n|inactive|Time left: 300 sec this turn | 300 sec total\n|\n|t:|1783566710\n|move|p1a: Venusaur|Synthesis|p1a: Venusaur\n|-heal|p1a: Venusaur|219/272\n|move|p2a: Skarmory|Roost|p2a: Skarmory\n|-heal|p2a: Skarmory|77/100\n|-singleturn|p2a: Skarmory|move: Roost\n|\n|-heal|p1a: Venusaur|236/272|[from] item: Leftovers\n|upkeep\n|turn|25\n|inactive|Time left: 300 sec this turn | 300 sec total\n|\n|t:|1783566711\n|move|p1a: Venusaur|Synthesis|p1a: Venusaur\n|-heal|p1a: Venusaur|272/272\n|move|p2a: Skarmory|Brave Bird|p1a: Venusaur\n|-supereffective|p1a: Venusaur\n|-damage|p1a: Venusaur|68/272\n|-damage|p2a: Skarmory|48/100|[from] Recoil\n|\n|-heal|p1a: Venusaur|85/272|[from] item: Leftovers\n|upkeep\n|turn|26\n|inactive|Time left: 300 sec this turn | 300 sec total\n|\n|t:|1783566712\n|move|p1a: Venusaur|Synthesis|p1a: Venusaur\n|-heal|p1a: Venusaur|221/272\n|move|p2a: Skarmory|Roost|p2a: Skarmory\n|-heal|p2a: Skarmory|98/100\n|-singleturn|p2a: Skarmory|move: Roost\n|\n|-heal|p1a: Venusaur|238/272|[from] item: Leftovers\n|upkeep\n|turn|27\n|inactive|Time left: 300 sec this turn | 300 sec total\n|\n|t:|1783566713\n|move|p1a: Venusaur|Energy Ball|p2a: Skarmory\n|-resisted|p2a: Skarmory\n|-damage|p2a: Skarmory|86/100\n|move|p2a: Skarmory|Brave Bird|p1a: Venusaur\n|-supereffective|p1a: Venusaur\n|-damage|p1a: Venusaur|38/272\n|-damage|p2a: Skarmory|58/100|[from] Recoil\n|\n|-heal|p1a: Venusaur|55/272|[from] item: Leftovers\n|upkeep\n|turn|28\n|inactive|Time left: 300 sec this turn | 300 sec total\n|\n|t:|1783566715\n|move|p1a: Venusaur|Synthesis|p1a: Venusaur\n|-heal|p1a: Venusaur|191/272\n|move|p2a: Skarmory|Brave Bird|p1a: Venusaur\n|-supereffective|p1a: Venusaur\n|-damage|p1a: Venusaur|0 fnt\n|faint|p1a: Venusaur\n|-damage|p2a: Skarmory|31/100|[from] Recoil\n|\n|upkeep\n|inactive|Time left: 300 sec this turn | 300 sec total | 5 sec grace\n|\n|t:|1783566715\n|switch|p1a: Spidops|Spidops, L96, F|40/271\n|turn|29\n|inactive|Time left: 300 sec this turn | 300 sec total\n|\n|t:|1783566716\n|switch|p1a: Kleavor|Kleavor, L78, M|128/237\n|move|p2a: Skarmory|Roost|p2a: Skarmory\n|-heal|p2a: Skarmory|81/100\n|-singleturn|p2a: Skarmory|move: Roost\n|\n|upkeep\n|turn|30\n|inactive|Time left: 300 sec this turn | 300 sec total\n|\n|t:|1783566717\n|move|p1a: Kleavor|X-Scissor|p2a: Skarmory\n|-resisted|p2a: Skarmory\n|-damage|p2a: Skarmory|75/100\n|move|p2a: Skarmory|Body Press|p1a: Kleavor\n|-damage|p1a: Kleavor|0 fnt\n|faint|p1a: Kleavor\n|\n|upkeep\n|inactive|Time left: 300 sec this turn | 300 sec total | 5 sec grace\n|\n|t:|1783566718\n|switch|p1a: Spidops|Spidops, L96, F|40/271\n|turn|31\n|inactive|Time left: 300 sec this turn | 300 sec total\n|\n|t:|1783566719\n|-terastallize|p1a: Spidops|Ghost\n|move|p2a: Skarmory|Brave Bird|p1a: Spidops\n|-damage|p1a: Spidops|0 fnt\n|faint|p1a: Spidops\n|-damage|p2a: Skarmory|70/100|[from] Recoil\n|\n|win|p0y2387d3e0", "uploadtime": 1783566719, "views": 0, "rating": 0, "private": 0, "password": null, "_winner": "p0y2387d3e0", "_our_name": "p0x2387f62a"}