{"id": "battle-gen9randombattle-1101", "formatid": "gen9randombattle", "format": "[Gen 9] Random Battle", "players": ["p0x1101f0a3", "p0y11015187"], "log": "|init|battle\n|title|p0x1101f0a3 vs. p0y11015187\n|j|\u2606p0x1101f0a3\n|j|\u2606p0y11015187\n|t:|1783552745\n|gametype|singles\n|player|p1|p0x1101f0a3|1|\n|player|p2|p0y11015187|170|\n|gen|9\n|tier|[Gen 9] Random Battle\n|rule|Species Clause: Limit one of each Pok\u00e9mon\n|rule|HP Percentage Mod: HP is shown in percentages\n|rule|Sleep Clause Mod: Limit one foe put to sleep\n|rule|Illusion Level Mod: Illusion disguises the Pok\u00e9mon's true level\n|\n|t:|1783552745\n|teamsize|p1|6\n|teamsize|p2|6\n|start\n|switch|p1a: Hitmonchan|Hitmonchan, L87, M|100/100\n|switch|p2a: Gyarados|Gyarados, L79, F|280/280\n|-ability|p2a: Gyarados|Intimidate|boost\n|-unboost|p1a: Hitmonchan|atk|1\n|turn|1\n|inactive|Battle timer is ON: inactive players will automatically lose when time's up. (requested by p0x1101f0a3)\n|inactive|Time left: 300 sec this turn | 300 sec total | 60 sec grace\n|inactive|p0y11015187 also wants the timer to be on.\n|\n|t:|1783552746\n|move|p1a: Hitmonchan|Swords Dance|p1a: Hitmonchan\n|-boost|p1a: Hitmonchan|atk|2\n|move|p2a: Gyarados|Dragon Dance|p2a: Gyarados\n|-boost|p2a: Gyarados|atk|1\n|-boost|p2a: Gyarados|spe|1\n|\n|upkeep\n|turn|2\n|inactive|Time left: 300 sec this turn | 300 sec total\n|\n|t:|1783552747\n|move|p2a: Gyarados|Waterfall|p1a: Hitmonchan\n|-damage|p1a: Hitmonchan|42/100\n|move|p1a: Hitmonchan|Drain Punch|p2a: Gyarados\n|-resisted|p2a: Gyarados\n|-damage|p2a: Gyarados|187/280\n|-heal|p1a: Hitmonchan|62/100|[from] drain|[of] p2a: Gyarados\n|\n|-heal|p1a: Hitmonchan|68/100|[from] item: Leftovers\n|upkeep\n|turn|3\n|inactive|Time left: 300 sec this turn | 300 sec total\n|\n|t:|1783552748\n|switch|p1a: Glaceon|Glaceon, L94, F|100/100\n|-terastallize|p2a: Gyarados|Ground\n|move|p2a: Gyarados|Earthquake|p1a: Glaceon\n|-damage|p1a: Glaceon|52/100\n|\n|upkeep\n|turn|4\n|inactive|Time left: 300 sec this turn | 300 sec total\n|\n|t:|1783552749\n|move|p2a: Gyarados|Stone Edge|p1a: Glaceon|[miss]\n|-miss|p2a: Gyarados|p1a: Glaceon\n|move|p1a: Glaceon|Freeze-Dry|p2a: Gyarados\n|-supereffective|p2a: Gyarados\n|-crit|p2a: Gyarados\n|-damage|p2a: Gyarados|0 fnt\n|faint|p2a: Gyarados\n|\n|upkeep\n|inactive|Time left: 300 sec this turn | 300 sec total | 5 sec grace\n|\n|t:|1783552750\n|switch|p2a: Excadrill|Excadrill, L79, M|303/303\n|-ability|p2a: Excadrill|Mold Breaker\n|turn|5\n|inactive|Time left: 300 sec this turn | 300 sec total\n|\n|t:|1783552752\n|move|p2a: Excadrill|Iron Head|p1a: Glaceon\n|-supereffective|p1a: Glaceon\n|-damage|p1a: Glaceon|0 fnt\n|faint|p1a: Glaceon\n|\n|upkeep\n|\n|t:|1783552753\n|switch|p1a: Hitmonchan|Hitmonchan, L87, M|68/100\n|turn|6\n|inactive|Time left: 300 sec this turn | 300 sec total\n|\n|t:|1783552754\n|switch|p2a: Dachsbun|Dachsbun, L92, M|254/254\n|move|p1a: Hitmonchan|Drain Punch|p2a: Dachsbun\n|-resisted|p2a: Dachsbun\n|-damage|p2a: Dachsbun|215/254\n|-heal|p1a: Hitmonchan|77/100|[from] drain|[of] p2a: Dachsbun\n|\n|-heal|p2a: Dachsbun|230/254|[from] item: Leftovers\n|-heal|p1a: Hitmonchan|83/100|[from] item: Leftovers\n|upkeep\n|turn|7\n|inactive|Time left: 300 sec this turn | 300 sec total\n|\n|t:|1783552755\n|switch|p1a: Solgaleo|Solgaleo, L74|100/100\n|move|p2a: Dachsbun|Play Rough|p1a: Solgaleo\n|-resisted|p1a: Solgaleo\n|-damage|p1a: Solgaleo|86/100\n|-damage|p2a: Dachsbun|188/254|[from] item: Rocky Helmet|[of] p1a: Solgaleo\n|\n|-heal|p2a: Dachsbun|203/254|[from] item: Leftovers\n|upkeep\n|turn|8\n|inactive|Time left: 300 sec this turn | 300 sec total\n|\n|t:|1783552756\n|move|p2a: Dachsbun|Wish|p2a: Dachsbun\n|move|p1a: Solgaleo|Sunsteel Strike|p2a: Dachsbun\n|-supereffective|p2a: Dachsbun\n|-damage|p2a: Dachsbun|53/254\n|\n|-heal|p2a: Dachsbun|68/254|[from] item: Leftovers\n|upkeep\n|turn|9\n|inactive|Time left: 300 sec this turn | 300 sec total\n|\n|t:|1783552757\n|move|p2a: Dachsbun|Protect|p2a: Dachsbun\n|-singleturn|p2a: Dachsbun|Protect\n|move|p1a: Solgaleo|Sunsteel Strike|p2a: Dachsbun\n|-activate|p2a: Dachsbun|move: Protect\n|\n|-heal|p2a: Dachsbun|195/254|[from] move: Wish|[wisher] Dachsbun\n|-heal|p2a: Dachsbun|210/254|[from] item: Leftovers\n|upkeep\n|turn|10\n|inactive|Time left: 300 sec this turn | 300 sec total\n|\n|t:|1783552758\n|move|p2a: Dachsbun|Wish|p2a: Dachsbun\n|move|p1a: Solgaleo|Sunsteel Strike|p2a: Dachsbun\n|-supereffective|p2a: Dachsbun\n|-damage|p2a: Dachsbun|36/254\n|\n|-heal|p2a: Dachsbun|51/254|[from] item: Leftovers\n|upkeep\n|turn|11\n|inactive|Time left: 300 sec this turn | 300 sec total\n|\n|t:|1783552759\n|move|p2a: Dachsbun|Protect|p2a: Dachsbun\n|-singleturn|p2a: Dachsbun|Protect\n|move|p1a: Solgaleo|Morning Sun|p1a: Solgaleo\n|-heal|p1a: Solgaleo|100/100\n|\n|-heal|p2a: Dachsbun|178/254|[from] move: Wish|[wisher] Dachsbun\n|-heal|p2a: Dachsbun|193/254|[from] item: Leftovers\n|upkeep\n|turn|12\n|inactive|Time left: 300 sec this turn | 300 sec total\n|\n|t:|1783552760\n|switch|p2a: Excadrill|Excadrill, L79, M|303/303\n|-ability|p2a: Excadrill|Mold Breaker\n|move|p1a: Solgaleo|Sunsteel Strike|p2a: Excadrill\n|-resisted|p2a: Excadrill\n|-damage|p2a: Excadrill|233/303\n|\n|-heal|p2a: Excadrill|251/303|[from] item: Leftovers\n|upkeep\n|turn|13\n|inactive|Time left: 300 sec this turn | 300 sec total\n|\n|t:|1783552761\n|move|p1a: Solgaleo|Knock Off|p2a: Excadrill\n|-damage|p2a: Excadrill|159/303\n|-enditem|p2a: Excadrill|Leftovers|[from] move: Knock Off|[of] p1a: Solgaleo\n|move|p2a: Excadrill|Earthquake|p1a: Solgaleo\n|-supereffective|p1a: Solgaleo\n|-damage|p1a: Solgaleo|25/100\n|\n|upkeep\n|turn|14\n|inactive|Time left: 300 sec this turn | 300 sec total\n|\n|t:|1783552763\n|move|p1a: Solgaleo|Sunsteel Strike|p2a: Excadrill\n|-resisted|p2a: Excadrill\n|-damage|p2a: Excadrill|77/303\n|move|p2a: Excadrill|Earthquake|p1a: Solgaleo\n|-supereffective|p1a: Solgaleo\n|-damage|p1a: Solgaleo|0 fnt\n|faint|p1a: Solgaleo\n|\n|upkeep\n|\n|t:|1783552764\n|switch|p1a: Eternatus|Eternatus, L69|100/100\n|-ability|p1a: Eternatus|Pressure\n|turn|15\n|inactive|Time left: 300 sec this turn | 300 sec total\n|\n|t:|1783552765\n|switch|p2a: Dachsbun|Dachsbun, L92, M|193/254\n|move|p1a: Eternatus|Fire Blast|p2a: Dachsbun\n|-ability|p2a: Dachsbun|Well-Baked Body|boost\n|-boost|p2a: Dachsbun|def|2\n|\n|-heal|p2a: Dachsbun|208/254|[from] item: Leftovers\n|upkeep\n|turn|16\n|inactive|Time left: 300 sec this turn | 300 sec total\n|\n|t:|1783552766\n|move|p2a: Dachsbun|Protect|p2a: Dachsbun\n|-singleturn|p2a: Dachsbun|Protect\n|move|p1a: Eternatus|Meteor Beam||[still]\n|-prepare|p1a: Eternatus|Meteor Beam\n|-boost|p1a: Eternatus|spa|1\n|-enditem|p1a: Eternatus|Power Herb\n|-anim|p1a: Eternatus|Meteor Beam|p2a: Dachsbun\n|-activate|p2a: Dachsbun|move: Protect\n|\n|-heal|p2a: Dachsbun|223/254|[from] item: Leftovers\n|upkeep\n|turn|17\n|inactive|Time left: 300 sec this turn | 300 sec total\n|\n|t:|1783552767\n|switch|p2a: Excadrill|Excadrill, L79, M|77/303\n|-ability|p2a: Excadrill|Mold Breaker\n|move|p1a: Eternatus|Sludge Bomb|p2a: Excadrill\n|-immune|p2a: Excadrill\n|\n|upkeep\n|turn|18\n|inactive|Time left: 300 sec this turn | 300 sec total\n|\n|t:|1783552768\n|move|p1a: Eternatus|Dynamax Cannon|p2a: Excadrill\n|-resisted|p2a: Excadrill\n|-damage|p2a: Excadrill|0 fnt\n|faint|p2a: Excadrill\n|\n|upkeep\n|inactive|Time left: 300 sec this turn | 300 sec total | 5 sec grace\n|\n|t:|1783552769\n|switch|p2a: Revavroom|Revavroom, L79, M|256/256\n|turn|19\n|inactive|Time left: 300 sec this turn | 300 sec total\n|\n|t:|1783552771\n|move|p1a: Eternatus|Fire Blast|p2a: Revavroom|[miss]\n|-miss|p1a: Eternatus|p2a: Revavroom\n|move|p2a: Revavroom|Shift Gear|p2a: Revavroom\n|-boost|p2a: Revavroom|spe|2\n|-boost|p2a: Revavroom|atk|1\n|\n|upkeep\n|turn|20\n|inactive|Time left: 300 sec this turn | 300 sec total\n|\n|t:|1783552772\n|move|p2a: Revavroom|High Horsepower|p1a: Eternatus\n|-supereffective|p1a: Eternatus\n|-damage|p1a: Eternatus|4/100\n|-damage|p2a: Revavroom|231/256|[from] item: Life Orb\n|move|p1a: Eternatus|Fire Blast|p2a: Revavroom\n|-supereffective|p2a: Revavroom\n|-damage|p2a: Revavroom|24/256\n|\n|upkeep\n|turn|21\n|inactive|Time left: 300 sec this turn | 300 sec total\n|\n|t:|1783552773\n|move|p2a: Revavroom|High Horsepower|p1a: Eternatus\n|-supereffective|p1a: Eternatus\n|-damage|p1a: Eternatus|0 fnt\n|faint|p1a: Eternatus\n|-damage|p2a: Revavroom|0 fnt|[from] item: Life Orb\n|faint|p2a: Revavroom\n|\n|upkeep\n|inactive|Time left: 300 sec this turn | 300 sec total | 5 sec grace\n|\n|t:|1783552774\n|switch|p1a: Zapdos|Zapdos, L78|100/100\n|switch|p2a: Dachsbun|Dachsbun, L92, M|223/254\n|turn|22\n|inactive|Time left: 300 sec this turn | 300 sec total\n|\n|t:|1783552775\n|move|p2a: Dachsbun|Protect|p2a: Dachsbun\n|-singleturn|p2a: Dachsbun|Protect\n|move|p1a: Zapdos|Hurricane|p2a: Dachsbun\n|-activate|p2a: Dachsbun|move: Protect\n|\n|-heal|p2a: Dachsbun|238/254|[from] item: Leftovers\n|upkeep\n|turn|23\n|inactive|Time left: 300 sec this turn | 300 sec total\n|\n|t:|1783552776\n|move|p2a: Dachsbun|Yawn|p1a: Zapdos\n|-start|p1a: Zapdos|move: Yawn|[of] p2a: Dachsbun\n|move|p1a: Zapdos|Thunderbolt|p2a: Dachsbun\n|-damage|p2a: Dachsbun|144/254\n|\n|-heal|p2a: Dachsbun|159/254|[from] item: Leftovers\n|upkeep\n|turn|24\n|inactive|Time left: 300 sec this turn | 300 sec total\n|\n|t:|1783552777\n|move|p2a: Dachsbun|Protect|p2a: Dachsbun\n|-singleturn|p2a: Dachsbun|Protect\n|move|p1a: Zapdos|U-turn|p2a: Dachsbun\n|-activate|p2a: Dachsbun|move: Protect\n|\n|-heal|p2a: Dachsbun|174/254|[from] item: Leftovers\n|-end|p1a: Zapdos|move: Yawn|[silent]\n|-status|p1a: Zapdos|slp\n|upkeep\n|turn|25\n|inactive|Time left: 300 sec this turn | 300 sec total\n|\n|t:|1783552779\n|move|p2a: Dachsbun|Play Rough|p1a: Zapdos\n|-damage|p1a: Zapdos|63/100 slp\n|-status|p2a: Dachsbun|par|[from] ability: Static|[of] p1a: Zapdos\n|cant|p1a: Zapdos|slp\n|\n|-heal|p2a: Dachsbun|189/254 par|[from] item: Leftovers\n|upkeep\n|turn|26\n|inactive|Time left: 300 sec this turn | 300 sec total\n|\n|t:|1783552780\n|cant|p1a: Zapdos|slp\n|move|p2a: Dachsbun|Play Rough|p1a: Zapdos\n|-damage|p1a: Zapdos|20/100 slp\n|\n|-heal|p2a: Dachsbun|204/254 par|[from] item: Leftovers\n|upkeep\n|turn|27\n|inactive|Time left: 300 sec this turn | 300 sec total\n|\n|t:|1783552781\n|-curestatus|p1a: Zapdos|slp|[msg]\n|move|p1a: Zapdos|Roost|p1a: Zapdos\n|-heal|p1a: Zapdos|70/100\n|-singleturn|p1a: Zapdos|move: Roost\n|move|p2a: Dachsbun|Play Rough|p1a: Zapdos\n|-damage|p1a: Zapdos|30/100\n|\n|-heal|p2a: Dachsbun|219/254 par|[from] item: Leftovers\n|upkeep\n|turn|28\n|inactive|Time left: 300 sec this turn | 300 sec total\n|\n|t:|1783552782\n|move|p1a: Zapdos|Roost|p1a: Zapdos\n|-heal|p1a: Zapdos|80/100\n|-singleturn|p1a: Zapdos|move: Roost\n|cant|p2a: Dachsbun|par\n|\n|-heal|p2a: Dachsbun|234/254 par|[from] item: Leftovers\n|upkeep\n|turn|29\n|inactive|Time left: 300 sec this turn | 300 sec total\n|\n|t:|1783552783\n|move|p1a: Zapdos|Hurricane|p2a: Dachsbun|[miss]\n|-miss|p1a: Zapdos|p2a: Dachsbun\n|move|p2a: Dachsbun|Play Rough|p1a: Zapdos\n|-damage|p1a: Zapdos|39/100\n|-unboost|p1a: Zapdos|atk|1\n|\n|-heal|p2a: Dachsbun|249/254 par|[from] item: Leftovers\n|upkeep\n|turn|30\n|inactive|Time left: 300 sec this turn | 300 sec total\n|\n|t:|1783552784\n|move|p1a: Zapdos|Roost|p1a: Zapdos\n|-heal|p1a: Zapdos|89/100\n|-singleturn|p1a: Zapdos|move: Roost\n|move|p2a: Dachsbun|Play Rough|p1a: Zapdos\n|-damage|p1a: Zapdos|47/100\n|\n|-heal|p2a: Dachsbun|254/254 par|[from] item: Leftovers\n|upkeep\n|turn|31\n|inactive|Time left: 300 sec this turn | 300 sec total\n|\n|t:|1783552785\n|move|p1a: Zapdos|Roost|p1a: Zapdos\n|-heal|p1a: Zapdos|97/100\n|-singleturn|p1a: Zapdos|move: Roost\n|move|p2a: Dachsbun|Play Rough|p1a: Zapdos\n|-damage|p1a: Zapdos|57/100\n|-unboost|p1a: Zapdos|atk|1\n|\n|upkeep\n|turn|32\n|inactive|Time left: 300 sec this turn | 300 sec total\n|\n|t:|1783552786\n|move|p1a: Zapdos|Hurricane|p2a: Dachsbun|[miss]\n|-miss|p1a: Zapdos|p2a: Dachsbun\n|move|p2a: Dachsbun|Play Rough|p1a: Zapdos|[miss]\n|-miss|p2a: Dachsbun|p1a: Zapdos\n|\n|upkeep\n|turn|33\n|inactive|Time left: 300 sec this turn | 300 sec total\n|\n|t:|1783552787\n|move|p1a: Zapdos|Hurricane|p2a: Dachsbun|[miss]\n|-miss|p1a: Zapdos|p2a: Dachsbun\n|move|p2a: Dachsbun|Play Rough|p1a: Zapdos\n|-damage|p1a: Zapdos|15/100\n|\n|upkeep\n|turn|34\n|inactive|Time left: 300 sec this turn | 300 sec total\n|\n|t:|1783552788\n|move|p1a: Zapdos|Roost|p1a: Zapdos\n|-heal|p1a: Zapdos|65/100\n|-singleturn|p1a: Zapdos|move: Roost\n|move|p2a: Dachsbun|Play Rough|p1a: Zapdos\n|-damage|p1a: Zapdos|24/100\n|\n|upkeep\n|turn|35\n|inactive|Time left: 300 sec this turn | 300 sec total\n|\n|t:|1783552789\n|move|p1a: Zapdos|Roost|p1a: Zapdos\n|-heal|p1a: Zapdos|74/100\n|-singleturn|p1a: Zapdos|move: Roost\n|move|p2a: Dachsbun|Play Rough|p1a: Zapdos\n|-damage|p1a: Zapdos|31/100\n|\n|upkeep\n|turn|36\n|inactive|Time left: 300 sec this turn | 300 sec total\n|\n|t:|1783552790\n|move|p1a: Zapdos|Roost|p1a: Zapdos\n|-heal|p1a: Zapdos|81/100\n|-singleturn|p1a: Zapdos|move: Roost\n|cant|p2a: Dachsbun|par\n|\n|upkeep\n|turn|37\n|inactive|Time left: 300 sec this turn | 300 sec total\n|\n|t:|1783552791\n|move|p1a: Zapdos|Thunderbolt|p2a: Dachsbun\n|-damage|p2a: Dachsbun|149/254 par\n|move|p2a: Dachsbun|Play Rough|p1a: Zapdos\n|-damage|p1a: Zapdos|39/100\n|\n|-heal|p2a: Dachsbun|164/254 par|[from] item: Leftovers\n|upkeep\n|turn|38\n|inactive|Time left: 300 sec this turn | 300 sec total\n|\n|t:|1783552792\n|move|p1a: Zapdos|Roost|p1a: Zapdos\n|-heal|p1a: Zapdos|89/100\n|-singleturn|p1a: Zapdos|move: Roost\n|move|p2a: Dachsbun|Play Rough|p1a: Zapdos\n|-damage|p1a: Zapdos|50/100\n|-unboost|p1a: Zapdos|atk|1\n|\n|-heal|p2a: Dachsbun|179/254 par|[from] item: Leftovers\n|upkeep\n|turn|39\n|inactive|Time left: 300 sec this turn | 300 sec total\n|\n|t:|1783552793\n|move|p1a: Zapdos|Hurricane|p2a: Dachsbun|[miss]\n|-miss|p1a: Zapdos|p2a: Dachsbun\n|move|p2a: Dachsbun|Play Rough|p1a: Zapdos\n|-damage|p1a: Zapdos|8/100\n|\n|-heal|p2a: Dachsbun|194/254 par|[from] item: Leftovers\n|upkeep\n|turn|40\n|inactive|Time left: 300 sec this turn | 300 sec total\n|\n|t:|1783552794\n|move|p1a: Zapdos|Hurricane|p2a: Dachsbun\n|-damage|p2a: Dachsbun|61/254 par\n|-start|p2a: Dachsbun|confusion\n|-activate|p2a: Dachsbun|confusion\n|move|p2a: Dachsbun|Play Rough|p1a: Zapdos\n|-crit|p1a: Zapdos\n|-damage|p1a: Zapdos|0 fnt\n|faint|p1a: Zapdos\n|\n|-heal|p2a: Dachsbun|76/254 par|[from] item: Leftovers\n|upkeep\n|\n|t:|1783552795\n|switch|p1a: Hitmonchan|Hitmonchan, L87, M|83/100\n|turn|41\n|inactive|Time left: 300 sec this turn | 300 sec total\n|\n|t:|1783552796\n|move|p1a: Hitmonchan|Swords Dance|p1a: Hitmonchan\n|-boost|p1a: Hitmonchan|atk|2\n|-activate|p2a: Dachsbun|confusion\n|cant|p2a: Dachsbun|par\n|\n|-heal|p1a: Hitmonchan|89/100|[from] item: Leftovers\n|-heal|p2a: Dachsbun|91/254 par|[from] item: Leftovers\n|upkeep\n|turn|42\n|inactive|Time left: 300 sec this turn | 300 sec total\n|\n|t:|1783552797\n|switch|p2a: Weezing|Weezing-Galar, L86, M|252/252\n|-terastallize|p1a: Hitmonchan|Fighting\n|move|p1a: Hitmonchan|Drain Punch|p2a: Weezing\n|-resisted|p2a: Weezing\n|-damage|p2a: Weezing|202/252\n|-heal|p1a: Hitmonchan|99/100|[from] drain|[of] p2a: Weezing\n|\n|-heal|p1a: Hitmonchan|100/100|[from] item: Leftovers\n|-heal|p2a: Weezing|217/252|[from] item: Leftovers\n|upkeep\n|turn|43\n|inactive|Time left: 300 sec this turn | 300 sec total\n|\n|t:|1783552797\n|move|p1a: Hitmonchan|Knock Off|p2a: Weezing\n|-resisted|p2a: Weezing\n|-damage|p2a: Weezing|162/252\n|-enditem|p2a: Weezing|Leftovers|[from] move: Knock Off|[of] p1a: Hitmonchan\n|move|p2a: Weezing|Strange Steam|p1a: Hitmonchan\n|-supereffective|p1a: Hitmonchan\n|-damage|p1a: Hitmonchan|40/100\n|\n|-heal|p1a: Hitmonchan|46/100|[from] item: Leftovers\n|upkeep\n|turn|44\n|inactive|Time left: 300 sec this turn | 300 sec total\n|\n|t:|1783552798\n|switch|p1a: Altaria|Altaria, L89, M|100/100\n|move|p2a: Weezing|Strange Steam|p1a: Altaria\n|-supereffective|p1a: Altaria\n|-damage|p1a: Altaria|44/100\n|\n|upkeep\n|turn|45\n|inactive|Time left: 300 sec this turn | 300 sec total\n|\n|t:|1783552799\n|move|p1a: Altaria|Roost|p1a: Altaria\n|-heal|p1a: Altaria|94/100\n|-singleturn|p1a: Altaria|move: Roost\n|move|p2a: Weezing|Strange Steam|p1a: Altaria\n|-supereffective|p1a: Altaria\n|-damage|p1a: Altaria|44/100\n|\n|upkeep\n|turn|46\n|inactive|Time left: 300 sec this turn | 300 sec total\n|\n|t:|1783552800\n|move|p1a: Altaria|Roost|p1a: Altaria\n|-heal|p1a: Altaria|94/100\n|-singleturn|p1a: Altaria|move: Roost\n|move|p2a: Weezing|Strange Steam|p1a: Altaria\n|-supereffective|p1a: Altaria\n|-damage|p1a: Altaria|44/100\n|\n|upkeep\n|turn|47\n|inactive|Time left: 300 sec this turn | 300 sec total\n|\n|t:|1783552801\n|move|p1a: Altaria|Roost|p1a: Altaria\n|-heal|p1a: Altaria|94/100\n|-singleturn|p1a: Altaria|move: Roost\n|move|p2a: Weezing|Strange Steam|p1a: Altaria\n|-supereffective|p1a: Altaria\n|-damage|p1a: Altaria|35/100\n|\n|upkeep\n|turn|48\n|inactive|Time left: 300 sec this turn | 300 sec total\n|\n|t:|1783552802\n|move|p1a: Altaria|Roost|p1a: Altaria\n|-heal|p1a: Altaria|85/100\n|-singleturn|p1a: Altaria|move: Roost\n|move|p2a: Weezing|Strange Steam|p1a: Altaria\n|-supereffective|p1a: Altaria\n|-damage|p1a: Altaria|34/100\n|\n|upkeep\n|turn|49\n|inactive|Time left: 300 sec this turn | 300 sec total\n|\n|t:|1783552803\n|move|p1a: Altaria|Roost|p1a: Altaria\n|-heal|p1a: Altaria|84/100\n|-singleturn|p1a: Altaria|move: Roost\n|move|p2a: Weezing|Strange Steam|p1a: Altaria\n|-supereffective|p1a: Altaria\n|-damage|p1a: Altaria|33/100\n|\n|upkeep\n|turn|50\n|inactive|Time left: 300 sec this turn | 300 sec total\n|\n|t:|1783552804\n|move|p1a: Altaria|Roost|p1a: Altaria\n|-heal|p1a: Altaria|83/100\n|-singleturn|p1a: Altaria|move: Roost\n|move|p2a: Weezing|Strange Steam|p1a: Altaria\n|-supereffective|p1a: Altaria\n|-damage|p1a: Altaria|26/100\n|\n|upkeep\n|turn|51\n|inactive|Time left: 300 sec this turn | 300 sec total\n|\n|t:|1783552805\n|move|p1a: Altaria|Roost|p1a: Altaria\n|-heal|p1a: Altaria|76/100\n|-singleturn|p1a: Altaria|move: Roost\n|move|p2a: Weezing|Strange Steam|p1a: Altaria\n|-supereffective|p1a: Altaria\n|-damage|p1a: Altaria|17/100\n|\n|upkeep\n|turn|52\n|inactive|Time left: 300 sec this turn | 300 sec total\n|\n|t:|1783552806\n|move|p1a: Altaria|Roost|p1a: Altaria\n|-heal|p1a: Altaria|67/100\n|-singleturn|p1a: Altaria|move: Roost\n|move|p2a: Weezing|Strange Steam|p1a: Altaria\n|-supereffective|p1a: Altaria\n|-damage|p1a: Altaria|13/100\n|\n|upkeep\n|turn|53\n|inactive|Time left: 300 sec this turn | 300 sec total\n|\n|t:|1783552807\n|move|p1a: Altaria|Brave Bird|p2a: Weezing\n|-damage|p2a: Weezing|77/252\n|-damage|p1a: Altaria|3/100|[from] Recoil\n|move|p2a: Weezing|Strange Steam|p1a: Altaria\n|-supereffective|p1a: Altaria\n|-damage|p1a: Altaria|0 fnt\n|faint|p1a: Altaria\n|\n|upkeep\n|\n|t:|1783552808\n|switch|p1a: Hitmonchan|Hitmonchan, L87, M, tera:Fighting|46/100\n|turn|54\n|inactive|Time left: 300 sec this turn | 300 sec total\n|\n|t:|1783552809\n|move|p1a: Hitmonchan|Drain Punch|p2a: Weezing\n|-resisted|p2a: Weezing\n|-damage|p2a: Weezing|51/252\n|-heal|p1a: Hitmonchan|52/100|[from] drain|[of] p2a: Weezing\n|move|p2a: Weezing|Strange Steam|p1a: Hitmonchan\n|-supereffective|p1a: Hitmonchan\n|-damage|p1a: Hitmonchan|0 fnt\n|faint|p1a: Hitmonchan\n|\n|win|p0y11015187", "uploadtime": 1783552809, "views": 0, "rating": 0, "private": 0, "password": null, "_winner": "p0y11015187", "_our_name": "p0y11015187"}