{"id": "battle-gen9randombattle-439", "formatid": "gen9randombattle", "format": "[Gen 9] Random Battle", "players": ["p0x4398a19", "p0y4391e68"], "log": "|init|battle\n|title|p0x4398a19 vs. p0y4391e68\n|j|\u2606p0x4398a19\n|j|\u2606p0y4391e68\n|t:|1783544847\n|gametype|singles\n|player|p1|p0x4398a19|101|\n|player|p2|p0y4391e68|1|\n|gen|9\n|tier|[Gen 9] Random Battle\n|rule|Species Clause: Limit one of each Pok\u00e9mon\n|rule|HP Percentage Mod: HP is shown in percentages\n|rule|Sleep Clause Mod: Limit one foe put to sleep\n|rule|Illusion Level Mod: Illusion disguises the Pok\u00e9mon's true level\n|\n|t:|1783544847\n|teamsize|p1|6\n|teamsize|p2|6\n|start\n|switch|p1a: Baxcalibur|Baxcalibur, L75, F|100/100\n|switch|p2a: Pikachu|Pikachu-Unova, L93, M|216/216\n|turn|1\n|inactive|Battle timer is ON: inactive players will automatically lose when time's up. (requested by p0x4398a19)\n|inactive|Time left: 300 sec this turn | 300 sec total | 60 sec grace\n|\n|t:|1783544848\n|move|p2a: Pikachu|Play Rough|p1a: Baxcalibur\n|-supereffective|p1a: Baxcalibur\n|-damage|p1a: Baxcalibur|29/100\n|move|p1a: Baxcalibur|Icicle Spear|p2a: Pikachu\n|-damage|p2a: Pikachu|174/216\n|-damage|p2a: Pikachu|125/216\n|-damage|p2a: Pikachu|82/216\n|-damage|p2a: Pikachu|36/216\n|-damage|p2a: Pikachu|0 fnt\n|faint|p2a: Pikachu\n|-hitcount|p2: Pikachu|5\n|\n|upkeep\n|inactive|Time left: 300 sec this turn | 300 sec total | 65 sec grace\n|inactive|p0y4391e68 also wants the timer to be on.\n|\n|t:|1783544850\n|switch|p2a: Weavile|Weavile, L79, M|239/239\n|turn|2\n|inactive|Time left: 300 sec this turn | 300 sec total\n|\n|t:|1783544851\n|switch|p1a: Eiscue|Eiscue, L88, M|100/100\n|move|p2a: Weavile|Knock Off|p1a: Eiscue\n|-activate|p1a: Eiscue|ability: Ice Face\n|-damage|p1a: Eiscue|100/100\n|-enditem|p1a: Eiscue|Sitrus Berry|[from] move: Knock Off|[of] p2a: Weavile\n|detailschange|p1a: Eiscue|Eiscue-Noice, L88, M\n|\n|upkeep\n|turn|3\n|inactive|Time left: 300 sec this turn | 300 sec total\n|\n|t:|1783544852\n|move|p1a: Eiscue|Belly Drum|p1a: Eiscue\n|-damage|p1a: Eiscue|50/100\n|-setboost|p1a: Eiscue|atk|6|[from] move: Belly Drum\n|move|p2a: Weavile|Knock Off|p1a: Eiscue\n|-damage|p1a: Eiscue|7/100\n|\n|upkeep\n|turn|4\n|inactive|Time left: 300 sec this turn | 300 sec total\n|\n|t:|1783544853\n|switch|p2a: Dipplin|Dipplin, L88, M|284/284\n|move|p1a: Eiscue|Liquidation|p2a: Dipplin\n|-resisted|p2a: Dipplin\n|-damage|p2a: Dipplin|256/284\n|\n|upkeep\n|turn|5\n|inactive|Time left: 300 sec this turn | 300 sec total\n|\n|t:|1783544855\n|-terastallize|p2a: Dipplin|Steel\n|move|p1a: Eiscue|Ice Spinner|p2a: Dipplin\n|-resisted|p2a: Dipplin\n|-damage|p2a: Dipplin|169/284\n|move|p2a: Dipplin|Giga Drain|p1a: Eiscue\n|-damage|p1a: Eiscue|0 fnt\n|-heal|p2a: Dipplin|178/284|[from] drain|[of] p1a: Eiscue\n|faint|p1a: Eiscue\n|\n|upkeep\n|\n|t:|1783544856\n|switch|p1a: Hatterene|Hatterene, L85, F|100/100\n|turn|6\n|inactive|Time left: 300 sec this turn | 300 sec total\n|\n|t:|1783544857\n|move|p2a: Dipplin|Recover|p2a: Dipplin\n|-heal|p2a: Dipplin|284/284\n|move|p1a: Hatterene|Mystical Fire|p2a: Dipplin\n|-supereffective|p2a: Dipplin\n|-damage|p2a: Dipplin|182/284\n|-unboost|p2a: Dipplin|spa|1\n|\n|upkeep\n|turn|7\n|inactive|Time left: 300 sec this turn | 300 sec total\n|\n|t:|1783544858\n|move|p2a: Dipplin|Recover|p2a: Dipplin\n|-heal|p2a: Dipplin|284/284\n|move|p1a: Hatterene|Mystical Fire|p2a: Dipplin\n|-supereffective|p2a: Dipplin\n|-damage|p2a: Dipplin|178/284\n|-unboost|p2a: Dipplin|spa|1\n|\n|upkeep\n|turn|8\n|inactive|Time left: 300 sec this turn | 300 sec total\n|\n|t:|1783544859\n|switch|p2a: Blastoise|Blastoise, L80, F|258/258\n|move|p1a: Hatterene|Mystical Fire|p2a: Blastoise\n|-resisted|p2a: Blastoise\n|-damage|p2a: Blastoise|228/258\n|-unboost|p2a: Blastoise|spa|1\n|-enditem|p2a: Blastoise|White Herb\n|-clearnegativeboost|p2a: Blastoise|[silent]\n|\n|upkeep\n|turn|9\n|inactive|Time left: 300 sec this turn | 300 sec total\n|\n|t:|1783544860\n|move|p2a: Blastoise|Ice Beam|p1a: Hatterene\n|-damage|p1a: Hatterene|86/100\n|move|p1a: Hatterene|Psychic|p2a: Blastoise\n|-damage|p2a: Blastoise|116/258\n|\n|upkeep\n|turn|10\n|inactive|Time left: 300 sec this turn | 300 sec total\n|\n|t:|1783544861\n|switch|p2a: Dipplin|Dipplin, L88, M, tera:Steel|178/284\n|move|p1a: Hatterene|Psychic|p2a: Dipplin\n|-resisted|p2a: Dipplin\n|-damage|p2a: Dipplin|134/284\n|\n|upkeep\n|turn|11\n|inactive|Time left: 300 sec this turn | 300 sec total\n|\n|t:|1783544862\n|move|p2a: Dipplin|Recover|p2a: Dipplin\n|-heal|p2a: Dipplin|276/284\n|move|p1a: Hatterene|Mystical Fire|p2a: Dipplin\n|-supereffective|p2a: Dipplin\n|-crit|p2a: Dipplin\n|-damage|p2a: Dipplin|140/284\n|-unboost|p2a: Dipplin|spa|1\n|\n|upkeep\n|turn|12\n|inactive|Time left: 300 sec this turn | 300 sec total\n|\n|t:|1783544863\n|move|p2a: Dipplin|Recover|p2a: Dipplin\n|-heal|p2a: Dipplin|282/284\n|move|p1a: Hatterene|Mystical Fire|p2a: Dipplin\n|-supereffective|p2a: Dipplin\n|-damage|p2a: Dipplin|180/284\n|-unboost|p2a: Dipplin|spa|1\n|\n|upkeep\n|turn|13\n|inactive|Time left: 300 sec this turn | 300 sec total\n|\n|t:|1783544864\n|switch|p2a: Primarina|Primarina, L83, F|268/268\n|move|p1a: Hatterene|Mystical Fire|p2a: Primarina\n|-resisted|p2a: Primarina\n|-damage|p2a: Primarina|236/268\n|-unboost|p2a: Primarina|spa|1\n|\n|-heal|p2a: Primarina|252/268|[from] item: Leftovers\n|upkeep\n|turn|14\n|inactive|Time left: 300 sec this turn | 300 sec total\n|\n|t:|1783544865\n|move|p2a: Primarina|Calm Mind|p2a: Primarina\n|-boost|p2a: Primarina|spa|1\n|-boost|p2a: Primarina|spd|1\n|move|p1a: Hatterene|Mystical Fire|p2a: Primarina\n|-resisted|p2a: Primarina\n|-damage|p2a: Primarina|232/268\n|-unboost|p2a: Primarina|spa|1\n|\n|-heal|p2a: Primarina|248/268|[from] item: Leftovers\n|upkeep\n|turn|15\n|inactive|Time left: 300 sec this turn | 300 sec total\n|\n|t:|1783544866\n|move|p2a: Primarina|Calm Mind|p2a: Primarina\n|-boost|p2a: Primarina|spa|1\n|-boost|p2a: Primarina|spd|1\n|move|p1a: Hatterene|Nuzzle|p2a: Primarina\n|-supereffective|p2a: Primarina\n|-damage|p2a: Primarina|214/268\n|-status|p2a: Primarina|par\n|\n|-heal|p2a: Primarina|230/268 par|[from] item: Leftovers\n|upkeep\n|turn|16\n|inactive|Time left: 300 sec this turn | 300 sec total\n|\n|t:|1783544867\n|move|p1a: Hatterene|Mystical Fire|p2a: Primarina\n|-resisted|p2a: Primarina\n|-damage|p2a: Primarina|216/268 par\n|-unboost|p2a: Primarina|spa|1\n|move|p2a: Primarina|Calm Mind|p2a: Primarina\n|-boost|p2a: Primarina|spa|1\n|-boost|p2a: Primarina|spd|1\n|\n|-heal|p2a: Primarina|232/268 par|[from] item: Leftovers\n|upkeep\n|turn|17\n|inactive|Time left: 300 sec this turn | 300 sec total\n|\n|t:|1783544868\n|move|p1a: Hatterene|Mystical Fire|p2a: Primarina\n|-resisted|p2a: Primarina\n|-damage|p2a: Primarina|221/268 par\n|-unboost|p2a: Primarina|spa|1\n|move|p2a: Primarina|Sparkling Aria|p1a: Hatterene\n|-damage|p1a: Hatterene|68/100\n|\n|-heal|p2a: Primarina|237/268 par|[from] item: Leftovers\n|upkeep\n|turn|18\n|inactive|Time left: 300 sec this turn | 300 sec total\n|\n|t:|1783544869\n|move|p1a: Hatterene|Mystical Fire|p2a: Primarina\n|-resisted|p2a: Primarina\n|-damage|p2a: Primarina|226/268 par\n|-unboost|p2a: Primarina|spa|1\n|move|p2a: Primarina|Calm Mind|p2a: Primarina\n|-boost|p2a: Primarina|spa|1\n|-boost|p2a: Primarina|spd|1\n|\n|-heal|p2a: Primarina|242/268 par|[from] item: Leftovers\n|upkeep\n|turn|19\n|inactive|Time left: 300 sec this turn | 300 sec total\n|\n|t:|1783544870\n|move|p1a: Hatterene|Mystical Fire|p2a: Primarina\n|-resisted|p2a: Primarina\n|-damage|p2a: Primarina|232/268 par\n|-unboost|p2a: Primarina|spa|1\n|move|p2a: Primarina|Sparkling Aria|p1a: Hatterene\n|-damage|p1a: Hatterene|53/100\n|\n|-heal|p2a: Primarina|248/268 par|[from] item: Leftovers\n|upkeep\n|turn|20\n|inactive|Time left: 300 sec this turn | 300 sec total\n|\n|t:|1783544872\n|move|p1a: Hatterene|Mystical Fire|p2a: Primarina\n|-resisted|p2a: Primarina\n|-damage|p2a: Primarina|237/268 par\n|-unboost|p2a: Primarina|spa|1\n|move|p2a: Primarina|Sparkling Aria|p1a: Hatterene\n|-damage|p1a: Hatterene|42/100\n|\n|-heal|p2a: Primarina|253/268 par|[from] item: Leftovers\n|upkeep\n|turn|21\n|inactive|Time left: 300 sec this turn | 300 sec total\n|\n|t:|1783544873\n|move|p1a: Hatterene|Draining Kiss|p2a: Primarina\n|-damage|p2a: Primarina|231/268 par\n|-heal|p1a: Hatterene|49/100|[from] drain|[of] p2a: Primarina\n|cant|p2a: Primarina|par\n|\n|-heal|p2a: Primarina|247/268 par|[from] item: Leftovers\n|upkeep\n|turn|22\n|inactive|Time left: 300 sec this turn | 300 sec total\n|\n|t:|1783544874\n|move|p1a: Hatterene|Mystical Fire|p2a: Primarina\n|-resisted|p2a: Primarina\n|-crit|p2a: Primarina\n|-damage|p2a: Primarina|202/268 par\n|-unboost|p2a: Primarina|spa|1\n|move|p2a: Primarina|Draining Kiss|p1a: Hatterene\n|-damage|p1a: Hatterene|44/100\n|-heal|p2a: Primarina|211/268 par|[from] drain|[of] p1a: Hatterene\n|\n|-heal|p2a: Primarina|227/268 par|[from] item: Leftovers\n|upkeep\n|turn|23\n|inactive|Time left: 300 sec this turn | 300 sec total\n|\n|t:|1783544875\n|move|p1a: Hatterene|Mystical Fire|p2a: Primarina\n|-resisted|p2a: Primarina\n|-damage|p2a: Primarina|218/268 par\n|-unboost|p2a: Primarina|spa|1\n|move|p2a: Primarina|Psychic|p1a: Hatterene\n|-resisted|p1a: Hatterene\n|-damage|p1a: Hatterene|41/100\n|\n|-heal|p2a: Primarina|234/268 par|[from] item: Leftovers\n|upkeep\n|turn|24\n|inactive|Time left: 300 sec this turn | 300 sec total\n|\n|t:|1783544876\n|move|p1a: Hatterene|Draining Kiss|p2a: Primarina\n|-damage|p2a: Primarina|213/268 par\n|-heal|p1a: Hatterene|48/100|[from] drain|[of] p2a: Primarina\n|move|p2a: Primarina|Sparkling Aria|p1a: Hatterene\n|-damage|p1a: Hatterene|39/100\n|\n|-heal|p2a: Primarina|229/268 par|[from] item: Leftovers\n|upkeep\n|turn|25\n|inactive|Time left: 300 sec this turn | 300 sec total\n|\n|t:|1783544877\n|switch|p2a: Dipplin|Dipplin, L88, M, tera:Steel|180/284\n|move|p1a: Hatterene|Mystical Fire|p2a: Dipplin\n|-supereffective|p2a: Dipplin\n|-damage|p2a: Dipplin|84/284\n|-unboost|p2a: Dipplin|spa|1\n|\n|upkeep\n|turn|26\n|inactive|Time left: 300 sec this turn | 300 sec total\n|\n|t:|1783544878\n|move|p2a: Dipplin|Recover|p2a: Dipplin\n|-heal|p2a: Dipplin|226/284\n|move|p1a: Hatterene|Mystical Fire|p2a: Dipplin\n|-supereffective|p2a: Dipplin\n|-damage|p2a: Dipplin|126/284\n|-unboost|p2a: Dipplin|spa|1\n|\n|upkeep\n|turn|27\n|inactive|Time left: 300 sec this turn | 300 sec total\n|\n|t:|1783544879\n|move|p2a: Dipplin|Recover|p2a: Dipplin\n|-heal|p2a: Dipplin|268/284\n|move|p1a: Hatterene|Psychic|p2a: Dipplin\n|-resisted|p2a: Dipplin\n|-damage|p2a: Dipplin|227/284\n|\n|upkeep\n|turn|28\n|inactive|Time left: 300 sec this turn | 300 sec total\n|\n|t:|1783544880\n|switch|p2a: Magnezone|Magnezone, L85|258/258\n|move|p1a: Hatterene|Draining Kiss|p2a: Magnezone\n|-resisted|p2a: Magnezone\n|-damage|p2a: Magnezone|222/258\n|-heal|p1a: Hatterene|50/100|[from] drain|[of] p2a: Magnezone\n|\n|upkeep\n|turn|29\n|inactive|Time left: 300 sec this turn | 300 sec total\n|\n|t:|1783544881\n|switch|p1a: Eelektross|Eelektross, L87, M|100/100\n|move|p2a: Magnezone|Flash Cannon|p1a: Eelektross\n|-resisted|p1a: Eelektross\n|-damage|p1a: Eelektross|87/100\n|-unboost|p1a: Eelektross|spd|1\n|\n|upkeep\n|turn|30\n|inactive|Time left: 300 sec this turn | 300 sec total\n|\n|t:|1783544883\n|move|p2a: Magnezone|Flash Cannon|p1a: Eelektross\n|-resisted|p1a: Eelektross\n|-crit|p1a: Eelektross\n|-damage|p1a: Eelektross|57/100\n|-unboost|p1a: Eelektross|spd|1\n|move|p1a: Eelektross|Discharge|p2a: Magnezone\n|-resisted|p2a: Magnezone\n|-damage|p2a: Magnezone|178/258\n|\n|upkeep\n|turn|31\n|inactive|Time left: 300 sec this turn | 300 sec total\n|\n|t:|1783544884\n|move|p2a: Magnezone|Flash Cannon|p1a: Eelektross\n|-resisted|p1a: Eelektross\n|-damage|p1a: Eelektross|29/100\n|-unboost|p1a: Eelektross|spd|1\n|move|p1a: Eelektross|Knock Off|p2a: Magnezone\n|-damage|p2a: Magnezone|107/258\n|-enditem|p2a: Magnezone|Choice Scarf|[from] move: Knock Off|[of] p1a: Eelektross\n|\n|upkeep\n|turn|32\n|inactive|Time left: 300 sec this turn | 300 sec total\n|\n|t:|1783544885\n|switch|p1a: Duraludon|Duraludon, L82, F|100/100\n|move|p2a: Magnezone|Flash Cannon|p1a: Duraludon\n|-resisted|p1a: Duraludon\n|-damage|p1a: Duraludon|76/100\n|\n|upkeep\n|turn|33\n|inactive|Time left: 300 sec this turn | 300 sec total\n|\n|t:|1783544886\n|switch|p2a: Primarina|Primarina, L83, F|229/268 par\n|move|p1a: Duraludon|Stealth Rock|p2a: Primarina\n|-sidestart|p2: p0y4391e68|move: Stealth Rock\n|\n|-heal|p2a: Primarina|245/268 par|[from] item: Leftovers\n|upkeep\n|turn|34\n|inactive|Time left: 300 sec this turn | 300 sec total\n|\n|t:|1783544887\n|move|p1a: Duraludon|Body Press|p2a: Primarina\n|-resisted|p2a: Primarina\n|-damage|p2a: Primarina|208/268 par\n|move|p2a: Primarina|Calm Mind|p2a: Primarina\n|-boost|p2a: Primarina|spa|1\n|-boost|p2a: Primarina|spd|1\n|\n|-heal|p2a: Primarina|224/268 par|[from] item: Leftovers\n|upkeep\n|turn|35\n|inactive|Time left: 300 sec this turn | 300 sec total\n|\n|t:|1783544888\n|move|p1a: Duraludon|Body Press|p2a: Primarina\n|-resisted|p2a: Primarina\n|-damage|p2a: Primarina|189/268 par\n|cant|p2a: Primarina|par\n|\n|-heal|p2a: Primarina|205/268 par|[from] item: Leftovers\n|upkeep\n|turn|36\n|inactive|Time left: 300 sec this turn | 300 sec total\n|\n|t:|1783544889\n|switch|p1a: Hatterene|Hatterene, L85, F|50/100\n|move|p2a: Primarina|Draining Kiss|p1a: Hatterene\n|-damage|p1a: Hatterene|27/100\n|-heal|p2a: Primarina|246/268 par|[from] drain|[of] p1a: Hatterene\n|\n|-heal|p2a: Primarina|262/268 par|[from] item: Leftovers\n|upkeep\n|turn|37\n|inactive|Time left: 300 sec this turn | 300 sec total\n|\n|t:|1783544891\n|move|p1a: Hatterene|Psychic|p2a: Primarina\n|-damage|p2a: Primarina|184/268 par\n|move|p2a: Primarina|Sparkling Aria|p1a: Hatterene\n|-damage|p1a: Hatterene|0 fnt\n|faint|p1a: Hatterene\n|\n|-heal|p2a: Primarina|200/268 par|[from] item: Leftovers\n|upkeep\n|\n|t:|1783544892\n|switch|p1a: Indeedee|Indeedee-F, L90, F|100/100\n|-fieldstart|move: Psychic Terrain|[from] ability: Psychic Surge|[of] p1a: Indeedee\n|turn|38\n|inactive|Time left: 300 sec this turn | 300 sec total\n|\n|t:|1783544893\n|move|p1a: Indeedee|Calm Mind|p1a: Indeedee\n|-boost|p1a: Indeedee|spa|1\n|-boost|p1a: Indeedee|spd|1\n|cant|p2a: Primarina|par\n|\n|-heal|p2a: Primarina|216/268 par|[from] item: Leftovers\n|upkeep\n|turn|39\n|inactive|Time left: 300 sec this turn | 300 sec total\n|\n|t:|1783544894\n|switch|p2a: Dipplin|Dipplin, L88, M, tera:Steel|227/284\n|-damage|p2a: Dipplin|210/284|[from] Stealth Rock\n|move|p1a: Indeedee|Hyper Voice|p2a: Dipplin\n|-resisted|p2a: Dipplin\n|-crit|p2a: Dipplin\n|-damage|p2a: Dipplin|103/284\n|-damage|p1a: Indeedee|91/100|[from] item: Life Orb\n|\n|upkeep\n|turn|40\n|inactive|Time left: 300 sec this turn | 300 sec total\n|\n|t:|1783544895\n|move|p1a: Indeedee|Hyper Voice|p2a: Dipplin\n|-resisted|p2a: Dipplin\n|-damage|p2a: Dipplin|34/284\n|-damage|p1a: Indeedee|81/100|[from] item: Life Orb\n|move|p2a: Dipplin|Recover|p2a: Dipplin\n|-heal|p2a: Dipplin|176/284\n|\n|upkeep\n|turn|41\n|inactive|Time left: 300 sec this turn | 300 sec total\n|\n|t:|1783544896\n|move|p1a: Indeedee|Calm Mind|p1a: Indeedee\n|-boost|p1a: Indeedee|spa|1\n|-boost|p1a: Indeedee|spd|1\n|move|p2a: Dipplin|Dragon Tail|p1a: Indeedee\n|-damage|p1a: Indeedee|56/100\n|drag|p1a: Duraludon|Duraludon, L82, F|76/100\n|\n|upkeep\n|turn|42\n|inactive|Time left: 300 sec this turn | 300 sec total\n|\n|t:|1783544897\n|move|p1a: Duraludon|Body Press|p2a: Dipplin\n|-supereffective|p2a: Dipplin\n|-damage|p2a: Dipplin|108/284\n|move|p2a: Dipplin|Dragon Pulse|p1a: Duraludon\n|-damage|p1a: Duraludon|35/100\n|\n|-fieldend|move: Psychic Terrain\n|upkeep\n|turn|43\n|inactive|Time left: 300 sec this turn | 300 sec total\n|\n|t:|1783544898\n|move|p1a: Duraludon|Body Press|p2a: Dipplin\n|-supereffective|p2a: Dipplin\n|-damage|p2a: Dipplin|34/284\n|move|p2a: Dipplin|Recover|p2a: Dipplin\n|-heal|p2a: Dipplin|176/284\n|\n|upkeep\n|turn|44\n|inactive|Time left: 300 sec this turn | 300 sec total\n|\n|t:|1783544899\n|switch|p1a: Eelektross|Eelektross, L87, M|29/100\n|move|p2a: Dipplin|Dragon Pulse|p1a: Eelektross\n|-damage|p1a: Eelektross|4/100\n|\n|upkeep\n|turn|45\n|inactive|Time left: 300 sec this turn | 300 sec total\n|\n|t:|1783544900\n|move|p1a: Eelektross|Discharge|p2a: Dipplin\n|-damage|p2a: Dipplin|104/284\n|move|p2a: Dipplin|Dragon Pulse|p1a: Eelektross\n|-damage|p1a: Eelektross|0 fnt\n|faint|p1a: Eelektross\n|\n|upkeep\n|\n|t:|1783544901\n|switch|p1a: Baxcalibur|Baxcalibur, L75, F|29/100\n|turn|46\n|inactive|Time left: 300 sec this turn | 300 sec total\n|\n|t:|1783544902\n|-terastallize|p1a: Baxcalibur|Ground\n|move|p1a: Baxcalibur|Earthquake|p2a: Dipplin\n|-supereffective|p2a: Dipplin\n|-damage|p2a: Dipplin|0 fnt\n|faint|p2a: Dipplin\n|\n|upkeep\n|inactive|Time left: 300 sec this turn | 300 sec total | 5 sec grace\n|\n|t:|1783544903\n|switch|p2a: Weavile|Weavile, L79, M|239/239\n|-damage|p2a: Weavile|180/239|[from] Stealth Rock\n|turn|47\n|inactive|Time left: 300 sec this turn | 300 sec total\n|\n|t:|1783544904\n|switch|p1a: Duraludon|Duraludon, L82, F|35/100\n|move|p2a: Weavile|Knock Off|p1a: Duraludon\n|-damage|p1a: Duraludon|0 fnt\n|-enditem|p1a: Duraludon|Eviolite|[from] move: Knock Off|[of] p2a: Weavile\n|faint|p1a: Duraludon\n|\n|upkeep\n|\n|t:|1783544905\n|switch|p1a: Indeedee|Indeedee-F, L90, F|56/100\n|-fieldstart|move: Psychic Terrain|[from] ability: Psychic Surge|[of] p1a: Indeedee\n|turn|48\n|inactive|Time left: 300 sec this turn | 300 sec total\n|\n|t:|1783544906\n|move|p2a: Weavile|Knock Off|p1a: Indeedee\n|-supereffective|p1a: Indeedee\n|-damage|p1a: Indeedee|0 fnt\n|-enditem|p1a: Indeedee|Life Orb|[from] move: Knock Off|[of] p2a: Weavile\n|faint|p1a: Indeedee\n|\n|upkeep\n|\n|t:|1783544907\n|switch|p1a: Baxcalibur|Baxcalibur, L75, F, tera:Ground|29/100\n|turn|49\n|inactive|Time left: 300 sec this turn | 300 sec total\n|\n|t:|1783544908\n|move|p2a: Weavile|Knock Off|p1a: Baxcalibur\n|-damage|p1a: Baxcalibur|0 fnt\n|-enditem|p1a: Baxcalibur|Loaded Dice|[from] move: Knock Off|[of] p2a: Weavile\n|faint|p1a: Baxcalibur\n|\n|win|p0y4391e68", "uploadtime": 1783544908, "views": 0, "rating": 0, "private": 0, "password": null, "_winner": "p0y4391e68", "_our_name": "p0y4391e68"}