{"id": "battle-gen9randombattle-2031", "formatid": "gen9randombattle", "format": "[Gen 9] Random Battle", "players": ["p0x203175d3", "p0y2031166f"], "log": "|init|battle\n|title|p0x203175d3 vs. p0y2031166f\n|j|\u2606p0x203175d3\n|j|\u2606p0y2031166f\n|t:|1783563532\n|gametype|singles\n|player|p1|p0x203175d3|169|\n|player|p2|p0y2031166f|101|\n|gen|9\n|tier|[Gen 9] Random Battle\n|rule|Species Clause: Limit one of each Pok\u00e9mon\n|rule|HP Percentage Mod: HP is shown in percentages\n|rule|Sleep Clause Mod: Limit one foe put to sleep\n|rule|Illusion Level Mod: Illusion disguises the Pok\u00e9mon's true level\n|\n|t:|1783563532\n|teamsize|p1|6\n|teamsize|p2|6\n|start\n|switch|p1a: Lokix|Lokix, L82, F|100/100\n|switch|p2a: Hoopa|Hoopa, L85|275/275\n|turn|1\n|inactive|Battle timer is ON: inactive players will automatically lose when time's up. (requested by p0y2031166f)\n|\n|t:|1783563533\n|switch|p2a: Kyurem|Kyurem-White, L73|303/303\n|-ability|p2a: Kyurem|Turboblaze\n|move|p1a: Lokix|Knock Off|p2a: Kyurem\n|-damage|p2a: Kyurem|143/303\n|-enditem|p2a: Kyurem|Choice Scarf|[from] move: Knock Off|[of] p1a: Lokix\n|-damage|p1a: Lokix|91/100|[from] item: Life Orb\n|\n|upkeep\n|turn|2\n|inactive|Time left: 300 sec this turn | 300 sec total\n|inactive|p0x203175d3 also wants the timer to be on.\n|\n|t:|1783563535\n|-terastallize|p1a: Lokix|Bug\n|move|p1a: Lokix|Leech Life|p2a: Kyurem\n|-damage|p2a: Kyurem|0 fnt\n|-heal|p1a: Lokix|100/100|[from] drain|[of] p2a: Kyurem\n|faint|p2a: Kyurem\n|-damage|p1a: Lokix|91/100|[from] item: Life Orb\n|\n|upkeep\n|inactive|Time left: 300 sec this turn | 300 sec total | 5 sec grace\n|\n|t:|1783563536\n|switch|p2a: Noivern|Noivern, L82, M|274/274\n|turn|3\n|inactive|Time left: 300 sec this turn | 300 sec total\n|\n|t:|1783563537\n|switch|p1a: Arboliva|Arboliva, L91, M|100/100\n|move|p2a: Noivern|Draco Meteor|p1a: Arboliva\n|-damage|p1a: Arboliva|48/100\n|-unboost|p2a: Noivern|spa|2\n|-fieldstart|move: Grassy Terrain|[from] ability: Seed Sower|[of] p1a: Arboliva\n|\n|-heal|p1a: Arboliva|55/100|[from] Grassy Terrain\n|-heal|p1a: Arboliva|61/100|[from] item: Leftovers\n|upkeep\n|turn|4\n|inactive|Time left: 300 sec this turn | 300 sec total\n|\n|t:|1783563538\n|switch|p2a: Registeel|Registeel, L81|262/262\n|move|p1a: Arboliva|Strength Sap|p2a: Registeel\n|-fail|p2a: Registeel|unboost|[from] ability: Clear Body|[of] p2a: Registeel\n|-heal|p1a: Arboliva|100/100\n|\n|upkeep\n|turn|5\n|inactive|Time left: 300 sec this turn | 300 sec total\n|\n|t:|1783563539\n|move|p2a: Registeel|Iron Defense|p2a: Registeel\n|-boost|p2a: Registeel|def|2\n|move|p1a: Arboliva|Earth Power|p2a: Registeel\n|-supereffective|p2a: Registeel\n|-damage|p2a: Registeel|150/262\n|\n|-heal|p2a: Registeel|166/262|[from] Grassy Terrain\n|upkeep\n|turn|6\n|inactive|Time left: 300 sec this turn | 300 sec total\n|\n|t:|1783563540\n|switch|p1a: Uxie|Uxie, L83|100/100\n|move|p2a: Registeel|Body Press|p1a: Uxie\n|-resisted|p1a: Uxie\n|-damage|p1a: Uxie|79/100\n|\n|-heal|p1a: Uxie|85/100|[from] item: Leftovers\n|-heal|p2a: Registeel|182/262|[from] Grassy Terrain\n|upkeep\n|turn|7\n|inactive|Time left: 300 sec this turn | 300 sec total\n|\n|t:|1783563541\n|move|p1a: Uxie|Thunder Wave|p2a: Registeel\n|-status|p2a: Registeel|par\n|cant|p2a: Registeel|par\n|\n|-heal|p1a: Uxie|92/100|[from] item: Leftovers\n|-heal|p2a: Registeel|198/262 par|[from] Grassy Terrain\n|-fieldend|move: Grassy Terrain\n|upkeep\n|turn|8\n|inactive|Time left: 300 sec this turn | 300 sec total\n|\n|t:|1783563542\n|move|p1a: Uxie|Psychic Noise|p2a: Registeel\n|-resisted|p2a: Registeel\n|-damage|p2a: Registeel|174/262 par\n|-start|p2a: Registeel|move: Heal Block\n|move|p2a: Registeel|Body Press|p1a: Uxie\n|-resisted|p1a: Uxie\n|-damage|p1a: Uxie|69/100\n|\n|-heal|p1a: Uxie|75/100|[from] item: Leftovers\n|upkeep\n|turn|9\n|inactive|Time left: 300 sec this turn | 300 sec total\n|\n|t:|1783563543\n|move|p1a: Uxie|Psychic Noise|p2a: Registeel\n|-resisted|p2a: Registeel\n|-damage|p2a: Registeel|153/262 par\n|move|p2a: Registeel|Iron Head|p1a: Uxie\n|-damage|p1a: Uxie|55/100\n|\n|-heal|p1a: Uxie|61/100|[from] item: Leftovers\n|-end|p2a: Registeel|move: Heal Block\n|upkeep\n|turn|10\n|inactive|Time left: 300 sec this turn | 300 sec total\n|\n|t:|1783563544\n|move|p1a: Uxie|Psychic Noise|p2a: Registeel\n|-resisted|p2a: Registeel\n|-damage|p2a: Registeel|132/262 par\n|-start|p2a: Registeel|move: Heal Block\n|move|p2a: Registeel|Body Press|p1a: Uxie\n|-resisted|p1a: Uxie\n|-damage|p1a: Uxie|40/100\n|\n|-heal|p1a: Uxie|46/100|[from] item: Leftovers\n|upkeep\n|turn|11\n|inactive|Time left: 300 sec this turn | 300 sec total\n|\n|t:|1783563546\n|move|p1a: Uxie|Psychic Noise|p2a: Registeel\n|-resisted|p2a: Registeel\n|-damage|p2a: Registeel|111/262 par\n|move|p2a: Registeel|Body Press|p1a: Uxie\n|-resisted|p1a: Uxie\n|-damage|p1a: Uxie|25/100\n|\n|-heal|p1a: Uxie|31/100|[from] item: Leftovers\n|-end|p2a: Registeel|move: Heal Block\n|upkeep\n|turn|12\n|inactive|Time left: 300 sec this turn | 300 sec total\n|\n|t:|1783563547\n|move|p1a: Uxie|Psychic Noise|p2a: Registeel\n|-resisted|p2a: Registeel\n|-damage|p2a: Registeel|89/262 par\n|-start|p2a: Registeel|move: Heal Block\n|cant|p2a: Registeel|move: Heal Block|Rest\n|\n|-heal|p1a: Uxie|37/100|[from] item: Leftovers\n|upkeep\n|turn|13\n|inactive|Time left: 300 sec this turn | 300 sec total\n|\n|t:|1783563548\n|move|p1a: Uxie|Psychic Noise|p2a: Registeel\n|-resisted|p2a: Registeel\n|-damage|p2a: Registeel|65/262 par\n|move|p2a: Registeel|Body Press|p1a: Uxie\n|-resisted|p1a: Uxie\n|-damage|p1a: Uxie|15/100\n|\n|-heal|p1a: Uxie|21/100|[from] item: Leftovers\n|-end|p2a: Registeel|move: Heal Block\n|upkeep\n|turn|14\n|inactive|Time left: 300 sec this turn | 300 sec total\n|\n|t:|1783563550\n|move|p1a: Uxie|Psychic Noise|p2a: Registeel\n|-resisted|p2a: Registeel\n|-damage|p2a: Registeel|41/262 par\n|-start|p2a: Registeel|move: Heal Block\n|cant|p2a: Registeel|move: Heal Block|Rest\n|\n|-heal|p1a: Uxie|27/100|[from] item: Leftovers\n|upkeep\n|turn|15\n|inactive|Time left: 300 sec this turn | 300 sec total\n|\n|t:|1783563551\n|move|p1a: Uxie|Psychic Noise|p2a: Registeel\n|-resisted|p2a: Registeel\n|-damage|p2a: Registeel|20/262 par\n|move|p2a: Registeel|Body Press|p1a: Uxie\n|-resisted|p1a: Uxie\n|-damage|p1a: Uxie|4/100\n|\n|-heal|p1a: Uxie|10/100|[from] item: Leftovers\n|-end|p2a: Registeel|move: Heal Block\n|upkeep\n|turn|16\n|inactive|Time left: 300 sec this turn | 300 sec total\n|\n|t:|1783563552\n|move|p1a: Uxie|Psychic Noise|p2a: Registeel\n|-resisted|p2a: Registeel\n|-damage|p2a: Registeel|0 fnt\n|faint|p2a: Registeel\n|\n|-heal|p1a: Uxie|16/100|[from] item: Leftovers\n|upkeep\n|inactive|Time left: 300 sec this turn | 300 sec total | 5 sec grace\n|\n|t:|1783563553\n|switch|p2a: Noivern|Noivern, L82, M|274/274\n|turn|17\n|inactive|Time left: 300 sec this turn | 300 sec total\n|\n|t:|1783563554\n|switch|p1a: Glimmora|Glimmora, L75, M|100/100\n|move|p2a: Noivern|Hurricane|p1a: Glimmora|[miss]\n|-miss|p2a: Noivern|p1a: Glimmora\n|\n|upkeep\n|turn|18\n|inactive|Time left: 300 sec this turn | 300 sec total\n|\n|t:|1783563555\n|move|p2a: Noivern|Hurricane|p1a: Glimmora\n|-resisted|p1a: Glimmora\n|-damage|p1a: Glimmora|63/100\n|-start|p1a: Glimmora|confusion\n|-activate|p1a: Glimmora|confusion\n|move|p1a: Glimmora|Meteor Beam||[still]\n|-prepare|p1a: Glimmora|Meteor Beam\n|-boost|p1a: Glimmora|spa|1\n|-enditem|p1a: Glimmora|Power Herb\n|-anim|p1a: Glimmora|Meteor Beam|p2a: Noivern\n|-supereffective|p2a: Noivern\n|-damage|p2a: Noivern|0 fnt\n|faint|p2a: Noivern\n|\n|upkeep\n|inactive|Time left: 300 sec this turn | 300 sec total | 5 sec grace\n|\n|t:|1783563556\n|switch|p2a: Meowstic|Meowstic, L89, M|277/277\n|turn|19\n|inactive|Time left: 300 sec this turn | 300 sec total\n|\n|t:|1783563557\n|switch|p1a: Arboliva|Arboliva, L91, M|100/100\n|move|p2a: Meowstic|Psychic Noise|p1a: Arboliva\n|-damage|p1a: Arboliva|78/100\n|-start|p1a: Arboliva|move: Heal Block\n|-fieldstart|move: Grassy Terrain|[from] ability: Seed Sower|[of] p1a: Arboliva\n|\n|upkeep\n|turn|20\n|inactive|Time left: 300 sec this turn | 300 sec total\n|\n|t:|1783563558\n|move|p2a: Meowstic|Light Screen|p2a: Meowstic\n|-sidestart|p2: p0y2031166f|move: Light Screen\n|move|p1a: Arboliva|Energy Ball|p2a: Meowstic\n|-damage|p2a: Meowstic|188/277\n|\n|-heal|p2a: Meowstic|205/277|[from] Grassy Terrain\n|-end|p1a: Arboliva|move: Heal Block\n|upkeep\n|turn|21\n|inactive|Time left: 300 sec this turn | 300 sec total\n|\n|t:|1783563559\n|move|p2a: Meowstic|Thunder Wave|p1a: Arboliva\n|-status|p1a: Arboliva|par\n|cant|p1a: Arboliva|par\n|\n|-heal|p2a: Meowstic|222/277|[from] Grassy Terrain\n|-heal|p1a: Arboliva|84/100 par|[from] Grassy Terrain\n|-heal|p1a: Arboliva|90/100 par|[from] item: Leftovers\n|upkeep\n|turn|22\n|inactive|Time left: 300 sec this turn | 300 sec total\n|\n|t:|1783563560\n|move|p2a: Meowstic|Reflect|p2a: Meowstic\n|-sidestart|p2: p0y2031166f|Reflect\n|move|p1a: Arboliva|Energy Ball|p2a: Meowstic\n|-damage|p2a: Meowstic|138/277\n|\n|-heal|p2a: Meowstic|155/277|[from] Grassy Terrain\n|-heal|p1a: Arboliva|96/100 par|[from] Grassy Terrain\n|-heal|p1a: Arboliva|100/100 par|[from] item: Leftovers\n|upkeep\n|turn|23\n|inactive|Time left: 300 sec this turn | 300 sec total\n|\n|t:|1783563561\n|move|p2a: Meowstic|Psychic Noise|p1a: Arboliva\n|-damage|p1a: Arboliva|77/100 par\n|-start|p1a: Arboliva|move: Heal Block\n|move|p1a: Arboliva|Energy Ball|p2a: Meowstic\n|-damage|p2a: Meowstic|68/277\n|\n|-heal|p2a: Meowstic|85/277|[from] Grassy Terrain\n|-fieldend|move: Grassy Terrain\n|upkeep\n|turn|24\n|inactive|Time left: 300 sec this turn | 300 sec total\n|\n|t:|1783563561\n|move|p2a: Meowstic|Psychic Noise|p1a: Arboliva\n|-damage|p1a: Arboliva|56/100 par\n|-fieldstart|move: Grassy Terrain|[from] ability: Seed Sower|[of] p1a: Arboliva\n|move|p1a: Arboliva|Energy Ball|p2a: Meowstic\n|-damage|p2a: Meowstic|1/277\n|\n|-heal|p2a: Meowstic|18/277|[from] Grassy Terrain\n|-end|p1a: Arboliva|move: Heal Block\n|upkeep\n|turn|25\n|inactive|Time left: 300 sec this turn | 300 sec total\n|\n|t:|1783563562\n|move|p2a: Meowstic|Psychic Noise|p1a: Arboliva\n|-damage|p1a: Arboliva|36/100 par\n|-start|p1a: Arboliva|move: Heal Block\n|cant|p1a: Arboliva|move: Heal Block|Strength Sap\n|\n|-heal|p2a: Meowstic|35/277|[from] Grassy Terrain\n|upkeep\n|turn|26\n|inactive|Time left: 300 sec this turn | 300 sec total\n|\n|t:|1783563563\n|switch|p2a: Hoopa|Hoopa, L85|275/275\n|move|p1a: Arboliva|Energy Ball|p2a: Hoopa\n|-damage|p2a: Hoopa|215/275\n|\n|-heal|p2a: Hoopa|232/275|[from] Grassy Terrain\n|-end|p1a: Arboliva|move: Heal Block\n|upkeep\n|turn|27\n|inactive|Time left: 300 sec this turn | 300 sec total\n|\n|t:|1783563564\n|move|p2a: Hoopa|Psychic|p1a: Arboliva\n|-damage|p1a: Arboliva|0 fnt\n|faint|p1a: Arboliva\n|\n|-heal|p2a: Hoopa|249/275|[from] Grassy Terrain\n|-sideend|p2: p0y2031166f|move: Light Screen\n|upkeep\n|\n|t:|1783563565\n|switch|p1a: Lokix|Lokix, L82, F, tera:Bug|91/100\n|turn|28\n|inactive|Time left: 300 sec this turn | 300 sec total\n|\n|t:|1783563566\n|move|p2a: Hoopa|Psychic|p1a: Lokix\n|-damage|p1a: Lokix|15/100\n|move|p1a: Lokix|Knock Off|p2a: Hoopa\n|-supereffective|p2a: Hoopa\n|-damage|p2a: Hoopa|0 fnt\n|-enditem|p2a: Hoopa|Choice Scarf|[from] move: Knock Off|[of] p1a: Lokix\n|faint|p2a: Hoopa\n|-damage|p1a: Lokix|5/100|[from] item: Life Orb\n|\n|-heal|p1a: Lokix|11/100|[from] Grassy Terrain\n|-fieldend|move: Grassy Terrain\n|upkeep\n|inactive|Time left: 300 sec this turn | 300 sec total | 5 sec grace\n|\n|t:|1783563567\n|switch|p2a: Meowstic|Meowstic, L89, M|35/277\n|turn|29\n|inactive|Time left: 300 sec this turn | 300 sec total\n|\n|t:|1783563568\n|move|p1a: Lokix|Sucker Punch|p2a: Meowstic\n|-supereffective|p2a: Meowstic\n|-damage|p2a: Meowstic|0 fnt\n|faint|p2a: Meowstic\n|-damage|p1a: Lokix|1/100|[from] item: Life Orb\n|\n|-sideend|p2: p0y2031166f|Reflect\n|upkeep\n|inactive|Time left: 300 sec this turn | 300 sec total | 5 sec grace\n|\n|t:|1783563569\n|switch|p2a: Excadrill|Excadrill, L79, M|303/303\n|-ability|p2a: Excadrill|Mold Breaker\n|turn|30\n|inactive|Time left: 300 sec this turn | 300 sec total\n|\n|t:|1783563570\n|move|p1a: Lokix|Leech Life|p2a: Excadrill\n|-resisted|p2a: Excadrill\n|-damage|p2a: Excadrill|92/303\n|-heal|p1a: Lokix|43/100|[from] drain|[of] p2a: Excadrill\n|-damage|p1a: Lokix|33/100|[from] item: Life Orb\n|move|p2a: Excadrill|Rock Slide|p1a: Lokix\n|-supereffective|p1a: Lokix\n|-damage|p1a: Lokix|0 fnt\n|faint|p1a: Lokix\n|\n|upkeep\n|\n|t:|1783563571\n|switch|p1a: Slither Wing|Slither Wing, L81|100/100\n|turn|31\n|inactive|Time left: 300 sec this turn | 300 sec total\n|\n|t:|1783563572\n|move|p1a: Slither Wing|Earthquake|p2a: Excadrill\n|-supereffective|p2a: Excadrill\n|-damage|p2a: Excadrill|0 fnt\n|faint|p2a: Excadrill\n|\n|win|p0x203175d3", "uploadtime": 1783563572, "views": 0, "rating": 0, "private": 0, "password": null, "_winner": "p0x203175d3", "_our_name": "p0y2031166f"}