{"id": "battle-gen9randombattle-2333", "formatid": "gen9randombattle", "format": "[Gen 9] Random Battle", "players": ["p0x2333d3fe", "p0y2333026b"], "log": "|init|battle\n|title|p0x2333d3fe vs. p0y2333026b\n|j|\u2606p0x2333d3fe\n|j|\u2606p0y2333026b\n|t:|1783567080\n|gametype|singles\n|player|p1|p0x2333d3fe|2|\n|player|p2|p0y2333026b|102|\n|gen|9\n|tier|[Gen 9] Random Battle\n|rule|Species Clause: Limit one of each Pok\u00e9mon\n|rule|HP Percentage Mod: HP is shown in percentages\n|rule|Sleep Clause Mod: Limit one foe put to sleep\n|rule|Illusion Level Mod: Illusion disguises the Pok\u00e9mon's true level\n|\n|t:|1783567080\n|teamsize|p1|6\n|teamsize|p2|6\n|start\n|switch|p1a: Eelektross|Eelektross, L87, M|100/100\n|switch|p2a: Manaphy|Manaphy, L78|284/284\n|turn|1\n|inactive|Battle timer is ON: inactive players will automatically lose when time's up. (requested by p0y2333026b)\n|inactive|p0x2333d3fe also wants the timer to be on.\n|\n|t:|1783567082\n|move|p2a: Manaphy|Tail Glow|p2a: Manaphy\n|-boost|p2a: Manaphy|spa|3\n|move|p1a: Eelektross|Discharge|p2a: Manaphy\n|-supereffective|p2a: Manaphy\n|-damage|p2a: Manaphy|90/284\n|\n|-heal|p2a: Manaphy|107/284|[from] item: Leftovers\n|upkeep\n|turn|2\n|inactive|Time left: 300 sec this turn | 300 sec total\n|\n|t:|1783567083\n|move|p2a: Manaphy|Ice Beam|p1a: Eelektross\n|-damage|p1a: Eelektross|68/100\n|move|p1a: Eelektross|Discharge|p2a: Manaphy\n|-supereffective|p2a: Manaphy\n|-damage|p2a: Manaphy|0 fnt\n|faint|p2a: Manaphy\n|\n|upkeep\n|inactive|Time left: 300 sec this turn | 300 sec total | 5 sec grace\n|\n|t:|1783567084\n|switch|p2a: Diancie|Diancie, L82|216/216\n|turn|3\n|inactive|Time left: 300 sec this turn | 300 sec total\n|\n|t:|1783567085\n|move|p1a: Eelektross|Discharge|p2a: Diancie\n|-damage|p2a: Diancie|150/216\n|move|p2a: Diancie|Diamond Storm|p1a: Eelektross\n|-damage|p1a: Eelektross|32/100\n|\n|-heal|p2a: Diancie|163/216|[from] item: Leftovers\n|upkeep\n|turn|4\n|inactive|Time left: 300 sec this turn | 300 sec total\n|\n|t:|1783567087\n|move|p1a: Eelektross|Discharge|p2a: Diancie\n|-damage|p2a: Diancie|96/216\n|move|p2a: Diancie|Diamond Storm|p1a: Eelektross\n|-damage|p1a: Eelektross|0 fnt\n|-boost|p2a: Diancie|def|2\n|faint|p1a: Eelektross\n|\n|-heal|p2a: Diancie|109/216|[from] item: Leftovers\n|upkeep\n|\n|t:|1783567087\n|switch|p1a: Crabominable|Crabominable, L90, M|100/100\n|turn|5\n|inactive|Time left: 300 sec this turn | 300 sec total\n|\n|t:|1783567089\n|-terastallize|p2a: Diancie|Fighting\n|-terastallize|p1a: Crabominable|Ground\n|move|p2a: Diancie|Body Press|p1a: Crabominable\n|-damage|p1a: Crabominable|23/100\n|move|p1a: Crabominable|Earthquake|p2a: Diancie\n|-damage|p2a: Diancie|30/216\n|\n|-heal|p2a: Diancie|43/216|[from] item: Leftovers\n|upkeep\n|turn|6\n|inactive|Time left: 300 sec this turn | 300 sec total\n|\n|t:|1783567090\n|move|p1a: Crabominable|Earthquake|p2a: Diancie\n|-damage|p2a: Diancie|0 fnt\n|faint|p2a: Diancie\n|\n|upkeep\n|inactive|Time left: 300 sec this turn | 300 sec total | 5 sec grace\n|\n|t:|1783567091\n|switch|p2a: Veluza|Veluza, L85, M|292/292\n|turn|7\n|inactive|Time left: 300 sec this turn | 300 sec total\n|\n|t:|1783567092\n|switch|p1a: Ting-Lu|Ting-Lu, L78|100/100\n|-ability|p1a: Ting-Lu|Vessel of Ruin\n|move|p2a: Veluza|Aqua Cutter|p1a: Ting-Lu\n|-supereffective|p1a: Ting-Lu\n|-damage|p1a: Ting-Lu|47/100\n|\n|-heal|p1a: Ting-Lu|53/100|[from] item: Leftovers\n|upkeep\n|turn|8\n|inactive|Time left: 300 sec this turn | 300 sec total\n|\n|t:|1783567093\n|switch|p1a: Cresselia|Cresselia, L80, F|100/100\n|move|p2a: Veluza|Aqua Cutter|p1a: Cresselia\n|-damage|p1a: Cresselia|66/100\n|\n|-heal|p1a: Cresselia|72/100|[from] item: Leftovers\n|upkeep\n|turn|9\n|inactive|Time left: 300 sec this turn | 300 sec total\n|\n|t:|1783567094\n|move|p1a: Cresselia|Moonlight|p1a: Cresselia\n|-heal|p1a: Cresselia|100/100\n|move|p2a: Veluza|Fillet Away|p2a: Veluza\n|-boost|p2a: Veluza|atk|2\n|-boost|p2a: Veluza|spa|2\n|-boost|p2a: Veluza|spe|2\n|-damage|p2a: Veluza|146/292\n|-enditem|p2a: Veluza|Sitrus Berry|[eat]\n|-heal|p2a: Veluza|219/292|[from] item: Sitrus Berry\n|\n|upkeep\n|turn|10\n|inactive|Time left: 300 sec this turn | 300 sec total\n|\n|t:|1783567095\n|move|p2a: Veluza|Night Slash|p1a: Cresselia\n|-supereffective|p1a: Cresselia\n|-damage|p1a: Cresselia|14/100\n|move|p1a: Cresselia|Moonlight|p1a: Cresselia\n|-heal|p1a: Cresselia|64/100\n|\n|-heal|p1a: Cresselia|70/100|[from] item: Leftovers\n|upkeep\n|turn|11\n|inactive|Time left: 300 sec this turn | 300 sec total\n|\n|t:|1783567096\n|switch|p1a: Ting-Lu|Ting-Lu, L78|53/100\n|-ability|p1a: Ting-Lu|Vessel of Ruin\n|move|p2a: Veluza|Night Slash|p1a: Ting-Lu\n|-resisted|p1a: Ting-Lu\n|-damage|p1a: Ting-Lu|34/100\n|\n|-heal|p1a: Ting-Lu|40/100|[from] item: Leftovers\n|upkeep\n|turn|12\n|inactive|Time left: 300 sec this turn | 300 sec total\n|\n|t:|1783567097\n|move|p2a: Veluza|Aqua Cutter|p1a: Ting-Lu\n|-supereffective|p1a: Ting-Lu\n|-damage|p1a: Ting-Lu|0 fnt\n|faint|p1a: Ting-Lu\n|\n|upkeep\n|\n|t:|1783567099\n|switch|p1a: Arbok|Arbok, L87, M|100/100\n|-ability|p1a: Arbok|Intimidate|boost\n|-unboost|p2a: Veluza|atk|1\n|turn|13\n|inactive|Time left: 300 sec this turn | 300 sec total\n|\n|t:|1783567100\n|switch|p1a: Crabominable|Crabominable, L90, M, tera:Ground|23/100\n|move|p2a: Veluza|Psycho Cut|p1a: Crabominable\n|-damage|p1a: Crabominable|0 fnt\n|faint|p1a: Crabominable\n|\n|upkeep\n|\n|t:|1783567101\n|switch|p1a: Arbok|Arbok, L87, M|100/100\n|-ability|p1a: Arbok|Intimidate|boost\n|-unboost|p2a: Veluza|atk|1\n|turn|14\n|inactive|Time left: 300 sec this turn | 300 sec total\n|\n|t:|1783567101\n|switch|p1a: Cresselia|Cresselia, L80, F|70/100\n|move|p2a: Veluza|Psycho Cut|p1a: Cresselia\n|-resisted|p1a: Cresselia\n|-damage|p1a: Cresselia|53/100\n|\n|-heal|p1a: Cresselia|60/100|[from] item: Leftovers\n|upkeep\n|turn|15\n|inactive|Time left: 300 sec this turn | 300 sec total\n|\n|t:|1783567102\n|move|p2a: Veluza|Night Slash|p1a: Cresselia\n|-supereffective|p1a: Cresselia\n|-damage|p1a: Cresselia|14/100\n|move|p1a: Cresselia|Moonblast|p2a: Veluza\n|-damage|p2a: Veluza|161/292\n|\n|-heal|p1a: Cresselia|21/100|[from] item: Leftovers\n|upkeep\n|turn|16\n|inactive|Time left: 300 sec this turn | 300 sec total\n|\n|t:|1783567103\n|move|p2a: Veluza|Aqua Cutter|p1a: Cresselia\n|-damage|p1a: Cresselia|0 fnt\n|faint|p1a: Cresselia\n|\n|upkeep\n|\n|t:|1783567104\n|switch|p1a: Arbok|Arbok, L87, M|100/100\n|-ability|p1a: Arbok|Intimidate|boost\n|-unboost|p2a: Veluza|atk|1\n|turn|17\n|inactive|Time left: 300 sec this turn | 300 sec total\n|\n|t:|1783567105\n|move|p2a: Veluza|Psycho Cut|p1a: Arbok\n|-supereffective|p1a: Arbok\n|-damage|p1a: Arbok|22/100\n|move|p1a: Arbok|Gunk Shot|p2a: Veluza\n|-crit|p2a: Veluza\n|-damage|p2a: Veluza|0 fnt\n|faint|p2a: Veluza\n|-damage|p1a: Arbok|13/100|[from] item: Life Orb\n|\n|upkeep\n|inactive|Time left: 300 sec this turn | 300 sec total | 5 sec grace\n|\n|t:|1783567106\n|switch|p2a: Electivire|Electivire, L84, F|263/263\n|turn|18\n|inactive|Time left: 300 sec this turn | 300 sec total\n|\n|t:|1783567107\n|switch|p1a: Sandaconda|Sandaconda, L84, F|100/100\n|move|p2a: Electivire|Knock Off|p1a: Sandaconda\n|-damage|p1a: Sandaconda|68/100\n|-enditem|p1a: Sandaconda|Leftovers|[from] move: Knock Off|[of] p2a: Electivire\n|-damage|p2a: Electivire|237/263|[from] item: Life Orb\n|\n|upkeep\n|turn|19\n|inactive|Time left: 300 sec this turn | 300 sec total\n|\n|t:|1783567108\n|move|p2a: Electivire|Ice Punch|p1a: Sandaconda\n|-supereffective|p1a: Sandaconda\n|-damage|p1a: Sandaconda|18/100\n|-damage|p2a: Electivire|211/263|[from] item: Life Orb\n|move|p1a: Sandaconda|Rest|p1a: Sandaconda\n|-status|p1a: Sandaconda|slp|[from] move: Rest\n|-heal|p1a: Sandaconda|100/100 slp|[silent]\n|\n|upkeep\n|turn|20\n|inactive|Time left: 300 sec this turn | 300 sec total\n|\n|t:|1783567109\n|move|p2a: Electivire|Ice Punch|p1a: Sandaconda\n|-supereffective|p1a: Sandaconda\n|-damage|p1a: Sandaconda|55/100 slp\n|-damage|p2a: Electivire|185/263|[from] item: Life Orb\n|cant|p1a: Sandaconda|slp\n|\n|upkeep\n|turn|21\n|inactive|Time left: 300 sec this turn | 300 sec total\n|\n|t:|1783567110\n|switch|p1a: Arbok|Arbok, L87, M|13/100\n|-ability|p1a: Arbok|Intimidate|boost\n|-unboost|p2a: Electivire|atk|1\n|move|p2a: Electivire|Ice Punch|p1a: Arbok\n|-damage|p1a: Arbok|0 fnt\n|faint|p1a: Arbok\n|-damage|p2a: Electivire|159/263|[from] item: Life Orb\n|\n|upkeep\n|\n|t:|1783567111\n|switch|p1a: Sandaconda|Sandaconda, L84, F|55/100 slp\n|turn|22\n|inactive|Time left: 300 sec this turn | 300 sec total\n|\n|t:|1783567112\n|move|p2a: Electivire|Ice Punch|p1a: Sandaconda\n|-supereffective|p1a: Sandaconda\n|-damage|p1a: Sandaconda|21/100 slp\n|-damage|p2a: Electivire|133/263|[from] item: Life Orb\n|cant|p1a: Sandaconda|slp\n|\n|upkeep\n|turn|23\n|inactive|Time left: 300 sec this turn | 300 sec total\n|\n|t:|1783567113\n|move|p2a: Electivire|Flamethrower|p1a: Sandaconda\n|-damage|p1a: Sandaconda|0 fnt\n|faint|p1a: Sandaconda\n|-damage|p2a: Electivire|107/263|[from] item: Life Orb\n|\n|win|p0y2333026b", "uploadtime": 1783567113, "views": 0, "rating": 0, "private": 0, "password": null, "_winner": "p0y2333026b", "_our_name": "p0y2333026b"}