{"id": "battle-gen9randombattle-1685", "formatid": "gen9randombattle", "format": "[Gen 9] Random Battle", "players": ["p0x1685a109", "p0y168584e0"], "log": "|init|battle\n|title|p0x1685a109 vs. p0y168584e0\n|j|\u2606p0x1685a109\n|j|\u2606p0y168584e0\n|t:|1783558752\n|gametype|singles\n|player|p1|p0x1685a109|169|\n|player|p2|p0y168584e0|2|\n|gen|9\n|tier|[Gen 9] Random Battle\n|rule|Species Clause: Limit one of each Pok\u00e9mon\n|rule|HP Percentage Mod: HP is shown in percentages\n|rule|Sleep Clause Mod: Limit one foe put to sleep\n|rule|Illusion Level Mod: Illusion disguises the Pok\u00e9mon's true level\n|\n|t:|1783558752\n|teamsize|p1|6\n|teamsize|p2|6\n|start\n|switch|p1a: Garchomp|Garchomp, L74, F|282/282\n|switch|p2a: Regirock|Regirock, L83|100/100\n|turn|1\n|inactive|Battle timer is ON: inactive players will automatically lose when time's up. (requested by p0y168584e0)\n|inactive|Time left: 300 sec this turn | 300 sec total | 60 sec grace\n|\n|t:|1783558754\n|move|p1a: Garchomp|Stealth Rock|p2a: Regirock\n|-sidestart|p2: p0y168584e0|move: Stealth Rock\n|move|p2a: Regirock|Body Press|p1a: Garchomp\n|-damage|p1a: Garchomp|174/282\n|-damage|p2a: Regirock|88/100|[from] ability: Rough Skin|[of] p1a: Garchomp\n|-damage|p2a: Regirock|72/100|[from] item: Rocky Helmet|[of] p1a: Garchomp\n|\n|-heal|p2a: Regirock|78/100|[from] item: Leftovers\n|upkeep\n|turn|2\n|inactive|Time left: 300 sec this turn | 300 sec total\n|inactive|p0x1685a109 also wants the timer to be on.\n|\n|t:|1783558755\n|move|p1a: Garchomp|Outrage|p2a: Regirock\n|-damage|p2a: Regirock|53/100\n|move|p2a: Regirock|Iron Defense|p2a: Regirock\n|-boost|p2a: Regirock|def|2\n|\n|-heal|p2a: Regirock|59/100|[from] item: Leftovers\n|upkeep\n|turn|3\n|inactive|Time left: 300 sec this turn | 300 sec total\n|\n|t:|1783558756\n|move|p1a: Garchomp|Outrage|p2a: Regirock|[from] lockedmove\n|-damage|p2a: Regirock|45/100\n|-start|p1a: Garchomp|confusion|[fatigue]\n|move|p2a: Regirock|Body Press|p1a: Garchomp\n|-damage|p1a: Garchomp|0 fnt\n|-damage|p2a: Regirock|33/100|[from] ability: Rough Skin|[of] p1a: Garchomp\n|-damage|p2a: Regirock|17/100|[from] item: Rocky Helmet|[of] p1a: Garchomp\n|faint|p1a: Garchomp\n|\n|-heal|p2a: Regirock|23/100|[from] item: Leftovers\n|upkeep\n|inactive|Time left: 300 sec this turn | 300 sec total | 5 sec grace\n|\n|t:|1783558757\n|switch|p1a: Veluza|Veluza, L85, M|292/292\n|turn|4\n|inactive|Time left: 300 sec this turn | 300 sec total\n|\n|t:|1783558758\n|move|p1a: Veluza|Aqua Cutter|p2a: Regirock\n|-supereffective|p2a: Regirock\n|-damage|p2a: Regirock|0 fnt\n|faint|p2a: Regirock\n|\n|upkeep\n|\n|t:|1783558759\n|switch|p2a: Meganium|Meganium, L90, F|100/100\n|-damage|p2a: Meganium|88/100|[from] Stealth Rock\n|turn|5\n|inactive|Time left: 300 sec this turn | 300 sec total\n|\n|t:|1783558760\n|switch|p1a: Conkeldurr|Conkeldurr, L80, M|299/299\n|move|p2a: Meganium|Energy Ball|p1a: Conkeldurr\n|-damage|p1a: Conkeldurr|161/299\n|\n|-heal|p2a: Meganium|94/100|[from] item: Leftovers\n|-status|p1a: Conkeldurr|brn|[from] item: Flame Orb\n|upkeep\n|turn|6\n|inactive|Time left: 300 sec this turn | 300 sec total\n|\n|t:|1783558761\n|switch|p1a: Sawsbuck|Sawsbuck-Autumn, L88, M|284/284\n|move|p2a: Meganium|Energy Ball|p1a: Sawsbuck\n|-ability|p1a: Sawsbuck|Sap Sipper|boost\n|-boost|p1a: Sawsbuck|atk|1\n|\n|-heal|p2a: Meganium|100/100|[from] item: Leftovers\n|upkeep\n|turn|7\n|inactive|Time left: 300 sec this turn | 300 sec total\n|\n|t:|1783558762\n|move|p1a: Sawsbuck|Swords Dance|p1a: Sawsbuck\n|-boost|p1a: Sawsbuck|atk|2\n|move|p2a: Meganium|Knock Off|p1a: Sawsbuck\n|-damage|p1a: Sawsbuck|206/284\n|-enditem|p1a: Sawsbuck|Life Orb|[from] move: Knock Off|[of] p2a: Meganium\n|\n|upkeep\n|turn|8\n|inactive|Time left: 300 sec this turn | 300 sec total\n|\n|t:|1783558763\n|move|p1a: Sawsbuck|Double-Edge|p2a: Meganium\n|-damage|p2a: Meganium|0 fnt\n|faint|p2a: Meganium\n|-damage|p1a: Sawsbuck|110/284|[from] Recoil\n|\n|upkeep\n|\n|t:|1783558763\n|switch|p2a: Zebstrika|Zebstrika, L87, F|100/100\n|-damage|p2a: Zebstrika|88/100|[from] Stealth Rock\n|turn|9\n|inactive|Time left: 300 sec this turn | 300 sec total\n|\n|t:|1783558764\n|move|p2a: Zebstrika|Overheat|p1a: Sawsbuck\n|-supereffective|p1a: Sawsbuck\n|-damage|p1a: Sawsbuck|0 fnt\n|-unboost|p2a: Zebstrika|spa|2\n|faint|p1a: Sawsbuck\n|-damage|p2a: Zebstrika|78/100|[from] item: Life Orb\n|\n|upkeep\n|inactive|Time left: 300 sec this turn | 300 sec total | 5 sec grace\n|\n|t:|1783558765\n|switch|p1a: Leavanny|Leavanny, L86, M|269/269\n|turn|10\n|inactive|Time left: 300 sec this turn | 300 sec total\n|\n|t:|1783558766\n|move|p2a: Zebstrika|Overheat|p1a: Leavanny\n|-supereffective|p1a: Leavanny\n|-crit|p1a: Leavanny\n|-damage|p1a: Leavanny|0 fnt\n|-unboost|p2a: Zebstrika|spa|2\n|faint|p1a: Leavanny\n|-damage|p2a: Zebstrika|68/100|[from] item: Life Orb\n|\n|upkeep\n|inactive|Time left: 300 sec this turn | 300 sec total | 5 sec grace\n|\n|t:|1783558766\n|switch|p1a: Rampardos|Rampardos, L90, M|321/321\n|turn|11\n|inactive|Time left: 300 sec this turn | 300 sec total\n|\n|t:|1783558767\n|-terastallize|p2a: Zebstrika|Ground\n|-terastallize|p1a: Rampardos|Ground\n|move|p2a: Zebstrika|High Horsepower|p1a: Rampardos\n|-damage|p1a: Rampardos|134/321\n|-damage|p2a: Zebstrika|58/100|[from] item: Life Orb\n|move|p1a: Rampardos|Earthquake|p2a: Zebstrika\n|-damage|p2a: Zebstrika|0 fnt\n|faint|p2a: Zebstrika\n|\n|upkeep\n|\n|t:|1783558768\n|switch|p2a: Flygon|Flygon, L82, F|100/100\n|-damage|p2a: Flygon|94/100|[from] Stealth Rock\n|turn|12\n|inactive|Time left: 300 sec this turn | 300 sec total\n|\n|t:|1783558768\n|move|p1a: Rampardos|Earthquake|p2a: Flygon\n|-immune|p2a: Flygon|[from] ability: Levitate\n|move|p2a: Flygon|Dragon Dance|p2a: Flygon\n|-boost|p2a: Flygon|atk|1\n|-boost|p2a: Flygon|spe|1\n|\n|upkeep\n|turn|13\n|inactive|Time left: 300 sec this turn | 300 sec total\n|\n|t:|1783558769\n|move|p2a: Flygon|Outrage|p1a: Rampardos\n|-damage|p1a: Rampardos|0 fnt\n|faint|p1a: Rampardos\n|\n|upkeep\n|inactive|Time left: 300 sec this turn | 300 sec total | 5 sec grace\n|\n|t:|1783558770\n|switch|p1a: Conkeldurr|Conkeldurr, L80, M|161/299 brn\n|turn|14\n|inactive|Time left: 300 sec this turn | 300 sec total\n|\n|t:|1783558771\n|move|p2a: Flygon|Outrage|p1a: Conkeldurr|[from] lockedmove\n|-damage|p1a: Conkeldurr|0 fnt\n|faint|p1a: Conkeldurr\n|\n|upkeep\n|inactive|Time left: 300 sec this turn | 300 sec total | 5 sec grace\n|\n|t:|1783558772\n|switch|p1a: Veluza|Veluza, L85, M|292/292\n|turn|15\n|inactive|Time left: 300 sec this turn | 300 sec total\n|\n|t:|1783558773\n|move|p2a: Flygon|Outrage|p1a: Veluza|[from] lockedmove\n|-damage|p1a: Veluza|87/292\n|-enditem|p1a: Veluza|Sitrus Berry|[eat]\n|-heal|p1a: Veluza|160/292|[from] item: Sitrus Berry\n|-start|p2a: Flygon|confusion|[fatigue]\n|-enditem|p2a: Flygon|Lum Berry|[eat]\n|-end|p2a: Flygon|confusion\n|move|p1a: Veluza|Psycho Cut|p2a: Flygon\n|-damage|p2a: Flygon|41/100\n|\n|upkeep\n|turn|16\n|inactive|Time left: 300 sec this turn | 300 sec total\n|\n|t:|1783558774\n|move|p2a: Flygon|Outrage|p1a: Veluza\n|-damage|p1a: Veluza|0 fnt\n|faint|p1a: Veluza\n|\n|win|p0y168584e0", "uploadtime": 1783558774, "views": 0, "rating": 0, "private": 0, "password": null, "_winner": "p0y168584e0", "_our_name": "p0x1685a109"}