{"id": "battle-gen9randombattle-405", "formatid": "gen9randombattle", "format": "[Gen 9] Random Battle", "players": ["p0x405fd71", "p0y405bb03"], "log": "|init|battle\n|title|p0x405fd71 vs. p0y405bb03\n|j|\u2606p0x405fd71\n|j|\u2606p0y405bb03\n|t:|1783544391\n|gametype|singles\n|player|p1|p0x405fd71|1|\n|player|p2|p0y405bb03|265|\n|gen|9\n|tier|[Gen 9] Random Battle\n|rule|Species Clause: Limit one of each Pok\u00e9mon\n|rule|HP Percentage Mod: HP is shown in percentages\n|rule|Sleep Clause Mod: Limit one foe put to sleep\n|rule|Illusion Level Mod: Illusion disguises the Pok\u00e9mon's true level\n|\n|t:|1783544391\n|teamsize|p1|6\n|teamsize|p2|6\n|start\n|switch|p1a: Hawlucha|Hawlucha, L80, F|256/256\n|switch|p2a: Kingdra|Kingdra, L84, F|100/100\n|turn|1\n|inactive|Battle timer is ON: inactive players will automatically lose when time's up. (requested by p0x405fd71)\n|inactive|p0y405bb03 also wants the timer to be on.\n|\n|t:|1783544393\n|switch|p1a: Espathra|Espathra, L80, M|283/283\n|move|p2a: Kingdra|Hurricane|p1a: Espathra\n|-damage|p1a: Espathra|140/283\n|-start|p1a: Espathra|confusion\n|-damage|p2a: Kingdra|91/100|[from] item: Life Orb\n|\n|-heal|p1a: Espathra|157/283|[from] item: Leftovers\n|upkeep\n|turn|2\n|inactive|Time left: 300 sec this turn | 300 sec total\n|\n|t:|1783544394\n|switch|p1a: Shiftry|Shiftry, L89, M|305/305\n|move|p2a: Kingdra|Wave Crash|p1a: Shiftry\n|-resisted|p1a: Shiftry\n|-damage|p1a: Shiftry|198/305\n|-damage|p2a: Kingdra|77/100|[from] Recoil\n|-damage|p2a: Kingdra|67/100|[from] item: Life Orb\n|\n|upkeep\n|turn|3\n|inactive|Time left: 300 sec this turn | 300 sec total\n|\n|t:|1783544395\n|move|p1a: Shiftry|Knock Off|p2a: Kingdra\n|-damage|p2a: Kingdra|16/100\n|-enditem|p2a: Kingdra|Life Orb|[from] move: Knock Off|[of] p1a: Shiftry\n|-damage|p1a: Shiftry|168/305|[from] item: Life Orb\n|move|p2a: Kingdra|Draco Meteor|p1a: Shiftry\n|-damage|p1a: Shiftry|2/305\n|-unboost|p2a: Kingdra|spa|2\n|\n|upkeep\n|turn|4\n|inactive|Time left: 300 sec this turn | 300 sec total\n|\n|t:|1783544396\n|switch|p1a: Espathra|Espathra, L80, M|157/283\n|move|p2a: Kingdra|Wave Crash|p1a: Espathra\n|-damage|p1a: Espathra|0 fnt\n|faint|p1a: Espathra\n|-damage|p2a: Kingdra|0 fnt|[from] Recoil\n|faint|p2a: Kingdra\n|\n|upkeep\n|inactive|Time left: 300 sec this turn | 300 sec total | 5 sec grace\n|\n|t:|1783544398\n|switch|p1a: Blaziken|Blaziken, L76, F|247/247\n|switch|p2a: Primarina|Primarina, L83, F|100/100\n|turn|5\n|inactive|Time left: 300 sec this turn | 300 sec total\n|\n|t:|1783544399\n|move|p1a: Blaziken|Protect|p1a: Blaziken\n|-singleturn|p1a: Blaziken|Protect\n|move|p2a: Primarina|Moonblast|p1a: Blaziken\n|-activate|p1a: Blaziken|move: Protect\n|\n|-ability|p1a: Blaziken|Speed Boost|boost\n|-boost|p1a: Blaziken|spe|1\n|upkeep\n|turn|6\n|inactive|Time left: 300 sec this turn | 300 sec total\n|\n|t:|1783544400\n|switch|p1a: Shiftry|Shiftry, L89, M|2/305\n|move|p2a: Primarina|Psychic Noise|p1a: Shiftry\n|-resisted|p1a: Shiftry\n|-damage|p1a: Shiftry|0 fnt\n|faint|p1a: Shiftry\n|\n|upkeep\n|inactive|Time left: 300 sec this turn | 300 sec total | 5 sec grace\n|\n|t:|1783544401\n|switch|p1a: Ambipom|Ambipom, L84, F|263/263\n|turn|7\n|inactive|Time left: 300 sec this turn | 300 sec total\n|\n|t:|1783544402\n|move|p1a: Ambipom|Fake Out|p2a: Primarina\n|-damage|p2a: Primarina|70/100\n|cant|p2a: Primarina|flinch\n|\n|-heal|p2a: Primarina|76/100|[from] item: Leftovers\n|upkeep\n|turn|8\n|inactive|Time left: 300 sec this turn | 300 sec total\n|\n|t:|1783544403\n|-terastallize|p1a: Ambipom|Normal\n|move|p1a: Ambipom|Double-Edge|p2a: Primarina\n|-damage|p2a: Primarina|0 fnt\n|faint|p2a: Primarina\n|-damage|p1a: Ambipom|196/263|[from] Recoil\n|\n|upkeep\n|\n|t:|1783544404\n|switch|p2a: Regidrago|Regidrago, L77|100/100\n|turn|9\n|inactive|Time left: 300 sec this turn | 300 sec total\n|\n|t:|1783544405\n|move|p1a: Ambipom|Double-Edge|p2a: Regidrago\n|-crit|p2a: Regidrago\n|-damage|p2a: Regidrago|0 fnt\n|faint|p2a: Regidrago\n|-damage|p1a: Ambipom|52/263|[from] Recoil\n|\n|upkeep\n|\n|t:|1783544406\n|switch|p2a: Farigiraf|Farigiraf, L90, M|100/100\n|turn|10\n|inactive|Time left: 300 sec this turn | 300 sec total\n|\n|t:|1783544408\n|move|p1a: Ambipom|Double-Edge|p2a: Farigiraf\n|-damage|p2a: Farigiraf|39/100\n|-damage|p1a: Ambipom|0 fnt|[from] Recoil\n|faint|p1a: Ambipom\n|move|p2a: Farigiraf|Psychic Noise|p1: Ambipom|[notarget]\n|-fail|p2a: Farigiraf\n|\n|-heal|p2a: Farigiraf|45/100|[from] item: Leftovers\n|upkeep\n|inactive|Time left: 300 sec this turn | 300 sec total | 5 sec grace\n|\n|t:|1783544408\n|switch|p1a: Blaziken|Blaziken, L76, F|247/247\n|turn|11\n|inactive|Time left: 300 sec this turn | 300 sec total\n|\n|t:|1783544409\n|move|p2a: Farigiraf|Protect|p2a: Farigiraf\n|-singleturn|p2a: Farigiraf|Protect\n|move|p1a: Blaziken|Flare Blitz|p2a: Farigiraf\n|-activate|p2a: Farigiraf|move: Protect\n|\n|-heal|p2a: Farigiraf|51/100|[from] item: Leftovers\n|-ability|p1a: Blaziken|Speed Boost|boost\n|-boost|p1a: Blaziken|spe|1\n|upkeep\n|turn|12\n|inactive|Time left: 300 sec this turn | 300 sec total\n|\n|t:|1783544410\n|move|p1a: Blaziken|Flare Blitz|p2a: Farigiraf\n|-damage|p2a: Farigiraf|4/100\n|-damage|p1a: Blaziken|191/247|[from] Recoil\n|-damage|p1a: Blaziken|167/247|[from] item: Life Orb\n|move|p2a: Farigiraf|Psychic Noise|p1a: Blaziken\n|-supereffective|p1a: Blaziken\n|-damage|p1a: Blaziken|0 fnt\n|faint|p1a: Blaziken\n|\n|-heal|p2a: Farigiraf|10/100|[from] item: Leftovers\n|upkeep\n|inactive|Time left: 300 sec this turn | 300 sec total | 5 sec grace\n|\n|t:|1783544411\n|switch|p1a: Hawlucha|Hawlucha, L80, F|256/256\n|turn|13\n|inactive|Time left: 300 sec this turn | 300 sec total\n|\n|t:|1783544412\n|move|p2a: Farigiraf|Protect|p2a: Farigiraf\n|-singleturn|p2a: Farigiraf|Protect\n|move|p1a: Hawlucha|Close Combat|p2a: Farigiraf\n|-activate|p2a: Farigiraf|move: Protect\n|\n|-heal|p2a: Farigiraf|16/100|[from] item: Leftovers\n|upkeep\n|turn|14\n|inactive|Time left: 300 sec this turn | 300 sec total\n|\n|t:|1783544413\n|move|p2a: Farigiraf|Protect||[still]\n|-fail|p2a: Farigiraf\n|move|p1a: Hawlucha|Close Combat|p2a: Farigiraf\n|-damage|p2a: Farigiraf|0 fnt\n|-unboost|p1a: Hawlucha|def|1\n|-unboost|p1a: Hawlucha|spd|1\n|faint|p2a: Farigiraf\n|-enditem|p1a: Hawlucha|White Herb\n|-clearnegativeboost|p1a: Hawlucha|[silent]\n|\n|upkeep\n|\n|t:|1783544414\n|switch|p2a: Sneasler|Sneasler, L74, M|100/100\n|turn|15\n|inactive|Time left: 300 sec this turn | 300 sec total\n|\n|t:|1783544415\n|-terastallize|p2a: Sneasler|Poison\n|move|p1a: Hawlucha|Acrobatics|p2a: Sneasler\n|-damage|p2a: Sneasler|46/100\n|replace|p2a: Zoroark|Zoroark, L83, F\n|-end|p2a: Zoroark|Illusion\n|-hint|Illusion Level Mod is active, so this Pok\u00e9mon's true level was hidden.\n|move|p2a: Zoroark|Sludge Bomb|p1a: Hawlucha\n|-damage|p1a: Hawlucha|65/256\n|-damage|p2a: Zoroark|37/100|[from] item: Life Orb\n|\n|upkeep\n|turn|16\n|inactive|Time left: 300 sec this turn | 300 sec total\n|\n|t:|1783544416\n|switch|p2a: Sneasler|Sneasler, L74, M|100/100\n|move|p1a: Hawlucha|Swords Dance|p1a: Hawlucha\n|-boost|p1a: Hawlucha|atk|2\n|\n|upkeep\n|turn|17\n|inactive|Time left: 300 sec this turn | 300 sec total\n|\n|t:|1783544417\n|move|p1a: Hawlucha|Acrobatics|p2a: Sneasler\n|-supereffective|p2a: Sneasler\n|-damage|p2a: Sneasler|0 fnt\n|faint|p2a: Sneasler\n|\n|upkeep\n|\n|t:|1783544417\n|switch|p2a: Zoroark|Zoroark, L83, F, tera:Poison|37/100\n|turn|18\n|inactive|Time left: 300 sec this turn | 300 sec total\n|\n|t:|1783544418\n|move|p1a: Hawlucha|Close Combat|p2a: Zoroark\n|-resisted|p2a: Zoroark\n|-damage|p2a: Zoroark|0 fnt\n|-unboost|p1a: Hawlucha|def|1\n|-unboost|p1a: Hawlucha|spd|1\n|faint|p2a: Zoroark\n|\n|win|p0x405fd71", "uploadtime": 1783544418, "views": 0, "rating": 0, "private": 0, "password": null, "_winner": "p0x405fd71", "_our_name": "p0x405fd71"}