{"id": "battle-gen9randombattle-1323", "formatid": "gen9randombattle", "format": "[Gen 9] Random Battle", "players": ["p0x13230cf1", "p0y1323d7ce"], "log": "|init|battle\n|title|p0x13230cf1 vs. p0y1323d7ce\n|j|\u2606p0x13230cf1\n|j|\u2606p0y1323d7ce\n|t:|1783555336\n|gametype|singles\n|player|p1|p0x13230cf1|266|\n|player|p2|p0y1323d7ce|102|\n|gen|9\n|tier|[Gen 9] Random Battle\n|rule|Species Clause: Limit one of each Pok\u00e9mon\n|rule|HP Percentage Mod: HP is shown in percentages\n|rule|Sleep Clause Mod: Limit one foe put to sleep\n|rule|Illusion Level Mod: Illusion disguises the Pok\u00e9mon's true level\n|\n|t:|1783555336\n|teamsize|p1|6\n|teamsize|p2|6\n|start\n|switch|p1a: Cyclizar|Cyclizar, L84, F|255/255\n|switch|p2a: Toxapex|Toxapex, L82, F|100/100\n|turn|1\n|inactive|Battle timer is ON: inactive players will automatically lose when time's up. (requested by p0y1323d7ce)\n|inactive|Time left: 300 sec this turn | 300 sec total | 60 sec grace\n|inactive|p0x13230cf1 also wants the timer to be on.\n|\n|t:|1783555337\n|move|p1a: Cyclizar|Shed Tail|p1a: Cyclizar\n|-start|p1a: Cyclizar|Substitute|[from] move: Shed Tail\n|-damage|p1a: Cyclizar|127/255\n|inactive|Time left: 300 sec this turn | 300 sec total | 65 sec grace\n|\n|t:|1783555339\n|switch|p1a: Sawsbuck|Sawsbuck, L88, M|284/284|[from] Shed Tail\n|move|p2a: Toxapex|Toxic Spikes|p1a: Sawsbuck\n|-sidestart|p1: p0x13230cf1|move: Toxic Spikes\n|\n|upkeep\n|turn|2\n|inactive|Time left: 300 sec this turn | 300 sec total\n|\n|t:|1783555340\n|move|p1a: Sawsbuck|Swords Dance|p1a: Sawsbuck\n|-boost|p1a: Sawsbuck|atk|2\n|move|p2a: Toxapex|Toxic Spikes|p1a: Sawsbuck\n|-sidestart|p1: p0x13230cf1|move: Toxic Spikes\n|\n|upkeep\n|turn|3\n|inactive|Time left: 300 sec this turn | 300 sec total\n|\n|t:|1783555341\n|switch|p2a: Pecharunt|Pecharunt, L77|100/100\n|move|p1a: Sawsbuck|Double-Edge|p2a: Pecharunt\n|-immune|p2a: Pecharunt\n|\n|upkeep\n|turn|4\n|inactive|Time left: 300 sec this turn | 300 sec total\n|\n|t:|1783555342\n|move|p1a: Sawsbuck|High Horsepower|p2a: Pecharunt\n|-supereffective|p2a: Pecharunt\n|-damage|p2a: Pecharunt|5/100\n|-damage|p1a: Sawsbuck|256/284|[from] item: Life Orb\n|move|p2a: Pecharunt|Malignant Chain|p1a: Sawsbuck\n|-supereffective|p1a: Sawsbuck\n|-end|p1a: Sawsbuck|Substitute\n|\n|-heal|p2a: Pecharunt|11/100|[from] item: Leftovers\n|upkeep\n|turn|5\n|inactive|Time left: 300 sec this turn | 300 sec total\n|\n|t:|1783555344\n|move|p1a: Sawsbuck|Horn Leech|p2a: Pecharunt\n|-resisted|p2a: Pecharunt\n|-damage|p2a: Pecharunt|0 fnt\n|-heal|p1a: Sawsbuck|270/284|[from] drain|[of] p2a: Pecharunt\n|faint|p2a: Pecharunt\n|-damage|p1a: Sawsbuck|242/284|[from] item: Life Orb\n|\n|upkeep\n|\n|t:|1783555344\n|switch|p2a: Rayquaza|Rayquaza, L72|100/100\n|-ability|p2a: Rayquaza|Air Lock\n|turn|6\n|inactive|Time left: 300 sec this turn | 300 sec total\n|\n|t:|1783555346\n|move|p2a: Rayquaza|Extreme Speed|p1a: Sawsbuck\n|-damage|p1a: Sawsbuck|173/284\n|move|p1a: Sawsbuck|Double-Edge|p2a: Rayquaza\n|-damage|p2a: Rayquaza|0 fnt\n|faint|p2a: Rayquaza\n|-damage|p1a: Sawsbuck|84/284|[from] Recoil\n|-damage|p1a: Sawsbuck|56/284|[from] item: Life Orb\n|\n|upkeep\n|\n|t:|1783555347\n|switch|p2a: Toxapex|Toxapex, L82, F|100/100\n|turn|7\n|inactive|Time left: 300 sec this turn | 300 sec total\n|\n|t:|1783555348\n|move|p1a: Sawsbuck|Horn Leech|p2a: Toxapex\n|-damage|p2a: Toxapex|30/100\n|-heal|p1a: Sawsbuck|133/284|[from] drain|[of] p2a: Toxapex\n|-damage|p1a: Sawsbuck|86/284|[from] item: Rocky Helmet|[of] p2a: Toxapex\n|-damage|p1a: Sawsbuck|58/284|[from] item: Life Orb\n|move|p2a: Toxapex|Haze|p2a: Toxapex\n|-clearallboost\n|\n|upkeep\n|turn|8\n|inactive|Time left: 300 sec this turn | 300 sec total\n|\n|t:|1783555349\n|switch|p2a: Arboliva|Arboliva, L91, M|100/100\n|move|p1a: Sawsbuck|Horn Leech|p2a: Arboliva\n|-resisted|p2a: Arboliva\n|-damage|p2a: Arboliva|80/100\n|-heal|p1a: Sawsbuck|87/284|[from] drain|[of] p2a: Arboliva\n|-fieldstart|move: Grassy Terrain|[from] ability: Seed Sower|[of] p2a: Arboliva\n|-damage|p1a: Sawsbuck|59/284|[from] item: Life Orb\n|\n|-heal|p1a: Sawsbuck|76/284|[from] Grassy Terrain\n|-heal|p2a: Arboliva|87/100|[from] Grassy Terrain\n|-heal|p2a: Arboliva|93/100|[from] item: Leftovers\n|upkeep\n|turn|9\n|inactive|Time left: 300 sec this turn | 300 sec total\n|\n|t:|1783555350\n|move|p1a: Sawsbuck|Horn Leech|p2a: Arboliva\n|-resisted|p2a: Arboliva\n|-damage|p2a: Arboliva|69/100\n|-heal|p1a: Sawsbuck|110/284|[from] drain|[of] p2a: Arboliva\n|-damage|p1a: Sawsbuck|82/284|[from] item: Life Orb\n|move|p2a: Arboliva|Hyper Voice|p1a: Sawsbuck\n|-damage|p1a: Sawsbuck|0 fnt\n|faint|p1a: Sawsbuck\n|\n|-heal|p2a: Arboliva|76/100|[from] Grassy Terrain\n|-heal|p2a: Arboliva|82/100|[from] item: Leftovers\n|upkeep\n|inactive|Time left: 300 sec this turn | 300 sec total | 5 sec grace\n|\n|t:|1783555351\n|switch|p1a: Copperajah|Copperajah, L86, F|349/349\n|turn|10\n|inactive|Time left: 300 sec this turn | 300 sec total\n|\n|t:|1783555353\n|move|p2a: Arboliva|Strength Sap|p1a: Copperajah\n|-unboost|p1a: Copperajah|atk|1\n|-heal|p2a: Arboliva|100/100\n|move|p1a: Copperajah|Heat Crash|p2a: Arboliva\n|-supereffective|p2a: Arboliva\n|-damage|p2a: Arboliva|34/100\n|\n|-heal|p2a: Arboliva|40/100|[from] Grassy Terrain\n|-heal|p2a: Arboliva|46/100|[from] item: Leftovers\n|upkeep\n|turn|11\n|inactive|Time left: 300 sec this turn | 300 sec total\n|\n|t:|1783555354\n|move|p2a: Arboliva|Strength Sap|p1a: Copperajah\n|-unboost|p1a: Copperajah|atk|1\n|-heal|p2a: Arboliva|100/100\n|move|p1a: Copperajah|Heat Crash|p2a: Arboliva\n|-supereffective|p2a: Arboliva\n|-damage|p2a: Arboliva|51/100\n|\n|-heal|p2a: Arboliva|57/100|[from] Grassy Terrain\n|-heal|p2a: Arboliva|63/100|[from] item: Leftovers\n|upkeep\n|turn|12\n|inactive|Time left: 300 sec this turn | 300 sec total\n|\n|t:|1783555355\n|move|p2a: Arboliva|Strength Sap|p1a: Copperajah\n|-unboost|p1a: Copperajah|atk|1\n|-heal|p2a: Arboliva|100/100\n|move|p1a: Copperajah|Heat Crash|p2a: Arboliva\n|-supereffective|p2a: Arboliva\n|-damage|p2a: Arboliva|54/100\n|\n|-heal|p2a: Arboliva|60/100|[from] Grassy Terrain\n|-heal|p2a: Arboliva|67/100|[from] item: Leftovers\n|-fieldend|move: Grassy Terrain\n|upkeep\n|turn|13\n|inactive|Time left: 300 sec this turn | 300 sec total\n|\n|t:|1783555356\n|switch|p1a: Cyclizar|Cyclizar, L84, F|212/255\n|move|p2a: Arboliva|Hyper Voice|p1a: Cyclizar\n|-damage|p1a: Cyclizar|50/255\n|\n|-heal|p2a: Arboliva|73/100|[from] item: Leftovers\n|upkeep\n|turn|14\n|inactive|Time left: 300 sec this turn | 300 sec total\n|\n|t:|1783555358\n|move|p1a: Cyclizar|Rapid Spin|p2a: Arboliva\n|-damage|p2a: Arboliva|56/100\n|-boost|p1a: Cyclizar|spe|1\n|-fieldstart|move: Grassy Terrain|[from] ability: Seed Sower|[of] p2a: Arboliva\n|-sideend|p1: p0x13230cf1|Toxic Spikes|[from] move: Rapid Spin|[of] p1a: Cyclizar\n|move|p2a: Arboliva|Earth Power|p1a: Cyclizar\n|-damage|p1a: Cyclizar|0 fnt\n|faint|p1a: Cyclizar\n|\n|-heal|p2a: Arboliva|63/100|[from] Grassy Terrain\n|-heal|p2a: Arboliva|69/100|[from] item: Leftovers\n|upkeep\n|inactive|Time left: 300 sec this turn | 300 sec total | 5 sec grace\n|\n|t:|1783555359\n|switch|p1a: Copperajah|Copperajah, L86, F|349/349\n|turn|15\n|inactive|Time left: 300 sec this turn | 300 sec total\n|\n|t:|1783555360\n|move|p2a: Arboliva|Strength Sap|p1a: Copperajah\n|-unboost|p1a: Copperajah|atk|1\n|-heal|p2a: Arboliva|100/100\n|move|p1a: Copperajah|Heavy Slam|p2a: Arboliva\n|-damage|p2a: Arboliva|48/100\n|\n|-heal|p2a: Arboliva|54/100|[from] Grassy Terrain\n|-heal|p2a: Arboliva|60/100|[from] item: Leftovers\n|upkeep\n|turn|16\n|inactive|Time left: 300 sec this turn | 300 sec total\n|\n|t:|1783555361\n|move|p2a: Arboliva|Strength Sap|p1a: Copperajah\n|-unboost|p1a: Copperajah|atk|1\n|-heal|p2a: Arboliva|100/100\n|move|p1a: Copperajah|Heavy Slam|p2a: Arboliva\n|-damage|p2a: Arboliva|59/100\n|\n|-heal|p2a: Arboliva|65/100|[from] Grassy Terrain\n|-heal|p2a: Arboliva|71/100|[from] item: Leftovers\n|upkeep\n|turn|17\n|inactive|Time left: 300 sec this turn | 300 sec total\n|\n|t:|1783555362\n|move|p2a: Arboliva|Earth Power|p1a: Copperajah\n|-supereffective|p1a: Copperajah\n|-damage|p1a: Copperajah|149/349\n|move|p1a: Copperajah|Heavy Slam|p2a: Arboliva\n|-damage|p2a: Arboliva|31/100\n|\n|-heal|p2a: Arboliva|37/100|[from] Grassy Terrain\n|-heal|p2a: Arboliva|43/100|[from] item: Leftovers\n|-heal|p1a: Copperajah|170/349|[from] Grassy Terrain\n|upkeep\n|turn|18\n|inactive|Time left: 300 sec this turn | 300 sec total\n|\n|t:|1783555364\n|move|p2a: Arboliva|Earth Power|p1a: Copperajah\n|-supereffective|p1a: Copperajah\n|-damage|p1a: Copperajah|0 fnt\n|faint|p1a: Copperajah\n|\n|-heal|p2a: Arboliva|49/100|[from] Grassy Terrain\n|-heal|p2a: Arboliva|56/100|[from] item: Leftovers\n|-fieldend|move: Grassy Terrain\n|upkeep\n|inactive|Time left: 300 sec this turn | 300 sec total | 5 sec grace\n|\n|t:|1783555364\n|switch|p1a: Iron Valiant|Iron Valiant, L78|244/244\n|turn|19\n|inactive|Time left: 300 sec this turn | 300 sec total\n|\n|t:|1783555366\n|-terastallize|p2a: Arboliva|Poison\n|move|p1a: Iron Valiant|Close Combat|p2a: Arboliva\n|-resisted|p2a: Arboliva\n|-damage|p2a: Arboliva|25/100\n|-unboost|p1a: Iron Valiant|def|1\n|-unboost|p1a: Iron Valiant|spd|1\n|-fieldstart|move: Grassy Terrain|[from] ability: Seed Sower|[of] p2a: Arboliva\n|-damage|p1a: Iron Valiant|220/244|[from] item: Life Orb\n|move|p2a: Arboliva|Strength Sap|p1a: Iron Valiant\n|-unboost|p1a: Iron Valiant|atk|1\n|-heal|p2a: Arboliva|100/100\n|\n|-heal|p1a: Iron Valiant|235/244|[from] Grassy Terrain\n|upkeep\n|turn|20\n|inactive|Time left: 300 sec this turn | 300 sec total\n|\n|t:|1783555367\n|-end|p1a: Iron Valiant|Quark Drive|[silent]\n|switch|p1a: Minun|Minun, L95, F|268/268\n|move|p2a: Arboliva|Energy Ball|p1a: Minun\n|-damage|p1a: Minun|97/268\n|-unboost|p1a: Minun|spd|1\n|\n|-heal|p1a: Minun|113/268|[from] Grassy Terrain\n|upkeep\n|turn|21\n|inactive|Time left: 300 sec this turn | 300 sec total\n|\n|t:|1783555368\n|move|p1a: Minun|Thunderbolt|p2a: Arboliva\n|-damage|p2a: Arboliva|62/100\n|-damage|p1a: Minun|87/268|[from] item: Life Orb\n|move|p2a: Arboliva|Energy Ball|p1a: Minun\n|-damage|p1a: Minun|0 fnt\n|faint|p1a: Minun\n|\n|-heal|p2a: Arboliva|68/100|[from] Grassy Terrain\n|-heal|p2a: Arboliva|74/100|[from] item: Leftovers\n|upkeep\n|inactive|Time left: 300 sec this turn | 300 sec total | 5 sec grace\n|\n|t:|1783555369\n|switch|p1a: Pikachu|Pikachu, L93, F|216/216\n|turn|22\n|inactive|Time left: 300 sec this turn | 300 sec total\n|\n|t:|1783555370\n|move|p1a: Pikachu|Fake Out|p2a: Arboliva\n|-damage|p2a: Arboliva|58/100\n|cant|p2a: Arboliva|flinch\n|\n|-heal|p2a: Arboliva|64/100|[from] Grassy Terrain\n|-heal|p2a: Arboliva|70/100|[from] item: Leftovers\n|upkeep\n|turn|23\n|inactive|Time left: 300 sec this turn | 300 sec total\n|\n|t:|1783555371\n|move|p1a: Pikachu|Volt Tackle|p2a: Arboliva\n|-damage|p2a: Arboliva|6/100\n|-damage|p1a: Pikachu|154/216|[from] Recoil\n|move|p2a: Arboliva|Strength Sap|p1a: Pikachu\n|-unboost|p1a: Pikachu|atk|1\n|-heal|p2a: Arboliva|59/100\n|\n|-heal|p1a: Pikachu|167/216|[from] Grassy Terrain\n|-heal|p2a: Arboliva|66/100|[from] Grassy Terrain\n|-heal|p2a: Arboliva|72/100|[from] item: Leftovers\n|-fieldend|move: Grassy Terrain\n|upkeep\n|turn|24\n|inactive|Time left: 300 sec this turn | 300 sec total\n|\n|t:|1783555372\n|move|p1a: Pikachu|Volt Tackle|p2a: Arboliva\n|-damage|p2a: Arboliva|26/100\n|-fieldstart|move: Grassy Terrain|[from] ability: Seed Sower|[of] p2a: Arboliva\n|-damage|p1a: Pikachu|123/216|[from] Recoil\n|move|p2a: Arboliva|Energy Ball|p1a: Pikachu\n|-damage|p1a: Pikachu|0 fnt\n|faint|p1a: Pikachu\n|\n|-heal|p2a: Arboliva|33/100|[from] Grassy Terrain\n|-heal|p2a: Arboliva|39/100|[from] item: Leftovers\n|upkeep\n|inactive|Time left: 300 sec this turn | 300 sec total | 5 sec grace\n|\n|t:|1783555373\n|switch|p1a: Iron Valiant|Iron Valiant, L78|235/244\n|turn|25\n|inactive|Time left: 300 sec this turn | 300 sec total\n|\n|t:|1783555374\n|move|p1a: Iron Valiant|Psychic|p2a: Arboliva\n|-supereffective|p2a: Arboliva\n|-damage|p2a: Arboliva|0 fnt\n|faint|p2a: Arboliva\n|-damage|p1a: Iron Valiant|211/244|[from] item: Life Orb\n|\n|-heal|p1a: Iron Valiant|226/244|[from] Grassy Terrain\n|upkeep\n|\n|t:|1783555375\n|switch|p2a: Luvdisc|Luvdisc, F|100/100\n|turn|26\n|inactive|Time left: 300 sec this turn | 300 sec total\n|\n|t:|1783555376\n|move|p2a: Luvdisc|Surf|p1a: Iron Valiant\n|-damage|p1a: Iron Valiant|126/244\n|move|p1a: Iron Valiant|Calm Mind|p1a: Iron Valiant\n|-boost|p1a: Iron Valiant|spa|1\n|-boost|p1a: Iron Valiant|spd|1\n|\n|-heal|p1a: Iron Valiant|141/244|[from] Grassy Terrain\n|upkeep\n|turn|27\n|inactive|Time left: 300 sec this turn | 300 sec total\n|\n|t:|1783555377\n|-terastallize|p1a: Iron Valiant|Fairy\n|move|p2a: Luvdisc|Surf|p1a: Iron Valiant\n|-damage|p1a: Iron Valiant|75/244\n|move|p1a: Iron Valiant|Moonblast|p2a: Luvdisc\n|-damage|p2a: Luvdisc|0 fnt\n|faint|p2a: Luvdisc\n|-damage|p1a: Iron Valiant|51/244|[from] item: Life Orb\n|\n|-heal|p1a: Iron Valiant|66/244|[from] Grassy Terrain\n|upkeep\n|\n|t:|1783555377\n|switch|p2a: Toxapex|Toxapex, L82, F|63/100\n|turn|28\n|inactive|Time left: 300 sec this turn | 300 sec total\n|\n|t:|1783555378\n|switch|p2a: Snorlax|Snorlax, L82, F|100/100\n|move|p1a: Iron Valiant|Psychic|p2a: Snorlax\n|-damage|p2a: Snorlax|74/100\n|-damage|p1a: Iron Valiant|42/244|[from] item: Life Orb\n|\n|-heal|p1a: Iron Valiant|57/244|[from] Grassy Terrain\n|-heal|p2a: Snorlax|80/100|[from] Grassy Terrain\n|-heal|p2a: Snorlax|86/100|[from] item: Leftovers\n|-fieldend|move: Grassy Terrain\n|upkeep\n|turn|29\n|inactive|Time left: 300 sec this turn | 300 sec total\n|\n|t:|1783555379\n|move|p1a: Iron Valiant|Close Combat|p2a: Snorlax\n|-supereffective|p2a: Snorlax\n|-damage|p2a: Snorlax|0 fnt\n|-unboost|p1a: Iron Valiant|def|1\n|-unboost|p1a: Iron Valiant|spd|1\n|faint|p2a: Snorlax\n|-damage|p1a: Iron Valiant|33/244|[from] item: Life Orb\n|\n|upkeep\n|\n|t:|1783555379\n|switch|p2a: Toxapex|Toxapex, L82, F|96/100\n|turn|30\n|inactive|Time left: 300 sec this turn | 300 sec total\n|\n|t:|1783555380\n|move|p1a: Iron Valiant|Psychic|p2a: Toxapex\n|-supereffective|p2a: Toxapex\n|-damage|p2a: Toxapex|16/100\n|-damage|p1a: Iron Valiant|9/244|[from] item: Life Orb\n|move|p2a: Toxapex|Liquidation|p1a: Iron Valiant\n|-damage|p1a: Iron Valiant|0 fnt\n|faint|p1a: Iron Valiant\n|-end|p1a: Iron Valiant|Quark Drive|[silent]\n|\n|win|p0y1323d7ce", "uploadtime": 1783555380, "views": 0, "rating": 0, "private": 0, "password": null, "_winner": "p0y1323d7ce", "_our_name": "p0x13230cf1"}