{"id": "battle-gen9randombattle-1977", "formatid": "gen9randombattle", "format": "[Gen 9] Random Battle", "players": ["p0x197767d0", "p0y1977d1e5"], "log": "|init|battle\n|title|p0x197767d0 vs. p0y1977d1e5\n|j|\u2606p0x197767d0\n|j|\u2606p0y1977d1e5\n|t:|1783562132\n|gametype|singles\n|player|p1|p0x197767d0|101|\n|player|p2|p0y1977d1e5|101|\n|gen|9\n|tier|[Gen 9] Random Battle\n|rule|Species Clause: Limit one of each Pok\u00e9mon\n|rule|HP Percentage Mod: HP is shown in percentages\n|rule|Sleep Clause Mod: Limit one foe put to sleep\n|rule|Illusion Level Mod: Illusion disguises the Pok\u00e9mon's true level\n|\n|t:|1783562132\n|teamsize|p1|6\n|teamsize|p2|6\n|start\n|switch|p1a: Vespiquen|Vespiquen, L99, F|299/299\n|switch|p2a: Electrode|Electrode-Hisui, L87|100/100\n|-ability|p1a: Vespiquen|Pressure\n|turn|1\n|inactive|Battle timer is ON: inactive players will automatically lose when time's up. (requested by p0x197767d0)\n|inactive|p0y1977d1e5 also wants the timer to be on.\n|\n|t:|1783562134\n|move|p2a: Electrode|Thunderbolt|p1a: Vespiquen\n|-supereffective|p1a: Vespiquen\n|-damage|p1a: Vespiquen|127/299\n|-damage|p2a: Electrode|91/100|[from] item: Life Orb\n|move|p1a: Vespiquen|U-turn|p2a: Electrode\n|-supereffective|p2a: Electrode\n|-damage|p2a: Electrode|10/100\n|inactive|Time left: 300 sec this turn | 300 sec total | 65 sec grace\n|\n|t:|1783562136\n|switch|p1a: Rillaboom|Rillaboom, L79, F|288/288|[from] U-turn\n|-fieldstart|move: Grassy Terrain|[from] ability: Grassy Surge|[of] p1a: Rillaboom\n|\n|-heal|p2a: Electrode|16/100|[from] Grassy Terrain\n|upkeep\n|turn|2\n|inactive|Time left: 300 sec this turn | 300 sec total\n|\n|t:|1783562137\n|switch|p2a: Pyroar|Pyroar, L88, F|100/100\n|-ability|p2a: Pyroar|Unnerve\n|move|p1a: Rillaboom|Swords Dance|p1a: Rillaboom\n|-boost|p1a: Rillaboom|atk|2\n|\n|upkeep\n|turn|3\n|inactive|Time left: 300 sec this turn | 300 sec total\n|\n|t:|1783562138\n|move|p2a: Pyroar|Fire Blast|p1a: Rillaboom|[miss]\n|-miss|p2a: Pyroar|p1a: Rillaboom\n|move|p1a: Rillaboom|Wood Hammer|p2a: Pyroar\n|-resisted|p2a: Pyroar\n|-crit|p2a: Pyroar\n|-damage|p2a: Pyroar|0 fnt\n|faint|p2a: Pyroar\n|-damage|p1a: Rillaboom|191/288|[from] Recoil\n|-damage|p1a: Rillaboom|163/288|[from] item: Life Orb\n|\n|-heal|p1a: Rillaboom|181/288|[from] Grassy Terrain\n|upkeep\n|\n|t:|1783562139\n|switch|p2a: Flutter Mane|Flutter Mane, L74|100/100\n|turn|4\n|inactive|Time left: 300 sec this turn | 300 sec total\n|\n|t:|1783562140\n|-end|p2a: Flutter Mane|Protosynthesis|[silent]\n|switch|p2a: Electrode|Electrode-Hisui, L87|16/100\n|move|p1a: Rillaboom|Grassy Glide|p2a: Electrode\n|-resisted|p2a: Electrode\n|-damage|p2a: Electrode|0 fnt\n|faint|p2a: Electrode\n|-damage|p1a: Rillaboom|153/288|[from] item: Life Orb\n|\n|-heal|p1a: Rillaboom|171/288|[from] Grassy Terrain\n|upkeep\n|\n|t:|1783562141\n|switch|p2a: Chansey|Chansey, L85, F|100/100\n|turn|5\n|inactive|Time left: 300 sec this turn | 300 sec total\n|\n|t:|1783562142\n|move|p1a: Rillaboom|Knock Off|p2a: Chansey\n|-damage|p2a: Chansey|22/100\n|-enditem|p2a: Chansey|Eviolite|[from] move: Knock Off|[of] p1a: Rillaboom\n|-damage|p1a: Rillaboom|143/288|[from] item: Life Orb\n|move|p2a: Chansey|Seismic Toss|p1a: Rillaboom\n|-damage|p1a: Rillaboom|58/288\n|\n|-heal|p1a: Rillaboom|76/288|[from] Grassy Terrain\n|-heal|p2a: Chansey|28/100|[from] Grassy Terrain\n|-fieldend|move: Grassy Terrain\n|upkeep\n|turn|6\n|inactive|Time left: 300 sec this turn | 300 sec total\n|\n|t:|1783562143\n|move|p1a: Rillaboom|Knock Off|p2a: Chansey\n|-damage|p2a: Chansey|0 fnt\n|faint|p2a: Chansey\n|-damage|p1a: Rillaboom|48/288|[from] item: Life Orb\n|\n|upkeep\n|\n|t:|1783562144\n|switch|p2a: Jolteon|Jolteon, L84, F|100/100\n|turn|7\n|inactive|Time left: 300 sec this turn | 300 sec total\n|\n|t:|1783562145\n|switch|p1a: Kyurem|Kyurem-Black, L71|295/295\n|-ability|p1a: Kyurem|Teravolt\n|move|p2a: Jolteon|Thunderbolt|p1a: Kyurem\n|-resisted|p1a: Kyurem\n|-damage|p1a: Kyurem|239/295\n|-status|p1a: Kyurem|par\n|\n|upkeep\n|turn|8\n|inactive|Time left: 300 sec this turn | 300 sec total\n|\n|t:|1783562146\n|move|p2a: Jolteon|Alluring Voice|p1a: Kyurem\n|-supereffective|p1a: Kyurem\n|-damage|p1a: Kyurem|95/295 par\n|move|p1a: Kyurem|Icicle Spear|p2a: Jolteon\n|-damage|p2a: Jolteon|83/100\n|-damage|p2a: Jolteon|68/100\n|-damage|p2a: Jolteon|53/100\n|-damage|p2a: Jolteon|35/100\n|-damage|p2a: Jolteon|18/100\n|-hitcount|p2a: Jolteon|5\n|\n|upkeep\n|turn|9\n|inactive|Time left: 300 sec this turn | 300 sec total\n|\n|t:|1783562148\n|move|p2a: Jolteon|Alluring Voice|p1a: Kyurem\n|-supereffective|p1a: Kyurem\n|-damage|p1a: Kyurem|0 fnt\n|faint|p1a: Kyurem\n|\n|upkeep\n|inactive|Time left: 300 sec this turn | 300 sec total | 5 sec grace\n|\n|t:|1783562149\n|switch|p1a: Rillaboom|Rillaboom, L79, F|48/288\n|-fieldstart|move: Grassy Terrain|[from] ability: Grassy Surge|[of] p1a: Rillaboom\n|turn|10\n|inactive|Time left: 300 sec this turn | 300 sec total\n|\n|t:|1783562150\n|move|p1a: Rillaboom|Grassy Glide|p2a: Jolteon\n|-damage|p2a: Jolteon|0 fnt\n|faint|p2a: Jolteon\n|-damage|p1a: Rillaboom|20/288|[from] item: Life Orb\n|\n|-heal|p1a: Rillaboom|38/288|[from] Grassy Terrain\n|upkeep\n|\n|t:|1783562151\n|switch|p2a: Cramorant|Cramorant, L86, F|100/100\n|turn|11\n|inactive|Time left: 300 sec this turn | 300 sec total\n|\n|t:|1783562152\n|move|p1a: Rillaboom|Grassy Glide|p2a: Cramorant\n|-damage|p2a: Cramorant|44/100\n|-damage|p1a: Rillaboom|10/288|[from] item: Life Orb\n|move|p2a: Cramorant|Surf|p1a: Rillaboom\n|-formechange|p2a: Cramorant|Cramorant-Gorging|\n|-resisted|p1a: Rillaboom\n|-crit|p1a: Rillaboom\n|-damage|p1a: Rillaboom|0 fnt\n|faint|p1a: Rillaboom\n|\n|upkeep\n|inactive|Time left: 300 sec this turn | 300 sec total | 5 sec grace\n|\n|t:|1783562153\n|switch|p1a: Zebstrika|Zebstrika, L87, F|272/272\n|turn|12\n|inactive|Time left: 300 sec this turn | 300 sec total\n|\n|t:|1783562154\n|-terastallize|p2a: Cramorant|Ground\n|move|p1a: Zebstrika|Supercell Slam|p2a: Cramorant\n|-immune|p2a: Cramorant\n|-damage|p1a: Zebstrika|136/272|[from] supercellslam\n|move|p2a: Cramorant|Roost|p2a: Cramorant\n|-heal|p2a: Cramorant|94/100\n|\n|-heal|p1a: Zebstrika|153/272|[from] Grassy Terrain\n|-heal|p2a: Cramorant|99/100|[from] Grassy Terrain\n|upkeep\n|turn|13\n|inactive|Time left: 300 sec this turn | 300 sec total\n|\n|t:|1783562155\n|switch|p1a: Barraskewda|Barraskewda, L81, F|231/231\n|move|p2a: Cramorant|Surf|p1a: Barraskewda\n|-resisted|p1a: Barraskewda\n|-damage|p1a: Barraskewda|162/231\n|\n|-heal|p1a: Barraskewda|176/231|[from] Grassy Terrain\n|-heal|p2a: Cramorant|100/100|[from] Grassy Terrain\n|upkeep\n|turn|14\n|inactive|Time left: 300 sec this turn | 300 sec total\n|\n|t:|1783562156\n|switch|p2a: Flutter Mane|Flutter Mane, L74|100/100\n|move|p1a: Barraskewda|Flip Turn|p2a: Flutter Mane\n|-damage|p2a: Flutter Mane|16/100\n|inactive|Time left: 300 sec this turn | 300 sec total | 5 sec grace\n|\n|t:|1783562157\n|switch|p1a: Zebstrika|Zebstrika, L87, F|153/272|[from] Flip Turn\n|\n|-heal|p1a: Zebstrika|170/272|[from] Grassy Terrain\n|-heal|p2a: Flutter Mane|22/100|[from] Grassy Terrain\n|-fieldend|move: Grassy Terrain\n|upkeep\n|turn|15\n|inactive|Time left: 300 sec this turn | 300 sec total\n|\n|t:|1783562158\n|-end|p2a: Flutter Mane|Protosynthesis|[silent]\n|switch|p2a: Cramorant|Cramorant, L86, F, tera:Ground|100/100\n|move|p1a: Zebstrika|High Horsepower|p2a: Cramorant\n|-damage|p2a: Cramorant|51/100\n|-damage|p1a: Zebstrika|143/272|[from] item: Life Orb\n|\n|upkeep\n|turn|16\n|inactive|Time left: 300 sec this turn | 300 sec total\n|\n|t:|1783562159\n|-terastallize|p1a: Zebstrika|Ground\n|move|p1a: Zebstrika|High Horsepower|p2a: Cramorant\n|-damage|p2a: Cramorant|0 fnt\n|faint|p2a: Cramorant\n|-damage|p1a: Zebstrika|116/272|[from] item: Life Orb\n|\n|upkeep\n|\n|t:|1783562159\n|switch|p2a: Flutter Mane|Flutter Mane, L74|22/100\n|turn|17\n|inactive|Time left: 300 sec this turn | 300 sec total\n|\n|t:|1783562160\n|move|p1a: Zebstrika|Volt Switch|p2a: Flutter Mane\n|-damage|p2a: Flutter Mane|0 fnt\n|faint|p2a: Flutter Mane\n|-end|p2a: Flutter Mane|Protosynthesis|[silent]\n|-damage|p1a: Zebstrika|89/272|[from] item: Life Orb\n|\n|win|p0x197767d0", "uploadtime": 1783562160, "views": 0, "rating": 0, "private": 0, "password": null, "_winner": "p0x197767d0", "_our_name": "p0x197767d0"}