{"id": "battle-gen9randombattle-2823", "formatid": "gen9randombattle", "format": "[Gen 9] Random Battle", "players": ["p0x28230fd3", "p0y28236054"], "log": "|init|battle\n|title|p0x28230fd3 vs. p0y28236054\n|j|\u2606p0x28230fd3\n|j|\u2606p0y28236054\n|t:|1783571542\n|gametype|singles\n|player|p1|p0x28230fd3|170|\n|player|p2|p0y28236054|101|\n|gen|9\n|tier|[Gen 9] Random Battle\n|rule|Species Clause: Limit one of each Pok\u00e9mon\n|rule|HP Percentage Mod: HP is shown in percentages\n|rule|Sleep Clause Mod: Limit one foe put to sleep\n|rule|Illusion Level Mod: Illusion disguises the Pok\u00e9mon's true level\n|\n|t:|1783571542\n|teamsize|p1|6\n|teamsize|p2|6\n|start\n|switch|p1a: Squawkabilly|Squawkabilly-Blue, L85, M|100/100\n|switch|p2a: Munkidori|Munkidori, L79, M|269/269\n|turn|1\n|inactive|Battle timer is ON: inactive players will automatically lose when time's up. (requested by p0x28230fd3)\n|inactive|Time left: 300 sec this turn | 300 sec total | 60 sec grace\n|inactive|p0y28236054 also wants the timer to be on.\n|\n|t:|1783571544\n|-terastallize|p2a: Munkidori|Poison\n|move|p2a: Munkidori|Sludge Wave|p1a: Squawkabilly\n|-damage|p1a: Squawkabilly|0 fnt\n|faint|p1a: Squawkabilly\n|\n|upkeep\n|\n|t:|1783571545\n|switch|p1a: Chansey|Chansey, L85, F|100/100\n|turn|2\n|inactive|Time left: 300 sec this turn | 300 sec total\n|\n|t:|1783571546\n|move|p2a: Munkidori|Sludge Wave|p1a: Chansey\n|-damage|p1a: Chansey|78/100\n|move|p1a: Chansey|Stealth Rock|p2a: Munkidori\n|-sidestart|p2: p0y28236054|move: Stealth Rock\n|\n|upkeep\n|turn|3\n|inactive|Time left: 300 sec this turn | 300 sec total\n|\n|t:|1783571547\n|move|p2a: Munkidori|Sludge Wave|p1a: Chansey\n|-damage|p1a: Chansey|54/100\n|move|p1a: Chansey|Seismic Toss|p2a: Munkidori\n|-damage|p2a: Munkidori|184/269\n|\n|upkeep\n|turn|4\n|inactive|Time left: 300 sec this turn | 300 sec total\n|\n|t:|1783571548\n|move|p2a: Munkidori|Sludge Wave|p1a: Chansey\n|-damage|p1a: Chansey|32/100\n|-status|p1a: Chansey|tox|[from] ability: Toxic Chain|[of] p2a: Munkidori\n|move|p1a: Chansey|Soft-Boiled|p1a: Chansey\n|-heal|p1a: Chansey|82/100 tox\n|\n|-damage|p1a: Chansey|76/100 tox|[from] psn\n|upkeep\n|turn|5\n|inactive|Time left: 300 sec this turn | 300 sec total\n|\n|t:|1783571549\n|-curestatus|p1a: Chansey|tox|[from] ability: Natural Cure|[silent]\n|switch|p1a: Magnezone|Magnezone, L85|100/100\n|move|p2a: Munkidori|Sludge Wave|p1a: Magnezone\n|-immune|p1a: Magnezone\n|\n|upkeep\n|turn|6\n|inactive|Time left: 300 sec this turn | 300 sec total\n|\n|t:|1783571550\n|switch|p2a: Mesprit|Mesprit, L85|275/275\n|-damage|p2a: Mesprit|241/275|[from] Stealth Rock\n|move|p1a: Magnezone|Thunderbolt|p2a: Mesprit\n|-damage|p2a: Mesprit|135/275\n|-status|p2a: Mesprit|par\n|\n|-heal|p2a: Mesprit|152/275 par|[from] item: Leftovers\n|upkeep\n|turn|7\n|inactive|Time left: 300 sec this turn | 300 sec total\n|\n|t:|1783571551\n|move|p1a: Magnezone|Thunderbolt|p2a: Mesprit\n|-damage|p2a: Mesprit|46/275 par\n|move|p2a: Mesprit|Drain Punch|p1a: Magnezone\n|-supereffective|p1a: Magnezone\n|-damage|p1a: Magnezone|63/100\n|-heal|p2a: Mesprit|94/275 par|[from] drain|[of] p1a: Magnezone\n|\n|-heal|p2a: Mesprit|111/275 par|[from] item: Leftovers\n|upkeep\n|turn|8\n|inactive|Time left: 300 sec this turn | 300 sec total\n|\n|t:|1783571553\n|move|p1a: Magnezone|Thunderbolt|p2a: Mesprit\n|-damage|p2a: Mesprit|5/275 par\n|move|p2a: Mesprit|Drain Punch|p1a: Magnezone\n|-supereffective|p1a: Magnezone\n|-damage|p1a: Magnezone|26/100\n|-heal|p2a: Mesprit|53/275 par|[from] drain|[of] p1a: Magnezone\n|\n|-heal|p2a: Mesprit|70/275 par|[from] item: Leftovers\n|upkeep\n|turn|9\n|inactive|Time left: 300 sec this turn | 300 sec total\n|\n|t:|1783571554\n|move|p1a: Magnezone|Thunderbolt|p2a: Mesprit\n|-damage|p2a: Mesprit|0 fnt\n|faint|p2a: Mesprit\n|\n|upkeep\n|inactive|Time left: 300 sec this turn | 300 sec total | 5 sec grace\n|\n|t:|1783571555\n|switch|p2a: Furret|Furret, L94, F|312/312\n|-damage|p2a: Furret|273/312|[from] Stealth Rock\n|-item|p1a: Magnezone|Choice Scarf|[from] ability: Frisk|[of] p2a: Furret\n|turn|10\n|inactive|Time left: 300 sec this turn | 300 sec total\n|\n|t:|1783571556\n|move|p1a: Magnezone|Thunderbolt|p2a: Furret\n|-damage|p2a: Furret|128/312\n|move|p2a: Furret|Tidy Up|p2a: Furret\n|-sideend|p2: p0y28236054|Stealth Rock\n|-activate|p2a: Furret|move: Tidy Up\n|-boost|p2a: Furret|atk|1\n|-boost|p2a: Furret|spe|1\n|\n|upkeep\n|turn|11\n|inactive|Time left: 300 sec this turn | 300 sec total\n|\n|t:|1783571557\n|switch|p1a: Duraludon|Duraludon, L82, M|100/100\n|move|p2a: Furret|Knock Off|p1a: Duraludon\n|-damage|p1a: Duraludon|68/100\n|-enditem|p1a: Duraludon|Eviolite|[from] move: Knock Off|[of] p2a: Furret\n|-damage|p2a: Furret|97/312|[from] item: Life Orb\n|\n|upkeep\n|turn|12\n|inactive|Time left: 300 sec this turn | 300 sec total\n|\n|t:|1783571558\n|switch|p1a: Leavanny|Leavanny, L86, M|100/100\n|move|p2a: Furret|Brick Break|p1a: Leavanny\n|-resisted|p1a: Leavanny\n|-damage|p1a: Leavanny|81/100\n|-damage|p2a: Furret|66/312|[from] item: Life Orb\n|\n|upkeep\n|turn|13\n|inactive|Time left: 300 sec this turn | 300 sec total\n|\n|t:|1783571558\n|move|p2a: Furret|Double-Edge|p1a: Leavanny\n|-damage|p1a: Leavanny|0 fnt\n|faint|p1a: Leavanny\n|-damage|p2a: Furret|0 fnt|[from] Recoil\n|faint|p2a: Furret\n|\n|upkeep\n|inactive|Time left: 300 sec this turn | 300 sec total | 5 sec grace\n|\n|t:|1783571559\n|switch|p2a: Munkidori|Munkidori, L79, M, tera:Poison|184/269\n|switch|p1a: Magnezone|Magnezone, L85|26/100\n|turn|14\n|inactive|Time left: 300 sec this turn | 300 sec total\n|\n|t:|1783571561\n|move|p1a: Magnezone|Flash Cannon|p2a: Munkidori\n|-damage|p2a: Munkidori|70/269\n|move|p2a: Munkidori|Focus Blast|p1a: Magnezone|[miss]\n|-miss|p2a: Munkidori|p1a: Magnezone\n|\n|upkeep\n|turn|15\n|inactive|Time left: 300 sec this turn | 300 sec total\n|\n|t:|1783571562\n|switch|p2a: Jumpluff|Jumpluff, L87, F|271/271\n|move|p1a: Magnezone|Flash Cannon|p2a: Jumpluff\n|-damage|p2a: Jumpluff|168/271\n|\n|upkeep\n|turn|16\n|inactive|Time left: 300 sec this turn | 300 sec total\n|\n|t:|1783571563\n|move|p2a: Jumpluff|Leech Seed|p1a: Magnezone\n|-start|p1a: Magnezone|move: Leech Seed\n|move|p1a: Magnezone|Flash Cannon|p2a: Jumpluff\n|-damage|p2a: Jumpluff|66/271\n|\n|-damage|p1a: Magnezone|14/100|[from] Leech Seed|[of] p2a: Jumpluff\n|-heal|p2a: Jumpluff|98/271|[silent]\n|upkeep\n|turn|17\n|inactive|Time left: 300 sec this turn | 300 sec total\n|\n|t:|1783571564\n|switch|p1a: Chansey|Chansey, L85, F|76/100\n|move|p2a: Jumpluff|Strength Sap|p1a: Chansey\n|-unboost|p1a: Chansey|atk|1\n|-heal|p2a: Jumpluff|111/271\n|\n|upkeep\n|turn|18\n|inactive|Time left: 300 sec this turn | 300 sec total\n|\n|t:|1783571565\n|move|p2a: Jumpluff|Leech Seed|p1a: Chansey\n|-start|p1a: Chansey|move: Leech Seed\n|move|p1a: Chansey|Seismic Toss|p2a: Jumpluff\n|-damage|p2a: Jumpluff|26/271\n|\n|-damage|p1a: Chansey|64/100|[from] Leech Seed|[of] p2a: Jumpluff\n|-heal|p2a: Jumpluff|96/271|[silent]\n|upkeep\n|turn|19\n|inactive|Time left: 300 sec this turn | 300 sec total\n|\n|t:|1783571565\n|switch|p1a: Magnezone|Magnezone, L85|14/100\n|move|p2a: Jumpluff|Strength Sap|p1a: Magnezone\n|-unboost|p1a: Magnezone|atk|1\n|-heal|p2a: Jumpluff|220/271\n|\n|upkeep\n|turn|20\n|inactive|Time left: 300 sec this turn | 300 sec total\n|\n|t:|1783571566\n|move|p2a: Jumpluff|Leech Seed|p1a: Magnezone\n|-start|p1a: Magnezone|move: Leech Seed\n|move|p1a: Magnezone|Thunderbolt|p2a: Jumpluff\n|-damage|p2a: Jumpluff|111/271\n|\n|-damage|p1a: Magnezone|1/100|[from] Leech Seed|[of] p2a: Jumpluff\n|-heal|p2a: Jumpluff|143/271|[silent]\n|upkeep\n|turn|21\n|inactive|Time left: 300 sec this turn | 300 sec total\n|\n|t:|1783571567\n|move|p2a: Jumpluff|Acrobatics|p1a: Magnezone\n|-resisted|p1a: Magnezone\n|-damage|p1a: Magnezone|0 fnt\n|faint|p1a: Magnezone\n|\n|upkeep\n|\n|t:|1783571568\n|switch|p1a: Chansey|Chansey, L85, F|64/100\n|turn|22\n|inactive|Time left: 300 sec this turn | 300 sec total\n|\n|t:|1783571569\n|move|p2a: Jumpluff|Leech Seed|p1a: Chansey\n|-start|p1a: Chansey|move: Leech Seed\n|move|p1a: Chansey|Stealth Rock|p2a: Jumpluff\n|-sidestart|p2: p0y28236054|move: Stealth Rock\n|\n|-damage|p1a: Chansey|51/100|[from] Leech Seed|[of] p2a: Jumpluff\n|-heal|p2a: Jumpluff|213/271|[silent]\n|upkeep\n|turn|23\n|inactive|Time left: 300 sec this turn | 300 sec total\n|\n|t:|1783571570\n|move|p2a: Jumpluff|Acrobatics|p1a: Chansey\n|-damage|p1a: Chansey|17/100\n|move|p1a: Chansey|Soft-Boiled|p1a: Chansey\n|-heal|p1a: Chansey|67/100\n|\n|-damage|p1a: Chansey|55/100|[from] Leech Seed|[of] p2a: Jumpluff\n|-heal|p2a: Jumpluff|271/271|[silent]\n|upkeep\n|turn|24\n|inactive|Time left: 300 sec this turn | 300 sec total\n|\n|t:|1783571571\n|switch|p1a: Duraludon|Duraludon, L82, M|68/100\n|move|p2a: Jumpluff|Acrobatics|p1a: Duraludon\n|-resisted|p1a: Duraludon\n|-damage|p1a: Duraludon|54/100\n|\n|upkeep\n|turn|25\n|inactive|Time left: 300 sec this turn | 300 sec total\n|\n|t:|1783571572\n|move|p2a: Jumpluff|Leech Seed|p1a: Duraludon|[miss]\n|-miss|p2a: Jumpluff|p1a: Duraludon\n|move|p1a: Duraludon|Flash Cannon|p2a: Jumpluff\n|-damage|p2a: Jumpluff|190/271\n|\n|upkeep\n|turn|26\n|inactive|Time left: 300 sec this turn | 300 sec total\n|\n|t:|1783571572\n|move|p2a: Jumpluff|Leech Seed|p1a: Duraludon\n|-start|p1a: Duraludon|move: Leech Seed\n|move|p1a: Duraludon|Flash Cannon|p2a: Jumpluff\n|-damage|p2a: Jumpluff|109/271\n|\n|-damage|p1a: Duraludon|41/100|[from] Leech Seed|[of] p2a: Jumpluff\n|-heal|p2a: Jumpluff|140/271|[silent]\n|upkeep\n|turn|27\n|inactive|Time left: 300 sec this turn | 300 sec total\n|\n|t:|1783571573\n|switch|p1a: Chansey|Chansey, L85, F|55/100\n|move|p2a: Jumpluff|Strength Sap|p1a: Chansey\n|-unboost|p1a: Chansey|atk|1\n|-heal|p2a: Jumpluff|153/271\n|\n|upkeep\n|turn|28\n|inactive|Time left: 300 sec this turn | 300 sec total\n|\n|t:|1783571574\n|move|p2a: Jumpluff|Leech Seed|p1a: Chansey\n|-start|p1a: Chansey|move: Leech Seed\n|move|p1a: Chansey|Soft-Boiled|p1a: Chansey\n|-heal|p1a: Chansey|100/100\n|\n|-damage|p1a: Chansey|88/100|[from] Leech Seed|[of] p2a: Jumpluff\n|-heal|p2a: Jumpluff|223/271|[silent]\n|upkeep\n|turn|29\n|inactive|Time left: 300 sec this turn | 300 sec total\n|\n|t:|1783571575\n|switch|p1a: Duraludon|Duraludon, L82, M|41/100\n|move|p2a: Jumpluff|Strength Sap|p1a: Duraludon\n|-unboost|p1a: Duraludon|atk|1\n|-heal|p2a: Jumpluff|271/271\n|\n|upkeep\n|turn|30\n|inactive|Time left: 300 sec this turn | 300 sec total\n|\n|t:|1783571576\n|move|p2a: Jumpluff|Leech Seed|p1a: Duraludon\n|-start|p1a: Duraludon|move: Leech Seed\n|move|p1a: Duraludon|Flash Cannon|p2a: Jumpluff\n|-damage|p2a: Jumpluff|187/271\n|\n|-damage|p1a: Duraludon|29/100|[from] Leech Seed|[of] p2a: Jumpluff\n|-heal|p2a: Jumpluff|218/271|[silent]\n|upkeep\n|turn|31\n|inactive|Time left: 300 sec this turn | 300 sec total\n|\n|t:|1783571577\n|move|p2a: Jumpluff|Leech Seed||[still]\n|-fail|p2a: Jumpluff\n|move|p1a: Duraludon|Flash Cannon|p2a: Jumpluff\n|-damage|p2a: Jumpluff|133/271\n|\n|-damage|p1a: Duraludon|16/100|[from] Leech Seed|[of] p2a: Jumpluff\n|-heal|p2a: Jumpluff|164/271|[silent]\n|upkeep\n|turn|32\n|inactive|Time left: 300 sec this turn | 300 sec total\n|\n|t:|1783571578\n|move|p2a: Jumpluff|Strength Sap|p1a: Duraludon\n|-unboost|p1a: Duraludon|atk|1\n|-heal|p2a: Jumpluff|270/271\n|move|p1a: Duraludon|Flash Cannon|p2a: Jumpluff\n|-damage|p2a: Jumpluff|186/271\n|\n|-damage|p1a: Duraludon|4/100|[from] Leech Seed|[of] p2a: Jumpluff\n|-heal|p2a: Jumpluff|217/271|[silent]\n|upkeep\n|turn|33\n|inactive|Time left: 300 sec this turn | 300 sec total\n|\n|t:|1783571579\n|move|p2a: Jumpluff|Acrobatics|p1a: Duraludon\n|-resisted|p1a: Duraludon\n|-damage|p1a: Duraludon|0 fnt\n|faint|p1a: Duraludon\n|\n|upkeep\n|\n|t:|1783571580\n|switch|p1a: Iron Valiant|Iron Valiant, L78|100/100\n|turn|34\n|inactive|Time left: 300 sec this turn | 300 sec total\n|\n|t:|1783571581\n|move|p2a: Jumpluff|Acrobatics|p1a: Iron Valiant\n|-supereffective|p1a: Iron Valiant\n|-damage|p1a: Iron Valiant|33/100\n|move|p1a: Iron Valiant|Spirit Break|p2a: Jumpluff\n|-damage|p2a: Jumpluff|96/271\n|-unboost|p2a: Jumpluff|spa|1\n|-damage|p1a: Iron Valiant|23/100|[from] item: Life Orb\n|\n|upkeep\n|turn|35\n|inactive|Time left: 300 sec this turn | 300 sec total\n|\n|t:|1783571582\n|-end|p1a: Iron Valiant|Quark Drive|[silent]\n|switch|p1a: Chansey|Chansey, L85, F|88/100\n|move|p2a: Jumpluff|Acrobatics|p1a: Chansey\n|-damage|p1a: Chansey|52/100\n|\n|upkeep\n|turn|36\n|inactive|Time left: 300 sec this turn | 300 sec total\n|\n|t:|1783571583\n|move|p2a: Jumpluff|Leech Seed|p1a: Chansey\n|-start|p1a: Chansey|move: Leech Seed\n|move|p1a: Chansey|Soft-Boiled|p1a: Chansey\n|-heal|p1a: Chansey|100/100\n|\n|-damage|p1a: Chansey|88/100|[from] Leech Seed|[of] p2a: Jumpluff\n|-heal|p2a: Jumpluff|166/271|[silent]\n|upkeep\n|turn|37\n|inactive|Time left: 300 sec this turn | 300 sec total\n|\n|t:|1783571584\n|switch|p1a: Iron Valiant|Iron Valiant, L78|23/100\n|move|p2a: Jumpluff|Acrobatics|p1a: Iron Valiant\n|-supereffective|p1a: Iron Valiant\n|-damage|p1a: Iron Valiant|0 fnt\n|faint|p1a: Iron Valiant\n|-end|p1a: Iron Valiant|Quark Drive|[silent]\n|\n|upkeep\n|\n|t:|1783571585\n|switch|p1a: Chansey|Chansey, L85, F|88/100\n|turn|38\n|inactive|Time left: 300 sec this turn | 300 sec total\n|\n|t:|1783571586\n|move|p2a: Jumpluff|Leech Seed|p1a: Chansey\n|-start|p1a: Chansey|move: Leech Seed\n|move|p1a: Chansey|Seismic Toss|p2a: Jumpluff\n|-damage|p2a: Jumpluff|81/271\n|\n|-damage|p1a: Chansey|76/100|[from] Leech Seed|[of] p2a: Jumpluff\n|-heal|p2a: Jumpluff|151/271|[silent]\n|upkeep\n|turn|39\n|inactive|Time left: 300 sec this turn | 300 sec total\n|\n|t:|1783571587\n|move|p2a: Jumpluff|Strength Sap|p1a: Chansey\n|-unboost|p1a: Chansey|atk|1\n|-heal|p2a: Jumpluff|164/271\n|move|p1a: Chansey|Seismic Toss|p2a: Jumpluff\n|-damage|p2a: Jumpluff|79/271\n|\n|-damage|p1a: Chansey|63/100|[from] Leech Seed|[of] p2a: Jumpluff\n|-heal|p2a: Jumpluff|149/271|[silent]\n|upkeep\n|turn|40\n|inactive|Time left: 300 sec this turn | 300 sec total\n|\n|t:|1783571588\n|move|p2a: Jumpluff|Acrobatics|p1a: Chansey\n|-damage|p1a: Chansey|27/100\n|move|p1a: Chansey|Soft-Boiled|p1a: Chansey\n|-heal|p1a: Chansey|77/100\n|\n|-damage|p1a: Chansey|65/100|[from] Leech Seed|[of] p2a: Jumpluff\n|-heal|p2a: Jumpluff|219/271|[silent]\n|upkeep\n|turn|41\n|inactive|Time left: 300 sec this turn | 300 sec total\n|\n|t:|1783571590\n|move|p2a: Jumpluff|Acrobatics|p1a: Chansey\n|-damage|p1a: Chansey|29/100\n|move|p1a: Chansey|Soft-Boiled|p1a: Chansey\n|-heal|p1a: Chansey|79/100\n|\n|-damage|p1a: Chansey|66/100|[from] Leech Seed|[of] p2a: Jumpluff\n|-heal|p2a: Jumpluff|271/271|[silent]\n|upkeep\n|turn|42\n|inactive|Time left: 300 sec this turn | 300 sec total\n|\n|t:|1783571591\n|move|p2a: Jumpluff|Acrobatics|p1a: Chansey\n|-damage|p1a: Chansey|32/100\n|move|p1a: Chansey|Soft-Boiled|p1a: Chansey\n|-heal|p1a: Chansey|82/100\n|\n|-damage|p1a: Chansey|69/100|[from] Leech Seed|[of] p2a: Jumpluff\n|upkeep\n|turn|43\n|inactive|Time left: 300 sec this turn | 300 sec total\n|\n|t:|1783571592\n|move|p2a: Jumpluff|Acrobatics|p1a: Chansey\n|-damage|p1a: Chansey|36/100\n|move|p1a: Chansey|Thunder Wave|p2a: Jumpluff\n|-status|p2a: Jumpluff|par\n|\n|-damage|p1a: Chansey|23/100|[from] Leech Seed|[of] p2a: Jumpluff\n|upkeep\n|turn|44\n|inactive|Time left: 300 sec this turn | 300 sec total\n|\n|t:|1783571593\n|switch|p2a: Kingdra|Kingdra, L84, F|263/263\n|-damage|p2a: Kingdra|231/263|[from] Stealth Rock\n|move|p1a: Chansey|Soft-Boiled|p1a: Chansey\n|-heal|p1a: Chansey|73/100\n|\n|-damage|p1a: Chansey|61/100|[from] Leech Seed|[of] p2a: Kingdra\n|-heal|p2a: Kingdra|263/263|[silent]\n|upkeep\n|turn|45\n|inactive|Time left: 300 sec this turn | 300 sec total\n|\n|t:|1783571594\n|move|p2a: Kingdra|Wave Crash|p1a: Chansey\n|-damage|p1a: Chansey|0 fnt\n|faint|p1a: Chansey\n|-damage|p2a: Kingdra|151/263|[from] Recoil\n|-damage|p2a: Kingdra|125/263|[from] item: Life Orb\n|\n|win|p0y28236054", "uploadtime": 1783571594, "views": 0, "rating": 0, "private": 0, "password": null, "_winner": "p0y28236054", "_our_name": "p0y28236054"}