{"id": "battle-gen9randombattle-109", "formatid": "gen9randombattle", "format": "[Gen 9] Random Battle", "players": ["p0x109c0a4", "p0y10908c5"], "log": "|init|battle\n|title|p0x109c0a4 vs. p0y10908c5\n|j|\u2606p0x109c0a4\n|j|\u2606p0y10908c5\n|t:|1783535024\n|gametype|singles\n|player|p1|p0x109c0a4|1|\n|player|p2|p0y10908c5|266|\n|gen|9\n|tier|[Gen 9] Random Battle\n|rule|Species Clause: Limit one of each Pok\u00e9mon\n|rule|HP Percentage Mod: HP is shown in percentages\n|rule|Sleep Clause Mod: Limit one foe put to sleep\n|rule|Illusion Level Mod: Illusion disguises the Pok\u00e9mon's true level\n|\n|t:|1783535024\n|teamsize|p1|6\n|teamsize|p2|6\n|start\n|switch|p1a: Vigoroth|Vigoroth, L85, F|100/100\n|switch|p2a: Magnezone|Magnezone, L85|258/258\n|turn|1\n|inactive|Battle timer is ON: inactive players will automatically lose when time's up. (requested by p0y10908c5)\n|inactive|p0x109c0a4 also wants the timer to be on.\n|\n|t:|1783535025\n|move|p1a: Vigoroth|Bulk Up|p1a: Vigoroth\n|-boost|p1a: Vigoroth|atk|1\n|-boost|p1a: Vigoroth|def|1\n|move|p2a: Magnezone|Flash Cannon|p1a: Vigoroth\n|-damage|p1a: Vigoroth|65/100\n|\n|upkeep\n|turn|2\n|inactive|Time left: 300 sec this turn | 300 sec total\n|\n|t:|1783535026\n|move|p1a: Vigoroth|Earthquake|p2a: Magnezone\n|-supereffective|p2a: Magnezone\n|-damage|p2a: Magnezone|0 fnt\n|faint|p2a: Magnezone\n|\n|upkeep\n|inactive|Time left: 300 sec this turn | 300 sec total | 5 sec grace\n|\n|t:|1783535027\n|switch|p2a: Sunflora|Sunflora, F|312/312\n|turn|3\n|inactive|Time left: 300 sec this turn | 300 sec total\n|\n|t:|1783535028\n|move|p1a: Vigoroth|Body Slam|p2a: Sunflora\n|-damage|p2a: Sunflora|158/312\n|move|p2a: Sunflora|Leaf Storm|p1a: Vigoroth\n|-crit|p1a: Vigoroth\n|-damage|p1a: Vigoroth|0 fnt\n|-unboost|p2a: Sunflora|spa|2\n|faint|p1a: Vigoroth\n|\n|upkeep\n|\n|t:|1783535029\n|switch|p1a: Spidops|Spidops, L96, M|100/100\n|turn|4\n|inactive|Time left: 300 sec this turn | 300 sec total\n|\n|t:|1783535030\n|switch|p2a: Slowbro|Slowbro-Galar, L87, F|307/307\n|move|p1a: Spidops|Sticky Web|p2a: Slowbro\n|-sidestart|p2: p0y10908c5|move: Sticky Web\n|\n|upkeep\n|turn|5\n|inactive|Time left: 300 sec this turn | 300 sec total\n|\n|t:|1783535031\n|move|p1a: Spidops|Spikes|p2a: Slowbro\n|-sidestart|p2: p0y10908c5|Spikes\n|move|p2a: Slowbro|Shell Side Arm|p1a: Spidops|[anim] Shell Side Arm Special\n|-damage|p1a: Spidops|65/100\n|-hint|Special Shell Side Arm\n|\n|upkeep\n|turn|6\n|inactive|Time left: 300 sec this turn | 300 sec total\n|\n|t:|1783535032\n|move|p1a: Spidops|Toxic Spikes|p2a: Slowbro\n|-sidestart|p2: p0y10908c5|move: Toxic Spikes\n|move|p2a: Slowbro|Shell Side Arm|p1a: Spidops|[anim] Shell Side Arm Special\n|-damage|p1a: Spidops|31/100\n|-hint|Special Shell Side Arm\n|\n|upkeep\n|turn|7\n|inactive|Time left: 300 sec this turn | 300 sec total\n|\n|t:|1783535032\n|switch|p1a: Salamence|Salamence, L77, M|100/100\n|-ability|p1a: Salamence|Intimidate|boost\n|-unboost|p2a: Slowbro|atk|1\n|move|p2a: Slowbro|Shell Side Arm|p1a: Salamence|[anim] Shell Side Arm Special\n|-damage|p1a: Salamence|57/100\n|-hint|Special Shell Side Arm\n|\n|upkeep\n|turn|8\n|inactive|Time left: 300 sec this turn | 300 sec total\n|\n|t:|1783535033\n|move|p1a: Salamence|Outrage|p2a: Slowbro\n|-damage|p2a: Slowbro|181/307\n|-damage|p1a: Salamence|41/100|[from] item: Rocky Helmet|[of] p2a: Slowbro\n|move|p2a: Slowbro|Psychic|p1a: Salamence\n|-damage|p1a: Salamence|0 fnt\n|faint|p1a: Salamence\n|\n|upkeep\n|\n|t:|1783535035\n|switch|p1a: Ursaring|Ursaring, L84, M|100/100\n|turn|9\n|inactive|Time left: 300 sec this turn | 300 sec total\n|\n|t:|1783535035\n|move|p1a: Ursaring|Swords Dance|p1a: Ursaring\n|-boost|p1a: Ursaring|atk|2\n|move|p2a: Slowbro|Psychic|p1a: Ursaring\n|-damage|p1a: Ursaring|59/100\n|\n|-status|p1a: Ursaring|tox|[from] item: Toxic Orb\n|upkeep\n|turn|10\n|inactive|Time left: 300 sec this turn | 300 sec total\n|\n|t:|1783535037\n|switch|p2a: Sunflora|Sunflora, F|158/312\n|-activate|p2a: Sunflora|move: Sticky Web\n|-unboost|p2a: Sunflora|spe|1\n|-damage|p2a: Sunflora|119/312|[from] Spikes\n|-status|p2a: Sunflora|psn\n|move|p1a: Ursaring|Facade|p2a: Sunflora\n|-damage|p2a: Sunflora|0 fnt\n|faint|p2a: Sunflora\n|\n|-damage|p1a: Ursaring|53/100 tox|[from] psn\n|upkeep\n|inactive|Time left: 300 sec this turn | 300 sec total | 5 sec grace\n|\n|t:|1783535038\n|switch|p2a: Carbink|Carbink, L90|236/236\n|-activate|p2a: Carbink|move: Sticky Web\n|-unboost|p2a: Carbink|spe|1\n|-damage|p2a: Carbink|207/236|[from] Spikes\n|-status|p2a: Carbink|psn\n|turn|11\n|inactive|Time left: 300 sec this turn | 300 sec total\n|\n|t:|1783535039\n|move|p1a: Ursaring|Facade|p2a: Carbink\n|-resisted|p2a: Carbink\n|-damage|p2a: Carbink|96/236 psn\n|move|p2a: Carbink|Body Press|p1a: Ursaring\n|-supereffective|p1a: Ursaring\n|-damage|p1a: Ursaring|0 fnt\n|faint|p1a: Ursaring\n|\n|-heal|p2a: Carbink|110/236 psn|[from] item: Leftovers\n|-damage|p2a: Carbink|81/236 psn|[from] psn\n|upkeep\n|\n|t:|1783535040\n|switch|p1a: Ludicolo|Ludicolo, L90, F|100/100\n|turn|12\n|inactive|Time left: 300 sec this turn | 300 sec total\n|\n|t:|1783535041\n|switch|p2a: Slowbro|Slowbro-Galar, L87, F|283/307\n|-activate|p2a: Slowbro|move: Sticky Web\n|-unboost|p2a: Slowbro|spe|1\n|-damage|p2a: Slowbro|245/307|[from] Spikes\n|-sideend|p2: p0y10908c5|move: Toxic Spikes|[of] p2a: Slowbro\n|move|p1a: Ludicolo|Hydro Pump|p2a: Slowbro\n|-damage|p2a: Slowbro|62/307\n|-damage|p1a: Ludicolo|90/100|[from] item: Life Orb\n|\n|upkeep\n|turn|13\n|inactive|Time left: 300 sec this turn | 300 sec total\n|\n|t:|1783535042\n|switch|p2a: Oranguru|Oranguru, L92, M|315/315\n|-activate|p2a: Oranguru|move: Sticky Web\n|-unboost|p2a: Oranguru|spe|1\n|-damage|p2a: Oranguru|276/315|[from] Spikes\n|move|p1a: Ludicolo|Ice Beam|p2a: Oranguru\n|-damage|p2a: Oranguru|206/315\n|-status|p2a: Oranguru|frz\n|-damage|p1a: Ludicolo|80/100|[from] item: Life Orb\n|\n|-heal|p2a: Oranguru|225/315 frz|[from] item: Leftovers\n|upkeep\n|turn|14\n|inactive|Time left: 300 sec this turn | 300 sec total\n|\n|t:|1783535043\n|move|p1a: Ludicolo|Hydro Pump|p2a: Oranguru\n|-damage|p2a: Oranguru|96/315 frz\n|-damage|p1a: Ludicolo|70/100|[from] item: Life Orb\n|cant|p2a: Oranguru|frz\n|\n|-heal|p2a: Oranguru|115/315 frz|[from] item: Leftovers\n|upkeep\n|turn|15\n|inactive|Time left: 300 sec this turn | 300 sec total\n|\n|t:|1783535044\n|move|p1a: Ludicolo|Giga Drain|p2a: Oranguru\n|-damage|p2a: Oranguru|20/315 frz\n|-heal|p1a: Ludicolo|87/100|[from] drain|[of] p2a: Oranguru\n|-damage|p1a: Ludicolo|77/100|[from] item: Life Orb\n|cant|p2a: Oranguru|frz\n|\n|-heal|p2a: Oranguru|39/315 frz|[from] item: Leftovers\n|upkeep\n|turn|16\n|inactive|Time left: 300 sec this turn | 300 sec total\n|\n|t:|1783535045\n|move|p1a: Ludicolo|Giga Drain|p2a: Oranguru\n|-damage|p2a: Oranguru|0 fnt\n|-heal|p1a: Ludicolo|84/100|[from] drain|[of] p2a: Oranguru\n|faint|p2a: Oranguru\n|-damage|p1a: Ludicolo|74/100|[from] item: Life Orb\n|\n|upkeep\n|inactive|Time left: 300 sec this turn | 300 sec total | 5 sec grace\n|\n|t:|1783535046\n|switch|p2a: Wigglytuff|Wigglytuff, L96, F|424/424\n|-activate|p2a: Wigglytuff|move: Sticky Web\n|-unboost|p2a: Wigglytuff|spe|1\n|-ability|p2a: Wigglytuff|Competitive|boost\n|-boost|p2a: Wigglytuff|spa|2\n|-damage|p2a: Wigglytuff|371/424|[from] Spikes\n|turn|17\n|inactive|Time left: 300 sec this turn | 300 sec total\n|\n|t:|1783535047\n|move|p1a: Ludicolo|Hydro Pump|p2a: Wigglytuff\n|-damage|p2a: Wigglytuff|141/424\n|-damage|p1a: Ludicolo|64/100|[from] item: Life Orb\n|move|p2a: Wigglytuff|Alluring Voice|p1a: Ludicolo\n|-damage|p1a: Ludicolo|3/100\n|\n|-heal|p2a: Wigglytuff|167/424|[from] item: Leftovers\n|upkeep\n|turn|18\n|inactive|Time left: 300 sec this turn | 300 sec total\n|\n|t:|1783535048\n|move|p2a: Wigglytuff|Protect|p2a: Wigglytuff\n|-singleturn|p2a: Wigglytuff|Protect\n|move|p1a: Ludicolo|Hydro Pump|p2a: Wigglytuff\n|-activate|p2a: Wigglytuff|move: Protect\n|\n|-heal|p2a: Wigglytuff|193/424|[from] item: Leftovers\n|upkeep\n|turn|19\n|inactive|Time left: 300 sec this turn | 300 sec total\n|\n|t:|1783535049\n|move|p2a: Wigglytuff|Protect||[still]\n|-fail|p2a: Wigglytuff\n|move|p1a: Ludicolo|Hydro Pump|p2a: Wigglytuff\n|-damage|p2a: Wigglytuff|0 fnt\n|faint|p2a: Wigglytuff\n|-damage|p1a: Ludicolo|0 fnt|[from] item: Life Orb\n|faint|p1a: Ludicolo\n|\n|upkeep\n|inactive|Time left: 300 sec this turn | 300 sec total | 5 sec grace\n|\n|t:|1783535050\n|switch|p1a: Cetitan|Cetitan, L82, M|100/100\n|switch|p2a: Slowbro|Slowbro-Galar, L87, F|164/307\n|-activate|p2a: Slowbro|move: Sticky Web\n|-unboost|p2a: Slowbro|spe|1\n|-damage|p2a: Slowbro|126/307|[from] Spikes\n|turn|20\n|inactive|Time left: 300 sec this turn | 300 sec total\n|\n|t:|1783535050\n|switch|p2a: Carbink|Carbink, L90|81/236 psn\n|-activate|p2a: Carbink|move: Sticky Web\n|-unboost|p2a: Carbink|spe|1\n|-damage|p2a: Carbink|52/236 psn|[from] Spikes\n|move|p1a: Cetitan|Earthquake|p2a: Carbink\n|-supereffective|p2a: Carbink\n|-damage|p2a: Carbink|0 fnt\n|faint|p2a: Carbink\n|\n|upkeep\n|inactive|Time left: 300 sec this turn | 300 sec total | 5 sec grace\n|\n|t:|1783535051\n|switch|p2a: Slowbro|Slowbro-Galar, L87, F|228/307\n|-activate|p2a: Slowbro|move: Sticky Web\n|-unboost|p2a: Slowbro|spe|1\n|-damage|p2a: Slowbro|190/307|[from] Spikes\n|turn|21\n|inactive|Time left: 300 sec this turn | 300 sec total\n|\n|t:|1783535052\n|-terastallize|p1a: Cetitan|Ice\n|move|p1a: Cetitan|Belly Drum|p1a: Cetitan\n|-damage|p1a: Cetitan|50/100\n|-setboost|p1a: Cetitan|atk|6|[from] move: Belly Drum\n|-enditem|p1a: Cetitan|Sitrus Berry|[eat]\n|-heal|p1a: Cetitan|75/100|[from] item: Sitrus Berry\n|move|p2a: Slowbro|Slack Off|p2a: Slowbro\n|-heal|p2a: Slowbro|307/307\n|\n|upkeep\n|turn|22\n|inactive|Time left: 300 sec this turn | 300 sec total\n|\n|t:|1783535053\n|move|p1a: Cetitan|Ice Spinner|p2a: Slowbro\n|-damage|p2a: Slowbro|0 fnt\n|-damage|p1a: Cetitan|59/100|[from] item: Rocky Helmet|[of] p2a: Slowbro\n|faint|p2a: Slowbro\n|\n|win|p0x109c0a4", "uploadtime": 1783535053, "views": 0, "rating": 0, "private": 0, "password": null, "_winner": "p0x109c0a4", "_our_name": "p0y10908c5"}