{"id": "battle-gen9randombattle-44", "formatid": "gen9randombattle", "format": "[Gen 9] Random Battle", "players": ["p0x0441d6f", "p0y0440aaf"], "log": "|init|battle\n|title|p0x0441d6f vs. p0y0440aaf\n|j|\u2606p0x0441d6f\n|j|\u2606p0y0440aaf\n|t:|1783539672\n|gametype|singles\n|player|p1|p0x0441d6f|102|\n|player|p2|p0y0440aaf|169|\n|gen|9\n|tier|[Gen 9] Random Battle\n|rule|Species Clause: Limit one of each Pok\u00e9mon\n|rule|HP Percentage Mod: HP is shown in percentages\n|rule|Sleep Clause Mod: Limit one foe put to sleep\n|rule|Illusion Level Mod: Illusion disguises the Pok\u00e9mon's true level\n|\n|t:|1783539672\n|teamsize|p1|6\n|teamsize|p2|6\n|start\n|switch|p1a: Swalot|Swalot, L90, F|100/100\n|switch|p2a: Raichu|Raichu, L88, M|249/249\n|turn|1\n|inactive|Battle timer is ON: inactive players will automatically lose when time's up. (requested by p0x0441d6f)\n|inactive|Time left: 300 sec this turn | 300 sec total | 60 sec grace\n|inactive|p0y0440aaf also wants the timer to be on.\n|\n|t:|1783539673\n|switch|p2a: Eiscue|Eiscue, L88, M|274/274\n|move|p1a: Swalot|Knock Off|p2a: Eiscue\n|-activate|p2a: Eiscue|ability: Ice Face\n|-damage|p2a: Eiscue|274/274\n|-enditem|p2a: Eiscue|Sitrus Berry|[from] move: Knock Off|[of] p1a: Swalot\n|detailschange|p2a: Eiscue|Eiscue-Noice, L88, M\n|\n|upkeep\n|turn|2\n|inactive|Time left: 300 sec this turn | 300 sec total\n|\n|t:|1783539675\n|move|p2a: Eiscue|Belly Drum|p2a: Eiscue\n|-damage|p2a: Eiscue|137/274\n|-setboost|p2a: Eiscue|atk|6|[from] move: Belly Drum\n|move|p1a: Swalot|Sludge Bomb|p2a: Eiscue\n|-damage|p2a: Eiscue|4/274\n|\n|upkeep\n|turn|3\n|inactive|Time left: 300 sec this turn | 300 sec total\n|\n|t:|1783539676\n|move|p2a: Eiscue|Ice Spinner|p1a: Swalot\n|-damage|p1a: Swalot|1/100\n|move|p1a: Swalot|Ice Beam|p2a: Eiscue\n|-resisted|p2a: Eiscue\n|-damage|p2a: Eiscue|0 fnt\n|faint|p2a: Eiscue\n|\n|-heal|p1a: Swalot|7/100|[from] item: Leftovers\n|upkeep\n|inactive|Time left: 300 sec this turn | 300 sec total | 5 sec grace\n|\n|t:|1783539677\n|switch|p2a: Mismagius|Mismagius, L86, M|243/243\n|turn|4\n|inactive|Time left: 300 sec this turn | 300 sec total\n|\n|t:|1783539679\n|switch|p1a: Necrozma|Necrozma-Dusk-Mane, L69|100/100\n|move|p2a: Mismagius|Shadow Ball|p1a: Necrozma\n|-supereffective|p1a: Necrozma\n|-damage|p1a: Necrozma|15/100\n|-unboost|p1a: Necrozma|spd|1\n|-enditem|p1a: Necrozma|Weakness Policy\n|-boost|p1a: Necrozma|atk|2|[from] item: Weakness Policy\n|-boost|p1a: Necrozma|spa|2|[from] item: Weakness Policy\n|\n|upkeep\n|turn|5\n|inactive|Time left: 300 sec this turn | 300 sec total\n|\n|t:|1783539680\n|move|p2a: Mismagius|Shadow Ball|p1a: Necrozma\n|-supereffective|p1a: Necrozma\n|-damage|p1a: Necrozma|0 fnt\n|faint|p1a: Necrozma\n|\n|upkeep\n|\n|t:|1783539681\n|switch|p1a: Hydrapple|Hydrapple, L83, F|100/100\n|turn|6\n|inactive|Time left: 300 sec this turn | 300 sec total\n|\n|t:|1783539682\n|move|p2a: Mismagius|Shadow Ball|p1a: Hydrapple\n|-damage|p1a: Hydrapple|47/100\n|move|p1a: Hydrapple|Fickle Beam|p2a: Mismagius\n|-damage|p2a: Mismagius|125/243\n|\n|upkeep\n|turn|7\n|inactive|Time left: 300 sec this turn | 300 sec total\n|\n|t:|1783539683\n|switch|p1a: Swalot|Swalot, L90, F|7/100\n|move|p2a: Mismagius|Shadow Ball|p1a: Swalot\n|-damage|p1a: Swalot|0 fnt\n|faint|p1a: Swalot\n|\n|upkeep\n|\n|t:|1783539685\n|switch|p1a: Inteleon|Inteleon, L81, M|100/100\n|turn|8\n|inactive|Time left: 300 sec this turn | 300 sec total\n|\n|t:|1783539686\n|move|p1a: Inteleon|Scald|p2a: Mismagius\n|-damage|p2a: Mismagius|0 fnt\n|faint|p2a: Mismagius\n|\n|upkeep\n|inactive|Time left: 300 sec this turn | 300 sec total | 5 sec grace\n|\n|t:|1783539687\n|switch|p2a: Raichu|Raichu, L88, M|249/249\n|turn|9\n|inactive|Time left: 300 sec this turn | 300 sec total\n|\n|t:|1783539688\n|switch|p1a: Hydrapple|Hydrapple, L83, F|80/100\n|move|p2a: Raichu|Nasty Plot|p2a: Raichu\n|-boost|p2a: Raichu|spa|2\n|\n|upkeep\n|turn|10\n|inactive|Time left: 300 sec this turn | 300 sec total\n|\n|t:|1783539689\n|switch|p1a: Poliwrath|Poliwrath, L88, M|100/100\n|-terastallize|p2a: Raichu|Ice\n|move|p2a: Raichu|Tera Blast|p1a: Poliwrath|[anim] Tera Blast Ice\n|-resisted|p1a: Poliwrath\n|-damage|p1a: Poliwrath|65/100\n|-damage|p2a: Raichu|225/249|[from] item: Life Orb\n|\n|-heal|p1a: Poliwrath|71/100|[from] item: Leftovers\n|upkeep\n|turn|11\n|inactive|Time left: 300 sec this turn | 300 sec total\n|\n|t:|1783539691\n|switch|p1a: Hydrapple|Hydrapple, L83, F|100/100\n|move|p2a: Raichu|Thunderbolt|p1a: Hydrapple\n|-resisted|p1a: Hydrapple\n|-damage|p1a: Hydrapple|78/100\n|-status|p1a: Hydrapple|par\n|-damage|p2a: Raichu|201/249|[from] item: Life Orb\n|\n|upkeep\n|turn|12\n|inactive|Time left: 300 sec this turn | 300 sec total\n|\n|t:|1783539693\n|switch|p1a: Poliwrath|Poliwrath, L88, M|71/100\n|move|p2a: Raichu|Tera Blast|p1a: Poliwrath|[anim] Tera Blast Ice\n|-resisted|p1a: Poliwrath\n|-damage|p1a: Poliwrath|37/100\n|-damage|p2a: Raichu|177/249|[from] item: Life Orb\n|\n|-heal|p1a: Poliwrath|43/100|[from] item: Leftovers\n|upkeep\n|turn|13\n|inactive|Time left: 300 sec this turn | 300 sec total\n|\n|t:|1783539694\n|switch|p1a: Hydrapple|Hydrapple, L83, F|100/100 par\n|move|p2a: Raichu|Thunderbolt|p1a: Hydrapple\n|-resisted|p1a: Hydrapple\n|-damage|p1a: Hydrapple|77/100 par\n|-damage|p2a: Raichu|153/249|[from] item: Life Orb\n|\n|upkeep\n|turn|14\n|inactive|Time left: 300 sec this turn | 300 sec total\n|\n|t:|1783539696\n|switch|p1a: Poliwrath|Poliwrath, L88, M|43/100\n|move|p2a: Raichu|Tera Blast|p1a: Poliwrath|[anim] Tera Blast Ice\n|-resisted|p1a: Poliwrath\n|-damage|p1a: Poliwrath|8/100\n|-damage|p2a: Raichu|129/249|[from] item: Life Orb\n|\n|-heal|p1a: Poliwrath|14/100|[from] item: Leftovers\n|upkeep\n|turn|15\n|inactive|Time left: 300 sec this turn | 300 sec total\n|\n|t:|1783539698\n|move|p2a: Raichu|Tera Blast|p1a: Poliwrath|[anim] Tera Blast Ice\n|-resisted|p1a: Poliwrath\n|-damage|p1a: Poliwrath|0 fnt\n|faint|p1a: Poliwrath\n|-damage|p2a: Raichu|105/249|[from] item: Life Orb\n|\n|upkeep\n|\n|t:|1783539700\n|switch|p1a: Munkidori|Munkidori, L79, M|100/100\n|turn|16\n|inactive|Time left: 300 sec this turn | 300 sec total\n|\n|t:|1783539701\n|move|p2a: Raichu|Thunderbolt|p1a: Munkidori\n|-damage|p1a: Munkidori|0 fnt\n|faint|p1a: Munkidori\n|-damage|p2a: Raichu|81/249|[from] item: Life Orb\n|\n|upkeep\n|\n|t:|1783539702\n|switch|p1a: Inteleon|Inteleon, L81, M|100/100\n|turn|17\n|inactive|Time left: 300 sec this turn | 300 sec total\n|\n|t:|1783539703\n|switch|p1a: Hydrapple|Hydrapple, L83, F|100/100 par\n|move|p2a: Raichu|Thunderbolt|p1a: Hydrapple\n|-resisted|p1a: Hydrapple\n|-damage|p1a: Hydrapple|80/100 par\n|-damage|p2a: Raichu|57/249|[from] item: Life Orb\n|\n|upkeep\n|turn|18\n|inactive|Time left: 300 sec this turn | 300 sec total\n|\n|t:|1783539704\n|switch|p1a: Inteleon|Inteleon, L81, M|100/100\n|move|p2a: Raichu|Tera Blast|p1a: Inteleon|[anim] Tera Blast Ice\n|-resisted|p1a: Inteleon\n|-damage|p1a: Inteleon|39/100\n|-damage|p2a: Raichu|33/249|[from] item: Life Orb\n|\n|upkeep\n|turn|19\n|inactive|Time left: 300 sec this turn | 300 sec total\n|\n|t:|1783539705\n|move|p2a: Raichu|Tera Blast|p1a: Inteleon|[anim] Tera Blast Ice\n|-resisted|p1a: Inteleon\n|-damage|p1a: Inteleon|0 fnt\n|faint|p1a: Inteleon\n|-damage|p2a: Raichu|9/249|[from] item: Life Orb\n|\n|upkeep\n|\n|t:|1783539706\n|switch|p1a: Hydrapple|Hydrapple, L83, F|100/100 par\n|turn|20\n|inactive|Time left: 300 sec this turn | 300 sec total\n|\n|t:|1783539707\n|-terastallize|p1a: Hydrapple|Dragon\n|move|p2a: Raichu|Tera Blast|p1a: Hydrapple|[anim] Tera Blast Ice\n|-supereffective|p1a: Hydrapple\n|-crit|p1a: Hydrapple\n|-damage|p1a: Hydrapple|0 fnt\n|faint|p1a: Hydrapple\n|-damage|p2a: Raichu|0 fnt|[from] item: Life Orb\n|faint|p2a: Raichu\n|\n|win|p0y0440aaf", "uploadtime": 1783539707, "views": 0, "rating": 0, "private": 0, "password": null, "_winner": "p0y0440aaf", "_our_name": "p0y0440aaf"}