{"id": "battle-gen9randombattle-1572", "formatid": "gen9randombattle", "format": "[Gen 9] Random Battle", "players": ["p0x15727d02", "p0y1572bc18"], "log": "|init|battle\n|title|p0x15727d02 vs. p0y1572bc18\n|j|\u2606p0x15727d02\n|j|\u2606p0y1572bc18\n|t:|1783558217\n|gametype|singles\n|player|p1|p0x15727d02|2|\n|player|p2|p0y1572bc18|1|\n|gen|9\n|tier|[Gen 9] Random Battle\n|rule|Species Clause: Limit one of each Pok\u00e9mon\n|rule|HP Percentage Mod: HP is shown in percentages\n|rule|Sleep Clause Mod: Limit one foe put to sleep\n|rule|Illusion Level Mod: Illusion disguises the Pok\u00e9mon's true level\n|\n|t:|1783558217\n|teamsize|p1|6\n|teamsize|p2|6\n|start\n|switch|p1a: Rillaboom|Rillaboom, L79, M|288/288\n|switch|p2a: Girafarig|Girafarig, L89, M|100/100\n|-fieldstart|move: Grassy Terrain|[from] ability: Grassy Surge|[of] p1a: Rillaboom\n|turn|1\n|inactive|Battle timer is ON: inactive players will automatically lose when time's up. (requested by p0y1572bc18)\n|inactive|Time left: 300 sec this turn | 300 sec total | 60 sec grace\n|\n|t:|1783558219\n|move|p2a: Girafarig|Nasty Plot|p2a: Girafarig\n|-boost|p2a: Girafarig|spa|2\n|move|p1a: Rillaboom|U-turn|p2a: Girafarig\n|-supereffective|p2a: Girafarig\n|-damage|p2a: Girafarig|53/100\n|inactive|Time left: 300 sec this turn | 300 sec total | 65 sec grace\n|inactive|p0x15727d02 also wants the timer to be on.\n|\n|t:|1783558219\n|switch|p1a: Bastiodon|Bastiodon, L89, F|252/252|[from] U-turn\n|\n|-heal|p2a: Girafarig|59/100|[from] Grassy Terrain\n|upkeep\n|turn|2\n|inactive|Time left: 300 sec this turn | 300 sec total\n|\n|t:|1783558221\n|move|p2a: Girafarig|Psychic|p1a: Bastiodon\n|-resisted|p1a: Bastiodon\n|-crit|p1a: Bastiodon\n|-damage|p1a: Bastiodon|147/252\n|move|p1a: Bastiodon|Foul Play|p2a: Girafarig\n|-supereffective|p2a: Girafarig\n|-damage|p2a: Girafarig|28/100\n|\n|-heal|p2a: Girafarig|34/100|[from] Grassy Terrain\n|-heal|p1a: Bastiodon|162/252|[from] Grassy Terrain\n|upkeep\n|turn|3\n|inactive|Time left: 300 sec this turn | 300 sec total\n|\n|t:|1783558221\n|move|p2a: Girafarig|Psychic|p1a: Bastiodon\n|-resisted|p1a: Bastiodon\n|-damage|p1a: Bastiodon|99/252\n|move|p1a: Bastiodon|Foul Play|p2a: Girafarig\n|-supereffective|p2a: Girafarig\n|-damage|p2a: Girafarig|5/100\n|\n|-heal|p2a: Girafarig|11/100|[from] Grassy Terrain\n|-heal|p1a: Bastiodon|114/252|[from] Grassy Terrain\n|upkeep\n|turn|4\n|inactive|Time left: 300 sec this turn | 300 sec total\n|\n|t:|1783558222\n|move|p2a: Girafarig|Shadow Ball|p1a: Bastiodon\n|-damage|p1a: Bastiodon|31/252\n|-unboost|p1a: Bastiodon|spd|1\n|move|p1a: Bastiodon|Body Press|p2a: Girafarig\n|-damage|p2a: Girafarig|0 fnt\n|faint|p2a: Girafarig\n|\n|-heal|p1a: Bastiodon|46/252|[from] Grassy Terrain\n|upkeep\n|\n|t:|1783558223\n|switch|p2a: Yanmega|Yanmega, L82, M|100/100\n|turn|5\n|inactive|Time left: 300 sec this turn | 300 sec total\n|\n|t:|1783558224\n|move|p2a: Yanmega|Air Slash|p1a: Bastiodon\n|-resisted|p1a: Bastiodon\n|-damage|p1a: Bastiodon|0 fnt\n|faint|p1a: Bastiodon\n|\n|-fieldend|move: Grassy Terrain\n|upkeep\n|inactive|Time left: 300 sec this turn | 300 sec total | 5 sec grace\n|\n|t:|1783558225\n|switch|p1a: Polteageist|Polteageist, L78|222/222\n|turn|6\n|inactive|Time left: 300 sec this turn | 300 sec total\n|\n|t:|1783558226\n|move|p2a: Yanmega|Air Slash|p1a: Polteageist\n|-damage|p1a: Polteageist|114/222\n|cant|p1a: Polteageist|flinch\n|\n|upkeep\n|turn|7\n|inactive|Time left: 300 sec this turn | 300 sec total\n|\n|t:|1783558227\n|move|p2a: Yanmega|Air Slash|p1a: Polteageist\n|-damage|p1a: Polteageist|0 fnt\n|faint|p1a: Polteageist\n|\n|upkeep\n|inactive|Time left: 300 sec this turn | 300 sec total | 5 sec grace\n|\n|t:|1783558228\n|switch|p1a: Flygon|Flygon, L82, M|265/265\n|turn|8\n|inactive|Time left: 300 sec this turn | 300 sec total\n|\n|t:|1783558229\n|move|p1a: Flygon|Dragon Dance|p1a: Flygon\n|-boost|p1a: Flygon|atk|1\n|-boost|p1a: Flygon|spe|1\n|move|p2a: Yanmega|Air Slash|p1a: Flygon\n|-damage|p1a: Flygon|123/265\n|\n|upkeep\n|turn|9\n|inactive|Time left: 300 sec this turn | 300 sec total\n|\n|t:|1783558230\n|-terastallize|p2a: Yanmega|Bug\n|move|p1a: Flygon|Stone Edge|p2a: Yanmega\n|-supereffective|p2a: Yanmega\n|-damage|p2a: Yanmega|18/100\n|move|p2a: Yanmega|Air Slash|p1a: Flygon\n|-crit|p1a: Flygon\n|-damage|p1a: Flygon|0 fnt\n|faint|p1a: Flygon\n|\n|upkeep\n|inactive|Time left: 300 sec this turn | 300 sec total | 5 sec grace\n|\n|t:|1783558231\n|switch|p1a: Rillaboom|Rillaboom, L79, M|288/288\n|-fieldstart|move: Grassy Terrain|[from] ability: Grassy Surge|[of] p1a: Rillaboom\n|turn|10\n|inactive|Time left: 300 sec this turn | 300 sec total\n|\n|t:|1783558232\n|move|p1a: Rillaboom|Grassy Glide|p2a: Yanmega\n|-resisted|p2a: Yanmega\n|-damage|p2a: Yanmega|0 fnt\n|faint|p2a: Yanmega\n|\n|upkeep\n|\n|t:|1783558233\n|switch|p2a: Kyurem|Kyurem-Black, L71|100/100\n|-ability|p2a: Kyurem|Teravolt\n|turn|11\n|inactive|Time left: 300 sec this turn | 300 sec total\n|\n|t:|1783558234\n|switch|p1a: Stonjourner|Stonjourner, L91, F|330/330\n|move|p2a: Kyurem|Icicle Spear|p1a: Stonjourner\n|-damage|p1a: Stonjourner|311/330\n|-damage|p1a: Stonjourner|289/330\n|-damage|p1a: Stonjourner|267/330\n|-damage|p1a: Stonjourner|248/330\n|-damage|p1a: Stonjourner|226/330\n|-hitcount|p1a: Stonjourner|5\n|\n|-heal|p1a: Stonjourner|246/330|[from] Grassy Terrain\n|upkeep\n|turn|12\n|inactive|Time left: 300 sec this turn | 300 sec total\n|\n|t:|1783558235\n|switch|p2a: Lanturn|Lanturn, L89, M|100/100\n|move|p1a: Stonjourner|Stone Edge|p2a: Lanturn\n|-damage|p2a: Lanturn|29/100\n|-damage|p1a: Stonjourner|213/330|[from] item: Life Orb\n|\n|-heal|p1a: Stonjourner|233/330|[from] Grassy Terrain\n|-heal|p2a: Lanturn|35/100|[from] Grassy Terrain\n|-heal|p2a: Lanturn|41/100|[from] item: Leftovers\n|upkeep\n|turn|13\n|inactive|Time left: 300 sec this turn | 300 sec total\n|\n|t:|1783558236\n|switch|p2a: Mew|Mew, L82|100/100\n|move|p1a: Stonjourner|Stone Edge|p2a: Mew\n|-damage|p2a: Mew|42/100\n|-damage|p1a: Stonjourner|200/330|[from] item: Life Orb\n|\n|-heal|p2a: Mew|48/100|[from] Grassy Terrain\n|-heal|p1a: Stonjourner|220/330|[from] Grassy Terrain\n|upkeep\n|turn|14\n|inactive|Time left: 300 sec this turn | 300 sec total\n|\n|t:|1783558237\n|switch|p1a: Brute Bonnet|Brute Bonnet, L80|309/309\n|move|p2a: Mew|Close Combat|p1a: Brute Bonnet\n|-supereffective|p1a: Brute Bonnet\n|-damage|p1a: Brute Bonnet|101/309\n|-unboost|p2a: Mew|def|1\n|-unboost|p2a: Mew|spd|1\n|-damage|p2a: Mew|39/100|[from] item: Life Orb\n|\n|-heal|p2a: Mew|45/100|[from] Grassy Terrain\n|-heal|p1a: Brute Bonnet|120/309|[from] Grassy Terrain\n|-heal|p1a: Brute Bonnet|139/309|[from] item: Leftovers\n|-fieldend|move: Grassy Terrain\n|upkeep\n|turn|15\n|inactive|Time left: 300 sec this turn | 300 sec total\n|\n|t:|1783558238\n|switch|p2a: Braviary|Braviary, L85, M|100/100\n|move|p1a: Brute Bonnet|Sucker Punch||[still]\n|-fail|p1a: Brute Bonnet\n|\n|-heal|p1a: Brute Bonnet|158/309|[from] item: Leftovers\n|upkeep\n|turn|16\n|inactive|Time left: 300 sec this turn | 300 sec total\n|\n|t:|1783558239\n|-end|p1a: Brute Bonnet|Protosynthesis|[silent]\n|switch|p1a: Stonjourner|Stonjourner, L91, F|220/330\n|move|p2a: Braviary|Brave Bird|p1a: Stonjourner\n|-resisted|p1a: Stonjourner\n|-damage|p1a: Stonjourner|169/330\n|-damage|p2a: Braviary|95/100|[from] Recoil\n|\n|upkeep\n|turn|17\n|inactive|Time left: 300 sec this turn | 300 sec total\n|\n|t:|1783558240\n|move|p2a: Braviary|Close Combat|p1a: Stonjourner\n|-supereffective|p1a: Stonjourner\n|-damage|p1a: Stonjourner|19/330\n|-unboost|p2a: Braviary|def|1\n|-unboost|p2a: Braviary|spd|1\n|move|p1a: Stonjourner|Stone Edge|p2a: Braviary\n|-supereffective|p2a: Braviary\n|-damage|p2a: Braviary|0 fnt\n|faint|p2a: Braviary\n|-damage|p1a: Stonjourner|0 fnt|[from] item: Life Orb\n|faint|p1a: Stonjourner\n|\n|upkeep\n|inactive|Time left: 300 sec this turn | 300 sec total | 5 sec grace\n|\n|t:|1783558241\n|switch|p2a: Kyurem|Kyurem-Black, L71|100/100\n|switch|p1a: Brute Bonnet|Brute Bonnet, L80|158/309\n|-ability|p2a: Kyurem|Teravolt\n|turn|18\n|inactive|Time left: 300 sec this turn | 300 sec total\n|\n|t:|1783558242\n|-terastallize|p1a: Brute Bonnet|Dark\n|move|p2a: Kyurem|Icicle Spear|p1a: Brute Bonnet\n|-damage|p1a: Brute Bonnet|125/309\n|-damage|p1a: Brute Bonnet|97/309\n|-damage|p1a: Brute Bonnet|69/309\n|-damage|p1a: Brute Bonnet|41/309\n|-crit|p1a: Brute Bonnet\n|-damage|p1a: Brute Bonnet|0 fnt\n|faint|p1a: Brute Bonnet\n|-end|p1a: Brute Bonnet|Protosynthesis|[silent]\n|-hitcount|p1: Brute Bonnet|5\n|\n|upkeep\n|inactive|Time left: 300 sec this turn | 300 sec total | 5 sec grace\n|\n|t:|1783558243\n|switch|p1a: Rillaboom|Rillaboom, L79, M|288/288\n|-fieldstart|move: Grassy Terrain|[from] ability: Grassy Surge|[of] p1a: Rillaboom\n|turn|19\n|inactive|Time left: 300 sec this turn | 300 sec total\n|\n|t:|1783558243\n|move|p1a: Rillaboom|High Horsepower|p2a: Kyurem\n|-damage|p2a: Kyurem|60/100\n|move|p2a: Kyurem|Icicle Spear|p1a: Rillaboom\n|-supereffective|p1a: Rillaboom\n|-damage|p1a: Rillaboom|226/288\n|-supereffective|p1a: Rillaboom\n|-damage|p1a: Rillaboom|154/288\n|-supereffective|p1a: Rillaboom\n|-damage|p1a: Rillaboom|88/288\n|-supereffective|p1a: Rillaboom\n|-damage|p1a: Rillaboom|26/288\n|-hitcount|p1a: Rillaboom|4\n|\n|-heal|p1a: Rillaboom|44/288|[from] Grassy Terrain\n|-heal|p2a: Kyurem|66/100|[from] Grassy Terrain\n|upkeep\n|turn|20\n|inactive|Time left: 300 sec this turn | 300 sec total\n|\n|t:|1783558244\n|move|p1a: Rillaboom|High Horsepower|p2a: Kyurem\n|-damage|p2a: Kyurem|27/100\n|move|p2a: Kyurem|Icicle Spear|p1a: Rillaboom\n|-supereffective|p1a: Rillaboom\n|-damage|p1a: Rillaboom|0 fnt\n|faint|p1a: Rillaboom\n|-hitcount|p1: Rillaboom|1\n|\n|win|p0y1572bc18", "uploadtime": 1783558244, "views": 0, "rating": 0, "private": 0, "password": null, "_winner": "p0y1572bc18", "_our_name": "p0x15727d02"}