{"id": "battle-gen9randombattle-766", "formatid": "gen9randombattle", "format": "[Gen 9] Random Battle", "players": ["p0x766decc", "p0y7668372"], "log": "|init|battle\n|title|p0x766decc vs. p0y7668372\n|j|\u2606p0x766decc\n|j|\u2606p0y7668372\n|t:|1783547995\n|gametype|singles\n|player|p1|p0x766decc|266|\n|player|p2|p0y7668372|2|\n|gen|9\n|tier|[Gen 9] Random Battle\n|rule|Species Clause: Limit one of each Pok\u00e9mon\n|rule|HP Percentage Mod: HP is shown in percentages\n|rule|Sleep Clause Mod: Limit one foe put to sleep\n|rule|Illusion Level Mod: Illusion disguises the Pok\u00e9mon's true level\n|\n|t:|1783547995\n|teamsize|p1|6\n|teamsize|p2|6\n|start\n|switch|p1a: Tatsugiri|Tatsugiri, L87, M|100/100\n|switch|p2a: Stantler|Stantler, L92, M|284/284\n|-ability|p2a: Stantler|Intimidate|boost\n|-unboost|p1a: Tatsugiri|atk|1\n|turn|1\n|inactive|Battle timer is ON: inactive players will automatically lose when time's up. (requested by p0x766decc)\n|inactive|Time left: 300 sec this turn | 300 sec total | 60 sec grace\n|inactive|p0y7668372 also wants the timer to be on.\n|\n|t:|1783547997\n|move|p2a: Stantler|Body Slam|p1a: Tatsugiri\n|-damage|p1a: Tatsugiri|46/100\n|move|p1a: Tatsugiri|Surf|p2a: Stantler\n|-damage|p2a: Stantler|193/284\n|\n|upkeep\n|turn|2\n|inactive|Time left: 300 sec this turn | 300 sec total\n|\n|t:|1783547998\n|switch|p1a: Vikavolt|Vikavolt, L83, M|100/100\n|move|p2a: Stantler|Body Slam|p1a: Vikavolt\n|-damage|p1a: Vikavolt|62/100\n|\n|upkeep\n|turn|3\n|inactive|Time left: 300 sec this turn | 300 sec total\n|\n|t:|1783547999\n|move|p2a: Stantler|Body Slam|p1a: Vikavolt\n|-damage|p1a: Vikavolt|20/100\n|move|p1a: Vikavolt|Sticky Web|p2a: Stantler\n|-sidestart|p2: p0y7668372|move: Sticky Web\n|\n|upkeep\n|turn|4\n|inactive|Time left: 300 sec this turn | 300 sec total\n|\n|t:|1783548000\n|switch|p1a: Vileplume|Vileplume, L85, F|100/100\n|move|p2a: Stantler|Body Slam|p1a: Vileplume\n|-damage|p1a: Vileplume|62/100\n|\n|-heal|p1a: Vileplume|68/100|[from] item: Leftovers\n|upkeep\n|turn|5\n|inactive|Time left: 300 sec this turn | 300 sec total\n|\n|t:|1783548002\n|move|p2a: Stantler|Body Slam|p1a: Vileplume\n|-damage|p1a: Vileplume|28/100\n|-status|p1a: Vileplume|par\n|-status|p2a: Stantler|slp|[from] ability: Effect Spore|[of] p1a: Vileplume\n|move|p1a: Vileplume|Strength Sap|p2a: Stantler\n|-unboost|p2a: Stantler|atk|1\n|-heal|p1a: Vileplume|100/100 par\n|\n|upkeep\n|turn|6\n|inactive|Time left: 300 sec this turn | 300 sec total\n|\n|t:|1783548003\n|switch|p2a: Forretress|Forretress, L84, F|263/263\n|-activate|p2a: Forretress|move: Sticky Web\n|-unboost|p2a: Forretress|spe|1\n|move|p1a: Vileplume|Sludge Bomb|p2a: Forretress\n|-immune|p2a: Forretress\n|\n|upkeep\n|turn|7\n|inactive|Time left: 300 sec this turn | 300 sec total\n|\n|t:|1783548004\n|move|p2a: Forretress|Rapid Spin|p1a: Vileplume\n|-damage|p1a: Vileplume|87/100 par\n|-boost|p2a: Forretress|spe|1\n|-sideend|p2: p0y7668372|Sticky Web|[from] move: Rapid Spin|[of] p2a: Forretress\n|move|p1a: Vileplume|Strength Sap|p2a: Forretress\n|-unboost|p2a: Forretress|atk|1\n|-heal|p1a: Vileplume|100/100 par\n|\n|upkeep\n|turn|8\n|inactive|Time left: 300 sec this turn | 300 sec total\n|\n|t:|1783548005\n|move|p2a: Forretress|Spikes|p1a: Vileplume\n|-sidestart|p1: p0x766decc|Spikes\n|move|p1a: Vileplume|Leech Seed|p2a: Forretress\n|-start|p2a: Forretress|move: Leech Seed\n|\n|-damage|p2a: Forretress|231/263|[from] Leech Seed|[of] p1a: Vileplume\n|upkeep\n|turn|9\n|inactive|Time left: 300 sec this turn | 300 sec total\n|\n|t:|1783548006\n|switch|p2a: Dragalge|Dragalge, L88, F|258/258\n|cant|p1a: Vileplume|par\n|\n|upkeep\n|turn|10\n|inactive|Time left: 300 sec this turn | 300 sec total\n|\n|t:|1783548008\n|move|p2a: Dragalge|Sludge Wave|p1a: Vileplume\n|-damage|p1a: Vileplume|46/100 par\n|move|p1a: Vileplume|Strength Sap|p2a: Dragalge\n|-unboost|p2a: Dragalge|atk|1\n|-heal|p1a: Vileplume|97/100 par\n|\n|-heal|p1a: Vileplume|100/100 par|[from] item: Leftovers\n|upkeep\n|turn|11\n|inactive|Time left: 300 sec this turn | 300 sec total\n|\n|t:|1783548009\n|move|p2a: Dragalge|Sludge Wave|p1a: Vileplume\n|-damage|p1a: Vileplume|50/100 par\n|cant|p1a: Vileplume|par\n|\n|-heal|p1a: Vileplume|56/100 par|[from] item: Leftovers\n|upkeep\n|turn|12\n|inactive|Time left: 300 sec this turn | 300 sec total\n|\n|t:|1783548010\n|move|p2a: Dragalge|Sludge Wave|p1a: Vileplume\n|-damage|p1a: Vileplume|0 fnt\n|faint|p1a: Vileplume\n|\n|upkeep\n|\n|t:|1783548011\n|switch|p1a: Bruxish|Bruxish, L85, M|100/100\n|-damage|p1a: Bruxish|88/100|[from] Spikes\n|turn|13\n|inactive|Time left: 300 sec this turn | 300 sec total\n|\n|t:|1783548012\n|switch|p2a: Forretress|Forretress, L84, F|231/263\n|move|p1a: Bruxish|Psychic Fangs|p2a: Forretress\n|-resisted|p2a: Forretress\n|-damage|p2a: Forretress|150/263\n|\n|-heal|p2a: Forretress|166/263|[from] item: Leftovers\n|upkeep\n|turn|14\n|inactive|Time left: 300 sec this turn | 300 sec total\n|\n|t:|1783548013\n|move|p1a: Bruxish|Psychic Fangs|p2a: Forretress\n|-resisted|p2a: Forretress\n|-damage|p2a: Forretress|87/263\n|move|p2a: Forretress|Rapid Spin|p1a: Bruxish\n|-damage|p1a: Bruxish|74/100\n|-boost|p2a: Forretress|spe|1\n|\n|-heal|p2a: Forretress|103/263|[from] item: Leftovers\n|upkeep\n|turn|15\n|inactive|Time left: 300 sec this turn | 300 sec total\n|\n|t:|1783548015\n|move|p1a: Bruxish|Psychic Fangs|p2a: Forretress\n|-resisted|p2a: Forretress\n|-damage|p2a: Forretress|22/263\n|move|p2a: Forretress|Rapid Spin|p1a: Bruxish\n|-damage|p1a: Bruxish|58/100\n|-boost|p2a: Forretress|spe|1\n|\n|-heal|p2a: Forretress|38/263|[from] item: Leftovers\n|upkeep\n|turn|16\n|inactive|Time left: 300 sec this turn | 300 sec total\n|\n|t:|1783548016\n|move|p2a: Forretress|Iron Head|p1a: Bruxish\n|-resisted|p1a: Bruxish\n|-damage|p1a: Bruxish|39/100\n|cant|p1a: Bruxish|flinch\n|\n|-heal|p2a: Forretress|54/263|[from] item: Leftovers\n|upkeep\n|turn|17\n|inactive|Time left: 300 sec this turn | 300 sec total\n|\n|t:|1783548017\n|move|p2a: Forretress|Iron Head|p1a: Bruxish\n|-resisted|p1a: Bruxish\n|-damage|p1a: Bruxish|21/100\n|move|p1a: Bruxish|Psychic Fangs|p2a: Forretress\n|-resisted|p2a: Forretress\n|-damage|p2a: Forretress|0 fnt\n|faint|p2a: Forretress\n|\n|upkeep\n|inactive|Time left: 300 sec this turn | 300 sec total | 5 sec grace\n|\n|t:|1783548018\n|switch|p2a: Zamazenta|Zamazenta, L71|219/219\n|turn|18\n|inactive|Time left: 300 sec this turn | 300 sec total\n|\n|t:|1783548019\n|move|p2a: Zamazenta|Hyper Voice|p1a: Bruxish\n|-damage|p1a: Bruxish|0 fnt\n|faint|p1a: Bruxish\n|-damage|p2a: Zamazenta|198/219|[from] item: Life Orb\n|\n|upkeep\n|\n|t:|1783548020\n|switch|p1a: Yanmega|Yanmega, L82, F|100/100\n|turn|19\n|inactive|Time left: 300 sec this turn | 300 sec total\n|\n|t:|1783548021\n|move|p2a: Zamazenta|Flamethrower|p1a: Yanmega\n|-supereffective|p1a: Yanmega\n|-damage|p1a: Yanmega|7/100\n|-damage|p2a: Zamazenta|177/219|[from] item: Life Orb\n|move|p1a: Yanmega|Bug Buzz|p2a: Zamazenta\n|-resisted|p2a: Zamazenta\n|-damage|p2a: Zamazenta|0 fnt\n|replace|p2a: Zoroark|Zoroark-Hisui, L80, F\n|-end|p2a: Zoroark|Illusion\n|-hint|Illusion Level Mod is active, so this Pok\u00e9mon's true level was hidden.\n|faint|p2a: Zoroark\n|\n|upkeep\n|inactive|Time left: 300 sec this turn | 300 sec total | 5 sec grace\n|\n|t:|1783548022\n|switch|p2a: Zamazenta|Zamazenta, L71|248/248\n|-ability|p2a: Zamazenta|Dauntless Shield|boost\n|-boost|p2a: Zamazenta|def|1\n|turn|20\n|inactive|Time left: 300 sec this turn | 300 sec total\n|\n|t:|1783548023\n|move|p2a: Zamazenta|Close Combat|p1a: Yanmega\n|-resisted|p1a: Yanmega\n|-damage|p1a: Yanmega|0 fnt\n|-unboost|p2a: Zamazenta|def|1\n|-unboost|p2a: Zamazenta|spd|1\n|faint|p1a: Yanmega\n|\n|upkeep\n|\n|t:|1783548024\n|switch|p1a: Meloetta|Meloetta, L82|100/100\n|-damage|p1a: Meloetta|88/100|[from] Spikes\n|turn|21\n|inactive|Time left: 300 sec this turn | 300 sec total\n|\n|t:|1783548025\n|-terastallize|p2a: Zamazenta|Fighting\n|move|p2a: Zamazenta|Close Combat|p1a: Meloetta\n|-damage|p1a: Meloetta|7/100\n|-unboost|p2a: Zamazenta|def|1\n|-unboost|p2a: Zamazenta|spd|1\n|move|p1a: Meloetta|Relic Song|p2a: Zamazenta\n|-damage|p2a: Zamazenta|14/248\n|-formechange|p1a: Meloetta|Meloetta-Pirouette|[msg]\n|-damage|p1a: Meloetta|0 fnt|[from] item: Life Orb\n|faint|p1a: Meloetta\n|\n|upkeep\n|\n|t:|1783548026\n|switch|p1a: Vikavolt|Vikavolt, L83, M|20/100\n|turn|22\n|inactive|Time left: 300 sec this turn | 300 sec total\n|\n|t:|1783548027\n|move|p2a: Zamazenta|Close Combat|p1a: Vikavolt\n|-resisted|p1a: Vikavolt\n|-damage|p1a: Vikavolt|0 fnt\n|-unboost|p2a: Zamazenta|def|1\n|-unboost|p2a: Zamazenta|spd|1\n|faint|p1a: Vikavolt\n|\n|upkeep\n|\n|t:|1783548028\n|switch|p1a: Tatsugiri|Tatsugiri, L87, M|46/100\n|turn|23\n|inactive|Time left: 300 sec this turn | 300 sec total\n|\n|t:|1783548029\n|move|p2a: Zamazenta|Close Combat|p1a: Tatsugiri\n|-damage|p1a: Tatsugiri|0 fnt\n|-unboost|p2a: Zamazenta|def|1\n|-unboost|p2a: Zamazenta|spd|1\n|faint|p1a: Tatsugiri\n|\n|win|p0y7668372", "uploadtime": 1783548029, "views": 0, "rating": 0, "private": 0, "password": null, "_winner": "p0y7668372", "_our_name": "p0y7668372"}