{"id": "battle-gen9randombattle-2437", "formatid": "gen9randombattle", "format": "[Gen 9] Random Battle", "players": ["p0x24379f45", "p0y24376da5"], "log": "|init|battle\n|title|p0x24379f45 vs. p0y24376da5\n|j|\u2606p0x24379f45\n|j|\u2606p0y24376da5\n|t:|1783568262\n|gametype|singles\n|player|p1|p0x24379f45|169|\n|player|p2|p0y24376da5|102|\n|gen|9\n|tier|[Gen 9] Random Battle\n|rule|Species Clause: Limit one of each Pok\u00e9mon\n|rule|HP Percentage Mod: HP is shown in percentages\n|rule|Sleep Clause Mod: Limit one foe put to sleep\n|rule|Illusion Level Mod: Illusion disguises the Pok\u00e9mon's true level\n|\n|t:|1783568262\n|teamsize|p1|6\n|teamsize|p2|6\n|start\n|switch|p1a: Palafin|Palafin, L77, F|100/100\n|switch|p2a: Ceruledge|Ceruledge, L78, F|245/245\n|turn|1\n|inactive|Battle timer is ON: inactive players will automatically lose when time's up. (requested by p0y24376da5)\n|inactive|p0x24379f45 also wants the timer to be on.\n|\n|t:|1783568263\n|switch|p2a: Wyrdeer|Wyrdeer, L87, M|321/321\n|-ability|p2a: Wyrdeer|Intimidate|boost\n|-unboost|p1a: Palafin|atk|1\n|move|p1a: Palafin|Wave Crash|p2a: Wyrdeer\n|-damage|p2a: Wyrdeer|234/321\n|-damage|p1a: Palafin|90/100|[from] Recoil\n|\n|-heal|p2a: Wyrdeer|254/321|[from] item: Leftovers\n|upkeep\n|turn|2\n|inactive|Time left: 300 sec this turn | 300 sec total\n|\n|t:|1783568264\n|detailschange|p1a: Palafin|Palafin-Hero, L77, F\n|switch|p1a: Feraligatr|Feraligatr, L79, F|100/100\n|move|p2a: Wyrdeer|Earthquake|p1a: Feraligatr\n|-damage|p1a: Feraligatr|71/100\n|\n|-heal|p2a: Wyrdeer|274/321|[from] item: Leftovers\n|upkeep\n|turn|3\n|inactive|Time left: 300 sec this turn | 300 sec total\n|\n|t:|1783568265\n|move|p1a: Feraligatr|Liquidation|p2a: Wyrdeer\n|-damage|p2a: Wyrdeer|109/321\n|move|p2a: Wyrdeer|Psychic Noise|p1a: Feraligatr\n|-damage|p1a: Feraligatr|33/100\n|-start|p1a: Feraligatr|move: Heal Block\n|\n|-heal|p2a: Wyrdeer|129/321|[from] item: Leftovers\n|upkeep\n|turn|4\n|inactive|Time left: 300 sec this turn | 300 sec total\n|\n|t:|1783568266\n|switch|p2a: Flapple|Flapple, L88, F|266/266\n|move|p1a: Feraligatr|Liquidation|p2a: Flapple\n|-resisted|p2a: Flapple\n|-damage|p2a: Flapple|230/266\n|\n|-end|p1a: Feraligatr|move: Heal Block\n|upkeep\n|turn|5\n|inactive|Time left: 300 sec this turn | 300 sec total\n|\n|t:|1783568267\n|move|p2a: Flapple|Outrage|p1a: Feraligatr\n|-crit|p1a: Feraligatr\n|-damage|p1a: Feraligatr|0 fnt\n|faint|p1a: Feraligatr\n|\n|upkeep\n|\n|t:|1783568267\n|switch|p1a: Charizard|Charizard, L85, F|100/100\n|turn|6\n|inactive|Time left: 300 sec this turn | 300 sec total\n|\n|t:|1783568268\n|-terastallize|p1a: Charizard|Dragon\n|move|p1a: Charizard|Outrage|p2a: Flapple\n|-supereffective|p2a: Flapple\n|-damage|p2a: Flapple|0 fnt\n|faint|p2a: Flapple\n|\n|upkeep\n|inactive|Time left: 300 sec this turn | 300 sec total | 5 sec grace\n|\n|t:|1783568269\n|switch|p2a: Wyrdeer|Wyrdeer, L87, M|129/321\n|-ability|p2a: Wyrdeer|Intimidate|boost\n|-unboost|p1a: Charizard|atk|1\n|turn|7\n|inactive|Time left: 300 sec this turn | 300 sec total\n|\n|t:|1783568270\n|move|p1a: Charizard|Outrage|p2a: Wyrdeer|[from] lockedmove\n|-damage|p2a: Wyrdeer|42/321\n|move|p2a: Wyrdeer|Thunder Wave|p1a: Charizard\n|-status|p1a: Charizard|par\n|\n|-heal|p2a: Wyrdeer|62/321|[from] item: Leftovers\n|upkeep\n|turn|8\n|inactive|Time left: 300 sec this turn | 300 sec total\n|\n|t:|1783568270\n|move|p2a: Wyrdeer|Megahorn|p1a: Charizard|[miss]\n|-miss|p2a: Wyrdeer|p1a: Charizard\n|move|p1a: Charizard|Outrage|p2a: Wyrdeer|[from] lockedmove\n|-damage|p2a: Wyrdeer|0 fnt\n|faint|p2a: Wyrdeer\n|-start|p1a: Charizard|confusion|[fatigue]\n|\n|upkeep\n|inactive|Time left: 300 sec this turn | 300 sec total | 5 sec grace\n|\n|t:|1783568271\n|switch|p2a: Necrozma|Necrozma-Dawn-Wings, L76|272/272\n|turn|9\n|inactive|Time left: 300 sec this turn | 300 sec total\n|\n|t:|1783568272\n|switch|p1a: Ursaring|Ursaring, L84, F|100/100\n|move|p2a: Necrozma|Dragon Dance|p2a: Necrozma\n|-boost|p2a: Necrozma|atk|1\n|-boost|p2a: Necrozma|spe|1\n|\n|upkeep\n|turn|10\n|inactive|Time left: 300 sec this turn | 300 sec total\n|\n|t:|1783568273\n|move|p2a: Necrozma|Dragon Dance|p2a: Necrozma\n|-boost|p2a: Necrozma|atk|1\n|-boost|p2a: Necrozma|spe|1\n|move|p1a: Ursaring|Earthquake|p2a: Necrozma\n|-damage|p2a: Necrozma|187/272\n|\n|upkeep\n|turn|11\n|inactive|Time left: 300 sec this turn | 300 sec total\n|\n|t:|1783568274\n|move|p2a: Necrozma|Photon Geyser|p1a: Ursaring\n|-damage|p1a: Ursaring|36/100\n|-damage|p2a: Necrozma|160/272|[from] item: Life Orb\n|move|p1a: Ursaring|Earthquake|p2a: Necrozma\n|-damage|p2a: Necrozma|82/272\n|\n|upkeep\n|turn|12\n|inactive|Time left: 300 sec this turn | 300 sec total\n|\n|t:|1783568275\n|move|p2a: Necrozma|Brick Break|p1a: Ursaring\n|-supereffective|p1a: Ursaring\n|-damage|p1a: Ursaring|0 fnt\n|faint|p1a: Ursaring\n|-damage|p2a: Necrozma|55/272|[from] item: Life Orb\n|\n|upkeep\n|\n|t:|1783568276\n|switch|p1a: Palafin|Palafin-Hero, L77, F|90/100\n|-activate|p1a: Palafin|ability: Zero to Hero\n|turn|13\n|inactive|Time left: 300 sec this turn | 300 sec total\n|\n|t:|1783568276\n|move|p1a: Palafin|Jet Punch|p2a: Necrozma\n|-damage|p2a: Necrozma|0 fnt\n|faint|p2a: Necrozma\n|\n|upkeep\n|inactive|Time left: 300 sec this turn | 300 sec total | 5 sec grace\n|\n|t:|1783568277\n|switch|p2a: Maushold|Maushold, L76|238/238\n|turn|14\n|inactive|Time left: 300 sec this turn | 300 sec total\n|\n|t:|1783568278\n|-terastallize|p2a: Maushold|Normal\n|move|p1a: Palafin|Jet Punch|p2a: Maushold\n|-damage|p2a: Maushold|88/238\n|move|p2a: Maushold|Population Bomb|p1a: Palafin\n|-damage|p1a: Palafin|79/100\n|-crit|p1a: Palafin\n|-damage|p1a: Palafin|61/100\n|-damage|p1a: Palafin|50/100\n|-damage|p1a: Palafin|38/100\n|-damage|p1a: Palafin|28/100\n|-damage|p1a: Palafin|16/100\n|-damage|p1a: Palafin|5/100\n|-damage|p1a: Palafin|0 fnt\n|faint|p1a: Palafin\n|-hitcount|p1: Palafin|8\n|\n|upkeep\n|\n|t:|1783568279\n|switch|p1a: Iron Treads|Iron Treads, L77|100/100\n|turn|15\n|inactive|Time left: 300 sec this turn | 300 sec total\n|\n|t:|1783568280\n|move|p2a: Maushold|Population Bomb|p1a: Iron Treads\n|-resisted|p1a: Iron Treads\n|-crit|p1a: Iron Treads\n|-damage|p1a: Iron Treads|93/100\n|-resisted|p1a: Iron Treads\n|-damage|p1a: Iron Treads|88/100\n|-resisted|p1a: Iron Treads\n|-damage|p1a: Iron Treads|83/100\n|-resisted|p1a: Iron Treads\n|-crit|p1a: Iron Treads\n|-damage|p1a: Iron Treads|75/100\n|-resisted|p1a: Iron Treads\n|-damage|p1a: Iron Treads|70/100\n|-resisted|p1a: Iron Treads\n|-damage|p1a: Iron Treads|65/100\n|-resisted|p1a: Iron Treads\n|-damage|p1a: Iron Treads|60/100\n|-resisted|p1a: Iron Treads\n|-damage|p1a: Iron Treads|55/100\n|-resisted|p1a: Iron Treads\n|-crit|p1a: Iron Treads\n|-damage|p1a: Iron Treads|48/100\n|-resisted|p1a: Iron Treads\n|-damage|p1a: Iron Treads|43/100\n|-hitcount|p1a: Iron Treads|10\n|move|p1a: Iron Treads|Earthquake|p2a: Maushold\n|-damage|p2a: Maushold|0 fnt\n|faint|p2a: Maushold\n|\n|-heal|p1a: Iron Treads|49/100|[from] item: Leftovers\n|upkeep\n|inactive|Time left: 300 sec this turn | 300 sec total | 5 sec grace\n|\n|t:|1783568281\n|switch|p2a: Hawlucha|Hawlucha, L80, F|256/256\n|turn|16\n|inactive|Time left: 300 sec this turn | 300 sec total\n|\n|t:|1783568282\n|-end|p1a: Iron Treads|Quark Drive|[silent]\n|switch|p1a: Charizard|Charizard, L85, F, tera:Dragon|100/100 par\n|move|p2a: Hawlucha|Swords Dance|p2a: Hawlucha\n|-boost|p2a: Hawlucha|atk|2\n|\n|upkeep\n|turn|17\n|inactive|Time left: 300 sec this turn | 300 sec total\n|\n|t:|1783568283\n|move|p2a: Hawlucha|Swords Dance|p2a: Hawlucha\n|-boost|p2a: Hawlucha|atk|2\n|move|p1a: Charizard|Flare Blitz|p2a: Hawlucha\n|-damage|p2a: Hawlucha|114/256\n|-damage|p1a: Charizard|83/100 par|[from] Recoil\n|\n|upkeep\n|turn|18\n|inactive|Time left: 300 sec this turn | 300 sec total\n|\n|t:|1783568284\n|move|p2a: Hawlucha|Close Combat|p1a: Charizard\n|-damage|p1a: Charizard|0 fnt\n|-unboost|p2a: Hawlucha|def|1\n|-unboost|p2a: Hawlucha|spd|1\n|faint|p1a: Charizard\n|-enditem|p2a: Hawlucha|White Herb\n|-clearnegativeboost|p2a: Hawlucha|[silent]\n|\n|upkeep\n|\n|t:|1783568285\n|switch|p1a: Iron Treads|Iron Treads, L77|49/100\n|turn|19\n|inactive|Time left: 300 sec this turn | 300 sec total\n|\n|t:|1783568286\n|move|p2a: Hawlucha|Brave Bird|p1a: Iron Treads\n|-resisted|p1a: Iron Treads\n|-crit|p1a: Iron Treads\n|-damage|p1a: Iron Treads|0 fnt\n|faint|p1a: Iron Treads\n|-end|p1a: Iron Treads|Quark Drive|[silent]\n|-damage|p2a: Hawlucha|72/256|[from] Recoil\n|\n|upkeep\n|\n|t:|1783568287\n|switch|p1a: Lucario|Lucario, L84, M|100/100\n|turn|20\n|inactive|Time left: 300 sec this turn | 300 sec total\n|\n|t:|1783568288\n|move|p1a: Lucario|Extreme Speed|p2a: Hawlucha\n|-damage|p2a: Hawlucha|0 fnt\n|faint|p2a: Hawlucha\n|-damage|p1a: Lucario|91/100|[from] item: Life Orb\n|\n|upkeep\n|inactive|Time left: 300 sec this turn | 300 sec total | 5 sec grace\n|\n|t:|1783568289\n|switch|p2a: Ceruledge|Ceruledge, L78, F|245/245\n|turn|21\n|inactive|Time left: 300 sec this turn | 300 sec total\n|\n|t:|1783568290\n|move|p1a: Lucario|Close Combat|p2a: Ceruledge\n|-immune|p2a: Ceruledge\n|move|p2a: Ceruledge|Bitter Blade|p1a: Lucario\n|-supereffective|p1a: Lucario\n|-damage|p1a: Lucario|4/100\n|\n|upkeep\n|turn|22\n|inactive|Time left: 300 sec this turn | 300 sec total\n|\n|t:|1783568291\n|move|p1a: Lucario|Extreme Speed|p2a: Ceruledge\n|-immune|p2a: Ceruledge\n|move|p2a: Ceruledge|Bitter Blade|p1a: Lucario\n|-supereffective|p1a: Lucario\n|-damage|p1a: Lucario|0 fnt\n|faint|p1a: Lucario\n|\n|win|p0y24376da5", "uploadtime": 1783568291, "views": 0, "rating": 0, "private": 0, "password": null, "_winner": "p0y24376da5", "_our_name": "p0y24376da5"}