{"id": "battle-gen9randombattle-2387", "formatid": "gen9randombattle", "format": "[Gen 9] Random Battle", "players": ["p0x2387c30b", "p0y2387d280"], "log": "|init|battle\n|title|p0x2387c30b vs. p0y2387d280\n|j|\u2606p0x2387c30b\n|j|\u2606p0y2387d280\n|t:|1783567698\n|gametype|singles\n|player|p1|p0x2387c30b|102|\n|player|p2|p0y2387d280|101|\n|gen|9\n|tier|[Gen 9] Random Battle\n|rule|Species Clause: Limit one of each Pok\u00e9mon\n|rule|HP Percentage Mod: HP is shown in percentages\n|rule|Sleep Clause Mod: Limit one foe put to sleep\n|rule|Illusion Level Mod: Illusion disguises the Pok\u00e9mon's true level\n|\n|t:|1783567698\n|teamsize|p1|6\n|teamsize|p2|6\n|start\n|switch|p1a: Muk|Muk, L86, F|321/321\n|switch|p2a: Rabsca|Rabsca, L91, F|100/100\n|turn|1\n|inactive|Battle timer is ON: inactive players will automatically lose when time's up. (requested by p0x2387c30b)\n|inactive|p0y2387d280 also wants the timer to be on.\n|\n|t:|1783567700\n|move|p1a: Muk|Knock Off|p2a: Rabsca\n|-supereffective|p2a: Rabsca\n|-damage|p2a: Rabsca|20/100\n|-enditem|p2a: Rabsca|Heavy-Duty Boots|[from] move: Knock Off|[of] p1a: Muk\n|move|p2a: Rabsca|Bug Buzz|p1a: Muk\n|-resisted|p1a: Muk\n|-damage|p1a: Muk|261/321\n|\n|upkeep\n|turn|2\n|inactive|Time left: 300 sec this turn | 300 sec total\n|\n|t:|1783567701\n|move|p1a: Muk|Knock Off|p2a: Rabsca\n|-supereffective|p2a: Rabsca\n|-damage|p2a: Rabsca|0 fnt\n|faint|p2a: Rabsca\n|\n|upkeep\n|\n|t:|1783567702\n|switch|p2a: Smeargle|Smeargle, L95, M|100/100\n|turn|3\n|inactive|Time left: 300 sec this turn | 300 sec total\n|\n|t:|1783567703\n|move|p2a: Smeargle|Sticky Web|p1a: Muk\n|-sidestart|p1: p0x2387c30b|move: Sticky Web\n|move|p1a: Muk|Knock Off|p2a: Smeargle\n|-damage|p2a: Smeargle|30/100\n|-enditem|p2a: Smeargle|Focus Sash|[from] move: Knock Off|[of] p1a: Muk\n|\n|upkeep\n|turn|4\n|inactive|Time left: 300 sec this turn | 300 sec total\n|\n|t:|1783567704\n|move|p2a: Smeargle|Spore|p1a: Muk\n|-status|p1a: Muk|slp|[from] move: Spore\n|cant|p1a: Muk|slp\n|\n|upkeep\n|turn|5\n|inactive|Time left: 300 sec this turn | 300 sec total\n|\n|t:|1783567705\n|switch|p2a: Torterra|Torterra, L78, M|100/100\n|cant|p1a: Muk|slp\n|\n|upkeep\n|turn|6\n|inactive|Time left: 300 sec this turn | 300 sec total\n|\n|t:|1783567706\n|cant|p1a: Muk|slp\n|move|p2a: Torterra|Shell Smash|p2a: Torterra\n|-unboost|p2a: Torterra|def|1\n|-unboost|p2a: Torterra|spd|1\n|-boost|p2a: Torterra|atk|2\n|-boost|p2a: Torterra|spa|2\n|-boost|p2a: Torterra|spe|2\n|\n|upkeep\n|turn|7\n|inactive|Time left: 300 sec this turn | 300 sec total\n|\n|t:|1783567707\n|move|p2a: Torterra|Headlong Rush|p1a: Muk\n|-supereffective|p1a: Muk\n|-damage|p1a: Muk|0 fnt\n|-unboost|p2a: Torterra|def|1\n|-unboost|p2a: Torterra|spd|1\n|faint|p1a: Muk\n|\n|upkeep\n|inactive|Time left: 300 sec this turn | 300 sec total | 5 sec grace\n|\n|t:|1783567707\n|switch|p1a: Kommo-o|Kommo-o, L77, M|242/242\n|-activate|p1a: Kommo-o|move: Sticky Web\n|-unboost|p1a: Kommo-o|spe|1\n|turn|8\n|inactive|Time left: 300 sec this turn | 300 sec total\n|\n|t:|1783567708\n|-terastallize|p2a: Torterra|Ground\n|move|p2a: Torterra|Headlong Rush|p1a: Kommo-o\n|-crit|p1a: Kommo-o\n|-damage|p1a: Kommo-o|0 fnt\n|-unboost|p2a: Torterra|def|1\n|-unboost|p2a: Torterra|spd|1\n|faint|p1a: Kommo-o\n|\n|upkeep\n|inactive|Time left: 300 sec this turn | 300 sec total | 5 sec grace\n|\n|t:|1783567709\n|switch|p1a: Gyarados|Gyarados, L79, M|280/280\n|-ability|p1a: Gyarados|Intimidate|boost\n|-unboost|p2a: Torterra|atk|1\n|turn|9\n|inactive|Time left: 300 sec this turn | 300 sec total\n|\n|t:|1783567710\n|move|p2a: Torterra|Rock Blast|p1a: Gyarados\n|-supereffective|p1a: Gyarados\n|-damage|p1a: Gyarados|216/280\n|-supereffective|p1a: Gyarados\n|-damage|p1a: Gyarados|154/280\n|-supereffective|p1a: Gyarados\n|-damage|p1a: Gyarados|92/280\n|-supereffective|p1a: Gyarados\n|-crit|p1a: Gyarados\n|-damage|p1a: Gyarados|0 fnt\n|faint|p1a: Gyarados\n|-hitcount|p1: Gyarados|4\n|\n|upkeep\n|inactive|Time left: 300 sec this turn | 300 sec total | 5 sec grace\n|\n|t:|1783567711\n|switch|p1a: Incineroar|Incineroar, L82, M|290/290\n|-activate|p1a: Incineroar|move: Sticky Web\n|-unboost|p1a: Incineroar|spe|1\n|-ability|p1a: Incineroar|Intimidate|boost\n|-unboost|p2a: Torterra|atk|1\n|turn|10\n|inactive|Time left: 300 sec this turn | 300 sec total\n|\n|t:|1783567711\n|-terastallize|p1a: Incineroar|Water\n|move|p2a: Torterra|Headlong Rush|p1a: Incineroar\n|-damage|p1a: Incineroar|134/290\n|-unboost|p2a: Torterra|def|1\n|-unboost|p2a: Torterra|spd|1\n|move|p1a: Incineroar|Knock Off|p2a: Torterra\n|-damage|p2a: Torterra|0 fnt\n|-enditem|p2a: Torterra|Loaded Dice|[from] move: Knock Off|[of] p1a: Incineroar\n|faint|p2a: Torterra\n|\n|upkeep\n|\n|t:|1783567712\n|switch|p2a: Ludicolo|Ludicolo, L90, F|100/100\n|turn|11\n|inactive|Time left: 300 sec this turn | 300 sec total\n|\n|t:|1783567713\n|move|p2a: Ludicolo|Giga Drain|p1a: Incineroar\n|-supereffective|p1a: Incineroar\n|-damage|p1a: Incineroar|0 fnt\n|faint|p1a: Incineroar\n|\n|upkeep\n|inactive|Time left: 300 sec this turn | 300 sec total | 5 sec grace\n|\n|t:|1783567714\n|switch|p1a: Emboar|Emboar, L84, F|322/322\n|-activate|p1a: Emboar|move: Sticky Web\n|-unboost|p1a: Emboar|spe|1\n|turn|12\n|inactive|Time left: 300 sec this turn | 300 sec total\n|\n|t:|1783567715\n|switch|p2a: Smeargle|Smeargle, L95, M|30/100\n|move|p1a: Emboar|Flare Blitz|p2a: Smeargle\n|-damage|p2a: Smeargle|0 fnt\n|faint|p2a: Smeargle\n|-damage|p1a: Emboar|297/322|[from] Recoil\n|\n|upkeep\n|\n|t:|1783567716\n|switch|p2a: Ludicolo|Ludicolo, L90, F|100/100\n|turn|13\n|inactive|Time left: 300 sec this turn | 300 sec total\n|\n|t:|1783567717\n|move|p2a: Ludicolo|Hydro Pump|p1a: Emboar\n|-supereffective|p1a: Emboar\n|-damage|p1a: Emboar|0 fnt\n|faint|p1a: Emboar\n|\n|upkeep\n|inactive|Time left: 300 sec this turn | 300 sec total | 5 sec grace\n|\n|t:|1783567718\n|switch|p1a: Iron Bundle|Iron Bundle, L78|215/215\n|turn|14\n|inactive|Time left: 300 sec this turn | 300 sec total\n|\n|t:|1783567719\n|move|p1a: Iron Bundle|Freeze-Dry|p2a: Ludicolo\n|-supereffective|p2a: Ludicolo\n|-damage|p2a: Ludicolo|14/100\n|move|p2a: Ludicolo|Hydro Pump|p1a: Iron Bundle\n|-resisted|p1a: Iron Bundle\n|-damage|p1a: Iron Bundle|74/215\n|\n|upkeep\n|turn|15\n|inactive|Time left: 300 sec this turn | 300 sec total\n|\n|t:|1783567720\n|move|p1a: Iron Bundle|Freeze-Dry|p2a: Ludicolo\n|-supereffective|p2a: Ludicolo\n|-damage|p2a: Ludicolo|0 fnt\n|faint|p2a: Ludicolo\n|\n|upkeep\n|\n|t:|1783567721\n|switch|p2a: Slowking|Slowking-Galar, L85, M|100/100\n|turn|16\n|inactive|Time left: 300 sec this turn | 300 sec total\n|\n|t:|1783567722\n|move|p1a: Iron Bundle|Freeze-Dry|p2a: Slowking\n|-damage|p2a: Slowking|86/100\n|move|p2a: Slowking|Future Sight|p1a: Iron Bundle\n|-start|p2a: Slowking|move: Future Sight\n|\n|upkeep\n|turn|17\n|inactive|Time left: 300 sec this turn | 300 sec total\n|\n|t:|1783567723\n|move|p1a: Iron Bundle|Flip Turn|p2a: Slowking\n|-crit|p2a: Slowking\n|-damage|p2a: Slowking|58/100\n|move|p2a: Slowking|Future Sight||[still]\n|-fail|p2a: Slowking\n|\n|upkeep\n|turn|18\n|inactive|Time left: 300 sec this turn | 300 sec total\n|\n|t:|1783567723\n|switch|p2a: Pikachu|Pikachu-World, L93, M|100/100\n|move|p1a: Iron Bundle|Flip Turn|p2a: Pikachu\n|-damage|p2a: Pikachu|65/100\n|\n|-end|p1a: Iron Bundle|move: Future Sight\n|-damage|p1a: Iron Bundle|0 fnt\n|faint|p1a: Iron Bundle\n|-end|p1a: Iron Bundle|Quark Drive|[silent]\n|\n|win|p0y2387d280", "uploadtime": 1783567724, "views": 0, "rating": 0, "private": 0, "password": null, "_winner": "p0y2387d280", "_our_name": "p0x2387c30b"}