{"id": "battle-gen9randombattle-656", "formatid": "gen9randombattle", "format": "[Gen 9] Random Battle", "players": ["p0x656e06a", "p0y6566bbe"], "log": "|init|battle\n|title|p0x656e06a vs. p0y6566bbe\n|j|\u2606p0x656e06a\n|j|\u2606p0y6566bbe\n|t:|1783547430\n|gametype|singles\n|player|p1|p0x656e06a|2|\n|player|p2|p0y6566bbe|266|\n|gen|9\n|tier|[Gen 9] Random Battle\n|rule|Species Clause: Limit one of each Pok\u00e9mon\n|rule|HP Percentage Mod: HP is shown in percentages\n|rule|Sleep Clause Mod: Limit one foe put to sleep\n|rule|Illusion Level Mod: Illusion disguises the Pok\u00e9mon's true level\n|\n|t:|1783547430\n|teamsize|p1|6\n|teamsize|p2|6\n|start\n|switch|p1a: Exeggutor|Exeggutor-Alola, L89, F|314/314\n|switch|p2a: Persian|Persian, L92, F|100/100\n|turn|1\n|inactive|Battle timer is ON: inactive players will automatically lose when time's up. (requested by p0x656e06a)\n|inactive|p0y6566bbe also wants the timer to be on.\n|\n|t:|1783547432\n|move|p2a: Persian|U-turn|p1a: Exeggutor\n|-supereffective|p1a: Exeggutor\n|-crit|p1a: Exeggutor\n|-damage|p1a: Exeggutor|96/314\n|-enditem|p1a: Exeggutor|Sitrus Berry|[eat]\n|-heal|p1a: Exeggutor|174/314|[from] item: Sitrus Berry\n|\n|t:|1783547433\n|switch|p2a: Coalossal|Coalossal, L89, M|100/100|[from] U-turn\n|move|p1a: Exeggutor|Flamethrower|p2a: Coalossal\n|-resisted|p2a: Coalossal\n|-damage|p2a: Coalossal|94/100\n|\n|upkeep\n|turn|2\n|inactive|Time left: 300 sec this turn | 300 sec total\n|\n|t:|1783547434\n|switch|p1a: Armarouge|Armarouge, L80, M|267/267\n|move|p2a: Coalossal|Stone Edge|p1a: Armarouge\n|-supereffective|p1a: Armarouge\n|-damage|p1a: Armarouge|85/267\n|-ability|p1a: Armarouge|Weak Armor|boost\n|-unboost|p1a: Armarouge|def|1\n|-boost|p1a: Armarouge|spe|2\n|\n|upkeep\n|turn|3\n|inactive|Time left: 300 sec this turn | 300 sec total\n|\n|t:|1783547435\n|move|p1a: Armarouge|Meteor Beam||[still]\n|-prepare|p1a: Armarouge|Meteor Beam\n|-boost|p1a: Armarouge|spa|1\n|-enditem|p1a: Armarouge|Power Herb\n|-anim|p1a: Armarouge|Meteor Beam|p2a: Coalossal\n|-supereffective|p2a: Coalossal\n|-damage|p2a: Coalossal|15/100\n|move|p2a: Coalossal|Stone Edge|p1a: Armarouge\n|-supereffective|p1a: Armarouge\n|-damage|p1a: Armarouge|0 fnt\n|faint|p1a: Armarouge\n|\n|upkeep\n|inactive|Time left: 300 sec this turn | 300 sec total | 5 sec grace\n|\n|t:|1783547437\n|switch|p1a: Exeggutor|Exeggutor-Alola, L89, F|174/314\n|turn|4\n|inactive|Time left: 300 sec this turn | 300 sec total\n|\n|t:|1783547438\n|move|p1a: Exeggutor|Wood Hammer|p2a: Coalossal\n|-damage|p2a: Coalossal|0 fnt\n|faint|p2a: Coalossal\n|-damage|p1a: Exeggutor|158/314|[from] Recoil\n|\n|-item|p1a: Exeggutor|Sitrus Berry|[from] ability: Harvest\n|upkeep\n|\n|t:|1783547439\n|switch|p2a: Tauros|Tauros-Paldea-Aqua, L81, M|100/100\n|-ability|p2a: Tauros|Intimidate|boost\n|-unboost|p1a: Exeggutor|atk|1\n|turn|5\n|inactive|Time left: 300 sec this turn | 300 sec total\n|\n|t:|1783547440\n|switch|p1a: Annihilape|Annihilape, L76, M|292/292\n|move|p2a: Tauros|Close Combat|p1a: Annihilape\n|-immune|p1a: Annihilape\n|\n|upkeep\n|turn|6\n|inactive|Time left: 300 sec this turn | 300 sec total\n|\n|t:|1783547442\n|move|p2a: Tauros|Close Combat|p1a: Annihilape\n|-immune|p1a: Annihilape\n|move|p1a: Annihilape|Bulk Up|p1a: Annihilape\n|-boost|p1a: Annihilape|atk|1\n|-boost|p1a: Annihilape|def|1\n|\n|upkeep\n|turn|7\n|inactive|Time left: 300 sec this turn | 300 sec total\n|\n|t:|1783547443\n|switch|p2a: Tropius|Tropius, L91, M|100/100\n|move|p1a: Annihilape|Bulk Up|p1a: Annihilape\n|-boost|p1a: Annihilape|atk|1\n|-boost|p1a: Annihilape|def|1\n|\n|upkeep\n|turn|8\n|inactive|Time left: 300 sec this turn | 300 sec total\n|\n|t:|1783547444\n|move|p1a: Annihilape|Drain Punch|p2a: Tropius\n|-resisted|p2a: Tropius\n|-crit|p2a: Tropius\n|-damage|p2a: Tropius|65/100\n|move|p2a: Tropius|Dragon Dance|p2a: Tropius\n|-boost|p2a: Tropius|atk|1\n|-boost|p2a: Tropius|spe|1\n|\n|upkeep\n|turn|9\n|inactive|Time left: 300 sec this turn | 300 sec total\n|\n|t:|1783547445\n|move|p2a: Tropius|Dragon Dance|p2a: Tropius\n|-boost|p2a: Tropius|atk|1\n|-boost|p2a: Tropius|spe|1\n|move|p1a: Annihilape|Bulk Up|p1a: Annihilape\n|-boost|p1a: Annihilape|atk|1\n|-boost|p1a: Annihilape|def|1\n|\n|upkeep\n|turn|10\n|inactive|Time left: 300 sec this turn | 300 sec total\n|\n|t:|1783547446\n|move|p2a: Tropius|Dual Wingbeat|p1a: Annihilape\n|-supereffective|p1a: Annihilape\n|-damage|p1a: Annihilape|220/292\n|-supereffective|p1a: Annihilape\n|-damage|p1a: Annihilape|152/292\n|-hitcount|p1a: Annihilape|2\n|move|p1a: Annihilape|Drain Punch|p2a: Tropius\n|-resisted|p2a: Tropius\n|-damage|p2a: Tropius|36/100\n|-heal|p1a: Annihilape|199/292|[from] drain|[of] p2a: Tropius\n|-enditem|p2a: Tropius|Sitrus Berry|[eat]\n|-heal|p2a: Tropius|61/100|[from] item: Sitrus Berry\n|\n|-heal|p1a: Annihilape|217/292|[from] item: Leftovers\n|-item|p2a: Tropius|Sitrus Berry|[from] ability: Harvest\n|upkeep\n|turn|11\n|inactive|Time left: 300 sec this turn | 300 sec total\n|\n|t:|1783547447\n|move|p2a: Tropius|Leaf Blade|p1a: Annihilape\n|-damage|p1a: Annihilape|132/292\n|move|p1a: Annihilape|Drain Punch|p2a: Tropius\n|-resisted|p2a: Tropius\n|-damage|p2a: Tropius|32/100\n|-heal|p1a: Annihilape|181/292|[from] drain|[of] p2a: Tropius\n|-enditem|p2a: Tropius|Sitrus Berry|[eat]\n|-heal|p2a: Tropius|57/100|[from] item: Sitrus Berry\n|\n|-heal|p1a: Annihilape|199/292|[from] item: Leftovers\n|upkeep\n|turn|12\n|inactive|Time left: 300 sec this turn | 300 sec total\n|\n|t:|1783547449\n|move|p2a: Tropius|Dual Wingbeat|p1a: Annihilape\n|-supereffective|p1a: Annihilape\n|-damage|p1a: Annihilape|131/292\n|-supereffective|p1a: Annihilape\n|-damage|p1a: Annihilape|57/292\n|-hitcount|p1a: Annihilape|2\n|move|p1a: Annihilape|Drain Punch|p2a: Tropius\n|-resisted|p2a: Tropius\n|-damage|p2a: Tropius|31/100\n|-heal|p1a: Annihilape|99/292|[from] drain|[of] p2a: Tropius\n|\n|-heal|p1a: Annihilape|117/292|[from] item: Leftovers\n|upkeep\n|turn|13\n|inactive|Time left: 300 sec this turn | 300 sec total\n|\n|t:|1783547450\n|move|p2a: Tropius|Dual Wingbeat|p1a: Annihilape\n|-supereffective|p1a: Annihilape\n|-damage|p1a: Annihilape|45/292\n|-supereffective|p1a: Annihilape\n|-damage|p1a: Annihilape|0 fnt\n|faint|p1a: Annihilape\n|-hitcount|p1: Annihilape|2\n|\n|upkeep\n|inactive|Time left: 300 sec this turn | 300 sec total | 5 sec grace\n|\n|t:|1783547451\n|switch|p1a: Cryogonal|Cryogonal, L89|287/287\n|turn|14\n|inactive|Time left: 300 sec this turn | 300 sec total\n|\n|t:|1783547452\n|-terastallize|p1a: Cryogonal|Steel\n|move|p2a: Tropius|Leaf Blade|p1a: Cryogonal\n|-resisted|p1a: Cryogonal\n|-damage|p1a: Cryogonal|170/287\n|move|p1a: Cryogonal|Freeze-Dry|p2a: Tropius\n|-supereffective|p2a: Tropius\n|-damage|p2a: Tropius|0 fnt\n|faint|p2a: Tropius\n|\n|upkeep\n|\n|t:|1783547453\n|switch|p2a: Chi-Yu|Chi-Yu, L77|100/100\n|-ability|p2a: Chi-Yu|Beads of Ruin\n|turn|15\n|inactive|Time left: 300 sec this turn | 300 sec total\n|\n|t:|1783547454\n|move|p1a: Cryogonal|Freeze-Dry|p2a: Chi-Yu\n|-resisted|p2a: Chi-Yu\n|-damage|p2a: Chi-Yu|85/100\n|move|p2a: Chi-Yu|Fire Blast|p1a: Cryogonal\n|-supereffective|p1a: Cryogonal\n|-damage|p1a: Cryogonal|0 fnt\n|faint|p1a: Cryogonal\n|\n|upkeep\n|inactive|Time left: 300 sec this turn | 300 sec total | 5 sec grace\n|\n|t:|1783547455\n|switch|p1a: Cobalion|Cobalion, L80|277/277\n|turn|16\n|inactive|Time left: 300 sec this turn | 300 sec total\n|\n|t:|1783547456\n|-terastallize|p2a: Chi-Yu|Fire\n|move|p1a: Cobalion|Close Combat|p2a: Chi-Yu\n|-damage|p2a: Chi-Yu|25/100\n|-unboost|p1a: Cobalion|def|1\n|-unboost|p1a: Cobalion|spd|1\n|move|p2a: Chi-Yu|Fire Blast|p1a: Cobalion\n|-supereffective|p1a: Cobalion\n|-damage|p1a: Cobalion|0 fnt\n|faint|p1a: Cobalion\n|\n|upkeep\n|inactive|Time left: 300 sec this turn | 300 sec total | 5 sec grace\n|\n|t:|1783547457\n|switch|p1a: Skuntank|Skuntank, L84, F|310/310\n|turn|17\n|inactive|Time left: 300 sec this turn | 300 sec total\n|\n|t:|1783547458\n|move|p1a: Skuntank|Sucker Punch|p2a: Chi-Yu\n|-damage|p2a: Chi-Yu|0 fnt\n|faint|p2a: Chi-Yu\n|-damage|p1a: Skuntank|279/310|[from] item: Life Orb\n|\n|upkeep\n|\n|t:|1783547459\n|switch|p2a: Tauros|Tauros-Paldea-Aqua, L81, M|100/100\n|-ability|p2a: Tauros|Intimidate|boost\n|-unboost|p1a: Skuntank|atk|1\n|turn|18\n|inactive|Time left: 300 sec this turn | 300 sec total\n|\n|t:|1783547460\n|move|p2a: Tauros|Close Combat|p1a: Skuntank\n|-damage|p1a: Skuntank|45/310\n|-unboost|p2a: Tauros|def|1\n|-unboost|p2a: Tauros|spd|1\n|move|p1a: Skuntank|Knock Off|p2a: Tauros\n|-resisted|p2a: Tauros\n|-damage|p2a: Tauros|79/100\n|-enditem|p2a: Tauros|Choice Band|[from] move: Knock Off|[of] p1a: Skuntank\n|-damage|p1a: Skuntank|14/310|[from] item: Life Orb\n|\n|upkeep\n|turn|19\n|inactive|Time left: 300 sec this turn | 300 sec total\n|\n|t:|1783547461\n|switch|p2a: Persian|Persian, L92, F|100/100\n|move|p1a: Skuntank|Knock Off|p2a: Persian\n|-damage|p2a: Persian|65/100\n|-enditem|p2a: Persian|Choice Band|[from] move: Knock Off|[of] p1a: Skuntank\n|-damage|p1a: Skuntank|0 fnt|[from] item: Life Orb\n|faint|p1a: Skuntank\n|\n|upkeep\n|inactive|Time left: 300 sec this turn | 300 sec total | 5 sec grace\n|\n|t:|1783547462\n|switch|p1a: Exeggutor|Exeggutor-Alola, L89, F|158/314\n|turn|20\n|inactive|Time left: 300 sec this turn | 300 sec total\n|\n|t:|1783547463\n|move|p2a: Persian|Knock Off|p1a: Exeggutor\n|-damage|p1a: Exeggutor|99/314\n|-enditem|p1a: Exeggutor|Sitrus Berry|[from] move: Knock Off|[of] p2a: Persian\n|move|p1a: Exeggutor|Dragon Tail|p2a: Persian\n|-damage|p2a: Persian|32/100\n|drag|p2a: Rillaboom|Rillaboom, L79, F|100/100\n|-fieldstart|move: Grassy Terrain|[from] ability: Grassy Surge|[of] p2a: Rillaboom\n|\n|-heal|p1a: Exeggutor|118/314|[from] Grassy Terrain\n|upkeep\n|turn|21\n|inactive|Time left: 300 sec this turn | 300 sec total\n|\n|t:|1783547465\n|move|p2a: Rillaboom|Knock Off|p1a: Exeggutor\n|-damage|p1a: Exeggutor|53/314\n|-damage|p2a: Rillaboom|91/100|[from] item: Life Orb\n|move|p1a: Exeggutor|Draco Meteor|p2a: Rillaboom\n|-damage|p2a: Rillaboom|11/100\n|-unboost|p1a: Exeggutor|spa|2\n|\n|-heal|p2a: Rillaboom|18/100|[from] Grassy Terrain\n|-heal|p1a: Exeggutor|72/314|[from] Grassy Terrain\n|upkeep\n|turn|22\n|inactive|Time left: 300 sec this turn | 300 sec total\n|\n|t:|1783547466\n|move|p2a: Rillaboom|Knock Off|p1a: Exeggutor\n|-damage|p1a: Exeggutor|10/314\n|-damage|p2a: Rillaboom|8/100|[from] item: Life Orb\n|move|p1a: Exeggutor|Dragon Tail|p2a: Rillaboom\n|-damage|p2a: Rillaboom|0 fnt\n|faint|p2a: Rillaboom\n|\n|-heal|p1a: Exeggutor|29/314|[from] Grassy Terrain\n|upkeep\n|\n|t:|1783547467\n|switch|p2a: Persian|Persian, L92, F|32/100\n|turn|23\n|inactive|Time left: 300 sec this turn | 300 sec total\n|\n|t:|1783547468\n|move|p2a: Persian|Double-Edge|p1a: Exeggutor\n|-damage|p1a: Exeggutor|0 fnt\n|faint|p1a: Exeggutor\n|-damage|p2a: Persian|28/100|[from] Recoil\n|\n|win|p0y6566bbe", "uploadtime": 1783547468, "views": 0, "rating": 0, "private": 0, "password": null, "_winner": "p0y6566bbe", "_our_name": "p0x656e06a"}