{"id": "battle-gen9randombattle-1568", "formatid": "gen9randombattle", "format": "[Gen 9] Random Battle", "players": ["p0x1568a320", "p0y1568832d"], "log": "|init|battle\n|title|p0x1568a320 vs. p0y1568832d\n|j|\u2606p0x1568a320\n|j|\u2606p0y1568832d\n|t:|1783558167\n|gametype|singles\n|player|p1|p0x1568a320|169|\n|player|p2|p0y1568832d|101|\n|gen|9\n|tier|[Gen 9] Random Battle\n|rule|Species Clause: Limit one of each Pok\u00e9mon\n|rule|HP Percentage Mod: HP is shown in percentages\n|rule|Sleep Clause Mod: Limit one foe put to sleep\n|rule|Illusion Level Mod: Illusion disguises the Pok\u00e9mon's true level\n|\n|t:|1783558167\n|teamsize|p1|6\n|teamsize|p2|6\n|start\n|switch|p1a: Galvantula|Galvantula, L82, M|100/100\n|switch|p2a: Lapras|Lapras, L87, F|367/367\n|turn|1\n|inactive|Battle timer is ON: inactive players will automatically lose when time's up. (requested by p0x1568a320)\n|inactive|Time left: 300 sec this turn | 300 sec total | 60 sec grace\n|\n|t:|1783558169\n|move|p1a: Galvantula|Sticky Web|p2a: Lapras\n|-sidestart|p2: p0y1568832d|move: Sticky Web\n|move|p2a: Lapras|Dragon Dance|p2a: Lapras\n|-boost|p2a: Lapras|atk|1\n|-boost|p2a: Lapras|spe|1\n|\n|upkeep\n|turn|2\n|inactive|Time left: 300 sec this turn | 300 sec total\n|inactive|p0y1568832d also wants the timer to be on.\n|\n|t:|1783558170\n|move|p2a: Lapras|Icicle Spear|p1a: Galvantula\n|-damage|p1a: Galvantula|80/100\n|-damage|p1a: Galvantula|58/100\n|-damage|p1a: Galvantula|37/100\n|-damage|p1a: Galvantula|16/100\n|-damage|p1a: Galvantula|0 fnt\n|faint|p1a: Galvantula\n|-hitcount|p1: Galvantula|5\n|\n|upkeep\n|\n|t:|1783558171\n|switch|p1a: Arboliva|Arboliva, L91, F|100/100\n|turn|3\n|inactive|Time left: 300 sec this turn | 300 sec total\n|\n|t:|1783558172\n|move|p2a: Lapras|Icicle Spear|p1a: Arboliva\n|-supereffective|p1a: Arboliva\n|-damage|p1a: Arboliva|76/100\n|-fieldstart|move: Grassy Terrain|[from] ability: Seed Sower|[of] p1a: Arboliva\n|-supereffective|p1a: Arboliva\n|-damage|p1a: Arboliva|52/100\n|-supereffective|p1a: Arboliva\n|-damage|p1a: Arboliva|27/100\n|-supereffective|p1a: Arboliva\n|-damage|p1a: Arboliva|0 fnt\n|faint|p1a: Arboliva\n|-hitcount|p1: Arboliva|4\n|\n|upkeep\n|\n|t:|1783558174\n|switch|p1a: Toxicroak|Toxicroak, L84, M|100/100\n|turn|4\n|inactive|Time left: 300 sec this turn | 300 sec total\n|\n|t:|1783558175\n|move|p2a: Lapras|Icicle Spear|p1a: Toxicroak\n|-damage|p1a: Toxicroak|82/100\n|-damage|p1a: Toxicroak|65/100\n|-damage|p1a: Toxicroak|46/100\n|-damage|p1a: Toxicroak|30/100\n|-damage|p1a: Toxicroak|14/100\n|-hitcount|p1a: Toxicroak|5\n|move|p1a: Toxicroak|Close Combat|p2a: Lapras\n|-supereffective|p2a: Lapras\n|-damage|p2a: Lapras|8/367\n|-unboost|p1a: Toxicroak|def|1\n|-unboost|p1a: Toxicroak|spd|1\n|-damage|p1a: Toxicroak|4/100|[from] item: Life Orb\n|\n|-heal|p2a: Lapras|30/367|[from] Grassy Terrain\n|-heal|p1a: Toxicroak|10/100|[from] Grassy Terrain\n|upkeep\n|turn|5\n|inactive|Time left: 300 sec this turn | 300 sec total\n|\n|t:|1783558176\n|switch|p1a: Regigigas|Regigigas, L84|100/100\n|-start|p1a: Regigigas|ability: Slow Start\n|move|p2a: Lapras|Icicle Spear|p1a: Regigigas\n|-damage|p1a: Regigigas|91/100\n|-damage|p1a: Regigigas|81/100\n|-damage|p1a: Regigigas|72/100\n|-damage|p1a: Regigigas|62/100\n|-damage|p1a: Regigigas|53/100\n|-hitcount|p1a: Regigigas|5\n|\n|-heal|p2a: Lapras|52/367|[from] Grassy Terrain\n|-heal|p1a: Regigigas|59/100|[from] Grassy Terrain\n|-heal|p1a: Regigigas|65/100|[from] item: Leftovers\n|upkeep\n|turn|6\n|inactive|Time left: 300 sec this turn | 300 sec total\n|\n|t:|1783558177\n|move|p2a: Lapras|Waterfall|p1a: Regigigas\n|-damage|p1a: Regigigas|32/100\n|cant|p1a: Regigigas|flinch\n|\n|-heal|p2a: Lapras|74/367|[from] Grassy Terrain\n|-heal|p1a: Regigigas|38/100|[from] Grassy Terrain\n|-heal|p1a: Regigigas|44/100|[from] item: Leftovers\n|upkeep\n|turn|7\n|inactive|Time left: 300 sec this turn | 300 sec total\n|\n|t:|1783558178\n|move|p2a: Lapras|Icicle Spear|p1a: Regigigas\n|-damage|p1a: Regigigas|34/100\n|-crit|p1a: Regigigas\n|-damage|p1a: Regigigas|19/100\n|-damage|p1a: Regigigas|8/100\n|-damage|p1a: Regigigas|0 fnt\n|faint|p1a: Regigigas\n|-end|p1a: Regigigas|Slow Start|[silent]\n|-hitcount|p1: Regigigas|4\n|\n|-heal|p2a: Lapras|96/367|[from] Grassy Terrain\n|-fieldend|move: Grassy Terrain\n|upkeep\n|\n|t:|1783558179\n|switch|p1a: Mudsdale|Mudsdale, L83, M|100/100\n|turn|8\n|inactive|Time left: 300 sec this turn | 300 sec total\n|\n|t:|1783558180\n|move|p2a: Lapras|Waterfall|p1a: Mudsdale\n|-supereffective|p1a: Mudsdale\n|-damage|p1a: Mudsdale|25/100\n|-ability|p1a: Mudsdale|Stamina|boost\n|-boost|p1a: Mudsdale|def|1\n|move|p1a: Mudsdale|Earthquake|p2a: Lapras\n|-crit|p2a: Lapras\n|-damage|p2a: Lapras|0 fnt\n|faint|p2a: Lapras\n|\n|-heal|p1a: Mudsdale|31/100|[from] item: Leftovers\n|upkeep\n|inactive|Time left: 300 sec this turn | 300 sec total | 5 sec grace\n|\n|t:|1783558181\n|switch|p2a: Flareon|Flareon, L90, M|263/263\n|-activate|p2a: Flareon|move: Sticky Web\n|-unboost|p2a: Flareon|spe|1\n|turn|9\n|inactive|Time left: 300 sec this turn | 300 sec total\n|\n|t:|1783558182\n|move|p2a: Flareon|Flare Blitz|p1a: Mudsdale\n|-damage|p1a: Mudsdale|0 fnt\n|faint|p1a: Mudsdale\n|-damage|p2a: Flareon|233/263|[from] Recoil\n|\n|-status|p2a: Flareon|tox|[from] item: Toxic Orb\n|upkeep\n|\n|t:|1783558183\n|switch|p1a: Toxicroak|Toxicroak, L84, M|10/100\n|turn|10\n|inactive|Time left: 300 sec this turn | 300 sec total\n|\n|t:|1783558184\n|move|p2a: Flareon|Quick Attack|p1a: Toxicroak\n|-damage|p1a: Toxicroak|0 fnt\n|faint|p1a: Toxicroak\n|\n|-damage|p2a: Flareon|217/263 tox|[from] psn\n|upkeep\n|\n|t:|1783558185\n|switch|p1a: Ampharos|Ampharos, L88, F|100/100\n|turn|11\n|inactive|Time left: 300 sec this turn | 300 sec total\n|\n|t:|1783558186\n|move|p1a: Ampharos|Focus Blast|p2a: Flareon\n|-damage|p2a: Flareon|135/263 tox\n|move|p2a: Flareon|Flare Blitz|p1a: Ampharos\n|-damage|p1a: Ampharos|18/100\n|-damage|p2a: Flareon|53/263 tox|[from] Recoil\n|\n|-damage|p2a: Flareon|21/263 tox|[from] psn\n|upkeep\n|turn|12\n|inactive|Time left: 300 sec this turn | 300 sec total\n|\n|t:|1783558187\n|-terastallize|p2a: Flareon|Normal\n|move|p2a: Flareon|Quick Attack|p1a: Ampharos\n|-damage|p1a: Ampharos|0 fnt\n|faint|p1a: Ampharos\n|\n|win|p0y1568832d", "uploadtime": 1783558187, "views": 0, "rating": 0, "private": 0, "password": null, "_winner": "p0y1568832d", "_our_name": "p0y1568832d"}