{"id": "battle-gen9randombattle-274", "formatid": "gen9randombattle", "format": "[Gen 9] Random Battle", "players": ["p0x274b02b", "p0y274dc3c"], "log": "|init|battle\n|title|p0x274b02b vs. p0y274dc3c\n|j|\u2606p0x274b02b\n|j|\u2606p0y274dc3c\n|t:|1783542763\n|gametype|singles\n|player|p1|p0x274b02b|266|\n|player|p2|p0y274dc3c|1|\n|gen|9\n|tier|[Gen 9] Random Battle\n|rule|Species Clause: Limit one of each Pok\u00e9mon\n|rule|HP Percentage Mod: HP is shown in percentages\n|rule|Sleep Clause Mod: Limit one foe put to sleep\n|rule|Illusion Level Mod: Illusion disguises the Pok\u00e9mon's true level\n|\n|t:|1783542763\n|teamsize|p1|6\n|teamsize|p2|6\n|start\n|switch|p1a: Articuno|Articuno-Galar, L84|288/288\n|switch|p2a: Rabsca|Rabsca, L91, F|100/100\n|turn|1\n|inactive|Battle timer is ON: inactive players will automatically lose when time's up. (requested by p0x274b02b)\n|inactive|p0y274dc3c also wants the timer to be on.\n|\n|t:|1783542765\n|switch|p2a: Rhyperior|Rhyperior, L82, M|100/100\n|move|p1a: Articuno|Calm Mind|p1a: Articuno\n|-boost|p1a: Articuno|spa|1\n|-boost|p1a: Articuno|spd|1\n|\n|upkeep\n|turn|2\n|inactive|Time left: 300 sec this turn | 300 sec total\n|\n|t:|1783542766\n|move|p1a: Articuno|Freezing Glare|p2a: Rhyperior\n|-damage|p2a: Rhyperior|26/100\n|move|p2a: Rhyperior|Stone Edge|p1a: Articuno\n|-supereffective|p1a: Articuno\n|-damage|p1a: Articuno|0 fnt\n|faint|p1a: Articuno\n|\n|upkeep\n|inactive|Time left: 300 sec this turn | 300 sec total | 5 sec grace\n|\n|t:|1783542767\n|switch|p1a: Gothitelle|Gothitelle, L90, F|272/272\n|turn|3\n|inactive|Time left: 300 sec this turn | 300 sec total\n|\n|t:|1783542768\n|move|p1a: Gothitelle|Psychic|p2a: Rhyperior\n|-damage|p2a: Rhyperior|0 fnt\n|faint|p2a: Rhyperior\n|\n|upkeep\n|\n|t:|1783542769\n|switch|p2a: Bellossom|Bellossom, L84, M|100/100\n|turn|4\n|inactive|Time left: 300 sec this turn | 300 sec total\n|\n|t:|1783542770\n|switch|p1a: Appletun|Appletun, L92, M|352/352\n|move|p2a: Bellossom|Quiver Dance|p2a: Bellossom\n|-boost|p2a: Bellossom|spa|1\n|-boost|p2a: Bellossom|spd|1\n|-boost|p2a: Bellossom|spe|1\n|\n|upkeep\n|turn|5\n|inactive|Time left: 300 sec this turn | 300 sec total\n|\n|t:|1783542772\n|move|p2a: Bellossom|Quiver Dance|p2a: Bellossom\n|-boost|p2a: Bellossom|spa|1\n|-boost|p2a: Bellossom|spd|1\n|-boost|p2a: Bellossom|spe|1\n|move|p1a: Appletun|Apple Acid|p2a: Bellossom\n|-resisted|p2a: Bellossom\n|-damage|p2a: Bellossom|91/100\n|-unboost|p2a: Bellossom|spd|1\n|\n|-heal|p2a: Bellossom|97/100|[from] item: Leftovers\n|upkeep\n|turn|6\n|inactive|Time left: 300 sec this turn | 300 sec total\n|\n|t:|1783542773\n|switch|p1a: Stantler|Stantler, L92, F|284/284\n|-ability|p1a: Stantler|Intimidate|boost\n|-unboost|p2a: Bellossom|atk|1\n|move|p2a: Bellossom|Quiver Dance|p2a: Bellossom\n|-boost|p2a: Bellossom|spa|1\n|-boost|p2a: Bellossom|spd|1\n|-boost|p2a: Bellossom|spe|1\n|\n|-heal|p2a: Bellossom|100/100|[from] item: Leftovers\n|upkeep\n|turn|7\n|inactive|Time left: 300 sec this turn | 300 sec total\n|\n|t:|1783542774\n|switch|p1a: Appletun|Appletun, L92, M|352/352\n|move|p2a: Bellossom|Sludge Bomb|p1a: Appletun\n|-supereffective|p1a: Appletun\n|-damage|p1a: Appletun|82/352\n|\n|-heal|p1a: Appletun|104/352|[from] item: Leftovers\n|upkeep\n|turn|8\n|inactive|Time left: 300 sec this turn | 300 sec total\n|\n|t:|1783542775\n|-terastallize|p1a: Appletun|Steel\n|move|p2a: Bellossom|Sludge Bomb|p1a: Appletun\n|-immune|p1a: Appletun\n|move|p1a: Appletun|Recover|p1a: Appletun\n|-heal|p1a: Appletun|280/352\n|\n|-heal|p1a: Appletun|302/352|[from] item: Leftovers\n|upkeep\n|turn|9\n|inactive|Time left: 300 sec this turn | 300 sec total\n|\n|t:|1783542776\n|move|p2a: Bellossom|Giga Drain|p1a: Appletun\n|-resisted|p1a: Appletun\n|-damage|p1a: Appletun|215/352\n|move|p1a: Appletun|Apple Acid|p2a: Bellossom\n|-resisted|p2a: Bellossom\n|-damage|p2a: Bellossom|91/100\n|-unboost|p2a: Bellossom|spd|1\n|\n|-heal|p2a: Bellossom|97/100|[from] item: Leftovers\n|-heal|p1a: Appletun|237/352|[from] item: Leftovers\n|upkeep\n|turn|10\n|inactive|Time left: 300 sec this turn | 300 sec total\n|\n|t:|1783542777\n|move|p2a: Bellossom|Quiver Dance|p2a: Bellossom\n|-boost|p2a: Bellossom|spa|1\n|-boost|p2a: Bellossom|spd|1\n|-boost|p2a: Bellossom|spe|1\n|move|p1a: Appletun|Apple Acid|p2a: Bellossom\n|-resisted|p2a: Bellossom\n|-damage|p2a: Bellossom|89/100\n|-unboost|p2a: Bellossom|spd|1\n|\n|-heal|p2a: Bellossom|95/100|[from] item: Leftovers\n|-heal|p1a: Appletun|259/352|[from] item: Leftovers\n|upkeep\n|turn|11\n|inactive|Time left: 300 sec this turn | 300 sec total\n|\n|t:|1783542778\n|move|p2a: Bellossom|Quiver Dance|p2a: Bellossom\n|-boost|p2a: Bellossom|spa|1\n|-boost|p2a: Bellossom|spd|1\n|-boost|p2a: Bellossom|spe|1\n|move|p1a: Appletun|Recover|p1a: Appletun\n|-heal|p1a: Appletun|352/352\n|\n|-heal|p2a: Bellossom|100/100|[from] item: Leftovers\n|upkeep\n|turn|12\n|inactive|Time left: 300 sec this turn | 300 sec total\n|\n|t:|1783542779\n|move|p2a: Bellossom|Quiver Dance|p2a: Bellossom\n|-boost|p2a: Bellossom|spa|1\n|-boost|p2a: Bellossom|spd|1\n|-boost|p2a: Bellossom|spe|1\n|move|p1a: Appletun|Apple Acid|p2a: Bellossom\n|-resisted|p2a: Bellossom\n|-crit|p2a: Bellossom\n|-damage|p2a: Bellossom|75/100\n|-unboost|p2a: Bellossom|spd|1\n|\n|-heal|p2a: Bellossom|81/100|[from] item: Leftovers\n|upkeep\n|turn|13\n|inactive|Time left: 300 sec this turn | 300 sec total\n|\n|t:|1783542779\n|move|p2a: Bellossom|Giga Drain|p1a: Appletun\n|-resisted|p1a: Appletun\n|-damage|p1a: Appletun|206/352\n|-heal|p2a: Bellossom|100/100|[from] drain|[of] p1a: Appletun\n|move|p1a: Appletun|Apple Acid|p2a: Bellossom\n|-resisted|p2a: Bellossom\n|-damage|p2a: Bellossom|92/100\n|-unboost|p2a: Bellossom|spd|1\n|\n|-heal|p2a: Bellossom|98/100|[from] item: Leftovers\n|-heal|p1a: Appletun|228/352|[from] item: Leftovers\n|upkeep\n|turn|14\n|inactive|Time left: 300 sec this turn | 300 sec total\n|\n|t:|1783542780\n|move|p2a: Bellossom|Giga Drain|p1a: Appletun\n|-resisted|p1a: Appletun\n|-damage|p1a: Appletun|84/352\n|-heal|p2a: Bellossom|100/100|[from] drain|[of] p1a: Appletun\n|move|p1a: Appletun|Recover|p1a: Appletun\n|-heal|p1a: Appletun|260/352\n|\n|-heal|p1a: Appletun|282/352|[from] item: Leftovers\n|upkeep\n|turn|15\n|inactive|Time left: 300 sec this turn | 300 sec total\n|\n|t:|1783542781\n|move|p2a: Bellossom|Giga Drain|p1a: Appletun\n|-resisted|p1a: Appletun\n|-damage|p1a: Appletun|149/352\n|move|p1a: Appletun|Apple Acid|p2a: Bellossom\n|-resisted|p2a: Bellossom\n|-damage|p2a: Bellossom|88/100\n|-unboost|p2a: Bellossom|spd|1\n|\n|-heal|p2a: Bellossom|94/100|[from] item: Leftovers\n|-heal|p1a: Appletun|171/352|[from] item: Leftovers\n|upkeep\n|turn|16\n|inactive|Time left: 300 sec this turn | 300 sec total\n|\n|t:|1783542782\n|move|p2a: Bellossom|Giga Drain|p1a: Appletun\n|-resisted|p1a: Appletun\n|-damage|p1a: Appletun|14/352\n|-heal|p2a: Bellossom|100/100|[from] drain|[of] p1a: Appletun\n|move|p1a: Appletun|Recover|p1a: Appletun\n|-heal|p1a: Appletun|190/352\n|\n|-heal|p1a: Appletun|212/352|[from] item: Leftovers\n|upkeep\n|turn|17\n|inactive|Time left: 300 sec this turn | 300 sec total\n|\n|t:|1783542783\n|move|p2a: Bellossom|Giga Drain|p1a: Appletun\n|-resisted|p1a: Appletun\n|-damage|p1a: Appletun|76/352\n|move|p1a: Appletun|Recover|p1a: Appletun\n|-heal|p1a: Appletun|252/352\n|\n|-heal|p1a: Appletun|274/352|[from] item: Leftovers\n|upkeep\n|turn|18\n|inactive|Time left: 300 sec this turn | 300 sec total\n|\n|t:|1783542784\n|move|p2a: Bellossom|Giga Drain|p1a: Appletun\n|-resisted|p1a: Appletun\n|-damage|p1a: Appletun|131/352\n|move|p1a: Appletun|Recover|p1a: Appletun\n|-heal|p1a: Appletun|307/352\n|\n|-heal|p1a: Appletun|329/352|[from] item: Leftovers\n|upkeep\n|turn|19\n|inactive|Time left: 300 sec this turn | 300 sec total\n|\n|t:|1783542785\n|move|p2a: Bellossom|Giga Drain|p1a: Appletun\n|-resisted|p1a: Appletun\n|-damage|p1a: Appletun|174/352\n|move|p1a: Appletun|Apple Acid|p2a: Bellossom\n|-resisted|p2a: Bellossom\n|-damage|p2a: Bellossom|84/100\n|-unboost|p2a: Bellossom|spd|1\n|\n|-heal|p2a: Bellossom|90/100|[from] item: Leftovers\n|-heal|p1a: Appletun|196/352|[from] item: Leftovers\n|upkeep\n|turn|20\n|inactive|Time left: 300 sec this turn | 300 sec total\n|\n|t:|1783542786\n|move|p2a: Bellossom|Giga Drain|p1a: Appletun\n|-resisted|p1a: Appletun\n|-damage|p1a: Appletun|52/352\n|-heal|p2a: Bellossom|100/100|[from] drain|[of] p1a: Appletun\n|move|p1a: Appletun|Recover|p1a: Appletun\n|-heal|p1a: Appletun|228/352\n|\n|-heal|p1a: Appletun|250/352|[from] item: Leftovers\n|upkeep\n|turn|21\n|inactive|Time left: 300 sec this turn | 300 sec total\n|\n|t:|1783542788\n|move|p2a: Bellossom|Giga Drain|p1a: Appletun\n|-resisted|p1a: Appletun\n|-damage|p1a: Appletun|100/352\n|move|p1a: Appletun|Recover|p1a: Appletun\n|-heal|p1a: Appletun|276/352\n|\n|-heal|p1a: Appletun|298/352|[from] item: Leftovers\n|upkeep\n|turn|22\n|inactive|Time left: 300 sec this turn | 300 sec total\n|\n|t:|1783542789\n|move|p2a: Bellossom|Giga Drain|p1a: Appletun\n|-resisted|p1a: Appletun\n|-damage|p1a: Appletun|155/352\n|move|p1a: Appletun|Apple Acid|p2a: Bellossom\n|-resisted|p2a: Bellossom\n|-damage|p2a: Bellossom|74/100\n|-unboost|p2a: Bellossom|spd|1\n|\n|-heal|p2a: Bellossom|80/100|[from] item: Leftovers\n|-heal|p1a: Appletun|177/352|[from] item: Leftovers\n|upkeep\n|turn|23\n|inactive|Time left: 300 sec this turn | 300 sec total\n|\n|t:|1783542790\n|move|p2a: Bellossom|Giga Drain|p1a: Appletun\n|-resisted|p1a: Appletun\n|-crit|p1a: Appletun\n|-damage|p1a: Appletun|0 fnt\n|-heal|p2a: Bellossom|100/100|[from] drain|[of] p1a: Appletun\n|faint|p1a: Appletun\n|\n|upkeep\n|inactive|Time left: 300 sec this turn | 300 sec total | 5 sec grace\n|\n|t:|1783542791\n|switch|p1a: Porygon2|Porygon2, L81|270/270\n|-ability|p1a: Porygon2|Download|boost\n|-boost|p1a: Porygon2|spa|1\n|turn|24\n|inactive|Time left: 300 sec this turn | 300 sec total\n|\n|t:|1783542792\n|-terastallize|p2a: Bellossom|Poison\n|move|p2a: Bellossom|Giga Drain|p1a: Porygon2\n|-damage|p1a: Porygon2|74/270\n|move|p1a: Porygon2|Recover|p1a: Porygon2\n|-heal|p1a: Porygon2|209/270\n|\n|upkeep\n|turn|25\n|inactive|Time left: 300 sec this turn | 300 sec total\n|\n|t:|1783542793\n|move|p2a: Bellossom|Sludge Bomb|p1a: Porygon2\n|-damage|p1a: Porygon2|0 fnt\n|faint|p1a: Porygon2\n|\n|upkeep\n|inactive|Time left: 300 sec this turn | 300 sec total | 5 sec grace\n|\n|t:|1783542794\n|switch|p1a: Gothitelle|Gothitelle, L90, F|272/272\n|turn|26\n|inactive|Time left: 300 sec this turn | 300 sec total\n|\n|t:|1783542795\n|move|p2a: Bellossom|Sludge Bomb|p1a: Gothitelle\n|-damage|p1a: Gothitelle|0 fnt\n|faint|p1a: Gothitelle\n|\n|upkeep\n|inactive|Time left: 300 sec this turn | 300 sec total | 5 sec grace\n|\n|t:|1783542796\n|switch|p1a: Stantler|Stantler, L92, F|284/284\n|-ability|p1a: Stantler|Intimidate|boost\n|-unboost|p2a: Bellossom|atk|1\n|turn|27\n|inactive|Time left: 300 sec this turn | 300 sec total\n|\n|t:|1783542798\n|move|p2a: Bellossom|Sludge Bomb|p1a: Stantler\n|-damage|p1a: Stantler|26/284\n|move|p1a: Stantler|Earthquake|p2a: Bellossom\n|-supereffective|p2a: Bellossom\n|-damage|p2a: Bellossom|47/100\n|\n|-heal|p2a: Bellossom|53/100|[from] item: Leftovers\n|upkeep\n|turn|28\n|inactive|Time left: 300 sec this turn | 300 sec total\n|\n|t:|1783542799\n|move|p2a: Bellossom|Giga Drain|p1a: Stantler\n|-damage|p1a: Stantler|0 fnt\n|-heal|p2a: Bellossom|58/100|[from] drain|[of] p1a: Stantler\n|faint|p1a: Stantler\n|\n|-heal|p2a: Bellossom|64/100|[from] item: Leftovers\n|upkeep\n|inactive|Time left: 300 sec this turn | 300 sec total | 5 sec grace\n|\n|t:|1783542800\n|switch|p1a: Galvantula|Galvantula, L82, F|249/249\n|turn|29\n|inactive|Time left: 300 sec this turn | 300 sec total\n|\n|t:|1783542801\n|move|p2a: Bellossom|Sludge Bomb|p1a: Galvantula\n|-damage|p1a: Galvantula|0 fnt\n|faint|p1a: Galvantula\n|\n|win|p0y274dc3c", "uploadtime": 1783542801, "views": 0, "rating": 0, "private": 0, "password": null, "_winner": "p0y274dc3c", "_our_name": "p0x274b02b"}