{"id": "battle-gen9randombattle-2151", "formatid": "gen9randombattle", "format": "[Gen 9] Random Battle", "players": ["p0x21517528", "p0y215133db"], "log": "|init|battle\n|title|p0x21517528 vs. p0y215133db\n|j|\u2606p0x21517528\n|j|\u2606p0y215133db\n|t:|1783564874\n|gametype|singles\n|player|p1|p0x21517528|265|\n|player|p2|p0y215133db|266|\n|gen|9\n|tier|[Gen 9] Random Battle\n|rule|Species Clause: Limit one of each Pok\u00e9mon\n|rule|HP Percentage Mod: HP is shown in percentages\n|rule|Sleep Clause Mod: Limit one foe put to sleep\n|rule|Illusion Level Mod: Illusion disguises the Pok\u00e9mon's true level\n|\n|t:|1783564874\n|teamsize|p1|6\n|teamsize|p2|6\n|start\n|switch|p1a: Noctowl|Noctowl, L95, M|100/100\n|switch|p2a: Avalugg|Avalugg-Hisui, L90, F|317/317\n|turn|1\n|inactive|Battle timer is ON: inactive players will automatically lose when time's up. (requested by p0x21517528)\n|inactive|Time left: 300 sec this turn | 300 sec total | 60 sec grace\n|inactive|p0y215133db also wants the timer to be on.\n|\n|t:|1783564876\n|switch|p1a: Iron Crown|Iron Crown, L78|100/100\n|move|p2a: Avalugg|Stone Edge|p1a: Iron Crown\n|-resisted|p1a: Iron Crown\n|-damage|p1a: Iron Crown|74/100\n|\n|-heal|p1a: Iron Crown|80/100|[from] item: Leftovers\n|upkeep\n|turn|2\n|inactive|Time left: 300 sec this turn | 300 sec total\n|\n|t:|1783564877\n|switch|p2a: Trevenant|Trevenant, L89, M|296/296\n|move|p1a: Iron Crown|Tachyon Cutter|p2a: Trevenant\n|-damage|p2a: Trevenant|244/296\n|-damage|p2a: Trevenant|190/296\n|-hitcount|p2a: Trevenant|2\n|\n|-heal|p1a: Iron Crown|86/100|[from] item: Leftovers\n|upkeep\n|turn|3\n|inactive|Time left: 300 sec this turn | 300 sec total\n|\n|t:|1783564878\n|-end|p1a: Iron Crown|Quark Drive|[silent]\n|switch|p1a: Noctowl|Noctowl, L95, M|100/100\n|move|p2a: Trevenant|Poltergeist|p1a: Noctowl\n|-immune|p1a: Noctowl\n|\n|upkeep\n|turn|4\n|inactive|Time left: 300 sec this turn | 300 sec total\n|\n|t:|1783564880\n|move|p1a: Noctowl|Hurricane|p2a: Trevenant\n|-supereffective|p2a: Trevenant\n|-damage|p2a: Trevenant|0 fnt\n|faint|p2a: Trevenant\n|\n|upkeep\n|inactive|Time left: 300 sec this turn | 300 sec total | 5 sec grace\n|\n|t:|1783564881\n|switch|p2a: Lycanroc|Lycanroc-Midnight, L89, F|296/296\n|turn|5\n|inactive|Time left: 300 sec this turn | 300 sec total\n|\n|t:|1783564882\n|switch|p1a: Iron Crown|Iron Crown, L78|86/100\n|move|p2a: Lycanroc|Stone Edge|p1a: Iron Crown\n|-resisted|p1a: Iron Crown\n|-damage|p1a: Iron Crown|55/100\n|-damage|p2a: Lycanroc|267/296|[from] item: Life Orb\n|\n|-heal|p1a: Iron Crown|61/100|[from] item: Leftovers\n|upkeep\n|turn|6\n|inactive|Time left: 300 sec this turn | 300 sec total\n|\n|t:|1783564883\n|-terastallize|p2a: Lycanroc|Fighting\n|move|p1a: Iron Crown|Tachyon Cutter|p2a: Lycanroc\n|-damage|p2a: Lycanroc|203/296\n|-damage|p2a: Lycanroc|137/296\n|-hitcount|p2a: Lycanroc|2\n|move|p2a: Lycanroc|Close Combat|p1a: Iron Crown\n|-damage|p1a: Iron Crown|0 fnt\n|-unboost|p2a: Lycanroc|def|1\n|-unboost|p2a: Lycanroc|spd|1\n|faint|p1a: Iron Crown\n|-end|p1a: Iron Crown|Quark Drive|[silent]\n|-damage|p2a: Lycanroc|108/296|[from] item: Life Orb\n|\n|upkeep\n|\n|t:|1783564884\n|switch|p1a: Mienshao|Mienshao, L83, M|100/100\n|turn|7\n|inactive|Time left: 300 sec this turn | 300 sec total\n|\n|t:|1783564885\n|switch|p2a: Giratina|Giratina, L75|349/349\n|-ability|p2a: Giratina|Pressure\n|move|p1a: Mienshao|Triple Axel|p2a: Giratina\n|-supereffective|p2a: Giratina\n|-damage|p2a: Giratina|305/349\n|-supereffective|p2a: Giratina\n|-damage|p2a: Giratina|230/349\n|-hitcount|p2a: Giratina|2\n|-damage|p1a: Mienshao|91/100|[from] item: Life Orb\n|\n|-heal|p2a: Giratina|251/349|[from] item: Leftovers\n|upkeep\n|turn|8\n|inactive|Time left: 300 sec this turn | 300 sec total\n|\n|t:|1783564886\n|move|p1a: Mienshao|Knock Off|p2a: Giratina\n|-supereffective|p2a: Giratina\n|-damage|p2a: Giratina|56/349\n|-enditem|p2a: Giratina|Leftovers|[from] move: Knock Off|[of] p1a: Mienshao\n|-damage|p1a: Mienshao|81/100|[from] item: Life Orb\n|move|p2a: Giratina|Will-O-Wisp|p1a: Mienshao\n|-status|p1a: Mienshao|brn\n|\n|-damage|p1a: Mienshao|75/100 brn|[from] brn\n|upkeep\n|turn|9\n|inactive|Time left: 300 sec this turn | 300 sec total\n|\n|t:|1783564888\n|move|p1a: Mienshao|Swords Dance|p1a: Mienshao\n|-boost|p1a: Mienshao|atk|2\n|move|p2a: Giratina|Rest|p2a: Giratina\n|-status|p2a: Giratina|slp|[from] move: Rest\n|-heal|p2a: Giratina|349/349 slp|[silent]\n|\n|-damage|p1a: Mienshao|69/100 brn|[from] brn\n|upkeep\n|turn|10\n|inactive|Time left: 300 sec this turn | 300 sec total\n|\n|t:|1783564889\n|switch|p2a: Weezing|Weezing, L88, M|258/258\n|move|p1a: Mienshao|Triple Axel|p2a: Weezing\n|-damage|p2a: Weezing|241/258\n|-damage|p2a: Weezing|210/258\n|-damage|p2a: Weezing|157/258\n|-hitcount|p2a: Weezing|3\n|-damage|p1a: Mienshao|59/100 brn|[from] item: Life Orb\n|\n|-heal|p2a: Weezing|173/258|[from] item: Leftovers\n|-damage|p1a: Mienshao|53/100 brn|[from] brn\n|upkeep\n|turn|11\n|inactive|Time left: 300 sec this turn | 300 sec total\n|\n|t:|1783564890\n|move|p1a: Mienshao|Knock Off|p2a: Weezing\n|-damage|p2a: Weezing|96/258\n|-enditem|p2a: Weezing|Leftovers|[from] move: Knock Off|[of] p1a: Mienshao\n|-damage|p1a: Mienshao|43/100 brn|[from] item: Life Orb\n|move|p2a: Weezing|Sludge Bomb|p1a: Mienshao\n|-damage|p1a: Mienshao|0 fnt\n|faint|p1a: Mienshao\n|\n|upkeep\n|\n|t:|1783564891\n|switch|p1a: Noctowl|Noctowl, L95, M|100/100\n|turn|12\n|inactive|Time left: 300 sec this turn | 300 sec total\n|\n|t:|1783564892\n|switch|p2a: Oinkologne|Oinkologne-F, L92, F|361/361\n|move|p1a: Noctowl|Hyper Voice|p2a: Oinkologne\n|-damage|p2a: Oinkologne|255/361\n|\n|-heal|p2a: Oinkologne|277/361|[from] item: Leftovers\n|upkeep\n|turn|13\n|inactive|Time left: 300 sec this turn | 300 sec total\n|\n|t:|1783564893\n|move|p1a: Noctowl|Hurricane|p2a: Oinkologne|[miss]\n|-miss|p1a: Noctowl|p2a: Oinkologne\n|move|p2a: Oinkologne|Body Slam|p1a: Noctowl\n|-damage|p1a: Noctowl|62/100\n|-status|p1a: Noctowl|par\n|\n|-heal|p2a: Oinkologne|299/361|[from] item: Leftovers\n|upkeep\n|turn|14\n|inactive|Time left: 300 sec this turn | 300 sec total\n|\n|t:|1783564894\n|move|p2a: Oinkologne|Body Slam|p1a: Noctowl\n|-damage|p1a: Noctowl|21/100 par\n|cant|p1a: Noctowl|par\n|\n|-heal|p2a: Oinkologne|321/361|[from] item: Leftovers\n|upkeep\n|turn|15\n|inactive|Time left: 300 sec this turn | 300 sec total\n|\n|t:|1783564895\n|move|p2a: Oinkologne|Body Slam|p1a: Noctowl\n|-damage|p1a: Noctowl|0 fnt\n|faint|p1a: Noctowl\n|\n|-heal|p2a: Oinkologne|343/361|[from] item: Leftovers\n|upkeep\n|\n|t:|1783564896\n|switch|p1a: Lycanroc|Lycanroc-Dusk, L81, M|100/100\n|turn|16\n|inactive|Time left: 300 sec this turn | 300 sec total\n|\n|t:|1783564897\n|switch|p2a: Weezing|Weezing, L88, M|96/258\n|move|p1a: Lycanroc|Swords Dance|p1a: Lycanroc\n|-boost|p1a: Lycanroc|atk|2\n|\n|upkeep\n|turn|17\n|inactive|Time left: 300 sec this turn | 300 sec total\n|\n|t:|1783564898\n|move|p1a: Lycanroc|Stone Edge|p2a: Weezing\n|-damage|p2a: Weezing|0 fnt\n|faint|p2a: Weezing\n|-damage|p1a: Lycanroc|91/100|[from] item: Life Orb\n|\n|upkeep\n|inactive|Time left: 300 sec this turn | 300 sec total | 5 sec grace\n|\n|t:|1783564899\n|switch|p2a: Avalugg|Avalugg-Hisui, L90, F|317/317\n|turn|18\n|inactive|Time left: 300 sec this turn | 300 sec total\n|\n|t:|1783564900\n|move|p1a: Lycanroc|Close Combat|p2a: Avalugg\n|-supereffective|p2a: Avalugg\n|-ability|p2a: Avalugg|Sturdy\n|-damage|p2a: Avalugg|1/317\n|-unboost|p1a: Lycanroc|def|1\n|-unboost|p1a: Lycanroc|spd|1\n|-damage|p1a: Lycanroc|81/100|[from] item: Life Orb\n|move|p2a: Avalugg|Avalanche|p1a: Lycanroc\n|-damage|p1a: Lycanroc|0 fnt\n|faint|p1a: Lycanroc\n|\n|upkeep\n|\n|t:|1783564900\n|switch|p1a: Piloswine|Piloswine, L85, F|100/100\n|turn|19\n|inactive|Time left: 300 sec this turn | 300 sec total\n|\n|t:|1783564901\n|switch|p2a: Oinkologne|Oinkologne-F, L92, F|343/361\n|move|p1a: Piloswine|Earthquake|p2a: Oinkologne\n|-damage|p2a: Oinkologne|226/361\n|\n|-heal|p2a: Oinkologne|248/361|[from] item: Leftovers\n|upkeep\n|turn|20\n|inactive|Time left: 300 sec this turn | 300 sec total\n|\n|t:|1783564902\n|move|p2a: Oinkologne|Body Slam|p1a: Piloswine\n|-damage|p1a: Piloswine|79/100\n|-status|p1a: Piloswine|par\n|cant|p1a: Piloswine|par\n|\n|-heal|p2a: Oinkologne|270/361|[from] item: Leftovers\n|upkeep\n|turn|21\n|inactive|Time left: 300 sec this turn | 300 sec total\n|\n|t:|1783564903\n|move|p2a: Oinkologne|Curse|p2a: Oinkologne\n|-unboost|p2a: Oinkologne|spe|1\n|-boost|p2a: Oinkologne|atk|1\n|-boost|p2a: Oinkologne|def|1\n|move|p1a: Piloswine|Earthquake|p2a: Oinkologne\n|-damage|p2a: Oinkologne|191/361\n|\n|-heal|p2a: Oinkologne|213/361|[from] item: Leftovers\n|upkeep\n|turn|22\n|inactive|Time left: 300 sec this turn | 300 sec total\n|\n|t:|1783564904\n|move|p2a: Oinkologne|Body Slam|p1a: Piloswine\n|-damage|p1a: Piloswine|42/100 par\n|move|p1a: Piloswine|Roar|p2a: Oinkologne\n|drag|p2a: Avalugg|Avalugg-Hisui, L90, F|1/317\n|\n|upkeep\n|turn|23\n|inactive|Time left: 300 sec this turn | 300 sec total\n|\n|t:|1783564905\n|cant|p1a: Piloswine|par\n|move|p2a: Avalugg|Recover|p2a: Avalugg\n|-heal|p2a: Avalugg|160/317\n|\n|upkeep\n|turn|24\n|inactive|Time left: 300 sec this turn | 300 sec total\n|\n|t:|1783564906\n|move|p2a: Avalugg|Recover|p2a: Avalugg\n|-heal|p2a: Avalugg|317/317\n|move|p1a: Piloswine|Earthquake|p2a: Avalugg\n|-supereffective|p2a: Avalugg\n|-damage|p2a: Avalugg|209/317\n|\n|upkeep\n|turn|25\n|inactive|Time left: 300 sec this turn | 300 sec total\n|\n|t:|1783564907\n|move|p2a: Avalugg|Recover|p2a: Avalugg\n|-heal|p2a: Avalugg|317/317\n|cant|p1a: Piloswine|par\n|\n|upkeep\n|turn|26\n|inactive|Time left: 300 sec this turn | 300 sec total\n|\n|t:|1783564908\n|switch|p1a: Illumise|Illumise, L91, F|100/100\n|move|p2a: Avalugg|Stone Edge|p1a: Illumise|[miss]\n|-miss|p2a: Avalugg|p1a: Illumise\n|\n|upkeep\n|turn|27\n|inactive|Time left: 300 sec this turn | 300 sec total\n|\n|t:|1783564909\n|move|p1a: Illumise|Bug Buzz|p2a: Avalugg\n|-damage|p2a: Avalugg|161/317\n|move|p2a: Avalugg|Stone Edge|p1a: Illumise\n|-supereffective|p1a: Illumise\n|-damage|p1a: Illumise|0 fnt\n|faint|p1a: Illumise\n|\n|upkeep\n|\n|t:|1783564909\n|switch|p1a: Piloswine|Piloswine, L85, F|42/100 par\n|turn|28\n|inactive|Time left: 300 sec this turn | 300 sec total\n|\n|t:|1783564910\n|move|p2a: Avalugg|Stone Edge|p1a: Piloswine\n|-damage|p1a: Piloswine|5/100 par\n|move|p1a: Piloswine|Roar|p2a: Avalugg\n|drag|p2a: Giratina|Giratina, L75|349/349 slp\n|-ability|p2a: Giratina|Pressure\n|\n|upkeep\n|turn|29\n|inactive|Time left: 300 sec this turn | 300 sec total\n|\n|t:|1783564911\n|switch|p2a: Avalugg|Avalugg-Hisui, L90, F|161/317\n|move|p1a: Piloswine|Roar|p2a: Avalugg\n|drag|p2a: Oinkologne|Oinkologne-F, L92, F|213/361\n|\n|-heal|p2a: Oinkologne|235/361|[from] item: Leftovers\n|upkeep\n|turn|30\n|inactive|Time left: 300 sec this turn | 300 sec total\n|\n|t:|1783564912\n|move|p1a: Piloswine|Ice Shard|p2a: Oinkologne\n|-crit|p2a: Oinkologne\n|-damage|p2a: Oinkologne|196/361\n|move|p2a: Oinkologne|Body Slam|p1a: Piloswine\n|-damage|p1a: Piloswine|0 fnt\n|faint|p1a: Piloswine\n|\n|win|p0y215133db", "uploadtime": 1783564912, "views": 0, "rating": 0, "private": 0, "password": null, "_winner": "p0y215133db", "_our_name": "p0y215133db"}