{"id": "battle-gen9randombattle-99", "formatid": "gen9randombattle", "format": "[Gen 9] Random Battle", "players": ["p0x099d792", "p0y099ce2f"], "log": "|init|battle\n|title|p0x099d792 vs. p0y099ce2f\n|j|\u2606p0x099d792\n|j|\u2606p0y099ce2f\n|t:|1783540649\n|gametype|singles\n|player|p1|p0x099d792|169|\n|player|p2|p0y099ce2f|265|\n|gen|9\n|tier|[Gen 9] Random Battle\n|rule|Species Clause: Limit one of each Pok\u00e9mon\n|rule|HP Percentage Mod: HP is shown in percentages\n|rule|Sleep Clause Mod: Limit one foe put to sleep\n|rule|Illusion Level Mod: Illusion disguises the Pok\u00e9mon's true level\n|\n|t:|1783540649\n|teamsize|p1|6\n|teamsize|p2|6\n|start\n|switch|p1a: Kyurem|Kyurem, L77|100/100\n|switch|p2a: Ditto|Ditto, L87|225/225\n|-transform|p2a: Ditto|p1a: Kyurem|[from] ability: Imposter\n|-ability|p2a: Ditto|Pressure\n|-ability|p1a: Kyurem|Pressure\n|turn|1\n|inactive|Battle timer is ON: inactive players will automatically lose when time's up. (requested by p0x099d792)\n|inactive|Time left: 300 sec this turn | 300 sec total | 60 sec grace\n|inactive|p0y099ce2f also wants the timer to be on.\n|\n|t:|1783540651\n|switch|p2a: Flutter Mane|Flutter Mane, L74|203/203\n|move|p1a: Kyurem|Outrage|p2a: Flutter Mane\n|-immune|p2a: Flutter Mane\n|\n|upkeep\n|turn|2\n|inactive|Time left: 300 sec this turn | 300 sec total\n|\n|t:|1783540652\n|move|p2a: Flutter Mane|Moonblast|p1a: Kyurem\n|-supereffective|p1a: Kyurem\n|-damage|p1a: Kyurem|5/100\n|move|p1a: Kyurem|Outrage|p2a: Flutter Mane\n|-immune|p2a: Flutter Mane\n|\n|upkeep\n|turn|3\n|inactive|Time left: 300 sec this turn | 300 sec total\n|\n|t:|1783540653\n|move|p2a: Flutter Mane|Moonblast|p1a: Kyurem\n|-supereffective|p1a: Kyurem\n|-damage|p1a: Kyurem|0 fnt\n|faint|p1a: Kyurem\n|\n|upkeep\n|\n|t:|1783540654\n|switch|p1a: Ribombee|Ribombee, L83, M|100/100\n|turn|4\n|inactive|Time left: 300 sec this turn | 300 sec total\n|\n|t:|1783540655\n|move|p1a: Ribombee|Sticky Web|p2a: Flutter Mane\n|-sidestart|p2: p0y099ce2f|move: Sticky Web\n|move|p2a: Flutter Mane|Moonblast|p1a: Ribombee\n|-damage|p1a: Ribombee|28/100\n|\n|upkeep\n|turn|5\n|inactive|Time left: 300 sec this turn | 300 sec total\n|\n|t:|1783540656\n|move|p1a: Ribombee|Moonblast|p2a: Flutter Mane\n|-damage|p2a: Flutter Mane|121/203\n|move|p2a: Flutter Mane|Moonblast|p1a: Ribombee\n|-crit|p1a: Ribombee\n|-damage|p1a: Ribombee|0 fnt\n|faint|p1a: Ribombee\n|\n|upkeep\n|\n|t:|1783540657\n|switch|p1a: Electivire|Electivire, L84, M|100/100\n|turn|6\n|inactive|Time left: 300 sec this turn | 300 sec total\n|\n|t:|1783540658\n|move|p2a: Flutter Mane|Moonblast|p1a: Electivire\n|-damage|p1a: Electivire|43/100\n|move|p1a: Electivire|Supercell Slam|p2a: Flutter Mane|[miss]\n|-miss|p1a: Electivire|p2a: Flutter Mane\n|-damage|p1a: Electivire|0 fnt|[from] supercellslam\n|faint|p1a: Electivire\n|\n|upkeep\n|\n|t:|1783540659\n|switch|p1a: Appletun|Appletun, L92, F|100/100\n|turn|7\n|inactive|Time left: 300 sec this turn | 300 sec total\n|\n|t:|1783540660\n|-terastallize|p1a: Appletun|Steel\n|move|p2a: Flutter Mane|Moonblast|p1a: Appletun\n|-resisted|p1a: Appletun\n|-damage|p1a: Appletun|80/100\n|-unboost|p1a: Appletun|spa|1\n|move|p1a: Appletun|Apple Acid|p2a: Flutter Mane\n|-damage|p2a: Flutter Mane|67/203\n|-unboost|p2a: Flutter Mane|spd|1\n|\n|-heal|p1a: Appletun|86/100|[from] item: Leftovers\n|upkeep\n|turn|8\n|inactive|Time left: 300 sec this turn | 300 sec total\n|\n|t:|1783540661\n|move|p2a: Flutter Mane|Moonblast|p1a: Appletun\n|-resisted|p1a: Appletun\n|-damage|p1a: Appletun|63/100\n|move|p1a: Appletun|Apple Acid|p2a: Flutter Mane\n|-damage|p2a: Flutter Mane|0 fnt\n|faint|p2a: Flutter Mane\n|-end|p2a: Flutter Mane|Protosynthesis|[silent]\n|\n|-heal|p1a: Appletun|70/100|[from] item: Leftovers\n|upkeep\n|inactive|Time left: 300 sec this turn | 300 sec total | 5 sec grace\n|\n|t:|1783540662\n|switch|p2a: Sunflora|Sunflora, M|312/312\n|-activate|p2a: Sunflora|move: Sticky Web\n|-unboost|p2a: Sunflora|spe|1\n|turn|9\n|inactive|Time left: 300 sec this turn | 300 sec total\n|\n|t:|1783540664\n|move|p1a: Appletun|Recover|p1a: Appletun\n|-heal|p1a: Appletun|100/100\n|move|p2a: Sunflora|Earth Power|p1a: Appletun\n|-supereffective|p1a: Appletun\n|-damage|p1a: Appletun|25/100\n|\n|-heal|p1a: Appletun|31/100|[from] item: Leftovers\n|upkeep\n|turn|10\n|inactive|Time left: 300 sec this turn | 300 sec total\n|\n|t:|1783540665\n|switch|p1a: Swanna|Swanna, L89, M|100/100\n|move|p2a: Sunflora|Earth Power|p1a: Swanna\n|-immune|p1a: Swanna\n|\n|upkeep\n|turn|11\n|inactive|Time left: 300 sec this turn | 300 sec total\n|\n|t:|1783540666\n|switch|p2a: Overqwil|Overqwil, L82, M|274/274\n|-activate|p2a: Overqwil|move: Sticky Web\n|-unboost|p2a: Overqwil|spe|1\n|-ability|p2a: Overqwil|Intimidate|boost\n|-unboost|p1a: Swanna|atk|1\n|move|p1a: Swanna|Brave Bird|p2a: Overqwil\n|-damage|p2a: Overqwil|189/274\n|-damage|p1a: Swanna|90/100|[from] Recoil\n|\n|upkeep\n|turn|12\n|inactive|Time left: 300 sec this turn | 300 sec total\n|\n|t:|1783540667\n|move|p1a: Swanna|Hydro Pump|p2a: Overqwil\n|-damage|p2a: Overqwil|38/274\n|move|p2a: Overqwil|Swords Dance|p2a: Overqwil\n|-boost|p2a: Overqwil|atk|2\n|\n|upkeep\n|turn|13\n|inactive|Time left: 300 sec this turn | 300 sec total\n|\n|t:|1783540668\n|move|p1a: Swanna|Brave Bird|p2a: Overqwil\n|-damage|p2a: Overqwil|0 fnt\n|faint|p2a: Overqwil\n|-damage|p1a: Swanna|86/100|[from] Recoil\n|\n|upkeep\n|inactive|Time left: 300 sec this turn | 300 sec total | 5 sec grace\n|\n|t:|1783540669\n|switch|p2a: Frosmoth|Frosmoth, L82, F|249/249\n|turn|14\n|inactive|Time left: 300 sec this turn | 300 sec total\n|\n|t:|1783540670\n|-terastallize|p2a: Frosmoth|Ground\n|move|p1a: Swanna|Brave Bird|p2a: Frosmoth\n|-damage|p2a: Frosmoth|132/249\n|-damage|p1a: Swanna|72/100|[from] Recoil\n|move|p2a: Frosmoth|Quiver Dance|p2a: Frosmoth\n|-boost|p2a: Frosmoth|spa|1\n|-boost|p2a: Frosmoth|spd|1\n|-boost|p2a: Frosmoth|spe|1\n|\n|upkeep\n|turn|15\n|inactive|Time left: 300 sec this turn | 300 sec total\n|\n|t:|1783540671\n|move|p2a: Frosmoth|Ice Beam|p1a: Swanna\n|-damage|p1a: Swanna|5/100\n|move|p1a: Swanna|Brave Bird|p2a: Frosmoth\n|-damage|p2a: Frosmoth|23/249\n|-damage|p1a: Swanna|0 fnt|[from] Recoil\n|faint|p1a: Swanna\n|\n|upkeep\n|\n|t:|1783540672\n|switch|p1a: Luvdisc|Luvdisc, M|100/100\n|turn|16\n|inactive|Time left: 300 sec this turn | 300 sec total\n|\n|t:|1783540673\n|switch|p2a: Sunflora|Sunflora, M|312/312\n|-activate|p2a: Sunflora|move: Sticky Web\n|-unboost|p2a: Sunflora|spe|1\n|move|p1a: Luvdisc|Flip Turn|p2a: Sunflora\n|-resisted|p2a: Sunflora\n|-damage|p2a: Sunflora|286/312\n|\n|t:|1783540674\n|switch|p1a: Appletun|Appletun, L92, F, tera:Steel|31/100|[from] Flip Turn\n|\n|-heal|p1a: Appletun|37/100|[from] item: Leftovers\n|upkeep\n|turn|17\n|inactive|Time left: 300 sec this turn | 300 sec total\n|\n|t:|1783540675\n|move|p1a: Appletun|Recover|p1a: Appletun\n|-heal|p1a: Appletun|87/100\n|move|p2a: Sunflora|Earth Power|p1a: Appletun\n|-supereffective|p1a: Appletun\n|-damage|p1a: Appletun|12/100\n|\n|-heal|p1a: Appletun|18/100|[from] item: Leftovers\n|upkeep\n|turn|18\n|inactive|Time left: 300 sec this turn | 300 sec total\n|\n|t:|1783540676\n|switch|p1a: Luvdisc|Luvdisc, M|100/100\n|move|p2a: Sunflora|Earth Power|p1a: Luvdisc\n|-damage|p1a: Luvdisc|37/100\n|\n|upkeep\n|turn|19\n|inactive|Time left: 300 sec this turn | 300 sec total\n|\n|t:|1783540677\n|move|p1a: Luvdisc|Substitute|p1a: Luvdisc\n|-start|p1a: Luvdisc|Substitute\n|-damage|p1a: Luvdisc|12/100\n|move|p2a: Sunflora|Earth Power|p1a: Luvdisc\n|-end|p1a: Luvdisc|Substitute\n|\n|upkeep\n|turn|20\n|inactive|Time left: 300 sec this turn | 300 sec total\n|\n|t:|1783540678\n|move|p1a: Luvdisc|Endeavor|p2a: Sunflora\n|-damage|p2a: Sunflora|28/312\n|move|p2a: Sunflora|Earth Power|p1a: Luvdisc\n|-damage|p1a: Luvdisc|0 fnt\n|faint|p1a: Luvdisc\n|\n|upkeep\n|\n|t:|1783540679\n|switch|p1a: Appletun|Appletun, L92, F, tera:Steel|18/100\n|turn|21\n|inactive|Time left: 300 sec this turn | 300 sec total\n|\n|t:|1783540680\n|move|p1a: Appletun|Apple Acid|p2a: Sunflora\n|-resisted|p2a: Sunflora\n|-damage|p2a: Sunflora|0 fnt\n|faint|p2a: Sunflora\n|\n|-heal|p1a: Appletun|24/100|[from] item: Leftovers\n|upkeep\n|inactive|Time left: 300 sec this turn | 300 sec total | 5 sec grace\n|\n|t:|1783540681\n|switch|p2a: Frosmoth|Frosmoth, L82, F, tera:Ground|23/249\n|turn|22\n|inactive|Time left: 300 sec this turn | 300 sec total\n|\n|t:|1783540682\n|move|p2a: Frosmoth|Tera Blast|p1a: Appletun|[anim] Tera Blast Ground\n|-supereffective|p1a: Appletun\n|-damage|p1a: Appletun|0 fnt\n|faint|p1a: Appletun\n|\n|win|p0y099ce2f", "uploadtime": 1783540682, "views": 0, "rating": 0, "private": 0, "password": null, "_winner": "p0y099ce2f", "_our_name": "p0y099ce2f"}