{"id": "battle-gen9randombattle-261", "formatid": "gen9randombattle", "format": "[Gen 9] Random Battle", "players": ["p0x2608c32", "p0y260c6e3"], "log": "|init|battle\n|title|p0x2608c32 vs. p0y260c6e3\n|j|\u2606p0x2608c32\n|j|\u2606p0y260c6e3\n|t:|1783536298\n|gametype|singles\n|player|p1|p0x2608c32|265|\n|player|p2|p0y260c6e3|169|\n|gen|9\n|tier|[Gen 9] Random Battle\n|rule|Species Clause: Limit one of each Pok\u00e9mon\n|rule|HP Percentage Mod: HP is shown in percentages\n|rule|Sleep Clause Mod: Limit one foe put to sleep\n|rule|Illusion Level Mod: Illusion disguises the Pok\u00e9mon's true level\n|\n|t:|1783536298\n|teamsize|p1|6\n|teamsize|p2|6\n|start\n|switch|p1a: Toxtricity|Toxtricity, L82, M|257/257\n|switch|p2a: Froslass|Froslass, L87, F|100/100\n|turn|1\n|inactive|Battle timer is ON: inactive players will automatically lose when time's up. (requested by p0x2608c32)\n|inactive|p0y260c6e3 also wants the timer to be on.\n|\n|t:|1783536299\n|move|p2a: Froslass|Triple Axel|p1a: Toxtricity\n|-damage|p1a: Toxtricity|235/257\n|-damage|p1a: Toxtricity|189/257\n|-damage|p1a: Toxtricity|116/257\n|-hitcount|p1a: Toxtricity|3\n|move|p1a: Toxtricity|Overdrive|p2a: Froslass\n|-crit|p2a: Froslass\n|-damage|p2a: Froslass|25/100\n|-start|p1a: Toxtricity|Disable|Overdrive|[from] ability: Cursed Body|[of] p2a: Froslass\n|-enditem|p1a: Toxtricity|Throat Spray\n|-boost|p1a: Toxtricity|spa|1|[from] item: Throat Spray\n|\n|upkeep\n|turn|2\n|inactive|Time left: 300 sec this turn | 300 sec total\n|\n|t:|1783536300\n|switch|p1a: Ampharos|Ampharos, L88, M|302/302\n|move|p2a: Froslass|Triple Axel|p1a: Ampharos\n|-damage|p1a: Ampharos|281/302\n|-damage|p1a: Ampharos|241/302\n|-damage|p1a: Ampharos|184/302\n|-hitcount|p1a: Ampharos|3\n|\n|upkeep\n|turn|3\n|inactive|Time left: 300 sec this turn | 300 sec total\n|\n|t:|1783536301\n|move|p2a: Froslass|Destiny Bond|p2a: Froslass\n|-singlemove|p2a: Froslass|Destiny Bond\n|move|p1a: Ampharos|Thunderbolt|p2a: Froslass\n|-damage|p2a: Froslass|0 fnt\n|faint|p2a: Froslass\n|-activate|p2a: Froslass|move: Destiny Bond\n|faint|p1a: Ampharos\n|\n|upkeep\n|inactive|Time left: 300 sec this turn | 300 sec total | 5 sec grace\n|\n|t:|1783536302\n|switch|p2a: Glaceon|Glaceon, L94, M|100/100\n|switch|p1a: Exeggutor|Exeggutor-Alola, L89, F|314/314\n|turn|4\n|inactive|Time left: 300 sec this turn | 300 sec total\n|\n|t:|1783536303\n|-terastallize|p1a: Exeggutor|Steel\n|move|p2a: Glaceon|Freeze-Dry|p1a: Exeggutor\n|-resisted|p1a: Exeggutor\n|-damage|p1a: Exeggutor|249/314\n|-status|p1a: Exeggutor|frz\n|-curestatus|p1a: Exeggutor|frz|[msg]\n|move|p1a: Exeggutor|Calm Mind|p1a: Exeggutor\n|-boost|p1a: Exeggutor|spa|1\n|-boost|p1a: Exeggutor|spd|1\n|\n|upkeep\n|turn|5\n|inactive|Time left: 300 sec this turn | 300 sec total\n|\n|t:|1783536304\n|move|p2a: Glaceon|Protect|p2a: Glaceon\n|-singleturn|p2a: Glaceon|Protect\n|move|p1a: Exeggutor|Giga Drain|p2a: Glaceon\n|-activate|p2a: Glaceon|move: Protect\n|\n|upkeep\n|turn|6\n|inactive|Time left: 300 sec this turn | 300 sec total\n|\n|t:|1783536305\n|move|p2a: Glaceon|Mud Shot|p1a: Exeggutor\n|-supereffective|p1a: Exeggutor\n|-damage|p1a: Exeggutor|157/314\n|-unboost|p1a: Exeggutor|spe|1\n|-enditem|p1a: Exeggutor|Sitrus Berry|[eat]\n|-heal|p1a: Exeggutor|235/314|[from] item: Sitrus Berry\n|move|p1a: Exeggutor|Giga Drain|p2a: Glaceon\n|-crit|p2a: Glaceon\n|-damage|p2a: Glaceon|32/100\n|-heal|p1a: Exeggutor|314/314|[from] drain|[of] p2a: Glaceon\n|\n|upkeep\n|turn|7\n|inactive|Time left: 300 sec this turn | 300 sec total\n|\n|t:|1783536306\n|move|p2a: Glaceon|Protect|p2a: Glaceon\n|-singleturn|p2a: Glaceon|Protect\n|move|p1a: Exeggutor|Giga Drain|p2a: Glaceon\n|-activate|p2a: Glaceon|move: Protect\n|\n|upkeep\n|turn|8\n|inactive|Time left: 300 sec this turn | 300 sec total\n|\n|t:|1783536307\n|move|p2a: Glaceon|Mud Shot|p1a: Exeggutor\n|-supereffective|p1a: Exeggutor\n|-damage|p1a: Exeggutor|230/314\n|-unboost|p1a: Exeggutor|spe|1\n|move|p1a: Exeggutor|Dragon Pulse|p2a: Glaceon\n|-damage|p2a: Glaceon|0 fnt\n|faint|p2a: Glaceon\n|\n|-item|p1a: Exeggutor|Sitrus Berry|[from] ability: Harvest\n|upkeep\n|\n|t:|1783536308\n|switch|p2a: Excadrill|Excadrill, L79, M|100/100\n|-ability|p2a: Excadrill|Mold Breaker\n|turn|9\n|inactive|Time left: 300 sec this turn | 300 sec total\n|\n|t:|1783536309\n|switch|p1a: Ting-Lu|Ting-Lu, L78|370/370\n|-ability|p1a: Ting-Lu|Vessel of Ruin\n|move|p2a: Excadrill|Earthquake|p1a: Ting-Lu\n|-damage|p1a: Ting-Lu|277/370\n|\n|-heal|p1a: Ting-Lu|300/370|[from] item: Leftovers\n|upkeep\n|turn|10\n|inactive|Time left: 300 sec this turn | 300 sec total\n|\n|t:|1783536310\n|move|p2a: Excadrill|Iron Head|p1a: Ting-Lu\n|-damage|p1a: Ting-Lu|216/370\n|cant|p1a: Ting-Lu|flinch\n|\n|-heal|p1a: Ting-Lu|239/370|[from] item: Leftovers\n|upkeep\n|turn|11\n|inactive|Time left: 300 sec this turn | 300 sec total\n|\n|t:|1783536312\n|-terastallize|p2a: Excadrill|Water\n|move|p2a: Excadrill|Swords Dance|p2a: Excadrill\n|-boost|p2a: Excadrill|atk|2\n|move|p1a: Ting-Lu|Earthquake|p2a: Excadrill\n|-damage|p2a: Excadrill|54/100\n|\n|-heal|p2a: Excadrill|60/100|[from] item: Leftovers\n|-heal|p1a: Ting-Lu|262/370|[from] item: Leftovers\n|upkeep\n|turn|12\n|inactive|Time left: 300 sec this turn | 300 sec total\n|\n|t:|1783536313\n|move|p2a: Excadrill|Earthquake|p1a: Ting-Lu\n|-damage|p1a: Ting-Lu|73/370\n|move|p1a: Ting-Lu|Earthquake|p2a: Excadrill\n|-damage|p2a: Excadrill|14/100\n|\n|-heal|p2a: Excadrill|20/100|[from] item: Leftovers\n|-heal|p1a: Ting-Lu|96/370|[from] item: Leftovers\n|upkeep\n|turn|13\n|inactive|Time left: 300 sec this turn | 300 sec total\n|\n|t:|1783536314\n|switch|p1a: Noctowl|Noctowl, L95, F|344/344\n|move|p2a: Excadrill|Iron Head|p1a: Noctowl\n|-damage|p1a: Noctowl|85/344\n|\n|-heal|p2a: Excadrill|26/100|[from] item: Leftovers\n|upkeep\n|turn|14\n|inactive|Time left: 300 sec this turn | 300 sec total\n|\n|t:|1783536315\n|move|p1a: Noctowl|Hyper Voice|p2a: Excadrill\n|-damage|p2a: Excadrill|0 fnt\n|faint|p2a: Excadrill\n|\n|upkeep\n|\n|t:|1783536316\n|switch|p2a: Mew|Mew, L82|100/100\n|turn|15\n|inactive|Time left: 300 sec this turn | 300 sec total\n|\n|t:|1783536317\n|move|p2a: Mew|Nasty Plot|p2a: Mew\n|-boost|p2a: Mew|spa|2\n|move|p1a: Noctowl|Roost|p1a: Noctowl\n|-heal|p1a: Noctowl|257/344\n|-singleturn|p1a: Noctowl|move: Roost\n|\n|upkeep\n|turn|16\n|inactive|Time left: 300 sec this turn | 300 sec total\n|\n|t:|1783536318\n|switch|p1a: Ting-Lu|Ting-Lu, L78|96/370\n|-ability|p1a: Ting-Lu|Vessel of Ruin\n|move|p2a: Mew|Psyshock|p1a: Ting-Lu\n|-immune|p1a: Ting-Lu\n|\n|-heal|p1a: Ting-Lu|119/370|[from] item: Leftovers\n|upkeep\n|turn|17\n|inactive|Time left: 300 sec this turn | 300 sec total\n|\n|t:|1783536319\n|move|p2a: Mew|Earth Power|p1a: Ting-Lu\n|-damage|p1a: Ting-Lu|0 fnt\n|faint|p1a: Ting-Lu\n|-damage|p2a: Mew|91/100|[from] item: Life Orb\n|\n|upkeep\n|inactive|Time left: 300 sec this turn | 300 sec total | 5 sec grace\n|\n|t:|1783536321\n|switch|p1a: Exeggutor|Exeggutor-Alola, L89, F, tera:Steel|230/314\n|turn|18\n|inactive|Time left: 300 sec this turn | 300 sec total\n|\n|t:|1783536322\n|switch|p1a: Noctowl|Noctowl, L95, F|257/344\n|move|p2a: Mew|Earth Power|p1a: Noctowl\n|-immune|p1a: Noctowl\n|\n|upkeep\n|turn|19\n|inactive|Time left: 300 sec this turn | 300 sec total\n|\n|t:|1783536323\n|switch|p1a: Exeggutor|Exeggutor-Alola, L89, F, tera:Steel|230/314\n|move|p2a: Mew|Psyshock|p1a: Exeggutor\n|-resisted|p1a: Exeggutor\n|-damage|p1a: Exeggutor|118/314\n|-enditem|p1a: Exeggutor|Sitrus Berry|[eat]\n|-heal|p1a: Exeggutor|196/314|[from] item: Sitrus Berry\n|-damage|p2a: Mew|81/100|[from] item: Life Orb\n|\n|upkeep\n|turn|20\n|inactive|Time left: 300 sec this turn | 300 sec total\n|\n|t:|1783536324\n|switch|p1a: Noctowl|Noctowl, L95, F|257/344\n|move|p2a: Mew|Earth Power|p1a: Noctowl\n|-immune|p1a: Noctowl\n|\n|upkeep\n|turn|21\n|inactive|Time left: 300 sec this turn | 300 sec total\n|\n|t:|1783536325\n|switch|p1a: Exeggutor|Exeggutor-Alola, L89, F, tera:Steel|196/314\n|move|p2a: Mew|Psyshock|p1a: Exeggutor\n|-resisted|p1a: Exeggutor\n|-damage|p1a: Exeggutor|99/314\n|-damage|p2a: Mew|71/100|[from] item: Life Orb\n|\n|-item|p1a: Exeggutor|Sitrus Berry|[from] ability: Harvest\n|upkeep\n|-enditem|p1a: Exeggutor|Sitrus Berry|[eat]\n|-heal|p1a: Exeggutor|177/314|[from] item: Sitrus Berry\n|turn|22\n|inactive|Time left: 300 sec this turn | 300 sec total\n|\n|t:|1783536327\n|switch|p1a: Noctowl|Noctowl, L95, F|257/344\n|move|p2a: Mew|Earth Power|p1a: Noctowl\n|-immune|p1a: Noctowl\n|\n|upkeep\n|turn|23\n|inactive|Time left: 300 sec this turn | 300 sec total\n|\n|t:|1783536328\n|switch|p1a: Exeggutor|Exeggutor-Alola, L89, F, tera:Steel|177/314\n|move|p2a: Mew|Psyshock|p1a: Exeggutor\n|-resisted|p1a: Exeggutor\n|-damage|p1a: Exeggutor|82/314\n|-damage|p2a: Mew|62/100|[from] item: Life Orb\n|\n|-item|p1a: Exeggutor|Sitrus Berry|[from] ability: Harvest\n|upkeep\n|-enditem|p1a: Exeggutor|Sitrus Berry|[eat]\n|-heal|p1a: Exeggutor|160/314|[from] item: Sitrus Berry\n|turn|24\n|inactive|Time left: 300 sec this turn | 300 sec total\n|\n|t:|1783536329\n|switch|p1a: Noctowl|Noctowl, L95, F|257/344\n|move|p2a: Mew|Earth Power|p1a: Noctowl\n|-immune|p1a: Noctowl\n|\n|upkeep\n|turn|25\n|inactive|Time left: 300 sec this turn | 300 sec total\n|\n|t:|1783536331\n|switch|p1a: Exeggutor|Exeggutor-Alola, L89, F, tera:Steel|160/314\n|move|p2a: Mew|Psyshock|p1a: Exeggutor\n|-resisted|p1a: Exeggutor\n|-damage|p1a: Exeggutor|66/314\n|-damage|p2a: Mew|52/100|[from] item: Life Orb\n|\n|-item|p1a: Exeggutor|Sitrus Berry|[from] ability: Harvest\n|upkeep\n|-enditem|p1a: Exeggutor|Sitrus Berry|[eat]\n|-heal|p1a: Exeggutor|144/314|[from] item: Sitrus Berry\n|turn|26\n|inactive|Time left: 300 sec this turn | 300 sec total\n|\n|t:|1783536332\n|move|p2a: Mew|Earth Power|p1a: Exeggutor\n|-supereffective|p1a: Exeggutor\n|-damage|p1a: Exeggutor|0 fnt\n|faint|p1a: Exeggutor\n|-damage|p2a: Mew|42/100|[from] item: Life Orb\n|\n|upkeep\n|inactive|Time left: 300 sec this turn | 300 sec total | 5 sec grace\n|\n|t:|1783536333\n|switch|p1a: Lycanroc|Lycanroc-Dusk, L81, F|254/254\n|turn|27\n|inactive|Time left: 300 sec this turn | 300 sec total\n|\n|t:|1783536335\n|move|p1a: Lycanroc|Stone Edge|p2a: Mew\n|-damage|p2a: Mew|0 fnt\n|faint|p2a: Mew\n|-damage|p1a: Lycanroc|229/254|[from] item: Life Orb\n|\n|upkeep\n|\n|t:|1783536335\n|switch|p2a: Espathra|Espathra, L80, M|100/100\n|turn|28\n|inactive|Time left: 300 sec this turn | 300 sec total\n|\n|t:|1783536336\n|move|p1a: Lycanroc|Stone Edge|p2a: Espathra\n|-damage|p2a: Espathra|32/100\n|-damage|p1a: Lycanroc|204/254|[from] item: Life Orb\n|move|p2a: Espathra|Lumina Crash|p1a: Lycanroc\n|-damage|p1a: Lycanroc|50/254\n|-unboost|p1a: Lycanroc|spd|2\n|\n|-ability|p2a: Espathra|Speed Boost|boost\n|-boost|p2a: Espathra|spe|1\n|upkeep\n|turn|29\n|inactive|Time left: 300 sec this turn | 300 sec total\n|\n|t:|1783536337\n|move|p1a: Lycanroc|Accelerock|p2a: Espathra\n|-damage|p2a: Espathra|0 fnt\n|faint|p2a: Espathra\n|-damage|p1a: Lycanroc|25/254|[from] item: Life Orb\n|\n|upkeep\n|\n|t:|1783536338\n|switch|p2a: Gouging Fire|Gouging Fire, L74|100/100\n|turn|30\n|inactive|Time left: 300 sec this turn | 300 sec total\n|\n|t:|1783536339\n|move|p1a: Lycanroc|Stone Edge|p2a: Gouging Fire\n|-supereffective|p2a: Gouging Fire\n|-damage|p2a: Gouging Fire|2/100\n|-damage|p1a: Lycanroc|0 fnt|[from] item: Life Orb\n|faint|p1a: Lycanroc\n|move|p2a: Gouging Fire|Dragon Dance|p2a: Gouging Fire\n|-boost|p2a: Gouging Fire|atk|1\n|-boost|p2a: Gouging Fire|spe|1\n|\n|upkeep\n|inactive|Time left: 300 sec this turn | 300 sec total | 5 sec grace\n|\n|t:|1783536340\n|switch|p1a: Noctowl|Noctowl, L95, F|257/344\n|turn|31\n|inactive|Time left: 300 sec this turn | 300 sec total\n|\n|t:|1783536341\n|move|p2a: Gouging Fire|Outrage|p1a: Noctowl\n|-damage|p1a: Noctowl|38/344\n|move|p1a: Noctowl|Hyper Voice|p2a: Gouging Fire\n|-damage|p2a: Gouging Fire|0 fnt\n|faint|p2a: Gouging Fire\n|-end|p2a: Gouging Fire|Protosynthesis|[silent]\n|\n|win|p0x2608c32", "uploadtime": 1783536341, "views": 0, "rating": 0, "private": 0, "password": null, "_winner": "p0x2608c32", "_our_name": "p0x2608c32"}