{"id": "battle-gen9randombattle-1484", "formatid": "gen9randombattle", "format": "[Gen 9] Random Battle", "players": ["p0x14840a0a", "p0y14847fb1"], "log": "|init|battle\n|title|p0x14840a0a vs. p0y14847fb1\n|j|\u2606p0x14840a0a\n|j|\u2606p0y14847fb1\n|t:|1783557260\n|gametype|singles\n|player|p1|p0x14840a0a|265|\n|player|p2|p0y14847fb1|2|\n|gen|9\n|tier|[Gen 9] Random Battle\n|rule|Species Clause: Limit one of each Pok\u00e9mon\n|rule|HP Percentage Mod: HP is shown in percentages\n|rule|Sleep Clause Mod: Limit one foe put to sleep\n|rule|Illusion Level Mod: Illusion disguises the Pok\u00e9mon's true level\n|\n|t:|1783557260\n|teamsize|p1|6\n|teamsize|p2|6\n|start\n|switch|p1a: Lanturn|Lanturn, L89, F|367/367\n|switch|p2a: Dipplin|Dipplin, L88, M|100/100\n|turn|1\n|inactive|Battle timer is ON: inactive players will automatically lose when time's up. (requested by p0x14840a0a)\n|inactive|p0y14847fb1 also wants the timer to be on.\n|\n|t:|1783557261\n|move|p1a: Lanturn|Thunder Wave|p2a: Dipplin\n|-status|p2a: Dipplin|par\n|move|p2a: Dipplin|Dragon Pulse|p1a: Lanturn\n|-damage|p1a: Lanturn|270/367\n|\n|upkeep\n|turn|2\n|inactive|Time left: 300 sec this turn | 300 sec total\n|\n|t:|1783557263\n|switch|p1a: Tentacruel|Tentacruel, L84, F|272/272\n|move|p2a: Dipplin|Dragon Pulse|p1a: Tentacruel\n|-damage|p1a: Tentacruel|202/272\n|\n|-heal|p1a: Tentacruel|219/272|[from] item: Leftovers\n|upkeep\n|turn|3\n|inactive|Time left: 300 sec this turn | 300 sec total\n|\n|t:|1783557264\n|move|p1a: Tentacruel|Sludge Bomb|p2a: Dipplin\n|-supereffective|p2a: Dipplin\n|-damage|p2a: Dipplin|64/100 par\n|move|p2a: Dipplin|Giga Drain|p1a: Tentacruel\n|-damage|p1a: Tentacruel|147/272\n|-damage|p2a: Dipplin|51/100 par|[from] ability: Liquid Ooze|[of] p1a: Tentacruel\n|\n|-heal|p1a: Tentacruel|164/272|[from] item: Leftovers\n|upkeep\n|turn|4\n|inactive|Time left: 300 sec this turn | 300 sec total\n|\n|t:|1783557265\n|move|p1a: Tentacruel|Sludge Bomb|p2a: Dipplin\n|-supereffective|p2a: Dipplin\n|-damage|p2a: Dipplin|13/100 par\n|move|p2a: Dipplin|Recover|p2a: Dipplin\n|-heal|p2a: Dipplin|63/100 par\n|\n|-heal|p1a: Tentacruel|181/272|[from] item: Leftovers\n|upkeep\n|turn|5\n|inactive|Time left: 300 sec this turn | 300 sec total\n|\n|t:|1783557266\n|move|p1a: Tentacruel|Sludge Bomb|p2a: Dipplin\n|-supereffective|p2a: Dipplin\n|-damage|p2a: Dipplin|24/100 par\n|cant|p2a: Dipplin|par\n|\n|-heal|p1a: Tentacruel|198/272|[from] item: Leftovers\n|upkeep\n|turn|6\n|inactive|Time left: 300 sec this turn | 300 sec total\n|\n|t:|1783557267\n|move|p1a: Tentacruel|Sludge Bomb|p2a: Dipplin\n|-supereffective|p2a: Dipplin\n|-crit|p2a: Dipplin\n|-damage|p2a: Dipplin|0 fnt\n|faint|p2a: Dipplin\n|\n|-heal|p1a: Tentacruel|215/272|[from] item: Leftovers\n|upkeep\n|\n|t:|1783557268\n|switch|p2a: Metagross|Metagross, L79|100/100\n|turn|7\n|inactive|Time left: 300 sec this turn | 300 sec total\n|\n|t:|1783557270\n|switch|p1a: Gumshoos|Gumshoos, L95, M|321/321\n|move|p2a: Metagross|Psychic Fangs|p1a: Gumshoos\n|-damage|p1a: Gumshoos|195/321\n|\n|upkeep\n|turn|8\n|inactive|Time left: 300 sec this turn | 300 sec total\n|\n|t:|1783557271\n|move|p2a: Metagross|Heavy Slam|p1a: Gumshoos\n|-damage|p1a: Gumshoos|32/321\n|move|p1a: Gumshoos|Knock Off|p2a: Metagross\n|-supereffective|p2a: Metagross\n|-damage|p2a: Metagross|17/100\n|-enditem|p2a: Metagross|Weakness Policy\n|-boost|p2a: Metagross|atk|2|[from] item: Weakness Policy\n|-boost|p2a: Metagross|spa|2|[from] item: Weakness Policy\n|\n|upkeep\n|turn|9\n|inactive|Time left: 300 sec this turn | 300 sec total\n|\n|t:|1783557272\n|move|p2a: Metagross|Heavy Slam|p1a: Gumshoos\n|-damage|p1a: Gumshoos|0 fnt\n|faint|p1a: Gumshoos\n|\n|upkeep\n|inactive|Time left: 300 sec this turn | 300 sec total | 5 sec grace\n|\n|t:|1783557273\n|switch|p1a: Lycanroc|Lycanroc-Dusk, L81, M|254/254\n|turn|10\n|inactive|Time left: 300 sec this turn | 300 sec total\n|\n|t:|1783557274\n|move|p1a: Lycanroc|Throat Chop|p2a: Metagross\n|-supereffective|p2a: Metagross\n|-damage|p2a: Metagross|0 fnt\n|faint|p2a: Metagross\n|\n|upkeep\n|\n|t:|1783557275\n|switch|p2a: Zarude|Zarude-Dada, L77|100/100\n|turn|11\n|inactive|Time left: 300 sec this turn | 300 sec total\n|\n|t:|1783557276\n|switch|p1a: Weavile|Weavile, L79, M|240/240\n|move|p2a: Zarude|Swords Dance|p2a: Zarude\n|-boost|p2a: Zarude|atk|2\n|\n|upkeep\n|turn|12\n|inactive|Time left: 300 sec this turn | 300 sec total\n|\n|t:|1783557277\n|-terastallize|p1a: Weavile|Ice\n|-terastallize|p2a: Zarude|Dark\n|move|p1a: Weavile|Triple Axel|p2a: Zarude\n|-damage|p2a: Zarude|89/100\n|-damage|p2a: Zarude|68/100\n|-damage|p2a: Zarude|36/100\n|-hitcount|p2a: Zarude|3\n|move|p2a: Zarude|Power Whip|p1a: Weavile\n|-damage|p1a: Weavile|0 fnt\n|faint|p1a: Weavile\n|\n|-heal|p2a: Zarude|42/100|[from] item: Leftovers\n|upkeep\n|inactive|Time left: 300 sec this turn | 300 sec total | 5 sec grace\n|\n|t:|1783557278\n|switch|p1a: Lycanroc|Lycanroc-Dusk, L81, M|254/254\n|turn|13\n|inactive|Time left: 300 sec this turn | 300 sec total\n|\n|t:|1783557279\n|switch|p2a: Weezing|Weezing-Galar, L86, F|100/100\n|move|p1a: Lycanroc|Close Combat|p2a: Weezing\n|-resisted|p2a: Weezing\n|-damage|p2a: Weezing|87/100\n|-unboost|p1a: Lycanroc|def|1\n|-unboost|p1a: Lycanroc|spd|1\n|\n|-heal|p2a: Weezing|93/100|[from] item: Leftovers\n|upkeep\n|turn|14\n|inactive|Time left: 300 sec this turn | 300 sec total\n|\n|t:|1783557280\n|switch|p1a: Tentacruel|Tentacruel, L84, F|215/272\n|move|p2a: Weezing|Strange Steam|p1a: Tentacruel\n|-resisted|p1a: Tentacruel\n|-damage|p1a: Tentacruel|181/272\n|\n|-heal|p1a: Tentacruel|198/272|[from] item: Leftovers\n|-heal|p2a: Weezing|99/100|[from] item: Leftovers\n|upkeep\n|turn|15\n|inactive|Time left: 300 sec this turn | 300 sec total\n|\n|t:|1783557281\n|move|p1a: Tentacruel|Surf|p2a: Weezing\n|-damage|p2a: Weezing|61/100\n|move|p2a: Weezing|Gunk Shot|p1a: Tentacruel\n|-resisted|p1a: Tentacruel\n|-damage|p1a: Tentacruel|120/272\n|\n|-heal|p1a: Tentacruel|137/272|[from] item: Leftovers\n|-heal|p2a: Weezing|67/100|[from] item: Leftovers\n|upkeep\n|turn|16\n|inactive|Time left: 300 sec this turn | 300 sec total\n|\n|t:|1783557282\n|switch|p2a: Regice|Regice, L88|100/100\n|move|p1a: Tentacruel|Sludge Bomb|p2a: Regice\n|-damage|p2a: Regice|86/100\n|-status|p2a: Regice|psn\n|\n|-heal|p1a: Tentacruel|154/272|[from] item: Leftovers\n|-damage|p2a: Regice|74/100 psn|[from] psn\n|upkeep\n|turn|17\n|inactive|Time left: 300 sec this turn | 300 sec total\n|\n|t:|1783557283\n|move|p1a: Tentacruel|Sludge Bomb|p2a: Regice\n|-damage|p2a: Regice|60/100 psn\n|move|p2a: Regice|Thunderbolt|p1a: Tentacruel\n|-supereffective|p1a: Tentacruel\n|-damage|p1a: Tentacruel|46/272\n|\n|-heal|p1a: Tentacruel|63/272|[from] item: Leftovers\n|-damage|p2a: Regice|48/100 psn|[from] psn\n|upkeep\n|turn|18\n|inactive|Time left: 300 sec this turn | 300 sec total\n|\n|t:|1783557284\n|move|p1a: Tentacruel|Surf|p2a: Regice\n|-damage|p2a: Regice|32/100 psn\n|move|p2a: Regice|Rest|p2a: Regice\n|-status|p2a: Regice|slp|[from] move: Rest\n|-heal|p2a: Regice|100/100 slp|[silent]\n|\n|-heal|p1a: Tentacruel|80/272|[from] item: Leftovers\n|upkeep\n|turn|19\n|inactive|Time left: 300 sec this turn | 300 sec total\n|\n|t:|1783557285\n|move|p1a: Tentacruel|Surf|p2a: Regice\n|-damage|p2a: Regice|87/100 slp\n|cant|p2a: Regice|slp\n|move|p2a: Regice|Sleep Talk|p2a: Regice\n|move|p2a: Regice|Thunderbolt|p1a: Tentacruel|[from] move: Sleep Talk\n|-supereffective|p1a: Tentacruel\n|-damage|p1a: Tentacruel|0 fnt\n|faint|p1a: Tentacruel\n|\n|upkeep\n|inactive|Time left: 300 sec this turn | 300 sec total | 5 sec grace\n|\n|t:|1783557286\n|switch|p1a: Lycanroc|Lycanroc-Dusk, L81, M|254/254\n|turn|20\n|inactive|Time left: 300 sec this turn | 300 sec total\n|\n|t:|1783557287\n|switch|p2a: Weezing|Weezing-Galar, L86, F|67/100\n|move|p1a: Lycanroc|Stone Edge|p2a: Weezing\n|-damage|p2a: Weezing|13/100\n|\n|-heal|p2a: Weezing|19/100|[from] item: Leftovers\n|upkeep\n|turn|21\n|inactive|Time left: 300 sec this turn | 300 sec total\n|\n|t:|1783557288\n|move|p1a: Lycanroc|Stone Edge|p2a: Weezing|[miss]\n|-miss|p1a: Lycanroc|p2a: Weezing\n|move|p2a: Weezing|Fire Blast|p1a: Lycanroc\n|-resisted|p1a: Lycanroc\n|-damage|p1a: Lycanroc|204/254\n|\n|-heal|p2a: Weezing|25/100|[from] item: Leftovers\n|upkeep\n|turn|22\n|inactive|Time left: 300 sec this turn | 300 sec total\n|\n|t:|1783557289\n|move|p1a: Lycanroc|Stone Edge|p2a: Weezing|[miss]\n|-miss|p1a: Lycanroc|p2a: Weezing\n|move|p2a: Weezing|Gunk Shot|p1a: Lycanroc\n|-resisted|p1a: Lycanroc\n|-damage|p1a: Lycanroc|123/254\n|\n|-heal|p2a: Weezing|31/100|[from] item: Leftovers\n|upkeep\n|turn|23\n|inactive|Time left: 300 sec this turn | 300 sec total\n|\n|t:|1783557290\n|move|p1a: Lycanroc|Stone Edge|p2a: Weezing\n|-damage|p2a: Weezing|0 fnt\n|faint|p2a: Weezing\n|\n|upkeep\n|\n|t:|1783557292\n|switch|p2a: Greninja|Greninja, L80, M|100/100\n|turn|24\n|inactive|Time left: 300 sec this turn | 300 sec total\n|\n|t:|1783557293\n|switch|p1a: Lanturn|Lanturn, L89, F|270/367\n|move|p2a: Greninja|Dark Pulse|p1a: Lanturn\n|-start|p2a: Greninja|typechange|Dark|[from] ability: Protean\n|-damage|p1a: Lanturn|157/367\n|-damage|p2a: Greninja|91/100|[from] item: Life Orb\n|\n|upkeep\n|turn|25\n|inactive|Time left: 300 sec this turn | 300 sec total\n|\n|t:|1783557294\n|move|p2a: Greninja|Dark Pulse|p1a: Lanturn\n|-damage|p1a: Lanturn|47/367\n|-damage|p2a: Greninja|81/100|[from] item: Life Orb\n|cant|p1a: Lanturn|flinch\n|\n|upkeep\n|turn|26\n|inactive|Time left: 300 sec this turn | 300 sec total\n|\n|t:|1783557295\n|move|p2a: Greninja|Dark Pulse|p1a: Lanturn\n|-damage|p1a: Lanturn|0 fnt\n|faint|p1a: Lanturn\n|-damage|p2a: Greninja|71/100|[from] item: Life Orb\n|\n|upkeep\n|inactive|Time left: 300 sec this turn | 300 sec total | 5 sec grace\n|\n|t:|1783557296\n|switch|p1a: Espeon|Espeon, L84, M|246/246\n|turn|27\n|inactive|Time left: 300 sec this turn | 300 sec total\n|\n|t:|1783557297\n|move|p2a: Greninja|Dark Pulse|p1a: Espeon\n|-supereffective|p1a: Espeon\n|-damage|p1a: Espeon|51/246\n|-damage|p2a: Greninja|61/100|[from] item: Life Orb\n|move|p1a: Espeon|Morning Sun|p1a: Espeon\n|-heal|p1a: Espeon|174/246\n|\n|upkeep\n|turn|28\n|inactive|Time left: 300 sec this turn | 300 sec total\n|\n|t:|1783557298\n|move|p2a: Greninja|Dark Pulse|p1a: Espeon\n|-supereffective|p1a: Espeon\n|-damage|p1a: Espeon|0 fnt\n|faint|p1a: Espeon\n|-damage|p2a: Greninja|52/100|[from] item: Life Orb\n|\n|upkeep\n|inactive|Time left: 300 sec this turn | 300 sec total | 5 sec grace\n|\n|t:|1783557299\n|switch|p1a: Lycanroc|Lycanroc-Dusk, L81, M|123/254\n|turn|29\n|inactive|Time left: 300 sec this turn | 300 sec total\n|\n|t:|1783557299\n|move|p2a: Greninja|Dark Pulse|p1a: Lycanroc\n|-damage|p1a: Lycanroc|0 fnt\n|faint|p1a: Lycanroc\n|-damage|p2a: Greninja|42/100|[from] item: Life Orb\n|\n|win|p0y14847fb1", "uploadtime": 1783557299, "views": 0, "rating": 0, "private": 0, "password": null, "_winner": "p0y14847fb1", "_our_name": "p0x14840a0a"}