{"id": "battle-gen9randombattle-2251", "formatid": "gen9randombattle", "format": "[Gen 9] Random Battle", "players": ["p0x2251462c", "p0y2251949e"], "log": "|init|battle\n|title|p0x2251462c vs. p0y2251949e\n|j|\u2606p0x2251462c\n|j|\u2606p0y2251949e\n|t:|1783566105\n|gametype|singles\n|player|p1|p0x2251462c|2|\n|player|p2|p0y2251949e|265|\n|gen|9\n|tier|[Gen 9] Random Battle\n|rule|Species Clause: Limit one of each Pok\u00e9mon\n|rule|HP Percentage Mod: HP is shown in percentages\n|rule|Sleep Clause Mod: Limit one foe put to sleep\n|rule|Illusion Level Mod: Illusion disguises the Pok\u00e9mon's true level\n|\n|t:|1783566105\n|teamsize|p1|6\n|teamsize|p2|6\n|start\n|switch|p1a: Torterra|Torterra, L78, M|276/276\n|switch|p2a: Vigoroth|Vigoroth, L85, M|100/100\n|turn|1\n|inactive|Battle timer is ON: inactive players will automatically lose when time's up. (requested by p0x2251462c)\n|inactive|p0y2251949e also wants the timer to be on.\n|\n|t:|1783566107\n|move|p2a: Vigoroth|Bulk Up|p2a: Vigoroth\n|-boost|p2a: Vigoroth|atk|1\n|-boost|p2a: Vigoroth|def|1\n|move|p1a: Torterra|Shell Smash|p1a: Torterra\n|-unboost|p1a: Torterra|def|1\n|-unboost|p1a: Torterra|spd|1\n|-boost|p1a: Torterra|atk|2\n|-boost|p1a: Torterra|spa|2\n|-boost|p1a: Torterra|spe|2\n|\n|upkeep\n|turn|2\n|inactive|Time left: 300 sec this turn | 300 sec total\n|\n|t:|1783566108\n|move|p1a: Torterra|Bullet Seed|p2a: Vigoroth\n|-damage|p2a: Vigoroth|90/100\n|-damage|p2a: Vigoroth|81/100\n|-damage|p2a: Vigoroth|71/100\n|-damage|p2a: Vigoroth|62/100\n|-hitcount|p2a: Vigoroth|4\n|move|p2a: Vigoroth|Knock Off|p1a: Torterra\n|-damage|p1a: Torterra|145/276\n|-enditem|p1a: Torterra|Loaded Dice|[from] move: Knock Off|[of] p2a: Vigoroth\n|\n|upkeep\n|turn|3\n|inactive|Time left: 300 sec this turn | 300 sec total\n|\n|t:|1783566109\n|move|p1a: Torterra|Headlong Rush|p2a: Vigoroth\n|-damage|p2a: Vigoroth|21/100\n|-unboost|p1a: Torterra|def|1\n|-unboost|p1a: Torterra|spd|1\n|move|p2a: Vigoroth|Body Slam|p1a: Torterra\n|-damage|p1a: Torterra|0 fnt\n|faint|p1a: Torterra\n|\n|upkeep\n|inactive|Time left: 300 sec this turn | 300 sec total | 5 sec grace\n|\n|t:|1783566110\n|switch|p1a: Drednaw|Drednaw, L81, F|278/278\n|turn|4\n|inactive|Time left: 300 sec this turn | 300 sec total\n|\n|t:|1783566111\n|move|p2a: Vigoroth|Slack Off|p2a: Vigoroth\n|-heal|p2a: Vigoroth|71/100\n|move|p1a: Drednaw|Shell Smash|p1a: Drednaw\n|-unboost|p1a: Drednaw|def|1\n|-unboost|p1a: Drednaw|spd|1\n|-boost|p1a: Drednaw|atk|2\n|-boost|p1a: Drednaw|spa|2\n|-boost|p1a: Drednaw|spe|2\n|-enditem|p1a: Drednaw|White Herb\n|-clearnegativeboost|p1a: Drednaw|[silent]\n|\n|upkeep\n|turn|5\n|inactive|Time left: 300 sec this turn | 300 sec total\n|\n|t:|1783566112\n|move|p1a: Drednaw|Stone Edge|p2a: Vigoroth\n|-crit|p2a: Vigoroth\n|-damage|p2a: Vigoroth|0 fnt\n|faint|p2a: Vigoroth\n|\n|upkeep\n|\n|t:|1783566113\n|switch|p2a: Eelektross|Eelektross, L87, M|100/100\n|turn|6\n|inactive|Time left: 300 sec this turn | 300 sec total\n|\n|t:|1783566114\n|-terastallize|p1a: Drednaw|Dark\n|move|p1a: Drednaw|Crunch|p2a: Eelektross\n|-damage|p2a: Eelektross|10/100\n|move|p2a: Eelektross|Dragon Tail|p1a: Drednaw\n|-damage|p1a: Drednaw|225/278\n|drag|p1a: Minior|Minior-Green, L79|224/224\n|-formechange|p1a: Minior|Minior-Meteor||[from] ability: Shields Down\n|\n|upkeep\n|turn|7\n|inactive|Time left: 300 sec this turn | 300 sec total\n|\n|t:|1783566115\n|move|p1a: Minior|Power Gem|p2a: Eelektross\n|-damage|p2a: Eelektross|0 fnt\n|faint|p2a: Eelektross\n|\n|upkeep\n|\n|t:|1783566116\n|switch|p2a: Politoed|Politoed, L88, F|100/100\n|-weather|RainDance|[from] ability: Drizzle|[of] p2a: Politoed\n|turn|8\n|inactive|Time left: 300 sec this turn | 300 sec total\n|\n|t:|1783566117\n|switch|p1a: Brambleghast|Brambleghast, L88, M|240/240\n|move|p2a: Politoed|Hydro Pump|p1a: Brambleghast\n|-resisted|p1a: Brambleghast\n|-damage|p1a: Brambleghast|130/240\n|\n|-weather|RainDance|[upkeep]\n|upkeep\n|turn|9\n|inactive|Time left: 300 sec this turn | 300 sec total\n|\n|t:|1783566118\n|-terastallize|p2a: Politoed|Steel\n|move|p1a: Brambleghast|Power Whip|p2a: Politoed\n|-resisted|p2a: Politoed\n|-damage|p2a: Politoed|73/100\n|move|p2a: Politoed|Ice Beam|p1a: Brambleghast\n|-supereffective|p1a: Brambleghast\n|-damage|p1a: Brambleghast|0 fnt\n|faint|p1a: Brambleghast\n|\n|-weather|RainDance|[upkeep]\n|upkeep\n|inactive|Time left: 300 sec this turn | 300 sec total | 5 sec grace\n|\n|t:|1783566119\n|switch|p1a: Drednaw|Drednaw, L81, F, tera:Dark|225/278\n|turn|10\n|inactive|Time left: 300 sec this turn | 300 sec total\n|\n|t:|1783566120\n|move|p2a: Politoed|Hydro Pump|p1a: Drednaw\n|-crit|p1a: Drednaw\n|-damage|p1a: Drednaw|0 fnt\n|faint|p1a: Drednaw\n|\n|-weather|RainDance|[upkeep]\n|upkeep\n|inactive|Time left: 300 sec this turn | 300 sec total | 5 sec grace\n|\n|t:|1783566121\n|switch|p1a: Farigiraf|Farigiraf, L90, F|362/362\n|turn|11\n|inactive|Time left: 300 sec this turn | 300 sec total\n|\n|t:|1783566122\n|move|p2a: Politoed|Hydro Pump|p1a: Farigiraf|[miss]\n|-miss|p2a: Politoed|p1a: Farigiraf\n|move|p1a: Farigiraf|Body Slam|p2a: Politoed\n|-resisted|p2a: Politoed\n|-damage|p2a: Politoed|56/100\n|-status|p2a: Politoed|par\n|\n|-weather|RainDance|[upkeep]\n|upkeep\n|turn|12\n|inactive|Time left: 300 sec this turn | 300 sec total\n|\n|t:|1783566123\n|move|p1a: Farigiraf|Psychic Noise|p2a: Politoed\n|-resisted|p2a: Politoed\n|-damage|p2a: Politoed|42/100 par\n|-start|p2a: Politoed|move: Heal Block\n|move|p2a: Politoed|Hydro Pump|p1a: Farigiraf\n|-crit|p1a: Farigiraf\n|-damage|p1a: Farigiraf|56/362\n|\n|-weather|none\n|-heal|p1a: Farigiraf|78/362|[from] item: Leftovers\n|upkeep\n|turn|13\n|inactive|Time left: 300 sec this turn | 300 sec total\n|\n|t:|1783566124\n|move|p1a: Farigiraf|Wish|p1a: Farigiraf\n|move|p2a: Politoed|Hydro Pump|p1a: Farigiraf\n|-damage|p1a: Farigiraf|0 fnt\n|faint|p1a: Farigiraf\n|\n|-end|p2a: Politoed|move: Heal Block\n|upkeep\n|inactive|Time left: 300 sec this turn | 300 sec total | 5 sec grace\n|\n|t:|1783566125\n|switch|p1a: Typhlosion|Typhlosion-Hisui, L83, F|257/257\n|turn|14\n|inactive|Time left: 300 sec this turn | 300 sec total\n|\n|t:|1783566126\n|move|p1a: Typhlosion|Calm Mind|p1a: Typhlosion\n|-boost|p1a: Typhlosion|spa|1\n|-boost|p1a: Typhlosion|spd|1\n|move|p2a: Politoed|Rest|p2a: Politoed\n|-status|p2a: Politoed|slp|[from] move: Rest\n|-heal|p2a: Politoed|100/100 slp|[silent]\n|-enditem|p2a: Politoed|Chesto Berry|[eat]\n|-curestatus|p2a: Politoed|slp|[msg]\n|\n|upkeep\n|turn|15\n|inactive|Time left: 300 sec this turn | 300 sec total\n|\n|t:|1783566127\n|switch|p2a: Dudunsparce|Dudunsparce, L83, M|100/100\n|move|p1a: Typhlosion|Fire Blast|p2a: Dudunsparce\n|-damage|p2a: Dudunsparce|33/100\n|\n|-heal|p2a: Dudunsparce|39/100|[from] item: Leftovers\n|upkeep\n|turn|16\n|inactive|Time left: 300 sec this turn | 300 sec total\n|\n|t:|1783566128\n|move|p1a: Typhlosion|Fire Blast|p2a: Dudunsparce\n|-damage|p2a: Dudunsparce|0 fnt\n|faint|p2a: Dudunsparce\n|\n|upkeep\n|\n|t:|1783566128\n|switch|p2a: Politoed|Politoed, L88, F, tera:Steel|100/100\n|-weather|RainDance|[from] ability: Drizzle|[of] p2a: Politoed\n|turn|17\n|inactive|Time left: 300 sec this turn | 300 sec total\n|\n|t:|1783566129\n|move|p1a: Typhlosion|Calm Mind|p1a: Typhlosion\n|-boost|p1a: Typhlosion|spa|1\n|-boost|p1a: Typhlosion|spd|1\n|move|p2a: Politoed|Hydro Pump|p1a: Typhlosion\n|-supereffective|p1a: Typhlosion\n|-damage|p1a: Typhlosion|57/257\n|\n|-weather|RainDance|[upkeep]\n|upkeep\n|turn|18\n|inactive|Time left: 300 sec this turn | 300 sec total\n|\n|t:|1783566131\n|move|p1a: Typhlosion|Focus Blast|p2a: Politoed\n|-supereffective|p2a: Politoed\n|-damage|p2a: Politoed|0 fnt\n|faint|p2a: Politoed\n|\n|-weather|RainDance|[upkeep]\n|upkeep\n|\n|t:|1783566132\n|switch|p2a: Iron Moth|Iron Moth, L78|100/100\n|turn|19\n|inactive|Time left: 300 sec this turn | 300 sec total\n|\n|t:|1783566133\n|move|p2a: Iron Moth|Sludge Wave|p1a: Typhlosion\n|-resisted|p1a: Typhlosion\n|-damage|p1a: Typhlosion|27/257\n|move|p1a: Typhlosion|Shadow Ball|p2a: Iron Moth\n|-damage|p2a: Iron Moth|35/100\n|\n|-weather|RainDance|[upkeep]\n|upkeep\n|turn|20\n|inactive|Time left: 300 sec this turn | 300 sec total\n|\n|t:|1783566134\n|move|p2a: Iron Moth|Fiery Dance|p1a: Typhlosion\n|-resisted|p1a: Typhlosion\n|-damage|p1a: Typhlosion|14/257\n|move|p1a: Typhlosion|Shadow Ball|p2a: Iron Moth\n|-damage|p2a: Iron Moth|0 fnt\n|faint|p2a: Iron Moth\n|-end|p2a: Iron Moth|Quark Drive|[silent]\n|\n|-weather|RainDance|[upkeep]\n|upkeep\n|\n|t:|1783566135\n|switch|p2a: Iron Valiant|Iron Valiant, L78|100/100\n|turn|21\n|inactive|Time left: 300 sec this turn | 300 sec total\n|\n|t:|1783566136\n|switch|p1a: Minior|Minior-Green, L79|224/224\n|-formechange|p1a: Minior|Minior-Meteor||[from] ability: Shields Down\n|move|p2a: Iron Valiant|Knock Off|p1a: Minior\n|-damage|p1a: Minior|130/224\n|-enditem|p1a: Minior|White Herb|[from] move: Knock Off|[of] p2a: Iron Valiant\n|-damage|p2a: Iron Valiant|91/100|[from] item: Life Orb\n|\n|-weather|none\n|upkeep\n|turn|22\n|inactive|Time left: 300 sec this turn | 300 sec total\n|\n|t:|1783566137\n|switch|p1a: Typhlosion|Typhlosion-Hisui, L83, F|14/257\n|move|p2a: Iron Valiant|Close Combat|p1a: Typhlosion\n|-immune|p1a: Typhlosion\n|\n|upkeep\n|turn|23\n|inactive|Time left: 300 sec this turn | 300 sec total\n|\n|t:|1783566138\n|move|p2a: Iron Valiant|Spirit Break|p1a: Typhlosion\n|-resisted|p1a: Typhlosion\n|-damage|p1a: Typhlosion|0 fnt\n|faint|p1a: Typhlosion\n|-damage|p2a: Iron Valiant|81/100|[from] item: Life Orb\n|\n|upkeep\n|inactive|Time left: 300 sec this turn | 300 sec total | 5 sec grace\n|\n|t:|1783566139\n|switch|p1a: Minior|Minior-Green, L79|130/224\n|-formechange|p1a: Minior|Minior-Meteor||[from] ability: Shields Down\n|turn|24\n|inactive|Time left: 300 sec this turn | 300 sec total\n|\n|t:|1783566140\n|move|p2a: Iron Valiant|Close Combat|p1a: Minior\n|-damage|p1a: Minior|0 fnt\n|-unboost|p2a: Iron Valiant|def|1\n|-unboost|p2a: Iron Valiant|spd|1\n|faint|p1a: Minior\n|-damage|p2a: Iron Valiant|71/100|[from] item: Life Orb\n|\n|win|p0y2251949e", "uploadtime": 1783566140, "views": 0, "rating": 0, "private": 0, "password": null, "_winner": "p0y2251949e", "_our_name": "p0x2251462c"}