{"id": "battle-gen9randombattle-1146", "formatid": "gen9randombattle", "format": "[Gen 9] Random Battle", "players": ["p0x11467676", "p0y1146bddc"], "log": "|init|battle\n|title|p0x11467676 vs. p0y1146bddc\n|j|\u2606p0x11467676\n|j|\u2606p0y1146bddc\n|t:|1783552409\n|gametype|singles\n|player|p1|p0x11467676|169|\n|player|p2|p0y1146bddc|2|\n|gen|9\n|tier|[Gen 9] Random Battle\n|rule|Species Clause: Limit one of each Pok\u00e9mon\n|rule|HP Percentage Mod: HP is shown in percentages\n|rule|Sleep Clause Mod: Limit one foe put to sleep\n|rule|Illusion Level Mod: Illusion disguises the Pok\u00e9mon's true level\n|\n|t:|1783552409\n|teamsize|p1|6\n|teamsize|p2|6\n|start\n|switch|p1a: Dugtrio|Dugtrio, L84, F|100/100\n|switch|p2a: Electrode|Electrode, L92|260/260\n|turn|1\n|inactive|Battle timer is ON: inactive players will automatically lose when time's up. (requested by p0y1146bddc)\n|\n|t:|1783552411\n|-terastallize|p2a: Electrode|Ice\n|move|p2a: Electrode|Tera Blast|p1a: Dugtrio|[anim] Tera Blast Ice\n|-supereffective|p1a: Dugtrio\n|-damage|p1a: Dugtrio|0 fnt\n|faint|p1a: Dugtrio\n|-damage|p2a: Electrode|234/260|[from] item: Life Orb\n|\n|upkeep\n|inactive|p0x11467676 also wants the timer to be on.\n|\n|t:|1783552412\n|switch|p1a: Gardevoir|Gardevoir, L83, F|100/100\n|-ability|p1a: Gardevoir|Aftermath|Trace|[from] ability: Trace|[of] p2a: Electrode\n|turn|2\n|inactive|Time left: 300 sec this turn | 300 sec total\n|\n|t:|1783552414\n|move|p2a: Electrode|Thunderbolt|p1a: Gardevoir\n|-damage|p1a: Gardevoir|55/100\n|-status|p1a: Gardevoir|par\n|-damage|p2a: Electrode|208/260|[from] item: Life Orb\n|cant|p1a: Gardevoir|par\n|\n|upkeep\n|turn|3\n|inactive|Time left: 300 sec this turn | 300 sec total\n|\n|t:|1783552415\n|move|p2a: Electrode|Tera Blast|p1a: Gardevoir|[anim] Tera Blast Ice\n|-damage|p1a: Gardevoir|19/100 par\n|-damage|p2a: Electrode|182/260|[from] item: Life Orb\n|cant|p1a: Gardevoir|par\n|\n|upkeep\n|turn|4\n|inactive|Time left: 300 sec this turn | 300 sec total\n|\n|t:|1783552417\n|move|p2a: Electrode|Thunderbolt|p1a: Gardevoir\n|-damage|p1a: Gardevoir|0 fnt\n|faint|p1a: Gardevoir\n|-damage|p2a: Electrode|156/260|[from] item: Life Orb\n|\n|upkeep\n|\n|t:|1783552418\n|switch|p1a: Morpeko|Morpeko, L88, F|100/100\n|turn|5\n|inactive|Time left: 300 sec this turn | 300 sec total\n|\n|t:|1783552419\n|switch|p2a: Ting-Lu|Ting-Lu, L78|370/370\n|-ability|p2a: Ting-Lu|Vessel of Ruin\n|move|p1a: Morpeko|Aura Wheel|p2a: Ting-Lu\n|-immune|p2a: Ting-Lu\n|\n|-formechange|p1a: Morpeko|Morpeko-Hangry||[from] ability: Hunger Switch\n|upkeep\n|turn|6\n|inactive|Time left: 300 sec this turn | 300 sec total\n|\n|t:|1783552420\n|move|p1a: Morpeko|Parting Shot|p2a: Ting-Lu\n|-unboost|p2a: Ting-Lu|atk|1\n|-unboost|p2a: Ting-Lu|spa|1\n|\n|t:|1783552421\n|switch|p1a: Iron Bundle|Iron Bundle, L78|100/100|[from] Parting Shot\n|move|p2a: Ting-Lu|Earthquake|p1a: Iron Bundle\n|-damage|p1a: Iron Bundle|70/100\n|\n|upkeep\n|turn|7\n|inactive|Time left: 300 sec this turn | 300 sec total\n|\n|t:|1783552422\n|switch|p2a: Hypno|Hypno, L95, M|315/315\n|move|p1a: Iron Bundle|Hydro Pump|p2a: Hypno\n|-damage|p2a: Hypno|173/315\n|\n|-heal|p2a: Hypno|192/315|[from] item: Leftovers\n|upkeep\n|turn|8\n|inactive|Time left: 300 sec this turn | 300 sec total\n|\n|t:|1783552423\n|move|p1a: Iron Bundle|Hydro Pump|p2a: Hypno\n|-damage|p2a: Hypno|47/315\n|move|p2a: Hypno|Focus Blast|p1a: Iron Bundle\n|-supereffective|p1a: Iron Bundle\n|-damage|p1a: Iron Bundle|0 fnt\n|faint|p1a: Iron Bundle\n|-end|p1a: Iron Bundle|Quark Drive|[silent]\n|\n|-heal|p2a: Hypno|66/315|[from] item: Leftovers\n|upkeep\n|\n|t:|1783552424\n|switch|p1a: Morpeko|Morpeko, L88, F|100/100\n|turn|9\n|inactive|Time left: 300 sec this turn | 300 sec total\n|\n|t:|1783552426\n|switch|p2a: Mudsdale|Mudsdale, L83, M|302/302\n|move|p1a: Morpeko|Aura Wheel|p2a: Mudsdale\n|-immune|p2a: Mudsdale\n|\n|-formechange|p1a: Morpeko|Morpeko-Hangry||[from] ability: Hunger Switch\n|upkeep\n|turn|10\n|inactive|Time left: 300 sec this turn | 300 sec total\n|\n|t:|1783552426\n|move|p1a: Morpeko|Parting Shot|p2a: Mudsdale\n|-unboost|p2a: Mudsdale|atk|1\n|-unboost|p2a: Mudsdale|spa|1\n|\n|t:|1783552427\n|switch|p1a: Cetitan|Cetitan, L82, F|100/100|[from] Parting Shot\n|move|p2a: Mudsdale|Earthquake|p1a: Cetitan\n|-damage|p1a: Cetitan|76/100\n|\n|upkeep\n|turn|11\n|inactive|Time left: 300 sec this turn | 300 sec total\n|\n|t:|1783552428\n|switch|p2a: Electrode|Electrode, L92, tera:Ice|156/260\n|move|p1a: Cetitan|Icicle Crash|p2a: Electrode\n|-resisted|p2a: Electrode\n|-damage|p2a: Electrode|74/260\n|\n|upkeep\n|turn|12\n|inactive|Time left: 300 sec this turn | 300 sec total\n|\n|t:|1783552430\n|move|p2a: Electrode|Thunderbolt|p1a: Cetitan\n|-damage|p1a: Cetitan|32/100\n|-damage|p2a: Electrode|48/260|[from] item: Life Orb\n|move|p1a: Cetitan|Icicle Crash|p2a: Electrode\n|-resisted|p2a: Electrode\n|-damage|p2a: Electrode|0 fnt\n|faint|p2a: Electrode\n|\n|upkeep\n|inactive|Time left: 300 sec this turn | 300 sec total | 5 sec grace\n|\n|t:|1783552431\n|switch|p2a: Ogerpon|Ogerpon-Cornerstone, L76, F|247/247\n|turn|13\n|inactive|Time left: 300 sec this turn | 300 sec total\n|\n|t:|1783552432\n|move|p1a: Cetitan|Ice Shard|p2a: Ogerpon\n|-supereffective|p2a: Ogerpon\n|-damage|p2a: Ogerpon|104/247\n|-damage|p1a: Cetitan|23/100|[from] item: Life Orb\n|move|p2a: Ogerpon|Ivy Cudgel|p1a: Cetitan|[anim] Ivy Cudgel Rock\n|-supereffective|p1a: Cetitan\n|-damage|p1a: Cetitan|0 fnt\n|faint|p1a: Cetitan\n|\n|upkeep\n|\n|t:|1783552433\n|switch|p1a: Morpeko|Morpeko, L88, F|100/100\n|turn|14\n|inactive|Time left: 300 sec this turn | 300 sec total\n|\n|t:|1783552434\n|move|p1a: Morpeko|Aura Wheel|p2a: Ogerpon\n|-resisted|p2a: Ogerpon\n|-damage|p2a: Ogerpon|38/247\n|-boost|p1a: Morpeko|spe|1\n|move|p2a: Ogerpon|Synthesis|p2a: Ogerpon\n|-heal|p2a: Ogerpon|161/247\n|\n|-formechange|p1a: Morpeko|Morpeko-Hangry||[from] ability: Hunger Switch\n|upkeep\n|turn|15\n|inactive|Time left: 300 sec this turn | 300 sec total\n|\n|t:|1783552435\n|move|p1a: Morpeko|Aura Wheel|p2a: Ogerpon\n|-damage|p2a: Ogerpon|13/247\n|-boost|p1a: Morpeko|spe|1\n|move|p2a: Ogerpon|Superpower|p1a: Morpeko\n|-supereffective|p1a: Morpeko\n|-damage|p1a: Morpeko|0 fnt\n|-unboost|p2a: Ogerpon|atk|1\n|-unboost|p2a: Ogerpon|def|1\n|faint|p1a: Morpeko\n|\n|upkeep\n|\n|t:|1783552436\n|switch|p1a: Giratina|Giratina, L75|100/100\n|-ability|p1a: Giratina|Pressure\n|turn|16\n|inactive|Time left: 300 sec this turn | 300 sec total\n|\n|t:|1783552437\n|move|p2a: Ogerpon|Synthesis|p2a: Ogerpon\n|-heal|p2a: Ogerpon|136/247\n|move|p1a: Giratina|Calm Mind|p1a: Giratina\n|-boost|p1a: Giratina|spa|1\n|-boost|p1a: Giratina|spd|1\n|\n|upkeep\n|turn|17\n|inactive|Time left: 300 sec this turn | 300 sec total\n|\n|t:|1783552438\n|switch|p2a: Ting-Lu|Ting-Lu, L78|370/370\n|-ability|p2a: Ting-Lu|Vessel of Ruin\n|move|p1a: Giratina|Calm Mind|p1a: Giratina\n|-boost|p1a: Giratina|spa|1\n|-boost|p1a: Giratina|spd|1\n|\n|upkeep\n|turn|18\n|inactive|Time left: 300 sec this turn | 300 sec total\n|\n|t:|1783552439\n|move|p1a: Giratina|Dragon Pulse|p2a: Ting-Lu\n|-damage|p2a: Ting-Lu|246/370\n|move|p2a: Ting-Lu|Throat Chop|p1a: Giratina\n|-supereffective|p1a: Giratina\n|-damage|p1a: Giratina|57/100\n|-start|p1a: Giratina|Throat Chop|[silent]\n|\n|-heal|p1a: Giratina|63/100|[from] item: Leftovers\n|-heal|p2a: Ting-Lu|269/370|[from] item: Leftovers\n|upkeep\n|turn|19\n|inactive|Time left: 300 sec this turn | 300 sec total\n|\n|t:|1783552440\n|move|p1a: Giratina|Dragon Pulse|p2a: Ting-Lu\n|-damage|p2a: Ting-Lu|131/370\n|move|p2a: Ting-Lu|Throat Chop|p1a: Giratina\n|-supereffective|p1a: Giratina\n|-damage|p1a: Giratina|18/100\n|\n|-heal|p1a: Giratina|24/100|[from] item: Leftovers\n|-heal|p2a: Ting-Lu|154/370|[from] item: Leftovers\n|-end|p1a: Giratina|Throat Chop|[silent]\n|upkeep\n|turn|20\n|inactive|Time left: 300 sec this turn | 300 sec total\n|\n|t:|1783552441\n|move|p1a: Giratina|Rest|p1a: Giratina\n|-status|p1a: Giratina|slp|[from] move: Rest\n|-heal|p1a: Giratina|100/100 slp|[silent]\n|move|p2a: Ting-Lu|Earthquake|p1a: Giratina\n|-damage|p1a: Giratina|73/100 slp\n|\n|-heal|p1a: Giratina|79/100 slp|[from] item: Leftovers\n|-heal|p2a: Ting-Lu|177/370|[from] item: Leftovers\n|upkeep\n|turn|21\n|inactive|Time left: 300 sec this turn | 300 sec total\n|\n|t:|1783552442\n|cant|p1a: Giratina|slp\n|move|p1a: Giratina|Sleep Talk|p1a: Giratina\n|move|p1a: Giratina|Rest||[from] move: Sleep Talk|[still]\n|-fail|p1a: Giratina\n|move|p2a: Ting-Lu|Throat Chop|p1a: Giratina\n|-supereffective|p1a: Giratina\n|-damage|p1a: Giratina|37/100 slp\n|-start|p1a: Giratina|Throat Chop|[silent]\n|\n|-heal|p1a: Giratina|43/100 slp|[from] item: Leftovers\n|-heal|p2a: Ting-Lu|200/370|[from] item: Leftovers\n|upkeep\n|turn|22\n|inactive|Time left: 300 sec this turn | 300 sec total\n|\n|t:|1783552443\n|-terastallize|p1a: Giratina|Fairy\n|cant|p1a: Giratina|slp\n|move|p1a: Giratina|Sleep Talk|p1a: Giratina\n|move|p1a: Giratina|Dragon Pulse|p2a: Ting-Lu|[from] move: Sleep Talk\n|-damage|p2a: Ting-Lu|64/370\n|move|p2a: Ting-Lu|Throat Chop|p1a: Giratina\n|-resisted|p1a: Giratina\n|-damage|p1a: Giratina|33/100 slp\n|\n|-heal|p1a: Giratina|39/100 slp|[from] item: Leftovers\n|-heal|p2a: Ting-Lu|87/370|[from] item: Leftovers\n|-end|p1a: Giratina|Throat Chop|[silent]\n|upkeep\n|turn|23\n|inactive|Time left: 300 sec this turn | 300 sec total\n|\n|t:|1783552445\n|switch|p2a: Skuntank|Skuntank, L84, F|310/310\n|-curestatus|p1a: Giratina|slp|[msg]\n|move|p1a: Giratina|Dragon Pulse|p2a: Skuntank\n|-damage|p2a: Skuntank|123/310\n|\n|-heal|p1a: Giratina|45/100|[from] item: Leftovers\n|upkeep\n|turn|24\n|inactive|Time left: 300 sec this turn | 300 sec total\n|\n|t:|1783552446\n|move|p2a: Skuntank|Gunk Shot|p1a: Giratina|[miss]\n|-miss|p2a: Skuntank|p1a: Giratina\n|move|p1a: Giratina|Dragon Pulse|p2a: Skuntank\n|-damage|p2a: Skuntank|0 fnt\n|faint|p2a: Skuntank\n|\n|-heal|p1a: Giratina|51/100|[from] item: Leftovers\n|upkeep\n|inactive|Time left: 300 sec this turn | 300 sec total | 5 sec grace\n|\n|t:|1783552447\n|switch|p2a: Mudsdale|Mudsdale, L83, M|302/302\n|turn|25\n|inactive|Time left: 300 sec this turn | 300 sec total\n|\n|t:|1783552448\n|move|p1a: Giratina|Dragon Pulse|p2a: Mudsdale\n|-damage|p2a: Mudsdale|151/302\n|-ability|p2a: Mudsdale|Stamina|boost\n|-boost|p2a: Mudsdale|def|1\n|move|p2a: Mudsdale|Earthquake|p1a: Giratina\n|-damage|p1a: Giratina|17/100\n|\n|-heal|p1a: Giratina|23/100|[from] item: Leftovers\n|-heal|p2a: Mudsdale|169/302|[from] item: Leftovers\n|upkeep\n|turn|26\n|inactive|Time left: 300 sec this turn | 300 sec total\n|\n|t:|1783552449\n|move|p1a: Giratina|Rest|p1a: Giratina\n|-status|p1a: Giratina|slp|[from] move: Rest\n|-heal|p1a: Giratina|100/100 slp|[silent]\n|move|p2a: Mudsdale|Earthquake|p1a: Giratina\n|-damage|p1a: Giratina|68/100 slp\n|\n|-heal|p1a: Giratina|74/100 slp|[from] item: Leftovers\n|-heal|p2a: Mudsdale|187/302|[from] item: Leftovers\n|upkeep\n|turn|27\n|inactive|Time left: 300 sec this turn | 300 sec total\n|\n|t:|1783552450\n|cant|p1a: Giratina|slp\n|move|p1a: Giratina|Sleep Talk|p1a: Giratina\n|move|p1a: Giratina|Dragon Pulse|p2a: Mudsdale|[from] move: Sleep Talk\n|-damage|p2a: Mudsdale|22/302\n|-ability|p2a: Mudsdale|Stamina|boost\n|-boost|p2a: Mudsdale|def|1\n|move|p2a: Mudsdale|Earthquake|p1a: Giratina\n|-damage|p1a: Giratina|43/100 slp\n|\n|-heal|p1a: Giratina|49/100 slp|[from] item: Leftovers\n|-heal|p2a: Mudsdale|40/302|[from] item: Leftovers\n|upkeep\n|turn|28\n|inactive|Time left: 300 sec this turn | 300 sec total\n|\n|t:|1783552451\n|cant|p1a: Giratina|slp\n|move|p1a: Giratina|Sleep Talk|p1a: Giratina\n|move|p1a: Giratina|Calm Mind|p1a: Giratina|[from] move: Sleep Talk\n|-boost|p1a: Giratina|spa|1\n|-boost|p1a: Giratina|spd|1\n|move|p2a: Mudsdale|Earthquake|p1a: Giratina\n|-damage|p1a: Giratina|18/100 slp\n|\n|-heal|p1a: Giratina|24/100 slp|[from] item: Leftovers\n|-heal|p2a: Mudsdale|58/302|[from] item: Leftovers\n|upkeep\n|turn|29\n|inactive|Time left: 300 sec this turn | 300 sec total\n|\n|t:|1783552452\n|-curestatus|p1a: Giratina|slp|[msg]\n|move|p1a: Giratina|Rest|p1a: Giratina\n|-status|p1a: Giratina|slp|[from] move: Rest\n|-heal|p1a: Giratina|100/100 slp|[silent]\n|move|p2a: Mudsdale|Earthquake|p1a: Giratina\n|-damage|p1a: Giratina|70/100 slp\n|\n|-heal|p1a: Giratina|76/100 slp|[from] item: Leftovers\n|-heal|p2a: Mudsdale|76/302|[from] item: Leftovers\n|upkeep\n|turn|30\n|inactive|Time left: 300 sec this turn | 300 sec total\n|\n|t:|1783552453\n|cant|p1a: Giratina|slp\n|move|p1a: Giratina|Sleep Talk|p1a: Giratina\n|move|p1a: Giratina|Rest||[from] move: Sleep Talk|[still]\n|-fail|p1a: Giratina\n|move|p2a: Mudsdale|Stone Edge|p1a: Giratina|[miss]\n|-miss|p2a: Mudsdale|p1a: Giratina\n|\n|-heal|p1a: Giratina|82/100 slp|[from] item: Leftovers\n|-heal|p2a: Mudsdale|94/302|[from] item: Leftovers\n|upkeep\n|turn|31\n|inactive|Time left: 300 sec this turn | 300 sec total\n|\n|t:|1783552455\n|cant|p1a: Giratina|slp\n|move|p1a: Giratina|Sleep Talk|p1a: Giratina\n|move|p1a: Giratina|Dragon Pulse|p2a: Mudsdale|[from] move: Sleep Talk\n|-damage|p2a: Mudsdale|0 fnt\n|faint|p2a: Mudsdale\n|\n|-heal|p1a: Giratina|88/100 slp|[from] item: Leftovers\n|upkeep\n|inactive|Time left: 300 sec this turn | 300 sec total | 5 sec grace\n|\n|t:|1783552456\n|switch|p2a: Hypno|Hypno, L95, M|66/315\n|turn|32\n|inactive|Time left: 300 sec this turn | 300 sec total\n|\n|t:|1783552457\n|move|p2a: Hypno|Protect|p2a: Hypno\n|-singleturn|p2a: Hypno|Protect\n|-curestatus|p1a: Giratina|slp|[msg]\n|move|p1a: Giratina|Dragon Pulse|p2a: Hypno\n|-activate|p2a: Hypno|move: Protect\n|\n|-heal|p2a: Hypno|85/315|[from] item: Leftovers\n|-heal|p1a: Giratina|94/100|[from] item: Leftovers\n|upkeep\n|turn|33\n|inactive|Time left: 300 sec this turn | 300 sec total\n|\n|t:|1783552458\n|move|p2a: Hypno|Toxic|p1a: Giratina\n|-status|p1a: Giratina|tox\n|move|p1a: Giratina|Dragon Pulse|p2a: Hypno\n|-damage|p2a: Hypno|0 fnt\n|faint|p2a: Hypno\n|\n|-heal|p1a: Giratina|99/100 tox|[from] item: Leftovers\n|-damage|p1a: Giratina|94/100 tox|[from] psn\n|upkeep\n|inactive|Time left: 300 sec this turn | 300 sec total | 5 sec grace\n|\n|t:|1783552459\n|switch|p2a: Ogerpon|Ogerpon-Cornerstone, L76, F|136/247\n|turn|34\n|inactive|Time left: 300 sec this turn | 300 sec total\n|\n|t:|1783552460\n|move|p2a: Ogerpon|Synthesis|p2a: Ogerpon\n|-heal|p2a: Ogerpon|247/247\n|move|p1a: Giratina|Dragon Pulse|p2a: Ogerpon\n|-damage|p2a: Ogerpon|63/247\n|\n|-heal|p1a: Giratina|99/100 tox|[from] item: Leftovers\n|-damage|p1a: Giratina|88/100 tox|[from] psn\n|upkeep\n|turn|35\n|inactive|Time left: 300 sec this turn | 300 sec total\n|\n|t:|1783552460\n|move|p2a: Ogerpon|Synthesis|p2a: Ogerpon\n|-heal|p2a: Ogerpon|186/247\n|move|p1a: Giratina|Dragon Pulse|p2a: Ogerpon\n|-damage|p2a: Ogerpon|0 fnt\n|faint|p2a: Ogerpon\n|\n|-heal|p1a: Giratina|94/100 tox|[from] item: Leftovers\n|-damage|p1a: Giratina|76/100 tox|[from] psn\n|upkeep\n|inactive|Time left: 300 sec this turn | 300 sec total | 5 sec grace\n|\n|t:|1783552461\n|switch|p2a: Ting-Lu|Ting-Lu, L78|87/370\n|-ability|p2a: Ting-Lu|Vessel of Ruin\n|turn|36\n|inactive|Time left: 300 sec this turn | 300 sec total\n|\n|t:|1783552462\n|move|p1a: Giratina|Dragon Pulse|p2a: Ting-Lu\n|-damage|p2a: Ting-Lu|0 fnt\n|faint|p2a: Ting-Lu\n|\n|win|p0x11467676", "uploadtime": 1783552462, "views": 0, "rating": 0, "private": 0, "password": null, "_winner": "p0x11467676", "_our_name": "p0y1146bddc"}