{"id": "battle-gen9randombattle-523", "formatid": "gen9randombattle", "format": "[Gen 9] Random Battle", "players": ["p0x523a94b", "p0y523cb47"], "log": "|init|battle\n|title|p0x523a94b vs. p0y523cb47\n|j|\u2606p0x523a94b\n|j|\u2606p0y523cb47\n|t:|1783545863\n|gametype|singles\n|player|p1|p0x523a94b|102|\n|player|p2|p0y523cb47|102|\n|gen|9\n|tier|[Gen 9] Random Battle\n|rule|Species Clause: Limit one of each Pok\u00e9mon\n|rule|HP Percentage Mod: HP is shown in percentages\n|rule|Sleep Clause Mod: Limit one foe put to sleep\n|rule|Illusion Level Mod: Illusion disguises the Pok\u00e9mon's true level\n|\n|t:|1783545863\n|teamsize|p1|6\n|teamsize|p2|6\n|start\n|switch|p1a: Sinistcha|Sinistcha, L83|254/254\n|switch|p2a: Zapdos|Zapdos-Galar, L77|100/100\n|turn|1\n|inactive|Battle timer is ON: inactive players will automatically lose when time's up. (requested by p0x523a94b)\n|inactive|p0y523cb47 also wants the timer to be on.\n|\n|t:|1783545865\n|switch|p1a: Misdreavus|Misdreavus, L90, F|254/254\n|move|p2a: Zapdos|Brave Bird|p1a: Misdreavus\n|-damage|p1a: Misdreavus|88/254\n|-damage|p2a: Zapdos|80/100|[from] Recoil\n|\n|upkeep\n|turn|2\n|inactive|Time left: 300 sec this turn | 300 sec total\n|\n|t:|1783545866\n|move|p1a: Misdreavus|Will-O-Wisp|p2a: Zapdos|[miss]\n|-miss|p1a: Misdreavus|p2a: Zapdos\n|move|p2a: Zapdos|Brave Bird|p1a: Misdreavus\n|-damage|p1a: Misdreavus|0 fnt\n|faint|p1a: Misdreavus\n|-damage|p2a: Zapdos|69/100|[from] Recoil\n|\n|upkeep\n|inactive|Time left: 300 sec this turn | 300 sec total | 5 sec grace\n|\n|t:|1783545867\n|switch|p1a: Arcanine|Arcanine-Hisui, L79, F|279/279\n|turn|3\n|inactive|Time left: 300 sec this turn | 300 sec total\n|\n|t:|1783545868\n|move|p2a: Zapdos|Brave Bird|p1a: Arcanine\n|-resisted|p1a: Arcanine\n|-damage|p1a: Arcanine|162/279\n|-damage|p2a: Zapdos|54/100|[from] Recoil\n|move|p1a: Arcanine|Flare Blitz|p2a: Zapdos\n|-damage|p2a: Zapdos|0 fnt\n|faint|p2a: Zapdos\n|\n|upkeep\n|\n|t:|1783545869\n|switch|p2a: Cloyster|Cloyster, L80, M|100/100\n|turn|4\n|inactive|Time left: 300 sec this turn | 300 sec total\n|\n|t:|1783545870\n|move|p1a: Arcanine|Flare Blitz|p2a: Cloyster\n|-damage|p2a: Cloyster|43/100\n|move|p2a: Cloyster|Shell Smash|p2a: Cloyster\n|-unboost|p2a: Cloyster|def|1\n|-unboost|p2a: Cloyster|spd|1\n|-boost|p2a: Cloyster|atk|2\n|-boost|p2a: Cloyster|spa|2\n|-boost|p2a: Cloyster|spe|2\n|-enditem|p2a: Cloyster|White Herb\n|-clearnegativeboost|p2a: Cloyster|[silent]\n|\n|upkeep\n|turn|5\n|inactive|Time left: 300 sec this turn | 300 sec total\n|\n|t:|1783545871\n|move|p2a: Cloyster|Rock Blast|p1a: Arcanine\n|-supereffective|p1a: Arcanine\n|-damage|p1a: Arcanine|90/279\n|-supereffective|p1a: Arcanine\n|-damage|p1a: Arcanine|12/279\n|-supereffective|p1a: Arcanine\n|-damage|p1a: Arcanine|0 fnt\n|faint|p1a: Arcanine\n|-hitcount|p1: Arcanine|3\n|\n|upkeep\n|inactive|Time left: 300 sec this turn | 300 sec total | 5 sec grace\n|\n|t:|1783545872\n|switch|p1a: Politoed|Politoed, L88, M|302/302\n|-weather|RainDance|[from] ability: Drizzle|[of] p1a: Politoed\n|turn|6\n|inactive|Time left: 300 sec this turn | 300 sec total\n|\n|t:|1783545873\n|move|p2a: Cloyster|Rock Blast|p1a: Politoed\n|-damage|p1a: Politoed|265/302\n|-damage|p1a: Politoed|228/302\n|-damage|p1a: Politoed|192/302\n|-damage|p1a: Politoed|159/302\n|-damage|p1a: Politoed|121/302\n|-hitcount|p1a: Politoed|5\n|move|p1a: Politoed|Surf|p2a: Cloyster\n|-resisted|p2a: Cloyster\n|-damage|p2a: Cloyster|0 fnt\n|faint|p2a: Cloyster\n|\n|-weather|RainDance|[upkeep]\n|-heal|p1a: Politoed|139/302|[from] item: Leftovers\n|upkeep\n|\n|t:|1783545874\n|switch|p2a: Cinccino|Cinccino, L83, F|100/100\n|turn|7\n|inactive|Time left: 300 sec this turn | 300 sec total\n|\n|t:|1783545876\n|-terastallize|p1a: Politoed|Steel\n|move|p2a: Cinccino|Bullet Seed|p1a: Politoed\n|-resisted|p1a: Politoed\n|-damage|p1a: Politoed|125/302\n|-resisted|p1a: Politoed\n|-damage|p1a: Politoed|111/302\n|-resisted|p1a: Politoed\n|-damage|p1a: Politoed|98/302\n|-resisted|p1a: Politoed\n|-damage|p1a: Politoed|84/302\n|-resisted|p1a: Politoed\n|-damage|p1a: Politoed|71/302\n|-hitcount|p1a: Politoed|5\n|move|p1a: Politoed|Surf|p2a: Cinccino\n|-damage|p2a: Cinccino|19/100\n|\n|-weather|RainDance|[upkeep]\n|-heal|p1a: Politoed|89/302|[from] item: Leftovers\n|upkeep\n|turn|8\n|inactive|Time left: 300 sec this turn | 300 sec total\n|\n|t:|1783545877\n|move|p2a: Cinccino|Tail Slap|p1a: Politoed\n|-resisted|p1a: Politoed\n|-damage|p1a: Politoed|70/302\n|-resisted|p1a: Politoed\n|-damage|p1a: Politoed|49/302\n|-resisted|p1a: Politoed\n|-damage|p1a: Politoed|28/302\n|-resisted|p1a: Politoed\n|-crit|p1a: Politoed\n|-damage|p1a: Politoed|0 fnt\n|faint|p1a: Politoed\n|-hitcount|p1: Politoed|4\n|\n|-weather|RainDance|[upkeep]\n|upkeep\n|inactive|Time left: 300 sec this turn | 300 sec total | 5 sec grace\n|\n|t:|1783545878\n|switch|p1a: Kyurem|Kyurem, L77|319/319\n|-ability|p1a: Kyurem|Pressure\n|turn|9\n|inactive|Time left: 300 sec this turn | 300 sec total\n|\n|t:|1783545879\n|switch|p2a: Zacian|Zacian-Crowned, L64|100/100\n|-ability|p2a: Zacian|Intrepid Sword|boost\n|-boost|p2a: Zacian|atk|1\n|move|p1a: Kyurem|Outrage|p2a: Zacian\n|-immune|p2a: Zacian\n|\n|-weather|RainDance|[upkeep]\n|upkeep\n|turn|10\n|inactive|Time left: 300 sec this turn | 300 sec total\n|\n|t:|1783545880\n|move|p2a: Zacian|Swords Dance|p2a: Zacian\n|-boost|p2a: Zacian|atk|2\n|move|p1a: Kyurem|Earth Power|p2a: Zacian\n|-supereffective|p2a: Zacian\n|-damage|p2a: Zacian|41/100\n|\n|-weather|none\n|upkeep\n|turn|11\n|inactive|Time left: 300 sec this turn | 300 sec total\n|\n|t:|1783545881\n|move|p2a: Zacian|Behemoth Blade|p1a: Kyurem\n|-supereffective|p1a: Kyurem\n|-damage|p1a: Kyurem|0 fnt\n|faint|p1a: Kyurem\n|\n|upkeep\n|inactive|Time left: 300 sec this turn | 300 sec total | 5 sec grace\n|\n|t:|1783545882\n|switch|p1a: Sinistcha|Sinistcha, L83|254/254\n|turn|12\n|inactive|Time left: 300 sec this turn | 300 sec total\n|\n|t:|1783545883\n|move|p2a: Zacian|Behemoth Blade|p1a: Sinistcha\n|-damage|p1a: Sinistcha|55/254\n|move|p1a: Sinistcha|Strength Sap|p2a: Zacian\n|-unboost|p2a: Zacian|atk|1\n|-heal|p1a: Sinistcha|254/254\n|\n|upkeep\n|turn|13\n|inactive|Time left: 300 sec this turn | 300 sec total\n|\n|t:|1783545884\n|move|p2a: Zacian|Behemoth Blade|p1a: Sinistcha\n|-damage|p1a: Sinistcha|91/254\n|move|p1a: Sinistcha|Strength Sap|p2a: Zacian\n|-unboost|p2a: Zacian|atk|1\n|-heal|p1a: Sinistcha|254/254\n|\n|upkeep\n|turn|14\n|inactive|Time left: 300 sec this turn | 300 sec total\n|\n|t:|1783545885\n|switch|p2a: Cinccino|Cinccino, L83, F|19/100\n|move|p1a: Sinistcha|Calm Mind|p1a: Sinistcha\n|-boost|p1a: Sinistcha|spa|1\n|-boost|p1a: Sinistcha|spd|1\n|\n|upkeep\n|turn|15\n|inactive|Time left: 300 sec this turn | 300 sec total\n|\n|t:|1783545886\n|move|p2a: Cinccino|Triple Axel|p1a: Sinistcha\n|-supereffective|p1a: Sinistcha\n|-damage|p1a: Sinistcha|216/254\n|-supereffective|p1a: Sinistcha\n|-damage|p1a: Sinistcha|146/254\n|-supereffective|p1a: Sinistcha\n|-damage|p1a: Sinistcha|32/254\n|-hitcount|p1a: Sinistcha|3\n|move|p1a: Sinistcha|Strength Sap|p2a: Cinccino\n|-unboost|p2a: Cinccino|atk|1\n|-heal|p1a: Sinistcha|237/254\n|\n|-heal|p1a: Sinistcha|252/254|[from] item: Leftovers\n|upkeep\n|turn|16\n|inactive|Time left: 300 sec this turn | 300 sec total\n|\n|t:|1783545887\n|move|p2a: Cinccino|Triple Axel|p1a: Sinistcha\n|-supereffective|p1a: Sinistcha\n|-damage|p1a: Sinistcha|226/254\n|-supereffective|p1a: Sinistcha\n|-damage|p1a: Sinistcha|180/254\n|-supereffective|p1a: Sinistcha\n|-damage|p1a: Sinistcha|112/254\n|-hitcount|p1a: Sinistcha|3\n|move|p1a: Sinistcha|Strength Sap|p2a: Cinccino\n|-unboost|p2a: Cinccino|atk|1\n|-heal|p1a: Sinistcha|248/254\n|\n|-heal|p1a: Sinistcha|254/254|[from] item: Leftovers\n|upkeep\n|turn|17\n|inactive|Time left: 300 sec this turn | 300 sec total\n|\n|t:|1783545888\n|move|p2a: Cinccino|Triple Axel|p1a: Sinistcha\n|-supereffective|p1a: Sinistcha\n|-damage|p1a: Sinistcha|234/254\n|-supereffective|p1a: Sinistcha\n|-damage|p1a: Sinistcha|198/254\n|-supereffective|p1a: Sinistcha\n|-damage|p1a: Sinistcha|140/254\n|-hitcount|p1a: Sinistcha|3\n|move|p1a: Sinistcha|Calm Mind|p1a: Sinistcha\n|-boost|p1a: Sinistcha|spa|1\n|-boost|p1a: Sinistcha|spd|1\n|\n|-heal|p1a: Sinistcha|155/254|[from] item: Leftovers\n|upkeep\n|turn|18\n|inactive|Time left: 300 sec this turn | 300 sec total\n|\n|t:|1783545889\n|move|p2a: Cinccino|Triple Axel|p1a: Sinistcha\n|-supereffective|p1a: Sinistcha\n|-damage|p1a: Sinistcha|137/254\n|-supereffective|p1a: Sinistcha\n|-damage|p1a: Sinistcha|99/254\n|-supereffective|p1a: Sinistcha\n|-damage|p1a: Sinistcha|43/254\n|-hitcount|p1a: Sinistcha|3\n|move|p1a: Sinistcha|Strength Sap|p2a: Cinccino\n|-unboost|p2a: Cinccino|atk|1\n|-heal|p1a: Sinistcha|145/254\n|\n|-heal|p1a: Sinistcha|160/254|[from] item: Leftovers\n|upkeep\n|turn|19\n|inactive|Time left: 300 sec this turn | 300 sec total\n|\n|t:|1783545889\n|move|p2a: Cinccino|Triple Axel|p1a: Sinistcha\n|-supereffective|p1a: Sinistcha\n|-damage|p1a: Sinistcha|144/254\n|-supereffective|p1a: Sinistcha\n|-damage|p1a: Sinistcha|116/254\n|-supereffective|p1a: Sinistcha\n|-damage|p1a: Sinistcha|70/254\n|-hitcount|p1a: Sinistcha|3\n|move|p1a: Sinistcha|Strength Sap|p2a: Cinccino\n|-unboost|p2a: Cinccino|atk|1\n|-heal|p1a: Sinistcha|152/254\n|\n|-heal|p1a: Sinistcha|167/254|[from] item: Leftovers\n|upkeep\n|turn|20\n|inactive|Time left: 300 sec this turn | 300 sec total\n|\n|t:|1783545890\n|move|p2a: Cinccino|Triple Axel|p1a: Sinistcha\n|-supereffective|p1a: Sinistcha\n|-damage|p1a: Sinistcha|151/254\n|-supereffective|p1a: Sinistcha\n|-damage|p1a: Sinistcha|125/254\n|-supereffective|p1a: Sinistcha\n|-damage|p1a: Sinistcha|85/254\n|-hitcount|p1a: Sinistcha|3\n|move|p1a: Sinistcha|Strength Sap|p2a: Cinccino\n|-unboost|p2a: Cinccino|atk|1\n|-heal|p1a: Sinistcha|153/254\n|\n|-heal|p1a: Sinistcha|168/254|[from] item: Leftovers\n|upkeep\n|turn|21\n|inactive|Time left: 300 sec this turn | 300 sec total\n|\n|t:|1783545891\n|move|p2a: Cinccino|Triple Axel|p1a: Sinistcha\n|-supereffective|p1a: Sinistcha\n|-damage|p1a: Sinistcha|156/254\n|-supereffective|p1a: Sinistcha\n|-crit|p1a: Sinistcha\n|-damage|p1a: Sinistcha|38/254\n|-supereffective|p1a: Sinistcha\n|-damage|p1a: Sinistcha|6/254\n|-hitcount|p1a: Sinistcha|3\n|move|p1a: Sinistcha|Strength Sap|p2a: Cinccino\n|-unboost|p2a: Cinccino|atk|1\n|-heal|p1a: Sinistcha|64/254\n|\n|-heal|p1a: Sinistcha|79/254|[from] item: Leftovers\n|upkeep\n|turn|22\n|inactive|Time left: 300 sec this turn | 300 sec total\n|\n|t:|1783545892\n|move|p2a: Cinccino|Triple Axel|p1a: Sinistcha\n|-supereffective|p1a: Sinistcha\n|-damage|p1a: Sinistcha|69/254\n|-supereffective|p1a: Sinistcha\n|-damage|p1a: Sinistcha|51/254\n|-supereffective|p1a: Sinistcha\n|-damage|p1a: Sinistcha|25/254\n|-hitcount|p1a: Sinistcha|3\n|move|p1a: Sinistcha|Strength Sap||[still]\n|-fail|p1a: Sinistcha\n|\n|-heal|p1a: Sinistcha|40/254|[from] item: Leftovers\n|upkeep\n|turn|23\n|inactive|Time left: 300 sec this turn | 300 sec total\n|\n|t:|1783545893\n|move|p2a: Cinccino|Triple Axel|p1a: Sinistcha\n|-supereffective|p1a: Sinistcha\n|-damage|p1a: Sinistcha|30/254\n|-supereffective|p1a: Sinistcha\n|-damage|p1a: Sinistcha|12/254\n|-supereffective|p1a: Sinistcha\n|-damage|p1a: Sinistcha|0 fnt\n|faint|p1a: Sinistcha\n|-hitcount|p1: Sinistcha|3\n|\n|upkeep\n|inactive|Time left: 300 sec this turn | 300 sec total | 5 sec grace\n|\n|t:|1783545894\n|switch|p1a: Meowscarada|Meowscarada, L78, M|247/247\n|turn|24\n|inactive|Time left: 300 sec this turn | 300 sec total\n|\n|t:|1783545895\n|move|p2a: Cinccino|Triple Axel|p1a: Meowscarada\n|-supereffective|p1a: Meowscarada\n|-damage|p1a: Meowscarada|233/247\n|-supereffective|p1a: Meowscarada\n|-damage|p1a: Meowscarada|207/247\n|-supereffective|p1a: Meowscarada\n|-damage|p1a: Meowscarada|165/247\n|-hitcount|p1a: Meowscarada|3\n|move|p1a: Meowscarada|Toxic Spikes|p2a: Cinccino\n|-start|p1a: Meowscarada|typechange|Poison|[from] ability: Protean\n|-sidestart|p2: p0y523cb47|move: Toxic Spikes\n|\n|upkeep\n|turn|25\n|inactive|Time left: 300 sec this turn | 300 sec total\n|\n|t:|1783545896\n|switch|p2a: Hypno|Hypno, L95, M, shiny|100/100\n|-status|p2a: Hypno|psn\n|move|p1a: Meowscarada|Flower Trick|p2a: Hypno\n|-crit|p2a: Hypno\n|-damage|p2a: Hypno|77/100 psn\n|\n|-heal|p2a: Hypno|83/100 psn|[from] item: Leftovers\n|-damage|p2a: Hypno|70/100 psn|[from] psn\n|upkeep\n|turn|26\n|inactive|Time left: 300 sec this turn | 300 sec total\n|\n|t:|1783545896\n|-terastallize|p2a: Hypno|Fairy\n|move|p1a: Meowscarada|Toxic Spikes|p2a: Hypno\n|-sidestart|p2: p0y523cb47|move: Toxic Spikes\n|move|p2a: Hypno|Psychic Noise|p1a: Meowscarada\n|-supereffective|p1a: Meowscarada\n|-damage|p1a: Meowscarada|0 fnt\n|faint|p1a: Meowscarada\n|\n|win|p0y523cb47", "uploadtime": 1783545896, "views": 0, "rating": 0, "private": 0, "password": null, "_winner": "p0y523cb47", "_our_name": "p0x523a94b"}