{"id": "battle-gen9randombattle-2840", "formatid": "gen9randombattle", "format": "[Gen 9] Random Battle", "players": ["p0x2840de69", "p0y2840fbb4"], "log": "|init|battle\n|title|p0x2840de69 vs. p0y2840fbb4\n|j|\u2606p0x2840de69\n|j|\u2606p0y2840fbb4\n|t:|1783571742\n|gametype|singles\n|player|p1|p0x2840de69|101|\n|player|p2|p0y2840fbb4|101|\n|gen|9\n|tier|[Gen 9] Random Battle\n|rule|Species Clause: Limit one of each Pok\u00e9mon\n|rule|HP Percentage Mod: HP is shown in percentages\n|rule|Sleep Clause Mod: Limit one foe put to sleep\n|rule|Illusion Level Mod: Illusion disguises the Pok\u00e9mon's true level\n|\n|t:|1783571742\n|teamsize|p1|6\n|teamsize|p2|6\n|start\n|switch|p1a: Veluza|Veluza, L85, F|219/219\n|switch|p2a: Orthworm|Orthworm, L88, F|100/100\n|turn|1\n|inactive|Battle timer is ON: inactive players will automatically lose when time's up. (requested by p0y2840fbb4)\n|inactive|Time left: 300 sec this turn | 300 sec total | 60 sec grace\n|inactive|p0x2840de69 also wants the timer to be on.\n|\n|t:|1783571744\n|move|p1a: Veluza|Bitter Malice|p2a: Orthworm\n|-damage|p2a: Orthworm|27/100\n|-unboost|p2a: Orthworm|atk|1\n|move|p2a: Orthworm|Spikes|p1a: Veluza\n|-sidestart|p1: p0x2840de69|Spikes\n|\n|-heal|p2a: Orthworm|33/100|[from] item: Leftovers\n|upkeep\n|turn|2\n|inactive|Time left: 300 sec this turn | 300 sec total\n|\n|t:|1783571744\n|switch|p2a: Gumshoos|Gumshoos, L95, F|100/100\n|move|p1a: Veluza|Bitter Malice|p2a: Gumshoos\n|-immune|p2a: Gumshoos\n|\n|upkeep\n|turn|3\n|inactive|Time left: 300 sec this turn | 300 sec total\n|\n|t:|1783571745\n|move|p1a: Veluza|Bitter Malice|p2a: Gumshoos\n|-immune|p2a: Gumshoos\n|move|p2a: Gumshoos|Knock Off|p1a: Veluza\n|-supereffective|p1a: Veluza\n|-damage|p1a: Veluza|0 fnt\n|replace|p1a: Zoroark|Zoroark-Hisui, L80, M\n|-end|p1a: Zoroark|Illusion\n|-hint|Illusion Level Mod is active, so this Pok\u00e9mon's true level was hidden.\n|-enditem|p1a: Zoroark|Choice Specs|[from] move: Knock Off|[of] p2a: Gumshoos\n|faint|p1a: Zoroark\n|\n|upkeep\n|inactive|Time left: 300 sec this turn | 300 sec total | 5 sec grace\n|\n|t:|1783571746\n|switch|p1a: Hariyama|Hariyama, L87, F|392/392\n|-damage|p1a: Hariyama|343/392|[from] Spikes\n|turn|4\n|inactive|Time left: 300 sec this turn | 300 sec total\n|\n|t:|1783571747\n|move|p2a: Gumshoos|Knock Off|p1a: Hariyama\n|-resisted|p1a: Hariyama\n|-damage|p1a: Hariyama|251/392\n|-enditem|p1a: Hariyama|Flame Orb|[from] move: Knock Off|[of] p2a: Gumshoos\n|move|p1a: Hariyama|Close Combat|p2a: Gumshoos\n|-supereffective|p2a: Gumshoos\n|-damage|p2a: Gumshoos|0 fnt\n|-unboost|p1a: Hariyama|def|1\n|-unboost|p1a: Hariyama|spd|1\n|faint|p2a: Gumshoos\n|\n|upkeep\n|\n|t:|1783571748\n|switch|p2a: Dipplin|Dipplin, L88, M|100/100\n|turn|5\n|inactive|Time left: 300 sec this turn | 300 sec total\n|\n|t:|1783571749\n|switch|p1a: Iron Crown|Iron Crown, L78|268/268\n|-damage|p1a: Iron Crown|235/268|[from] Spikes\n|move|p2a: Dipplin|Giga Drain|p1a: Iron Crown\n|-resisted|p1a: Iron Crown\n|-damage|p1a: Iron Crown|197/268\n|\n|upkeep\n|turn|6\n|inactive|Time left: 300 sec this turn | 300 sec total\n|\n|t:|1783571750\n|move|p2a: Dipplin|Sucker Punch|p1a: Iron Crown\n|-supereffective|p1a: Iron Crown\n|-damage|p1a: Iron Crown|105/268\n|move|p1a: Iron Crown|Tachyon Cutter|p2a: Dipplin\n|-damage|p2a: Dipplin|80/100\n|-damage|p2a: Dipplin|60/100\n|-hitcount|p2a: Dipplin|2\n|\n|upkeep\n|turn|7\n|inactive|Time left: 300 sec this turn | 300 sec total\n|\n|t:|1783571751\n|move|p1a: Iron Crown|Tachyon Cutter|p2a: Dipplin\n|-damage|p2a: Dipplin|40/100\n|-damage|p2a: Dipplin|18/100\n|-hitcount|p2a: Dipplin|2\n|move|p2a: Dipplin|Recover|p2a: Dipplin\n|-heal|p2a: Dipplin|68/100\n|\n|upkeep\n|turn|8\n|inactive|Time left: 300 sec this turn | 300 sec total\n|\n|t:|1783571752\n|move|p1a: Iron Crown|Tachyon Cutter|p2a: Dipplin\n|-damage|p2a: Dipplin|49/100\n|-damage|p2a: Dipplin|29/100\n|-hitcount|p2a: Dipplin|2\n|move|p2a: Dipplin|Recover|p2a: Dipplin\n|-heal|p2a: Dipplin|79/100\n|\n|upkeep\n|turn|9\n|inactive|Time left: 300 sec this turn | 300 sec total\n|\n|t:|1783571753\n|move|p1a: Iron Crown|Tachyon Cutter|p2a: Dipplin\n|-damage|p2a: Dipplin|60/100\n|-damage|p2a: Dipplin|40/100\n|-hitcount|p2a: Dipplin|2\n|move|p2a: Dipplin|Giga Drain|p1a: Iron Crown\n|-resisted|p1a: Iron Crown\n|-damage|p1a: Iron Crown|68/268\n|-heal|p2a: Dipplin|47/100|[from] drain|[of] p1a: Iron Crown\n|\n|upkeep\n|turn|10\n|inactive|Time left: 300 sec this turn | 300 sec total\n|\n|t:|1783571754\n|move|p1a: Iron Crown|Tachyon Cutter|p2a: Dipplin\n|-damage|p2a: Dipplin|27/100\n|-damage|p2a: Dipplin|6/100\n|-hitcount|p2a: Dipplin|2\n|move|p2a: Dipplin|Recover|p2a: Dipplin\n|-heal|p2a: Dipplin|56/100\n|\n|upkeep\n|turn|11\n|inactive|Time left: 300 sec this turn | 300 sec total\n|\n|t:|1783571755\n|move|p1a: Iron Crown|Tachyon Cutter|p2a: Dipplin\n|-damage|p2a: Dipplin|37/100\n|-damage|p2a: Dipplin|17/100\n|-hitcount|p2a: Dipplin|2\n|move|p2a: Dipplin|Recover|p2a: Dipplin\n|-heal|p2a: Dipplin|67/100\n|\n|upkeep\n|turn|12\n|inactive|Time left: 300 sec this turn | 300 sec total\n|\n|t:|1783571756\n|move|p1a: Iron Crown|Tachyon Cutter|p2a: Dipplin\n|-damage|p2a: Dipplin|46/100\n|-damage|p2a: Dipplin|27/100\n|-hitcount|p2a: Dipplin|2\n|move|p2a: Dipplin|Recover|p2a: Dipplin\n|-heal|p2a: Dipplin|77/100\n|\n|upkeep\n|turn|13\n|inactive|Time left: 300 sec this turn | 300 sec total\n|\n|t:|1783571757\n|move|p1a: Iron Crown|Tachyon Cutter|p2a: Dipplin\n|-damage|p2a: Dipplin|56/100\n|-damage|p2a: Dipplin|34/100\n|-hitcount|p2a: Dipplin|2\n|move|p2a: Dipplin|Recover|p2a: Dipplin\n|-heal|p2a: Dipplin|84/100\n|\n|upkeep\n|turn|14\n|inactive|Time left: 300 sec this turn | 300 sec total\n|\n|t:|1783571759\n|move|p1a: Iron Crown|Tachyon Cutter|p2a: Dipplin\n|-damage|p2a: Dipplin|65/100\n|-damage|p2a: Dipplin|45/100\n|-hitcount|p2a: Dipplin|2\n|move|p2a: Dipplin|Giga Drain|p1a: Iron Crown\n|-resisted|p1a: Iron Crown\n|-damage|p1a: Iron Crown|32/268\n|-heal|p2a: Dipplin|52/100|[from] drain|[of] p1a: Iron Crown\n|\n|upkeep\n|turn|15\n|inactive|Time left: 300 sec this turn | 300 sec total\n|\n|t:|1783571760\n|move|p1a: Iron Crown|Tachyon Cutter|p2a: Dipplin\n|-damage|p2a: Dipplin|31/100\n|-damage|p2a: Dipplin|12/100\n|-hitcount|p2a: Dipplin|2\n|move|p2a: Dipplin|Giga Drain|p1a: Iron Crown\n|-resisted|p1a: Iron Crown\n|-damage|p1a: Iron Crown|0 fnt\n|-heal|p2a: Dipplin|18/100|[from] drain|[of] p1a: Iron Crown\n|faint|p1a: Iron Crown\n|-end|p1a: Iron Crown|Quark Drive|[silent]\n|\n|upkeep\n|inactive|Time left: 300 sec this turn | 300 sec total | 5 sec grace\n|\n|t:|1783571761\n|switch|p1a: Veluza|Veluza, L85, F|292/292\n|-damage|p1a: Veluza|256/292|[from] Spikes\n|turn|16\n|inactive|Time left: 300 sec this turn | 300 sec total\n|\n|t:|1783571762\n|move|p1a: Veluza|Psycho Cut|p2a: Dipplin\n|-damage|p2a: Dipplin|0 fnt\n|faint|p2a: Dipplin\n|\n|upkeep\n|\n|t:|1783571763\n|switch|p2a: Suicune|Suicune, L82|100/100\n|-ability|p2a: Suicune|Pressure\n|turn|17\n|inactive|Time left: 300 sec this turn | 300 sec total\n|\n|t:|1783571764\n|move|p2a: Suicune|Scald|p1a: Veluza\n|-resisted|p1a: Veluza\n|-damage|p1a: Veluza|208/292\n|-status|p1a: Veluza|brn\n|move|p1a: Veluza|Psycho Cut|p2a: Suicune\n|-damage|p2a: Suicune|74/100\n|\n|-heal|p2a: Suicune|80/100|[from] item: Leftovers\n|-damage|p1a: Veluza|190/292 brn|[from] brn\n|upkeep\n|turn|18\n|inactive|Time left: 300 sec this turn | 300 sec total\n|\n|t:|1783571765\n|move|p2a: Suicune|Calm Mind|p2a: Suicune\n|-boost|p2a: Suicune|spa|1\n|-boost|p2a: Suicune|spd|1\n|move|p1a: Veluza|Psycho Cut|p2a: Suicune\n|-damage|p2a: Suicune|54/100\n|\n|-heal|p2a: Suicune|60/100|[from] item: Leftovers\n|-damage|p1a: Veluza|172/292 brn|[from] brn\n|upkeep\n|turn|19\n|inactive|Time left: 300 sec this turn | 300 sec total\n|\n|t:|1783571766\n|move|p2a: Suicune|Calm Mind|p2a: Suicune\n|-boost|p2a: Suicune|spa|1\n|-boost|p2a: Suicune|spd|1\n|move|p1a: Veluza|Psycho Cut|p2a: Suicune\n|-damage|p2a: Suicune|34/100\n|\n|-heal|p2a: Suicune|40/100|[from] item: Leftovers\n|-damage|p1a: Veluza|154/292 brn|[from] brn\n|upkeep\n|turn|20\n|inactive|Time left: 300 sec this turn | 300 sec total\n|\n|t:|1783571766\n|move|p2a: Suicune|Scald|p1a: Veluza\n|-resisted|p1a: Veluza\n|-damage|p1a: Veluza|66/292 brn\n|move|p1a: Veluza|Psycho Cut|p2a: Suicune\n|-damage|p2a: Suicune|16/100\n|\n|-heal|p2a: Suicune|22/100|[from] item: Leftovers\n|-damage|p1a: Veluza|48/292 brn|[from] brn\n|upkeep\n|turn|21\n|inactive|Time left: 300 sec this turn | 300 sec total\n|\n|t:|1783571767\n|move|p2a: Suicune|Ice Beam|p1a: Veluza\n|-resisted|p1a: Veluza\n|-damage|p1a: Veluza|0 fnt\n|faint|p1a: Veluza\n|\n|-heal|p2a: Suicune|28/100|[from] item: Leftovers\n|upkeep\n|inactive|Time left: 300 sec this turn | 300 sec total | 5 sec grace\n|\n|t:|1783571768\n|switch|p1a: Archaludon|Archaludon, L78, M|268/268\n|-damage|p1a: Archaludon|235/268|[from] Spikes\n|turn|22\n|inactive|Time left: 300 sec this turn | 300 sec total\n|\n|t:|1783571769\n|move|p2a: Suicune|Ice Beam|p1a: Archaludon\n|-damage|p1a: Archaludon|89/268\n|-ability|p1a: Archaludon|Stamina|boost\n|-boost|p1a: Archaludon|def|1\n|move|p1a: Archaludon|Outrage|p2a: Suicune\n|-damage|p2a: Suicune|0 fnt\n|faint|p2a: Suicune\n|\n|upkeep\n|\n|t:|1783571770\n|switch|p2a: Slowbro|Slowbro, L85, M|100/100\n|turn|23\n|inactive|Time left: 300 sec this turn | 300 sec total\n|\n|t:|1783571770\n|-terastallize|p2a: Slowbro|Fairy\n|move|p1a: Archaludon|Outrage|p2a: Slowbro|[from] lockedmove\n|-immune|p2a: Slowbro\n|-start|p1a: Archaludon|confusion|[fatigue]\n|-enditem|p1a: Archaludon|Lum Berry|[eat]\n|-end|p1a: Archaludon|confusion\n|move|p2a: Slowbro|Psychic Noise|p1a: Archaludon\n|-resisted|p1a: Archaludon\n|-damage|p1a: Archaludon|35/268\n|-start|p1a: Archaludon|move: Heal Block\n|-ability|p1a: Archaludon|Stamina|boost\n|-boost|p1a: Archaludon|def|1\n|\n|upkeep\n|turn|24\n|inactive|Time left: 300 sec this turn | 300 sec total\n|\n|t:|1783571771\n|move|p1a: Archaludon|Iron Head|p2a: Slowbro\n|-supereffective|p2a: Slowbro\n|-damage|p2a: Slowbro|58/100\n|move|p2a: Slowbro|Psychic Noise|p1a: Archaludon\n|-resisted|p1a: Archaludon\n|-damage|p1a: Archaludon|0 fnt\n|faint|p1a: Archaludon\n|\n|upkeep\n|inactive|Time left: 300 sec this turn | 300 sec total | 5 sec grace\n|\n|t:|1783571773\n|switch|p1a: Dudunsparce|Dudunsparce, L83, F|343/343\n|-damage|p1a: Dudunsparce|301/343|[from] Spikes\n|turn|25\n|inactive|Time left: 300 sec this turn | 300 sec total\n|\n|t:|1783571774\n|switch|p2a: Orthworm|Orthworm, L88, F|33/100\n|move|p1a: Dudunsparce|Boomburst|p2a: Orthworm\n|-resisted|p2a: Orthworm\n|-damage|p2a: Orthworm|0 fnt\n|faint|p2a: Orthworm\n|\n|-heal|p1a: Dudunsparce|322/343|[from] item: Leftovers\n|upkeep\n|\n|t:|1783571775\n|switch|p2a: Ho-Oh|Ho-Oh, L71|100/100\n|turn|26\n|inactive|Time left: 300 sec this turn | 300 sec total\n|\n|t:|1783571776\n|move|p2a: Ho-Oh|Sacred Fire|p1a: Dudunsparce\n|-damage|p1a: Dudunsparce|223/343\n|move|p1a: Dudunsparce|Toxic|p2a: Ho-Oh\n|-status|p2a: Ho-Oh|tox\n|\n|-heal|p1a: Dudunsparce|244/343|[from] item: Leftovers\n|-damage|p2a: Ho-Oh|95/100 tox|[from] psn\n|upkeep\n|turn|27\n|inactive|Time left: 300 sec this turn | 300 sec total\n|\n|t:|1783571777\n|move|p2a: Ho-Oh|Sacred Fire|p1a: Dudunsparce\n|-damage|p1a: Dudunsparce|139/343\n|-status|p1a: Dudunsparce|brn\n|move|p1a: Dudunsparce|Roost|p1a: Dudunsparce\n|-heal|p1a: Dudunsparce|311/343 brn\n|-singleturn|p1a: Dudunsparce|move: Roost\n|\n|-heal|p1a: Dudunsparce|332/343 brn|[from] item: Leftovers\n|-damage|p2a: Ho-Oh|83/100 tox|[from] psn\n|-damage|p1a: Dudunsparce|311/343 brn|[from] brn\n|upkeep\n|turn|28\n|inactive|Time left: 300 sec this turn | 300 sec total\n|\n|t:|1783571778\n|switch|p2a: Slowbro|Slowbro, L85, M, tera:Fairy|91/100\n|move|p1a: Dudunsparce|Boomburst|p2a: Slowbro\n|-damage|p2a: Slowbro|62/100\n|\n|-heal|p1a: Dudunsparce|332/343 brn|[from] item: Leftovers\n|-damage|p1a: Dudunsparce|311/343 brn|[from] brn\n|upkeep\n|turn|29\n|inactive|Time left: 300 sec this turn | 300 sec total\n|\n|t:|1783571779\n|move|p1a: Dudunsparce|Boomburst|p2a: Slowbro\n|-damage|p2a: Slowbro|30/100\n|move|p2a: Slowbro|Psychic Noise|p1a: Dudunsparce\n|-damage|p1a: Dudunsparce|212/343 brn\n|-start|p1a: Dudunsparce|move: Heal Block\n|\n|-damage|p1a: Dudunsparce|191/343 brn|[from] brn\n|upkeep\n|turn|30\n|inactive|Time left: 300 sec this turn | 300 sec total\n|\n|t:|1783571781\n|switch|p2a: Ho-Oh|Ho-Oh, L71|100/100 tox\n|move|p1a: Dudunsparce|Boomburst|p2a: Ho-Oh\n|-crit|p2a: Ho-Oh\n|-damage|p2a: Ho-Oh|44/100 tox\n|\n|-damage|p2a: Ho-Oh|38/100 tox|[from] psn\n|-damage|p1a: Dudunsparce|170/343 brn|[from] brn\n|-end|p1a: Dudunsparce|move: Heal Block\n|upkeep\n|turn|31\n|inactive|Time left: 300 sec this turn | 300 sec total\n|\n|t:|1783571782\n|switch|p2a: Slowbro|Slowbro, L85, M, tera:Fairy|64/100\n|move|p1a: Dudunsparce|Roost|p1a: Dudunsparce\n|-heal|p1a: Dudunsparce|342/343 brn\n|-singleturn|p1a: Dudunsparce|move: Roost\n|\n|-heal|p1a: Dudunsparce|343/343 brn|[from] item: Leftovers\n|-damage|p1a: Dudunsparce|322/343 brn|[from] brn\n|upkeep\n|turn|32\n|inactive|Time left: 300 sec this turn | 300 sec total\n|\n|t:|1783571783\n|switch|p2a: Ho-Oh|Ho-Oh, L71|71/100 tox\n|move|p1a: Dudunsparce|Boomburst|p2a: Ho-Oh\n|-damage|p2a: Ho-Oh|32/100 tox\n|\n|-heal|p1a: Dudunsparce|343/343 brn|[from] item: Leftovers\n|-damage|p2a: Ho-Oh|26/100 tox|[from] psn\n|-damage|p1a: Dudunsparce|322/343 brn|[from] brn\n|upkeep\n|turn|33\n|inactive|Time left: 300 sec this turn | 300 sec total\n|\n|t:|1783571784\n|switch|p2a: Slowbro|Slowbro, L85, M, tera:Fairy|97/100\n|move|p1a: Dudunsparce|Boomburst|p2a: Slowbro\n|-damage|p2a: Slowbro|69/100\n|\n|-heal|p1a: Dudunsparce|343/343 brn|[from] item: Leftovers\n|-damage|p1a: Dudunsparce|322/343 brn|[from] brn\n|upkeep\n|turn|34\n|inactive|Time left: 300 sec this turn | 300 sec total\n|\n|t:|1783571785\n|switch|p2a: Ho-Oh|Ho-Oh, L71|59/100 tox\n|move|p1a: Dudunsparce|Boomburst|p2a: Ho-Oh\n|-damage|p2a: Ho-Oh|21/100 tox\n|\n|-heal|p1a: Dudunsparce|343/343 brn|[from] item: Leftovers\n|-damage|p2a: Ho-Oh|15/100 tox|[from] psn\n|-damage|p1a: Dudunsparce|322/343 brn|[from] brn\n|upkeep\n|turn|35\n|inactive|Time left: 300 sec this turn | 300 sec total\n|\n|t:|1783571786\n|move|p2a: Ho-Oh|Recover|p2a: Ho-Oh\n|-heal|p2a: Ho-Oh|65/100 tox\n|move|p1a: Dudunsparce|Boomburst|p2a: Ho-Oh\n|-crit|p2a: Ho-Oh\n|-damage|p2a: Ho-Oh|12/100 tox\n|\n|-heal|p1a: Dudunsparce|343/343 brn|[from] item: Leftovers\n|-damage|p2a: Ho-Oh|0 fnt|[from] psn\n|faint|p2a: Ho-Oh\n|-damage|p1a: Dudunsparce|322/343 brn|[from] brn\n|upkeep\n|\n|t:|1783571787\n|switch|p2a: Slowbro|Slowbro, L85, M, tera:Fairy|100/100\n|turn|36\n|inactive|Time left: 300 sec this turn | 300 sec total\n|\n|t:|1783571788\n|move|p1a: Dudunsparce|Toxic|p2a: Slowbro\n|-status|p2a: Slowbro|tox\n|move|p2a: Slowbro|Scald|p1a: Dudunsparce\n|-damage|p1a: Dudunsparce|213/343 brn\n|\n|-heal|p1a: Dudunsparce|234/343 brn|[from] item: Leftovers\n|-damage|p2a: Slowbro|94/100 tox|[from] psn\n|-damage|p1a: Dudunsparce|213/343 brn|[from] brn\n|upkeep\n|turn|37\n|inactive|Time left: 300 sec this turn | 300 sec total\n|\n|t:|1783571789\n|move|p1a: Dudunsparce|Boomburst|p2a: Slowbro\n|-damage|p2a: Slowbro|62/100 tox\n|move|p2a: Slowbro|Fire Blast|p1a: Dudunsparce\n|-damage|p1a: Dudunsparce|127/343 brn\n|\n|-heal|p1a: Dudunsparce|148/343 brn|[from] item: Leftovers\n|-damage|p2a: Slowbro|50/100 tox|[from] psn\n|-damage|p1a: Dudunsparce|127/343 brn|[from] brn\n|upkeep\n|turn|38\n|inactive|Time left: 300 sec this turn | 300 sec total\n|\n|t:|1783571791\n|move|p1a: Dudunsparce|Earthquake|p2a: Slowbro\n|-damage|p2a: Slowbro|40/100 tox\n|move|p2a: Slowbro|Psychic Noise|p1a: Dudunsparce\n|-damage|p1a: Dudunsparce|28/343 brn\n|-start|p1a: Dudunsparce|move: Heal Block\n|\n|-damage|p2a: Slowbro|22/100 tox|[from] psn\n|-damage|p1a: Dudunsparce|7/343 brn|[from] brn\n|upkeep\n|turn|39\n|inactive|Time left: 300 sec this turn | 300 sec total\n|\n|t:|1783571792\n|move|p1a: Dudunsparce|Boomburst|p2a: Slowbro\n|-damage|p2a: Slowbro|0 fnt\n|faint|p2a: Slowbro\n|\n|win|p0x2840de69", "uploadtime": 1783571792, "views": 0, "rating": 0, "private": 0, "password": null, "_winner": "p0x2840de69", "_our_name": "p0x2840de69"}