{"id": "battle-gen9randombattle-1603", "formatid": "gen9randombattle", "format": "[Gen 9] Random Battle", "players": ["p0x1603a271", "p0y1603ee3e"], "log": "|init|battle\n|title|p0x1603a271 vs. p0y1603ee3e\n|j|\u2606p0x1603a271\n|j|\u2606p0y1603ee3e\n|t:|1783558550\n|gametype|singles\n|player|p1|p0x1603a271|102|\n|player|p2|p0y1603ee3e|266|\n|gen|9\n|tier|[Gen 9] Random Battle\n|rule|Species Clause: Limit one of each Pok\u00e9mon\n|rule|HP Percentage Mod: HP is shown in percentages\n|rule|Sleep Clause Mod: Limit one foe put to sleep\n|rule|Illusion Level Mod: Illusion disguises the Pok\u00e9mon's true level\n|\n|t:|1783558550\n|teamsize|p1|6\n|teamsize|p2|6\n|start\n|switch|p1a: Blaziken|Blaziken, L76, M|100/100\n|switch|p2a: Eiscue|Eiscue, L88, F|274/274\n|turn|1\n|inactive|Battle timer is ON: inactive players will automatically lose when time's up. (requested by p0x1603a271)\n|inactive|Time left: 300 sec this turn | 300 sec total | 60 sec grace\n|\n|t:|1783558552\n|move|p1a: Blaziken|Swords Dance|p1a: Blaziken\n|-boost|p1a: Blaziken|atk|2\n|move|p2a: Eiscue|Belly Drum|p2a: Eiscue\n|-damage|p2a: Eiscue|137/274\n|-setboost|p2a: Eiscue|atk|6|[from] move: Belly Drum\n|-enditem|p2a: Eiscue|Sitrus Berry|[eat]\n|-heal|p2a: Eiscue|205/274|[from] item: Sitrus Berry\n|\n|-ability|p1a: Blaziken|Speed Boost|boost\n|-boost|p1a: Blaziken|spe|1\n|upkeep\n|turn|2\n|inactive|Time left: 300 sec this turn | 300 sec total\n|inactive|p0y1603ee3e also wants the timer to be on.\n|\n|t:|1783558553\n|switch|p1a: Flapple|Flapple, L88, F|100/100\n|move|p2a: Eiscue|Liquidation|p1a: Flapple\n|-resisted|p1a: Flapple\n|-damage|p1a: Flapple|78/100\n|\n|upkeep\n|turn|3\n|inactive|Time left: 300 sec this turn | 300 sec total\n|\n|t:|1783558554\n|-terastallize|p1a: Flapple|Fire\n|move|p1a: Flapple|Tera Blast|p2a: Eiscue|[anim] Tera Blast Fire\n|-activate|p2a: Eiscue|ability: Ice Face\n|-damage|p2a: Eiscue|205/274\n|detailschange|p2a: Eiscue|Eiscue-Noice, L88, F\n|move|p2a: Eiscue|Ice Spinner|p1a: Flapple\n|-resisted|p1a: Flapple\n|-damage|p1a: Flapple|15/100\n|\n|upkeep\n|turn|4\n|inactive|Time left: 300 sec this turn | 300 sec total\n|\n|t:|1783558555\n|move|p2a: Eiscue|Ice Spinner|p1a: Flapple\n|-resisted|p1a: Flapple\n|-damage|p1a: Flapple|0 fnt\n|faint|p1a: Flapple\n|\n|upkeep\n|\n|t:|1783558556\n|switch|p1a: Samurott|Samurott, L88, M|100/100\n|turn|5\n|inactive|Time left: 300 sec this turn | 300 sec total\n|\n|t:|1783558558\n|move|p2a: Eiscue|Ice Spinner|p1a: Samurott\n|-resisted|p1a: Samurott\n|-damage|p1a: Samurott|49/100\n|move|p1a: Samurott|Sacred Sword|p2a: Eiscue\n|-supereffective|p2a: Eiscue\n|-crit|p2a: Eiscue\n|-damage|p2a: Eiscue|0 fnt\n|faint|p2a: Eiscue\n|-damage|p1a: Samurott|39/100|[from] item: Life Orb\n|\n|upkeep\n|inactive|Time left: 300 sec this turn | 300 sec total | 5 sec grace\n|\n|t:|1783558559\n|switch|p2a: Rillaboom|Rillaboom, L79, M|288/288\n|-fieldstart|move: Grassy Terrain|[from] ability: Grassy Surge|[of] p2a: Rillaboom\n|turn|6\n|inactive|Time left: 300 sec this turn | 300 sec total\n|\n|t:|1783558560\n|switch|p1a: Arbok|Arbok, L87, M|100/100\n|-ability|p1a: Arbok|Intimidate|boost\n|-unboost|p2a: Rillaboom|atk|1\n|move|p2a: Rillaboom|Wood Hammer|p1a: Arbok\n|-resisted|p1a: Arbok\n|-damage|p1a: Arbok|67/100\n|-damage|p2a: Rillaboom|261/288|[from] Recoil\n|-damage|p2a: Rillaboom|233/288|[from] item: Life Orb\n|\n|-heal|p1a: Arbok|73/100|[from] Grassy Terrain\n|-heal|p1a: Arbok|79/100|[from] item: Leftovers\n|-heal|p2a: Rillaboom|251/288|[from] Grassy Terrain\n|upkeep\n|turn|7\n|inactive|Time left: 300 sec this turn | 300 sec total\n|\n|t:|1783558561\n|switch|p2a: Arceus|Arceus-Ice, L72|291/291\n|move|p1a: Arbok|Gunk Shot|p2a: Arceus\n|-damage|p2a: Arceus|161/291\n|\n|-heal|p2a: Arceus|179/291|[from] Grassy Terrain\n|-heal|p1a: Arbok|85/100|[from] Grassy Terrain\n|-heal|p1a: Arbok|92/100|[from] item: Leftovers\n|upkeep\n|turn|8\n|inactive|Time left: 300 sec this turn | 300 sec total\n|\n|t:|1783558563\n|move|p2a: Arceus|Earth Power|p1a: Arbok\n|-supereffective|p1a: Arbok\n|-crit|p1a: Arbok\n|-damage|p1a: Arbok|14/100\n|-unboost|p1a: Arbok|spd|1\n|move|p1a: Arbok|Coil|p1a: Arbok\n|-boost|p1a: Arbok|atk|1\n|-boost|p1a: Arbok|def|1\n|-boost|p1a: Arbok|accuracy|1\n|\n|-heal|p2a: Arceus|197/291|[from] Grassy Terrain\n|-heal|p1a: Arbok|20/100|[from] Grassy Terrain\n|-heal|p1a: Arbok|26/100|[from] item: Leftovers\n|upkeep\n|turn|9\n|inactive|Time left: 300 sec this turn | 300 sec total\n|\n|t:|1783558564\n|switch|p1a: Blaziken|Blaziken, L76, M|100/100\n|move|p2a: Arceus|Earth Power|p1a: Blaziken\n|-supereffective|p1a: Blaziken\n|-damage|p1a: Blaziken|37/100\n|\n|-heal|p2a: Arceus|215/291|[from] Grassy Terrain\n|-heal|p1a: Blaziken|43/100|[from] Grassy Terrain\n|upkeep\n|turn|10\n|inactive|Time left: 300 sec this turn | 300 sec total\n|\n|t:|1783558565\n|switch|p1a: Samurott|Samurott, L88, M|39/100\n|move|p2a: Arceus|Earth Power|p1a: Samurott\n|-damage|p1a: Samurott|20/100\n|-unboost|p1a: Samurott|spd|1\n|\n|-heal|p2a: Arceus|233/291|[from] Grassy Terrain\n|-heal|p1a: Samurott|26/100|[from] Grassy Terrain\n|-fieldend|move: Grassy Terrain\n|upkeep\n|turn|11\n|inactive|Time left: 300 sec this turn | 300 sec total\n|\n|t:|1783558566\n|switch|p1a: Arbok|Arbok, L87, M|26/100\n|-ability|p1a: Arbok|Intimidate|boost\n|-unboost|p2a: Arceus|atk|1\n|move|p2a: Arceus|Earth Power|p1a: Arbok\n|-supereffective|p1a: Arbok\n|-damage|p1a: Arbok|0 fnt\n|faint|p1a: Arbok\n|\n|upkeep\n|\n|t:|1783558566\n|switch|p1a: Raichu|Raichu-Alola, L87, F|100/100\n|turn|12\n|inactive|Time left: 300 sec this turn | 300 sec total\n|\n|t:|1783558567\n|move|p1a: Raichu|Nasty Plot|p1a: Raichu\n|-boost|p1a: Raichu|spa|2\n|move|p2a: Arceus|Calm Mind|p2a: Arceus\n|-boost|p2a: Arceus|spa|1\n|-boost|p2a: Arceus|spd|1\n|\n|upkeep\n|turn|13\n|inactive|Time left: 300 sec this turn | 300 sec total\n|\n|t:|1783558568\n|-terastallize|p2a: Arceus|Ground\n|move|p1a: Raichu|Psyshock|p2a: Arceus\n|-damage|p2a: Arceus|15/291\n|-damage|p1a: Raichu|91/100|[from] item: Life Orb\n|move|p2a: Arceus|Earth Power|p1a: Raichu\n|-supereffective|p1a: Raichu\n|-damage|p1a: Raichu|0 fnt\n|faint|p1a: Raichu\n|\n|upkeep\n|\n|t:|1783558569\n|switch|p1a: Shiftry|Shiftry, L89, M|100/100\n|turn|14\n|inactive|Time left: 300 sec this turn | 300 sec total\n|\n|t:|1783558570\n|move|p1a: Shiftry|Sucker Punch|p2a: Arceus\n|-damage|p2a: Arceus|0 fnt\n|faint|p2a: Arceus\n|-damage|p1a: Shiftry|91/100|[from] item: Life Orb\n|\n|upkeep\n|inactive|Time left: 300 sec this turn | 300 sec total | 5 sec grace\n|\n|t:|1783558571\n|switch|p2a: Skeledirge|Skeledirge, L79, F|294/294\n|turn|15\n|inactive|Time left: 300 sec this turn | 300 sec total\n|\n|t:|1783558572\n|switch|p2a: Quagsire|Quagsire, L84, M|297/297\n|move|p1a: Shiftry|Knock Off|p2a: Quagsire\n|-crit|p2a: Quagsire\n|-damage|p2a: Quagsire|55/297\n|-enditem|p2a: Quagsire|Leftovers|[from] move: Knock Off|[of] p1a: Shiftry\n|-damage|p1a: Shiftry|81/100|[from] item: Life Orb\n|\n|upkeep\n|turn|16\n|inactive|Time left: 300 sec this turn | 300 sec total\n|\n|t:|1783558573\n|move|p1a: Shiftry|Knock Off|p2a: Quagsire\n|-damage|p2a: Quagsire|0 fnt\n|faint|p2a: Quagsire\n|-damage|p1a: Shiftry|71/100|[from] item: Life Orb\n|\n|upkeep\n|inactive|Time left: 300 sec this turn | 300 sec total | 5 sec grace\n|\n|t:|1783558574\n|switch|p2a: Rillaboom|Rillaboom, L79, M|251/288\n|-fieldstart|move: Grassy Terrain|[from] ability: Grassy Surge|[of] p2a: Rillaboom\n|turn|17\n|inactive|Time left: 300 sec this turn | 300 sec total\n|\n|t:|1783558575\n|move|p1a: Shiftry|Knock Off|p2a: Rillaboom\n|-damage|p2a: Rillaboom|99/288\n|-enditem|p2a: Rillaboom|Life Orb|[from] move: Knock Off|[of] p1a: Shiftry\n|-damage|p1a: Shiftry|61/100|[from] item: Life Orb\n|move|p2a: Rillaboom|Swords Dance|p2a: Rillaboom\n|-boost|p2a: Rillaboom|atk|2\n|\n|-heal|p1a: Shiftry|67/100|[from] Grassy Terrain\n|-heal|p2a: Rillaboom|117/288|[from] Grassy Terrain\n|upkeep\n|turn|18\n|inactive|Time left: 300 sec this turn | 300 sec total\n|\n|t:|1783558576\n|move|p1a: Shiftry|Leaf Storm|p2a: Rillaboom|[miss]\n|-miss|p1a: Shiftry|p2a: Rillaboom\n|move|p2a: Rillaboom|Wood Hammer|p1a: Shiftry\n|-resisted|p1a: Shiftry\n|-damage|p1a: Shiftry|0 fnt\n|faint|p1a: Shiftry\n|-damage|p2a: Rillaboom|50/288|[from] Recoil\n|\n|-heal|p2a: Rillaboom|68/288|[from] Grassy Terrain\n|upkeep\n|\n|t:|1783558577\n|switch|p1a: Blaziken|Blaziken, L76, M|43/100\n|turn|19\n|inactive|Time left: 300 sec this turn | 300 sec total\n|\n|t:|1783558578\n|move|p2a: Rillaboom|Wood Hammer|p1a: Blaziken\n|-resisted|p1a: Blaziken\n|-damage|p1a: Blaziken|0 fnt\n|faint|p1a: Blaziken\n|-damage|p2a: Rillaboom|34/288|[from] Recoil\n|\n|-heal|p2a: Rillaboom|52/288|[from] Grassy Terrain\n|upkeep\n|\n|t:|1783558579\n|switch|p1a: Samurott|Samurott, L88, M|26/100\n|turn|20\n|inactive|Time left: 300 sec this turn | 300 sec total\n|\n|t:|1783558580\n|move|p2a: Rillaboom|Wood Hammer|p1a: Samurott\n|-supereffective|p1a: Samurott\n|-damage|p1a: Samurott|0 fnt\n|faint|p1a: Samurott\n|-damage|p2a: Rillaboom|26/288|[from] Recoil\n|\n|win|p0y1603ee3e", "uploadtime": 1783558580, "views": 0, "rating": 0, "private": 0, "password": null, "_winner": "p0y1603ee3e", "_our_name": "p0y1603ee3e"}