{"id": "battle-gen9randombattle-79", "formatid": "gen9randombattle", "format": "[Gen 9] Random Battle", "players": ["p0x0790ec8", "p0y079ecf6"], "log": "|init|battle\n|title|p0x0790ec8 vs. p0y079ecf6\n|j|\u2606p0x0790ec8\n|j|\u2606p0y079ecf6\n|t:|1783534699\n|gametype|singles\n|player|p1|p0x0790ec8|266|\n|player|p2|p0y079ecf6|101|\n|gen|9\n|tier|[Gen 9] Random Battle\n|rule|Species Clause: Limit one of each Pok\u00e9mon\n|rule|HP Percentage Mod: HP is shown in percentages\n|rule|Sleep Clause Mod: Limit one foe put to sleep\n|rule|Illusion Level Mod: Illusion disguises the Pok\u00e9mon's true level\n|\n|t:|1783534699\n|teamsize|p1|6\n|teamsize|p2|6\n|start\n|switch|p1a: Metagross|Metagross, L79|100/100\n|switch|p2a: Virizion|Virizion, L82|283/283\n|turn|1\n|inactive|Battle timer is ON: inactive players will automatically lose when time's up. (requested by p0y079ecf6)\n|inactive|p0x0790ec8 also wants the timer to be on.\n|\n|t:|1783534701\n|move|p2a: Virizion|Swords Dance|p2a: Virizion\n|-boost|p2a: Virizion|atk|2\n|move|p1a: Metagross|Psychic Fangs|p2a: Virizion\n|-supereffective|p2a: Virizion\n|-damage|p2a: Virizion|19/283\n|\n|upkeep\n|turn|2\n|inactive|Time left: 300 sec this turn | 300 sec total\n|\n|t:|1783534702\n|move|p1a: Metagross|Bullet Punch|p2a: Virizion\n|-damage|p2a: Virizion|0 fnt\n|faint|p2a: Virizion\n|\n|upkeep\n|inactive|Time left: 300 sec this turn | 300 sec total | 5 sec grace\n|\n|t:|1783534703\n|switch|p2a: Grumpig|Grumpig, L92, M|297/297\n|turn|3\n|inactive|Time left: 300 sec this turn | 300 sec total\n|\n|t:|1783534704\n|move|p2a: Grumpig|Nasty Plot|p2a: Grumpig\n|-boost|p2a: Grumpig|spa|2\n|move|p1a: Metagross|Heavy Slam|p2a: Grumpig\n|-damage|p2a: Grumpig|128/297\n|\n|-heal|p2a: Grumpig|146/297|[from] item: Leftovers\n|upkeep\n|turn|4\n|inactive|Time left: 300 sec this turn | 300 sec total\n|\n|t:|1783534705\n|-terastallize|p1a: Metagross|Water\n|move|p2a: Grumpig|Shadow Ball|p1a: Metagross\n|-damage|p1a: Metagross|50/100\n|move|p1a: Metagross|Heavy Slam|p2a: Grumpig\n|-damage|p2a: Grumpig|0 fnt\n|faint|p2a: Grumpig\n|\n|-heal|p1a: Metagross|56/100|[from] item: Leftovers\n|upkeep\n|inactive|Time left: 300 sec this turn | 300 sec total | 5 sec grace\n|\n|t:|1783534706\n|switch|p2a: Tsareena|Tsareena, L87, F|267/267\n|turn|5\n|inactive|Time left: 300 sec this turn | 300 sec total\n|\n|t:|1783534707\n|move|p2a: Tsareena|Power Whip|p1a: Metagross\n|-supereffective|p1a: Metagross\n|-damage|p1a: Metagross|0 fnt\n|faint|p1a: Metagross\n|\n|upkeep\n|\n|t:|1783534708\n|switch|p1a: Coalossal|Coalossal, L89, M|100/100\n|turn|6\n|inactive|Time left: 300 sec this turn | 300 sec total\n|\n|t:|1783534709\n|move|p2a: Tsareena|High Jump Kick|p1a: Coalossal\n|-supereffective|p1a: Coalossal\n|-damage|p1a: Coalossal|54/100\n|move|p1a: Coalossal|Will-O-Wisp|p2a: Tsareena\n|-status|p2a: Tsareena|brn\n|\n|-damage|p2a: Tsareena|251/267 brn|[from] brn\n|upkeep\n|turn|7\n|inactive|Time left: 300 sec this turn | 300 sec total\n|\n|t:|1783534710\n|move|p2a: Tsareena|Power Whip|p1a: Coalossal\n|-crit|p1a: Coalossal\n|-damage|p1a: Coalossal|27/100\n|move|p1a: Coalossal|Flamethrower|p2a: Tsareena\n|-supereffective|p2a: Tsareena\n|-damage|p2a: Tsareena|99/267 brn\n|\n|-damage|p2a: Tsareena|83/267 brn|[from] brn\n|upkeep\n|turn|8\n|inactive|Time left: 300 sec this turn | 300 sec total\n|\n|t:|1783534711\n|switch|p1a: Gogoat|Gogoat, L88, F|100/100\n|move|p2a: Tsareena|High Jump Kick|p1a: Gogoat\n|-damage|p1a: Gogoat|81/100\n|\n|-heal|p1a: Gogoat|87/100|[from] item: Leftovers\n|-damage|p2a: Tsareena|67/267 brn|[from] brn\n|upkeep\n|turn|9\n|inactive|Time left: 300 sec this turn | 300 sec total\n|\n|t:|1783534712\n|move|p2a: Tsareena|U-turn|p1a: Gogoat\n|-supereffective|p1a: Gogoat\n|-damage|p1a: Gogoat|65/100\n|inactive|Time left: 300 sec this turn | 300 sec total | 5 sec grace\n|\n|t:|1783534713\n|switch|p2a: Farigiraf|Farigiraf, L90, M|362/362|[from] U-turn\n|move|p1a: Gogoat|Bulk Up|p1a: Gogoat\n|-boost|p1a: Gogoat|atk|1\n|-boost|p1a: Gogoat|def|1\n|\n|-heal|p1a: Gogoat|71/100|[from] item: Leftovers\n|upkeep\n|turn|10\n|inactive|Time left: 300 sec this turn | 300 sec total\n|\n|t:|1783534714\n|move|p1a: Gogoat|Bulk Up|p1a: Gogoat\n|-boost|p1a: Gogoat|atk|1\n|-boost|p1a: Gogoat|def|1\n|move|p2a: Farigiraf|Psychic Noise|p1a: Gogoat\n|-crit|p1a: Gogoat\n|-damage|p1a: Gogoat|29/100\n|-start|p1a: Gogoat|move: Heal Block\n|\n|upkeep\n|turn|11\n|inactive|Time left: 300 sec this turn | 300 sec total\n|\n|t:|1783534715\n|move|p1a: Gogoat|Rock Slide|p2a: Farigiraf\n|-damage|p2a: Farigiraf|219/362\n|cant|p2a: Farigiraf|flinch\n|\n|-heal|p2a: Farigiraf|241/362|[from] item: Leftovers\n|-end|p1a: Gogoat|move: Heal Block\n|upkeep\n|turn|12\n|inactive|Time left: 300 sec this turn | 300 sec total\n|\n|t:|1783534716\n|move|p1a: Gogoat|Milk Drink|p1a: Gogoat\n|-heal|p1a: Gogoat|79/100\n|move|p2a: Farigiraf|Psychic Noise|p1a: Gogoat\n|-damage|p1a: Gogoat|52/100\n|-start|p1a: Gogoat|move: Heal Block\n|\n|-heal|p2a: Farigiraf|263/362|[from] item: Leftovers\n|upkeep\n|turn|13\n|inactive|Time left: 300 sec this turn | 300 sec total\n|\n|t:|1783534717\n|move|p1a: Gogoat|Rock Slide|p2a: Farigiraf\n|-damage|p2a: Farigiraf|126/362\n|move|p2a: Farigiraf|Psychic Noise|p1a: Gogoat\n|-damage|p1a: Gogoat|20/100\n|\n|-heal|p2a: Farigiraf|148/362|[from] item: Leftovers\n|-end|p1a: Gogoat|move: Heal Block\n|upkeep\n|turn|14\n|inactive|Time left: 300 sec this turn | 300 sec total\n|\n|t:|1783534718\n|move|p1a: Gogoat|Milk Drink|p1a: Gogoat\n|-heal|p1a: Gogoat|70/100\n|move|p2a: Farigiraf|Psychic Noise|p1a: Gogoat\n|-damage|p1a: Gogoat|44/100\n|-start|p1a: Gogoat|move: Heal Block\n|\n|-heal|p2a: Farigiraf|170/362|[from] item: Leftovers\n|upkeep\n|turn|15\n|inactive|Time left: 300 sec this turn | 300 sec total\n|\n|t:|1783534719\n|move|p1a: Gogoat|Rock Slide|p2a: Farigiraf\n|-damage|p2a: Farigiraf|27/362\n|move|p2a: Farigiraf|Psychic Noise|p1a: Gogoat\n|-damage|p1a: Gogoat|14/100\n|\n|-heal|p2a: Farigiraf|49/362|[from] item: Leftovers\n|-end|p1a: Gogoat|move: Heal Block\n|upkeep\n|turn|16\n|inactive|Time left: 300 sec this turn | 300 sec total\n|\n|t:|1783534720\n|move|p1a: Gogoat|Milk Drink|p1a: Gogoat\n|-heal|p1a: Gogoat|64/100\n|move|p2a: Farigiraf|Psychic Noise|p1a: Gogoat\n|-damage|p1a: Gogoat|36/100\n|-start|p1a: Gogoat|move: Heal Block\n|\n|-heal|p2a: Farigiraf|71/362|[from] item: Leftovers\n|upkeep\n|turn|17\n|inactive|Time left: 300 sec this turn | 300 sec total\n|\n|t:|1783534721\n|switch|p2a: Duraludon|Duraludon, L82, F|249/249\n|move|p1a: Gogoat|Rock Slide|p2a: Duraludon\n|-resisted|p2a: Duraludon\n|-damage|p2a: Duraludon|214/249\n|\n|-end|p1a: Gogoat|move: Heal Block\n|upkeep\n|turn|18\n|inactive|Time left: 300 sec this turn | 300 sec total\n|\n|t:|1783534722\n|move|p2a: Duraludon|Draco Meteor|p1a: Gogoat|[miss]\n|-miss|p2a: Duraludon|p1a: Gogoat\n|move|p1a: Gogoat|Milk Drink|p1a: Gogoat\n|-heal|p1a: Gogoat|86/100\n|\n|-heal|p1a: Gogoat|92/100|[from] item: Leftovers\n|upkeep\n|turn|19\n|inactive|Time left: 300 sec this turn | 300 sec total\n|\n|t:|1783534723\n|move|p2a: Duraludon|Thunder Wave|p1a: Gogoat\n|-status|p1a: Gogoat|par\n|move|p1a: Gogoat|Bulk Up|p1a: Gogoat\n|-boost|p1a: Gogoat|atk|1\n|-boost|p1a: Gogoat|def|1\n|\n|-heal|p1a: Gogoat|98/100 par|[from] item: Leftovers\n|upkeep\n|turn|20\n|inactive|Time left: 300 sec this turn | 300 sec total\n|\n|t:|1783534724\n|switch|p2a: Farigiraf|Farigiraf, L90, M|71/362\n|move|p1a: Gogoat|Rock Slide|p2a: Farigiraf\n|-damage|p2a: Farigiraf|0 fnt\n|faint|p2a: Farigiraf\n|\n|-heal|p1a: Gogoat|100/100 par|[from] item: Leftovers\n|upkeep\n|inactive|Time left: 300 sec this turn | 300 sec total | 5 sec grace\n|\n|t:|1783534725\n|switch|p2a: Scyther|Scyther, L82, M|249/249\n|turn|21\n|inactive|Time left: 300 sec this turn | 300 sec total\n|\n|t:|1783534726\n|move|p2a: Scyther|U-turn|p1a: Gogoat\n|-supereffective|p1a: Gogoat\n|-damage|p1a: Gogoat|80/100 par\n|inactive|Time left: 300 sec this turn | 300 sec total | 5 sec grace\n|\n|t:|1783534727\n|switch|p2a: Duraludon|Duraludon, L82, F|214/249|[from] U-turn\n|move|p1a: Gogoat|Rock Slide|p2a: Duraludon\n|-resisted|p2a: Duraludon\n|-damage|p2a: Duraludon|171/249\n|\n|-heal|p1a: Gogoat|87/100 par|[from] item: Leftovers\n|upkeep\n|turn|22\n|inactive|Time left: 300 sec this turn | 300 sec total\n|\n|t:|1783534728\n|move|p2a: Duraludon|Flash Cannon|p1a: Gogoat\n|-damage|p1a: Gogoat|62/100 par\n|move|p1a: Gogoat|Horn Leech|p2a: Duraludon\n|-resisted|p2a: Duraludon\n|-damage|p2a: Duraludon|138/249\n|-heal|p1a: Gogoat|66/100 par|[from] drain|[of] p2a: Duraludon\n|\n|-heal|p1a: Gogoat|72/100 par|[from] item: Leftovers\n|upkeep\n|turn|23\n|inactive|Time left: 300 sec this turn | 300 sec total\n|\n|t:|1783534729\n|move|p2a: Duraludon|Flash Cannon|p1a: Gogoat\n|-damage|p1a: Gogoat|47/100 par\n|move|p1a: Gogoat|Milk Drink|p1a: Gogoat\n|-heal|p1a: Gogoat|97/100 par\n|\n|-heal|p1a: Gogoat|100/100 par|[from] item: Leftovers\n|upkeep\n|turn|24\n|inactive|Time left: 300 sec this turn | 300 sec total\n|\n|t:|1783534729\n|move|p2a: Duraludon|Flash Cannon|p1a: Gogoat\n|-damage|p1a: Gogoat|72/100 par\n|cant|p1a: Gogoat|par\n|\n|-heal|p1a: Gogoat|78/100 par|[from] item: Leftovers\n|upkeep\n|turn|25\n|inactive|Time left: 300 sec this turn | 300 sec total\n|\n|t:|1783534730\n|move|p2a: Duraludon|Flash Cannon|p1a: Gogoat\n|-damage|p1a: Gogoat|52/100 par\n|move|p1a: Gogoat|Horn Leech|p2a: Duraludon\n|-resisted|p2a: Duraludon\n|-damage|p2a: Duraludon|108/249\n|-heal|p1a: Gogoat|56/100 par|[from] drain|[of] p2a: Duraludon\n|\n|-heal|p1a: Gogoat|62/100 par|[from] item: Leftovers\n|upkeep\n|turn|26\n|inactive|Time left: 300 sec this turn | 300 sec total\n|\n|t:|1783534731\n|move|p2a: Duraludon|Flash Cannon|p1a: Gogoat\n|-damage|p1a: Gogoat|34/100 par\n|cant|p1a: Gogoat|par\n|\n|-heal|p1a: Gogoat|40/100 par|[from] item: Leftovers\n|upkeep\n|turn|27\n|inactive|Time left: 300 sec this turn | 300 sec total\n|\n|t:|1783534732\n|move|p2a: Duraludon|Draco Meteor|p1a: Gogoat\n|-damage|p1a: Gogoat|0 fnt\n|-unboost|p2a: Duraludon|spa|2\n|faint|p1a: Gogoat\n|\n|upkeep\n|\n|t:|1783534733\n|switch|p1a: Toucannon|Toucannon, L88, M|100/100\n|turn|28\n|inactive|Time left: 300 sec this turn | 300 sec total\n|\n|t:|1783534734\n|move|p2a: Duraludon|Thunder Wave|p1a: Toucannon\n|-status|p1a: Toucannon|par\n|move|p1a: Toucannon|Boomburst|p2a: Duraludon\n|-resisted|p2a: Duraludon\n|-damage|p2a: Duraludon|39/249\n|\n|upkeep\n|turn|29\n|inactive|Time left: 300 sec this turn | 300 sec total\n|\n|t:|1783534735\n|switch|p2a: Tsareena|Tsareena, L87, F|67/267 brn\n|-singleturn|p1a: Toucannon|move: Beak Blast\n|move|p1a: Toucannon|Beak Blast|p2a: Tsareena\n|-supereffective|p2a: Tsareena\n|-damage|p2a: Tsareena|0 fnt\n|faint|p2a: Tsareena\n|\n|upkeep\n|inactive|Time left: 300 sec this turn | 300 sec total | 5 sec grace\n|\n|t:|1783534736\n|switch|p2a: Duraludon|Duraludon, L82, F|39/249\n|turn|30\n|inactive|Time left: 300 sec this turn | 300 sec total\n|\n|t:|1783534737\n|move|p2a: Duraludon|Draco Meteor|p1a: Toucannon\n|-damage|p1a: Toucannon|43/100 par\n|-unboost|p2a: Duraludon|spa|2\n|move|p1a: Toucannon|Boomburst|p2a: Duraludon\n|-resisted|p2a: Duraludon\n|-damage|p2a: Duraludon|0 fnt\n|faint|p2a: Duraludon\n|\n|upkeep\n|inactive|Time left: 300 sec this turn | 300 sec total | 5 sec grace\n|\n|t:|1783534738\n|switch|p2a: Scyther|Scyther, L82, M|249/249\n|turn|31\n|inactive|Time left: 300 sec this turn | 300 sec total\n|\n|t:|1783534738\n|-singleturn|p1a: Toucannon|move: Beak Blast\n|move|p2a: Scyther|Dual Wingbeat|p1a: Toucannon|[miss]\n|-miss|p2a: Scyther|p1a: Toucannon\n|move|p1a: Toucannon|Beak Blast|p2a: Scyther\n|-supereffective|p2a: Scyther\n|-damage|p2a: Scyther|0 fnt\n|faint|p2a: Scyther\n|\n|win|p0x0790ec8", "uploadtime": 1783534738, "views": 0, "rating": 0, "private": 0, "password": null, "_winner": "p0x0790ec8", "_our_name": "p0y079ecf6"}