{"id": "battle-gen9randombattle-2790", "formatid": "gen9randombattle", "format": "[Gen 9] Random Battle", "players": ["p0x2790be5b", "p0y2790a47e"], "log": "|init|battle\n|title|p0x2790be5b vs. p0y2790a47e\n|j|\u2606p0x2790be5b\n|j|\u2606p0y2790a47e\n|t:|1783572138\n|gametype|singles\n|player|p1|p0x2790be5b|169|\n|player|p2|p0y2790a47e|101|\n|gen|9\n|tier|[Gen 9] Random Battle\n|rule|Species Clause: Limit one of each Pok\u00e9mon\n|rule|HP Percentage Mod: HP is shown in percentages\n|rule|Sleep Clause Mod: Limit one foe put to sleep\n|rule|Illusion Level Mod: Illusion disguises the Pok\u00e9mon's true level\n|\n|t:|1783572138\n|teamsize|p1|6\n|teamsize|p2|6\n|start\n|switch|p1a: Toucannon|Toucannon, L88, F|100/100\n|switch|p2a: Froslass|Froslass, L87, F|263/263\n|turn|1\n|inactive|Battle timer is ON: inactive players will automatically lose when time's up. (requested by p0y2790a47e)\n|inactive|p0x2790be5b also wants the timer to be on.\n|\n|t:|1783572140\n|move|p2a: Froslass|Triple Axel|p1a: Toucannon\n|-supereffective|p1a: Toucannon\n|-damage|p1a: Toucannon|86/100\n|-supereffective|p1a: Toucannon\n|-damage|p1a: Toucannon|58/100\n|-supereffective|p1a: Toucannon\n|-damage|p1a: Toucannon|15/100\n|-hitcount|p1a: Toucannon|3\n|move|p1a: Toucannon|Knock Off|p2a: Froslass\n|-supereffective|p2a: Froslass\n|-damage|p2a: Froslass|49/263\n|-start|p1a: Toucannon|Disable|Knock Off|[from] ability: Cursed Body|[of] p2a: Froslass\n|-enditem|p2a: Froslass|Wide Lens|[from] move: Knock Off|[of] p1a: Toucannon\n|\n|upkeep\n|turn|2\n|inactive|Time left: 300 sec this turn | 300 sec total\n|\n|t:|1783572141\n|switch|p1a: Granbull|Granbull, L88, F|100/100\n|-ability|p1a: Granbull|Intimidate|boost\n|-unboost|p2a: Froslass|atk|1\n|move|p2a: Froslass|Triple Axel|p1a: Granbull\n|-damage|p1a: Granbull|96/100\n|-damage|p1a: Granbull|87/100\n|-damage|p1a: Granbull|74/100\n|-hitcount|p1a: Granbull|3\n|\n|-heal|p1a: Granbull|80/100|[from] item: Leftovers\n|upkeep\n|turn|3\n|inactive|Time left: 300 sec this turn | 300 sec total\n|\n|t:|1783572143\n|move|p2a: Froslass|Triple Axel|p1a: Granbull\n|-damage|p1a: Granbull|75/100\n|-damage|p1a: Granbull|66/100\n|-hitcount|p1a: Granbull|2\n|move|p1a: Granbull|Earthquake|p2a: Froslass\n|-damage|p2a: Froslass|0 fnt\n|faint|p2a: Froslass\n|\n|-heal|p1a: Granbull|72/100|[from] item: Leftovers\n|upkeep\n|inactive|Time left: 300 sec this turn | 300 sec total | 5 sec grace\n|\n|t:|1783572144\n|switch|p2a: Rhydon|Rhydon, L85, M|317/317\n|turn|4\n|inactive|Time left: 300 sec this turn | 300 sec total\n|\n|t:|1783572145\n|move|p1a: Granbull|Play Rough|p2a: Rhydon\n|-damage|p2a: Rhydon|259/317\n|move|p2a: Rhydon|Stone Edge|p1a: Granbull\n|-damage|p1a: Granbull|22/100\n|\n|-heal|p1a: Granbull|28/100|[from] item: Leftovers\n|upkeep\n|turn|5\n|inactive|Time left: 300 sec this turn | 300 sec total\n|\n|t:|1783572146\n|move|p1a: Granbull|Play Rough|p2a: Rhydon|[miss]\n|-miss|p1a: Granbull|p2a: Rhydon\n|move|p2a: Rhydon|Stone Edge|p1a: Granbull\n|-damage|p1a: Granbull|0 fnt\n|faint|p1a: Granbull\n|\n|upkeep\n|\n|t:|1783572147\n|switch|p1a: Qwilfish|Qwilfish, L86, F|100/100\n|-ability|p1a: Qwilfish|Intimidate|boost\n|-unboost|p2a: Rhydon|atk|1\n|turn|6\n|inactive|Time left: 300 sec this turn | 300 sec total\n|\n|t:|1783572148\n|switch|p2a: Lunala|Lunala, L70|308/308\n|move|p1a: Qwilfish|Waterfall|p2a: Lunala\n|-crit|p2a: Lunala\n|-damage|p2a: Lunala|230/308\n|\n|-heal|p2a: Lunala|249/308|[from] item: Leftovers\n|upkeep\n|turn|7\n|inactive|Time left: 300 sec this turn | 300 sec total\n|\n|t:|1783572149\n|move|p1a: Qwilfish|Waterfall|p2a: Lunala\n|-damage|p2a: Lunala|150/308\n|move|p2a: Lunala|Moongeist Beam|p1a: Qwilfish\n|-damage|p1a: Qwilfish|45/100\n|\n|-heal|p1a: Qwilfish|50/100|[from] item: Leftovers\n|-heal|p2a: Lunala|169/308|[from] item: Leftovers\n|upkeep\n|turn|8\n|inactive|Time left: 300 sec this turn | 300 sec total\n|\n|t:|1783572150\n|move|p1a: Qwilfish|Waterfall|p2a: Lunala\n|-damage|p2a: Lunala|70/308\n|move|p2a: Lunala|Moongeist Beam|p1a: Qwilfish\n|-damage|p1a: Qwilfish|0 fnt\n|faint|p1a: Qwilfish\n|\n|-heal|p2a: Lunala|89/308|[from] item: Leftovers\n|upkeep\n|\n|t:|1783572151\n|switch|p1a: Zapdos|Zapdos, L78|100/100\n|turn|9\n|inactive|Time left: 300 sec this turn | 300 sec total\n|\n|t:|1783572152\n|switch|p2a: Rhydon|Rhydon, L85, M|259/317\n|move|p1a: Zapdos|Hurricane|p2a: Rhydon\n|-resisted|p2a: Rhydon\n|-damage|p2a: Rhydon|190/317\n|\n|upkeep\n|turn|10\n|inactive|Time left: 300 sec this turn | 300 sec total\n|\n|t:|1783572153\n|switch|p1a: Giratina|Giratina-Origin, L72|100/100\n|move|p2a: Rhydon|Stone Edge|p1a: Giratina|[miss]\n|-miss|p2a: Rhydon|p1a: Giratina\n|\n|upkeep\n|turn|11\n|inactive|Time left: 300 sec this turn | 300 sec total\n|\n|t:|1783572154\n|move|p1a: Giratina|Will-O-Wisp|p2a: Rhydon\n|-status|p2a: Rhydon|brn\n|move|p2a: Rhydon|Stone Edge|p1a: Giratina\n|-damage|p1a: Giratina|79/100\n|\n|-damage|p2a: Rhydon|171/317 brn|[from] brn\n|upkeep\n|turn|12\n|inactive|Time left: 300 sec this turn | 300 sec total\n|\n|t:|1783572155\n|move|p1a: Giratina|Poltergeist|p2a: Rhydon\n|-activate|p2a: Rhydon|move: Poltergeist|Eviolite\n|-damage|p2a: Rhydon|105/317 brn\n|move|p2a: Rhydon|Stone Edge|p1a: Giratina|[miss]\n|-miss|p2a: Rhydon|p1a: Giratina\n|\n|-damage|p2a: Rhydon|86/317 brn|[from] brn\n|upkeep\n|turn|13\n|inactive|Time left: 300 sec this turn | 300 sec total\n|\n|t:|1783572156\n|move|p1a: Giratina|Poltergeist|p2a: Rhydon|[miss]\n|-miss|p1a: Giratina|p2a: Rhydon\n|move|p2a: Rhydon|Stone Edge|p1a: Giratina\n|-crit|p1a: Giratina\n|-damage|p1a: Giratina|44/100\n|\n|-damage|p2a: Rhydon|67/317 brn|[from] brn\n|upkeep\n|turn|14\n|inactive|Time left: 300 sec this turn | 300 sec total\n|\n|t:|1783572157\n|move|p1a: Giratina|Poltergeist|p2a: Rhydon\n|-activate|p2a: Rhydon|move: Poltergeist|Eviolite\n|-damage|p2a: Rhydon|6/317 brn\n|move|p2a: Rhydon|Stone Edge|p1a: Giratina\n|-damage|p1a: Giratina|21/100\n|\n|-damage|p2a: Rhydon|0 fnt|[from] brn\n|faint|p2a: Rhydon\n|upkeep\n|inactive|Time left: 300 sec this turn | 300 sec total | 5 sec grace\n|\n|t:|1783572158\n|switch|p2a: Espeon|Espeon, L84, M|246/246\n|turn|15\n|inactive|Time left: 300 sec this turn | 300 sec total\n|\n|t:|1783572159\n|move|p2a: Espeon|Psychic|p1a: Giratina\n|-damage|p1a: Giratina|0 fnt\n|faint|p1a: Giratina\n|-damage|p2a: Espeon|222/246|[from] item: Life Orb\n|\n|upkeep\n|\n|t:|1783572160\n|switch|p1a: Regieleki|Regieleki, L79|100/100\n|turn|16\n|inactive|Time left: 300 sec this turn | 300 sec total\n|\n|t:|1783572161\n|move|p1a: Regieleki|Volt Switch|p2a: Espeon\n|-damage|p2a: Espeon|129/246\n|\n|t:|1783572162\n|switch|p1a: Toucannon|Toucannon, L88, F|15/100|[from] Volt Switch\n|move|p2a: Espeon|Psychic|p1a: Toucannon\n|-damage|p1a: Toucannon|0 fnt\n|faint|p1a: Toucannon\n|-damage|p2a: Espeon|105/246|[from] item: Life Orb\n|\n|upkeep\n|\n|t:|1783572163\n|switch|p1a: Regieleki|Regieleki, L79|100/100\n|turn|17\n|inactive|Time left: 300 sec this turn | 300 sec total\n|\n|t:|1783572164\n|switch|p2a: Dugtrio|Dugtrio, L84, M|196/196\n|move|p1a: Regieleki|Thunderbolt|p2a: Dugtrio\n|-immune|p2a: Dugtrio\n|\n|upkeep\n|turn|18\n|inactive|Time left: 300 sec this turn | 300 sec total\n|\n|t:|1783572165\n|move|p1a: Regieleki|Explosion|p2a: Dugtrio\n|-damage|p2a: Dugtrio|0 fnt\n|faint|p1a: Regieleki\n|faint|p2a: Dugtrio\n|\n|upkeep\n|inactive|Time left: 300 sec this turn | 300 sec total | 5 sec grace\n|\n|t:|1783572166\n|switch|p1a: Zapdos|Zapdos, L78|100/100\n|switch|p2a: Espeon|Espeon, L84, M|105/246\n|turn|19\n|inactive|Time left: 300 sec this turn | 300 sec total\n|\n|t:|1783572167\n|move|p2a: Espeon|Calm Mind|p2a: Espeon\n|-boost|p2a: Espeon|spa|1\n|-boost|p2a: Espeon|spd|1\n|move|p1a: Zapdos|Thunderbolt|p2a: Espeon\n|-damage|p2a: Espeon|39/246\n|\n|upkeep\n|turn|20\n|inactive|Time left: 300 sec this turn | 300 sec total\n|\n|t:|1783572168\n|-terastallize|p1a: Zapdos|Electric\n|move|p2a: Espeon|Psychic|p1a: Zapdos\n|-damage|p1a: Zapdos|10/100\n|-damage|p2a: Espeon|15/246|[from] item: Life Orb\n|move|p1a: Zapdos|Thunderbolt|p2a: Espeon\n|-damage|p2a: Espeon|0 fnt\n|faint|p2a: Espeon\n|\n|upkeep\n|inactive|Time left: 300 sec this turn | 300 sec total | 5 sec grace\n|\n|t:|1783572169\n|switch|p2a: Lunala|Lunala, L70|89/308\n|turn|21\n|inactive|Time left: 300 sec this turn | 300 sec total\n|\n|t:|1783572170\n|move|p1a: Zapdos|Roost|p1a: Zapdos\n|-heal|p1a: Zapdos|60/100\n|move|p2a: Lunala|Calm Mind|p2a: Lunala\n|-boost|p2a: Lunala|spa|1\n|-boost|p2a: Lunala|spd|1\n|\n|-heal|p2a: Lunala|108/308|[from] item: Leftovers\n|upkeep\n|turn|22\n|inactive|Time left: 300 sec this turn | 300 sec total\n|\n|t:|1783572171\n|-terastallize|p2a: Lunala|Fairy\n|move|p1a: Zapdos|Roost|p1a: Zapdos\n|-heal|p1a: Zapdos|100/100\n|move|p2a: Lunala|Moongeist Beam|p1a: Zapdos\n|-damage|p1a: Zapdos|39/100\n|\n|-heal|p2a: Lunala|127/308|[from] item: Leftovers\n|upkeep\n|turn|23\n|inactive|Time left: 300 sec this turn | 300 sec total\n|\n|t:|1783572172\n|move|p1a: Zapdos|Roost|p1a: Zapdos\n|-heal|p1a: Zapdos|89/100\n|move|p2a: Lunala|Moongeist Beam|p1a: Zapdos\n|-crit|p1a: Zapdos\n|-damage|p1a: Zapdos|0 fnt\n|faint|p1a: Zapdos\n|\n|win|p0y2790a47e", "uploadtime": 1783572172, "views": 0, "rating": 0, "private": 0, "password": null, "_winner": "p0y2790a47e", "_our_name": "p0y2790a47e"}