{"id": "battle-gen9randombattle-1974", "formatid": "gen9randombattle", "format": "[Gen 9] Random Battle", "players": ["p0x1974eac2", "p0y19743db6"], "log": "|init|battle\n|title|p0x1974eac2 vs. p0y19743db6\n|j|\u2606p0x1974eac2\n|j|\u2606p0y19743db6\n|t:|1783562823\n|gametype|singles\n|player|p1|p0x1974eac2|1|\n|player|p2|p0y19743db6|266|\n|gen|9\n|tier|[Gen 9] Random Battle\n|rule|Species Clause: Limit one of each Pok\u00e9mon\n|rule|HP Percentage Mod: HP is shown in percentages\n|rule|Sleep Clause Mod: Limit one foe put to sleep\n|rule|Illusion Level Mod: Illusion disguises the Pok\u00e9mon's true level\n|\n|t:|1783562823\n|teamsize|p1|6\n|teamsize|p2|6\n|start\n|switch|p1a: Miraidon|Miraidon, L65|238/238\n|switch|p2a: Dragapult|Dragapult, L77, F|100/100\n|-fieldstart|move: Electric Terrain|[from] ability: Hadron Engine|[of] p1a: Miraidon\n|turn|1\n|inactive|Battle timer is ON: inactive players will automatically lose when time's up. (requested by p0y19743db6)\n|inactive|Time left: 300 sec this turn | 300 sec total | 60 sec grace\n|inactive|p0x1974eac2 also wants the timer to be on.\n|\n|t:|1783562824\n|-terastallize|p1a: Miraidon|Electric\n|move|p2a: Dragapult|Dragon Darts|p1a: Miraidon\n|-damage|p1a: Miraidon|156/238\n|-anim|p2a: Dragapult|Dragon Darts|p1a: Miraidon\n|-damage|p1a: Miraidon|73/238\n|-damage|p2a: Dragapult|91/100|[from] item: Life Orb\n|move|p1a: Miraidon|Electro Drift|p2a: Dragapult\n|-resisted|p2a: Dragapult\n|-damage|p2a: Dragapult|26/100\n|\n|upkeep\n|turn|2\n|inactive|Time left: 300 sec this turn | 300 sec total\n|\n|t:|1783562825\n|switch|p1a: Vespiquen|Vespiquen, L99, F|299/299\n|-ability|p1a: Vespiquen|Pressure\n|move|p2a: Dragapult|Dragon Darts|p1a: Vespiquen\n|-damage|p1a: Vespiquen|247/299\n|-anim|p2a: Dragapult|Dragon Darts|p1a: Vespiquen\n|-damage|p1a: Vespiquen|195/299\n|-damage|p2a: Dragapult|16/100|[from] item: Life Orb\n|\n|upkeep\n|turn|3\n|inactive|Time left: 300 sec this turn | 300 sec total\n|\n|t:|1783562826\n|switch|p2a: Overqwil|Overqwil, L82, F|100/100\n|-ability|p2a: Overqwil|Intimidate|boost\n|-unboost|p1a: Vespiquen|atk|1\n|move|p1a: Vespiquen|Roost|p1a: Vespiquen\n|-heal|p1a: Vespiquen|299/299\n|-singleturn|p1a: Vespiquen|move: Roost\n|\n|upkeep\n|turn|4\n|inactive|Time left: 300 sec this turn | 300 sec total\n|\n|t:|1783562827\n|move|p2a: Overqwil|Gunk Shot|p1a: Vespiquen\n|-damage|p1a: Vespiquen|202/299\n|move|p1a: Vespiquen|Hurricane|p2a: Overqwil\n|-damage|p2a: Overqwil|31/100\n|\n|upkeep\n|turn|5\n|inactive|Time left: 300 sec this turn | 300 sec total\n|\n|t:|1783562828\n|move|p2a: Overqwil|Gunk Shot|p1a: Vespiquen\n|-damage|p1a: Vespiquen|105/299\n|move|p1a: Vespiquen|Hurricane|p2a: Overqwil\n|-damage|p2a: Overqwil|0 fnt\n|faint|p2a: Overqwil\n|\n|-fieldend|move: Electric Terrain\n|upkeep\n|\n|t:|1783562829\n|switch|p2a: Ho-Oh|Ho-Oh, L71|100/100\n|turn|6\n|inactive|Time left: 300 sec this turn | 300 sec total\n|\n|t:|1783562830\n|switch|p1a: Floatzel|Floatzel, L86, F|286/286\n|move|p2a: Ho-Oh|Sacred Fire|p1a: Floatzel\n|-resisted|p1a: Floatzel\n|-damage|p1a: Floatzel|216/286\n|\n|upkeep\n|turn|7\n|inactive|Time left: 300 sec this turn | 300 sec total\n|\n|t:|1783562831\n|switch|p2a: Vigoroth|Vigoroth, L85, M|100/100\n|move|p1a: Floatzel|Wave Crash|p2a: Vigoroth\n|-damage|p2a: Vigoroth|41/100\n|-damage|p1a: Floatzel|162/286|[from] Recoil\n|\n|upkeep\n|turn|8\n|inactive|Time left: 300 sec this turn | 300 sec total\n|\n|t:|1783562832\n|switch|p2a: Shiftry|Shiftry, L89, F|100/100\n|move|p1a: Floatzel|Wave Crash|p2a: Shiftry\n|-resisted|p2a: Shiftry\n|-damage|p2a: Shiftry|54/100\n|-damage|p1a: Floatzel|115/286|[from] Recoil\n|\n|upkeep\n|turn|9\n|inactive|Time left: 300 sec this turn | 300 sec total\n|\n|t:|1783562833\n|move|p1a: Floatzel|Wave Crash|p2a: Shiftry\n|-resisted|p2a: Shiftry\n|-damage|p2a: Shiftry|14/100\n|-damage|p1a: Floatzel|75/286|[from] Recoil\n|move|p2a: Shiftry|Knock Off|p1a: Floatzel\n|-damage|p1a: Floatzel|0 fnt\n|-enditem|p1a: Floatzel|Choice Band|[from] move: Knock Off|[of] p2a: Shiftry\n|faint|p1a: Floatzel\n|\n|upkeep\n|inactive|Time left: 300 sec this turn | 300 sec total | 5 sec grace\n|\n|t:|1783562834\n|switch|p1a: Miraidon|Miraidon, L65, tera:Electric|73/238\n|-fieldstart|move: Electric Terrain|[from] ability: Hadron Engine|[of] p1a: Miraidon\n|turn|10\n|inactive|Time left: 300 sec this turn | 300 sec total\n|\n|t:|1783562835\n|move|p1a: Miraidon|Volt Switch|p2a: Shiftry\n|-resisted|p2a: Shiftry\n|-damage|p2a: Shiftry|0 fnt\n|faint|p2a: Shiftry\n|inactive|Time left: 300 sec this turn | 300 sec total | 5 sec grace\n|\n|t:|1783562836\n|switch|p1a: Iron Valiant|Iron Valiant, L78|244/244|[from] Volt Switch\n|-activate|p1a: Iron Valiant|ability: Quark Drive\n|-start|p1a: Iron Valiant|quarkdriveatk\n|\n|upkeep\n|\n|t:|1783562837\n|switch|p2a: Ho-Oh|Ho-Oh, L71|100/100\n|turn|11\n|inactive|Time left: 300 sec this turn | 300 sec total\n|\n|t:|1783562838\n|move|p1a: Iron Valiant|Knock Off|p2a: Ho-Oh\n|-damage|p2a: Ho-Oh|49/100\n|-enditem|p2a: Ho-Oh|Heavy-Duty Boots|[from] move: Knock Off|[of] p1a: Iron Valiant\n|-damage|p1a: Iron Valiant|220/244|[from] item: Life Orb\n|move|p2a: Ho-Oh|Sacred Fire|p1a: Iron Valiant\n|-damage|p1a: Iron Valiant|112/244\n|\n|upkeep\n|turn|12\n|inactive|Time left: 300 sec this turn | 300 sec total\n|\n|t:|1783562839\n|switch|p2a: Dragapult|Dragapult, L77, F|16/100\n|move|p1a: Iron Valiant|Close Combat|p2a: Dragapult\n|-immune|p2a: Dragapult\n|\n|upkeep\n|turn|13\n|inactive|Time left: 300 sec this turn | 300 sec total\n|\n|t:|1783562840\n|move|p2a: Dragapult|Fire Blast|p1a: Iron Valiant\n|-damage|p1a: Iron Valiant|0 fnt\n|faint|p1a: Iron Valiant\n|-end|p1a: Iron Valiant|Quark Drive|[silent]\n|-damage|p2a: Dragapult|6/100|[from] item: Life Orb\n|\n|upkeep\n|inactive|Time left: 300 sec this turn | 300 sec total | 5 sec grace\n|\n|t:|1783562841\n|switch|p1a: Vespiquen|Vespiquen, L99, F|105/299\n|-ability|p1a: Vespiquen|Pressure\n|turn|14\n|inactive|Time left: 300 sec this turn | 300 sec total\n|\n|t:|1783562842\n|move|p2a: Dragapult|Fire Blast|p1a: Vespiquen\n|-supereffective|p1a: Vespiquen\n|-damage|p1a: Vespiquen|0 fnt\n|faint|p1a: Vespiquen\n|-damage|p2a: Dragapult|0 fnt|[from] item: Life Orb\n|faint|p2a: Dragapult\n|\n|-fieldend|move: Electric Terrain\n|upkeep\n|inactive|Time left: 300 sec this turn | 300 sec total | 5 sec grace\n|\n|t:|1783562843\n|switch|p2a: Oinkologne|Oinkologne-F, L92, F|100/100\n|switch|p1a: Miraidon|Miraidon, L65, tera:Electric|73/238\n|-fieldstart|move: Electric Terrain|[from] ability: Hadron Engine|[of] p1a: Miraidon\n|turn|15\n|inactive|Time left: 300 sec this turn | 300 sec total\n|\n|t:|1783562844\n|move|p1a: Miraidon|Electro Drift|p2a: Oinkologne\n|-damage|p2a: Oinkologne|23/100\n|move|p2a: Oinkologne|Body Slam|p1a: Miraidon\n|-damage|p1a: Miraidon|0 fnt\n|faint|p1a: Miraidon\n|\n|-heal|p2a: Oinkologne|30/100|[from] item: Leftovers\n|upkeep\n|inactive|Time left: 300 sec this turn | 300 sec total | 5 sec grace\n|\n|t:|1783562845\n|switch|p1a: Sneasler|Sneasler, L74, F|240/240\n|turn|16\n|inactive|Time left: 300 sec this turn | 300 sec total\n|\n|t:|1783562846\n|move|p1a: Sneasler|Close Combat|p2a: Oinkologne\n|-supereffective|p2a: Oinkologne\n|-damage|p2a: Oinkologne|0 fnt\n|-unboost|p1a: Sneasler|def|1\n|-unboost|p1a: Sneasler|spd|1\n|faint|p2a: Oinkologne\n|-enditem|p1a: Sneasler|White Herb\n|-clearnegativeboost|p1a: Sneasler|[silent]\n|\n|upkeep\n|\n|t:|1783562847\n|switch|p2a: Ho-Oh|Ho-Oh, L71|82/100\n|turn|17\n|inactive|Time left: 300 sec this turn | 300 sec total\n|\n|t:|1783562848\n|move|p1a: Sneasler|Gunk Shot|p2a: Ho-Oh\n|-damage|p2a: Ho-Oh|31/100\n|move|p2a: Ho-Oh|Sacred Fire|p1a: Sneasler\n|-damage|p1a: Sneasler|90/240\n|\n|upkeep\n|turn|18\n|inactive|Time left: 300 sec this turn | 300 sec total\n|\n|t:|1783562849\n|move|p1a: Sneasler|Acrobatics|p2a: Ho-Oh\n|-damage|p2a: Ho-Oh|0 fnt\n|faint|p2a: Ho-Oh\n|\n|upkeep\n|\n|t:|1783562850\n|switch|p2a: Vigoroth|Vigoroth, L85, M|41/100\n|turn|19\n|inactive|Time left: 300 sec this turn | 300 sec total\n|\n|t:|1783562851\n|-terastallize|p2a: Vigoroth|Ghost\n|move|p1a: Sneasler|Close Combat|p2a: Vigoroth\n|-immune|p2a: Vigoroth\n|move|p2a: Vigoroth|Slack Off|p2a: Vigoroth\n|-heal|p2a: Vigoroth|91/100\n|\n|-fieldend|move: Electric Terrain\n|upkeep\n|turn|20\n|inactive|Time left: 300 sec this turn | 300 sec total\n|\n|t:|1783562852\n|move|p1a: Sneasler|Gunk Shot|p2a: Vigoroth|[miss]\n|-miss|p1a: Sneasler|p2a: Vigoroth\n|move|p2a: Vigoroth|Bulk Up|p2a: Vigoroth\n|-boost|p2a: Vigoroth|atk|1\n|-boost|p2a: Vigoroth|def|1\n|\n|upkeep\n|turn|21\n|inactive|Time left: 300 sec this turn | 300 sec total\n|\n|t:|1783562853\n|switch|p1a: Solgaleo|Solgaleo, L74|325/325\n|move|p2a: Vigoroth|Bulk Up|p2a: Vigoroth\n|-boost|p2a: Vigoroth|atk|1\n|-boost|p2a: Vigoroth|def|1\n|\n|upkeep\n|turn|22\n|inactive|Time left: 300 sec this turn | 300 sec total\n|\n|t:|1783562854\n|switch|p1a: Sneasler|Sneasler, L74, F|90/240\n|move|p2a: Vigoroth|Knock Off|p1a: Sneasler\n|-resisted|p1a: Sneasler\n|-damage|p1a: Sneasler|31/240\n|\n|upkeep\n|turn|23\n|inactive|Time left: 300 sec this turn | 300 sec total\n|\n|t:|1783562856\n|move|p1a: Sneasler|Gunk Shot|p2a: Vigoroth\n|-resisted|p2a: Vigoroth\n|-damage|p2a: Vigoroth|84/100\n|move|p2a: Vigoroth|Knock Off|p1a: Sneasler\n|-resisted|p1a: Sneasler\n|-damage|p1a: Sneasler|0 fnt\n|faint|p1a: Sneasler\n|\n|upkeep\n|inactive|Time left: 300 sec this turn | 300 sec total | 5 sec grace\n|\n|t:|1783562857\n|switch|p1a: Solgaleo|Solgaleo, L74|325/325\n|turn|24\n|inactive|Time left: 300 sec this turn | 300 sec total\n|\n|t:|1783562858\n|move|p2a: Vigoroth|Bulk Up|p2a: Vigoroth\n|-boost|p2a: Vigoroth|atk|1\n|-boost|p2a: Vigoroth|def|1\n|move|p1a: Solgaleo|Close Combat|p2a: Vigoroth\n|-immune|p2a: Vigoroth\n|\n|upkeep\n|turn|25\n|inactive|Time left: 300 sec this turn | 300 sec total\n|\n|t:|1783562859\n|move|p2a: Vigoroth|Knock Off|p1a: Solgaleo\n|-supereffective|p1a: Solgaleo\n|-damage|p1a: Solgaleo|51/325\n|-enditem|p1a: Solgaleo|Weakness Policy\n|-boost|p1a: Solgaleo|atk|2|[from] item: Weakness Policy\n|-boost|p1a: Solgaleo|spa|2|[from] item: Weakness Policy\n|move|p1a: Solgaleo|Sunsteel Strike|p2a: Vigoroth\n|-damage|p2a: Vigoroth|60/100\n|\n|upkeep\n|turn|26\n|inactive|Time left: 300 sec this turn | 300 sec total\n|\n|t:|1783562860\n|move|p2a: Vigoroth|Body Slam|p1a: Solgaleo\n|-resisted|p1a: Solgaleo\n|-damage|p1a: Solgaleo|0 fnt\n|faint|p1a: Solgaleo\n|\n|win|p0y19743db6", "uploadtime": 1783562860, "views": 0, "rating": 0, "private": 0, "password": null, "_winner": "p0y19743db6", "_our_name": "p0x1974eac2"}