{"id": "battle-gen9randombattle-800", "formatid": "gen9randombattle", "format": "[Gen 9] Random Battle", "players": ["p0x800ce52", "p0y800a07c"], "log": "|init|battle\n|title|p0x800ce52 vs. p0y800a07c\n|j|\u2606p0x800ce52\n|j|\u2606p0y800a07c\n|t:|1783549157\n|gametype|singles\n|player|p1|p0x800ce52|265|\n|player|p2|p0y800a07c|265|\n|gen|9\n|tier|[Gen 9] Random Battle\n|rule|Species Clause: Limit one of each Pok\u00e9mon\n|rule|HP Percentage Mod: HP is shown in percentages\n|rule|Sleep Clause Mod: Limit one foe put to sleep\n|rule|Illusion Level Mod: Illusion disguises the Pok\u00e9mon's true level\n|\n|t:|1783549157\n|teamsize|p1|6\n|teamsize|p2|6\n|start\n|switch|p1a: Solgaleo|Solgaleo, L74|100/100\n|switch|p2a: Minun|Minun, L95, M|268/268\n|turn|1\n|inactive|Battle timer is ON: inactive players will automatically lose when time's up. (requested by p0x800ce52)\n|inactive|Time left: 300 sec this turn | 300 sec total | 60 sec grace\n|inactive|p0y800a07c also wants the timer to be on.\n|\n|t:|1783549158\n|move|p2a: Minun|Nasty Plot|p2a: Minun\n|-boost|p2a: Minun|spa|2\n|move|p1a: Solgaleo|Psychic|p2a: Minun\n|-damage|p2a: Minun|195/268\n|\n|upkeep\n|turn|2\n|inactive|Time left: 300 sec this turn | 300 sec total\n|\n|t:|1783549160\n|switch|p1a: Toedscruel|Toedscruel, L87, F|100/100\n|move|p2a: Minun|Thunderbolt|p1a: Toedscruel\n|-immune|p1a: Toedscruel\n|\n|upkeep\n|turn|3\n|inactive|Time left: 300 sec this turn | 300 sec total\n|\n|t:|1783549161\n|move|p2a: Minun|Nasty Plot|p2a: Minun\n|-boost|p2a: Minun|spa|2\n|move|p1a: Toedscruel|Earth Power|p2a: Minun\n|-supereffective|p2a: Minun\n|-damage|p2a: Minun|39/268\n|\n|upkeep\n|turn|4\n|inactive|Time left: 300 sec this turn | 300 sec total\n|\n|t:|1783549162\n|move|p2a: Minun|Grass Knot|p1a: Toedscruel\n|-damage|p1a: Toedscruel|35/100\n|-damage|p2a: Minun|13/268|[from] item: Life Orb\n|move|p1a: Toedscruel|Earth Power|p2a: Minun\n|-supereffective|p2a: Minun\n|-damage|p2a: Minun|0 fnt\n|faint|p2a: Minun\n|\n|-heal|p1a: Toedscruel|41/100|[from] item: Leftovers\n|upkeep\n|inactive|Time left: 300 sec this turn | 300 sec total | 5 sec grace\n|\n|t:|1783549163\n|switch|p2a: Arboliva|Arboliva, L91, F|290/290\n|turn|5\n|inactive|Time left: 300 sec this turn | 300 sec total\n|\n|t:|1783549164\n|move|p1a: Toedscruel|Giga Drain|p2a: Arboliva\n|-resisted|p2a: Arboliva\n|-damage|p2a: Arboliva|260/290\n|-heal|p1a: Toedscruel|47/100|[from] drain|[of] p2a: Arboliva\n|-fieldstart|move: Grassy Terrain|[from] ability: Seed Sower|[of] p2a: Arboliva\n|move|p2a: Arboliva|Energy Ball|p1a: Toedscruel\n|-damage|p1a: Toedscruel|0 fnt\n|faint|p1a: Toedscruel\n|\n|-heal|p2a: Arboliva|278/290|[from] Grassy Terrain\n|-heal|p2a: Arboliva|290/290|[from] item: Leftovers\n|upkeep\n|\n|t:|1783549166\n|switch|p1a: Dewgong|Dewgong, L94, F|100/100\n|turn|6\n|inactive|Time left: 300 sec this turn | 300 sec total\n|\n|t:|1783549167\n|move|p1a: Dewgong|Ice Beam|p2a: Arboliva\n|-supereffective|p2a: Arboliva\n|-damage|p2a: Arboliva|144/290\n|move|p2a: Arboliva|Energy Ball|p1a: Dewgong\n|-supereffective|p1a: Dewgong\n|-damage|p1a: Dewgong|43/100\n|-unboost|p1a: Dewgong|spd|1\n|\n|-heal|p1a: Dewgong|49/100|[from] Grassy Terrain\n|-heal|p2a: Arboliva|162/290|[from] Grassy Terrain\n|-heal|p2a: Arboliva|180/290|[from] item: Leftovers\n|upkeep\n|turn|7\n|inactive|Time left: 300 sec this turn | 300 sec total\n|\n|t:|1783549168\n|move|p1a: Dewgong|Ice Beam|p2a: Arboliva\n|-supereffective|p2a: Arboliva\n|-damage|p2a: Arboliva|40/290\n|move|p2a: Arboliva|Strength Sap|p1a: Dewgong\n|-unboost|p1a: Dewgong|atk|1\n|-heal|p2a: Arboliva|225/290\n|\n|-heal|p1a: Dewgong|55/100|[from] Grassy Terrain\n|-heal|p2a: Arboliva|243/290|[from] Grassy Terrain\n|-heal|p2a: Arboliva|261/290|[from] item: Leftovers\n|upkeep\n|turn|8\n|inactive|Time left: 300 sec this turn | 300 sec total\n|\n|t:|1783549169\n|move|p1a: Dewgong|Ice Beam|p2a: Arboliva\n|-supereffective|p2a: Arboliva\n|-damage|p2a: Arboliva|117/290\n|move|p2a: Arboliva|Hyper Voice|p1a: Dewgong\n|-damage|p1a: Dewgong|17/100\n|\n|-heal|p1a: Dewgong|23/100|[from] Grassy Terrain\n|-heal|p2a: Arboliva|135/290|[from] Grassy Terrain\n|-heal|p2a: Arboliva|153/290|[from] item: Leftovers\n|upkeep\n|turn|9\n|inactive|Time left: 300 sec this turn | 300 sec total\n|\n|t:|1783549171\n|move|p1a: Dewgong|Ice Beam|p2a: Arboliva\n|-supereffective|p2a: Arboliva\n|-damage|p2a: Arboliva|3/290\n|move|p2a: Arboliva|Strength Sap|p1a: Dewgong\n|-unboost|p1a: Dewgong|atk|1\n|-heal|p2a: Arboliva|126/290\n|\n|-heal|p1a: Dewgong|29/100|[from] Grassy Terrain\n|-heal|p2a: Arboliva|144/290|[from] Grassy Terrain\n|-heal|p2a: Arboliva|162/290|[from] item: Leftovers\n|-fieldend|move: Grassy Terrain\n|upkeep\n|turn|10\n|inactive|Time left: 300 sec this turn | 300 sec total\n|\n|t:|1783549172\n|move|p1a: Dewgong|Ice Beam|p2a: Arboliva\n|-supereffective|p2a: Arboliva\n|-damage|p2a: Arboliva|28/290\n|-fieldstart|move: Grassy Terrain|[from] ability: Seed Sower|[of] p2a: Arboliva\n|move|p2a: Arboliva|Strength Sap|p1a: Dewgong\n|-unboost|p1a: Dewgong|atk|1\n|-heal|p2a: Arboliva|120/290\n|\n|-heal|p1a: Dewgong|36/100|[from] Grassy Terrain\n|-heal|p2a: Arboliva|138/290|[from] Grassy Terrain\n|-heal|p2a: Arboliva|156/290|[from] item: Leftovers\n|upkeep\n|turn|11\n|inactive|Time left: 300 sec this turn | 300 sec total\n|\n|t:|1783549173\n|move|p1a: Dewgong|Ice Beam|p2a: Arboliva\n|-supereffective|p2a: Arboliva\n|-damage|p2a: Arboliva|10/290\n|move|p2a: Arboliva|Strength Sap|p1a: Dewgong\n|-unboost|p1a: Dewgong|atk|1\n|-heal|p2a: Arboliva|84/290\n|\n|-heal|p1a: Dewgong|42/100|[from] Grassy Terrain\n|-heal|p2a: Arboliva|102/290|[from] Grassy Terrain\n|-heal|p2a: Arboliva|120/290|[from] item: Leftovers\n|upkeep\n|turn|12\n|inactive|Time left: 300 sec this turn | 300 sec total\n|\n|t:|1783549174\n|switch|p2a: Copperajah|Copperajah, L86, M|350/350\n|move|p1a: Dewgong|Ice Beam|p2a: Copperajah\n|-resisted|p2a: Copperajah\n|-damage|p2a: Copperajah|293/350\n|\n|-heal|p1a: Dewgong|48/100|[from] Grassy Terrain\n|-heal|p2a: Copperajah|314/350|[from] Grassy Terrain\n|upkeep\n|turn|13\n|inactive|Time left: 300 sec this turn | 300 sec total\n|\n|t:|1783549176\n|switch|p1a: Solgaleo|Solgaleo, L74|100/100\n|move|p2a: Copperajah|Knock Off|p1a: Solgaleo\n|-supereffective|p1a: Solgaleo\n|-damage|p1a: Solgaleo|16/100\n|-enditem|p1a: Solgaleo|Weakness Policy\n|-boost|p1a: Solgaleo|atk|2|[from] item: Weakness Policy\n|-boost|p1a: Solgaleo|spa|2|[from] item: Weakness Policy\n|\n|-heal|p1a: Solgaleo|22/100|[from] Grassy Terrain\n|-heal|p2a: Copperajah|335/350|[from] Grassy Terrain\n|upkeep\n|turn|14\n|inactive|Time left: 300 sec this turn | 300 sec total\n|\n|t:|1783549177\n|move|p1a: Solgaleo|Close Combat|p2a: Copperajah\n|-supereffective|p2a: Copperajah\n|-damage|p2a: Copperajah|0 fnt\n|-unboost|p1a: Solgaleo|def|1\n|-unboost|p1a: Solgaleo|spd|1\n|faint|p2a: Copperajah\n|\n|-heal|p1a: Solgaleo|28/100|[from] Grassy Terrain\n|-fieldend|move: Grassy Terrain\n|upkeep\n|inactive|Time left: 300 sec this turn | 300 sec total | 5 sec grace\n|\n|t:|1783549178\n|switch|p2a: Tropius|Tropius, L91, M|328/328\n|turn|15\n|inactive|Time left: 300 sec this turn | 300 sec total\n|\n|t:|1783549179\n|move|p1a: Solgaleo|Sunsteel Strike|p2a: Tropius\n|-damage|p2a: Tropius|135/328\n|-enditem|p2a: Tropius|Sitrus Berry|[eat]\n|-heal|p2a: Tropius|217/328|[from] item: Sitrus Berry\n|move|p2a: Tropius|Earthquake|p1a: Solgaleo\n|-supereffective|p1a: Solgaleo\n|-damage|p1a: Solgaleo|0 fnt\n|faint|p1a: Solgaleo\n|\n|-item|p2a: Tropius|Sitrus Berry|[from] ability: Harvest\n|upkeep\n|\n|t:|1783549180\n|switch|p1a: Torkoal|Torkoal, L88, M|100/100\n|-weather|SunnyDay|[from] ability: Drought|[of] p1a: Torkoal\n|turn|16\n|inactive|Time left: 300 sec this turn | 300 sec total\n|\n|t:|1783549181\n|move|p2a: Tropius|Earthquake|p1a: Torkoal\n|-supereffective|p1a: Torkoal\n|-damage|p1a: Torkoal|70/100\n|move|p1a: Torkoal|Lava Plume|p2a: Tropius\n|-supereffective|p2a: Tropius\n|-damage|p2a: Tropius|0 fnt\n|faint|p2a: Tropius\n|\n|-weather|SunnyDay|[upkeep]\n|upkeep\n|inactive|Time left: 300 sec this turn | 300 sec total | 5 sec grace\n|\n|t:|1783549182\n|switch|p2a: Rampardos|Rampardos, L90, F|321/321\n|turn|17\n|inactive|Time left: 300 sec this turn | 300 sec total\n|\n|t:|1783549183\n|-terastallize|p1a: Torkoal|Grass\n|move|p2a: Rampardos|Rock Slide|p1a: Torkoal\n|-damage|p1a: Torkoal|14/100\n|move|p1a: Torkoal|Solar Beam||[still]\n|-prepare|p1a: Torkoal|Solar Beam\n|-anim|p1a: Torkoal|Solar Beam|p2a: Rampardos\n|-supereffective|p2a: Rampardos\n|-damage|p2a: Rampardos|0 fnt\n|faint|p2a: Rampardos\n|\n|-weather|SunnyDay|[upkeep]\n|upkeep\n|inactive|Time left: 300 sec this turn | 300 sec total | 5 sec grace\n|\n|t:|1783549184\n|switch|p2a: Arboliva|Arboliva, L91, F|120/290\n|turn|18\n|inactive|Time left: 300 sec this turn | 300 sec total\n|\n|t:|1783549185\n|move|p2a: Arboliva|Strength Sap|p1a: Torkoal\n|-unboost|p1a: Torkoal|atk|1\n|-heal|p2a: Arboliva|290/290\n|move|p1a: Torkoal|Lava Plume|p2a: Arboliva\n|-supereffective|p2a: Arboliva\n|-damage|p2a: Arboliva|90/290\n|-fieldstart|move: Grassy Terrain|[from] ability: Seed Sower|[of] p2a: Arboliva\n|\n|-weather|SunnyDay|[upkeep]\n|-heal|p2a: Arboliva|108/290|[from] Grassy Terrain\n|-heal|p2a: Arboliva|126/290|[from] item: Leftovers\n|-heal|p1a: Torkoal|20/100|[from] Grassy Terrain\n|upkeep\n|turn|19\n|inactive|Time left: 300 sec this turn | 300 sec total\n|\n|t:|1783549186\n|move|p2a: Arboliva|Energy Ball|p1a: Torkoal\n|-resisted|p1a: Torkoal\n|-crit|p1a: Torkoal\n|-damage|p1a: Torkoal|0 fnt\n|faint|p1a: Torkoal\n|\n|-weather|SunnyDay|[upkeep]\n|-heal|p2a: Arboliva|144/290|[from] Grassy Terrain\n|-heal|p2a: Arboliva|162/290|[from] item: Leftovers\n|upkeep\n|\n|t:|1783549187\n|switch|p1a: Persian|Persian, L92, M|100/100\n|turn|20\n|inactive|Time left: 300 sec this turn | 300 sec total\n|\n|t:|1783549188\n|move|p1a: Persian|Double-Edge|p2a: Arboliva\n|-damage|p2a: Arboliva|8/290\n|-damage|p1a: Persian|82/100|[from] Recoil\n|move|p2a: Arboliva|Strength Sap|p1a: Persian\n|-unboost|p1a: Persian|atk|1\n|-heal|p2a: Arboliva|189/290\n|\n|-weather|none\n|-heal|p1a: Persian|87/100|[from] Grassy Terrain\n|-heal|p2a: Arboliva|207/290|[from] Grassy Terrain\n|-heal|p2a: Arboliva|225/290|[from] item: Leftovers\n|upkeep\n|turn|21\n|inactive|Time left: 300 sec this turn | 300 sec total\n|\n|t:|1783549190\n|switch|p1a: Zekrom|Zekrom, L71|100/100\n|-ability|p1a: Zekrom|Teravolt\n|move|p2a: Arboliva|Energy Ball|p1a: Zekrom\n|-resisted|p1a: Zekrom\n|-damage|p1a: Zekrom|64/100\n|\n|-heal|p1a: Zekrom|70/100|[from] Grassy Terrain\n|-heal|p1a: Zekrom|76/100|[from] item: Leftovers\n|-heal|p2a: Arboliva|243/290|[from] Grassy Terrain\n|-heal|p2a: Arboliva|261/290|[from] item: Leftovers\n|upkeep\n|turn|22\n|inactive|Time left: 300 sec this turn | 300 sec total\n|\n|t:|1783549191\n|move|p1a: Zekrom|Outrage|p2a: Arboliva\n|-damage|p2a: Arboliva|146/290\n|move|p2a: Arboliva|Earth Power|p1a: Zekrom\n|-supereffective|p1a: Zekrom\n|-damage|p1a: Zekrom|6/100\n|\n|-heal|p1a: Zekrom|12/100|[from] Grassy Terrain\n|-heal|p1a: Zekrom|18/100|[from] item: Leftovers\n|-heal|p2a: Arboliva|164/290|[from] Grassy Terrain\n|-heal|p2a: Arboliva|182/290|[from] item: Leftovers\n|-fieldend|move: Grassy Terrain\n|upkeep\n|turn|23\n|inactive|Time left: 300 sec this turn | 300 sec total\n|\n|t:|1783549192\n|move|p1a: Zekrom|Outrage|p2a: Arboliva|[from] lockedmove\n|-damage|p2a: Arboliva|68/290\n|-fieldstart|move: Grassy Terrain|[from] ability: Seed Sower|[of] p2a: Arboliva\n|-start|p1a: Zekrom|confusion|[fatigue]\n|move|p2a: Arboliva|Strength Sap|p1a: Zekrom\n|-unboost|p1a: Zekrom|atk|1\n|-heal|p2a: Arboliva|290/290\n|\n|-heal|p1a: Zekrom|24/100|[from] Grassy Terrain\n|-heal|p1a: Zekrom|31/100|[from] item: Leftovers\n|upkeep\n|turn|24\n|inactive|Time left: 300 sec this turn | 300 sec total\n|\n|t:|1783549193\n|-activate|p1a: Zekrom|confusion\n|-damage|p1a: Zekrom|24/100|[from] confusion\n|move|p2a: Arboliva|Energy Ball|p1a: Zekrom\n|-resisted|p1a: Zekrom\n|-damage|p1a: Zekrom|0 fnt\n|faint|p1a: Zekrom\n|\n|upkeep\n|\n|t:|1783549194\n|switch|p1a: Dewgong|Dewgong, L94, F|48/100\n|turn|25\n|inactive|Time left: 300 sec this turn | 300 sec total\n|\n|t:|1783549195\n|-terastallize|p2a: Arboliva|Grass\n|move|p1a: Dewgong|Ice Beam|p2a: Arboliva\n|-supereffective|p2a: Arboliva\n|-damage|p2a: Arboliva|146/290\n|-status|p2a: Arboliva|frz\n|cant|p2a: Arboliva|frz\n|\n|-heal|p1a: Dewgong|54/100|[from] Grassy Terrain\n|-heal|p2a: Arboliva|164/290 frz|[from] Grassy Terrain\n|-heal|p2a: Arboliva|182/290 frz|[from] item: Leftovers\n|upkeep\n|turn|26\n|inactive|Time left: 300 sec this turn | 300 sec total\n|\n|t:|1783549196\n|move|p1a: Dewgong|Ice Beam|p2a: Arboliva\n|-supereffective|p2a: Arboliva\n|-damage|p2a: Arboliva|48/290 frz\n|cant|p2a: Arboliva|frz\n|\n|-heal|p1a: Dewgong|60/100|[from] Grassy Terrain\n|-heal|p2a: Arboliva|66/290 frz|[from] Grassy Terrain\n|-heal|p2a: Arboliva|84/290 frz|[from] item: Leftovers\n|upkeep\n|turn|27\n|inactive|Time left: 300 sec this turn | 300 sec total\n|\n|t:|1783549197\n|move|p1a: Dewgong|Ice Beam|p2a: Arboliva\n|-supereffective|p2a: Arboliva\n|-damage|p2a: Arboliva|0 fnt\n|faint|p2a: Arboliva\n|\n|-heal|p1a: Dewgong|67/100|[from] Grassy Terrain\n|-fieldend|move: Grassy Terrain\n|upkeep\n|inactive|Time left: 300 sec this turn | 300 sec total | 5 sec grace\n|\n|t:|1783549198\n|switch|p2a: Wigglytuff|Wigglytuff, L96, M|424/424\n|turn|28\n|inactive|Time left: 300 sec this turn | 300 sec total\n|\n|t:|1783549199\n|move|p1a: Dewgong|Knock Off|p2a: Wigglytuff\n|-resisted|p2a: Wigglytuff\n|-damage|p2a: Wigglytuff|378/424\n|-enditem|p2a: Wigglytuff|Leftovers|[from] move: Knock Off|[of] p1a: Dewgong\n|move|p2a: Wigglytuff|Alluring Voice|p1a: Dewgong\n|-damage|p1a: Dewgong|48/100\n|\n|upkeep\n|turn|29\n|inactive|Time left: 300 sec this turn | 300 sec total\n|\n|t:|1783549200\n|move|p1a: Dewgong|Flip Turn|p2a: Wigglytuff\n|-damage|p2a: Wigglytuff|290/424\n|\n|t:|1783549201\n|switch|p1a: Persian|Persian, L92, M|87/100|[from] Flip Turn\n|move|p2a: Wigglytuff|Wish|p2a: Wigglytuff\n|\n|upkeep\n|turn|30\n|inactive|Time left: 300 sec this turn | 300 sec total\n|\n|t:|1783549202\n|move|p1a: Persian|Double-Edge|p2a: Wigglytuff\n|-damage|p2a: Wigglytuff|28/424\n|-damage|p1a: Persian|56/100|[from] Recoil\n|move|p2a: Wigglytuff|Alluring Voice|p1a: Persian\n|-crit|p1a: Persian\n|-damage|p1a: Persian|0 fnt\n|faint|p1a: Persian\n|\n|-heal|p2a: Wigglytuff|240/424|[from] move: Wish|[wisher] Wigglytuff\n|upkeep\n|\n|t:|1783549203\n|switch|p1a: Dewgong|Dewgong, L94, F|48/100\n|turn|31\n|inactive|Time left: 300 sec this turn | 300 sec total\n|\n|t:|1783549204\n|move|p1a: Dewgong|Ice Beam|p2a: Wigglytuff\n|-damage|p2a: Wigglytuff|111/424\n|move|p2a: Wigglytuff|Wish|p2a: Wigglytuff\n|\n|upkeep\n|turn|32\n|inactive|Time left: 300 sec this turn | 300 sec total\n|\n|t:|1783549205\n|move|p2a: Wigglytuff|Protect|p2a: Wigglytuff\n|-singleturn|p2a: Wigglytuff|Protect\n|move|p1a: Dewgong|Surf|p2a: Wigglytuff\n|-activate|p2a: Wigglytuff|move: Protect\n|\n|-heal|p2a: Wigglytuff|323/424|[from] move: Wish|[wisher] Wigglytuff\n|upkeep\n|turn|33\n|inactive|Time left: 300 sec this turn | 300 sec total\n|\n|t:|1783549205\n|move|p1a: Dewgong|Ice Beam|p2a: Wigglytuff\n|-damage|p2a: Wigglytuff|191/424\n|move|p2a: Wigglytuff|Wish|p2a: Wigglytuff\n|\n|upkeep\n|turn|34\n|inactive|Time left: 300 sec this turn | 300 sec total\n|\n|t:|1783549207\n|move|p1a: Dewgong|Ice Beam|p2a: Wigglytuff\n|-crit|p2a: Wigglytuff\n|-damage|p2a: Wigglytuff|4/424\n|move|p2a: Wigglytuff|Alluring Voice|p1a: Dewgong\n|-damage|p1a: Dewgong|29/100\n|\n|-heal|p2a: Wigglytuff|216/424|[from] move: Wish|[wisher] Wigglytuff\n|upkeep\n|turn|35\n|inactive|Time left: 300 sec this turn | 300 sec total\n|\n|t:|1783549208\n|move|p1a: Dewgong|Ice Beam|p2a: Wigglytuff\n|-damage|p2a: Wigglytuff|86/424\n|-status|p2a: Wigglytuff|frz\n|cant|p2a: Wigglytuff|frz\n|\n|upkeep\n|turn|36\n|inactive|Time left: 300 sec this turn | 300 sec total\n|\n|t:|1783549209\n|-curestatus|p2a: Wigglytuff|frz|[msg]\n|move|p2a: Wigglytuff|Protect|p2a: Wigglytuff\n|-singleturn|p2a: Wigglytuff|Protect\n|move|p1a: Dewgong|Ice Beam|p2a: Wigglytuff\n|-activate|p2a: Wigglytuff|move: Protect\n|\n|upkeep\n|turn|37\n|inactive|Time left: 300 sec this turn | 300 sec total\n|\n|t:|1783549209\n|move|p1a: Dewgong|Ice Beam|p2a: Wigglytuff\n|-damage|p2a: Wigglytuff|0 fnt\n|faint|p2a: Wigglytuff\n|\n|win|p0x800ce52", "uploadtime": 1783549210, "views": 0, "rating": 0, "private": 0, "password": null, "_winner": "p0x800ce52", "_our_name": "p0y800a07c"}