{"id": "battle-gen9randombattle-986", "formatid": "gen9randombattle", "format": "[Gen 9] Random Battle", "players": ["p0x9867f76", "p0y986ab97"], "log": "|init|battle\n|title|p0x9867f76 vs. p0y986ab97\n|j|\u2606p0x9867f76\n|j|\u2606p0y986ab97\n|t:|1783551369\n|gametype|singles\n|player|p1|p0x9867f76|265|\n|player|p2|p0y986ab97|1|\n|gen|9\n|tier|[Gen 9] Random Battle\n|rule|Species Clause: Limit one of each Pok\u00e9mon\n|rule|HP Percentage Mod: HP is shown in percentages\n|rule|Sleep Clause Mod: Limit one foe put to sleep\n|rule|Illusion Level Mod: Illusion disguises the Pok\u00e9mon's true level\n|\n|t:|1783551369\n|teamsize|p1|6\n|teamsize|p2|6\n|start\n|switch|p1a: Arbok|Arbok, L87, F|100/100\n|switch|p2a: Kingdra|Kingdra, L84, F|263/263\n|-ability|p1a: Arbok|Intimidate|boost\n|-unboost|p2a: Kingdra|atk|1\n|turn|1\n|inactive|Battle timer is ON: inactive players will automatically lose when time's up. (requested by p0y986ab97)\n|inactive|p0x9867f76 also wants the timer to be on.\n|\n|t:|1783551370\n|move|p2a: Kingdra|Dragon Dance|p2a: Kingdra\n|-boost|p2a: Kingdra|atk|1\n|-boost|p2a: Kingdra|spe|1\n|move|p1a: Arbok|Coil|p1a: Arbok\n|-boost|p1a: Arbok|atk|1\n|-boost|p1a: Arbok|def|1\n|-boost|p1a: Arbok|accuracy|1\n|\n|upkeep\n|turn|2\n|inactive|Time left: 300 sec this turn | 300 sec total\n|\n|t:|1783551371\n|move|p2a: Kingdra|Outrage|p1a: Arbok\n|-damage|p1a: Arbok|61/100\n|move|p1a: Arbok|Gunk Shot|p2a: Kingdra\n|-damage|p2a: Kingdra|89/263\n|-status|p2a: Kingdra|psn\n|-enditem|p2a: Kingdra|Lum Berry|[eat]\n|-curestatus|p2a: Kingdra|psn|[msg]\n|\n|-heal|p1a: Arbok|67/100|[from] item: Leftovers\n|upkeep\n|turn|3\n|inactive|Time left: 300 sec this turn | 300 sec total\n|\n|t:|1783551372\n|-terastallize|p1a: Arbok|Dark\n|move|p1a: Arbok|Sucker Punch|p2a: Kingdra\n|-damage|p2a: Kingdra|0 fnt\n|faint|p2a: Kingdra\n|\n|-heal|p1a: Arbok|73/100|[from] item: Leftovers\n|upkeep\n|inactive|Time left: 300 sec this turn | 300 sec total | 5 sec grace\n|\n|t:|1783551373\n|switch|p2a: Whimsicott|Whimsicott, L84, F|238/238\n|turn|4\n|inactive|Time left: 300 sec this turn | 300 sec total\n|\n|t:|1783551374\n|move|p2a: Whimsicott|Moonblast|p1a: Arbok\n|-supereffective|p1a: Arbok\n|-damage|p1a: Arbok|4/100\n|-unboost|p1a: Arbok|spa|1\n|move|p1a: Arbok|Gunk Shot|p2a: Whimsicott\n|-supereffective|p2a: Whimsicott\n|-crit|p2a: Whimsicott\n|-damage|p2a: Whimsicott|0 fnt\n|faint|p2a: Whimsicott\n|\n|-heal|p1a: Arbok|10/100|[from] item: Leftovers\n|upkeep\n|inactive|Time left: 300 sec this turn | 300 sec total | 5 sec grace\n|\n|t:|1783551375\n|switch|p2a: Drednaw|Drednaw, L81, M|278/278\n|turn|5\n|inactive|Time left: 300 sec this turn | 300 sec total\n|\n|t:|1783551376\n|-terastallize|p2a: Drednaw|Dark\n|move|p1a: Arbok|Earthquake|p2a: Drednaw\n|-damage|p2a: Drednaw|165/278\n|move|p2a: Drednaw|Shell Smash|p2a: Drednaw\n|-unboost|p2a: Drednaw|def|1\n|-unboost|p2a: Drednaw|spd|1\n|-boost|p2a: Drednaw|atk|2\n|-boost|p2a: Drednaw|spa|2\n|-boost|p2a: Drednaw|spe|2\n|-enditem|p2a: Drednaw|White Herb\n|-clearnegativeboost|p2a: Drednaw|[silent]\n|\n|-heal|p1a: Arbok|16/100|[from] item: Leftovers\n|upkeep\n|turn|6\n|inactive|Time left: 300 sec this turn | 300 sec total\n|\n|t:|1783551377\n|move|p1a: Arbok|Sucker Punch|p2a: Drednaw\n|-resisted|p2a: Drednaw\n|-damage|p2a: Drednaw|111/278\n|move|p2a: Drednaw|Liquidation|p1a: Arbok\n|-damage|p1a: Arbok|0 fnt\n|faint|p1a: Arbok\n|\n|upkeep\n|\n|t:|1783551378\n|switch|p1a: Rillaboom|Rillaboom, L79, F|100/100\n|-fieldstart|move: Grassy Terrain|[from] ability: Grassy Surge|[of] p1a: Rillaboom\n|turn|7\n|inactive|Time left: 300 sec this turn | 300 sec total\n|\n|t:|1783551379\n|move|p1a: Rillaboom|Grassy Glide|p2a: Drednaw\n|-damage|p2a: Drednaw|0 fnt\n|faint|p2a: Drednaw\n|\n|upkeep\n|inactive|Time left: 300 sec this turn | 300 sec total | 5 sec grace\n|\n|t:|1783551380\n|switch|p2a: Decidueye|Decidueye-Hisui, L87, M|295/295\n|turn|8\n|inactive|Time left: 300 sec this turn | 300 sec total\n|\n|t:|1783551381\n|move|p1a: Rillaboom|Grassy Glide|p2a: Decidueye\n|-resisted|p2a: Decidueye\n|-damage|p2a: Decidueye|229/295\n|move|p2a: Decidueye|Triple Arrows|p1a: Rillaboom\n|-damage|p1a: Rillaboom|62/100\n|-unboost|p1a: Rillaboom|def|1\n|\n|-heal|p1a: Rillaboom|68/100|[from] Grassy Terrain\n|-heal|p2a: Decidueye|247/295|[from] Grassy Terrain\n|-heal|p2a: Decidueye|265/295|[from] item: Leftovers\n|upkeep\n|turn|9\n|inactive|Time left: 300 sec this turn | 300 sec total\n|\n|t:|1783551382\n|switch|p1a: Azelf|Azelf, L82|100/100\n|move|p2a: Decidueye|Knock Off|p1a: Azelf\n|-supereffective|p1a: Azelf\n|-damage|p1a: Azelf|30/100\n|-enditem|p1a: Azelf|Assault Vest|[from] move: Knock Off|[of] p2a: Decidueye\n|\n|-heal|p2a: Decidueye|283/295|[from] Grassy Terrain\n|-heal|p2a: Decidueye|295/295|[from] item: Leftovers\n|upkeep\n|turn|10\n|inactive|Time left: 300 sec this turn | 300 sec total\n|\n|t:|1783551383\n|move|p1a: Azelf|Psychic|p2a: Decidueye\n|-supereffective|p2a: Decidueye\n|-damage|p2a: Decidueye|107/295\n|move|p2a: Decidueye|Leaf Blade|p1a: Azelf\n|-damage|p1a: Azelf|0 fnt\n|faint|p1a: Azelf\n|\n|-heal|p2a: Decidueye|125/295|[from] Grassy Terrain\n|-heal|p2a: Decidueye|143/295|[from] item: Leftovers\n|upkeep\n|\n|t:|1783551384\n|switch|p1a: Iron Boulder|Iron Boulder, L77|100/100\n|turn|11\n|inactive|Time left: 300 sec this turn | 300 sec total\n|\n|t:|1783551385\n|move|p1a: Iron Boulder|Zen Headbutt|p2a: Decidueye\n|-supereffective|p2a: Decidueye\n|-damage|p2a: Decidueye|0 fnt\n|faint|p2a: Decidueye\n|-damage|p1a: Iron Boulder|91/100|[from] item: Life Orb\n|\n|-heal|p1a: Iron Boulder|97/100|[from] Grassy Terrain\n|-fieldend|move: Grassy Terrain\n|upkeep\n|inactive|Time left: 300 sec this turn | 300 sec total | 5 sec grace\n|\n|t:|1783551386\n|switch|p2a: Cetitan|Cetitan, L82, M|413/413\n|turn|12\n|inactive|Time left: 300 sec this turn | 300 sec total\n|\n|t:|1783551387\n|move|p1a: Iron Boulder|Swords Dance|p1a: Iron Boulder\n|-boost|p1a: Iron Boulder|atk|2\n|move|p2a: Cetitan|Icicle Crash|p1a: Iron Boulder\n|-damage|p1a: Iron Boulder|22/100\n|\n|upkeep\n|turn|13\n|inactive|Time left: 300 sec this turn | 300 sec total\n|\n|t:|1783551389\n|move|p2a: Cetitan|Ice Shard|p1a: Iron Boulder\n|-damage|p1a: Iron Boulder|0 fnt\n|faint|p1a: Iron Boulder\n|-end|p1a: Iron Boulder|Quark Drive|[silent]\n|-damage|p2a: Cetitan|372/413|[from] item: Life Orb\n|\n|upkeep\n|\n|t:|1783551390\n|switch|p1a: Wugtrio|Wugtrio, L91, M|100/100\n|turn|14\n|inactive|Time left: 300 sec this turn | 300 sec total\n|\n|t:|1783551391\n|move|p1a: Wugtrio|Liquidation|p2a: Cetitan\n|-damage|p2a: Cetitan|174/413\n|move|p2a: Cetitan|Superpower|p1a: Wugtrio\n|-damage|p1a: Wugtrio|21/100\n|-unboost|p2a: Cetitan|atk|1\n|-unboost|p2a: Cetitan|def|1\n|-ability|p1a: Wugtrio|Gooey\n|-unboost|p2a: Cetitan|spe|1\n|-damage|p2a: Cetitan|133/413|[from] item: Life Orb\n|\n|upkeep\n|turn|15\n|inactive|Time left: 300 sec this turn | 300 sec total\n|\n|t:|1783551392\n|move|p2a: Cetitan|Ice Shard|p1a: Wugtrio\n|-resisted|p1a: Wugtrio\n|-damage|p1a: Wugtrio|9/100\n|-damage|p2a: Cetitan|92/413|[from] item: Life Orb\n|move|p1a: Wugtrio|Liquidation|p2a: Cetitan\n|-damage|p2a: Cetitan|0 fnt\n|faint|p2a: Cetitan\n|\n|upkeep\n|inactive|Time left: 300 sec this turn | 300 sec total | 5 sec grace\n|\n|t:|1783551393\n|switch|p2a: Emboar|Emboar, L84, M|322/322\n|turn|16\n|inactive|Time left: 300 sec this turn | 300 sec total\n|\n|t:|1783551394\n|move|p2a: Emboar|Sucker Punch|p1a: Wugtrio\n|-damage|p1a: Wugtrio|0 fnt\n|-ability|p1a: Wugtrio|Gooey\n|-unboost|p2a: Emboar|spe|1\n|faint|p1a: Wugtrio\n|\n|upkeep\n|\n|t:|1783551395\n|switch|p1a: Gastrodon|Gastrodon-East, L86, F|100/100\n|turn|17\n|inactive|Time left: 300 sec this turn | 300 sec total\n|\n|t:|1783551396\n|move|p1a: Gastrodon|Earthquake|p2a: Emboar\n|-supereffective|p2a: Emboar\n|-damage|p2a: Emboar|58/322\n|move|p2a: Emboar|Knock Off|p1a: Gastrodon\n|-damage|p1a: Gastrodon|73/100\n|-enditem|p1a: Gastrodon|Leftovers|[from] move: Knock Off|[of] p2a: Emboar\n|\n|upkeep\n|turn|18\n|inactive|Time left: 300 sec this turn | 300 sec total\n|\n|t:|1783551397\n|move|p1a: Gastrodon|Surf|p2a: Emboar\n|-supereffective|p2a: Emboar\n|-damage|p2a: Emboar|0 fnt\n|faint|p2a: Emboar\n|\n|win|p0x9867f76", "uploadtime": 1783551397, "views": 0, "rating": 0, "private": 0, "password": null, "_winner": "p0x9867f76", "_our_name": "p0y986ab97"}