{"id": "battle-gen9randombattle-1216", "formatid": "gen9randombattle", "format": "[Gen 9] Random Battle", "players": ["p0x1216554d", "p0y12160740"], "log": "|init|battle\n|title|p0x1216554d vs. p0y12160740\n|j|\u2606p0x1216554d\n|j|\u2606p0y12160740\n|t:|1783553207\n|gametype|singles\n|player|p1|p0x1216554d|265|\n|player|p2|p0y12160740|101|\n|gen|9\n|tier|[Gen 9] Random Battle\n|rule|Species Clause: Limit one of each Pok\u00e9mon\n|rule|HP Percentage Mod: HP is shown in percentages\n|rule|Sleep Clause Mod: Limit one foe put to sleep\n|rule|Illusion Level Mod: Illusion disguises the Pok\u00e9mon's true level\n|\n|t:|1783553207\n|teamsize|p1|6\n|teamsize|p2|6\n|start\n|switch|p1a: Tsareena|Tsareena, L87, F|100/100\n|switch|p2a: Bellossom|Bellossom, L84, M|263/263\n|turn|1\n|inactive|Battle timer is ON: inactive players will automatically lose when time's up. (requested by p0x1216554d)\n|inactive|Time left: 300 sec this turn | 300 sec total | 60 sec grace\n|\n|t:|1783553208\n|move|p1a: Tsareena|Knock Off|p2a: Bellossom\n|-damage|p2a: Bellossom|159/263\n|-enditem|p2a: Bellossom|Leftovers|[from] move: Knock Off|[of] p1a: Tsareena\n|-damage|p1a: Tsareena|91/100|[from] item: Life Orb\n|move|p2a: Bellossom|Quiver Dance|p2a: Bellossom\n|-boost|p2a: Bellossom|spa|1\n|-boost|p2a: Bellossom|spd|1\n|-boost|p2a: Bellossom|spe|1\n|\n|upkeep\n|turn|2\n|inactive|Time left: 300 sec this turn | 300 sec total\n|inactive|p0y12160740 also wants the timer to be on.\n|\n|t:|1783553210\n|move|p2a: Bellossom|Strength Sap|p1a: Tsareena\n|-unboost|p1a: Tsareena|atk|1\n|-heal|p2a: Bellossom|263/263\n|move|p1a: Tsareena|Power Whip|p2a: Bellossom\n|-resisted|p2a: Bellossom\n|-damage|p2a: Bellossom|197/263\n|-damage|p1a: Tsareena|81/100|[from] item: Life Orb\n|\n|upkeep\n|turn|3\n|inactive|Time left: 300 sec this turn | 300 sec total\n|\n|t:|1783553211\n|switch|p1a: Baxcalibur|Baxcalibur, L75, M|100/100\n|move|p2a: Bellossom|Quiver Dance|p2a: Bellossom\n|-boost|p2a: Bellossom|spa|1\n|-boost|p2a: Bellossom|spd|1\n|-boost|p2a: Bellossom|spe|1\n|\n|upkeep\n|turn|4\n|inactive|Time left: 300 sec this turn | 300 sec total\n|\n|t:|1783553212\n|move|p2a: Bellossom|Strength Sap|p1a: Baxcalibur\n|-unboost|p1a: Baxcalibur|atk|1\n|-heal|p2a: Bellossom|263/263\n|move|p1a: Baxcalibur|Dragon Dance|p1a: Baxcalibur\n|-boost|p1a: Baxcalibur|atk|1\n|-boost|p1a: Baxcalibur|spe|1\n|\n|upkeep\n|turn|5\n|inactive|Time left: 300 sec this turn | 300 sec total\n|\n|t:|1783553213\n|move|p2a: Bellossom|Tera Blast|p1a: Baxcalibur\n|-damage|p1a: Baxcalibur|61/100\n|move|p1a: Baxcalibur|Dragon Dance|p1a: Baxcalibur\n|-boost|p1a: Baxcalibur|atk|1\n|-boost|p1a: Baxcalibur|spe|1\n|\n|upkeep\n|turn|6\n|inactive|Time left: 300 sec this turn | 300 sec total\n|\n|t:|1783553214\n|-terastallize|p1a: Baxcalibur|Dragon\n|-terastallize|p2a: Bellossom|Fire\n|move|p1a: Baxcalibur|Glaive Rush|p2a: Bellossom\n|-damage|p2a: Bellossom|0 fnt\n|-singlemove|p1a: Baxcalibur|Glaive Rush|[silent]\n|faint|p2a: Bellossom\n|\n|upkeep\n|inactive|Time left: 300 sec this turn | 300 sec total | 5 sec grace\n|\n|t:|1783553215\n|switch|p2a: Archaludon|Archaludon, L78, F|268/268\n|turn|7\n|inactive|Time left: 300 sec this turn | 300 sec total\n|\n|t:|1783553217\n|move|p1a: Baxcalibur|Glaive Rush|p2a: Archaludon\n|-crit|p2a: Archaludon\n|-damage|p2a: Archaludon|0 fnt\n|-singlemove|p1a: Baxcalibur|Glaive Rush|[silent]\n|faint|p2a: Archaludon\n|\n|upkeep\n|inactive|Time left: 300 sec this turn | 300 sec total | 5 sec grace\n|\n|t:|1783553218\n|switch|p2a: Heatran|Heatran, L79, M|273/273\n|-item|p2a: Heatran|Air Balloon\n|turn|8\n|inactive|Time left: 300 sec this turn | 300 sec total\n|\n|t:|1783553219\n|move|p1a: Baxcalibur|Glaive Rush|p2a: Heatran\n|-resisted|p2a: Heatran\n|-damage|p2a: Heatran|141/273\n|-singlemove|p1a: Baxcalibur|Glaive Rush|[silent]\n|-enditem|p2a: Heatran|Air Balloon\n|move|p2a: Heatran|Earth Power|p1a: Baxcalibur\n|-damage|p1a: Baxcalibur|10/100\n|\n|upkeep\n|turn|9\n|inactive|Time left: 300 sec this turn | 300 sec total\n|\n|t:|1783553220\n|move|p1a: Baxcalibur|Earthquake|p2a: Heatran\n|-supereffective|p2a: Heatran\n|-damage|p2a: Heatran|0 fnt\n|faint|p2a: Heatran\n|\n|upkeep\n|inactive|Time left: 300 sec this turn | 300 sec total | 5 sec grace\n|\n|t:|1783553221\n|switch|p2a: Tsareena|Tsareena, L87, F|267/267\n|turn|10\n|inactive|Time left: 300 sec this turn | 300 sec total\n|\n|t:|1783553222\n|move|p1a: Baxcalibur|Icicle Crash|p2a: Tsareena\n|-supereffective|p2a: Tsareena\n|-damage|p2a: Tsareena|0 fnt\n|faint|p2a: Tsareena\n|\n|upkeep\n|inactive|Time left: 300 sec this turn | 300 sec total | 5 sec grace\n|\n|t:|1783553223\n|switch|p2a: Morpeko|Morpeko, L88, F|245/245\n|turn|11\n|inactive|Time left: 300 sec this turn | 300 sec total\n|\n|t:|1783553224\n|move|p2a: Morpeko|Protect|p2a: Morpeko\n|-singleturn|p2a: Morpeko|Protect\n|move|p1a: Baxcalibur|Glaive Rush|p2a: Morpeko\n|-activate|p2a: Morpeko|move: Protect\n|\n|-formechange|p2a: Morpeko|Morpeko-Hangry||[from] ability: Hunger Switch\n|upkeep\n|turn|12\n|inactive|Time left: 300 sec this turn | 300 sec total\n|\n|t:|1783553225\n|move|p2a: Morpeko|Protect||[still]\n|-fail|p2a: Morpeko\n|move|p1a: Baxcalibur|Glaive Rush|p2a: Morpeko\n|-damage|p2a: Morpeko|0 fnt\n|-singlemove|p1a: Baxcalibur|Glaive Rush|[silent]\n|faint|p2a: Morpeko\n|\n|upkeep\n|inactive|Time left: 300 sec this turn | 300 sec total | 5 sec grace\n|\n|t:|1783553226\n|switch|p2a: Mienshao|Mienshao, L83, F|244/244\n|turn|13\n|inactive|Time left: 300 sec this turn | 300 sec total\n|\n|t:|1783553227\n|move|p1a: Baxcalibur|Glaive Rush|p2a: Mienshao\n|-damage|p2a: Mienshao|0 fnt\n|-singlemove|p1a: Baxcalibur|Glaive Rush|[silent]\n|faint|p2a: Mienshao\n|\n|win|p0x1216554d", "uploadtime": 1783553227, "views": 0, "rating": 0, "private": 0, "password": null, "_winner": "p0x1216554d", "_our_name": "p0y12160740"}