{"id": "battle-gen9randombattle-1412", "formatid": "gen9randombattle", "format": "[Gen 9] Random Battle", "players": ["p0x14129886", "p0y1412021a"], "log": "|init|battle\n|title|p0x14129886 vs. p0y1412021a\n|j|\u2606p0x14129886\n|j|\u2606p0y1412021a\n|t:|1783556438\n|gametype|singles\n|player|p1|p0x14129886|169|\n|player|p2|p0y1412021a|2|\n|gen|9\n|tier|[Gen 9] Random Battle\n|rule|Species Clause: Limit one of each Pok\u00e9mon\n|rule|HP Percentage Mod: HP is shown in percentages\n|rule|Sleep Clause Mod: Limit one foe put to sleep\n|rule|Illusion Level Mod: Illusion disguises the Pok\u00e9mon's true level\n|\n|t:|1783556438\n|teamsize|p1|6\n|teamsize|p2|6\n|start\n|switch|p1a: Vespiquen|Vespiquen, L99, F|100/100\n|switch|p2a: Leavanny|Leavanny, L86, M|269/269\n|-ability|p1a: Vespiquen|Pressure\n|turn|1\n|inactive|Battle timer is ON: inactive players will automatically lose when time's up. (requested by p0y1412021a)\n|inactive|p0x14129886 also wants the timer to be on.\n|\n|t:|1783556440\n|move|p2a: Leavanny|Sticky Web|p1a: Vespiquen\n|-sidestart|p1: p0x14129886|move: Sticky Web\n|move|p1a: Vespiquen|Hurricane|p2a: Leavanny\n|-supereffective|p2a: Leavanny\n|-enditem|p2a: Leavanny|Focus Sash\n|-damage|p2a: Leavanny|1/269\n|-start|p2a: Leavanny|confusion\n|\n|upkeep\n|turn|2\n|inactive|Time left: 300 sec this turn | 300 sec total\n|\n|t:|1783556441\n|-activate|p2a: Leavanny|confusion\n|move|p2a: Leavanny|Lunge|p1a: Vespiquen\n|-resisted|p1a: Vespiquen\n|-damage|p1a: Vespiquen|82/100\n|-unboost|p1a: Vespiquen|atk|1\n|move|p1a: Vespiquen|Hurricane|p2a: Leavanny\n|-supereffective|p2a: Leavanny\n|-damage|p2a: Leavanny|0 fnt\n|faint|p2a: Leavanny\n|\n|upkeep\n|inactive|Time left: 300 sec this turn | 300 sec total | 5 sec grace\n|\n|t:|1783556442\n|switch|p2a: Roaring Moon|Roaring Moon, L72|270/270\n|turn|3\n|inactive|Time left: 300 sec this turn | 300 sec total\n|\n|t:|1783556444\n|move|p2a: Roaring Moon|Knock Off|p1a: Vespiquen\n|-damage|p1a: Vespiquen|45/100\n|-enditem|p1a: Vespiquen|Heavy-Duty Boots|[from] move: Knock Off|[of] p2a: Roaring Moon\n|move|p1a: Vespiquen|U-turn|p2a: Roaring Moon\n|-supereffective|p2a: Roaring Moon\n|-damage|p2a: Roaring Moon|96/270\n|\n|t:|1783556445\n|switch|p1a: Granbull|Granbull, L88, M|100/100|[from] U-turn\n|-activate|p1a: Granbull|move: Sticky Web\n|-unboost|p1a: Granbull|spe|1\n|-ability|p1a: Granbull|Intimidate|boost\n|-unboost|p2a: Roaring Moon|atk|1\n|\n|upkeep\n|turn|4\n|inactive|Time left: 300 sec this turn | 300 sec total\n|\n|t:|1783556446\n|move|p2a: Roaring Moon|Knock Off|p1a: Granbull\n|-resisted|p1a: Granbull\n|-crit|p1a: Granbull\n|-damage|p1a: Granbull|57/100\n|-enditem|p1a: Granbull|Leftovers|[from] move: Knock Off|[of] p2a: Roaring Moon\n|move|p1a: Granbull|Earthquake|p2a: Roaring Moon\n|-damage|p2a: Roaring Moon|0 fnt\n|faint|p2a: Roaring Moon\n|-end|p2a: Roaring Moon|Protosynthesis|[silent]\n|\n|upkeep\n|inactive|Time left: 300 sec this turn | 300 sec total | 5 sec grace\n|\n|t:|1783556447\n|switch|p2a: Flutter Mane|Flutter Mane, L74|203/203\n|turn|5\n|inactive|Time left: 300 sec this turn | 300 sec total\n|\n|t:|1783556448\n|move|p2a: Flutter Mane|Moonblast|p1a: Granbull\n|-damage|p1a: Granbull|0 fnt\n|faint|p1a: Granbull\n|\n|upkeep\n|\n|t:|1783556449\n|switch|p1a: Swampert|Swampert, L83, M|100/100\n|-activate|p1a: Swampert|move: Sticky Web\n|-unboost|p1a: Swampert|spe|1\n|turn|6\n|inactive|Time left: 300 sec this turn | 300 sec total\n|\n|t:|1783556451\n|move|p2a: Flutter Mane|Moonblast|p1a: Swampert\n|-damage|p1a: Swampert|50/100\n|-unboost|p1a: Swampert|spa|1\n|move|p1a: Swampert|Knock Off|p2a: Flutter Mane\n|-damage|p2a: Flutter Mane|78/203\n|-enditem|p2a: Flutter Mane|Choice Specs|[from] move: Knock Off|[of] p1a: Swampert\n|\n|-heal|p1a: Swampert|56/100|[from] item: Leftovers\n|upkeep\n|turn|7\n|inactive|Time left: 300 sec this turn | 300 sec total\n|\n|t:|1783556452\n|-end|p2a: Flutter Mane|Protosynthesis|[silent]\n|switch|p2a: Avalugg|Avalugg-Hisui, L90, F|317/317\n|move|p1a: Swampert|Flip Turn|p2a: Avalugg\n|-supereffective|p2a: Avalugg\n|-damage|p2a: Avalugg|243/317\n|\n|t:|1783556453\n|switch|p1a: Golduck|Golduck, L90, F|100/100|[from] Flip Turn\n|-activate|p1a: Golduck|move: Sticky Web\n|-unboost|p1a: Golduck|spe|1\n|-ability|p1a: Golduck|Cloud Nine\n|\n|upkeep\n|turn|8\n|inactive|Time left: 300 sec this turn | 300 sec total\n|\n|t:|1783556454\n|switch|p2a: Victreebel|Victreebel, L90, F|290/290\n|move|p1a: Golduck|Hydro Pump|p2a: Victreebel|[miss]\n|-miss|p1a: Golduck|p2a: Victreebel\n|\n|upkeep\n|turn|9\n|inactive|Time left: 300 sec this turn | 300 sec total\n|\n|t:|1783556455\n|switch|p1a: Vespiquen|Vespiquen, L99, F|45/100\n|-ability|p1a: Vespiquen|Pressure\n|move|p2a: Victreebel|Power Whip|p1a: Vespiquen|[miss]\n|-miss|p2a: Victreebel|p1a: Vespiquen\n|\n|upkeep\n|turn|10\n|inactive|Time left: 300 sec this turn | 300 sec total\n|\n|t:|1783556456\n|move|p2a: Victreebel|Poison Jab|p1a: Vespiquen\n|-damage|p1a: Vespiquen|14/100\n|-damage|p2a: Victreebel|261/290|[from] item: Life Orb\n|move|p1a: Vespiquen|Hurricane|p2a: Victreebel|[miss]\n|-miss|p1a: Vespiquen|p2a: Victreebel\n|\n|upkeep\n|turn|11\n|inactive|Time left: 300 sec this turn | 300 sec total\n|\n|t:|1783556456\n|move|p2a: Victreebel|Poison Jab|p1a: Vespiquen\n|-damage|p1a: Vespiquen|0 fnt\n|faint|p1a: Vespiquen\n|-damage|p2a: Victreebel|232/290|[from] item: Life Orb\n|\n|upkeep\n|\n|t:|1783556457\n|switch|p1a: Garchomp|Garchomp, L74, M|100/100\n|-activate|p1a: Garchomp|move: Sticky Web\n|-unboost|p1a: Garchomp|spe|1\n|turn|12\n|inactive|Time left: 300 sec this turn | 300 sec total\n|\n|t:|1783556458\n|move|p2a: Victreebel|Power Whip|p1a: Garchomp\n|-damage|p1a: Garchomp|26/100\n|-damage|p2a: Victreebel|196/290|[from] ability: Rough Skin|[of] p1a: Garchomp\n|-damage|p2a: Victreebel|148/290|[from] item: Rocky Helmet|[of] p1a: Garchomp\n|-damage|p2a: Victreebel|119/290|[from] item: Life Orb\n|move|p1a: Garchomp|Earthquake|p2a: Victreebel\n|-damage|p2a: Victreebel|0 fnt\n|faint|p2a: Victreebel\n|\n|upkeep\n|inactive|Time left: 300 sec this turn | 300 sec total | 5 sec grace\n|\n|t:|1783556459\n|switch|p2a: Flutter Mane|Flutter Mane, L74|78/203\n|turn|13\n|inactive|Time left: 300 sec this turn | 300 sec total\n|\n|t:|1783556460\n|move|p2a: Flutter Mane|Moonblast|p1a: Garchomp\n|-supereffective|p1a: Garchomp\n|-damage|p1a: Garchomp|0 fnt\n|faint|p1a: Garchomp\n|\n|upkeep\n|\n|t:|1783556461\n|switch|p1a: Swampert|Swampert, L83, M|56/100\n|-activate|p1a: Swampert|move: Sticky Web\n|-unboost|p1a: Swampert|spe|1\n|turn|14\n|inactive|Time left: 300 sec this turn | 300 sec total\n|\n|t:|1783556462\n|move|p2a: Flutter Mane|Moonblast|p1a: Swampert\n|-damage|p1a: Swampert|20/100\n|-unboost|p1a: Swampert|spa|1\n|move|p1a: Swampert|Earthquake|p2a: Flutter Mane\n|-damage|p2a: Flutter Mane|0 fnt\n|faint|p2a: Flutter Mane\n|-end|p2a: Flutter Mane|Protosynthesis|[silent]\n|\n|-heal|p1a: Swampert|26/100|[from] item: Leftovers\n|upkeep\n|inactive|Time left: 300 sec this turn | 300 sec total | 5 sec grace\n|\n|t:|1783556464\n|switch|p2a: Avalugg|Avalugg-Hisui, L90, F|243/317\n|turn|15\n|inactive|Time left: 300 sec this turn | 300 sec total\n|\n|t:|1783556465\n|move|p2a: Avalugg|Stone Edge|p1a: Swampert\n|-resisted|p1a: Swampert\n|-damage|p1a: Swampert|0 fnt\n|faint|p1a: Swampert\n|\n|upkeep\n|\n|t:|1783556466\n|switch|p1a: Golduck|Golduck, L90, F|100/100\n|-activate|p1a: Golduck|move: Sticky Web\n|-unboost|p1a: Golduck|spe|1\n|-ability|p1a: Golduck|Cloud Nine\n|turn|16\n|inactive|Time left: 300 sec this turn | 300 sec total\n|\n|t:|1783556467\n|move|p1a: Golduck|Grass Knot|p2a: Avalugg\n|-supereffective|p2a: Avalugg\n|-damage|p2a: Avalugg|0 fnt\n|faint|p2a: Avalugg\n|\n|upkeep\n|inactive|Time left: 300 sec this turn | 300 sec total | 5 sec grace\n|\n|t:|1783556468\n|switch|p2a: Volcarona|Volcarona, L77, F|257/257\n|turn|17\n|inactive|Time left: 300 sec this turn | 300 sec total\n|\n|t:|1783556469\n|-terastallize|p1a: Golduck|Water\n|move|p2a: Volcarona|Quiver Dance|p2a: Volcarona\n|-boost|p2a: Volcarona|spa|1\n|-boost|p2a: Volcarona|spd|1\n|-boost|p2a: Volcarona|spe|1\n|move|p1a: Golduck|Hydro Pump|p2a: Volcarona\n|-supereffective|p2a: Volcarona\n|-damage|p2a: Volcarona|21/257\n|\n|upkeep\n|turn|18\n|inactive|Time left: 300 sec this turn | 300 sec total\n|\n|t:|1783556470\n|move|p2a: Volcarona|Giga Drain|p1a: Golduck\n|-supereffective|p1a: Golduck\n|-damage|p1a: Golduck|40/100\n|-heal|p2a: Volcarona|108/257|[from] drain|[of] p1a: Golduck\n|move|p1a: Golduck|Hydro Pump|p2a: Volcarona\n|-supereffective|p2a: Volcarona\n|-damage|p2a: Volcarona|0 fnt\n|faint|p2a: Volcarona\n|\n|win|p0x14129886", "uploadtime": 1783556470, "views": 0, "rating": 0, "private": 0, "password": null, "_winner": "p0x14129886", "_our_name": "p0y1412021a"}