{"id": "battle-gen9randombattle-571", "formatid": "gen9randombattle", "format": "[Gen 9] Random Battle", "players": ["p0x571105f", "p0y571829b"], "log": "|init|battle\n|title|p0x571105f vs. p0y571829b\n|j|\u2606p0x571105f\n|j|\u2606p0y571829b\n|t:|1783545699\n|gametype|singles\n|player|p1|p0x571105f|102|\n|player|p2|p0y571829b|170|\n|gen|9\n|tier|[Gen 9] Random Battle\n|rule|Species Clause: Limit one of each Pok\u00e9mon\n|rule|HP Percentage Mod: HP is shown in percentages\n|rule|Sleep Clause Mod: Limit one foe put to sleep\n|rule|Illusion Level Mod: Illusion disguises the Pok\u00e9mon's true level\n|\n|t:|1783545699\n|teamsize|p1|6\n|teamsize|p2|6\n|start\n|switch|p1a: Bastiodon|Bastiodon, L89, F|100/100\n|switch|p2a: Flapple|Flapple, L88, F|266/266\n|turn|1\n|inactive|Battle timer is ON: inactive players will automatically lose when time's up. (requested by p0y571829b)\n|\n|t:|1783545701\n|move|p2a: Flapple|Outrage|p1a: Bastiodon|[miss]\n|-miss|p2a: Flapple|p1a: Bastiodon\n|move|p1a: Bastiodon|Iron Defense|p1a: Bastiodon\n|-boost|p1a: Bastiodon|def|2\n|\n|upkeep\n|turn|2\n|inactive|Time left: 300 sec this turn | 300 sec total\n|inactive|p0x571105f also wants the timer to be on.\n|\n|t:|1783545702\n|move|p2a: Flapple|Outrage|p1a: Bastiodon\n|-resisted|p1a: Bastiodon\n|-damage|p1a: Bastiodon|83/100\n|move|p1a: Bastiodon|Body Press|p2a: Flapple\n|-damage|p2a: Flapple|66/266\n|\n|upkeep\n|turn|3\n|inactive|Time left: 300 sec this turn | 300 sec total\n|\n|t:|1783545703\n|move|p2a: Flapple|Outrage|p1a: Bastiodon|[from] lockedmove\n|-resisted|p1a: Bastiodon\n|-damage|p1a: Bastiodon|63/100\n|move|p1a: Bastiodon|Foul Play|p2a: Flapple\n|-damage|p2a: Flapple|0 fnt\n|faint|p2a: Flapple\n|\n|upkeep\n|inactive|Time left: 300 sec this turn | 300 sec total | 5 sec grace\n|\n|t:|1783545704\n|switch|p2a: Bellossom|Bellossom, L84, F|263/263\n|turn|4\n|inactive|Time left: 300 sec this turn | 300 sec total\n|\n|t:|1783545705\n|-terastallize|p2a: Bellossom|Fairy\n|-terastallize|p1a: Bastiodon|Fighting\n|move|p2a: Bellossom|Quiver Dance|p2a: Bellossom\n|-boost|p2a: Bellossom|spa|1\n|-boost|p2a: Bellossom|spd|1\n|-boost|p2a: Bellossom|spe|1\n|move|p1a: Bastiodon|Body Press|p2a: Bellossom\n|-resisted|p2a: Bellossom\n|-damage|p2a: Bellossom|122/263\n|\n|-heal|p2a: Bellossom|138/263|[from] item: Leftovers\n|upkeep\n|turn|5\n|inactive|Time left: 300 sec this turn | 300 sec total\n|\n|t:|1783545705\n|switch|p1a: Shaymin|Shaymin, L82|100/100\n|move|p2a: Bellossom|Moonblast|p1a: Shaymin\n|-damage|p1a: Shaymin|60/100\n|\n|-heal|p1a: Shaymin|66/100|[from] item: Leftovers\n|-heal|p2a: Bellossom|154/263|[from] item: Leftovers\n|upkeep\n|turn|6\n|inactive|Time left: 300 sec this turn | 300 sec total\n|\n|t:|1783545706\n|move|p1a: Shaymin|Seed Flare|p2a: Bellossom\n|-damage|p2a: Bellossom|82/263\n|move|p2a: Bellossom|Quiver Dance|p2a: Bellossom\n|-boost|p2a: Bellossom|spa|1\n|-boost|p2a: Bellossom|spd|1\n|-boost|p2a: Bellossom|spe|1\n|\n|-heal|p2a: Bellossom|98/263|[from] item: Leftovers\n|-heal|p1a: Shaymin|72/100|[from] item: Leftovers\n|upkeep\n|turn|7\n|inactive|Time left: 300 sec this turn | 300 sec total\n|\n|t:|1783545707\n|move|p2a: Bellossom|Moonblast|p1a: Shaymin\n|-damage|p1a: Shaymin|13/100\n|move|p1a: Shaymin|Synthesis|p1a: Shaymin\n|-heal|p1a: Shaymin|63/100\n|\n|-heal|p2a: Bellossom|114/263|[from] item: Leftovers\n|-heal|p1a: Shaymin|69/100|[from] item: Leftovers\n|upkeep\n|turn|8\n|inactive|Time left: 300 sec this turn | 300 sec total\n|\n|t:|1783545708\n|move|p2a: Bellossom|Moonblast|p1a: Shaymin\n|-damage|p1a: Shaymin|8/100\n|move|p1a: Shaymin|Synthesis|p1a: Shaymin\n|-heal|p1a: Shaymin|58/100\n|\n|-heal|p2a: Bellossom|130/263|[from] item: Leftovers\n|-heal|p1a: Shaymin|64/100|[from] item: Leftovers\n|upkeep\n|turn|9\n|inactive|Time left: 300 sec this turn | 300 sec total\n|\n|t:|1783545709\n|move|p2a: Bellossom|Strength Sap|p1a: Shaymin\n|-unboost|p1a: Shaymin|atk|1\n|-heal|p2a: Bellossom|263/263\n|move|p1a: Shaymin|Synthesis|p1a: Shaymin\n|-heal|p1a: Shaymin|100/100\n|\n|upkeep\n|turn|10\n|inactive|Time left: 300 sec this turn | 300 sec total\n|\n|t:|1783545710\n|switch|p1a: Volcanion|Volcanion, L79|100/100\n|move|p2a: Bellossom|Moonblast|p1a: Volcanion\n|-resisted|p1a: Volcanion\n|-damage|p1a: Volcanion|59/100\n|-unboost|p1a: Volcanion|spa|1\n|\n|upkeep\n|turn|11\n|inactive|Time left: 300 sec this turn | 300 sec total\n|\n|t:|1783545711\n|switch|p1a: Shaymin|Shaymin, L82|100/100\n|move|p2a: Bellossom|Giga Drain|p1a: Shaymin\n|-resisted|p1a: Shaymin\n|-damage|p1a: Shaymin|75/100\n|\n|-heal|p1a: Shaymin|81/100|[from] item: Leftovers\n|upkeep\n|turn|12\n|inactive|Time left: 300 sec this turn | 300 sec total\n|\n|t:|1783545712\n|move|p2a: Bellossom|Moonblast|p1a: Shaymin\n|-crit|p1a: Shaymin\n|-damage|p1a: Shaymin|0 fnt\n|faint|p1a: Shaymin\n|\n|upkeep\n|\n|t:|1783545713\n|switch|p1a: Volcanion|Volcanion, L79|59/100\n|turn|13\n|inactive|Time left: 300 sec this turn | 300 sec total\n|\n|t:|1783545714\n|move|p2a: Bellossom|Giga Drain|p1a: Volcanion\n|-damage|p1a: Volcanion|0 fnt\n|faint|p1a: Volcanion\n|\n|upkeep\n|\n|t:|1783545715\n|switch|p1a: Vigoroth|Vigoroth, L85, F|100/100\n|turn|14\n|inactive|Time left: 300 sec this turn | 300 sec total\n|\n|t:|1783545716\n|move|p2a: Bellossom|Moonblast|p1a: Vigoroth\n|-damage|p1a: Vigoroth|35/100\n|move|p1a: Vigoroth|Slack Off|p1a: Vigoroth\n|-heal|p1a: Vigoroth|85/100\n|\n|upkeep\n|turn|15\n|inactive|Time left: 300 sec this turn | 300 sec total\n|\n|t:|1783545718\n|move|p2a: Bellossom|Moonblast|p1a: Vigoroth\n|-damage|p1a: Vigoroth|21/100\n|move|p1a: Vigoroth|Slack Off|p1a: Vigoroth\n|-heal|p1a: Vigoroth|71/100\n|\n|upkeep\n|turn|16\n|inactive|Time left: 300 sec this turn | 300 sec total\n|\n|t:|1783545719\n|move|p2a: Bellossom|Moonblast|p1a: Vigoroth\n|-damage|p1a: Vigoroth|4/100\n|move|p1a: Vigoroth|Slack Off|p1a: Vigoroth\n|-heal|p1a: Vigoroth|55/100\n|\n|upkeep\n|turn|17\n|inactive|Time left: 300 sec this turn | 300 sec total\n|\n|t:|1783545720\n|move|p2a: Bellossom|Moonblast|p1a: Vigoroth\n|-damage|p1a: Vigoroth|0 fnt\n|faint|p1a: Vigoroth\n|\n|upkeep\n|\n|t:|1783545721\n|switch|p1a: Hitmonchan|Hitmonchan, L87, M|100/100\n|turn|18\n|inactive|Time left: 300 sec this turn | 300 sec total\n|\n|t:|1783545722\n|move|p2a: Bellossom|Moonblast|p1a: Hitmonchan\n|-supereffective|p1a: Hitmonchan\n|-damage|p1a: Hitmonchan|14/100\n|move|p1a: Hitmonchan|Poison Jab|p2a: Bellossom\n|-supereffective|p2a: Bellossom\n|-damage|p2a: Bellossom|135/263\n|\n|-heal|p2a: Bellossom|151/263|[from] item: Leftovers\n|upkeep\n|turn|19\n|inactive|Time left: 300 sec this turn | 300 sec total\n|\n|t:|1783545723\n|move|p2a: Bellossom|Giga Drain|p1a: Hitmonchan\n|-damage|p1a: Hitmonchan|0 fnt\n|-heal|p2a: Bellossom|167/263|[from] drain|[of] p1a: Hitmonchan\n|faint|p1a: Hitmonchan\n|\n|-heal|p2a: Bellossom|183/263|[from] item: Leftovers\n|upkeep\n|\n|t:|1783545723\n|switch|p1a: Klawf|Klawf, L90, M|100/100\n|turn|20\n|inactive|Time left: 300 sec this turn | 300 sec total\n|\n|t:|1783545724\n|switch|p1a: Bastiodon|Bastiodon, L89, F, tera:Fighting|63/100\n|move|p2a: Bellossom|Giga Drain|p1a: Bastiodon\n|-damage|p1a: Bastiodon|22/100\n|-heal|p2a: Bellossom|235/263|[from] drain|[of] p1a: Bastiodon\n|\n|-heal|p2a: Bellossom|251/263|[from] item: Leftovers\n|upkeep\n|turn|21\n|inactive|Time left: 300 sec this turn | 300 sec total\n|\n|t:|1783545725\n|move|p2a: Bellossom|Giga Drain|p1a: Bastiodon\n|-damage|p1a: Bastiodon|0 fnt\n|-heal|p2a: Bellossom|263/263|[from] drain|[of] p1a: Bastiodon\n|faint|p1a: Bastiodon\n|\n|upkeep\n|\n|t:|1783545726\n|switch|p1a: Klawf|Klawf, L90, M|100/100\n|turn|22\n|inactive|Time left: 300 sec this turn | 300 sec total\n|\n|t:|1783545727\n|move|p2a: Bellossom|Giga Drain|p1a: Klawf\n|-supereffective|p1a: Klawf\n|-damage|p1a: Klawf|0 fnt\n|faint|p1a: Klawf\n|\n|win|p0y571829b", "uploadtime": 1783545727, "views": 0, "rating": 0, "private": 0, "password": null, "_winner": "p0y571829b", "_our_name": "p0y571829b"}