{"id": "battle-gen9randombattle-987", "formatid": "gen9randombattle", "format": "[Gen 9] Random Battle", "players": ["p0x9879a3e", "p0y9874300"], "log": "|init|battle\n|title|p0x9879a3e vs. p0y9874300\n|j|\u2606p0x9879a3e\n|j|\u2606p0y9874300\n|t:|1783551369\n|gametype|singles\n|player|p1|p0x9879a3e|101|\n|player|p2|p0y9874300|170|\n|gen|9\n|tier|[Gen 9] Random Battle\n|rule|Species Clause: Limit one of each Pok\u00e9mon\n|rule|HP Percentage Mod: HP is shown in percentages\n|rule|Sleep Clause Mod: Limit one foe put to sleep\n|rule|Illusion Level Mod: Illusion disguises the Pok\u00e9mon's true level\n|\n|t:|1783551369\n|teamsize|p1|6\n|teamsize|p2|6\n|start\n|switch|p1a: Galvantula|Galvantula, L82, M|100/100\n|switch|p2a: Ogerpon|Ogerpon-Cornerstone, L76, F|247/247\n|turn|1\n|inactive|Battle timer is ON: inactive players will automatically lose when time's up. (requested by p0y9874300)\n|inactive|p0x9879a3e also wants the timer to be on.\n|\n|t:|1783551371\n|move|p1a: Galvantula|Sticky Web|p2a: Ogerpon\n|-sidestart|p2: p0y9874300|move: Sticky Web\n|move|p2a: Ogerpon|Ivy Cudgel|p1a: Galvantula|[anim] Ivy Cudgel Rock\n|-supereffective|p1a: Galvantula\n|-enditem|p1a: Galvantula|Focus Sash\n|-damage|p1a: Galvantula|1/100\n|\n|upkeep\n|turn|2\n|inactive|Time left: 300 sec this turn | 300 sec total\n|\n|t:|1783551372\n|move|p1a: Galvantula|Bug Buzz|p2a: Ogerpon\n|-supereffective|p2a: Ogerpon\n|-damage|p2a: Ogerpon|77/247\n|move|p2a: Ogerpon|Ivy Cudgel|p1a: Galvantula|[anim] Ivy Cudgel Rock\n|-supereffective|p1a: Galvantula\n|-crit|p1a: Galvantula\n|-damage|p1a: Galvantula|0 fnt\n|faint|p1a: Galvantula\n|\n|upkeep\n|\n|t:|1783551373\n|switch|p1a: Rillaboom|Rillaboom, L79, M|100/100\n|-fieldstart|move: Grassy Terrain|[from] ability: Grassy Surge|[of] p1a: Rillaboom\n|turn|3\n|inactive|Time left: 300 sec this turn | 300 sec total\n|\n|t:|1783551374\n|switch|p2a: Weezing|Weezing-Galar, L86, F|252/252\n|move|p1a: Rillaboom|Swords Dance|p1a: Rillaboom\n|-boost|p1a: Rillaboom|atk|2\n|\n|upkeep\n|turn|4\n|inactive|Time left: 300 sec this turn | 300 sec total\n|\n|t:|1783551375\n|move|p1a: Rillaboom|Wood Hammer|p2a: Weezing\n|-resisted|p2a: Weezing\n|-damage|p2a: Weezing|65/252\n|-damage|p1a: Rillaboom|79/100|[from] Recoil\n|-damage|p1a: Rillaboom|69/100|[from] item: Life Orb\n|move|p2a: Weezing|Gunk Shot|p1a: Rillaboom\n|-supereffective|p1a: Rillaboom\n|-damage|p1a: Rillaboom|0 fnt\n|faint|p1a: Rillaboom\n|\n|-heal|p2a: Weezing|80/252|[from] item: Leftovers\n|upkeep\n|\n|t:|1783551376\n|switch|p1a: Morpeko|Morpeko, L88, F|100/100\n|turn|5\n|inactive|Time left: 300 sec this turn | 300 sec total\n|\n|t:|1783551377\n|switch|p2a: Trevenant|Trevenant, L89, M|296/296\n|-activate|p2a: Trevenant|move: Sticky Web\n|-unboost|p2a: Trevenant|spe|1\n|move|p1a: Morpeko|Aura Wheel|p2a: Trevenant\n|-resisted|p2a: Trevenant\n|-damage|p2a: Trevenant|234/296\n|-boost|p1a: Morpeko|spe|1\n|\n|-heal|p2a: Trevenant|252/296|[from] Grassy Terrain\n|-formechange|p1a: Morpeko|Morpeko-Hangry||[from] ability: Hunger Switch\n|upkeep\n|turn|6\n|inactive|Time left: 300 sec this turn | 300 sec total\n|\n|t:|1783551378\n|-terastallize|p2a: Trevenant|Fighting\n|move|p1a: Morpeko|Aura Wheel|p2a: Trevenant\n|-resisted|p2a: Trevenant\n|-damage|p2a: Trevenant|189/296\n|-boost|p1a: Morpeko|spe|1\n|move|p2a: Trevenant|Drain Punch|p1a: Morpeko\n|-supereffective|p1a: Morpeko\n|-damage|p1a: Morpeko|0 fnt\n|-heal|p2a: Trevenant|296/296|[from] drain|[of] p1a: Morpeko\n|faint|p1a: Morpeko\n|\n|upkeep\n|\n|t:|1783551379\n|switch|p1a: Copperajah|Copperajah, L86, M|100/100\n|turn|7\n|inactive|Time left: 300 sec this turn | 300 sec total\n|\n|t:|1783551379\n|-terastallize|p1a: Copperajah|Fairy\n|move|p1a: Copperajah|Play Rough|p2a: Trevenant\n|-supereffective|p2a: Trevenant\n|-damage|p2a: Trevenant|0 fnt\n|faint|p2a: Trevenant\n|\n|-fieldend|move: Grassy Terrain\n|upkeep\n|inactive|Time left: 300 sec this turn | 300 sec total | 5 sec grace\n|\n|t:|1783551380\n|switch|p2a: Weezing|Weezing-Galar, L86, F|80/252\n|turn|8\n|inactive|Time left: 300 sec this turn | 300 sec total\n|\n|t:|1783551381\n|move|p2a: Weezing|Gunk Shot|p1a: Copperajah\n|-supereffective|p1a: Copperajah\n|-damage|p1a: Copperajah|21/100\n|-status|p1a: Copperajah|psn\n|move|p1a: Copperajah|Iron Head|p2a: Weezing\n|-supereffective|p2a: Weezing\n|-damage|p2a: Weezing|0 fnt\n|faint|p2a: Weezing\n|\n|-damage|p1a: Copperajah|9/100 psn|[from] psn\n|upkeep\n|inactive|Time left: 300 sec this turn | 300 sec total | 5 sec grace\n|\n|t:|1783551383\n|switch|p2a: Mimikyu|Mimikyu, L79, M|216/216\n|-activate|p2a: Mimikyu|move: Sticky Web\n|-unboost|p2a: Mimikyu|spe|1\n|turn|9\n|inactive|Time left: 300 sec this turn | 300 sec total\n|\n|t:|1783551384\n|switch|p1a: Toxapex|Toxapex, L82, F|100/100\n|move|p2a: Mimikyu|Swords Dance|p2a: Mimikyu\n|-boost|p2a: Mimikyu|atk|2\n|\n|upkeep\n|turn|10\n|inactive|Time left: 300 sec this turn | 300 sec total\n|\n|t:|1783551385\n|move|p2a: Mimikyu|Shadow Claw|p1a: Toxapex\n|-damage|p1a: Toxapex|51/100\n|-damage|p2a: Mimikyu|195/216|[from] item: Life Orb\n|move|p1a: Toxapex|Toxic Spikes|p2a: Mimikyu\n|-sidestart|p2: p0y9874300|move: Toxic Spikes\n|\n|-heal|p1a: Toxapex|57/100|[from] item: Leftovers\n|upkeep\n|turn|11\n|inactive|Time left: 300 sec this turn | 300 sec total\n|\n|t:|1783551386\n|move|p2a: Mimikyu|Shadow Claw|p1a: Toxapex\n|-damage|p1a: Toxapex|5/100\n|-damage|p2a: Mimikyu|174/216|[from] item: Life Orb\n|move|p1a: Toxapex|Recover|p1a: Toxapex\n|-heal|p1a: Toxapex|55/100\n|\n|-heal|p1a: Toxapex|61/100|[from] item: Leftovers\n|upkeep\n|turn|12\n|inactive|Time left: 300 sec this turn | 300 sec total\n|\n|t:|1783551387\n|move|p2a: Mimikyu|Shadow Claw|p1a: Toxapex\n|-damage|p1a: Toxapex|8/100\n|-damage|p2a: Mimikyu|153/216|[from] item: Life Orb\n|move|p1a: Toxapex|Recover|p1a: Toxapex\n|-heal|p1a: Toxapex|58/100\n|\n|-heal|p1a: Toxapex|64/100|[from] item: Leftovers\n|upkeep\n|turn|13\n|inactive|Time left: 300 sec this turn | 300 sec total\n|\n|t:|1783551388\n|move|p2a: Mimikyu|Shadow Claw|p1a: Toxapex\n|-damage|p1a: Toxapex|15/100\n|-damage|p2a: Mimikyu|132/216|[from] item: Life Orb\n|move|p1a: Toxapex|Recover|p1a: Toxapex\n|-heal|p1a: Toxapex|65/100\n|\n|-heal|p1a: Toxapex|71/100|[from] item: Leftovers\n|upkeep\n|turn|14\n|inactive|Time left: 300 sec this turn | 300 sec total\n|\n|t:|1783551389\n|move|p2a: Mimikyu|Shadow Claw|p1a: Toxapex\n|-damage|p1a: Toxapex|22/100\n|-damage|p2a: Mimikyu|111/216|[from] item: Life Orb\n|move|p1a: Toxapex|Recover|p1a: Toxapex\n|-heal|p1a: Toxapex|72/100\n|\n|-heal|p1a: Toxapex|78/100|[from] item: Leftovers\n|upkeep\n|turn|15\n|inactive|Time left: 300 sec this turn | 300 sec total\n|\n|t:|1783551390\n|move|p2a: Mimikyu|Shadow Claw|p1a: Toxapex\n|-damage|p1a: Toxapex|32/100\n|-damage|p2a: Mimikyu|90/216|[from] item: Life Orb\n|move|p1a: Toxapex|Recover|p1a: Toxapex\n|-heal|p1a: Toxapex|82/100\n|\n|-heal|p1a: Toxapex|88/100|[from] item: Leftovers\n|upkeep\n|turn|16\n|inactive|Time left: 300 sec this turn | 300 sec total\n|\n|t:|1783551392\n|move|p2a: Mimikyu|Shadow Claw|p1a: Toxapex\n|-crit|p1a: Toxapex\n|-damage|p1a: Toxapex|13/100\n|-damage|p2a: Mimikyu|69/216|[from] item: Life Orb\n|move|p1a: Toxapex|Recover|p1a: Toxapex\n|-heal|p1a: Toxapex|63/100\n|\n|-heal|p1a: Toxapex|69/100|[from] item: Leftovers\n|upkeep\n|turn|17\n|inactive|Time left: 300 sec this turn | 300 sec total\n|\n|t:|1783551393\n|move|p2a: Mimikyu|Swords Dance|p2a: Mimikyu\n|-boost|p2a: Mimikyu|atk|2\n|move|p1a: Toxapex|Recover|p1a: Toxapex\n|-heal|p1a: Toxapex|100/100\n|\n|upkeep\n|turn|18\n|inactive|Time left: 300 sec this turn | 300 sec total\n|\n|t:|1783551394\n|move|p2a: Mimikyu|Shadow Claw|p1a: Toxapex\n|-damage|p1a: Toxapex|28/100\n|-damage|p2a: Mimikyu|48/216|[from] item: Life Orb\n|move|p1a: Toxapex|Haze|p1a: Toxapex\n|-clearallboost\n|\n|-heal|p1a: Toxapex|34/100|[from] item: Leftovers\n|upkeep\n|turn|19\n|inactive|Time left: 300 sec this turn | 300 sec total\n|\n|t:|1783551395\n|move|p2a: Mimikyu|Shadow Claw|p1a: Toxapex\n|-damage|p1a: Toxapex|7/100\n|-damage|p2a: Mimikyu|27/216|[from] item: Life Orb\n|move|p1a: Toxapex|Recover|p1a: Toxapex\n|-heal|p1a: Toxapex|57/100\n|\n|-heal|p1a: Toxapex|63/100|[from] item: Leftovers\n|upkeep\n|turn|20\n|inactive|Time left: 300 sec this turn | 300 sec total\n|\n|t:|1783551396\n|move|p2a: Mimikyu|Shadow Claw|p1a: Toxapex\n|-damage|p1a: Toxapex|37/100\n|-damage|p2a: Mimikyu|6/216|[from] item: Life Orb\n|move|p1a: Toxapex|Toxic Spikes|p2a: Mimikyu\n|-sidestart|p2: p0y9874300|move: Toxic Spikes\n|\n|-heal|p1a: Toxapex|43/100|[from] item: Leftovers\n|upkeep\n|turn|21\n|inactive|Time left: 300 sec this turn | 300 sec total\n|\n|t:|1783551397\n|switch|p1a: Copperajah|Copperajah, L86, M, tera:Fairy|9/100 psn\n|move|p2a: Mimikyu|Shadow Claw|p1a: Copperajah\n|-crit|p1a: Copperajah\n|-damage|p1a: Copperajah|0 fnt\n|faint|p1a: Copperajah\n|-damage|p2a: Mimikyu|0 fnt|[from] item: Life Orb\n|faint|p2a: Mimikyu\n|\n|upkeep\n|inactive|Time left: 300 sec this turn | 300 sec total | 5 sec grace\n|\n|t:|1783551398\n|switch|p2a: Luvdisc|Luvdisc, F|247/247\n|switch|p1a: Flygon|Flygon, L82, M|100/100\n|turn|22\n|inactive|Time left: 300 sec this turn | 300 sec total\n|\n|t:|1783551399\n|move|p2a: Luvdisc|Substitute|p2a: Luvdisc\n|-start|p2a: Luvdisc|Substitute\n|-damage|p2a: Luvdisc|186/247\n|move|p1a: Flygon|Dragon Dance|p1a: Flygon\n|-boost|p1a: Flygon|atk|1\n|-boost|p1a: Flygon|spe|1\n|\n|upkeep\n|turn|23\n|inactive|Time left: 300 sec this turn | 300 sec total\n|\n|t:|1783551400\n|move|p1a: Flygon|Dragon Dance|p1a: Flygon\n|-boost|p1a: Flygon|atk|1\n|-boost|p1a: Flygon|spe|1\n|move|p2a: Luvdisc|Substitute|p2a: Luvdisc\n|-fail|p2a: Luvdisc|move: Substitute\n|\n|upkeep\n|turn|24\n|inactive|Time left: 300 sec this turn | 300 sec total\n|\n|t:|1783551401\n|move|p1a: Flygon|Outrage|p2a: Luvdisc\n|-end|p2a: Luvdisc|Substitute\n|move|p2a: Luvdisc|Surf|p1a: Flygon\n|-crit|p1a: Flygon\n|-damage|p1a: Flygon|56/100\n|\n|upkeep\n|turn|25\n|inactive|Time left: 300 sec this turn | 300 sec total\n|\n|t:|1783551402\n|switch|p2a: Ogerpon|Ogerpon-Cornerstone, L76, F|77/247\n|-activate|p2a: Ogerpon|move: Sticky Web\n|-unboost|p2a: Ogerpon|spe|1\n|-status|p2a: Ogerpon|tox\n|move|p1a: Flygon|Outrage|p2a: Ogerpon|[from] lockedmove\n|-damage|p2a: Ogerpon|0 fnt\n|faint|p2a: Ogerpon\n|\n|upkeep\n|inactive|Time left: 300 sec this turn | 300 sec total | 5 sec grace\n|\n|t:|1783551403\n|switch|p2a: Palkia|Palkia-Origin, L72|249/249\n|-activate|p2a: Palkia|move: Sticky Web\n|-unboost|p2a: Palkia|spe|1\n|-status|p2a: Palkia|tox\n|-ability|p2a: Palkia|Pressure\n|turn|26\n|inactive|Time left: 300 sec this turn | 300 sec total\n|\n|t:|1783551404\n|move|p1a: Flygon|Outrage|p2a: Palkia|[from] lockedmove\n|-supereffective|p2a: Palkia\n|-damage|p2a: Palkia|0 fnt\n|faint|p2a: Palkia\n|-start|p1a: Flygon|confusion|[fatigue]\n|-enditem|p1a: Flygon|Lum Berry|[eat]\n|-end|p1a: Flygon|confusion\n|\n|upkeep\n|inactive|Time left: 300 sec this turn | 300 sec total | 5 sec grace\n|\n|t:|1783551405\n|switch|p2a: Luvdisc|Luvdisc, F|186/247\n|turn|27\n|inactive|Time left: 300 sec this turn | 300 sec total\n|\n|t:|1783551406\n|move|p1a: Flygon|Outrage|p2a: Luvdisc\n|-damage|p2a: Luvdisc|0 fnt\n|faint|p2a: Luvdisc\n|\n|win|p0x9879a3e", "uploadtime": 1783551406, "views": 0, "rating": 0, "private": 0, "password": null, "_winner": "p0x9879a3e", "_our_name": "p0y9874300"}