{"id": "battle-gen9randombattle-2829", "formatid": "gen9randombattle", "format": "[Gen 9] Random Battle", "players": ["p0x2829b97a", "p0y2829da2d"], "log": "|init|battle\n|title|p0x2829b97a vs. p0y2829da2d\n|j|\u2606p0x2829b97a\n|j|\u2606p0y2829da2d\n|t:|1783572580\n|gametype|singles\n|player|p1|p0x2829b97a|170|\n|player|p2|p0y2829da2d|102|\n|gen|9\n|tier|[Gen 9] Random Battle\n|rule|Species Clause: Limit one of each Pok\u00e9mon\n|rule|HP Percentage Mod: HP is shown in percentages\n|rule|Sleep Clause Mod: Limit one foe put to sleep\n|rule|Illusion Level Mod: Illusion disguises the Pok\u00e9mon's true level\n|\n|t:|1783572580\n|teamsize|p1|6\n|teamsize|p2|6\n|start\n|switch|p1a: Noctowl|Noctowl, L95, M|100/100\n|switch|p2a: Fezandipiti|Fezandipiti, L82, M|278/278\n|turn|1\n|inactive|Battle timer is ON: inactive players will automatically lose when time's up. (requested by p0y2829da2d)\n|inactive|p0x2829b97a also wants the timer to be on.\n|\n|t:|1783572581\n|move|p2a: Fezandipiti|Swords Dance|p2a: Fezandipiti\n|-boost|p2a: Fezandipiti|atk|2\n|move|p1a: Noctowl|Calm Mind|p1a: Noctowl\n|-boost|p1a: Noctowl|spa|1\n|-boost|p1a: Noctowl|spd|1\n|\n|upkeep\n|turn|2\n|inactive|Time left: 300 sec this turn | 300 sec total\n|\n|t:|1783572582\n|move|p2a: Fezandipiti|Gunk Shot|p1a: Noctowl|[miss]\n|-miss|p2a: Fezandipiti|p1a: Noctowl\n|move|p1a: Noctowl|Hurricane|p2a: Fezandipiti|[miss]\n|-miss|p1a: Noctowl|p2a: Fezandipiti\n|\n|upkeep\n|turn|3\n|inactive|Time left: 300 sec this turn | 300 sec total\n|\n|t:|1783572583\n|move|p2a: Fezandipiti|Play Rough|p1a: Noctowl\n|-damage|p1a: Noctowl|35/100\n|move|p1a: Noctowl|Hurricane|p2a: Fezandipiti|[miss]\n|-miss|p1a: Noctowl|p2a: Fezandipiti\n|\n|upkeep\n|turn|4\n|inactive|Time left: 300 sec this turn | 300 sec total\n|\n|t:|1783572584\n|switch|p1a: Rhyperior|Rhyperior, L82, F|100/100\n|move|p2a: Fezandipiti|Play Rough|p1a: Rhyperior\n|-damage|p1a: Rhyperior|60/100\n|\n|upkeep\n|turn|5\n|inactive|Time left: 300 sec this turn | 300 sec total\n|\n|t:|1783572585\n|move|p2a: Fezandipiti|Play Rough|p1a: Rhyperior\n|-damage|p1a: Rhyperior|19/100\n|move|p1a: Rhyperior|Earthquake|p2a: Fezandipiti\n|-supereffective|p2a: Fezandipiti\n|-damage|p2a: Fezandipiti|0 fnt\n|faint|p2a: Fezandipiti\n|\n|upkeep\n|inactive|Time left: 300 sec this turn | 300 sec total | 5 sec grace\n|\n|t:|1783572586\n|switch|p2a: Clawitzer|Clawitzer, L87, F|265/265\n|turn|6\n|inactive|Time left: 300 sec this turn | 300 sec total\n|\n|t:|1783572587\n|switch|p1a: Gallade|Gallade, L80, M|100/100\n|move|p2a: Clawitzer|Water Pulse|p1a: Gallade\n|-damage|p1a: Gallade|40/100\n|\n|upkeep\n|turn|7\n|inactive|Time left: 300 sec this turn | 300 sec total\n|\n|t:|1783572588\n|move|p1a: Gallade|Leaf Blade|p2a: Clawitzer\n|-supereffective|p2a: Clawitzer\n|-damage|p2a: Clawitzer|0 fnt\n|faint|p2a: Clawitzer\n|\n|upkeep\n|inactive|Time left: 300 sec this turn | 300 sec total | 5 sec grace\n|\n|t:|1783572589\n|switch|p2a: Iron Hands|Iron Hands, L79|373/373\n|turn|8\n|inactive|Time left: 300 sec this turn | 300 sec total\n|\n|t:|1783572590\n|move|p1a: Gallade|Leaf Blade|p2a: Iron Hands\n|-damage|p2a: Iron Hands|238/373\n|move|p2a: Iron Hands|Swords Dance|p2a: Iron Hands\n|-boost|p2a: Iron Hands|atk|2\n|\n|-heal|p2a: Iron Hands|261/373|[from] item: Leftovers\n|upkeep\n|turn|9\n|inactive|Time left: 300 sec this turn | 300 sec total\n|\n|t:|1783572591\n|move|p1a: Gallade|Leaf Blade|p2a: Iron Hands\n|-damage|p2a: Iron Hands|119/373\n|move|p2a: Iron Hands|Drain Punch|p1a: Gallade\n|-resisted|p1a: Gallade\n|-damage|p1a: Gallade|0 fnt\n|-heal|p2a: Iron Hands|167/373|[from] drain|[of] p1a: Gallade\n|faint|p1a: Gallade\n|\n|-heal|p2a: Iron Hands|190/373|[from] item: Leftovers\n|upkeep\n|\n|t:|1783572592\n|switch|p1a: Emboar|Emboar, L84, M|100/100\n|turn|10\n|inactive|Time left: 300 sec this turn | 300 sec total\n|\n|t:|1783572593\n|move|p1a: Emboar|Flare Blitz|p2a: Iron Hands\n|-damage|p2a: Iron Hands|0 fnt\n|faint|p2a: Iron Hands\n|-end|p2a: Iron Hands|Quark Drive|[silent]\n|-damage|p1a: Emboar|81/100|[from] Recoil\n|\n|upkeep\n|inactive|Time left: 300 sec this turn | 300 sec total | 5 sec grace\n|\n|t:|1783572594\n|switch|p2a: Kingdra|Kingdra, L84, M|263/263\n|turn|11\n|inactive|Time left: 300 sec this turn | 300 sec total\n|\n|t:|1783572595\n|switch|p1a: Ursaluna|Ursaluna-Bloodmoon, L79, M|100/100\n|move|p2a: Kingdra|Wave Crash|p1a: Ursaluna\n|-supereffective|p1a: Ursaluna\n|-damage|p1a: Ursaluna|16/100\n|-damage|p2a: Kingdra|177/263|[from] Recoil\n|-damage|p2a: Kingdra|151/263|[from] item: Life Orb\n|\n|-heal|p1a: Ursaluna|22/100|[from] item: Leftovers\n|upkeep\n|turn|12\n|inactive|Time left: 300 sec this turn | 300 sec total\n|\n|t:|1783572596\n|switch|p1a: Greninja|Greninja, L80, M|100/100\n|move|p2a: Kingdra|Wave Crash|p1a: Greninja\n|-resisted|p1a: Greninja\n|-damage|p1a: Greninja|58/100\n|-damage|p2a: Kingdra|117/263|[from] Recoil\n|-damage|p2a: Kingdra|91/263|[from] item: Life Orb\n|\n|upkeep\n|turn|13\n|inactive|Time left: 300 sec this turn | 300 sec total\n|\n|t:|1783572598\n|move|p1a: Greninja|Dark Pulse|p2a: Kingdra\n|-damage|p2a: Kingdra|0 fnt\n|faint|p2a: Kingdra\n|-ability|p1a: Greninja|Battle Bond|boost\n|-boost|p1a: Greninja|atk|1\n|-boost|p1a: Greninja|spa|1\n|-boost|p1a: Greninja|spe|1\n|-activate|p1a: Greninja|ability: Battle Bond\n|-damage|p1a: Greninja|48/100|[from] item: Life Orb\n|\n|upkeep\n|inactive|Time left: 300 sec this turn | 300 sec total | 5 sec grace\n|\n|t:|1783572599\n|switch|p2a: Tauros|Tauros, L82, M|257/257\n|turn|14\n|inactive|Time left: 300 sec this turn | 300 sec total\n|\n|t:|1783572600\n|move|p1a: Greninja|Hydro Pump|p2a: Tauros\n|-crit|p2a: Tauros\n|-damage|p2a: Tauros|0 fnt\n|faint|p2a: Tauros\n|-damage|p1a: Greninja|39/100|[from] item: Life Orb\n|\n|upkeep\n|inactive|Time left: 300 sec this turn | 300 sec total | 5 sec grace\n|\n|t:|1783572601\n|switch|p2a: Orthworm|Orthworm, L88, M|266/266\n|turn|15\n|inactive|Time left: 300 sec this turn | 300 sec total\n|\n|t:|1783572601\n|-terastallize|p2a: Orthworm|Electric\n|move|p1a: Greninja|Hydro Pump|p2a: Orthworm\n|-damage|p2a: Orthworm|0 fnt\n|faint|p2a: Orthworm\n|-damage|p1a: Greninja|29/100|[from] item: Life Orb\n|\n|win|p0x2829b97a", "uploadtime": 1783572601, "views": 0, "rating": 0, "private": 0, "password": null, "_winner": "p0x2829b97a", "_our_name": "p0y2829da2d"}