{"id": "battle-gen9randombattle-2095", "formatid": "gen9randombattle", "format": "[Gen 9] Random Battle", "players": ["p0x2095cab1", "p0y2095e708"], "log": "|init|battle\n|title|p0x2095cab1 vs. p0y2095e708\n|j|\u2606p0x2095cab1\n|j|\u2606p0y2095e708\n|t:|1783563453\n|gametype|singles\n|player|p1|p0x2095cab1|170|\n|player|p2|p0y2095e708|169|\n|gen|9\n|tier|[Gen 9] Random Battle\n|rule|Species Clause: Limit one of each Pok\u00e9mon\n|rule|HP Percentage Mod: HP is shown in percentages\n|rule|Sleep Clause Mod: Limit one foe put to sleep\n|rule|Illusion Level Mod: Illusion disguises the Pok\u00e9mon's true level\n|\n|t:|1783563453\n|teamsize|p1|6\n|teamsize|p2|6\n|start\n|switch|p1a: Luvdisc|Luvdisc, F|247/247\n|switch|p2a: Granbull|Granbull, L88, M|100/100\n|-ability|p2a: Granbull|Intimidate|boost\n|-unboost|p1a: Luvdisc|atk|1\n|turn|1\n|inactive|Battle timer is ON: inactive players will automatically lose when time's up. (requested by p0y2095e708)\n|inactive|Time left: 300 sec this turn | 300 sec total | 60 sec grace\n|inactive|p0x2095cab1 also wants the timer to be on.\n|\n|t:|1783563454\n|switch|p1a: Hatterene|Hatterene, L85, F|236/236\n|move|p2a: Granbull|Play Rough|p1a: Hatterene\n|-damage|p1a: Hatterene|118/236\n|\n|-heal|p1a: Hatterene|132/236|[from] item: Leftovers\n|upkeep\n|turn|2\n|inactive|Time left: 300 sec this turn | 300 sec total\n|\n|t:|1783563455\n|move|p2a: Granbull|Earthquake|p1a: Hatterene\n|-damage|p1a: Hatterene|47/236\n|move|p1a: Hatterene|Draining Kiss|p2a: Granbull\n|-damage|p2a: Granbull|73/100\n|-heal|p1a: Hatterene|110/236|[from] drain|[of] p2a: Granbull\n|\n|-heal|p2a: Granbull|79/100|[from] item: Leftovers\n|-heal|p1a: Hatterene|124/236|[from] item: Leftovers\n|upkeep\n|turn|3\n|inactive|Time left: 300 sec this turn | 300 sec total\n|\n|t:|1783563456\n|move|p2a: Granbull|Play Rough|p1a: Hatterene\n|-damage|p1a: Hatterene|13/236\n|move|p1a: Hatterene|Draining Kiss|p2a: Granbull\n|-damage|p2a: Granbull|49/100\n|-heal|p1a: Hatterene|81/236|[from] drain|[of] p2a: Granbull\n|\n|-heal|p2a: Granbull|55/100|[from] item: Leftovers\n|-heal|p1a: Hatterene|95/236|[from] item: Leftovers\n|upkeep\n|turn|4\n|inactive|Time left: 300 sec this turn | 300 sec total\n|\n|t:|1783563457\n|move|p2a: Granbull|Play Rough|p1a: Hatterene\n|-crit|p1a: Hatterene\n|-damage|p1a: Hatterene|0 fnt\n|faint|p1a: Hatterene\n|\n|-heal|p2a: Granbull|61/100|[from] item: Leftovers\n|upkeep\n|inactive|Time left: 300 sec this turn | 300 sec total | 5 sec grace\n|\n|t:|1783563458\n|switch|p1a: Medicham|Medicham, L86, F|243/243\n|turn|5\n|inactive|Time left: 300 sec this turn | 300 sec total\n|\n|t:|1783563459\n|switch|p2a: Houndstone|Houndstone, L86, F|100/100\n|move|p1a: Medicham|Zen Headbutt|p2a: Houndstone\n|-damage|p2a: Houndstone|69/100\n|\n|-heal|p2a: Houndstone|75/100|[from] item: Leftovers\n|upkeep\n|turn|6\n|inactive|Time left: 300 sec this turn | 300 sec total\n|\n|t:|1783563460\n|move|p1a: Medicham|Zen Headbutt|p2a: Houndstone\n|-crit|p2a: Houndstone\n|-damage|p2a: Houndstone|25/100\n|move|p2a: Houndstone|Poltergeist|p1a: Medicham\n|-activate|p1a: Medicham|move: Poltergeist|Choice Band\n|-supereffective|p1a: Medicham\n|-damage|p1a: Medicham|0 fnt\n|faint|p1a: Medicham\n|\n|-heal|p2a: Houndstone|32/100|[from] item: Leftovers\n|upkeep\n|inactive|Time left: 300 sec this turn | 300 sec total | 5 sec grace\n|\n|t:|1783563461\n|switch|p1a: Tinkaton|Tinkaton, L82, F|274/274\n|-ability|p1a: Tinkaton|Mold Breaker\n|turn|7\n|inactive|Time left: 300 sec this turn | 300 sec total\n|\n|t:|1783563462\n|switch|p2a: Koraidon|Koraidon, L64|100/100\n|-weather|SunnyDay|[from] ability: Orichalcum Pulse|[of] p2a: Koraidon\n|-activate|p2a: Koraidon|Orichalcum Pulse|[source]\n|move|p1a: Tinkaton|Gigaton Hammer|p2a: Koraidon\n|-damage|p2a: Koraidon|40/100\n|\n|-weather|SunnyDay|[upkeep]\n|upkeep\n|turn|8\n|inactive|Time left: 300 sec this turn | 300 sec total\n|\n|t:|1783563463\n|move|p2a: Koraidon|Flare Blitz|p1a: Tinkaton\n|-supereffective|p1a: Tinkaton\n|-damage|p1a: Tinkaton|0 fnt\n|faint|p1a: Tinkaton\n|-damage|p2a: Koraidon|2/100|[from] Recoil\n|\n|-weather|SunnyDay|[upkeep]\n|upkeep\n|inactive|Time left: 300 sec this turn | 300 sec total | 5 sec grace\n|\n|t:|1783563464\n|switch|p1a: Luvdisc|Luvdisc, F|247/247\n|turn|9\n|inactive|Time left: 300 sec this turn | 300 sec total\n|\n|t:|1783563465\n|move|p1a: Luvdisc|Surf|p2a: Koraidon\n|-resisted|p2a: Koraidon\n|-damage|p2a: Koraidon|0 fnt\n|faint|p2a: Koraidon\n|\n|-weather|SunnyDay|[upkeep]\n|upkeep\n|\n|t:|1783563466\n|switch|p2a: Houndstone|Houndstone, L86, F|32/100\n|turn|10\n|inactive|Time left: 300 sec this turn | 300 sec total\n|\n|t:|1783563467\n|move|p1a: Luvdisc|Substitute|p1a: Luvdisc\n|-start|p1a: Luvdisc|Substitute\n|-damage|p1a: Luvdisc|186/247\n|move|p2a: Houndstone|Poltergeist|p1a: Luvdisc\n|-activate|p1a: Luvdisc|move: Poltergeist|Heavy-Duty Boots\n|-end|p1a: Luvdisc|Substitute\n|\n|-weather|SunnyDay|[upkeep]\n|-heal|p2a: Houndstone|38/100|[from] item: Leftovers\n|upkeep\n|turn|11\n|inactive|Time left: 300 sec this turn | 300 sec total\n|\n|t:|1783563468\n|move|p1a: Luvdisc|Whirlpool|p2a: Houndstone\n|-damage|p2a: Houndstone|33/100\n|-activate|p2a: Houndstone|move: Whirlpool|[of] p1a: Luvdisc\n|move|p2a: Houndstone|Poltergeist|p1a: Luvdisc|[miss]\n|-miss|p2a: Houndstone|p1a: Luvdisc\n|\n|-weather|none\n|-heal|p2a: Houndstone|39/100|[from] item: Leftovers\n|-damage|p2a: Houndstone|27/100|[from] move: Whirlpool|[partiallytrapped]\n|upkeep\n|turn|12\n|inactive|Time left: 300 sec this turn | 300 sec total\n|\n|t:|1783563469\n|move|p1a: Luvdisc|Surf|p2a: Houndstone\n|-damage|p2a: Houndstone|1/100\n|move|p2a: Houndstone|Rest|p2a: Houndstone\n|-status|p2a: Houndstone|slp|[from] move: Rest\n|-heal|p2a: Houndstone|100/100 slp|[silent]\n|\n|-damage|p2a: Houndstone|88/100 slp|[from] move: Whirlpool|[partiallytrapped]\n|upkeep\n|turn|13\n|inactive|Time left: 300 sec this turn | 300 sec total\n|\n|t:|1783563470\n|move|p1a: Luvdisc|Surf|p2a: Houndstone\n|-damage|p2a: Houndstone|63/100 slp\n|cant|p2a: Houndstone|slp\n|move|p2a: Houndstone|Sleep Talk|p2a: Houndstone\n|move|p2a: Houndstone|Body Press|p1a: Luvdisc|[from] move: Sleep Talk\n|-crit|p1a: Luvdisc\n|-damage|p1a: Luvdisc|79/247\n|\n|-heal|p2a: Houndstone|69/100 slp|[from] item: Leftovers\n|-damage|p2a: Houndstone|57/100 slp|[from] move: Whirlpool|[partiallytrapped]\n|upkeep\n|turn|14\n|inactive|Time left: 300 sec this turn | 300 sec total\n|\n|t:|1783563471\n|move|p1a: Luvdisc|Surf|p2a: Houndstone\n|-damage|p2a: Houndstone|32/100 slp\n|cant|p2a: Houndstone|slp\n|move|p2a: Houndstone|Sleep Talk|p2a: Houndstone\n|move|p2a: Houndstone|Body Press|p1a: Luvdisc|[from] move: Sleep Talk\n|-damage|p1a: Luvdisc|1/247\n|\n|-heal|p2a: Houndstone|38/100 slp|[from] item: Leftovers\n|-damage|p2a: Houndstone|25/100 slp|[from] move: Whirlpool|[partiallytrapped]\n|upkeep\n|turn|15\n|inactive|Time left: 300 sec this turn | 300 sec total\n|\n|t:|1783563472\n|move|p1a: Luvdisc|Surf|p2a: Houndstone\n|-damage|p2a: Houndstone|2/100 slp\n|-curestatus|p2a: Houndstone|slp|[msg]\n|move|p2a: Houndstone|Rest|p2a: Houndstone\n|-status|p2a: Houndstone|slp|[from] move: Rest\n|-heal|p2a: Houndstone|100/100 slp|[silent]\n|\n|-end|p2a: Houndstone|Whirlpool|[partiallytrapped]\n|upkeep\n|turn|16\n|inactive|Time left: 300 sec this turn | 300 sec total\n|\n|t:|1783563473\n|move|p1a: Luvdisc|Endeavor|p2a: Houndstone\n|-immune|p2a: Houndstone\n|cant|p2a: Houndstone|slp\n|move|p2a: Houndstone|Sleep Talk|p2a: Houndstone\n|move|p2a: Houndstone|Body Press|p1a: Luvdisc|[from] move: Sleep Talk\n|-damage|p1a: Luvdisc|0 fnt\n|faint|p1a: Luvdisc\n|\n|upkeep\n|inactive|Time left: 300 sec this turn | 300 sec total | 5 sec grace\n|\n|t:|1783563473\n|switch|p1a: Decidueye|Decidueye, L88, M|281/281\n|turn|17\n|inactive|Time left: 300 sec this turn | 300 sec total\n|\n|t:|1783563474\n|-terastallize|p2a: Houndstone|Fighting\n|move|p1a: Decidueye|Spirit Shackle|p2a: Houndstone\n|-crit|p2a: Houndstone\n|-damage|p2a: Houndstone|35/100 slp\n|-activate|p2a: Houndstone|trapped\n|-damage|p1a: Decidueye|253/281|[from] item: Life Orb\n|cant|p2a: Houndstone|slp\n|move|p2a: Houndstone|Sleep Talk|p2a: Houndstone\n|move|p2a: Houndstone|Poltergeist|p1a: Decidueye|[from] move: Sleep Talk\n|-activate|p1a: Decidueye|move: Poltergeist|Life Orb\n|-supereffective|p1a: Decidueye\n|-damage|p1a: Decidueye|0 fnt\n|faint|p1a: Decidueye\n|\n|-heal|p2a: Houndstone|41/100 slp|[from] item: Leftovers\n|upkeep\n|inactive|Time left: 300 sec this turn | 300 sec total | 5 sec grace\n|\n|t:|1783563475\n|switch|p1a: Kingdra|Kingdra, L84, F|263/263\n|turn|18\n|inactive|Time left: 300 sec this turn | 300 sec total\n|\n|t:|1783563476\n|move|p1a: Kingdra|Hurricane|p2a: Houndstone\n|-supereffective|p2a: Houndstone\n|-damage|p2a: Houndstone|0 fnt\n|faint|p2a: Houndstone\n|-damage|p1a: Kingdra|237/263|[from] item: Life Orb\n|\n|upkeep\n|\n|t:|1783563477\n|switch|p2a: Granbull|Granbull, L88, M|61/100\n|-ability|p2a: Granbull|Intimidate|boost\n|-unboost|p1a: Kingdra|atk|1\n|turn|19\n|inactive|Time left: 300 sec this turn | 300 sec total\n|\n|t:|1783563478\n|-terastallize|p1a: Kingdra|Water\n|move|p1a: Kingdra|Hurricane|p2a: Granbull\n|-damage|p2a: Granbull|19/100\n|-damage|p1a: Kingdra|211/263|[from] item: Life Orb\n|move|p2a: Granbull|Play Rough|p1a: Kingdra\n|-damage|p1a: Kingdra|84/263\n|\n|-heal|p2a: Granbull|25/100|[from] item: Leftovers\n|upkeep\n|turn|20\n|inactive|Time left: 300 sec this turn | 300 sec total\n|\n|t:|1783563478\n|move|p1a: Kingdra|Hurricane|p2a: Granbull\n|-damage|p2a: Granbull|0 fnt\n|faint|p2a: Granbull\n|-damage|p1a: Kingdra|58/263|[from] item: Life Orb\n|\n|upkeep\n|\n|t:|1783563479\n|switch|p2a: Salazzle|Salazzle, L83, F|100/100\n|turn|21\n|inactive|Time left: 300 sec this turn | 300 sec total\n|\n|t:|1783563480\n|move|p2a: Salazzle|Flamethrower|p1a: Kingdra\n|-resisted|p1a: Kingdra\n|-damage|p1a: Kingdra|10/263\n|move|p1a: Kingdra|Hurricane|p2a: Salazzle\n|-damage|p2a: Salazzle|44/100\n|-damage|p1a: Kingdra|0 fnt|[from] item: Life Orb\n|faint|p1a: Kingdra\n|\n|win|p0y2095e708", "uploadtime": 1783563480, "views": 0, "rating": 0, "private": 0, "password": null, "_winner": "p0y2095e708", "_our_name": "p0x2095cab1"}