{"id": "battle-gen9randombattle-1720", "formatid": "gen9randombattle", "format": "[Gen 9] Random Battle", "players": ["p0x1720a3c2", "p0y1720f293"], "log": "|init|battle\n|title|p0x1720a3c2 vs. p0y1720f293\n|j|\u2606p0x1720a3c2\n|j|\u2606p0y1720f293\n|t:|1783559912\n|gametype|singles\n|player|p1|p0x1720a3c2|2|\n|player|p2|p0y1720f293|170|\n|gen|9\n|tier|[Gen 9] Random Battle\n|rule|Species Clause: Limit one of each Pok\u00e9mon\n|rule|HP Percentage Mod: HP is shown in percentages\n|rule|Sleep Clause Mod: Limit one foe put to sleep\n|rule|Illusion Level Mod: Illusion disguises the Pok\u00e9mon's true level\n|\n|t:|1783559912\n|teamsize|p1|6\n|teamsize|p2|6\n|start\n|switch|p1a: Flygon|Flygon, L82, F|100/100\n|switch|p2a: Necrozma|Necrozma-Dawn-Wings, L76|272/272\n|turn|1\n|inactive|Battle timer is ON: inactive players will automatically lose when time's up. (requested by p0x1720a3c2)\n|inactive|Time left: 300 sec this turn | 300 sec total | 60 sec grace\n|\n|t:|1783559913\n|move|p1a: Flygon|Outrage|p2a: Necrozma\n|-damage|p2a: Necrozma|149/272\n|move|p2a: Necrozma|Photon Geyser|p1a: Flygon\n|-crit|p1a: Flygon\n|-damage|p1a: Flygon|0 fnt\n|faint|p1a: Flygon\n|-damage|p2a: Necrozma|122/272|[from] item: Life Orb\n|\n|upkeep\n|inactive|p0y1720f293 also wants the timer to be on.\n|\n|t:|1783559914\n|switch|p1a: Passimian|Passimian, L83, M|100/100\n|turn|2\n|inactive|Time left: 300 sec this turn | 300 sec total\n|\n|t:|1783559915\n|-terastallize|p2a: Necrozma|Fighting\n|move|p1a: Passimian|Knock Off|p2a: Necrozma\n|-resisted|p2a: Necrozma\n|-crit|p2a: Necrozma\n|-damage|p2a: Necrozma|33/272\n|-enditem|p2a: Necrozma|Life Orb|[from] move: Knock Off|[of] p1a: Passimian\n|move|p2a: Necrozma|Photon Geyser|p1a: Passimian\n|-supereffective|p1a: Passimian\n|-damage|p1a: Passimian|0 fnt\n|faint|p1a: Passimian\n|\n|upkeep\n|\n|t:|1783559915\n|switch|p1a: Palkia|Palkia-Origin, L72|100/100\n|-ability|p1a: Palkia|Pressure\n|turn|3\n|inactive|Time left: 300 sec this turn | 300 sec total\n|\n|t:|1783559916\n|move|p1a: Palkia|Spacial Rend|p2a: Necrozma\n|-damage|p2a: Necrozma|0 fnt\n|faint|p2a: Necrozma\n|\n|upkeep\n|inactive|Time left: 300 sec this turn | 300 sec total | 5 sec grace\n|\n|t:|1783559917\n|switch|p2a: Crabominable|Crabominable, L90, F|321/321\n|turn|4\n|inactive|Time left: 300 sec this turn | 300 sec total\n|\n|t:|1783559919\n|switch|p1a: Cresselia|Cresselia, L80, F|100/100\n|move|p2a: Crabominable|Close Combat|p1a: Cresselia\n|-resisted|p1a: Cresselia\n|-damage|p1a: Cresselia|62/100\n|-unboost|p2a: Crabominable|def|1\n|-unboost|p2a: Crabominable|spd|1\n|\n|-heal|p1a: Cresselia|68/100|[from] item: Leftovers\n|upkeep\n|turn|5\n|inactive|Time left: 300 sec this turn | 300 sec total\n|\n|t:|1783559920\n|switch|p2a: Solgaleo|Solgaleo, L74|325/325\n|move|p1a: Cresselia|Calm Mind|p1a: Cresselia\n|-boost|p1a: Cresselia|spa|1\n|-boost|p1a: Cresselia|spd|1\n|\n|-heal|p1a: Cresselia|74/100|[from] item: Leftovers\n|upkeep\n|turn|6\n|inactive|Time left: 300 sec this turn | 300 sec total\n|\n|t:|1783559921\n|move|p2a: Solgaleo|Knock Off|p1a: Cresselia\n|-supereffective|p1a: Cresselia\n|-damage|p1a: Cresselia|34/100\n|-enditem|p1a: Cresselia|Leftovers|[from] move: Knock Off|[of] p2a: Solgaleo\n|move|p1a: Cresselia|Calm Mind|p1a: Cresselia\n|-boost|p1a: Cresselia|spa|1\n|-boost|p1a: Cresselia|spd|1\n|\n|upkeep\n|turn|7\n|inactive|Time left: 300 sec this turn | 300 sec total\n|\n|t:|1783559922\n|move|p1a: Cresselia|Moonlight|p1a: Cresselia\n|-heal|p1a: Cresselia|84/100\n|move|p2a: Solgaleo|Roar|p1a: Cresselia\n|drag|p1a: Bronzong|Bronzong, L88|100/100\n|\n|upkeep\n|turn|8\n|inactive|Time left: 300 sec this turn | 300 sec total\n|\n|t:|1783559923\n|move|p2a: Solgaleo|Knock Off|p1a: Bronzong\n|-supereffective|p1a: Bronzong\n|-damage|p1a: Bronzong|58/100\n|-enditem|p1a: Bronzong|Leftovers|[from] move: Knock Off|[of] p2a: Solgaleo\n|move|p1a: Bronzong|Stealth Rock|p2a: Solgaleo\n|-sidestart|p2: p0y1720f293|move: Stealth Rock\n|\n|upkeep\n|turn|9\n|inactive|Time left: 300 sec this turn | 300 sec total\n|\n|t:|1783559924\n|switch|p1a: Cresselia|Cresselia, L80, F|84/100\n|move|p2a: Solgaleo|Knock Off|p1a: Cresselia\n|-supereffective|p1a: Cresselia\n|-crit|p1a: Cresselia\n|-damage|p1a: Cresselia|47/100\n|\n|upkeep\n|turn|10\n|inactive|Time left: 300 sec this turn | 300 sec total\n|\n|t:|1783559925\n|move|p2a: Solgaleo|Sunsteel Strike|p1a: Cresselia\n|-damage|p1a: Cresselia|14/100\n|move|p1a: Cresselia|Moonlight|p1a: Cresselia\n|-heal|p1a: Cresselia|64/100\n|\n|upkeep\n|turn|11\n|inactive|Time left: 300 sec this turn | 300 sec total\n|\n|t:|1783559926\n|move|p2a: Solgaleo|Knock Off|p1a: Cresselia\n|-supereffective|p1a: Cresselia\n|-damage|p1a: Cresselia|40/100\n|move|p1a: Cresselia|Moonlight|p1a: Cresselia\n|-heal|p1a: Cresselia|90/100\n|\n|upkeep\n|turn|12\n|inactive|Time left: 300 sec this turn | 300 sec total\n|\n|t:|1783559927\n|move|p2a: Solgaleo|Sunsteel Strike|p1a: Cresselia\n|-damage|p1a: Cresselia|61/100\n|move|p1a: Cresselia|Calm Mind|p1a: Cresselia\n|-boost|p1a: Cresselia|spa|1\n|-boost|p1a: Cresselia|spd|1\n|\n|upkeep\n|turn|13\n|inactive|Time left: 300 sec this turn | 300 sec total\n|\n|t:|1783559928\n|move|p1a: Cresselia|Moonlight|p1a: Cresselia\n|-heal|p1a: Cresselia|100/100\n|move|p2a: Solgaleo|Roar|p1a: Cresselia\n|drag|p1a: Bronzong|Bronzong, L88|58/100\n|\n|upkeep\n|turn|14\n|inactive|Time left: 300 sec this turn | 300 sec total\n|\n|t:|1783559929\n|move|p2a: Solgaleo|Knock Off|p1a: Bronzong\n|-supereffective|p1a: Bronzong\n|-damage|p1a: Bronzong|29/100\n|move|p1a: Bronzong|Hypnosis|p2a: Solgaleo|[miss]\n|-miss|p1a: Bronzong|p2a: Solgaleo\n|\n|upkeep\n|turn|15\n|inactive|Time left: 300 sec this turn | 300 sec total\n|\n|t:|1783559930\n|switch|p1a: Palkia|Palkia-Origin, L72|100/100\n|-ability|p1a: Palkia|Pressure\n|move|p2a: Solgaleo|Knock Off|p1a: Palkia\n|-damage|p1a: Palkia|82/100\n|\n|upkeep\n|turn|16\n|inactive|Time left: 300 sec this turn | 300 sec total\n|\n|t:|1783559931\n|move|p1a: Palkia|Hydro Pump|p2a: Solgaleo\n|-damage|p2a: Solgaleo|163/325\n|move|p2a: Solgaleo|Knock Off|p1a: Palkia\n|-damage|p1a: Palkia|63/100\n|\n|-heal|p2a: Solgaleo|183/325|[from] item: Leftovers\n|upkeep\n|turn|17\n|inactive|Time left: 300 sec this turn | 300 sec total\n|\n|t:|1783559932\n|move|p1a: Palkia|Fire Blast|p2a: Solgaleo\n|-supereffective|p2a: Solgaleo\n|-damage|p2a: Solgaleo|11/325\n|move|p2a: Solgaleo|Morning Sun|p2a: Solgaleo\n|-heal|p2a: Solgaleo|173/325\n|\n|-heal|p2a: Solgaleo|193/325|[from] item: Leftovers\n|upkeep\n|turn|18\n|inactive|Time left: 300 sec this turn | 300 sec total\n|\n|t:|1783559933\n|move|p1a: Palkia|Fire Blast|p2a: Solgaleo\n|-supereffective|p2a: Solgaleo\n|-damage|p2a: Solgaleo|9/325\n|move|p2a: Solgaleo|Morning Sun|p2a: Solgaleo\n|-heal|p2a: Solgaleo|171/325\n|\n|-heal|p2a: Solgaleo|191/325|[from] item: Leftovers\n|upkeep\n|turn|19\n|inactive|Time left: 300 sec this turn | 300 sec total\n|\n|t:|1783559934\n|move|p1a: Palkia|Fire Blast|p2a: Solgaleo\n|-supereffective|p2a: Solgaleo\n|-damage|p2a: Solgaleo|13/325\n|move|p2a: Solgaleo|Morning Sun|p2a: Solgaleo\n|-heal|p2a: Solgaleo|175/325\n|\n|-heal|p2a: Solgaleo|195/325|[from] item: Leftovers\n|upkeep\n|turn|20\n|inactive|Time left: 300 sec this turn | 300 sec total\n|\n|t:|1783559935\n|move|p1a: Palkia|Fire Blast|p2a: Solgaleo\n|-supereffective|p2a: Solgaleo\n|-damage|p2a: Solgaleo|7/325\n|move|p2a: Solgaleo|Morning Sun|p2a: Solgaleo\n|-heal|p2a: Solgaleo|169/325\n|\n|-heal|p2a: Solgaleo|189/325|[from] item: Leftovers\n|upkeep\n|turn|21\n|inactive|Time left: 300 sec this turn | 300 sec total\n|\n|t:|1783559936\n|move|p1a: Palkia|Fire Blast|p2a: Solgaleo\n|-supereffective|p2a: Solgaleo\n|-damage|p2a: Solgaleo|21/325\n|move|p2a: Solgaleo|Morning Sun|p2a: Solgaleo\n|-heal|p2a: Solgaleo|183/325\n|\n|-heal|p2a: Solgaleo|203/325|[from] item: Leftovers\n|upkeep\n|turn|22\n|inactive|Time left: 300 sec this turn | 300 sec total\n|\n|t:|1783559937\n|move|p1a: Palkia|Fire Blast|p2a: Solgaleo\n|-supereffective|p2a: Solgaleo\n|-crit|p2a: Solgaleo\n|-damage|p2a: Solgaleo|0 fnt\n|faint|p2a: Solgaleo\n|\n|upkeep\n|inactive|Time left: 300 sec this turn | 300 sec total | 5 sec grace\n|\n|t:|1783559938\n|switch|p2a: Cryogonal|Cryogonal, L89|287/287\n|turn|23\n|inactive|Time left: 300 sec this turn | 300 sec total\n|\n|t:|1783559939\n|move|p2a: Cryogonal|Rapid Spin|p1a: Palkia\n|-damage|p1a: Palkia|52/100\n|-boost|p2a: Cryogonal|spe|1\n|-sideend|p2: p0y1720f293|Stealth Rock|[from] move: Rapid Spin|[of] p2a: Cryogonal\n|move|p1a: Palkia|Fire Blast|p2a: Cryogonal\n|-supereffective|p2a: Cryogonal\n|-damage|p2a: Cryogonal|173/287\n|\n|upkeep\n|turn|24\n|inactive|Time left: 300 sec this turn | 300 sec total\n|\n|t:|1783559941\n|move|p2a: Cryogonal|Ice Beam|p1a: Palkia\n|-damage|p1a: Palkia|14/100\n|move|p1a: Palkia|Fire Blast|p2a: Cryogonal|[miss]\n|-miss|p1a: Palkia|p2a: Cryogonal\n|\n|upkeep\n|turn|25\n|inactive|Time left: 300 sec this turn | 300 sec total\n|\n|t:|1783559942\n|switch|p1a: Bronzong|Bronzong, L88|29/100\n|move|p2a: Cryogonal|Ice Beam|p1a: Bronzong\n|-resisted|p1a: Bronzong\n|-damage|p1a: Bronzong|14/100\n|-status|p1a: Bronzong|frz\n|\n|upkeep\n|turn|26\n|inactive|Time left: 300 sec this turn | 300 sec total\n|\n|t:|1783559943\n|move|p2a: Cryogonal|Recover|p2a: Cryogonal\n|-heal|p2a: Cryogonal|287/287\n|cant|p1a: Bronzong|frz\n|\n|upkeep\n|turn|27\n|inactive|Time left: 300 sec this turn | 300 sec total\n|\n|t:|1783559944\n|switch|p1a: Oinkologne|Oinkologne-F, L92, F|100/100\n|move|p2a: Cryogonal|Rapid Spin|p1a: Oinkologne\n|-damage|p1a: Oinkologne|94/100\n|-boost|p2a: Cryogonal|spe|1\n|\n|-heal|p1a: Oinkologne|99/100|[from] item: Leftovers\n|upkeep\n|turn|28\n|inactive|Time left: 300 sec this turn | 300 sec total\n|\n|t:|1783559945\n|move|p2a: Cryogonal|Rapid Spin|p1a: Oinkologne\n|-damage|p1a: Oinkologne|93/100\n|-boost|p2a: Cryogonal|spe|1\n|move|p1a: Oinkologne|Body Slam|p2a: Cryogonal\n|-damage|p2a: Cryogonal|154/287\n|-status|p2a: Cryogonal|par\n|\n|-heal|p1a: Oinkologne|99/100|[from] item: Leftovers\n|upkeep\n|turn|29\n|inactive|Time left: 300 sec this turn | 300 sec total\n|\n|t:|1783559946\n|move|p2a: Cryogonal|Recover|p2a: Cryogonal\n|-heal|p2a: Cryogonal|287/287 par\n|move|p1a: Oinkologne|Body Slam|p2a: Cryogonal\n|-damage|p2a: Cryogonal|149/287 par\n|\n|-heal|p1a: Oinkologne|100/100|[from] item: Leftovers\n|upkeep\n|turn|30\n|inactive|Time left: 300 sec this turn | 300 sec total\n|\n|t:|1783559947\n|move|p2a: Cryogonal|Recover|p2a: Cryogonal\n|-heal|p2a: Cryogonal|287/287 par\n|move|p1a: Oinkologne|Body Slam|p2a: Cryogonal\n|-damage|p2a: Cryogonal|143/287 par\n|\n|upkeep\n|turn|31\n|inactive|Time left: 300 sec this turn | 300 sec total\n|\n|t:|1783559947\n|cant|p2a: Cryogonal|par\n|move|p1a: Oinkologne|Body Slam|p2a: Cryogonal\n|-damage|p2a: Cryogonal|2/287 par\n|\n|upkeep\n|turn|32\n|inactive|Time left: 300 sec this turn | 300 sec total\n|\n|t:|1783559948\n|move|p2a: Cryogonal|Recover|p2a: Cryogonal\n|-heal|p2a: Cryogonal|146/287 par\n|move|p1a: Oinkologne|Body Slam|p2a: Cryogonal\n|-damage|p2a: Cryogonal|13/287 par\n|\n|upkeep\n|turn|33\n|inactive|Time left: 300 sec this turn | 300 sec total\n|\n|t:|1783559949\n|move|p2a: Cryogonal|Recover|p2a: Cryogonal\n|-heal|p2a: Cryogonal|157/287 par\n|move|p1a: Oinkologne|Body Slam|p2a: Cryogonal\n|-damage|p2a: Cryogonal|7/287 par\n|\n|upkeep\n|turn|34\n|inactive|Time left: 300 sec this turn | 300 sec total\n|\n|t:|1783559950\n|move|p2a: Cryogonal|Recover|p2a: Cryogonal\n|-heal|p2a: Cryogonal|151/287 par\n|move|p1a: Oinkologne|Body Slam|p2a: Cryogonal\n|-damage|p2a: Cryogonal|16/287 par\n|\n|upkeep\n|turn|35\n|inactive|Time left: 300 sec this turn | 300 sec total\n|\n|t:|1783559951\n|cant|p2a: Cryogonal|par\n|move|p1a: Oinkologne|Body Slam|p2a: Cryogonal\n|-damage|p2a: Cryogonal|0 fnt\n|faint|p2a: Cryogonal\n|\n|upkeep\n|inactive|Time left: 300 sec this turn | 300 sec total | 5 sec grace\n|\n|t:|1783559951\n|switch|p2a: Crabominable|Crabominable, L90, F|321/321\n|turn|36\n|inactive|Time left: 300 sec this turn | 300 sec total\n|\n|t:|1783559952\n|switch|p1a: Bronzong|Bronzong, L88|14/100 frz\n|move|p2a: Crabominable|Knock Off|p1a: Bronzong\n|-supereffective|p1a: Bronzong\n|-damage|p1a: Bronzong|0 fnt\n|faint|p1a: Bronzong\n|\n|upkeep\n|\n|t:|1783559953\n|switch|p1a: Cresselia|Cresselia, L80, F|100/100\n|turn|37\n|inactive|Time left: 300 sec this turn | 300 sec total\n|\n|t:|1783559954\n|-terastallize|p1a: Cresselia|Electric\n|move|p1a: Cresselia|Calm Mind|p1a: Cresselia\n|-boost|p1a: Cresselia|spa|1\n|-boost|p1a: Cresselia|spd|1\n|move|p2a: Crabominable|Knock Off|p1a: Cresselia\n|-damage|p1a: Cresselia|71/100\n|\n|upkeep\n|turn|38\n|inactive|Time left: 300 sec this turn | 300 sec total\n|\n|t:|1783559955\n|switch|p2a: Cyclizar|Cyclizar, L84, M|255/255\n|move|p1a: Cresselia|Psyshock|p2a: Cyclizar\n|-damage|p2a: Cyclizar|141/255\n|\n|upkeep\n|turn|39\n|inactive|Time left: 300 sec this turn | 300 sec total\n|\n|t:|1783559956\n|move|p2a: Cyclizar|Shed Tail|p2a: Cyclizar\n|-start|p2a: Cyclizar|Substitute|[from] move: Shed Tail\n|-damage|p2a: Cyclizar|13/255\n|inactive|Time left: 300 sec this turn | 300 sec total | 5 sec grace\n|\n|t:|1783559957\n|switch|p2a: Crabominable|Crabominable, L90, F|321/321|[from] Shed Tail\n|move|p1a: Cresselia|Psyshock|p2a: Crabominable\n|-supereffective|p2a: Crabominable\n|-end|p2a: Crabominable|Substitute\n|\n|upkeep\n|turn|40\n|inactive|Time left: 300 sec this turn | 300 sec total\n|\n|t:|1783559958\n|move|p1a: Cresselia|Psyshock|p2a: Crabominable\n|-supereffective|p2a: Crabominable\n|-damage|p2a: Crabominable|103/321\n|move|p2a: Crabominable|Close Combat|p1a: Cresselia\n|-crit|p1a: Cresselia\n|-damage|p1a: Cresselia|0 fnt\n|-unboost|p2a: Crabominable|def|1\n|-unboost|p2a: Crabominable|spd|1\n|faint|p1a: Cresselia\n|\n|upkeep\n|\n|t:|1783559959\n|switch|p1a: Palkia|Palkia-Origin, L72|14/100\n|-ability|p1a: Palkia|Pressure\n|turn|41\n|inactive|Time left: 300 sec this turn | 300 sec total\n|\n|t:|1783559960\n|move|p1a: Palkia|Spacial Rend|p2a: Crabominable\n|-damage|p2a: Crabominable|0 fnt\n|faint|p2a: Crabominable\n|\n|upkeep\n|inactive|Time left: 300 sec this turn | 300 sec total | 5 sec grace\n|\n|t:|1783559960\n|switch|p2a: Wugtrio|Wugtrio, L91, M, shiny|212/212\n|turn|42\n|inactive|Time left: 300 sec this turn | 300 sec total\n|\n|t:|1783559961\n|move|p2a: Wugtrio|Liquidation|p1a: Palkia\n|-resisted|p1a: Palkia\n|-damage|p1a: Palkia|0 fnt\n|faint|p1a: Palkia\n|\n|upkeep\n|\n|t:|1783559962\n|switch|p1a: Oinkologne|Oinkologne-F, L92, F|100/100\n|turn|43\n|inactive|Time left: 300 sec this turn | 300 sec total\n|\n|t:|1783559963\n|move|p2a: Wugtrio|Liquidation|p1a: Oinkologne\n|-damage|p1a: Oinkologne|50/100\n|move|p1a: Oinkologne|Curse|p1a: Oinkologne\n|-unboost|p1a: Oinkologne|spe|1\n|-boost|p1a: Oinkologne|atk|1\n|-boost|p1a: Oinkologne|def|1\n|\n|-heal|p1a: Oinkologne|56/100|[from] item: Leftovers\n|upkeep\n|turn|44\n|inactive|Time left: 300 sec this turn | 300 sec total\n|\n|t:|1783559964\n|move|p2a: Wugtrio|Liquidation|p1a: Oinkologne\n|-damage|p1a: Oinkologne|22/100\n|move|p1a: Oinkologne|Curse|p1a: Oinkologne\n|-unboost|p1a: Oinkologne|spe|1\n|-boost|p1a: Oinkologne|atk|1\n|-boost|p1a: Oinkologne|def|1\n|\n|-heal|p1a: Oinkologne|28/100|[from] item: Leftovers\n|upkeep\n|turn|45\n|inactive|Time left: 300 sec this turn | 300 sec total\n|\n|t:|1783559965\n|move|p2a: Wugtrio|Liquidation|p1a: Oinkologne\n|-damage|p1a: Oinkologne|2/100\n|-unboost|p1a: Oinkologne|def|1\n|move|p1a: Oinkologne|Rest|p1a: Oinkologne\n|-status|p1a: Oinkologne|slp|[from] move: Rest\n|-heal|p1a: Oinkologne|100/100 slp|[silent]\n|\n|upkeep\n|turn|46\n|inactive|Time left: 300 sec this turn | 300 sec total\n|\n|t:|1783559966\n|move|p2a: Wugtrio|Liquidation|p1a: Oinkologne\n|-damage|p1a: Oinkologne|67/100 slp\n|cant|p1a: Oinkologne|slp\n|move|p1a: Oinkologne|Sleep Talk|p1a: Oinkologne\n|move|p1a: Oinkologne|Rest||[from] move: Sleep Talk|[still]\n|-fail|p1a: Oinkologne\n|\n|-heal|p1a: Oinkologne|73/100 slp|[from] item: Leftovers\n|upkeep\n|turn|47\n|inactive|Time left: 300 sec this turn | 300 sec total\n|\n|t:|1783559967\n|move|p2a: Wugtrio|Liquidation|p1a: Oinkologne\n|-damage|p1a: Oinkologne|43/100 slp\n|cant|p1a: Oinkologne|slp\n|move|p1a: Oinkologne|Sleep Talk|p1a: Oinkologne\n|move|p1a: Oinkologne|Rest||[from] move: Sleep Talk|[still]\n|-fail|p1a: Oinkologne\n|\n|-heal|p1a: Oinkologne|49/100 slp|[from] item: Leftovers\n|upkeep\n|turn|48\n|inactive|Time left: 300 sec this turn | 300 sec total\n|\n|t:|1783559967\n|move|p2a: Wugtrio|Liquidation|p1a: Oinkologne\n|-damage|p1a: Oinkologne|15/100 slp\n|-curestatus|p1a: Oinkologne|slp|[msg]\n|move|p1a: Oinkologne|Rest|p1a: Oinkologne\n|-status|p1a: Oinkologne|slp|[from] move: Rest\n|-heal|p1a: Oinkologne|100/100 slp|[silent]\n|\n|upkeep\n|turn|49\n|inactive|Time left: 300 sec this turn | 300 sec total\n|\n|t:|1783559968\n|move|p2a: Wugtrio|Liquidation|p1a: Oinkologne\n|-damage|p1a: Oinkologne|67/100 slp\n|cant|p1a: Oinkologne|slp\n|move|p1a: Oinkologne|Sleep Talk|p1a: Oinkologne\n|move|p1a: Oinkologne|Rest||[from] move: Sleep Talk|[still]\n|-fail|p1a: Oinkologne\n|\n|-heal|p1a: Oinkologne|73/100 slp|[from] item: Leftovers\n|upkeep\n|turn|50\n|inactive|Time left: 300 sec this turn | 300 sec total\n|\n|t:|1783559969\n|move|p2a: Wugtrio|Liquidation|p1a: Oinkologne\n|-damage|p1a: Oinkologne|43/100 slp\n|cant|p1a: Oinkologne|slp\n|move|p1a: Oinkologne|Sleep Talk|p1a: Oinkologne\n|move|p1a: Oinkologne|Body Slam|p2a: Wugtrio|[from] move: Sleep Talk\n|-crit|p2a: Wugtrio\n|-damage|p2a: Wugtrio|0 fnt\n|-ability|p2a: Wugtrio|Gooey\n|-unboost|p1a: Oinkologne|spe|1\n|faint|p2a: Wugtrio\n|\n|-heal|p1a: Oinkologne|49/100 slp|[from] item: Leftovers\n|upkeep\n|inactive|Time left: 300 sec this turn | 300 sec total | 5 sec grace\n|\n|t:|1783559970\n|switch|p2a: Cyclizar|Cyclizar, L84, M|98/255\n|turn|51\n|inactive|Time left: 300 sec this turn | 300 sec total\n|\n|t:|1783559971\n|move|p2a: Cyclizar|Shed Tail|p2a: Cyclizar\n|-fail|p2a: Cyclizar\n|-curestatus|p1a: Oinkologne|slp|[msg]\n|move|p1a: Oinkologne|Body Slam|p2a: Cyclizar\n|-damage|p2a: Cyclizar|0 fnt\n|faint|p2a: Cyclizar\n|\n|win|p0x1720a3c2", "uploadtime": 1783559971, "views": 0, "rating": 0, "private": 0, "password": null, "_winner": "p0x1720a3c2", "_our_name": "p0y1720f293"}