{"id": "battle-gen9randombattle-2552", "formatid": "gen9randombattle", "format": "[Gen 9] Random Battle", "players": ["p0x2552c0b5", "p0y2552c1e1"], "log": "|init|battle\n|title|p0x2552c0b5 vs. p0y2552c1e1\n|j|\u2606p0x2552c0b5\n|j|\u2606p0y2552c1e1\n|t:|1783568561\n|gametype|singles\n|player|p1|p0x2552c0b5|1|\n|player|p2|p0y2552c1e1|266|\n|gen|9\n|tier|[Gen 9] Random Battle\n|rule|Species Clause: Limit one of each Pok\u00e9mon\n|rule|HP Percentage Mod: HP is shown in percentages\n|rule|Sleep Clause Mod: Limit one foe put to sleep\n|rule|Illusion Level Mod: Illusion disguises the Pok\u00e9mon's true level\n|\n|t:|1783568561\n|teamsize|p1|6\n|teamsize|p2|6\n|start\n|switch|p1a: Houndstone|Houndstone, L86, F|100/100\n|switch|p2a: Toxtricity|Toxtricity, L82, M|257/257\n|turn|1\n|inactive|Battle timer is ON: inactive players will automatically lose when time's up. (requested by p0y2552c1e1)\n|inactive|p0x2552c0b5 also wants the timer to be on.\n|\n|t:|1783568563\n|move|p2a: Toxtricity|Overdrive|p1a: Houndstone\n|-damage|p1a: Houndstone|72/100\n|move|p1a: Houndstone|Poltergeist|p2a: Toxtricity\n|-activate|p2a: Toxtricity|move: Poltergeist|Choice Scarf\n|-damage|p2a: Toxtricity|95/257\n|\n|upkeep\n|turn|2\n|inactive|Time left: 300 sec this turn | 300 sec total\n|\n|t:|1783568564\n|move|p2a: Toxtricity|Overdrive|p1a: Houndstone\n|-damage|p1a: Houndstone|44/100\n|move|p1a: Houndstone|Poltergeist|p2a: Toxtricity\n|-activate|p2a: Toxtricity|move: Poltergeist|Choice Scarf\n|-damage|p2a: Toxtricity|0 fnt\n|faint|p2a: Toxtricity\n|\n|upkeep\n|inactive|Time left: 300 sec this turn | 300 sec total | 5 sec grace\n|\n|t:|1783568565\n|switch|p2a: Zekrom|Zekrom, L71|259/259\n|-ability|p2a: Zekrom|Teravolt\n|turn|3\n|inactive|Time left: 300 sec this turn | 300 sec total\n|\n|t:|1783568566\n|switch|p1a: Iron Hands|Iron Hands, L79|100/100\n|move|p2a: Zekrom|Bolt Strike|p1a: Iron Hands\n|-resisted|p1a: Iron Hands\n|-damage|p1a: Iron Hands|84/100\n|\n|-heal|p1a: Iron Hands|90/100|[from] item: Leftovers\n|upkeep\n|turn|4\n|inactive|Time left: 300 sec this turn | 300 sec total\n|\n|t:|1783568567\n|move|p2a: Zekrom|Dragon Dance|p2a: Zekrom\n|-boost|p2a: Zekrom|atk|1\n|-boost|p2a: Zekrom|spe|1\n|move|p1a: Iron Hands|Swords Dance|p1a: Iron Hands\n|-boost|p1a: Iron Hands|atk|2\n|\n|-heal|p1a: Iron Hands|96/100|[from] item: Leftovers\n|upkeep\n|turn|5\n|inactive|Time left: 300 sec this turn | 300 sec total\n|\n|t:|1783568568\n|move|p2a: Zekrom|Outrage|p1a: Iron Hands\n|-damage|p1a: Iron Hands|51/100\n|move|p1a: Iron Hands|Ice Punch|p2a: Zekrom\n|-supereffective|p2a: Zekrom\n|-damage|p2a: Zekrom|25/259\n|\n|-heal|p2a: Zekrom|41/259|[from] item: Leftovers\n|-heal|p1a: Iron Hands|57/100|[from] item: Leftovers\n|upkeep\n|turn|6\n|inactive|Time left: 300 sec this turn | 300 sec total\n|\n|t:|1783568570\n|move|p2a: Zekrom|Outrage|p1a: Iron Hands|[from] lockedmove\n|-damage|p1a: Iron Hands|13/100\n|-start|p2a: Zekrom|confusion|[fatigue]\n|move|p1a: Iron Hands|Drain Punch|p2a: Zekrom\n|-damage|p2a: Zekrom|0 fnt\n|-heal|p1a: Iron Hands|18/100|[from] drain|[of] p2a: Zekrom\n|faint|p2a: Zekrom\n|\n|-heal|p1a: Iron Hands|25/100|[from] item: Leftovers\n|upkeep\n|inactive|Time left: 300 sec this turn | 300 sec total | 5 sec grace\n|\n|t:|1783568571\n|switch|p2a: Barraskewda|Barraskewda, L81, M|231/231\n|turn|7\n|inactive|Time left: 300 sec this turn | 300 sec total\n|\n|t:|1783568572\n|-end|p1a: Iron Hands|Quark Drive|[silent]\n|switch|p1a: Eiscue|Eiscue, L88, F|100/100\n|move|p2a: Barraskewda|Waterfall|p1a: Eiscue\n|-activate|p1a: Eiscue|ability: Ice Face\n|-damage|p1a: Eiscue|100/100\n|detailschange|p1a: Eiscue|Eiscue-Noice, L88, F\n|\n|upkeep\n|turn|8\n|inactive|Time left: 300 sec this turn | 300 sec total\n|\n|t:|1783568573\n|-terastallize|p1a: Eiscue|Water\n|move|p1a: Eiscue|Belly Drum|p1a: Eiscue\n|-damage|p1a: Eiscue|50/100\n|-setboost|p1a: Eiscue|atk|6|[from] move: Belly Drum\n|-enditem|p1a: Eiscue|Sitrus Berry|[eat]\n|-heal|p1a: Eiscue|75/100|[from] item: Sitrus Berry\n|move|p2a: Barraskewda|Waterfall|p1a: Eiscue\n|-resisted|p1a: Eiscue\n|-damage|p1a: Eiscue|44/100\n|\n|upkeep\n|turn|9\n|inactive|Time left: 300 sec this turn | 300 sec total\n|\n|t:|1783568574\n|move|p1a: Eiscue|Zen Headbutt|p2a: Barraskewda\n|-damage|p2a: Barraskewda|0 fnt\n|faint|p2a: Barraskewda\n|\n|upkeep\n|inactive|Time left: 300 sec this turn | 300 sec total | 5 sec grace\n|\n|t:|1783568575\n|switch|p2a: Ambipom|Ambipom, L84, M|263/263\n|turn|10\n|inactive|Time left: 300 sec this turn | 300 sec total\n|\n|t:|1783568576\n|-terastallize|p2a: Ambipom|Normal\n|move|p2a: Ambipom|Fake Out|p1a: Eiscue\n|-damage|p1a: Eiscue|4/100\n|cant|p1a: Eiscue|flinch\n|\n|upkeep\n|turn|11\n|inactive|Time left: 300 sec this turn | 300 sec total\n|\n|t:|1783568577\n|switch|p2a: Walking Wake|Walking Wake, L79|286/286\n|move|p1a: Eiscue|Ice Spinner|p2a: Walking Wake\n|-damage|p2a: Walking Wake|0 fnt\n|faint|p2a: Walking Wake\n|-end|p2a: Walking Wake|Protosynthesis|[silent]\n|\n|upkeep\n|inactive|Time left: 300 sec this turn | 300 sec total | 5 sec grace\n|\n|t:|1783568578\n|switch|p2a: Ambipom|Ambipom, L84, M, tera:Normal|263/263\n|turn|12\n|inactive|Time left: 300 sec this turn | 300 sec total\n|\n|t:|1783568579\n|switch|p1a: Houndstone|Houndstone, L86, F|44/100\n|move|p2a: Ambipom|Fake Out|p1a: Houndstone\n|-immune|p1a: Houndstone\n|\n|upkeep\n|turn|13\n|inactive|Time left: 300 sec this turn | 300 sec total\n|\n|t:|1783568580\n|switch|p2a: Meloetta|Meloetta, L82|298/298\n|move|p1a: Houndstone|Body Press|p2a: Meloetta\n|-damage|p2a: Meloetta|235/298\n|\n|-heal|p2a: Meloetta|253/298|[from] item: Leftovers\n|upkeep\n|turn|14\n|inactive|Time left: 300 sec this turn | 300 sec total\n|\n|t:|1783568581\n|move|p2a: Meloetta|Calm Mind|p2a: Meloetta\n|-boost|p2a: Meloetta|spa|1\n|-boost|p2a: Meloetta|spd|1\n|move|p1a: Houndstone|Play Rough|p2a: Meloetta\n|-damage|p2a: Meloetta|178/298\n|\n|-heal|p2a: Meloetta|196/298|[from] item: Leftovers\n|upkeep\n|turn|15\n|inactive|Time left: 300 sec this turn | 300 sec total\n|\n|t:|1783568582\n|switch|p1a: Eiscue|Eiscue-Noice, L88, F, tera:Water|4/100\n|move|p2a: Meloetta|Psyshock|p1a: Eiscue\n|-damage|p1a: Eiscue|0 fnt\n|faint|p1a: Eiscue\n|\n|-heal|p2a: Meloetta|214/298|[from] item: Leftovers\n|upkeep\n|\n|t:|1783568583\n|switch|p1a: Grafaiai|Grafaiai, L86, F|100/100\n|turn|16\n|inactive|Time left: 300 sec this turn | 300 sec total\n|\n|t:|1783568584\n|move|p1a: Grafaiai|Parting Shot|p2a: Meloetta\n|-unboost|p2a: Meloetta|atk|1\n|-unboost|p2a: Meloetta|spa|1\n|\n|t:|1783568585\n|switch|p1a: Whimsicott|Whimsicott, L84, F|100/100|[from] Parting Shot\n|move|p2a: Meloetta|Psyshock|p1a: Whimsicott\n|-damage|p1a: Whimsicott|59/100\n|\n|-heal|p2a: Meloetta|232/298|[from] item: Leftovers\n|upkeep\n|turn|17\n|inactive|Time left: 300 sec this turn | 300 sec total\n|\n|t:|1783568586\n|move|p1a: Whimsicott|Stun Spore|p2a: Meloetta\n|-status|p2a: Meloetta|par\n|cant|p2a: Meloetta|par\n|\n|-heal|p2a: Meloetta|250/298 par|[from] item: Leftovers\n|upkeep\n|turn|18\n|inactive|Time left: 300 sec this turn | 300 sec total\n|\n|t:|1783568587\n|move|p1a: Whimsicott|U-turn|p2a: Meloetta\n|-supereffective|p2a: Meloetta\n|-damage|p2a: Meloetta|172/298 par\n|\n|t:|1783568588\n|switch|p1a: Houndstone|Houndstone, L86, F|44/100|[from] U-turn\n|cant|p2a: Meloetta|par\n|\n|-heal|p2a: Meloetta|190/298 par|[from] item: Leftovers\n|upkeep\n|turn|19\n|inactive|Time left: 300 sec this turn | 300 sec total\n|\n|t:|1783568588\n|move|p1a: Houndstone|Play Rough|p2a: Meloetta\n|-damage|p2a: Meloetta|112/298 par\n|move|p2a: Meloetta|Psyshock|p1a: Houndstone\n|-damage|p1a: Houndstone|8/100\n|\n|-heal|p2a: Meloetta|130/298 par|[from] item: Leftovers\n|upkeep\n|turn|20\n|inactive|Time left: 300 sec this turn | 300 sec total\n|\n|t:|1783568589\n|move|p1a: Houndstone|Play Rough|p2a: Meloetta\n|-damage|p2a: Meloetta|45/298 par\n|move|p2a: Meloetta|Psyshock|p1a: Houndstone\n|-damage|p1a: Houndstone|0 fnt\n|faint|p1a: Houndstone\n|\n|-heal|p2a: Meloetta|63/298 par|[from] item: Leftovers\n|upkeep\n|\n|t:|1783568590\n|switch|p1a: Iron Hands|Iron Hands, L79|25/100\n|turn|21\n|inactive|Time left: 300 sec this turn | 300 sec total\n|\n|t:|1783568591\n|move|p1a: Iron Hands|Drain Punch|p2a: Meloetta\n|-damage|p2a: Meloetta|0 fnt\n|-heal|p1a: Iron Hands|33/100|[from] drain|[of] p2a: Meloetta\n|faint|p2a: Meloetta\n|\n|-heal|p1a: Iron Hands|39/100|[from] item: Leftovers\n|upkeep\n|inactive|Time left: 300 sec this turn | 300 sec total | 5 sec grace\n|\n|t:|1783568592\n|switch|p2a: Ambipom|Ambipom, L84, M, tera:Normal|263/263\n|turn|22\n|inactive|Time left: 300 sec this turn | 300 sec total\n|\n|t:|1783568593\n|-end|p1a: Iron Hands|Quark Drive|[silent]\n|switch|p1a: Grafaiai|Grafaiai, L86, F|100/100\n|move|p2a: Ambipom|Fake Out|p1a: Grafaiai\n|-damage|p1a: Grafaiai|52/100\n|\n|upkeep\n|turn|23\n|inactive|Time left: 300 sec this turn | 300 sec total\n|\n|t:|1783568594\n|move|p1a: Grafaiai|Encore|p2a: Ambipom\n|-start|p2a: Ambipom|Encore\n|move|p2a: Ambipom|Fake Out||[still]\n|-hint|Fake Out only works on your first turn out.\n|-fail|p2a: Ambipom\n|\n|upkeep\n|turn|24\n|inactive|Time left: 300 sec this turn | 300 sec total\n|\n|t:|1783568594\n|switch|p1a: Iron Hands|Iron Hands, L79|39/100\n|move|p2a: Ambipom|Fake Out||[still]\n|-hint|Fake Out only works on your first turn out.\n|-fail|p2a: Ambipom\n|\n|-heal|p1a: Iron Hands|46/100|[from] item: Leftovers\n|upkeep\n|turn|25\n|inactive|Time left: 300 sec this turn | 300 sec total\n|\n|t:|1783568595\n|move|p2a: Ambipom|Fake Out||[still]\n|-hint|Fake Out only works on your first turn out.\n|-fail|p2a: Ambipom\n|move|p1a: Iron Hands|Drain Punch|p2a: Ambipom\n|-supereffective|p2a: Ambipom\n|-damage|p2a: Ambipom|11/263\n|-heal|p1a: Iron Hands|79/100|[from] drain|[of] p2a: Ambipom\n|\n|-heal|p1a: Iron Hands|85/100|[from] item: Leftovers\n|-end|p2a: Ambipom|Encore\n|upkeep\n|turn|26\n|inactive|Time left: 300 sec this turn | 300 sec total\n|\n|t:|1783568596\n|move|p2a: Ambipom|Fake Out||[still]\n|-hint|Fake Out only works on your first turn out.\n|-fail|p2a: Ambipom\n|move|p1a: Iron Hands|Ice Punch|p2a: Ambipom\n|-damage|p2a: Ambipom|0 fnt\n|faint|p2a: Ambipom\n|\n|win|p0x2552c0b5", "uploadtime": 1783568596, "views": 0, "rating": 0, "private": 0, "password": null, "_winner": "p0x2552c0b5", "_our_name": "p0y2552c1e1"}