{"id": "battle-gen9randombattle-42", "formatid": "gen9randombattle", "format": "[Gen 9] Random Battle", "players": ["p0x0424286", "p0y042807e"], "log": "|init|battle\n|title|p0x0424286 vs. p0y042807e\n|j|\u2606p0x0424286\n|j|\u2606p0y042807e\n|t:|1783533714\n|gametype|singles\n|player|p1|p0x0424286|1|\n|player|p2|p0y042807e|101|\n|gen|9\n|tier|[Gen 9] Random Battle\n|rule|Species Clause: Limit one of each Pok\u00e9mon\n|rule|HP Percentage Mod: HP is shown in percentages\n|rule|Sleep Clause Mod: Limit one foe put to sleep\n|rule|Illusion Level Mod: Illusion disguises the Pok\u00e9mon's true level\n|\n|t:|1783533714\n|teamsize|p1|6\n|teamsize|p2|6\n|start\n|switch|p1a: Swampert|Swampert, L83, F|100/100\n|switch|p2a: Minior|Minior-Indigo, L79|224/224\n|-formechange|p2a: Minior|Minior-Meteor||[from] ability: Shields Down\n|turn|1\n|inactive|Battle timer is ON: inactive players will automatically lose when time's up. (requested by p0x0424286)\n|inactive|Time left: 300 sec this turn | 300 sec total | 60 sec grace\n|inactive|p0y042807e also wants the timer to be on.\n|\n|t:|1783533716\n|move|p1a: Swampert|Flip Turn|p2a: Minior\n|-supereffective|p2a: Minior\n|-damage|p2a: Minior|84/224\n|\n|t:|1783533717\n|switch|p1a: Iron Crown|Iron Crown, L78|100/100|[from] Flip Turn\n|move|p2a: Minior|Shell Smash|p2a: Minior\n|-unboost|p2a: Minior|def|1\n|-unboost|p2a: Minior|spd|1\n|-boost|p2a: Minior|atk|2\n|-boost|p2a: Minior|spa|2\n|-boost|p2a: Minior|spe|2\n|-enditem|p2a: Minior|White Herb\n|-clearnegativeboost|p2a: Minior|[silent]\n|\n|-formechange|p2a: Minior|Minior-Indigo||[from] ability: Shields Down\n|upkeep\n|turn|2\n|inactive|Time left: 300 sec this turn | 300 sec total\n|\n|t:|1783533718\n|-terastallize|p2a: Minior|Ground\n|move|p2a: Minior|Earthquake|p1a: Iron Crown\n|-supereffective|p1a: Iron Crown\n|-damage|p1a: Iron Crown|0 fnt\n|faint|p1a: Iron Crown\n|-end|p1a: Iron Crown|Quark Drive|[silent]\n|\n|upkeep\n|\n|t:|1783533719\n|switch|p1a: Dipplin|Dipplin, L88, F|100/100\n|turn|3\n|inactive|Time left: 300 sec this turn | 300 sec total\n|\n|t:|1783533720\n|move|p2a: Minior|Acrobatics|p1a: Dipplin\n|-supereffective|p1a: Dipplin\n|-damage|p1a: Dipplin|22/100\n|move|p1a: Dipplin|Giga Drain|p2a: Minior\n|-supereffective|p2a: Minior\n|-damage|p2a: Minior|0 fnt\n|-heal|p1a: Dipplin|37/100|[from] drain|[of] p2a: Minior\n|faint|p2a: Minior\n|\n|upkeep\n|inactive|Time left: 300 sec this turn | 300 sec total | 5 sec grace\n|\n|t:|1783533721\n|switch|p2a: Gouging Fire|Gouging Fire, L74|277/277\n|turn|4\n|inactive|Time left: 300 sec this turn | 300 sec total\n|\n|t:|1783533722\n|move|p2a: Gouging Fire|Outrage|p1a: Dipplin\n|-supereffective|p1a: Dipplin\n|-damage|p1a: Dipplin|0 fnt\n|faint|p1a: Dipplin\n|\n|upkeep\n|\n|t:|1783533722\n|switch|p1a: Greninja|Greninja, L80, M|100/100\n|turn|5\n|inactive|Time left: 300 sec this turn | 300 sec total\n|\n|t:|1783533723\n|move|p1a: Greninja|Ice Beam|p2a: Gouging Fire\n|-start|p1a: Greninja|typechange|Ice|[from] ability: Protean\n|-damage|p2a: Gouging Fire|124/277\n|move|p2a: Gouging Fire|Outrage|p1a: Greninja|[from] lockedmove\n|-damage|p1a: Greninja|44/100\n|\n|upkeep\n|turn|6\n|inactive|Time left: 300 sec this turn | 300 sec total\n|\n|t:|1783533724\n|move|p1a: Greninja|Ice Beam|p2a: Gouging Fire\n|-damage|p2a: Gouging Fire|0 fnt\n|faint|p2a: Gouging Fire\n|-end|p2a: Gouging Fire|Protosynthesis|[silent]\n|\n|upkeep\n|inactive|Time left: 300 sec this turn | 300 sec total | 5 sec grace\n|\n|t:|1783533725\n|switch|p2a: Samurott|Samurott, L88, F|310/310\n|turn|7\n|inactive|Time left: 300 sec this turn | 300 sec total\n|\n|t:|1783533727\n|move|p1a: Greninja|Ice Beam|p2a: Samurott\n|-resisted|p2a: Samurott\n|-damage|p2a: Samurott|227/310\n|move|p2a: Samurott|Swords Dance|p2a: Samurott\n|-boost|p2a: Samurott|atk|2\n|\n|upkeep\n|turn|8\n|inactive|Time left: 300 sec this turn | 300 sec total\n|\n|t:|1783533727\n|move|p1a: Greninja|Ice Beam|p2a: Samurott\n|-resisted|p2a: Samurott\n|-damage|p2a: Samurott|152/310\n|move|p2a: Samurott|Sacred Sword|p1a: Greninja\n|-supereffective|p1a: Greninja\n|-damage|p1a: Greninja|0 fnt\n|faint|p1a: Greninja\n|-damage|p2a: Samurott|121/310|[from] item: Life Orb\n|\n|upkeep\n|\n|t:|1783533729\n|switch|p1a: Swampert|Swampert, L83, F|100/100\n|turn|9\n|inactive|Time left: 300 sec this turn | 300 sec total\n|\n|t:|1783533729\n|move|p2a: Samurott|Liquidation|p1a: Swampert\n|-damage|p1a: Swampert|10/100\n|-damage|p2a: Samurott|90/310|[from] item: Life Orb\n|move|p1a: Swampert|Earthquake|p2a: Samurott\n|-damage|p2a: Samurott|0 fnt\n|faint|p2a: Samurott\n|\n|-heal|p1a: Swampert|16/100|[from] item: Leftovers\n|upkeep\n|inactive|Time left: 300 sec this turn | 300 sec total | 5 sec grace\n|\n|t:|1783533731\n|switch|p2a: Mabosstiff|Mabosstiff, L86, M|278/278\n|turn|10\n|inactive|Time left: 300 sec this turn | 300 sec total\n|\n|t:|1783533732\n|move|p2a: Mabosstiff|Crunch|p1a: Swampert\n|-damage|p1a: Swampert|0 fnt\n|faint|p1a: Swampert\n|\n|upkeep\n|\n|t:|1783533733\n|switch|p1a: Cresselia|Cresselia, L80, F|100/100\n|turn|11\n|inactive|Time left: 300 sec this turn | 300 sec total\n|\n|t:|1783533734\n|-terastallize|p1a: Cresselia|Steel\n|move|p2a: Mabosstiff|Crunch|p1a: Cresselia\n|-damage|p1a: Cresselia|61/100\n|-unboost|p1a: Cresselia|def|1\n|move|p1a: Cresselia|Calm Mind|p1a: Cresselia\n|-boost|p1a: Cresselia|spa|1\n|-boost|p1a: Cresselia|spd|1\n|\n|-heal|p1a: Cresselia|67/100|[from] item: Leftovers\n|upkeep\n|turn|12\n|inactive|Time left: 300 sec this turn | 300 sec total\n|\n|t:|1783533735\n|move|p2a: Mabosstiff|Crunch|p1a: Cresselia\n|-damage|p1a: Cresselia|4/100\n|move|p1a: Cresselia|Moonlight|p1a: Cresselia\n|-heal|p1a: Cresselia|54/100\n|\n|-heal|p1a: Cresselia|60/100|[from] item: Leftovers\n|upkeep\n|turn|13\n|inactive|Time left: 300 sec this turn | 300 sec total\n|\n|t:|1783533736\n|move|p2a: Mabosstiff|Crunch|p1a: Cresselia\n|-damage|p1a: Cresselia|0 fnt\n|faint|p1a: Cresselia\n|\n|upkeep\n|\n|t:|1783533737\n|switch|p1a: Garganacl|Garganacl, L80, M|100/100\n|turn|14\n|inactive|Time left: 300 sec this turn | 300 sec total\n|\n|t:|1783533738\n|switch|p2a: Exeggutor|Exeggutor-Alola, L89, F|314/314\n|-item|p1a: Garganacl|Leftovers|[from] ability: Frisk|[of] p2a: Exeggutor\n|move|p1a: Garganacl|Salt Cure|p2a: Exeggutor\n|-damage|p2a: Exeggutor|274/314\n|-start|p2a: Exeggutor|Salt Cure\n|\n|-damage|p2a: Exeggutor|235/314|[from] Salt Cure\n|upkeep\n|turn|15\n|inactive|Time left: 300 sec this turn | 300 sec total\n|\n|t:|1783533739\n|move|p1a: Garganacl|Protect|p1a: Garganacl\n|-singleturn|p1a: Garganacl|Protect\n|move|p2a: Exeggutor|Giga Drain|p1a: Garganacl\n|-activate|p1a: Garganacl|move: Protect\n|\n|-damage|p2a: Exeggutor|196/314|[from] Salt Cure\n|upkeep\n|turn|16\n|inactive|Time left: 300 sec this turn | 300 sec total\n|\n|t:|1783533740\n|move|p2a: Exeggutor|Giga Drain|p1a: Garganacl\n|-supereffective|p1a: Garganacl\n|-damage|p1a: Garganacl|0 fnt\n|-heal|p2a: Exeggutor|314/314|[from] drain|[of] p1a: Garganacl\n|faint|p1a: Garganacl\n|\n|win|p0y042807e", "uploadtime": 1783533740, "views": 0, "rating": 0, "private": 0, "password": null, "_winner": "p0y042807e", "_our_name": "p0y042807e"}