{"id": "battle-gen9randombattle-1386", "formatid": "gen9randombattle", "format": "[Gen 9] Random Battle", "players": ["p0x13862c49", "p0y1386940e"], "log": "|init|battle\n|title|p0x13862c49 vs. p0y1386940e\n|j|\u2606p0x13862c49\n|j|\u2606p0y1386940e\n|t:|1783555188\n|gametype|singles\n|player|p1|p0x13862c49|170|\n|player|p2|p0y1386940e|2|\n|gen|9\n|tier|[Gen 9] Random Battle\n|rule|Species Clause: Limit one of each Pok\u00e9mon\n|rule|HP Percentage Mod: HP is shown in percentages\n|rule|Sleep Clause Mod: Limit one foe put to sleep\n|rule|Illusion Level Mod: Illusion disguises the Pok\u00e9mon's true level\n|\n|t:|1783555188\n|teamsize|p1|6\n|teamsize|p2|6\n|start\n|switch|p1a: Wugtrio|Wugtrio, L91, M|100/100\n|switch|p2a: Stonjourner|Stonjourner, L91, M|330/330\n|turn|1\n|inactive|Battle timer is ON: inactive players will automatically lose when time's up. (requested by p0x13862c49)\n|inactive|Time left: 300 sec this turn | 300 sec total | 60 sec grace\n|inactive|p0y1386940e also wants the timer to be on.\n|\n|t:|1783555190\n|move|p1a: Wugtrio|Liquidation|p2a: Stonjourner\n|-supereffective|p2a: Stonjourner\n|-damage|p2a: Stonjourner|120/330\n|move|p2a: Stonjourner|Stone Edge|p1a: Wugtrio\n|-damage|p1a: Wugtrio|0 fnt\n|faint|p1a: Wugtrio\n|-damage|p2a: Stonjourner|87/330|[from] item: Life Orb\n|\n|upkeep\n|\n|t:|1783555191\n|switch|p1a: Salamence|Salamence, L77, M|100/100\n|-ability|p1a: Salamence|Intimidate|boost\n|-unboost|p2a: Stonjourner|atk|1\n|turn|2\n|inactive|Time left: 300 sec this turn | 300 sec total\n|\n|t:|1783555192\n|move|p1a: Salamence|Earthquake|p2a: Stonjourner\n|-supereffective|p2a: Stonjourner\n|-damage|p2a: Stonjourner|0 fnt\n|faint|p2a: Stonjourner\n|\n|upkeep\n|inactive|Time left: 300 sec this turn | 300 sec total | 5 sec grace\n|\n|t:|1783555193\n|switch|p2a: Passimian|Passimian, L83, F|302/302\n|turn|3\n|inactive|Time left: 300 sec this turn | 300 sec total\n|\n|t:|1783555194\n|-terastallize|p1a: Salamence|Dragon\n|move|p1a: Salamence|Outrage|p2a: Passimian\n|-crit|p2a: Passimian\n|-damage|p2a: Passimian|8/302\n|move|p2a: Passimian|Bulk Up|p2a: Passimian\n|-boost|p2a: Passimian|atk|1\n|-boost|p2a: Passimian|def|1\n|\n|-heal|p2a: Passimian|26/302|[from] item: Leftovers\n|upkeep\n|turn|4\n|inactive|Time left: 300 sec this turn | 300 sec total\n|\n|t:|1783555196\n|move|p1a: Salamence|Outrage|p2a: Passimian|[from] lockedmove\n|-damage|p2a: Passimian|0 fnt\n|faint|p2a: Passimian\n|\n|upkeep\n|inactive|Time left: 300 sec this turn | 300 sec total | 5 sec grace\n|\n|t:|1783555196\n|switch|p2a: Pelipper|Pelipper, L86, M|243/243\n|-weather|RainDance|[from] ability: Drizzle|[of] p2a: Pelipper\n|turn|5\n|inactive|Time left: 300 sec this turn | 300 sec total\n|\n|t:|1783555197\n|move|p1a: Salamence|Outrage|p2a: Pelipper|[from] lockedmove\n|-damage|p2a: Pelipper|67/243\n|-start|p1a: Salamence|confusion|[fatigue]\n|move|p2a: Pelipper|Roost|p2a: Pelipper\n|-heal|p2a: Pelipper|189/243\n|-singleturn|p2a: Pelipper|move: Roost\n|\n|-weather|RainDance|[upkeep]\n|upkeep\n|turn|6\n|inactive|Time left: 300 sec this turn | 300 sec total\n|\n|t:|1783555198\n|-activate|p1a: Salamence|confusion\n|-damage|p1a: Salamence|88/100|[from] confusion\n|move|p2a: Pelipper|Hurricane|p1a: Salamence\n|-damage|p1a: Salamence|39/100\n|\n|-weather|RainDance|[upkeep]\n|upkeep\n|turn|7\n|inactive|Time left: 300 sec this turn | 300 sec total\n|\n|t:|1783555199\n|-end|p1a: Salamence|confusion\n|move|p1a: Salamence|Outrage|p2a: Pelipper\n|-damage|p2a: Pelipper|25/243\n|move|p2a: Pelipper|Hurricane|p1a: Salamence\n|-damage|p1a: Salamence|0 fnt\n|faint|p1a: Salamence\n|\n|-weather|RainDance|[upkeep]\n|upkeep\n|\n|t:|1783555200\n|switch|p1a: Hoopa|Hoopa-Unbound, L80|100/100\n|turn|8\n|inactive|Time left: 300 sec this turn | 300 sec total\n|\n|t:|1783555201\n|move|p1a: Hoopa|Hyperspace Fury|p2a: Pelipper\n|-damage|p2a: Pelipper|0 fnt\n|-unboost|p1a: Hoopa|def|1\n|faint|p2a: Pelipper\n|\n|-weather|RainDance|[upkeep]\n|upkeep\n|inactive|Time left: 300 sec this turn | 300 sec total | 5 sec grace\n|\n|t:|1783555202\n|switch|p2a: Kilowattrel|Kilowattrel, L83, M|252/252\n|turn|9\n|inactive|Time left: 300 sec this turn | 300 sec total\n|\n|t:|1783555203\n|switch|p1a: Gouging Fire|Gouging Fire, L74|100/100\n|move|p2a: Kilowattrel|U-turn|p1a: Gouging Fire\n|-resisted|p1a: Gouging Fire\n|-damage|p1a: Gouging Fire|95/100\n|inactive|Time left: 300 sec this turn | 300 sec total | 5 sec grace\n|\n|t:|1783555204\n|switch|p2a: Blissey|Blissey, L85, F|572/572|[from] U-turn\n|\n|-weather|none\n|upkeep\n|turn|10\n|inactive|Time left: 300 sec this turn | 300 sec total\n|\n|t:|1783555205\n|move|p1a: Gouging Fire|Dragon Dance|p1a: Gouging Fire\n|-boost|p1a: Gouging Fire|atk|1\n|-boost|p1a: Gouging Fire|spe|1\n|move|p2a: Blissey|Thunder Wave|p1a: Gouging Fire\n|-status|p1a: Gouging Fire|par\n|\n|upkeep\n|turn|11\n|inactive|Time left: 300 sec this turn | 300 sec total\n|\n|t:|1783555206\n|move|p2a: Blissey|Seismic Toss|p1a: Gouging Fire\n|-damage|p1a: Gouging Fire|64/100 par\n|move|p1a: Gouging Fire|Heat Crash|p2a: Blissey\n|-damage|p2a: Blissey|43/572\n|\n|-heal|p2a: Blissey|78/572|[from] item: Leftovers\n|upkeep\n|turn|12\n|inactive|Time left: 300 sec this turn | 300 sec total\n|\n|t:|1783555207\n|move|p2a: Blissey|Seismic Toss|p1a: Gouging Fire\n|-damage|p1a: Gouging Fire|33/100 par\n|move|p1a: Gouging Fire|Outrage|p2a: Blissey\n|-damage|p2a: Blissey|0 fnt\n|faint|p2a: Blissey\n|\n|upkeep\n|inactive|Time left: 300 sec this turn | 300 sec total | 5 sec grace\n|\n|t:|1783555208\n|switch|p2a: Sceptile|Sceptile, L87, F|264/264\n|turn|13\n|inactive|Time left: 300 sec this turn | 300 sec total\n|\n|t:|1783555209\n|move|p2a: Sceptile|Focus Blast|p1a: Gouging Fire\n|-damage|p1a: Gouging Fire|0 fnt\n|faint|p1a: Gouging Fire\n|-end|p1a: Gouging Fire|Protosynthesis|[silent]\n|\n|upkeep\n|\n|t:|1783555210\n|switch|p1a: Hoopa|Hoopa-Unbound, L80|100/100\n|turn|14\n|inactive|Time left: 300 sec this turn | 300 sec total\n|\n|t:|1783555211\n|move|p2a: Sceptile|Substitute|p2a: Sceptile\n|-start|p2a: Sceptile|Substitute\n|-damage|p2a: Sceptile|198/264\n|move|p1a: Hoopa|Hyperspace Fury|p2a: Sceptile\n|-damage|p2a: Sceptile|0 fnt\n|-unboost|p1a: Hoopa|def|1\n|faint|p2a: Sceptile\n|\n|upkeep\n|inactive|Time left: 300 sec this turn | 300 sec total | 5 sec grace\n|\n|t:|1783555212\n|switch|p2a: Kilowattrel|Kilowattrel, L83, M|252/252\n|turn|15\n|inactive|Time left: 300 sec this turn | 300 sec total\n|\n|t:|1783555213\n|move|p2a: Kilowattrel|U-turn|p1a: Hoopa\n|-supereffective|p1a: Hoopa\n|-damage|p1a: Hoopa|0 fnt\n|faint|p1a: Hoopa\n|\n|upkeep\n|\n|t:|1783555214\n|switch|p1a: Articuno|Articuno, L86|100/100\n|-ability|p1a: Articuno|Pressure\n|turn|16\n|inactive|Time left: 300 sec this turn | 300 sec total\n|\n|t:|1783555215\n|move|p2a: Kilowattrel|Thunderbolt|p1a: Articuno\n|-supereffective|p1a: Articuno\n|-damage|p1a: Articuno|50/100\n|move|p1a: Articuno|Freeze-Dry|p2a: Kilowattrel\n|-supereffective|p2a: Kilowattrel\n|-damage|p2a: Kilowattrel|60/252\n|\n|upkeep\n|turn|17\n|inactive|Time left: 300 sec this turn | 300 sec total\n|\n|t:|1783555216\n|move|p2a: Kilowattrel|Roost|p2a: Kilowattrel\n|-heal|p2a: Kilowattrel|186/252\n|-singleturn|p2a: Kilowattrel|move: Roost\n|move|p1a: Articuno|Roost|p1a: Articuno\n|-heal|p1a: Articuno|99/100\n|-singleturn|p1a: Articuno|move: Roost\n|\n|upkeep\n|turn|18\n|inactive|Time left: 300 sec this turn | 300 sec total\n|\n|t:|1783555217\n|move|p2a: Kilowattrel|Roost|p2a: Kilowattrel\n|-heal|p2a: Kilowattrel|252/252\n|-singleturn|p2a: Kilowattrel|move: Roost\n|move|p1a: Articuno|Freeze-Dry|p2a: Kilowattrel\n|-damage|p2a: Kilowattrel|144/252\n|\n|upkeep\n|turn|19\n|inactive|Time left: 300 sec this turn | 300 sec total\n|\n|t:|1783555218\n|move|p2a: Kilowattrel|Roost|p2a: Kilowattrel\n|-heal|p2a: Kilowattrel|252/252\n|-singleturn|p2a: Kilowattrel|move: Roost\n|move|p1a: Articuno|Freeze-Dry|p2a: Kilowattrel\n|-damage|p2a: Kilowattrel|146/252\n|\n|upkeep\n|turn|20\n|inactive|Time left: 300 sec this turn | 300 sec total\n|\n|t:|1783555219\n|move|p2a: Kilowattrel|Roost|p2a: Kilowattrel\n|-heal|p2a: Kilowattrel|252/252\n|-singleturn|p2a: Kilowattrel|move: Roost\n|move|p1a: Articuno|Freeze-Dry|p2a: Kilowattrel\n|-damage|p2a: Kilowattrel|144/252\n|\n|upkeep\n|turn|21\n|inactive|Time left: 300 sec this turn | 300 sec total\n|\n|t:|1783555220\n|move|p2a: Kilowattrel|Roost|p2a: Kilowattrel\n|-heal|p2a: Kilowattrel|252/252\n|-singleturn|p2a: Kilowattrel|move: Roost\n|move|p1a: Articuno|Freeze-Dry|p2a: Kilowattrel\n|-damage|p2a: Kilowattrel|156/252\n|\n|upkeep\n|turn|22\n|inactive|Time left: 300 sec this turn | 300 sec total\n|\n|t:|1783555221\n|move|p2a: Kilowattrel|Roost|p2a: Kilowattrel\n|-heal|p2a: Kilowattrel|252/252\n|-singleturn|p2a: Kilowattrel|move: Roost\n|move|p1a: Articuno|Freeze-Dry|p2a: Kilowattrel\n|-damage|p2a: Kilowattrel|156/252\n|\n|upkeep\n|turn|23\n|inactive|Time left: 300 sec this turn | 300 sec total\n|\n|t:|1783555222\n|move|p2a: Kilowattrel|Roost|p2a: Kilowattrel\n|-heal|p2a: Kilowattrel|252/252\n|-singleturn|p2a: Kilowattrel|move: Roost\n|move|p1a: Articuno|Freeze-Dry|p2a: Kilowattrel\n|-damage|p2a: Kilowattrel|143/252\n|\n|upkeep\n|turn|24\n|inactive|Time left: 300 sec this turn | 300 sec total\n|\n|t:|1783555223\n|move|p2a: Kilowattrel|Roost|p2a: Kilowattrel\n|-heal|p2a: Kilowattrel|252/252\n|-singleturn|p2a: Kilowattrel|move: Roost\n|move|p1a: Articuno|Freeze-Dry|p2a: Kilowattrel\n|-damage|p2a: Kilowattrel|144/252\n|\n|upkeep\n|turn|25\n|inactive|Time left: 300 sec this turn | 300 sec total\n|\n|t:|1783555224\n|move|p2a: Kilowattrel|Hurricane|p1a: Articuno\n|-damage|p1a: Articuno|68/100\n|move|p1a: Articuno|Freeze-Dry|p2a: Kilowattrel\n|-supereffective|p2a: Kilowattrel\n|-damage|p2a: Kilowattrel|0 fnt\n|faint|p2a: Kilowattrel\n|\n|win|p0x13862c49", "uploadtime": 1783555224, "views": 0, "rating": 0, "private": 0, "password": null, "_winner": "p0x13862c49", "_our_name": "p0y1386940e"}