{"id": "battle-gen9randombattle-999", "formatid": "gen9randombattle", "format": "[Gen 9] Random Battle", "players": ["p0x9998670", "p0y99906da"], "log": "|init|battle\n|title|p0x9998670 vs. p0y99906da\n|j|\u2606p0x9998670\n|j|\u2606p0y99906da\n|t:|1783550755\n|gametype|singles\n|player|p1|p0x9998670|266|\n|player|p2|p0y99906da|2|\n|gen|9\n|tier|[Gen 9] Random Battle\n|rule|Species Clause: Limit one of each Pok\u00e9mon\n|rule|HP Percentage Mod: HP is shown in percentages\n|rule|Sleep Clause Mod: Limit one foe put to sleep\n|rule|Illusion Level Mod: Illusion disguises the Pok\u00e9mon's true level\n|\n|t:|1783550755\n|teamsize|p1|6\n|teamsize|p2|6\n|start\n|switch|p1a: Hoopa|Hoopa-Unbound, L80|100/100\n|switch|p2a: Luxray|Luxray, L88, F|283/283\n|turn|1\n|inactive|Battle timer is ON: inactive players will automatically lose when time's up. (requested by p0x9998670)\n|inactive|Time left: 300 sec this turn | 300 sec total | 60 sec grace\n|inactive|p0y99906da also wants the timer to be on.\n|\n|t:|1783550757\n|move|p1a: Hoopa|Zen Headbutt|p2a: Luxray\n|-damage|p2a: Luxray|102/283\n|move|p2a: Luxray|Trailblaze|p1a: Hoopa\n|-damage|p1a: Hoopa|76/100\n|-boost|p2a: Luxray|spe|1\n|\n|-status|p2a: Luxray|brn|[from] item: Flame Orb\n|upkeep\n|turn|2\n|inactive|Time left: 300 sec this turn | 300 sec total\n|\n|t:|1783550758\n|switch|p1a: Swampert|Swampert, L83, M|100/100\n|move|p2a: Luxray|Facade|p1a: Swampert\n|-damage|p1a: Swampert|33/100\n|\n|-heal|p1a: Swampert|39/100|[from] item: Leftovers\n|-damage|p2a: Luxray|85/283 brn|[from] brn\n|upkeep\n|turn|3\n|inactive|Time left: 300 sec this turn | 300 sec total\n|\n|t:|1783550760\n|move|p2a: Luxray|Facade|p1a: Swampert\n|-damage|p1a: Swampert|0 fnt\n|faint|p1a: Swampert\n|\n|-damage|p2a: Luxray|68/283 brn|[from] brn\n|upkeep\n|\n|t:|1783550761\n|switch|p1a: Dragonite|Dragonite, L74, F|100/100\n|turn|4\n|inactive|Time left: 300 sec this turn | 300 sec total\n|\n|t:|1783550762\n|move|p2a: Luxray|Supercell Slam|p1a: Dragonite\n|-damage|p1a: Dragonite|58/100\n|move|p1a: Dragonite|Outrage|p2a: Luxray\n|-damage|p2a: Luxray|0 fnt\n|faint|p2a: Luxray\n|\n|upkeep\n|inactive|Time left: 300 sec this turn | 300 sec total | 5 sec grace\n|\n|t:|1783550763\n|switch|p2a: Golduck|Golduck, L90, M|290/290\n|-ability|p2a: Golduck|Cloud Nine\n|turn|5\n|inactive|Time left: 300 sec this turn | 300 sec total\n|\n|t:|1783550764\n|move|p2a: Golduck|Ice Beam|p1a: Dragonite\n|-supereffective|p1a: Dragonite\n|-damage|p1a: Dragonite|0 fnt\n|faint|p1a: Dragonite\n|\n|upkeep\n|\n|t:|1783550765\n|switch|p1a: Hoopa|Hoopa-Unbound, L80|76/100\n|turn|6\n|inactive|Time left: 300 sec this turn | 300 sec total\n|\n|t:|1783550766\n|move|p2a: Golduck|Nasty Plot|p2a: Golduck\n|-boost|p2a: Golduck|spa|2\n|move|p1a: Hoopa|Hyperspace Fury|p2a: Golduck\n|-damage|p2a: Golduck|61/290\n|-unboost|p1a: Hoopa|def|1\n|\n|-heal|p2a: Golduck|79/290|[from] item: Leftovers\n|upkeep\n|turn|7\n|inactive|Time left: 300 sec this turn | 300 sec total\n|\n|t:|1783550768\n|move|p2a: Golduck|Hydro Pump|p1a: Hoopa|[miss]\n|-miss|p2a: Golduck|p1a: Hoopa\n|move|p1a: Hoopa|Hyperspace Fury|p2a: Golduck\n|-damage|p2a: Golduck|0 fnt\n|-unboost|p1a: Hoopa|def|1\n|faint|p2a: Golduck\n|\n|upkeep\n|inactive|Time left: 300 sec this turn | 300 sec total | 5 sec grace\n|\n|t:|1783550769\n|switch|p2a: Conkeldurr|Conkeldurr, L80, F|299/299\n|turn|8\n|inactive|Time left: 300 sec this turn | 300 sec total\n|\n|t:|1783550770\n|switch|p1a: Yanmega|Yanmega, L82, F|100/100\n|move|p2a: Conkeldurr|Knock Off|p1a: Yanmega\n|-damage|p1a: Yanmega|67/100\n|-enditem|p1a: Yanmega|Choice Specs|[from] move: Knock Off|[of] p2a: Conkeldurr\n|\n|-status|p2a: Conkeldurr|brn|[from] item: Flame Orb\n|upkeep\n|turn|9\n|inactive|Time left: 300 sec this turn | 300 sec total\n|\n|t:|1783550770\n|switch|p2a: Beartic|Beartic, L91, M|321/321\n|move|p1a: Yanmega|Air Slash|p2a: Beartic\n|-damage|p2a: Beartic|230/321\n|\n|upkeep\n|turn|10\n|inactive|Time left: 300 sec this turn | 300 sec total\n|\n|t:|1783550771\n|move|p1a: Yanmega|Air Slash|p2a: Beartic|[miss]\n|-miss|p1a: Yanmega|p2a: Beartic\n|move|p2a: Beartic|Icicle Crash|p1a: Yanmega\n|-supereffective|p1a: Yanmega\n|-damage|p1a: Yanmega|0 fnt\n|faint|p1a: Yanmega\n|\n|upkeep\n|\n|t:|1783550772\n|switch|p1a: Keldeo|Keldeo-Resolute, L79|100/100\n|turn|11\n|inactive|Time left: 300 sec this turn | 300 sec total\n|\n|t:|1783550773\n|-terastallize|p2a: Beartic|Fighting\n|move|p1a: Keldeo|Secret Sword|p2a: Beartic\n|-damage|p2a: Beartic|71/321\n|move|p2a: Beartic|Close Combat|p1a: Keldeo\n|-crit|p1a: Keldeo\n|-damage|p1a: Keldeo|2/100\n|-unboost|p2a: Beartic|def|1\n|-unboost|p2a: Beartic|spd|1\n|\n|upkeep\n|turn|12\n|inactive|Time left: 300 sec this turn | 300 sec total\n|\n|t:|1783550774\n|move|p2a: Beartic|Aqua Jet|p1a: Keldeo\n|-resisted|p1a: Keldeo\n|-damage|p1a: Keldeo|0 fnt\n|faint|p1a: Keldeo\n|\n|upkeep\n|\n|t:|1783550774\n|switch|p1a: Hoopa|Hoopa-Unbound, L80|76/100\n|turn|13\n|inactive|Time left: 300 sec this turn | 300 sec total\n|\n|t:|1783550775\n|move|p2a: Beartic|Aqua Jet|p1a: Hoopa\n|-damage|p1a: Hoopa|55/100\n|move|p1a: Hoopa|Zen Headbutt|p2a: Beartic\n|-supereffective|p2a: Beartic\n|-damage|p2a: Beartic|0 fnt\n|faint|p2a: Beartic\n|\n|upkeep\n|inactive|Time left: 300 sec this turn | 300 sec total | 5 sec grace\n|\n|t:|1783550776\n|switch|p2a: Crawdaunt|Crawdaunt, L84, F|243/243\n|turn|14\n|inactive|Time left: 300 sec this turn | 300 sec total\n|\n|t:|1783550776\n|switch|p1a: Camerupt|Camerupt, L91, M|100/100\n|move|p2a: Crawdaunt|Dragon Dance|p2a: Crawdaunt\n|-boost|p2a: Crawdaunt|atk|1\n|-boost|p2a: Crawdaunt|spe|1\n|\n|upkeep\n|turn|15\n|inactive|Time left: 300 sec this turn | 300 sec total\n|\n|t:|1783550777\n|switch|p1a: Hoopa|Hoopa-Unbound, L80|55/100\n|move|p2a: Crawdaunt|Knock Off|p1a: Hoopa\n|-damage|p1a: Hoopa|0 fnt\n|-enditem|p1a: Hoopa|Choice Band|[from] move: Knock Off|[of] p2a: Crawdaunt\n|faint|p1a: Hoopa\n|-damage|p2a: Crawdaunt|219/243|[from] item: Life Orb\n|\n|upkeep\n|\n|t:|1783550778\n|switch|p1a: Camerupt|Camerupt, L91, M|100/100\n|turn|16\n|inactive|Time left: 300 sec this turn | 300 sec total\n|\n|t:|1783550778\n|-terastallize|p1a: Camerupt|Water\n|move|p2a: Crawdaunt|Knock Off|p1a: Camerupt\n|-damage|p1a: Camerupt|0 fnt\n|-enditem|p1a: Camerupt|Leftovers|[from] move: Knock Off|[of] p2a: Crawdaunt\n|faint|p1a: Camerupt\n|-damage|p2a: Crawdaunt|195/243|[from] item: Life Orb\n|\n|win|p0y99906da", "uploadtime": 1783550778, "views": 0, "rating": 0, "private": 0, "password": null, "_winner": "p0y99906da", "_our_name": "p0y99906da"}