{"id": "battle-gen9randombattle-2360", "formatid": "gen9randombattle", "format": "[Gen 9] Random Battle", "players": ["p0x23607c26", "p0y2360804a"], "log": "|init|battle\n|title|p0x23607c26 vs. p0y2360804a\n|j|\u2606p0x23607c26\n|j|\u2606p0y2360804a\n|t:|1783566376\n|gametype|singles\n|player|p1|p0x23607c26|169|\n|player|p2|p0y2360804a|2|\n|gen|9\n|tier|[Gen 9] Random Battle\n|rule|Species Clause: Limit one of each Pok\u00e9mon\n|rule|HP Percentage Mod: HP is shown in percentages\n|rule|Sleep Clause Mod: Limit one foe put to sleep\n|rule|Illusion Level Mod: Illusion disguises the Pok\u00e9mon's true level\n|\n|t:|1783566376\n|teamsize|p1|6\n|teamsize|p2|6\n|start\n|switch|p1a: Hitmontop|Hitmontop, L88, M|100/100\n|switch|p2a: Cloyster|Cloyster, L80, M|211/211\n|-ability|p1a: Hitmontop|Intimidate|boost\n|-unboost|p2a: Cloyster|atk|1\n|-enditem|p2a: Cloyster|White Herb\n|-clearnegativeboost|p2a: Cloyster|[silent]\n|turn|1\n|inactive|Battle timer is ON: inactive players will automatically lose when time's up. (requested by p0x23607c26)\n|inactive|Time left: 300 sec this turn | 300 sec total | 60 sec grace\n|\n|t:|1783566378\n|move|p1a: Hitmontop|Close Combat|p2a: Cloyster\n|-supereffective|p2a: Cloyster\n|-crit|p2a: Cloyster\n|-damage|p2a: Cloyster|0 fnt\n|-unboost|p1a: Hitmontop|def|1\n|-unboost|p1a: Hitmontop|spd|1\n|faint|p2a: Cloyster\n|\n|upkeep\n|inactive|Time left: 300 sec this turn | 300 sec total | 65 sec grace\n|inactive|p0y2360804a also wants the timer to be on.\n|\n|t:|1783566379\n|switch|p2a: Gallade|Gallade, L80, M|240/240\n|turn|2\n|inactive|Time left: 300 sec this turn | 300 sec total\n|\n|t:|1783566380\n|switch|p1a: Swanna|Swanna, L89, M|100/100\n|move|p2a: Gallade|Sacred Sword|p1a: Swanna\n|-resisted|p1a: Swanna\n|-damage|p1a: Swanna|44/100\n|\n|upkeep\n|turn|3\n|inactive|Time left: 300 sec this turn | 300 sec total\n|\n|t:|1783566381\n|switch|p2a: Oranguru|Oranguru, L92, M|315/315\n|move|p1a: Swanna|Brave Bird|p2a: Oranguru\n|-damage|p2a: Oranguru|182/315\n|-damage|p1a: Swanna|29/100|[from] Recoil\n|\n|upkeep\n|turn|4\n|inactive|Time left: 300 sec this turn | 300 sec total\n|\n|t:|1783566382\n|move|p1a: Swanna|Brave Bird|p2a: Oranguru\n|-damage|p2a: Oranguru|50/315\n|-damage|p1a: Swanna|13/100|[from] Recoil\n|move|p2a: Oranguru|Psyshock|p1a: Swanna\n|-damage|p1a: Swanna|0 fnt\n|faint|p1a: Swanna\n|-damage|p2a: Oranguru|19/315|[from] item: Life Orb\n|\n|upkeep\n|\n|t:|1783566383\n|switch|p1a: Spectrier|Spectrier, L75|100/100\n|turn|5\n|inactive|Time left: 300 sec this turn | 300 sec total\n|\n|t:|1783566383\n|switch|p2a: Gallade|Gallade, L80, M|240/240\n|move|p1a: Spectrier|Nasty Plot|p1a: Spectrier\n|-boost|p1a: Spectrier|spa|2\n|\n|upkeep\n|turn|6\n|inactive|Time left: 300 sec this turn | 300 sec total\n|\n|t:|1783566384\n|-terastallize|p2a: Gallade|Grass\n|move|p1a: Spectrier|Will-O-Wisp|p2a: Gallade\n|-status|p2a: Gallade|brn\n|move|p2a: Gallade|Leaf Blade|p1a: Spectrier\n|-damage|p1a: Spectrier|38/100\n|\n|-damage|p2a: Gallade|225/240 brn|[from] brn\n|upkeep\n|turn|7\n|inactive|Time left: 300 sec this turn | 300 sec total\n|\n|t:|1783566385\n|move|p1a: Spectrier|Shadow Ball|p2a: Gallade\n|-damage|p2a: Gallade|3/240 brn\n|-damage|p1a: Spectrier|28/100|[from] item: Life Orb\n|move|p2a: Gallade|Leaf Blade|p1a: Spectrier\n|-damage|p1a: Spectrier|0 fnt\n|faint|p1a: Spectrier\n|\n|-damage|p2a: Gallade|0 fnt|[from] brn\n|faint|p2a: Gallade\n|upkeep\n|inactive|Time left: 300 sec this turn | 300 sec total | 5 sec grace\n|\n|t:|1783566386\n|switch|p1a: Samurott|Samurott, L88, M|100/100\n|switch|p2a: Sinistcha|Sinistcha-Masterpiece, L83|254/254\n|turn|8\n|inactive|Time left: 300 sec this turn | 300 sec total\n|\n|t:|1783566387\n|move|p1a: Samurott|Flip Turn|p2a: Sinistcha\n|-resisted|p2a: Sinistcha\n|-damage|p2a: Sinistcha|224/254\n|\n|t:|1783566388\n|switch|p1a: Hitmontop|Hitmontop, L88, M|100/100|[from] Flip Turn\n|-ability|p1a: Hitmontop|Intimidate|boost\n|-unboost|p2a: Sinistcha|atk|1\n|move|p2a: Sinistcha|Matcha Gotcha|p1a: Hitmontop\n|-damage|p1a: Hitmontop|76/100\n|-heal|p2a: Sinistcha|253/254|[from] drain|[of] p1a: Hitmontop\n|\n|-heal|p2a: Sinistcha|254/254|[from] item: Leftovers\n|upkeep\n|turn|9\n|inactive|Time left: 300 sec this turn | 300 sec total\n|\n|t:|1783566389\n|switch|p1a: Samurott|Samurott, L88, M|100/100\n|move|p2a: Sinistcha|Calm Mind|p2a: Sinistcha\n|-boost|p2a: Sinistcha|spa|1\n|-boost|p2a: Sinistcha|spd|1\n|\n|upkeep\n|turn|10\n|inactive|Time left: 300 sec this turn | 300 sec total\n|\n|t:|1783566390\n|move|p1a: Samurott|Hydro Pump|p2a: Sinistcha|[miss]\n|-miss|p1a: Samurott|p2a: Sinistcha\n|move|p2a: Sinistcha|Matcha Gotcha|p1a: Samurott\n|-supereffective|p1a: Samurott\n|-damage|p1a: Samurott|27/100\n|\n|upkeep\n|turn|11\n|inactive|Time left: 300 sec this turn | 300 sec total\n|\n|t:|1783566391\n|move|p1a: Samurott|Flip Turn|p2a: Sinistcha\n|-resisted|p2a: Sinistcha\n|-damage|p2a: Sinistcha|206/254\n|\n|t:|1783566391\n|switch|p1a: Hitmontop|Hitmontop, L88, M|76/100|[from] Flip Turn\n|-ability|p1a: Hitmontop|Intimidate|boost\n|-unboost|p2a: Sinistcha|atk|1\n|move|p2a: Sinistcha|Shadow Ball|p1a: Hitmontop\n|-damage|p1a: Hitmontop|42/100\n|\n|-heal|p2a: Sinistcha|221/254|[from] item: Leftovers\n|upkeep\n|turn|12\n|inactive|Time left: 300 sec this turn | 300 sec total\n|\n|t:|1783566392\n|move|p1a: Hitmontop|Sucker Punch|p2a: Sinistcha\n|-supereffective|p2a: Sinistcha\n|-damage|p2a: Sinistcha|125/254\n|move|p2a: Sinistcha|Shadow Ball|p1a: Hitmontop\n|-damage|p1a: Hitmontop|9/100\n|-unboost|p1a: Hitmontop|spd|1\n|\n|-heal|p2a: Sinistcha|140/254|[from] item: Leftovers\n|upkeep\n|turn|13\n|inactive|Time left: 300 sec this turn | 300 sec total\n|\n|t:|1783566393\n|move|p1a: Hitmontop|Stone Edge|p2a: Sinistcha\n|-damage|p2a: Sinistcha|71/254\n|move|p2a: Sinistcha|Strength Sap|p1a: Hitmontop\n|-unboost|p1a: Hitmontop|atk|1\n|-heal|p2a: Sinistcha|254/254\n|\n|upkeep\n|turn|14\n|inactive|Time left: 300 sec this turn | 300 sec total\n|\n|t:|1783566395\n|move|p1a: Hitmontop|Stone Edge|p2a: Sinistcha\n|-damage|p2a: Sinistcha|210/254\n|move|p2a: Sinistcha|Calm Mind|p2a: Sinistcha\n|-boost|p2a: Sinistcha|spa|1\n|-boost|p2a: Sinistcha|spd|1\n|\n|-heal|p2a: Sinistcha|225/254|[from] item: Leftovers\n|upkeep\n|turn|15\n|inactive|Time left: 300 sec this turn | 300 sec total\n|\n|t:|1783566396\n|move|p1a: Hitmontop|Stone Edge|p2a: Sinistcha\n|-damage|p2a: Sinistcha|181/254\n|move|p2a: Sinistcha|Shadow Ball|p1a: Hitmontop\n|-damage|p1a: Hitmontop|0 fnt\n|faint|p1a: Hitmontop\n|\n|-heal|p2a: Sinistcha|196/254|[from] item: Leftovers\n|upkeep\n|\n|t:|1783566396\n|switch|p1a: Samurott|Samurott, L88, M|27/100\n|turn|16\n|inactive|Time left: 300 sec this turn | 300 sec total\n|\n|t:|1783566397\n|move|p1a: Samurott|Megahorn|p2a: Sinistcha\n|-damage|p2a: Sinistcha|117/254\n|move|p2a: Sinistcha|Shadow Ball|p1a: Samurott\n|-damage|p1a: Samurott|0 fnt\n|faint|p1a: Samurott\n|\n|-heal|p2a: Sinistcha|132/254|[from] item: Leftovers\n|upkeep\n|\n|t:|1783566398\n|switch|p1a: Lycanroc|Lycanroc, L86, M|100/100\n|turn|17\n|inactive|Time left: 300 sec this turn | 300 sec total\n|\n|t:|1783566399\n|move|p1a: Lycanroc|Stone Edge|p2a: Sinistcha\n|-damage|p2a: Sinistcha|0 fnt\n|faint|p2a: Sinistcha\n|\n|upkeep\n|inactive|Time left: 300 sec this turn | 300 sec total | 5 sec grace\n|\n|t:|1783566400\n|switch|p2a: Oranguru|Oranguru, L92, M|19/315\n|turn|18\n|inactive|Time left: 300 sec this turn | 300 sec total\n|\n|t:|1783566401\n|move|p1a: Lycanroc|Stone Edge|p2a: Oranguru\n|-damage|p2a: Oranguru|0 fnt\n|faint|p2a: Oranguru\n|\n|upkeep\n|inactive|Time left: 300 sec this turn | 300 sec total | 5 sec grace\n|\n|t:|1783566402\n|switch|p2a: Porygon-Z|Porygon-Z, L83|277/277\n|turn|19\n|inactive|Time left: 300 sec this turn | 300 sec total\n|\n|t:|1783566402\n|move|p1a: Lycanroc|Stone Edge|p2a: Porygon-Z|[miss]\n|-miss|p1a: Lycanroc|p2a: Porygon-Z\n|move|p2a: Porygon-Z|Shadow Ball|p1a: Lycanroc\n|-damage|p1a: Lycanroc|57/100\n|-damage|p2a: Porygon-Z|250/277|[from] item: Life Orb\n|\n|upkeep\n|turn|20\n|inactive|Time left: 300 sec this turn | 300 sec total\n|\n|t:|1783566403\n|move|p1a: Lycanroc|Stone Edge|p2a: Porygon-Z\n|-damage|p2a: Porygon-Z|34/277\n|move|p2a: Porygon-Z|Nasty Plot|p2a: Porygon-Z\n|-boost|p2a: Porygon-Z|spa|2\n|\n|upkeep\n|turn|21\n|inactive|Time left: 300 sec this turn | 300 sec total\n|\n|t:|1783566404\n|move|p1a: Lycanroc|Stone Edge|p2a: Porygon-Z\n|-damage|p2a: Porygon-Z|0 fnt\n|faint|p2a: Porygon-Z\n|\n|upkeep\n|inactive|Time left: 300 sec this turn | 300 sec total | 5 sec grace\n|\n|t:|1783566405\n|switch|p2a: Chien-Pao|Chien-Pao, L72|234/234\n|-ability|p2a: Chien-Pao|Sword of Ruin\n|turn|22\n|inactive|Time left: 300 sec this turn | 300 sec total\n|\n|t:|1783566406\n|-terastallize|p1a: Lycanroc|Fighting\n|move|p1a: Lycanroc|Stone Edge|p2a: Chien-Pao\n|-supereffective|p2a: Chien-Pao\n|-damage|p2a: Chien-Pao|0 fnt\n|faint|p2a: Chien-Pao\n|\n|win|p0x23607c26", "uploadtime": 1783566406, "views": 0, "rating": 0, "private": 0, "password": null, "_winner": "p0x23607c26", "_our_name": "p0y2360804a"}