{"id": "battle-gen9randombattle-2358", "formatid": "gen9randombattle", "format": "[Gen 9] Random Battle", "players": ["p0x23584cb3", "p0y23588b10"], "log": "|init|battle\n|title|p0x23584cb3 vs. p0y23588b10\n|j|\u2606p0x23584cb3\n|j|\u2606p0y23588b10\n|t:|1783566352\n|gametype|singles\n|player|p1|p0x23584cb3|265|\n|player|p2|p0y23588b10|266|\n|gen|9\n|tier|[Gen 9] Random Battle\n|rule|Species Clause: Limit one of each Pok\u00e9mon\n|rule|HP Percentage Mod: HP is shown in percentages\n|rule|Sleep Clause Mod: Limit one foe put to sleep\n|rule|Illusion Level Mod: Illusion disguises the Pok\u00e9mon's true level\n|\n|t:|1783566352\n|teamsize|p1|6\n|teamsize|p2|6\n|start\n|switch|p1a: Palossand|Palossand, L89, M|100/100\n|switch|p2a: Veluza|Veluza, L85, F|292/292\n|turn|1\n|inactive|Battle timer is ON: inactive players will automatically lose when time's up. (requested by p0y23588b10)\n|\n|t:|1783566353\n|switch|p2a: Glaceon|Glaceon, L94, F|275/275\n|move|p1a: Palossand|Shadow Ball|p2a: Glaceon\n|-damage|p2a: Glaceon|193/275\n|\n|upkeep\n|turn|2\n|inactive|Time left: 300 sec this turn | 300 sec total\n|inactive|p0x23584cb3 also wants the timer to be on.\n|\n|t:|1783566354\n|move|p2a: Glaceon|Freeze-Dry|p1a: Palossand\n|-supereffective|p1a: Palossand\n|-damage|p1a: Palossand|21/100\n|-status|p1a: Palossand|frz\n|-curestatus|p1a: Palossand|frz|[msg]\n|move|p1a: Palossand|Stealth Rock|p2a: Glaceon\n|-sidestart|p2: p0y23588b10|move: Stealth Rock\n|\n|-heal|p1a: Palossand|27/100|[from] item: Leftovers\n|upkeep\n|turn|3\n|inactive|Time left: 300 sec this turn | 300 sec total\n|\n|t:|1783566355\n|switch|p1a: Iron Crown|Iron Crown, L78|100/100\n|move|p2a: Glaceon|Freeze-Dry|p1a: Iron Crown\n|-resisted|p1a: Iron Crown\n|-damage|p1a: Iron Crown|82/100\n|\n|upkeep\n|turn|4\n|inactive|Time left: 300 sec this turn | 300 sec total\n|\n|t:|1783566356\n|move|p2a: Glaceon|Protect|p2a: Glaceon\n|-singleturn|p2a: Glaceon|Protect\n|move|p1a: Iron Crown|Tachyon Cutter|p2a: Glaceon\n|-activate|p2a: Glaceon|move: Protect\n|\n|upkeep\n|turn|5\n|inactive|Time left: 300 sec this turn | 300 sec total\n|\n|t:|1783566357\n|-terastallize|p2a: Glaceon|Water\n|move|p1a: Iron Crown|Tachyon Cutter|p2a: Glaceon\n|-resisted|p2a: Glaceon\n|-damage|p2a: Glaceon|159/275\n|-resisted|p2a: Glaceon\n|-damage|p2a: Glaceon|121/275\n|-hitcount|p2a: Glaceon|2\n|move|p2a: Glaceon|Calm Mind|p2a: Glaceon\n|-boost|p2a: Glaceon|spa|1\n|-boost|p2a: Glaceon|spd|1\n|\n|upkeep\n|turn|6\n|inactive|Time left: 300 sec this turn | 300 sec total\n|\n|t:|1783566358\n|move|p1a: Iron Crown|Tachyon Cutter|p2a: Glaceon\n|-resisted|p2a: Glaceon\n|-damage|p2a: Glaceon|98/275\n|-resisted|p2a: Glaceon\n|-damage|p2a: Glaceon|74/275\n|-hitcount|p2a: Glaceon|2\n|move|p2a: Glaceon|Freeze-Dry|p1a: Iron Crown\n|-resisted|p1a: Iron Crown\n|-damage|p1a: Iron Crown|53/100\n|\n|upkeep\n|turn|7\n|inactive|Time left: 300 sec this turn | 300 sec total\n|\n|t:|1783566359\n|move|p1a: Iron Crown|Tachyon Cutter|p2a: Glaceon\n|-resisted|p2a: Glaceon\n|-damage|p2a: Glaceon|49/275\n|-resisted|p2a: Glaceon\n|-damage|p2a: Glaceon|27/275\n|-hitcount|p2a: Glaceon|2\n|move|p2a: Glaceon|Wish|p2a: Glaceon\n|\n|upkeep\n|turn|8\n|inactive|Time left: 300 sec this turn | 300 sec total\n|\n|t:|1783566360\n|move|p2a: Glaceon|Protect|p2a: Glaceon\n|-singleturn|p2a: Glaceon|Protect\n|move|p1a: Iron Crown|Tachyon Cutter|p2a: Glaceon\n|-activate|p2a: Glaceon|move: Protect\n|\n|-heal|p2a: Glaceon|164/275|[from] move: Wish|[wisher] Glaceon\n|upkeep\n|turn|9\n|inactive|Time left: 300 sec this turn | 300 sec total\n|\n|t:|1783566361\n|move|p1a: Iron Crown|Tachyon Cutter|p2a: Glaceon\n|-resisted|p2a: Glaceon\n|-damage|p2a: Glaceon|140/275\n|-resisted|p2a: Glaceon\n|-damage|p2a: Glaceon|116/275\n|-hitcount|p2a: Glaceon|2\n|move|p2a: Glaceon|Freeze-Dry|p1a: Iron Crown\n|-resisted|p1a: Iron Crown\n|-damage|p1a: Iron Crown|22/100\n|\n|upkeep\n|turn|10\n|inactive|Time left: 300 sec this turn | 300 sec total\n|\n|t:|1783566362\n|move|p1a: Iron Crown|Tachyon Cutter|p2a: Glaceon\n|-resisted|p2a: Glaceon\n|-damage|p2a: Glaceon|93/275\n|-resisted|p2a: Glaceon\n|-damage|p2a: Glaceon|72/275\n|-hitcount|p2a: Glaceon|2\n|move|p2a: Glaceon|Wish|p2a: Glaceon\n|\n|upkeep\n|turn|11\n|inactive|Time left: 300 sec this turn | 300 sec total\n|\n|t:|1783566363\n|move|p1a: Iron Crown|Tachyon Cutter|p2a: Glaceon\n|-resisted|p2a: Glaceon\n|-damage|p2a: Glaceon|48/275\n|-resisted|p2a: Glaceon\n|-crit|p2a: Glaceon\n|-damage|p2a: Glaceon|0 fnt\n|faint|p2a: Glaceon\n|-hitcount|p2: Glaceon|2\n|\n|upkeep\n|inactive|Time left: 300 sec this turn | 300 sec total | 5 sec grace\n|\n|t:|1783566364\n|switch|p2a: Raging Bolt|Raging Bolt, L78|323/323\n|-damage|p2a: Raging Bolt|283/323|[from] Stealth Rock\n|-enditem|p2a: Raging Bolt|Booster Energy\n|-activate|p2a: Raging Bolt|ability: Protosynthesis|[fromitem]\n|-start|p2a: Raging Bolt|protosynthesisspa\n|turn|12\n|inactive|Time left: 300 sec this turn | 300 sec total\n|\n|t:|1783566365\n|move|p1a: Iron Crown|Tachyon Cutter|p2a: Raging Bolt\n|-resisted|p2a: Raging Bolt\n|-damage|p2a: Raging Bolt|242/323\n|-resisted|p2a: Raging Bolt\n|-damage|p2a: Raging Bolt|198/323\n|-hitcount|p2a: Raging Bolt|2\n|move|p2a: Raging Bolt|Dragon Pulse|p1a: Iron Crown\n|-resisted|p1a: Iron Crown\n|-damage|p1a: Iron Crown|0 fnt\n|faint|p1a: Iron Crown\n|-end|p1a: Iron Crown|Quark Drive|[silent]\n|\n|upkeep\n|\n|t:|1783566366\n|switch|p1a: Quagsire|Quagsire, L84, F|100/100\n|turn|13\n|inactive|Time left: 300 sec this turn | 300 sec total\n|\n|t:|1783566367\n|move|p2a: Raging Bolt|Dragon Pulse|p1a: Quagsire\n|-damage|p1a: Quagsire|46/100\n|move|p1a: Quagsire|Earthquake|p2a: Raging Bolt\n|-supereffective|p2a: Raging Bolt\n|-damage|p2a: Raging Bolt|0 fnt\n|faint|p2a: Raging Bolt\n|-end|p2a: Raging Bolt|Protosynthesis|[silent]\n|\n|-heal|p1a: Quagsire|52/100|[from] item: Leftovers\n|upkeep\n|inactive|Time left: 300 sec this turn | 300 sec total | 5 sec grace\n|\n|t:|1783566368\n|switch|p2a: Kleavor|Kleavor, L78, F|237/237\n|turn|14\n|inactive|Time left: 300 sec this turn | 300 sec total\n|\n|t:|1783566369\n|move|p2a: Kleavor|X-Scissor|p1a: Quagsire\n|-damage|p1a: Quagsire|0 fnt\n|faint|p1a: Quagsire\n|\n|upkeep\n|\n|t:|1783566370\n|switch|p1a: Sudowoodo|Sudowoodo, L94, F|100/100\n|turn|15\n|inactive|Time left: 300 sec this turn | 300 sec total\n|\n|t:|1783566371\n|move|p2a: Kleavor|Stone Axe|p1a: Sudowoodo\n|-damage|p1a: Sudowoodo|71/100\n|-sidestart|p1: p0x23584cb3|move: Stealth Rock\n|move|p1a: Sudowoodo|Head Smash|p2a: Kleavor\n|-supereffective|p2a: Kleavor\n|-damage|p2a: Kleavor|0 fnt\n|faint|p2a: Kleavor\n|\n|upkeep\n|inactive|Time left: 300 sec this turn | 300 sec total | 5 sec grace\n|\n|t:|1783566372\n|switch|p2a: Veluza|Veluza, L85, F|292/292\n|-damage|p2a: Veluza|256/292|[from] Stealth Rock\n|turn|16\n|inactive|Time left: 300 sec this turn | 300 sec total\n|\n|t:|1783566373\n|-terastallize|p1a: Sudowoodo|Grass\n|move|p2a: Veluza|Aqua Cutter|p1a: Sudowoodo\n|-resisted|p1a: Sudowoodo\n|-damage|p1a: Sudowoodo|54/100\n|move|p1a: Sudowoodo|Head Smash|p2a: Veluza\n|-damage|p2a: Veluza|0 fnt\n|faint|p2a: Veluza\n|\n|upkeep\n|inactive|Time left: 300 sec this turn | 300 sec total | 5 sec grace\n|\n|t:|1783566374\n|switch|p2a: Chien-Pao|Chien-Pao, L72|234/234\n|-ability|p2a: Chien-Pao|Sword of Ruin\n|turn|17\n|inactive|Time left: 300 sec this turn | 300 sec total\n|\n|t:|1783566375\n|move|p2a: Chien-Pao|Icicle Crash|p1a: Sudowoodo\n|-supereffective|p1a: Sudowoodo\n|-damage|p1a: Sudowoodo|0 fnt\n|faint|p1a: Sudowoodo\n|\n|upkeep\n|\n|t:|1783566376\n|switch|p1a: Flamigo|Flamigo, L82, F|100/100\n|-damage|p1a: Flamigo|88/100|[from] Stealth Rock\n|turn|18\n|inactive|Time left: 300 sec this turn | 300 sec total\n|\n|t:|1783566376\n|move|p1a: Flamigo|Close Combat|p2a: Chien-Pao\n|-supereffective|p2a: Chien-Pao\n|-damage|p2a: Chien-Pao|0 fnt\n|-unboost|p1a: Flamigo|def|1\n|-unboost|p1a: Flamigo|spd|1\n|faint|p2a: Chien-Pao\n|\n|upkeep\n|inactive|Time left: 300 sec this turn | 300 sec total | 5 sec grace\n|\n|t:|1783566377\n|switch|p2a: Dragapult|Dragapult, L77, M|262/262\n|-damage|p2a: Dragapult|230/262|[from] Stealth Rock\n|turn|19\n|inactive|Time left: 300 sec this turn | 300 sec total\n|\n|t:|1783566378\n|move|p1a: Flamigo|Close Combat|p2a: Dragapult\n|-damage|p2a: Dragapult|53/262\n|-unboost|p1a: Flamigo|def|1\n|-unboost|p1a: Flamigo|spd|1\n|move|p2a: Dragapult|Dragon Dance|p2a: Dragapult\n|-boost|p2a: Dragapult|atk|1\n|-boost|p2a: Dragapult|spe|1\n|\n|upkeep\n|turn|20\n|inactive|Time left: 300 sec this turn | 300 sec total\n|\n|t:|1783566379\n|move|p2a: Dragapult|Dragon Darts|p1a: Flamigo\n|-damage|p1a: Flamigo|4/100\n|-anim|p2a: Dragapult|Dragon Darts|p1a: Flamigo\n|-damage|p1a: Flamigo|0 fnt\n|faint|p1a: Flamigo\n|-damage|p2a: Dragapult|27/262|[from] item: Life Orb\n|\n|upkeep\n|\n|t:|1783566380\n|switch|p1a: Oricorio|Oricorio-Pom-Pom, L82, F|100/100\n|turn|21\n|inactive|Time left: 300 sec this turn | 300 sec total\n|\n|t:|1783566380\n|move|p2a: Dragapult|Dragon Dance|p2a: Dragapult\n|-boost|p2a: Dragapult|atk|1\n|-boost|p2a: Dragapult|spe|1\n|-activate|p1a: Oricorio|ability: Dancer\n|move|p1a: Oricorio|Dragon Dance|p1a: Oricorio|[from] ability: Dancer\n|-boost|p1a: Oricorio|atk|1\n|-boost|p1a: Oricorio|spe|1\n|move|p1a: Oricorio|Revelation Dance|p2a: Dragapult\n|-resisted|p2a: Dragapult\n|-damage|p2a: Dragapult|0 fnt\n|faint|p2a: Dragapult\n|\n|win|p0x23584cb3", "uploadtime": 1783566380, "views": 0, "rating": 0, "private": 0, "password": null, "_winner": "p0x23584cb3", "_our_name": "p0y23588b10"}