{"id": "battle-gen9randombattle-862", "formatid": "gen9randombattle", "format": "[Gen 9] Random Battle", "players": ["p0x8620234", "p0y862904d"], "log": "|init|battle\n|title|p0x8620234 vs. p0y862904d\n|j|\u2606p0x8620234\n|j|\u2606p0y862904d\n|t:|1783549125\n|gametype|singles\n|player|p1|p0x8620234|170|\n|player|p2|p0y862904d|2|\n|gen|9\n|tier|[Gen 9] Random Battle\n|rule|Species Clause: Limit one of each Pok\u00e9mon\n|rule|HP Percentage Mod: HP is shown in percentages\n|rule|Sleep Clause Mod: Limit one foe put to sleep\n|rule|Illusion Level Mod: Illusion disguises the Pok\u00e9mon's true level\n|\n|t:|1783549125\n|teamsize|p1|6\n|teamsize|p2|6\n|start\n|switch|p1a: Whimsicott|Whimsicott, L84, M|238/238\n|switch|p2a: Spidops|Spidops, L96, F|100/100\n|turn|1\n|inactive|Battle timer is ON: inactive players will automatically lose when time's up. (requested by p0x8620234)\n|inactive|p0y862904d also wants the timer to be on.\n|\n|t:|1783549127\n|move|p1a: Whimsicott|Moonblast|p2a: Spidops\n|-damage|p2a: Spidops|72/100\n|-unboost|p2a: Spidops|spa|1\n|move|p2a: Spidops|Sticky Web|p1a: Whimsicott\n|-sidestart|p1: p0x8620234|move: Sticky Web\n|\n|upkeep\n|turn|2\n|inactive|Time left: 300 sec this turn | 300 sec total\n|\n|t:|1783549128\n|move|p1a: Whimsicott|Leech Seed|p2a: Spidops\n|-start|p2a: Spidops|move: Leech Seed\n|move|p2a: Spidops|Knock Off|p1a: Whimsicott\n|-resisted|p1a: Whimsicott\n|-damage|p1a: Whimsicott|202/238\n|-enditem|p1a: Whimsicott|Leftovers|[from] move: Knock Off|[of] p2a: Spidops\n|\n|-damage|p2a: Spidops|60/100|[from] Leech Seed|[of] p1a: Whimsicott\n|-heal|p1a: Whimsicott|235/238|[silent]\n|upkeep\n|turn|3\n|inactive|Time left: 300 sec this turn | 300 sec total\n|\n|t:|1783549129\n|switch|p2a: Articuno|Articuno-Galar, L84|100/100\n|move|p1a: Whimsicott|Moonblast|p2a: Articuno\n|-damage|p2a: Articuno|73/100\n|-unboost|p2a: Articuno|spa|1\n|-ability|p2a: Articuno|Competitive|boost\n|-boost|p2a: Articuno|spa|2\n|\n|upkeep\n|turn|4\n|inactive|Time left: 300 sec this turn | 300 sec total\n|\n|t:|1783549130\n|move|p1a: Whimsicott|Substitute|p1a: Whimsicott\n|-start|p1a: Whimsicott|Substitute\n|-damage|p1a: Whimsicott|176/238\n|move|p2a: Articuno|Freezing Glare|p1a: Whimsicott\n|-end|p1a: Whimsicott|Substitute\n|\n|upkeep\n|turn|5\n|inactive|Time left: 300 sec this turn | 300 sec total\n|\n|t:|1783549131\n|move|p1a: Whimsicott|Leech Seed|p2a: Articuno\n|-start|p2a: Articuno|move: Leech Seed\n|move|p2a: Articuno|Freezing Glare|p1a: Whimsicott\n|-damage|p1a: Whimsicott|0 fnt\n|faint|p1a: Whimsicott\n|\n|upkeep\n|inactive|Time left: 300 sec this turn | 300 sec total | 5 sec grace\n|\n|t:|1783549132\n|switch|p1a: Jolteon|Jolteon, L84, M|246/246\n|-activate|p1a: Jolteon|move: Sticky Web\n|-unboost|p1a: Jolteon|spe|1\n|turn|6\n|inactive|Time left: 300 sec this turn | 300 sec total\n|\n|t:|1783549134\n|move|p2a: Articuno|Freezing Glare|p1a: Jolteon\n|-damage|p1a: Jolteon|93/246\n|move|p1a: Jolteon|Thunderbolt|p2a: Articuno\n|-supereffective|p2a: Articuno\n|-damage|p2a: Articuno|0 fnt\n|faint|p2a: Articuno\n|\n|upkeep\n|\n|t:|1783549135\n|switch|p2a: Iron Crown|Iron Crown, L78|100/100\n|turn|7\n|inactive|Time left: 300 sec this turn | 300 sec total\n|\n|t:|1783549136\n|move|p2a: Iron Crown|Psyshock|p1a: Jolteon\n|-damage|p1a: Jolteon|0 fnt\n|faint|p1a: Jolteon\n|\n|upkeep\n|inactive|Time left: 300 sec this turn | 300 sec total | 5 sec grace\n|\n|t:|1783549137\n|switch|p1a: Reuniclus|Reuniclus, L88, F|337/337\n|-activate|p1a: Reuniclus|move: Sticky Web\n|-unboost|p1a: Reuniclus|spe|1\n|turn|8\n|inactive|Time left: 300 sec this turn | 300 sec total\n|\n|t:|1783549138\n|move|p2a: Iron Crown|Calm Mind|p2a: Iron Crown\n|-boost|p2a: Iron Crown|spa|1\n|-boost|p2a: Iron Crown|spd|1\n|move|p1a: Reuniclus|Calm Mind|p1a: Reuniclus\n|-boost|p1a: Reuniclus|spa|1\n|-boost|p1a: Reuniclus|spd|1\n|\n|upkeep\n|turn|9\n|inactive|Time left: 300 sec this turn | 300 sec total\n|\n|t:|1783549139\n|move|p2a: Iron Crown|Calm Mind|p2a: Iron Crown\n|-boost|p2a: Iron Crown|spa|1\n|-boost|p2a: Iron Crown|spd|1\n|move|p1a: Reuniclus|Calm Mind|p1a: Reuniclus\n|-boost|p1a: Reuniclus|spa|1\n|-boost|p1a: Reuniclus|spd|1\n|\n|upkeep\n|turn|10\n|inactive|Time left: 300 sec this turn | 300 sec total\n|\n|t:|1783549140\n|move|p2a: Iron Crown|Calm Mind|p2a: Iron Crown\n|-boost|p2a: Iron Crown|spa|1\n|-boost|p2a: Iron Crown|spd|1\n|move|p1a: Reuniclus|Focus Blast|p2a: Iron Crown|[miss]\n|-miss|p1a: Reuniclus|p2a: Iron Crown\n|\n|upkeep\n|turn|11\n|inactive|Time left: 300 sec this turn | 300 sec total\n|\n|t:|1783549141\n|move|p2a: Iron Crown|Tachyon Cutter|p1a: Reuniclus\n|-damage|p1a: Reuniclus|262/337\n|-damage|p1a: Reuniclus|196/337\n|-hitcount|p1a: Reuniclus|2\n|move|p1a: Reuniclus|Focus Blast|p2a: Iron Crown\n|-damage|p2a: Iron Crown|62/100\n|\n|-heal|p2a: Iron Crown|68/100|[from] item: Leftovers\n|upkeep\n|turn|12\n|inactive|Time left: 300 sec this turn | 300 sec total\n|\n|t:|1783549143\n|move|p2a: Iron Crown|Tachyon Cutter|p1a: Reuniclus\n|-crit|p1a: Reuniclus\n|-damage|p1a: Reuniclus|0 fnt\n|faint|p1a: Reuniclus\n|-hitcount|p1: Reuniclus|1\n|\n|-heal|p2a: Iron Crown|74/100|[from] item: Leftovers\n|upkeep\n|inactive|Time left: 300 sec this turn | 300 sec total | 5 sec grace\n|\n|t:|1783549144\n|switch|p1a: Vileplume|Vileplume, L85, M|266/266\n|-activate|p1a: Vileplume|move: Sticky Web\n|-unboost|p1a: Vileplume|spe|1\n|turn|13\n|inactive|Time left: 300 sec this turn | 300 sec total\n|\n|t:|1783549145\n|-terastallize|p1a: Vileplume|Steel\n|move|p2a: Iron Crown|Psyshock|p1a: Vileplume\n|-resisted|p1a: Vileplume\n|-damage|p1a: Vileplume|158/266\n|move|p1a: Vileplume|Strength Sap|p2a: Iron Crown\n|-unboost|p2a: Iron Crown|atk|1\n|-heal|p1a: Vileplume|266/266\n|\n|-heal|p2a: Iron Crown|80/100|[from] item: Leftovers\n|upkeep\n|turn|14\n|inactive|Time left: 300 sec this turn | 300 sec total\n|\n|t:|1783549146\n|move|p2a: Iron Crown|Focus Blast|p1a: Vileplume\n|-supereffective|p1a: Vileplume\n|-damage|p1a: Vileplume|0 fnt\n|faint|p1a: Vileplume\n|\n|-heal|p2a: Iron Crown|86/100|[from] item: Leftovers\n|upkeep\n|inactive|Time left: 300 sec this turn | 300 sec total | 5 sec grace\n|\n|t:|1783549147\n|switch|p1a: Garchomp|Garchomp, L74, M|282/282\n|-activate|p1a: Garchomp|move: Sticky Web\n|-unboost|p1a: Garchomp|spe|1\n|turn|15\n|inactive|Time left: 300 sec this turn | 300 sec total\n|\n|t:|1783549148\n|switch|p1a: Persian|Persian-Alola, L86, M|252/252\n|-activate|p1a: Persian|move: Sticky Web\n|-unboost|p1a: Persian|spe|1\n|move|p2a: Iron Crown|Tachyon Cutter|p1a: Persian\n|-damage|p1a: Persian|84/252\n|-damage|p1a: Persian|0 fnt\n|faint|p1a: Persian\n|-hitcount|p1: Persian|2\n|\n|-heal|p2a: Iron Crown|92/100|[from] item: Leftovers\n|upkeep\n|inactive|Time left: 300 sec this turn | 300 sec total | 5 sec grace\n|\n|t:|1783549149\n|switch|p1a: Garchomp|Garchomp, L74, M|282/282\n|-activate|p1a: Garchomp|move: Sticky Web\n|-unboost|p1a: Garchomp|spe|1\n|turn|16\n|inactive|Time left: 300 sec this turn | 300 sec total\n|\n|t:|1783549149\n|-terastallize|p2a: Iron Crown|Fighting\n|move|p2a: Iron Crown|Tachyon Cutter|p1a: Garchomp\n|-damage|p1a: Garchomp|135/282\n|-damage|p1a: Garchomp|0 fnt\n|faint|p1a: Garchomp\n|-hitcount|p1: Garchomp|2\n|\n|win|p0y862904d", "uploadtime": 1783549149, "views": 0, "rating": 0, "private": 0, "password": null, "_winner": "p0y862904d", "_our_name": "p0x8620234"}