{"id": "battle-gen9randombattle-2304", "formatid": "gen9randombattle", "format": "[Gen 9] Random Battle", "players": ["p0x23042780", "p0y230417f7"], "log": "|init|battle\n|title|p0x23042780 vs. p0y230417f7\n|j|\u2606p0x23042780\n|j|\u2606p0y230417f7\n|t:|1783565741\n|gametype|singles\n|player|p1|p0x23042780|266|\n|player|p2|p0y230417f7|169|\n|gen|9\n|tier|[Gen 9] Random Battle\n|rule|Species Clause: Limit one of each Pok\u00e9mon\n|rule|HP Percentage Mod: HP is shown in percentages\n|rule|Sleep Clause Mod: Limit one foe put to sleep\n|rule|Illusion Level Mod: Illusion disguises the Pok\u00e9mon's true level\n|\n|t:|1783565741\n|teamsize|p1|6\n|teamsize|p2|6\n|start\n|switch|p1a: Morpeko|Morpeko, L88, M|245/245\n|switch|p2a: Staraptor|Staraptor, L79, M|100/100\n|turn|1\n|inactive|Battle timer is ON: inactive players will automatically lose when time's up. (requested by p0x23042780)\n|inactive|p0y230417f7 also wants the timer to be on.\n|\n|t:|1783565742\n|switch|p2a: Electivire|Electivire, L84, F|100/100\n|move|p1a: Morpeko|Aura Wheel|p2a: Electivire\n|-ability|p2a: Electivire|Motor Drive|boost\n|-boost|p2a: Electivire|spe|1\n|\n|-formechange|p1a: Morpeko|Morpeko-Hangry||[from] ability: Hunger Switch\n|upkeep\n|turn|2\n|inactive|Time left: 300 sec this turn | 300 sec total\n|\n|t:|1783565744\n|switch|p1a: Ursaluna|Ursaluna, L79, M|335/335\n|move|p2a: Electivire|Earthquake|p1a: Ursaluna\n|-damage|p1a: Ursaluna|225/335\n|-damage|p2a: Electivire|91/100|[from] item: Life Orb\n|\n|-status|p1a: Ursaluna|brn|[from] item: Flame Orb\n|upkeep\n|turn|3\n|inactive|Time left: 300 sec this turn | 300 sec total\n|\n|t:|1783565745\n|move|p2a: Electivire|Ice Punch|p1a: Ursaluna\n|-supereffective|p1a: Ursaluna\n|-damage|p1a: Ursaluna|72/335 brn\n|-damage|p2a: Electivire|81/100|[from] item: Life Orb\n|move|p1a: Ursaluna|Facade|p2a: Electivire\n|-damage|p2a: Electivire|0 fnt\n|faint|p2a: Electivire\n|\n|-damage|p1a: Ursaluna|52/335 brn|[from] brn\n|upkeep\n|\n|t:|1783565746\n|switch|p2a: Staraptor|Staraptor, L79, M|100/100\n|turn|4\n|inactive|Time left: 300 sec this turn | 300 sec total\n|\n|t:|1783565747\n|switch|p1a: Politoed|Politoed, L88, M|302/302\n|-weather|RainDance|[from] ability: Drizzle|[of] p1a: Politoed\n|move|p2a: Staraptor|Double-Edge|p1a: Politoed\n|-damage|p1a: Politoed|37/302\n|-damage|p2a: Staraptor|67/100|[from] Recoil\n|\n|-weather|RainDance|[upkeep]\n|upkeep\n|turn|5\n|inactive|Time left: 300 sec this turn | 300 sec total\n|\n|t:|1783565749\n|move|p2a: Staraptor|Double-Edge|p1a: Politoed\n|-damage|p1a: Politoed|0 fnt\n|faint|p1a: Politoed\n|-damage|p2a: Staraptor|63/100|[from] Recoil\n|\n|-weather|RainDance|[upkeep]\n|upkeep\n|inactive|Time left: 300 sec this turn | 300 sec total | 5 sec grace\n|\n|t:|1783565750\n|switch|p1a: Indeedee|Indeedee, L84, M|238/238\n|-fieldstart|move: Psychic Terrain|[from] ability: Psychic Surge|[of] p1a: Indeedee\n|turn|6\n|inactive|Time left: 300 sec this turn | 300 sec total\n|\n|t:|1783565751\n|switch|p2a: Metagross|Metagross, L79|100/100\n|move|p1a: Indeedee|Expanding Force|p2a: Metagross\n|-resisted|p2a: Metagross\n|-damage|p2a: Metagross|83/100\n|\n|-weather|RainDance|[upkeep]\n|upkeep\n|turn|7\n|inactive|Time left: 300 sec this turn | 300 sec total\n|\n|t:|1783565752\n|switch|p1a: Bombirdier|Bombirdier, L85, M|258/258\n|move|p2a: Metagross|Heavy Slam|p1a: Bombirdier\n|-damage|p1a: Bombirdier|122/258\n|\n|-weather|RainDance|[upkeep]\n|upkeep\n|turn|8\n|inactive|Time left: 300 sec this turn | 300 sec total\n|\n|t:|1783565753\n|move|p1a: Bombirdier|Knock Off|p2a: Metagross\n|-supereffective|p2a: Metagross\n|-damage|p2a: Metagross|0 fnt\n|-enditem|p2a: Metagross|Weakness Policy|[from] move: Knock Off|[of] p1a: Bombirdier\n|faint|p2a: Metagross\n|\n|-weather|none\n|upkeep\n|\n|t:|1783565754\n|switch|p2a: Staraptor|Staraptor, L79, M|63/100\n|turn|9\n|inactive|Time left: 300 sec this turn | 300 sec total\n|\n|t:|1783565755\n|move|p2a: Staraptor|Close Combat|p1a: Bombirdier\n|-damage|p1a: Bombirdier|0 fnt\n|-unboost|p2a: Staraptor|def|1\n|-unboost|p2a: Staraptor|spd|1\n|faint|p1a: Bombirdier\n|\n|upkeep\n|inactive|Time left: 300 sec this turn | 300 sec total | 5 sec grace\n|\n|t:|1783565755\n|switch|p1a: Morpeko|Morpeko, L88, M|245/245\n|turn|10\n|inactive|Time left: 300 sec this turn | 300 sec total\n|\n|t:|1783565756\n|switch|p2a: Brute Bonnet|Brute Bonnet, L80|100/100\n|-terastallize|p1a: Morpeko|Electric\n|move|p1a: Morpeko|Aura Wheel|p2a: Brute Bonnet\n|-resisted|p2a: Brute Bonnet\n|-damage|p2a: Brute Bonnet|75/100\n|-boost|p1a: Morpeko|spe|1\n|\n|-heal|p2a: Brute Bonnet|81/100|[from] item: Leftovers\n|-fieldend|move: Psychic Terrain\n|upkeep\n|turn|11\n|inactive|Time left: 300 sec this turn | 300 sec total\n|\n|t:|1783565757\n|move|p1a: Morpeko|Protect|p1a: Morpeko\n|-singleturn|p1a: Morpeko|Protect\n|move|p2a: Brute Bonnet|Crunch|p1a: Morpeko\n|-activate|p1a: Morpeko|move: Protect\n|\n|-heal|p2a: Brute Bonnet|87/100|[from] item: Leftovers\n|upkeep\n|turn|12\n|inactive|Time left: 300 sec this turn | 300 sec total\n|\n|t:|1783565758\n|move|p1a: Morpeko|Aura Wheel|p2a: Brute Bonnet\n|-resisted|p2a: Brute Bonnet\n|-damage|p2a: Brute Bonnet|61/100\n|-boost|p1a: Morpeko|spe|1\n|move|p2a: Brute Bonnet|Crunch|p1a: Morpeko\n|-damage|p1a: Morpeko|127/245\n|\n|-heal|p1a: Morpeko|142/245|[from] item: Leftovers\n|-heal|p2a: Brute Bonnet|67/100|[from] item: Leftovers\n|upkeep\n|turn|13\n|inactive|Time left: 300 sec this turn | 300 sec total\n|\n|t:|1783565759\n|move|p1a: Morpeko|Protect|p1a: Morpeko\n|-singleturn|p1a: Morpeko|Protect\n|move|p2a: Brute Bonnet|Crunch|p1a: Morpeko\n|-activate|p1a: Morpeko|move: Protect\n|\n|-heal|p1a: Morpeko|157/245|[from] item: Leftovers\n|-heal|p2a: Brute Bonnet|73/100|[from] item: Leftovers\n|upkeep\n|turn|14\n|inactive|Time left: 300 sec this turn | 300 sec total\n|\n|t:|1783565760\n|move|p1a: Morpeko|Knock Off|p2a: Brute Bonnet\n|-resisted|p2a: Brute Bonnet\n|-damage|p2a: Brute Bonnet|56/100\n|-enditem|p2a: Brute Bonnet|Leftovers|[from] move: Knock Off|[of] p1a: Morpeko\n|move|p2a: Brute Bonnet|Crunch|p1a: Morpeko\n|-damage|p1a: Morpeko|28/245\n|\n|-heal|p1a: Morpeko|43/245|[from] item: Leftovers\n|upkeep\n|turn|15\n|inactive|Time left: 300 sec this turn | 300 sec total\n|\n|t:|1783565760\n|move|p1a: Morpeko|Protect|p1a: Morpeko\n|-singleturn|p1a: Morpeko|Protect\n|move|p2a: Brute Bonnet|Crunch|p1a: Morpeko\n|-activate|p1a: Morpeko|move: Protect\n|\n|-heal|p1a: Morpeko|58/245|[from] item: Leftovers\n|upkeep\n|turn|16\n|inactive|Time left: 300 sec this turn | 300 sec total\n|\n|t:|1783565761\n|switch|p1a: Tornadus|Tornadus-Therian, L79, M|254/254\n|move|p2a: Brute Bonnet|Crunch|p1a: Tornadus\n|-damage|p1a: Tornadus|146/254\n|\n|upkeep\n|turn|17\n|inactive|Time left: 300 sec this turn | 300 sec total\n|\n|t:|1783565762\n|-end|p2a: Brute Bonnet|Protosynthesis|[silent]\n|switch|p2a: Baxcalibur|Baxcalibur, L75, M|100/100\n|move|p1a: Tornadus|Bleakwind Storm|p2a: Baxcalibur\n|-damage|p2a: Baxcalibur|62/100\n|-unboost|p2a: Baxcalibur|spe|1\n|\n|upkeep\n|turn|18\n|inactive|Time left: 300 sec this turn | 300 sec total\n|\n|t:|1783565763\n|switch|p1a: Morpeko|Morpeko, L88, M, tera:Electric|58/245\n|move|p2a: Baxcalibur|Icicle Spear|p1a: Morpeko\n|-damage|p1a: Morpeko|21/245\n|-damage|p1a: Morpeko|0 fnt\n|faint|p1a: Morpeko\n|-hitcount|p1: Morpeko|2\n|\n|upkeep\n|inactive|Time left: 300 sec this turn | 300 sec total | 5 sec grace\n|\n|t:|1783565763\n|switch|p1a: Indeedee|Indeedee, L84, M|238/238\n|-fieldstart|move: Psychic Terrain|[from] ability: Psychic Surge|[of] p1a: Indeedee\n|turn|19\n|inactive|Time left: 300 sec this turn | 300 sec total\n|\n|t:|1783565764\n|switch|p2a: Brute Bonnet|Brute Bonnet, L80|56/100\n|move|p1a: Indeedee|Expanding Force|p2a: Brute Bonnet\n|-immune|p2a: Brute Bonnet\n|\n|upkeep\n|turn|20\n|inactive|Time left: 300 sec this turn | 300 sec total\n|\n|t:|1783565765\n|switch|p1a: Tornadus|Tornadus-Therian, L79, M|230/254\n|move|p2a: Brute Bonnet|Crunch|p1a: Tornadus\n|-damage|p1a: Tornadus|125/254\n|\n|upkeep\n|turn|21\n|inactive|Time left: 300 sec this turn | 300 sec total\n|\n|t:|1783565766\n|move|p2a: Brute Bonnet|Sucker Punch|p1a: Tornadus\n|-hint|Psychic Terrain doesn't affect airborne Pok\u00e9mon.\n|-damage|p1a: Tornadus|31/254\n|move|p1a: Tornadus|Bleakwind Storm|p2a: Brute Bonnet\n|-supereffective|p2a: Brute Bonnet\n|-damage|p2a: Brute Bonnet|0 fnt\n|faint|p2a: Brute Bonnet\n|-end|p2a: Brute Bonnet|Protosynthesis|[silent]\n|\n|upkeep\n|\n|t:|1783565767\n|switch|p2a: Vespiquen|Vespiquen, L99, F|100/100\n|-ability|p2a: Vespiquen|Pressure\n|turn|22\n|inactive|Time left: 300 sec this turn | 300 sec total\n|\n|t:|1783565768\n|move|p1a: Tornadus|Bleakwind Storm|p2a: Vespiquen\n|-supereffective|p2a: Vespiquen\n|-damage|p2a: Vespiquen|48/100\n|-unboost|p2a: Vespiquen|spe|1\n|move|p2a: Vespiquen|Hurricane|p1a: Tornadus\n|-damage|p1a: Tornadus|0 fnt\n|faint|p1a: Tornadus\n|\n|upkeep\n|inactive|Time left: 300 sec this turn | 300 sec total | 5 sec grace\n|\n|t:|1783565769\n|switch|p1a: Ursaluna|Ursaluna, L79, M|52/335 brn\n|turn|23\n|inactive|Time left: 300 sec this turn | 300 sec total\n|\n|t:|1783565770\n|switch|p2a: Baxcalibur|Baxcalibur, L75, M|62/100\n|move|p1a: Ursaluna|Facade|p2a: Baxcalibur\n|-damage|p2a: Baxcalibur|0 fnt\n|faint|p2a: Baxcalibur\n|\n|-damage|p1a: Ursaluna|32/335 brn|[from] brn\n|-fieldend|move: Psychic Terrain\n|upkeep\n|\n|t:|1783565771\n|switch|p2a: Staraptor|Staraptor, L79, M|63/100\n|turn|24\n|inactive|Time left: 300 sec this turn | 300 sec total\n|\n|t:|1783565772\n|-terastallize|p2a: Staraptor|Flying\n|move|p2a: Staraptor|Double-Edge|p1a: Ursaluna\n|-damage|p1a: Ursaluna|0 fnt\n|faint|p1a: Ursaluna\n|-damage|p2a: Staraptor|59/100|[from] Recoil\n|\n|upkeep\n|inactive|Time left: 300 sec this turn | 300 sec total | 5 sec grace\n|\n|t:|1783565773\n|switch|p1a: Indeedee|Indeedee, L84, M|238/238\n|-fieldstart|move: Psychic Terrain|[from] ability: Psychic Surge|[of] p1a: Indeedee\n|turn|25\n|inactive|Time left: 300 sec this turn | 300 sec total\n|\n|t:|1783565774\n|move|p1a: Indeedee|Expanding Force|p2a: Staraptor\n|-damage|p2a: Staraptor|0 fnt\n|faint|p2a: Staraptor\n|\n|upkeep\n|\n|t:|1783565775\n|switch|p2a: Vespiquen|Vespiquen, L99, F|48/100\n|-ability|p2a: Vespiquen|Pressure\n|turn|26\n|inactive|Time left: 300 sec this turn | 300 sec total\n|\n|t:|1783565776\n|move|p1a: Indeedee|Expanding Force|p2a: Vespiquen\n|-damage|p2a: Vespiquen|0 fnt\n|faint|p2a: Vespiquen\n|\n|win|p0x23042780", "uploadtime": 1783565776, "views": 0, "rating": 0, "private": 0, "password": null, "_winner": "p0x23042780", "_our_name": "p0x23042780"}