{"id": "battle-gen9randombattle-2715", "formatid": "gen9randombattle", "format": "[Gen 9] Random Battle", "players": ["p0x27156cf1", "p0y27156459"], "log": "|init|battle\n|title|p0x27156cf1 vs. p0y27156459\n|j|\u2606p0x27156cf1\n|j|\u2606p0y27156459\n|t:|1783570292\n|gametype|singles\n|player|p1|p0x27156cf1|170|\n|player|p2|p0y27156459|265|\n|gen|9\n|tier|[Gen 9] Random Battle\n|rule|Species Clause: Limit one of each Pok\u00e9mon\n|rule|HP Percentage Mod: HP is shown in percentages\n|rule|Sleep Clause Mod: Limit one foe put to sleep\n|rule|Illusion Level Mod: Illusion disguises the Pok\u00e9mon's true level\n|\n|t:|1783570292\n|teamsize|p1|6\n|teamsize|p2|6\n|start\n|switch|p1a: Dragalge|Dragalge, L88, M|100/100\n|switch|p2a: Dragalge|Dragalge, L88, F|258/258\n|turn|1\n|inactive|Battle timer is ON: inactive players will automatically lose when time's up. (requested by p0x27156cf1)\n|inactive|Time left: 300 sec this turn | 300 sec total | 60 sec grace\n|inactive|p0y27156459 also wants the timer to be on.\n|\n|t:|1783570293\n|move|p2a: Dragalge|Draco Meteor|p1a: Dragalge\n|-supereffective|p1a: Dragalge\n|-damage|p1a: Dragalge|0 fnt\n|-unboost|p2a: Dragalge|spa|2\n|faint|p1a: Dragalge\n|\n|upkeep\n|\n|t:|1783570294\n|switch|p1a: Incineroar|Incineroar, L82, M|100/100\n|-ability|p1a: Incineroar|Intimidate|boost\n|-unboost|p2a: Dragalge|atk|1\n|turn|2\n|inactive|Time left: 300 sec this turn | 300 sec total\n|\n|t:|1783570296\n|switch|p2a: Salamence|Salamence, L77, M|273/273\n|-ability|p2a: Salamence|Intimidate|boost\n|-unboost|p1a: Incineroar|atk|1\n|move|p1a: Incineroar|Swords Dance|p1a: Incineroar\n|-boost|p1a: Incineroar|atk|2\n|\n|upkeep\n|turn|3\n|inactive|Time left: 300 sec this turn | 300 sec total\n|\n|t:|1783570297\n|move|p2a: Salamence|Outrage|p1a: Incineroar\n|-damage|p1a: Incineroar|52/100\n|move|p1a: Incineroar|Knock Off|p2a: Salamence\n|-damage|p2a: Salamence|77/273\n|-enditem|p2a: Salamence|Heavy-Duty Boots|[from] move: Knock Off|[of] p1a: Incineroar\n|\n|upkeep\n|turn|4\n|inactive|Time left: 300 sec this turn | 300 sec total\n|\n|t:|1783570298\n|switch|p1a: Fezandipiti|Fezandipiti, L82, M|100/100\n|move|p2a: Salamence|Outrage|p1a: Fezandipiti|[from] lockedmove\n|-immune|p1a: Fezandipiti\n|-start|p2a: Salamence|confusion|[fatigue]\n|\n|upkeep\n|turn|5\n|inactive|Time left: 300 sec this turn | 300 sec total\n|\n|t:|1783570299\n|switch|p2a: Wyrdeer|Wyrdeer, L87, M|321/321\n|-ability|p2a: Wyrdeer|Intimidate|boost\n|-unboost|p1a: Fezandipiti|atk|1\n|move|p1a: Fezandipiti|Moonblast|p2a: Wyrdeer\n|-damage|p2a: Wyrdeer|236/321\n|-status|p2a: Wyrdeer|tox|[from] ability: Toxic Chain|[of] p1a: Fezandipiti\n|\n|-heal|p2a: Wyrdeer|256/321 tox|[from] item: Leftovers\n|-damage|p2a: Wyrdeer|236/321 tox|[from] psn\n|upkeep\n|turn|6\n|inactive|Time left: 300 sec this turn | 300 sec total\n|\n|t:|1783570300\n|switch|p1a: Tropius|Tropius, L91, F|100/100\n|move|p2a: Wyrdeer|Earthquake|p1a: Tropius\n|-immune|p1a: Tropius\n|\n|-heal|p2a: Wyrdeer|256/321 tox|[from] item: Leftovers\n|-damage|p2a: Wyrdeer|216/321 tox|[from] psn\n|upkeep\n|turn|7\n|inactive|Time left: 300 sec this turn | 300 sec total\n|\n|t:|1783570301\n|switch|p2a: Salamence|Salamence, L77, M|77/273\n|-ability|p2a: Salamence|Intimidate|boost\n|-unboost|p1a: Tropius|atk|1\n|move|p1a: Tropius|Air Slash|p2a: Salamence\n|-damage|p2a: Salamence|0 fnt\n|faint|p2a: Salamence\n|\n|upkeep\n|inactive|Time left: 300 sec this turn | 300 sec total | 5 sec grace\n|\n|t:|1783570302\n|switch|p2a: Volcarona|Volcarona, L77, F|257/257\n|turn|8\n|inactive|Time left: 300 sec this turn | 300 sec total\n|\n|t:|1783570303\n|switch|p1a: Incineroar|Incineroar, L82, M|52/100\n|-ability|p1a: Incineroar|Intimidate|boost\n|-unboost|p2a: Volcarona|atk|1\n|move|p2a: Volcarona|Quiver Dance|p2a: Volcarona\n|-boost|p2a: Volcarona|spa|1\n|-boost|p2a: Volcarona|spd|1\n|-boost|p2a: Volcarona|spe|1\n|\n|upkeep\n|turn|9\n|inactive|Time left: 300 sec this turn | 300 sec total\n|\n|t:|1783570304\n|switch|p1a: Fezandipiti|Fezandipiti, L82, M|100/100\n|move|p2a: Volcarona|Bug Buzz|p1a: Fezandipiti\n|-resisted|p1a: Fezandipiti\n|-damage|p1a: Fezandipiti|90/100\n|\n|-heal|p1a: Fezandipiti|96/100|[from] item: Leftovers\n|upkeep\n|turn|10\n|inactive|Time left: 300 sec this turn | 300 sec total\n|\n|t:|1783570305\n|move|p2a: Volcarona|Quiver Dance|p2a: Volcarona\n|-boost|p2a: Volcarona|spa|1\n|-boost|p2a: Volcarona|spd|1\n|-boost|p2a: Volcarona|spe|1\n|move|p1a: Fezandipiti|Gunk Shot|p2a: Volcarona\n|-damage|p2a: Volcarona|98/257\n|\n|-heal|p1a: Fezandipiti|100/100|[from] item: Leftovers\n|upkeep\n|turn|11\n|inactive|Time left: 300 sec this turn | 300 sec total\n|\n|t:|1783570306\n|-terastallize|p2a: Volcarona|Steel\n|move|p2a: Volcarona|Fiery Dance|p1a: Fezandipiti\n|-damage|p1a: Fezandipiti|53/100\n|move|p1a: Fezandipiti|Gunk Shot|p2a: Volcarona\n|-immune|p2a: Volcarona\n|\n|-heal|p1a: Fezandipiti|59/100|[from] item: Leftovers\n|upkeep\n|turn|12\n|inactive|Time left: 300 sec this turn | 300 sec total\n|\n|t:|1783570307\n|move|p2a: Volcarona|Fiery Dance|p1a: Fezandipiti\n|-damage|p1a: Fezandipiti|3/100\n|move|p1a: Fezandipiti|Roost|p1a: Fezandipiti\n|-heal|p1a: Fezandipiti|53/100\n|-singleturn|p1a: Fezandipiti|move: Roost\n|\n|-heal|p1a: Fezandipiti|59/100|[from] item: Leftovers\n|upkeep\n|turn|13\n|inactive|Time left: 300 sec this turn | 300 sec total\n|\n|t:|1783570308\n|move|p2a: Volcarona|Fiery Dance|p1a: Fezandipiti\n|-damage|p1a: Fezandipiti|4/100\n|-boost|p2a: Volcarona|spa|1\n|move|p1a: Fezandipiti|Roost|p1a: Fezandipiti\n|-heal|p1a: Fezandipiti|54/100\n|-singleturn|p1a: Fezandipiti|move: Roost\n|\n|-heal|p1a: Fezandipiti|61/100|[from] item: Leftovers\n|upkeep\n|turn|14\n|inactive|Time left: 300 sec this turn | 300 sec total\n|\n|t:|1783570309\n|switch|p1a: Arceus|Arceus-Water, L71|100/100\n|move|p2a: Volcarona|Fiery Dance|p1a: Arceus\n|-resisted|p1a: Arceus\n|-damage|p1a: Arceus|65/100\n|\n|upkeep\n|turn|15\n|inactive|Time left: 300 sec this turn | 300 sec total\n|\n|t:|1783570310\n|switch|p1a: Incineroar|Incineroar, L82, M|52/100\n|-ability|p1a: Incineroar|Intimidate|boost\n|-unboost|p2a: Volcarona|atk|1\n|move|p2a: Volcarona|Giga Drain|p1a: Incineroar\n|-resisted|p1a: Incineroar\n|-damage|p1a: Incineroar|27/100\n|-heal|p2a: Volcarona|135/257|[from] drain|[of] p1a: Incineroar\n|\n|upkeep\n|turn|16\n|inactive|Time left: 300 sec this turn | 300 sec total\n|\n|t:|1783570311\n|move|p2a: Volcarona|Fiery Dance|p1a: Incineroar\n|-resisted|p1a: Incineroar\n|-damage|p1a: Incineroar|0 fnt\n|faint|p1a: Incineroar\n|\n|upkeep\n|\n|t:|1783570311\n|switch|p1a: Tropius|Tropius, L91, F|100/100\n|turn|17\n|inactive|Time left: 300 sec this turn | 300 sec total\n|\n|t:|1783570312\n|move|p1a: Tropius|Protect|p1a: Tropius\n|-singleturn|p1a: Tropius|Protect\n|move|p2a: Volcarona|Fiery Dance|p1a: Tropius\n|-activate|p1a: Tropius|move: Protect\n|\n|upkeep\n|turn|18\n|inactive|Time left: 300 sec this turn | 300 sec total\n|\n|t:|1783570313\n|switch|p1a: Arceus|Arceus-Water, L71|65/100\n|move|p2a: Volcarona|Fiery Dance|p1a: Arceus\n|-resisted|p1a: Arceus\n|-damage|p1a: Arceus|28/100\n|-boost|p2a: Volcarona|spa|1\n|\n|upkeep\n|turn|19\n|inactive|Time left: 300 sec this turn | 300 sec total\n|\n|t:|1783570313\n|move|p2a: Volcarona|Fiery Dance|p1a: Arceus\n|-resisted|p1a: Arceus\n|-damage|p1a: Arceus|0 fnt\n|-boost|p2a: Volcarona|spa|1\n|faint|p1a: Arceus\n|\n|upkeep\n|\n|t:|1783570314\n|switch|p1a: Tropius|Tropius, L91, F|100/100\n|turn|20\n|inactive|Time left: 300 sec this turn | 300 sec total\n|\n|t:|1783570315\n|move|p1a: Tropius|Protect|p1a: Tropius\n|-singleturn|p1a: Tropius|Protect\n|move|p2a: Volcarona|Fiery Dance|p1a: Tropius\n|-activate|p1a: Tropius|move: Protect\n|\n|upkeep\n|turn|21\n|inactive|Time left: 300 sec this turn | 300 sec total\n|\n|t:|1783570316\n|switch|p1a: Fezandipiti|Fezandipiti, L82, M|61/100\n|move|p2a: Volcarona|Fiery Dance|p1a: Fezandipiti\n|-damage|p1a: Fezandipiti|0 fnt\n|-boost|p2a: Volcarona|spa|1\n|faint|p1a: Fezandipiti\n|\n|upkeep\n|\n|t:|1783570316\n|switch|p1a: Tropius|Tropius, L91, F|100/100\n|turn|22\n|inactive|Time left: 300 sec this turn | 300 sec total\n|\n|t:|1783570317\n|move|p1a: Tropius|Protect|p1a: Tropius\n|-singleturn|p1a: Tropius|Protect\n|move|p2a: Volcarona|Fiery Dance|p1a: Tropius\n|-activate|p1a: Tropius|move: Protect\n|\n|upkeep\n|turn|23\n|inactive|Time left: 300 sec this turn | 300 sec total\n|\n|t:|1783570318\n|-terastallize|p1a: Tropius|Steel\n|move|p1a: Tropius|Protect||[still]\n|-fail|p1a: Tropius\n|move|p2a: Volcarona|Fiery Dance|p1a: Tropius\n|-supereffective|p1a: Tropius\n|-damage|p1a: Tropius|0 fnt\n|faint|p1a: Tropius\n|\n|upkeep\n|\n|t:|1783570319\n|switch|p1a: Ogerpon|Ogerpon, L80, F|100/100\n|turn|24\n|inactive|Time left: 300 sec this turn | 300 sec total\n|\n|t:|1783570320\n|move|p2a: Volcarona|Fiery Dance|p1a: Ogerpon\n|-supereffective|p1a: Ogerpon\n|-damage|p1a: Ogerpon|0 fnt\n|faint|p1a: Ogerpon\n|\n|win|p0y27156459", "uploadtime": 1783570320, "views": 0, "rating": 0, "private": 0, "password": null, "_winner": "p0y27156459", "_our_name": "p0y27156459"}