{"id": "battle-gen9randombattle-2281", "formatid": "gen9randombattle", "format": "[Gen 9] Random Battle", "players": ["p0x2281a624", "p0y22817f8d"], "log": "|init|battle\n|title|p0x2281a624 vs. p0y22817f8d\n|j|\u2606p0x2281a624\n|j|\u2606p0y22817f8d\n|t:|1783566441\n|gametype|singles\n|player|p1|p0x2281a624|169|\n|player|p2|p0y22817f8d|169|\n|gen|9\n|tier|[Gen 9] Random Battle\n|rule|Species Clause: Limit one of each Pok\u00e9mon\n|rule|HP Percentage Mod: HP is shown in percentages\n|rule|Sleep Clause Mod: Limit one foe put to sleep\n|rule|Illusion Level Mod: Illusion disguises the Pok\u00e9mon's true level\n|\n|t:|1783566441\n|teamsize|p1|6\n|teamsize|p2|6\n|start\n|switch|p1a: Banette|Banette, L93, M|100/100\n|switch|p2a: Diancie|Diancie, L82|216/216\n|turn|1\n|inactive|Battle timer is ON: inactive players will automatically lose when time's up. (requested by p0x2281a624)\n|inactive|Time left: 300 sec this turn | 300 sec total | 60 sec grace\n|inactive|p0y22817f8d also wants the timer to be on.\n|\n|t:|1783566442\n|move|p1a: Banette|Poltergeist|p2a: Diancie\n|-activate|p2a: Diancie|move: Poltergeist|Leftovers\n|-damage|p2a: Diancie|68/216\n|-damage|p1a: Banette|90/100|[from] item: Life Orb\n|move|p2a: Diancie|Diamond Storm|p1a: Banette\n|-damage|p1a: Banette|48/100\n|\n|-heal|p2a: Diancie|81/216|[from] item: Leftovers\n|upkeep\n|turn|2\n|inactive|Time left: 300 sec this turn | 300 sec total\n|\n|t:|1783566444\n|move|p1a: Banette|Poltergeist|p2a: Diancie\n|-activate|p2a: Diancie|move: Poltergeist|Leftovers\n|-damage|p2a: Diancie|0 fnt\n|faint|p2a: Diancie\n|-damage|p1a: Banette|38/100|[from] item: Life Orb\n|\n|upkeep\n|inactive|Time left: 300 sec this turn | 300 sec total | 5 sec grace\n|\n|t:|1783566444\n|switch|p2a: Kricketune|Kricketune, L99, F|312/312\n|turn|3\n|inactive|Time left: 300 sec this turn | 300 sec total\n|\n|t:|1783566445\n|move|p2a: Kricketune|Sticky Web|p1a: Banette\n|-sidestart|p1: p0x2281a624|move: Sticky Web\n|move|p1a: Banette|Poltergeist|p2a: Kricketune\n|-activate|p2a: Kricketune|move: Poltergeist|Heavy-Duty Boots\n|-damage|p2a: Kricketune|53/312\n|-damage|p1a: Banette|28/100|[from] item: Life Orb\n|\n|upkeep\n|turn|4\n|inactive|Time left: 300 sec this turn | 300 sec total\n|\n|t:|1783566446\n|move|p1a: Banette|Shadow Sneak|p2a: Kricketune\n|-damage|p2a: Kricketune|0 fnt\n|faint|p2a: Kricketune\n|-damage|p1a: Banette|18/100|[from] item: Life Orb\n|\n|upkeep\n|inactive|Time left: 300 sec this turn | 300 sec total | 5 sec grace\n|\n|t:|1783566447\n|switch|p2a: Grumpig|Grumpig, L92, M|297/297\n|turn|5\n|inactive|Time left: 300 sec this turn | 300 sec total\n|\n|t:|1783566448\n|move|p1a: Banette|Shadow Sneak|p2a: Grumpig\n|-supereffective|p2a: Grumpig\n|-damage|p2a: Grumpig|131/297\n|-damage|p1a: Banette|8/100|[from] item: Life Orb\n|move|p2a: Grumpig|Psychic|p1a: Banette\n|-damage|p1a: Banette|0 fnt\n|-start|p2a: Grumpig|Disable|Psychic|[from] ability: Cursed Body|[of] p1a: Banette\n|faint|p1a: Banette\n|\n|-heal|p2a: Grumpig|149/297|[from] item: Leftovers\n|upkeep\n|\n|t:|1783566449\n|switch|p1a: Terapagos|Terapagos, L77, M|100/100\n|-activate|p1a: Terapagos|ability: Tera Shift\n|detailschange|p1a: Terapagos|Terapagos-Terastal, L77, M\n|-heal|p1a: Terapagos|100/100|[silent]\n|turn|6\n|inactive|Time left: 300 sec this turn | 300 sec total\n|\n|t:|1783566450\n|move|p2a: Grumpig|Nasty Plot|p2a: Grumpig\n|-boost|p2a: Grumpig|spa|2\n|move|p1a: Terapagos|Rapid Spin|p2a: Grumpig\n|-damage|p2a: Grumpig|98/297\n|-boost|p1a: Terapagos|spe|1\n|-sideend|p1: p0x2281a624|Sticky Web|[from] move: Rapid Spin|[of] p1a: Terapagos\n|\n|-heal|p2a: Grumpig|116/297|[from] item: Leftovers\n|upkeep\n|turn|7\n|inactive|Time left: 300 sec this turn | 300 sec total\n|\n|t:|1783566451\n|move|p1a: Terapagos|Tera Starstorm|p2a: Grumpig\n|-damage|p2a: Grumpig|26/297\n|move|p2a: Grumpig|Focus Blast|p1a: Terapagos\n|-activate|p1a: Terapagos|ability: Tera Shell\n|-resisted|p1a: Terapagos\n|-crit|p1a: Terapagos\n|-damage|p1a: Terapagos|50/100\n|\n|-heal|p2a: Grumpig|44/297|[from] item: Leftovers\n|upkeep\n|turn|8\n|inactive|Time left: 300 sec this turn | 300 sec total\n|\n|t:|1783566452\n|switch|p2a: Flareon|Flareon, L90, M|263/263\n|move|p1a: Terapagos|Tera Starstorm|p2a: Flareon\n|-damage|p2a: Flareon|178/263\n|\n|-status|p2a: Flareon|tox|[from] item: Toxic Orb\n|upkeep\n|turn|9\n|inactive|Time left: 300 sec this turn | 300 sec total\n|\n|t:|1783566453\n|move|p1a: Terapagos|Tera Starstorm|p2a: Flareon\n|-damage|p2a: Flareon|96/263 tox\n|move|p2a: Flareon|Facade|p1a: Terapagos\n|-damage|p1a: Terapagos|0 fnt\n|faint|p1a: Terapagos\n|\n|-damage|p2a: Flareon|80/263 tox|[from] psn\n|upkeep\n|\n|t:|1783566453\n|switch|p1a: Hitmonlee|Hitmonlee, L85, M|100/100\n|turn|10\n|inactive|Time left: 300 sec this turn | 300 sec total\n|\n|t:|1783566455\n|move|p2a: Flareon|Quick Attack|p1a: Hitmonlee\n|-damage|p1a: Hitmonlee|64/100\n|move|p1a: Hitmonlee|Knock Off|p2a: Flareon\n|-damage|p2a: Flareon|0 fnt\n|-enditem|p2a: Flareon|Toxic Orb|[from] move: Knock Off|[of] p1a: Hitmonlee\n|faint|p2a: Flareon\n|\n|upkeep\n|inactive|Time left: 300 sec this turn | 300 sec total | 5 sec grace\n|\n|t:|1783566456\n|switch|p2a: Grimmsnarl|Grimmsnarl, L83, M|293/293\n|turn|11\n|inactive|Time left: 300 sec this turn | 300 sec total\n|\n|t:|1783566457\n|move|p1a: Hitmonlee|Close Combat|p2a: Grimmsnarl\n|-damage|p2a: Grimmsnarl|92/293\n|-unboost|p1a: Hitmonlee|def|1\n|-unboost|p1a: Hitmonlee|spd|1\n|-enditem|p1a: Hitmonlee|White Herb\n|-clearnegativeboost|p1a: Hitmonlee|[silent]\n|move|p2a: Grimmsnarl|Spirit Break|p1a: Hitmonlee\n|-supereffective|p1a: Hitmonlee\n|-damage|p1a: Hitmonlee|0 fnt\n|faint|p1a: Hitmonlee\n|\n|-heal|p2a: Grimmsnarl|110/293|[from] item: Leftovers\n|upkeep\n|\n|t:|1783566458\n|switch|p1a: Calyrex|Calyrex-Ice, L72|100/100\n|-ability|p1a: Calyrex|As One\n|-ability|p1a: Calyrex|Unnerve\n|turn|12\n|inactive|Time left: 300 sec this turn | 300 sec total\n|\n|t:|1783566459\n|move|p2a: Grimmsnarl|Parting Shot|p1a: Calyrex\n|-unboost|p1a: Calyrex|atk|1\n|-unboost|p1a: Calyrex|spa|1\n|inactive|Time left: 300 sec this turn | 300 sec total | 5 sec grace\n|\n|t:|1783566460\n|switch|p2a: Cetitan|Cetitan, L82, F|413/413|[from] Parting Shot\n|move|p1a: Calyrex|Glacial Lance|p2a: Cetitan\n|-resisted|p2a: Cetitan\n|-damage|p2a: Cetitan|353/413\n|\n|upkeep\n|turn|13\n|inactive|Time left: 300 sec this turn | 300 sec total\n|\n|t:|1783566461\n|switch|p1a: Dunsparce|Dunsparce, L86, F|100/100\n|move|p2a: Cetitan|Earthquake|p1a: Dunsparce\n|-damage|p1a: Dunsparce|78/100\n|-damage|p2a: Cetitan|312/413|[from] item: Life Orb\n|\n|upkeep\n|turn|14\n|inactive|Time left: 300 sec this turn | 300 sec total\n|\n|t:|1783566462\n|move|p2a: Cetitan|Icicle Crash|p1a: Dunsparce\n|-damage|p1a: Dunsparce|35/100\n|move|p1a: Dunsparce|Coil|p1a: Dunsparce\n|-boost|p1a: Dunsparce|atk|1\n|-boost|p1a: Dunsparce|def|1\n|-boost|p1a: Dunsparce|accuracy|1\n|\n|upkeep\n|turn|15\n|inactive|Time left: 300 sec this turn | 300 sec total\n|\n|t:|1783566463\n|move|p2a: Cetitan|Icicle Crash|p1a: Dunsparce\n|-damage|p1a: Dunsparce|9/100\n|move|p1a: Dunsparce|Roost|p1a: Dunsparce\n|-heal|p1a: Dunsparce|59/100\n|-singleturn|p1a: Dunsparce|move: Roost\n|\n|upkeep\n|turn|16\n|inactive|Time left: 300 sec this turn | 300 sec total\n|\n|t:|1783566464\n|move|p2a: Cetitan|Icicle Crash|p1a: Dunsparce\n|-crit|p1a: Dunsparce\n|-damage|p1a: Dunsparce|0 fnt\n|faint|p1a: Dunsparce\n|\n|upkeep\n|\n|t:|1783566465\n|switch|p1a: Jirachi|Jirachi, L80|100/100\n|turn|17\n|inactive|Time left: 300 sec this turn | 300 sec total\n|\n|t:|1783566466\n|move|p1a: Jirachi|Iron Head|p2a: Cetitan\n|-supereffective|p2a: Cetitan\n|-damage|p2a: Cetitan|120/413\n|cant|p2a: Cetitan|flinch\n|\n|upkeep\n|turn|18\n|inactive|Time left: 300 sec this turn | 300 sec total\n|\n|t:|1783566468\n|switch|p2a: Grumpig|Grumpig, L92, M|44/297\n|move|p1a: Jirachi|Iron Head|p2a: Grumpig\n|-damage|p2a: Grumpig|0 fnt\n|faint|p2a: Grumpig\n|\n|upkeep\n|inactive|Time left: 300 sec this turn | 300 sec total | 5 sec grace\n|\n|t:|1783566468\n|switch|p2a: Grimmsnarl|Grimmsnarl, L83, M|110/293\n|turn|19\n|inactive|Time left: 300 sec this turn | 300 sec total\n|\n|t:|1783566469\n|-terastallize|p2a: Grimmsnarl|Poison\n|move|p2a: Grimmsnarl|Thunder Wave|p1a: Jirachi\n|-status|p1a: Jirachi|par\n|move|p1a: Jirachi|Iron Head|p2a: Grimmsnarl\n|-damage|p2a: Grimmsnarl|14/293\n|\n|-heal|p2a: Grimmsnarl|32/293|[from] item: Leftovers\n|upkeep\n|turn|20\n|inactive|Time left: 300 sec this turn | 300 sec total\n|\n|t:|1783566470\n|move|p2a: Grimmsnarl|Parting Shot|p1a: Jirachi\n|-unboost|p1a: Jirachi|atk|1\n|-unboost|p1a: Jirachi|spa|1\n|inactive|Time left: 300 sec this turn | 300 sec total | 5 sec grace\n|\n|t:|1783566471\n|switch|p2a: Cetitan|Cetitan, L82, F|120/413|[from] Parting Shot\n|move|p1a: Jirachi|Iron Head|p2a: Cetitan\n|-supereffective|p2a: Cetitan\n|-damage|p2a: Cetitan|0 fnt\n|faint|p2a: Cetitan\n|\n|upkeep\n|inactive|Time left: 300 sec this turn | 300 sec total | 10 sec grace\n|\n|t:|1783566472\n|switch|p2a: Grimmsnarl|Grimmsnarl, L83, M, tera:Poison|32/293\n|turn|21\n|inactive|Time left: 300 sec this turn | 300 sec total\n|\n|t:|1783566473\n|-terastallize|p1a: Jirachi|Water\n|move|p2a: Grimmsnarl|Sucker Punch|p1a: Jirachi\n|-damage|p1a: Jirachi|74/100 par\n|move|p1a: Jirachi|Body Slam|p2a: Grimmsnarl\n|-damage|p2a: Grimmsnarl|0 fnt\n|faint|p2a: Grimmsnarl\n|\n|win|p0x2281a624", "uploadtime": 1783566473, "views": 0, "rating": 0, "private": 0, "password": null, "_winner": "p0x2281a624", "_our_name": "p0y22817f8d"}