{"id": "battle-gen9randombattle-1992", "formatid": "gen9randombattle", "format": "[Gen 9] Random Battle", "players": ["p0x1992a30c", "p0y19924c13"], "log": "|init|battle\n|title|p0x1992a30c vs. p0y19924c13\n|j|\u2606p0x1992a30c\n|j|\u2606p0y19924c13\n|t:|1783562293\n|gametype|singles\n|player|p1|p0x1992a30c|1|\n|player|p2|p0y19924c13|101|\n|gen|9\n|tier|[Gen 9] Random Battle\n|rule|Species Clause: Limit one of each Pok\u00e9mon\n|rule|HP Percentage Mod: HP is shown in percentages\n|rule|Sleep Clause Mod: Limit one foe put to sleep\n|rule|Illusion Level Mod: Illusion disguises the Pok\u00e9mon's true level\n|\n|t:|1783562293\n|teamsize|p1|6\n|teamsize|p2|6\n|start\n|switch|p1a: Deoxys|Deoxys-Speed, L82|100/100\n|switch|p2a: Armarouge|Armarouge, L80, M|267/267\n|-ability|p1a: Deoxys|Pressure\n|turn|1\n|inactive|Battle timer is ON: inactive players will automatically lose when time's up. (requested by p0x1992a30c)\n|inactive|Time left: 300 sec this turn | 300 sec total | 60 sec grace\n|inactive|p0y19924c13 also wants the timer to be on.\n|\n|t:|1783562294\n|move|p1a: Deoxys|Stealth Rock|p2a: Armarouge\n|-sidestart|p2: p0y19924c13|move: Stealth Rock\n|move|p2a: Armarouge|Armor Cannon|p1a: Deoxys\n|-damage|p1a: Deoxys|30/100\n|-unboost|p2a: Armarouge|def|1\n|-unboost|p2a: Armarouge|spd|1\n|\n|upkeep\n|turn|2\n|inactive|Time left: 300 sec this turn | 300 sec total\n|\n|t:|1783562296\n|move|p1a: Deoxys|Psycho Boost|p2a: Armarouge\n|-resisted|p2a: Armarouge\n|-damage|p2a: Armarouge|148/267\n|-unboost|p1a: Deoxys|spa|2\n|move|p2a: Armarouge|Armor Cannon|p1a: Deoxys\n|-damage|p1a: Deoxys|0 fnt\n|-unboost|p2a: Armarouge|def|1\n|-unboost|p2a: Armarouge|spd|1\n|faint|p1a: Deoxys\n|\n|upkeep\n|\n|t:|1783562297\n|switch|p1a: Muk|Muk, L86, M|100/100\n|turn|3\n|inactive|Time left: 300 sec this turn | 300 sec total\n|\n|t:|1783562298\n|switch|p2a: Piloswine|Piloswine, L85, M|309/309\n|-damage|p2a: Piloswine|271/309|[from] Stealth Rock\n|move|p1a: Muk|Poison Jab|p2a: Piloswine\n|-resisted|p2a: Piloswine\n|-damage|p2a: Piloswine|241/309\n|-status|p2a: Piloswine|psn|[from] ability: Poison Touch|[of] p1a: Muk\n|\n|-damage|p2a: Piloswine|203/309 psn|[from] psn\n|upkeep\n|turn|4\n|inactive|Time left: 300 sec this turn | 300 sec total\n|\n|t:|1783562299\n|move|p1a: Muk|Knock Off|p2a: Piloswine\n|-damage|p2a: Piloswine|153/309 psn\n|-enditem|p2a: Piloswine|Eviolite|[from] move: Knock Off|[of] p1a: Muk\n|move|p2a: Piloswine|Earthquake|p1a: Muk\n|-supereffective|p1a: Muk\n|-damage|p1a: Muk|27/100\n|\n|-heal|p1a: Muk|33/100|[from] item: Leftovers\n|-damage|p2a: Piloswine|115/309 psn|[from] psn\n|upkeep\n|turn|5\n|inactive|Time left: 300 sec this turn | 300 sec total\n|\n|t:|1783562300\n|move|p1a: Muk|Drain Punch|p2a: Piloswine\n|-supereffective|p2a: Piloswine\n|-damage|p2a: Piloswine|0 fnt\n|-heal|p1a: Muk|51/100|[from] drain|[of] p2a: Piloswine\n|faint|p2a: Piloswine\n|\n|-heal|p1a: Muk|58/100|[from] item: Leftovers\n|upkeep\n|inactive|Time left: 300 sec this turn | 300 sec total | 5 sec grace\n|\n|t:|1783562301\n|switch|p2a: Armarouge|Armarouge, L80, M|148/267\n|-damage|p2a: Armarouge|82/267|[from] Stealth Rock\n|turn|6\n|inactive|Time left: 300 sec this turn | 300 sec total\n|\n|t:|1783562302\n|-terastallize|p1a: Muk|Dark\n|move|p2a: Armarouge|Psyshock|p1a: Muk\n|-immune|p1a: Muk\n|move|p1a: Muk|Knock Off|p2a: Armarouge\n|-supereffective|p2a: Armarouge\n|-damage|p2a: Armarouge|0 fnt\n|-enditem|p2a: Armarouge|Power Herb|[from] move: Knock Off|[of] p1a: Muk\n|faint|p2a: Armarouge\n|\n|-heal|p1a: Muk|64/100|[from] item: Leftovers\n|upkeep\n|inactive|Time left: 300 sec this turn | 300 sec total | 5 sec grace\n|\n|t:|1783562303\n|switch|p2a: Flutter Mane|Flutter Mane, L74|203/203\n|-damage|p2a: Flutter Mane|178/203|[from] Stealth Rock\n|turn|7\n|inactive|Time left: 300 sec this turn | 300 sec total\n|\n|t:|1783562304\n|move|p2a: Flutter Mane|Moonblast|p1a: Muk\n|-supereffective|p1a: Muk\n|-damage|p1a: Muk|0 fnt\n|faint|p1a: Muk\n|-damage|p2a: Flutter Mane|158/203|[from] item: Life Orb\n|\n|upkeep\n|\n|t:|1783562305\n|switch|p1a: Umbreon|Umbreon, L84, M|100/100\n|turn|8\n|inactive|Time left: 300 sec this turn | 300 sec total\n|\n|t:|1783562307\n|move|p2a: Flutter Mane|Moonblast|p1a: Umbreon\n|-supereffective|p1a: Umbreon\n|-damage|p1a: Umbreon|38/100\n|-unboost|p1a: Umbreon|spa|1\n|-damage|p2a: Flutter Mane|138/203|[from] item: Life Orb\n|move|p1a: Umbreon|Foul Play|p2a: Flutter Mane\n|-damage|p2a: Flutter Mane|74/203\n|\n|-heal|p1a: Umbreon|44/100|[from] item: Leftovers\n|upkeep\n|turn|9\n|inactive|Time left: 300 sec this turn | 300 sec total\n|\n|t:|1783562308\n|move|p1a: Umbreon|Protect|p1a: Umbreon\n|-singleturn|p1a: Umbreon|Protect\n|move|p2a: Flutter Mane|Moonblast|p1a: Umbreon\n|-activate|p1a: Umbreon|move: Protect\n|\n|-heal|p1a: Umbreon|50/100|[from] item: Leftovers\n|upkeep\n|turn|10\n|inactive|Time left: 300 sec this turn | 300 sec total\n|\n|t:|1783562309\n|move|p2a: Flutter Mane|Moonblast|p1a: Umbreon\n|-supereffective|p1a: Umbreon\n|-damage|p1a: Umbreon|0 fnt\n|faint|p1a: Umbreon\n|-damage|p2a: Flutter Mane|54/203|[from] item: Life Orb\n|\n|upkeep\n|\n|t:|1783562310\n|switch|p1a: Rabsca|Rabsca, L91, M|100/100\n|turn|11\n|inactive|Time left: 300 sec this turn | 300 sec total\n|\n|t:|1783562311\n|move|p2a: Flutter Mane|Shadow Ball|p1a: Rabsca\n|-supereffective|p1a: Rabsca\n|-damage|p1a: Rabsca|37/100\n|-damage|p2a: Flutter Mane|34/203|[from] item: Life Orb\n|move|p1a: Rabsca|Psychic|p2a: Flutter Mane\n|-damage|p2a: Flutter Mane|0 fnt\n|faint|p2a: Flutter Mane\n|-end|p2a: Flutter Mane|Protosynthesis|[silent]\n|\n|upkeep\n|inactive|Time left: 300 sec this turn | 300 sec total | 5 sec grace\n|\n|t:|1783562312\n|switch|p2a: Magnezone|Magnezone, L85|258/258\n|-damage|p2a: Magnezone|242/258|[from] Stealth Rock\n|turn|12\n|inactive|Time left: 300 sec this turn | 300 sec total\n|\n|t:|1783562313\n|move|p2a: Magnezone|Thunderbolt|p1a: Rabsca\n|-damage|p1a: Rabsca|3/100\n|move|p1a: Rabsca|Earth Power|p2a: Magnezone\n|-supereffective|p2a: Magnezone\n|-damage|p2a: Magnezone|18/258\n|\n|upkeep\n|turn|13\n|inactive|Time left: 300 sec this turn | 300 sec total\n|\n|t:|1783562314\n|move|p2a: Magnezone|Volt Switch|p1a: Rabsca\n|-damage|p1a: Rabsca|0 fnt\n|faint|p1a: Rabsca\n|inactive|Time left: 300 sec this turn | 300 sec total | 5 sec grace\n|\n|t:|1783562315\n|switch|p2a: Dipplin|Dipplin, L88, F|284/284|[from] Volt Switch\n|-damage|p2a: Dipplin|249/284|[from] Stealth Rock\n|\n|upkeep\n|\n|t:|1783562315\n|switch|p1a: Crabominable|Crabominable, L90, M|100/100\n|turn|14\n|inactive|Time left: 300 sec this turn | 300 sec total\n|\n|t:|1783562316\n|move|p1a: Crabominable|Drain Punch|p2a: Dipplin\n|-damage|p2a: Dipplin|140/284\n|move|p2a: Dipplin|Dragon Pulse|p1a: Crabominable\n|-damage|p1a: Crabominable|64/100\n|\n|upkeep\n|turn|15\n|inactive|Time left: 300 sec this turn | 300 sec total\n|\n|t:|1783562317\n|move|p1a: Crabominable|Drain Punch|p2a: Dipplin\n|-damage|p2a: Dipplin|32/284\n|-heal|p1a: Crabominable|81/100|[from] drain|[of] p2a: Dipplin\n|move|p2a: Dipplin|Recover|p2a: Dipplin\n|-heal|p2a: Dipplin|174/284\n|\n|upkeep\n|turn|16\n|inactive|Time left: 300 sec this turn | 300 sec total\n|\n|t:|1783562318\n|move|p1a: Crabominable|Drain Punch|p2a: Dipplin\n|-damage|p2a: Dipplin|54/284\n|-heal|p1a: Crabominable|99/100|[from] drain|[of] p2a: Dipplin\n|move|p2a: Dipplin|Recover|p2a: Dipplin\n|-heal|p2a: Dipplin|196/284\n|\n|upkeep\n|turn|17\n|inactive|Time left: 300 sec this turn | 300 sec total\n|\n|t:|1783562319\n|move|p1a: Crabominable|Drain Punch|p2a: Dipplin\n|-damage|p2a: Dipplin|88/284\n|-heal|p1a: Crabominable|100/100|[from] drain|[of] p2a: Dipplin\n|move|p2a: Dipplin|Recover|p2a: Dipplin\n|-heal|p2a: Dipplin|230/284\n|\n|upkeep\n|turn|18\n|inactive|Time left: 300 sec this turn | 300 sec total\n|\n|t:|1783562320\n|move|p1a: Crabominable|Drain Punch|p2a: Dipplin\n|-damage|p2a: Dipplin|115/284\n|move|p2a: Dipplin|Giga Drain|p1a: Crabominable\n|-damage|p1a: Crabominable|68/100\n|-heal|p2a: Dipplin|167/284|[from] drain|[of] p1a: Crabominable\n|\n|upkeep\n|turn|19\n|inactive|Time left: 300 sec this turn | 300 sec total\n|\n|t:|1783562321\n|move|p1a: Crabominable|Drain Punch|p2a: Dipplin\n|-damage|p2a: Dipplin|50/284\n|-heal|p1a: Crabominable|87/100|[from] drain|[of] p2a: Dipplin\n|move|p2a: Dipplin|Recover|p2a: Dipplin\n|-heal|p2a: Dipplin|192/284\n|\n|upkeep\n|turn|20\n|inactive|Time left: 300 sec this turn | 300 sec total\n|\n|t:|1783562322\n|move|p1a: Crabominable|Drain Punch|p2a: Dipplin\n|-damage|p2a: Dipplin|89/284\n|-heal|p1a: Crabominable|100/100|[from] drain|[of] p2a: Dipplin\n|move|p2a: Dipplin|Giga Drain|p1a: Crabominable\n|-damage|p1a: Crabominable|72/100\n|-heal|p2a: Dipplin|135/284|[from] drain|[of] p1a: Crabominable\n|\n|upkeep\n|turn|21\n|inactive|Time left: 300 sec this turn | 300 sec total\n|\n|t:|1783562323\n|move|p1a: Crabominable|Drain Punch|p2a: Dipplin\n|-damage|p2a: Dipplin|24/284\n|-heal|p1a: Crabominable|90/100|[from] drain|[of] p2a: Dipplin\n|move|p2a: Dipplin|Giga Drain|p1a: Crabominable\n|-damage|p1a: Crabominable|57/100\n|-heal|p2a: Dipplin|77/284|[from] drain|[of] p1a: Crabominable\n|\n|upkeep\n|turn|22\n|inactive|Time left: 300 sec this turn | 300 sec total\n|\n|t:|1783562324\n|move|p1a: Crabominable|Drain Punch|p2a: Dipplin\n|-damage|p2a: Dipplin|0 fnt\n|-heal|p1a: Crabominable|69/100|[from] drain|[of] p2a: Dipplin\n|faint|p2a: Dipplin\n|\n|upkeep\n|inactive|Time left: 300 sec this turn | 300 sec total | 5 sec grace\n|\n|t:|1783562325\n|switch|p2a: Magnezone|Magnezone, L85|18/258\n|-damage|p2a: Magnezone|2/258|[from] Stealth Rock\n|turn|23\n|inactive|Time left: 300 sec this turn | 300 sec total\n|\n|t:|1783562326\n|move|p2a: Magnezone|Flash Cannon|p1a: Crabominable\n|-supereffective|p1a: Crabominable\n|-damage|p1a: Crabominable|0 fnt\n|faint|p1a: Crabominable\n|\n|upkeep\n|\n|t:|1783562327\n|switch|p1a: Lumineon|Lumineon, L93, M|100/100\n|turn|24\n|inactive|Time left: 300 sec this turn | 300 sec total\n|\n|t:|1783562328\n|move|p1a: Lumineon|U-turn|p2a: Magnezone\n|-resisted|p2a: Magnezone\n|-damage|p2a: Magnezone|0 fnt\n|faint|p2a: Magnezone\n|\n|upkeep\n|inactive|Time left: 300 sec this turn | 300 sec total | 5 sec grace\n|\n|t:|1783562329\n|switch|p2a: Chimecho|Chimecho, L93, F|290/290\n|-damage|p2a: Chimecho|254/290|[from] Stealth Rock\n|turn|25\n|inactive|Time left: 300 sec this turn | 300 sec total\n|\n|t:|1783562330\n|move|p1a: Lumineon|Ice Beam|p2a: Chimecho\n|-damage|p2a: Chimecho|200/290\n|move|p2a: Chimecho|Cosmic Power|p2a: Chimecho\n|-boost|p2a: Chimecho|def|1\n|-boost|p2a: Chimecho|spd|1\n|\n|-heal|p2a: Chimecho|218/290|[from] item: Leftovers\n|upkeep\n|turn|26\n|inactive|Time left: 300 sec this turn | 300 sec total\n|\n|t:|1783562331\n|move|p1a: Lumineon|Hydro Pump|p2a: Chimecho\n|-damage|p2a: Chimecho|149/290\n|move|p2a: Chimecho|Stored Power|p1a: Lumineon\n|-damage|p1a: Lumineon|75/100\n|\n|-heal|p2a: Chimecho|167/290|[from] item: Leftovers\n|upkeep\n|turn|27\n|inactive|Time left: 300 sec this turn | 300 sec total\n|\n|t:|1783562332\n|-terastallize|p2a: Chimecho|Steel\n|move|p1a: Lumineon|Hydro Pump|p2a: Chimecho\n|-damage|p2a: Chimecho|103/290\n|move|p2a: Chimecho|Stored Power|p1a: Lumineon\n|-damage|p1a: Lumineon|51/100\n|\n|-heal|p2a: Chimecho|121/290|[from] item: Leftovers\n|upkeep\n|turn|28\n|inactive|Time left: 300 sec this turn | 300 sec total\n|\n|t:|1783562333\n|move|p1a: Lumineon|Hydro Pump|p2a: Chimecho\n|-damage|p2a: Chimecho|54/290\n|move|p2a: Chimecho|Stored Power|p1a: Lumineon\n|-damage|p1a: Lumineon|23/100\n|\n|-heal|p2a: Chimecho|72/290|[from] item: Leftovers\n|upkeep\n|turn|29\n|inactive|Time left: 300 sec this turn | 300 sec total\n|\n|t:|1783562335\n|move|p1a: Lumineon|Hydro Pump|p2a: Chimecho\n|-damage|p2a: Chimecho|5/290\n|move|p2a: Chimecho|Stored Power|p1a: Lumineon\n|-crit|p1a: Lumineon\n|-damage|p1a: Lumineon|0 fnt\n|faint|p1a: Lumineon\n|\n|win|p0y19924c13", "uploadtime": 1783562335, "views": 0, "rating": 0, "private": 0, "password": null, "_winner": "p0y19924c13", "_our_name": "p0y19924c13"}