{"id": "battle-gen9randombattle-50", "formatid": "gen9randombattle", "format": "[Gen 9] Random Battle", "players": ["p0x050b08c", "p0y050c4f6"], "log": "|init|battle\n|title|p0x050b08c vs. p0y050c4f6\n|j|\u2606p0x050b08c\n|j|\u2606p0y050c4f6\n|t:|1783539762\n|gametype|singles\n|player|p1|p0x050b08c|170|\n|player|p2|p0y050c4f6|101|\n|gen|9\n|tier|[Gen 9] Random Battle\n|rule|Species Clause: Limit one of each Pok\u00e9mon\n|rule|HP Percentage Mod: HP is shown in percentages\n|rule|Sleep Clause Mod: Limit one foe put to sleep\n|rule|Illusion Level Mod: Illusion disguises the Pok\u00e9mon's true level\n|\n|t:|1783539762\n|teamsize|p1|6\n|teamsize|p2|6\n|start\n|switch|p1a: Trevenant|Trevenant, L89, F|296/296\n|switch|p2a: Primarina|Primarina, L83, F|100/100\n|turn|1\n|inactive|Battle timer is ON: inactive players will automatically lose when time's up. (requested by p0x050b08c)\n|inactive|p0y050c4f6 also wants the timer to be on.\n|\n|t:|1783539764\n|move|p1a: Trevenant|Poltergeist|p2a: Primarina\n|-activate|p2a: Primarina|move: Poltergeist|Leftovers\n|-damage|p2a: Primarina|43/100\n|move|p2a: Primarina|Calm Mind|p2a: Primarina\n|-boost|p2a: Primarina|spa|1\n|-boost|p2a: Primarina|spd|1\n|\n|-heal|p2a: Primarina|49/100|[from] item: Leftovers\n|upkeep\n|turn|2\n|inactive|Time left: 300 sec this turn | 300 sec total\n|\n|t:|1783539765\n|switch|p2a: Persian|Persian, L92, M|100/100\n|move|p1a: Trevenant|Poltergeist|p2a: Persian\n|-immune|p2a: Persian\n|\n|upkeep\n|turn|3\n|inactive|Time left: 300 sec this turn | 300 sec total\n|\n|t:|1783539767\n|move|p2a: Persian|Knock Off|p1a: Trevenant\n|-supereffective|p1a: Trevenant\n|-damage|p1a: Trevenant|170/296\n|-enditem|p1a: Trevenant|Sitrus Berry|[from] move: Knock Off|[of] p2a: Persian\n|move|p1a: Trevenant|Drain Punch|p2a: Persian\n|-supereffective|p2a: Persian\n|-damage|p2a: Persian|37/100\n|-heal|p1a: Trevenant|256/296|[from] drain|[of] p2a: Persian\n|\n|upkeep\n|turn|4\n|inactive|Time left: 300 sec this turn | 300 sec total\n|\n|t:|1783539768\n|switch|p2a: Gliscor|Gliscor, L76, F|100/100\n|move|p1a: Trevenant|Drain Punch|p2a: Gliscor\n|-resisted|p2a: Gliscor\n|-damage|p2a: Gliscor|89/100\n|-heal|p1a: Trevenant|270/296|[from] drain|[of] p2a: Gliscor\n|\n|-status|p2a: Gliscor|tox|[from] item: Toxic Orb\n|upkeep\n|turn|5\n|inactive|Time left: 300 sec this turn | 300 sec total\n|\n|t:|1783539769\n|move|p2a: Gliscor|Toxic|p1a: Trevenant\n|-status|p1a: Trevenant|tox\n|move|p1a: Trevenant|Poltergeist|p2a: Gliscor\n|-activate|p2a: Gliscor|move: Poltergeist|Toxic Orb\n|-damage|p2a: Gliscor|38/100 tox\n|\n|-heal|p2a: Gliscor|50/100 tox|[from] ability: Poison Heal\n|-damage|p1a: Trevenant|252/296 tox|[from] psn\n|upkeep\n|turn|6\n|inactive|Time left: 300 sec this turn | 300 sec total\n|\n|t:|1783539770\n|move|p2a: Gliscor|Protect|p2a: Gliscor\n|-singleturn|p2a: Gliscor|Protect\n|move|p1a: Trevenant|Poltergeist|p2a: Gliscor\n|-activate|p2a: Gliscor|move: Protect\n|\n|-heal|p2a: Gliscor|62/100 tox|[from] ability: Poison Heal\n|-damage|p1a: Trevenant|216/296 tox|[from] psn\n|upkeep\n|turn|7\n|inactive|Time left: 300 sec this turn | 300 sec total\n|\n|t:|1783539771\n|move|p2a: Gliscor|Toxic|p1a: Trevenant\n|-fail|p1a: Trevenant|tox\n|move|p1a: Trevenant|Poltergeist|p2a: Gliscor\n|-activate|p2a: Gliscor|move: Poltergeist|Toxic Orb\n|-damage|p2a: Gliscor|14/100 tox\n|\n|-heal|p2a: Gliscor|26/100 tox|[from] ability: Poison Heal\n|-damage|p1a: Trevenant|162/296 tox|[from] psn\n|upkeep\n|turn|8\n|inactive|Time left: 300 sec this turn | 300 sec total\n|\n|t:|1783539772\n|move|p2a: Gliscor|Substitute|p2a: Gliscor\n|-start|p2a: Gliscor|Substitute\n|-damage|p2a: Gliscor|1/100 tox\n|move|p1a: Trevenant|Poltergeist|p2a: Gliscor\n|-activate|p2a: Gliscor|move: Poltergeist|Toxic Orb\n|-end|p2a: Gliscor|Substitute\n|\n|-heal|p2a: Gliscor|13/100 tox|[from] ability: Poison Heal\n|-damage|p1a: Trevenant|90/296 tox|[from] psn\n|upkeep\n|turn|9\n|inactive|Time left: 300 sec this turn | 300 sec total\n|\n|t:|1783539773\n|move|p2a: Gliscor|Earthquake|p1a: Trevenant\n|-resisted|p1a: Trevenant\n|-damage|p1a: Trevenant|42/296 tox\n|move|p1a: Trevenant|Poltergeist|p2a: Gliscor\n|-activate|p2a: Gliscor|move: Poltergeist|Toxic Orb\n|-damage|p2a: Gliscor|0 fnt\n|faint|p2a: Gliscor\n|\n|-damage|p1a: Trevenant|0 fnt|[from] psn\n|faint|p1a: Trevenant\n|upkeep\n|inactive|Time left: 300 sec this turn | 300 sec total | 5 sec grace\n|\n|t:|1783539774\n|switch|p2a: Copperajah|Copperajah, L86, F|100/100\n|switch|p1a: Thundurus|Thundurus, L80, M|258/258\n|turn|10\n|inactive|Time left: 300 sec this turn | 300 sec total\n|\n|t:|1783539775\n|move|p1a: Thundurus|Focus Blast|p2a: Copperajah\n|-supereffective|p2a: Copperajah\n|-damage|p2a: Copperajah|35/100\n|move|p2a: Copperajah|Rock Slide|p1a: Thundurus\n|-supereffective|p1a: Thundurus\n|-crit|p1a: Thundurus\n|-damage|p1a: Thundurus|0 fnt\n|faint|p1a: Thundurus\n|\n|upkeep\n|inactive|Time left: 300 sec this turn | 300 sec total | 5 sec grace\n|\n|t:|1783539776\n|switch|p1a: Granbull|Granbull, L88, F|302/302\n|-ability|p1a: Granbull|Intimidate|boost\n|-unboost|p2a: Copperajah|atk|1\n|turn|11\n|inactive|Time left: 300 sec this turn | 300 sec total\n|\n|t:|1783539778\n|switch|p2a: Skarmory|Skarmory, L80, M|100/100\n|move|p1a: Granbull|Earthquake|p2a: Skarmory\n|-immune|p2a: Skarmory\n|\n|upkeep\n|turn|12\n|inactive|Time left: 300 sec this turn | 300 sec total\n|\n|t:|1783539779\n|move|p2a: Skarmory|Spikes|p1a: Granbull\n|-sidestart|p1: p0x050b08c|Spikes\n|move|p1a: Granbull|Play Rough|p2a: Skarmory\n|-resisted|p2a: Skarmory\n|-damage|p2a: Skarmory|81/100\n|-damage|p1a: Granbull|252/302|[from] item: Rocky Helmet|[of] p2a: Skarmory\n|\n|-heal|p1a: Granbull|270/302|[from] item: Leftovers\n|upkeep\n|turn|13\n|inactive|Time left: 300 sec this turn | 300 sec total\n|\n|t:|1783539780\n|move|p2a: Skarmory|Spikes|p1a: Granbull\n|-sidestart|p1: p0x050b08c|Spikes\n|move|p1a: Granbull|Play Rough|p2a: Skarmory\n|-resisted|p2a: Skarmory\n|-damage|p2a: Skarmory|62/100\n|-damage|p1a: Granbull|220/302|[from] item: Rocky Helmet|[of] p2a: Skarmory\n|\n|-heal|p1a: Granbull|238/302|[from] item: Leftovers\n|upkeep\n|turn|14\n|inactive|Time left: 300 sec this turn | 300 sec total\n|\n|t:|1783539781\n|move|p2a: Skarmory|Roost|p2a: Skarmory\n|-heal|p2a: Skarmory|100/100\n|-singleturn|p2a: Skarmory|move: Roost\n|move|p1a: Granbull|Play Rough|p2a: Skarmory\n|-resisted|p2a: Skarmory\n|-damage|p2a: Skarmory|82/100\n|-damage|p1a: Granbull|188/302|[from] item: Rocky Helmet|[of] p2a: Skarmory\n|\n|-heal|p1a: Granbull|206/302|[from] item: Leftovers\n|upkeep\n|turn|15\n|inactive|Time left: 300 sec this turn | 300 sec total\n|\n|t:|1783539782\n|move|p2a: Skarmory|Brave Bird|p1a: Granbull\n|-damage|p1a: Granbull|86/302\n|-damage|p2a: Skarmory|65/100|[from] Recoil\n|move|p1a: Granbull|Thunder Wave|p2a: Skarmory\n|-status|p2a: Skarmory|par\n|\n|-heal|p1a: Granbull|104/302|[from] item: Leftovers\n|upkeep\n|turn|16\n|inactive|Time left: 300 sec this turn | 300 sec total\n|\n|t:|1783539783\n|move|p1a: Granbull|Play Rough|p2a: Skarmory\n|-resisted|p2a: Skarmory\n|-damage|p2a: Skarmory|47/100 par\n|-damage|p1a: Granbull|54/302|[from] item: Rocky Helmet|[of] p2a: Skarmory\n|move|p2a: Skarmory|Brave Bird|p1a: Granbull\n|-damage|p1a: Granbull|0 fnt\n|faint|p1a: Granbull\n|-damage|p2a: Skarmory|39/100 par|[from] Recoil\n|\n|upkeep\n|inactive|Time left: 300 sec this turn | 300 sec total | 5 sec grace\n|\n|t:|1783539784\n|switch|p1a: Iron Bundle|Iron Bundle, L78|215/215\n|turn|17\n|inactive|Time left: 300 sec this turn | 300 sec total\n|\n|t:|1783539785\n|switch|p2a: Clefable|Clefable, L83, M|100/100\n|move|p1a: Iron Bundle|Freeze-Dry|p2a: Clefable\n|-damage|p2a: Clefable|74/100\n|\n|-heal|p2a: Clefable|80/100|[from] item: Leftovers\n|upkeep\n|turn|18\n|inactive|Time left: 300 sec this turn | 300 sec total\n|\n|t:|1783539787\n|move|p1a: Iron Bundle|Freeze-Dry|p2a: Clefable\n|-damage|p2a: Clefable|51/100\n|move|p2a: Clefable|Moonblast|p1a: Iron Bundle\n|-damage|p1a: Iron Bundle|83/215\n|\n|-heal|p2a: Clefable|57/100|[from] item: Leftovers\n|upkeep\n|turn|19\n|inactive|Time left: 300 sec this turn | 300 sec total\n|\n|t:|1783539788\n|-terastallize|p1a: Iron Bundle|Water\n|move|p1a: Iron Bundle|Hydro Pump|p2a: Clefable|[miss]\n|-miss|p1a: Iron Bundle|p2a: Clefable\n|move|p2a: Clefable|Moonblast|p1a: Iron Bundle\n|-damage|p1a: Iron Bundle|0 fnt\n|faint|p1a: Iron Bundle\n|-end|p1a: Iron Bundle|Quark Drive|[silent]\n|\n|-heal|p2a: Clefable|63/100|[from] item: Leftovers\n|upkeep\n|inactive|Time left: 300 sec this turn | 300 sec total | 5 sec grace\n|\n|t:|1783539789\n|switch|p1a: Forretress|Forretress, L84, F|263/263\n|-damage|p1a: Forretress|220/263|[from] Spikes\n|turn|20\n|inactive|Time left: 300 sec this turn | 300 sec total\n|\n|t:|1783539790\n|switch|p1a: Mandibuzz|Mandibuzz, L85, F|326/326\n|move|p2a: Clefable|Thunder Wave|p1a: Mandibuzz\n|-status|p1a: Mandibuzz|par\n|\n|-heal|p2a: Clefable|69/100|[from] item: Leftovers\n|upkeep\n|turn|21\n|inactive|Time left: 300 sec this turn | 300 sec total\n|\n|t:|1783539791\n|move|p2a: Clefable|Moonblast|p1a: Mandibuzz\n|-supereffective|p1a: Mandibuzz\n|-damage|p1a: Mandibuzz|156/326 par\n|move|p1a: Mandibuzz|Roost|p1a: Mandibuzz\n|-heal|p1a: Mandibuzz|319/326 par\n|-singleturn|p1a: Mandibuzz|move: Roost\n|\n|-heal|p2a: Clefable|76/100|[from] item: Leftovers\n|upkeep\n|turn|22\n|inactive|Time left: 300 sec this turn | 300 sec total\n|\n|t:|1783539792\n|switch|p1a: Forretress|Forretress, L84, F|220/263\n|-damage|p1a: Forretress|177/263|[from] Spikes\n|move|p2a: Clefable|Moonblast|p1a: Forretress\n|-resisted|p1a: Forretress\n|-damage|p1a: Forretress|116/263\n|\n|-heal|p2a: Clefable|82/100|[from] item: Leftovers\n|-heal|p1a: Forretress|132/263|[from] item: Leftovers\n|upkeep\n|turn|23\n|inactive|Time left: 300 sec this turn | 300 sec total\n|\n|t:|1783539794\n|move|p2a: Clefable|Thunder Wave|p1a: Forretress|[miss]\n|-miss|p2a: Clefable|p1a: Forretress\n|move|p1a: Forretress|Iron Head|p2a: Clefable\n|-supereffective|p2a: Clefable\n|-damage|p2a: Clefable|14/100\n|\n|-heal|p2a: Clefable|20/100|[from] item: Leftovers\n|-heal|p1a: Forretress|148/263|[from] item: Leftovers\n|upkeep\n|turn|24\n|inactive|Time left: 300 sec this turn | 300 sec total\n|\n|t:|1783539795\n|move|p2a: Clefable|Thunder Wave|p1a: Forretress\n|-status|p1a: Forretress|par\n|cant|p1a: Forretress|par\n|\n|-heal|p2a: Clefable|26/100|[from] item: Leftovers\n|-heal|p1a: Forretress|164/263 par|[from] item: Leftovers\n|upkeep\n|turn|25\n|inactive|Time left: 300 sec this turn | 300 sec total\n|\n|t:|1783539796\n|move|p2a: Clefable|Moonblast|p1a: Forretress\n|-resisted|p1a: Forretress\n|-damage|p1a: Forretress|104/263 par\n|move|p1a: Forretress|Iron Head|p2a: Clefable\n|-supereffective|p2a: Clefable\n|-damage|p2a: Clefable|0 fnt\n|faint|p2a: Clefable\n|\n|-heal|p1a: Forretress|120/263 par|[from] item: Leftovers\n|upkeep\n|\n|t:|1783539797\n|switch|p2a: Primarina|Primarina, L83, F|49/100\n|turn|26\n|inactive|Time left: 300 sec this turn | 300 sec total\n|\n|t:|1783539798\n|move|p2a: Primarina|Sparkling Aria|p1a: Forretress\n|-crit|p1a: Forretress\n|-damage|p1a: Forretress|0 fnt\n|faint|p1a: Forretress\n|\n|-heal|p2a: Primarina|55/100|[from] item: Leftovers\n|upkeep\n|inactive|Time left: 300 sec this turn | 300 sec total | 5 sec grace\n|\n|t:|1783539799\n|switch|p1a: Mandibuzz|Mandibuzz, L85, F|319/326 par\n|turn|27\n|inactive|Time left: 300 sec this turn | 300 sec total\n|\n|t:|1783539800\n|move|p2a: Primarina|Calm Mind|p2a: Primarina\n|-boost|p2a: Primarina|spa|1\n|-boost|p2a: Primarina|spd|1\n|move|p1a: Mandibuzz|Foul Play|p2a: Primarina\n|-resisted|p2a: Primarina\n|-damage|p2a: Primarina|41/100\n|\n|-heal|p2a: Primarina|47/100|[from] item: Leftovers\n|upkeep\n|turn|28\n|inactive|Time left: 300 sec this turn | 300 sec total\n|\n|t:|1783539801\n|move|p2a: Primarina|Draining Kiss|p1a: Mandibuzz\n|-supereffective|p1a: Mandibuzz\n|-damage|p1a: Mandibuzz|139/326 par\n|-heal|p2a: Primarina|98/100|[from] drain|[of] p1a: Mandibuzz\n|move|p1a: Mandibuzz|Roost|p1a: Mandibuzz\n|-heal|p1a: Mandibuzz|302/326 par\n|-singleturn|p1a: Mandibuzz|move: Roost\n|\n|-heal|p2a: Primarina|100/100|[from] item: Leftovers\n|upkeep\n|turn|29\n|inactive|Time left: 300 sec this turn | 300 sec total\n|\n|t:|1783539802\n|move|p2a: Primarina|Draining Kiss|p1a: Mandibuzz\n|-supereffective|p1a: Mandibuzz\n|-crit|p1a: Mandibuzz\n|-damage|p1a: Mandibuzz|36/326 par\n|move|p1a: Mandibuzz|Roost|p1a: Mandibuzz\n|-heal|p1a: Mandibuzz|199/326 par\n|-singleturn|p1a: Mandibuzz|move: Roost\n|\n|upkeep\n|turn|30\n|inactive|Time left: 300 sec this turn | 300 sec total\n|\n|t:|1783539803\n|move|p2a: Primarina|Draining Kiss|p1a: Mandibuzz\n|-supereffective|p1a: Mandibuzz\n|-damage|p1a: Mandibuzz|19/326 par\n|move|p1a: Mandibuzz|Roost|p1a: Mandibuzz\n|-heal|p1a: Mandibuzz|182/326 par\n|-singleturn|p1a: Mandibuzz|move: Roost\n|\n|upkeep\n|turn|31\n|inactive|Time left: 300 sec this turn | 300 sec total\n|\n|t:|1783539804\n|-terastallize|p2a: Primarina|Poison\n|move|p2a: Primarina|Draining Kiss|p1a: Mandibuzz\n|-supereffective|p1a: Mandibuzz\n|-damage|p1a: Mandibuzz|2/326 par\n|cant|p1a: Mandibuzz|par\n|\n|upkeep\n|turn|32\n|inactive|Time left: 300 sec this turn | 300 sec total\n|\n|t:|1783539804\n|move|p2a: Primarina|Draining Kiss|p1a: Mandibuzz\n|-supereffective|p1a: Mandibuzz\n|-damage|p1a: Mandibuzz|0 fnt\n|faint|p1a: Mandibuzz\n|\n|win|p0y050c4f6", "uploadtime": 1783539804, "views": 0, "rating": 0, "private": 0, "password": null, "_winner": "p0y050c4f6", "_our_name": "p0x050b08c"}