{"id": "battle-gen9randombattle-2466", "formatid": "gen9randombattle", "format": "[Gen 9] Random Battle", "players": ["p0x2466bbdd", "p0y24669d7b"], "log": "|init|battle\n|title|p0x2466bbdd vs. p0y24669d7b\n|j|\u2606p0x2466bbdd\n|j|\u2606p0y24669d7b\n|t:|1783568595\n|gametype|singles\n|player|p1|p0x2466bbdd|102|\n|player|p2|p0y24669d7b|101|\n|gen|9\n|tier|[Gen 9] Random Battle\n|rule|Species Clause: Limit one of each Pok\u00e9mon\n|rule|HP Percentage Mod: HP is shown in percentages\n|rule|Sleep Clause Mod: Limit one foe put to sleep\n|rule|Illusion Level Mod: Illusion disguises the Pok\u00e9mon's true level\n|\n|t:|1783568595\n|teamsize|p1|6\n|teamsize|p2|6\n|start\n|switch|p1a: Mew|Mew, L82|100/100\n|switch|p2a: Banette|Banette, L93, F|270/270\n|turn|1\n|inactive|Battle timer is ON: inactive players will automatically lose when time's up. (requested by p0y24669d7b)\n|\n|t:|1783568596\n|switch|p1a: Coalossal|Coalossal, L89, M|100/100\n|move|p2a: Banette|Poltergeist|p1a: Coalossal\n|-activate|p1a: Coalossal|move: Poltergeist|Heavy-Duty Boots\n|-damage|p1a: Coalossal|55/100\n|-damage|p2a: Banette|243/270|[from] item: Life Orb\n|\n|upkeep\n|turn|2\n|inactive|Time left: 300 sec this turn | 300 sec total\n|inactive|p0x2466bbdd also wants the timer to be on.\n|\n|t:|1783568598\n|move|p2a: Banette|Poltergeist|p1a: Coalossal\n|-activate|p1a: Coalossal|move: Poltergeist|Heavy-Duty Boots\n|-damage|p1a: Coalossal|9/100\n|-damage|p2a: Banette|216/270|[from] item: Life Orb\n|move|p1a: Coalossal|Will-O-Wisp|p2a: Banette\n|-status|p2a: Banette|brn\n|\n|-damage|p2a: Banette|200/270 brn|[from] brn\n|upkeep\n|turn|3\n|inactive|Time left: 300 sec this turn | 300 sec total\n|\n|t:|1783568599\n|switch|p1a: Diancie|Diancie, L82|100/100\n|move|p2a: Banette|Poltergeist|p1a: Diancie\n|-activate|p1a: Diancie|move: Poltergeist|Leftovers\n|-damage|p1a: Diancie|66/100\n|-damage|p2a: Banette|173/270 brn|[from] item: Life Orb\n|\n|-heal|p1a: Diancie|72/100|[from] item: Leftovers\n|-damage|p2a: Banette|157/270 brn|[from] brn\n|upkeep\n|turn|4\n|inactive|Time left: 300 sec this turn | 300 sec total\n|\n|t:|1783568600\n|move|p2a: Banette|Gunk Shot|p1a: Diancie\n|-damage|p1a: Diancie|48/100\n|-status|p1a: Diancie|psn\n|-damage|p2a: Banette|130/270 brn|[from] item: Life Orb\n|move|p1a: Diancie|Stealth Rock|p2a: Banette\n|-sidestart|p2: p0y24669d7b|move: Stealth Rock\n|\n|-heal|p1a: Diancie|54/100 psn|[from] item: Leftovers\n|-damage|p1a: Diancie|41/100 psn|[from] psn\n|-damage|p2a: Banette|114/270 brn|[from] brn\n|upkeep\n|turn|5\n|inactive|Time left: 300 sec this turn | 300 sec total\n|\n|t:|1783568600\n|switch|p1a: Furret|Furret, L94, M|100/100\n|-item|p2a: Banette|Life Orb|[from] ability: Frisk|[of] p1a: Furret\n|move|p2a: Banette|Poltergeist|p1a: Furret\n|-immune|p1a: Furret\n|\n|-damage|p2a: Banette|98/270 brn|[from] brn\n|upkeep\n|turn|6\n|inactive|Time left: 300 sec this turn | 300 sec total\n|\n|t:|1783568601\n|move|p1a: Furret|Knock Off|p2a: Banette\n|-supereffective|p2a: Banette\n|-damage|p2a: Banette|0 fnt\n|-enditem|p2a: Banette|Life Orb|[from] move: Knock Off|[of] p1a: Furret\n|faint|p2a: Banette\n|\n|upkeep\n|inactive|Time left: 300 sec this turn | 300 sec total | 5 sec grace\n|\n|t:|1783568602\n|switch|p2a: Gogoat|Gogoat, L88, F|360/360\n|-damage|p2a: Gogoat|315/360|[from] Stealth Rock\n|turn|7\n|inactive|Time left: 300 sec this turn | 300 sec total\n|\n|t:|1783568604\n|move|p1a: Furret|Knock Off|p2a: Gogoat\n|-damage|p2a: Gogoat|174/360\n|-enditem|p2a: Gogoat|Leftovers|[from] move: Knock Off|[of] p1a: Furret\n|move|p2a: Gogoat|Bulk Up|p2a: Gogoat\n|-boost|p2a: Gogoat|atk|1\n|-boost|p2a: Gogoat|def|1\n|\n|upkeep\n|turn|8\n|inactive|Time left: 300 sec this turn | 300 sec total\n|\n|t:|1783568605\n|switch|p1a: Dodrio|Dodrio, L85, F|100/100\n|move|p2a: Gogoat|Horn Leech|p1a: Dodrio\n|-resisted|p1a: Dodrio\n|-crit|p1a: Dodrio\n|-damage|p1a: Dodrio|52/100\n|-heal|p2a: Gogoat|232/360|[from] drain|[of] p1a: Dodrio\n|\n|upkeep\n|turn|9\n|inactive|Time left: 300 sec this turn | 300 sec total\n|\n|t:|1783568606\n|-terastallize|p2a: Gogoat|Ground\n|move|p1a: Dodrio|Brave Bird|p2a: Gogoat\n|-damage|p2a: Gogoat|109/360\n|-damage|p1a: Dodrio|35/100|[from] Recoil\n|move|p2a: Gogoat|Horn Leech|p1a: Dodrio\n|-resisted|p1a: Dodrio\n|-damage|p1a: Dodrio|5/100\n|-heal|p2a: Gogoat|146/360|[from] drain|[of] p1a: Dodrio\n|\n|upkeep\n|turn|10\n|inactive|Time left: 300 sec this turn | 300 sec total\n|\n|t:|1783568607\n|move|p1a: Dodrio|Swords Dance|p1a: Dodrio\n|-boost|p1a: Dodrio|atk|2\n|move|p2a: Gogoat|Milk Drink|p2a: Gogoat\n|-heal|p2a: Gogoat|326/360\n|\n|upkeep\n|turn|11\n|inactive|Time left: 300 sec this turn | 300 sec total\n|\n|t:|1783568608\n|move|p1a: Dodrio|Brave Bird|p2a: Gogoat\n|-damage|p2a: Gogoat|94/360\n|-damage|p1a: Dodrio|0 fnt|[from] Recoil\n|faint|p1a: Dodrio\n|move|p2a: Gogoat|Horn Leech|p1: Dodrio|[notarget]\n|-fail|p2a: Gogoat\n|\n|upkeep\n|\n|t:|1783568609\n|switch|p1a: Furret|Furret, L94, M|100/100\n|turn|12\n|inactive|Time left: 300 sec this turn | 300 sec total\n|\n|t:|1783568610\n|move|p1a: Furret|Double-Edge|p2a: Gogoat\n|-damage|p2a: Gogoat|0 fnt\n|faint|p2a: Gogoat\n|-damage|p1a: Furret|91/100|[from] Recoil\n|\n|upkeep\n|inactive|Time left: 300 sec this turn | 300 sec total | 5 sec grace\n|\n|t:|1783568611\n|switch|p2a: Mismagius|Mismagius, L86, M|243/243\n|-damage|p2a: Mismagius|213/243|[from] Stealth Rock\n|turn|13\n|inactive|Time left: 300 sec this turn | 300 sec total\n|\n|t:|1783568612\n|switch|p1a: Leavanny|Leavanny, L86, M|100/100\n|move|p2a: Mismagius|Shadow Ball|p1a: Leavanny\n|-damage|p1a: Leavanny|44/100\n|-unboost|p1a: Leavanny|spd|1\n|\n|upkeep\n|turn|14\n|inactive|Time left: 300 sec this turn | 300 sec total\n|\n|t:|1783568613\n|switch|p1a: Furret|Furret, L94, M|91/100\n|-item|p2a: Mismagius|Choice Specs|[from] ability: Frisk|[of] p1a: Furret\n|move|p2a: Mismagius|Shadow Ball|p1a: Furret\n|-immune|p1a: Furret\n|\n|upkeep\n|turn|15\n|inactive|Time left: 300 sec this turn | 300 sec total\n|\n|t:|1783568614\n|switch|p2a: Piloswine|Piloswine, L85, F|309/309\n|-damage|p2a: Piloswine|271/309|[from] Stealth Rock\n|move|p1a: Furret|Knock Off|p2a: Piloswine\n|-damage|p2a: Piloswine|197/309\n|-enditem|p2a: Piloswine|Eviolite|[from] move: Knock Off|[of] p1a: Furret\n|\n|upkeep\n|turn|16\n|inactive|Time left: 300 sec this turn | 300 sec total\n|\n|t:|1783568615\n|move|p1a: Furret|Knock Off|p2a: Piloswine\n|-crit|p2a: Piloswine\n|-damage|p2a: Piloswine|84/309\n|move|p2a: Piloswine|Earthquake|p1a: Furret\n|-damage|p1a: Furret|48/100\n|\n|upkeep\n|turn|17\n|inactive|Time left: 300 sec this turn | 300 sec total\n|\n|t:|1783568616\n|move|p1a: Furret|Knock Off|p2a: Piloswine\n|-damage|p2a: Piloswine|12/309\n|move|p2a: Piloswine|Earthquake|p1a: Furret\n|-damage|p1a: Furret|8/100\n|\n|upkeep\n|turn|18\n|inactive|Time left: 300 sec this turn | 300 sec total\n|\n|t:|1783568617\n|move|p2a: Piloswine|Ice Shard|p1a: Furret\n|-damage|p1a: Furret|0 fnt\n|faint|p1a: Furret\n|\n|upkeep\n|\n|t:|1783568618\n|switch|p1a: Mew|Mew, L82|100/100\n|turn|19\n|inactive|Time left: 300 sec this turn | 300 sec total\n|\n|t:|1783568619\n|move|p2a: Piloswine|Ice Shard|p1a: Mew\n|-damage|p1a: Mew|87/100\n|move|p1a: Mew|Nasty Plot|p1a: Mew\n|-boost|p1a: Mew|spa|2\n|\n|upkeep\n|turn|20\n|inactive|Time left: 300 sec this turn | 300 sec total\n|\n|t:|1783568620\n|move|p2a: Piloswine|Ice Shard|p1a: Mew\n|-damage|p1a: Mew|72/100\n|move|p1a: Mew|Nasty Plot|p1a: Mew\n|-boost|p1a: Mew|spa|2\n|\n|upkeep\n|turn|21\n|inactive|Time left: 300 sec this turn | 300 sec total\n|\n|t:|1783568621\n|move|p2a: Piloswine|Ice Shard|p1a: Mew\n|-damage|p1a: Mew|58/100\n|move|p1a: Mew|Aura Sphere|p2a: Piloswine\n|-supereffective|p2a: Piloswine\n|-damage|p2a: Piloswine|0 fnt\n|faint|p2a: Piloswine\n|-damage|p1a: Mew|48/100|[from] item: Life Orb\n|\n|upkeep\n|inactive|Time left: 300 sec this turn | 300 sec total | 5 sec grace\n|\n|t:|1783568623\n|switch|p2a: Mismagius|Mismagius, L86, M|213/243\n|-damage|p2a: Mismagius|183/243|[from] Stealth Rock\n|turn|22\n|inactive|Time left: 300 sec this turn | 300 sec total\n|\n|t:|1783568624\n|-terastallize|p1a: Mew|Fighting\n|move|p2a: Mismagius|Shadow Ball|p1a: Mew\n|-damage|p1a: Mew|0 fnt\n|faint|p1a: Mew\n|\n|upkeep\n|\n|t:|1783568625\n|switch|p1a: Leavanny|Leavanny, L86, M|44/100\n|turn|23\n|inactive|Time left: 300 sec this turn | 300 sec total\n|\n|t:|1783568626\n|move|p2a: Mismagius|Shadow Ball|p1a: Leavanny\n|-damage|p1a: Leavanny|0 fnt\n|faint|p1a: Leavanny\n|\n|upkeep\n|\n|t:|1783568627\n|switch|p1a: Coalossal|Coalossal, L89, M|9/100\n|turn|24\n|inactive|Time left: 300 sec this turn | 300 sec total\n|\n|t:|1783568628\n|move|p2a: Mismagius|Shadow Ball|p1a: Coalossal\n|-damage|p1a: Coalossal|0 fnt\n|faint|p1a: Coalossal\n|\n|upkeep\n|\n|t:|1783568629\n|switch|p1a: Diancie|Diancie, L82|41/100 psn\n|turn|25\n|inactive|Time left: 300 sec this turn | 300 sec total\n|\n|t:|1783568630\n|move|p2a: Mismagius|Shadow Ball|p1a: Diancie\n|-damage|p1a: Diancie|0 fnt\n|faint|p1a: Diancie\n|\n|win|p0y24669d7b", "uploadtime": 1783568630, "views": 0, "rating": 0, "private": 0, "password": null, "_winner": "p0y24669d7b", "_our_name": "p0y24669d7b"}