{"id": "battle-gen9randombattle-707", "formatid": "gen9randombattle", "format": "[Gen 9] Random Battle", "players": ["p0x707250f", "p0y707e13c"], "log": "|init|battle\n|title|p0x707250f vs. p0y707e13c\n|j|\u2606p0x707250f\n|j|\u2606p0y707e13c\n|t:|1783548032\n|gametype|singles\n|player|p1|p0x707250f|2|\n|player|p2|p0y707e13c|2|\n|gen|9\n|tier|[Gen 9] Random Battle\n|rule|Species Clause: Limit one of each Pok\u00e9mon\n|rule|HP Percentage Mod: HP is shown in percentages\n|rule|Sleep Clause Mod: Limit one foe put to sleep\n|rule|Illusion Level Mod: Illusion disguises the Pok\u00e9mon's true level\n|\n|t:|1783548032\n|teamsize|p1|6\n|teamsize|p2|6\n|start\n|switch|p1a: Tentacruel|Tentacruel, L84, F|272/272\n|switch|p2a: Flareon|Flareon, L90, F|100/100\n|turn|1\n|inactive|Battle timer is ON: inactive players will automatically lose when time's up. (requested by p0x707250f)\n|\n|t:|1783548033\n|move|p1a: Tentacruel|Surf|p2a: Flareon\n|-supereffective|p2a: Flareon\n|-damage|p2a: Flareon|55/100\n|move|p2a: Flareon|Trailblaze|p1a: Tentacruel\n|-damage|p1a: Tentacruel|206/272\n|-boost|p2a: Flareon|spe|1\n|\n|-heal|p1a: Tentacruel|223/272|[from] item: Leftovers\n|-status|p2a: Flareon|tox|[from] item: Toxic Orb\n|upkeep\n|turn|2\n|inactive|Time left: 300 sec this turn | 300 sec total\n|inactive|p0y707e13c also wants the timer to be on.\n|\n|t:|1783548034\n|move|p2a: Flareon|Facade|p1a: Tentacruel\n|-damage|p1a: Tentacruel|0 fnt\n|faint|p1a: Tentacruel\n|\n|-damage|p2a: Flareon|49/100 tox|[from] psn\n|upkeep\n|inactive|Time left: 300 sec this turn | 300 sec total | 5 sec grace\n|\n|t:|1783548035\n|switch|p1a: Bellossom|Bellossom, L84, M|263/263\n|turn|3\n|inactive|Time left: 300 sec this turn | 300 sec total\n|\n|t:|1783548036\n|-terastallize|p1a: Bellossom|Rock\n|move|p2a: Flareon|Flare Blitz|p1a: Bellossom\n|-resisted|p1a: Bellossom\n|-damage|p1a: Bellossom|143/263\n|-damage|p2a: Flareon|34/100 tox|[from] Recoil\n|move|p1a: Bellossom|Strength Sap|p2a: Flareon\n|-unboost|p2a: Flareon|atk|1\n|-heal|p1a: Bellossom|263/263\n|\n|-damage|p2a: Flareon|21/100 tox|[from] psn\n|upkeep\n|turn|4\n|inactive|Time left: 300 sec this turn | 300 sec total\n|\n|t:|1783548037\n|switch|p2a: Golurk|Golurk, L87|100/100\n|move|p1a: Bellossom|Quiver Dance|p1a: Bellossom\n|-boost|p1a: Bellossom|spa|1\n|-boost|p1a: Bellossom|spd|1\n|-boost|p1a: Bellossom|spe|1\n|\n|upkeep\n|turn|5\n|inactive|Time left: 300 sec this turn | 300 sec total\n|\n|t:|1783548038\n|move|p1a: Bellossom|Strength Sap|p2a: Golurk\n|-unboost|p2a: Golurk|atk|1\n|move|p2a: Golurk|Earthquake|p1a: Bellossom\n|-supereffective|p1a: Bellossom\n|-damage|p1a: Bellossom|11/263\n|\n|-heal|p1a: Bellossom|27/263|[from] item: Leftovers\n|upkeep\n|turn|6\n|inactive|Time left: 300 sec this turn | 300 sec total\n|\n|t:|1783548040\n|move|p1a: Bellossom|Giga Drain|p2a: Golurk\n|-supereffective|p2a: Golurk\n|-damage|p2a: Golurk|18/100\n|-heal|p1a: Bellossom|150/263|[from] drain|[of] p2a: Golurk\n|move|p2a: Golurk|Earthquake|p1a: Bellossom\n|-supereffective|p1a: Bellossom\n|-damage|p1a: Bellossom|0 fnt\n|faint|p1a: Bellossom\n|\n|upkeep\n|inactive|Time left: 300 sec this turn | 300 sec total | 5 sec grace\n|\n|t:|1783548041\n|switch|p1a: Alcremie|Alcremie-Salted-Cream, L90, F|263/263\n|turn|7\n|inactive|Time left: 300 sec this turn | 300 sec total\n|\n|t:|1783548042\n|switch|p2a: Meloetta|Meloetta, L82|100/100\n|move|p1a: Alcremie|Alluring Voice|p2a: Meloetta\n|-crit|p2a: Meloetta\n|-damage|p2a: Meloetta|60/100\n|\n|-heal|p2a: Meloetta|66/100|[from] item: Leftovers\n|upkeep\n|turn|8\n|inactive|Time left: 300 sec this turn | 300 sec total\n|\n|t:|1783548043\n|move|p2a: Meloetta|Calm Mind|p2a: Meloetta\n|-boost|p2a: Meloetta|spa|1\n|-boost|p2a: Meloetta|spd|1\n|move|p1a: Alcremie|Calm Mind|p1a: Alcremie\n|-boost|p1a: Alcremie|spa|1\n|-boost|p1a: Alcremie|spd|1\n|\n|-heal|p2a: Meloetta|72/100|[from] item: Leftovers\n|upkeep\n|turn|9\n|inactive|Time left: 300 sec this turn | 300 sec total\n|\n|t:|1783548044\n|move|p2a: Meloetta|Psyshock|p1a: Alcremie\n|-damage|p1a: Alcremie|112/263\n|move|p1a: Alcremie|Recover|p1a: Alcremie\n|-heal|p1a: Alcremie|244/263\n|\n|-heal|p2a: Meloetta|78/100|[from] item: Leftovers\n|-heal|p1a: Alcremie|260/263|[from] item: Leftovers\n|upkeep\n|turn|10\n|inactive|Time left: 300 sec this turn | 300 sec total\n|\n|t:|1783548045\n|move|p2a: Meloetta|Psyshock|p1a: Alcremie\n|-damage|p1a: Alcremie|104/263\n|move|p1a: Alcremie|Recover|p1a: Alcremie\n|-heal|p1a: Alcremie|236/263\n|\n|-heal|p2a: Meloetta|84/100|[from] item: Leftovers\n|-heal|p1a: Alcremie|252/263|[from] item: Leftovers\n|upkeep\n|turn|11\n|inactive|Time left: 300 sec this turn | 300 sec total\n|\n|t:|1783548046\n|move|p2a: Meloetta|Psyshock|p1a: Alcremie\n|-damage|p1a: Alcremie|104/263\n|move|p1a: Alcremie|Recover|p1a: Alcremie\n|-heal|p1a: Alcremie|236/263\n|\n|-heal|p2a: Meloetta|90/100|[from] item: Leftovers\n|-heal|p1a: Alcremie|252/263|[from] item: Leftovers\n|upkeep\n|turn|12\n|inactive|Time left: 300 sec this turn | 300 sec total\n|\n|t:|1783548047\n|move|p2a: Meloetta|Psyshock|p1a: Alcremie\n|-damage|p1a: Alcremie|92/263\n|move|p1a: Alcremie|Recover|p1a: Alcremie\n|-heal|p1a: Alcremie|224/263\n|\n|-heal|p2a: Meloetta|96/100|[from] item: Leftovers\n|-heal|p1a: Alcremie|240/263|[from] item: Leftovers\n|upkeep\n|turn|13\n|inactive|Time left: 300 sec this turn | 300 sec total\n|\n|t:|1783548048\n|move|p2a: Meloetta|Psyshock|p1a: Alcremie\n|-damage|p1a: Alcremie|84/263\n|move|p1a: Alcremie|Recover|p1a: Alcremie\n|-heal|p1a: Alcremie|216/263\n|\n|-heal|p2a: Meloetta|100/100|[from] item: Leftovers\n|-heal|p1a: Alcremie|232/263|[from] item: Leftovers\n|upkeep\n|turn|14\n|inactive|Time left: 300 sec this turn | 300 sec total\n|\n|t:|1783548049\n|move|p2a: Meloetta|Psyshock|p1a: Alcremie\n|-damage|p1a: Alcremie|70/263\n|move|p1a: Alcremie|Recover|p1a: Alcremie\n|-heal|p1a: Alcremie|202/263\n|\n|-heal|p1a: Alcremie|218/263|[from] item: Leftovers\n|upkeep\n|turn|15\n|inactive|Time left: 300 sec this turn | 300 sec total\n|\n|t:|1783548050\n|move|p2a: Meloetta|Psyshock|p1a: Alcremie\n|-damage|p1a: Alcremie|50/263\n|move|p1a: Alcremie|Recover|p1a: Alcremie\n|-heal|p1a: Alcremie|182/263\n|\n|-heal|p1a: Alcremie|198/263|[from] item: Leftovers\n|upkeep\n|turn|16\n|inactive|Time left: 300 sec this turn | 300 sec total\n|\n|t:|1783548051\n|move|p2a: Meloetta|Psyshock|p1a: Alcremie\n|-damage|p1a: Alcremie|54/263\n|move|p1a: Alcremie|Recover|p1a: Alcremie\n|-heal|p1a: Alcremie|186/263\n|\n|-heal|p1a: Alcremie|202/263|[from] item: Leftovers\n|upkeep\n|turn|17\n|inactive|Time left: 300 sec this turn | 300 sec total\n|\n|t:|1783548052\n|move|p2a: Meloetta|Psyshock|p1a: Alcremie\n|-damage|p1a: Alcremie|51/263\n|move|p1a: Alcremie|Calm Mind|p1a: Alcremie\n|-boost|p1a: Alcremie|spa|1\n|-boost|p1a: Alcremie|spd|1\n|\n|-heal|p1a: Alcremie|67/263|[from] item: Leftovers\n|upkeep\n|turn|18\n|inactive|Time left: 300 sec this turn | 300 sec total\n|\n|t:|1783548053\n|move|p2a: Meloetta|Psyshock|p1a: Alcremie\n|-crit|p1a: Alcremie\n|-damage|p1a: Alcremie|0 fnt\n|faint|p1a: Alcremie\n|\n|upkeep\n|inactive|Time left: 300 sec this turn | 300 sec total | 5 sec grace\n|\n|t:|1783548054\n|switch|p1a: Maushold|Maushold, L76|238/238\n|turn|19\n|inactive|Time left: 300 sec this turn | 300 sec total\n|\n|t:|1783548055\n|move|p1a: Maushold|Population Bomb|p2a: Meloetta\n|-damage|p2a: Meloetta|91/100\n|-crit|p2a: Meloetta\n|-damage|p2a: Meloetta|78/100\n|-damage|p2a: Meloetta|69/100\n|-damage|p2a: Meloetta|61/100\n|-damage|p2a: Meloetta|52/100\n|-damage|p2a: Meloetta|43/100\n|-damage|p2a: Meloetta|34/100\n|-damage|p2a: Meloetta|25/100\n|-damage|p2a: Meloetta|16/100\n|-damage|p2a: Meloetta|8/100\n|-hitcount|p2a: Meloetta|10\n|move|p2a: Meloetta|Focus Blast|p1a: Maushold\n|-supereffective|p1a: Maushold\n|-damage|p1a: Maushold|0 fnt\n|faint|p1a: Maushold\n|\n|-heal|p2a: Meloetta|14/100|[from] item: Leftovers\n|upkeep\n|inactive|Time left: 300 sec this turn | 300 sec total | 5 sec grace\n|\n|t:|1783548056\n|switch|p1a: Plusle|Plusle, L95, F|268/268\n|turn|20\n|inactive|Time left: 300 sec this turn | 300 sec total\n|\n|t:|1783548057\n|switch|p2a: Golurk|Golurk, L87|18/100\n|move|p1a: Plusle|Thunderbolt|p2a: Golurk\n|-immune|p2a: Golurk\n|\n|upkeep\n|turn|21\n|inactive|Time left: 300 sec this turn | 300 sec total\n|\n|t:|1783548058\n|switch|p2a: Cinccino|Cinccino, L83, F|100/100\n|move|p1a: Plusle|Alluring Voice|p2a: Cinccino\n|-damage|p2a: Cinccino|54/100\n|-damage|p1a: Plusle|242/268|[from] item: Life Orb\n|\n|upkeep\n|turn|22\n|inactive|Time left: 300 sec this turn | 300 sec total\n|\n|t:|1783548059\n|-terastallize|p2a: Cinccino|Ice\n|move|p2a: Cinccino|Triple Axel|p1a: Plusle\n|-damage|p1a: Plusle|193/268\n|-damage|p1a: Plusle|91/268\n|-damage|p1a: Plusle|0 fnt\n|faint|p1a: Plusle\n|-hitcount|p1: Plusle|3\n|\n|upkeep\n|inactive|Time left: 300 sec this turn | 300 sec total | 5 sec grace\n|\n|t:|1783548059\n|switch|p1a: Dragalge|Dragalge, L88, F|258/258\n|turn|23\n|inactive|Time left: 300 sec this turn | 300 sec total\n|\n|t:|1783548061\n|move|p2a: Cinccino|Triple Axel|p1a: Dragalge\n|-supereffective|p1a: Dragalge\n|-damage|p1a: Dragalge|204/258\n|-supereffective|p1a: Dragalge\n|-damage|p1a: Dragalge|88/258\n|-supereffective|p1a: Dragalge\n|-damage|p1a: Dragalge|0 fnt\n|faint|p1a: Dragalge\n|-hitcount|p1: Dragalge|3\n|\n|win|p0y707e13c", "uploadtime": 1783548061, "views": 0, "rating": 0, "private": 0, "password": null, "_winner": "p0y707e13c", "_our_name": "p0x707250f"}