{"id": "battle-gen9randombattle-100", "formatid": "gen9randombattle", "format": "[Gen 9] Random Battle", "players": ["p0x10096a9", "p0y100f2e8"], "log": "|init|battle\n|title|p0x10096a9 vs. p0y100f2e8\n|j|\u2606p0x10096a9\n|j|\u2606p0y100f2e8\n|t:|1783540652\n|gametype|singles\n|player|p1|p0x10096a9|2|\n|player|p2|p0y100f2e8|2|\n|gen|9\n|tier|[Gen 9] Random Battle\n|rule|Species Clause: Limit one of each Pok\u00e9mon\n|rule|HP Percentage Mod: HP is shown in percentages\n|rule|Sleep Clause Mod: Limit one foe put to sleep\n|rule|Illusion Level Mod: Illusion disguises the Pok\u00e9mon's true level\n|\n|t:|1783540652\n|teamsize|p1|6\n|teamsize|p2|6\n|start\n|switch|p1a: Kricketune|Kricketune, L99, M|311/311\n|switch|p2a: Articuno|Articuno, L86|100/100\n|-ability|p2a: Articuno|Pressure\n|turn|1\n|inactive|Battle timer is ON: inactive players will automatically lose when time's up. (requested by p0x10096a9)\n|inactive|p0y100f2e8 also wants the timer to be on.\n|\n|t:|1783540653\n|move|p2a: Articuno|Brave Bird|p1a: Kricketune\n|-supereffective|p1a: Kricketune\n|-enditem|p1a: Kricketune|Focus Sash\n|-damage|p1a: Kricketune|1/311\n|-damage|p2a: Articuno|66/100|[from] Recoil\n|move|p1a: Kricketune|Sticky Web|p2a: Articuno\n|-sidestart|p2: p0y100f2e8|move: Sticky Web\n|\n|upkeep\n|turn|2\n|inactive|Time left: 300 sec this turn | 300 sec total\n|\n|t:|1783540655\n|move|p2a: Articuno|Freeze-Dry|p1a: Kricketune\n|-damage|p1a: Kricketune|0 fnt\n|faint|p1a: Kricketune\n|\n|upkeep\n|inactive|Time left: 300 sec this turn | 300 sec total | 5 sec grace\n|\n|t:|1783540656\n|switch|p1a: Girafarig|Girafarig, L89, F|269/269\n|turn|3\n|inactive|Time left: 300 sec this turn | 300 sec total\n|\n|t:|1783540657\n|move|p1a: Girafarig|Nasty Plot|p1a: Girafarig\n|-boost|p1a: Girafarig|spa|2\n|move|p2a: Articuno|Roost|p2a: Articuno\n|-heal|p2a: Articuno|100/100\n|-singleturn|p2a: Articuno|move: Roost\n|\n|upkeep\n|turn|4\n|inactive|Time left: 300 sec this turn | 300 sec total\n|\n|t:|1783540658\n|move|p1a: Girafarig|Psyshock|p2a: Articuno\n|-damage|p2a: Articuno|42/100\n|move|p2a: Articuno|Haze|p2a: Articuno\n|-clearallboost\n|\n|upkeep\n|turn|5\n|inactive|Time left: 300 sec this turn | 300 sec total\n|\n|t:|1783540659\n|move|p1a: Girafarig|Nasty Plot|p1a: Girafarig\n|-boost|p1a: Girafarig|spa|2\n|move|p2a: Articuno|Roost|p2a: Articuno\n|-heal|p2a: Articuno|92/100\n|-singleturn|p2a: Articuno|move: Roost\n|\n|upkeep\n|turn|6\n|inactive|Time left: 300 sec this turn | 300 sec total\n|\n|t:|1783540660\n|move|p1a: Girafarig|Hyper Voice|p2a: Articuno\n|-damage|p2a: Articuno|40/100\n|move|p2a: Articuno|Haze|p2a: Articuno\n|-clearallboost\n|\n|upkeep\n|turn|7\n|inactive|Time left: 300 sec this turn | 300 sec total\n|\n|t:|1783540661\n|move|p1a: Girafarig|Nasty Plot|p1a: Girafarig\n|-boost|p1a: Girafarig|spa|2\n|move|p2a: Articuno|Roost|p2a: Articuno\n|-heal|p2a: Articuno|90/100\n|-singleturn|p2a: Articuno|move: Roost\n|\n|upkeep\n|turn|8\n|inactive|Time left: 300 sec this turn | 300 sec total\n|\n|t:|1783540662\n|move|p1a: Girafarig|Psyshock|p2a: Articuno\n|-damage|p2a: Articuno|33/100\n|move|p2a: Articuno|Haze|p2a: Articuno\n|-clearallboost\n|\n|upkeep\n|turn|9\n|inactive|Time left: 300 sec this turn | 300 sec total\n|\n|t:|1783540663\n|move|p1a: Girafarig|Thunderbolt|p2a: Articuno\n|-supereffective|p2a: Articuno\n|-damage|p2a: Articuno|0 fnt\n|faint|p2a: Articuno\n|\n|upkeep\n|\n|t:|1783540664\n|switch|p2a: Vikavolt|Vikavolt, L83, M|100/100\n|turn|10\n|inactive|Time left: 300 sec this turn | 300 sec total\n|\n|t:|1783540665\n|move|p1a: Girafarig|Nasty Plot|p1a: Girafarig\n|-boost|p1a: Girafarig|spa|2\n|move|p2a: Vikavolt|Sticky Web|p1a: Girafarig\n|-sidestart|p1: p0x10096a9|move: Sticky Web\n|\n|upkeep\n|turn|11\n|inactive|Time left: 300 sec this turn | 300 sec total\n|\n|t:|1783540666\n|move|p1a: Girafarig|Hyper Voice|p2a: Vikavolt\n|-damage|p2a: Vikavolt|19/100\n|move|p2a: Vikavolt|Bug Buzz|p1a: Girafarig\n|-supereffective|p1a: Girafarig\n|-damage|p1a: Girafarig|63/269\n|\n|upkeep\n|turn|12\n|inactive|Time left: 300 sec this turn | 300 sec total\n|\n|t:|1783540667\n|switch|p2a: Brute Bonnet|Brute Bonnet, L80|100/100\n|-activate|p2a: Brute Bonnet|move: Sticky Web\n|-unboost|p2a: Brute Bonnet|spe|1\n|move|p1a: Girafarig|Hyper Voice|p2a: Brute Bonnet\n|-damage|p2a: Brute Bonnet|38/100\n|\n|-heal|p2a: Brute Bonnet|44/100|[from] item: Leftovers\n|upkeep\n|turn|13\n|inactive|Time left: 300 sec this turn | 300 sec total\n|\n|t:|1783540669\n|move|p2a: Brute Bonnet|Sucker Punch|p1a: Girafarig\n|-supereffective|p1a: Girafarig\n|-damage|p1a: Girafarig|0 fnt\n|faint|p1a: Girafarig\n|\n|-heal|p2a: Brute Bonnet|50/100|[from] item: Leftovers\n|upkeep\n|inactive|Time left: 300 sec this turn | 300 sec total | 5 sec grace\n|\n|t:|1783540670\n|switch|p1a: Bellossom|Bellossom, L84, F|263/263\n|-activate|p1a: Bellossom|move: Sticky Web\n|-unboost|p1a: Bellossom|spe|1\n|turn|14\n|inactive|Time left: 300 sec this turn | 300 sec total\n|\n|t:|1783540671\n|move|p2a: Brute Bonnet|Crunch|p1a: Bellossom\n|-damage|p1a: Bellossom|166/263\n|move|p1a: Bellossom|Quiver Dance|p1a: Bellossom\n|-boost|p1a: Bellossom|spa|1\n|-boost|p1a: Bellossom|spd|1\n|-boost|p1a: Bellossom|spe|1\n|\n|-heal|p1a: Bellossom|182/263|[from] item: Leftovers\n|-heal|p2a: Brute Bonnet|56/100|[from] item: Leftovers\n|upkeep\n|turn|15\n|inactive|Time left: 300 sec this turn | 300 sec total\n|\n|t:|1783540672\n|move|p1a: Bellossom|Quiver Dance|p1a: Bellossom\n|-boost|p1a: Bellossom|spa|1\n|-boost|p1a: Bellossom|spd|1\n|-boost|p1a: Bellossom|spe|1\n|move|p2a: Brute Bonnet|Crunch|p1a: Bellossom\n|-damage|p1a: Bellossom|86/263\n|\n|-heal|p1a: Bellossom|102/263|[from] item: Leftovers\n|-heal|p2a: Brute Bonnet|63/100|[from] item: Leftovers\n|upkeep\n|turn|16\n|inactive|Time left: 300 sec this turn | 300 sec total\n|\n|t:|1783540673\n|-end|p2a: Brute Bonnet|Protosynthesis|[silent]\n|switch|p2a: Annihilape|Annihilape, L76, M|100/100\n|-activate|p2a: Annihilape|move: Sticky Web\n|-unboost|p2a: Annihilape|spe|1\n|-ability|p2a: Annihilape|Defiant|boost\n|-boost|p2a: Annihilape|atk|2\n|move|p1a: Bellossom|Strength Sap|p2a: Annihilape\n|-unboost|p2a: Annihilape|atk|1\n|-ability|p2a: Annihilape|Defiant|boost\n|-boost|p2a: Annihilape|atk|2\n|-heal|p1a: Bellossom|263/263\n|\n|upkeep\n|turn|17\n|inactive|Time left: 300 sec this turn | 300 sec total\n|\n|t:|1783540674\n|-terastallize|p1a: Bellossom|Fairy\n|move|p1a: Bellossom|Moonblast|p2a: Annihilape\n|-supereffective|p2a: Annihilape\n|-damage|p2a: Annihilape|0 fnt\n|faint|p2a: Annihilape\n|\n|upkeep\n|\n|t:|1783540675\n|switch|p2a: Pelipper|Pelipper, L86, F|100/100\n|-weather|RainDance|[from] ability: Drizzle|[of] p2a: Pelipper\n|turn|18\n|inactive|Time left: 300 sec this turn | 300 sec total\n|\n|t:|1783540676\n|move|p1a: Bellossom|Moonblast|p2a: Pelipper\n|-damage|p2a: Pelipper|14/100\n|move|p2a: Pelipper|Hurricane|p1a: Bellossom\n|-damage|p1a: Bellossom|208/263\n|\n|-weather|RainDance|[upkeep]\n|-heal|p1a: Bellossom|224/263|[from] item: Leftovers\n|upkeep\n|turn|19\n|inactive|Time left: 300 sec this turn | 300 sec total\n|\n|t:|1783540676\n|switch|p2a: Brute Bonnet|Brute Bonnet, L80|63/100\n|-activate|p2a: Brute Bonnet|move: Sticky Web\n|-unboost|p2a: Brute Bonnet|spe|1\n|move|p1a: Bellossom|Moonblast|p2a: Brute Bonnet\n|-supereffective|p2a: Brute Bonnet\n|-damage|p2a: Brute Bonnet|0 fnt\n|faint|p2a: Brute Bonnet\n|-end|p2a: Brute Bonnet|Protosynthesis|[silent]\n|\n|-weather|RainDance|[upkeep]\n|-heal|p1a: Bellossom|240/263|[from] item: Leftovers\n|upkeep\n|\n|t:|1783540677\n|switch|p2a: Pelipper|Pelipper, L86, F|14/100\n|turn|20\n|inactive|Time left: 300 sec this turn | 300 sec total\n|\n|t:|1783540678\n|move|p1a: Bellossom|Moonblast|p2a: Pelipper\n|-damage|p2a: Pelipper|0 fnt\n|faint|p2a: Pelipper\n|\n|-weather|RainDance|[upkeep]\n|-heal|p1a: Bellossom|256/263|[from] item: Leftovers\n|upkeep\n|\n|t:|1783540680\n|switch|p2a: Walking Wake|Walking Wake, L79|100/100\n|-activate|p2a: Walking Wake|move: Sticky Web\n|-unboost|p2a: Walking Wake|spe|1\n|turn|21\n|inactive|Time left: 300 sec this turn | 300 sec total\n|\n|t:|1783540681\n|-terastallize|p2a: Walking Wake|Fire\n|move|p1a: Bellossom|Moonblast|p2a: Walking Wake\n|-resisted|p2a: Walking Wake\n|-damage|p2a: Walking Wake|65/100\n|move|p2a: Walking Wake|Hydro Steam|p1a: Bellossom\n|-damage|p1a: Bellossom|178/263\n|-damage|p2a: Walking Wake|55/100|[from] item: Life Orb\n|\n|-weather|RainDance|[upkeep]\n|-heal|p1a: Bellossom|194/263|[from] item: Leftovers\n|upkeep\n|turn|22\n|inactive|Time left: 300 sec this turn | 300 sec total\n|\n|t:|1783540682\n|move|p1a: Bellossom|Giga Drain|p2a: Walking Wake\n|-resisted|p2a: Walking Wake\n|-damage|p2a: Walking Wake|25/100\n|-heal|p1a: Bellossom|237/263|[from] drain|[of] p2a: Walking Wake\n|move|p2a: Walking Wake|Sunny Day|p2a: Walking Wake\n|-weather|SunnyDay\n|-activate|p2a: Walking Wake|ability: Protosynthesis\n|-start|p2a: Walking Wake|protosynthesisspa\n|\n|-weather|SunnyDay|[upkeep]\n|-heal|p1a: Bellossom|253/263|[from] item: Leftovers\n|upkeep\n|turn|23\n|inactive|Time left: 300 sec this turn | 300 sec total\n|\n|t:|1783540683\n|move|p1a: Bellossom|Moonblast|p2a: Walking Wake\n|-resisted|p2a: Walking Wake\n|-damage|p2a: Walking Wake|0 fnt\n|faint|p2a: Walking Wake\n|-end|p2a: Walking Wake|Protosynthesis|[silent]\n|\n|-weather|SunnyDay|[upkeep]\n|-heal|p1a: Bellossom|263/263|[from] item: Leftovers\n|upkeep\n|\n|t:|1783540684\n|switch|p2a: Vikavolt|Vikavolt, L83, M|19/100\n|turn|24\n|inactive|Time left: 300 sec this turn | 300 sec total\n|\n|t:|1783540685\n|move|p1a: Bellossom|Giga Drain|p2a: Vikavolt\n|-resisted|p2a: Vikavolt\n|-damage|p2a: Vikavolt|0 fnt\n|faint|p2a: Vikavolt\n|\n|win|p0x10096a9", "uploadtime": 1783540685, "views": 0, "rating": 0, "private": 0, "password": null, "_winner": "p0x10096a9", "_our_name": "p0x10096a9"}