{"id": "battle-gen9randombattle-1800", "formatid": "gen9randombattle", "format": "[Gen 9] Random Battle", "players": ["p0x180037b0", "p0y18006eb4"], "log": "|init|battle\n|title|p0x180037b0 vs. p0y18006eb4\n|j|\u2606p0x180037b0\n|j|\u2606p0y18006eb4\n|t:|1783560089\n|gametype|singles\n|player|p1|p0x180037b0|265|\n|player|p2|p0y18006eb4|170|\n|gen|9\n|tier|[Gen 9] Random Battle\n|rule|Species Clause: Limit one of each Pok\u00e9mon\n|rule|HP Percentage Mod: HP is shown in percentages\n|rule|Sleep Clause Mod: Limit one foe put to sleep\n|rule|Illusion Level Mod: Illusion disguises the Pok\u00e9mon's true level\n|\n|t:|1783560089\n|teamsize|p1|6\n|teamsize|p2|6\n|start\n|switch|p1a: Rabsca|Rabsca, L91, F|100/100\n|switch|p2a: Swalot|Swalot, L90, M|326/326\n|turn|1\n|inactive|Battle timer is ON: inactive players will automatically lose when time's up. (requested by p0x180037b0)\n|inactive|Time left: 300 sec this turn | 300 sec total | 60 sec grace\n|inactive|p0y18006eb4 also wants the timer to be on.\n|\n|t:|1783560091\n|move|p2a: Swalot|Knock Off|p1a: Rabsca\n|-supereffective|p1a: Rabsca\n|-damage|p1a: Rabsca|54/100\n|-enditem|p1a: Rabsca|Heavy-Duty Boots|[from] move: Knock Off|[of] p2a: Swalot\n|move|p1a: Rabsca|Psychic|p2a: Swalot\n|-supereffective|p2a: Swalot\n|-damage|p2a: Swalot|80/326\n|\n|-heal|p2a: Swalot|100/326|[from] item: Leftovers\n|upkeep\n|turn|2\n|inactive|Time left: 300 sec this turn | 300 sec total\n|\n|t:|1783560092\n|move|p2a: Swalot|Toxic Spikes|p1a: Rabsca\n|-sidestart|p1: p0x180037b0|move: Toxic Spikes\n|move|p1a: Rabsca|Psychic|p2a: Swalot\n|-supereffective|p2a: Swalot\n|-damage|p2a: Swalot|0 fnt\n|faint|p2a: Swalot\n|\n|upkeep\n|inactive|Time left: 300 sec this turn | 300 sec total | 5 sec grace\n|\n|t:|1783560093\n|switch|p2a: Dragapult|Dragapult, L77, M|262/262\n|turn|3\n|inactive|Time left: 300 sec this turn | 300 sec total\n|\n|t:|1783560095\n|switch|p1a: Overqwil|Overqwil, L82, M|100/100\n|-sideend|p1: p0x180037b0|move: Toxic Spikes|[of] p1a: Overqwil\n|-ability|p1a: Overqwil|Intimidate|boost\n|-fail|p2a: Dragapult|unboost|[from] ability: Clear Body|[of] p2a: Dragapult\n|move|p2a: Dragapult|Fire Blast|p1a: Overqwil\n|-damage|p1a: Overqwil|59/100\n|-damage|p2a: Dragapult|236/262|[from] item: Life Orb\n|\n|upkeep\n|turn|4\n|inactive|Time left: 300 sec this turn | 300 sec total\n|\n|t:|1783560096\n|switch|p2a: Granbull|Granbull, L88, M|302/302\n|-ability|p2a: Granbull|Intimidate|boost\n|-unboost|p1a: Overqwil|atk|1\n|move|p1a: Overqwil|Crunch|p2a: Granbull\n|-resisted|p2a: Granbull\n|-damage|p2a: Granbull|250/302\n|\n|-heal|p2a: Granbull|268/302|[from] item: Leftovers\n|upkeep\n|turn|5\n|inactive|Time left: 300 sec this turn | 300 sec total\n|\n|t:|1783560097\n|switch|p1a: Dragonite|Dragonite, L74, F|100/100\n|move|p2a: Granbull|Play Rough|p1a: Dragonite\n|-supereffective|p1a: Dragonite\n|-damage|p1a: Dragonite|45/100\n|\n|-heal|p2a: Granbull|286/302|[from] item: Leftovers\n|upkeep\n|turn|6\n|inactive|Time left: 300 sec this turn | 300 sec total\n|\n|t:|1783560098\n|switch|p1a: Overqwil|Overqwil, L82, M|59/100\n|-ability|p1a: Overqwil|Intimidate|boost\n|-unboost|p2a: Granbull|atk|1\n|move|p2a: Granbull|Play Rough|p1a: Overqwil\n|-damage|p1a: Overqwil|32/100\n|\n|-heal|p2a: Granbull|302/302|[from] item: Leftovers\n|upkeep\n|turn|7\n|inactive|Time left: 300 sec this turn | 300 sec total\n|\n|t:|1783560100\n|switch|p2a: Lucario|Lucario, L84, F|255/255\n|move|p1a: Overqwil|Gunk Shot|p2a: Lucario\n|-immune|p2a: Lucario\n|\n|upkeep\n|turn|8\n|inactive|Time left: 300 sec this turn | 300 sec total\n|\n|t:|1783560101\n|switch|p1a: Toxtricity|Toxtricity, L82, F|100/100\n|move|p2a: Lucario|Nasty Plot|p2a: Lucario\n|-boost|p2a: Lucario|spa|2\n|\n|upkeep\n|turn|9\n|inactive|Time left: 300 sec this turn | 300 sec total\n|\n|t:|1783560102\n|move|p2a: Lucario|Flash Cannon|p1a: Toxtricity\n|-resisted|p1a: Toxtricity\n|-damage|p1a: Toxtricity|45/100\n|-damage|p2a: Lucario|230/255|[from] item: Life Orb\n|move|p1a: Toxtricity|Overdrive|p2a: Lucario\n|-damage|p2a: Lucario|29/255\n|\n|upkeep\n|turn|10\n|inactive|Time left: 300 sec this turn | 300 sec total\n|\n|t:|1783560103\n|switch|p1a: Mew|Mew, L82|100/100\n|move|p2a: Lucario|Flash Cannon|p1a: Mew\n|-damage|p1a: Mew|29/100\n|-damage|p2a: Lucario|4/255|[from] item: Life Orb\n|\n|-heal|p1a: Mew|35/100|[from] item: Leftovers\n|upkeep\n|turn|11\n|inactive|Time left: 300 sec this turn | 300 sec total\n|\n|t:|1783560104\n|move|p1a: Mew|Stealth Rock|p2a: Lucario\n|-sidestart|p2: p0y18006eb4|move: Stealth Rock\n|move|p2a: Lucario|Flash Cannon|p1a: Mew\n|-damage|p1a: Mew|0 fnt\n|faint|p1a: Mew\n|-damage|p2a: Lucario|0 fnt|[from] item: Life Orb\n|faint|p2a: Lucario\n|\n|upkeep\n|inactive|Time left: 300 sec this turn | 300 sec total | 5 sec grace\n|\n|t:|1783560105\n|switch|p1a: Toxtricity|Toxtricity, L82, F|45/100\n|switch|p2a: Regice|Regice, L88|284/284\n|turn|12\n|inactive|Time left: 300 sec this turn | 300 sec total\n|\n|t:|1783560106\n|move|p1a: Toxtricity|Volt Switch|p2a: Regice\n|-damage|p2a: Regice|220/284\n|\n|t:|1783560107\n|switch|p1a: Scizor|Scizor, L79, F|100/100|[from] Volt Switch\n|move|p2a: Regice|Ice Beam|p1a: Scizor\n|-resisted|p1a: Scizor\n|-damage|p1a: Scizor|75/100\n|\n|-heal|p1a: Scizor|82/100|[from] item: Leftovers\n|upkeep\n|turn|13\n|inactive|Time left: 300 sec this turn | 300 sec total\n|\n|t:|1783560108\n|move|p1a: Scizor|Bullet Punch|p2a: Regice\n|-supereffective|p2a: Regice\n|-damage|p2a: Regice|92/284\n|move|p2a: Regice|Ice Beam|p1a: Scizor\n|-resisted|p1a: Scizor\n|-damage|p1a: Scizor|57/100\n|\n|-heal|p1a: Scizor|63/100|[from] item: Leftovers\n|upkeep\n|turn|14\n|inactive|Time left: 300 sec this turn | 300 sec total\n|\n|t:|1783560109\n|-terastallize|p2a: Regice|Electric\n|move|p1a: Scizor|Bullet Punch|p2a: Regice\n|-resisted|p2a: Regice\n|-damage|p2a: Regice|63/284\n|move|p2a: Regice|Thunderbolt|p1a: Scizor\n|-damage|p1a: Scizor|15/100\n|\n|-heal|p1a: Scizor|22/100|[from] item: Leftovers\n|upkeep\n|turn|15\n|inactive|Time left: 300 sec this turn | 300 sec total\n|\n|t:|1783560110\n|switch|p2a: Granbull|Granbull, L88, M|302/302\n|-damage|p2a: Granbull|265/302|[from] Stealth Rock\n|-ability|p2a: Granbull|Intimidate|boost\n|-unboost|p1a: Scizor|atk|1\n|move|p1a: Scizor|Knock Off|p2a: Granbull\n|-resisted|p2a: Granbull\n|-damage|p2a: Granbull|239/302\n|-enditem|p2a: Granbull|Leftovers|[from] move: Knock Off|[of] p1a: Scizor\n|\n|-heal|p1a: Scizor|28/100|[from] item: Leftovers\n|upkeep\n|turn|16\n|inactive|Time left: 300 sec this turn | 300 sec total\n|\n|t:|1783560111\n|move|p1a: Scizor|Bullet Punch|p2a: Granbull\n|-supereffective|p2a: Granbull\n|-damage|p2a: Granbull|137/302\n|move|p2a: Granbull|Earthquake|p1a: Scizor\n|-damage|p1a: Scizor|0 fnt\n|faint|p1a: Scizor\n|\n|upkeep\n|\n|t:|1783560112\n|switch|p1a: Rabsca|Rabsca, L91, F|54/100\n|turn|17\n|inactive|Time left: 300 sec this turn | 300 sec total\n|\n|t:|1783560113\n|move|p1a: Rabsca|Psychic|p2a: Granbull\n|-damage|p2a: Granbull|0 fnt\n|faint|p2a: Granbull\n|\n|upkeep\n|inactive|Time left: 300 sec this turn | 300 sec total | 5 sec grace\n|\n|t:|1783560114\n|switch|p2a: Regice|Regice, L88, tera:Electric|63/284\n|turn|18\n|inactive|Time left: 300 sec this turn | 300 sec total\n|\n|t:|1783560115\n|move|p2a: Regice|Rest|p2a: Regice\n|-status|p2a: Regice|slp|[from] move: Rest\n|-heal|p2a: Regice|284/284 slp|[silent]\n|move|p1a: Rabsca|Earth Power|p2a: Regice\n|-supereffective|p2a: Regice\n|-damage|p2a: Regice|202/284 slp\n|\n|upkeep\n|turn|19\n|inactive|Time left: 300 sec this turn | 300 sec total\n|\n|t:|1783560116\n|cant|p2a: Regice|slp\n|move|p2a: Regice|Sleep Talk|p2a: Regice\n|move|p2a: Regice|Rest||[from] move: Sleep Talk|[still]\n|-fail|p2a: Regice\n|move|p1a: Rabsca|Earth Power|p2a: Regice\n|-supereffective|p2a: Regice\n|-damage|p2a: Regice|116/284 slp\n|\n|upkeep\n|turn|20\n|inactive|Time left: 300 sec this turn | 300 sec total\n|\n|t:|1783560117\n|cant|p2a: Regice|slp\n|move|p2a: Regice|Sleep Talk|p2a: Regice\n|move|p2a: Regice|Thunderbolt|p1a: Rabsca|[from] move: Sleep Talk\n|-damage|p1a: Rabsca|23/100\n|move|p1a: Rabsca|Earth Power|p2a: Regice\n|-supereffective|p2a: Regice\n|-damage|p2a: Regice|28/284 slp\n|\n|upkeep\n|turn|21\n|inactive|Time left: 300 sec this turn | 300 sec total\n|\n|t:|1783560118\n|-curestatus|p2a: Regice|slp|[msg]\n|move|p2a: Regice|Ice Beam|p1a: Rabsca\n|-damage|p1a: Rabsca|0 fnt\n|faint|p1a: Rabsca\n|\n|upkeep\n|\n|t:|1783560119\n|switch|p1a: Toxtricity|Toxtricity, L82, F|45/100\n|turn|22\n|inactive|Time left: 300 sec this turn | 300 sec total\n|\n|t:|1783560120\n|move|p1a: Toxtricity|Overdrive|p2a: Regice\n|-resisted|p2a: Regice\n|-damage|p2a: Regice|0 fnt\n|faint|p2a: Regice\n|\n|upkeep\n|inactive|Time left: 300 sec this turn | 300 sec total | 5 sec grace\n|\n|t:|1783560121\n|switch|p2a: Dragapult|Dragapult, L77, M|236/262\n|-damage|p2a: Dragapult|204/262|[from] Stealth Rock\n|turn|23\n|inactive|Time left: 300 sec this turn | 300 sec total\n|\n|t:|1783560122\n|move|p2a: Dragapult|Dragon Darts|p1a: Toxtricity\n|-damage|p1a: Toxtricity|9/100\n|-anim|p2a: Dragapult|Dragon Darts|p1a: Toxtricity\n|-damage|p1a: Toxtricity|0 fnt\n|faint|p1a: Toxtricity\n|-damage|p2a: Dragapult|178/262|[from] item: Life Orb\n|\n|upkeep\n|\n|t:|1783560123\n|switch|p1a: Overqwil|Overqwil, L82, M|32/100\n|-ability|p1a: Overqwil|Intimidate|boost\n|-fail|p2a: Dragapult|unboost|[from] ability: Clear Body|[of] p2a: Dragapult\n|turn|24\n|inactive|Time left: 300 sec this turn | 300 sec total\n|\n|t:|1783560124\n|-terastallize|p1a: Overqwil|Water\n|move|p1a: Overqwil|Aqua Jet|p2a: Dragapult\n|-resisted|p2a: Dragapult\n|-crit|p2a: Dragapult\n|-damage|p2a: Dragapult|113/262\n|move|p2a: Dragapult|Dragon Darts|p1a: Overqwil\n|-damage|p1a: Overqwil|6/100\n|-anim|p2a: Dragapult|Dragon Darts|p1a: Overqwil\n|-damage|p1a: Overqwil|0 fnt\n|faint|p1a: Overqwil\n|-damage|p2a: Dragapult|87/262|[from] item: Life Orb\n|\n|upkeep\n|\n|t:|1783560125\n|switch|p1a: Dragonite|Dragonite, L74, F|45/100\n|turn|25\n|inactive|Time left: 300 sec this turn | 300 sec total\n|\n|t:|1783560126\n|move|p2a: Dragapult|Dragon Darts|p1a: Dragonite\n|-supereffective|p1a: Dragonite\n|-damage|p1a: Dragonite|0 fnt\n|faint|p1a: Dragonite\n|-damage|p2a: Dragapult|61/262|[from] item: Life Orb\n|\n|win|p0y18006eb4", "uploadtime": 1783560126, "views": 0, "rating": 0, "private": 0, "password": null, "_winner": "p0y18006eb4", "_our_name": "p0y18006eb4"}