{"id": "battle-gen9randombattle-30", "formatid": "gen9randombattle", "format": "[Gen 9] Random Battle", "players": ["p0x0301930", "p0y0303c37"], "log": "|init|battle\n|title|p0x0301930 vs. p0y0303c37\n|j|\u2606p0x0301930\n|j|\u2606p0y0303c37\n|t:|1783533603\n|gametype|singles\n|player|p1|p0x0301930|2|\n|player|p2|p0y0303c37|101|\n|gen|9\n|tier|[Gen 9] Random Battle\n|rule|Species Clause: Limit one of each Pok\u00e9mon\n|rule|HP Percentage Mod: HP is shown in percentages\n|rule|Sleep Clause Mod: Limit one foe put to sleep\n|rule|Illusion Level Mod: Illusion disguises the Pok\u00e9mon's true level\n|\n|t:|1783533603\n|teamsize|p1|6\n|teamsize|p2|6\n|start\n|switch|p1a: Bellibolt|Bellibolt, L84, F|320/320\n|switch|p2a: Bruxish|Bruxish, L85, F|100/100\n|turn|1\n|inactive|Battle timer is ON: inactive players will automatically lose when time's up. (requested by p0x0301930)\n|inactive|p0y0303c37 also wants the timer to be on.\n|\n|t:|1783533604\n|switch|p2a: Slaking|Slaking, L84, M|100/100\n|move|p1a: Bellibolt|Thunderbolt|p2a: Slaking\n|-damage|p2a: Slaking|71/100\n|\n|upkeep\n|turn|2\n|inactive|Time left: 300 sec this turn | 300 sec total\n|\n|t:|1783533605\n|switch|p1a: Tauros|Tauros-Paldea-Combat, L82, M|257/257\n|-ability|p1a: Tauros|Intimidate|boost\n|-unboost|p2a: Slaking|atk|1\n|move|p2a: Slaking|Giga Impact|p1a: Tauros\n|-damage|p1a: Tauros|62/257\n|-mustrecharge|p2a: Slaking\n|\n|upkeep\n|turn|3\n|inactive|Time left: 300 sec this turn | 300 sec total\n|\n|t:|1783533606\n|cant|p2a: Slaking|recharge\n|move|p1a: Tauros|Close Combat|p2a: Slaking\n|-supereffective|p2a: Slaking\n|-damage|p2a: Slaking|0 fnt\n|-unboost|p1a: Tauros|def|1\n|-unboost|p1a: Tauros|spd|1\n|faint|p2a: Slaking\n|\n|upkeep\n|\n|t:|1783533607\n|switch|p2a: Mesprit|Mesprit, L85|100/100\n|turn|4\n|inactive|Time left: 300 sec this turn | 300 sec total\n|\n|t:|1783533608\n|switch|p1a: Bisharp|Bisharp, L79, F|232/232\n|move|p2a: Mesprit|Thunderbolt|p1a: Bisharp\n|-damage|p1a: Bisharp|172/232\n|\n|upkeep\n|turn|5\n|inactive|Time left: 300 sec this turn | 300 sec total\n|\n|t:|1783533610\n|move|p2a: Mesprit|Thunderbolt|p1a: Bisharp\n|-damage|p1a: Bisharp|110/232\n|move|p1a: Bisharp|Throat Chop|p2a: Mesprit\n|-supereffective|p2a: Mesprit\n|-damage|p2a: Mesprit|45/100\n|-start|p2a: Mesprit|Throat Chop|[silent]\n|\n|upkeep\n|turn|6\n|inactive|Time left: 300 sec this turn | 300 sec total\n|\n|t:|1783533611\n|switch|p2a: Palkia|Palkia, L75|100/100\n|-ability|p2a: Palkia|Pressure\n|move|p1a: Bisharp|Throat Chop|p2a: Palkia\n|-damage|p2a: Palkia|63/100\n|-start|p2a: Palkia|Throat Chop|[silent]\n|\n|upkeep\n|turn|7\n|inactive|Time left: 300 sec this turn | 300 sec total\n|\n|t:|1783533612\n|move|p1a: Bisharp|Sucker Punch|p2a: Palkia\n|-damage|p2a: Palkia|29/100\n|move|p2a: Palkia|Hydro Pump|p1a: Bisharp\n|-damage|p1a: Bisharp|0 fnt\n|faint|p1a: Bisharp\n|\n|-end|p2a: Palkia|Throat Chop|[silent]\n|upkeep\n|inactive|Time left: 300 sec this turn | 300 sec total | 5 sec grace\n|\n|t:|1783533614\n|switch|p1a: Tauros|Tauros-Paldea-Combat, L82, M|62/257\n|-ability|p1a: Tauros|Intimidate|boost\n|-unboost|p2a: Palkia|atk|1\n|turn|8\n|inactive|Time left: 300 sec this turn | 300 sec total\n|\n|t:|1783533615\n|switch|p2a: Tauros|Tauros-Paldea-Combat, L82, M|100/100\n|-ability|p2a: Tauros|Intimidate|boost\n|-unboost|p1a: Tauros|atk|1\n|move|p1a: Tauros|Throat Chop|p2a: Tauros\n|-resisted|p2a: Tauros\n|-damage|p2a: Tauros|90/100\n|-start|p2a: Tauros|Throat Chop|[silent]\n|\n|upkeep\n|turn|9\n|inactive|Time left: 300 sec this turn | 300 sec total\n|\n|t:|1783533616\n|switch|p1a: Scovillain|Scovillain, L91, F|266/266\n|move|p2a: Tauros|Earthquake|p1a: Scovillain\n|-damage|p1a: Scovillain|144/266\n|\n|-end|p2a: Tauros|Throat Chop|[silent]\n|upkeep\n|turn|10\n|inactive|Time left: 300 sec this turn | 300 sec total\n|\n|t:|1783533617\n|move|p1a: Scovillain|Energy Ball|p2a: Tauros\n|-damage|p2a: Tauros|33/100\n|move|p2a: Tauros|Earthquake|p1a: Scovillain\n|-damage|p1a: Scovillain|12/266\n|\n|upkeep\n|turn|11\n|inactive|Time left: 300 sec this turn | 300 sec total\n|\n|t:|1783533618\n|switch|p2a: Annihilape|Annihilape, L76, F|100/100\n|move|p1a: Scovillain|Energy Ball|p2a: Annihilape\n|-damage|p2a: Annihilape|54/100\n|\n|-heal|p2a: Annihilape|60/100|[from] item: Leftovers\n|upkeep\n|turn|12\n|inactive|Time left: 300 sec this turn | 300 sec total\n|\n|t:|1783533619\n|move|p1a: Scovillain|Energy Ball|p2a: Annihilape\n|-damage|p2a: Annihilape|19/100\n|move|p2a: Annihilape|Rage Fist|p1a: Scovillain\n|-damage|p1a: Scovillain|0 fnt\n|faint|p1a: Scovillain\n|\n|-heal|p2a: Annihilape|25/100|[from] item: Leftovers\n|upkeep\n|inactive|Time left: 300 sec this turn | 300 sec total | 5 sec grace\n|\n|t:|1783533620\n|switch|p1a: Houndoom|Houndoom, L87, F|272/272\n|turn|13\n|inactive|Time left: 300 sec this turn | 300 sec total\n|\n|t:|1783533621\n|switch|p2a: Tauros|Tauros-Paldea-Combat, L82, M|33/100\n|-ability|p2a: Tauros|Intimidate|boost\n|-unboost|p1a: Houndoom|atk|1\n|move|p1a: Houndoom|Dark Pulse|p2a: Tauros\n|-resisted|p2a: Tauros\n|-damage|p2a: Tauros|12/100\n|\n|upkeep\n|turn|14\n|inactive|Time left: 300 sec this turn | 300 sec total\n|\n|t:|1783533622\n|move|p1a: Houndoom|Dark Pulse|p2a: Tauros\n|-resisted|p2a: Tauros\n|-damage|p2a: Tauros|0 fnt\n|faint|p2a: Tauros\n|\n|upkeep\n|\n|t:|1783533623\n|switch|p2a: Mesprit|Mesprit, L85|45/100\n|turn|15\n|inactive|Time left: 300 sec this turn | 300 sec total\n|\n|t:|1783533625\n|move|p2a: Mesprit|Ice Beam|p1a: Houndoom\n|-resisted|p1a: Houndoom\n|-damage|p1a: Houndoom|235/272\n|move|p1a: Houndoom|Dark Pulse|p2a: Mesprit\n|-supereffective|p2a: Mesprit\n|-damage|p2a: Mesprit|0 fnt\n|faint|p2a: Mesprit\n|\n|upkeep\n|\n|t:|1783533626\n|switch|p2a: Bruxish|Bruxish, L85, F|100/100\n|turn|16\n|inactive|Time left: 300 sec this turn | 300 sec total\n|\n|t:|1783533627\n|move|p1a: Houndoom|Dark Pulse|p2a: Bruxish\n|-supereffective|p2a: Bruxish\n|-damage|p2a: Bruxish|10/100\n|move|p2a: Bruxish|Wave Crash|p1a: Houndoom\n|-supereffective|p1a: Houndoom\n|-damage|p1a: Houndoom|0 fnt\n|faint|p1a: Houndoom\n|-damage|p2a: Bruxish|0 fnt|[from] Recoil\n|faint|p2a: Bruxish\n|\n|upkeep\n|inactive|Time left: 300 sec this turn | 300 sec total | 5 sec grace\n|\n|t:|1783533628\n|switch|p1a: Tauros|Tauros-Paldea-Combat, L82, M|62/257\n|switch|p2a: Annihilape|Annihilape, L76, F|25/100\n|-ability|p1a: Tauros|Intimidate|boost\n|-unboost|p2a: Annihilape|atk|1\n|-ability|p2a: Annihilape|Defiant|boost\n|-boost|p2a: Annihilape|atk|2\n|turn|17\n|inactive|Time left: 300 sec this turn | 300 sec total\n|\n|t:|1783533629\n|-terastallize|p2a: Annihilape|Steel\n|move|p1a: Tauros|Throat Chop|p2a: Annihilape\n|-damage|p2a: Annihilape|0 fnt\n|faint|p2a: Annihilape\n|\n|upkeep\n|\n|t:|1783533630\n|switch|p2a: Palkia|Palkia, L75|29/100\n|-ability|p2a: Palkia|Pressure\n|turn|18\n|inactive|Time left: 300 sec this turn | 300 sec total\n|\n|t:|1783533632\n|-terastallize|p1a: Tauros|Dark\n|move|p1a: Tauros|Throat Chop|p2a: Palkia\n|-damage|p2a: Palkia|0 fnt\n|faint|p2a: Palkia\n|\n|win|p0x0301930", "uploadtime": 1783533632, "views": 0, "rating": 0, "private": 0, "password": null, "_winner": "p0x0301930", "_our_name": "p0x0301930"}