{"id": "battle-gen9randombattle-2148", "formatid": "gen9randombattle", "format": "[Gen 9] Random Battle", "players": ["p0x2148b18a", "p0y21482ca3"], "log": "|init|battle\n|title|p0x2148b18a vs. p0y21482ca3\n|j|\u2606p0x2148b18a\n|j|\u2606p0y21482ca3\n|t:|1783564862\n|gametype|singles\n|player|p1|p0x2148b18a|169|\n|player|p2|p0y21482ca3|102|\n|gen|9\n|tier|[Gen 9] Random Battle\n|rule|Species Clause: Limit one of each Pok\u00e9mon\n|rule|HP Percentage Mod: HP is shown in percentages\n|rule|Sleep Clause Mod: Limit one foe put to sleep\n|rule|Illusion Level Mod: Illusion disguises the Pok\u00e9mon's true level\n|\n|t:|1783564862\n|teamsize|p1|6\n|teamsize|p2|6\n|start\n|switch|p1a: Weezing|Weezing-Galar, L86, M|100/100\n|switch|p2a: Magcargo|Magcargo, L95, F|268/268\n|turn|1\n|inactive|Battle timer is ON: inactive players will automatically lose when time's up. (requested by p0x2148b18a)\n|inactive|Time left: 300 sec this turn | 300 sec total | 60 sec grace\n|inactive|p0y21482ca3 also wants the timer to be on.\n|\n|t:|1783564864\n|move|p1a: Weezing|Gunk Shot|p2a: Magcargo\n|-resisted|p2a: Magcargo\n|-damage|p2a: Magcargo|223/268\n|-ability|p2a: Magcargo|Weak Armor|boost\n|-unboost|p2a: Magcargo|def|1\n|-boost|p2a: Magcargo|spe|2\n|move|p2a: Magcargo|Shell Smash|p2a: Magcargo\n|-unboost|p2a: Magcargo|def|1\n|-unboost|p2a: Magcargo|spd|1\n|-boost|p2a: Magcargo|atk|2\n|-boost|p2a: Magcargo|spa|2\n|-boost|p2a: Magcargo|spe|2\n|\n|upkeep\n|turn|2\n|inactive|Time left: 300 sec this turn | 300 sec total\n|\n|t:|1783564865\n|switch|p1a: Dondozo|Dondozo, L78, M|100/100\n|move|p2a: Magcargo|Fire Blast|p1a: Dondozo\n|-resisted|p1a: Dondozo\n|-damage|p1a: Dondozo|74/100\n|\n|-heal|p1a: Dondozo|80/100|[from] item: Leftovers\n|upkeep\n|turn|3\n|inactive|Time left: 300 sec this turn | 300 sec total\n|\n|t:|1783564866\n|-terastallize|p2a: Magcargo|Grass\n|move|p2a: Magcargo|Power Gem|p1a: Dondozo\n|-damage|p1a: Dondozo|42/100\n|move|p1a: Dondozo|Wave Crash|p2a: Magcargo\n|-resisted|p2a: Magcargo\n|-damage|p2a: Magcargo|181/268\n|-ability|p2a: Magcargo|Weak Armor|boost\n|-unboost|p2a: Magcargo|def|1\n|-boost|p2a: Magcargo|spe|2\n|-damage|p1a: Dondozo|39/100|[from] Recoil\n|\n|-heal|p1a: Dondozo|45/100|[from] item: Leftovers\n|upkeep\n|turn|4\n|inactive|Time left: 300 sec this turn | 300 sec total\n|\n|t:|1783564867\n|move|p2a: Magcargo|Shell Smash|p2a: Magcargo\n|-unboost|p2a: Magcargo|def|1\n|-unboost|p2a: Magcargo|spd|1\n|-boost|p2a: Magcargo|atk|2\n|-boost|p2a: Magcargo|spa|2\n|-boost|p2a: Magcargo|spe|0\n|move|p1a: Dondozo|Rest|p1a: Dondozo\n|-status|p1a: Dondozo|slp|[from] move: Rest\n|-heal|p1a: Dondozo|100/100 slp|[silent]\n|\n|upkeep\n|turn|5\n|inactive|Time left: 300 sec this turn | 300 sec total\n|\n|t:|1783564867\n|move|p2a: Magcargo|Power Gem|p1a: Dondozo\n|-damage|p1a: Dondozo|65/100 slp\n|cant|p1a: Dondozo|slp\n|\n|-heal|p1a: Dondozo|71/100 slp|[from] item: Leftovers\n|upkeep\n|turn|6\n|inactive|Time left: 300 sec this turn | 300 sec total\n|\n|t:|1783564868\n|move|p2a: Magcargo|Power Gem|p1a: Dondozo\n|-damage|p1a: Dondozo|32/100 slp\n|cant|p1a: Dondozo|slp\n|\n|-heal|p1a: Dondozo|38/100 slp|[from] item: Leftovers\n|upkeep\n|turn|7\n|inactive|Time left: 300 sec this turn | 300 sec total\n|\n|t:|1783564869\n|move|p2a: Magcargo|Power Gem|p1a: Dondozo\n|-damage|p1a: Dondozo|0 fnt\n|faint|p1a: Dondozo\n|\n|upkeep\n|\n|t:|1783564869\n|switch|p1a: Latias|Latias, L79, F|100/100\n|turn|8\n|inactive|Time left: 300 sec this turn | 300 sec total\n|\n|t:|1783564870\n|move|p2a: Magcargo|Power Gem|p1a: Latias\n|-damage|p1a: Latias|12/100\n|move|p1a: Latias|Psyshock|p2a: Magcargo\n|-damage|p2a: Magcargo|0 fnt\n|faint|p2a: Magcargo\n|\n|upkeep\n|inactive|Time left: 300 sec this turn | 300 sec total | 5 sec grace\n|\n|t:|1783564871\n|switch|p2a: Ursaluna|Ursaluna, L79, F|335/335\n|turn|9\n|inactive|Time left: 300 sec this turn | 300 sec total\n|\n|t:|1783564872\n|move|p1a: Latias|Recover|p1a: Latias\n|-heal|p1a: Latias|62/100\n|move|p2a: Ursaluna|Swords Dance|p2a: Ursaluna\n|-boost|p2a: Ursaluna|atk|2\n|\n|-status|p2a: Ursaluna|brn|[from] item: Flame Orb\n|upkeep\n|turn|10\n|inactive|Time left: 300 sec this turn | 300 sec total\n|\n|t:|1783564872\n|move|p1a: Latias|Draco Meteor|p2a: Ursaluna\n|-damage|p2a: Ursaluna|157/335 brn\n|-unboost|p1a: Latias|spa|2\n|move|p2a: Ursaluna|Facade|p1a: Latias\n|-damage|p1a: Latias|0 fnt\n|faint|p1a: Latias\n|\n|-damage|p2a: Ursaluna|137/335 brn|[from] brn\n|upkeep\n|\n|t:|1783564873\n|switch|p1a: Ambipom|Ambipom, L84, F|100/100\n|turn|11\n|inactive|Time left: 300 sec this turn | 300 sec total\n|\n|t:|1783564874\n|switch|p2a: Overqwil|Overqwil, L82, M|274/274\n|-ability|p2a: Overqwil|Intimidate|boost\n|-unboost|p1a: Ambipom|atk|1\n|move|p1a: Ambipom|Triple Axel|p2a: Overqwil|[miss]\n|-miss|p1a: Ambipom|p2a: Overqwil\n|\n|upkeep\n|turn|12\n|inactive|Time left: 300 sec this turn | 300 sec total\n|\n|t:|1783564875\n|move|p1a: Ambipom|Triple Axel|p2a: Overqwil\n|-damage|p2a: Overqwil|252/274\n|-damage|p2a: Overqwil|209/274\n|-damage|p2a: Overqwil|149/274\n|-hitcount|p2a: Overqwil|3\n|move|p2a: Overqwil|Gunk Shot|p1a: Ambipom\n|-damage|p1a: Ambipom|33/100\n|-status|p1a: Ambipom|psn\n|\n|-damage|p1a: Ambipom|21/100 psn|[from] psn\n|upkeep\n|turn|13\n|inactive|Time left: 300 sec this turn | 300 sec total\n|\n|t:|1783564876\n|switch|p2a: Manaphy|Manaphy, L78|284/284\n|-terastallize|p1a: Ambipom|Ice\n|move|p1a: Ambipom|Triple Axel|p2a: Manaphy\n|-resisted|p2a: Manaphy\n|-damage|p2a: Manaphy|268/284\n|-resisted|p2a: Manaphy\n|-damage|p2a: Manaphy|237/284\n|-hitcount|p2a: Manaphy|2\n|\n|-heal|p2a: Manaphy|254/284|[from] item: Leftovers\n|-damage|p1a: Ambipom|9/100 psn|[from] psn\n|upkeep\n|turn|14\n|inactive|Time left: 300 sec this turn | 300 sec total\n|\n|t:|1783564877\n|move|p1a: Ambipom|Triple Axel|p2a: Manaphy\n|-resisted|p2a: Manaphy\n|-damage|p2a: Manaphy|238/284\n|-hitcount|p2a: Manaphy|1\n|move|p2a: Manaphy|Tail Glow|p2a: Manaphy\n|-boost|p2a: Manaphy|spa|3\n|\n|-heal|p2a: Manaphy|255/284|[from] item: Leftovers\n|-damage|p1a: Ambipom|0 fnt|[from] psn\n|faint|p1a: Ambipom\n|upkeep\n|\n|t:|1783564878\n|switch|p1a: Eelektross|Eelektross, L87, M|100/100\n|turn|15\n|inactive|Time left: 300 sec this turn | 300 sec total\n|\n|t:|1783564879\n|move|p2a: Manaphy|Surf|p1a: Eelektross\n|-damage|p1a: Eelektross|30/100\n|move|p1a: Eelektross|Supercell Slam|p2a: Manaphy\n|-supereffective|p2a: Manaphy\n|-damage|p2a: Manaphy|1/284\n|\n|-heal|p2a: Manaphy|18/284|[from] item: Leftovers\n|-heal|p1a: Eelektross|36/100|[from] item: Leftovers\n|upkeep\n|turn|16\n|inactive|Time left: 300 sec this turn | 300 sec total\n|\n|t:|1783564881\n|move|p2a: Manaphy|Ice Beam|p1a: Eelektross\n|-damage|p1a: Eelektross|0 fnt\n|faint|p1a: Eelektross\n|\n|-heal|p2a: Manaphy|35/284|[from] item: Leftovers\n|upkeep\n|\n|t:|1783564882\n|switch|p1a: Flamigo|Flamigo, L82, F|100/100\n|turn|17\n|inactive|Time left: 300 sec this turn | 300 sec total\n|\n|t:|1783564883\n|move|p1a: Flamigo|Close Combat|p2a: Manaphy\n|-damage|p2a: Manaphy|0 fnt\n|-unboost|p1a: Flamigo|def|1\n|-unboost|p1a: Flamigo|spd|1\n|faint|p2a: Manaphy\n|\n|upkeep\n|inactive|Time left: 300 sec this turn | 300 sec total | 5 sec grace\n|\n|t:|1783564884\n|switch|p2a: Overqwil|Overqwil, L82, M|149/274\n|-ability|p2a: Overqwil|Intimidate|boost\n|-fail|p1a: Flamigo|unboost|Attack|[from] ability: Scrappy|[of] p1a: Flamigo\n|turn|18\n|inactive|Time left: 300 sec this turn | 300 sec total\n|\n|t:|1783564885\n|switch|p1a: Weezing|Weezing-Galar, L86, M|100/100\n|move|p2a: Overqwil|Gunk Shot|p1a: Weezing|[miss]\n|-miss|p2a: Overqwil|p1a: Weezing\n|\n|upkeep\n|turn|19\n|inactive|Time left: 300 sec this turn | 300 sec total\n|\n|t:|1783564886\n|move|p2a: Overqwil|Gunk Shot|p1a: Weezing|[miss]\n|-miss|p2a: Overqwil|p1a: Weezing\n|move|p1a: Weezing|Strange Steam|p2a: Overqwil\n|-damage|p2a: Overqwil|32/274\n|\n|upkeep\n|turn|20\n|inactive|Time left: 300 sec this turn | 300 sec total\n|\n|t:|1783564887\n|move|p2a: Overqwil|Gunk Shot|p1a: Weezing\n|-damage|p1a: Weezing|56/100\n|move|p1a: Weezing|Will-O-Wisp|p2a: Overqwil\n|-status|p2a: Overqwil|brn\n|\n|-heal|p1a: Weezing|62/100|[from] item: Leftovers\n|-damage|p2a: Overqwil|15/274 brn|[from] brn\n|upkeep\n|turn|21\n|inactive|Time left: 300 sec this turn | 300 sec total\n|\n|t:|1783564888\n|move|p2a: Overqwil|Gunk Shot|p1a: Weezing|[miss]\n|-miss|p2a: Overqwil|p1a: Weezing\n|move|p1a: Weezing|Gunk Shot|p2a: Overqwil\n|-resisted|p2a: Overqwil\n|-damage|p2a: Overqwil|0 fnt\n|faint|p2a: Overqwil\n|\n|-heal|p1a: Weezing|68/100|[from] item: Leftovers\n|upkeep\n|inactive|Time left: 300 sec this turn | 300 sec total | 5 sec grace\n|\n|t:|1783564889\n|switch|p2a: Rampardos|Rampardos, L90, M|321/321\n|turn|22\n|inactive|Time left: 300 sec this turn | 300 sec total\n|\n|t:|1783564890\n|move|p2a: Rampardos|Zen Headbutt|p1a: Weezing\n|-supereffective|p1a: Weezing\n|-damage|p1a: Weezing|0 fnt\n|faint|p1a: Weezing\n|\n|upkeep\n|\n|t:|1783564891\n|switch|p1a: Flamigo|Flamigo, L82, F|100/100\n|turn|23\n|inactive|Time left: 300 sec this turn | 300 sec total\n|\n|t:|1783564892\n|move|p1a: Flamigo|Close Combat|p2a: Rampardos\n|-supereffective|p2a: Rampardos\n|-damage|p2a: Rampardos|0 fnt\n|-unboost|p1a: Flamigo|def|1\n|-unboost|p1a: Flamigo|spd|1\n|faint|p2a: Rampardos\n|\n|upkeep\n|inactive|Time left: 300 sec this turn | 300 sec total | 5 sec grace\n|\n|t:|1783564893\n|switch|p2a: Torterra|Torterra, L78, M|276/276\n|turn|24\n|inactive|Time left: 300 sec this turn | 300 sec total\n|\n|t:|1783564894\n|switch|p2a: Ursaluna|Ursaluna, L79, F|137/335 brn\n|move|p1a: Flamigo|Close Combat|p2a: Ursaluna\n|-supereffective|p2a: Ursaluna\n|-damage|p2a: Ursaluna|0 fnt\n|-unboost|p1a: Flamigo|def|1\n|-unboost|p1a: Flamigo|spd|1\n|faint|p2a: Ursaluna\n|\n|upkeep\n|inactive|Time left: 300 sec this turn | 300 sec total | 5 sec grace\n|\n|t:|1783564895\n|switch|p2a: Torterra|Torterra, L78, M|276/276\n|turn|25\n|inactive|Time left: 300 sec this turn | 300 sec total\n|\n|t:|1783564896\n|move|p1a: Flamigo|Close Combat|p2a: Torterra\n|-damage|p2a: Torterra|158/276\n|-unboost|p1a: Flamigo|def|1\n|-unboost|p1a: Flamigo|spd|1\n|move|p2a: Torterra|Bullet Seed|p1a: Flamigo\n|-resisted|p1a: Flamigo\n|-damage|p1a: Flamigo|86/100\n|-resisted|p1a: Flamigo\n|-damage|p1a: Flamigo|73/100\n|-resisted|p1a: Flamigo\n|-damage|p1a: Flamigo|58/100\n|-resisted|p1a: Flamigo\n|-damage|p1a: Flamigo|44/100\n|-resisted|p1a: Flamigo\n|-damage|p1a: Flamigo|31/100\n|-hitcount|p1a: Flamigo|5\n|\n|upkeep\n|turn|26\n|inactive|Time left: 300 sec this turn | 300 sec total\n|\n|t:|1783564897\n|move|p1a: Flamigo|Close Combat|p2a: Torterra\n|-damage|p2a: Torterra|29/276\n|-unboost|p1a: Flamigo|def|1\n|-unboost|p1a: Flamigo|spd|1\n|move|p2a: Torterra|Bullet Seed|p1a: Flamigo\n|-resisted|p1a: Flamigo\n|-damage|p1a: Flamigo|8/100\n|-resisted|p1a: Flamigo\n|-damage|p1a: Flamigo|0 fnt\n|faint|p1a: Flamigo\n|-hitcount|p1: Flamigo|2\n|\n|win|p0y21482ca3", "uploadtime": 1783564897, "views": 0, "rating": 0, "private": 0, "password": null, "_winner": "p0y21482ca3", "_our_name": "p0y21482ca3"}