{"id": "battle-gen9randombattle-1157", "formatid": "gen9randombattle", "format": "[Gen 9] Random Battle", "players": ["p0x115783fd", "p0y11571e68"], "log": "|init|battle\n|title|p0x115783fd vs. p0y11571e68\n|j|\u2606p0x115783fd\n|j|\u2606p0y11571e68\n|t:|1783553421\n|gametype|singles\n|player|p1|p0x115783fd|170|\n|player|p2|p0y11571e68|170|\n|gen|9\n|tier|[Gen 9] Random Battle\n|rule|Species Clause: Limit one of each Pok\u00e9mon\n|rule|HP Percentage Mod: HP is shown in percentages\n|rule|Sleep Clause Mod: Limit one foe put to sleep\n|rule|Illusion Level Mod: Illusion disguises the Pok\u00e9mon's true level\n|\n|t:|1783553421\n|teamsize|p1|6\n|teamsize|p2|6\n|start\n|switch|p1a: Volcanion|Volcanion, L79|100/100\n|switch|p2a: Skarmory|Skarmory, L80, F|235/235\n|turn|1\n|inactive|Battle timer is ON: inactive players will automatically lose when time's up. (requested by p0x115783fd)\n|inactive|Time left: 300 sec this turn | 300 sec total | 60 sec grace\n|inactive|p0y11571e68 also wants the timer to be on.\n|\n|t:|1783553423\n|switch|p2a: Baxcalibur|Baxcalibur, L75, M|295/295\n|move|p1a: Volcanion|Steam Eruption|p2a: Baxcalibur\n|-resisted|p2a: Baxcalibur\n|-damage|p2a: Baxcalibur|220/295\n|\n|upkeep\n|turn|2\n|inactive|Time left: 300 sec this turn | 300 sec total\n|\n|t:|1783553424\n|move|p2a: Baxcalibur|Glaive Rush|p1a: Volcanion\n|-damage|p1a: Volcanion|30/100\n|-singlemove|p2a: Baxcalibur|Glaive Rush|[silent]\n|move|p1a: Volcanion|Steam Eruption|p2a: Baxcalibur\n|-resisted|p2a: Baxcalibur\n|-damage|p2a: Baxcalibur|82/295\n|\n|upkeep\n|turn|3\n|inactive|Time left: 300 sec this turn | 300 sec total\n|\n|t:|1783553425\n|move|p2a: Baxcalibur|Glaive Rush|p1a: Volcanion\n|-crit|p1a: Volcanion\n|-damage|p1a: Volcanion|0 fnt\n|-singlemove|p2a: Baxcalibur|Glaive Rush|[silent]\n|faint|p1a: Volcanion\n|\n|upkeep\n|\n|t:|1783553426\n|switch|p1a: Kricketune|Kricketune, L99, F|100/100\n|turn|4\n|inactive|Time left: 300 sec this turn | 300 sec total\n|\n|t:|1783553427\n|switch|p2a: Magcargo|Magcargo, L95, M|268/268\n|move|p1a: Kricketune|Pounce|p2a: Magcargo\n|-resisted|p2a: Magcargo\n|-damage|p2a: Magcargo|232/268\n|-unboost|p2a: Magcargo|spe|1\n|-ability|p2a: Magcargo|Weak Armor|boost\n|-unboost|p2a: Magcargo|def|1\n|-boost|p2a: Magcargo|spe|2\n|\n|upkeep\n|turn|5\n|inactive|Time left: 300 sec this turn | 300 sec total\n|\n|t:|1783553428\n|switch|p1a: Swampert|Swampert, L83, F|100/100\n|move|p2a: Magcargo|Fire Blast|p1a: Swampert\n|-resisted|p1a: Swampert\n|-damage|p1a: Swampert|76/100\n|\n|-heal|p1a: Swampert|82/100|[from] item: Leftovers\n|upkeep\n|turn|6\n|inactive|Time left: 300 sec this turn | 300 sec total\n|\n|t:|1783553430\n|-terastallize|p2a: Magcargo|Grass\n|move|p2a: Magcargo|Fire Blast|p1a: Swampert\n|-resisted|p1a: Swampert\n|-crit|p1a: Swampert\n|-damage|p1a: Swampert|46/100\n|move|p1a: Swampert|Earthquake|p2a: Magcargo\n|-resisted|p2a: Magcargo\n|-damage|p2a: Magcargo|169/268\n|-ability|p2a: Magcargo|Weak Armor|boost\n|-unboost|p2a: Magcargo|def|1\n|-boost|p2a: Magcargo|spe|2\n|\n|-heal|p1a: Swampert|52/100|[from] item: Leftovers\n|upkeep\n|turn|7\n|inactive|Time left: 300 sec this turn | 300 sec total\n|\n|t:|1783553431\n|move|p2a: Magcargo|Earth Power|p1a: Swampert\n|-damage|p1a: Swampert|25/100\n|move|p1a: Swampert|Ice Beam|p2a: Magcargo\n|-supereffective|p2a: Magcargo\n|-damage|p2a: Magcargo|69/268\n|\n|-heal|p1a: Swampert|31/100|[from] item: Leftovers\n|upkeep\n|turn|8\n|inactive|Time left: 300 sec this turn | 300 sec total\n|\n|t:|1783553432\n|move|p2a: Magcargo|Fire Blast|p1a: Swampert\n|-resisted|p1a: Swampert\n|-damage|p1a: Swampert|10/100\n|move|p1a: Swampert|Flip Turn|p2a: Magcargo\n|-resisted|p2a: Magcargo\n|-damage|p2a: Magcargo|0 fnt\n|faint|p2a: Magcargo\n|\n|t:|1783553433\n|switch|p1a: Azelf|Azelf, L82|100/100|[from] Flip Turn\n|\n|upkeep\n|inactive|Time left: 300 sec this turn | 300 sec total | 10 sec grace\n|\n|t:|1783553434\n|switch|p2a: Dialga|Dialga-Origin, L73|266/266\n|-ability|p2a: Dialga|Pressure\n|turn|9\n|inactive|Time left: 300 sec this turn | 300 sec total\n|\n|t:|1783553435\n|move|p1a: Azelf|Fire Blast|p2a: Dialga\n|-damage|p2a: Dialga|137/266\n|-status|p2a: Dialga|brn\n|move|p2a: Dialga|Flash Cannon|p1a: Azelf\n|-damage|p1a: Azelf|49/100\n|\n|-damage|p2a: Dialga|121/266 brn|[from] brn\n|upkeep\n|turn|10\n|inactive|Time left: 300 sec this turn | 300 sec total\n|\n|t:|1783553436\n|move|p1a: Azelf|Fire Blast|p2a: Dialga\n|-damage|p2a: Dialga|9/266 brn\n|move|p2a: Dialga|Flash Cannon|p1a: Azelf\n|-damage|p1a: Azelf|0 fnt\n|faint|p1a: Azelf\n|\n|-damage|p2a: Dialga|0 fnt|[from] brn\n|faint|p2a: Dialga\n|upkeep\n|inactive|Time left: 300 sec this turn | 300 sec total | 5 sec grace\n|\n|t:|1783553438\n|switch|p1a: Iron Thorns|Iron Thorns, L83|100/100\n|switch|p2a: Vespiquen|Vespiquen, L99, F|299/299\n|-ability|p2a: Vespiquen|Pressure\n|-enditem|p1a: Iron Thorns|Booster Energy\n|-activate|p1a: Iron Thorns|ability: Quark Drive|[fromitem]\n|-start|p1a: Iron Thorns|quarkdriveatk\n|turn|11\n|inactive|Time left: 300 sec this turn | 300 sec total\n|\n|t:|1783553439\n|switch|p2a: Victreebel|Victreebel, L90, M|290/290\n|move|p1a: Iron Thorns|Stone Edge|p2a: Victreebel\n|-crit|p2a: Victreebel\n|-damage|p2a: Victreebel|0 fnt\n|faint|p2a: Victreebel\n|\n|upkeep\n|inactive|Time left: 300 sec this turn | 300 sec total | 5 sec grace\n|\n|t:|1783553440\n|switch|p2a: Baxcalibur|Baxcalibur, L75, M|82/295\n|turn|12\n|inactive|Time left: 300 sec this turn | 300 sec total\n|\n|t:|1783553441\n|move|p2a: Baxcalibur|Earthquake|p1a: Iron Thorns\n|-supereffective|p1a: Iron Thorns\n|-damage|p1a: Iron Thorns|0 fnt\n|faint|p1a: Iron Thorns\n|-end|p1a: Iron Thorns|Quark Drive|[silent]\n|\n|upkeep\n|\n|t:|1783553442\n|switch|p1a: Hawlucha|Hawlucha, L80, M|100/100\n|turn|13\n|inactive|Time left: 300 sec this turn | 300 sec total\n|\n|t:|1783553443\n|switch|p2a: Skarmory|Skarmory, L80, F|235/235\n|move|p1a: Hawlucha|Swords Dance|p1a: Hawlucha\n|-boost|p1a: Hawlucha|atk|2\n|\n|upkeep\n|turn|14\n|inactive|Time left: 300 sec this turn | 300 sec total\n|\n|t:|1783553444\n|move|p1a: Hawlucha|Stone Edge|p2a: Skarmory\n|-damage|p2a: Skarmory|143/235\n|move|p2a: Skarmory|Brave Bird|p1a: Hawlucha\n|-supereffective|p1a: Hawlucha\n|-damage|p1a: Hawlucha|14/100\n|-damage|p2a: Skarmory|70/235|[from] Recoil\n|\n|upkeep\n|turn|15\n|inactive|Time left: 300 sec this turn | 300 sec total\n|\n|t:|1783553445\n|move|p1a: Hawlucha|Stone Edge|p2a: Skarmory|[miss]\n|-miss|p1a: Hawlucha|p2a: Skarmory\n|move|p2a: Skarmory|Brave Bird|p1a: Hawlucha\n|-supereffective|p1a: Hawlucha\n|-damage|p1a: Hawlucha|0 fnt\n|faint|p1a: Hawlucha\n|-damage|p2a: Skarmory|59/235|[from] Recoil\n|\n|upkeep\n|\n|t:|1783553446\n|switch|p1a: Kricketune|Kricketune, L99, F|100/100\n|turn|16\n|inactive|Time left: 300 sec this turn | 300 sec total\n|\n|t:|1783553447\n|move|p1a: Kricketune|Knock Off|p2a: Skarmory\n|-damage|p2a: Skarmory|0 fnt\n|-damage|p1a: Kricketune|84/100|[from] item: Rocky Helmet|[of] p2a: Skarmory\n|-enditem|p2a: Skarmory|Rocky Helmet|[from] move: Knock Off|[of] p1a: Kricketune\n|faint|p2a: Skarmory\n|\n|upkeep\n|inactive|Time left: 300 sec this turn | 300 sec total | 5 sec grace\n|\n|t:|1783553448\n|switch|p2a: Vespiquen|Vespiquen, L99, F|299/299\n|-ability|p2a: Vespiquen|Pressure\n|turn|17\n|inactive|Time left: 300 sec this turn | 300 sec total\n|\n|t:|1783553449\n|switch|p1a: Swampert|Swampert, L83, F|10/100\n|move|p2a: Vespiquen|Air Slash|p1a: Swampert\n|-damage|p1a: Swampert|0 fnt\n|faint|p1a: Swampert\n|\n|upkeep\n|\n|t:|1783553450\n|switch|p1a: Kricketune|Kricketune, L99, F|84/100\n|turn|18\n|inactive|Time left: 300 sec this turn | 300 sec total\n|\n|t:|1783553451\n|-terastallize|p1a: Kricketune|Ghost\n|move|p1a: Kricketune|Knock Off|p2a: Vespiquen\n|-damage|p2a: Vespiquen|238/299\n|-enditem|p2a: Vespiquen|Heavy-Duty Boots|[from] move: Knock Off|[of] p1a: Kricketune\n|move|p2a: Vespiquen|Air Slash|p1a: Kricketune\n|-damage|p1a: Kricketune|43/100\n|\n|upkeep\n|turn|19\n|inactive|Time left: 300 sec this turn | 300 sec total\n|\n|t:|1783553452\n|move|p1a: Kricketune|Sticky Web|p2a: Vespiquen\n|-sidestart|p2: p0y11571e68|move: Sticky Web\n|move|p2a: Vespiquen|Air Slash|p1a: Kricketune\n|-damage|p1a: Kricketune|9/100\n|\n|upkeep\n|turn|20\n|inactive|Time left: 300 sec this turn | 300 sec total\n|\n|t:|1783553453\n|move|p1a: Kricketune|Pounce|p2a: Vespiquen\n|-resisted|p2a: Vespiquen\n|-damage|p2a: Vespiquen|198/299\n|-unboost|p2a: Vespiquen|spe|1\n|move|p2a: Vespiquen|Air Slash|p1a: Kricketune\n|-damage|p1a: Kricketune|0 fnt\n|faint|p1a: Kricketune\n|\n|win|p0y11571e68", "uploadtime": 1783553453, "views": 0, "rating": 0, "private": 0, "password": null, "_winner": "p0y11571e68", "_our_name": "p0y11571e68"}