{"id": "battle-gen9randombattle-2171", "formatid": "gen9randombattle", "format": "[Gen 9] Random Battle", "players": ["p0x217117de", "p0y217102da"], "log": "|init|battle\n|title|p0x217117de vs. p0y217102da\n|j|\u2606p0x217117de\n|j|\u2606p0y217102da\n|t:|1783564285\n|gametype|singles\n|player|p1|p0x217117de|2|\n|player|p2|p0y217102da|266|\n|gen|9\n|tier|[Gen 9] Random Battle\n|rule|Species Clause: Limit one of each Pok\u00e9mon\n|rule|HP Percentage Mod: HP is shown in percentages\n|rule|Sleep Clause Mod: Limit one foe put to sleep\n|rule|Illusion Level Mod: Illusion disguises the Pok\u00e9mon's true level\n|\n|t:|1783564285\n|teamsize|p1|6\n|teamsize|p2|6\n|start\n|switch|p1a: Garchomp|Garchomp, L74, M|282/282\n|switch|p2a: Cobalion|Cobalion, L80|100/100\n|turn|1\n|inactive|Battle timer is ON: inactive players will automatically lose when time's up. (requested by p0x217117de)\n|inactive|p0y217102da also wants the timer to be on.\n|\n|t:|1783564286\n|move|p2a: Cobalion|Stealth Rock|p1a: Garchomp\n|-sidestart|p1: p0x217117de|move: Stealth Rock\n|move|p1a: Garchomp|Stealth Rock|p2a: Cobalion\n|-sidestart|p2: p0y217102da|move: Stealth Rock\n|\n|upkeep\n|turn|2\n|inactive|Time left: 300 sec this turn | 300 sec total\n|\n|t:|1783564287\n|switch|p2a: Azumarill|Azumarill, L82, M|100/100\n|-damage|p2a: Azumarill|88/100|[from] Stealth Rock\n|move|p1a: Garchomp|Spikes|p2a: Azumarill\n|-sidestart|p2: p0y217102da|Spikes\n|\n|upkeep\n|turn|3\n|inactive|Time left: 300 sec this turn | 300 sec total\n|\n|t:|1783564289\n|move|p1a: Garchomp|Earthquake|p2a: Azumarill\n|-damage|p2a: Azumarill|52/100\n|move|p2a: Azumarill|Play Rough|p1a: Garchomp\n|-supereffective|p1a: Garchomp\n|-damage|p1a: Garchomp|0 fnt\n|-damage|p2a: Azumarill|39/100|[from] ability: Rough Skin|[of] p1a: Garchomp\n|-damage|p2a: Azumarill|23/100|[from] item: Rocky Helmet|[of] p1a: Garchomp\n|faint|p1a: Garchomp\n|\n|upkeep\n|inactive|Time left: 300 sec this turn | 300 sec total | 5 sec grace\n|\n|t:|1783564290\n|switch|p1a: Primarina|Primarina, L83, M|268/268\n|-damage|p1a: Primarina|235/268|[from] Stealth Rock\n|turn|4\n|inactive|Time left: 300 sec this turn | 300 sec total\n|\n|t:|1783564291\n|move|p1a: Primarina|Psychic|p2a: Azumarill\n|-damage|p2a: Azumarill|0 fnt\n|faint|p2a: Azumarill\n|\n|-heal|p1a: Primarina|251/268|[from] item: Leftovers\n|upkeep\n|\n|t:|1783564291\n|switch|p2a: Iron Hands|Iron Hands, L79|100/100\n|-damage|p2a: Iron Hands|94/100|[from] Stealth Rock\n|-damage|p2a: Iron Hands|82/100|[from] Spikes\n|turn|5\n|inactive|Time left: 300 sec this turn | 300 sec total\n|\n|t:|1783564292\n|move|p1a: Primarina|Sparkling Aria|p2a: Iron Hands\n|-damage|p2a: Iron Hands|42/100\n|move|p2a: Iron Hands|Thunder Punch|p1a: Primarina\n|-supereffective|p1a: Primarina\n|-damage|p1a: Primarina|51/268\n|\n|-heal|p1a: Primarina|67/268|[from] item: Leftovers\n|-heal|p2a: Iron Hands|48/100|[from] item: Leftovers\n|upkeep\n|turn|6\n|inactive|Time left: 300 sec this turn | 300 sec total\n|\n|t:|1783564293\n|-end|p2a: Iron Hands|Quark Drive|[silent]\n|switch|p2a: Venusaur|Venusaur, L84, F|100/100\n|-damage|p2a: Venusaur|88/100|[from] Stealth Rock\n|-damage|p2a: Venusaur|75/100|[from] Spikes\n|move|p1a: Primarina|Sparkling Aria|p2a: Venusaur\n|-resisted|p2a: Venusaur\n|-damage|p2a: Venusaur|46/100\n|\n|-heal|p2a: Venusaur|52/100|[from] item: Leftovers\n|-heal|p1a: Primarina|83/268|[from] item: Leftovers\n|upkeep\n|turn|7\n|inactive|Time left: 300 sec this turn | 300 sec total\n|\n|t:|1783564295\n|switch|p1a: Farigiraf|Farigiraf, L90, M|362/362\n|-damage|p1a: Farigiraf|317/362|[from] Stealth Rock\n|move|p2a: Venusaur|Sludge Bomb|p1a: Farigiraf\n|-damage|p1a: Farigiraf|218/362\n|\n|-heal|p2a: Venusaur|58/100|[from] item: Leftovers\n|-heal|p1a: Farigiraf|240/362|[from] item: Leftovers\n|upkeep\n|turn|8\n|inactive|Time left: 300 sec this turn | 300 sec total\n|\n|t:|1783564296\n|move|p2a: Venusaur|Sludge Bomb|p1a: Farigiraf\n|-damage|p1a: Farigiraf|137/362\n|move|p1a: Farigiraf|Psychic Noise|p2a: Venusaur\n|-supereffective|p2a: Venusaur\n|-damage|p2a: Venusaur|0 fnt\n|faint|p2a: Venusaur\n|\n|-heal|p1a: Farigiraf|159/362|[from] item: Leftovers\n|upkeep\n|\n|t:|1783564296\n|switch|p2a: Perrserker|Perrserker, L89, M|100/100\n|-damage|p2a: Perrserker|95/100|[from] Stealth Rock\n|-damage|p2a: Perrserker|82/100|[from] Spikes\n|turn|9\n|inactive|Time left: 300 sec this turn | 300 sec total\n|\n|t:|1783564297\n|move|p1a: Farigiraf|Protect|p1a: Farigiraf\n|-singleturn|p1a: Farigiraf|Protect\n|move|p2a: Perrserker|Iron Head|p1a: Farigiraf\n|-activate|p1a: Farigiraf|move: Protect\n|\n|-heal|p1a: Farigiraf|181/362|[from] item: Leftovers\n|upkeep\n|turn|10\n|inactive|Time left: 300 sec this turn | 300 sec total\n|\n|t:|1783564298\n|switch|p1a: Camerupt|Camerupt, L91, M|275/275\n|-damage|p1a: Camerupt|241/275|[from] Stealth Rock\n|move|p2a: Perrserker|Iron Head|p1a: Camerupt\n|-resisted|p1a: Camerupt\n|-damage|p1a: Camerupt|134/275\n|\n|-heal|p1a: Camerupt|151/275|[from] item: Leftovers\n|upkeep\n|turn|11\n|inactive|Time left: 300 sec this turn | 300 sec total\n|\n|t:|1783564299\n|move|p2a: Perrserker|Iron Head|p1a: Camerupt\n|-resisted|p1a: Camerupt\n|-damage|p1a: Camerupt|40/275\n|move|p1a: Camerupt|Overheat|p2a: Perrserker\n|-supereffective|p2a: Perrserker\n|-damage|p2a: Perrserker|0 fnt\n|-unboost|p1a: Camerupt|spa|2\n|faint|p2a: Perrserker\n|\n|-heal|p1a: Camerupt|57/275|[from] item: Leftovers\n|upkeep\n|\n|t:|1783564300\n|switch|p2a: Staraptor|Staraptor, L79, M|100/100\n|-damage|p2a: Staraptor|76/100|[from] Stealth Rock\n|turn|12\n|inactive|Time left: 300 sec this turn | 300 sec total\n|\n|t:|1783564301\n|move|p2a: Staraptor|Brave Bird|p1a: Camerupt\n|-damage|p1a: Camerupt|0 fnt\n|faint|p1a: Camerupt\n|-damage|p2a: Staraptor|69/100|[from] Recoil\n|\n|upkeep\n|inactive|Time left: 300 sec this turn | 300 sec total | 5 sec grace\n|\n|t:|1783564302\n|switch|p1a: Toucannon|Toucannon, L88, F|284/284\n|turn|13\n|inactive|Time left: 300 sec this turn | 300 sec total\n|\n|t:|1783564303\n|-singleturn|p1a: Toucannon|move: Beak Blast\n|move|p2a: Staraptor|Brave Bird|p1a: Toucannon\n|-damage|p1a: Toucannon|109/284\n|-status|p2a: Staraptor|brn\n|-damage|p2a: Staraptor|47/100 brn|[from] Recoil\n|move|p1a: Toucannon|Beak Blast|p2a: Staraptor\n|-damage|p2a: Staraptor|0 fnt\n|faint|p2a: Staraptor\n|\n|upkeep\n|\n|t:|1783564304\n|switch|p2a: Cobalion|Cobalion, L80|100/100\n|-damage|p2a: Cobalion|98/100|[from] Stealth Rock\n|-damage|p2a: Cobalion|85/100|[from] Spikes\n|turn|14\n|inactive|Time left: 300 sec this turn | 300 sec total\n|\n|t:|1783564305\n|switch|p1a: Vileplume|Vileplume, L85, F|266/266\n|-damage|p1a: Vileplume|233/266|[from] Stealth Rock\n|move|p2a: Cobalion|Body Press|p1a: Vileplume\n|-resisted|p1a: Vileplume\n|-damage|p1a: Vileplume|182/266\n|\n|-heal|p2a: Cobalion|91/100|[from] item: Leftovers\n|-heal|p1a: Vileplume|198/266|[from] item: Leftovers\n|upkeep\n|turn|15\n|inactive|Time left: 300 sec this turn | 300 sec total\n|\n|t:|1783564306\n|move|p2a: Cobalion|Iron Head|p1a: Vileplume\n|-damage|p1a: Vileplume|128/266\n|move|p1a: Vileplume|Strength Sap|p2a: Cobalion\n|-unboost|p2a: Cobalion|atk|1\n|-heal|p1a: Vileplume|266/266\n|\n|-heal|p2a: Cobalion|98/100|[from] item: Leftovers\n|upkeep\n|turn|16\n|inactive|Time left: 300 sec this turn | 300 sec total\n|\n|t:|1783564307\n|move|p2a: Cobalion|Body Press|p1a: Vileplume\n|-resisted|p1a: Vileplume\n|-damage|p1a: Vileplume|220/266\n|move|p1a: Vileplume|Giga Drain|p2a: Cobalion\n|-resisted|p2a: Cobalion\n|-damage|p2a: Cobalion|77/100\n|-heal|p1a: Vileplume|249/266|[from] drain|[of] p2a: Cobalion\n|\n|-heal|p2a: Cobalion|83/100|[from] item: Leftovers\n|-heal|p1a: Vileplume|265/266|[from] item: Leftovers\n|upkeep\n|turn|17\n|inactive|Time left: 300 sec this turn | 300 sec total\n|\n|t:|1783564308\n|move|p2a: Cobalion|Body Press|p1a: Vileplume\n|-resisted|p1a: Vileplume\n|-damage|p1a: Vileplume|215/266\n|-status|p2a: Cobalion|slp|[from] ability: Effect Spore|[of] p1a: Vileplume\n|move|p1a: Vileplume|Giga Drain|p2a: Cobalion\n|-resisted|p2a: Cobalion\n|-damage|p2a: Cobalion|62/100 slp\n|-heal|p1a: Vileplume|245/266|[from] drain|[of] p2a: Cobalion\n|\n|-heal|p2a: Cobalion|68/100 slp|[from] item: Leftovers\n|-heal|p1a: Vileplume|261/266|[from] item: Leftovers\n|upkeep\n|turn|18\n|inactive|Time left: 300 sec this turn | 300 sec total\n|\n|t:|1783564310\n|cant|p2a: Cobalion|slp\n|move|p1a: Vileplume|Giga Drain|p2a: Cobalion\n|-resisted|p2a: Cobalion\n|-damage|p2a: Cobalion|47/100 slp\n|-heal|p1a: Vileplume|266/266|[from] drain|[of] p2a: Cobalion\n|\n|-heal|p2a: Cobalion|53/100 slp|[from] item: Leftovers\n|upkeep\n|turn|19\n|inactive|Time left: 300 sec this turn | 300 sec total\n|\n|t:|1783564310\n|cant|p2a: Cobalion|slp\n|move|p1a: Vileplume|Strength Sap|p2a: Cobalion\n|-unboost|p2a: Cobalion|atk|1\n|\n|-heal|p2a: Cobalion|59/100 slp|[from] item: Leftovers\n|upkeep\n|turn|20\n|inactive|Time left: 300 sec this turn | 300 sec total\n|\n|t:|1783564311\n|-curestatus|p2a: Cobalion|slp|[msg]\n|move|p2a: Cobalion|Stealth Rock||[still]\n|-fail|p2a: Cobalion\n|move|p1a: Vileplume|Giga Drain|p2a: Cobalion\n|-resisted|p2a: Cobalion\n|-damage|p2a: Cobalion|39/100\n|\n|-heal|p2a: Cobalion|46/100|[from] item: Leftovers\n|upkeep\n|turn|21\n|inactive|Time left: 300 sec this turn | 300 sec total\n|\n|t:|1783564312\n|move|p2a: Cobalion|Iron Head|p1a: Vileplume\n|-damage|p1a: Vileplume|230/266\n|cant|p1a: Vileplume|flinch\n|\n|-heal|p2a: Cobalion|52/100|[from] item: Leftovers\n|-heal|p1a: Vileplume|246/266|[from] item: Leftovers\n|upkeep\n|turn|22\n|inactive|Time left: 300 sec this turn | 300 sec total\n|\n|t:|1783564313\n|move|p2a: Cobalion|Body Press|p1a: Vileplume\n|-resisted|p1a: Vileplume\n|-damage|p1a: Vileplume|195/266\n|move|p1a: Vileplume|Giga Drain|p2a: Cobalion\n|-resisted|p2a: Cobalion\n|-damage|p2a: Cobalion|32/100\n|-heal|p1a: Vileplume|223/266|[from] drain|[of] p2a: Cobalion\n|\n|-heal|p2a: Cobalion|38/100|[from] item: Leftovers\n|-heal|p1a: Vileplume|239/266|[from] item: Leftovers\n|upkeep\n|turn|23\n|inactive|Time left: 300 sec this turn | 300 sec total\n|\n|t:|1783564314\n|move|p2a: Cobalion|Iron Head|p1a: Vileplume\n|-damage|p1a: Vileplume|199/266\n|move|p1a: Vileplume|Giga Drain|p2a: Cobalion\n|-resisted|p2a: Cobalion\n|-damage|p2a: Cobalion|17/100\n|-heal|p1a: Vileplume|228/266|[from] drain|[of] p2a: Cobalion\n|\n|-heal|p2a: Cobalion|24/100|[from] item: Leftovers\n|-heal|p1a: Vileplume|244/266|[from] item: Leftovers\n|upkeep\n|turn|24\n|inactive|Time left: 300 sec this turn | 300 sec total\n|\n|t:|1783564315\n|move|p2a: Cobalion|Body Press|p1a: Vileplume\n|-resisted|p1a: Vileplume\n|-damage|p1a: Vileplume|193/266\n|move|p1a: Vileplume|Giga Drain|p2a: Cobalion\n|-resisted|p2a: Cobalion\n|-damage|p2a: Cobalion|2/100\n|-heal|p1a: Vileplume|223/266|[from] drain|[of] p2a: Cobalion\n|\n|-heal|p2a: Cobalion|8/100|[from] item: Leftovers\n|-heal|p1a: Vileplume|239/266|[from] item: Leftovers\n|upkeep\n|turn|25\n|inactive|Time left: 300 sec this turn | 300 sec total\n|\n|t:|1783564316\n|move|p2a: Cobalion|Iron Head|p1a: Vileplume\n|-damage|p1a: Vileplume|199/266\n|cant|p1a: Vileplume|flinch\n|\n|-heal|p2a: Cobalion|14/100|[from] item: Leftovers\n|-heal|p1a: Vileplume|215/266|[from] item: Leftovers\n|upkeep\n|turn|26\n|inactive|Time left: 300 sec this turn | 300 sec total\n|\n|t:|1783564317\n|move|p2a: Cobalion|Iron Head|p1a: Vileplume\n|-damage|p1a: Vileplume|175/266\n|-status|p2a: Cobalion|par|[from] ability: Effect Spore|[of] p1a: Vileplume\n|cant|p1a: Vileplume|flinch\n|\n|-heal|p1a: Vileplume|191/266|[from] item: Leftovers\n|-heal|p2a: Cobalion|20/100 par|[from] item: Leftovers\n|upkeep\n|turn|27\n|inactive|Time left: 300 sec this turn | 300 sec total\n|\n|t:|1783564318\n|move|p1a: Vileplume|Giga Drain|p2a: Cobalion\n|-resisted|p2a: Cobalion\n|-damage|p2a: Cobalion|0 fnt\n|-heal|p1a: Vileplume|219/266|[from] drain|[of] p2a: Cobalion\n|faint|p2a: Cobalion\n|\n|-heal|p1a: Vileplume|235/266|[from] item: Leftovers\n|upkeep\n|\n|t:|1783564319\n|switch|p2a: Iron Hands|Iron Hands, L79|48/100\n|-damage|p2a: Iron Hands|42/100|[from] Stealth Rock\n|-damage|p2a: Iron Hands|30/100|[from] Spikes\n|turn|28\n|inactive|Time left: 300 sec this turn | 300 sec total\n|\n|t:|1783564320\n|-terastallize|p1a: Vileplume|Water\n|move|p1a: Vileplume|Sludge Bomb|p2a: Iron Hands\n|-crit|p2a: Iron Hands\n|-damage|p2a: Iron Hands|0 fnt\n|faint|p2a: Iron Hands\n|-end|p2a: Iron Hands|Quark Drive|[silent]\n|\n|win|p0x217117de", "uploadtime": 1783564320, "views": 0, "rating": 0, "private": 0, "password": null, "_winner": "p0x217117de", "_our_name": "p0x217117de"}