{"id": "battle-gen9randombattle-37", "formatid": "gen9randombattle", "format": "[Gen 9] Random Battle", "players": ["p0x03792a7", "p0y03704c3"], "log": "|init|battle\n|title|p0x03792a7 vs. p0y03704c3\n|j|\u2606p0x03792a7\n|j|\u2606p0y03704c3\n|t:|1783534233\n|gametype|singles\n|player|p1|p0x03792a7|265|\n|player|p2|p0y03704c3|2|\n|gen|9\n|tier|[Gen 9] Random Battle\n|rule|Species Clause: Limit one of each Pok\u00e9mon\n|rule|HP Percentage Mod: HP is shown in percentages\n|rule|Sleep Clause Mod: Limit one foe put to sleep\n|rule|Illusion Level Mod: Illusion disguises the Pok\u00e9mon's true level\n|\n|t:|1783534233\n|teamsize|p1|6\n|teamsize|p2|6\n|start\n|switch|p1a: Sandy Shocks|Sandy Shocks, L80|100/100\n|switch|p2a: Dragonite|Dragonite, L74, M|257/257\n|turn|1\n|inactive|Battle timer is ON: inactive players will automatically lose when time's up. (requested by p0y03704c3)\n|inactive|p0x03792a7 also wants the timer to be on.\n|\n|t:|1783534235\n|move|p1a: Sandy Shocks|Stealth Rock|p2a: Dragonite\n|-sidestart|p2: p0y03704c3|move: Stealth Rock\n|move|p2a: Dragonite|Dragon Dance|p2a: Dragonite\n|-boost|p2a: Dragonite|atk|1\n|-boost|p2a: Dragonite|spe|1\n|\n|upkeep\n|turn|2\n|inactive|Time left: 300 sec this turn | 300 sec total\n|\n|t:|1783534236\n|-end|p1a: Sandy Shocks|Protosynthesis|[silent]\n|switch|p1a: Bellossom|Bellossom, L84, F|100/100\n|move|p2a: Dragonite|Outrage|p1a: Bellossom\n|-damage|p1a: Bellossom|31/100\n|\n|-heal|p1a: Bellossom|37/100|[from] item: Leftovers\n|upkeep\n|turn|3\n|inactive|Time left: 300 sec this turn | 300 sec total\n|\n|t:|1783534237\n|-terastallize|p1a: Bellossom|Fairy\n|move|p2a: Dragonite|Outrage|p1a: Bellossom|[from] lockedmove\n|-immune|p1a: Bellossom\n|-start|p2a: Dragonite|confusion|[fatigue]\n|move|p1a: Bellossom|Strength Sap|p2a: Dragonite\n|-unboost|p2a: Dragonite|atk|1\n|-heal|p1a: Bellossom|100/100\n|\n|upkeep\n|turn|4\n|inactive|Time left: 300 sec this turn | 300 sec total\n|\n|t:|1783534238\n|-activate|p2a: Dragonite|confusion\n|move|p2a: Dragonite|Dragon Dance|p2a: Dragonite\n|-boost|p2a: Dragonite|atk|1\n|-boost|p2a: Dragonite|spe|1\n|move|p1a: Bellossom|Moonblast|p2a: Dragonite\n|-supereffective|p2a: Dragonite\n|-damage|p2a: Dragonite|166/257\n|\n|upkeep\n|turn|5\n|inactive|Time left: 300 sec this turn | 300 sec total\n|\n|t:|1783534239\n|-activate|p2a: Dragonite|confusion\n|move|p2a: Dragonite|Iron Head|p1a: Bellossom\n|-supereffective|p1a: Bellossom\n|-damage|p1a: Bellossom|38/100\n|cant|p1a: Bellossom|flinch\n|\n|-heal|p1a: Bellossom|44/100|[from] item: Leftovers\n|upkeep\n|turn|6\n|inactive|Time left: 300 sec this turn | 300 sec total\n|\n|t:|1783534240\n|-end|p2a: Dragonite|confusion\n|move|p2a: Dragonite|Iron Head|p1a: Bellossom\n|-supereffective|p1a: Bellossom\n|-damage|p1a: Bellossom|0 fnt\n|faint|p1a: Bellossom\n|\n|upkeep\n|\n|t:|1783534241\n|switch|p1a: Basculegion|Basculegion-F, L83, F|100/100\n|turn|7\n|inactive|Time left: 300 sec this turn | 300 sec total\n|\n|t:|1783534242\n|move|p2a: Dragonite|Outrage|p1a: Basculegion\n|-damage|p1a: Basculegion|23/100\n|move|p1a: Basculegion|Shadow Ball|p2a: Dragonite\n|-damage|p2a: Dragonite|0 fnt\n|faint|p2a: Dragonite\n|\n|upkeep\n|inactive|Time left: 300 sec this turn | 300 sec total | 5 sec grace\n|\n|t:|1783534243\n|switch|p2a: Furret|Furret, L94, M|312/312\n|-damage|p2a: Furret|273/312|[from] Stealth Rock\n|-item|p1a: Basculegion|Choice Specs|[from] ability: Frisk|[of] p2a: Furret\n|turn|8\n|inactive|Time left: 300 sec this turn | 300 sec total\n|\n|t:|1783534244\n|move|p2a: Furret|Tidy Up|p2a: Furret\n|-sideend|p2: p0y03704c3|Stealth Rock\n|-activate|p2a: Furret|move: Tidy Up\n|-boost|p2a: Furret|atk|1\n|-boost|p2a: Furret|spe|1\n|move|p1a: Basculegion|Shadow Ball|p2a: Furret\n|-immune|p2a: Furret\n|\n|upkeep\n|turn|9\n|inactive|Time left: 300 sec this turn | 300 sec total\n|\n|t:|1783534245\n|switch|p1a: Luxray|Luxray, L88, F|100/100\n|-ability|p1a: Luxray|Intimidate|boost\n|-unboost|p2a: Furret|atk|1\n|move|p2a: Furret|Tidy Up|p2a: Furret\n|-boost|p2a: Furret|atk|1\n|-boost|p2a: Furret|spe|1\n|\n|upkeep\n|turn|10\n|inactive|Time left: 300 sec this turn | 300 sec total\n|\n|t:|1783534245\n|-terastallize|p2a: Furret|Normal\n|move|p2a: Furret|Double-Edge|p1a: Luxray\n|-damage|p1a: Luxray|0 fnt\n|faint|p1a: Luxray\n|-damage|p2a: Furret|179/312|[from] Recoil\n|-damage|p2a: Furret|148/312|[from] item: Life Orb\n|\n|upkeep\n|\n|t:|1783534246\n|switch|p1a: Corviknight|Corviknight, L80, M|100/100\n|turn|11\n|inactive|Time left: 300 sec this turn | 300 sec total\n|\n|t:|1783534247\n|switch|p2a: Ninetales|Ninetales-Alola, L78, M|242/242\n|-weather|Snowscape|[from] ability: Snow Warning|[of] p2a: Ninetales\n|move|p1a: Corviknight|Brave Bird|p2a: Ninetales\n|-damage|p2a: Ninetales|146/242\n|-damage|p1a: Corviknight|89/100|[from] Recoil\n|\n|-weather|Snowscape|[upkeep]\n|upkeep\n|turn|12\n|inactive|Time left: 300 sec this turn | 300 sec total\n|\n|t:|1783534248\n|move|p2a: Ninetales|Aurora Veil|p2a: Ninetales\n|-sidestart|p2: p0y03704c3|move: Aurora Veil\n|move|p1a: Corviknight|Brave Bird|p2a: Ninetales\n|-damage|p2a: Ninetales|102/242\n|-damage|p1a: Corviknight|84/100|[from] Recoil\n|\n|-weather|Snowscape|[upkeep]\n|upkeep\n|turn|13\n|inactive|Time left: 300 sec this turn | 300 sec total\n|\n|t:|1783534249\n|move|p2a: Ninetales|Blizzard|p1a: Corviknight\n|-damage|p1a: Corviknight|50/100\n|move|p1a: Corviknight|Defog|p2a: Ninetales\n|-unboost|p2a: Ninetales|evasion|1\n|-sideend|p2: p0y03704c3|move: Aurora Veil\n|\n|-weather|Snowscape|[upkeep]\n|upkeep\n|turn|14\n|inactive|Time left: 300 sec this turn | 300 sec total\n|\n|t:|1783534250\n|move|p2a: Ninetales|Aurora Veil|p2a: Ninetales\n|-sidestart|p2: p0y03704c3|move: Aurora Veil\n|move|p1a: Corviknight|Roost|p1a: Corviknight\n|-heal|p1a: Corviknight|100/100\n|-singleturn|p1a: Corviknight|move: Roost\n|\n|-weather|Snowscape|[upkeep]\n|upkeep\n|turn|15\n|inactive|Time left: 300 sec this turn | 300 sec total\n|\n|t:|1783534251\n|move|p2a: Ninetales|Nasty Plot|p2a: Ninetales\n|-boost|p2a: Ninetales|spa|2\n|move|p1a: Corviknight|Defog|p2a: Ninetales\n|-unboost|p2a: Ninetales|evasion|1\n|-sideend|p2: p0y03704c3|move: Aurora Veil\n|\n|-weather|none\n|upkeep\n|turn|16\n|inactive|Time left: 300 sec this turn | 300 sec total\n|\n|t:|1783534251\n|move|p2a: Ninetales|Blizzard|p1a: Corviknight|[miss]\n|-miss|p2a: Ninetales|p1a: Corviknight\n|move|p1a: Corviknight|Brave Bird|p2a: Ninetales\n|-damage|p2a: Ninetales|0 fnt\n|faint|p2a: Ninetales\n|-damage|p1a: Corviknight|89/100|[from] Recoil\n|\n|upkeep\n|inactive|Time left: 300 sec this turn | 300 sec total | 5 sec grace\n|\n|t:|1783534252\n|switch|p2a: Porygon2|Porygon2, L81|270/270\n|-ability|p2a: Porygon2|Download|boost\n|-boost|p2a: Porygon2|spa|1\n|turn|17\n|inactive|Time left: 300 sec this turn | 300 sec total\n|\n|t:|1783534253\n|move|p1a: Corviknight|U-turn|p2a: Porygon2\n|-damage|p2a: Porygon2|241/270\n|\n|t:|1783534254\n|switch|p1a: Basculegion|Basculegion-F, L83, F|23/100|[from] U-turn\n|move|p2a: Porygon2|Discharge|p1a: Basculegion\n|-supereffective|p1a: Basculegion\n|-damage|p1a: Basculegion|0 fnt\n|faint|p1a: Basculegion\n|\n|upkeep\n|\n|t:|1783534255\n|switch|p1a: Corviknight|Corviknight, L80, M|89/100\n|turn|18\n|inactive|Time left: 300 sec this turn | 300 sec total\n|\n|t:|1783534256\n|move|p1a: Corviknight|Roost|p1a: Corviknight\n|-heal|p1a: Corviknight|100/100\n|-singleturn|p1a: Corviknight|move: Roost\n|move|p2a: Porygon2|Ice Beam|p1a: Corviknight\n|-resisted|p1a: Corviknight\n|-damage|p1a: Corviknight|82/100\n|\n|upkeep\n|turn|19\n|inactive|Time left: 300 sec this turn | 300 sec total\n|\n|t:|1783534257\n|move|p1a: Corviknight|Roost|p1a: Corviknight\n|-heal|p1a: Corviknight|100/100\n|-singleturn|p1a: Corviknight|move: Roost\n|move|p2a: Porygon2|Ice Beam|p1a: Corviknight\n|-resisted|p1a: Corviknight\n|-crit|p1a: Corviknight\n|-damage|p1a: Corviknight|73/100\n|\n|upkeep\n|turn|20\n|inactive|Time left: 300 sec this turn | 300 sec total\n|\n|t:|1783534258\n|move|p1a: Corviknight|Roost|p1a: Corviknight\n|-heal|p1a: Corviknight|100/100\n|-singleturn|p1a: Corviknight|move: Roost\n|move|p2a: Porygon2|Ice Beam|p1a: Corviknight\n|-resisted|p1a: Corviknight\n|-damage|p1a: Corviknight|84/100\n|\n|upkeep\n|turn|21\n|inactive|Time left: 300 sec this turn | 300 sec total\n|\n|t:|1783534259\n|move|p1a: Corviknight|Roost|p1a: Corviknight\n|-heal|p1a: Corviknight|100/100\n|-singleturn|p1a: Corviknight|move: Roost\n|move|p2a: Porygon2|Tri Attack|p1a: Corviknight\n|-resisted|p1a: Corviknight\n|-damage|p1a: Corviknight|78/100\n|\n|upkeep\n|turn|22\n|inactive|Time left: 300 sec this turn | 300 sec total\n|\n|t:|1783534260\n|move|p1a: Corviknight|Roost|p1a: Corviknight\n|-heal|p1a: Corviknight|100/100\n|-singleturn|p1a: Corviknight|move: Roost\n|move|p2a: Porygon2|Tri Attack|p1a: Corviknight\n|-resisted|p1a: Corviknight\n|-damage|p1a: Corviknight|75/100\n|\n|upkeep\n|turn|23\n|inactive|Time left: 300 sec this turn | 300 sec total\n|\n|t:|1783534261\n|move|p1a: Corviknight|Roost|p1a: Corviknight\n|-heal|p1a: Corviknight|100/100\n|-singleturn|p1a: Corviknight|move: Roost\n|move|p2a: Porygon2|Tri Attack|p1a: Corviknight\n|-resisted|p1a: Corviknight\n|-damage|p1a: Corviknight|78/100\n|\n|upkeep\n|turn|24\n|inactive|Time left: 300 sec this turn | 300 sec total\n|\n|t:|1783534263\n|move|p1a: Corviknight|Roost|p1a: Corviknight\n|-heal|p1a: Corviknight|100/100\n|-singleturn|p1a: Corviknight|move: Roost\n|move|p2a: Porygon2|Ice Beam|p1a: Corviknight\n|-resisted|p1a: Corviknight\n|-damage|p1a: Corviknight|84/100\n|\n|upkeep\n|turn|25\n|inactive|Time left: 300 sec this turn | 300 sec total\n|\n|t:|1783534264\n|move|p1a: Corviknight|U-turn|p2a: Porygon2\n|-damage|p2a: Porygon2|209/270\n|\n|t:|1783534265\n|switch|p1a: Sandy Shocks|Sandy Shocks, L80|100/100|[from] U-turn\n|move|p2a: Porygon2|Ice Beam|p1a: Sandy Shocks\n|-supereffective|p1a: Sandy Shocks\n|-damage|p1a: Sandy Shocks|21/100\n|\n|upkeep\n|turn|26\n|inactive|Time left: 300 sec this turn | 300 sec total\n|\n|t:|1783534266\n|move|p1a: Sandy Shocks|Thunderbolt|p2a: Porygon2\n|-damage|p2a: Porygon2|145/270\n|move|p2a: Porygon2|Tri Attack|p1a: Sandy Shocks\n|-damage|p1a: Sandy Shocks|0 fnt\n|faint|p1a: Sandy Shocks\n|-end|p1a: Sandy Shocks|Protosynthesis|[silent]\n|\n|upkeep\n|\n|t:|1783534267\n|switch|p1a: Cloyster|Cloyster, L80, M|100/100\n|turn|27\n|inactive|Time left: 300 sec this turn | 300 sec total\n|\n|t:|1783534268\n|move|p1a: Cloyster|Icicle Spear|p2a: Porygon2\n|-damage|p2a: Porygon2|127/270\n|-damage|p2a: Porygon2|109/270\n|-damage|p2a: Porygon2|93/270\n|-damage|p2a: Porygon2|75/270\n|-damage|p2a: Porygon2|57/270\n|-hitcount|p2a: Porygon2|5\n|move|p2a: Porygon2|Discharge|p1a: Cloyster\n|-supereffective|p1a: Cloyster\n|-damage|p1a: Cloyster|0 fnt\n|faint|p1a: Cloyster\n|\n|upkeep\n|\n|t:|1783534269\n|switch|p1a: Corviknight|Corviknight, L80, M|84/100\n|turn|28\n|inactive|Time left: 300 sec this turn | 300 sec total\n|\n|t:|1783534269\n|switch|p2a: Stonjourner|Stonjourner, L91, M|330/330\n|move|p1a: Corviknight|Brave Bird|p2a: Stonjourner\n|-resisted|p2a: Stonjourner\n|-damage|p2a: Stonjourner|296/330\n|-damage|p1a: Corviknight|80/100|[from] Recoil\n|\n|upkeep\n|turn|29\n|inactive|Time left: 300 sec this turn | 300 sec total\n|\n|t:|1783534270\n|move|p2a: Stonjourner|Heat Crash|p1a: Corviknight\n|-supereffective|p1a: Corviknight\n|-damage|p1a: Corviknight|0 fnt\n|-damage|p2a: Stonjourner|241/330|[from] item: Rocky Helmet|[of] p1a: Corviknight\n|faint|p1a: Corviknight\n|-damage|p2a: Stonjourner|208/330|[from] item: Life Orb\n|\n|win|p0y03704c3", "uploadtime": 1783534270, "views": 0, "rating": 0, "private": 0, "password": null, "_winner": "p0y03704c3", "_our_name": "p0y03704c3"}