{"id": "battle-gen9randombattle-498", "formatid": "gen9randombattle", "format": "[Gen 9] Random Battle", "players": ["p0x498758c", "p0y49837c0"], "log": "|init|battle\n|title|p0x498758c vs. p0y49837c0\n|j|\u2606p0x498758c\n|j|\u2606p0y49837c0\n|t:|1783544817\n|gametype|singles\n|player|p1|p0x498758c|102|\n|player|p2|p0y49837c0|101|\n|gen|9\n|tier|[Gen 9] Random Battle\n|rule|Species Clause: Limit one of each Pok\u00e9mon\n|rule|HP Percentage Mod: HP is shown in percentages\n|rule|Sleep Clause Mod: Limit one foe put to sleep\n|rule|Illusion Level Mod: Illusion disguises the Pok\u00e9mon's true level\n|\n|t:|1783544817\n|teamsize|p1|6\n|teamsize|p2|6\n|start\n|switch|p1a: Salamence|Salamence, L77, F|100/100\n|switch|p2a: Rotom|Rotom-Frost, L87|229/229\n|-ability|p1a: Salamence|Intimidate|boost\n|-unboost|p2a: Rotom|atk|1\n|turn|1\n|inactive|Battle timer is ON: inactive players will automatically lose when time's up. (requested by p0x498758c)\n|inactive|Time left: 300 sec this turn | 300 sec total | 60 sec grace\n|inactive|p0y49837c0 also wants the timer to be on.\n|\n|t:|1783544819\n|move|p2a: Rotom|Blizzard|p1a: Salamence\n|-supereffective|p1a: Salamence\n|-damage|p1a: Salamence|0 fnt\n|faint|p1a: Salamence\n|\n|upkeep\n|\n|t:|1783544820\n|switch|p1a: Polteageist|Polteageist, L78|100/100\n|turn|2\n|inactive|Time left: 300 sec this turn | 300 sec total\n|\n|t:|1783544821\n|move|p2a: Rotom|Nasty Plot|p2a: Rotom\n|-boost|p2a: Rotom|spa|2\n|move|p1a: Polteageist|Shell Smash|p1a: Polteageist\n|-unboost|p1a: Polteageist|def|1\n|-unboost|p1a: Polteageist|spd|1\n|-boost|p1a: Polteageist|atk|2\n|-boost|p1a: Polteageist|spa|2\n|-boost|p1a: Polteageist|spe|2\n|-enditem|p1a: Polteageist|White Herb\n|-clearnegativeboost|p1a: Polteageist|[silent]\n|\n|upkeep\n|turn|3\n|inactive|Time left: 300 sec this turn | 300 sec total\n|\n|t:|1783544822\n|-terastallize|p1a: Polteageist|Psychic\n|-terastallize|p2a: Rotom|Electric\n|move|p1a: Polteageist|Stored Power|p2a: Rotom\n|-damage|p2a: Rotom|0 fnt\n|faint|p2a: Rotom\n|\n|upkeep\n|inactive|Time left: 300 sec this turn | 300 sec total | 5 sec grace\n|\n|t:|1783544823\n|switch|p2a: Volbeat|Volbeat, L90, M|263/263\n|turn|4\n|inactive|Time left: 300 sec this turn | 300 sec total\n|\n|t:|1783544824\n|move|p2a: Volbeat|Thunder Wave|p1a: Polteageist\n|-status|p1a: Polteageist|par\n|move|p1a: Polteageist|Stored Power|p2a: Volbeat\n|-damage|p2a: Volbeat|0 fnt\n|faint|p2a: Volbeat\n|\n|upkeep\n|inactive|Time left: 300 sec this turn | 300 sec total | 5 sec grace\n|\n|t:|1783544825\n|switch|p2a: Spectrier|Spectrier, L75|274/274\n|turn|5\n|inactive|Time left: 300 sec this turn | 300 sec total\n|\n|t:|1783544826\n|move|p2a: Spectrier|Shadow Ball|p1a: Polteageist\n|-supereffective|p1a: Polteageist\n|-damage|p1a: Polteageist|0 fnt\n|faint|p1a: Polteageist\n|-ability|p2a: Spectrier|Grim Neigh|boost\n|-boost|p2a: Spectrier|spa|1\n|-damage|p2a: Spectrier|247/274|[from] item: Life Orb\n|\n|upkeep\n|\n|t:|1783544827\n|switch|p1a: Persian|Persian-Alola, L86, F|100/100\n|turn|6\n|inactive|Time left: 300 sec this turn | 300 sec total\n|\n|t:|1783544828\n|move|p1a: Persian|Nasty Plot|p1a: Persian\n|-boost|p1a: Persian|spa|2\n|move|p2a: Spectrier|Draining Kiss|p1a: Persian\n|-supereffective|p1a: Persian\n|-crit|p1a: Persian\n|-damage|p1a: Persian|0 fnt\n|-heal|p2a: Spectrier|274/274|[from] drain|[of] p1a: Persian\n|faint|p1a: Persian\n|-ability|p2a: Spectrier|Grim Neigh|boost\n|-boost|p2a: Spectrier|spa|1\n|-damage|p2a: Spectrier|247/274|[from] item: Life Orb\n|\n|upkeep\n|\n|t:|1783544829\n|switch|p1a: Iron Moth|Iron Moth, L78|100/100\n|turn|7\n|inactive|Time left: 300 sec this turn | 300 sec total\n|\n|t:|1783544830\n|move|p2a: Spectrier|Shadow Ball|p1a: Iron Moth\n|-damage|p1a: Iron Moth|12/100\n|-damage|p2a: Spectrier|220/274|[from] item: Life Orb\n|move|p1a: Iron Moth|Fire Blast|p2a: Spectrier\n|-damage|p2a: Spectrier|43/274\n|\n|upkeep\n|turn|8\n|inactive|Time left: 300 sec this turn | 300 sec total\n|\n|t:|1783544831\n|move|p2a: Spectrier|Shadow Ball|p1a: Iron Moth\n|-damage|p1a: Iron Moth|0 fnt\n|faint|p1a: Iron Moth\n|-end|p1a: Iron Moth|Quark Drive|[silent]\n|-ability|p2a: Spectrier|Grim Neigh|boost\n|-boost|p2a: Spectrier|spa|1\n|-damage|p2a: Spectrier|16/274|[from] item: Life Orb\n|\n|upkeep\n|\n|t:|1783544832\n|switch|p1a: Ceruledge|Ceruledge, L78, M|100/100\n|turn|9\n|inactive|Time left: 300 sec this turn | 300 sec total\n|\n|t:|1783544833\n|move|p1a: Ceruledge|Shadow Sneak|p2a: Spectrier\n|-supereffective|p2a: Spectrier\n|-damage|p2a: Spectrier|0 fnt\n|faint|p2a: Spectrier\n|\n|upkeep\n|inactive|Time left: 300 sec this turn | 300 sec total | 5 sec grace\n|\n|t:|1783544833\n|switch|p2a: Zangoose|Zangoose, L85, M, shiny|263/263\n|turn|10\n|inactive|Time left: 300 sec this turn | 300 sec total\n|\n|t:|1783544834\n|move|p2a: Zangoose|Swords Dance|p2a: Zangoose\n|-boost|p2a: Zangoose|atk|2\n|move|p1a: Ceruledge|Bitter Blade|p2a: Zangoose\n|-damage|p2a: Zangoose|134/263\n|\n|-status|p2a: Zangoose|tox|[from] item: Toxic Orb\n|upkeep\n|turn|11\n|inactive|Time left: 300 sec this turn | 300 sec total\n|\n|t:|1783544835\n|switch|p1a: Lucario|Lucario, L84, M|100/100\n|move|p2a: Zangoose|Knock Off|p1a: Lucario\n|-resisted|p1a: Lucario\n|-damage|p1a: Lucario|45/100\n|-ability|p1a: Lucario|Justified|boost\n|-boost|p1a: Lucario|atk|1\n|-enditem|p1a: Lucario|Life Orb|[from] move: Knock Off|[of] p2a: Zangoose\n|\n|-damage|p2a: Zangoose|118/263 tox|[from] psn\n|upkeep\n|turn|12\n|inactive|Time left: 300 sec this turn | 300 sec total\n|\n|t:|1783544836\n|switch|p2a: Oricorio|Oricorio, L84, F|263/263\n|move|p1a: Lucario|Extreme Speed|p2a: Oricorio\n|-damage|p2a: Oricorio|161/263\n|\n|upkeep\n|turn|13\n|inactive|Time left: 300 sec this turn | 300 sec total\n|\n|t:|1783544838\n|move|p1a: Lucario|Extreme Speed|p2a: Oricorio\n|-damage|p2a: Oricorio|45/263\n|move|p2a: Oricorio|Revelation Dance|p1a: Lucario\n|-supereffective|p1a: Lucario\n|-damage|p1a: Lucario|0 fnt\n|faint|p1a: Lucario\n|\n|upkeep\n|\n|t:|1783544838\n|switch|p1a: Ceruledge|Ceruledge, L78, M|100/100\n|turn|14\n|inactive|Time left: 300 sec this turn | 300 sec total\n|\n|t:|1783544839\n|move|p2a: Oricorio|Quiver Dance|p2a: Oricorio\n|-boost|p2a: Oricorio|spa|1\n|-boost|p2a: Oricorio|spd|1\n|-boost|p2a: Oricorio|spe|1\n|move|p1a: Ceruledge|Swords Dance|p1a: Ceruledge\n|-boost|p1a: Ceruledge|atk|2\n|-activate|p2a: Oricorio|ability: Dancer\n|move|p2a: Oricorio|Swords Dance|p2a: Oricorio|[from] ability: Dancer\n|-boost|p2a: Oricorio|atk|2\n|\n|upkeep\n|turn|15\n|inactive|Time left: 300 sec this turn | 300 sec total\n|\n|t:|1783544840\n|move|p2a: Oricorio|Hurricane|p1a: Ceruledge|[miss]\n|-miss|p2a: Oricorio|p1a: Ceruledge\n|move|p1a: Ceruledge|Swords Dance|p1a: Ceruledge\n|-boost|p1a: Ceruledge|atk|2\n|-activate|p2a: Oricorio|ability: Dancer\n|move|p2a: Oricorio|Swords Dance|p2a: Oricorio|[from] ability: Dancer\n|-boost|p2a: Oricorio|atk|2\n|\n|upkeep\n|turn|16\n|inactive|Time left: 300 sec this turn | 300 sec total\n|\n|t:|1783544841\n|move|p2a: Oricorio|Hurricane|p1a: Ceruledge|[miss]\n|-miss|p2a: Oricorio|p1a: Ceruledge\n|move|p1a: Ceruledge|Swords Dance|p1a: Ceruledge\n|-boost|p1a: Ceruledge|atk|2\n|-activate|p2a: Oricorio|ability: Dancer\n|move|p2a: Oricorio|Swords Dance|p2a: Oricorio|[from] ability: Dancer\n|-boost|p2a: Oricorio|atk|2\n|\n|upkeep\n|turn|17\n|inactive|Time left: 300 sec this turn | 300 sec total\n|\n|t:|1783544842\n|move|p2a: Oricorio|Hurricane|p1a: Ceruledge|[miss]\n|-miss|p2a: Oricorio|p1a: Ceruledge\n|move|p1a: Ceruledge|Swords Dance|p1a: Ceruledge\n|-boost|p1a: Ceruledge|atk|0\n|\n|upkeep\n|turn|18\n|inactive|Time left: 300 sec this turn | 300 sec total\n|\n|t:|1783544843\n|move|p2a: Oricorio|Hurricane|p1a: Ceruledge\n|-damage|p1a: Ceruledge|33/100\n|-start|p1a: Ceruledge|confusion\n|-activate|p1a: Ceruledge|confusion\n|-damage|p1a: Ceruledge|0 fnt|[from] confusion\n|faint|p1a: Ceruledge\n|\n|win|p0y49837c0", "uploadtime": 1783544843, "views": 0, "rating": 0, "private": 0, "password": null, "_winner": "p0y49837c0", "_our_name": "p0y49837c0"}