{"id": "battle-gen9randombattle-138", "formatid": "gen9randombattle", "format": "[Gen 9] Random Battle", "players": ["p0x138b95d", "p0y1381391"], "log": "|init|battle\n|title|p0x138b95d vs. p0y1381391\n|j|\u2606p0x138b95d\n|j|\u2606p0y1381391\n|t:|1783535347\n|gametype|singles\n|player|p1|p0x138b95d|266|\n|player|p2|p0y1381391|1|\n|gen|9\n|tier|[Gen 9] Random Battle\n|rule|Species Clause: Limit one of each Pok\u00e9mon\n|rule|HP Percentage Mod: HP is shown in percentages\n|rule|Sleep Clause Mod: Limit one foe put to sleep\n|rule|Illusion Level Mod: Illusion disguises the Pok\u00e9mon's true level\n|\n|t:|1783535347\n|teamsize|p1|6\n|teamsize|p2|6\n|start\n|switch|p1a: Entei|Entei, L78|100/100\n|switch|p2a: Metagross|Metagross, L79|256/256\n|turn|1\n|inactive|Battle timer is ON: inactive players will automatically lose when time's up. (requested by p0y1381391)\n|inactive|p0x138b95d also wants the timer to be on.\n|\n|t:|1783535348\n|switch|p2a: Tyranitar|Tyranitar, L78, M|284/284\n|-weather|Sandstorm|[from] ability: Sand Stream|[of] p2a: Tyranitar\n|move|p1a: Entei|Sacred Fire|p2a: Tyranitar\n|-resisted|p2a: Tyranitar\n|-damage|p2a: Tyranitar|211/284\n|\n|-weather|Sandstorm|[upkeep]\n|-damage|p1a: Entei|94/100|[from] Sandstorm\n|-heal|p2a: Tyranitar|228/284|[from] item: Leftovers\n|upkeep\n|turn|2\n|inactive|Time left: 300 sec this turn | 300 sec total\n|\n|t:|1783535349\n|move|p1a: Entei|Sacred Fire|p2a: Tyranitar\n|-resisted|p2a: Tyranitar\n|-damage|p2a: Tyranitar|156/284\n|-status|p2a: Tyranitar|brn\n|move|p2a: Tyranitar|Stealth Rock|p1a: Entei\n|-sidestart|p1: p0x138b95d|move: Stealth Rock\n|\n|-weather|Sandstorm|[upkeep]\n|-damage|p1a: Entei|88/100|[from] Sandstorm\n|-heal|p2a: Tyranitar|173/284 brn|[from] item: Leftovers\n|-damage|p2a: Tyranitar|156/284 brn|[from] brn\n|upkeep\n|turn|3\n|inactive|Time left: 300 sec this turn | 300 sec total\n|\n|t:|1783535350\n|move|p1a: Entei|Sacred Fire|p2a: Tyranitar\n|-resisted|p2a: Tyranitar\n|-damage|p2a: Tyranitar|84/284 brn\n|move|p2a: Tyranitar|Knock Off|p1a: Entei\n|-damage|p1a: Entei|69/100\n|-enditem|p1a: Entei|Choice Band|[from] move: Knock Off|[of] p2a: Tyranitar\n|\n|-weather|Sandstorm|[upkeep]\n|-damage|p1a: Entei|63/100|[from] Sandstorm\n|-heal|p2a: Tyranitar|101/284 brn|[from] item: Leftovers\n|-damage|p2a: Tyranitar|84/284 brn|[from] brn\n|upkeep\n|turn|4\n|inactive|Time left: 300 sec this turn | 300 sec total\n|\n|t:|1783535351\n|move|p1a: Entei|Stomping Tantrum|p2a: Tyranitar\n|-supereffective|p2a: Tyranitar\n|-damage|p2a: Tyranitar|0 fnt\n|faint|p2a: Tyranitar\n|\n|-weather|Sandstorm|[upkeep]\n|-damage|p1a: Entei|57/100|[from] Sandstorm\n|upkeep\n|inactive|Time left: 300 sec this turn | 300 sec total | 5 sec grace\n|\n|t:|1783535352\n|switch|p2a: Cloyster|Cloyster, L80, M|211/211\n|turn|5\n|inactive|Time left: 300 sec this turn | 300 sec total\n|\n|t:|1783535353\n|move|p1a: Entei|Sacred Fire|p2a: Cloyster\n|-damage|p2a: Cloyster|145/211\n|move|p2a: Cloyster|Shell Smash|p2a: Cloyster\n|-unboost|p2a: Cloyster|def|1\n|-unboost|p2a: Cloyster|spd|1\n|-boost|p2a: Cloyster|atk|2\n|-boost|p2a: Cloyster|spa|2\n|-boost|p2a: Cloyster|spe|2\n|-enditem|p2a: Cloyster|White Herb\n|-clearnegativeboost|p2a: Cloyster|[silent]\n|\n|-weather|none\n|upkeep\n|turn|6\n|inactive|Time left: 300 sec this turn | 300 sec total\n|\n|t:|1783535354\n|switch|p1a: Slowbro|Slowbro, L85, M|100/100\n|-damage|p1a: Slowbro|88/100|[from] Stealth Rock\n|move|p2a: Cloyster|Rock Blast|p1a: Slowbro\n|-damage|p1a: Slowbro|78/100\n|-damage|p1a: Slowbro|69/100\n|-damage|p1a: Slowbro|60/100\n|-damage|p1a: Slowbro|51/100\n|-damage|p1a: Slowbro|42/100\n|-hitcount|p1a: Slowbro|5\n|\n|-heal|p1a: Slowbro|48/100|[from] item: Leftovers\n|upkeep\n|turn|7\n|inactive|Time left: 300 sec this turn | 300 sec total\n|\n|t:|1783535355\n|move|p2a: Cloyster|Icicle Spear|p1a: Slowbro\n|-resisted|p1a: Slowbro\n|-crit|p1a: Slowbro\n|-damage|p1a: Slowbro|38/100\n|-resisted|p1a: Slowbro\n|-damage|p1a: Slowbro|31/100\n|-resisted|p1a: Slowbro\n|-damage|p1a: Slowbro|24/100\n|-resisted|p1a: Slowbro\n|-damage|p1a: Slowbro|18/100\n|-resisted|p1a: Slowbro\n|-damage|p1a: Slowbro|11/100\n|-hitcount|p1a: Slowbro|5\n|move|p1a: Slowbro|Scald|p2a: Cloyster\n|-resisted|p2a: Cloyster\n|-damage|p2a: Cloyster|77/211\n|\n|-heal|p1a: Slowbro|17/100|[from] item: Leftovers\n|upkeep\n|turn|8\n|inactive|Time left: 300 sec this turn | 300 sec total\n|\n|t:|1783535357\n|switch|p1a: Bisharp|Bisharp, L79, M|100/100\n|-damage|p1a: Bisharp|94/100|[from] Stealth Rock\n|move|p2a: Cloyster|Icicle Spear|p1a: Bisharp\n|-resisted|p1a: Bisharp\n|-damage|p1a: Bisharp|88/100\n|-resisted|p1a: Bisharp\n|-damage|p1a: Bisharp|82/100\n|-resisted|p1a: Bisharp\n|-damage|p1a: Bisharp|75/100\n|-resisted|p1a: Bisharp\n|-damage|p1a: Bisharp|69/100\n|-resisted|p1a: Bisharp\n|-damage|p1a: Bisharp|62/100\n|-hitcount|p1a: Bisharp|5\n|\n|upkeep\n|turn|9\n|inactive|Time left: 300 sec this turn | 300 sec total\n|\n|t:|1783535358\n|move|p1a: Bisharp|Sucker Punch|p2a: Cloyster\n|-crit|p2a: Cloyster\n|-damage|p2a: Cloyster|11/211\n|move|p2a: Cloyster|Drill Run|p1a: Bisharp\n|-supereffective|p1a: Bisharp\n|-damage|p1a: Bisharp|9/100\n|\n|upkeep\n|turn|10\n|inactive|Time left: 300 sec this turn | 300 sec total\n|\n|t:|1783535359\n|move|p1a: Bisharp|Sucker Punch||[still]\n|-fail|p1a: Bisharp\n|move|p2a: Cloyster|Shell Smash|p2a: Cloyster\n|-unboost|p2a: Cloyster|def|1\n|-unboost|p2a: Cloyster|spd|1\n|-boost|p2a: Cloyster|atk|2\n|-boost|p2a: Cloyster|spa|2\n|-boost|p2a: Cloyster|spe|2\n|\n|upkeep\n|turn|11\n|inactive|Time left: 300 sec this turn | 300 sec total\n|\n|t:|1783535359\n|move|p1a: Bisharp|Sucker Punch||[still]\n|-fail|p1a: Bisharp\n|move|p2a: Cloyster|Shell Smash|p2a: Cloyster\n|-unboost|p2a: Cloyster|def|1\n|-unboost|p2a: Cloyster|spd|1\n|-boost|p2a: Cloyster|atk|2\n|-boost|p2a: Cloyster|spa|2\n|-boost|p2a: Cloyster|spe|2\n|\n|upkeep\n|turn|12\n|inactive|Time left: 300 sec this turn | 300 sec total\n|\n|t:|1783535360\n|move|p1a: Bisharp|Sucker Punch||[still]\n|-fail|p1a: Bisharp\n|move|p2a: Cloyster|Shell Smash|p2a: Cloyster\n|-unboost|p2a: Cloyster|def|1\n|-unboost|p2a: Cloyster|spd|1\n|-boost|p2a: Cloyster|atk|0\n|-boost|p2a: Cloyster|spa|0\n|-boost|p2a: Cloyster|spe|0\n|\n|upkeep\n|turn|13\n|inactive|Time left: 300 sec this turn | 300 sec total\n|\n|t:|1783535361\n|move|p1a: Bisharp|Sucker Punch||[still]\n|-fail|p1a: Bisharp\n|move|p2a: Cloyster|Shell Smash|p2a: Cloyster\n|-unboost|p2a: Cloyster|def|1\n|-unboost|p2a: Cloyster|spd|1\n|-boost|p2a: Cloyster|atk|0\n|-boost|p2a: Cloyster|spa|0\n|-boost|p2a: Cloyster|spe|0\n|\n|upkeep\n|turn|14\n|inactive|Time left: 300 sec this turn | 300 sec total\n|\n|t:|1783535362\n|move|p1a: Bisharp|Sucker Punch||[still]\n|-fail|p1a: Bisharp\n|move|p2a: Cloyster|Shell Smash|p2a: Cloyster\n|-unboost|p2a: Cloyster|def|1\n|-unboost|p2a: Cloyster|spd|1\n|-boost|p2a: Cloyster|atk|0\n|-boost|p2a: Cloyster|spa|0\n|-boost|p2a: Cloyster|spe|0\n|\n|upkeep\n|turn|15\n|inactive|Time left: 300 sec this turn | 300 sec total\n|\n|t:|1783535363\n|move|p1a: Bisharp|Sucker Punch||[still]\n|-fail|p1a: Bisharp\n|move|p2a: Cloyster|Shell Smash|p2a: Cloyster\n|-unboost|p2a: Cloyster|def|1\n|-unboost|p2a: Cloyster|spd|1\n|-boost|p2a: Cloyster|atk|0\n|-boost|p2a: Cloyster|spa|0\n|-boost|p2a: Cloyster|spe|0\n|\n|upkeep\n|turn|16\n|inactive|Time left: 300 sec this turn | 300 sec total\n|\n|t:|1783535364\n|move|p1a: Bisharp|Sucker Punch||[still]\n|-fail|p1a: Bisharp\n|move|p2a: Cloyster|Shell Smash|p2a: Cloyster\n|-unboost|p2a: Cloyster|def|0\n|-unboost|p2a: Cloyster|spd|0\n|-boost|p2a: Cloyster|atk|0\n|-boost|p2a: Cloyster|spa|0\n|-boost|p2a: Cloyster|spe|0\n|\n|upkeep\n|turn|17\n|inactive|Time left: 300 sec this turn | 300 sec total\n|\n|t:|1783535365\n|move|p2a: Cloyster|Rock Blast|p1a: Bisharp|[miss]\n|-miss|p2a: Cloyster|p1a: Bisharp\n|move|p1a: Bisharp|Iron Head|p2a: Cloyster\n|-damage|p2a: Cloyster|0 fnt\n|faint|p2a: Cloyster\n|\n|upkeep\n|inactive|Time left: 300 sec this turn | 300 sec total | 5 sec grace\n|\n|t:|1783535366\n|switch|p2a: Iron Jugulis|Iron Jugulis, L77|271/271\n|turn|18\n|inactive|Time left: 300 sec this turn | 300 sec total\n|\n|t:|1783535367\n|move|p2a: Iron Jugulis|Meteor Beam||[still]\n|-prepare|p2a: Iron Jugulis|Meteor Beam\n|-boost|p2a: Iron Jugulis|spa|1\n|-enditem|p2a: Iron Jugulis|Power Herb\n|-anim|p2a: Iron Jugulis|Meteor Beam|p1a: Bisharp\n|-resisted|p1a: Bisharp\n|-damage|p1a: Bisharp|0 fnt\n|faint|p1a: Bisharp\n|\n|upkeep\n|\n|t:|1783535367\n|switch|p1a: Virizion|Virizion, L82|100/100\n|-damage|p1a: Virizion|94/100|[from] Stealth Rock\n|turn|19\n|inactive|Time left: 300 sec this turn | 300 sec total\n|\n|t:|1783535368\n|-terastallize|p1a: Virizion|Rock\n|move|p1a: Virizion|Stone Edge|p2a: Iron Jugulis\n|-supereffective|p2a: Iron Jugulis\n|-damage|p2a: Iron Jugulis|14/271\n|-damage|p1a: Virizion|85/100|[from] item: Life Orb\n|move|p2a: Iron Jugulis|Hurricane|p1a: Virizion|[miss]\n|-miss|p2a: Iron Jugulis|p1a: Virizion\n|\n|upkeep\n|turn|20\n|inactive|Time left: 300 sec this turn | 300 sec total\n|\n|t:|1783535369\n|move|p1a: Virizion|Leaf Blade|p2a: Iron Jugulis\n|-resisted|p2a: Iron Jugulis\n|-crit|p2a: Iron Jugulis\n|-damage|p2a: Iron Jugulis|0 fnt\n|faint|p2a: Iron Jugulis\n|-end|p2a: Iron Jugulis|Quark Drive|[silent]\n|-damage|p1a: Virizion|75/100|[from] item: Life Orb\n|\n|upkeep\n|inactive|Time left: 300 sec this turn | 300 sec total | 5 sec grace\n|\n|t:|1783535370\n|switch|p2a: Metagross|Metagross, L79|256/256\n|turn|21\n|inactive|Time left: 300 sec this turn | 300 sec total\n|\n|t:|1783535371\n|switch|p1a: Slowbro|Slowbro, L85, M|51/100\n|-damage|p1a: Slowbro|38/100|[from] Stealth Rock\n|move|p2a: Metagross|Earthquake|p1a: Slowbro\n|-damage|p1a: Slowbro|15/100\n|\n|-heal|p1a: Slowbro|21/100|[from] item: Leftovers\n|upkeep\n|turn|22\n|inactive|Time left: 300 sec this turn | 300 sec total\n|\n|t:|1783535372\n|switch|p1a: Entei|Entei, L78|57/100\n|-damage|p1a: Entei|32/100|[from] Stealth Rock\n|move|p2a: Metagross|Earthquake|p1a: Entei\n|-supereffective|p1a: Entei\n|-damage|p1a: Entei|0 fnt\n|faint|p1a: Entei\n|\n|upkeep\n|\n|t:|1783535373\n|switch|p1a: Gallade|Gallade, L80, M|100/100\n|-damage|p1a: Gallade|94/100|[from] Stealth Rock\n|turn|23\n|inactive|Time left: 300 sec this turn | 300 sec total\n|\n|t:|1783535374\n|move|p1a: Gallade|Sacred Sword|p2a: Metagross\n|-damage|p2a: Metagross|66/256\n|move|p2a: Metagross|Heavy Slam|p1a: Gallade\n|-damage|p1a: Gallade|21/100\n|\n|upkeep\n|turn|24\n|inactive|Time left: 300 sec this turn | 300 sec total\n|\n|t:|1783535376\n|switch|p2a: Illumise|Illumise, L91, F|266/266\n|move|p1a: Gallade|Sacred Sword|p2a: Illumise\n|-resisted|p2a: Illumise\n|-damage|p2a: Illumise|130/266\n|\n|upkeep\n|turn|25\n|inactive|Time left: 300 sec this turn | 300 sec total\n|\n|t:|1783535377\n|move|p2a: Illumise|Bug Buzz|p1a: Gallade\n|-damage|p1a: Gallade|0 fnt\n|faint|p1a: Gallade\n|\n|upkeep\n|\n|t:|1783535378\n|switch|p1a: Camerupt|Camerupt, L91, M|100/100\n|-damage|p1a: Camerupt|88/100|[from] Stealth Rock\n|turn|26\n|inactive|Time left: 300 sec this turn | 300 sec total\n|\n|t:|1783535379\n|move|p2a: Illumise|Roost|p2a: Illumise\n|-heal|p2a: Illumise|263/266\n|-singleturn|p2a: Illumise|move: Roost\n|move|p1a: Camerupt|Overheat|p2a: Illumise|[miss]\n|-miss|p1a: Camerupt|p2a: Illumise\n|\n|-heal|p1a: Camerupt|94/100|[from] item: Leftovers\n|upkeep\n|turn|27\n|inactive|Time left: 300 sec this turn | 300 sec total\n|\n|t:|1783535380\n|move|p2a: Illumise|Bug Buzz|p1a: Camerupt\n|-resisted|p1a: Camerupt\n|-damage|p1a: Camerupt|78/100\n|move|p1a: Camerupt|Overheat|p2a: Illumise\n|-supereffective|p2a: Illumise\n|-damage|p2a: Illumise|0 fnt\n|-unboost|p1a: Camerupt|spa|2\n|faint|p2a: Illumise\n|\n|-heal|p1a: Camerupt|84/100|[from] item: Leftovers\n|upkeep\n|inactive|Time left: 300 sec this turn | 300 sec total | 5 sec grace\n|\n|t:|1783535381\n|switch|p2a: Metagross|Metagross, L79|66/256\n|turn|28\n|inactive|Time left: 300 sec this turn | 300 sec total\n|\n|t:|1783535382\n|move|p2a: Metagross|Earthquake|p1a: Camerupt\n|-supereffective|p1a: Camerupt\n|-damage|p1a: Camerupt|35/100\n|move|p1a: Camerupt|Earthquake|p2a: Metagross\n|-supereffective|p2a: Metagross\n|-damage|p2a: Metagross|0 fnt\n|faint|p2a: Metagross\n|\n|-heal|p1a: Camerupt|41/100|[from] item: Leftovers\n|upkeep\n|inactive|Time left: 300 sec this turn | 300 sec total | 5 sec grace\n|\n|t:|1783535383\n|switch|p2a: Registeel|Registeel, L81|262/262\n|turn|29\n|inactive|Time left: 300 sec this turn | 300 sec total\n|\n|t:|1783535383\n|switch|p1a: Slowbro|Slowbro, L85, M|55/100\n|-damage|p1a: Slowbro|42/100|[from] Stealth Rock\n|move|p2a: Registeel|Iron Defense|p2a: Registeel\n|-boost|p2a: Registeel|def|2\n|\n|-heal|p1a: Slowbro|48/100|[from] item: Leftovers\n|upkeep\n|turn|30\n|inactive|Time left: 300 sec this turn | 300 sec total\n|\n|t:|1783535384\n|move|p2a: Registeel|Thunder Wave|p1a: Slowbro|[miss]\n|-miss|p2a: Registeel|p1a: Slowbro\n|move|p1a: Slowbro|Slack Off|p1a: Slowbro\n|-heal|p1a: Slowbro|98/100\n|\n|-heal|p1a: Slowbro|100/100|[from] item: Leftovers\n|upkeep\n|turn|31\n|inactive|Time left: 300 sec this turn | 300 sec total\n|\n|t:|1783535385\n|move|p2a: Registeel|Thunder Wave|p1a: Slowbro\n|-status|p1a: Slowbro|par\n|move|p1a: Slowbro|Iron Defense|p1a: Slowbro\n|-boost|p1a: Slowbro|def|2\n|\n|upkeep\n|turn|32\n|inactive|Time left: 300 sec this turn | 300 sec total\n|\n|t:|1783535386\n|move|p2a: Registeel|Iron Defense|p2a: Registeel\n|-boost|p2a: Registeel|def|2\n|move|p1a: Slowbro|Scald|p2a: Registeel\n|-damage|p2a: Registeel|198/262\n|-status|p2a: Registeel|brn\n|\n|-heal|p2a: Registeel|214/262 brn|[from] item: Leftovers\n|-damage|p2a: Registeel|198/262 brn|[from] brn\n|upkeep\n|turn|33\n|inactive|Time left: 300 sec this turn | 300 sec total\n|\n|t:|1783535387\n|move|p2a: Registeel|Iron Head|p1a: Slowbro\n|-resisted|p1a: Slowbro\n|-damage|p1a: Slowbro|98/100 par\n|cant|p1a: Slowbro|par\n|\n|-heal|p2a: Registeel|214/262 brn|[from] item: Leftovers\n|-heal|p1a: Slowbro|100/100 par|[from] item: Leftovers\n|-damage|p2a: Registeel|198/262 brn|[from] brn\n|upkeep\n|turn|34\n|inactive|Time left: 300 sec this turn | 300 sec total\n|\n|t:|1783535388\n|move|p2a: Registeel|Iron Head|p1a: Slowbro\n|-resisted|p1a: Slowbro\n|-damage|p1a: Slowbro|98/100 par\n|cant|p1a: Slowbro|flinch\n|\n|-heal|p2a: Registeel|214/262 brn|[from] item: Leftovers\n|-heal|p1a: Slowbro|100/100 par|[from] item: Leftovers\n|-damage|p2a: Registeel|198/262 brn|[from] brn\n|upkeep\n|turn|35\n|inactive|Time left: 300 sec this turn | 300 sec total\n|\n|t:|1783535389\n|move|p2a: Registeel|Body Press|p1a: Slowbro\n|-resisted|p1a: Slowbro\n|-damage|p1a: Slowbro|93/100 par\n|move|p1a: Slowbro|Scald|p2a: Registeel\n|-damage|p2a: Registeel|141/262 brn\n|\n|-heal|p2a: Registeel|157/262 brn|[from] item: Leftovers\n|-heal|p1a: Slowbro|99/100 par|[from] item: Leftovers\n|-damage|p2a: Registeel|141/262 brn|[from] brn\n|upkeep\n|turn|36\n|inactive|Time left: 300 sec this turn | 300 sec total\n|\n|t:|1783535390\n|move|p2a: Registeel|Iron Head|p1a: Slowbro\n|-resisted|p1a: Slowbro\n|-damage|p1a: Slowbro|97/100 par\n|cant|p1a: Slowbro|par\n|\n|-heal|p2a: Registeel|157/262 brn|[from] item: Leftovers\n|-heal|p1a: Slowbro|100/100 par|[from] item: Leftovers\n|-damage|p2a: Registeel|141/262 brn|[from] brn\n|upkeep\n|turn|37\n|inactive|Time left: 300 sec this turn | 300 sec total\n|\n|t:|1783535391\n|move|p2a: Registeel|Body Press|p1a: Slowbro\n|-resisted|p1a: Slowbro\n|-damage|p1a: Slowbro|93/100 par\n|move|p1a: Slowbro|Body Press|p2a: Registeel\n|-supereffective|p2a: Registeel\n|-damage|p2a: Registeel|79/262 brn\n|\n|-heal|p2a: Registeel|95/262 brn|[from] item: Leftovers\n|-heal|p1a: Slowbro|99/100 par|[from] item: Leftovers\n|-damage|p2a: Registeel|79/262 brn|[from] brn\n|upkeep\n|turn|38\n|inactive|Time left: 300 sec this turn | 300 sec total\n|\n|t:|1783535393\n|move|p2a: Registeel|Iron Head|p1a: Slowbro\n|-resisted|p1a: Slowbro\n|-damage|p1a: Slowbro|97/100 par\n|move|p1a: Slowbro|Scald|p2a: Registeel\n|-damage|p2a: Registeel|19/262 brn\n|\n|-heal|p2a: Registeel|35/262 brn|[from] item: Leftovers\n|-heal|p1a: Slowbro|100/100 par|[from] item: Leftovers\n|-damage|p2a: Registeel|19/262 brn|[from] brn\n|upkeep\n|turn|39\n|inactive|Time left: 300 sec this turn | 300 sec total\n|\n|t:|1783535394\n|move|p2a: Registeel|Iron Head|p1a: Slowbro\n|-resisted|p1a: Slowbro\n|-damage|p1a: Slowbro|98/100 par\n|move|p1a: Slowbro|Body Press|p2a: Registeel\n|-supereffective|p2a: Registeel\n|-damage|p2a: Registeel|0 fnt\n|faint|p2a: Registeel\n|\n|win|p0x138b95d", "uploadtime": 1783535394, "views": 0, "rating": 0, "private": 0, "password": null, "_winner": "p0x138b95d", "_our_name": "p0y1381391"}