{"id": "battle-gen9randombattle-159", "formatid": "gen9randombattle", "format": "[Gen 9] Random Battle", "players": ["p0x159ed8f", "p0y159aea0"], "log": "|init|battle\n|title|p0x159ed8f vs. p0y159aea0\n|j|\u2606p0x159ed8f\n|j|\u2606p0y159aea0\n|t:|1783541416\n|gametype|singles\n|player|p1|p0x159ed8f|102|\n|player|p2|p0y159aea0|102|\n|gen|9\n|tier|[Gen 9] Random Battle\n|rule|Species Clause: Limit one of each Pok\u00e9mon\n|rule|HP Percentage Mod: HP is shown in percentages\n|rule|Sleep Clause Mod: Limit one foe put to sleep\n|rule|Illusion Level Mod: Illusion disguises the Pok\u00e9mon's true level\n|\n|t:|1783541416\n|teamsize|p1|6\n|teamsize|p2|6\n|start\n|switch|p1a: Magmortar|Magmortar, L88, M|275/275\n|switch|p2a: Minior|Minior-Yellow, L79|100/100\n|-formechange|p2a: Minior|Minior-Meteor||[from] ability: Shields Down\n|turn|1\n|inactive|Battle timer is ON: inactive players will automatically lose when time's up. (requested by p0x159ed8f)\n|inactive|p0y159aea0 also wants the timer to be on.\n|\n|t:|1783541417\n|-terastallize|p1a: Magmortar|Electric\n|move|p1a: Magmortar|Thunderbolt|p2a: Minior\n|-supereffective|p2a: Minior\n|-damage|p2a: Minior|0 fnt\n|faint|p2a: Minior\n|\n|upkeep\n|\n|t:|1783541418\n|switch|p2a: Ceruledge|Ceruledge, L78, M|100/100\n|turn|2\n|inactive|Time left: 300 sec this turn | 300 sec total\n|\n|t:|1783541419\n|move|p1a: Magmortar|Thunderbolt|p2a: Ceruledge\n|-damage|p2a: Ceruledge|46/100\n|move|p2a: Ceruledge|Bitter Blade|p1a: Magmortar\n|-damage|p1a: Magmortar|146/275\n|-heal|p2a: Ceruledge|73/100|[from] drain|[of] p1a: Magmortar\n|\n|upkeep\n|turn|3\n|inactive|Time left: 300 sec this turn | 300 sec total\n|\n|t:|1783541420\n|-terastallize|p2a: Ceruledge|Fire\n|move|p1a: Magmortar|Thunderbolt|p2a: Ceruledge\n|-damage|p2a: Ceruledge|17/100\n|-status|p2a: Ceruledge|par\n|cant|p2a: Ceruledge|par\n|\n|upkeep\n|turn|4\n|inactive|Time left: 300 sec this turn | 300 sec total\n|\n|t:|1783541420\n|move|p1a: Magmortar|Thunderbolt|p2a: Ceruledge\n|-damage|p2a: Ceruledge|0 fnt\n|faint|p2a: Ceruledge\n|\n|upkeep\n|\n|t:|1783541421\n|switch|p2a: Brambleghast|Brambleghast, L88, F|100/100\n|turn|5\n|inactive|Time left: 300 sec this turn | 300 sec total\n|\n|t:|1783541422\n|switch|p1a: Grimmsnarl|Grimmsnarl, L83, M|293/293\n|move|p2a: Brambleghast|Poltergeist|p1a: Grimmsnarl\n|-activate|p1a: Grimmsnarl|move: Poltergeist|Light Clay\n|-resisted|p1a: Grimmsnarl\n|-damage|p1a: Grimmsnarl|200/293\n|\n|upkeep\n|turn|6\n|inactive|Time left: 300 sec this turn | 300 sec total\n|\n|t:|1783541423\n|move|p1a: Grimmsnarl|Reflect|p1a: Grimmsnarl\n|-sidestart|p1: p0x159ed8f|Reflect\n|move|p2a: Brambleghast|Power Whip|p1a: Grimmsnarl\n|-damage|p1a: Grimmsnarl|95/293\n|\n|upkeep\n|turn|7\n|inactive|Time left: 300 sec this turn | 300 sec total\n|\n|t:|1783541424\n|move|p1a: Grimmsnarl|Light Screen|p1a: Grimmsnarl\n|-sidestart|p1: p0x159ed8f|move: Light Screen\n|move|p2a: Brambleghast|Power Whip|p1a: Grimmsnarl\n|-damage|p1a: Grimmsnarl|0 fnt\n|faint|p1a: Grimmsnarl\n|\n|upkeep\n|inactive|Time left: 300 sec this turn | 300 sec total | 5 sec grace\n|\n|t:|1783541425\n|switch|p1a: Walking Wake|Walking Wake, L79|286/286\n|turn|8\n|inactive|Time left: 300 sec this turn | 300 sec total\n|\n|t:|1783541426\n|switch|p2a: Azumarill|Azumarill, L82, M|100/100\n|move|p1a: Walking Wake|Draco Meteor|p2a: Azumarill\n|-immune|p2a: Azumarill\n|\n|upkeep\n|turn|9\n|inactive|Time left: 300 sec this turn | 300 sec total\n|\n|t:|1783541427\n|-end|p1a: Walking Wake|Protosynthesis|[silent]\n|switch|p1a: Magmortar|Magmortar, L88, M, tera:Electric|146/275\n|move|p2a: Azumarill|Play Rough|p1a: Magmortar\n|-damage|p1a: Magmortar|77/275\n|\n|upkeep\n|turn|10\n|inactive|Time left: 300 sec this turn | 300 sec total\n|\n|t:|1783541428\n|switch|p2a: Brambleghast|Brambleghast, L88, F|100/100\n|move|p1a: Magmortar|Fire Blast|p2a: Brambleghast\n|-supereffective|p2a: Brambleghast\n|-damage|p2a: Brambleghast|0 fnt\n|faint|p2a: Brambleghast\n|\n|upkeep\n|\n|t:|1783541429\n|switch|p2a: Mienshao|Mienshao, L83, F|100/100\n|turn|11\n|inactive|Time left: 300 sec this turn | 300 sec total\n|\n|t:|1783541430\n|move|p2a: Mienshao|Close Combat|p1a: Magmortar\n|-damage|p1a: Magmortar|0 fnt\n|-unboost|p2a: Mienshao|def|1\n|-unboost|p2a: Mienshao|spd|1\n|faint|p1a: Magmortar\n|-damage|p2a: Mienshao|91/100|[from] item: Life Orb\n|\n|upkeep\n|inactive|Time left: 300 sec this turn | 300 sec total | 5 sec grace\n|\n|t:|1783541431\n|switch|p1a: Grumpig|Grumpig, L92, F|297/297\n|turn|12\n|inactive|Time left: 300 sec this turn | 300 sec total\n|\n|t:|1783541432\n|switch|p2a: Azumarill|Azumarill, L82, M|100/100\n|move|p1a: Grumpig|Nasty Plot|p1a: Grumpig\n|-boost|p1a: Grumpig|spa|2\n|\n|upkeep\n|turn|13\n|inactive|Time left: 300 sec this turn | 300 sec total\n|\n|t:|1783541433\n|move|p1a: Grumpig|Psychic|p2a: Azumarill\n|-damage|p2a: Azumarill|17/100\n|-enditem|p2a: Azumarill|Sitrus Berry|[eat]\n|-heal|p2a: Azumarill|41/100|[from] item: Sitrus Berry\n|move|p2a: Azumarill|Liquidation|p1a: Grumpig\n|-damage|p1a: Grumpig|234/297\n|\n|-heal|p1a: Grumpig|252/297|[from] item: Leftovers\n|-sideend|p1: p0x159ed8f|Reflect\n|upkeep\n|turn|14\n|inactive|Time left: 300 sec this turn | 300 sec total\n|\n|t:|1783541434\n|move|p2a: Azumarill|Aqua Jet|p1a: Grumpig\n|-damage|p1a: Grumpig|198/297\n|move|p1a: Grumpig|Nasty Plot|p1a: Grumpig\n|-boost|p1a: Grumpig|spa|2\n|\n|-heal|p1a: Grumpig|216/297|[from] item: Leftovers\n|-sideend|p1: p0x159ed8f|move: Light Screen\n|upkeep\n|turn|15\n|inactive|Time left: 300 sec this turn | 300 sec total\n|\n|t:|1783541435\n|move|p1a: Grumpig|Nasty Plot|p1a: Grumpig\n|-boost|p1a: Grumpig|spa|2\n|move|p2a: Azumarill|Play Rough|p1a: Grumpig|[miss]\n|-miss|p2a: Azumarill|p1a: Grumpig\n|\n|-heal|p1a: Grumpig|234/297|[from] item: Leftovers\n|upkeep\n|turn|16\n|inactive|Time left: 300 sec this turn | 300 sec total\n|\n|t:|1783541436\n|move|p2a: Azumarill|Aqua Jet|p1a: Grumpig\n|-damage|p1a: Grumpig|176/297\n|move|p1a: Grumpig|Nasty Plot|p1a: Grumpig\n|-boost|p1a: Grumpig|spa|0\n|\n|-heal|p1a: Grumpig|194/297|[from] item: Leftovers\n|upkeep\n|turn|17\n|inactive|Time left: 300 sec this turn | 300 sec total\n|\n|t:|1783541437\n|move|p1a: Grumpig|Nasty Plot|p1a: Grumpig\n|-boost|p1a: Grumpig|spa|0\n|move|p2a: Azumarill|Liquidation|p1a: Grumpig\n|-crit|p1a: Grumpig\n|-damage|p1a: Grumpig|19/297\n|\n|-heal|p1a: Grumpig|37/297|[from] item: Leftovers\n|upkeep\n|turn|18\n|inactive|Time left: 300 sec this turn | 300 sec total\n|\n|t:|1783541439\n|move|p2a: Azumarill|Aqua Jet|p1a: Grumpig\n|-damage|p1a: Grumpig|0 fnt\n|faint|p1a: Grumpig\n|\n|upkeep\n|inactive|Time left: 300 sec this turn | 300 sec total | 5 sec grace\n|\n|t:|1783541440\n|switch|p1a: Lilligant|Lilligant, L86, F|261/261\n|turn|19\n|inactive|Time left: 300 sec this turn | 300 sec total\n|\n|t:|1783541441\n|switch|p2a: Tsareena|Tsareena, L87, F|100/100\n|move|p1a: Lilligant|Quiver Dance|p1a: Lilligant\n|-boost|p1a: Lilligant|spa|1\n|-boost|p1a: Lilligant|spd|1\n|-boost|p1a: Lilligant|spe|1\n|\n|upkeep\n|turn|20\n|inactive|Time left: 300 sec this turn | 300 sec total\n|\n|t:|1783541442\n|move|p1a: Lilligant|Quiver Dance|p1a: Lilligant\n|-boost|p1a: Lilligant|spa|1\n|-boost|p1a: Lilligant|spd|1\n|-boost|p1a: Lilligant|spe|1\n|move|p2a: Tsareena|High Jump Kick|p1a: Lilligant\n|-damage|p1a: Lilligant|139/261\n|\n|upkeep\n|turn|21\n|inactive|Time left: 300 sec this turn | 300 sec total\n|\n|t:|1783541443\n|move|p1a: Lilligant|Giga Drain|p2a: Tsareena\n|-resisted|p2a: Tsareena\n|-damage|p2a: Tsareena|61/100\n|-heal|p1a: Lilligant|192/261|[from] drain|[of] p2a: Tsareena\n|-damage|p1a: Lilligant|166/261|[from] item: Life Orb\n|move|p2a: Tsareena|High Jump Kick|p1a: Lilligant\n|-damage|p1a: Lilligant|42/261\n|\n|upkeep\n|turn|22\n|inactive|Time left: 300 sec this turn | 300 sec total\n|\n|t:|1783541444\n|move|p1a: Lilligant|Giga Drain|p2a: Tsareena\n|-resisted|p2a: Tsareena\n|-damage|p2a: Tsareena|22/100\n|-heal|p1a: Lilligant|94/261|[from] drain|[of] p2a: Tsareena\n|-damage|p1a: Lilligant|68/261|[from] item: Life Orb\n|move|p2a: Tsareena|Power Whip|p1a: Lilligant\n|-resisted|p1a: Lilligant\n|-damage|p1a: Lilligant|0 fnt\n|faint|p1a: Lilligant\n|\n|upkeep\n|inactive|Time left: 300 sec this turn | 300 sec total | 5 sec grace\n|\n|t:|1783541445\n|switch|p1a: Walking Wake|Walking Wake, L79|286/286\n|turn|23\n|inactive|Time left: 300 sec this turn | 300 sec total\n|\n|t:|1783541446\n|move|p1a: Walking Wake|Flamethrower|p2a: Tsareena\n|-supereffective|p2a: Tsareena\n|-damage|p2a: Tsareena|0 fnt\n|faint|p2a: Tsareena\n|\n|upkeep\n|\n|t:|1783541447\n|switch|p2a: Mienshao|Mienshao, L83, F|100/100\n|turn|24\n|inactive|Time left: 300 sec this turn | 300 sec total\n|\n|t:|1783541448\n|move|p2a: Mienshao|Swords Dance|p2a: Mienshao\n|-boost|p2a: Mienshao|atk|2\n|move|p1a: Walking Wake|Flamethrower|p2a: Mienshao\n|-damage|p2a: Mienshao|43/100\n|\n|upkeep\n|turn|25\n|inactive|Time left: 300 sec this turn | 300 sec total\n|\n|t:|1783541449\n|move|p2a: Mienshao|Close Combat|p1a: Walking Wake\n|-damage|p1a: Walking Wake|0 fnt\n|-unboost|p2a: Mienshao|def|1\n|-unboost|p2a: Mienshao|spd|1\n|faint|p1a: Walking Wake\n|-end|p1a: Walking Wake|Protosynthesis|[silent]\n|-damage|p2a: Mienshao|33/100|[from] item: Life Orb\n|\n|upkeep\n|inactive|Time left: 300 sec this turn | 300 sec total | 5 sec grace\n|\n|t:|1783541450\n|switch|p1a: Quagsire|Quagsire, L84, F|297/297\n|turn|26\n|inactive|Time left: 300 sec this turn | 300 sec total\n|\n|t:|1783541451\n|move|p2a: Mienshao|Close Combat|p1a: Quagsire\n|-damage|p1a: Quagsire|75/297\n|-unboost|p2a: Mienshao|def|1\n|-unboost|p2a: Mienshao|spd|1\n|-damage|p2a: Mienshao|23/100|[from] item: Life Orb\n|move|p1a: Quagsire|Earthquake|p2a: Mienshao\n|-damage|p2a: Mienshao|0 fnt\n|faint|p2a: Mienshao\n|\n|-heal|p1a: Quagsire|93/297|[from] item: Leftovers\n|upkeep\n|\n|t:|1783541452\n|switch|p2a: Azumarill|Azumarill, L82, M|41/100\n|turn|27\n|inactive|Time left: 300 sec this turn | 300 sec total\n|\n|t:|1783541453\n|move|p2a: Azumarill|Liquidation|p1a: Quagsire\n|-damage|p1a: Quagsire|0 fnt\n|faint|p1a: Quagsire\n|\n|win|p0y159aea0", "uploadtime": 1783541453, "views": 0, "rating": 0, "private": 0, "password": null, "_winner": "p0y159aea0", "_our_name": "p0x159ed8f"}