{"id": "battle-gen9randombattle-824", "formatid": "gen9randombattle", "format": "[Gen 9] Random Battle", "players": ["p0x824f8fc", "p0y8241df8"], "log": "|init|battle\n|title|p0x824f8fc vs. p0y8241df8\n|j|\u2606p0x824f8fc\n|j|\u2606p0y8241df8\n|t:|1783549450\n|gametype|singles\n|player|p1|p0x824f8fc|169|\n|player|p2|p0y8241df8|169|\n|gen|9\n|tier|[Gen 9] Random Battle\n|rule|Species Clause: Limit one of each Pok\u00e9mon\n|rule|HP Percentage Mod: HP is shown in percentages\n|rule|Sleep Clause Mod: Limit one foe put to sleep\n|rule|Illusion Level Mod: Illusion disguises the Pok\u00e9mon's true level\n|\n|t:|1783549450\n|teamsize|p1|6\n|teamsize|p2|6\n|start\n|switch|p1a: Armarouge|Armarouge, L80, F|267/267\n|switch|p2a: Palafin|Palafin, L77, F|100/100\n|turn|1\n|inactive|Battle timer is ON: inactive players will automatically lose when time's up. (requested by p0y8241df8)\n|inactive|Time left: 300 sec this turn | 300 sec total | 60 sec grace\n|\n|t:|1783549451\n|move|p2a: Palafin|Wave Crash|p1a: Armarouge\n|-supereffective|p1a: Armarouge\n|-damage|p1a: Armarouge|31/267\n|-ability|p1a: Armarouge|Weak Armor|boost\n|-unboost|p1a: Armarouge|def|1\n|-boost|p1a: Armarouge|spe|2\n|-damage|p2a: Palafin|73/100|[from] Recoil\n|move|p1a: Armarouge|Meteor Beam||[still]\n|-prepare|p1a: Armarouge|Meteor Beam\n|-boost|p1a: Armarouge|spa|1\n|-enditem|p1a: Armarouge|Power Herb\n|-anim|p1a: Armarouge|Meteor Beam|p2a: Palafin\n|-damage|p2a: Palafin|5/100\n|\n|upkeep\n|turn|2\n|inactive|Time left: 300 sec this turn | 300 sec total\n|inactive|p0x824f8fc also wants the timer to be on.\n|\n|t:|1783549453\n|move|p1a: Armarouge|Armor Cannon|p2a: Palafin\n|-resisted|p2a: Palafin\n|-damage|p2a: Palafin|0 fnt\n|-unboost|p1a: Armarouge|def|1\n|-unboost|p1a: Armarouge|spd|1\n|faint|p2a: Palafin\n|\n|upkeep\n|\n|t:|1783549454\n|switch|p2a: Abomasnow|Abomasnow, L84, M|100/100\n|-weather|Snowscape|[from] ability: Snow Warning|[of] p2a: Abomasnow\n|turn|3\n|inactive|Time left: 300 sec this turn | 300 sec total\n|\n|t:|1783549455\n|move|p2a: Abomasnow|Ice Shard|p1a: Armarouge\n|-resisted|p1a: Armarouge\n|-damage|p1a: Armarouge|0 fnt\n|faint|p1a: Armarouge\n|\n|-weather|Snowscape|[upkeep]\n|upkeep\n|inactive|Time left: 300 sec this turn | 300 sec total | 5 sec grace\n|\n|t:|1783549456\n|switch|p1a: Gallade|Gallade, L80, M|240/240\n|turn|4\n|inactive|Time left: 300 sec this turn | 300 sec total\n|\n|t:|1783549457\n|-terastallize|p2a: Abomasnow|Ghost\n|move|p1a: Gallade|Sacred Sword|p2a: Abomasnow\n|-immune|p2a: Abomasnow\n|move|p2a: Abomasnow|Aurora Veil|p2a: Abomasnow\n|-sidestart|p2: p0y8241df8|move: Aurora Veil\n|\n|-weather|Snowscape|[upkeep]\n|upkeep\n|turn|5\n|inactive|Time left: 300 sec this turn | 300 sec total\n|\n|t:|1783549458\n|switch|p1a: Grimmsnarl|Grimmsnarl, L83, M|293/293\n|move|p2a: Abomasnow|Wood Hammer|p1a: Grimmsnarl\n|-damage|p1a: Grimmsnarl|148/293\n|-damage|p2a: Abomasnow|84/100|[from] Recoil\n|\n|-weather|Snowscape|[upkeep]\n|upkeep\n|turn|6\n|inactive|Time left: 300 sec this turn | 300 sec total\n|\n|t:|1783549459\n|move|p1a: Grimmsnarl|Light Screen|p1a: Grimmsnarl\n|-sidestart|p1: p0x824f8fc|move: Light Screen\n|move|p2a: Abomasnow|Blizzard|p1a: Grimmsnarl\n|-damage|p1a: Grimmsnarl|88/293\n|\n|-weather|Snowscape|[upkeep]\n|upkeep\n|turn|7\n|inactive|Time left: 300 sec this turn | 300 sec total\n|\n|t:|1783549460\n|move|p1a: Grimmsnarl|Reflect|p1a: Grimmsnarl\n|-sidestart|p1: p0x824f8fc|Reflect\n|move|p2a: Abomasnow|Wood Hammer|p1a: Grimmsnarl\n|-damage|p1a: Grimmsnarl|17/293\n|-damage|p2a: Abomasnow|76/100|[from] Recoil\n|\n|-weather|none\n|upkeep\n|turn|8\n|inactive|Time left: 300 sec this turn | 300 sec total\n|\n|t:|1783549462\n|switch|p1a: Gallade|Gallade, L80, M|240/240\n|move|p2a: Abomasnow|Wood Hammer|p1a: Gallade\n|-damage|p1a: Gallade|161/240\n|-damage|p2a: Abomasnow|67/100|[from] Recoil\n|\n|upkeep\n|turn|9\n|inactive|Time left: 300 sec this turn | 300 sec total\n|\n|t:|1783549463\n|switch|p2a: Bronzong|Bronzong, L88|100/100\n|move|p1a: Gallade|Psycho Cut|p2a: Bronzong\n|-resisted|p2a: Bronzong\n|-damage|p2a: Bronzong|94/100\n|\n|-heal|p2a: Bronzong|99/100|[from] item: Leftovers\n|upkeep\n|turn|10\n|inactive|Time left: 300 sec this turn | 300 sec total\n|\n|t:|1783549464\n|move|p1a: Gallade|Psycho Cut|p2a: Bronzong\n|-resisted|p2a: Bronzong\n|-damage|p2a: Bronzong|93/100\n|move|p2a: Bronzong|Earthquake|p1a: Gallade\n|-damage|p1a: Gallade|111/240\n|\n|-heal|p2a: Bronzong|99/100|[from] item: Leftovers\n|upkeep\n|turn|11\n|inactive|Time left: 300 sec this turn | 300 sec total\n|\n|t:|1783549465\n|move|p1a: Gallade|Psycho Cut|p2a: Bronzong\n|-resisted|p2a: Bronzong\n|-damage|p2a: Bronzong|92/100\n|move|p2a: Bronzong|Hypnosis|p1a: Gallade\n|-status|p1a: Gallade|slp|[from] move: Hypnosis\n|\n|-heal|p2a: Bronzong|99/100|[from] item: Leftovers\n|-sideend|p2: p0y8241df8|move: Aurora Veil\n|upkeep\n|turn|12\n|inactive|Time left: 300 sec this turn | 300 sec total\n|\n|t:|1783549466\n|switch|p1a: Gastrodon|Gastrodon-East, L86, M|331/331\n|move|p2a: Bronzong|Iron Head|p1a: Gastrodon\n|-resisted|p1a: Gastrodon\n|-damage|p1a: Gastrodon|306/331\n|\n|-heal|p1a: Gastrodon|326/331|[from] item: Leftovers\n|-heal|p2a: Bronzong|100/100|[from] item: Leftovers\n|upkeep\n|turn|13\n|inactive|Time left: 300 sec this turn | 300 sec total\n|\n|t:|1783549467\n|move|p1a: Gastrodon|Stealth Rock|p2a: Bronzong\n|-sidestart|p2: p0y8241df8|move: Stealth Rock\n|move|p2a: Bronzong|Psychic Noise|p1a: Gastrodon\n|-damage|p1a: Gastrodon|288/331\n|-start|p1a: Gastrodon|move: Heal Block\n|\n|-sideend|p1: p0x824f8fc|move: Light Screen\n|upkeep\n|turn|14\n|inactive|Time left: 300 sec this turn | 300 sec total\n|\n|t:|1783549469\n|move|p1a: Gastrodon|Surf|p2a: Bronzong\n|-damage|p2a: Bronzong|71/100\n|move|p2a: Bronzong|Iron Head|p1a: Gastrodon\n|-resisted|p1a: Gastrodon\n|-damage|p1a: Gastrodon|265/331\n|\n|-heal|p2a: Bronzong|77/100|[from] item: Leftovers\n|-end|p1a: Gastrodon|move: Heal Block\n|-sideend|p1: p0x824f8fc|Reflect\n|upkeep\n|turn|15\n|inactive|Time left: 300 sec this turn | 300 sec total\n|\n|t:|1783549470\n|move|p1a: Gastrodon|Surf|p2a: Bronzong\n|-damage|p2a: Bronzong|48/100\n|move|p2a: Bronzong|Earthquake|p1a: Gastrodon\n|-damage|p1a: Gastrodon|177/331\n|\n|-heal|p1a: Gastrodon|197/331|[from] item: Leftovers\n|-heal|p2a: Bronzong|54/100|[from] item: Leftovers\n|upkeep\n|turn|16\n|inactive|Time left: 300 sec this turn | 300 sec total\n|\n|t:|1783549471\n|move|p1a: Gastrodon|Recover|p1a: Gastrodon\n|-heal|p1a: Gastrodon|331/331\n|move|p2a: Bronzong|Psychic Noise|p1a: Gastrodon\n|-damage|p1a: Gastrodon|259/331\n|-start|p1a: Gastrodon|move: Heal Block\n|\n|-heal|p2a: Bronzong|60/100|[from] item: Leftovers\n|upkeep\n|turn|17\n|inactive|Time left: 300 sec this turn | 300 sec total\n|\n|t:|1783549472\n|move|p1a: Gastrodon|Surf|p2a: Bronzong\n|-damage|p2a: Bronzong|32/100\n|move|p2a: Bronzong|Earthquake|p1a: Gastrodon\n|-damage|p1a: Gastrodon|177/331\n|\n|-heal|p2a: Bronzong|38/100|[from] item: Leftovers\n|-end|p1a: Gastrodon|move: Heal Block\n|upkeep\n|turn|18\n|inactive|Time left: 300 sec this turn | 300 sec total\n|\n|t:|1783549474\n|move|p1a: Gastrodon|Recover|p1a: Gastrodon\n|-heal|p1a: Gastrodon|331/331\n|move|p2a: Bronzong|Psychic Noise|p1a: Gastrodon\n|-damage|p1a: Gastrodon|255/331\n|-start|p1a: Gastrodon|move: Heal Block\n|\n|-heal|p2a: Bronzong|44/100|[from] item: Leftovers\n|upkeep\n|turn|19\n|inactive|Time left: 300 sec this turn | 300 sec total\n|\n|t:|1783549475\n|move|p1a: Gastrodon|Surf|p2a: Bronzong\n|-damage|p2a: Bronzong|15/100\n|move|p2a: Bronzong|Earthquake|p1a: Gastrodon\n|-damage|p1a: Gastrodon|162/331\n|\n|-heal|p2a: Bronzong|21/100|[from] item: Leftovers\n|-end|p1a: Gastrodon|move: Heal Block\n|upkeep\n|turn|20\n|inactive|Time left: 300 sec this turn | 300 sec total\n|\n|t:|1783549476\n|move|p1a: Gastrodon|Surf|p2a: Bronzong\n|-damage|p2a: Bronzong|0 fnt\n|faint|p2a: Bronzong\n|\n|-heal|p1a: Gastrodon|182/331|[from] item: Leftovers\n|upkeep\n|\n|t:|1783549477\n|switch|p2a: Abomasnow|Abomasnow, L84, M, tera:Ghost|67/100\n|-damage|p2a: Abomasnow|55/100|[from] Stealth Rock\n|-weather|Snowscape|[from] ability: Snow Warning|[of] p2a: Abomasnow\n|turn|21\n|inactive|Time left: 300 sec this turn | 300 sec total\n|\n|t:|1783549478\n|move|p2a: Abomasnow|Aurora Veil|p2a: Abomasnow\n|-sidestart|p2: p0y8241df8|move: Aurora Veil\n|move|p1a: Gastrodon|Earthquake|p2a: Abomasnow\n|-damage|p2a: Abomasnow|36/100\n|\n|-weather|Snowscape|[upkeep]\n|-heal|p1a: Gastrodon|202/331|[from] item: Leftovers\n|upkeep\n|turn|22\n|inactive|Time left: 300 sec this turn | 300 sec total\n|\n|t:|1783549479\n|switch|p1a: Toxapex|Toxapex, L82, F|216/216\n|move|p2a: Abomasnow|Wood Hammer|p1a: Toxapex\n|-damage|p1a: Toxapex|132/216\n|-damage|p2a: Abomasnow|19/100|[from] item: Rocky Helmet|[of] p1a: Toxapex\n|-damage|p2a: Abomasnow|10/100|[from] Recoil\n|\n|-weather|Snowscape|[upkeep]\n|upkeep\n|turn|23\n|inactive|Time left: 300 sec this turn | 300 sec total\n|\n|t:|1783549480\n|move|p2a: Abomasnow|Blizzard|p1a: Toxapex\n|-resisted|p1a: Toxapex\n|-damage|p1a: Toxapex|95/216\n|move|p1a: Toxapex|Recover|p1a: Toxapex\n|-heal|p1a: Toxapex|203/216\n|\n|-weather|Snowscape|[upkeep]\n|upkeep\n|turn|24\n|inactive|Time left: 300 sec this turn | 300 sec total\n|\n|t:|1783549481\n|move|p2a: Abomasnow|Blizzard|p1a: Toxapex\n|-resisted|p1a: Toxapex\n|-damage|p1a: Toxapex|167/216\n|move|p1a: Toxapex|Toxic|p2a: Abomasnow\n|-status|p2a: Abomasnow|tox\n|\n|-weather|Snowscape|[upkeep]\n|-damage|p2a: Abomasnow|4/100 tox|[from] psn\n|upkeep\n|turn|25\n|inactive|Time left: 300 sec this turn | 300 sec total\n|\n|t:|1783549482\n|move|p2a: Abomasnow|Wood Hammer|p1a: Toxapex\n|-damage|p1a: Toxapex|82/216\n|-damage|p2a: Abomasnow|0 fnt|[from] item: Rocky Helmet|[of] p1a: Toxapex\n|faint|p2a: Abomasnow\n|move|p1a: Toxapex|Recover|p1a: Toxapex\n|-heal|p1a: Toxapex|190/216\n|\n|-weather|none\n|upkeep\n|\n|t:|1783549483\n|switch|p2a: Cryogonal|Cryogonal, L89|100/100\n|turn|26\n|inactive|Time left: 300 sec this turn | 300 sec total\n|\n|t:|1783549484\n|move|p2a: Cryogonal|Freeze-Dry|p1a: Toxapex\n|-supereffective|p1a: Toxapex\n|-damage|p1a: Toxapex|70/216\n|move|p1a: Toxapex|Toxic|p2a: Cryogonal\n|-status|p2a: Cryogonal|tox\n|\n|-damage|p2a: Cryogonal|95/100 tox|[from] psn\n|upkeep\n|turn|27\n|inactive|Time left: 300 sec this turn | 300 sec total\n|\n|t:|1783549486\n|switch|p1a: Iron Thorns|Iron Thorns, L83|302/302\n|-enditem|p1a: Iron Thorns|Booster Energy\n|-activate|p1a: Iron Thorns|ability: Quark Drive|[fromitem]\n|-start|p1a: Iron Thorns|quarkdriveatk\n|move|p2a: Cryogonal|Freeze-Dry|p1a: Iron Thorns\n|-damage|p1a: Iron Thorns|212/302\n|\n|-damage|p2a: Cryogonal|83/100 tox|[from] psn\n|upkeep\n|turn|28\n|inactive|Time left: 300 sec this turn | 300 sec total\n|\n|t:|1783549487\n|move|p2a: Cryogonal|Freeze-Dry|p1a: Iron Thorns\n|-damage|p1a: Iron Thorns|125/302\n|move|p1a: Iron Thorns|Dragon Dance|p1a: Iron Thorns\n|-boost|p1a: Iron Thorns|atk|1\n|-boost|p1a: Iron Thorns|spe|1\n|\n|-damage|p2a: Cryogonal|65/100 tox|[from] psn\n|-sideend|p2: p0y8241df8|move: Aurora Veil\n|upkeep\n|turn|29\n|inactive|Time left: 300 sec this turn | 300 sec total\n|\n|t:|1783549488\n|move|p1a: Iron Thorns|Stone Edge|p2a: Cryogonal\n|-supereffective|p2a: Cryogonal\n|-damage|p2a: Cryogonal|0 fnt\n|faint|p2a: Cryogonal\n|\n|upkeep\n|\n|t:|1783549489\n|switch|p2a: Komala|Komala, L87, F|100/100\n|-damage|p2a: Komala|88/100|[from] Stealth Rock\n|-ability|p2a: Komala|Comatose\n|turn|30\n|inactive|Time left: 300 sec this turn | 300 sec total\n|\n|t:|1783549490\n|switch|p2a: Camerupt|Camerupt, L91, M|100/100\n|-damage|p2a: Camerupt|88/100|[from] Stealth Rock\n|move|p1a: Iron Thorns|Wild Charge|p2a: Camerupt\n|-immune|p2a: Camerupt\n|\n|-heal|p2a: Camerupt|94/100|[from] item: Leftovers\n|upkeep\n|turn|31\n|inactive|Time left: 300 sec this turn | 300 sec total\n|\n|t:|1783549491\n|switch|p2a: Komala|Komala, L87, F|88/100\n|-damage|p2a: Komala|76/100|[from] Stealth Rock\n|-ability|p2a: Komala|Comatose\n|move|p1a: Iron Thorns|Earthquake|p2a: Komala\n|-damage|p2a: Komala|0 fnt\n|faint|p2a: Komala\n|\n|upkeep\n|\n|t:|1783549492\n|switch|p2a: Camerupt|Camerupt, L91, M|94/100\n|-damage|p2a: Camerupt|82/100|[from] Stealth Rock\n|turn|32\n|inactive|Time left: 300 sec this turn | 300 sec total\n|\n|t:|1783549492\n|move|p1a: Iron Thorns|Earthquake|p2a: Camerupt\n|-supereffective|p2a: Camerupt\n|-damage|p2a: Camerupt|0 fnt\n|faint|p2a: Camerupt\n|\n|win|p0x824f8fc", "uploadtime": 1783549492, "views": 0, "rating": 0, "private": 0, "password": null, "_winner": "p0x824f8fc", "_our_name": "p0x824f8fc"}