{"id": "battle-gen9randombattle-2188", "formatid": "gen9randombattle", "format": "[Gen 9] Random Battle", "players": ["p0x2188d372", "p0y21881b52"], "log": "|init|battle\n|title|p0x2188d372 vs. p0y21881b52\n|j|\u2606p0x2188d372\n|j|\u2606p0y21881b52\n|t:|1783565362\n|gametype|singles\n|player|p1|p0x2188d372|170|\n|player|p2|p0y21881b52|101|\n|gen|9\n|tier|[Gen 9] Random Battle\n|rule|Species Clause: Limit one of each Pok\u00e9mon\n|rule|HP Percentage Mod: HP is shown in percentages\n|rule|Sleep Clause Mod: Limit one foe put to sleep\n|rule|Illusion Level Mod: Illusion disguises the Pok\u00e9mon's true level\n|\n|t:|1783565362\n|teamsize|p1|6\n|teamsize|p2|6\n|start\n|switch|p1a: Chandelure|Chandelure, L83, F|100/100\n|switch|p2a: Chien-Pao|Chien-Pao, L72|234/234\n|-ability|p2a: Chien-Pao|Sword of Ruin\n|turn|1\n|inactive|Battle timer is ON: inactive players will automatically lose when time's up. (requested by p0x2188d372)\n|inactive|Time left: 300 sec this turn | 300 sec total | 60 sec grace\n|\n|t:|1783565364\n|move|p1a: Chandelure|Fire Blast|p2a: Chien-Pao\n|-supereffective|p2a: Chien-Pao\n|-damage|p2a: Chien-Pao|0 fnt\n|faint|p2a: Chien-Pao\n|\n|upkeep\n|inactive|Time left: 300 sec this turn | 300 sec total | 65 sec grace\n|inactive|p0y21881b52 also wants the timer to be on.\n|\n|t:|1783565365\n|switch|p2a: Blastoise|Blastoise, L80, F|258/258\n|turn|2\n|inactive|Time left: 300 sec this turn | 300 sec total\n|\n|t:|1783565366\n|move|p1a: Chandelure|Fire Blast|p2a: Blastoise\n|-resisted|p2a: Blastoise\n|-damage|p2a: Blastoise|186/258\n|move|p2a: Blastoise|Shell Smash|p2a: Blastoise\n|-unboost|p2a: Blastoise|def|1\n|-unboost|p2a: Blastoise|spd|1\n|-boost|p2a: Blastoise|atk|2\n|-boost|p2a: Blastoise|spa|2\n|-boost|p2a: Blastoise|spe|2\n|-enditem|p2a: Blastoise|White Herb\n|-clearnegativeboost|p2a: Blastoise|[silent]\n|\n|upkeep\n|turn|3\n|inactive|Time left: 300 sec this turn | 300 sec total\n|\n|t:|1783565367\n|switch|p1a: Iron Bundle|Iron Bundle, L78|100/100\n|move|p2a: Blastoise|Earthquake|p1a: Iron Bundle\n|-crit|p1a: Iron Bundle\n|-damage|p1a: Iron Bundle|26/100\n|\n|upkeep\n|turn|4\n|inactive|Time left: 300 sec this turn | 300 sec total\n|\n|t:|1783565368\n|move|p2a: Blastoise|Earthquake|p1a: Iron Bundle\n|-damage|p1a: Iron Bundle|0 fnt\n|faint|p1a: Iron Bundle\n|-end|p1a: Iron Bundle|Quark Drive|[silent]\n|\n|upkeep\n|\n|t:|1783565369\n|switch|p1a: Mewtwo|Mewtwo, L72|100/100\n|-ability|p1a: Mewtwo|Pressure\n|turn|5\n|inactive|Time left: 300 sec this turn | 300 sec total\n|\n|t:|1783565370\n|move|p2a: Blastoise|Hydro Pump|p1a: Mewtwo\n|-damage|p1a: Mewtwo|20/100\n|move|p1a: Mewtwo|Psystrike|p2a: Blastoise\n|-damage|p2a: Blastoise|46/258\n|-damage|p1a: Mewtwo|10/100|[from] item: Life Orb\n|\n|upkeep\n|turn|6\n|inactive|Time left: 300 sec this turn | 300 sec total\n|\n|t:|1783565371\n|move|p2a: Blastoise|Ice Beam|p1a: Mewtwo\n|-damage|p1a: Mewtwo|0 fnt\n|faint|p1a: Mewtwo\n|\n|upkeep\n|\n|t:|1783565372\n|switch|p1a: Dragapult|Dragapult, L77, M|100/100\n|turn|7\n|inactive|Time left: 300 sec this turn | 300 sec total\n|\n|t:|1783565373\n|move|p2a: Blastoise|Ice Beam|p1a: Dragapult\n|-supereffective|p1a: Dragapult\n|-damage|p1a: Dragapult|5/100\n|move|p1a: Dragapult|Dragon Darts|p2a: Blastoise\n|-damage|p2a: Blastoise|0 fnt\n|faint|p2a: Blastoise\n|\n|upkeep\n|inactive|Time left: 300 sec this turn | 300 sec total | 5 sec grace\n|\n|t:|1783565374\n|switch|p2a: Grumpig|Grumpig, L92, M|297/297\n|turn|8\n|inactive|Time left: 300 sec this turn | 300 sec total\n|\n|t:|1783565375\n|move|p1a: Dragapult|U-turn|p2a: Grumpig\n|-supereffective|p2a: Grumpig\n|-damage|p2a: Grumpig|193/297\n|\n|t:|1783565377\n|switch|p1a: Houndoom|Houndoom, L87, M|100/100|[from] U-turn\n|move|p2a: Grumpig|Nasty Plot|p2a: Grumpig\n|-boost|p2a: Grumpig|spa|2\n|\n|-heal|p2a: Grumpig|211/297|[from] item: Leftovers\n|upkeep\n|turn|9\n|inactive|Time left: 300 sec this turn | 300 sec total\n|\n|t:|1783565378\n|-terastallize|p2a: Grumpig|Ground\n|move|p1a: Houndoom|Dark Pulse|p2a: Grumpig\n|-damage|p2a: Grumpig|139/297\n|move|p2a: Grumpig|Earth Power|p1a: Houndoom\n|-supereffective|p1a: Houndoom\n|-damage|p1a: Houndoom|0 fnt\n|faint|p1a: Houndoom\n|\n|-heal|p2a: Grumpig|157/297|[from] item: Leftovers\n|upkeep\n|\n|t:|1783565379\n|switch|p1a: Dragapult|Dragapult, L77, M|5/100\n|turn|10\n|inactive|Time left: 300 sec this turn | 300 sec total\n|\n|t:|1783565380\n|-terastallize|p1a: Dragapult|Dragon\n|move|p1a: Dragapult|Dragon Darts|p2a: Grumpig\n|-damage|p2a: Grumpig|69/297\n|-anim|p1a: Dragapult|Dragon Darts|p2a: Grumpig\n|-damage|p2a: Grumpig|0 fnt\n|faint|p2a: Grumpig\n|\n|upkeep\n|inactive|Time left: 300 sec this turn | 300 sec total | 5 sec grace\n|\n|t:|1783565381\n|switch|p2a: Bellibolt|Bellibolt, L84, M|320/320\n|turn|11\n|inactive|Time left: 300 sec this turn | 300 sec total\n|\n|t:|1783565381\n|move|p1a: Dragapult|Dragon Darts|p2a: Bellibolt\n|-damage|p2a: Bellibolt|256/320\n|-start|p2a: Bellibolt|Charge|Dragon Darts|[from] ability: Electromorphosis\n|-anim|p1a: Dragapult|Dragon Darts|p2a: Bellibolt\n|-damage|p2a: Bellibolt|192/320\n|-start|p2a: Bellibolt|Charge|Dragon Darts|[from] ability: Electromorphosis\n|move|p2a: Bellibolt|Thunderbolt|p1a: Dragapult\n|-resisted|p1a: Dragapult\n|-damage|p1a: Dragapult|0 fnt\n|faint|p1a: Dragapult\n|-end|p2a: Bellibolt|Charge|[silent]\n|\n|-heal|p2a: Bellibolt|212/320|[from] item: Leftovers\n|upkeep\n|\n|t:|1783565382\n|switch|p1a: Darkrai|Darkrai, L77|100/100\n|turn|12\n|inactive|Time left: 300 sec this turn | 300 sec total\n|\n|t:|1783565383\n|move|p1a: Darkrai|Nasty Plot|p1a: Darkrai\n|-boost|p1a: Darkrai|spa|2\n|move|p2a: Bellibolt|Thunderbolt|p1a: Darkrai\n|-damage|p1a: Darkrai|56/100\n|\n|-heal|p1a: Darkrai|62/100|[from] item: Leftovers\n|-heal|p2a: Bellibolt|232/320|[from] item: Leftovers\n|upkeep\n|turn|13\n|inactive|Time left: 300 sec this turn | 300 sec total\n|\n|t:|1783565384\n|move|p1a: Darkrai|Dark Pulse|p2a: Bellibolt\n|-damage|p2a: Bellibolt|34/320\n|-start|p2a: Bellibolt|Charge|Dark Pulse|[from] ability: Electromorphosis\n|move|p2a: Bellibolt|Thunderbolt|p1a: Darkrai\n|-damage|p1a: Darkrai|0 fnt\n|faint|p1a: Darkrai\n|-end|p2a: Bellibolt|Charge|[silent]\n|\n|-heal|p2a: Bellibolt|54/320|[from] item: Leftovers\n|upkeep\n|\n|t:|1783565385\n|switch|p1a: Chandelure|Chandelure, L83, F|100/100\n|turn|14\n|inactive|Time left: 300 sec this turn | 300 sec total\n|\n|t:|1783565386\n|move|p1a: Chandelure|Fire Blast|p2a: Bellibolt\n|-damage|p2a: Bellibolt|0 fnt\n|faint|p2a: Bellibolt\n|\n|upkeep\n|inactive|Time left: 300 sec this turn | 300 sec total | 5 sec grace\n|\n|t:|1783565387\n|switch|p2a: Luvdisc|Luvdisc, M|247/247\n|turn|15\n|inactive|Time left: 300 sec this turn | 300 sec total\n|\n|t:|1783565387\n|move|p1a: Chandelure|Fire Blast|p2a: Luvdisc\n|-resisted|p2a: Luvdisc\n|-damage|p2a: Luvdisc|162/247\n|move|p2a: Luvdisc|Surf|p1a: Chandelure\n|-supereffective|p1a: Chandelure\n|-damage|p1a: Chandelure|38/100\n|\n|upkeep\n|turn|16\n|inactive|Time left: 300 sec this turn | 300 sec total\n|\n|t:|1783565388\n|move|p1a: Chandelure|Fire Blast|p2a: Luvdisc\n|-resisted|p2a: Luvdisc\n|-damage|p2a: Luvdisc|86/247\n|move|p2a: Luvdisc|Surf|p1a: Chandelure\n|-supereffective|p1a: Chandelure\n|-damage|p1a: Chandelure|0 fnt\n|faint|p1a: Chandelure\n|\n|win|p0y21881b52", "uploadtime": 1783565389, "views": 0, "rating": 0, "private": 0, "password": null, "_winner": "p0y21881b52", "_our_name": "p0y21881b52"}