{"id": "battle-gen9randombattle-61", "formatid": "gen9randombattle", "format": "[Gen 9] Random Battle", "players": ["p0x061e16a", "p0y061aef4"], "log": "|init|battle\n|title|p0x061e16a vs. p0y061aef4\n|j|\u2606p0x061e16a\n|j|\u2606p0y061aef4\n|t:|1783540175\n|gametype|singles\n|player|p1|p0x061e16a|102|\n|player|p2|p0y061aef4|101|\n|gen|9\n|tier|[Gen 9] Random Battle\n|rule|Species Clause: Limit one of each Pok\u00e9mon\n|rule|HP Percentage Mod: HP is shown in percentages\n|rule|Sleep Clause Mod: Limit one foe put to sleep\n|rule|Illusion Level Mod: Illusion disguises the Pok\u00e9mon's true level\n|\n|t:|1783540175\n|teamsize|p1|6\n|teamsize|p2|6\n|start\n|switch|p1a: Pawmot|Pawmot, L80, M|100/100\n|switch|p2a: Goodra|Goodra, L85, M|292/292\n|turn|1\n|inactive|Battle timer is ON: inactive players will automatically lose when time's up. (requested by p0y061aef4)\n|inactive|p0x061e16a also wants the timer to be on.\n|\n|t:|1783540176\n|switch|p1a: Registeel|Registeel, L81|100/100\n|move|p2a: Goodra|Earthquake|p1a: Registeel\n|-supereffective|p1a: Registeel\n|-damage|p1a: Registeel|59/100\n|\n|-heal|p1a: Registeel|65/100|[from] item: Leftovers\n|upkeep\n|turn|2\n|inactive|Time left: 300 sec this turn | 300 sec total\n|\n|t:|1783540178\n|move|p2a: Goodra|Fire Blast|p1a: Registeel\n|-supereffective|p1a: Registeel\n|-damage|p1a: Registeel|17/100\n|-status|p1a: Registeel|brn\n|move|p1a: Registeel|Thunder Wave|p2a: Goodra\n|-status|p2a: Goodra|par\n|\n|-heal|p1a: Registeel|23/100 brn|[from] item: Leftovers\n|-damage|p1a: Registeel|17/100 brn|[from] brn\n|upkeep\n|turn|3\n|inactive|Time left: 300 sec this turn | 300 sec total\n|\n|t:|1783540179\n|switch|p2a: Blaziken|Blaziken, L76, F|247/247\n|move|p1a: Registeel|Iron Head|p2a: Blaziken\n|-resisted|p2a: Blaziken\n|-damage|p2a: Blaziken|226/247\n|\n|-heal|p1a: Registeel|23/100 brn|[from] item: Leftovers\n|-damage|p1a: Registeel|17/100 brn|[from] brn\n|upkeep\n|turn|4\n|inactive|Time left: 300 sec this turn | 300 sec total\n|\n|t:|1783540180\n|move|p2a: Blaziken|Swords Dance|p2a: Blaziken\n|-boost|p2a: Blaziken|atk|2\n|move|p1a: Registeel|Iron Defense|p1a: Registeel\n|-boost|p1a: Registeel|def|2\n|\n|-heal|p1a: Registeel|23/100 brn|[from] item: Leftovers\n|-damage|p1a: Registeel|17/100 brn|[from] brn\n|-ability|p2a: Blaziken|Speed Boost|boost\n|-boost|p2a: Blaziken|spe|1\n|upkeep\n|turn|5\n|inactive|Time left: 300 sec this turn | 300 sec total\n|\n|t:|1783540181\n|move|p2a: Blaziken|Flare Blitz|p1a: Registeel\n|-supereffective|p1a: Registeel\n|-damage|p1a: Registeel|0 fnt\n|faint|p1a: Registeel\n|-damage|p2a: Blaziken|211/247|[from] Recoil\n|-damage|p2a: Blaziken|187/247|[from] item: Life Orb\n|\n|-ability|p2a: Blaziken|Speed Boost|boost\n|-boost|p2a: Blaziken|spe|1\n|upkeep\n|\n|t:|1783540182\n|switch|p1a: Mewtwo|Mewtwo, L72|100/100\n|-ability|p1a: Mewtwo|Pressure\n|turn|6\n|inactive|Time left: 300 sec this turn | 300 sec total\n|\n|t:|1783540183\n|move|p2a: Blaziken|Flare Blitz|p1a: Mewtwo\n|-damage|p1a: Mewtwo|0 fnt\n|faint|p1a: Mewtwo\n|-damage|p2a: Blaziken|97/247|[from] Recoil\n|-damage|p2a: Blaziken|73/247|[from] item: Life Orb\n|\n|-ability|p2a: Blaziken|Speed Boost|boost\n|-boost|p2a: Blaziken|spe|1\n|upkeep\n|\n|t:|1783540184\n|switch|p1a: Brambleghast|Brambleghast, L88, M|100/100\n|turn|7\n|inactive|Time left: 300 sec this turn | 300 sec total\n|\n|t:|1783540185\n|move|p2a: Blaziken|Knock Off|p1a: Brambleghast\n|-supereffective|p1a: Brambleghast\n|-damage|p1a: Brambleghast|0 fnt\n|-enditem|p1a: Brambleghast|Leftovers|[from] move: Knock Off|[of] p2a: Blaziken\n|faint|p1a: Brambleghast\n|-damage|p2a: Blaziken|49/247|[from] item: Life Orb\n|\n|-ability|p2a: Blaziken|Speed Boost|boost\n|-boost|p2a: Blaziken|spe|1\n|upkeep\n|\n|t:|1783540186\n|switch|p1a: Morpeko|Morpeko, L88, F|100/100\n|turn|8\n|inactive|Time left: 300 sec this turn | 300 sec total\n|\n|t:|1783540187\n|move|p1a: Morpeko|Protect|p1a: Morpeko\n|-singleturn|p1a: Morpeko|Protect\n|move|p2a: Blaziken|Close Combat|p1a: Morpeko\n|-activate|p1a: Morpeko|move: Protect\n|\n|-ability|p2a: Blaziken|Speed Boost|boost\n|-boost|p2a: Blaziken|spe|1\n|-formechange|p1a: Morpeko|Morpeko-Hangry||[from] ability: Hunger Switch\n|upkeep\n|turn|9\n|inactive|Time left: 300 sec this turn | 300 sec total\n|\n|t:|1783540188\n|move|p2a: Blaziken|Close Combat|p1a: Morpeko\n|-supereffective|p1a: Morpeko\n|-damage|p1a: Morpeko|0 fnt\n|-unboost|p2a: Blaziken|def|1\n|-unboost|p2a: Blaziken|spd|1\n|faint|p1a: Morpeko\n|-damage|p2a: Blaziken|25/247|[from] item: Life Orb\n|\n|-ability|p2a: Blaziken|Speed Boost|boost\n|-boost|p2a: Blaziken|spe|1\n|upkeep\n|\n|t:|1783540189\n|switch|p1a: Tauros|Tauros, L82, M|100/100\n|turn|10\n|inactive|Time left: 300 sec this turn | 300 sec total\n|\n|t:|1783540190\n|-terastallize|p1a: Tauros|Normal\n|move|p2a: Blaziken|Close Combat|p1a: Tauros\n|-supereffective|p1a: Tauros\n|-damage|p1a: Tauros|0 fnt\n|-unboost|p2a: Blaziken|def|1\n|-unboost|p2a: Blaziken|spd|1\n|faint|p1a: Tauros\n|-damage|p2a: Blaziken|1/247|[from] item: Life Orb\n|\n|upkeep\n|\n|t:|1783540191\n|switch|p1a: Pawmot|Pawmot, L80, M|100/100\n|turn|11\n|inactive|Time left: 300 sec this turn | 300 sec total\n|\n|t:|1783540192\n|move|p2a: Blaziken|Close Combat|p1a: Pawmot\n|-damage|p1a: Pawmot|0 fnt\n|-unboost|p2a: Blaziken|def|1\n|-unboost|p2a: Blaziken|spd|1\n|faint|p1a: Pawmot\n|-damage|p2a: Blaziken|0 fnt|[from] item: Life Orb\n|faint|p2a: Blaziken\n|\n|win|p0y061aef4", "uploadtime": 1783540192, "views": 0, "rating": 0, "private": 0, "password": null, "_winner": "p0y061aef4", "_our_name": "p0y061aef4"}