{"id": "battle-gen9randombattle-1462", "formatid": "gen9randombattle", "format": "[Gen 9] Random Battle", "players": ["p0x14628191", "p0y1462f23f"], "log": "|init|battle\n|title|p0x14628191 vs. p0y1462f23f\n|j|\u2606p0x14628191\n|j|\u2606p0y1462f23f\n|t:|1783556085\n|gametype|singles\n|player|p1|p0x14628191|101|\n|player|p2|p0y1462f23f|2|\n|gen|9\n|tier|[Gen 9] Random Battle\n|rule|Species Clause: Limit one of each Pok\u00e9mon\n|rule|HP Percentage Mod: HP is shown in percentages\n|rule|Sleep Clause Mod: Limit one foe put to sleep\n|rule|Illusion Level Mod: Illusion disguises the Pok\u00e9mon's true level\n|\n|t:|1783556085\n|teamsize|p1|6\n|teamsize|p2|6\n|start\n|switch|p1a: Glastrier|Glastrier, L86|100/100\n|switch|p2a: Crawdaunt|Crawdaunt, L84, F|243/243\n|turn|1\n|inactive|Battle timer is ON: inactive players will automatically lose when time's up. (requested by p0x14628191)\n|inactive|Time left: 300 sec this turn | 300 sec total | 60 sec grace\n|inactive|p0y1462f23f also wants the timer to be on.\n|\n|t:|1783556087\n|move|p2a: Crawdaunt|Knock Off|p1a: Glastrier\n|-damage|p1a: Glastrier|55/100\n|-enditem|p1a: Glastrier|Choice Band|[from] move: Knock Off|[of] p2a: Crawdaunt\n|-damage|p2a: Crawdaunt|219/243|[from] item: Life Orb\n|move|p1a: Glastrier|Close Combat|p2a: Crawdaunt\n|-supereffective|p2a: Crawdaunt\n|-damage|p2a: Crawdaunt|0 fnt\n|-unboost|p1a: Glastrier|def|1\n|-unboost|p1a: Glastrier|spd|1\n|faint|p2a: Crawdaunt\n|-ability|p1a: Glastrier|Chilling Neigh|boost\n|-boost|p1a: Glastrier|atk|1\n|\n|upkeep\n|inactive|Time left: 300 sec this turn | 300 sec total | 65 sec grace\n|\n|t:|1783556088\n|switch|p2a: Basculin|Basculin-Blue-Striped, L86, F|261/261\n|turn|2\n|inactive|Time left: 300 sec this turn | 300 sec total\n|\n|t:|1783556089\n|move|p2a: Basculin|Wave Crash|p1a: Glastrier\n|-damage|p1a: Glastrier|0 fnt\n|faint|p1a: Glastrier\n|-damage|p2a: Basculin|206/261|[from] Recoil\n|\n|upkeep\n|\n|t:|1783556090\n|switch|p1a: Scyther|Scyther, L82, M|100/100\n|turn|3\n|inactive|Time left: 300 sec this turn | 300 sec total\n|\n|t:|1783556091\n|move|p1a: Scyther|U-turn|p2a: Basculin\n|-damage|p2a: Basculin|110/261\n|\n|t:|1783556092\n|switch|p1a: Garchomp|Garchomp, L74, M|100/100|[from] U-turn\n|move|p2a: Basculin|Wave Crash|p1a: Garchomp\n|-damage|p1a: Garchomp|7/100\n|-damage|p2a: Basculin|78/261|[from] ability: Rough Skin|[of] p1a: Garchomp\n|-damage|p2a: Basculin|0 fnt|[from] Recoil\n|faint|p2a: Basculin\n|\n|upkeep\n|inactive|Time left: 300 sec this turn | 300 sec total | 10 sec grace\n|\n|t:|1783556093\n|switch|p2a: Calyrex|Calyrex-Ice, L72|263/263\n|-ability|p2a: Calyrex|As One\n|-ability|p2a: Calyrex|Unnerve\n|turn|4\n|inactive|Time left: 300 sec this turn | 300 sec total\n|\n|t:|1783556094\n|move|p1a: Garchomp|Earthquake|p2a: Calyrex\n|-damage|p2a: Calyrex|179/263\n|move|p2a: Calyrex|Glacial Lance|p1a: Garchomp\n|-supereffective|p1a: Garchomp\n|-damage|p1a: Garchomp|0 fnt\n|faint|p1a: Garchomp\n|-ability|p2a: Calyrex|Chilling Neigh|boost\n|-boost|p2a: Calyrex|atk|1\n|\n|upkeep\n|\n|t:|1783556095\n|switch|p1a: Pawmot|Pawmot, L80, F|100/100\n|turn|5\n|inactive|Time left: 300 sec this turn | 300 sec total\n|\n|t:|1783556096\n|move|p1a: Pawmot|Close Combat|p2a: Calyrex\n|-crit|p2a: Calyrex\n|-damage|p2a: Calyrex|0 fnt\n|-unboost|p1a: Pawmot|def|1\n|-unboost|p1a: Pawmot|spd|1\n|faint|p2a: Calyrex\n|-damage|p1a: Pawmot|91/100|[from] item: Life Orb\n|\n|upkeep\n|inactive|Time left: 300 sec this turn | 300 sec total | 5 sec grace\n|\n|t:|1783556097\n|switch|p2a: Florges|Florges-Yellow, L85, F|271/271\n|turn|6\n|inactive|Time left: 300 sec this turn | 300 sec total\n|\n|t:|1783556098\n|-terastallize|p1a: Pawmot|Electric\n|move|p1a: Pawmot|Double Shock|p2a: Florges\n|-damage|p2a: Florges|3/271\n|-start|p1a: Pawmot|typechange|Electric|[from] move: Double Shock\n|-damage|p1a: Pawmot|81/100|[from] item: Life Orb\n|move|p2a: Florges|Moonblast|p1a: Pawmot\n|-damage|p1a: Pawmot|0 fnt\n|faint|p1a: Pawmot\n|\n|-heal|p2a: Florges|19/271|[from] item: Leftovers\n|upkeep\n|\n|t:|1783556099\n|switch|p1a: Great Tusk|Great Tusk, L77|100/100\n|turn|7\n|inactive|Time left: 300 sec this turn | 300 sec total\n|\n|t:|1783556101\n|switch|p2a: Brambleghast|Brambleghast, L88, F|240/240\n|move|p1a: Great Tusk|Earthquake|p2a: Brambleghast\n|-resisted|p2a: Brambleghast\n|-damage|p2a: Brambleghast|174/240\n|\n|-heal|p2a: Brambleghast|189/240|[from] item: Leftovers\n|upkeep\n|turn|8\n|inactive|Time left: 300 sec this turn | 300 sec total\n|\n|t:|1783556102\n|move|p2a: Brambleghast|Power Whip|p1a: Great Tusk\n|-supereffective|p1a: Great Tusk\n|-damage|p1a: Great Tusk|14/100\n|move|p1a: Great Tusk|Bulk Up|p1a: Great Tusk\n|-boost|p1a: Great Tusk|atk|1\n|-boost|p1a: Great Tusk|def|1\n|\n|-heal|p2a: Brambleghast|204/240|[from] item: Leftovers\n|-heal|p1a: Great Tusk|20/100|[from] item: Leftovers\n|upkeep\n|turn|9\n|inactive|Time left: 300 sec this turn | 300 sec total\n|\n|t:|1783556103\n|move|p2a: Brambleghast|Poltergeist|p1a: Great Tusk\n|-activate|p1a: Great Tusk|move: Poltergeist|Leftovers\n|-damage|p1a: Great Tusk|0 fnt\n|faint|p1a: Great Tusk\n|-end|p1a: Great Tusk|Protosynthesis|[silent]\n|\n|-heal|p2a: Brambleghast|219/240|[from] item: Leftovers\n|upkeep\n|\n|t:|1783556104\n|switch|p1a: Scyther|Scyther, L82, M|100/100\n|turn|10\n|inactive|Time left: 300 sec this turn | 300 sec total\n|\n|t:|1783556105\n|-terastallize|p2a: Brambleghast|Steel\n|move|p1a: Scyther|Dual Wingbeat|p2a: Brambleghast\n|-resisted|p2a: Brambleghast\n|-damage|p2a: Brambleghast|181/240\n|-resisted|p2a: Brambleghast\n|-damage|p2a: Brambleghast|142/240\n|-hitcount|p2a: Brambleghast|2\n|move|p2a: Brambleghast|Poltergeist|p1a: Scyther|[miss]\n|-miss|p2a: Brambleghast|p1a: Scyther\n|\n|-heal|p2a: Brambleghast|157/240|[from] item: Leftovers\n|upkeep\n|turn|11\n|inactive|Time left: 300 sec this turn | 300 sec total\n|\n|t:|1783556107\n|switch|p2a: Florges|Florges-Yellow, L85, F|19/271\n|move|p1a: Scyther|Close Combat|p2a: Florges\n|-resisted|p2a: Florges\n|-damage|p2a: Florges|0 fnt\n|-unboost|p1a: Scyther|def|1\n|-unboost|p1a: Scyther|spd|1\n|faint|p2a: Florges\n|\n|upkeep\n|inactive|Time left: 300 sec this turn | 300 sec total | 5 sec grace\n|\n|t:|1783556108\n|switch|p2a: Honchkrow|Honchkrow, L86, M|312/312\n|turn|12\n|inactive|Time left: 300 sec this turn | 300 sec total\n|\n|t:|1783556109\n|move|p1a: Scyther|U-turn|p2a: Honchkrow\n|-damage|p2a: Honchkrow|206/312\n|\n|t:|1783556110\n|switch|p1a: Comfey|Comfey, L85, F|100/100|[from] U-turn\n|move|p2a: Honchkrow|Heat Wave|p1a: Comfey\n|-damage|p1a: Comfey|75/100\n|\n|-heal|p1a: Comfey|81/100|[from] item: Leftovers\n|upkeep\n|turn|13\n|inactive|Time left: 300 sec this turn | 300 sec total\n|\n|t:|1783556111\n|switch|p2a: Brambleghast|Brambleghast, L88, F, tera:Steel|157/240\n|move|p1a: Comfey|Draining Kiss|p2a: Brambleghast\n|-resisted|p2a: Brambleghast\n|-damage|p2a: Brambleghast|130/240\n|-heal|p1a: Comfey|90/100|[from] drain|[of] p2a: Brambleghast\n|\n|-heal|p1a: Comfey|96/100|[from] item: Leftovers\n|-heal|p2a: Brambleghast|145/240|[from] item: Leftovers\n|upkeep\n|turn|14\n|inactive|Time left: 300 sec this turn | 300 sec total\n|\n|t:|1783556112\n|switch|p1a: Scyther|Scyther, L82, M|100/100\n|move|p2a: Brambleghast|Poltergeist|p1a: Scyther\n|-activate|p1a: Scyther|move: Poltergeist|Heavy-Duty Boots\n|-crit|p1a: Scyther\n|-damage|p1a: Scyther|7/100\n|\n|-heal|p2a: Brambleghast|160/240|[from] item: Leftovers\n|upkeep\n|turn|15\n|inactive|Time left: 300 sec this turn | 300 sec total\n|\n|t:|1783556113\n|switch|p2a: Honchkrow|Honchkrow, L86, M|206/312\n|move|p1a: Scyther|Close Combat|p2a: Honchkrow\n|-damage|p2a: Honchkrow|85/312\n|-unboost|p1a: Scyther|def|1\n|-unboost|p1a: Scyther|spd|1\n|\n|upkeep\n|turn|16\n|inactive|Time left: 300 sec this turn | 300 sec total\n|\n|t:|1783556114\n|switch|p1a: Comfey|Comfey, L85, F|96/100\n|move|p2a: Honchkrow|Sucker Punch||[still]\n|-fail|p2a: Honchkrow\n|\n|-heal|p1a: Comfey|100/100|[from] item: Leftovers\n|upkeep\n|turn|17\n|inactive|Time left: 300 sec this turn | 300 sec total\n|\n|t:|1783556115\n|move|p1a: Comfey|Calm Mind|p1a: Comfey\n|-boost|p1a: Comfey|spa|1\n|-boost|p1a: Comfey|spd|1\n|move|p2a: Honchkrow|Brave Bird|p1a: Comfey\n|-damage|p1a: Comfey|31/100\n|-damage|p2a: Honchkrow|34/312|[from] Recoil\n|\n|-heal|p1a: Comfey|37/100|[from] item: Leftovers\n|upkeep\n|turn|18\n|inactive|Time left: 300 sec this turn | 300 sec total\n|\n|t:|1783556116\n|switch|p2a: Brambleghast|Brambleghast, L88, F, tera:Steel|160/240\n|move|p1a: Comfey|Draining Kiss|p2a: Brambleghast\n|-resisted|p2a: Brambleghast\n|-damage|p2a: Brambleghast|122/240\n|-heal|p1a: Comfey|50/100|[from] drain|[of] p2a: Brambleghast\n|\n|-heal|p1a: Comfey|56/100|[from] item: Leftovers\n|-heal|p2a: Brambleghast|137/240|[from] item: Leftovers\n|upkeep\n|turn|19\n|inactive|Time left: 300 sec this turn | 300 sec total\n|\n|t:|1783556117\n|move|p1a: Comfey|Draining Kiss|p2a: Brambleghast\n|-resisted|p2a: Brambleghast\n|-damage|p2a: Brambleghast|95/240\n|-heal|p1a: Comfey|71/100|[from] drain|[of] p2a: Brambleghast\n|move|p2a: Brambleghast|Leech Seed|p1a: Comfey|[miss]\n|-miss|p2a: Brambleghast|p1a: Comfey\n|\n|-heal|p1a: Comfey|77/100|[from] item: Leftovers\n|-heal|p2a: Brambleghast|110/240|[from] item: Leftovers\n|upkeep\n|turn|20\n|inactive|Time left: 300 sec this turn | 300 sec total\n|\n|t:|1783556118\n|move|p1a: Comfey|Calm Mind|p1a: Comfey\n|-boost|p1a: Comfey|spa|1\n|-boost|p1a: Comfey|spd|1\n|move|p2a: Brambleghast|Poltergeist|p1a: Comfey\n|-activate|p1a: Comfey|move: Poltergeist|Leftovers\n|-damage|p1a: Comfey|17/100\n|\n|-heal|p1a: Comfey|23/100|[from] item: Leftovers\n|-heal|p2a: Brambleghast|125/240|[from] item: Leftovers\n|upkeep\n|turn|21\n|inactive|Time left: 300 sec this turn | 300 sec total\n|\n|t:|1783556119\n|move|p1a: Comfey|Stored Power|p2a: Brambleghast\n|-resisted|p2a: Brambleghast\n|-damage|p2a: Brambleghast|51/240\n|move|p2a: Brambleghast|Poltergeist|p1a: Comfey\n|-activate|p1a: Comfey|move: Poltergeist|Leftovers\n|-damage|p1a: Comfey|0 fnt\n|faint|p1a: Comfey\n|\n|-heal|p2a: Brambleghast|66/240|[from] item: Leftovers\n|upkeep\n|\n|t:|1783556120\n|switch|p1a: Scyther|Scyther, L82, M|7/100\n|turn|22\n|inactive|Time left: 300 sec this turn | 300 sec total\n|\n|t:|1783556120\n|move|p1a: Scyther|Close Combat|p2a: Brambleghast\n|-supereffective|p2a: Brambleghast\n|-damage|p2a: Brambleghast|0 fnt\n|-unboost|p1a: Scyther|def|1\n|-unboost|p1a: Scyther|spd|1\n|faint|p2a: Brambleghast\n|\n|upkeep\n|inactive|Time left: 300 sec this turn | 300 sec total | 5 sec grace\n|\n|t:|1783556121\n|switch|p2a: Honchkrow|Honchkrow, L86, M|34/312\n|turn|23\n|inactive|Time left: 300 sec this turn | 300 sec total\n|\n|t:|1783556122\n|move|p2a: Honchkrow|Sucker Punch||[still]\n|-fail|p2a: Honchkrow\n|move|p1a: Scyther|Defog|p2a: Honchkrow\n|-unboost|p2a: Honchkrow|evasion|1\n|\n|upkeep\n|turn|24\n|inactive|Time left: 300 sec this turn | 300 sec total\n|\n|t:|1783556123\n|move|p2a: Honchkrow|Sucker Punch||[still]\n|-fail|p2a: Honchkrow\n|move|p1a: Scyther|Defog|p2a: Honchkrow\n|-unboost|p2a: Honchkrow|evasion|1\n|\n|upkeep\n|turn|25\n|inactive|Time left: 300 sec this turn | 300 sec total\n|\n|t:|1783556123\n|move|p2a: Honchkrow|Sucker Punch||[still]\n|-fail|p2a: Honchkrow\n|move|p1a: Scyther|Defog|p2a: Honchkrow\n|-unboost|p2a: Honchkrow|evasion|1\n|\n|upkeep\n|turn|26\n|inactive|Time left: 300 sec this turn | 300 sec total\n|\n|t:|1783556124\n|move|p2a: Honchkrow|Sucker Punch||[still]\n|-fail|p2a: Honchkrow\n|move|p1a: Scyther|Defog|p2a: Honchkrow\n|-unboost|p2a: Honchkrow|evasion|1\n|\n|upkeep\n|turn|27\n|inactive|Time left: 300 sec this turn | 300 sec total\n|\n|t:|1783556125\n|move|p2a: Honchkrow|Sucker Punch||[still]\n|-fail|p2a: Honchkrow\n|move|p1a: Scyther|Defog|p2a: Honchkrow\n|-unboost|p2a: Honchkrow|evasion|1\n|\n|upkeep\n|turn|28\n|inactive|Time left: 300 sec this turn | 300 sec total\n|\n|t:|1783556126\n|move|p2a: Honchkrow|Sucker Punch||[still]\n|-fail|p2a: Honchkrow\n|move|p1a: Scyther|Defog|p2a: Honchkrow\n|-unboost|p2a: Honchkrow|evasion|1\n|\n|upkeep\n|turn|29\n|inactive|Time left: 300 sec this turn | 300 sec total\n|\n|t:|1783556127\n|move|p2a: Honchkrow|Sucker Punch||[still]\n|-fail|p2a: Honchkrow\n|move|p1a: Scyther|Defog||[still]\n|-unboost|p2a: Honchkrow|evasion|0\n|-fail|p1a: Scyther\n|\n|upkeep\n|turn|30\n|inactive|Time left: 300 sec this turn | 300 sec total\n|\n|t:|1783556128\n|move|p1a: Scyther|U-turn|p2a: Honchkrow\n|-damage|p2a: Honchkrow|0 fnt\n|faint|p2a: Honchkrow\n|\n|win|p0x14628191", "uploadtime": 1783556128, "views": 0, "rating": 0, "private": 0, "password": null, "_winner": "p0x14628191", "_our_name": "p0y1462f23f"}