{"id": "battle-gen9randombattle-135", "formatid": "gen9randombattle", "format": "[Gen 9] Random Battle", "players": ["p0x1358ba9", "p0y13538ed"], "log": "|init|battle\n|title|p0x1358ba9 vs. p0y13538ed\n|j|\u2606p0x1358ba9\n|j|\u2606p0y13538ed\n|t:|1783541054\n|gametype|singles\n|player|p1|p0x1358ba9|102|\n|player|p2|p0y13538ed|169|\n|gen|9\n|tier|[Gen 9] Random Battle\n|rule|Species Clause: Limit one of each Pok\u00e9mon\n|rule|HP Percentage Mod: HP is shown in percentages\n|rule|Sleep Clause Mod: Limit one foe put to sleep\n|rule|Illusion Level Mod: Illusion disguises the Pok\u00e9mon's true level\n|\n|t:|1783541054\n|teamsize|p1|6\n|teamsize|p2|6\n|start\n|switch|p1a: Rillaboom|Rillaboom, L79, F|288/288\n|switch|p2a: Dipplin|Dipplin, L88, M|100/100\n|-fieldstart|move: Grassy Terrain|[from] ability: Grassy Surge|[of] p1a: Rillaboom\n|turn|1\n|inactive|Battle timer is ON: inactive players will automatically lose when time's up. (requested by p0y13538ed)\n|inactive|Time left: 300 sec this turn | 300 sec total | 60 sec grace\n|inactive|p0x1358ba9 also wants the timer to be on.\n|\n|t:|1783541056\n|move|p1a: Rillaboom|Swords Dance|p1a: Rillaboom\n|-boost|p1a: Rillaboom|atk|2\n|move|p2a: Dipplin|Dragon Pulse|p1a: Rillaboom\n|-damage|p1a: Rillaboom|156/288\n|\n|-heal|p1a: Rillaboom|174/288|[from] Grassy Terrain\n|upkeep\n|turn|2\n|inactive|Time left: 300 sec this turn | 300 sec total\n|\n|t:|1783541057\n|move|p1a: Rillaboom|Knock Off|p2a: Dipplin\n|-damage|p2a: Dipplin|67/100\n|-activate|p2a: Dipplin|ability: Sticky Hold\n|-damage|p1a: Rillaboom|146/288|[from] item: Life Orb\n|move|p2a: Dipplin|Dragon Pulse|p1a: Rillaboom\n|-damage|p1a: Rillaboom|20/288\n|\n|-heal|p1a: Rillaboom|38/288|[from] Grassy Terrain\n|-heal|p2a: Dipplin|73/100|[from] Grassy Terrain\n|upkeep\n|turn|3\n|inactive|Time left: 300 sec this turn | 300 sec total\n|\n|t:|1783541058\n|move|p1a: Rillaboom|Knock Off|p2a: Dipplin\n|-damage|p2a: Dipplin|34/100\n|-activate|p2a: Dipplin|ability: Sticky Hold\n|-damage|p1a: Rillaboom|10/288|[from] item: Life Orb\n|move|p2a: Dipplin|Giga Drain|p1a: Rillaboom\n|-resisted|p1a: Rillaboom\n|-damage|p1a: Rillaboom|0 fnt\n|-heal|p2a: Dipplin|36/100|[from] drain|[of] p1a: Rillaboom\n|faint|p1a: Rillaboom\n|\n|-heal|p2a: Dipplin|42/100|[from] Grassy Terrain\n|upkeep\n|inactive|Time left: 300 sec this turn | 300 sec total | 5 sec grace\n|\n|t:|1783541059\n|switch|p1a: Ampharos|Ampharos, L88, F|302/302\n|turn|4\n|inactive|Time left: 300 sec this turn | 300 sec total\n|\n|t:|1783541060\n|move|p2a: Dipplin|Giga Drain|p1a: Ampharos\n|-damage|p1a: Ampharos|233/302\n|-heal|p2a: Dipplin|54/100|[from] drain|[of] p1a: Ampharos\n|move|p1a: Ampharos|Dragon Tail|p2a: Dipplin\n|-supereffective|p2a: Dipplin\n|-damage|p2a: Dipplin|40/100\n|drag|p2a: Cramorant|Cramorant, L86, F|100/100\n|\n|-heal|p1a: Ampharos|251/302|[from] Grassy Terrain\n|upkeep\n|turn|5\n|inactive|Time left: 300 sec this turn | 300 sec total\n|\n|t:|1783541061\n|switch|p2a: Rhydon|Rhydon, L85, M|100/100\n|move|p1a: Ampharos|Thunderbolt|p2a: Rhydon\n|-ability|p2a: Rhydon|Lightning Rod|boost\n|-boost|p2a: Rhydon|spa|1\n|\n|-heal|p1a: Ampharos|269/302|[from] Grassy Terrain\n|-fieldend|move: Grassy Terrain\n|upkeep\n|turn|6\n|inactive|Time left: 300 sec this turn | 300 sec total\n|\n|t:|1783541063\n|move|p2a: Rhydon|Earthquake|p1a: Ampharos\n|-supereffective|p1a: Ampharos\n|-damage|p1a: Ampharos|9/302\n|move|p1a: Ampharos|Dragon Tail|p2a: Rhydon\n|-crit|p2a: Rhydon\n|-damage|p2a: Rhydon|91/100\n|drag|p2a: Dipplin|Dipplin, L88, M|40/100\n|\n|upkeep\n|turn|7\n|inactive|Time left: 300 sec this turn | 300 sec total\n|\n|t:|1783541064\n|move|p1a: Ampharos|Dazzling Gleam|p2a: Dipplin\n|-supereffective|p2a: Dipplin\n|-damage|p2a: Dipplin|8/100\n|move|p2a: Dipplin|Giga Drain|p1a: Ampharos\n|-damage|p1a: Ampharos|0 fnt\n|-heal|p2a: Dipplin|10/100|[from] drain|[of] p1a: Ampharos\n|faint|p1a: Ampharos\n|\n|upkeep\n|inactive|Time left: 300 sec this turn | 300 sec total | 5 sec grace\n|\n|t:|1783541065\n|switch|p1a: Cryogonal|Cryogonal, L89|287/287\n|turn|8\n|inactive|Time left: 300 sec this turn | 300 sec total\n|\n|t:|1783541066\n|switch|p2a: Chien-Pao|Chien-Pao, L72|100/100\n|-ability|p2a: Chien-Pao|Sword of Ruin\n|move|p1a: Cryogonal|Freeze-Dry|p2a: Chien-Pao\n|-resisted|p2a: Chien-Pao\n|-damage|p2a: Chien-Pao|75/100\n|\n|upkeep\n|turn|9\n|inactive|Time left: 300 sec this turn | 300 sec total\n|\n|t:|1783541067\n|move|p1a: Cryogonal|Flash Cannon|p2a: Chien-Pao\n|-supereffective|p2a: Chien-Pao\n|-damage|p2a: Chien-Pao|5/100\n|move|p2a: Chien-Pao|Swords Dance|p2a: Chien-Pao\n|-boost|p2a: Chien-Pao|atk|2\n|\n|upkeep\n|turn|10\n|inactive|Time left: 300 sec this turn | 300 sec total\n|\n|t:|1783541068\n|switch|p2a: Rhydon|Rhydon, L85, M|91/100\n|move|p1a: Cryogonal|Rapid Spin|p2a: Rhydon\n|-resisted|p2a: Rhydon\n|-damage|p2a: Rhydon|89/100\n|-boost|p1a: Cryogonal|spe|1\n|\n|upkeep\n|turn|11\n|inactive|Time left: 300 sec this turn | 300 sec total\n|\n|t:|1783541070\n|move|p1a: Cryogonal|Freeze-Dry|p2a: Rhydon\n|-supereffective|p2a: Rhydon\n|-damage|p2a: Rhydon|37/100\n|move|p2a: Rhydon|Stone Edge|p1a: Cryogonal|[miss]\n|-miss|p2a: Rhydon|p1a: Cryogonal\n|\n|upkeep\n|turn|12\n|inactive|Time left: 300 sec this turn | 300 sec total\n|\n|t:|1783541071\n|switch|p2a: Giratina|Giratina, L75|100/100\n|-ability|p2a: Giratina|Pressure\n|move|p1a: Cryogonal|Freeze-Dry|p2a: Giratina\n|-supereffective|p2a: Giratina\n|-damage|p2a: Giratina|57/100\n|\n|-heal|p2a: Giratina|63/100|[from] item: Leftovers\n|upkeep\n|turn|13\n|inactive|Time left: 300 sec this turn | 300 sec total\n|\n|t:|1783541072\n|move|p1a: Cryogonal|Freeze-Dry|p2a: Giratina\n|-supereffective|p2a: Giratina\n|-damage|p2a: Giratina|21/100\n|move|p2a: Giratina|Shadow Ball|p1a: Cryogonal\n|-damage|p1a: Cryogonal|242/287\n|\n|-heal|p2a: Giratina|27/100|[from] item: Leftovers\n|upkeep\n|turn|14\n|inactive|Time left: 300 sec this turn | 300 sec total\n|\n|t:|1783541073\n|move|p1a: Cryogonal|Freeze-Dry|p2a: Giratina\n|-supereffective|p2a: Giratina\n|-damage|p2a: Giratina|0 fnt\n|faint|p2a: Giratina\n|\n|upkeep\n|\n|t:|1783541074\n|switch|p2a: Ditto|Ditto, L87|100/100\n|-transform|p2a: Ditto|p1a: Cryogonal|[from] ability: Imposter\n|turn|15\n|inactive|Time left: 300 sec this turn | 300 sec total\n|\n|t:|1783541075\n|move|p2a: Ditto|Recover||[still]\n|-fail|p2a: Ditto|heal\n|move|p1a: Cryogonal|Flash Cannon|p2a: Ditto\n|-supereffective|p2a: Ditto\n|-crit|p2a: Ditto\n|-damage|p2a: Ditto|49/100\n|\n|upkeep\n|turn|16\n|inactive|Time left: 300 sec this turn | 300 sec total\n|\n|t:|1783541077\n|move|p2a: Ditto|Recover|p2a: Ditto\n|-heal|p2a: Ditto|99/100\n|move|p1a: Cryogonal|Flash Cannon|p2a: Ditto\n|-supereffective|p2a: Ditto\n|-damage|p2a: Ditto|64/100\n|-unboost|p2a: Ditto|spd|1\n|\n|upkeep\n|turn|17\n|inactive|Time left: 300 sec this turn | 300 sec total\n|\n|t:|1783541078\n|switch|p2a: Dipplin|Dipplin, L88, M|10/100\n|move|p1a: Cryogonal|Flash Cannon|p2a: Dipplin\n|-damage|p2a: Dipplin|0 fnt\n|faint|p2a: Dipplin\n|\n|upkeep\n|\n|t:|1783541079\n|switch|p2a: Rhydon|Rhydon, L85, M|37/100\n|turn|18\n|inactive|Time left: 300 sec this turn | 300 sec total\n|\n|t:|1783541080\n|switch|p2a: Chien-Pao|Chien-Pao, L72|5/100\n|-ability|p2a: Chien-Pao|Sword of Ruin\n|move|p1a: Cryogonal|Freeze-Dry|p2a: Chien-Pao\n|-resisted|p2a: Chien-Pao\n|-damage|p2a: Chien-Pao|0 fnt\n|faint|p2a: Chien-Pao\n|\n|upkeep\n|\n|t:|1783541081\n|switch|p2a: Rhydon|Rhydon, L85, M|37/100\n|turn|19\n|inactive|Time left: 300 sec this turn | 300 sec total\n|\n|t:|1783541082\n|switch|p2a: Ditto|Ditto, L87|64/100\n|-transform|p2a: Ditto|p1a: Cryogonal|[from] ability: Imposter\n|move|p1a: Cryogonal|Freeze-Dry|p2a: Ditto\n|-resisted|p2a: Ditto\n|-damage|p2a: Ditto|51/100\n|\n|upkeep\n|turn|20\n|inactive|Time left: 300 sec this turn | 300 sec total\n|\n|t:|1783541083\n|move|p2a: Ditto|Recover|p2a: Ditto\n|-heal|p2a: Ditto|100/100\n|move|p1a: Cryogonal|Flash Cannon|p2a: Ditto\n|-supereffective|p2a: Ditto\n|-damage|p2a: Ditto|63/100\n|\n|upkeep\n|turn|21\n|inactive|Time left: 300 sec this turn | 300 sec total\n|\n|t:|1783541084\n|move|p2a: Ditto|Recover|p2a: Ditto\n|-heal|p2a: Ditto|100/100\n|move|p1a: Cryogonal|Flash Cannon|p2a: Ditto\n|-supereffective|p2a: Ditto\n|-damage|p2a: Ditto|66/100\n|\n|upkeep\n|turn|22\n|inactive|Time left: 300 sec this turn | 300 sec total\n|\n|t:|1783541085\n|move|p2a: Ditto|Recover|p2a: Ditto\n|-heal|p2a: Ditto|100/100\n|move|p1a: Cryogonal|Flash Cannon|p2a: Ditto\n|-supereffective|p2a: Ditto\n|-damage|p2a: Ditto|60/100\n|\n|upkeep\n|turn|23\n|inactive|Time left: 300 sec this turn | 300 sec total\n|\n|t:|1783541086\n|move|p2a: Ditto|Recover|p2a: Ditto\n|-heal|p2a: Ditto|100/100\n|move|p1a: Cryogonal|Rapid Spin|p2a: Ditto\n|-damage|p2a: Ditto|85/100\n|-boost|p1a: Cryogonal|spe|1\n|\n|upkeep\n|turn|24\n|inactive|Time left: 300 sec this turn | 300 sec total\n|\n|t:|1783541087\n|move|p2a: Ditto|Recover|p2a: Ditto\n|-heal|p2a: Ditto|100/100\n|move|p1a: Cryogonal|Flash Cannon|p2a: Ditto\n|-supereffective|p2a: Ditto\n|-damage|p2a: Ditto|60/100\n|\n|upkeep\n|turn|25\n|inactive|Time left: 300 sec this turn | 300 sec total\n|\n|t:|1783541089\n|-activate|p2a: Ditto|move: Struggle\n|move|p2a: Ditto|Struggle|p1a: Cryogonal\n|-damage|p1a: Cryogonal|205/287\n|-damage|p2a: Ditto|36/100|[from] recoil\n|move|p1a: Cryogonal|Flash Cannon|p2a: Ditto\n|-supereffective|p2a: Ditto\n|-damage|p2a: Ditto|0 fnt\n|faint|p2a: Ditto\n|\n|upkeep\n|\n|t:|1783541090\n|switch|p2a: Cramorant|Cramorant, L86, F|100/100\n|turn|26\n|inactive|Time left: 300 sec this turn | 300 sec total\n|\n|t:|1783541091\n|-terastallize|p2a: Cramorant|Ground\n|move|p1a: Cryogonal|Freeze-Dry|p2a: Cramorant\n|-supereffective|p2a: Cramorant\n|-damage|p2a: Cramorant|45/100\n|move|p2a: Cramorant|Surf|p1a: Cryogonal\n|-formechange|p2a: Cramorant|Cramorant-Gorging|\n|-damage|p1a: Cryogonal|147/287\n|\n|upkeep\n|turn|27\n|inactive|Time left: 300 sec this turn | 300 sec total\n|\n|t:|1783541092\n|move|p1a: Cryogonal|Freeze-Dry|p2a: Cramorant\n|-supereffective|p2a: Cramorant\n|-damage|p2a: Cramorant|0 fnt\n|-damage|p1a: Cryogonal|76/287|[from] ability: Gulp Missile|[of] p2a: Cramorant\n|-status|p1a: Cryogonal|par\n|-formechange|p2a: Cramorant|Cramorant|\n|faint|p2a: Cramorant\n|\n|upkeep\n|\n|t:|1783541092\n|switch|p2a: Rhydon|Rhydon, L85, M|37/100\n|turn|28\n|inactive|Time left: 300 sec this turn | 300 sec total\n|\n|t:|1783541093\n|-terastallize|p1a: Cryogonal|Poison\n|move|p1a: Cryogonal|Flash Cannon|p2a: Rhydon\n|-supereffective|p2a: Rhydon\n|-damage|p2a: Rhydon|0 fnt\n|faint|p2a: Rhydon\n|\n|win|p0x1358ba9", "uploadtime": 1783541093, "views": 0, "rating": 0, "private": 0, "password": null, "_winner": "p0x1358ba9", "_our_name": "p0x1358ba9"}