{"id": "battle-gen9randombattle-2546", "formatid": "gen9randombattle", "format": "[Gen 9] Random Battle", "players": ["p0x25464114", "p0y2546c9bc"], "log": "|init|battle\n|title|p0x25464114 vs. p0y2546c9bc\n|j|\u2606p0x25464114\n|j|\u2606p0y2546c9bc\n|t:|1783568510\n|gametype|singles\n|player|p1|p0x25464114|101|\n|player|p2|p0y2546c9bc|102|\n|gen|9\n|tier|[Gen 9] Random Battle\n|rule|Species Clause: Limit one of each Pok\u00e9mon\n|rule|HP Percentage Mod: HP is shown in percentages\n|rule|Sleep Clause Mod: Limit one foe put to sleep\n|rule|Illusion Level Mod: Illusion disguises the Pok\u00e9mon's true level\n|\n|t:|1783568510\n|teamsize|p1|6\n|teamsize|p2|6\n|start\n|switch|p1a: Orthworm|Orthworm, L88, F|266/266\n|switch|p2a: Medicham|Medicham, L86, M|100/100\n|turn|1\n|inactive|Battle timer is ON: inactive players will automatically lose when time's up. (requested by p0y2546c9bc)\n|inactive|Time left: 300 sec this turn | 300 sec total | 60 sec grace\n|inactive|p0x25464114 also wants the timer to be on.\n|\n|t:|1783568511\n|move|p2a: Medicham|Close Combat|p1a: Orthworm\n|-supereffective|p1a: Orthworm\n|-damage|p1a: Orthworm|6/266\n|-unboost|p2a: Medicham|def|1\n|-unboost|p2a: Medicham|spd|1\n|move|p1a: Orthworm|Body Press|p2a: Medicham\n|-resisted|p2a: Medicham\n|-damage|p2a: Medicham|74/100\n|\n|upkeep\n|turn|2\n|inactive|Time left: 300 sec this turn | 300 sec total\n|\n|t:|1783568512\n|move|p2a: Medicham|Close Combat|p1a: Orthworm\n|-supereffective|p1a: Orthworm\n|-damage|p1a: Orthworm|0 fnt\n|-unboost|p2a: Medicham|def|1\n|-unboost|p2a: Medicham|spd|1\n|faint|p1a: Orthworm\n|\n|upkeep\n|inactive|Time left: 300 sec this turn | 300 sec total | 5 sec grace\n|\n|t:|1783568513\n|switch|p1a: Garchomp|Garchomp, L74, M|282/282\n|turn|3\n|inactive|Time left: 300 sec this turn | 300 sec total\n|\n|t:|1783568514\n|move|p2a: Medicham|Close Combat|p1a: Garchomp\n|-damage|p1a: Garchomp|84/282\n|-unboost|p2a: Medicham|def|1\n|-unboost|p2a: Medicham|spd|1\n|-damage|p2a: Medicham|61/100|[from] ability: Rough Skin|[of] p1a: Garchomp\n|move|p1a: Garchomp|Earthquake|p2a: Medicham\n|-damage|p2a: Medicham|0 fnt\n|faint|p2a: Medicham\n|\n|upkeep\n|\n|t:|1783568515\n|switch|p2a: Zacian|Zacian, L69|100/100\n|-ability|p2a: Zacian|Intrepid Sword|boost\n|-boost|p2a: Zacian|atk|1\n|turn|4\n|inactive|Time left: 300 sec this turn | 300 sec total\n|\n|t:|1783568516\n|move|p2a: Zacian|Play Rough|p1a: Garchomp\n|-supereffective|p1a: Garchomp\n|-damage|p1a: Garchomp|0 fnt\n|-damage|p2a: Zacian|88/100|[from] ability: Rough Skin|[of] p1a: Garchomp\n|faint|p1a: Garchomp\n|\n|upkeep\n|inactive|Time left: 300 sec this turn | 300 sec total | 5 sec grace\n|\n|t:|1783568517\n|switch|p1a: Arboliva|Arboliva, L91, F|288/288\n|turn|5\n|inactive|Time left: 300 sec this turn | 300 sec total\n|\n|t:|1783568518\n|move|p2a: Zacian|Play Rough|p1a: Arboliva\n|-damage|p1a: Arboliva|119/288\n|-unboost|p1a: Arboliva|atk|1\n|-enditem|p1a: Arboliva|Sitrus Berry|[eat]\n|-heal|p1a: Arboliva|191/288|[from] item: Sitrus Berry\n|move|p1a: Arboliva|Hyper Voice|p2a: Zacian\n|-damage|p2a: Zacian|31/100\n|\n|upkeep\n|turn|6\n|inactive|Time left: 300 sec this turn | 300 sec total\n|\n|t:|1783568519\n|move|p2a: Zacian|Play Rough|p1a: Arboliva\n|-crit|p1a: Arboliva\n|-damage|p1a: Arboliva|0 fnt\n|faint|p1a: Arboliva\n|\n|upkeep\n|inactive|Time left: 300 sec this turn | 300 sec total | 5 sec grace\n|\n|t:|1783568520\n|switch|p1a: Arceus|Arceus-Grass, L73|296/296\n|turn|7\n|inactive|Time left: 300 sec this turn | 300 sec total\n|\n|t:|1783568521\n|move|p2a: Zacian|Play Rough|p1a: Arceus\n|-damage|p1a: Arceus|131/296\n|move|p1a: Arceus|Judgment|p2a: Zacian\n|-damage|p2a: Zacian|0 fnt\n|faint|p2a: Zacian\n|\n|upkeep\n|\n|t:|1783568522\n|switch|p2a: Reuniclus|Reuniclus, L88, F|100/100\n|turn|8\n|inactive|Time left: 300 sec this turn | 300 sec total\n|\n|t:|1783568523\n|move|p1a: Arceus|Calm Mind|p1a: Arceus\n|-boost|p1a: Arceus|spa|1\n|-boost|p1a: Arceus|spd|1\n|move|p2a: Reuniclus|Calm Mind|p2a: Reuniclus\n|-boost|p2a: Reuniclus|spa|1\n|-boost|p2a: Reuniclus|spd|1\n|\n|upkeep\n|turn|9\n|inactive|Time left: 300 sec this turn | 300 sec total\n|\n|t:|1783568524\n|move|p1a: Arceus|Calm Mind|p1a: Arceus\n|-boost|p1a: Arceus|spa|1\n|-boost|p1a: Arceus|spd|1\n|move|p2a: Reuniclus|Psyshock|p1a: Arceus\n|-damage|p1a: Arceus|0 fnt\n|faint|p1a: Arceus\n|\n|upkeep\n|inactive|Time left: 300 sec this turn | 300 sec total | 5 sec grace\n|\n|t:|1783568525\n|switch|p1a: Umbreon|Umbreon, L84, F|297/297\n|turn|10\n|inactive|Time left: 300 sec this turn | 300 sec total\n|\n|t:|1783568526\n|move|p1a: Umbreon|Foul Play|p2a: Reuniclus\n|-supereffective|p2a: Reuniclus\n|-damage|p2a: Reuniclus|65/100\n|move|p2a: Reuniclus|Focus Blast|p1a: Umbreon|[miss]\n|-miss|p2a: Reuniclus|p1a: Umbreon\n|\n|upkeep\n|turn|11\n|inactive|Time left: 300 sec this turn | 300 sec total\n|\n|t:|1783568527\n|move|p1a: Umbreon|Foul Play|p2a: Reuniclus\n|-supereffective|p2a: Reuniclus\n|-crit|p2a: Reuniclus\n|-damage|p2a: Reuniclus|6/100\n|move|p2a: Reuniclus|Recover|p2a: Reuniclus\n|-heal|p2a: Reuniclus|56/100\n|\n|upkeep\n|turn|12\n|inactive|Time left: 300 sec this turn | 300 sec total\n|\n|t:|1783568528\n|move|p1a: Umbreon|Foul Play|p2a: Reuniclus\n|-supereffective|p2a: Reuniclus\n|-damage|p2a: Reuniclus|18/100\n|move|p2a: Reuniclus|Recover|p2a: Reuniclus\n|-heal|p2a: Reuniclus|68/100\n|\n|upkeep\n|turn|13\n|inactive|Time left: 300 sec this turn | 300 sec total\n|\n|t:|1783568529\n|move|p1a: Umbreon|Foul Play|p2a: Reuniclus\n|-supereffective|p2a: Reuniclus\n|-damage|p2a: Reuniclus|33/100\n|move|p2a: Reuniclus|Focus Blast|p1a: Umbreon\n|-supereffective|p1a: Umbreon\n|-damage|p1a: Umbreon|0 fnt\n|faint|p1a: Umbreon\n|\n|upkeep\n|inactive|Time left: 300 sec this turn | 300 sec total | 5 sec grace\n|\n|t:|1783568530\n|switch|p1a: Feraligatr|Feraligatr, L79, M|264/264\n|turn|14\n|inactive|Time left: 300 sec this turn | 300 sec total\n|\n|t:|1783568531\n|-terastallize|p2a: Reuniclus|Steel\n|move|p1a: Feraligatr|Dragon Dance|p1a: Feraligatr\n|-boost|p1a: Feraligatr|atk|1\n|-boost|p1a: Feraligatr|spe|1\n|move|p2a: Reuniclus|Focus Blast|p1a: Feraligatr\n|-damage|p1a: Feraligatr|20/264\n|\n|upkeep\n|turn|15\n|inactive|Time left: 300 sec this turn | 300 sec total\n|\n|t:|1783568532\n|switch|p2a: Pikachu|Pikachu-Alola, L93, F|100/100\n|move|p1a: Feraligatr|Dragon Dance|p1a: Feraligatr\n|-boost|p1a: Feraligatr|atk|1\n|-boost|p1a: Feraligatr|spe|1\n|\n|upkeep\n|turn|16\n|inactive|Time left: 300 sec this turn | 300 sec total\n|\n|t:|1783568533\n|move|p1a: Feraligatr|Dragon Dance|p1a: Feraligatr\n|-boost|p1a: Feraligatr|atk|1\n|-boost|p1a: Feraligatr|spe|1\n|move|p2a: Pikachu|Volt Tackle|p1a: Feraligatr\n|-supereffective|p1a: Feraligatr\n|-damage|p1a: Feraligatr|0 fnt\n|faint|p1a: Feraligatr\n|-damage|p2a: Pikachu|97/100|[from] Recoil\n|\n|win|p0y2546c9bc", "uploadtime": 1783568533, "views": 0, "rating": 0, "private": 0, "password": null, "_winner": "p0y2546c9bc", "_our_name": "p0x25464114"}