{"id": "battle-gen9randombattle-2706", "formatid": "gen9randombattle", "format": "[Gen 9] Random Battle", "players": ["p0x270647c3", "p0y27069019"], "log": "|init|battle\n|title|p0x270647c3 vs. p0y27069019\n|j|\u2606p0x270647c3\n|j|\u2606p0y27069019\n|t:|1783571185\n|gametype|singles\n|player|p1|p0x270647c3|169|\n|player|p2|p0y27069019|101|\n|gen|9\n|tier|[Gen 9] Random Battle\n|rule|Species Clause: Limit one of each Pok\u00e9mon\n|rule|HP Percentage Mod: HP is shown in percentages\n|rule|Sleep Clause Mod: Limit one foe put to sleep\n|rule|Illusion Level Mod: Illusion disguises the Pok\u00e9mon's true level\n|\n|t:|1783571185\n|teamsize|p1|6\n|teamsize|p2|6\n|start\n|switch|p1a: Phione|Phione, L91|100/100\n|switch|p2a: Gothitelle|Gothitelle, L90, F|272/272\n|turn|1\n|inactive|Battle timer is ON: inactive players will automatically lose when time's up. (requested by p0x270647c3)\n|inactive|Time left: 300 sec this turn | 300 sec total | 60 sec grace\n|inactive|p0y27069019 also wants the timer to be on.\n|\n|t:|1783571187\n|move|p2a: Gothitelle|Psychic|p1a: Phione\n|-damage|p1a: Phione|65/100\n|-unboost|p1a: Phione|spd|1\n|move|p1a: Phione|Scald|p2a: Gothitelle\n|-damage|p2a: Gothitelle|205/272\n|\n|-heal|p1a: Phione|71/100|[from] item: Leftovers\n|upkeep\n|turn|2\n|inactive|Time left: 300 sec this turn | 300 sec total\n|\n|t:|1783571188\n|move|p2a: Gothitelle|Psychic|p1a: Phione\n|-damage|p1a: Phione|16/100\n|move|p1a: Phione|Scald|p2a: Gothitelle\n|-damage|p2a: Gothitelle|133/272\n|-status|p2a: Gothitelle|brn\n|\n|-heal|p1a: Phione|22/100|[from] item: Leftovers\n|-damage|p2a: Gothitelle|116/272 brn|[from] brn\n|upkeep\n|turn|3\n|inactive|Time left: 300 sec this turn | 300 sec total\n|\n|t:|1783571189\n|move|p2a: Gothitelle|Psychic|p1a: Phione\n|-damage|p1a: Phione|0 fnt\n|faint|p1a: Phione\n|\n|-damage|p2a: Gothitelle|99/272 brn|[from] brn\n|upkeep\n|\n|t:|1783571191\n|switch|p1a: Zacian|Zacian-Crowned, L64|100/100\n|-ability|p1a: Zacian|Intrepid Sword|boost\n|-boost|p1a: Zacian|atk|1\n|turn|4\n|inactive|Time left: 300 sec this turn | 300 sec total\n|\n|t:|1783571192\n|switch|p2a: Luxray|Luxray, L88, F|284/284\n|-ability|p2a: Luxray|Intimidate|boost\n|-unboost|p1a: Zacian|atk|1\n|move|p1a: Zacian|Swords Dance|p1a: Zacian\n|-boost|p1a: Zacian|atk|2\n|\n|upkeep\n|turn|5\n|inactive|Time left: 300 sec this turn | 300 sec total\n|\n|t:|1783571193\n|move|p1a: Zacian|Play Rough|p2a: Luxray\n|-damage|p2a: Luxray|118/284\n|move|p2a: Luxray|Wild Charge|p1a: Zacian\n|-damage|p1a: Zacian|40/100\n|-damage|p2a: Luxray|84/284|[from] Recoil\n|\n|upkeep\n|turn|6\n|inactive|Time left: 300 sec this turn | 300 sec total\n|\n|t:|1783571194\n|switch|p2a: Empoleon|Empoleon, L84, F|278/278\n|move|p1a: Zacian|Play Rough|p2a: Empoleon\n|-resisted|p2a: Empoleon\n|-damage|p2a: Empoleon|198/278\n|\n|-heal|p2a: Empoleon|215/278|[from] item: Leftovers\n|upkeep\n|turn|7\n|inactive|Time left: 300 sec this turn | 300 sec total\n|\n|t:|1783571195\n|-terastallize|p2a: Empoleon|Flying\n|move|p1a: Zacian|Close Combat|p2a: Empoleon\n|-resisted|p2a: Empoleon\n|-damage|p2a: Empoleon|148/278\n|-unboost|p1a: Zacian|def|1\n|-unboost|p1a: Zacian|spd|1\n|move|p2a: Empoleon|Surf|p1a: Zacian\n|-damage|p1a: Zacian|0 fnt\n|faint|p1a: Zacian\n|\n|-heal|p2a: Empoleon|165/278|[from] item: Leftovers\n|upkeep\n|\n|t:|1783571196\n|switch|p1a: Zapdos|Zapdos-Galar, L77|100/100\n|turn|8\n|inactive|Time left: 300 sec this turn | 300 sec total\n|\n|t:|1783571197\n|move|p1a: Zapdos|Brave Bird|p2a: Empoleon\n|-damage|p2a: Empoleon|9/278\n|-damage|p1a: Zapdos|81/100|[from] Recoil\n|-damage|p1a: Zapdos|71/100|[from] item: Life Orb\n|move|p2a: Empoleon|Surf|p1a: Zapdos\n|-damage|p1a: Zapdos|29/100\n|\n|-heal|p2a: Empoleon|26/278|[from] item: Leftovers\n|upkeep\n|turn|9\n|inactive|Time left: 300 sec this turn | 300 sec total\n|\n|t:|1783571198\n|move|p1a: Zapdos|Knock Off|p2a: Empoleon\n|-damage|p2a: Empoleon|0 fnt\n|-enditem|p2a: Empoleon|Leftovers|[from] move: Knock Off|[of] p1a: Zapdos\n|faint|p2a: Empoleon\n|-damage|p1a: Zapdos|19/100|[from] item: Life Orb\n|\n|upkeep\n|inactive|Time left: 300 sec this turn | 300 sec total | 5 sec grace\n|\n|t:|1783571199\n|switch|p2a: Gothitelle|Gothitelle, L90, F|99/272 brn\n|turn|10\n|inactive|Time left: 300 sec this turn | 300 sec total\n|\n|t:|1783571200\n|move|p2a: Gothitelle|Psychic|p1a: Zapdos\n|-supereffective|p1a: Zapdos\n|-crit|p1a: Zapdos\n|-damage|p1a: Zapdos|0 fnt\n|faint|p1a: Zapdos\n|\n|-damage|p2a: Gothitelle|82/272 brn|[from] brn\n|upkeep\n|\n|t:|1783571201\n|switch|p1a: Houndoom|Houndoom, L87, F|100/100\n|turn|11\n|inactive|Time left: 300 sec this turn | 300 sec total\n|\n|t:|1783571201\n|switch|p2a: Kommo-o|Kommo-o, L77, F|242/242\n|move|p1a: Houndoom|Fire Blast|p2a: Kommo-o|[miss]\n|-miss|p1a: Houndoom|p2a: Kommo-o\n|\n|upkeep\n|turn|12\n|inactive|Time left: 300 sec this turn | 300 sec total\n|\n|t:|1783571202\n|move|p1a: Houndoom|Sludge Bomb|p2a: Kommo-o\n|-damage|p2a: Kommo-o|170/242\n|-status|p2a: Kommo-o|psn\n|move|p2a: Kommo-o|Drain Punch|p1a: Houndoom\n|-supereffective|p1a: Houndoom\n|-damage|p1a: Houndoom|19/100\n|-heal|p2a: Kommo-o|242/242 psn|[from] drain|[of] p1a: Houndoom\n|\n|-damage|p2a: Kommo-o|212/242 psn|[from] psn\n|upkeep\n|turn|13\n|inactive|Time left: 300 sec this turn | 300 sec total\n|\n|t:|1783571203\n|move|p1a: Houndoom|Sludge Bomb|p2a: Kommo-o\n|-damage|p2a: Kommo-o|138/242 psn\n|move|p2a: Kommo-o|Drain Punch|p1a: Houndoom\n|-supereffective|p1a: Houndoom\n|-damage|p1a: Houndoom|0 fnt\n|-heal|p2a: Kommo-o|163/242 psn|[from] drain|[of] p1a: Houndoom\n|faint|p1a: Houndoom\n|\n|-damage|p2a: Kommo-o|133/242 psn|[from] psn\n|upkeep\n|\n|t:|1783571204\n|switch|p1a: Infernape|Infernape, L82, F|100/100\n|turn|14\n|inactive|Time left: 300 sec this turn | 300 sec total\n|\n|t:|1783571205\n|move|p1a: Infernape|Swords Dance|p1a: Infernape\n|-boost|p1a: Infernape|atk|2\n|move|p2a: Kommo-o|Drain Punch|p1a: Infernape\n|-damage|p1a: Infernape|65/100\n|-heal|p2a: Kommo-o|180/242 psn|[from] drain|[of] p1a: Infernape\n|\n|-damage|p2a: Kommo-o|150/242 psn|[from] psn\n|upkeep\n|turn|15\n|inactive|Time left: 300 sec this turn | 300 sec total\n|\n|t:|1783571207\n|move|p1a: Infernape|Gunk Shot|p2a: Kommo-o\n|-damage|p2a: Kommo-o|0 fnt\n|faint|p2a: Kommo-o\n|-damage|p1a: Infernape|55/100|[from] item: Life Orb\n|\n|upkeep\n|inactive|Time left: 300 sec this turn | 300 sec total | 5 sec grace\n|\n|t:|1783571208\n|switch|p2a: Gothitelle|Gothitelle, L90, F|82/272 brn\n|turn|16\n|inactive|Time left: 300 sec this turn | 300 sec total\n|\n|t:|1783571209\n|move|p2a: Gothitelle|Psychic|p1a: Infernape\n|-supereffective|p1a: Infernape\n|-damage|p1a: Infernape|0 fnt\n|faint|p1a: Infernape\n|\n|-damage|p2a: Gothitelle|65/272 brn|[from] brn\n|upkeep\n|\n|t:|1783571210\n|switch|p1a: Cramorant|Cramorant, L86, F|100/100\n|turn|17\n|inactive|Time left: 300 sec this turn | 300 sec total\n|\n|t:|1783571211\n|move|p2a: Gothitelle|Psychic|p1a: Cramorant\n|-damage|p1a: Cramorant|65/100\n|move|p1a: Cramorant|Surf|p2a: Gothitelle\n|-formechange|p1a: Cramorant|Cramorant-Gulping|\n|-damage|p2a: Gothitelle|0 fnt\n|faint|p2a: Gothitelle\n|\n|upkeep\n|inactive|Time left: 300 sec this turn | 300 sec total | 5 sec grace\n|\n|t:|1783571211\n|switch|p2a: Luxray|Luxray, L88, F|84/284\n|-ability|p2a: Luxray|Intimidate|boost\n|-unboost|p1a: Cramorant|atk|1\n|turn|18\n|inactive|Time left: 300 sec this turn | 300 sec total\n|\n|t:|1783571212\n|-terastallize|p1a: Cramorant|Ground\n|move|p1a: Cramorant|Roost|p1a: Cramorant\n|-heal|p1a: Cramorant|100/100\n|move|p2a: Luxray|Wild Charge|p1a: Cramorant\n|-immune|p1a: Cramorant\n|\n|upkeep\n|turn|19\n|inactive|Time left: 300 sec this turn | 300 sec total\n|\n|t:|1783571213\n|move|p1a: Cramorant|Surf|p2a: Luxray\n|-damage|p2a: Luxray|24/284\n|move|p2a: Luxray|Ice Fang|p1a: Cramorant\n|-supereffective|p1a: Cramorant\n|-damage|p1a: Cramorant|32/100\n|-damage|p2a: Luxray|0 fnt|[from] ability: Gulp Missile|[of] p1a: Cramorant\n|-formechange|p1a: Cramorant|Cramorant|\n|faint|p2a: Luxray\n|\n|upkeep\n|inactive|Time left: 300 sec this turn | 300 sec total | 5 sec grace\n|\n|t:|1783571214\n|switch|p2a: Volbeat|Volbeat, L90, M|263/263\n|turn|20\n|inactive|Time left: 300 sec this turn | 300 sec total\n|\n|t:|1783571215\n|move|p2a: Volbeat|Lunge|p1a: Cramorant\n|-damage|p1a: Cramorant|0 fnt\n|faint|p1a: Cramorant\n|\n|win|p0y27069019", "uploadtime": 1783571215, "views": 0, "rating": 0, "private": 0, "password": null, "_winner": "p0y27069019", "_our_name": "p0y27069019"}