{"id": "battle-gen9randombattle-215", "formatid": "gen9randombattle", "format": "[Gen 9] Random Battle", "players": ["p0x215005e", "p0y2158c39"], "log": "|init|battle\n|title|p0x215005e vs. p0y2158c39\n|j|\u2606p0x215005e\n|j|\u2606p0y2158c39\n|t:|1783535759\n|gametype|singles\n|player|p1|p0x215005e|1|\n|player|p2|p0y2158c39|170|\n|gen|9\n|tier|[Gen 9] Random Battle\n|rule|Species Clause: Limit one of each Pok\u00e9mon\n|rule|HP Percentage Mod: HP is shown in percentages\n|rule|Sleep Clause Mod: Limit one foe put to sleep\n|rule|Illusion Level Mod: Illusion disguises the Pok\u00e9mon's true level\n|\n|t:|1783535759\n|teamsize|p1|6\n|teamsize|p2|6\n|start\n|switch|p1a: Tatsugiri|Tatsugiri, L87, F|260/260\n|switch|p2a: Crawdaunt|Crawdaunt, L84, M|100/100\n|turn|1\n|inactive|Battle timer is ON: inactive players will automatically lose when time's up. (requested by p0x215005e)\n|inactive|p0y2158c39 also wants the timer to be on.\n|\n|t:|1783535760\n|move|p1a: Tatsugiri|Draco Meteor|p2a: Crawdaunt\n|-damage|p2a: Crawdaunt|0 fnt\n|-unboost|p1a: Tatsugiri|spa|2\n|faint|p2a: Crawdaunt\n|\n|upkeep\n|\n|t:|1783535761\n|switch|p2a: Hoopa|Hoopa-Unbound, L80|100/100\n|turn|2\n|inactive|Time left: 300 sec this turn | 300 sec total\n|\n|t:|1783535762\n|switch|p1a: Hydrapple|Hydrapple, L83, M|312/312\n|move|p2a: Hoopa|Hyperspace Fury|p1a: Hydrapple\n|-damage|p1a: Hydrapple|119/312\n|-unboost|p2a: Hoopa|def|1\n|\n|upkeep\n|turn|3\n|inactive|Time left: 300 sec this turn | 300 sec total\n|\n|t:|1783535763\n|switch|p1a: Comfey|Comfey, L85, M|225/225\n|move|p2a: Hoopa|Hyperspace Fury|p1a: Comfey\n|-resisted|p1a: Comfey\n|-damage|p1a: Comfey|117/225\n|-unboost|p2a: Hoopa|def|1\n|\n|-heal|p1a: Comfey|131/225|[from] item: Leftovers\n|upkeep\n|turn|4\n|inactive|Time left: 300 sec this turn | 300 sec total\n|\n|t:|1783535765\n|move|p1a: Comfey|Draining Kiss|p2a: Hoopa\n|-supereffective|p2a: Hoopa\n|-damage|p2a: Hoopa|70/100\n|-heal|p1a: Comfey|190/225|[from] drain|[of] p2a: Hoopa\n|move|p2a: Hoopa|Hyperspace Fury|p1a: Comfey\n|-resisted|p1a: Comfey\n|-damage|p1a: Comfey|87/225\n|-unboost|p2a: Hoopa|def|1\n|\n|-heal|p1a: Comfey|101/225|[from] item: Leftovers\n|upkeep\n|turn|5\n|inactive|Time left: 300 sec this turn | 300 sec total\n|\n|t:|1783535766\n|move|p1a: Comfey|Draining Kiss|p2a: Hoopa\n|-supereffective|p2a: Hoopa\n|-damage|p2a: Hoopa|42/100\n|-heal|p1a: Comfey|157/225|[from] drain|[of] p2a: Hoopa\n|move|p2a: Hoopa|Hyperspace Fury|p1a: Comfey\n|-resisted|p1a: Comfey\n|-damage|p1a: Comfey|52/225\n|-unboost|p2a: Hoopa|def|1\n|\n|-heal|p1a: Comfey|66/225|[from] item: Leftovers\n|upkeep\n|turn|6\n|inactive|Time left: 300 sec this turn | 300 sec total\n|\n|t:|1783535767\n|move|p1a: Comfey|Draining Kiss|p2a: Hoopa\n|-supereffective|p2a: Hoopa\n|-damage|p2a: Hoopa|11/100\n|-heal|p1a: Comfey|126/225|[from] drain|[of] p2a: Hoopa\n|move|p2a: Hoopa|Hyperspace Fury|p1a: Comfey\n|-resisted|p1a: Comfey\n|-damage|p1a: Comfey|23/225\n|-unboost|p2a: Hoopa|def|1\n|\n|-heal|p1a: Comfey|37/225|[from] item: Leftovers\n|upkeep\n|turn|7\n|inactive|Time left: 300 sec this turn | 300 sec total\n|\n|t:|1783535768\n|move|p1a: Comfey|Draining Kiss|p2a: Hoopa\n|-supereffective|p2a: Hoopa\n|-damage|p2a: Hoopa|0 fnt\n|-heal|p1a: Comfey|57/225|[from] drain|[of] p2a: Hoopa\n|faint|p2a: Hoopa\n|\n|-heal|p1a: Comfey|71/225|[from] item: Leftovers\n|upkeep\n|\n|t:|1783535769\n|switch|p2a: Entei|Entei, L78|100/100\n|turn|8\n|inactive|Time left: 300 sec this turn | 300 sec total\n|\n|t:|1783535770\n|switch|p1a: Hydrapple|Hydrapple, L83, M|223/312\n|move|p2a: Entei|Sacred Fire|p1a: Hydrapple\n|-damage|p1a: Hydrapple|94/312\n|\n|upkeep\n|turn|9\n|inactive|Time left: 300 sec this turn | 300 sec total\n|\n|t:|1783535771\n|switch|p1a: Tatsugiri|Tatsugiri, L87, F|260/260\n|move|p2a: Entei|Sacred Fire|p1a: Tatsugiri\n|-resisted|p1a: Tatsugiri\n|-damage|p1a: Tatsugiri|214/260\n|\n|upkeep\n|turn|10\n|inactive|Time left: 300 sec this turn | 300 sec total\n|\n|t:|1783535772\n|move|p2a: Entei|Sacred Fire|p1a: Tatsugiri\n|-resisted|p1a: Tatsugiri\n|-damage|p1a: Tatsugiri|165/260\n|move|p1a: Tatsugiri|Hydro Pump|p2a: Entei|[miss]\n|-miss|p1a: Tatsugiri|p2a: Entei\n|\n|upkeep\n|turn|11\n|inactive|Time left: 300 sec this turn | 300 sec total\n|\n|t:|1783535773\n|move|p2a: Entei|Sacred Fire|p1a: Tatsugiri\n|-resisted|p1a: Tatsugiri\n|-damage|p1a: Tatsugiri|113/260\n|-status|p1a: Tatsugiri|brn\n|move|p1a: Tatsugiri|Hydro Pump|p2a: Entei\n|-supereffective|p2a: Entei\n|-damage|p2a: Entei|0 fnt\n|faint|p2a: Entei\n|\n|-damage|p1a: Tatsugiri|97/260 brn|[from] brn\n|upkeep\n|\n|t:|1783535774\n|switch|p2a: Whiscash|Whiscash, L88, M|100/100\n|turn|12\n|inactive|Time left: 300 sec this turn | 300 sec total\n|\n|t:|1783535775\n|switch|p1a: Hydrapple|Hydrapple, L83, M|198/312\n|move|p2a: Whiscash|Earthquake|p1a: Hydrapple\n|-resisted|p1a: Hydrapple\n|-damage|p1a: Hydrapple|159/312\n|\n|upkeep\n|turn|13\n|inactive|Time left: 300 sec this turn | 300 sec total\n|\n|t:|1783535776\n|move|p2a: Whiscash|Ice Beam|p1a: Hydrapple\n|-supereffective|p1a: Hydrapple\n|-damage|p1a: Hydrapple|0 fnt\n|faint|p1a: Hydrapple\n|\n|upkeep\n|inactive|Time left: 300 sec this turn | 300 sec total | 5 sec grace\n|\n|t:|1783535777\n|switch|p1a: Cetitan|Cetitan, L82, M|412/412\n|turn|14\n|inactive|Time left: 300 sec this turn | 300 sec total\n|\n|t:|1783535777\n|move|p1a: Cetitan|Belly Drum|p1a: Cetitan\n|-damage|p1a: Cetitan|206/412\n|-setboost|p1a: Cetitan|atk|6|[from] move: Belly Drum\n|-enditem|p1a: Cetitan|Sitrus Berry|[eat]\n|-heal|p1a: Cetitan|309/412|[from] item: Sitrus Berry\n|move|p2a: Whiscash|Earthquake|p1a: Cetitan\n|-damage|p1a: Cetitan|186/412\n|\n|upkeep\n|turn|15\n|inactive|Time left: 300 sec this turn | 300 sec total\n|\n|t:|1783535778\n|move|p1a: Cetitan|Ice Spinner|p2a: Whiscash\n|-damage|p2a: Whiscash|0 fnt\n|faint|p2a: Whiscash\n|\n|upkeep\n|\n|t:|1783535779\n|switch|p2a: Probopass|Probopass, L91, F|100/100\n|turn|16\n|inactive|Time left: 300 sec this turn | 300 sec total\n|\n|t:|1783535780\n|-terastallize|p2a: Probopass|Fighting\n|move|p1a: Cetitan|Earthquake|p2a: Probopass\n|-damage|p2a: Probopass|34/100\n|move|p2a: Probopass|Flash Cannon|p1a: Cetitan\n|-supereffective|p1a: Cetitan\n|-damage|p1a: Cetitan|0 fnt\n|faint|p1a: Cetitan\n|\n|upkeep\n|inactive|Time left: 300 sec this turn | 300 sec total | 5 sec grace\n|\n|t:|1783535781\n|switch|p1a: Feraligatr|Feraligatr, L79, M|264/264\n|turn|17\n|inactive|Time left: 300 sec this turn | 300 sec total\n|\n|t:|1783535782\n|-terastallize|p1a: Feraligatr|Water\n|move|p1a: Feraligatr|Liquidation|p2a: Probopass\n|-damage|p2a: Probopass|0 fnt\n|faint|p2a: Probopass\n|\n|upkeep\n|\n|t:|1783535783\n|switch|p2a: Scovillain|Scovillain, L91, F|100/100\n|turn|18\n|inactive|Time left: 300 sec this turn | 300 sec total\n|\n|t:|1783535784\n|switch|p1a: Golem|Golem, L87, M|281/281\n|move|p2a: Scovillain|Sunny Day|p2a: Scovillain\n|-weather|SunnyDay\n|\n|-weather|SunnyDay|[upkeep]\n|upkeep\n|turn|19\n|inactive|Time left: 300 sec this turn | 300 sec total\n|\n|t:|1783535785\n|move|p2a: Scovillain|Fire Blast|p1a: Golem\n|-resisted|p1a: Golem\n|-damage|p1a: Golem|141/281\n|move|p1a: Golem|Stone Edge|p2a: Scovillain\n|-supereffective|p2a: Scovillain\n|-damage|p2a: Scovillain|0 fnt\n|faint|p2a: Scovillain\n|\n|win|p0x215005e", "uploadtime": 1783535785, "views": 0, "rating": 0, "private": 0, "password": null, "_winner": "p0x215005e", "_our_name": "p0x215005e"}