{"id": "battle-gen9randombattle-876", "formatid": "gen9randombattle", "format": "[Gen 9] Random Battle", "players": ["p0x876f7a9", "p0y8767282"], "log": "|init|battle\n|title|p0x876f7a9 vs. p0y8767282\n|j|\u2606p0x876f7a9\n|j|\u2606p0y8767282\n|t:|1783549273\n|gametype|singles\n|player|p1|p0x876f7a9|170|\n|player|p2|p0y8767282|101|\n|gen|9\n|tier|[Gen 9] Random Battle\n|rule|Species Clause: Limit one of each Pok\u00e9mon\n|rule|HP Percentage Mod: HP is shown in percentages\n|rule|Sleep Clause Mod: Limit one foe put to sleep\n|rule|Illusion Level Mod: Illusion disguises the Pok\u00e9mon's true level\n|\n|t:|1783549273\n|teamsize|p1|6\n|teamsize|p2|6\n|start\n|switch|p1a: Blastoise|Blastoise, L80, M|100/100\n|switch|p2a: Oricorio|Oricorio-Sensu, L85, F|266/266\n|turn|1\n|inactive|Battle timer is ON: inactive players will automatically lose when time's up. (requested by p0x876f7a9)\n|inactive|Time left: 300 sec this turn | 300 sec total | 60 sec grace\n|inactive|p0y8767282 also wants the timer to be on.\n|\n|t:|1783549275\n|move|p2a: Oricorio|Quiver Dance|p2a: Oricorio\n|-boost|p2a: Oricorio|spa|1\n|-boost|p2a: Oricorio|spd|1\n|-boost|p2a: Oricorio|spe|1\n|move|p1a: Blastoise|Shell Smash|p1a: Blastoise\n|-unboost|p1a: Blastoise|def|1\n|-unboost|p1a: Blastoise|spd|1\n|-boost|p1a: Blastoise|atk|2\n|-boost|p1a: Blastoise|spa|2\n|-boost|p1a: Blastoise|spe|2\n|-enditem|p1a: Blastoise|White Herb\n|-clearnegativeboost|p1a: Blastoise|[silent]\n|\n|upkeep\n|turn|2\n|inactive|Time left: 300 sec this turn | 300 sec total\n|\n|t:|1783549276\n|move|p1a: Blastoise|Ice Beam|p2a: Oricorio\n|-supereffective|p2a: Oricorio\n|-damage|p2a: Oricorio|104/266\n|move|p2a: Oricorio|Hurricane|p1a: Blastoise\n|-damage|p1a: Blastoise|38/100\n|\n|upkeep\n|turn|3\n|inactive|Time left: 300 sec this turn | 300 sec total\n|\n|t:|1783549277\n|move|p1a: Blastoise|Hydro Pump|p2a: Oricorio\n|-damage|p2a: Oricorio|0 fnt\n|faint|p2a: Oricorio\n|\n|upkeep\n|inactive|Time left: 300 sec this turn | 300 sec total | 5 sec grace\n|\n|t:|1783549278\n|switch|p2a: Latios|Latios, L78, M|253/253\n|turn|4\n|inactive|Time left: 300 sec this turn | 300 sec total\n|\n|t:|1783549279\n|move|p1a: Blastoise|Ice Beam|p2a: Latios\n|-supereffective|p2a: Latios\n|-damage|p2a: Latios|55/253\n|-status|p2a: Latios|frz\n|-curestatus|p2a: Latios|frz|[msg]\n|move|p2a: Latios|Luster Purge|p1a: Blastoise\n|-damage|p1a: Blastoise|0 fnt\n|faint|p1a: Blastoise\n|\n|upkeep\n|\n|t:|1783549280\n|switch|p1a: Lurantis|Lurantis, L87, F|100/100\n|turn|5\n|inactive|Time left: 300 sec this turn | 300 sec total\n|\n|t:|1783549282\n|move|p2a: Latios|Luster Purge|p1a: Lurantis\n|-damage|p1a: Lurantis|63/100\n|-boost|p1a: Lurantis|spd|1\n|move|p1a: Lurantis|Superpower|p2a: Latios\n|-resisted|p2a: Latios\n|-damage|p2a: Latios|0 fnt\n|-boost|p1a: Lurantis|atk|1\n|-boost|p1a: Lurantis|def|1\n|faint|p2a: Latios\n|\n|upkeep\n|inactive|Time left: 300 sec this turn | 300 sec total | 5 sec grace\n|\n|t:|1783549283\n|switch|p2a: Hitmonlee|Hitmonlee, L85, M|223/223\n|turn|6\n|inactive|Time left: 300 sec this turn | 300 sec total\n|\n|t:|1783549284\n|move|p2a: Hitmonlee|High Jump Kick|p1a: Lurantis\n|-damage|p1a: Lurantis|0 fnt\n|faint|p1a: Lurantis\n|\n|upkeep\n|\n|t:|1783549285\n|switch|p1a: Misdreavus|Misdreavus, L90, M|100/100\n|turn|7\n|inactive|Time left: 300 sec this turn | 300 sec total\n|\n|t:|1783549287\n|switch|p2a: Klefki|Klefki, L84, F|233/233\n|move|p1a: Misdreavus|Calm Mind|p1a: Misdreavus\n|-boost|p1a: Misdreavus|spa|1\n|-boost|p1a: Misdreavus|spd|1\n|\n|upkeep\n|turn|8\n|inactive|Time left: 300 sec this turn | 300 sec total\n|\n|t:|1783549288\n|move|p2a: Klefki|Thunder Wave|p1a: Misdreavus\n|-status|p1a: Misdreavus|par\n|cant|p1a: Misdreavus|par\n|\n|upkeep\n|turn|9\n|inactive|Time left: 300 sec this turn | 300 sec total\n|\n|t:|1783549289\n|move|p2a: Klefki|Foul Play|p1a: Misdreavus\n|-supereffective|p1a: Misdreavus\n|-damage|p1a: Misdreavus|78/100 par\n|move|p1a: Misdreavus|Shadow Ball|p2a: Klefki\n|-damage|p2a: Klefki|94/233\n|-unboost|p2a: Klefki|spd|1\n|\n|-heal|p2a: Klefki|108/233|[from] item: Leftovers\n|upkeep\n|turn|10\n|inactive|Time left: 300 sec this turn | 300 sec total\n|\n|t:|1783549290\n|move|p2a: Klefki|Foul Play|p1a: Misdreavus\n|-supereffective|p1a: Misdreavus\n|-damage|p1a: Misdreavus|55/100 par\n|move|p1a: Misdreavus|Shadow Ball|p2a: Klefki\n|-damage|p2a: Klefki|0 fnt\n|faint|p2a: Klefki\n|\n|upkeep\n|inactive|Time left: 300 sec this turn | 300 sec total | 5 sec grace\n|\n|t:|1783549291\n|switch|p2a: Hitmonlee|Hitmonlee, L85, M|223/223\n|turn|11\n|inactive|Time left: 300 sec this turn | 300 sec total\n|\n|t:|1783549291\n|-terastallize|p1a: Misdreavus|Fairy\n|move|p2a: Hitmonlee|Knock Off|p1a: Misdreavus\n|-resisted|p1a: Misdreavus\n|-crit|p1a: Misdreavus\n|-damage|p1a: Misdreavus|24/100 par\n|-enditem|p1a: Misdreavus|Eviolite|[from] move: Knock Off|[of] p2a: Hitmonlee\n|cant|p1a: Misdreavus|par\n|\n|upkeep\n|turn|12\n|inactive|Time left: 300 sec this turn | 300 sec total\n|\n|t:|1783549292\n|switch|p2a: Regirock|Regirock, L83|268/268\n|move|p1a: Misdreavus|Draining Kiss|p2a: Regirock\n|-damage|p2a: Regirock|172/268\n|-heal|p1a: Misdreavus|52/100 par|[from] drain|[of] p2a: Regirock\n|\n|-heal|p2a: Regirock|188/268|[from] item: Leftovers\n|upkeep\n|turn|13\n|inactive|Time left: 300 sec this turn | 300 sec total\n|\n|t:|1783549293\n|move|p2a: Regirock|Stone Edge|p1a: Misdreavus\n|-crit|p1a: Misdreavus\n|-damage|p1a: Misdreavus|0 fnt\n|faint|p1a: Misdreavus\n|\n|-heal|p2a: Regirock|204/268|[from] item: Leftovers\n|upkeep\n|\n|t:|1783549294\n|switch|p1a: Jirachi|Jirachi, L80|100/100\n|turn|14\n|inactive|Time left: 300 sec this turn | 300 sec total\n|\n|t:|1783549295\n|move|p1a: Jirachi|Iron Head|p2a: Regirock\n|-supereffective|p2a: Regirock\n|-damage|p2a: Regirock|120/268\n|cant|p2a: Regirock|flinch\n|\n|-heal|p2a: Regirock|136/268|[from] item: Leftovers\n|upkeep\n|turn|15\n|inactive|Time left: 300 sec this turn | 300 sec total\n|\n|t:|1783549296\n|move|p1a: Jirachi|Iron Head|p2a: Regirock\n|-supereffective|p2a: Regirock\n|-crit|p2a: Regirock\n|-damage|p2a: Regirock|16/268\n|cant|p2a: Regirock|flinch\n|\n|-heal|p2a: Regirock|32/268|[from] item: Leftovers\n|upkeep\n|turn|16\n|inactive|Time left: 300 sec this turn | 300 sec total\n|\n|t:|1783549297\n|move|p1a: Jirachi|Psychic|p2a: Regirock\n|-damage|p2a: Regirock|0 fnt\n|faint|p2a: Regirock\n|\n|upkeep\n|inactive|Time left: 300 sec this turn | 300 sec total | 5 sec grace\n|\n|t:|1783549298\n|switch|p2a: Chien-Pao|Chien-Pao, L72|234/234\n|-ability|p2a: Chien-Pao|Sword of Ruin\n|turn|17\n|inactive|Time left: 300 sec this turn | 300 sec total\n|\n|t:|1783549299\n|move|p2a: Chien-Pao|Crunch|p1a: Jirachi\n|-supereffective|p1a: Jirachi\n|-crit|p1a: Jirachi\n|-damage|p1a: Jirachi|0 fnt\n|faint|p1a: Jirachi\n|\n|upkeep\n|\n|t:|1783549300\n|switch|p1a: Gouging Fire|Gouging Fire, L74|100/100\n|turn|18\n|inactive|Time left: 300 sec this turn | 300 sec total\n|\n|t:|1783549301\n|-terastallize|p2a: Chien-Pao|Dark\n|move|p2a: Chien-Pao|Crunch|p1a: Gouging Fire\n|-damage|p1a: Gouging Fire|41/100\n|-unboost|p1a: Gouging Fire|def|1\n|move|p1a: Gouging Fire|Dragon Dance|p1a: Gouging Fire\n|-boost|p1a: Gouging Fire|atk|1\n|-boost|p1a: Gouging Fire|spe|1\n|\n|upkeep\n|turn|19\n|inactive|Time left: 300 sec this turn | 300 sec total\n|\n|t:|1783549302\n|move|p1a: Gouging Fire|Outrage|p2a: Chien-Pao\n|-damage|p2a: Chien-Pao|26/234\n|move|p2a: Chien-Pao|Crunch|p1a: Gouging Fire\n|-damage|p1a: Gouging Fire|0 fnt\n|faint|p1a: Gouging Fire\n|-end|p1a: Gouging Fire|Protosynthesis|[silent]\n|\n|upkeep\n|\n|t:|1783549303\n|switch|p1a: Zangoose|Zangoose, L85, F|100/100\n|turn|20\n|inactive|Time left: 300 sec this turn | 300 sec total\n|\n|t:|1783549303\n|move|p2a: Chien-Pao|Crunch|p1a: Zangoose\n|-damage|p1a: Zangoose|0 fnt\n|faint|p1a: Zangoose\n|\n|win|p0y8767282", "uploadtime": 1783549303, "views": 0, "rating": 0, "private": 0, "password": null, "_winner": "p0y8767282", "_our_name": "p0y8767282"}