{"id": "battle-gen9randombattle-307", "formatid": "gen9randombattle", "format": "[Gen 9] Random Battle", "players": ["p0x307d807", "p0y307c37a"], "log": "|init|battle\n|title|p0x307d807 vs. p0y307c37a\n|j|\u2606p0x307d807\n|j|\u2606p0y307c37a\n|t:|1783542642\n|gametype|singles\n|player|p1|p0x307d807|170|\n|player|p2|p0y307c37a|170|\n|gen|9\n|tier|[Gen 9] Random Battle\n|rule|Species Clause: Limit one of each Pok\u00e9mon\n|rule|HP Percentage Mod: HP is shown in percentages\n|rule|Sleep Clause Mod: Limit one foe put to sleep\n|rule|Illusion Level Mod: Illusion disguises the Pok\u00e9mon's true level\n|\n|t:|1783542642\n|teamsize|p1|6\n|teamsize|p2|6\n|start\n|switch|p1a: Gastrodon|Gastrodon-East, L86, M|100/100\n|switch|p2a: Iron Treads|Iron Treads, L77|265/265\n|turn|1\n|inactive|Battle timer is ON: inactive players will automatically lose when time's up. (requested by p0y307c37a)\n|inactive|p0x307d807 also wants the timer to be on.\n|\n|t:|1783542643\n|move|p2a: Iron Treads|Stealth Rock|p1a: Gastrodon\n|-sidestart|p1: p0x307d807|move: Stealth Rock\n|move|p1a: Gastrodon|Earthquake|p2a: Iron Treads\n|-supereffective|p2a: Iron Treads\n|-damage|p2a: Iron Treads|83/265\n|\n|-heal|p2a: Iron Treads|99/265|[from] item: Leftovers\n|upkeep\n|turn|2\n|inactive|Time left: 300 sec this turn | 300 sec total\n|\n|t:|1783542644\n|move|p2a: Iron Treads|Earthquake|p1a: Gastrodon\n|-damage|p1a: Gastrodon|62/100\n|move|p1a: Gastrodon|Earthquake|p2a: Iron Treads\n|-supereffective|p2a: Iron Treads\n|-damage|p2a: Iron Treads|0 fnt\n|faint|p2a: Iron Treads\n|-end|p2a: Iron Treads|Quark Drive|[silent]\n|\n|-heal|p1a: Gastrodon|68/100|[from] item: Leftovers\n|upkeep\n|inactive|Time left: 300 sec this turn | 300 sec total | 5 sec grace\n|\n|t:|1783542645\n|switch|p2a: Golduck|Golduck, L90, M|290/290\n|-ability|p2a: Golduck|Cloud Nine\n|turn|3\n|inactive|Time left: 300 sec this turn | 300 sec total\n|\n|t:|1783542647\n|move|p2a: Golduck|Grass Knot|p1a: Gastrodon\n|-supereffective|p1a: Gastrodon\n|-damage|p1a: Gastrodon|0 fnt\n|faint|p1a: Gastrodon\n|\n|upkeep\n|\n|t:|1783542648\n|switch|p1a: Braviary|Braviary-Hisui, L85, M|100/100\n|turn|4\n|inactive|Time left: 300 sec this turn | 300 sec total\n|\n|t:|1783542649\n|switch|p2a: Lokix|Lokix, L82, M|251/251\n|move|p1a: Braviary|Esper Wing|p2a: Lokix\n|-immune|p2a: Lokix\n|\n|upkeep\n|turn|5\n|inactive|Time left: 300 sec this turn | 300 sec total\n|\n|t:|1783542650\n|move|p2a: Lokix|Knock Off|p1a: Braviary\n|-supereffective|p1a: Braviary\n|-damage|p1a: Braviary|0 fnt\n|-enditem|p1a: Braviary|Heavy-Duty Boots|[from] move: Knock Off|[of] p2a: Lokix\n|faint|p1a: Braviary\n|-damage|p2a: Lokix|226/251|[from] item: Life Orb\n|\n|upkeep\n|\n|t:|1783542651\n|switch|p1a: Clefable|Clefable, L83, M|100/100\n|-damage|p1a: Clefable|88/100|[from] Stealth Rock\n|turn|6\n|inactive|Time left: 300 sec this turn | 300 sec total\n|\n|t:|1783542652\n|switch|p2a: Golduck|Golduck, L90, M|290/290\n|-ability|p2a: Golduck|Cloud Nine\n|move|p1a: Clefable|Moonblast|p2a: Golduck\n|-damage|p2a: Golduck|188/290\n|\n|-heal|p1a: Clefable|94/100|[from] item: Leftovers\n|upkeep\n|turn|7\n|inactive|Time left: 300 sec this turn | 300 sec total\n|\n|t:|1783542653\n|move|p2a: Golduck|Hydro Pump|p1a: Clefable\n|-damage|p1a: Clefable|28/100\n|move|p1a: Clefable|Moonblast|p2a: Golduck\n|-damage|p2a: Golduck|83/290\n|-unboost|p2a: Golduck|spa|1\n|\n|-heal|p1a: Clefable|34/100|[from] item: Leftovers\n|upkeep\n|turn|8\n|inactive|Time left: 300 sec this turn | 300 sec total\n|\n|t:|1783542654\n|switch|p1a: Toedscruel|Toedscruel, L87, M|100/100\n|-damage|p1a: Toedscruel|94/100|[from] Stealth Rock\n|move|p2a: Golduck|Hydro Pump|p1a: Toedscruel\n|-crit|p1a: Toedscruel\n|-damage|p1a: Toedscruel|43/100\n|\n|upkeep\n|turn|9\n|inactive|Time left: 300 sec this turn | 300 sec total\n|\n|t:|1783542655\n|switch|p2a: Lokix|Lokix, L82, M|226/251\n|move|p1a: Toedscruel|Rapid Spin|p2a: Lokix\n|-damage|p2a: Lokix|192/251\n|-boost|p1a: Toedscruel|spe|1\n|-sideend|p1: p0x307d807|Stealth Rock|[from] move: Rapid Spin|[of] p1a: Toedscruel\n|\n|upkeep\n|turn|10\n|inactive|Time left: 300 sec this turn | 300 sec total\n|\n|t:|1783542656\n|switch|p1a: Slither Wing|Slither Wing, L81|100/100\n|move|p2a: Lokix|First Impression|p1a: Slither Wing\n|-resisted|p1a: Slither Wing\n|-damage|p1a: Slither Wing|54/100\n|-damage|p2a: Lokix|167/251|[from] item: Life Orb\n|\n|upkeep\n|turn|11\n|inactive|Time left: 300 sec this turn | 300 sec total\n|\n|t:|1783542657\n|-terastallize|p2a: Lokix|Bug\n|move|p2a: Lokix|Leech Life|p1a: Slither Wing\n|-resisted|p1a: Slither Wing\n|-damage|p1a: Slither Wing|0 fnt\n|-heal|p2a: Lokix|240/251|[from] drain|[of] p1a: Slither Wing\n|faint|p1a: Slither Wing\n|-end|p1a: Slither Wing|Protosynthesis|[silent]\n|-damage|p2a: Lokix|215/251|[from] item: Life Orb\n|\n|upkeep\n|\n|t:|1783542658\n|switch|p1a: Slowbro|Slowbro-Galar, L87, M|100/100\n|turn|12\n|inactive|Time left: 300 sec this turn | 300 sec total\n|\n|t:|1783542659\n|move|p2a: Lokix|Knock Off|p1a: Slowbro\n|-supereffective|p1a: Slowbro\n|-damage|p1a: Slowbro|23/100\n|-enditem|p1a: Slowbro|Assault Vest|[from] move: Knock Off|[of] p2a: Lokix\n|-damage|p2a: Lokix|190/251|[from] item: Life Orb\n|move|p1a: Slowbro|Fire Blast|p2a: Lokix\n|-supereffective|p2a: Lokix\n|-damage|p2a: Lokix|0 fnt\n|faint|p2a: Lokix\n|\n|upkeep\n|inactive|Time left: 300 sec this turn | 300 sec total | 5 sec grace\n|\n|t:|1783542660\n|switch|p2a: Golduck|Golduck, L90, M|83/290\n|-ability|p2a: Golduck|Cloud Nine\n|turn|13\n|inactive|Time left: 300 sec this turn | 300 sec total\n|\n|t:|1783542661\n|move|p2a: Golduck|Ice Beam|p1a: Slowbro\n|-damage|p1a: Slowbro|0 fnt\n|faint|p1a: Slowbro\n|\n|upkeep\n|\n|t:|1783542663\n|switch|p1a: Toedscruel|Toedscruel, L87, M|43/100\n|turn|14\n|inactive|Time left: 300 sec this turn | 300 sec total\n|\n|t:|1783542664\n|switch|p2a: Malamar|Malamar, L82, F|275/275\n|move|p1a: Toedscruel|Earth Power|p2a: Malamar\n|-damage|p2a: Malamar|178/275\n|\n|-heal|p2a: Malamar|195/275|[from] item: Leftovers\n|upkeep\n|turn|15\n|inactive|Time left: 300 sec this turn | 300 sec total\n|\n|t:|1783542665\n|switch|p1a: Clefable|Clefable, L83, M|34/100\n|move|p2a: Malamar|Superpower|p1a: Clefable\n|-resisted|p1a: Clefable\n|-damage|p1a: Clefable|18/100\n|-boost|p2a: Malamar|atk|1\n|-boost|p2a: Malamar|def|1\n|\n|-heal|p2a: Malamar|212/275|[from] item: Leftovers\n|-heal|p1a: Clefable|24/100|[from] item: Leftovers\n|upkeep\n|turn|16\n|inactive|Time left: 300 sec this turn | 300 sec total\n|\n|t:|1783542666\n|move|p2a: Malamar|Knock Off|p1a: Clefable\n|-resisted|p1a: Clefable\n|-damage|p1a: Clefable|5/100\n|-enditem|p1a: Clefable|Leftovers|[from] move: Knock Off|[of] p2a: Malamar\n|move|p1a: Clefable|Moonlight|p1a: Clefable\n|-heal|p1a: Clefable|55/100\n|\n|-heal|p2a: Malamar|229/275|[from] item: Leftovers\n|upkeep\n|turn|17\n|inactive|Time left: 300 sec this turn | 300 sec total\n|\n|t:|1783542667\n|switch|p2a: Arcanine|Arcanine, L84, M|288/288\n|-ability|p2a: Arcanine|Intimidate|boost\n|-unboost|p1a: Clefable|atk|1\n|move|p1a: Clefable|Moonblast|p2a: Arcanine\n|-resisted|p2a: Arcanine\n|-damage|p2a: Arcanine|234/288\n|-unboost|p2a: Arcanine|spa|1\n|\n|upkeep\n|turn|18\n|inactive|Time left: 300 sec this turn | 300 sec total\n|\n|t:|1783542669\n|move|p2a: Arcanine|Flare Blitz|p1a: Clefable\n|-damage|p1a: Clefable|0 fnt\n|faint|p1a: Clefable\n|-damage|p2a: Arcanine|181/288|[from] Recoil\n|\n|upkeep\n|\n|t:|1783542670\n|switch|p1a: Toedscruel|Toedscruel, L87, M|43/100\n|turn|19\n|inactive|Time left: 300 sec this turn | 300 sec total\n|\n|t:|1783542671\n|-terastallize|p1a: Toedscruel|Water\n|move|p1a: Toedscruel|Earth Power|p2a: Arcanine\n|-supereffective|p2a: Arcanine\n|-damage|p2a: Arcanine|0 fnt\n|faint|p2a: Arcanine\n|\n|upkeep\n|inactive|Time left: 300 sec this turn | 300 sec total | 5 sec grace\n|\n|t:|1783542672\n|switch|p2a: Malamar|Malamar, L82, F|229/275\n|turn|20\n|inactive|Time left: 300 sec this turn | 300 sec total\n|\n|t:|1783542673\n|move|p1a: Toedscruel|Earth Power|p2a: Malamar\n|-damage|p2a: Malamar|126/275\n|move|p2a: Malamar|Knock Off|p1a: Toedscruel\n|-damage|p1a: Toedscruel|5/100\n|-enditem|p1a: Toedscruel|Assault Vest|[from] move: Knock Off|[of] p2a: Malamar\n|\n|-heal|p2a: Malamar|143/275|[from] item: Leftovers\n|upkeep\n|turn|21\n|inactive|Time left: 300 sec this turn | 300 sec total\n|\n|t:|1783542674\n|move|p1a: Toedscruel|Giga Drain|p2a: Malamar\n|-damage|p2a: Malamar|61/275\n|-heal|p1a: Toedscruel|20/100|[from] drain|[of] p2a: Malamar\n|move|p2a: Malamar|Superpower|p1a: Toedscruel\n|-damage|p1a: Toedscruel|0 fnt\n|-boost|p2a: Malamar|atk|1\n|-boost|p2a: Malamar|def|1\n|faint|p1a: Toedscruel\n|\n|win|p0y307c37a", "uploadtime": 1783542674, "views": 0, "rating": 0, "private": 0, "password": null, "_winner": "p0y307c37a", "_our_name": "p0y307c37a"}