{"id": "battle-gen9randombattle-131", "formatid": "gen9randombattle", "format": "[Gen 9] Random Battle", "players": ["p0x131e55e", "p0y1314f69"], "log": "|init|battle\n|title|p0x131e55e vs. p0y1314f69\n|j|\u2606p0x131e55e\n|j|\u2606p0y1314f69\n|t:|1783540668\n|gametype|singles\n|player|p1|p0x131e55e|1|\n|player|p2|p0y1314f69|266|\n|gen|9\n|tier|[Gen 9] Random Battle\n|rule|Species Clause: Limit one of each Pok\u00e9mon\n|rule|HP Percentage Mod: HP is shown in percentages\n|rule|Sleep Clause Mod: Limit one foe put to sleep\n|rule|Illusion Level Mod: Illusion disguises the Pok\u00e9mon's true level\n|\n|t:|1783540668\n|teamsize|p1|6\n|teamsize|p2|6\n|start\n|switch|p1a: Infernape|Infernape, L82, M|100/100\n|switch|p2a: Swampert|Swampert, L83, M|302/302\n|turn|1\n|inactive|Battle timer is ON: inactive players will automatically lose when time's up. (requested by p0x131e55e)\n|inactive|Time left: 300 sec this turn | 300 sec total | 60 sec grace\n|\n|t:|1783540670\n|switch|p1a: Conkeldurr|Conkeldurr, L80, F|100/100\n|move|p2a: Swampert|Earthquake|p1a: Conkeldurr\n|-damage|p1a: Conkeldurr|62/100\n|\n|-status|p1a: Conkeldurr|brn|[from] item: Flame Orb\n|upkeep\n|turn|2\n|inactive|Time left: 300 sec this turn | 300 sec total\n|inactive|p0y1314f69 also wants the timer to be on.\n|\n|t:|1783540671\n|move|p2a: Swampert|Stealth Rock|p1a: Conkeldurr\n|-sidestart|p1: p0x131e55e|move: Stealth Rock\n|move|p1a: Conkeldurr|Knock Off|p2a: Swampert\n|-damage|p2a: Swampert|183/302\n|-enditem|p2a: Swampert|Leftovers|[from] move: Knock Off|[of] p1a: Conkeldurr\n|\n|-damage|p1a: Conkeldurr|56/100 brn|[from] brn\n|upkeep\n|turn|3\n|inactive|Time left: 300 sec this turn | 300 sec total\n|\n|t:|1783540673\n|move|p2a: Swampert|Flip Turn|p1a: Conkeldurr\n|-damage|p1a: Conkeldurr|33/100 brn\n|inactive|Time left: 300 sec this turn | 300 sec total | 5 sec grace\n|\n|t:|1783540674\n|switch|p2a: Vileplume|Vileplume, L85, F|266/266|[from] Flip Turn\n|move|p1a: Conkeldurr|Facade|p2a: Vileplume\n|-damage|p2a: Vileplume|76/266\n|\n|-heal|p2a: Vileplume|92/266|[from] item: Leftovers\n|-damage|p1a: Conkeldurr|27/100 brn|[from] brn\n|upkeep\n|turn|4\n|inactive|Time left: 300 sec this turn | 300 sec total\n|\n|t:|1783540675\n|switch|p1a: Wyrdeer|Wyrdeer, L87, M|100/100\n|-damage|p1a: Wyrdeer|88/100|[from] Stealth Rock\n|-ability|p1a: Wyrdeer|Intimidate|boost\n|-unboost|p2a: Vileplume|atk|1\n|move|p2a: Vileplume|Giga Drain|p1a: Wyrdeer\n|-damage|p1a: Wyrdeer|59/100\n|-heal|p2a: Vileplume|139/266|[from] drain|[of] p1a: Wyrdeer\n|\n|-heal|p1a: Wyrdeer|65/100|[from] item: Leftovers\n|-heal|p2a: Vileplume|155/266|[from] item: Leftovers\n|upkeep\n|turn|5\n|inactive|Time left: 300 sec this turn | 300 sec total\n|\n|t:|1783540676\n|switch|p2a: Mightyena|Mightyena, L96, F|290/290\n|-ability|p2a: Mightyena|Intimidate|boost\n|-unboost|p1a: Wyrdeer|atk|1\n|move|p1a: Wyrdeer|Psychic Noise|p2a: Mightyena\n|-immune|p2a: Mightyena\n|\n|-heal|p1a: Wyrdeer|72/100|[from] item: Leftovers\n|upkeep\n|turn|6\n|inactive|Time left: 300 sec this turn | 300 sec total\n|\n|t:|1783540678\n|switch|p1a: Ariados|Ariados, L95, M|100/100\n|move|p2a: Mightyena|Throat Chop|p1a: Ariados\n|-damage|p1a: Ariados|39/100\n|-start|p1a: Ariados|Throat Chop|[silent]\n|\n|upkeep\n|turn|7\n|inactive|Time left: 300 sec this turn | 300 sec total\n|\n|t:|1783540679\n|move|p2a: Mightyena|Throat Chop|p1a: Ariados\n|-damage|p1a: Ariados|0 fnt\n|faint|p1a: Ariados\n|\n|upkeep\n|\n|t:|1783540680\n|switch|p1a: Infernape|Infernape, L82, M|100/100\n|-damage|p1a: Infernape|88/100|[from] Stealth Rock\n|turn|8\n|inactive|Time left: 300 sec this turn | 300 sec total\n|\n|t:|1783540681\n|move|p1a: Infernape|Flare Blitz|p2a: Mightyena\n|-damage|p2a: Mightyena|76/290\n|-damage|p1a: Infernape|61/100|[from] Recoil\n|move|p2a: Mightyena|Throat Chop|p1a: Infernape\n|-resisted|p1a: Infernape\n|-damage|p1a: Infernape|26/100\n|-start|p1a: Infernape|Throat Chop|[silent]\n|\n|upkeep\n|turn|9\n|inactive|Time left: 300 sec this turn | 300 sec total\n|\n|t:|1783540683\n|switch|p2a: Talonflame|Talonflame, L83, M|265/265\n|move|p1a: Infernape|Flare Blitz|p2a: Talonflame\n|-resisted|p2a: Talonflame\n|-damage|p2a: Talonflame|148/265\n|-damage|p1a: Infernape|11/100|[from] Recoil\n|\n|-end|p1a: Infernape|Throat Chop|[silent]\n|upkeep\n|turn|10\n|inactive|Time left: 300 sec this turn | 300 sec total\n|\n|t:|1783540684\n|switch|p1a: Wyrdeer|Wyrdeer, L87, M|72/100\n|-damage|p1a: Wyrdeer|59/100|[from] Stealth Rock\n|-ability|p1a: Wyrdeer|Intimidate|boost\n|-unboost|p2a: Talonflame|atk|1\n|move|p2a: Talonflame|Roost|p2a: Talonflame\n|-heal|p2a: Talonflame|265/265\n|-singleturn|p2a: Talonflame|move: Roost\n|\n|-heal|p1a: Wyrdeer|65/100|[from] item: Leftovers\n|upkeep\n|turn|11\n|inactive|Time left: 300 sec this turn | 300 sec total\n|\n|t:|1783540685\n|switch|p2a: Mightyena|Mightyena, L96, F|76/290\n|-ability|p2a: Mightyena|Intimidate|boost\n|-unboost|p1a: Wyrdeer|atk|1\n|move|p1a: Wyrdeer|Psychic Noise|p2a: Mightyena\n|-immune|p2a: Mightyena\n|\n|-heal|p1a: Wyrdeer|72/100|[from] item: Leftovers\n|upkeep\n|turn|12\n|inactive|Time left: 300 sec this turn | 300 sec total\n|\n|t:|1783540686\n|switch|p1a: Gastrodon|Gastrodon-East, L86, M|100/100\n|-damage|p1a: Gastrodon|94/100|[from] Stealth Rock\n|move|p2a: Mightyena|Throat Chop|p1a: Gastrodon\n|-damage|p1a: Gastrodon|35/100\n|-start|p1a: Gastrodon|Throat Chop|[silent]\n|\n|-heal|p1a: Gastrodon|41/100|[from] item: Leftovers\n|upkeep\n|turn|13\n|inactive|Time left: 300 sec this turn | 300 sec total\n|\n|t:|1783540688\n|move|p2a: Mightyena|Throat Chop|p1a: Gastrodon\n|-damage|p1a: Gastrodon|0 fnt\n|faint|p1a: Gastrodon\n|\n|upkeep\n|\n|t:|1783540688\n|switch|p1a: Wyrdeer|Wyrdeer, L87, M|72/100\n|-damage|p1a: Wyrdeer|59/100|[from] Stealth Rock\n|-ability|p1a: Wyrdeer|Intimidate|boost\n|-unboost|p2a: Mightyena|atk|1\n|turn|14\n|inactive|Time left: 300 sec this turn | 300 sec total\n|\n|t:|1783540689\n|move|p2a: Mightyena|Throat Chop|p1a: Wyrdeer\n|-supereffective|p1a: Wyrdeer\n|-damage|p1a: Wyrdeer|0 fnt\n|faint|p1a: Wyrdeer\n|\n|upkeep\n|\n|t:|1783540690\n|switch|p1a: Mew|Mew, L82|100/100\n|-damage|p1a: Mew|88/100|[from] Stealth Rock\n|turn|15\n|inactive|Time left: 300 sec this turn | 300 sec total\n|\n|t:|1783540691\n|move|p1a: Mew|Stealth Rock|p2a: Mightyena\n|-sidestart|p2: p0y1314f69|move: Stealth Rock\n|move|p2a: Mightyena|Throat Chop|p1a: Mew\n|-supereffective|p1a: Mew\n|-damage|p1a: Mew|20/100\n|-start|p1a: Mew|Throat Chop|[silent]\n|\n|-heal|p1a: Mew|26/100|[from] item: Leftovers\n|upkeep\n|turn|16\n|inactive|Time left: 300 sec this turn | 300 sec total\n|\n|t:|1783540693\n|move|p1a: Mew|U-turn|p2a: Mightyena\n|-supereffective|p2a: Mightyena\n|-damage|p2a: Mightyena|0 fnt\n|faint|p2a: Mightyena\n|\n|t:|1783540694\n|switch|p1a: Conkeldurr|Conkeldurr, L80, F|27/100 brn|[from] U-turn\n|-damage|p1a: Conkeldurr|21/100 brn|[from] Stealth Rock\n|\n|-damage|p1a: Conkeldurr|15/100 brn|[from] brn\n|upkeep\n|inactive|Time left: 300 sec this turn | 300 sec total | 10 sec grace\n|\n|t:|1783540694\n|switch|p2a: Vileplume|Vileplume, L85, F|155/266\n|-damage|p2a: Vileplume|122/266|[from] Stealth Rock\n|turn|17\n|inactive|Time left: 300 sec this turn | 300 sec total\n|\n|t:|1783540695\n|switch|p1a: Infernape|Infernape, L82, M|11/100\n|-damage|p1a: Infernape|0 fnt|[from] Stealth Rock\n|faint|p1a: Infernape\n|move|p2a: Vileplume|Sludge Bomb|p1: Infernape|[notarget]\n|-fail|p2a: Vileplume\n|\n|-heal|p2a: Vileplume|138/266|[from] item: Leftovers\n|upkeep\n|\n|t:|1783540696\n|switch|p1a: Mew|Mew, L82|26/100\n|-damage|p1a: Mew|13/100|[from] Stealth Rock\n|turn|18\n|inactive|Time left: 300 sec this turn | 300 sec total\n|\n|t:|1783540697\n|-terastallize|p2a: Vileplume|Water\n|move|p1a: Mew|Psychic Noise|p2a: Vileplume\n|-damage|p2a: Vileplume|68/266\n|-start|p2a: Vileplume|move: Heal Block\n|cant|p2a: Vileplume|move: Heal Block|Giga Drain\n|\n|-heal|p1a: Mew|19/100|[from] item: Leftovers\n|upkeep\n|turn|19\n|inactive|Time left: 300 sec this turn | 300 sec total\n|\n|t:|1783540699\n|switch|p2a: Empoleon|Empoleon, L84, M|278/278\n|-damage|p2a: Empoleon|261/278|[from] Stealth Rock\n|move|p1a: Mew|Knock Off|p2a: Empoleon\n|-damage|p2a: Empoleon|194/278\n|-enditem|p2a: Empoleon|Leftovers|[from] move: Knock Off|[of] p1a: Mew\n|\n|-heal|p1a: Mew|25/100|[from] item: Leftovers\n|upkeep\n|turn|20\n|inactive|Time left: 300 sec this turn | 300 sec total\n|\n|t:|1783540700\n|move|p1a: Mew|Knock Off|p2a: Empoleon\n|-damage|p2a: Empoleon|146/278\n|move|p2a: Empoleon|Surf|p1a: Mew\n|-damage|p1a: Mew|0 fnt\n|faint|p1a: Mew\n|\n|upkeep\n|\n|t:|1783540701\n|switch|p1a: Conkeldurr|Conkeldurr, L80, F|15/100 brn\n|-damage|p1a: Conkeldurr|9/100 brn|[from] Stealth Rock\n|turn|21\n|inactive|Time left: 300 sec this turn | 300 sec total\n|\n|t:|1783540701\n|-terastallize|p1a: Conkeldurr|Normal\n|move|p1a: Conkeldurr|Mach Punch|p2a: Empoleon\n|-supereffective|p2a: Empoleon\n|-damage|p2a: Empoleon|0 fnt\n|faint|p2a: Empoleon\n|\n|-damage|p1a: Conkeldurr|3/100 brn|[from] brn\n|upkeep\n|inactive|Time left: 300 sec this turn | 300 sec total | 5 sec grace\n|\n|t:|1783540702\n|switch|p2a: Talonflame|Talonflame, L83, M|265/265\n|turn|22\n|inactive|Time left: 300 sec this turn | 300 sec total\n|\n|t:|1783540703\n|move|p2a: Talonflame|Roost||[still]\n|-fail|p2a: Talonflame|heal\n|move|p1a: Conkeldurr|Facade|p2a: Talonflame\n|-damage|p2a: Talonflame|0 fnt\n|faint|p2a: Talonflame\n|\n|-damage|p1a: Conkeldurr|0 fnt|[from] brn\n|faint|p1a: Conkeldurr\n|\n|win|p0y1314f69", "uploadtime": 1783540703, "views": 0, "rating": 0, "private": 0, "password": null, "_winner": "p0y1314f69", "_our_name": "p0y1314f69"}