{"id": "battle-gen9randombattle-490", "formatid": "gen9randombattle", "format": "[Gen 9] Random Battle", "players": ["p0x4903356", "p0y490a9c2"], "log": "|init|battle\n|title|p0x4903356 vs. p0y490a9c2\n|j|\u2606p0x4903356\n|j|\u2606p0y490a9c2\n|t:|1783544736\n|gametype|singles\n|player|p1|p0x4903356|2|\n|player|p2|p0y490a9c2|169|\n|gen|9\n|tier|[Gen 9] Random Battle\n|rule|Species Clause: Limit one of each Pok\u00e9mon\n|rule|HP Percentage Mod: HP is shown in percentages\n|rule|Sleep Clause Mod: Limit one foe put to sleep\n|rule|Illusion Level Mod: Illusion disguises the Pok\u00e9mon's true level\n|\n|t:|1783544736\n|teamsize|p1|6\n|teamsize|p2|6\n|start\n|switch|p1a: Arcanine|Arcanine-Hisui, L79, F|100/100\n|switch|p2a: Swampert|Swampert, L83, M|302/302\n|turn|1\n|inactive|Battle timer is ON: inactive players will automatically lose when time's up. (requested by p0x4903356)\n|inactive|Time left: 300 sec this turn | 300 sec total | 60 sec grace\n|inactive|p0y490a9c2 also wants the timer to be on.\n|\n|t:|1783544737\n|move|p1a: Arcanine|Flare Blitz|p2a: Swampert\n|-resisted|p2a: Swampert\n|-damage|p2a: Swampert|212/302\n|move|p2a: Swampert|Earthquake|p1a: Arcanine\n|-supereffective|p1a: Arcanine\n|-damage|p1a: Arcanine|0 fnt\n|faint|p1a: Arcanine\n|\n|-heal|p2a: Swampert|230/302|[from] item: Leftovers\n|upkeep\n|\n|t:|1783544739\n|switch|p1a: Vikavolt|Vikavolt, L83, M|100/100\n|turn|2\n|inactive|Time left: 300 sec this turn | 300 sec total\n|\n|t:|1783544740\n|move|p2a: Swampert|Ice Beam|p1a: Vikavolt\n|-damage|p1a: Vikavolt|74/100\n|move|p1a: Vikavolt|Sticky Web|p2a: Swampert\n|-sidestart|p2: p0y490a9c2|move: Sticky Web\n|\n|-heal|p2a: Swampert|248/302|[from] item: Leftovers\n|upkeep\n|turn|3\n|inactive|Time left: 300 sec this turn | 300 sec total\n|\n|t:|1783544741\n|move|p2a: Swampert|Ice Beam|p1a: Vikavolt\n|-damage|p1a: Vikavolt|50/100\n|move|p1a: Vikavolt|Bug Buzz|p2a: Swampert\n|-crit|p2a: Swampert\n|-damage|p2a: Swampert|59/302\n|\n|-heal|p2a: Swampert|77/302|[from] item: Leftovers\n|upkeep\n|turn|4\n|inactive|Time left: 300 sec this turn | 300 sec total\n|\n|t:|1783544742\n|move|p2a: Swampert|Knock Off|p1a: Vikavolt\n|-damage|p1a: Vikavolt|20/100\n|-enditem|p1a: Vikavolt|Heavy-Duty Boots|[from] move: Knock Off|[of] p2a: Swampert\n|move|p1a: Vikavolt|Bug Buzz|p2a: Swampert\n|-damage|p2a: Swampert|0 fnt\n|faint|p2a: Swampert\n|\n|upkeep\n|inactive|Time left: 300 sec this turn | 300 sec total | 5 sec grace\n|\n|t:|1783544743\n|switch|p2a: Leafeon|Leafeon, L88, F|258/258\n|-activate|p2a: Leafeon|move: Sticky Web\n|-unboost|p2a: Leafeon|spe|1\n|turn|5\n|inactive|Time left: 300 sec this turn | 300 sec total\n|\n|t:|1783544744\n|move|p2a: Leafeon|Leaf Blade|p1a: Vikavolt\n|-resisted|p1a: Vikavolt\n|-damage|p1a: Vikavolt|0 fnt\n|faint|p1a: Vikavolt\n|-damage|p2a: Leafeon|233/258|[from] item: Life Orb\n|\n|upkeep\n|\n|t:|1783544745\n|switch|p1a: Arceus|Arceus-Flying, L69|100/100\n|turn|6\n|inactive|Time left: 300 sec this turn | 300 sec total\n|\n|t:|1783544746\n|move|p1a: Arceus|Judgment|p2a: Leafeon\n|-supereffective|p2a: Leafeon\n|-damage|p2a: Leafeon|0 fnt\n|faint|p2a: Leafeon\n|\n|upkeep\n|inactive|Time left: 300 sec this turn | 300 sec total | 5 sec grace\n|\n|t:|1783544747\n|switch|p2a: Ting-Lu|Ting-Lu, L78|370/370\n|-activate|p2a: Ting-Lu|move: Sticky Web\n|-unboost|p2a: Ting-Lu|spe|1\n|-ability|p2a: Ting-Lu|Vessel of Ruin\n|turn|7\n|inactive|Time left: 300 sec this turn | 300 sec total\n|\n|t:|1783544748\n|move|p1a: Arceus|Calm Mind|p1a: Arceus\n|-boost|p1a: Arceus|spa|1\n|-boost|p1a: Arceus|spd|1\n|move|p2a: Ting-Lu|Payback|p1a: Arceus\n|-damage|p1a: Arceus|65/100\n|\n|upkeep\n|turn|8\n|inactive|Time left: 300 sec this turn | 300 sec total\n|\n|t:|1783544749\n|move|p1a: Arceus|Calm Mind|p1a: Arceus\n|-boost|p1a: Arceus|spa|1\n|-boost|p1a: Arceus|spd|1\n|move|p2a: Ting-Lu|Payback|p1a: Arceus\n|-damage|p1a: Arceus|28/100\n|\n|upkeep\n|turn|9\n|inactive|Time left: 300 sec this turn | 300 sec total\n|\n|t:|1783544750\n|move|p1a: Arceus|Recover|p1a: Arceus\n|-heal|p1a: Arceus|79/100\n|move|p2a: Ting-Lu|Payback|p1a: Arceus\n|-damage|p1a: Arceus|43/100\n|\n|upkeep\n|turn|10\n|inactive|Time left: 300 sec this turn | 300 sec total\n|\n|t:|1783544751\n|move|p1a: Arceus|Recover|p1a: Arceus\n|-heal|p1a: Arceus|93/100\n|move|p2a: Ting-Lu|Payback|p1a: Arceus\n|-damage|p1a: Arceus|61/100\n|\n|upkeep\n|turn|11\n|inactive|Time left: 300 sec this turn | 300 sec total\n|\n|t:|1783544752\n|move|p1a: Arceus|Judgment|p2a: Ting-Lu\n|-damage|p2a: Ting-Lu|195/370\n|move|p2a: Ting-Lu|Payback|p1a: Arceus\n|-damage|p1a: Arceus|25/100\n|\n|-heal|p2a: Ting-Lu|218/370|[from] item: Leftovers\n|upkeep\n|turn|12\n|inactive|Time left: 300 sec this turn | 300 sec total\n|\n|t:|1783544753\n|move|p1a: Arceus|Recover|p1a: Arceus\n|-heal|p1a: Arceus|75/100\n|move|p2a: Ting-Lu|Payback|p1a: Arceus\n|-damage|p1a: Arceus|41/100\n|\n|-heal|p2a: Ting-Lu|241/370|[from] item: Leftovers\n|upkeep\n|turn|13\n|inactive|Time left: 300 sec this turn | 300 sec total\n|\n|t:|1783544754\n|move|p1a: Arceus|Recover|p1a: Arceus\n|-heal|p1a: Arceus|92/100\n|move|p2a: Ting-Lu|Payback|p1a: Arceus\n|-damage|p1a: Arceus|59/100\n|\n|-heal|p2a: Ting-Lu|264/370|[from] item: Leftovers\n|upkeep\n|turn|14\n|inactive|Time left: 300 sec this turn | 300 sec total\n|\n|t:|1783544755\n|move|p1a: Arceus|Judgment|p2a: Ting-Lu\n|-damage|p2a: Ting-Lu|77/370\n|move|p2a: Ting-Lu|Payback|p1a: Arceus\n|-damage|p1a: Arceus|26/100\n|\n|-heal|p2a: Ting-Lu|100/370|[from] item: Leftovers\n|upkeep\n|turn|15\n|inactive|Time left: 300 sec this turn | 300 sec total\n|\n|t:|1783544756\n|move|p1a: Arceus|Recover|p1a: Arceus\n|-heal|p1a: Arceus|76/100\n|move|p2a: Ting-Lu|Payback|p1a: Arceus\n|-crit|p1a: Arceus\n|-damage|p1a: Arceus|25/100\n|\n|-heal|p2a: Ting-Lu|123/370|[from] item: Leftovers\n|upkeep\n|turn|16\n|inactive|Time left: 300 sec this turn | 300 sec total\n|\n|t:|1783544757\n|-terastallize|p2a: Ting-Lu|Steel\n|move|p1a: Arceus|Recover|p1a: Arceus\n|-heal|p1a: Arceus|75/100\n|move|p2a: Ting-Lu|Payback|p1a: Arceus\n|-damage|p1a: Arceus|43/100\n|\n|-heal|p2a: Ting-Lu|146/370|[from] item: Leftovers\n|upkeep\n|turn|17\n|inactive|Time left: 300 sec this turn | 300 sec total\n|\n|t:|1783544758\n|move|p1a: Arceus|Earth Power|p2a: Ting-Lu\n|-supereffective|p2a: Ting-Lu\n|-damage|p2a: Ting-Lu|0 fnt\n|faint|p2a: Ting-Lu\n|\n|upkeep\n|inactive|Time left: 300 sec this turn | 300 sec total | 5 sec grace\n|\n|t:|1783544759\n|switch|p2a: Meowstic|Meowstic, L89, M|277/277\n|-activate|p2a: Meowstic|move: Sticky Web\n|-unboost|p2a: Meowstic|spe|1\n|turn|18\n|inactive|Time left: 300 sec this turn | 300 sec total\n|\n|t:|1783544760\n|move|p2a: Meowstic|Light Screen|p2a: Meowstic\n|-sidestart|p2: p0y490a9c2|move: Light Screen\n|move|p1a: Arceus|Judgment|p2a: Meowstic\n|-damage|p2a: Meowstic|177/277\n|\n|upkeep\n|turn|19\n|inactive|Time left: 300 sec this turn | 300 sec total\n|\n|t:|1783544761\n|move|p2a: Meowstic|Yawn|p1a: Arceus\n|-start|p1a: Arceus|move: Yawn|[of] p2a: Meowstic\n|move|p1a: Arceus|Recover|p1a: Arceus\n|-heal|p1a: Arceus|93/100\n|\n|upkeep\n|turn|20\n|inactive|Time left: 300 sec this turn | 300 sec total\n|\n|t:|1783544762\n|move|p2a: Meowstic|Reflect|p2a: Meowstic\n|-sidestart|p2: p0y490a9c2|Reflect\n|move|p1a: Arceus|Judgment|p2a: Meowstic\n|-damage|p2a: Meowstic|70/277\n|\n|-end|p1a: Arceus|move: Yawn|[silent]\n|-status|p1a: Arceus|slp\n|upkeep\n|turn|21\n|inactive|Time left: 300 sec this turn | 300 sec total\n|\n|t:|1783544763\n|switch|p2a: Spectrier|Spectrier, L75|274/274\n|-activate|p2a: Spectrier|move: Sticky Web\n|-unboost|p2a: Spectrier|spe|1\n|cant|p1a: Arceus|slp\n|\n|upkeep\n|turn|22\n|inactive|Time left: 300 sec this turn | 300 sec total\n|\n|t:|1783544764\n|-curestatus|p1a: Arceus|slp|[msg]\n|move|p1a: Arceus|Calm Mind|p1a: Arceus\n|-boost|p1a: Arceus|spa|1\n|-boost|p1a: Arceus|spd|1\n|move|p2a: Spectrier|Nasty Plot|p2a: Spectrier\n|-boost|p2a: Spectrier|spa|2\n|\n|upkeep\n|turn|23\n|inactive|Time left: 300 sec this turn | 300 sec total\n|\n|t:|1783544766\n|move|p1a: Arceus|Judgment|p2a: Spectrier\n|-damage|p2a: Spectrier|113/274\n|move|p2a: Spectrier|Shadow Ball|p1a: Arceus\n|-damage|p1a: Arceus|68/100\n|-unboost|p1a: Arceus|spd|1\n|\n|-heal|p2a: Spectrier|130/274|[from] item: Leftovers\n|upkeep\n|turn|24\n|inactive|Time left: 300 sec this turn | 300 sec total\n|\n|t:|1783544767\n|switch|p2a: Vaporeon|Vaporeon, L86, M|364/364\n|-activate|p2a: Vaporeon|move: Sticky Web\n|-unboost|p2a: Vaporeon|spe|1\n|move|p1a: Arceus|Judgment|p2a: Vaporeon\n|-damage|p2a: Vaporeon|238/364\n|\n|-heal|p2a: Vaporeon|260/364|[from] item: Leftovers\n|upkeep\n|turn|25\n|inactive|Time left: 300 sec this turn | 300 sec total\n|\n|t:|1783544768\n|move|p1a: Arceus|Judgment|p2a: Vaporeon\n|-damage|p2a: Vaporeon|137/364\n|move|p2a: Vaporeon|Scald|p1a: Arceus\n|-damage|p1a: Arceus|50/100\n|\n|-heal|p2a: Vaporeon|159/364|[from] item: Leftovers\n|-sideend|p2: p0y490a9c2|move: Light Screen\n|upkeep\n|turn|26\n|inactive|Time left: 300 sec this turn | 300 sec total\n|\n|t:|1783544769\n|move|p2a: Vaporeon|Protect|p2a: Vaporeon\n|-singleturn|p2a: Vaporeon|Protect\n|move|p1a: Arceus|Judgment|p2a: Vaporeon\n|-activate|p2a: Vaporeon|move: Protect\n|\n|-heal|p2a: Vaporeon|181/364|[from] item: Leftovers\n|upkeep\n|turn|27\n|inactive|Time left: 300 sec this turn | 300 sec total\n|\n|t:|1783544770\n|move|p1a: Arceus|Judgment|p2a: Vaporeon\n|-damage|p2a: Vaporeon|0 fnt\n|faint|p2a: Vaporeon\n|\n|-sideend|p2: p0y490a9c2|Reflect\n|upkeep\n|inactive|Time left: 300 sec this turn | 300 sec total | 5 sec grace\n|\n|t:|1783544771\n|switch|p2a: Spectrier|Spectrier, L75|130/274\n|-activate|p2a: Spectrier|move: Sticky Web\n|-unboost|p2a: Spectrier|spe|1\n|turn|28\n|inactive|Time left: 300 sec this turn | 300 sec total\n|\n|t:|1783544772\n|move|p1a: Arceus|Judgment|p2a: Spectrier\n|-crit|p2a: Spectrier\n|-damage|p2a: Spectrier|0 fnt\n|faint|p2a: Spectrier\n|\n|upkeep\n|inactive|Time left: 300 sec this turn | 300 sec total | 5 sec grace\n|\n|t:|1783544773\n|switch|p2a: Meowstic|Meowstic, L89, M|70/277\n|-activate|p2a: Meowstic|move: Sticky Web\n|-unboost|p2a: Meowstic|spe|1\n|turn|29\n|inactive|Time left: 300 sec this turn | 300 sec total\n|\n|t:|1783544774\n|-terastallize|p1a: Arceus|Steel\n|move|p2a: Meowstic|Light Screen|p2a: Meowstic\n|-sidestart|p2: p0y490a9c2|move: Light Screen\n|move|p1a: Arceus|Judgment|p2a: Meowstic\n|-damage|p2a: Meowstic|0 fnt\n|faint|p2a: Meowstic\n|\n|win|p0x4903356", "uploadtime": 1783544774, "views": 0, "rating": 0, "private": 0, "password": null, "_winner": "p0x4903356", "_our_name": "p0y490a9c2"}