{"id": "battle-gen9randombattle-1419", "formatid": "gen9randombattle", "format": "[Gen 9] Random Battle", "players": ["p0x1419dd87", "p0y1419bb7a"], "log": "|init|battle\n|title|p0x1419dd87 vs. p0y1419bb7a\n|j|\u2606p0x1419dd87\n|j|\u2606p0y1419bb7a\n|t:|1783555571\n|gametype|singles\n|player|p1|p0x1419dd87|2|\n|player|p2|p0y1419bb7a|102|\n|gen|9\n|tier|[Gen 9] Random Battle\n|rule|Species Clause: Limit one of each Pok\u00e9mon\n|rule|HP Percentage Mod: HP is shown in percentages\n|rule|Sleep Clause Mod: Limit one foe put to sleep\n|rule|Illusion Level Mod: Illusion disguises the Pok\u00e9mon's true level\n|\n|t:|1783555571\n|teamsize|p1|6\n|teamsize|p2|6\n|start\n|switch|p1a: Tatsugiri|Tatsugiri, L87, M|260/260\n|switch|p2a: Sandy Shocks|Sandy Shocks, L80|100/100\n|turn|1\n|inactive|Battle timer is ON: inactive players will automatically lose when time's up. (requested by p0x1419dd87)\n|inactive|p0y1419bb7a also wants the timer to be on.\n|\n|t:|1783555572\n|-end|p2a: Sandy Shocks|Protosynthesis|[silent]\n|switch|p2a: Blissey|Blissey, L85, F|100/100\n|move|p1a: Tatsugiri|Surf|p2a: Blissey\n|-damage|p2a: Blissey|86/100\n|\n|-heal|p2a: Blissey|92/100|[from] item: Leftovers\n|upkeep\n|turn|2\n|inactive|Time left: 300 sec this turn | 300 sec total\n|\n|t:|1783555572\n|switch|p1a: Slaking|Slaking, L84, M|389/389\n|move|p2a: Blissey|Seismic Toss|p1a: Slaking\n|-damage|p1a: Slaking|304/389\n|\n|-heal|p2a: Blissey|98/100|[from] item: Leftovers\n|upkeep\n|turn|3\n|inactive|Time left: 300 sec this turn | 300 sec total\n|\n|t:|1783555573\n|-terastallize|p2a: Blissey|Ghost\n|move|p1a: Slaking|Giga Impact|p2a: Blissey\n|-immune|p2a: Blissey\n|move|p2a: Blissey|Stealth Rock|p1a: Slaking\n|-sidestart|p1: p0x1419dd87|move: Stealth Rock\n|\n|-heal|p2a: Blissey|100/100|[from] item: Leftovers\n|upkeep\n|turn|4\n|inactive|Time left: 300 sec this turn | 300 sec total\n|\n|t:|1783555574\n|switch|p1a: Sandslash|Sandslash, L89, M|278/278\n|-damage|p1a: Sandslash|261/278|[from] Stealth Rock\n|move|p2a: Blissey|Seismic Toss|p1a: Sandslash\n|-damage|p1a: Sandslash|176/278\n|\n|-heal|p1a: Sandslash|193/278|[from] item: Leftovers\n|upkeep\n|turn|5\n|inactive|Time left: 300 sec this turn | 300 sec total\n|\n|t:|1783555574\n|switch|p2a: Hydreigon|Hydreigon, L79, M|100/100\n|move|p1a: Sandslash|Knock Off|p2a: Hydreigon\n|-resisted|p2a: Hydreigon\n|-damage|p2a: Hydreigon|84/100\n|-enditem|p2a: Hydreigon|Choice Specs|[from] move: Knock Off|[of] p1a: Sandslash\n|\n|-heal|p1a: Sandslash|210/278|[from] item: Leftovers\n|upkeep\n|turn|6\n|inactive|Time left: 300 sec this turn | 300 sec total\n|\n|t:|1783555575\n|switch|p1a: Zacian|Zacian, L69|241/241\n|-damage|p1a: Zacian|211/241|[from] Stealth Rock\n|-ability|p1a: Zacian|Intrepid Sword|boost\n|-boost|p1a: Zacian|atk|1\n|move|p2a: Hydreigon|Dark Pulse|p1a: Zacian\n|-resisted|p1a: Zacian\n|-damage|p1a: Zacian|163/241\n|\n|upkeep\n|turn|7\n|inactive|Time left: 300 sec this turn | 300 sec total\n|\n|t:|1783555576\n|switch|p2a: Muk|Muk, L86, F|100/100\n|move|p1a: Zacian|Play Rough|p2a: Muk\n|-resisted|p2a: Muk\n|-damage|p2a: Muk|75/100\n|-damage|p1a: Zacian|139/241|[from] item: Life Orb\n|\n|-heal|p2a: Muk|81/100|[from] item: Leftovers\n|upkeep\n|turn|8\n|inactive|Time left: 300 sec this turn | 300 sec total\n|\n|t:|1783555576\n|move|p1a: Zacian|Psychic Fangs|p2a: Muk\n|-supereffective|p2a: Muk\n|-damage|p2a: Muk|17/100\n|-damage|p1a: Zacian|115/241|[from] item: Life Orb\n|move|p2a: Muk|Poison Jab|p1a: Zacian\n|-supereffective|p1a: Zacian\n|-damage|p1a: Zacian|0 fnt\n|faint|p1a: Zacian\n|\n|-heal|p2a: Muk|24/100|[from] item: Leftovers\n|upkeep\n|inactive|Time left: 300 sec this turn | 300 sec total | 5 sec grace\n|\n|t:|1783555577\n|switch|p1a: Slaking|Slaking, L84, M|304/389\n|-damage|p1a: Slaking|256/389|[from] Stealth Rock\n|turn|9\n|inactive|Time left: 300 sec this turn | 300 sec total\n|\n|t:|1783555578\n|switch|p2a: Blissey|Blissey, L85, F, tera:Ghost|100/100\n|move|p1a: Slaking|Giga Impact|p2a: Blissey\n|-immune|p2a: Blissey\n|\n|upkeep\n|turn|10\n|inactive|Time left: 300 sec this turn | 300 sec total\n|\n|t:|1783555579\n|switch|p1a: Sandslash|Sandslash, L89, M|210/278\n|-damage|p1a: Sandslash|193/278|[from] Stealth Rock\n|move|p2a: Blissey|Seismic Toss|p1a: Sandslash\n|-damage|p1a: Sandslash|108/278\n|\n|-heal|p1a: Sandslash|125/278|[from] item: Leftovers\n|upkeep\n|turn|11\n|inactive|Time left: 300 sec this turn | 300 sec total\n|\n|t:|1783555580\n|switch|p2a: Hydreigon|Hydreigon, L79, M|84/100\n|move|p1a: Sandslash|Knock Off|p2a: Hydreigon\n|-resisted|p2a: Hydreigon\n|-damage|p2a: Hydreigon|75/100\n|\n|-heal|p1a: Sandslash|142/278|[from] item: Leftovers\n|upkeep\n|turn|12\n|inactive|Time left: 300 sec this turn | 300 sec total\n|\n|t:|1783555581\n|switch|p1a: Slaking|Slaking, L84, M|256/389\n|-damage|p1a: Slaking|208/389|[from] Stealth Rock\n|move|p2a: Hydreigon|Draco Meteor|p1a: Slaking\n|-damage|p1a: Slaking|16/389\n|-unboost|p2a: Hydreigon|spa|2\n|\n|upkeep\n|turn|13\n|inactive|Time left: 300 sec this turn | 300 sec total\n|\n|t:|1783555582\n|switch|p2a: Blissey|Blissey, L85, F, tera:Ghost|100/100\n|move|p1a: Slaking|Giga Impact|p2a: Blissey\n|-immune|p2a: Blissey\n|\n|upkeep\n|turn|14\n|inactive|Time left: 300 sec this turn | 300 sec total\n|\n|t:|1783555583\n|switch|p1a: Sandslash|Sandslash, L89, M|142/278\n|-damage|p1a: Sandslash|125/278|[from] Stealth Rock\n|move|p2a: Blissey|Seismic Toss|p1a: Sandslash\n|-damage|p1a: Sandslash|40/278\n|\n|-heal|p1a: Sandslash|57/278|[from] item: Leftovers\n|upkeep\n|turn|15\n|inactive|Time left: 300 sec this turn | 300 sec total\n|\n|t:|1783555584\n|move|p1a: Sandslash|Knock Off|p2a: Blissey\n|-supereffective|p2a: Blissey\n|-damage|p2a: Blissey|18/100\n|-enditem|p2a: Blissey|Leftovers|[from] move: Knock Off|[of] p1a: Sandslash\n|move|p2a: Blissey|Seismic Toss|p1a: Sandslash\n|-damage|p1a: Sandslash|0 fnt\n|faint|p1a: Sandslash\n|\n|upkeep\n|inactive|Time left: 300 sec this turn | 300 sec total | 5 sec grace\n|\n|t:|1783555585\n|switch|p1a: Tatsugiri|Tatsugiri, L87, M|260/260\n|turn|16\n|inactive|Time left: 300 sec this turn | 300 sec total\n|\n|t:|1783555586\n|move|p1a: Tatsugiri|Draco Meteor|p2a: Blissey\n|-damage|p2a: Blissey|0 fnt\n|-unboost|p1a: Tatsugiri|spa|2\n|faint|p2a: Blissey\n|\n|upkeep\n|\n|t:|1783555587\n|switch|p2a: Zekrom|Zekrom, L71|100/100\n|-ability|p2a: Zekrom|Teravolt\n|turn|17\n|inactive|Time left: 300 sec this turn | 300 sec total\n|\n|t:|1783555588\n|switch|p1a: Farigiraf|Farigiraf, L90, M|362/362\n|-damage|p1a: Farigiraf|317/362|[from] Stealth Rock\n|move|p2a: Zekrom|Dragon Dance|p2a: Zekrom\n|-boost|p2a: Zekrom|atk|1\n|-boost|p2a: Zekrom|spe|1\n|\n|-heal|p1a: Farigiraf|339/362|[from] item: Leftovers\n|upkeep\n|turn|18\n|inactive|Time left: 300 sec this turn | 300 sec total\n|\n|t:|1783555589\n|move|p2a: Zekrom|Outrage|p1a: Farigiraf\n|-damage|p1a: Farigiraf|105/362\n|move|p1a: Farigiraf|Psychic Noise|p2a: Zekrom\n|-damage|p2a: Zekrom|58/100\n|-start|p2a: Zekrom|move: Heal Block\n|\n|-heal|p1a: Farigiraf|127/362|[from] item: Leftovers\n|upkeep\n|turn|19\n|inactive|Time left: 300 sec this turn | 300 sec total\n|\n|t:|1783555590\n|-terastallize|p1a: Farigiraf|Fairy\n|move|p2a: Zekrom|Outrage|p1a: Farigiraf|[from] lockedmove\n|-immune|p1a: Farigiraf\n|-start|p2a: Zekrom|confusion|[fatigue]\n|move|p1a: Farigiraf|Psychic Noise|p2a: Zekrom\n|-damage|p2a: Zekrom|17/100\n|\n|-heal|p1a: Farigiraf|149/362|[from] item: Leftovers\n|-end|p2a: Zekrom|move: Heal Block\n|upkeep\n|turn|20\n|inactive|Time left: 300 sec this turn | 300 sec total\n|\n|t:|1783555591\n|move|p1a: Farigiraf|Protect|p1a: Farigiraf\n|-singleturn|p1a: Farigiraf|Protect\n|-activate|p2a: Zekrom|confusion\n|-damage|p2a: Zekrom|2/100|[from] confusion\n|\n|-heal|p2a: Zekrom|8/100|[from] item: Leftovers\n|-heal|p1a: Farigiraf|171/362|[from] item: Leftovers\n|upkeep\n|turn|21\n|inactive|Time left: 300 sec this turn | 300 sec total\n|\n|t:|1783555592\n|-activate|p2a: Zekrom|confusion\n|move|p2a: Zekrom|Bolt Strike|p1a: Farigiraf\n|-damage|p1a: Farigiraf|0 fnt\n|faint|p1a: Farigiraf\n|\n|-heal|p2a: Zekrom|14/100|[from] item: Leftovers\n|upkeep\n|inactive|Time left: 300 sec this turn | 300 sec total | 5 sec grace\n|\n|t:|1783555593\n|switch|p1a: Garganacl|Garganacl, L80, F|291/291\n|-damage|p1a: Garganacl|255/291|[from] Stealth Rock\n|turn|22\n|inactive|Time left: 300 sec this turn | 300 sec total\n|\n|t:|1783555594\n|-activate|p2a: Zekrom|confusion\n|-damage|p2a: Zekrom|0 fnt|[from] confusion\n|faint|p2a: Zekrom\n|move|p1a: Garganacl|Salt Cure|p2: Zekrom|[notarget]\n|-fail|p1a: Garganacl\n|\n|-heal|p1a: Garganacl|273/291|[from] item: Leftovers\n|upkeep\n|\n|t:|1783555595\n|switch|p2a: Sandy Shocks|Sandy Shocks, L80|100/100\n|turn|23\n|inactive|Time left: 300 sec this turn | 300 sec total\n|\n|t:|1783555596\n|switch|p1a: Tatsugiri|Tatsugiri, L87, M|260/260\n|move|p2a: Sandy Shocks|Earth Power|p1a: Tatsugiri\n|-damage|p1a: Tatsugiri|166/260\n|\n|upkeep\n|turn|24\n|inactive|Time left: 300 sec this turn | 300 sec total\n|\n|t:|1783555597\n|move|p2a: Sandy Shocks|Thunderbolt|p1a: Tatsugiri\n|-damage|p1a: Tatsugiri|63/260\n|move|p1a: Tatsugiri|Surf|p2a: Sandy Shocks\n|-supereffective|p2a: Sandy Shocks\n|-damage|p2a: Sandy Shocks|3/100\n|\n|-heal|p2a: Sandy Shocks|9/100|[from] item: Leftovers\n|upkeep\n|turn|25\n|inactive|Time left: 300 sec this turn | 300 sec total\n|\n|t:|1783555598\n|switch|p1a: Slaking|Slaking, L84, M|16/389\n|-damage|p1a: Slaking|0 fnt|[from] Stealth Rock\n|faint|p1a: Slaking\n|move|p2a: Sandy Shocks|Earth Power|p1: Slaking|[notarget]\n|-fail|p2a: Sandy Shocks\n|\n|-heal|p2a: Sandy Shocks|15/100|[from] item: Leftovers\n|upkeep\n|inactive|Time left: 300 sec this turn | 300 sec total | 5 sec grace\n|\n|t:|1783555599\n|switch|p1a: Tatsugiri|Tatsugiri, L87, M|63/260\n|turn|26\n|inactive|Time left: 300 sec this turn | 300 sec total\n|\n|t:|1783555600\n|move|p2a: Sandy Shocks|Earth Power|p1a: Tatsugiri\n|-damage|p1a: Tatsugiri|0 fnt\n|faint|p1a: Tatsugiri\n|\n|-heal|p2a: Sandy Shocks|21/100|[from] item: Leftovers\n|upkeep\n|inactive|Time left: 300 sec this turn | 300 sec total | 5 sec grace\n|\n|t:|1783555601\n|switch|p1a: Garganacl|Garganacl, L80, F|273/291\n|-damage|p1a: Garganacl|237/291|[from] Stealth Rock\n|turn|27\n|inactive|Time left: 300 sec this turn | 300 sec total\n|\n|t:|1783555601\n|move|p2a: Sandy Shocks|Earth Power|p1a: Garganacl\n|-supereffective|p1a: Garganacl\n|-damage|p1a: Garganacl|31/291\n|move|p1a: Garganacl|Recover|p1a: Garganacl\n|-heal|p1a: Garganacl|177/291\n|\n|-heal|p2a: Sandy Shocks|27/100|[from] item: Leftovers\n|-heal|p1a: Garganacl|195/291|[from] item: Leftovers\n|upkeep\n|turn|28\n|inactive|Time left: 300 sec this turn | 300 sec total\n|\n|t:|1783555602\n|move|p2a: Sandy Shocks|Earth Power|p1a: Garganacl\n|-supereffective|p1a: Garganacl\n|-damage|p1a: Garganacl|0 fnt\n|faint|p1a: Garganacl\n|\n|win|p0y1419bb7a", "uploadtime": 1783555602, "views": 0, "rating": 0, "private": 0, "password": null, "_winner": "p0y1419bb7a", "_our_name": "p0x1419dd87"}