{"id": "battle-gen9randombattle-666", "formatid": "gen9randombattle", "format": "[Gen 9] Random Battle", "players": ["p0x666f071", "p0y6663b77"], "log": "|init|battle\n|title|p0x666f071 vs. p0y6663b77\n|j|\u2606p0x666f071\n|j|\u2606p0y6663b77\n|t:|1783546861\n|gametype|singles\n|player|p1|p0x666f071|169|\n|player|p2|p0y6663b77|170|\n|gen|9\n|tier|[Gen 9] Random Battle\n|rule|Species Clause: Limit one of each Pok\u00e9mon\n|rule|HP Percentage Mod: HP is shown in percentages\n|rule|Sleep Clause Mod: Limit one foe put to sleep\n|rule|Illusion Level Mod: Illusion disguises the Pok\u00e9mon's true level\n|\n|t:|1783546861\n|teamsize|p1|6\n|teamsize|p2|6\n|start\n|switch|p1a: Perrserker|Perrserker, L89, M|100/100\n|switch|p2a: Latias|Latias, L79, F|256/256\n|turn|1\n|inactive|Battle timer is ON: inactive players will automatically lose when time's up. (requested by p0x666f071)\n|inactive|Time left: 300 sec this turn | 300 sec total | 60 sec grace\n|inactive|p0y6663b77 also wants the timer to be on.\n|\n|t:|1783546863\n|switch|p2a: Conkeldurr|Conkeldurr, L80, F|299/299\n|move|p1a: Perrserker|Knock Off|p2a: Conkeldurr\n|-resisted|p2a: Conkeldurr\n|-damage|p2a: Conkeldurr|226/299\n|-enditem|p2a: Conkeldurr|Flame Orb|[from] move: Knock Off|[of] p1a: Perrserker\n|-damage|p1a: Perrserker|91/100|[from] item: Life Orb\n|\n|upkeep\n|turn|2\n|inactive|Time left: 300 sec this turn | 300 sec total\n|\n|t:|1783546864\n|switch|p1a: Heracross|Heracross, L80, F|100/100\n|move|p2a: Conkeldurr|Close Combat|p1a: Heracross\n|-resisted|p1a: Heracross\n|-damage|p1a: Heracross|68/100\n|-unboost|p2a: Conkeldurr|def|1\n|-unboost|p2a: Conkeldurr|spd|1\n|\n|-status|p1a: Heracross|brn|[from] item: Flame Orb\n|upkeep\n|turn|3\n|inactive|Time left: 300 sec this turn | 300 sec total\n|\n|t:|1783546865\n|switch|p2a: Gyarados|Gyarados, L79, M|280/280\n|-ability|p2a: Gyarados|Intimidate|boost\n|-unboost|p1a: Heracross|atk|1\n|move|p1a: Heracross|Facade|p2a: Gyarados\n|-damage|p2a: Gyarados|153/280\n|\n|-damage|p1a: Heracross|62/100 brn|[from] brn\n|upkeep\n|turn|4\n|inactive|Time left: 300 sec this turn | 300 sec total\n|\n|t:|1783546866\n|move|p1a: Heracross|Facade|p2a: Gyarados\n|-damage|p2a: Gyarados|31/280\n|move|p2a: Gyarados|Waterfall|p1a: Heracross\n|-damage|p1a: Heracross|17/100 brn\n|\n|-damage|p1a: Heracross|11/100 brn|[from] brn\n|upkeep\n|turn|5\n|inactive|Time left: 300 sec this turn | 300 sec total\n|\n|t:|1783546867\n|switch|p1a: Metagross|Metagross, L79|100/100\n|move|p2a: Gyarados|Earthquake|p1a: Metagross\n|-supereffective|p1a: Metagross\n|-damage|p1a: Metagross|55/100\n|\n|upkeep\n|turn|6\n|inactive|Time left: 300 sec this turn | 300 sec total\n|\n|t:|1783546868\n|move|p2a: Gyarados|Earthquake|p1a: Metagross\n|-supereffective|p1a: Metagross\n|-damage|p1a: Metagross|5/100\n|move|p1a: Metagross|Heavy Slam|p2a: Gyarados\n|-resisted|p2a: Gyarados\n|-damage|p2a: Gyarados|0 fnt\n|faint|p2a: Gyarados\n|\n|upkeep\n|inactive|Time left: 300 sec this turn | 300 sec total | 5 sec grace\n|\n|t:|1783546870\n|switch|p2a: Mesprit|Mesprit, L85|275/275\n|turn|7\n|inactive|Time left: 300 sec this turn | 300 sec total\n|\n|t:|1783546870\n|switch|p1a: Perrserker|Perrserker, L89, M|91/100\n|move|p2a: Mesprit|Psychic Noise|p1a: Perrserker\n|-resisted|p1a: Perrserker\n|-damage|p1a: Perrserker|72/100\n|-start|p1a: Perrserker|move: Heal Block\n|\n|upkeep\n|turn|8\n|inactive|Time left: 300 sec this turn | 300 sec total\n|\n|t:|1783546872\n|move|p2a: Mesprit|Ice Beam|p1a: Perrserker\n|-resisted|p1a: Perrserker\n|-damage|p1a: Perrserker|57/100\n|-status|p1a: Perrserker|frz\n|cant|p1a: Perrserker|frz\n|\n|-end|p1a: Perrserker|move: Heal Block\n|upkeep\n|turn|9\n|inactive|Time left: 300 sec this turn | 300 sec total\n|\n|t:|1783546873\n|switch|p1a: Crawdaunt|Crawdaunt, L84, F|100/100\n|move|p2a: Mesprit|Knock Off|p1a: Crawdaunt\n|-resisted|p1a: Crawdaunt\n|-damage|p1a: Crawdaunt|83/100\n|-enditem|p1a: Crawdaunt|Life Orb|[from] move: Knock Off|[of] p2a: Mesprit\n|\n|upkeep\n|turn|10\n|inactive|Time left: 300 sec this turn | 300 sec total\n|\n|t:|1783546874\n|switch|p2a: Conkeldurr|Conkeldurr, L80, F|226/299\n|move|p1a: Crawdaunt|Knock Off|p2a: Conkeldurr\n|-resisted|p2a: Conkeldurr\n|-damage|p2a: Conkeldurr|176/299\n|\n|upkeep\n|turn|11\n|inactive|Time left: 300 sec this turn | 300 sec total\n|\n|t:|1783546875\n|move|p1a: Crawdaunt|Crabhammer|p2a: Conkeldurr\n|-damage|p2a: Conkeldurr|8/299\n|move|p2a: Conkeldurr|Close Combat|p1a: Crawdaunt\n|-supereffective|p1a: Crawdaunt\n|-damage|p1a: Crawdaunt|0 fnt\n|-unboost|p2a: Conkeldurr|def|1\n|-unboost|p2a: Conkeldurr|spd|1\n|faint|p1a: Crawdaunt\n|\n|upkeep\n|\n|t:|1783546876\n|switch|p1a: Sneasler|Sneasler, L74, M|100/100\n|turn|12\n|inactive|Time left: 300 sec this turn | 300 sec total\n|\n|t:|1783546877\n|move|p2a: Conkeldurr|Mach Punch|p1a: Sneasler\n|-resisted|p1a: Sneasler\n|-damage|p1a: Sneasler|85/100\n|move|p1a: Sneasler|Swords Dance|p1a: Sneasler\n|-boost|p1a: Sneasler|atk|2\n|\n|upkeep\n|turn|13\n|inactive|Time left: 300 sec this turn | 300 sec total\n|\n|t:|1783546878\n|move|p2a: Conkeldurr|Mach Punch|p1a: Sneasler\n|-resisted|p1a: Sneasler\n|-damage|p1a: Sneasler|68/100\n|move|p1a: Sneasler|Gunk Shot|p2a: Conkeldurr\n|-damage|p2a: Conkeldurr|0 fnt\n|faint|p2a: Conkeldurr\n|\n|upkeep\n|inactive|Time left: 300 sec this turn | 300 sec total | 5 sec grace\n|\n|t:|1783546879\n|switch|p2a: Mesprit|Mesprit, L85|275/275\n|turn|14\n|inactive|Time left: 300 sec this turn | 300 sec total\n|\n|t:|1783546880\n|move|p1a: Sneasler|Gunk Shot|p2a: Mesprit\n|-damage|p2a: Mesprit|77/275\n|move|p2a: Mesprit|Psychic Noise|p1a: Sneasler\n|-supereffective|p1a: Sneasler\n|-damage|p1a: Sneasler|0 fnt\n|faint|p1a: Sneasler\n|\n|-heal|p2a: Mesprit|94/275|[from] item: Leftovers\n|upkeep\n|\n|t:|1783546881\n|switch|p1a: Cinccino|Cinccino, L83, M|100/100\n|turn|15\n|inactive|Time left: 300 sec this turn | 300 sec total\n|\n|t:|1783546882\n|switch|p2a: Magcargo|Magcargo, L95, F|268/268\n|move|p1a: Cinccino|Triple Axel|p2a: Magcargo\n|-resisted|p2a: Magcargo\n|-damage|p2a: Magcargo|261/268\n|-resisted|p2a: Magcargo\n|-damage|p2a: Magcargo|246/268\n|-resisted|p2a: Magcargo\n|-damage|p2a: Magcargo|223/268\n|-status|p1a: Cinccino|brn|[from] ability: Flame Body|[of] p2a: Magcargo\n|-hitcount|p2a: Magcargo|3\n|\n|-damage|p1a: Cinccino|94/100 brn|[from] brn\n|upkeep\n|turn|16\n|inactive|Time left: 300 sec this turn | 300 sec total\n|\n|t:|1783546883\n|move|p1a: Cinccino|Bullet Seed|p2a: Magcargo\n|-damage|p2a: Magcargo|214/268\n|-damage|p2a: Magcargo|205/268\n|-damage|p2a: Magcargo|197/268\n|-damage|p2a: Magcargo|188/268\n|-hitcount|p2a: Magcargo|4\n|move|p2a: Magcargo|Stealth Rock|p1a: Cinccino\n|-sidestart|p1: p0x666f071|move: Stealth Rock\n|\n|-damage|p1a: Cinccino|88/100 brn|[from] brn\n|upkeep\n|turn|17\n|inactive|Time left: 300 sec this turn | 300 sec total\n|\n|t:|1783546884\n|move|p1a: Cinccino|Tail Slap|p2a: Magcargo|[miss]\n|-miss|p1a: Cinccino|p2a: Magcargo\n|move|p2a: Magcargo|Recover|p2a: Magcargo\n|-heal|p2a: Magcargo|268/268\n|\n|-damage|p1a: Cinccino|82/100 brn|[from] brn\n|upkeep\n|turn|18\n|inactive|Time left: 300 sec this turn | 300 sec total\n|\n|t:|1783546885\n|move|p1a: Cinccino|Triple Axel|p2a: Magcargo\n|-resisted|p2a: Magcargo\n|-damage|p2a: Magcargo|265/268\n|-resisted|p2a: Magcargo\n|-damage|p2a: Magcargo|258/268\n|-resisted|p2a: Magcargo\n|-damage|p2a: Magcargo|248/268\n|-hitcount|p2a: Magcargo|3\n|move|p2a: Magcargo|Lava Plume|p1a: Cinccino\n|-damage|p1a: Cinccino|27/100 brn\n|\n|-damage|p1a: Cinccino|21/100 brn|[from] brn\n|upkeep\n|turn|19\n|inactive|Time left: 300 sec this turn | 300 sec total\n|\n|t:|1783546887\n|move|p1a: Cinccino|Triple Axel|p2a: Magcargo|[miss]\n|-miss|p1a: Cinccino|p2a: Magcargo\n|move|p2a: Magcargo|Lava Plume|p1a: Cinccino\n|-damage|p1a: Cinccino|0 fnt\n|faint|p1a: Cinccino\n|\n|upkeep\n|\n|t:|1783546887\n|switch|p1a: Perrserker|Perrserker, L89, M|57/100 frz\n|-damage|p1a: Perrserker|51/100 frz|[from] Stealth Rock\n|turn|20\n|inactive|Time left: 300 sec this turn | 300 sec total\n|\n|t:|1783546889\n|-terastallize|p1a: Perrserker|Fighting\n|cant|p1a: Perrserker|frz\n|move|p2a: Magcargo|Lava Plume|p1a: Perrserker\n|-damage|p1a: Perrserker|4/100 frz\n|-curestatus|p1a: Perrserker|frz|[msg]\n|\n|upkeep\n|turn|21\n|inactive|Time left: 300 sec this turn | 300 sec total\n|\n|t:|1783546890\n|-terastallize|p2a: Magcargo|Dragon\n|move|p1a: Perrserker|Stealth Rock|p2a: Magcargo\n|-sidestart|p2: p0y6663b77|move: Stealth Rock\n|move|p2a: Magcargo|Lava Plume|p1a: Perrserker\n|-damage|p1a: Perrserker|0 fnt\n|faint|p1a: Perrserker\n|\n|upkeep\n|\n|t:|1783546890\n|switch|p1a: Heracross|Heracross, L80, F|11/100 brn\n|-damage|p1a: Heracross|0 fnt|[from] Stealth Rock\n|faint|p1a: Heracross\n|\n|t:|1783546891\n|switch|p1a: Metagross|Metagross, L79|5/100\n|-damage|p1a: Metagross|0 fnt|[from] Stealth Rock\n|faint|p1a: Metagross\n|\n|win|p0y6663b77", "uploadtime": 1783546891, "views": 0, "rating": 0, "private": 0, "password": null, "_winner": "p0y6663b77", "_our_name": "p0y6663b77"}