{"id": "battle-gen9randombattle-1963", "formatid": "gen9randombattle", "format": "[Gen 9] Random Battle", "players": ["p0x1963d3f8", "p0y1963375b"], "log": "|init|battle\n|title|p0x1963d3f8 vs. p0y1963375b\n|j|\u2606p0x1963d3f8\n|j|\u2606p0y1963375b\n|t:|1783561993\n|gametype|singles\n|player|p1|p0x1963d3f8|266|\n|player|p2|p0y1963375b|266|\n|gen|9\n|tier|[Gen 9] Random Battle\n|rule|Species Clause: Limit one of each Pok\u00e9mon\n|rule|HP Percentage Mod: HP is shown in percentages\n|rule|Sleep Clause Mod: Limit one foe put to sleep\n|rule|Illusion Level Mod: Illusion disguises the Pok\u00e9mon's true level\n|\n|t:|1783561993\n|teamsize|p1|6\n|teamsize|p2|6\n|start\n|switch|p1a: Vivillon|Vivillon-Marine, L83, M|100/100\n|switch|p2a: Probopass|Probopass, L91, F|257/257\n|turn|1\n|inactive|Battle timer is ON: inactive players will automatically lose when time's up. (requested by p0x1963d3f8)\n|inactive|Time left: 300 sec this turn | 300 sec total | 60 sec grace\n|inactive|p0y1963375b also wants the timer to be on.\n|\n|t:|1783561994\n|move|p1a: Vivillon|Sleep Powder|p2a: Probopass\n|-status|p2a: Probopass|slp|[from] move: Sleep Powder\n|cant|p2a: Probopass|slp\n|\n|upkeep\n|turn|2\n|inactive|Time left: 300 sec this turn | 300 sec total\n|\n|t:|1783561995\n|move|p1a: Vivillon|Quiver Dance|p1a: Vivillon\n|-boost|p1a: Vivillon|spa|1\n|-boost|p1a: Vivillon|spd|1\n|-boost|p1a: Vivillon|spe|1\n|cant|p2a: Probopass|slp\n|\n|upkeep\n|turn|3\n|inactive|Time left: 300 sec this turn | 300 sec total\n|\n|t:|1783561996\n|move|p1a: Vivillon|Quiver Dance|p1a: Vivillon\n|-boost|p1a: Vivillon|spa|1\n|-boost|p1a: Vivillon|spd|1\n|-boost|p1a: Vivillon|spe|1\n|cant|p2a: Probopass|slp\n|\n|upkeep\n|turn|4\n|inactive|Time left: 300 sec this turn | 300 sec total\n|\n|t:|1783561997\n|move|p1a: Vivillon|Hurricane|p2a: Probopass\n|-resisted|p2a: Probopass\n|-damage|p2a: Probopass|227/257 slp\n|-curestatus|p2a: Probopass|slp|[msg]\n|move|p2a: Probopass|Power Gem|p1a: Vivillon\n|-supereffective|p1a: Vivillon\n|-damage|p1a: Vivillon|14/100\n|\n|-heal|p2a: Probopass|243/257|[from] item: Leftovers\n|upkeep\n|turn|5\n|inactive|Time left: 300 sec this turn | 300 sec total\n|\n|t:|1783561999\n|move|p1a: Vivillon|Sleep Powder|p2a: Probopass\n|-status|p2a: Probopass|slp|[from] move: Sleep Powder\n|cant|p2a: Probopass|slp\n|\n|-heal|p2a: Probopass|257/257 slp|[from] item: Leftovers\n|upkeep\n|turn|6\n|inactive|Time left: 300 sec this turn | 300 sec total\n|\n|t:|1783562000\n|move|p1a: Vivillon|Hurricane|p2a: Probopass\n|-resisted|p2a: Probopass\n|-damage|p2a: Probopass|224/257 slp\n|cant|p2a: Probopass|slp\n|\n|-heal|p2a: Probopass|240/257 slp|[from] item: Leftovers\n|upkeep\n|turn|7\n|inactive|Time left: 300 sec this turn | 300 sec total\n|\n|t:|1783562001\n|move|p1a: Vivillon|Hurricane|p2a: Probopass\n|-resisted|p2a: Probopass\n|-damage|p2a: Probopass|206/257 slp\n|-curestatus|p2a: Probopass|slp|[msg]\n|move|p2a: Probopass|Power Gem|p1a: Vivillon\n|-supereffective|p1a: Vivillon\n|-damage|p1a: Vivillon|0 fnt\n|faint|p1a: Vivillon\n|\n|-heal|p2a: Probopass|222/257|[from] item: Leftovers\n|upkeep\n|\n|t:|1783562002\n|switch|p1a: Granbull|Granbull, L88, M|100/100\n|-ability|p1a: Granbull|Intimidate|boost\n|-unboost|p2a: Probopass|atk|1\n|turn|8\n|inactive|Time left: 300 sec this turn | 300 sec total\n|\n|t:|1783562003\n|switch|p2a: Dudunsparce|Dudunsparce-Three-Segment, L83, F|343/343\n|move|p1a: Granbull|Earthquake|p2a: Dudunsparce\n|-damage|p2a: Dudunsparce|240/343\n|\n|-heal|p2a: Dudunsparce|261/343|[from] item: Leftovers\n|upkeep\n|turn|9\n|inactive|Time left: 300 sec this turn | 300 sec total\n|\n|t:|1783562004\n|move|p2a: Dudunsparce|Boomburst|p1a: Granbull\n|-damage|p1a: Granbull|47/100\n|move|p1a: Granbull|Earthquake|p2a: Dudunsparce\n|-damage|p2a: Dudunsparce|167/343\n|\n|-heal|p2a: Dudunsparce|188/343|[from] item: Leftovers\n|-heal|p1a: Granbull|52/100|[from] item: Leftovers\n|upkeep\n|turn|10\n|inactive|Time left: 300 sec this turn | 300 sec total\n|\n|t:|1783562005\n|switch|p1a: Incineroar|Incineroar, L82, M|100/100\n|-ability|p1a: Incineroar|Intimidate|boost\n|-unboost|p2a: Dudunsparce|atk|1\n|-ability|p2a: Dudunsparce|Rattled|boost\n|-boost|p2a: Dudunsparce|spe|1\n|move|p2a: Dudunsparce|Boomburst|p1a: Incineroar\n|-damage|p1a: Incineroar|71/100\n|\n|-heal|p2a: Dudunsparce|209/343|[from] item: Leftovers\n|upkeep\n|turn|11\n|inactive|Time left: 300 sec this turn | 300 sec total\n|\n|t:|1783562007\n|move|p1a: Incineroar|Fake Out|p2a: Dudunsparce\n|-damage|p2a: Dudunsparce|174/343\n|cant|p2a: Dudunsparce|flinch\n|\n|-heal|p2a: Dudunsparce|195/343|[from] item: Leftovers\n|upkeep\n|turn|12\n|inactive|Time left: 300 sec this turn | 300 sec total\n|\n|t:|1783562008\n|move|p2a: Dudunsparce|Roost|p2a: Dudunsparce\n|-heal|p2a: Dudunsparce|343/343\n|-singleturn|p2a: Dudunsparce|move: Roost\n|move|p1a: Incineroar|Knock Off|p2a: Dudunsparce\n|-damage|p2a: Dudunsparce|222/343\n|-ability|p2a: Dudunsparce|Rattled|boost\n|-boost|p2a: Dudunsparce|spe|1\n|-enditem|p2a: Dudunsparce|Leftovers|[from] move: Knock Off|[of] p1a: Incineroar\n|\n|upkeep\n|turn|13\n|inactive|Time left: 300 sec this turn | 300 sec total\n|\n|t:|1783562009\n|move|p2a: Dudunsparce|Calm Mind|p2a: Dudunsparce\n|-boost|p2a: Dudunsparce|spa|1\n|-boost|p2a: Dudunsparce|spd|1\n|move|p1a: Incineroar|Knock Off|p2a: Dudunsparce\n|-damage|p2a: Dudunsparce|143/343\n|-ability|p2a: Dudunsparce|Rattled|boost\n|-boost|p2a: Dudunsparce|spe|1\n|\n|upkeep\n|turn|14\n|inactive|Time left: 300 sec this turn | 300 sec total\n|\n|t:|1783562009\n|switch|p1a: Granbull|Granbull, L88, M|52/100\n|-ability|p1a: Granbull|Intimidate|boost\n|-unboost|p2a: Dudunsparce|atk|1\n|-ability|p2a: Dudunsparce|Rattled|boost\n|-boost|p2a: Dudunsparce|spe|1\n|move|p2a: Dudunsparce|Roost|p2a: Dudunsparce\n|-heal|p2a: Dudunsparce|315/343\n|-singleturn|p2a: Dudunsparce|move: Roost\n|\n|-heal|p1a: Granbull|58/100|[from] item: Leftovers\n|upkeep\n|turn|15\n|inactive|Time left: 300 sec this turn | 300 sec total\n|\n|t:|1783562010\n|switch|p1a: Dunsparce|Dunsparce, L86, F|100/100\n|move|p2a: Dudunsparce|Boomburst|p1a: Dunsparce\n|-damage|p1a: Dunsparce|49/100\n|\n|upkeep\n|turn|16\n|inactive|Time left: 300 sec this turn | 300 sec total\n|\n|t:|1783562012\n|-terastallize|p1a: Dunsparce|Ghost\n|move|p2a: Dudunsparce|Boomburst|p1a: Dunsparce\n|-immune|p1a: Dunsparce\n|move|p1a: Dunsparce|Roost|p1a: Dunsparce\n|-heal|p1a: Dunsparce|99/100\n|\n|upkeep\n|turn|17\n|inactive|Time left: 300 sec this turn | 300 sec total\n|\n|t:|1783562013\n|move|p2a: Dudunsparce|Calm Mind|p2a: Dudunsparce\n|-boost|p2a: Dudunsparce|spa|1\n|-boost|p2a: Dudunsparce|spd|1\n|move|p1a: Dunsparce|Coil|p1a: Dunsparce\n|-boost|p1a: Dunsparce|atk|1\n|-boost|p1a: Dunsparce|def|1\n|-boost|p1a: Dunsparce|accuracy|1\n|\n|upkeep\n|turn|18\n|inactive|Time left: 300 sec this turn | 300 sec total\n|\n|t:|1783562014\n|-terastallize|p2a: Dudunsparce|Ghost\n|move|p2a: Dudunsparce|Shadow Ball|p1a: Dunsparce\n|-supereffective|p1a: Dunsparce\n|-damage|p1a: Dunsparce|18/100\n|move|p1a: Dunsparce|Roost|p1a: Dunsparce\n|-heal|p1a: Dunsparce|68/100\n|\n|upkeep\n|turn|19\n|inactive|Time left: 300 sec this turn | 300 sec total\n|\n|t:|1783562015\n|switch|p1a: Incineroar|Incineroar, L82, M|71/100\n|-ability|p1a: Incineroar|Intimidate|boost\n|-unboost|p2a: Dudunsparce|atk|1\n|-ability|p2a: Dudunsparce|Rattled|boost\n|-boost|p2a: Dudunsparce|spe|1\n|move|p2a: Dudunsparce|Shadow Ball|p1a: Incineroar\n|-resisted|p1a: Incineroar\n|-damage|p1a: Incineroar|53/100\n|\n|upkeep\n|turn|20\n|inactive|Time left: 300 sec this turn | 300 sec total\n|\n|t:|1783562016\n|switch|p1a: Dunsparce|Dunsparce, L86, F, tera:Ghost|68/100\n|move|p2a: Dudunsparce|Boomburst|p1a: Dunsparce\n|-immune|p1a: Dunsparce\n|\n|upkeep\n|turn|21\n|inactive|Time left: 300 sec this turn | 300 sec total\n|\n|t:|1783562017\n|switch|p1a: Incineroar|Incineroar, L82, M|53/100\n|-ability|p1a: Incineroar|Intimidate|boost\n|-unboost|p2a: Dudunsparce|atk|1\n|-ability|p2a: Dudunsparce|Rattled|boost\n|-boost|p2a: Dudunsparce|spe|1\n|move|p2a: Dudunsparce|Shadow Ball|p1a: Incineroar\n|-resisted|p1a: Incineroar\n|-damage|p1a: Incineroar|36/100\n|\n|upkeep\n|turn|22\n|inactive|Time left: 300 sec this turn | 300 sec total\n|\n|t:|1783562018\n|switch|p1a: Dunsparce|Dunsparce, L86, F, tera:Ghost|68/100\n|move|p2a: Dudunsparce|Boomburst|p1a: Dunsparce\n|-immune|p1a: Dunsparce\n|\n|upkeep\n|turn|23\n|inactive|Time left: 300 sec this turn | 300 sec total\n|\n|t:|1783562019\n|switch|p1a: Incineroar|Incineroar, L82, M|36/100\n|-ability|p1a: Incineroar|Intimidate|boost\n|-unboost|p2a: Dudunsparce|atk|1\n|move|p2a: Dudunsparce|Shadow Ball|p1a: Incineroar\n|-resisted|p1a: Incineroar\n|-damage|p1a: Incineroar|17/100\n|\n|upkeep\n|turn|24\n|inactive|Time left: 300 sec this turn | 300 sec total\n|\n|t:|1783562020\n|move|p2a: Dudunsparce|Boomburst|p1a: Incineroar\n|-damage|p1a: Incineroar|0 fnt\n|faint|p1a: Incineroar\n|\n|upkeep\n|\n|t:|1783562021\n|switch|p1a: Tornadus|Tornadus-Therian, L79, M|100/100\n|turn|25\n|inactive|Time left: 300 sec this turn | 300 sec total\n|\n|t:|1783562022\n|move|p2a: Dudunsparce|Boomburst|p1a: Tornadus\n|-damage|p1a: Tornadus|26/100\n|move|p1a: Tornadus|U-turn|p2a: Dudunsparce\n|-resisted|p2a: Dudunsparce\n|-damage|p2a: Dudunsparce|290/343\n|\n|t:|1783562022\n|switch|p1a: Granbull|Granbull, L88, M|58/100|[from] U-turn\n|-ability|p1a: Granbull|Intimidate|boost\n|-unboost|p2a: Dudunsparce|atk|1\n|\n|-heal|p1a: Granbull|64/100|[from] item: Leftovers\n|upkeep\n|turn|26\n|inactive|Time left: 300 sec this turn | 300 sec total\n|\n|t:|1783562023\n|switch|p1a: Dunsparce|Dunsparce, L86, F, tera:Ghost|68/100\n|move|p2a: Dudunsparce|Boomburst|p1a: Dunsparce\n|-immune|p1a: Dunsparce\n|\n|upkeep\n|turn|27\n|inactive|Time left: 300 sec this turn | 300 sec total\n|\n|t:|1783562024\n|switch|p1a: Tornadus|Tornadus-Therian, L79, M|59/100\n|move|p2a: Dudunsparce|Shadow Ball|p1a: Tornadus\n|-damage|p1a: Tornadus|17/100\n|\n|upkeep\n|turn|28\n|inactive|Time left: 300 sec this turn | 300 sec total\n|\n|t:|1783562024\n|switch|p1a: Granbull|Granbull, L88, M|64/100\n|-ability|p1a: Granbull|Intimidate|boost\n|-unboost|p2a: Dudunsparce|atk|0\n|move|p2a: Dudunsparce|Shadow Ball|p1a: Granbull\n|-damage|p1a: Granbull|1/100\n|\n|-heal|p1a: Granbull|7/100|[from] item: Leftovers\n|upkeep\n|turn|29\n|inactive|Time left: 300 sec this turn | 300 sec total\n|\n|t:|1783562025\n|move|p2a: Dudunsparce|Shadow Ball|p1a: Granbull\n|-damage|p1a: Granbull|0 fnt\n|faint|p1a: Granbull\n|\n|upkeep\n|\n|t:|1783562026\n|switch|p1a: Tornadus|Tornadus-Therian, L79, M|50/100\n|turn|30\n|inactive|Time left: 300 sec this turn | 300 sec total\n|\n|t:|1783562026\n|switch|p1a: Dunsparce|Dunsparce, L86, F, tera:Ghost|68/100\n|move|p2a: Dudunsparce|Shadow Ball|p1a: Dunsparce\n|-supereffective|p1a: Dunsparce\n|-damage|p1a: Dunsparce|0 fnt\n|faint|p1a: Dunsparce\n|\n|upkeep\n|\n|t:|1783562027\n|switch|p1a: Tornadus|Tornadus-Therian, L79, M|84/100\n|turn|31\n|inactive|Time left: 300 sec this turn | 300 sec total\n|\n|t:|1783562028\n|move|p2a: Dudunsparce|Boomburst|p1a: Tornadus\n|-damage|p1a: Tornadus|7/100\n|move|p1a: Tornadus|U-turn|p2a: Dudunsparce\n|-resisted|p2a: Dudunsparce\n|-damage|p2a: Dudunsparce|265/343\n|\n|t:|1783562028\n|switch|p1a: Mew|Mew, L82|100/100|[from] U-turn\n|\n|upkeep\n|turn|32\n|inactive|Time left: 300 sec this turn | 300 sec total\n|\n|t:|1783562029\n|move|p2a: Dudunsparce|Shadow Ball|p1a: Mew\n|-supereffective|p1a: Mew\n|-damage|p1a: Mew|12/100\n|move|p1a: Mew|Encore|p2a: Dudunsparce\n|-start|p2a: Dudunsparce|Encore\n|\n|-heal|p1a: Mew|18/100|[from] item: Leftovers\n|upkeep\n|turn|33\n|inactive|Time left: 300 sec this turn | 300 sec total\n|\n|t:|1783562030\n|switch|p1a: Tornadus|Tornadus-Therian, L79, M|40/100\n|move|p2a: Dudunsparce|Shadow Ball|p1a: Tornadus\n|-damage|p1a: Tornadus|0 fnt\n|faint|p1a: Tornadus\n|\n|upkeep\n|\n|t:|1783562030\n|switch|p1a: Mew|Mew, L82|18/100\n|turn|34\n|inactive|Time left: 300 sec this turn | 300 sec total\n|\n|t:|1783562031\n|move|p2a: Dudunsparce|Shadow Ball|p1a: Mew\n|-supereffective|p1a: Mew\n|-damage|p1a: Mew|0 fnt\n|faint|p1a: Mew\n|\n|win|p0y1963375b", "uploadtime": 1783562031, "views": 0, "rating": 0, "private": 0, "password": null, "_winner": "p0y1963375b", "_our_name": "p0y1963375b"}