{"id": "battle-gen9randombattle-698", "formatid": "gen9randombattle", "format": "[Gen 9] Random Battle", "players": ["p0x6980ee2", "p0y698aa61"], "log": "|init|battle\n|title|p0x6980ee2 vs. p0y698aa61\n|j|\u2606p0x6980ee2\n|j|\u2606p0y698aa61\n|t:|1783547237\n|gametype|singles\n|player|p1|p0x6980ee2|266|\n|player|p2|p0y698aa61|266|\n|gen|9\n|tier|[Gen 9] Random Battle\n|rule|Species Clause: Limit one of each Pok\u00e9mon\n|rule|HP Percentage Mod: HP is shown in percentages\n|rule|Sleep Clause Mod: Limit one foe put to sleep\n|rule|Illusion Level Mod: Illusion disguises the Pok\u00e9mon's true level\n|\n|t:|1783547237\n|teamsize|p1|6\n|teamsize|p2|6\n|start\n|switch|p1a: Necrozma|Necrozma-Dusk-Mane, L69|248/248\n|switch|p2a: Serperior|Serperior, L79, M|100/100\n|turn|1\n|inactive|Battle timer is ON: inactive players will automatically lose when time's up. (requested by p0x6980ee2)\n|\n|t:|1783547238\n|move|p2a: Serperior|Leaf Storm|p1a: Necrozma\n|-resisted|p1a: Necrozma\n|-damage|p1a: Necrozma|182/248\n|-boost|p2a: Serperior|spa|2\n|-damage|p2a: Serperior|91/100|[from] item: Life Orb\n|move|p1a: Necrozma|Sunsteel Strike|p2a: Serperior\n|-damage|p2a: Serperior|46/100\n|\n|upkeep\n|turn|2\n|inactive|Time left: 300 sec this turn | 300 sec total | 60 sec grace\n|inactive|p0y698aa61 also wants the timer to be on.\n|\n|t:|1783547239\n|move|p2a: Serperior|Synthesis|p2a: Serperior\n|-heal|p2a: Serperior|96/100\n|move|p1a: Necrozma|Photon Geyser|p2a: Serperior\n|-damage|p2a: Serperior|53/100\n|\n|upkeep\n|turn|3\n|inactive|Time left: 300 sec this turn | 300 sec total\n|\n|t:|1783547240\n|move|p2a: Serperior|Synthesis|p2a: Serperior\n|-heal|p2a: Serperior|100/100\n|move|p1a: Necrozma|Sunsteel Strike|p2a: Serperior\n|-damage|p2a: Serperior|58/100\n|\n|upkeep\n|turn|4\n|inactive|Time left: 300 sec this turn | 300 sec total\n|\n|t:|1783547241\n|move|p2a: Serperior|Leaf Storm|p1a: Necrozma\n|-resisted|p1a: Necrozma\n|-damage|p1a: Necrozma|46/248\n|-boost|p2a: Serperior|spa|2\n|-damage|p2a: Serperior|48/100|[from] item: Life Orb\n|move|p1a: Necrozma|Photon Geyser|p2a: Serperior\n|-damage|p2a: Serperior|5/100\n|\n|upkeep\n|turn|5\n|inactive|Time left: 300 sec this turn | 300 sec total\n|\n|t:|1783547242\n|switch|p1a: Raichu|Raichu-Alola, L87, M|246/246\n|move|p2a: Serperior|Synthesis|p2a: Serperior\n|-heal|p2a: Serperior|55/100\n|\n|upkeep\n|turn|6\n|inactive|Time left: 300 sec this turn | 300 sec total\n|\n|t:|1783547243\n|move|p1a: Raichu|Psychic|p2a: Serperior\n|-damage|p2a: Serperior|0 fnt\n|faint|p2a: Serperior\n|\n|upkeep\n|\n|t:|1783547244\n|switch|p2a: Umbreon|Umbreon, L84, M|100/100\n|turn|7\n|inactive|Time left: 300 sec this turn | 300 sec total\n|\n|t:|1783547246\n|move|p1a: Raichu|Psychic|p2a: Umbreon\n|-immune|p2a: Umbreon\n|move|p2a: Umbreon|Foul Play|p1a: Raichu\n|-supereffective|p1a: Raichu\n|-damage|p1a: Raichu|48/246\n|\n|upkeep\n|turn|8\n|inactive|Time left: 300 sec this turn | 300 sec total\n|\n|t:|1783547247\n|switch|p1a: Mudsdale|Mudsdale, L83, M|302/302\n|move|p2a: Umbreon|Foul Play|p1a: Mudsdale\n|-damage|p1a: Mudsdale|187/302\n|-ability|p1a: Mudsdale|Stamina|boost\n|-boost|p1a: Mudsdale|def|1\n|\n|-heal|p1a: Mudsdale|205/302|[from] item: Leftovers\n|upkeep\n|turn|9\n|inactive|Time left: 300 sec this turn | 300 sec total\n|\n|t:|1783547248\n|move|p2a: Umbreon|Foul Play|p1a: Mudsdale\n|-damage|p1a: Mudsdale|129/302\n|-ability|p1a: Mudsdale|Stamina|boost\n|-boost|p1a: Mudsdale|def|1\n|move|p1a: Mudsdale|Stealth Rock|p2a: Umbreon\n|-sidestart|p2: p0y698aa61|move: Stealth Rock\n|\n|-heal|p1a: Mudsdale|147/302|[from] item: Leftovers\n|upkeep\n|turn|10\n|inactive|Time left: 300 sec this turn | 300 sec total\n|\n|t:|1783547249\n|move|p2a: Umbreon|Toxic|p1a: Mudsdale\n|-status|p1a: Mudsdale|tox\n|move|p1a: Mudsdale|Earthquake|p2a: Umbreon\n|-damage|p2a: Umbreon|67/100\n|\n|-heal|p2a: Umbreon|73/100|[from] item: Leftovers\n|-heal|p1a: Mudsdale|165/302 tox|[from] item: Leftovers\n|-damage|p1a: Mudsdale|147/302 tox|[from] psn\n|upkeep\n|turn|11\n|inactive|Time left: 300 sec this turn | 300 sec total\n|\n|t:|1783547250\n|move|p2a: Umbreon|Foul Play|p1a: Mudsdale\n|-damage|p1a: Mudsdale|90/302 tox\n|-ability|p1a: Mudsdale|Stamina|boost\n|-boost|p1a: Mudsdale|def|1\n|move|p1a: Mudsdale|Earthquake|p2a: Umbreon\n|-damage|p2a: Umbreon|38/100\n|\n|-heal|p2a: Umbreon|44/100|[from] item: Leftovers\n|-heal|p1a: Mudsdale|108/302 tox|[from] item: Leftovers\n|-damage|p1a: Mudsdale|72/302 tox|[from] psn\n|upkeep\n|turn|12\n|inactive|Time left: 300 sec this turn | 300 sec total\n|\n|t:|1783547251\n|move|p2a: Umbreon|Wish|p2a: Umbreon\n|move|p1a: Mudsdale|Earthquake|p2a: Umbreon\n|-damage|p2a: Umbreon|8/100\n|\n|-heal|p2a: Umbreon|14/100|[from] item: Leftovers\n|-heal|p1a: Mudsdale|90/302 tox|[from] item: Leftovers\n|-damage|p1a: Mudsdale|36/302 tox|[from] psn\n|upkeep\n|turn|13\n|inactive|Time left: 300 sec this turn | 300 sec total\n|\n|t:|1783547252\n|move|p2a: Umbreon|Foul Play|p1a: Mudsdale\n|-damage|p1a: Mudsdale|0 fnt\n|faint|p1a: Mudsdale\n|\n|-heal|p2a: Umbreon|64/100|[from] move: Wish|[wisher] Umbreon\n|-heal|p2a: Umbreon|70/100|[from] item: Leftovers\n|upkeep\n|inactive|Time left: 300 sec this turn | 300 sec total | 5 sec grace\n|\n|t:|1783547253\n|switch|p1a: Bombirdier|Bombirdier, L85, M|258/258\n|turn|14\n|inactive|Time left: 300 sec this turn | 300 sec total\n|\n|t:|1783547255\n|move|p1a: Bombirdier|Brave Bird|p2a: Umbreon\n|-damage|p2a: Umbreon|33/100\n|-damage|p1a: Bombirdier|221/258|[from] Recoil\n|move|p2a: Umbreon|Wish|p2a: Umbreon\n|\n|-heal|p2a: Umbreon|39/100|[from] item: Leftovers\n|upkeep\n|turn|15\n|inactive|Time left: 300 sec this turn | 300 sec total\n|\n|t:|1783547256\n|move|p2a: Umbreon|Protect|p2a: Umbreon\n|-singleturn|p2a: Umbreon|Protect\n|move|p1a: Bombirdier|Brave Bird|p2a: Umbreon\n|-activate|p2a: Umbreon|move: Protect\n|\n|-heal|p2a: Umbreon|89/100|[from] move: Wish|[wisher] Umbreon\n|-heal|p2a: Umbreon|95/100|[from] item: Leftovers\n|upkeep\n|turn|16\n|inactive|Time left: 300 sec this turn | 300 sec total\n|\n|t:|1783547257\n|move|p1a: Bombirdier|Knock Off|p2a: Umbreon\n|-resisted|p2a: Umbreon\n|-damage|p2a: Umbreon|78/100\n|-enditem|p2a: Umbreon|Leftovers|[from] move: Knock Off|[of] p1a: Bombirdier\n|move|p2a: Umbreon|Toxic|p1a: Bombirdier|[miss]\n|-miss|p2a: Umbreon|p1a: Bombirdier\n|\n|upkeep\n|turn|17\n|inactive|Time left: 300 sec this turn | 300 sec total\n|\n|t:|1783547258\n|move|p1a: Bombirdier|Knock Off|p2a: Umbreon\n|-resisted|p2a: Umbreon\n|-damage|p2a: Umbreon|68/100\n|move|p2a: Umbreon|Toxic|p1a: Bombirdier\n|-status|p1a: Bombirdier|tox\n|\n|-damage|p1a: Bombirdier|205/258 tox|[from] psn\n|upkeep\n|turn|18\n|inactive|Time left: 300 sec this turn | 300 sec total\n|\n|t:|1783547259\n|move|p1a: Bombirdier|U-turn|p2a: Umbreon\n|-supereffective|p2a: Umbreon\n|-damage|p2a: Umbreon|37/100\n|inactive|Time left: 300 sec this turn | 300 sec total | 5 sec grace\n|\n|t:|1783547260\n|switch|p1a: Mabosstiff|Mabosstiff, L86, M|278/278|[from] U-turn\n|move|p2a: Umbreon|Wish|p2a: Umbreon\n|\n|upkeep\n|turn|19\n|inactive|Time left: 300 sec this turn | 300 sec total\n|\n|t:|1783547261\n|move|p2a: Umbreon|Protect|p2a: Umbreon\n|-singleturn|p2a: Umbreon|Protect\n|move|p1a: Mabosstiff|Play Rough|p2a: Umbreon\n|-activate|p2a: Umbreon|move: Protect\n|\n|-heal|p2a: Umbreon|87/100|[from] move: Wish|[wisher] Umbreon\n|upkeep\n|turn|20\n|inactive|Time left: 300 sec this turn | 300 sec total\n|\n|t:|1783547262\n|move|p1a: Mabosstiff|Play Rough|p2a: Umbreon\n|-supereffective|p2a: Umbreon\n|-crit|p2a: Umbreon\n|-damage|p2a: Umbreon|18/100\n|move|p2a: Umbreon|Wish|p2a: Umbreon\n|\n|upkeep\n|turn|21\n|inactive|Time left: 300 sec this turn | 300 sec total\n|\n|t:|1783547263\n|move|p2a: Umbreon|Protect|p2a: Umbreon\n|-singleturn|p2a: Umbreon|Protect\n|move|p1a: Mabosstiff|Play Rough|p2a: Umbreon\n|-activate|p2a: Umbreon|move: Protect\n|\n|-heal|p2a: Umbreon|68/100|[from] move: Wish|[wisher] Umbreon\n|upkeep\n|turn|22\n|inactive|Time left: 300 sec this turn | 300 sec total\n|\n|t:|1783547264\n|move|p1a: Mabosstiff|Play Rough|p2a: Umbreon\n|-supereffective|p2a: Umbreon\n|-damage|p2a: Umbreon|25/100\n|move|p2a: Umbreon|Wish|p2a: Umbreon\n|\n|upkeep\n|turn|23\n|inactive|Time left: 300 sec this turn | 300 sec total\n|\n|t:|1783547265\n|move|p2a: Umbreon|Protect|p2a: Umbreon\n|-singleturn|p2a: Umbreon|Protect\n|move|p1a: Mabosstiff|Play Rough|p2a: Umbreon\n|-activate|p2a: Umbreon|move: Protect\n|\n|-heal|p2a: Umbreon|75/100|[from] move: Wish|[wisher] Umbreon\n|upkeep\n|turn|24\n|inactive|Time left: 300 sec this turn | 300 sec total\n|\n|t:|1783547267\n|move|p1a: Mabosstiff|Play Rough|p2a: Umbreon\n|-supereffective|p2a: Umbreon\n|-damage|p2a: Umbreon|32/100\n|-unboost|p2a: Umbreon|atk|1\n|move|p2a: Umbreon|Foul Play|p1a: Mabosstiff\n|-resisted|p1a: Mabosstiff\n|-damage|p1a: Mabosstiff|220/278\n|\n|upkeep\n|turn|25\n|inactive|Time left: 300 sec this turn | 300 sec total\n|\n|t:|1783547268\n|move|p1a: Mabosstiff|Play Rough|p2a: Umbreon\n|-supereffective|p2a: Umbreon\n|-damage|p2a: Umbreon|0 fnt\n|faint|p2a: Umbreon\n|\n|upkeep\n|\n|t:|1783547268\n|switch|p2a: Ampharos|Ampharos, L88, F|100/100\n|-damage|p2a: Ampharos|88/100|[from] Stealth Rock\n|turn|26\n|inactive|Time left: 300 sec this turn | 300 sec total\n|\n|t:|1783547270\n|move|p1a: Mabosstiff|Play Rough|p2a: Ampharos\n|-damage|p2a: Ampharos|63/100\n|move|p2a: Ampharos|Discharge|p1a: Mabosstiff\n|-damage|p1a: Mabosstiff|93/278\n|\n|upkeep\n|turn|27\n|inactive|Time left: 300 sec this turn | 300 sec total\n|\n|t:|1783547270\n|move|p1a: Mabosstiff|Play Rough|p2a: Ampharos\n|-damage|p2a: Ampharos|39/100\n|move|p2a: Ampharos|Discharge|p1a: Mabosstiff\n|-damage|p1a: Mabosstiff|0 fnt\n|faint|p1a: Mabosstiff\n|\n|upkeep\n|inactive|Time left: 300 sec this turn | 300 sec total | 5 sec grace\n|\n|t:|1783547271\n|switch|p1a: Charizard|Charizard, L85, F|271/271\n|turn|28\n|inactive|Time left: 300 sec this turn | 300 sec total\n|\n|t:|1783547272\n|-terastallize|p2a: Ampharos|Fairy\n|move|p1a: Charizard|Earthquake|p2a: Ampharos\n|-damage|p2a: Ampharos|16/100\n|move|p2a: Ampharos|Discharge|p1a: Charizard\n|-supereffective|p1a: Charizard\n|-damage|p1a: Charizard|49/271\n|\n|upkeep\n|turn|29\n|inactive|Time left: 300 sec this turn | 300 sec total\n|\n|t:|1783547272\n|move|p1a: Charizard|Earthquake|p2a: Ampharos\n|-crit|p2a: Ampharos\n|-damage|p2a: Ampharos|0 fnt\n|faint|p2a: Ampharos\n|\n|upkeep\n|\n|t:|1783547273\n|switch|p2a: Pikachu|Pikachu, L93, M|100/100\n|-damage|p2a: Pikachu|88/100|[from] Stealth Rock\n|turn|30\n|inactive|Time left: 300 sec this turn | 300 sec total\n|\n|t:|1783547274\n|move|p2a: Pikachu|Knock Off|p1a: Charizard\n|-damage|p1a: Charizard|0 fnt\n|-enditem|p1a: Charizard|Heavy-Duty Boots|[from] move: Knock Off|[of] p2a: Pikachu\n|faint|p1a: Charizard\n|\n|upkeep\n|inactive|Time left: 300 sec this turn | 300 sec total | 5 sec grace\n|\n|t:|1783547274\n|switch|p1a: Raichu|Raichu-Alola, L87, M|48/246\n|turn|31\n|inactive|Time left: 300 sec this turn | 300 sec total\n|\n|t:|1783547275\n|move|p1a: Raichu|Psychic|p2a: Pikachu\n|-damage|p2a: Pikachu|0 fnt\n|faint|p2a: Pikachu\n|\n|upkeep\n|\n|t:|1783547276\n|switch|p2a: Vigoroth|Vigoroth, L85, F|100/100\n|-damage|p2a: Vigoroth|88/100|[from] Stealth Rock\n|turn|32\n|inactive|Time left: 300 sec this turn | 300 sec total\n|\n|t:|1783547277\n|move|p1a: Raichu|Psychic|p2a: Vigoroth\n|-damage|p2a: Vigoroth|40/100\n|move|p2a: Vigoroth|Body Slam|p1a: Raichu\n|-damage|p1a: Raichu|0 fnt\n|faint|p1a: Raichu\n|\n|upkeep\n|inactive|Time left: 300 sec this turn | 300 sec total | 5 sec grace\n|\n|t:|1783547277\n|switch|p1a: Bombirdier|Bombirdier, L85, M|205/258 tox\n|turn|33\n|inactive|Time left: 300 sec this turn | 300 sec total\n|\n|t:|1783547278\n|move|p2a: Vigoroth|Bulk Up|p2a: Vigoroth\n|-boost|p2a: Vigoroth|atk|1\n|-boost|p2a: Vigoroth|def|1\n|move|p1a: Bombirdier|Knock Off|p2a: Vigoroth\n|-damage|p2a: Vigoroth|19/100\n|-enditem|p2a: Vigoroth|Eviolite|[from] move: Knock Off|[of] p1a: Bombirdier\n|\n|-damage|p1a: Bombirdier|189/258 tox|[from] psn\n|upkeep\n|turn|34\n|inactive|Time left: 300 sec this turn | 300 sec total\n|\n|t:|1783547279\n|move|p2a: Vigoroth|Slack Off|p2a: Vigoroth\n|-heal|p2a: Vigoroth|69/100\n|move|p1a: Bombirdier|Roost|p1a: Bombirdier\n|-heal|p1a: Bombirdier|258/258 tox\n|-singleturn|p1a: Bombirdier|move: Roost\n|\n|-damage|p1a: Bombirdier|226/258 tox|[from] psn\n|upkeep\n|turn|35\n|inactive|Time left: 300 sec this turn | 300 sec total\n|\n|t:|1783547281\n|move|p2a: Vigoroth|Body Slam|p1a: Bombirdier\n|-damage|p1a: Bombirdier|96/258 tox\n|move|p1a: Bombirdier|U-turn|p2a: Vigoroth\n|-damage|p2a: Vigoroth|55/100\n|inactive|Time left: 300 sec this turn | 300 sec total | 5 sec grace\n|\n|t:|1783547282\n|switch|p1a: Necrozma|Necrozma-Dusk-Mane, L69|46/248|[from] U-turn\n|\n|upkeep\n|turn|36\n|inactive|Time left: 300 sec this turn | 300 sec total\n|\n|t:|1783547283\n|-terastallize|p1a: Necrozma|Ground\n|move|p2a: Vigoroth|Body Slam|p1a: Necrozma\n|-damage|p1a: Necrozma|0 fnt\n|faint|p1a: Necrozma\n|\n|upkeep\n|inactive|Time left: 300 sec this turn | 300 sec total | 5 sec grace\n|\n|t:|1783547284\n|switch|p1a: Bombirdier|Bombirdier, L85, M|96/258 tox\n|turn|37\n|inactive|Time left: 300 sec this turn | 300 sec total\n|\n|t:|1783547285\n|move|p2a: Vigoroth|Body Slam|p1a: Bombirdier\n|-damage|p1a: Bombirdier|0 fnt\n|faint|p1a: Bombirdier\n|\n|win|p0y698aa61", "uploadtime": 1783547285, "views": 0, "rating": 0, "private": 0, "password": null, "_winner": "p0y698aa61", "_our_name": "p0x6980ee2"}