{"id": "battle-gen9randombattle-267", "formatid": "gen9randombattle", "format": "[Gen 9] Random Battle", "players": ["p0x268cb61", "p0y26808ef"], "log": "|init|battle\n|title|p0x268cb61 vs. p0y26808ef\n|j|\u2606p0x268cb61\n|j|\u2606p0y26808ef\n|t:|1783542177\n|gametype|singles\n|player|p1|p0x268cb61|102|\n|player|p2|p0y26808ef|1|\n|gen|9\n|tier|[Gen 9] Random Battle\n|rule|Species Clause: Limit one of each Pok\u00e9mon\n|rule|HP Percentage Mod: HP is shown in percentages\n|rule|Sleep Clause Mod: Limit one foe put to sleep\n|rule|Illusion Level Mod: Illusion disguises the Pok\u00e9mon's true level\n|\n|t:|1783542177\n|teamsize|p1|6\n|teamsize|p2|6\n|start\n|switch|p1a: Hydreigon|Hydreigon, L79, F|275/275\n|switch|p2a: Flareon|Flareon, L90, F|100/100\n|turn|1\n|inactive|Battle timer is ON: inactive players will automatically lose when time's up. (requested by p0x268cb61)\n|inactive|p0y26808ef also wants the timer to be on.\n|\n|t:|1783542179\n|move|p1a: Hydreigon|Dark Pulse|p2a: Flareon\n|-crit|p2a: Flareon\n|-damage|p2a: Flareon|41/100\n|move|p2a: Flareon|Trailblaze|p1a: Hydreigon\n|-resisted|p1a: Hydreigon\n|-damage|p1a: Hydreigon|250/275\n|-boost|p2a: Flareon|spe|1\n|\n|-status|p2a: Flareon|tox|[from] item: Toxic Orb\n|upkeep\n|turn|2\n|inactive|Time left: 300 sec this turn | 300 sec total\n|\n|t:|1783542180\n|-terastallize|p2a: Flareon|Normal\n|move|p2a: Flareon|Facade|p1a: Hydreigon\n|-damage|p1a: Hydreigon|0 fnt\n|faint|p1a: Hydreigon\n|\n|-damage|p2a: Flareon|35/100 tox|[from] psn\n|upkeep\n|inactive|Time left: 300 sec this turn | 300 sec total | 5 sec grace\n|\n|t:|1783542181\n|switch|p1a: Toxtricity|Toxtricity, L82, M|257/257\n|turn|3\n|inactive|Time left: 300 sec this turn | 300 sec total\n|\n|t:|1783542183\n|move|p1a: Toxtricity|Boomburst|p2a: Flareon\n|-damage|p2a: Flareon|0 fnt\n|faint|p2a: Flareon\n|\n|upkeep\n|\n|t:|1783542183\n|switch|p2a: Lycanroc|Lycanroc-Midnight, L89, F|100/100\n|turn|4\n|inactive|Time left: 300 sec this turn | 300 sec total\n|\n|t:|1783542185\n|move|p1a: Toxtricity|Boomburst|p2a: Lycanroc\n|-resisted|p2a: Lycanroc\n|-damage|p2a: Lycanroc|78/100\n|move|p2a: Lycanroc|Stone Edge|p1a: Toxtricity\n|-damage|p1a: Toxtricity|35/257\n|-damage|p2a: Lycanroc|68/100|[from] item: Life Orb\n|\n|upkeep\n|turn|5\n|inactive|Time left: 300 sec this turn | 300 sec total\n|\n|t:|1783542186\n|move|p1a: Toxtricity|Boomburst|p2a: Lycanroc\n|-resisted|p2a: Lycanroc\n|-crit|p2a: Lycanroc\n|-damage|p2a: Lycanroc|32/100\n|move|p2a: Lycanroc|Stone Edge|p1a: Toxtricity\n|-crit|p1a: Toxtricity\n|-damage|p1a: Toxtricity|0 fnt\n|faint|p1a: Toxtricity\n|-damage|p2a: Lycanroc|22/100|[from] item: Life Orb\n|\n|upkeep\n|inactive|Time left: 300 sec this turn | 300 sec total | 5 sec grace\n|\n|t:|1783542187\n|switch|p1a: Misdreavus|Misdreavus, L90, M|254/254\n|turn|6\n|inactive|Time left: 300 sec this turn | 300 sec total\n|\n|t:|1783542188\n|switch|p2a: Hoopa|Hoopa-Unbound, L80|100/100\n|move|p1a: Misdreavus|Shadow Ball|p2a: Hoopa\n|-damage|p2a: Hoopa|83/100\n|\n|upkeep\n|turn|7\n|inactive|Time left: 300 sec this turn | 300 sec total\n|\n|t:|1783542189\n|move|p1a: Misdreavus|Will-O-Wisp|p2a: Hoopa\n|-status|p2a: Hoopa|brn\n|move|p2a: Hoopa|Hyperspace Fury|p1a: Misdreavus\n|-supereffective|p1a: Misdreavus\n|-damage|p1a: Misdreavus|131/254\n|-unboost|p2a: Hoopa|def|1\n|\n|-damage|p2a: Hoopa|77/100 brn|[from] brn\n|upkeep\n|turn|8\n|inactive|Time left: 300 sec this turn | 300 sec total\n|\n|t:|1783542190\n|-terastallize|p1a: Misdreavus|Fairy\n|move|p1a: Misdreavus|Draining Kiss|p2a: Hoopa\n|-supereffective|p2a: Hoopa\n|-damage|p2a: Hoopa|50/100 brn\n|-heal|p1a: Misdreavus|182/254|[from] drain|[of] p2a: Hoopa\n|move|p2a: Hoopa|Psychic|p1a: Misdreavus\n|-damage|p1a: Misdreavus|94/254\n|\n|-damage|p2a: Hoopa|44/100 brn|[from] brn\n|upkeep\n|turn|9\n|inactive|Time left: 300 sec this turn | 300 sec total\n|\n|t:|1783542192\n|move|p1a: Misdreavus|Draining Kiss|p2a: Hoopa\n|-supereffective|p2a: Hoopa\n|-damage|p2a: Hoopa|18/100 brn\n|-heal|p1a: Misdreavus|145/254|[from] drain|[of] p2a: Hoopa\n|move|p2a: Hoopa|Gunk Shot|p1a: Misdreavus\n|-supereffective|p1a: Misdreavus\n|-damage|p1a: Misdreavus|50/254\n|\n|-damage|p2a: Hoopa|12/100 brn|[from] brn\n|upkeep\n|turn|10\n|inactive|Time left: 300 sec this turn | 300 sec total\n|\n|t:|1783542193\n|move|p1a: Misdreavus|Draining Kiss|p2a: Hoopa\n|-supereffective|p2a: Hoopa\n|-damage|p2a: Hoopa|0 fnt\n|-heal|p1a: Misdreavus|72/254|[from] drain|[of] p2a: Hoopa\n|faint|p2a: Hoopa\n|\n|upkeep\n|\n|t:|1783542194\n|switch|p2a: Tauros|Tauros-Paldea-Blaze, L81, M|100/100\n|turn|11\n|inactive|Time left: 300 sec this turn | 300 sec total\n|\n|t:|1783542195\n|switch|p1a: Alomomola|Alomomola, L87, M|429/429\n|move|p2a: Tauros|Raging Bull|p1a: Alomomola\n|-resisted|p1a: Alomomola\n|-damage|p1a: Alomomola|380/429\n|\n|upkeep\n|turn|12\n|inactive|Time left: 300 sec this turn | 300 sec total\n|\n|t:|1783542196\n|move|p2a: Tauros|Bulk Up|p2a: Tauros\n|-boost|p2a: Tauros|atk|1\n|-boost|p2a: Tauros|def|1\n|move|p1a: Alomomola|Scald|p2a: Tauros\n|-supereffective|p2a: Tauros\n|-damage|p2a: Tauros|50/100\n|-enditem|p2a: Tauros|Sitrus Berry|[eat]\n|-heal|p2a: Tauros|75/100|[from] item: Sitrus Berry\n|\n|upkeep\n|turn|13\n|inactive|Time left: 300 sec this turn | 300 sec total\n|\n|t:|1783542197\n|move|p2a: Tauros|Bulk Up|p2a: Tauros\n|-boost|p2a: Tauros|atk|1\n|-boost|p2a: Tauros|def|1\n|move|p1a: Alomomola|Scald|p2a: Tauros\n|-supereffective|p2a: Tauros\n|-damage|p2a: Tauros|31/100\n|\n|-activate|p2a: Tauros|ability: Cud Chew\n|-enditem|p2a: Tauros|Sitrus Berry|[eat]\n|-heal|p2a: Tauros|56/100|[from] item: Sitrus Berry\n|upkeep\n|turn|14\n|inactive|Time left: 300 sec this turn | 300 sec total\n|\n|t:|1783542198\n|move|p2a: Tauros|Substitute|p2a: Tauros\n|-start|p2a: Tauros|Substitute\n|-damage|p2a: Tauros|31/100\n|move|p1a: Alomomola|Scald|p2a: Tauros\n|-supereffective|p2a: Tauros\n|-end|p2a: Tauros|Substitute\n|\n|upkeep\n|turn|15\n|inactive|Time left: 300 sec this turn | 300 sec total\n|\n|t:|1783542199\n|move|p2a: Tauros|Close Combat|p1a: Alomomola\n|-damage|p1a: Alomomola|104/429\n|-unboost|p2a: Tauros|def|1\n|-unboost|p2a: Tauros|spd|1\n|move|p1a: Alomomola|Scald|p2a: Tauros\n|-supereffective|p2a: Tauros\n|-damage|p2a: Tauros|0 fnt\n|faint|p2a: Tauros\n|\n|upkeep\n|\n|t:|1783542200\n|switch|p2a: Enamorus|Enamorus-Therian, L83, F|100/100\n|turn|16\n|inactive|Time left: 300 sec this turn | 300 sec total\n|\n|t:|1783542201\n|move|p1a: Alomomola|Flip Turn|p2a: Enamorus\n|-damage|p2a: Enamorus|83/100\n|inactive|Time left: 300 sec this turn | 300 sec total | 5 sec grace\n|\n|t:|1783542202\n|switch|p1a: Misdreavus|Misdreavus, L90, M, tera:Fairy|72/254|[from] Flip Turn\n|move|p2a: Enamorus|Moonblast|p1a: Misdreavus\n|-damage|p1a: Misdreavus|0 fnt\n|faint|p1a: Misdreavus\n|\n|upkeep\n|inactive|Time left: 300 sec this turn | 300 sec total | 10 sec grace\n|\n|t:|1783542203\n|switch|p1a: Sandslash|Sandslash-Alola, L88, M|275/275\n|turn|17\n|inactive|Time left: 300 sec this turn | 300 sec total\n|\n|t:|1783542204\n|switch|p2a: Lycanroc|Lycanroc-Midnight, L89, F|22/100\n|move|p1a: Sandslash|Triple Axel|p2a: Lycanroc\n|-damage|p2a: Lycanroc|13/100\n|-damage|p2a: Lycanroc|0 fnt\n|faint|p2a: Lycanroc\n|-hitcount|p2: Lycanroc|2\n|\n|upkeep\n|\n|t:|1783542205\n|switch|p2a: Sceptile|Sceptile, L87, F|100/100\n|turn|18\n|inactive|Time left: 300 sec this turn | 300 sec total\n|\n|t:|1783542206\n|move|p2a: Sceptile|Focus Blast|p1a: Sandslash|[miss]\n|-miss|p2a: Sceptile|p1a: Sandslash\n|move|p1a: Sandslash|Triple Axel|p2a: Sceptile\n|-supereffective|p2a: Sceptile\n|-damage|p2a: Sceptile|77/100\n|-supereffective|p2a: Sceptile\n|-damage|p2a: Sceptile|32/100\n|-supereffective|p2a: Sceptile\n|-damage|p2a: Sceptile|0 fnt\n|faint|p2a: Sceptile\n|-hitcount|p2: Sceptile|3\n|\n|upkeep\n|\n|t:|1783542206\n|switch|p2a: Enamorus|Enamorus-Therian, L83, F|83/100\n|turn|19\n|inactive|Time left: 300 sec this turn | 300 sec total\n|\n|t:|1783542207\n|move|p1a: Sandslash|Triple Axel|p2a: Enamorus\n|-supereffective|p2a: Enamorus\n|-damage|p2a: Enamorus|66/100\n|-supereffective|p2a: Enamorus\n|-damage|p2a: Enamorus|34/100\n|-supereffective|p2a: Enamorus\n|-damage|p2a: Enamorus|0 fnt\n|faint|p2a: Enamorus\n|-hitcount|p2: Enamorus|3\n|\n|win|p0x268cb61", "uploadtime": 1783542207, "views": 0, "rating": 0, "private": 0, "password": null, "_winner": "p0x268cb61", "_our_name": "p0x268cb61"}