{"id": "battle-gen9randombattle-1253", "formatid": "gen9randombattle", "format": "[Gen 9] Random Battle", "players": ["p0x12531a2f", "p0y1253578e"], "log": "|init|battle\n|title|p0x12531a2f vs. p0y1253578e\n|j|\u2606p0x12531a2f\n|j|\u2606p0y1253578e\n|t:|1783553653\n|gametype|singles\n|player|p1|p0x12531a2f|169|\n|player|p2|p0y1253578e|170|\n|gen|9\n|tier|[Gen 9] Random Battle\n|rule|Species Clause: Limit one of each Pok\u00e9mon\n|rule|HP Percentage Mod: HP is shown in percentages\n|rule|Sleep Clause Mod: Limit one foe put to sleep\n|rule|Illusion Level Mod: Illusion disguises the Pok\u00e9mon's true level\n|\n|t:|1783553653\n|teamsize|p1|6\n|teamsize|p2|6\n|start\n|switch|p1a: Ogerpon|Ogerpon-Wellspring, L76, F|100/100\n|switch|p2a: Arboliva|Arboliva, L91, F|288/288\n|turn|1\n|inactive|Battle timer is ON: inactive players will automatically lose when time's up. (requested by p0y1253578e)\n|inactive|p0x12531a2f also wants the timer to be on.\n|\n|t:|1783553655\n|move|p1a: Ogerpon|Swords Dance|p1a: Ogerpon\n|-boost|p1a: Ogerpon|atk|2\n|move|p2a: Arboliva|Hyper Voice|p1a: Ogerpon\n|-damage|p1a: Ogerpon|46/100\n|\n|upkeep\n|turn|2\n|inactive|Time left: 300 sec this turn | 300 sec total\n|\n|t:|1783553656\n|move|p1a: Ogerpon|Knock Off|p2a: Arboliva\n|-damage|p2a: Arboliva|130/288\n|-enditem|p2a: Arboliva|Sitrus Berry|[from] move: Knock Off|[of] p1a: Ogerpon\n|move|p2a: Arboliva|Hyper Voice|p1a: Ogerpon\n|-damage|p1a: Ogerpon|0 fnt\n|faint|p1a: Ogerpon\n|\n|upkeep\n|\n|t:|1783553657\n|switch|p1a: Magmortar|Magmortar, L88, M|100/100\n|turn|3\n|inactive|Time left: 300 sec this turn | 300 sec total\n|\n|t:|1783553658\n|move|p1a: Magmortar|Fire Blast|p2a: Arboliva|[miss]\n|-miss|p1a: Magmortar|p2a: Arboliva\n|move|p2a: Arboliva|Leech Seed|p1a: Magmortar\n|-start|p1a: Magmortar|move: Leech Seed\n|\n|-damage|p1a: Magmortar|88/100|[from] Leech Seed|[of] p2a: Arboliva\n|-heal|p2a: Arboliva|164/288|[silent]\n|upkeep\n|turn|4\n|inactive|Time left: 300 sec this turn | 300 sec total\n|\n|t:|1783553659\n|move|p1a: Magmortar|Fire Blast|p2a: Arboliva\n|-supereffective|p2a: Arboliva\n|-damage|p2a: Arboliva|0 fnt\n|faint|p2a: Arboliva\n|\n|upkeep\n|inactive|Time left: 300 sec this turn | 300 sec total | 5 sec grace\n|\n|t:|1783553660\n|switch|p2a: Drednaw|Drednaw, L81, M|278/278\n|turn|5\n|inactive|Time left: 300 sec this turn | 300 sec total\n|\n|t:|1783553661\n|switch|p1a: Tauros|Tauros-Paldea-Combat, L82, M|100/100\n|-ability|p1a: Tauros|Intimidate|boost\n|-unboost|p2a: Drednaw|atk|1\n|-enditem|p2a: Drednaw|White Herb\n|-clearnegativeboost|p2a: Drednaw|[silent]\n|move|p2a: Drednaw|Shell Smash|p2a: Drednaw\n|-unboost|p2a: Drednaw|def|1\n|-unboost|p2a: Drednaw|spd|1\n|-boost|p2a: Drednaw|atk|2\n|-boost|p2a: Drednaw|spa|2\n|-boost|p2a: Drednaw|spe|2\n|\n|upkeep\n|turn|6\n|inactive|Time left: 300 sec this turn | 300 sec total\n|\n|t:|1783553663\n|move|p2a: Drednaw|Liquidation|p1a: Tauros\n|-damage|p1a: Tauros|28/100\n|-unboost|p1a: Tauros|def|1\n|move|p1a: Tauros|Close Combat|p2a: Drednaw\n|-supereffective|p2a: Drednaw\n|-damage|p2a: Drednaw|0 fnt\n|-unboost|p1a: Tauros|def|1\n|-unboost|p1a: Tauros|spd|1\n|faint|p2a: Drednaw\n|\n|upkeep\n|inactive|Time left: 300 sec this turn | 300 sec total | 5 sec grace\n|\n|t:|1783553664\n|switch|p2a: Spidops|Spidops, L96, F|271/271\n|turn|7\n|inactive|Time left: 300 sec this turn | 300 sec total\n|\n|t:|1783553665\n|switch|p1a: Magmortar|Magmortar, L88, M|88/100\n|move|p2a: Spidops|Sticky Web|p1a: Magmortar\n|-sidestart|p1: p0x12531a2f|move: Sticky Web\n|\n|upkeep\n|turn|8\n|inactive|Time left: 300 sec this turn | 300 sec total\n|\n|t:|1783553666\n|switch|p2a: Regice|Regice, L88|284/284\n|move|p1a: Magmortar|Fire Blast|p2a: Regice\n|-supereffective|p2a: Regice\n|-damage|p2a: Regice|68/284\n|\n|upkeep\n|turn|9\n|inactive|Time left: 300 sec this turn | 300 sec total\n|\n|t:|1783553668\n|switch|p2a: Plusle|Plusle, L95, F|268/268\n|move|p1a: Magmortar|Fire Blast|p2a: Plusle\n|-damage|p2a: Plusle|34/268\n|\n|upkeep\n|turn|10\n|inactive|Time left: 300 sec this turn | 300 sec total\n|\n|t:|1783553669\n|move|p2a: Plusle|Thunderbolt|p1a: Magmortar\n|-damage|p1a: Magmortar|39/100\n|-damage|p2a: Plusle|8/268|[from] item: Life Orb\n|move|p1a: Magmortar|Fire Blast|p2a: Plusle\n|-crit|p2a: Plusle\n|-damage|p2a: Plusle|0 fnt\n|faint|p2a: Plusle\n|\n|upkeep\n|inactive|Time left: 300 sec this turn | 300 sec total | 5 sec grace\n|\n|t:|1783553670\n|switch|p2a: Flapple|Flapple, L88, F|266/266\n|turn|11\n|inactive|Time left: 300 sec this turn | 300 sec total\n|\n|t:|1783553671\n|move|p1a: Magmortar|Fire Blast|p2a: Flapple\n|-damage|p2a: Flapple|0 fnt\n|faint|p2a: Flapple\n|\n|upkeep\n|inactive|Time left: 300 sec this turn | 300 sec total | 5 sec grace\n|\n|t:|1783553672\n|switch|p2a: Regice|Regice, L88|68/284\n|turn|12\n|inactive|Time left: 300 sec this turn | 300 sec total\n|\n|t:|1783553673\n|move|p1a: Magmortar|Fire Blast|p2a: Regice\n|-supereffective|p2a: Regice\n|-damage|p2a: Regice|0 fnt\n|faint|p2a: Regice\n|\n|upkeep\n|inactive|Time left: 300 sec this turn | 300 sec total | 5 sec grace\n|\n|t:|1783553674\n|switch|p2a: Spidops|Spidops, L96, F|271/271\n|turn|13\n|inactive|Time left: 300 sec this turn | 300 sec total\n|\n|t:|1783553675\n|-terastallize|p2a: Spidops|Ghost\n|move|p1a: Magmortar|Fire Blast|p2a: Spidops\n|-damage|p2a: Spidops|69/271\n|-status|p2a: Spidops|brn\n|move|p2a: Spidops|Toxic Spikes|p1a: Magmortar\n|-sidestart|p1: p0x12531a2f|move: Toxic Spikes\n|\n|-damage|p2a: Spidops|53/271 brn|[from] brn\n|upkeep\n|turn|14\n|inactive|Time left: 300 sec this turn | 300 sec total\n|\n|t:|1783553676\n|switch|p1a: Golduck|Golduck, L90, M|100/100\n|-activate|p1a: Golduck|move: Sticky Web\n|-unboost|p1a: Golduck|spe|1\n|-status|p1a: Golduck|psn\n|-ability|p1a: Golduck|Cloud Nine\n|move|p2a: Spidops|Toxic Spikes|p1a: Golduck\n|-sidestart|p1: p0x12531a2f|move: Toxic Spikes\n|\n|-damage|p1a: Golduck|88/100 psn|[from] psn\n|-damage|p2a: Spidops|37/271 brn|[from] brn\n|upkeep\n|turn|15\n|inactive|Time left: 300 sec this turn | 300 sec total\n|\n|t:|1783553677\n|-terastallize|p1a: Golduck|Water\n|move|p1a: Golduck|Grass Knot|p2a: Spidops\n|-damage|p2a: Spidops|0 fnt\n|faint|p2a: Spidops\n|\n|win|p0x12531a2f", "uploadtime": 1783553677, "views": 0, "rating": 0, "private": 0, "password": null, "_winner": "p0x12531a2f", "_our_name": "p0y1253578e"}