{"id": "battle-gen9randombattle-425", "formatid": "gen9randombattle", "format": "[Gen 9] Random Battle", "players": ["p0x42599db", "p0y4256a1a"], "log": "|init|battle\n|title|p0x42599db vs. p0y4256a1a\n|j|\u2606p0x42599db\n|j|\u2606p0y4256a1a\n|t:|1783543970\n|gametype|singles\n|player|p1|p0x42599db|265|\n|player|p2|p0y4256a1a|169|\n|gen|9\n|tier|[Gen 9] Random Battle\n|rule|Species Clause: Limit one of each Pok\u00e9mon\n|rule|HP Percentage Mod: HP is shown in percentages\n|rule|Sleep Clause Mod: Limit one foe put to sleep\n|rule|Illusion Level Mod: Illusion disguises the Pok\u00e9mon's true level\n|\n|t:|1783543970\n|teamsize|p1|6\n|teamsize|p2|6\n|start\n|switch|p1a: Masquerain|Masquerain, L87, M|264/264\n|switch|p2a: Drednaw|Drednaw, L81, M|100/100\n|-ability|p1a: Masquerain|Intimidate|boost\n|-unboost|p2a: Drednaw|atk|1\n|-enditem|p2a: Drednaw|White Herb\n|-clearnegativeboost|p2a: Drednaw|[silent]\n|turn|1\n|inactive|Battle timer is ON: inactive players will automatically lose when time's up. (requested by p0y4256a1a)\n|inactive|Time left: 300 sec this turn | 300 sec total | 60 sec grace\n|inactive|p0x42599db also wants the timer to be on.\n|\n|t:|1783543972\n|move|p1a: Masquerain|Quiver Dance|p1a: Masquerain\n|-boost|p1a: Masquerain|spa|1\n|-boost|p1a: Masquerain|spd|1\n|-boost|p1a: Masquerain|spe|1\n|move|p2a: Drednaw|Stone Edge|p1a: Masquerain\n|-supereffective|p1a: Masquerain\n|-damage|p1a: Masquerain|0 fnt\n|faint|p1a: Masquerain\n|\n|upkeep\n|inactive|Time left: 300 sec this turn | 300 sec total | 65 sec grace\n|\n|t:|1783543973\n|switch|p1a: Brambleghast|Brambleghast, L88, F|240/240\n|turn|2\n|inactive|Time left: 300 sec this turn | 300 sec total\n|\n|t:|1783543974\n|switch|p2a: Victreebel|Victreebel, L90, M|100/100\n|move|p1a: Brambleghast|Power Whip|p2a: Victreebel\n|-resisted|p2a: Victreebel\n|-damage|p2a: Victreebel|84/100\n|\n|upkeep\n|turn|3\n|inactive|Time left: 300 sec this turn | 300 sec total\n|\n|t:|1783543976\n|move|p1a: Brambleghast|Poltergeist|p2a: Victreebel\n|-activate|p2a: Victreebel|move: Poltergeist|Life Orb\n|-damage|p2a: Victreebel|27/100\n|move|p2a: Victreebel|Knock Off|p1a: Brambleghast\n|-supereffective|p1a: Brambleghast\n|-damage|p1a: Brambleghast|0 fnt\n|-enditem|p1a: Brambleghast|Leftovers|[from] move: Knock Off|[of] p2a: Victreebel\n|faint|p1a: Brambleghast\n|-damage|p2a: Victreebel|17/100|[from] item: Life Orb\n|\n|upkeep\n|inactive|Time left: 300 sec this turn | 300 sec total | 5 sec grace\n|\n|t:|1783543977\n|switch|p1a: Urshifu|Urshifu-Rapid-Strike, L75, F|274/274\n|turn|4\n|inactive|Time left: 300 sec this turn | 300 sec total\n|\n|t:|1783543978\n|move|p1a: Urshifu|Surging Strikes|p2a: Victreebel\n|-resisted|p2a: Victreebel\n|-crit|p2a: Victreebel\n|-damage|p2a: Victreebel|9/100\n|-resisted|p2a: Victreebel\n|-crit|p2a: Victreebel\n|-damage|p2a: Victreebel|1/100\n|-resisted|p2a: Victreebel\n|-crit|p2a: Victreebel\n|-damage|p2a: Victreebel|0 fnt\n|faint|p2a: Victreebel\n|-hitcount|p2: Victreebel|3\n|\n|upkeep\n|\n|t:|1783543979\n|switch|p2a: Thundurus|Thundurus-Therian, L80, M|100/100\n|turn|5\n|inactive|Time left: 300 sec this turn | 300 sec total\n|\n|t:|1783543980\n|move|p1a: Urshifu|Surging Strikes|p2a: Thundurus\n|-crit|p2a: Thundurus\n|-damage|p2a: Thundurus|81/100\n|-crit|p2a: Thundurus\n|-damage|p2a: Thundurus|59/100\n|-crit|p2a: Thundurus\n|-damage|p2a: Thundurus|38/100\n|-hitcount|p2a: Thundurus|3\n|move|p2a: Thundurus|Thunderbolt|p1a: Urshifu\n|-supereffective|p1a: Urshifu\n|-damage|p1a: Urshifu|0 fnt\n|faint|p1a: Urshifu\n|\n|upkeep\n|inactive|Time left: 300 sec this turn | 300 sec total | 5 sec grace\n|\n|t:|1783543982\n|switch|p1a: Muk|Muk-Alola, L82, M|306/306\n|turn|6\n|inactive|Time left: 300 sec this turn | 300 sec total\n|\n|t:|1783543983\n|move|p2a: Thundurus|Thunderbolt|p1a: Muk\n|-damage|p1a: Muk|183/306\n|move|p1a: Muk|Knock Off|p2a: Thundurus\n|-damage|p2a: Thundurus|0 fnt\n|-enditem|p2a: Thundurus|Choice Specs|[from] move: Knock Off|[of] p1a: Muk\n|faint|p2a: Thundurus\n|\n|upkeep\n|\n|t:|1783543984\n|switch|p2a: Entei|Entei, L78|100/100\n|turn|7\n|inactive|Time left: 300 sec this turn | 300 sec total\n|\n|t:|1783543985\n|move|p2a: Entei|Flare Blitz|p1a: Muk\n|-damage|p1a: Muk|0 fnt\n|faint|p1a: Muk\n|-damage|p2a: Entei|81/100|[from] Recoil\n|\n|upkeep\n|inactive|Time left: 300 sec this turn | 300 sec total | 5 sec grace\n|\n|t:|1783543986\n|switch|p1a: Chimecho|Chimecho, L93, F|290/290\n|turn|8\n|inactive|Time left: 300 sec this turn | 300 sec total\n|\n|t:|1783543987\n|move|p2a: Entei|Flare Blitz|p1a: Chimecho\n|-damage|p1a: Chimecho|103/290\n|-damage|p2a: Entei|61/100|[from] Recoil\n|move|p1a: Chimecho|Recover|p1a: Chimecho\n|-heal|p1a: Chimecho|248/290\n|\n|-heal|p1a: Chimecho|266/290|[from] item: Leftovers\n|upkeep\n|turn|9\n|inactive|Time left: 300 sec this turn | 300 sec total\n|\n|t:|1783543988\n|move|p2a: Entei|Flare Blitz|p1a: Chimecho\n|-damage|p1a: Chimecho|83/290\n|-damage|p2a: Entei|41/100|[from] Recoil\n|move|p1a: Chimecho|Recover|p1a: Chimecho\n|-heal|p1a: Chimecho|228/290\n|\n|-heal|p1a: Chimecho|246/290|[from] item: Leftovers\n|upkeep\n|turn|10\n|inactive|Time left: 300 sec this turn | 300 sec total\n|\n|t:|1783543990\n|move|p2a: Entei|Flare Blitz|p1a: Chimecho\n|-damage|p1a: Chimecho|56/290\n|-damage|p2a: Entei|21/100|[from] Recoil\n|move|p1a: Chimecho|Recover|p1a: Chimecho\n|-heal|p1a: Chimecho|201/290\n|\n|-heal|p1a: Chimecho|219/290|[from] item: Leftovers\n|upkeep\n|turn|11\n|inactive|Time left: 300 sec this turn | 300 sec total\n|\n|t:|1783543991\n|move|p2a: Entei|Flare Blitz|p1a: Chimecho\n|-damage|p1a: Chimecho|24/290\n|-damage|p2a: Entei|0 fnt|[from] Recoil\n|faint|p2a: Entei\n|move|p1a: Chimecho|Recover|p1a: Chimecho\n|-heal|p1a: Chimecho|169/290\n|\n|-heal|p1a: Chimecho|187/290|[from] item: Leftovers\n|upkeep\n|\n|t:|1783543992\n|switch|p2a: Drednaw|Drednaw, L81, M|100/100\n|turn|12\n|inactive|Time left: 300 sec this turn | 300 sec total\n|\n|t:|1783543993\n|move|p1a: Chimecho|Calm Mind|p1a: Chimecho\n|-boost|p1a: Chimecho|spa|1\n|-boost|p1a: Chimecho|spd|1\n|move|p2a: Drednaw|Shell Smash|p2a: Drednaw\n|-unboost|p2a: Drednaw|def|1\n|-unboost|p2a: Drednaw|spd|1\n|-boost|p2a: Drednaw|atk|2\n|-boost|p2a: Drednaw|spa|2\n|-boost|p2a: Drednaw|spe|2\n|\n|-heal|p1a: Chimecho|205/290|[from] item: Leftovers\n|upkeep\n|turn|13\n|inactive|Time left: 300 sec this turn | 300 sec total\n|\n|t:|1783543994\n|-terastallize|p1a: Chimecho|Fairy\n|move|p2a: Drednaw|Stone Edge|p1a: Chimecho|[miss]\n|-miss|p2a: Drednaw|p1a: Chimecho\n|move|p1a: Chimecho|Dazzling Gleam|p2a: Drednaw\n|-damage|p2a: Drednaw|0 fnt\n|faint|p2a: Drednaw\n|\n|-heal|p1a: Chimecho|223/290|[from] item: Leftovers\n|upkeep\n|\n|t:|1783543996\n|switch|p2a: Cresselia|Cresselia, L80, F|100/100\n|turn|14\n|inactive|Time left: 300 sec this turn | 300 sec total\n|\n|t:|1783543997\n|move|p2a: Cresselia|Calm Mind|p2a: Cresselia\n|-boost|p2a: Cresselia|spa|1\n|-boost|p2a: Cresselia|spd|1\n|move|p1a: Chimecho|Calm Mind|p1a: Chimecho\n|-boost|p1a: Chimecho|spa|1\n|-boost|p1a: Chimecho|spd|1\n|\n|-heal|p1a: Chimecho|241/290|[from] item: Leftovers\n|upkeep\n|turn|15\n|inactive|Time left: 300 sec this turn | 300 sec total\n|\n|t:|1783543998\n|move|p2a: Cresselia|Calm Mind|p2a: Cresselia\n|-boost|p2a: Cresselia|spa|1\n|-boost|p2a: Cresselia|spd|1\n|move|p1a: Chimecho|Calm Mind|p1a: Chimecho\n|-boost|p1a: Chimecho|spa|1\n|-boost|p1a: Chimecho|spd|1\n|\n|-heal|p1a: Chimecho|259/290|[from] item: Leftovers\n|upkeep\n|turn|16\n|inactive|Time left: 300 sec this turn | 300 sec total\n|\n|t:|1783543999\n|move|p2a: Cresselia|Calm Mind|p2a: Cresselia\n|-boost|p2a: Cresselia|spa|1\n|-boost|p2a: Cresselia|spd|1\n|move|p1a: Chimecho|Calm Mind|p1a: Chimecho\n|-boost|p1a: Chimecho|spa|1\n|-boost|p1a: Chimecho|spd|1\n|\n|-heal|p1a: Chimecho|277/290|[from] item: Leftovers\n|upkeep\n|turn|17\n|inactive|Time left: 300 sec this turn | 300 sec total\n|\n|t:|1783544000\n|move|p2a: Cresselia|Psyshock|p1a: Chimecho\n|-crit|p1a: Chimecho\n|-damage|p1a: Chimecho|30/290\n|move|p1a: Chimecho|Recover|p1a: Chimecho\n|-heal|p1a: Chimecho|175/290\n|\n|-heal|p1a: Chimecho|193/290|[from] item: Leftovers\n|upkeep\n|turn|18\n|inactive|Time left: 300 sec this turn | 300 sec total\n|\n|t:|1783544001\n|move|p2a: Cresselia|Psyshock|p1a: Chimecho\n|-damage|p1a: Chimecho|24/290\n|move|p1a: Chimecho|Recover|p1a: Chimecho\n|-heal|p1a: Chimecho|169/290\n|\n|-heal|p1a: Chimecho|187/290|[from] item: Leftovers\n|upkeep\n|turn|19\n|inactive|Time left: 300 sec this turn | 300 sec total\n|\n|t:|1783544002\n|move|p2a: Cresselia|Psyshock|p1a: Chimecho\n|-damage|p1a: Chimecho|34/290\n|move|p1a: Chimecho|Recover|p1a: Chimecho\n|-heal|p1a: Chimecho|179/290\n|\n|-heal|p1a: Chimecho|197/290|[from] item: Leftovers\n|upkeep\n|turn|20\n|inactive|Time left: 300 sec this turn | 300 sec total\n|\n|t:|1783544003\n|move|p2a: Cresselia|Psyshock|p1a: Chimecho\n|-damage|p1a: Chimecho|43/290\n|move|p1a: Chimecho|Recover|p1a: Chimecho\n|-heal|p1a: Chimecho|188/290\n|\n|-heal|p1a: Chimecho|206/290|[from] item: Leftovers\n|upkeep\n|turn|21\n|inactive|Time left: 300 sec this turn | 300 sec total\n|\n|t:|1783544004\n|move|p2a: Cresselia|Psyshock|p1a: Chimecho\n|-damage|p1a: Chimecho|58/290\n|move|p1a: Chimecho|Psyshock|p2a: Cresselia\n|-resisted|p2a: Cresselia\n|-damage|p2a: Cresselia|56/100\n|\n|-heal|p2a: Cresselia|62/100|[from] item: Leftovers\n|-heal|p1a: Chimecho|76/290|[from] item: Leftovers\n|upkeep\n|turn|22\n|inactive|Time left: 300 sec this turn | 300 sec total\n|\n|t:|1783544004\n|move|p2a: Cresselia|Psyshock|p1a: Chimecho\n|-damage|p1a: Chimecho|0 fnt\n|faint|p1a: Chimecho\n|\n|-heal|p2a: Cresselia|69/100|[from] item: Leftovers\n|upkeep\n|inactive|Time left: 300 sec this turn | 300 sec total | 5 sec grace\n|\n|t:|1783544005\n|switch|p1a: Dedenne|Dedenne, L88, F|261/261\n|turn|23\n|inactive|Time left: 300 sec this turn | 300 sec total\n|\n|t:|1783544006\n|move|p1a: Dedenne|Thunderbolt|p2a: Cresselia\n|-damage|p2a: Cresselia|59/100\n|move|p2a: Cresselia|Psyshock|p1a: Dedenne\n|-damage|p1a: Dedenne|41/261\n|-enditem|p1a: Dedenne|Sitrus Berry|[eat]\n|-heal|p1a: Dedenne|106/261|[from] item: Sitrus Berry\n|-heal|p1a: Dedenne|193/261|[from] ability: Cheek Pouch\n|\n|-heal|p2a: Cresselia|66/100|[from] item: Leftovers\n|upkeep\n|turn|24\n|inactive|Time left: 300 sec this turn | 300 sec total\n|\n|t:|1783544007\n|-terastallize|p2a: Cresselia|Poison\n|move|p1a: Dedenne|Thunderbolt|p2a: Cresselia\n|-damage|p2a: Cresselia|56/100\n|move|p2a: Cresselia|Psyshock|p1a: Dedenne\n|-damage|p1a: Dedenne|0 fnt\n|faint|p1a: Dedenne\n|\n|win|p0y4256a1a", "uploadtime": 1783544007, "views": 0, "rating": 0, "private": 0, "password": null, "_winner": "p0y4256a1a", "_our_name": "p0x42599db"}