{"id": "battle-gen9randombattle-1572", "formatid": "gen9randombattle", "format": "[Gen 9] Random Battle", "players": ["p0x1572b7d3", "p0y15728fcb"], "log": "|init|battle\n|title|p0x1572b7d3 vs. p0y15728fcb\n|j|\u2606p0x1572b7d3\n|j|\u2606p0y15728fcb\n|t:|1783557396\n|gametype|singles\n|player|p1|p0x1572b7d3|266|\n|player|p2|p0y15728fcb|102|\n|gen|9\n|tier|[Gen 9] Random Battle\n|rule|Species Clause: Limit one of each Pok\u00e9mon\n|rule|HP Percentage Mod: HP is shown in percentages\n|rule|Sleep Clause Mod: Limit one foe put to sleep\n|rule|Illusion Level Mod: Illusion disguises the Pok\u00e9mon's true level\n|\n|t:|1783557396\n|teamsize|p1|6\n|teamsize|p2|6\n|start\n|switch|p1a: Whiscash|Whiscash, L88, M|100/100\n|switch|p2a: Krookodile|Krookodile, L79, F|280/280\n|-ability|p2a: Krookodile|Intimidate|boost\n|-fail|p1a: Whiscash|unboost|Attack|[from] ability: Oblivious|[of] p1a: Whiscash\n|turn|1\n|inactive|Battle timer is ON: inactive players will automatically lose when time's up. (requested by p0x1572b7d3)\n|inactive|Time left: 300 sec this turn | 300 sec total | 60 sec grace\n|inactive|p0y15728fcb also wants the timer to be on.\n|\n|t:|1783557398\n|move|p2a: Krookodile|Knock Off|p1a: Whiscash\n|-damage|p1a: Whiscash|68/100\n|-enditem|p1a: Whiscash|Leftovers|[from] move: Knock Off|[of] p2a: Krookodile\n|move|p1a: Whiscash|Hydro Pump|p2a: Krookodile\n|-supereffective|p2a: Krookodile\n|-damage|p2a: Krookodile|28/280\n|\n|-heal|p2a: Krookodile|45/280|[from] item: Leftovers\n|upkeep\n|turn|2\n|inactive|Time left: 300 sec this turn | 300 sec total\n|\n|t:|1783557399\n|move|p2a: Krookodile|Earthquake|p1a: Whiscash\n|-damage|p1a: Whiscash|33/100\n|move|p1a: Whiscash|Earthquake|p2a: Krookodile\n|-damage|p2a: Krookodile|0 fnt\n|faint|p2a: Krookodile\n|\n|upkeep\n|inactive|Time left: 300 sec this turn | 300 sec total | 5 sec grace\n|\n|t:|1783557400\n|switch|p2a: Gardevoir|Gardevoir, L83, M|249/249\n|-ability|p2a: Gardevoir|Oblivious|Trace|[from] ability: Trace|[of] p1a: Whiscash\n|turn|3\n|inactive|Time left: 300 sec this turn | 300 sec total\n|\n|t:|1783557401\n|switch|p1a: Slaking|Slaking, L84, F|100/100\n|move|p2a: Gardevoir|Psyshock|p1a: Slaking\n|-crit|p1a: Slaking\n|-damage|p1a: Slaking|51/100\n|-damage|p2a: Gardevoir|225/249|[from] item: Life Orb\n|\n|upkeep\n|turn|4\n|inactive|Time left: 300 sec this turn | 300 sec total\n|\n|t:|1783557403\n|switch|p2a: Sandaconda|Sandaconda, L84, M|258/258\n|move|p1a: Slaking|Giga Impact|p2a: Sandaconda\n|-damage|p2a: Sandaconda|0 fnt\n|-mustrecharge|p1a: Slaking\n|faint|p2a: Sandaconda\n|\n|upkeep\n|inactive|Time left: 300 sec this turn | 300 sec total | 5 sec grace\n|\n|t:|1783557404\n|switch|p2a: Electrode|Electrode-Hisui, L87|246/246\n|turn|5\n|inactive|Time left: 300 sec this turn | 300 sec total\n|\n|t:|1783557405\n|move|p2a: Electrode|Substitute|p2a: Electrode\n|-start|p2a: Electrode|Substitute\n|-damage|p2a: Electrode|185/246\n|cant|p1a: Slaking|recharge\n|\n|-heal|p2a: Electrode|200/246|[from] item: Leftovers\n|upkeep\n|turn|6\n|inactive|Time left: 300 sec this turn | 300 sec total\n|\n|t:|1783557406\n|switch|p1a: Appletun|Appletun, L92, M|100/100\n|move|p2a: Electrode|Giga Drain|p1a: Appletun\n|-resisted|p1a: Appletun\n|-damage|p1a: Appletun|95/100\n|-heal|p2a: Electrode|209/246|[from] drain|[of] p1a: Appletun\n|\n|-heal|p2a: Electrode|224/246|[from] item: Leftovers\n|-heal|p1a: Appletun|100/100|[from] item: Leftovers\n|upkeep\n|turn|7\n|inactive|Time left: 300 sec this turn | 300 sec total\n|\n|t:|1783557407\n|move|p2a: Electrode|Thunderbolt|p1a: Appletun\n|-resisted|p1a: Appletun\n|-damage|p1a: Appletun|94/100\n|move|p1a: Appletun|Dragon Pulse|p2a: Electrode\n|-end|p2a: Electrode|Substitute\n|\n|-heal|p2a: Electrode|239/246|[from] item: Leftovers\n|-heal|p1a: Appletun|100/100|[from] item: Leftovers\n|upkeep\n|turn|8\n|inactive|Time left: 300 sec this turn | 300 sec total\n|\n|t:|1783557408\n|switch|p2a: Gardevoir|Gardevoir, L83, M|225/249\n|-ability|p2a: Gardevoir|Thick Fat|Trace|[from] ability: Trace|[of] p1a: Appletun\n|move|p1a: Appletun|Apple Acid|p2a: Gardevoir\n|-damage|p2a: Gardevoir|143/249\n|-unboost|p2a: Gardevoir|spd|1\n|\n|upkeep\n|turn|9\n|inactive|Time left: 300 sec this turn | 300 sec total\n|\n|t:|1783557410\n|move|p2a: Gardevoir|Moonblast|p1a: Appletun\n|-supereffective|p1a: Appletun\n|-damage|p1a: Appletun|13/100\n|-damage|p2a: Gardevoir|119/249|[from] item: Life Orb\n|move|p1a: Appletun|Apple Acid|p2a: Gardevoir\n|-damage|p2a: Gardevoir|0 fnt\n|faint|p2a: Gardevoir\n|\n|-heal|p1a: Appletun|20/100|[from] item: Leftovers\n|upkeep\n|inactive|Time left: 300 sec this turn | 300 sec total | 5 sec grace\n|\n|t:|1783557411\n|switch|p2a: Mesprit|Mesprit, L85|275/275\n|turn|10\n|inactive|Time left: 300 sec this turn | 300 sec total\n|\n|t:|1783557412\n|switch|p1a: Slaking|Slaking, L84, F|51/100\n|move|p2a: Mesprit|Psychic|p1a: Slaking\n|-crit|p1a: Slaking\n|-damage|p1a: Slaking|0 fnt\n|faint|p1a: Slaking\n|-damage|p2a: Mesprit|248/275|[from] item: Life Orb\n|\n|upkeep\n|\n|t:|1783557412\n|switch|p1a: Hypno|Hypno, L95, F|100/100\n|turn|11\n|inactive|Time left: 300 sec this turn | 300 sec total\n|\n|t:|1783557414\n|move|p2a: Mesprit|Nasty Plot|p2a: Mesprit\n|-boost|p2a: Mesprit|spa|2\n|move|p1a: Hypno|Knock Off|p2a: Mesprit\n|-supereffective|p2a: Mesprit\n|-damage|p2a: Mesprit|120/275\n|-enditem|p2a: Mesprit|Life Orb|[from] move: Knock Off|[of] p1a: Hypno\n|\n|upkeep\n|turn|12\n|inactive|Time left: 300 sec this turn | 300 sec total\n|\n|t:|1783557414\n|move|p2a: Mesprit|Ice Beam|p1a: Hypno\n|-damage|p1a: Hypno|66/100\n|move|p1a: Hypno|Knock Off|p2a: Mesprit\n|-supereffective|p2a: Mesprit\n|-damage|p2a: Mesprit|36/275\n|\n|-heal|p1a: Hypno|72/100|[from] item: Leftovers\n|upkeep\n|turn|13\n|inactive|Time left: 300 sec this turn | 300 sec total\n|\n|t:|1783557416\n|move|p2a: Mesprit|Ice Beam|p1a: Hypno\n|-damage|p1a: Hypno|37/100\n|move|p1a: Hypno|Knock Off|p2a: Mesprit\n|-supereffective|p2a: Mesprit\n|-damage|p2a: Mesprit|0 fnt\n|faint|p2a: Mesprit\n|\n|-heal|p1a: Hypno|43/100|[from] item: Leftovers\n|upkeep\n|inactive|Time left: 300 sec this turn | 300 sec total | 5 sec grace\n|\n|t:|1783557417\n|switch|p2a: Arceus|Arceus-Fire, L72|291/291\n|turn|14\n|inactive|Time left: 300 sec this turn | 300 sec total\n|\n|t:|1783557418\n|switch|p1a: Blastoise|Blastoise, L80, F|100/100\n|move|p2a: Arceus|Calm Mind|p2a: Arceus\n|-boost|p2a: Arceus|spa|1\n|-boost|p2a: Arceus|spd|1\n|\n|upkeep\n|turn|15\n|inactive|Time left: 300 sec this turn | 300 sec total\n|\n|t:|1783557419\n|move|p2a: Arceus|Calm Mind|p2a: Arceus\n|-boost|p2a: Arceus|spa|1\n|-boost|p2a: Arceus|spd|1\n|move|p1a: Blastoise|Shell Smash|p1a: Blastoise\n|-unboost|p1a: Blastoise|def|1\n|-unboost|p1a: Blastoise|spd|1\n|-boost|p1a: Blastoise|atk|2\n|-boost|p1a: Blastoise|spa|2\n|-boost|p1a: Blastoise|spe|2\n|-enditem|p1a: Blastoise|White Herb\n|-clearnegativeboost|p1a: Blastoise|[silent]\n|\n|upkeep\n|turn|16\n|inactive|Time left: 300 sec this turn | 300 sec total\n|\n|t:|1783557420\n|-terastallize|p2a: Arceus|Ground\n|move|p1a: Blastoise|Hydro Pump|p2a: Arceus\n|-supereffective|p2a: Arceus\n|-damage|p2a: Arceus|115/291\n|move|p2a: Arceus|Earth Power|p1a: Blastoise\n|-damage|p1a: Blastoise|46/100\n|\n|upkeep\n|turn|17\n|inactive|Time left: 300 sec this turn | 300 sec total\n|\n|t:|1783557421\n|move|p1a: Blastoise|Hydro Pump|p2a: Arceus\n|-supereffective|p2a: Arceus\n|-damage|p2a: Arceus|0 fnt\n|faint|p2a: Arceus\n|\n|upkeep\n|inactive|Time left: 300 sec this turn | 300 sec total | 5 sec grace\n|\n|t:|1783557422\n|switch|p2a: Electrode|Electrode-Hisui, L87|239/246\n|turn|18\n|inactive|Time left: 300 sec this turn | 300 sec total\n|\n|t:|1783557422\n|move|p1a: Blastoise|Ice Beam|p2a: Electrode\n|-supereffective|p2a: Electrode\n|-damage|p2a: Electrode|29/246\n|move|p2a: Electrode|Thunderbolt|p1a: Blastoise\n|-supereffective|p1a: Blastoise\n|-damage|p1a: Blastoise|0 fnt\n|faint|p1a: Blastoise\n|\n|-heal|p2a: Electrode|44/246|[from] item: Leftovers\n|upkeep\n|\n|t:|1783557423\n|switch|p1a: Hypno|Hypno, L95, F|43/100\n|turn|19\n|inactive|Time left: 300 sec this turn | 300 sec total\n|\n|t:|1783557424\n|-terastallize|p1a: Hypno|Dark\n|move|p2a: Electrode|Thunderbolt|p1a: Hypno\n|-damage|p1a: Hypno|24/100\n|move|p1a: Hypno|Knock Off|p2a: Electrode\n|-damage|p2a: Electrode|0 fnt\n|-enditem|p2a: Electrode|Leftovers|[from] move: Knock Off|[of] p1a: Hypno\n|faint|p2a: Electrode\n|\n|win|p0x1572b7d3", "uploadtime": 1783557424, "views": 0, "rating": 0, "private": 0, "password": null, "_winner": "p0x1572b7d3", "_our_name": "p0y15728fcb"}