{"id": "battle-gen9randombattle-78", "formatid": "gen9randombattle", "format": "[Gen 9] Random Battle", "players": ["p0x078cd20", "p0y0787ca1"], "log": "|init|battle\n|title|p0x078cd20 vs. p0y0787ca1\n|j|\u2606p0x078cd20\n|j|\u2606p0y0787ca1\n|t:|1783534674\n|gametype|singles\n|player|p1|p0x078cd20|2|\n|player|p2|p0y0787ca1|169|\n|gen|9\n|tier|[Gen 9] Random Battle\n|rule|Species Clause: Limit one of each Pok\u00e9mon\n|rule|HP Percentage Mod: HP is shown in percentages\n|rule|Sleep Clause Mod: Limit one foe put to sleep\n|rule|Illusion Level Mod: Illusion disguises the Pok\u00e9mon's true level\n|\n|t:|1783534674\n|teamsize|p1|6\n|teamsize|p2|6\n|start\n|switch|p1a: Eiscue|Eiscue, L88, F|274/274\n|switch|p2a: Vigoroth|Vigoroth, L85, M|100/100\n|turn|1\n|inactive|Battle timer is ON: inactive players will automatically lose when time's up. (requested by p0y0787ca1)\n|inactive|Time left: 300 sec this turn | 300 sec total | 60 sec grace\n|inactive|p0x078cd20 also wants the timer to be on.\n|\n|t:|1783534676\n|move|p2a: Vigoroth|Bulk Up|p2a: Vigoroth\n|-boost|p2a: Vigoroth|atk|1\n|-boost|p2a: Vigoroth|def|1\n|move|p1a: Eiscue|Belly Drum|p1a: Eiscue\n|-damage|p1a: Eiscue|137/274\n|-setboost|p1a: Eiscue|atk|6|[from] move: Belly Drum\n|-enditem|p1a: Eiscue|Sitrus Berry|[eat]\n|-heal|p1a: Eiscue|205/274|[from] item: Sitrus Berry\n|\n|upkeep\n|turn|2\n|inactive|Time left: 300 sec this turn | 300 sec total\n|\n|t:|1783534677\n|move|p2a: Vigoroth|Bulk Up|p2a: Vigoroth\n|-boost|p2a: Vigoroth|atk|1\n|-boost|p2a: Vigoroth|def|1\n|move|p1a: Eiscue|Ice Spinner|p2a: Vigoroth\n|-damage|p2a: Vigoroth|62/100\n|\n|upkeep\n|turn|3\n|inactive|Time left: 300 sec this turn | 300 sec total\n|\n|t:|1783534678\n|move|p2a: Vigoroth|Slack Off|p2a: Vigoroth\n|-heal|p2a: Vigoroth|100/100\n|move|p1a: Eiscue|Ice Spinner|p2a: Vigoroth\n|-damage|p2a: Vigoroth|59/100\n|\n|upkeep\n|turn|4\n|inactive|Time left: 300 sec this turn | 300 sec total\n|\n|t:|1783534679\n|move|p2a: Vigoroth|Slack Off|p2a: Vigoroth\n|-heal|p2a: Vigoroth|100/100\n|move|p1a: Eiscue|Ice Spinner|p2a: Vigoroth\n|-damage|p2a: Vigoroth|60/100\n|\n|upkeep\n|turn|5\n|inactive|Time left: 300 sec this turn | 300 sec total\n|\n|t:|1783534680\n|move|p2a: Vigoroth|Slack Off|p2a: Vigoroth\n|-heal|p2a: Vigoroth|100/100\n|move|p1a: Eiscue|Ice Spinner|p2a: Vigoroth\n|-damage|p2a: Vigoroth|56/100\n|\n|upkeep\n|turn|6\n|inactive|Time left: 300 sec this turn | 300 sec total\n|\n|t:|1783534681\n|move|p2a: Vigoroth|Slack Off|p2a: Vigoroth\n|-heal|p2a: Vigoroth|100/100\n|move|p1a: Eiscue|Ice Spinner|p2a: Vigoroth\n|-damage|p2a: Vigoroth|57/100\n|\n|upkeep\n|turn|7\n|inactive|Time left: 300 sec this turn | 300 sec total\n|\n|t:|1783534682\n|move|p2a: Vigoroth|Slack Off|p2a: Vigoroth\n|-heal|p2a: Vigoroth|100/100\n|move|p1a: Eiscue|Ice Spinner|p2a: Vigoroth\n|-damage|p2a: Vigoroth|62/100\n|\n|upkeep\n|turn|8\n|inactive|Time left: 300 sec this turn | 300 sec total\n|\n|t:|1783534683\n|move|p2a: Vigoroth|Slack Off|p2a: Vigoroth\n|-heal|p2a: Vigoroth|100/100\n|move|p1a: Eiscue|Ice Spinner|p2a: Vigoroth\n|-damage|p2a: Vigoroth|61/100\n|\n|upkeep\n|turn|9\n|inactive|Time left: 300 sec this turn | 300 sec total\n|\n|t:|1783534684\n|move|p2a: Vigoroth|Slack Off|p2a: Vigoroth\n|-heal|p2a: Vigoroth|100/100\n|move|p1a: Eiscue|Ice Spinner|p2a: Vigoroth\n|-damage|p2a: Vigoroth|58/100\n|\n|upkeep\n|turn|10\n|inactive|Time left: 300 sec this turn | 300 sec total\n|\n|t:|1783534685\n|move|p2a: Vigoroth|Slack Off|p2a: Vigoroth\n|-heal|p2a: Vigoroth|100/100\n|move|p1a: Eiscue|Ice Spinner|p2a: Vigoroth\n|-damage|p2a: Vigoroth|60/100\n|\n|upkeep\n|turn|11\n|inactive|Time left: 300 sec this turn | 300 sec total\n|\n|t:|1783534686\n|move|p2a: Vigoroth|Body Slam|p1a: Eiscue\n|-activate|p1a: Eiscue|ability: Ice Face\n|-damage|p1a: Eiscue|205/274\n|detailschange|p1a: Eiscue|Eiscue-Noice, L88, F\n|move|p1a: Eiscue|Ice Spinner|p2a: Vigoroth\n|-damage|p2a: Vigoroth|18/100\n|\n|upkeep\n|turn|12\n|inactive|Time left: 300 sec this turn | 300 sec total\n|\n|t:|1783534687\n|switch|p2a: Lapras|Lapras, L87, M|100/100\n|move|p1a: Eiscue|Ice Spinner|p2a: Lapras\n|-resisted|p2a: Lapras\n|-damage|p2a: Lapras|78/100\n|\n|upkeep\n|turn|13\n|inactive|Time left: 300 sec this turn | 300 sec total\n|\n|t:|1783534689\n|-terastallize|p1a: Eiscue|Electric\n|move|p1a: Eiscue|Tera Blast|p2a: Lapras|[anim] Tera Blast Electric\n|-supereffective|p2a: Lapras\n|-damage|p2a: Lapras|0 fnt\n|faint|p2a: Lapras\n|\n|upkeep\n|\n|t:|1783534690\n|switch|p2a: Goodra|Goodra, L85, F|100/100\n|turn|14\n|inactive|Time left: 300 sec this turn | 300 sec total\n|\n|t:|1783534691\n|-terastallize|p2a: Goodra|Water\n|move|p1a: Eiscue|Ice Spinner|p2a: Goodra\n|-resisted|p2a: Goodra\n|-damage|p2a: Goodra|41/100\n|move|p2a: Goodra|Draco Meteor|p1a: Eiscue\n|-damage|p1a: Eiscue|0 fnt\n|-unboost|p2a: Goodra|spa|2\n|faint|p1a: Eiscue\n|\n|upkeep\n|inactive|Time left: 300 sec this turn | 300 sec total | 5 sec grace\n|\n|t:|1783534692\n|switch|p1a: Ampharos|Ampharos, L88, M|302/302\n|turn|15\n|inactive|Time left: 300 sec this turn | 300 sec total\n|\n|t:|1783534693\n|switch|p2a: Necrozma|Necrozma-Dawn-Wings, L76|100/100\n|move|p1a: Ampharos|Volt Switch|p2a: Necrozma\n|-damage|p2a: Necrozma|58/100\n|inactive|Time left: 300 sec this turn | 300 sec total | 5 sec grace\n|\n|t:|1783534694\n|switch|p1a: Sinistcha|Sinistcha-Masterpiece, L83|254/254|[from] Volt Switch\n|\n|-heal|p2a: Necrozma|64/100|[from] item: Leftovers\n|upkeep\n|turn|16\n|inactive|Time left: 300 sec this turn | 300 sec total\n|\n|t:|1783534695\n|switch|p2a: Noctowl|Noctowl, L95, M|100/100\n|move|p1a: Sinistcha|Shadow Ball|p2a: Noctowl\n|-immune|p2a: Noctowl\n|\n|upkeep\n|turn|17\n|inactive|Time left: 300 sec this turn | 300 sec total\n|\n|t:|1783534696\n|switch|p1a: Terrakion|Terrakion, L79|273/273\n|move|p2a: Noctowl|Calm Mind|p2a: Noctowl\n|-boost|p2a: Noctowl|spa|1\n|-boost|p2a: Noctowl|spd|1\n|\n|upkeep\n|turn|18\n|inactive|Time left: 300 sec this turn | 300 sec total\n|\n|t:|1783534697\n|switch|p2a: Vigoroth|Vigoroth, L85, M|18/100\n|move|p1a: Terrakion|Stone Edge|p2a: Vigoroth\n|-damage|p2a: Vigoroth|0 fnt\n|faint|p2a: Vigoroth\n|\n|upkeep\n|\n|t:|1783534698\n|switch|p2a: Necrozma|Necrozma-Dawn-Wings, L76|64/100\n|turn|19\n|inactive|Time left: 300 sec this turn | 300 sec total\n|\n|t:|1783534699\n|move|p1a: Terrakion|Stone Edge|p2a: Necrozma\n|-damage|p2a: Necrozma|8/100\n|move|p2a: Necrozma|Photon Geyser|p1a: Terrakion\n|-supereffective|p1a: Terrakion\n|-damage|p1a: Terrakion|3/273\n|\n|-heal|p2a: Necrozma|14/100|[from] item: Leftovers\n|upkeep\n|turn|20\n|inactive|Time left: 300 sec this turn | 300 sec total\n|\n|t:|1783534699\n|move|p1a: Terrakion|Stone Edge|p2a: Necrozma\n|-damage|p2a: Necrozma|0 fnt\n|faint|p2a: Necrozma\n|\n|upkeep\n|\n|t:|1783534700\n|switch|p2a: Goodra|Goodra, L85, F, tera:Water|41/100\n|turn|21\n|inactive|Time left: 300 sec this turn | 300 sec total\n|\n|t:|1783534701\n|move|p1a: Terrakion|Stone Edge|p2a: Goodra\n|-damage|p2a: Goodra|0 fnt\n|faint|p2a: Goodra\n|\n|upkeep\n|\n|t:|1783534702\n|switch|p2a: Miraidon|Miraidon, L65|100/100\n|-fieldstart|move: Electric Terrain|[from] ability: Hadron Engine|[of] p2a: Miraidon\n|turn|22\n|inactive|Time left: 300 sec this turn | 300 sec total\n|\n|t:|1783534703\n|move|p1a: Terrakion|Stone Edge|p2a: Miraidon\n|-damage|p2a: Miraidon|8/100\n|move|p2a: Miraidon|Dragon Pulse|p1a: Terrakion\n|-damage|p1a: Terrakion|0 fnt\n|faint|p1a: Terrakion\n|-damage|p2a: Miraidon|0 fnt|[from] item: Life Orb\n|faint|p2a: Miraidon\n|\n|upkeep\n|inactive|Time left: 300 sec this turn | 300 sec total | 5 sec grace\n|\n|t:|1783534704\n|switch|p1a: Ampharos|Ampharos, L88, M|302/302\n|switch|p2a: Noctowl|Noctowl, L95, M|100/100\n|turn|23\n|inactive|Time left: 300 sec this turn | 300 sec total\n|\n|t:|1783534705\n|move|p2a: Noctowl|Calm Mind|p2a: Noctowl\n|-boost|p2a: Noctowl|spa|1\n|-boost|p2a: Noctowl|spd|1\n|move|p1a: Ampharos|Volt Switch|p2a: Noctowl\n|-supereffective|p2a: Noctowl\n|-damage|p2a: Noctowl|46/100\n|inactive|Time left: 300 sec this turn | 300 sec total | 5 sec grace\n|\n|t:|1783534706\n|switch|p1a: Flamigo|Flamigo, L82, M|269/269|[from] Volt Switch\n|\n|upkeep\n|turn|24\n|inactive|Time left: 300 sec this turn | 300 sec total\n|\n|t:|1783534707\n|move|p1a: Flamigo|Brave Bird|p2a: Noctowl\n|-damage|p2a: Noctowl|0 fnt\n|faint|p2a: Noctowl\n|-damage|p1a: Flamigo|218/269|[from] Recoil\n|\n|win|p0x078cd20", "uploadtime": 1783534707, "views": 0, "rating": 0, "private": 0, "password": null, "_winner": "p0x078cd20", "_our_name": "p0x078cd20"}