{"id": "battle-gen9randombattle-326", "formatid": "gen9randombattle", "format": "[Gen 9] Random Battle", "players": ["p0x3263ac4", "p0y326214f"], "log": "|init|battle\n|title|p0x3263ac4 vs. p0y326214f\n|j|\u2606p0x3263ac4\n|j|\u2606p0y326214f\n|t:|1783543390\n|gametype|singles\n|player|p1|p0x3263ac4|170|\n|player|p2|p0y326214f|169|\n|gen|9\n|tier|[Gen 9] Random Battle\n|rule|Species Clause: Limit one of each Pok\u00e9mon\n|rule|HP Percentage Mod: HP is shown in percentages\n|rule|Sleep Clause Mod: Limit one foe put to sleep\n|rule|Illusion Level Mod: Illusion disguises the Pok\u00e9mon's true level\n|\n|t:|1783543390\n|teamsize|p1|6\n|teamsize|p2|6\n|start\n|switch|p1a: Glalie|Glalie, L96, F|100/100\n|switch|p2a: Heatran|Heatran, L79, F|273/273\n|-item|p2a: Heatran|Air Balloon\n|turn|1\n|inactive|Battle timer is ON: inactive players will automatically lose when time's up. (requested by p0x3263ac4)\n|inactive|Time left: 300 sec this turn | 300 sec total | 60 sec grace\n|inactive|p0y326214f also wants the timer to be on.\n|\n|t:|1783543392\n|move|p1a: Glalie|Freeze-Dry|p2a: Heatran\n|-resisted|p2a: Heatran\n|-damage|p2a: Heatran|254/273\n|-enditem|p2a: Heatran|Air Balloon\n|move|p2a: Heatran|Magma Storm|p1a: Glalie\n|-supereffective|p1a: Glalie\n|-crit|p1a: Glalie\n|-damage|p1a: Glalie|0 fnt\n|faint|p1a: Glalie\n|\n|upkeep\n|\n|t:|1783543393\n|switch|p1a: Veluza|Veluza, L85, F|100/100\n|turn|2\n|inactive|Time left: 300 sec this turn | 300 sec total\n|\n|t:|1783543395\n|move|p1a: Veluza|Aqua Cutter|p2a: Heatran\n|-supereffective|p2a: Heatran\n|-damage|p2a: Heatran|0 fnt\n|faint|p2a: Heatran\n|\n|upkeep\n|inactive|Time left: 300 sec this turn | 300 sec total | 5 sec grace\n|\n|t:|1783543395\n|switch|p2a: Pikachu|Pikachu, L93, M|216/216\n|turn|3\n|inactive|Time left: 300 sec this turn | 300 sec total\n|\n|t:|1783543396\n|move|p2a: Pikachu|Volt Tackle|p1a: Veluza\n|-supereffective|p1a: Veluza\n|-damage|p1a: Veluza|0 fnt\n|faint|p1a: Veluza\n|-damage|p2a: Pikachu|120/216|[from] Recoil\n|\n|upkeep\n|\n|t:|1783543397\n|switch|p1a: Meowscarada|Meowscarada, L78, F|100/100\n|turn|4\n|inactive|Time left: 300 sec this turn | 300 sec total\n|\n|t:|1783543398\n|switch|p2a: Blaziken|Blaziken, L76, F|247/247\n|move|p1a: Meowscarada|Knock Off|p2a: Blaziken\n|-start|p1a: Meowscarada|typechange|Dark|[from] ability: Protean\n|-resisted|p2a: Blaziken\n|-damage|p2a: Blaziken|145/247\n|-enditem|p2a: Blaziken|Life Orb|[from] move: Knock Off|[of] p1a: Meowscarada\n|\n|upkeep\n|turn|5\n|inactive|Time left: 300 sec this turn | 300 sec total\n|\n|t:|1783543400\n|switch|p1a: Toxapex|Toxapex, L82, F|100/100\n|move|p2a: Blaziken|Close Combat|p1a: Toxapex\n|-resisted|p1a: Toxapex\n|-damage|p1a: Toxapex|81/100\n|-unboost|p2a: Blaziken|def|1\n|-unboost|p2a: Blaziken|spd|1\n|-damage|p2a: Blaziken|104/247|[from] item: Rocky Helmet|[of] p1a: Toxapex\n|\n|-ability|p2a: Blaziken|Speed Boost|boost\n|-boost|p2a: Blaziken|spe|1\n|upkeep\n|turn|6\n|inactive|Time left: 300 sec this turn | 300 sec total\n|\n|t:|1783543401\n|switch|p2a: Polteageist|Polteageist-Antique, L78|222/222\n|move|p1a: Toxapex|Liquidation|p2a: Polteageist\n|-damage|p2a: Polteageist|131/222\n|\n|upkeep\n|turn|7\n|inactive|Time left: 300 sec this turn | 300 sec total\n|\n|t:|1783543402\n|switch|p1a: Meowscarada|Meowscarada, L78, F|100/100\n|move|p2a: Polteageist|Strength Sap|p1a: Meowscarada\n|-unboost|p1a: Meowscarada|atk|1\n|-heal|p2a: Polteageist|222/222\n|\n|upkeep\n|turn|8\n|inactive|Time left: 300 sec this turn | 300 sec total\n|\n|t:|1783543403\n|-terastallize|p2a: Polteageist|Fighting\n|move|p1a: Meowscarada|Flower Trick|p2a: Polteageist\n|-start|p1a: Meowscarada|typechange|Grass|[from] ability: Protean\n|-crit|p2a: Polteageist\n|-damage|p2a: Polteageist|0 fnt\n|-start|p1a: Meowscarada|Disable|Flower Trick|[from] ability: Cursed Body|[of] p2a: Polteageist\n|faint|p2a: Polteageist\n|\n|upkeep\n|inactive|Time left: 300 sec this turn | 300 sec total | 5 sec grace\n|\n|t:|1783543404\n|switch|p2a: Pikachu|Pikachu, L93, M|120/216\n|turn|9\n|inactive|Time left: 300 sec this turn | 300 sec total\n|\n|t:|1783543405\n|move|p2a: Pikachu|Fake Out|p1a: Meowscarada\n|-damage|p1a: Meowscarada|76/100\n|cant|p1a: Meowscarada|flinch\n|\n|upkeep\n|turn|10\n|inactive|Time left: 300 sec this turn | 300 sec total\n|\n|t:|1783543406\n|switch|p1a: Morpeko|Morpeko, L88, M|100/100\n|switch|p2a: Blaziken|Blaziken, L76, F|104/247\n|\n|-formechange|p1a: Morpeko|Morpeko-Hangry||[from] ability: Hunger Switch\n|upkeep\n|turn|11\n|inactive|Time left: 300 sec this turn | 300 sec total\n|\n|t:|1783543407\n|switch|p1a: Toxapex|Toxapex, L82, F|100/100\n|move|p2a: Blaziken|Close Combat|p1a: Toxapex\n|-resisted|p1a: Toxapex\n|-damage|p1a: Toxapex|83/100\n|-unboost|p2a: Blaziken|def|1\n|-unboost|p2a: Blaziken|spd|1\n|-damage|p2a: Blaziken|63/247|[from] item: Rocky Helmet|[of] p1a: Toxapex\n|\n|-ability|p2a: Blaziken|Speed Boost|boost\n|-boost|p2a: Blaziken|spe|1\n|upkeep\n|turn|12\n|inactive|Time left: 300 sec this turn | 300 sec total\n|\n|t:|1783543408\n|move|p2a: Blaziken|Knock Off|p1a: Toxapex\n|-damage|p1a: Toxapex|62/100\n|-damage|p2a: Blaziken|22/247|[from] item: Rocky Helmet|[of] p1a: Toxapex\n|-enditem|p1a: Toxapex|Rocky Helmet|[from] move: Knock Off|[of] p2a: Blaziken\n|move|p1a: Toxapex|Liquidation|p2a: Blaziken\n|-supereffective|p2a: Blaziken\n|-damage|p2a: Blaziken|0 fnt\n|faint|p2a: Blaziken\n|\n|upkeep\n|inactive|Time left: 300 sec this turn | 300 sec total | 5 sec grace\n|\n|t:|1783543409\n|switch|p2a: Azelf|Azelf, L82|257/257\n|turn|13\n|inactive|Time left: 300 sec this turn | 300 sec total\n|\n|t:|1783543410\n|switch|p1a: Meowscarada|Meowscarada, L78, F|76/100\n|move|p2a: Azelf|Fire Blast|p1a: Meowscarada\n|-supereffective|p1a: Meowscarada\n|-damage|p1a: Meowscarada|0 fnt\n|faint|p1a: Meowscarada\n|\n|upkeep\n|\n|t:|1783543411\n|switch|p1a: Morpeko|Morpeko, L88, M|100/100\n|turn|14\n|inactive|Time left: 300 sec this turn | 300 sec total\n|\n|t:|1783543412\n|move|p2a: Azelf|U-turn|p1a: Morpeko\n|-supereffective|p1a: Morpeko\n|-damage|p1a: Morpeko|37/100\n|inactive|Time left: 300 sec this turn | 300 sec total | 5 sec grace\n|\n|t:|1783543413\n|switch|p2a: Pikachu|Pikachu, L93, M|120/216|[from] U-turn\n|move|p1a: Morpeko|Rapid Spin|p2a: Pikachu\n|-damage|p2a: Pikachu|57/216\n|-boost|p1a: Morpeko|spe|1\n|\n|-formechange|p1a: Morpeko|Morpeko-Hangry||[from] ability: Hunger Switch\n|upkeep\n|turn|15\n|inactive|Time left: 300 sec this turn | 300 sec total\n|\n|t:|1783543414\n|move|p2a: Pikachu|Fake Out|p1a: Morpeko\n|-damage|p1a: Morpeko|12/100\n|cant|p1a: Morpeko|flinch\n|\n|-formechange|p1a: Morpeko|Morpeko||[from] ability: Hunger Switch\n|upkeep\n|turn|16\n|inactive|Time left: 300 sec this turn | 300 sec total\n|\n|t:|1783543415\n|move|p1a: Morpeko|Rapid Spin|p2a: Pikachu\n|-damage|p2a: Pikachu|2/216\n|-boost|p1a: Morpeko|spe|1\n|move|p2a: Pikachu|Knock Off|p1a: Morpeko\n|-resisted|p1a: Morpeko\n|-damage|p1a: Morpeko|0 fnt\n|-enditem|p1a: Morpeko|Heavy-Duty Boots|[from] move: Knock Off|[of] p2a: Pikachu\n|faint|p1a: Morpeko\n|\n|upkeep\n|\n|t:|1783543416\n|switch|p1a: Grafaiai|Grafaiai, L86, M|100/100\n|turn|17\n|inactive|Time left: 300 sec this turn | 300 sec total\n|\n|t:|1783543417\n|move|p1a: Grafaiai|Knock Off|p2a: Pikachu\n|-damage|p2a: Pikachu|0 fnt\n|-enditem|p2a: Pikachu|Light Ball|[from] move: Knock Off|[of] p1a: Grafaiai\n|faint|p2a: Pikachu\n|\n|upkeep\n|inactive|Time left: 300 sec this turn | 300 sec total | 5 sec grace\n|\n|t:|1783543418\n|switch|p2a: Cramorant|Cramorant, L86, F|261/261\n|turn|18\n|inactive|Time left: 300 sec this turn | 300 sec total\n|\n|t:|1783543418\n|move|p1a: Grafaiai|Gunk Shot|p2a: Cramorant\n|-crit|p2a: Cramorant\n|-damage|p2a: Cramorant|0 fnt\n|faint|p2a: Cramorant\n|\n|upkeep\n|inactive|Time left: 300 sec this turn | 300 sec total | 5 sec grace\n|\n|t:|1783543419\n|switch|p2a: Azelf|Azelf, L82|257/257\n|turn|19\n|inactive|Time left: 300 sec this turn | 300 sec total\n|\n|t:|1783543420\n|-terastallize|p1a: Grafaiai|Dark\n|move|p1a: Grafaiai|Knock Off|p2a: Azelf\n|-supereffective|p2a: Azelf\n|-damage|p2a: Azelf|0 fnt\n|-enditem|p2a: Azelf|Assault Vest|[from] move: Knock Off|[of] p1a: Grafaiai\n|faint|p2a: Azelf\n|\n|win|p0x3263ac4", "uploadtime": 1783543420, "views": 0, "rating": 0, "private": 0, "password": null, "_winner": "p0x3263ac4", "_our_name": "p0y326214f"}