{"id": "battle-gen9randombattle-1240", "formatid": "gen9randombattle", "format": "[Gen 9] Random Battle", "players": ["p0x1240c945", "p0y124074be"], "log": "|init|battle\n|title|p0x1240c945 vs. p0y124074be\n|j|\u2606p0x1240c945\n|j|\u2606p0y124074be\n|t:|1783553514\n|gametype|singles\n|player|p1|p0x1240c945|169|\n|player|p2|p0y124074be|102|\n|gen|9\n|tier|[Gen 9] Random Battle\n|rule|Species Clause: Limit one of each Pok\u00e9mon\n|rule|HP Percentage Mod: HP is shown in percentages\n|rule|Sleep Clause Mod: Limit one foe put to sleep\n|rule|Illusion Level Mod: Illusion disguises the Pok\u00e9mon's true level\n|\n|t:|1783553514\n|teamsize|p1|6\n|teamsize|p2|6\n|start\n|switch|p1a: Minun|Minun, L95, M|268/268\n|switch|p2a: Trevenant|Trevenant, L89, F|100/100\n|turn|1\n|inactive|Battle timer is ON: inactive players will automatically lose when time's up. (requested by p0y124074be)\n|inactive|Time left: 300 sec this turn | 300 sec total | 60 sec grace\n|inactive|p0x1240c945 also wants the timer to be on.\n|\n|t:|1783553515\n|move|p1a: Minun|Nasty Plot|p1a: Minun\n|-boost|p1a: Minun|spa|2\n|move|p2a: Trevenant|Poltergeist|p1a: Minun\n|-activate|p1a: Minun|move: Poltergeist|Life Orb\n|-damage|p1a: Minun|30/268\n|-damage|p2a: Trevenant|91/100|[from] item: Life Orb\n|\n|upkeep\n|turn|2\n|inactive|Time left: 300 sec this turn | 300 sec total\n|\n|t:|1783553516\n|move|p1a: Minun|Thunderbolt|p2a: Trevenant\n|-resisted|p2a: Trevenant\n|-damage|p2a: Trevenant|48/100\n|-damage|p1a: Minun|4/268|[from] item: Life Orb\n|move|p2a: Trevenant|Wood Hammer|p1a: Minun\n|-damage|p1a: Minun|0 fnt\n|faint|p1a: Minun\n|-damage|p2a: Trevenant|47/100|[from] Recoil\n|-damage|p2a: Trevenant|38/100|[from] item: Life Orb\n|\n|upkeep\n|inactive|Time left: 300 sec this turn | 300 sec total | 5 sec grace\n|\n|t:|1783553517\n|switch|p1a: Flapple|Flapple, L88, F|266/266\n|turn|3\n|inactive|Time left: 300 sec this turn | 300 sec total\n|\n|t:|1783553518\n|switch|p2a: Scream Tail|Scream Tail, L84|100/100\n|move|p1a: Flapple|Outrage|p2a: Scream Tail\n|-immune|p2a: Scream Tail\n|\n|upkeep\n|turn|4\n|inactive|Time left: 300 sec this turn | 300 sec total\n|\n|t:|1783553519\n|move|p2a: Scream Tail|Play Rough|p1a: Flapple\n|-supereffective|p1a: Flapple\n|-damage|p1a: Flapple|116/266\n|move|p1a: Flapple|Dragon Dance|p1a: Flapple\n|-boost|p1a: Flapple|atk|1\n|-boost|p1a: Flapple|spe|1\n|\n|upkeep\n|turn|5\n|inactive|Time left: 300 sec this turn | 300 sec total\n|\n|t:|1783553520\n|move|p1a: Flapple|Grav Apple|p2a: Scream Tail\n|-damage|p2a: Scream Tail|40/100\n|-unboost|p2a: Scream Tail|def|1\n|move|p2a: Scream Tail|Play Rough|p1a: Flapple\n|-supereffective|p1a: Flapple\n|-damage|p1a: Flapple|0 fnt\n|faint|p1a: Flapple\n|\n|-heal|p2a: Scream Tail|46/100|[from] item: Leftovers\n|upkeep\n|inactive|Time left: 300 sec this turn | 300 sec total | 5 sec grace\n|\n|t:|1783553521\n|switch|p1a: Arbok|Arbok, L87, F|246/246\n|-ability|p1a: Arbok|Intimidate|boost\n|-unboost|p2a: Scream Tail|atk|1\n|turn|6\n|inactive|Time left: 300 sec this turn | 300 sec total\n|\n|t:|1783553523\n|-end|p2a: Scream Tail|Protosynthesis|[silent]\n|switch|p2a: Pecharunt|Pecharunt, L77|100/100\n|move|p1a: Arbok|Coil|p1a: Arbok\n|-boost|p1a: Arbok|atk|1\n|-boost|p1a: Arbok|def|1\n|-boost|p1a: Arbok|accuracy|1\n|\n|upkeep\n|turn|7\n|inactive|Time left: 300 sec this turn | 300 sec total\n|\n|t:|1783553524\n|move|p1a: Arbok|Coil|p1a: Arbok\n|-boost|p1a: Arbok|atk|1\n|-boost|p1a: Arbok|def|1\n|-boost|p1a: Arbok|accuracy|1\n|move|p2a: Pecharunt|Nasty Plot|p2a: Pecharunt\n|-boost|p2a: Pecharunt|spa|2\n|\n|upkeep\n|turn|8\n|inactive|Time left: 300 sec this turn | 300 sec total\n|\n|t:|1783553525\n|-terastallize|p1a: Arbok|Ground\n|move|p1a: Arbok|Earthquake|p2a: Pecharunt\n|-supereffective|p2a: Pecharunt\n|-damage|p2a: Pecharunt|0 fnt\n|faint|p2a: Pecharunt\n|\n|upkeep\n|\n|t:|1783553525\n|switch|p2a: Shaymin|Shaymin-Sky, L73|100/100\n|turn|9\n|inactive|Time left: 300 sec this turn | 300 sec total\n|\n|t:|1783553526\n|move|p2a: Shaymin|Seed Flare|p1a: Arbok\n|-supereffective|p1a: Arbok\n|-damage|p1a: Arbok|0 fnt\n|faint|p1a: Arbok\n|\n|upkeep\n|inactive|Time left: 300 sec this turn | 300 sec total | 5 sec grace\n|\n|t:|1783553527\n|switch|p1a: Glimmora|Glimmora, L75, F|248/248\n|turn|10\n|inactive|Time left: 300 sec this turn | 300 sec total\n|\n|t:|1783553528\n|-terastallize|p2a: Shaymin|Steel\n|move|p2a: Shaymin|Seed Flare|p1a: Glimmora\n|-damage|p1a: Glimmora|101/248\n|move|p1a: Glimmora|Sludge Wave|p2a: Shaymin\n|-immune|p2a: Shaymin\n|\n|upkeep\n|turn|11\n|inactive|Time left: 300 sec this turn | 300 sec total\n|\n|t:|1783553529\n|switch|p1a: Vigoroth|Vigoroth, L85, M|275/275\n|move|p2a: Shaymin|Seed Flare|p1a: Vigoroth\n|-damage|p1a: Vigoroth|172/275\n|-unboost|p1a: Vigoroth|spd|2\n|\n|upkeep\n|turn|12\n|inactive|Time left: 300 sec this turn | 300 sec total\n|\n|t:|1783553530\n|switch|p1a: Deoxys|Deoxys-Speed, L82|216/216\n|-ability|p1a: Deoxys|Pressure\n|move|p2a: Shaymin|Seed Flare|p1a: Deoxys\n|-damage|p1a: Deoxys|102/216\n|-unboost|p1a: Deoxys|spd|2\n|\n|upkeep\n|turn|13\n|inactive|Time left: 300 sec this turn | 300 sec total\n|\n|t:|1783553532\n|move|p1a: Deoxys|Focus Blast|p2a: Shaymin\n|-supereffective|p2a: Shaymin\n|-damage|p2a: Shaymin|0 fnt\n|faint|p2a: Shaymin\n|-damage|p1a: Deoxys|81/216|[from] item: Life Orb\n|\n|upkeep\n|\n|t:|1783553533\n|switch|p2a: Scream Tail|Scream Tail, L84|46/100\n|turn|14\n|inactive|Time left: 300 sec this turn | 300 sec total\n|\n|t:|1783553534\n|switch|p1a: Vigoroth|Vigoroth, L85, M|172/275\n|move|p2a: Scream Tail|Wish|p2a: Scream Tail\n|\n|-heal|p2a: Scream Tail|52/100|[from] item: Leftovers\n|upkeep\n|turn|15\n|inactive|Time left: 300 sec this turn | 300 sec total\n|\n|t:|1783553535\n|move|p2a: Scream Tail|Thunder Wave|p1a: Vigoroth\n|-status|p1a: Vigoroth|par\n|move|p1a: Vigoroth|Bulk Up|p1a: Vigoroth\n|-boost|p1a: Vigoroth|atk|1\n|-boost|p1a: Vigoroth|def|1\n|\n|-heal|p2a: Scream Tail|100/100|[from] move: Wish|[wisher] Scream Tail\n|upkeep\n|turn|16\n|inactive|Time left: 300 sec this turn | 300 sec total\n|\n|t:|1783553536\n|-end|p2a: Scream Tail|Protosynthesis|[silent]\n|switch|p2a: Trevenant|Trevenant, L89, F|38/100\n|move|p1a: Vigoroth|Bulk Up|p1a: Vigoroth\n|-boost|p1a: Vigoroth|atk|1\n|-boost|p1a: Vigoroth|def|1\n|\n|upkeep\n|turn|17\n|inactive|Time left: 300 sec this turn | 300 sec total\n|\n|t:|1783553537\n|move|p2a: Trevenant|Drain Punch|p1a: Vigoroth\n|-supereffective|p1a: Vigoroth\n|-damage|p1a: Vigoroth|115/275 par\n|-heal|p2a: Trevenant|47/100|[from] drain|[of] p1a: Vigoroth\n|-damage|p2a: Trevenant|38/100|[from] item: Life Orb\n|cant|p1a: Vigoroth|par\n|\n|upkeep\n|turn|18\n|inactive|Time left: 300 sec this turn | 300 sec total\n|\n|t:|1783553538\n|move|p2a: Trevenant|Drain Punch|p1a: Vigoroth\n|-supereffective|p1a: Vigoroth\n|-damage|p1a: Vigoroth|50/275 par\n|-heal|p2a: Trevenant|49/100|[from] drain|[of] p1a: Vigoroth\n|-damage|p2a: Trevenant|39/100|[from] item: Life Orb\n|move|p1a: Vigoroth|Slack Off|p1a: Vigoroth\n|-heal|p1a: Vigoroth|188/275 par\n|\n|upkeep\n|turn|19\n|inactive|Time left: 300 sec this turn | 300 sec total\n|\n|t:|1783553539\n|move|p2a: Trevenant|Rest|p2a: Trevenant\n|-status|p2a: Trevenant|slp|[from] move: Rest\n|-heal|p2a: Trevenant|100/100 slp|[silent]\n|move|p1a: Vigoroth|Knock Off|p2a: Trevenant\n|-supereffective|p2a: Trevenant\n|-damage|p2a: Trevenant|12/100 slp\n|-enditem|p2a: Trevenant|Life Orb|[from] move: Knock Off|[of] p1a: Vigoroth\n|\n|upkeep\n|turn|20\n|inactive|Time left: 300 sec this turn | 300 sec total\n|\n|t:|1783553540\n|-curestatus|p2a: Trevenant|slp|[from] ability: Natural Cure|[silent]\n|switch|p2a: Vespiquen|Vespiquen, L99, F|100/100\n|-ability|p2a: Vespiquen|Pressure\n|move|p1a: Vigoroth|Knock Off|p2a: Vespiquen\n|-damage|p2a: Vespiquen|69/100\n|-enditem|p2a: Vespiquen|Heavy-Duty Boots|[from] move: Knock Off|[of] p1a: Vigoroth\n|\n|upkeep\n|turn|21\n|inactive|Time left: 300 sec this turn | 300 sec total\n|\n|t:|1783553541\n|move|p2a: Vespiquen|Hurricane|p1a: Vigoroth\n|-damage|p1a: Vigoroth|61/275 par\n|cant|p1a: Vigoroth|par\n|\n|upkeep\n|turn|22\n|inactive|Time left: 300 sec this turn | 300 sec total\n|\n|t:|1783553542\n|move|p2a: Vespiquen|Hurricane|p1a: Vigoroth|[miss]\n|-miss|p2a: Vespiquen|p1a: Vigoroth\n|cant|p1a: Vigoroth|par\n|\n|upkeep\n|turn|23\n|inactive|Time left: 300 sec this turn | 300 sec total\n|\n|t:|1783553543\n|move|p2a: Vespiquen|Hurricane|p1a: Vigoroth\n|-damage|p1a: Vigoroth|0 fnt\n|faint|p1a: Vigoroth\n|\n|upkeep\n|inactive|Time left: 300 sec this turn | 300 sec total | 5 sec grace\n|\n|t:|1783553544\n|switch|p1a: Glimmora|Glimmora, L75, F|101/248\n|turn|24\n|inactive|Time left: 300 sec this turn | 300 sec total\n|\n|t:|1783553545\n|switch|p2a: Duraludon|Duraludon, L82, F|100/100\n|move|p1a: Glimmora|Mortal Spin|p2a: Duraludon\n|-immune|p2a: Duraludon\n|\n|upkeep\n|turn|25\n|inactive|Time left: 300 sec this turn | 300 sec total\n|\n|t:|1783553546\n|move|p2a: Duraludon|Flash Cannon|p1a: Glimmora\n|-supereffective|p1a: Glimmora\n|-damage|p1a: Glimmora|0 fnt\n|faint|p1a: Glimmora\n|\n|upkeep\n|inactive|Time left: 300 sec this turn | 300 sec total | 5 sec grace\n|\n|t:|1783553546\n|switch|p1a: Deoxys|Deoxys-Speed, L82|81/216\n|-ability|p1a: Deoxys|Pressure\n|turn|26\n|inactive|Time left: 300 sec this turn | 300 sec total\n|\n|t:|1783553547\n|move|p1a: Deoxys|Dark Pulse|p2a: Duraludon\n|-damage|p2a: Duraludon|72/100\n|-damage|p1a: Deoxys|60/216|[from] item: Life Orb\n|move|p2a: Duraludon|Flash Cannon|p1a: Deoxys\n|-damage|p1a: Deoxys|0 fnt\n|faint|p1a: Deoxys\n|\n|win|p0y124074be", "uploadtime": 1783553547, "views": 0, "rating": 0, "private": 0, "password": null, "_winner": "p0y124074be", "_our_name": "p0x1240c945"}