{"id": "battle-gen9randombattle-1543", "formatid": "gen9randombattle", "format": "[Gen 9] Random Battle", "players": ["p0x1543bc0e", "p0y1543f37c"], "log": "|init|battle\n|title|p0x1543bc0e vs. p0y1543f37c\n|j|\u2606p0x1543bc0e\n|j|\u2606p0y1543f37c\n|t:|1783557053\n|gametype|singles\n|player|p1|p0x1543bc0e|101|\n|player|p2|p0y1543f37c|266|\n|gen|9\n|tier|[Gen 9] Random Battle\n|rule|Species Clause: Limit one of each Pok\u00e9mon\n|rule|HP Percentage Mod: HP is shown in percentages\n|rule|Sleep Clause Mod: Limit one foe put to sleep\n|rule|Illusion Level Mod: Illusion disguises the Pok\u00e9mon's true level\n|\n|t:|1783557053\n|teamsize|p1|6\n|teamsize|p2|6\n|start\n|switch|p1a: Deoxys|Deoxys-Speed, L82|100/100\n|switch|p2a: Flapple|Flapple, L88, M|266/266\n|-ability|p1a: Deoxys|Pressure\n|turn|1\n|inactive|Battle timer is ON: inactive players will automatically lose when time's up. (requested by p0x1543bc0e)\n|inactive|Time left: 300 sec this turn | 300 sec total | 60 sec grace\n|inactive|p0y1543f37c also wants the timer to be on.\n|\n|t:|1783557054\n|move|p1a: Deoxys|Dark Pulse|p2a: Flapple\n|-damage|p2a: Flapple|187/266\n|-damage|p1a: Deoxys|91/100|[from] item: Life Orb\n|move|p2a: Flapple|Outrage|p1a: Deoxys\n|-damage|p1a: Deoxys|0 fnt\n|faint|p1a: Deoxys\n|\n|upkeep\n|\n|t:|1783557055\n|switch|p1a: Yanmega|Yanmega, L82, M|100/100\n|turn|2\n|inactive|Time left: 300 sec this turn | 300 sec total\n|\n|t:|1783557056\n|move|p1a: Yanmega|Bug Buzz|p2a: Flapple\n|-supereffective|p2a: Flapple\n|-crit|p2a: Flapple\n|-damage|p2a: Flapple|0 fnt\n|faint|p2a: Flapple\n|\n|upkeep\n|inactive|Time left: 300 sec this turn | 300 sec total | 5 sec grace\n|\n|t:|1783557057\n|switch|p2a: Pyroar|Pyroar, L88, F|295/295\n|-ability|p2a: Pyroar|Unnerve\n|turn|3\n|inactive|Time left: 300 sec this turn | 300 sec total\n|\n|t:|1783557058\n|switch|p1a: Arbok|Arbok, L87, F|100/100\n|-ability|p1a: Arbok|Intimidate|boost\n|-unboost|p2a: Pyroar|atk|1\n|move|p2a: Pyroar|Fire Blast|p1a: Arbok\n|-damage|p1a: Arbok|38/100\n|\n|upkeep\n|turn|4\n|inactive|Time left: 300 sec this turn | 300 sec total\n|\n|t:|1783557059\n|switch|p1a: Banette|Banette, L93, F|100/100\n|move|p2a: Pyroar|Hyper Voice|p1a: Banette\n|-immune|p1a: Banette\n|\n|upkeep\n|turn|5\n|inactive|Time left: 300 sec this turn | 300 sec total\n|\n|t:|1783557060\n|move|p2a: Pyroar|Fire Blast|p1a: Banette\n|-damage|p1a: Banette|37/100\n|move|p1a: Banette|Swords Dance|p1a: Banette\n|-boost|p1a: Banette|atk|2\n|\n|upkeep\n|turn|6\n|inactive|Time left: 300 sec this turn | 300 sec total\n|\n|t:|1783557061\n|move|p2a: Pyroar|Fire Blast|p1a: Banette\n|-damage|p1a: Banette|0 fnt\n|faint|p1a: Banette\n|\n|upkeep\n|\n|t:|1783557062\n|switch|p1a: Volbeat|Volbeat, L90, M|100/100\n|turn|7\n|inactive|Time left: 300 sec this turn | 300 sec total\n|\n|t:|1783557063\n|move|p1a: Volbeat|Thunder Wave|p2a: Pyroar\n|-status|p2a: Pyroar|par\n|move|p2a: Pyroar|Fire Blast|p1a: Volbeat|[miss]\n|-miss|p2a: Pyroar|p1a: Volbeat\n|\n|upkeep\n|turn|8\n|inactive|Time left: 300 sec this turn | 300 sec total\n|\n|t:|1783557063\n|move|p1a: Volbeat|Lunge|p2a: Pyroar\n|-resisted|p2a: Pyroar\n|-damage|p2a: Pyroar|255/295 par\n|-unboost|p2a: Pyroar|atk|1\n|cant|p2a: Pyroar|par\n|\n|upkeep\n|turn|9\n|inactive|Time left: 300 sec this turn | 300 sec total\n|\n|t:|1783557064\n|move|p1a: Volbeat|Lunge|p2a: Pyroar\n|-resisted|p2a: Pyroar\n|-damage|p2a: Pyroar|212/295 par\n|-unboost|p2a: Pyroar|atk|1\n|move|p2a: Pyroar|Fire Blast|p1a: Volbeat|[miss]\n|-miss|p2a: Pyroar|p1a: Volbeat\n|\n|upkeep\n|turn|10\n|inactive|Time left: 300 sec this turn | 300 sec total\n|\n|t:|1783557065\n|move|p1a: Volbeat|Lunge|p2a: Pyroar\n|-resisted|p2a: Pyroar\n|-damage|p2a: Pyroar|170/295 par\n|-unboost|p2a: Pyroar|atk|1\n|move|p2a: Pyroar|Fire Blast|p1a: Volbeat\n|-supereffective|p1a: Volbeat\n|-damage|p1a: Volbeat|0 fnt\n|faint|p1a: Volbeat\n|\n|upkeep\n|\n|t:|1783557066\n|switch|p1a: Yanmega|Yanmega, L82, M|100/100\n|turn|11\n|inactive|Time left: 300 sec this turn | 300 sec total\n|\n|t:|1783557067\n|switch|p2a: Drifblim|Drifblim, L86, M|396/396\n|move|p1a: Yanmega|Bug Buzz|p2a: Drifblim\n|-resisted|p2a: Drifblim\n|-damage|p2a: Drifblim|290/396\n|\n|upkeep\n|turn|12\n|inactive|Time left: 300 sec this turn | 300 sec total\n|\n|t:|1783557068\n|move|p1a: Yanmega|Bug Buzz|p2a: Drifblim\n|-resisted|p2a: Drifblim\n|-damage|p2a: Drifblim|176/396\n|-enditem|p2a: Drifblim|Sitrus Berry|[eat]\n|-heal|p2a: Drifblim|275/396|[from] item: Sitrus Berry\n|move|p2a: Drifblim|Calm Mind|p2a: Drifblim\n|-boost|p2a: Drifblim|spa|1\n|-boost|p2a: Drifblim|spd|1\n|\n|upkeep\n|turn|13\n|inactive|Time left: 300 sec this turn | 300 sec total\n|\n|t:|1783557069\n|switch|p1a: Iron Treads|Iron Treads, L77|100/100\n|move|p2a: Drifblim|Air Slash|p1a: Iron Treads\n|-resisted|p1a: Iron Treads\n|-damage|p1a: Iron Treads|73/100\n|\n|-heal|p1a: Iron Treads|79/100|[from] item: Leftovers\n|upkeep\n|turn|14\n|inactive|Time left: 300 sec this turn | 300 sec total\n|\n|t:|1783557070\n|move|p2a: Drifblim|Shadow Ball|p1a: Iron Treads\n|-damage|p1a: Iron Treads|13/100\n|move|p1a: Iron Treads|Stealth Rock|p2a: Drifblim\n|-sidestart|p2: p0y1543f37c|move: Stealth Rock\n|\n|-heal|p1a: Iron Treads|19/100|[from] item: Leftovers\n|upkeep\n|turn|15\n|inactive|Time left: 300 sec this turn | 300 sec total\n|\n|t:|1783557071\n|move|p2a: Drifblim|Air Slash|p1a: Iron Treads\n|-resisted|p1a: Iron Treads\n|-damage|p1a: Iron Treads|0 fnt\n|faint|p1a: Iron Treads\n|-end|p1a: Iron Treads|Quark Drive|[silent]\n|\n|upkeep\n|\n|t:|1783557073\n|switch|p1a: Arbok|Arbok, L87, F|38/100\n|-ability|p1a: Arbok|Intimidate|boost\n|-unboost|p2a: Drifblim|atk|1\n|turn|16\n|inactive|Time left: 300 sec this turn | 300 sec total\n|\n|t:|1783557074\n|move|p1a: Arbok|Sucker Punch|p2a: Drifblim\n|-supereffective|p2a: Drifblim\n|-damage|p2a: Drifblim|77/396\n|-damage|p1a: Arbok|29/100|[from] item: Life Orb\n|move|p2a: Drifblim|Air Slash|p1a: Arbok\n|-damage|p1a: Arbok|0 fnt\n|faint|p1a: Arbok\n|\n|upkeep\n|\n|t:|1783557075\n|switch|p1a: Yanmega|Yanmega, L82, M|100/100\n|turn|17\n|inactive|Time left: 300 sec this turn | 300 sec total\n|\n|t:|1783557076\n|-terastallize|p1a: Yanmega|Bug\n|move|p2a: Drifblim|Air Slash|p1a: Yanmega\n|-supereffective|p1a: Yanmega\n|-damage|p1a: Yanmega|0 fnt\n|faint|p1a: Yanmega\n|\n|win|p0y1543f37c", "uploadtime": 1783557076, "views": 0, "rating": 0, "private": 0, "password": null, "_winner": "p0y1543f37c", "_our_name": "p0y1543f37c"}