{"id": "battle-gen9randombattle-2260", "formatid": "gen9randombattle", "format": "[Gen 9] Random Battle", "players": ["p0x2260a210", "p0y2260ed13"], "log": "|init|battle\n|title|p0x2260a210 vs. p0y2260ed13\n|j|\u2606p0x2260a210\n|j|\u2606p0y2260ed13\n|t:|1783566193\n|gametype|singles\n|player|p1|p0x2260a210|265|\n|player|p2|p0y2260ed13|169|\n|gen|9\n|tier|[Gen 9] Random Battle\n|rule|Species Clause: Limit one of each Pok\u00e9mon\n|rule|HP Percentage Mod: HP is shown in percentages\n|rule|Sleep Clause Mod: Limit one foe put to sleep\n|rule|Illusion Level Mod: Illusion disguises the Pok\u00e9mon's true level\n|\n|t:|1783566193\n|teamsize|p1|6\n|teamsize|p2|6\n|start\n|switch|p1a: Grafaiai|Grafaiai, L86, F|249/249\n|switch|p2a: Arceus|Arceus-Psychic, L70|100/100\n|turn|1\n|inactive|Battle timer is ON: inactive players will automatically lose when time's up. (requested by p0y2260ed13)\n|inactive|Time left: 300 sec this turn | 300 sec total | 60 sec grace\n|inactive|p0x2260a210 also wants the timer to be on.\n|\n|t:|1783566194\n|move|p1a: Grafaiai|Swords Dance|p1a: Grafaiai\n|-boost|p1a: Grafaiai|atk|2\n|move|p2a: Arceus|Body Press|p1a: Grafaiai\n|-damage|p1a: Grafaiai|189/249\n|\n|upkeep\n|turn|2\n|inactive|Time left: 300 sec this turn | 300 sec total\n|\n|t:|1783566195\n|switch|p2a: Mimikyu|Mimikyu, L79, M|100/100\n|move|p1a: Grafaiai|Knock Off|p2a: Mimikyu\n|-activate|p2a: Mimikyu|ability: Disguise\n|-damage|p2a: Mimikyu|100/100\n|-enditem|p2a: Mimikyu|Life Orb|[from] move: Knock Off|[of] p1a: Grafaiai\n|detailschange|p2a: Mimikyu|Mimikyu-Busted, L79, M\n|-damage|p2a: Mimikyu|88/100|[from] pokemon: Mimikyu-Busted\n|-damage|p1a: Grafaiai|165/249|[from] item: Life Orb\n|\n|upkeep\n|turn|3\n|inactive|Time left: 300 sec this turn | 300 sec total\n|\n|t:|1783566196\n|move|p1a: Grafaiai|Gunk Shot|p2a: Mimikyu\n|-damage|p2a: Mimikyu|0 fnt\n|faint|p2a: Mimikyu\n|-damage|p1a: Grafaiai|141/249|[from] item: Life Orb\n|\n|upkeep\n|\n|t:|1783566197\n|switch|p2a: Raichu|Raichu, L88, M|100/100\n|turn|4\n|inactive|Time left: 300 sec this turn | 300 sec total\n|\n|t:|1783566198\n|switch|p1a: Gogoat|Gogoat, L88, F|360/360\n|move|p2a: Raichu|Thunderbolt|p1a: Gogoat\n|-resisted|p1a: Gogoat\n|-damage|p1a: Gogoat|290/360\n|-status|p1a: Gogoat|par\n|\n|-heal|p1a: Gogoat|312/360 par|[from] item: Leftovers\n|upkeep\n|turn|5\n|inactive|Time left: 300 sec this turn | 300 sec total\n|\n|t:|1783566200\n|switch|p2a: Zapdos|Zapdos-Galar, L77|100/100\n|cant|p1a: Gogoat|par\n|\n|-heal|p1a: Gogoat|334/360 par|[from] item: Leftovers\n|upkeep\n|turn|6\n|inactive|Time left: 300 sec this turn | 300 sec total\n|\n|t:|1783566201\n|move|p2a: Zapdos|Brave Bird|p1a: Gogoat\n|-supereffective|p1a: Gogoat\n|-damage|p1a: Gogoat|0 fnt\n|faint|p1a: Gogoat\n|-damage|p2a: Zapdos|59/100|[from] Recoil\n|-damage|p2a: Zapdos|49/100|[from] item: Life Orb\n|\n|upkeep\n|inactive|Time left: 300 sec this turn | 300 sec total | 5 sec grace\n|\n|t:|1783566202\n|switch|p1a: Floatzel|Floatzel, L86, F|286/286\n|turn|7\n|inactive|Time left: 300 sec this turn | 300 sec total\n|\n|t:|1783566203\n|move|p1a: Floatzel|Wave Crash|p2a: Zapdos\n|-damage|p2a: Zapdos|0 fnt\n|faint|p2a: Zapdos\n|-damage|p1a: Floatzel|243/286|[from] Recoil\n|\n|upkeep\n|\n|t:|1783566204\n|switch|p2a: Flapple|Flapple, L88, M|100/100\n|turn|8\n|inactive|Time left: 300 sec this turn | 300 sec total\n|\n|t:|1783566205\n|switch|p1a: Dedenne|Dedenne, L88, M|261/261\n|move|p2a: Flapple|Outrage|p1a: Dedenne\n|-immune|p1a: Dedenne\n|\n|upkeep\n|turn|9\n|inactive|Time left: 300 sec this turn | 300 sec total\n|\n|t:|1783566206\n|-terastallize|p2a: Flapple|Fire\n|move|p1a: Dedenne|Dazzling Gleam|p2a: Flapple\n|-resisted|p2a: Flapple\n|-damage|p2a: Flapple|81/100\n|move|p2a: Flapple|Dragon Dance|p2a: Flapple\n|-boost|p2a: Flapple|atk|1\n|-boost|p2a: Flapple|spe|1\n|\n|upkeep\n|turn|10\n|inactive|Time left: 300 sec this turn | 300 sec total\n|\n|t:|1783566207\n|move|p2a: Flapple|Grav Apple|p1a: Dedenne\n|-damage|p1a: Dedenne|0 fnt\n|faint|p1a: Dedenne\n|\n|upkeep\n|inactive|Time left: 300 sec this turn | 300 sec total | 5 sec grace\n|\n|t:|1783566208\n|switch|p1a: Zebstrika|Zebstrika, L87, M|272/272\n|turn|11\n|inactive|Time left: 300 sec this turn | 300 sec total\n|\n|t:|1783566209\n|move|p2a: Flapple|Outrage|p1a: Zebstrika\n|-damage|p1a: Zebstrika|0 fnt\n|faint|p1a: Zebstrika\n|\n|upkeep\n|inactive|Time left: 300 sec this turn | 300 sec total | 5 sec grace\n|\n|t:|1783566211\n|switch|p1a: Floatzel|Floatzel, L86, F|243/286\n|turn|12\n|inactive|Time left: 300 sec this turn | 300 sec total\n|\n|t:|1783566211\n|move|p2a: Flapple|Outrage|p1a: Floatzel|[from] lockedmove\n|-damage|p1a: Floatzel|0 fnt\n|faint|p1a: Floatzel\n|\n|upkeep\n|inactive|Time left: 300 sec this turn | 300 sec total | 5 sec grace\n|\n|t:|1783566212\n|switch|p1a: Dodrio|Dodrio, L85, F|241/241\n|turn|13\n|inactive|Time left: 300 sec this turn | 300 sec total\n|\n|t:|1783566213\n|move|p2a: Flapple|Outrage|p1a: Dodrio|[from] lockedmove\n|-damage|p1a: Dodrio|0 fnt\n|faint|p1a: Dodrio\n|-start|p2a: Flapple|confusion|[fatigue]\n|\n|upkeep\n|inactive|Time left: 300 sec this turn | 300 sec total | 5 sec grace\n|\n|t:|1783566214\n|switch|p1a: Grafaiai|Grafaiai, L86, F|141/249\n|turn|14\n|inactive|Time left: 300 sec this turn | 300 sec total\n|\n|t:|1783566215\n|-activate|p2a: Flapple|confusion\n|move|p2a: Flapple|Outrage|p1a: Grafaiai\n|-damage|p1a: Grafaiai|0 fnt\n|faint|p1a: Grafaiai\n|\n|win|p0y2260ed13", "uploadtime": 1783566215, "views": 0, "rating": 0, "private": 0, "password": null, "_winner": "p0y2260ed13", "_our_name": "p0x2260a210"}