{"id": "battle-gen9randombattle-2374", "formatid": "gen9randombattle", "format": "[Gen 9] Random Battle", "players": ["p0x2374ecd6", "p0y237498e7"], "log": "|init|battle\n|title|p0x2374ecd6 vs. p0y237498e7\n|j|\u2606p0x2374ecd6\n|j|\u2606p0y237498e7\n|t:|1783567576\n|gametype|singles\n|player|p1|p0x2374ecd6|102|\n|player|p2|p0y237498e7|266|\n|gen|9\n|tier|[Gen 9] Random Battle\n|rule|Species Clause: Limit one of each Pok\u00e9mon\n|rule|HP Percentage Mod: HP is shown in percentages\n|rule|Sleep Clause Mod: Limit one foe put to sleep\n|rule|Illusion Level Mod: Illusion disguises the Pok\u00e9mon's true level\n|\n|t:|1783567576\n|teamsize|p1|6\n|teamsize|p2|6\n|start\n|switch|p1a: Hitmonchan|Hitmonchan, L87, M|100/100\n|switch|p2a: Meowstic|Meowstic, L89, M|277/277\n|turn|1\n|inactive|Battle timer is ON: inactive players will automatically lose when time's up. (requested by p0y237498e7)\n|\n|t:|1783567577\n|move|p2a: Meowstic|Reflect|p2a: Meowstic\n|-sidestart|p2: p0y237498e7|Reflect\n|move|p1a: Hitmonchan|Knock Off|p2a: Meowstic\n|-supereffective|p2a: Meowstic\n|-damage|p2a: Meowstic|169/277\n|-enditem|p2a: Meowstic|Light Clay|[from] move: Knock Off|[of] p1a: Hitmonchan\n|-damage|p1a: Hitmonchan|91/100|[from] item: Life Orb\n|\n|upkeep\n|turn|2\n|inactive|Time left: 300 sec this turn | 300 sec total\n|inactive|p0x2374ecd6 also wants the timer to be on.\n|\n|t:|1783567578\n|switch|p1a: Chansey|Chansey, L85, F|100/100\n|move|p2a: Meowstic|Psychic Noise|p1a: Chansey\n|-damage|p1a: Chansey|92/100\n|-start|p1a: Chansey|move: Heal Block\n|\n|upkeep\n|turn|3\n|inactive|Time left: 300 sec this turn | 300 sec total\n|\n|t:|1783567579\n|move|p2a: Meowstic|Light Screen|p2a: Meowstic\n|-sidestart|p2: p0y237498e7|move: Light Screen\n|move|p1a: Chansey|Stealth Rock|p2a: Meowstic\n|-sidestart|p2: p0y237498e7|move: Stealth Rock\n|\n|-end|p1a: Chansey|move: Heal Block\n|upkeep\n|turn|4\n|inactive|Time left: 300 sec this turn | 300 sec total\n|\n|t:|1783567580\n|move|p2a: Meowstic|Psychic Noise|p1a: Chansey\n|-damage|p1a: Chansey|84/100\n|-start|p1a: Chansey|move: Heal Block\n|move|p1a: Chansey|Seismic Toss|p2a: Meowstic\n|-damage|p2a: Meowstic|84/277\n|\n|upkeep\n|turn|5\n|inactive|Time left: 300 sec this turn | 300 sec total\n|\n|t:|1783567581\n|switch|p2a: Noctowl|Noctowl, L95, F|344/344\n|move|p1a: Chansey|Thunder Wave|p2a: Noctowl\n|-status|p2a: Noctowl|par\n|\n|-end|p1a: Chansey|move: Heal Block\n|upkeep\n|turn|6\n|inactive|Time left: 300 sec this turn | 300 sec total\n|\n|t:|1783567582\n|move|p1a: Chansey|Soft-Boiled|p1a: Chansey\n|-heal|p1a: Chansey|100/100\n|move|p2a: Noctowl|Nasty Plot|p2a: Noctowl\n|-boost|p2a: Noctowl|spa|2\n|\n|upkeep\n|turn|7\n|inactive|Time left: 300 sec this turn | 300 sec total\n|\n|t:|1783567584\n|move|p1a: Chansey|Seismic Toss|p2a: Noctowl\n|-damage|p2a: Noctowl|259/344 par\n|move|p2a: Noctowl|Nasty Plot|p2a: Noctowl\n|-boost|p2a: Noctowl|spa|2\n|\n|-sideend|p2: p0y237498e7|move: Light Screen\n|upkeep\n|turn|8\n|inactive|Time left: 300 sec this turn | 300 sec total\n|\n|t:|1783567585\n|move|p1a: Chansey|Seismic Toss|p2a: Noctowl\n|-damage|p2a: Noctowl|174/344 par\n|cant|p2a: Noctowl|par\n|\n|-sideend|p2: p0y237498e7|Reflect\n|upkeep\n|turn|9\n|inactive|Time left: 300 sec this turn | 300 sec total\n|\n|t:|1783567586\n|move|p1a: Chansey|Seismic Toss|p2a: Noctowl\n|-damage|p2a: Noctowl|89/344 par\n|move|p2a: Noctowl|Hyper Voice|p1a: Chansey\n|-damage|p1a: Chansey|69/100\n|\n|upkeep\n|turn|10\n|inactive|Time left: 300 sec this turn | 300 sec total\n|\n|t:|1783567587\n|move|p1a: Chansey|Seismic Toss|p2a: Noctowl\n|-damage|p2a: Noctowl|4/344 par\n|cant|p2a: Noctowl|par\n|\n|upkeep\n|turn|11\n|inactive|Time left: 300 sec this turn | 300 sec total\n|\n|t:|1783567588\n|move|p1a: Chansey|Seismic Toss|p2a: Noctowl\n|-damage|p2a: Noctowl|0 fnt\n|faint|p2a: Noctowl\n|\n|upkeep\n|inactive|Time left: 300 sec this turn | 300 sec total | 5 sec grace\n|\n|t:|1783567588\n|switch|p2a: Garchomp|Garchomp, L74, M|282/282\n|-damage|p2a: Garchomp|265/282|[from] Stealth Rock\n|turn|12\n|inactive|Time left: 300 sec this turn | 300 sec total\n|\n|t:|1783567589\n|switch|p1a: Tauros|Tauros-Paldea-Combat, L82, M|100/100\n|-ability|p1a: Tauros|Intimidate|boost\n|-unboost|p2a: Garchomp|atk|1\n|move|p2a: Garchomp|Outrage|p1a: Tauros\n|-damage|p1a: Tauros|72/100\n|\n|upkeep\n|turn|13\n|inactive|Time left: 300 sec this turn | 300 sec total\n|\n|t:|1783567591\n|switch|p1a: Pecharunt|Pecharunt, L77|100/100\n|move|p2a: Garchomp|Outrage|p1a: Pecharunt|[from] lockedmove\n|-damage|p1a: Pecharunt|78/100\n|-start|p2a: Garchomp|confusion|[fatigue]\n|\n|-heal|p1a: Pecharunt|84/100|[from] item: Leftovers\n|upkeep\n|turn|14\n|inactive|Time left: 300 sec this turn | 300 sec total\n|\n|t:|1783567591\n|switch|p2a: Diancie|Diancie, L82|216/216\n|-damage|p2a: Diancie|189/216|[from] Stealth Rock\n|move|p1a: Pecharunt|Nasty Plot|p1a: Pecharunt\n|-boost|p1a: Pecharunt|spa|2\n|\n|-heal|p1a: Pecharunt|90/100|[from] item: Leftovers\n|-heal|p2a: Diancie|202/216|[from] item: Leftovers\n|upkeep\n|turn|15\n|inactive|Time left: 300 sec this turn | 300 sec total\n|\n|t:|1783567592\n|move|p1a: Pecharunt|Malignant Chain|p2a: Diancie\n|-damage|p2a: Diancie|85/216\n|-status|p2a: Diancie|tox\n|-start|p2a: Diancie|confusion|[from] ability: Poison Puppeteer|[of] p1a: Pecharunt\n|-activate|p2a: Diancie|confusion\n|move|p2a: Diancie|Calm Mind|p2a: Diancie\n|-boost|p2a: Diancie|spa|1\n|-boost|p2a: Diancie|spd|1\n|\n|-heal|p1a: Pecharunt|96/100|[from] item: Leftovers\n|-heal|p2a: Diancie|98/216 tox|[from] item: Leftovers\n|-damage|p2a: Diancie|85/216 tox|[from] psn\n|upkeep\n|turn|16\n|inactive|Time left: 300 sec this turn | 300 sec total\n|\n|t:|1783567593\n|move|p1a: Pecharunt|Shadow Ball|p2a: Diancie\n|-damage|p2a: Diancie|24/216 tox\n|-activate|p2a: Diancie|confusion\n|move|p2a: Diancie|Earth Power|p1a: Pecharunt\n|-supereffective|p1a: Pecharunt\n|-damage|p1a: Pecharunt|15/100\n|\n|-heal|p1a: Pecharunt|21/100|[from] item: Leftovers\n|-heal|p2a: Diancie|37/216 tox|[from] item: Leftovers\n|-damage|p2a: Diancie|11/216 tox|[from] psn\n|upkeep\n|turn|17\n|inactive|Time left: 300 sec this turn | 300 sec total\n|\n|t:|1783567594\n|move|p1a: Pecharunt|Recover|p1a: Pecharunt\n|-heal|p1a: Pecharunt|71/100\n|-activate|p2a: Diancie|confusion\n|-damage|p2a: Diancie|0 fnt|[from] confusion\n|faint|p2a: Diancie\n|\n|-heal|p1a: Pecharunt|77/100|[from] item: Leftovers\n|upkeep\n|inactive|Time left: 300 sec this turn | 300 sec total | 5 sec grace\n|\n|t:|1783567594\n|switch|p2a: Garchomp|Garchomp, L74, M|265/282\n|-damage|p2a: Garchomp|248/282|[from] Stealth Rock\n|turn|18\n|inactive|Time left: 300 sec this turn | 300 sec total\n|\n|t:|1783567595\n|move|p2a: Garchomp|Earthquake|p1a: Pecharunt\n|-supereffective|p1a: Pecharunt\n|-damage|p1a: Pecharunt|26/100\n|move|p1a: Pecharunt|Shadow Ball|p2a: Garchomp\n|-damage|p2a: Garchomp|86/282\n|\n|-heal|p1a: Pecharunt|32/100|[from] item: Leftovers\n|upkeep\n|turn|19\n|inactive|Time left: 300 sec this turn | 300 sec total\n|\n|t:|1783567597\n|switch|p1a: Tauros|Tauros-Paldea-Combat, L82, M|72/100\n|-ability|p1a: Tauros|Intimidate|boost\n|-unboost|p2a: Garchomp|atk|1\n|move|p2a: Garchomp|Outrage|p1a: Tauros\n|-damage|p1a: Tauros|44/100\n|\n|upkeep\n|turn|20\n|inactive|Time left: 300 sec this turn | 300 sec total\n|\n|t:|1783567598\n|switch|p1a: Arceus|Arceus-Ground, L70|100/100\n|move|p2a: Garchomp|Outrage|p1a: Arceus|[from] lockedmove\n|-damage|p1a: Arceus|72/100\n|-start|p2a: Garchomp|confusion|[fatigue]\n|\n|upkeep\n|turn|21\n|inactive|Time left: 300 sec this turn | 300 sec total\n|\n|t:|1783567599\n|switch|p2a: Granbull|Granbull, L88, F|302/302\n|-damage|p2a: Granbull|265/302|[from] Stealth Rock\n|-ability|p2a: Granbull|Intimidate|boost\n|-unboost|p1a: Arceus|atk|1\n|move|p1a: Arceus|Earthquake|p2a: Granbull\n|-damage|p2a: Granbull|193/302\n|\n|-heal|p2a: Granbull|211/302|[from] item: Leftovers\n|upkeep\n|turn|22\n|inactive|Time left: 300 sec this turn | 300 sec total\n|\n|t:|1783567600\n|switch|p1a: Pecharunt|Pecharunt, L77|32/100\n|move|p2a: Granbull|Play Rough|p1a: Pecharunt\n|-resisted|p1a: Pecharunt\n|-crit|p1a: Pecharunt\n|-damage|p1a: Pecharunt|10/100\n|-unboost|p1a: Pecharunt|atk|1\n|\n|-heal|p1a: Pecharunt|16/100|[from] item: Leftovers\n|-heal|p2a: Granbull|229/302|[from] item: Leftovers\n|upkeep\n|turn|23\n|inactive|Time left: 300 sec this turn | 300 sec total\n|\n|t:|1783567601\n|move|p1a: Pecharunt|Malignant Chain|p2a: Granbull\n|-supereffective|p2a: Granbull\n|-damage|p2a: Granbull|29/302\n|-status|p2a: Granbull|tox\n|-start|p2a: Granbull|confusion|[from] ability: Poison Puppeteer|[of] p1a: Pecharunt\n|-activate|p2a: Granbull|confusion\n|-damage|p2a: Granbull|0 fnt|[from] confusion\n|faint|p2a: Granbull\n|\n|-heal|p1a: Pecharunt|22/100|[from] item: Leftovers\n|upkeep\n|inactive|Time left: 300 sec this turn | 300 sec total | 5 sec grace\n|\n|t:|1783567602\n|switch|p2a: Garchomp|Garchomp, L74, M|86/282\n|-damage|p2a: Garchomp|69/282|[from] Stealth Rock\n|turn|24\n|inactive|Time left: 300 sec this turn | 300 sec total\n|\n|t:|1783567603\n|switch|p1a: Tauros|Tauros-Paldea-Combat, L82, M|44/100\n|-ability|p1a: Tauros|Intimidate|boost\n|-unboost|p2a: Garchomp|atk|1\n|move|p2a: Garchomp|Outrage|p1a: Tauros\n|-damage|p1a: Tauros|15/100\n|\n|upkeep\n|turn|25\n|inactive|Time left: 300 sec this turn | 300 sec total\n|\n|t:|1783567604\n|switch|p1a: Gogoat|Gogoat, L88, M|100/100\n|move|p2a: Garchomp|Outrage|p1a: Gogoat|[from] lockedmove\n|-damage|p1a: Gogoat|72/100\n|\n|-heal|p1a: Gogoat|78/100|[from] item: Leftovers\n|upkeep\n|turn|26\n|inactive|Time left: 300 sec this turn | 300 sec total\n|\n|t:|1783567605\n|move|p2a: Garchomp|Outrage|p1a: Gogoat|[from] lockedmove\n|-damage|p1a: Gogoat|50/100\n|-start|p2a: Garchomp|confusion|[fatigue]\n|move|p1a: Gogoat|Milk Drink|p1a: Gogoat\n|-heal|p1a: Gogoat|99/100\n|\n|-heal|p1a: Gogoat|100/100|[from] item: Leftovers\n|upkeep\n|turn|27\n|inactive|Time left: 300 sec this turn | 300 sec total\n|\n|t:|1783567606\n|-activate|p2a: Garchomp|confusion\n|move|p2a: Garchomp|Spikes|p1a: Gogoat\n|-sidestart|p1: p0x2374ecd6|Spikes\n|move|p1a: Gogoat|Bulk Up|p1a: Gogoat\n|-boost|p1a: Gogoat|atk|1\n|-boost|p1a: Gogoat|def|1\n|\n|upkeep\n|turn|28\n|inactive|Time left: 300 sec this turn | 300 sec total\n|\n|t:|1783567607\n|-activate|p2a: Garchomp|confusion\n|-damage|p2a: Garchomp|49/282|[from] confusion\n|move|p1a: Gogoat|Bulk Up|p1a: Gogoat\n|-boost|p1a: Gogoat|atk|1\n|-boost|p1a: Gogoat|def|1\n|\n|upkeep\n|turn|29\n|inactive|Time left: 300 sec this turn | 300 sec total\n|\n|t:|1783567607\n|-activate|p2a: Garchomp|confusion\n|move|p2a: Garchomp|Spikes|p1a: Gogoat\n|-sidestart|p1: p0x2374ecd6|Spikes\n|move|p1a: Gogoat|Rock Slide|p2a: Garchomp\n|-resisted|p2a: Garchomp\n|-damage|p2a: Garchomp|0 fnt\n|faint|p2a: Garchomp\n|\n|upkeep\n|inactive|Time left: 300 sec this turn | 300 sec total | 5 sec grace\n|\n|t:|1783567608\n|switch|p2a: Meowstic|Meowstic, L89, M|84/277\n|-damage|p2a: Meowstic|50/277|[from] Stealth Rock\n|turn|30\n|inactive|Time left: 300 sec this turn | 300 sec total\n|\n|t:|1783567609\n|move|p2a: Meowstic|Reflect|p2a: Meowstic\n|-sidestart|p2: p0y237498e7|Reflect\n|move|p1a: Gogoat|Rock Slide|p2a: Meowstic\n|-damage|p2a: Meowstic|0 fnt\n|faint|p2a: Meowstic\n|\n|upkeep\n|inactive|Time left: 300 sec this turn | 300 sec total | 5 sec grace\n|\n|t:|1783567610\n|switch|p2a: Goodra|Goodra, L85, F|292/292\n|-damage|p2a: Goodra|256/292|[from] Stealth Rock\n|turn|31\n|inactive|Time left: 300 sec this turn | 300 sec total\n|\n|t:|1783567611\n|move|p1a: Gogoat|Rock Slide|p2a: Goodra\n|-damage|p2a: Goodra|189/292\n|move|p2a: Goodra|Dragon Tail|p1a: Gogoat\n|-damage|p1a: Gogoat|89/100\n|drag|p1a: Arceus|Arceus-Ground, L70|72/100\n|-damage|p1a: Arceus|55/100|[from] Spikes\n|\n|upkeep\n|turn|32\n|inactive|Time left: 300 sec this turn | 300 sec total\n|\n|t:|1783567612\n|move|p1a: Arceus|Recover|p1a: Arceus\n|-heal|p1a: Arceus|100/100\n|move|p2a: Goodra|Scald|p1a: Arceus\n|-supereffective|p1a: Arceus\n|-damage|p1a: Arceus|59/100\n|\n|upkeep\n|turn|33\n|inactive|Time left: 300 sec this turn | 300 sec total\n|\n|t:|1783567614\n|move|p1a: Arceus|Recover|p1a: Arceus\n|-heal|p1a: Arceus|100/100\n|move|p2a: Goodra|Dragon Tail|p1a: Arceus\n|-damage|p1a: Arceus|78/100\n|drag|p1a: Hitmonchan|Hitmonchan, L87, M|91/100\n|-damage|p1a: Hitmonchan|74/100|[from] Spikes\n|\n|upkeep\n|turn|34\n|inactive|Time left: 300 sec this turn | 300 sec total\n|\n|t:|1783567615\n|move|p1a: Hitmonchan|Drain Punch|p2a: Goodra\n|-damage|p2a: Goodra|103/292\n|-heal|p1a: Hitmonchan|93/100|[from] drain|[of] p2a: Goodra\n|-damage|p1a: Hitmonchan|83/100|[from] item: Life Orb\n|move|p2a: Goodra|Dragon Tail|p1a: Hitmonchan\n|-damage|p1a: Hitmonchan|54/100\n|drag|p1a: Arceus|Arceus-Ground, L70|78/100\n|-damage|p1a: Arceus|62/100|[from] Spikes\n|\n|-sideend|p2: p0y237498e7|Reflect\n|upkeep\n|turn|35\n|inactive|Time left: 300 sec this turn | 300 sec total\n|\n|t:|1783567617\n|move|p1a: Arceus|Earthquake|p2a: Goodra\n|-damage|p2a: Goodra|0 fnt\n|faint|p2a: Goodra\n|\n|win|p0x2374ecd6", "uploadtime": 1783567617, "views": 0, "rating": 0, "private": 0, "password": null, "_winner": "p0x2374ecd6", "_our_name": "p0y237498e7"}