{"id": "battle-gen9randombattle-1286", "formatid": "gen9randombattle", "format": "[Gen 9] Random Battle", "players": ["p0x1286493b", "p0y12862546"], "log": "|init|battle\n|title|p0x1286493b vs. p0y12862546\n|j|\u2606p0x1286493b\n|j|\u2606p0y12862546\n|t:|1783554052\n|gametype|singles\n|player|p1|p0x1286493b|170|\n|player|p2|p0y12862546|266|\n|gen|9\n|tier|[Gen 9] Random Battle\n|rule|Species Clause: Limit one of each Pok\u00e9mon\n|rule|HP Percentage Mod: HP is shown in percentages\n|rule|Sleep Clause Mod: Limit one foe put to sleep\n|rule|Illusion Level Mod: Illusion disguises the Pok\u00e9mon's true level\n|\n|t:|1783554052\n|teamsize|p1|6\n|teamsize|p2|6\n|start\n|switch|p1a: Stantler|Stantler, L92, M|284/284\n|switch|p2a: Jumpluff|Jumpluff, L87, F|100/100\n|-ability|p1a: Stantler|Intimidate|boost\n|-unboost|p2a: Jumpluff|atk|1\n|turn|1\n|inactive|Battle timer is ON: inactive players will automatically lose when time's up. (requested by p0x1286493b)\n|inactive|p0y12862546 also wants the timer to be on.\n|\n|t:|1783554054\n|switch|p2a: Gumshoos|Gumshoos, L95, F|100/100\n|move|p1a: Stantler|Calm Mind|p1a: Stantler\n|-boost|p1a: Stantler|spa|1\n|-boost|p1a: Stantler|spd|1\n|\n|upkeep\n|turn|2\n|inactive|Time left: 300 sec this turn | 300 sec total\n|\n|t:|1783554055\n|move|p1a: Stantler|Tera Blast|p2a: Gumshoos\n|-damage|p2a: Gumshoos|48/100\n|move|p2a: Gumshoos|Knock Off|p1a: Stantler\n|-crit|p1a: Stantler\n|-damage|p1a: Stantler|104/284\n|-enditem|p1a: Stantler|Eviolite|[from] move: Knock Off|[of] p2a: Gumshoos\n|\n|upkeep\n|turn|3\n|inactive|Time left: 300 sec this turn | 300 sec total\n|\n|t:|1783554056\n|switch|p2a: Golurk|Golurk, L87|100/100\n|move|p1a: Stantler|Tera Blast|p2a: Golurk\n|-immune|p2a: Golurk\n|\n|upkeep\n|turn|4\n|inactive|Time left: 300 sec this turn | 300 sec total\n|\n|t:|1783554057\n|move|p1a: Stantler|Shadow Ball|p2a: Golurk\n|-supereffective|p2a: Golurk\n|-damage|p2a: Golurk|33/100\n|-unboost|p2a: Golurk|spd|1\n|move|p2a: Golurk|Stealth Rock|p1a: Stantler\n|-sidestart|p1: p0x1286493b|move: Stealth Rock\n|\n|upkeep\n|turn|5\n|inactive|Time left: 300 sec this turn | 300 sec total\n|\n|t:|1783554058\n|switch|p2a: Gumshoos|Gumshoos, L95, F|48/100\n|move|p1a: Stantler|Earth Power|p2a: Gumshoos\n|-damage|p2a: Gumshoos|10/100\n|\n|upkeep\n|turn|6\n|inactive|Time left: 300 sec this turn | 300 sec total\n|\n|t:|1783554059\n|switch|p2a: Bellossom|Bellossom, L84, M|100/100\n|move|p1a: Stantler|Earth Power|p2a: Bellossom\n|-resisted|p2a: Bellossom\n|-damage|p2a: Bellossom|83/100\n|\n|-heal|p2a: Bellossom|89/100|[from] item: Leftovers\n|upkeep\n|turn|7\n|inactive|Time left: 300 sec this turn | 300 sec total\n|\n|t:|1783554060\n|move|p1a: Stantler|Tera Blast|p2a: Bellossom\n|-damage|p2a: Bellossom|43/100\n|move|p2a: Bellossom|Quiver Dance|p2a: Bellossom\n|-boost|p2a: Bellossom|spa|1\n|-boost|p2a: Bellossom|spd|1\n|-boost|p2a: Bellossom|spe|1\n|\n|-heal|p2a: Bellossom|49/100|[from] item: Leftovers\n|upkeep\n|turn|8\n|inactive|Time left: 300 sec this turn | 300 sec total\n|\n|t:|1783554061\n|move|p1a: Stantler|Tera Blast|p2a: Bellossom\n|-damage|p2a: Bellossom|16/100\n|move|p2a: Bellossom|Strength Sap|p1a: Stantler\n|-unboost|p1a: Stantler|atk|1\n|-heal|p2a: Bellossom|100/100\n|\n|upkeep\n|turn|9\n|inactive|Time left: 300 sec this turn | 300 sec total\n|\n|t:|1783554062\n|move|p1a: Stantler|Calm Mind|p1a: Stantler\n|-boost|p1a: Stantler|spa|1\n|-boost|p1a: Stantler|spd|1\n|move|p2a: Bellossom|Quiver Dance|p2a: Bellossom\n|-boost|p2a: Bellossom|spa|1\n|-boost|p2a: Bellossom|spd|1\n|-boost|p2a: Bellossom|spe|1\n|\n|upkeep\n|turn|10\n|inactive|Time left: 300 sec this turn | 300 sec total\n|\n|t:|1783554064\n|move|p2a: Bellossom|Giga Drain|p1a: Stantler\n|-damage|p1a: Stantler|17/284\n|move|p1a: Stantler|Calm Mind|p1a: Stantler\n|-boost|p1a: Stantler|spa|1\n|-boost|p1a: Stantler|spd|1\n|\n|upkeep\n|turn|11\n|inactive|Time left: 300 sec this turn | 300 sec total\n|\n|t:|1783554065\n|move|p2a: Bellossom|Moonblast|p1a: Stantler\n|-damage|p1a: Stantler|0 fnt\n|faint|p1a: Stantler\n|\n|upkeep\n|inactive|Time left: 300 sec this turn | 300 sec total | 5 sec grace\n|\n|t:|1783554066\n|switch|p1a: Scream Tail|Scream Tail, L84|330/330\n|-damage|p1a: Scream Tail|289/330|[from] Stealth Rock\n|turn|12\n|inactive|Time left: 300 sec this turn | 300 sec total\n|\n|t:|1783554067\n|move|p2a: Bellossom|Quiver Dance|p2a: Bellossom\n|-boost|p2a: Bellossom|spa|1\n|-boost|p2a: Bellossom|spd|1\n|-boost|p2a: Bellossom|spe|1\n|move|p1a: Scream Tail|Encore|p2a: Bellossom\n|-start|p2a: Bellossom|Encore\n|\n|-heal|p1a: Scream Tail|309/330|[from] item: Leftovers\n|upkeep\n|turn|13\n|inactive|Time left: 300 sec this turn | 300 sec total\n|\n|t:|1783554068\n|-end|p1a: Scream Tail|Protosynthesis|[silent]\n|switch|p1a: Keldeo|Keldeo-Resolute, L79|273/273\n|-damage|p1a: Keldeo|256/273|[from] Stealth Rock\n|move|p2a: Bellossom|Quiver Dance|p2a: Bellossom\n|-boost|p2a: Bellossom|spa|1\n|-boost|p2a: Bellossom|spd|1\n|-boost|p2a: Bellossom|spe|1\n|\n|-heal|p1a: Keldeo|273/273|[from] item: Leftovers\n|upkeep\n|turn|14\n|inactive|Time left: 300 sec this turn | 300 sec total\n|\n|t:|1783554069\n|move|p2a: Bellossom|Quiver Dance|p2a: Bellossom\n|-boost|p2a: Bellossom|spa|1\n|-boost|p2a: Bellossom|spd|1\n|-boost|p2a: Bellossom|spe|1\n|move|p1a: Keldeo|Secret Sword|p2a: Bellossom\n|-damage|p2a: Bellossom|62/100\n|\n|-heal|p2a: Bellossom|69/100|[from] item: Leftovers\n|upkeep\n|turn|15\n|inactive|Time left: 300 sec this turn | 300 sec total\n|\n|t:|1783554070\n|-terastallize|p1a: Keldeo|Steel\n|move|p2a: Bellossom|Quiver Dance|p2a: Bellossom\n|-boost|p2a: Bellossom|spa|1\n|-boost|p2a: Bellossom|spd|1\n|-boost|p2a: Bellossom|spe|1\n|move|p1a: Keldeo|Calm Mind|p1a: Keldeo\n|-boost|p1a: Keldeo|spa|1\n|-boost|p1a: Keldeo|spd|1\n|\n|-heal|p2a: Bellossom|75/100|[from] item: Leftovers\n|-end|p2a: Bellossom|Encore\n|upkeep\n|turn|16\n|inactive|Time left: 300 sec this turn | 300 sec total\n|\n|t:|1783554071\n|move|p2a: Bellossom|Giga Drain|p1a: Keldeo\n|-resisted|p1a: Keldeo\n|-damage|p1a: Keldeo|172/273\n|-heal|p2a: Bellossom|94/100|[from] drain|[of] p1a: Keldeo\n|move|p1a: Keldeo|Calm Mind|p1a: Keldeo\n|-boost|p1a: Keldeo|spa|1\n|-boost|p1a: Keldeo|spd|1\n|\n|-heal|p2a: Bellossom|99/100|[from] item: Leftovers\n|-heal|p1a: Keldeo|189/273|[from] item: Leftovers\n|upkeep\n|turn|17\n|inactive|Time left: 300 sec this turn | 300 sec total\n|\n|t:|1783554072\n|-terastallize|p2a: Bellossom|Fairy\n|move|p2a: Bellossom|Moonblast|p1a: Keldeo\n|-resisted|p1a: Keldeo\n|-damage|p1a: Keldeo|89/273\n|move|p1a: Keldeo|Secret Sword|p2a: Bellossom\n|-resisted|p2a: Bellossom\n|-damage|p2a: Bellossom|65/100\n|\n|-heal|p2a: Bellossom|71/100|[from] item: Leftovers\n|-heal|p1a: Keldeo|106/273|[from] item: Leftovers\n|upkeep\n|turn|18\n|inactive|Time left: 300 sec this turn | 300 sec total\n|\n|t:|1783554073\n|move|p2a: Bellossom|Giga Drain|p1a: Keldeo\n|-resisted|p1a: Keldeo\n|-damage|p1a: Keldeo|29/273\n|-heal|p2a: Bellossom|86/100|[from] drain|[of] p1a: Keldeo\n|move|p1a: Keldeo|Hydro Pump|p2a: Bellossom\n|-damage|p2a: Bellossom|62/100\n|\n|-heal|p2a: Bellossom|69/100|[from] item: Leftovers\n|-heal|p1a: Keldeo|46/273|[from] item: Leftovers\n|upkeep\n|turn|19\n|inactive|Time left: 300 sec this turn | 300 sec total\n|\n|t:|1783554074\n|move|p2a: Bellossom|Giga Drain|p1a: Keldeo\n|-resisted|p1a: Keldeo\n|-damage|p1a: Keldeo|0 fnt\n|-heal|p2a: Bellossom|77/100|[from] drain|[of] p1a: Keldeo\n|faint|p1a: Keldeo\n|\n|-heal|p2a: Bellossom|83/100|[from] item: Leftovers\n|upkeep\n|inactive|Time left: 300 sec this turn | 300 sec total | 5 sec grace\n|\n|t:|1783554075\n|switch|p1a: Scream Tail|Scream Tail, L84|309/330\n|-damage|p1a: Scream Tail|268/330|[from] Stealth Rock\n|turn|20\n|inactive|Time left: 300 sec this turn | 300 sec total\n|\n|t:|1783554076\n|move|p1a: Scream Tail|Protect|p1a: Scream Tail\n|-singleturn|p1a: Scream Tail|Protect\n|move|p2a: Bellossom|Moonblast|p1a: Scream Tail\n|-activate|p1a: Scream Tail|move: Protect\n|\n|-heal|p2a: Bellossom|89/100|[from] item: Leftovers\n|-heal|p1a: Scream Tail|288/330|[from] item: Leftovers\n|upkeep\n|turn|21\n|inactive|Time left: 300 sec this turn | 300 sec total\n|\n|t:|1783554077\n|move|p2a: Bellossom|Moonblast|p1a: Scream Tail\n|-damage|p1a: Scream Tail|0 fnt\n|faint|p1a: Scream Tail\n|-end|p1a: Scream Tail|Protosynthesis|[silent]\n|\n|-heal|p2a: Bellossom|96/100|[from] item: Leftovers\n|upkeep\n|inactive|Time left: 300 sec this turn | 300 sec total | 5 sec grace\n|\n|t:|1783554077\n|switch|p1a: Vaporeon|Vaporeon, L86, M|364/364\n|-damage|p1a: Vaporeon|319/364|[from] Stealth Rock\n|turn|22\n|inactive|Time left: 300 sec this turn | 300 sec total\n|\n|t:|1783554079\n|move|p1a: Vaporeon|Protect|p1a: Vaporeon\n|-singleturn|p1a: Vaporeon|Protect\n|move|p2a: Bellossom|Moonblast|p1a: Vaporeon\n|-activate|p1a: Vaporeon|move: Protect\n|\n|-heal|p2a: Bellossom|100/100|[from] item: Leftovers\n|-heal|p1a: Vaporeon|341/364|[from] item: Leftovers\n|upkeep\n|turn|23\n|inactive|Time left: 300 sec this turn | 300 sec total\n|\n|t:|1783554080\n|move|p2a: Bellossom|Giga Drain|p1a: Vaporeon\n|-supereffective|p1a: Vaporeon\n|-damage|p1a: Vaporeon|0 fnt\n|faint|p1a: Vaporeon\n|\n|upkeep\n|inactive|Time left: 300 sec this turn | 300 sec total | 5 sec grace\n|\n|t:|1783554081\n|switch|p1a: Dudunsparce|Dudunsparce-Three-Segment, L83, M|343/343\n|-damage|p1a: Dudunsparce|301/343|[from] Stealth Rock\n|turn|24\n|inactive|Time left: 300 sec this turn | 300 sec total\n|\n|t:|1783554082\n|move|p2a: Bellossom|Moonblast|p1a: Dudunsparce\n|-damage|p1a: Dudunsparce|0 fnt\n|faint|p1a: Dudunsparce\n|\n|upkeep\n|inactive|Time left: 300 sec this turn | 300 sec total | 5 sec grace\n|\n|t:|1783554083\n|switch|p1a: Pawmot|Pawmot, L80, F|243/243\n|-damage|p1a: Pawmot|228/243|[from] Stealth Rock\n|turn|25\n|inactive|Time left: 300 sec this turn | 300 sec total\n|\n|t:|1783554084\n|move|p2a: Bellossom|Giga Drain|p1a: Pawmot\n|-damage|p1a: Pawmot|0 fnt\n|faint|p1a: Pawmot\n|\n|win|p0y12862546", "uploadtime": 1783554084, "views": 0, "rating": 0, "private": 0, "password": null, "_winner": "p0y12862546", "_our_name": "p0x1286493b"}