{"id": "battle-gen9randombattle-485", "formatid": "gen9randombattle", "format": "[Gen 9] Random Battle", "players": ["p0x485c588", "p0y4857258"], "log": "|init|battle\n|title|p0x485c588 vs. p0y4857258\n|j|\u2606p0x485c588\n|j|\u2606p0y4857258\n|t:|1783544660\n|gametype|singles\n|player|p1|p0x485c588|170|\n|player|p2|p0y4857258|265|\n|gen|9\n|tier|[Gen 9] Random Battle\n|rule|Species Clause: Limit one of each Pok\u00e9mon\n|rule|HP Percentage Mod: HP is shown in percentages\n|rule|Sleep Clause Mod: Limit one foe put to sleep\n|rule|Illusion Level Mod: Illusion disguises the Pok\u00e9mon's true level\n|\n|t:|1783544660\n|teamsize|p1|6\n|teamsize|p2|6\n|start\n|switch|p1a: Stonjourner|Stonjourner, L91, F|100/100\n|switch|p2a: Girafarig|Girafarig, L89, M|269/269\n|turn|1\n|inactive|Battle timer is ON: inactive players will automatically lose when time's up. (requested by p0x485c588)\n|inactive|Time left: 300 sec this turn | 300 sec total | 60 sec grace\n|inactive|p0y4857258 also wants the timer to be on.\n|\n|t:|1783544662\n|move|p2a: Girafarig|Psychic|p1a: Stonjourner\n|-damage|p1a: Stonjourner|36/100\n|move|p1a: Stonjourner|Stone Edge|p2a: Girafarig\n|-damage|p2a: Girafarig|108/269\n|-damage|p1a: Stonjourner|26/100|[from] item: Life Orb\n|\n|upkeep\n|turn|2\n|inactive|Time left: 300 sec this turn | 300 sec total\n|\n|t:|1783544663\n|switch|p1a: Ting-Lu|Ting-Lu, L78|100/100\n|-ability|p1a: Ting-Lu|Vessel of Ruin\n|move|p2a: Girafarig|Psychic|p1a: Ting-Lu\n|-immune|p1a: Ting-Lu\n|\n|upkeep\n|turn|3\n|inactive|Time left: 300 sec this turn | 300 sec total\n|\n|t:|1783544665\n|move|p2a: Girafarig|Dazzling Gleam|p1a: Ting-Lu\n|-supereffective|p1a: Ting-Lu\n|-damage|p1a: Ting-Lu|70/100\n|move|p1a: Ting-Lu|Throat Chop|p2a: Girafarig\n|-supereffective|p2a: Girafarig\n|-damage|p2a: Girafarig|0 fnt\n|faint|p2a: Girafarig\n|\n|-heal|p1a: Ting-Lu|76/100|[from] item: Leftovers\n|upkeep\n|inactive|Time left: 300 sec this turn | 300 sec total | 5 sec grace\n|\n|t:|1783544666\n|switch|p2a: Ariados|Ariados, L95, F|287/287\n|turn|4\n|inactive|Time left: 300 sec this turn | 300 sec total\n|\n|t:|1783544667\n|move|p2a: Ariados|Sticky Web|p1a: Ting-Lu\n|-sidestart|p1: p0x485c588|move: Sticky Web\n|move|p1a: Ting-Lu|Throat Chop|p2a: Ariados\n|-damage|p2a: Ariados|199/287\n|-start|p2a: Ariados|Throat Chop|[silent]\n|\n|-heal|p1a: Ting-Lu|82/100|[from] item: Leftovers\n|upkeep\n|turn|5\n|inactive|Time left: 300 sec this turn | 300 sec total\n|\n|t:|1783544668\n|switch|p1a: Corviknight|Corviknight, L80, F|100/100\n|-ability|p1a: Corviknight|Pressure\n|move|p2a: Ariados|Megahorn|p1a: Corviknight\n|-resisted|p1a: Corviknight\n|-damage|p1a: Corviknight|87/100\n|-damage|p2a: Ariados|152/287|[from] item: Rocky Helmet|[of] p1a: Corviknight\n|\n|-end|p2a: Ariados|Throat Chop|[silent]\n|upkeep\n|turn|6\n|inactive|Time left: 300 sec this turn | 300 sec total\n|\n|t:|1783544669\n|switch|p2a: Lapras|Lapras, L87, F|367/367\n|move|p1a: Corviknight|Defog|p2a: Lapras\n|-unboost|p2a: Lapras|evasion|1\n|-sideend|p1: p0x485c588|Sticky Web|[from] move: Defog|[of] p1a: Corviknight\n|\n|upkeep\n|turn|7\n|inactive|Time left: 300 sec this turn | 300 sec total\n|\n|t:|1783544670\n|move|p2a: Lapras|Ice Beam|p1a: Corviknight\n|-damage|p1a: Corviknight|38/100\n|move|p1a: Corviknight|Roost|p1a: Corviknight\n|-heal|p1a: Corviknight|88/100\n|-singleturn|p1a: Corviknight|move: Roost\n|\n|upkeep\n|turn|8\n|inactive|Time left: 300 sec this turn | 300 sec total\n|\n|t:|1783544672\n|switch|p1a: Slowking|Slowking, L88, M|100/100\n|move|p2a: Lapras|Ice Beam|p1a: Slowking\n|-resisted|p1a: Slowking\n|-damage|p1a: Slowking|83/100\n|\n|-heal|p1a: Slowking|89/100|[from] item: Leftovers\n|upkeep\n|turn|9\n|inactive|Time left: 300 sec this turn | 300 sec total\n|\n|t:|1783544673\n|move|p2a: Lapras|Ice Beam|p1a: Slowking\n|-resisted|p1a: Slowking\n|-damage|p1a: Slowking|72/100\n|move|p1a: Slowking|Psyshock|p2a: Lapras\n|-damage|p2a: Lapras|261/367\n|\n|-heal|p1a: Slowking|78/100|[from] item: Leftovers\n|upkeep\n|turn|10\n|inactive|Time left: 300 sec this turn | 300 sec total\n|\n|t:|1783544674\n|move|p2a: Lapras|Ice Beam|p1a: Slowking\n|-resisted|p1a: Slowking\n|-damage|p1a: Slowking|62/100\n|move|p1a: Slowking|Psyshock|p2a: Lapras\n|-damage|p2a: Lapras|158/367\n|\n|-heal|p1a: Slowking|68/100|[from] item: Leftovers\n|upkeep\n|turn|11\n|inactive|Time left: 300 sec this turn | 300 sec total\n|\n|t:|1783544675\n|move|p2a: Lapras|Ice Beam|p1a: Slowking\n|-resisted|p1a: Slowking\n|-damage|p1a: Slowking|50/100\n|move|p1a: Slowking|Psyshock|p2a: Lapras\n|-damage|p2a: Lapras|52/367\n|\n|-heal|p1a: Slowking|56/100|[from] item: Leftovers\n|upkeep\n|turn|12\n|inactive|Time left: 300 sec this turn | 300 sec total\n|\n|t:|1783544676\n|move|p2a: Lapras|Ice Beam|p1a: Slowking\n|-resisted|p1a: Slowking\n|-damage|p1a: Slowking|37/100\n|move|p1a: Slowking|Psyshock|p2a: Lapras\n|-damage|p2a: Lapras|0 fnt\n|faint|p2a: Lapras\n|\n|-heal|p1a: Slowking|43/100|[from] item: Leftovers\n|upkeep\n|inactive|Time left: 300 sec this turn | 300 sec total | 5 sec grace\n|\n|t:|1783544677\n|switch|p2a: Ariados|Ariados, L95, F|152/287\n|turn|13\n|inactive|Time left: 300 sec this turn | 300 sec total\n|\n|t:|1783544678\n|move|p2a: Ariados|Sticky Web|p1a: Slowking\n|-sidestart|p1: p0x485c588|move: Sticky Web\n|move|p1a: Slowking|Psyshock|p2a: Ariados\n|-supereffective|p2a: Ariados\n|-damage|p2a: Ariados|0 fnt\n|faint|p2a: Ariados\n|\n|-heal|p1a: Slowking|50/100|[from] item: Leftovers\n|upkeep\n|inactive|Time left: 300 sec this turn | 300 sec total | 5 sec grace\n|\n|t:|1783544679\n|switch|p2a: Gardevoir|Gardevoir, L83, F|249/249\n|-ability|p2a: Gardevoir|Regenerator|Trace|[from] ability: Trace|[of] p1a: Slowking\n|turn|14\n|inactive|Time left: 300 sec this turn | 300 sec total\n|\n|t:|1783544679\n|move|p2a: Gardevoir|Calm Mind|p2a: Gardevoir\n|-boost|p2a: Gardevoir|spa|1\n|-boost|p2a: Gardevoir|spd|1\n|move|p1a: Slowking|Thunder Wave|p2a: Gardevoir\n|-status|p2a: Gardevoir|par\n|\n|-heal|p1a: Slowking|56/100|[from] item: Leftovers\n|upkeep\n|turn|15\n|inactive|Time left: 300 sec this turn | 300 sec total\n|\n|t:|1783544680\n|move|p1a: Slowking|Slack Off|p1a: Slowking\n|-heal|p1a: Slowking|100/100\n|move|p2a: Gardevoir|Moonblast|p1a: Slowking\n|-damage|p1a: Slowking|39/100\n|-damage|p2a: Gardevoir|225/249 par|[from] item: Life Orb\n|\n|-heal|p1a: Slowking|45/100|[from] item: Leftovers\n|upkeep\n|turn|16\n|inactive|Time left: 300 sec this turn | 300 sec total\n|\n|t:|1783544682\n|move|p1a: Slowking|Slack Off|p1a: Slowking\n|-heal|p1a: Slowking|95/100\n|move|p2a: Gardevoir|Moonblast|p1a: Slowking\n|-damage|p1a: Slowking|34/100\n|-damage|p2a: Gardevoir|201/249 par|[from] item: Life Orb\n|\n|-heal|p1a: Slowking|40/100|[from] item: Leftovers\n|upkeep\n|turn|17\n|inactive|Time left: 300 sec this turn | 300 sec total\n|\n|t:|1783544683\n|move|p1a: Slowking|Slack Off|p1a: Slowking\n|-heal|p1a: Slowking|90/100\n|move|p2a: Gardevoir|Moonblast|p1a: Slowking\n|-damage|p1a: Slowking|26/100\n|-unboost|p1a: Slowking|spa|1\n|-damage|p2a: Gardevoir|177/249 par|[from] item: Life Orb\n|\n|-heal|p1a: Slowking|32/100|[from] item: Leftovers\n|upkeep\n|turn|18\n|inactive|Time left: 300 sec this turn | 300 sec total\n|\n|t:|1783544685\n|move|p1a: Slowking|Slack Off|p1a: Slowking\n|-heal|p1a: Slowking|82/100\n|cant|p2a: Gardevoir|par\n|\n|-heal|p1a: Slowking|88/100|[from] item: Leftovers\n|upkeep\n|turn|19\n|inactive|Time left: 300 sec this turn | 300 sec total\n|\n|t:|1783544686\n|switch|p1a: Corviknight|Corviknight, L80, F|88/100\n|-ability|p1a: Corviknight|Pressure\n|cant|p2a: Gardevoir|par\n|\n|upkeep\n|turn|20\n|inactive|Time left: 300 sec this turn | 300 sec total\n|\n|t:|1783544687\n|move|p1a: Corviknight|Defog|p2a: Gardevoir\n|-unboost|p2a: Gardevoir|evasion|1\n|-sideend|p1: p0x485c588|Sticky Web|[from] move: Defog|[of] p1a: Corviknight\n|move|p2a: Gardevoir|Mystical Fire|p1a: Corviknight\n|-supereffective|p1a: Corviknight\n|-damage|p1a: Corviknight|0 fnt\n|faint|p1a: Corviknight\n|-damage|p2a: Gardevoir|153/249 par|[from] item: Life Orb\n|\n|upkeep\n|\n|t:|1783544688\n|switch|p1a: Stonjourner|Stonjourner, L91, F|26/100\n|turn|21\n|inactive|Time left: 300 sec this turn | 300 sec total\n|\n|t:|1783544689\n|switch|p2a: Greedent|Greedent, L86, F|347/347\n|move|p1a: Stonjourner|Heat Crash|p2a: Greedent\n|-damage|p2a: Greedent|211/347\n|-damage|p1a: Stonjourner|16/100|[from] item: Life Orb\n|\n|upkeep\n|turn|22\n|inactive|Time left: 300 sec this turn | 300 sec total\n|\n|t:|1783544690\n|-terastallize|p1a: Stonjourner|Fire\n|move|p1a: Stonjourner|Heat Crash|p2a: Greedent\n|-damage|p2a: Greedent|8/347\n|-enditem|p2a: Greedent|Sitrus Berry|[eat]\n|-heal|p2a: Greedent|94/347|[from] item: Sitrus Berry\n|-heal|p2a: Greedent|209/347|[from] ability: Cheek Pouch\n|-damage|p1a: Stonjourner|6/100|[from] item: Life Orb\n|move|p2a: Greedent|Swords Dance|p2a: Greedent\n|-boost|p2a: Greedent|atk|2\n|\n|upkeep\n|turn|23\n|inactive|Time left: 300 sec this turn | 300 sec total\n|\n|t:|1783544691\n|switch|p2a: Probopass|Probopass, L91, F|257/257\n|move|p1a: Stonjourner|Heat Crash|p2a: Probopass\n|-damage|p2a: Probopass|206/257\n|-damage|p1a: Stonjourner|0 fnt|[from] item: Life Orb\n|faint|p1a: Stonjourner\n|\n|-heal|p2a: Probopass|222/257|[from] item: Leftovers\n|upkeep\n|\n|t:|1783544692\n|switch|p1a: Slowking|Slowking, L88, M|100/100\n|turn|24\n|inactive|Time left: 300 sec this turn | 300 sec total\n|\n|t:|1783544694\n|move|p2a: Probopass|Iron Defense|p2a: Probopass\n|-boost|p2a: Probopass|def|2\n|move|p1a: Slowking|Scald|p2a: Probopass\n|-supereffective|p2a: Probopass\n|-crit|p2a: Probopass\n|-damage|p2a: Probopass|58/257\n|\n|-heal|p2a: Probopass|74/257|[from] item: Leftovers\n|upkeep\n|turn|25\n|inactive|Time left: 300 sec this turn | 300 sec total\n|\n|t:|1783544695\n|move|p2a: Probopass|Thunder Wave|p1a: Slowking\n|-status|p1a: Slowking|par\n|move|p1a: Slowking|Scald|p2a: Probopass\n|-supereffective|p2a: Probopass\n|-damage|p2a: Probopass|0 fnt\n|faint|p2a: Probopass\n|\n|upkeep\n|inactive|Time left: 300 sec this turn | 300 sec total | 5 sec grace\n|\n|t:|1783544696\n|switch|p2a: Greedent|Greedent, L86, F|209/347\n|turn|26\n|inactive|Time left: 300 sec this turn | 300 sec total\n|\n|t:|1783544697\n|move|p2a: Greedent|Swords Dance|p2a: Greedent\n|-boost|p2a: Greedent|atk|2\n|cant|p1a: Slowking|par\n|\n|upkeep\n|turn|27\n|inactive|Time left: 300 sec this turn | 300 sec total\n|\n|t:|1783544698\n|switch|p1a: Dipplin|Dipplin, L88, F|100/100\n|move|p2a: Greedent|Knock Off|p1a: Dipplin\n|-damage|p1a: Dipplin|71/100\n|-activate|p1a: Dipplin|ability: Sticky Hold\n|\n|upkeep\n|turn|28\n|inactive|Time left: 300 sec this turn | 300 sec total\n|\n|t:|1783544699\n|move|p2a: Greedent|Knock Off|p1a: Dipplin\n|-crit|p1a: Dipplin\n|-damage|p1a: Dipplin|30/100\n|-activate|p1a: Dipplin|ability: Sticky Hold\n|move|p1a: Dipplin|Dragon Tail|p2a: Greedent\n|-damage|p2a: Greedent|155/347\n|drag|p2a: Gardevoir|Gardevoir, L83, F|236/249 par\n|-ability|p2a: Gardevoir|Sticky Hold|Trace|[from] ability: Trace|[of] p1a: Dipplin\n|\n|upkeep\n|turn|29\n|inactive|Time left: 300 sec this turn | 300 sec total\n|\n|t:|1783544700\n|move|p1a: Dipplin|Giga Drain|p2a: Gardevoir\n|-damage|p2a: Gardevoir|160/249 par\n|-heal|p1a: Dipplin|43/100|[from] drain|[of] p2a: Gardevoir\n|move|p2a: Gardevoir|Moonblast|p1a: Dipplin\n|-supereffective|p1a: Dipplin\n|-damage|p1a: Dipplin|0 fnt\n|faint|p1a: Dipplin\n|-damage|p2a: Gardevoir|136/249 par|[from] item: Life Orb\n|\n|upkeep\n|\n|t:|1783544702\n|switch|p1a: Ting-Lu|Ting-Lu, L78|82/100\n|-ability|p1a: Ting-Lu|Vessel of Ruin\n|turn|30\n|inactive|Time left: 300 sec this turn | 300 sec total\n|\n|t:|1783544703\n|move|p1a: Ting-Lu|Earthquake|p2a: Gardevoir\n|-crit|p2a: Gardevoir\n|-damage|p2a: Gardevoir|0 fnt\n|faint|p2a: Gardevoir\n|\n|-heal|p1a: Ting-Lu|88/100|[from] item: Leftovers\n|upkeep\n|inactive|Time left: 300 sec this turn | 300 sec total | 5 sec grace\n|\n|t:|1783544704\n|switch|p2a: Greedent|Greedent, L86, F|155/347\n|turn|31\n|inactive|Time left: 300 sec this turn | 300 sec total\n|\n|t:|1783544705\n|move|p1a: Ting-Lu|Earthquake|p2a: Greedent\n|-damage|p2a: Greedent|68/347\n|move|p2a: Greedent|Earthquake|p1a: Ting-Lu\n|-damage|p1a: Ting-Lu|73/100\n|\n|-heal|p1a: Ting-Lu|79/100|[from] item: Leftovers\n|upkeep\n|turn|32\n|inactive|Time left: 300 sec this turn | 300 sec total\n|\n|t:|1783544706\n|move|p1a: Ting-Lu|Throat Chop|p2a: Greedent\n|-damage|p2a: Greedent|0 fnt\n|faint|p2a: Greedent\n|\n|win|p0x485c588", "uploadtime": 1783544706, "views": 0, "rating": 0, "private": 0, "password": null, "_winner": "p0x485c588", "_our_name": "p0y4857258"}