{"id": "battle-gen9randombattle-1908", "formatid": "gen9randombattle", "format": "[Gen 9] Random Battle", "players": ["p0x190887c3", "p0y1908f59a"], "log": "|init|battle\n|title|p0x190887c3 vs. p0y1908f59a\n|j|\u2606p0x190887c3\n|j|\u2606p0y1908f59a\n|t:|1783561319\n|gametype|singles\n|player|p1|p0x190887c3|101|\n|player|p2|p0y1908f59a|1|\n|gen|9\n|tier|[Gen 9] Random Battle\n|rule|Species Clause: Limit one of each Pok\u00e9mon\n|rule|HP Percentage Mod: HP is shown in percentages\n|rule|Sleep Clause Mod: Limit one foe put to sleep\n|rule|Illusion Level Mod: Illusion disguises the Pok\u00e9mon's true level\n|\n|t:|1783561319\n|teamsize|p1|6\n|teamsize|p2|6\n|start\n|switch|p1a: Palossand|Palossand, L89, M|296/296\n|switch|p2a: Mimikyu|Mimikyu, L79, F|100/100\n|turn|1\n|inactive|Battle timer is ON: inactive players will automatically lose when time's up. (requested by p0y1908f59a)\n|inactive|Time left: 300 sec this turn | 300 sec total | 60 sec grace\n|inactive|p0x190887c3 also wants the timer to be on.\n|\n|t:|1783561321\n|move|p2a: Mimikyu|Swords Dance|p2a: Mimikyu\n|-boost|p2a: Mimikyu|atk|2\n|move|p1a: Palossand|Earth Power|p2a: Mimikyu\n|-activate|p2a: Mimikyu|ability: Disguise\n|-damage|p2a: Mimikyu|100/100\n|detailschange|p2a: Mimikyu|Mimikyu-Busted, L79, F\n|-damage|p2a: Mimikyu|88/100|[from] pokemon: Mimikyu-Busted\n|\n|upkeep\n|turn|2\n|inactive|Time left: 300 sec this turn | 300 sec total\n|\n|t:|1783561322\n|-terastallize|p2a: Mimikyu|Fairy\n|move|p2a: Mimikyu|Play Rough|p1a: Palossand\n|-damage|p1a: Palossand|67/296\n|-damage|p2a: Mimikyu|78/100|[from] item: Life Orb\n|move|p1a: Palossand|Shadow Ball|p2a: Mimikyu\n|-damage|p2a: Mimikyu|34/100\n|-unboost|p2a: Mimikyu|spd|1\n|\n|-heal|p1a: Palossand|85/296|[from] item: Leftovers\n|upkeep\n|turn|3\n|inactive|Time left: 300 sec this turn | 300 sec total\n|\n|t:|1783561323\n|switch|p1a: Volcanion|Volcanion, L79|255/255\n|move|p2a: Mimikyu|Play Rough|p1a: Volcanion\n|-resisted|p1a: Volcanion\n|-damage|p1a: Volcanion|147/255\n|-damage|p2a: Mimikyu|24/100|[from] item: Life Orb\n|\n|upkeep\n|turn|4\n|inactive|Time left: 300 sec this turn | 300 sec total\n|\n|t:|1783561324\n|move|p1a: Volcanion|Steam Eruption|p2a: Mimikyu\n|-damage|p2a: Mimikyu|0 fnt\n|faint|p2a: Mimikyu\n|\n|upkeep\n|\n|t:|1783561325\n|switch|p2a: Haxorus|Haxorus, L77, M|100/100\n|-ability|p2a: Haxorus|Mold Breaker\n|turn|5\n|inactive|Time left: 300 sec this turn | 300 sec total\n|\n|t:|1783561326\n|move|p1a: Volcanion|Steam Eruption|p2a: Haxorus\n|-resisted|p2a: Haxorus\n|-damage|p2a: Haxorus|67/100\n|move|p2a: Haxorus|Outrage|p1a: Volcanion\n|-damage|p1a: Volcanion|27/255\n|\n|upkeep\n|turn|6\n|inactive|Time left: 300 sec this turn | 300 sec total\n|\n|t:|1783561327\n|switch|p1a: Hatterene|Hatterene, L85, F|236/236\n|move|p2a: Haxorus|Outrage|p1a: Hatterene|[from] lockedmove\n|-immune|p1a: Hatterene\n|-start|p2a: Haxorus|confusion|[fatigue]\n|-enditem|p2a: Haxorus|Lum Berry|[eat]\n|-end|p2a: Haxorus|confusion\n|\n|upkeep\n|turn|7\n|inactive|Time left: 300 sec this turn | 300 sec total\n|\n|t:|1783561329\n|switch|p2a: Tyranitar|Tyranitar, L78, F|100/100\n|-weather|Sandstorm|[from] ability: Sand Stream|[of] p2a: Tyranitar\n|move|p1a: Hatterene|Draining Kiss|p2a: Tyranitar\n|-supereffective|p2a: Tyranitar\n|-damage|p2a: Tyranitar|77/100\n|\n|-weather|Sandstorm|[upkeep]\n|-damage|p1a: Hatterene|222/236|[from] Sandstorm\n|upkeep\n|turn|8\n|inactive|Time left: 300 sec this turn | 300 sec total\n|\n|t:|1783561330\n|move|p2a: Tyranitar|Knock Off|p1a: Hatterene\n|-damage|p1a: Hatterene|114/236\n|-enditem|p1a: Hatterene|Assault Vest|[from] move: Knock Off|[of] p2a: Tyranitar\n|move|p1a: Hatterene|Nuzzle|p2a: Tyranitar\n|-damage|p2a: Tyranitar|72/100\n|-status|p2a: Tyranitar|par\n|\n|-weather|Sandstorm|[upkeep]\n|-damage|p1a: Hatterene|100/236|[from] Sandstorm\n|upkeep\n|turn|9\n|inactive|Time left: 300 sec this turn | 300 sec total\n|\n|t:|1783561331\n|move|p1a: Hatterene|Mystical Fire|p2a: Tyranitar\n|-resisted|p2a: Tyranitar\n|-damage|p2a: Tyranitar|67/100 par\n|-unboost|p2a: Tyranitar|spa|1\n|cant|p2a: Tyranitar|par\n|\n|-weather|Sandstorm|[upkeep]\n|-damage|p1a: Hatterene|86/236|[from] Sandstorm\n|upkeep\n|turn|10\n|inactive|Time left: 300 sec this turn | 300 sec total\n|\n|t:|1783561332\n|move|p1a: Hatterene|Draining Kiss|p2a: Tyranitar\n|-supereffective|p2a: Tyranitar\n|-damage|p2a: Tyranitar|45/100 par\n|-heal|p1a: Hatterene|133/236|[from] drain|[of] p2a: Tyranitar\n|move|p2a: Tyranitar|Knock Off|p1a: Hatterene\n|-damage|p1a: Hatterene|66/236\n|\n|-weather|Sandstorm|[upkeep]\n|-damage|p1a: Hatterene|52/236|[from] Sandstorm\n|upkeep\n|turn|11\n|inactive|Time left: 300 sec this turn | 300 sec total\n|\n|t:|1783561333\n|switch|p2a: Ceruledge|Ceruledge, L78, F|100/100\n|move|p1a: Hatterene|Draining Kiss|p2a: Ceruledge\n|-resisted|p2a: Ceruledge\n|-damage|p2a: Ceruledge|87/100\n|-heal|p1a: Hatterene|77/236|[from] drain|[of] p2a: Ceruledge\n|\n|-weather|none\n|upkeep\n|turn|12\n|inactive|Time left: 300 sec this turn | 300 sec total\n|\n|t:|1783561334\n|switch|p1a: Volcanion|Volcanion, L79|27/255\n|move|p2a: Ceruledge|Bitter Blade|p1a: Volcanion\n|-resisted|p1a: Volcanion\n|-damage|p1a: Volcanion|5/255\n|-heal|p2a: Ceruledge|92/100|[from] drain|[of] p1a: Volcanion\n|\n|upkeep\n|turn|13\n|inactive|Time left: 300 sec this turn | 300 sec total\n|\n|t:|1783561335\n|move|p2a: Ceruledge|Shadow Sneak|p1a: Volcanion\n|-damage|p1a: Volcanion|0 fnt\n|faint|p1a: Volcanion\n|\n|upkeep\n|inactive|Time left: 300 sec this turn | 300 sec total | 5 sec grace\n|\n|t:|1783561335\n|switch|p1a: Hariyama|Hariyama, L87, M|392/392\n|turn|14\n|inactive|Time left: 300 sec this turn | 300 sec total\n|\n|t:|1783561336\n|move|p2a: Ceruledge|Poltergeist|p1a: Hariyama\n|-activate|p1a: Hariyama|move: Poltergeist|Assault Vest\n|-damage|p1a: Hariyama|220/392\n|move|p1a: Hariyama|Headlong Rush|p2a: Ceruledge\n|-supereffective|p2a: Ceruledge\n|-damage|p2a: Ceruledge|0 fnt\n|-unboost|p1a: Hariyama|def|1\n|-unboost|p1a: Hariyama|spd|1\n|faint|p2a: Ceruledge\n|\n|upkeep\n|\n|t:|1783561337\n|switch|p2a: Haxorus|Haxorus, L77, M|67/100\n|-ability|p2a: Haxorus|Mold Breaker\n|turn|15\n|inactive|Time left: 300 sec this turn | 300 sec total\n|\n|t:|1783561338\n|move|p2a: Haxorus|Iron Head|p1a: Hariyama\n|-damage|p1a: Hariyama|91/392\n|move|p1a: Hariyama|Close Combat|p2a: Haxorus\n|-damage|p2a: Haxorus|2/100\n|-unboost|p1a: Hariyama|def|1\n|-unboost|p1a: Hariyama|spd|1\n|\n|upkeep\n|turn|16\n|inactive|Time left: 300 sec this turn | 300 sec total\n|\n|t:|1783561339\n|switch|p1a: Hatterene|Hatterene, L85, F|77/236\n|move|p2a: Haxorus|Outrage|p1a: Hatterene\n|-immune|p1a: Hatterene\n|\n|upkeep\n|turn|17\n|inactive|Time left: 300 sec this turn | 300 sec total\n|\n|t:|1783561340\n|move|p2a: Haxorus|Iron Head|p1a: Hatterene\n|-supereffective|p1a: Hatterene\n|-damage|p1a: Hatterene|0 fnt\n|faint|p1a: Hatterene\n|\n|upkeep\n|inactive|Time left: 300 sec this turn | 300 sec total | 5 sec grace\n|\n|t:|1783561341\n|switch|p1a: Palossand|Palossand, L89, M|85/296\n|turn|18\n|inactive|Time left: 300 sec this turn | 300 sec total\n|\n|t:|1783561341\n|move|p2a: Haxorus|Outrage|p1a: Palossand\n|-damage|p1a: Palossand|0 fnt\n|faint|p1a: Palossand\n|\n|upkeep\n|inactive|Time left: 300 sec this turn | 300 sec total | 5 sec grace\n|\n|t:|1783561342\n|switch|p1a: Jumpluff|Jumpluff, L87, F|271/271\n|turn|19\n|inactive|Time left: 300 sec this turn | 300 sec total\n|\n|t:|1783561343\n|move|p1a: Jumpluff|Acrobatics|p2a: Haxorus\n|-damage|p2a: Haxorus|0 fnt\n|faint|p2a: Haxorus\n|\n|upkeep\n|\n|t:|1783561344\n|switch|p2a: Delphox|Delphox, L84, F|100/100\n|turn|20\n|inactive|Time left: 300 sec this turn | 300 sec total\n|\n|t:|1783561345\n|move|p2a: Delphox|Fire Blast|p1a: Jumpluff\n|-supereffective|p1a: Jumpluff\n|-damage|p1a: Jumpluff|29/271\n|move|p1a: Jumpluff|Sleep Powder|p2a: Delphox\n|-status|p2a: Delphox|slp|[from] move: Sleep Powder\n|\n|upkeep\n|turn|21\n|inactive|Time left: 300 sec this turn | 300 sec total\n|\n|t:|1783561346\n|cant|p2a: Delphox|slp\n|move|p1a: Jumpluff|Strength Sap|p2a: Delphox\n|-unboost|p2a: Delphox|atk|1\n|-heal|p1a: Jumpluff|149/271\n|\n|upkeep\n|turn|22\n|inactive|Time left: 300 sec this turn | 300 sec total\n|\n|t:|1783561347\n|-curestatus|p2a: Delphox|slp|[msg]\n|move|p2a: Delphox|Fire Blast|p1a: Jumpluff\n|-supereffective|p1a: Jumpluff\n|-damage|p1a: Jumpluff|0 fnt\n|faint|p1a: Jumpluff\n|\n|upkeep\n|inactive|Time left: 300 sec this turn | 300 sec total | 5 sec grace\n|\n|t:|1783561348\n|switch|p1a: Reuniclus|Reuniclus, L88, F|337/337\n|turn|23\n|inactive|Time left: 300 sec this turn | 300 sec total\n|\n|t:|1783561349\n|move|p2a: Delphox|Fire Blast|p1a: Reuniclus\n|-damage|p1a: Reuniclus|198/337\n|move|p1a: Reuniclus|Calm Mind|p1a: Reuniclus\n|-boost|p1a: Reuniclus|spa|1\n|-boost|p1a: Reuniclus|spd|1\n|\n|upkeep\n|turn|24\n|inactive|Time left: 300 sec this turn | 300 sec total\n|\n|t:|1783561350\n|move|p2a: Delphox|Fire Blast|p1a: Reuniclus\n|-damage|p1a: Reuniclus|107/337\n|move|p1a: Reuniclus|Recover|p1a: Reuniclus\n|-heal|p1a: Reuniclus|276/337\n|\n|upkeep\n|turn|25\n|inactive|Time left: 300 sec this turn | 300 sec total\n|\n|t:|1783561351\n|move|p2a: Delphox|Fire Blast|p1a: Reuniclus\n|-damage|p1a: Reuniclus|195/337\n|move|p1a: Reuniclus|Calm Mind|p1a: Reuniclus\n|-boost|p1a: Reuniclus|spa|1\n|-boost|p1a: Reuniclus|spd|1\n|\n|upkeep\n|turn|26\n|inactive|Time left: 300 sec this turn | 300 sec total\n|\n|t:|1783561352\n|switch|p2a: Tyranitar|Tyranitar, L78, F|45/100 par\n|-weather|Sandstorm|[from] ability: Sand Stream|[of] p2a: Tyranitar\n|move|p1a: Reuniclus|Focus Blast|p2a: Tyranitar\n|-supereffective|p2a: Tyranitar\n|-damage|p2a: Tyranitar|0 fnt\n|faint|p2a: Tyranitar\n|\n|-weather|Sandstorm|[upkeep]\n|upkeep\n|\n|t:|1783561353\n|switch|p2a: Jumpluff|Jumpluff, L87, M|100/100\n|turn|27\n|inactive|Time left: 300 sec this turn | 300 sec total\n|\n|t:|1783561354\n|move|p2a: Jumpluff|Substitute|p2a: Jumpluff\n|-start|p2a: Jumpluff|Substitute\n|-damage|p2a: Jumpluff|76/100\n|move|p1a: Reuniclus|Psyshock|p2a: Jumpluff\n|-end|p2a: Jumpluff|Substitute\n|\n|-weather|Sandstorm|[upkeep]\n|-damage|p2a: Jumpluff|70/100|[from] Sandstorm\n|upkeep\n|turn|28\n|inactive|Time left: 300 sec this turn | 300 sec total\n|\n|t:|1783561355\n|move|p2a: Jumpluff|Substitute|p2a: Jumpluff\n|-start|p2a: Jumpluff|Substitute\n|-damage|p2a: Jumpluff|45/100\n|move|p1a: Reuniclus|Psyshock|p2a: Jumpluff\n|-end|p2a: Jumpluff|Substitute\n|\n|-weather|Sandstorm|[upkeep]\n|-damage|p2a: Jumpluff|39/100|[from] Sandstorm\n|upkeep\n|turn|29\n|inactive|Time left: 300 sec this turn | 300 sec total\n|\n|t:|1783561356\n|move|p2a: Jumpluff|Substitute|p2a: Jumpluff\n|-start|p2a: Jumpluff|Substitute\n|-damage|p2a: Jumpluff|15/100\n|move|p1a: Reuniclus|Psyshock|p2a: Jumpluff\n|-end|p2a: Jumpluff|Substitute\n|\n|-weather|Sandstorm|[upkeep]\n|-damage|p2a: Jumpluff|9/100|[from] Sandstorm\n|upkeep\n|turn|30\n|inactive|Time left: 300 sec this turn | 300 sec total\n|\n|t:|1783561357\n|move|p2a: Jumpluff|Acrobatics|p1a: Reuniclus\n|-damage|p1a: Reuniclus|101/337\n|move|p1a: Reuniclus|Psyshock|p2a: Jumpluff\n|-damage|p2a: Jumpluff|0 fnt\n|faint|p2a: Jumpluff\n|\n|-weather|none\n|upkeep\n|\n|t:|1783561358\n|switch|p2a: Delphox|Delphox, L84, F|100/100\n|turn|31\n|inactive|Time left: 300 sec this turn | 300 sec total\n|\n|t:|1783561359\n|move|p2a: Delphox|Psyshock|p1a: Reuniclus\n|-resisted|p1a: Reuniclus\n|-damage|p1a: Reuniclus|47/337\n|move|p1a: Reuniclus|Psyshock|p2a: Delphox\n|-resisted|p2a: Delphox\n|-damage|p2a: Delphox|40/100\n|\n|upkeep\n|turn|32\n|inactive|Time left: 300 sec this turn | 300 sec total\n|\n|t:|1783561360\n|move|p2a: Delphox|Psyshock|p1a: Reuniclus\n|-resisted|p1a: Reuniclus\n|-damage|p1a: Reuniclus|0 fnt\n|faint|p1a: Reuniclus\n|\n|upkeep\n|inactive|Time left: 300 sec this turn | 300 sec total | 5 sec grace\n|\n|t:|1783561360\n|switch|p1a: Hariyama|Hariyama, L87, M|91/392\n|turn|33\n|inactive|Time left: 300 sec this turn | 300 sec total\n|\n|t:|1783561361\n|-terastallize|p1a: Hariyama|Steel\n|move|p2a: Delphox|Psyshock|p1a: Hariyama\n|-resisted|p1a: Hariyama\n|-damage|p1a: Hariyama|32/392\n|move|p1a: Hariyama|Knock Off|p2a: Delphox\n|-supereffective|p2a: Delphox\n|-damage|p2a: Delphox|0 fnt\n|-enditem|p2a: Delphox|Choice Scarf|[from] move: Knock Off|[of] p1a: Hariyama\n|faint|p2a: Delphox\n|\n|win|p0x190887c3", "uploadtime": 1783561361, "views": 0, "rating": 0, "private": 0, "password": null, "_winner": "p0x190887c3", "_our_name": "p0x190887c3"}