{"id": "battle-gen9randombattle-347", "formatid": "gen9randombattle", "format": "[Gen 9] Random Battle", "players": ["p0x3473f5f", "p0y3472669"], "log": "|init|battle\n|title|p0x3473f5f vs. p0y3472669\n|j|\u2606p0x3473f5f\n|j|\u2606p0y3472669\n|t:|1783543683\n|gametype|singles\n|player|p1|p0x3473f5f|266|\n|player|p2|p0y3472669|101|\n|gen|9\n|tier|[Gen 9] Random Battle\n|rule|Species Clause: Limit one of each Pok\u00e9mon\n|rule|HP Percentage Mod: HP is shown in percentages\n|rule|Sleep Clause Mod: Limit one foe put to sleep\n|rule|Illusion Level Mod: Illusion disguises the Pok\u00e9mon's true level\n|\n|t:|1783543683\n|teamsize|p1|6\n|teamsize|p2|6\n|start\n|switch|p1a: Kingdra|Kingdra, L84, F|263/263\n|switch|p2a: Electivire|Electivire, L84, F|100/100\n|turn|1\n|inactive|Battle timer is ON: inactive players will automatically lose when time's up. (requested by p0y3472669)\n|inactive|Time left: 300 sec this turn | 300 sec total | 60 sec grace\n|\n|t:|1783543685\n|move|p2a: Electivire|Supercell Slam|p1a: Kingdra|[miss]\n|-miss|p2a: Electivire|p1a: Kingdra\n|-damage|p2a: Electivire|51/100|[from] supercellslam\n|move|p1a: Kingdra|Dragon Dance|p1a: Kingdra\n|-boost|p1a: Kingdra|atk|1\n|-boost|p1a: Kingdra|spe|1\n|\n|upkeep\n|turn|2\n|inactive|Time left: 300 sec this turn | 300 sec total\n|inactive|p0x3473f5f also wants the timer to be on.\n|\n|t:|1783543687\n|switch|p2a: Wyrdeer|Wyrdeer, L87, M|100/100\n|-ability|p2a: Wyrdeer|Intimidate|boost\n|-unboost|p1a: Kingdra|atk|1\n|move|p1a: Kingdra|Outrage|p2a: Wyrdeer\n|-damage|p2a: Wyrdeer|55/100\n|\n|-heal|p2a: Wyrdeer|62/100|[from] item: Leftovers\n|upkeep\n|turn|3\n|inactive|Time left: 300 sec this turn | 300 sec total\n|\n|t:|1783543688\n|switch|p2a: Qwilfish|Qwilfish, L86, F|100/100\n|-ability|p2a: Qwilfish|Intimidate|boost\n|-unboost|p1a: Kingdra|atk|1\n|move|p1a: Kingdra|Outrage|p2a: Qwilfish|[from] lockedmove\n|-damage|p2a: Qwilfish|67/100\n|\n|-heal|p2a: Qwilfish|73/100|[from] item: Leftovers\n|upkeep\n|turn|4\n|inactive|Time left: 300 sec this turn | 300 sec total\n|\n|t:|1783543689\n|switch|p2a: Lurantis|Lurantis, L87, F|100/100\n|move|p1a: Kingdra|Outrage|p2a: Lurantis|[from] lockedmove\n|-damage|p2a: Lurantis|72/100\n|-start|p1a: Kingdra|confusion|[fatigue]\n|-enditem|p1a: Kingdra|Lum Berry|[eat]\n|-end|p1a: Kingdra|confusion\n|\n|upkeep\n|turn|5\n|inactive|Time left: 300 sec this turn | 300 sec total\n|\n|t:|1783543690\n|switch|p1a: Flamigo|Flamigo, L82, M|269/269\n|move|p2a: Lurantis|Superpower|p1a: Flamigo\n|-resisted|p1a: Flamigo\n|-damage|p1a: Flamigo|209/269\n|-boost|p2a: Lurantis|atk|1\n|-boost|p2a: Lurantis|def|1\n|\n|upkeep\n|turn|6\n|inactive|Time left: 300 sec this turn | 300 sec total\n|\n|t:|1783543691\n|move|p1a: Flamigo|Brave Bird|p2a: Lurantis\n|-supereffective|p2a: Lurantis\n|-damage|p2a: Lurantis|0 fnt\n|faint|p2a: Lurantis\n|-damage|p1a: Flamigo|147/269|[from] Recoil\n|\n|upkeep\n|\n|t:|1783543692\n|switch|p2a: Kleavor|Kleavor, L78, M|100/100\n|turn|7\n|inactive|Time left: 300 sec this turn | 300 sec total\n|\n|t:|1783543693\n|move|p1a: Flamigo|Brave Bird|p2a: Kleavor\n|-damage|p2a: Kleavor|13/100\n|-damage|p1a: Flamigo|79/269|[from] Recoil\n|move|p2a: Kleavor|Stone Axe|p1a: Flamigo\n|-damage|p1a: Flamigo|0 fnt\n|-sidestart|p1: p0x3473f5f|move: Stealth Rock\n|faint|p1a: Flamigo\n|\n|upkeep\n|inactive|Time left: 300 sec this turn | 300 sec total | 5 sec grace\n|\n|t:|1783543694\n|switch|p1a: Greninja|Greninja, L80, M|246/246\n|-damage|p1a: Greninja|216/246|[from] Stealth Rock\n|turn|8\n|inactive|Time left: 300 sec this turn | 300 sec total\n|\n|t:|1783543695\n|switch|p2a: Qwilfish|Qwilfish, L86, F|73/100\n|-ability|p2a: Qwilfish|Intimidate|boost\n|-unboost|p1a: Greninja|atk|1\n|move|p1a: Greninja|Dark Pulse|p2a: Qwilfish\n|-damage|p2a: Qwilfish|14/100\n|-damage|p1a: Greninja|192/246|[from] item: Life Orb\n|\n|-heal|p2a: Qwilfish|20/100|[from] item: Leftovers\n|upkeep\n|turn|9\n|inactive|Time left: 300 sec this turn | 300 sec total\n|\n|t:|1783543696\n|move|p1a: Greninja|Dark Pulse|p2a: Qwilfish\n|-damage|p2a: Qwilfish|0 fnt\n|faint|p2a: Qwilfish\n|-ability|p1a: Greninja|Battle Bond|boost\n|-boost|p1a: Greninja|atk|1\n|-boost|p1a: Greninja|spa|1\n|-boost|p1a: Greninja|spe|1\n|-activate|p1a: Greninja|ability: Battle Bond\n|-damage|p1a: Greninja|168/246|[from] item: Life Orb\n|\n|upkeep\n|\n|t:|1783543697\n|switch|p2a: Oricorio|Oricorio-Sensu, L85, M|100/100\n|turn|10\n|inactive|Time left: 300 sec this turn | 300 sec total\n|\n|t:|1783543698\n|-terastallize|p2a: Oricorio|Fighting\n|move|p1a: Greninja|Hydro Pump|p2a: Oricorio\n|-crit|p2a: Oricorio\n|-damage|p2a: Oricorio|0 fnt\n|faint|p2a: Oricorio\n|-damage|p1a: Greninja|144/246|[from] item: Life Orb\n|\n|upkeep\n|\n|t:|1783543699\n|switch|p2a: Kleavor|Kleavor, L78, M|13/100\n|turn|11\n|inactive|Time left: 300 sec this turn | 300 sec total\n|\n|t:|1783543700\n|move|p1a: Greninja|Dark Pulse|p2a: Kleavor\n|-damage|p2a: Kleavor|0 fnt\n|faint|p2a: Kleavor\n|-damage|p1a: Greninja|120/246|[from] item: Life Orb\n|\n|upkeep\n|\n|t:|1783543701\n|switch|p2a: Wyrdeer|Wyrdeer, L87, M|62/100\n|-ability|p2a: Wyrdeer|Intimidate|boost\n|-unboost|p1a: Greninja|atk|1\n|turn|12\n|inactive|Time left: 300 sec this turn | 300 sec total\n|\n|t:|1783543702\n|switch|p2a: Electivire|Electivire, L84, F|51/100\n|move|p1a: Greninja|Dark Pulse|p2a: Electivire\n|-damage|p2a: Electivire|0 fnt\n|faint|p2a: Electivire\n|-damage|p1a: Greninja|96/246|[from] item: Life Orb\n|\n|upkeep\n|\n|t:|1783543703\n|switch|p2a: Wyrdeer|Wyrdeer, L87, M|62/100\n|-ability|p2a: Wyrdeer|Intimidate|boost\n|-unboost|p1a: Greninja|atk|1\n|turn|13\n|inactive|Time left: 300 sec this turn | 300 sec total\n|\n|t:|1783543704\n|-terastallize|p1a: Greninja|Poison\n|move|p1a: Greninja|Dark Pulse|p2a: Wyrdeer\n|-supereffective|p2a: Wyrdeer\n|-damage|p2a: Wyrdeer|0 fnt\n|faint|p2a: Wyrdeer\n|-damage|p1a: Greninja|72/246|[from] item: Life Orb\n|\n|win|p0x3473f5f", "uploadtime": 1783543704, "views": 0, "rating": 0, "private": 0, "password": null, "_winner": "p0x3473f5f", "_our_name": "p0x3473f5f"}