{"id": "battle-gen9randombattle-2942", "formatid": "gen9randombattle", "format": "[Gen 9] Random Battle", "players": ["p0x2942b990", "p0y2942bdb3"], "log": "|init|battle\n|title|p0x2942b990 vs. p0y2942bdb3\n|j|\u2606p0x2942b990\n|j|\u2606p0y2942bdb3\n|t:|1783572907\n|gametype|singles\n|player|p1|p0x2942b990|169|\n|player|p2|p0y2942bdb3|265|\n|gen|9\n|tier|[Gen 9] Random Battle\n|rule|Species Clause: Limit one of each Pok\u00e9mon\n|rule|HP Percentage Mod: HP is shown in percentages\n|rule|Sleep Clause Mod: Limit one foe put to sleep\n|rule|Illusion Level Mod: Illusion disguises the Pok\u00e9mon's true level\n|\n|t:|1783572907\n|teamsize|p1|6\n|teamsize|p2|6\n|start\n|switch|p1a: Grumpig|Grumpig, L92, F|100/100\n|switch|p2a: Whimsicott|Whimsicott, L84, M|238/238\n|turn|1\n|inactive|Battle timer is ON: inactive players will automatically lose when time's up. (requested by p0x2942b990)\n|inactive|Time left: 300 sec this turn | 300 sec total | 60 sec grace\n|inactive|p0y2942bdb3 also wants the timer to be on.\n|\n|t:|1783572909\n|move|p1a: Grumpig|Psychic|p2a: Whimsicott\n|-damage|p2a: Whimsicott|114/238\n|move|p2a: Whimsicott|U-turn|p1a: Grumpig\n|-supereffective|p1a: Grumpig\n|-damage|p1a: Grumpig|72/100\n|inactive|Time left: 300 sec this turn | 300 sec total | 65 sec grace\n|\n|t:|1783572910\n|switch|p2a: Lunala|Lunala, L70|308/308|[from] U-turn\n|\n|upkeep\n|turn|2\n|inactive|Time left: 300 sec this turn | 300 sec total\n|\n|t:|1783572911\n|move|p1a: Grumpig|Psychic|p2a: Lunala\n|-resisted|p2a: Lunala\n|-damage|p2a: Lunala|281/308\n|move|p2a: Lunala|Moongeist Beam|p1a: Grumpig\n|-supereffective|p1a: Grumpig\n|-damage|p1a: Grumpig|19/100\n|\n|-heal|p2a: Lunala|300/308|[from] item: Leftovers\n|upkeep\n|turn|3\n|inactive|Time left: 300 sec this turn | 300 sec total\n|\n|t:|1783572912\n|move|p1a: Grumpig|Psychic|p2a: Lunala\n|-resisted|p2a: Lunala\n|-damage|p2a: Lunala|245/308\n|move|p2a: Lunala|Calm Mind|p2a: Lunala\n|-boost|p2a: Lunala|spa|1\n|-boost|p2a: Lunala|spd|1\n|\n|-heal|p2a: Lunala|264/308|[from] item: Leftovers\n|upkeep\n|turn|4\n|inactive|Time left: 300 sec this turn | 300 sec total\n|\n|t:|1783572913\n|move|p1a: Grumpig|Psychic|p2a: Lunala\n|-resisted|p2a: Lunala\n|-damage|p2a: Lunala|229/308\n|move|p2a: Lunala|Moongeist Beam|p1a: Grumpig\n|-supereffective|p1a: Grumpig\n|-damage|p1a: Grumpig|0 fnt\n|faint|p1a: Grumpig\n|\n|-heal|p2a: Lunala|248/308|[from] item: Leftovers\n|upkeep\n|\n|t:|1783572914\n|switch|p1a: Passimian|Passimian, L83, F|100/100\n|turn|5\n|inactive|Time left: 300 sec this turn | 300 sec total\n|\n|t:|1783572915\n|-terastallize|p2a: Lunala|Fairy\n|move|p1a: Passimian|Knock Off|p2a: Lunala\n|-resisted|p2a: Lunala\n|-damage|p2a: Lunala|197/308\n|-enditem|p2a: Lunala|Leftovers|[from] move: Knock Off|[of] p1a: Passimian\n|move|p2a: Lunala|Psyshock|p1a: Passimian\n|-supereffective|p1a: Passimian\n|-damage|p1a: Passimian|22/100\n|\n|upkeep\n|turn|6\n|inactive|Time left: 300 sec this turn | 300 sec total\n|\n|t:|1783572915\n|move|p1a: Passimian|Knock Off|p2a: Lunala\n|-resisted|p2a: Lunala\n|-damage|p2a: Lunala|164/308\n|move|p2a: Lunala|Moongeist Beam|p1a: Passimian\n|-damage|p1a: Passimian|0 fnt\n|faint|p1a: Passimian\n|\n|upkeep\n|\n|t:|1783572916\n|switch|p1a: Glaceon|Glaceon, L94, F|100/100\n|turn|7\n|inactive|Time left: 300 sec this turn | 300 sec total\n|\n|t:|1783572917\n|move|p2a: Lunala|Moonlight|p2a: Lunala\n|-heal|p2a: Lunala|308/308\n|move|p1a: Glaceon|Freeze-Dry|p2a: Lunala\n|-damage|p2a: Lunala|272/308\n|-status|p2a: Lunala|frz\n|\n|upkeep\n|turn|8\n|inactive|Time left: 300 sec this turn | 300 sec total\n|\n|t:|1783572918\n|cant|p2a: Lunala|frz\n|move|p1a: Glaceon|Freeze-Dry|p2a: Lunala\n|-damage|p2a: Lunala|193/308 frz\n|\n|upkeep\n|turn|9\n|inactive|Time left: 300 sec this turn | 300 sec total\n|\n|t:|1783572919\n|cant|p2a: Lunala|frz\n|move|p1a: Glaceon|Freeze-Dry|p2a: Lunala\n|-damage|p2a: Lunala|109/308 frz\n|\n|upkeep\n|turn|10\n|inactive|Time left: 300 sec this turn | 300 sec total\n|\n|t:|1783572920\n|-curestatus|p2a: Lunala|frz|[msg]\n|move|p2a: Lunala|Moonlight|p2a: Lunala\n|-heal|p2a: Lunala|263/308\n|move|p1a: Glaceon|Freeze-Dry|p2a: Lunala\n|-damage|p2a: Lunala|179/308\n|\n|upkeep\n|turn|11\n|inactive|Time left: 300 sec this turn | 300 sec total\n|\n|t:|1783572921\n|move|p2a: Lunala|Moongeist Beam|p1a: Glaceon\n|-damage|p1a: Glaceon|54/100\n|move|p1a: Glaceon|Freeze-Dry|p2a: Lunala\n|-damage|p2a: Lunala|98/308\n|\n|upkeep\n|turn|12\n|inactive|Time left: 300 sec this turn | 300 sec total\n|\n|t:|1783572922\n|move|p2a: Lunala|Moongeist Beam|p1a: Glaceon\n|-damage|p1a: Glaceon|5/100\n|move|p1a: Glaceon|Mud Shot|p2a: Lunala\n|-damage|p2a: Lunala|53/308\n|-unboost|p2a: Lunala|spe|1\n|\n|upkeep\n|turn|13\n|inactive|Time left: 300 sec this turn | 300 sec total\n|\n|t:|1783572923\n|move|p1a: Glaceon|Freeze-Dry|p2a: Lunala\n|-damage|p2a: Lunala|0 fnt\n|faint|p2a: Lunala\n|\n|upkeep\n|inactive|Time left: 300 sec this turn | 300 sec total | 5 sec grace\n|\n|t:|1783572924\n|switch|p2a: Whimsicott|Whimsicott, L84, M|114/238\n|turn|14\n|inactive|Time left: 300 sec this turn | 300 sec total\n|\n|t:|1783572925\n|switch|p1a: Glimmora|Glimmora, L75, F|100/100\n|move|p2a: Whimsicott|Giga Drain|p1a: Glimmora\n|-damage|p1a: Glimmora|69/100\n|-heal|p2a: Whimsicott|154/238|[from] drain|[of] p1a: Glimmora\n|\n|upkeep\n|turn|15\n|inactive|Time left: 300 sec this turn | 300 sec total\n|\n|t:|1783572926\n|switch|p2a: Luxray|Luxray, L88, F|284/284\n|-ability|p2a: Luxray|Intimidate|boost\n|-unboost|p1a: Glimmora|atk|1\n|move|p1a: Glimmora|Meteor Beam||[still]\n|-prepare|p1a: Glimmora|Meteor Beam\n|-boost|p1a: Glimmora|spa|1\n|-enditem|p1a: Glimmora|Power Herb\n|-anim|p1a: Glimmora|Meteor Beam|p2a: Luxray\n|-damage|p2a: Luxray|157/284\n|\n|upkeep\n|turn|16\n|inactive|Time left: 300 sec this turn | 300 sec total\n|\n|t:|1783572928\n|move|p2a: Luxray|Volt Switch|p1a: Glimmora\n|-damage|p1a: Glimmora|28/100\n|inactive|Time left: 300 sec this turn | 300 sec total | 5 sec grace\n|\n|t:|1783572929\n|switch|p2a: Forretress|Forretress, L84, M|263/263|[from] Volt Switch\n|move|p1a: Glimmora|Meteor Beam||[still]\n|-prepare|p1a: Glimmora|Meteor Beam\n|-boost|p1a: Glimmora|spa|1\n|\n|upkeep\n|turn|17\n|inactive|Time left: 300 sec this turn | 300 sec total\n|\n|t:|1783572930\n|switch|p2a: Keldeo|Keldeo-Resolute, L79|273/273\n|move|p1a: Glimmora|Meteor Beam|p2a: Keldeo|[from] lockedmove\n|-resisted|p2a: Keldeo\n|-damage|p2a: Keldeo|132/273\n|\n|upkeep\n|turn|18\n|inactive|Time left: 300 sec this turn | 300 sec total\n|\n|t:|1783572931\n|move|p2a: Keldeo|Secret Sword|p1a: Glimmora\n|-crit|p1a: Glimmora\n|-damage|p1a: Glimmora|0 fnt\n|faint|p1a: Glimmora\n|-damage|p2a: Keldeo|105/273|[from] item: Life Orb\n|\n|upkeep\n|\n|t:|1783572932\n|switch|p1a: Rotom|Rotom-Wash, L82|100/100\n|turn|19\n|inactive|Time left: 300 sec this turn | 300 sec total\n|\n|t:|1783572933\n|switch|p2a: Luxray|Luxray, L88, F|157/284\n|-ability|p2a: Luxray|Intimidate|boost\n|-unboost|p1a: Rotom|atk|1\n|move|p1a: Rotom|Thunderbolt|p2a: Luxray\n|-resisted|p2a: Luxray\n|-damage|p2a: Luxray|121/284\n|\n|upkeep\n|turn|20\n|inactive|Time left: 300 sec this turn | 300 sec total\n|\n|t:|1783572934\n|move|p1a: Rotom|Nasty Plot|p1a: Rotom\n|-boost|p1a: Rotom|spa|2\n|move|p2a: Luxray|Volt Switch|p1a: Rotom\n|-damage|p1a: Rotom|66/100\n|inactive|Time left: 300 sec this turn | 300 sec total | 5 sec grace\n|\n|t:|1783572935\n|switch|p2a: Whimsicott|Whimsicott, L84, M|154/238|[from] Volt Switch\n|\n|-heal|p1a: Rotom|72/100|[from] item: Leftovers\n|upkeep\n|turn|21\n|inactive|Time left: 300 sec this turn | 300 sec total\n|\n|t:|1783572936\n|move|p2a: Whimsicott|Giga Drain|p1a: Rotom\n|-supereffective|p1a: Rotom\n|-damage|p1a: Rotom|15/100\n|-heal|p2a: Whimsicott|215/238|[from] drain|[of] p1a: Rotom\n|move|p1a: Rotom|Hydro Pump|p2a: Whimsicott\n|-resisted|p2a: Whimsicott\n|-damage|p2a: Whimsicott|73/238\n|\n|-heal|p1a: Rotom|21/100|[from] item: Leftovers\n|upkeep\n|turn|22\n|inactive|Time left: 300 sec this turn | 300 sec total\n|\n|t:|1783572937\n|-terastallize|p1a: Rotom|Steel\n|move|p2a: Whimsicott|Giga Drain|p1a: Rotom\n|-resisted|p1a: Rotom\n|-damage|p1a: Rotom|7/100\n|-heal|p2a: Whimsicott|88/238|[from] drain|[of] p1a: Rotom\n|move|p1a: Rotom|Thunderbolt|p2a: Whimsicott\n|-resisted|p2a: Whimsicott\n|-damage|p2a: Whimsicott|0 fnt\n|faint|p2a: Whimsicott\n|\n|-heal|p1a: Rotom|13/100|[from] item: Leftovers\n|upkeep\n|inactive|Time left: 300 sec this turn | 300 sec total | 5 sec grace\n|\n|t:|1783572938\n|switch|p2a: Keldeo|Keldeo-Resolute, L79|105/273\n|turn|23\n|inactive|Time left: 300 sec this turn | 300 sec total\n|\n|t:|1783572939\n|move|p2a: Keldeo|Secret Sword|p1a: Rotom\n|-supereffective|p1a: Rotom\n|-damage|p1a: Rotom|0 fnt\n|faint|p1a: Rotom\n|-damage|p2a: Keldeo|78/273|[from] item: Life Orb\n|\n|upkeep\n|\n|t:|1783572940\n|switch|p1a: Calyrex|Calyrex-Ice, L72|100/100\n|-ability|p1a: Calyrex|As One\n|-ability|p1a: Calyrex|Unnerve\n|turn|24\n|inactive|Time left: 300 sec this turn | 300 sec total\n|\n|t:|1783572941\n|move|p2a: Keldeo|Hydro Pump|p1a: Calyrex\n|-damage|p1a: Calyrex|49/100\n|-damage|p2a: Keldeo|51/273|[from] item: Life Orb\n|move|p1a: Calyrex|Glacial Lance|p2a: Keldeo\n|-resisted|p2a: Keldeo\n|-damage|p2a: Keldeo|0 fnt\n|faint|p2a: Keldeo\n|-ability|p1a: Calyrex|Chilling Neigh|boost\n|-boost|p1a: Calyrex|atk|1\n|\n|upkeep\n|inactive|Time left: 300 sec this turn | 300 sec total | 5 sec grace\n|\n|t:|1783572942\n|switch|p2a: Mandibuzz|Mandibuzz, L85, F|326/326\n|turn|25\n|inactive|Time left: 300 sec this turn | 300 sec total\n|\n|t:|1783572942\n|move|p2a: Mandibuzz|Foul Play|p1a: Calyrex\n|-supereffective|p1a: Calyrex\n|-damage|p1a: Calyrex|0 fnt\n|faint|p1a: Calyrex\n|\n|upkeep\n|\n|t:|1783572943\n|switch|p1a: Glaceon|Glaceon, L94, F|5/100\n|turn|26\n|inactive|Time left: 300 sec this turn | 300 sec total\n|\n|t:|1783572944\n|move|p1a: Glaceon|Protect|p1a: Glaceon\n|-singleturn|p1a: Glaceon|Protect\n|move|p2a: Mandibuzz|Foul Play|p1a: Glaceon\n|-activate|p1a: Glaceon|move: Protect\n|\n|upkeep\n|turn|27\n|inactive|Time left: 300 sec this turn | 300 sec total\n|\n|t:|1783572945\n|move|p1a: Glaceon|Protect|p1a: Glaceon\n|-singleturn|p1a: Glaceon|Protect\n|move|p2a: Mandibuzz|Foul Play|p1a: Glaceon\n|-activate|p1a: Glaceon|move: Protect\n|\n|upkeep\n|turn|28\n|inactive|Time left: 300 sec this turn | 300 sec total\n|\n|t:|1783572946\n|move|p1a: Glaceon|Protect||[still]\n|-fail|p1a: Glaceon\n|move|p2a: Mandibuzz|Foul Play|p1a: Glaceon\n|-damage|p1a: Glaceon|0 fnt\n|faint|p1a: Glaceon\n|\n|win|p0y2942bdb3", "uploadtime": 1783572946, "views": 0, "rating": 0, "private": 0, "password": null, "_winner": "p0y2942bdb3", "_our_name": "p0y2942bdb3"}