{"id": "battle-gen9randombattle-246", "formatid": "gen9randombattle", "format": "[Gen 9] Random Battle", "players": ["p0x246b15b", "p0y246b5be"], "log": "|init|battle\n|title|p0x246b15b vs. p0y246b5be\n|j|\u2606p0x246b15b\n|j|\u2606p0y246b5be\n|t:|1783536122\n|gametype|singles\n|player|p1|p0x246b15b|101|\n|player|p2|p0y246b5be|1|\n|gen|9\n|tier|[Gen 9] Random Battle\n|rule|Species Clause: Limit one of each Pok\u00e9mon\n|rule|HP Percentage Mod: HP is shown in percentages\n|rule|Sleep Clause Mod: Limit one foe put to sleep\n|rule|Illusion Level Mod: Illusion disguises the Pok\u00e9mon's true level\n|\n|t:|1783536122\n|teamsize|p1|6\n|teamsize|p2|6\n|start\n|switch|p1a: Toedscruel|Toedscruel, L87, M|100/100\n|switch|p2a: Arcanine|Arcanine, L84, M|288/288\n|-ability|p2a: Arcanine|Intimidate|boost\n|-unboost|p1a: Toedscruel|atk|1\n|turn|1\n|inactive|Battle timer is ON: inactive players will automatically lose when time's up. (requested by p0x246b15b)\n|inactive|Time left: 300 sec this turn | 300 sec total | 60 sec grace\n|inactive|p0y246b5be also wants the timer to be on.\n|\n|t:|1783536124\n|switch|p1a: Duraludon|Duraludon, L82, F|100/100\n|move|p2a: Arcanine|Flare Blitz|p1a: Duraludon\n|-damage|p1a: Duraludon|66/100\n|-damage|p2a: Arcanine|260/288|[from] Recoil\n|\n|upkeep\n|turn|2\n|inactive|Time left: 300 sec this turn | 300 sec total\n|\n|t:|1783536125\n|move|p2a: Arcanine|Flare Blitz|p1a: Duraludon\n|-damage|p1a: Duraludon|36/100\n|-damage|p2a: Arcanine|235/288|[from] Recoil\n|move|p1a: Duraludon|Flash Cannon|p2a: Arcanine\n|-resisted|p2a: Arcanine\n|-damage|p2a: Arcanine|187/288\n|\n|upkeep\n|turn|3\n|inactive|Time left: 300 sec this turn | 300 sec total\n|\n|t:|1783536126\n|move|p2a: Arcanine|Flare Blitz|p1a: Duraludon\n|-damage|p1a: Duraludon|3/100\n|-damage|p2a: Arcanine|160/288|[from] Recoil\n|move|p1a: Duraludon|Body Press|p2a: Arcanine\n|-damage|p2a: Arcanine|95/288\n|\n|upkeep\n|turn|4\n|inactive|Time left: 300 sec this turn | 300 sec total\n|\n|t:|1783536127\n|switch|p1a: Phione|Phione, L91|100/100\n|move|p2a: Arcanine|Flare Blitz|p1a: Phione\n|-resisted|p1a: Phione\n|-damage|p1a: Phione|77/100\n|-damage|p2a: Arcanine|72/288|[from] Recoil\n|\n|-heal|p1a: Phione|83/100|[from] item: Leftovers\n|upkeep\n|turn|5\n|inactive|Time left: 300 sec this turn | 300 sec total\n|\n|t:|1783536128\n|move|p2a: Arcanine|Morning Sun|p2a: Arcanine\n|-heal|p2a: Arcanine|216/288\n|move|p1a: Phione|Scald|p2a: Arcanine\n|-supereffective|p2a: Arcanine\n|-damage|p2a: Arcanine|40/288\n|\n|-heal|p1a: Phione|89/100|[from] item: Leftovers\n|upkeep\n|turn|6\n|inactive|Time left: 300 sec this turn | 300 sec total\n|\n|t:|1783536129\n|move|p2a: Arcanine|Morning Sun|p2a: Arcanine\n|-heal|p2a: Arcanine|184/288\n|move|p1a: Phione|Scald|p2a: Arcanine\n|-supereffective|p2a: Arcanine\n|-damage|p2a: Arcanine|0 fnt\n|faint|p2a: Arcanine\n|\n|-heal|p1a: Phione|95/100|[from] item: Leftovers\n|upkeep\n|inactive|Time left: 300 sec this turn | 300 sec total | 5 sec grace\n|\n|t:|1783536130\n|switch|p2a: Latios|Latios, L78, M|253/253\n|turn|7\n|inactive|Time left: 300 sec this turn | 300 sec total\n|\n|t:|1783536131\n|move|p2a: Latios|Luster Purge|p1a: Phione\n|-damage|p1a: Phione|34/100\n|-unboost|p1a: Phione|spd|1\n|move|p1a: Phione|Ice Beam|p2a: Latios\n|-supereffective|p2a: Latios\n|-damage|p2a: Latios|131/253\n|\n|-heal|p1a: Phione|40/100|[from] item: Leftovers\n|upkeep\n|turn|8\n|inactive|Time left: 300 sec this turn | 300 sec total\n|\n|t:|1783536132\n|switch|p1a: Rabsca|Rabsca, L91, M|100/100\n|move|p2a: Latios|Luster Purge|p1a: Rabsca\n|-resisted|p1a: Rabsca\n|-damage|p1a: Rabsca|76/100\n|\n|upkeep\n|turn|9\n|inactive|Time left: 300 sec this turn | 300 sec total\n|\n|t:|1783536133\n|move|p2a: Latios|Luster Purge|p1a: Rabsca\n|-resisted|p1a: Rabsca\n|-crit|p1a: Rabsca\n|-damage|p1a: Rabsca|37/100\n|-unboost|p1a: Rabsca|spd|1\n|move|p1a: Rabsca|Bug Buzz|p2a: Latios\n|-supereffective|p2a: Latios\n|-damage|p2a: Latios|0 fnt\n|faint|p2a: Latios\n|\n|upkeep\n|inactive|Time left: 300 sec this turn | 300 sec total | 5 sec grace\n|\n|t:|1783536134\n|switch|p2a: Mamoswine|Mamoswine, L81, M|311/311\n|turn|10\n|inactive|Time left: 300 sec this turn | 300 sec total\n|\n|t:|1783536135\n|move|p2a: Mamoswine|Knock Off|p1a: Rabsca\n|-supereffective|p1a: Rabsca\n|-damage|p1a: Rabsca|0 fnt\n|-enditem|p1a: Rabsca|Heavy-Duty Boots|[from] move: Knock Off|[of] p2a: Mamoswine\n|faint|p1a: Rabsca\n|\n|upkeep\n|\n|t:|1783536136\n|switch|p1a: Duraludon|Duraludon, L82, F|3/100\n|turn|11\n|inactive|Time left: 300 sec this turn | 300 sec total\n|\n|t:|1783536137\n|switch|p2a: Toxapex|Toxapex, L82, F|216/216\n|move|p1a: Duraludon|Flash Cannon|p2a: Toxapex\n|-resisted|p2a: Toxapex\n|-damage|p2a: Toxapex|185/216\n|\n|-heal|p2a: Toxapex|198/216|[from] item: Leftovers\n|upkeep\n|turn|12\n|inactive|Time left: 300 sec this turn | 300 sec total\n|\n|t:|1783536138\n|move|p1a: Duraludon|Draco Meteor|p2a: Toxapex|[miss]\n|-miss|p1a: Duraludon|p2a: Toxapex\n|move|p2a: Toxapex|Liquidation|p1a: Duraludon\n|-resisted|p1a: Duraludon\n|-damage|p1a: Duraludon|0 fnt\n|faint|p1a: Duraludon\n|\n|-heal|p2a: Toxapex|211/216|[from] item: Leftovers\n|upkeep\n|\n|t:|1783536139\n|switch|p1a: Toedscruel|Toedscruel, L87, M|100/100\n|turn|13\n|inactive|Time left: 300 sec this turn | 300 sec total\n|\n|t:|1783536140\n|move|p1a: Toedscruel|Earth Power|p2a: Toxapex\n|-supereffective|p2a: Toxapex\n|-damage|p2a: Toxapex|91/216\n|move|p2a: Toxapex|Toxic|p1a: Toedscruel\n|-status|p1a: Toedscruel|tox\n|\n|-heal|p2a: Toxapex|104/216|[from] item: Leftovers\n|-damage|p1a: Toedscruel|94/100 tox|[from] psn\n|upkeep\n|turn|14\n|inactive|Time left: 300 sec this turn | 300 sec total\n|\n|t:|1783536141\n|switch|p2a: Mamoswine|Mamoswine, L81, M|311/311\n|move|p1a: Toedscruel|Earth Power|p2a: Mamoswine\n|-damage|p2a: Mamoswine|185/311\n|\n|-damage|p1a: Toedscruel|82/100 tox|[from] psn\n|upkeep\n|turn|15\n|inactive|Time left: 300 sec this turn | 300 sec total\n|\n|t:|1783536142\n|move|p2a: Mamoswine|Ice Shard|p1a: Toedscruel\n|-supereffective|p1a: Toedscruel\n|-damage|p1a: Toedscruel|0 fnt\n|faint|p1a: Toedscruel\n|\n|upkeep\n|\n|t:|1783536143\n|switch|p1a: Phione|Phione, L91|40/100\n|turn|16\n|inactive|Time left: 300 sec this turn | 300 sec total\n|\n|t:|1783536144\n|switch|p2a: Toxapex|Toxapex, L82, F|176/216\n|move|p1a: Phione|Scald|p2a: Toxapex\n|-resisted|p2a: Toxapex\n|-damage|p2a: Toxapex|146/216\n|\n|-heal|p1a: Phione|46/100|[from] item: Leftovers\n|-heal|p2a: Toxapex|159/216|[from] item: Leftovers\n|upkeep\n|turn|17\n|inactive|Time left: 300 sec this turn | 300 sec total\n|\n|t:|1783536146\n|move|p1a: Phione|Ice Beam|p2a: Toxapex\n|-resisted|p2a: Toxapex\n|-damage|p2a: Toxapex|136/216\n|move|p2a: Toxapex|Toxic|p1a: Phione\n|-status|p1a: Phione|tox\n|\n|-heal|p1a: Phione|52/100 tox|[from] item: Leftovers\n|-heal|p2a: Toxapex|149/216|[from] item: Leftovers\n|-damage|p1a: Phione|46/100 tox|[from] psn\n|upkeep\n|turn|18\n|inactive|Time left: 300 sec this turn | 300 sec total\n|\n|t:|1783536147\n|switch|p2a: Floatzel|Floatzel, L86, M|286/286\n|move|p1a: Phione|Scald|p2a: Floatzel\n|-resisted|p2a: Floatzel\n|-damage|p2a: Floatzel|221/286\n|\n|-heal|p2a: Floatzel|238/286|[from] item: Leftovers\n|-heal|p1a: Phione|52/100 tox|[from] item: Leftovers\n|-damage|p1a: Phione|40/100 tox|[from] psn\n|upkeep\n|turn|19\n|inactive|Time left: 300 sec this turn | 300 sec total\n|\n|t:|1783536148\n|move|p2a: Floatzel|Bulk Up|p2a: Floatzel\n|-boost|p2a: Floatzel|atk|1\n|-boost|p2a: Floatzel|def|1\n|move|p1a: Phione|Grass Knot|p2a: Floatzel\n|-supereffective|p2a: Floatzel\n|-damage|p2a: Floatzel|104/286\n|\n|-heal|p2a: Floatzel|121/286|[from] item: Leftovers\n|-heal|p1a: Phione|46/100 tox|[from] item: Leftovers\n|-damage|p1a: Phione|28/100 tox|[from] psn\n|upkeep\n|turn|20\n|inactive|Time left: 300 sec this turn | 300 sec total\n|\n|t:|1783536149\n|move|p2a: Floatzel|Wave Crash|p1a: Phione\n|-resisted|p1a: Phione\n|-damage|p1a: Phione|0 fnt\n|faint|p1a: Phione\n|-damage|p2a: Floatzel|95/286|[from] Recoil\n|\n|-heal|p2a: Floatzel|112/286|[from] item: Leftovers\n|upkeep\n|\n|t:|1783536150\n|switch|p1a: Illumise|Illumise, L91, F|100/100\n|turn|21\n|inactive|Time left: 300 sec this turn | 300 sec total\n|\n|t:|1783536152\n|-terastallize|p2a: Floatzel|Water\n|move|p2a: Floatzel|Wave Crash|p1a: Illumise\n|-damage|p1a: Illumise|0 fnt\n|faint|p1a: Illumise\n|-damage|p2a: Floatzel|24/286|[from] Recoil\n|\n|-heal|p2a: Floatzel|41/286|[from] item: Leftovers\n|upkeep\n|\n|t:|1783536152\n|switch|p1a: Iron Moth|Iron Moth, L78|100/100\n|turn|22\n|inactive|Time left: 300 sec this turn | 300 sec total\n|\n|t:|1783536153\n|-terastallize|p1a: Iron Moth|Fire\n|move|p2a: Floatzel|Wave Crash|p1a: Iron Moth\n|-supereffective|p1a: Iron Moth\n|-damage|p1a: Iron Moth|0 fnt\n|faint|p1a: Iron Moth\n|-end|p1a: Iron Moth|Quark Drive|[silent]\n|-damage|p2a: Floatzel|0 fnt|[from] Recoil\n|faint|p2a: Floatzel\n|\n|win|p0y246b5be", "uploadtime": 1783536153, "views": 0, "rating": 0, "private": 0, "password": null, "_winner": "p0y246b5be", "_our_name": "p0y246b5be"}