{"id": "battle-gen9randombattle-2644", "formatid": "gen9randombattle", "format": "[Gen 9] Random Battle", "players": ["p0x264468dd", "p0y2644f542"], "log": "|init|battle\n|title|p0x264468dd vs. p0y2644f542\n|j|\u2606p0x264468dd\n|j|\u2606p0y2644f542\n|t:|1783570520\n|gametype|singles\n|player|p1|p0x264468dd|266|\n|player|p2|p0y2644f542|102|\n|gen|9\n|tier|[Gen 9] Random Battle\n|rule|Species Clause: Limit one of each Pok\u00e9mon\n|rule|HP Percentage Mod: HP is shown in percentages\n|rule|Sleep Clause Mod: Limit one foe put to sleep\n|rule|Illusion Level Mod: Illusion disguises the Pok\u00e9mon's true level\n|\n|t:|1783570520\n|teamsize|p1|6\n|teamsize|p2|6\n|start\n|switch|p1a: Raikou|Raikou, L81|278/278\n|switch|p2a: Houndstone|Houndstone, L86, F|100/100\n|-ability|p1a: Raikou|Pressure\n|turn|1\n|inactive|Battle timer is ON: inactive players will automatically lose when time's up. (requested by p0x264468dd)\n|inactive|p0y2644f542 also wants the timer to be on.\n|\n|t:|1783570522\n|move|p1a: Raikou|Calm Mind|p1a: Raikou\n|-boost|p1a: Raikou|spa|1\n|-boost|p1a: Raikou|spd|1\n|move|p2a: Houndstone|Poltergeist|p1a: Raikou\n|-activate|p1a: Raikou|move: Poltergeist|Leftovers\n|-damage|p1a: Raikou|143/278\n|\n|-heal|p1a: Raikou|160/278|[from] item: Leftovers\n|upkeep\n|turn|2\n|inactive|Time left: 300 sec this turn | 300 sec total\n|\n|t:|1783570523\n|move|p1a: Raikou|Scald|p2a: Houndstone\n|-damage|p2a: Houndstone|71/100\n|move|p2a: Houndstone|Poltergeist|p1a: Raikou\n|-activate|p1a: Raikou|move: Poltergeist|Leftovers\n|-damage|p1a: Raikou|12/278\n|\n|-heal|p1a: Raikou|29/278|[from] item: Leftovers\n|-heal|p2a: Houndstone|77/100|[from] item: Leftovers\n|upkeep\n|turn|3\n|inactive|Time left: 300 sec this turn | 300 sec total\n|\n|t:|1783570524\n|move|p2a: Houndstone|Shadow Sneak|p1a: Raikou\n|-damage|p1a: Raikou|0 fnt\n|faint|p1a: Raikou\n|\n|-heal|p2a: Houndstone|83/100|[from] item: Leftovers\n|upkeep\n|inactive|Time left: 300 sec this turn | 300 sec total | 5 sec grace\n|\n|t:|1783570525\n|switch|p1a: Walking Wake|Walking Wake, L79|286/286\n|turn|4\n|inactive|Time left: 300 sec this turn | 300 sec total\n|\n|t:|1783570526\n|switch|p2a: Blastoise|Blastoise, L80, F|100/100\n|move|p1a: Walking Wake|Flamethrower|p2a: Blastoise\n|-resisted|p2a: Blastoise\n|-damage|p2a: Blastoise|83/100\n|\n|upkeep\n|turn|5\n|inactive|Time left: 300 sec this turn | 300 sec total\n|\n|t:|1783570527\n|move|p1a: Walking Wake|Flamethrower|p2a: Blastoise\n|-resisted|p2a: Blastoise\n|-damage|p2a: Blastoise|64/100\n|move|p2a: Blastoise|Shell Smash|p2a: Blastoise\n|-unboost|p2a: Blastoise|def|1\n|-unboost|p2a: Blastoise|spd|1\n|-boost|p2a: Blastoise|atk|2\n|-boost|p2a: Blastoise|spa|2\n|-boost|p2a: Blastoise|spe|2\n|-enditem|p2a: Blastoise|White Herb\n|-clearnegativeboost|p2a: Blastoise|[silent]\n|\n|upkeep\n|turn|6\n|inactive|Time left: 300 sec this turn | 300 sec total\n|\n|t:|1783570528\n|move|p2a: Blastoise|Ice Beam|p1a: Walking Wake\n|-damage|p1a: Walking Wake|179/286\n|move|p1a: Walking Wake|Flamethrower|p2a: Blastoise\n|-resisted|p2a: Blastoise\n|-damage|p2a: Blastoise|47/100\n|\n|upkeep\n|turn|7\n|inactive|Time left: 300 sec this turn | 300 sec total\n|\n|t:|1783570529\n|move|p2a: Blastoise|Hydro Pump|p1a: Walking Wake\n|-resisted|p1a: Walking Wake\n|-damage|p1a: Walking Wake|125/286\n|move|p1a: Walking Wake|Flamethrower|p2a: Blastoise\n|-resisted|p2a: Blastoise\n|-damage|p2a: Blastoise|30/100\n|\n|upkeep\n|turn|8\n|inactive|Time left: 300 sec this turn | 300 sec total\n|\n|t:|1783570530\n|move|p2a: Blastoise|Earthquake|p1a: Walking Wake\n|-damage|p1a: Walking Wake|5/286\n|move|p1a: Walking Wake|Flamethrower|p2a: Blastoise\n|-resisted|p2a: Blastoise\n|-damage|p2a: Blastoise|10/100\n|\n|upkeep\n|turn|9\n|inactive|Time left: 300 sec this turn | 300 sec total\n|\n|t:|1783570531\n|move|p2a: Blastoise|Ice Beam|p1a: Walking Wake\n|-damage|p1a: Walking Wake|0 fnt\n|faint|p1a: Walking Wake\n|-end|p1a: Walking Wake|Protosynthesis|[silent]\n|\n|upkeep\n|inactive|Time left: 300 sec this turn | 300 sec total | 5 sec grace\n|\n|t:|1783570532\n|switch|p1a: Basculin|Basculin, L86, M|261/261\n|turn|10\n|inactive|Time left: 300 sec this turn | 300 sec total\n|\n|t:|1783570533\n|-terastallize|p2a: Blastoise|Water\n|move|p1a: Basculin|Aqua Jet|p2a: Blastoise\n|-resisted|p2a: Blastoise\n|-damage|p2a: Blastoise|0 fnt\n|faint|p2a: Blastoise\n|\n|upkeep\n|\n|t:|1783570534\n|switch|p2a: Bruxish|Bruxish, L85, F|100/100\n|turn|11\n|inactive|Time left: 300 sec this turn | 300 sec total\n|\n|t:|1783570535\n|switch|p1a: Overqwil|Overqwil, L82, F|274/274\n|-ability|p1a: Overqwil|Intimidate|boost\n|-unboost|p2a: Bruxish|atk|1\n|move|p2a: Bruxish|Swords Dance|p2a: Bruxish\n|-boost|p2a: Bruxish|atk|2\n|\n|upkeep\n|turn|12\n|inactive|Time left: 300 sec this turn | 300 sec total\n|\n|t:|1783570536\n|move|p2a: Bruxish|Wave Crash|p1a: Overqwil\n|-damage|p1a: Overqwil|23/274\n|-damage|p2a: Bruxish|68/100|[from] Recoil\n|-damage|p2a: Bruxish|58/100|[from] item: Life Orb\n|move|p1a: Overqwil|Crunch|p2a: Bruxish\n|-supereffective|p2a: Bruxish\n|-damage|p2a: Bruxish|0 fnt\n|faint|p2a: Bruxish\n|\n|upkeep\n|\n|t:|1783570537\n|switch|p2a: Archaludon|Archaludon, L78, M|100/100\n|turn|13\n|inactive|Time left: 300 sec this turn | 300 sec total\n|\n|t:|1783570538\n|move|p1a: Overqwil|Crunch|p2a: Archaludon\n|-damage|p2a: Archaludon|61/100\n|-ability|p2a: Archaludon|Stamina|boost\n|-boost|p2a: Archaludon|def|1\n|move|p2a: Archaludon|Outrage|p1a: Overqwil\n|-damage|p1a: Overqwil|0 fnt\n|faint|p1a: Overqwil\n|\n|upkeep\n|inactive|Time left: 300 sec this turn | 300 sec total | 5 sec grace\n|\n|t:|1783570539\n|switch|p1a: Mudsdale|Mudsdale, L83, M|302/302\n|turn|14\n|inactive|Time left: 300 sec this turn | 300 sec total\n|\n|t:|1783570540\n|move|p2a: Archaludon|Outrage|p1a: Mudsdale|[from] lockedmove\n|-damage|p1a: Mudsdale|200/302\n|-ability|p1a: Mudsdale|Stamina|boost\n|-boost|p1a: Mudsdale|def|1\n|move|p1a: Mudsdale|Earthquake|p2a: Archaludon\n|-supereffective|p2a: Archaludon\n|-damage|p2a: Archaludon|12/100\n|-ability|p2a: Archaludon|Stamina|boost\n|-boost|p2a: Archaludon|def|1\n|\n|-heal|p1a: Mudsdale|218/302|[from] item: Leftovers\n|upkeep\n|turn|15\n|inactive|Time left: 300 sec this turn | 300 sec total\n|\n|t:|1783570541\n|move|p2a: Archaludon|Outrage|p1a: Mudsdale|[from] lockedmove\n|-damage|p1a: Mudsdale|151/302\n|-ability|p1a: Mudsdale|Stamina|boost\n|-boost|p1a: Mudsdale|def|1\n|-start|p2a: Archaludon|confusion|[fatigue]\n|-enditem|p2a: Archaludon|Lum Berry|[eat]\n|-end|p2a: Archaludon|confusion\n|move|p1a: Mudsdale|Stealth Rock|p2a: Archaludon\n|-sidestart|p2: p0y2644f542|move: Stealth Rock\n|\n|-heal|p1a: Mudsdale|169/302|[from] item: Leftovers\n|upkeep\n|turn|16\n|inactive|Time left: 300 sec this turn | 300 sec total\n|\n|t:|1783570542\n|move|p2a: Archaludon|Outrage|p1a: Mudsdale\n|-damage|p1a: Mudsdale|114/302\n|-ability|p1a: Mudsdale|Stamina|boost\n|-boost|p1a: Mudsdale|def|1\n|move|p1a: Mudsdale|Earthquake|p2a: Archaludon\n|-supereffective|p2a: Archaludon\n|-damage|p2a: Archaludon|0 fnt\n|faint|p2a: Archaludon\n|\n|-heal|p1a: Mudsdale|132/302|[from] item: Leftovers\n|upkeep\n|\n|t:|1783570543\n|switch|p2a: Gurdurr|Gurdurr, L85, F|100/100\n|-damage|p2a: Gurdurr|94/100|[from] Stealth Rock\n|turn|17\n|inactive|Time left: 300 sec this turn | 300 sec total\n|\n|t:|1783570544\n|move|p2a: Gurdurr|Bulk Up|p2a: Gurdurr\n|-boost|p2a: Gurdurr|atk|1\n|-boost|p2a: Gurdurr|def|1\n|move|p1a: Mudsdale|Heavy Slam|p2a: Gurdurr\n|-damage|p2a: Gurdurr|79/100\n|\n|-heal|p1a: Mudsdale|150/302|[from] item: Leftovers\n|upkeep\n|turn|18\n|inactive|Time left: 300 sec this turn | 300 sec total\n|\n|t:|1783570545\n|move|p2a: Gurdurr|Bulk Up|p2a: Gurdurr\n|-boost|p2a: Gurdurr|atk|1\n|-boost|p2a: Gurdurr|def|1\n|move|p1a: Mudsdale|Heavy Slam|p2a: Gurdurr\n|-damage|p2a: Gurdurr|66/100\n|\n|-heal|p1a: Mudsdale|168/302|[from] item: Leftovers\n|upkeep\n|turn|19\n|inactive|Time left: 300 sec this turn | 300 sec total\n|\n|t:|1783570546\n|move|p2a: Gurdurr|Knock Off|p1a: Mudsdale\n|-damage|p1a: Mudsdale|109/302\n|-ability|p1a: Mudsdale|Stamina|boost\n|-boost|p1a: Mudsdale|def|1\n|-enditem|p1a: Mudsdale|Leftovers|[from] move: Knock Off|[of] p2a: Gurdurr\n|move|p1a: Mudsdale|Earthquake|p2a: Gurdurr\n|-damage|p2a: Gurdurr|51/100\n|\n|upkeep\n|turn|20\n|inactive|Time left: 300 sec this turn | 300 sec total\n|\n|t:|1783570547\n|move|p2a: Gurdurr|Drain Punch|p1a: Mudsdale\n|-damage|p1a: Mudsdale|55/302\n|-heal|p2a: Gurdurr|61/100|[from] drain|[of] p1a: Mudsdale\n|-ability|p1a: Mudsdale|Stamina|boost\n|-boost|p1a: Mudsdale|def|1\n|move|p1a: Mudsdale|Earthquake|p2a: Gurdurr\n|-damage|p2a: Gurdurr|45/100\n|\n|upkeep\n|turn|21\n|inactive|Time left: 300 sec this turn | 300 sec total\n|\n|t:|1783570548\n|move|p2a: Gurdurr|Drain Punch|p1a: Mudsdale\n|-damage|p1a: Mudsdale|7/302\n|-heal|p2a: Gurdurr|53/100|[from] drain|[of] p1a: Mudsdale\n|-ability|p1a: Mudsdale|Stamina|boost\n|-boost|p1a: Mudsdale|def|1\n|move|p1a: Mudsdale|Earthquake|p2a: Gurdurr\n|-damage|p2a: Gurdurr|39/100\n|\n|upkeep\n|turn|22\n|inactive|Time left: 300 sec this turn | 300 sec total\n|\n|t:|1783570549\n|move|p2a: Gurdurr|Knock Off|p1a: Mudsdale\n|-damage|p1a: Mudsdale|0 fnt\n|faint|p1a: Mudsdale\n|\n|upkeep\n|inactive|Time left: 300 sec this turn | 300 sec total | 5 sec grace\n|\n|t:|1783570550\n|switch|p1a: Scrafty|Scrafty, L83, M|244/244\n|turn|23\n|inactive|Time left: 300 sec this turn | 300 sec total\n|\n|t:|1783570551\n|-terastallize|p1a: Scrafty|Poison\n|move|p1a: Scrafty|Bulk Up|p1a: Scrafty\n|-boost|p1a: Scrafty|atk|1\n|-boost|p1a: Scrafty|def|1\n|move|p2a: Gurdurr|Drain Punch|p1a: Scrafty\n|-resisted|p1a: Scrafty\n|-damage|p1a: Scrafty|197/244\n|-heal|p2a: Gurdurr|47/100|[from] drain|[of] p1a: Scrafty\n|\n|-heal|p1a: Scrafty|212/244|[from] item: Leftovers\n|upkeep\n|turn|24\n|inactive|Time left: 300 sec this turn | 300 sec total\n|\n|t:|1783570552\n|move|p1a: Scrafty|Bulk Up|p1a: Scrafty\n|-boost|p1a: Scrafty|atk|1\n|-boost|p1a: Scrafty|def|1\n|move|p2a: Gurdurr|Bulk Up|p2a: Gurdurr\n|-boost|p2a: Gurdurr|atk|1\n|-boost|p2a: Gurdurr|def|1\n|\n|-heal|p1a: Scrafty|227/244|[from] item: Leftovers\n|upkeep\n|turn|25\n|inactive|Time left: 300 sec this turn | 300 sec total\n|\n|t:|1783570553\n|move|p1a: Scrafty|Bulk Up|p1a: Scrafty\n|-boost|p1a: Scrafty|atk|1\n|-boost|p1a: Scrafty|def|1\n|move|p2a: Gurdurr|Bulk Up|p2a: Gurdurr\n|-boost|p2a: Gurdurr|atk|1\n|-boost|p2a: Gurdurr|def|1\n|\n|-heal|p1a: Scrafty|242/244|[from] item: Leftovers\n|upkeep\n|turn|26\n|inactive|Time left: 300 sec this turn | 300 sec total\n|\n|t:|1783570554\n|move|p1a: Scrafty|Knock Off|p2a: Gurdurr\n|-resisted|p2a: Gurdurr\n|-damage|p2a: Gurdurr|37/100\n|-enditem|p2a: Gurdurr|Eviolite|[from] move: Knock Off|[of] p1a: Scrafty\n|move|p2a: Gurdurr|Knock Off|p1a: Scrafty\n|-damage|p1a: Scrafty|169/244\n|-enditem|p1a: Scrafty|Leftovers|[from] move: Knock Off|[of] p2a: Gurdurr\n|\n|upkeep\n|turn|27\n|inactive|Time left: 300 sec this turn | 300 sec total\n|\n|t:|1783570555\n|move|p1a: Scrafty|Drain Punch|p2a: Gurdurr\n|-damage|p2a: Gurdurr|14/100\n|-heal|p1a: Scrafty|202/244|[from] drain|[of] p2a: Gurdurr\n|move|p2a: Gurdurr|Drain Punch|p1a: Scrafty\n|-resisted|p1a: Scrafty\n|-damage|p1a: Scrafty|159/244\n|-heal|p2a: Gurdurr|21/100|[from] drain|[of] p1a: Scrafty\n|\n|upkeep\n|turn|28\n|inactive|Time left: 300 sec this turn | 300 sec total\n|\n|t:|1783570555\n|switch|p2a: Houndstone|Houndstone, L86, F|83/100\n|-damage|p2a: Houndstone|71/100|[from] Stealth Rock\n|move|p1a: Scrafty|Drain Punch|p2a: Houndstone\n|-immune|p2a: Houndstone\n|\n|-heal|p2a: Houndstone|77/100|[from] item: Leftovers\n|upkeep\n|turn|29\n|inactive|Time left: 300 sec this turn | 300 sec total\n|\n|t:|1783570556\n|move|p1a: Scrafty|Knock Off|p2a: Houndstone\n|-supereffective|p2a: Houndstone\n|-crit|p2a: Houndstone\n|-damage|p2a: Houndstone|0 fnt\n|-enditem|p2a: Houndstone|Leftovers|[from] move: Knock Off|[of] p1a: Scrafty\n|faint|p2a: Houndstone\n|\n|upkeep\n|\n|t:|1783570557\n|switch|p2a: Gurdurr|Gurdurr, L85, F|21/100\n|-damage|p2a: Gurdurr|15/100|[from] Stealth Rock\n|turn|30\n|inactive|Time left: 300 sec this turn | 300 sec total\n|\n|t:|1783570558\n|switch|p2a: Raichu|Raichu, L88, F|100/100\n|-damage|p2a: Raichu|88/100|[from] Stealth Rock\n|move|p1a: Scrafty|Knock Off|p2a: Raichu\n|-damage|p2a: Raichu|0 fnt\n|-enditem|p2a: Raichu|Life Orb|[from] move: Knock Off|[of] p1a: Scrafty\n|faint|p2a: Raichu\n|\n|upkeep\n|\n|t:|1783570558\n|switch|p2a: Gurdurr|Gurdurr, L85, F|15/100\n|-damage|p2a: Gurdurr|9/100|[from] Stealth Rock\n|turn|31\n|inactive|Time left: 300 sec this turn | 300 sec total\n|\n|t:|1783570559\n|move|p1a: Scrafty|Knock Off|p2a: Gurdurr\n|-resisted|p2a: Gurdurr\n|-damage|p2a: Gurdurr|0 fnt\n|faint|p2a: Gurdurr\n|\n|win|p0x264468dd", "uploadtime": 1783570559, "views": 0, "rating": 0, "private": 0, "password": null, "_winner": "p0x264468dd", "_our_name": "p0x264468dd"}