{"id": "battle-gen9randombattle-2000", "formatid": "gen9randombattle", "format": "[Gen 9] Random Battle", "players": ["p0x200091b4", "p0y20004fd3"], "log": "|init|battle\n|title|p0x200091b4 vs. p0y20004fd3\n|j|\u2606p0x200091b4\n|j|\u2606p0y20004fd3\n|t:|1783563136\n|gametype|singles\n|player|p1|p0x200091b4|101|\n|player|p2|p0y20004fd3|2|\n|gen|9\n|tier|[Gen 9] Random Battle\n|rule|Species Clause: Limit one of each Pok\u00e9mon\n|rule|HP Percentage Mod: HP is shown in percentages\n|rule|Sleep Clause Mod: Limit one foe put to sleep\n|rule|Illusion Level Mod: Illusion disguises the Pok\u00e9mon's true level\n|\n|t:|1783563136\n|teamsize|p1|6\n|teamsize|p2|6\n|start\n|switch|p1a: Lanturn|Lanturn, L89, F|367/367\n|switch|p2a: Toucannon|Toucannon, L88, M|100/100\n|turn|1\n|inactive|Battle timer is ON: inactive players will automatically lose when time's up. (requested by p0x200091b4)\n|inactive|p0y20004fd3 also wants the timer to be on.\n|\n|t:|1783563137\n|move|p1a: Lanturn|Thunderbolt|p2a: Toucannon\n|-supereffective|p2a: Toucannon\n|-damage|p2a: Toucannon|33/100\n|move|p2a: Toucannon|Bullet Seed|p1a: Lanturn\n|-supereffective|p1a: Lanturn\n|-damage|p1a: Lanturn|309/367\n|-supereffective|p1a: Lanturn\n|-damage|p1a: Lanturn|247/367\n|-supereffective|p1a: Lanturn\n|-damage|p1a: Lanturn|191/367\n|-supereffective|p1a: Lanturn\n|-damage|p1a: Lanturn|133/367\n|-supereffective|p1a: Lanturn\n|-damage|p1a: Lanturn|77/367\n|-hitcount|p1a: Lanturn|5\n|\n|upkeep\n|turn|2\n|inactive|Time left: 300 sec this turn | 300 sec total\n|\n|t:|1783563138\n|switch|p2a: Espeon|Espeon, L84, M|100/100\n|move|p1a: Lanturn|Thunderbolt|p2a: Espeon\n|-damage|p2a: Espeon|66/100\n|\n|upkeep\n|turn|3\n|inactive|Time left: 300 sec this turn | 300 sec total\n|\n|t:|1783563140\n|switch|p1a: Magearna|Magearna, L77|250/250\n|move|p2a: Espeon|Psyshock|p1a: Magearna\n|-resisted|p1a: Magearna\n|-damage|p1a: Magearna|192/250\n|-damage|p2a: Espeon|57/100|[from] item: Life Orb\n|\n|-heal|p1a: Magearna|207/250|[from] item: Leftovers\n|upkeep\n|turn|4\n|inactive|Time left: 300 sec this turn | 300 sec total\n|\n|t:|1783563141\n|move|p2a: Espeon|Calm Mind|p2a: Espeon\n|-boost|p2a: Espeon|spa|1\n|-boost|p2a: Espeon|spd|1\n|move|p1a: Magearna|Flash Cannon|p2a: Espeon\n|-damage|p2a: Espeon|33/100\n|\n|-heal|p1a: Magearna|222/250|[from] item: Leftovers\n|upkeep\n|turn|5\n|inactive|Time left: 300 sec this turn | 300 sec total\n|\n|t:|1783563142\n|move|p2a: Espeon|Calm Mind|p2a: Espeon\n|-boost|p2a: Espeon|spa|1\n|-boost|p2a: Espeon|spd|1\n|move|p1a: Magearna|Flash Cannon|p2a: Espeon\n|-damage|p2a: Espeon|17/100\n|\n|-heal|p1a: Magearna|237/250|[from] item: Leftovers\n|upkeep\n|turn|6\n|inactive|Time left: 300 sec this turn | 300 sec total\n|\n|t:|1783563143\n|move|p2a: Espeon|Shadow Ball|p1a: Magearna\n|-damage|p1a: Magearna|86/250\n|-damage|p2a: Espeon|7/100|[from] item: Life Orb\n|move|p1a: Magearna|Flash Cannon|p2a: Espeon\n|-damage|p2a: Espeon|0 fnt\n|faint|p2a: Espeon\n|-ability|p1a: Magearna|Soul-Heart|boost\n|-boost|p1a: Magearna|spa|1\n|\n|-heal|p1a: Magearna|101/250|[from] item: Leftovers\n|upkeep\n|\n|t:|1783563145\n|switch|p2a: Cobalion|Cobalion, L80|100/100\n|turn|7\n|inactive|Time left: 300 sec this turn | 300 sec total\n|\n|t:|1783563146\n|move|p2a: Cobalion|Close Combat|p1a: Magearna\n|-damage|p1a: Magearna|0 fnt\n|-unboost|p2a: Cobalion|def|1\n|-unboost|p2a: Cobalion|spd|1\n|faint|p1a: Magearna\n|-damage|p2a: Cobalion|91/100|[from] item: Life Orb\n|\n|upkeep\n|inactive|Time left: 300 sec this turn | 300 sec total | 5 sec grace\n|\n|t:|1783563147\n|switch|p1a: Bruxish|Bruxish, L85, M|254/254\n|turn|8\n|inactive|Time left: 300 sec this turn | 300 sec total\n|\n|t:|1783563149\n|switch|p2a: Weavile|Weavile, L79, M|100/100\n|move|p1a: Bruxish|Psychic Fangs|p2a: Weavile\n|-immune|p2a: Weavile\n|\n|upkeep\n|turn|9\n|inactive|Time left: 300 sec this turn | 300 sec total\n|\n|t:|1783563150\n|switch|p1a: Magmortar|Magmortar, L88, M|275/275\n|move|p2a: Weavile|Swords Dance|p2a: Weavile\n|-boost|p2a: Weavile|atk|2\n|\n|upkeep\n|turn|10\n|inactive|Time left: 300 sec this turn | 300 sec total\n|\n|t:|1783563151\n|move|p2a: Weavile|Knock Off|p1a: Magmortar\n|-damage|p1a: Magmortar|40/275\n|-status|p2a: Weavile|brn|[from] ability: Flame Body|[of] p1a: Magmortar\n|-enditem|p1a: Magmortar|Heavy-Duty Boots|[from] move: Knock Off|[of] p2a: Weavile\n|move|p1a: Magmortar|Fire Blast|p2a: Weavile\n|-supereffective|p2a: Weavile\n|-damage|p2a: Weavile|0 fnt\n|faint|p2a: Weavile\n|\n|upkeep\n|\n|t:|1783563152\n|switch|p2a: Tauros|Tauros, L82, M|100/100\n|turn|11\n|inactive|Time left: 300 sec this turn | 300 sec total\n|\n|t:|1783563153\n|move|p2a: Tauros|Body Slam|p1a: Magmortar\n|-damage|p1a: Magmortar|0 fnt\n|-status|p2a: Tauros|brn|[from] ability: Flame Body|[of] p1a: Magmortar\n|faint|p1a: Magmortar\n|\n|-damage|p2a: Tauros|94/100 brn|[from] brn\n|upkeep\n|inactive|Time left: 300 sec this turn | 300 sec total | 5 sec grace\n|\n|t:|1783563154\n|switch|p1a: Ariados|Ariados, L95, M|287/287\n|turn|12\n|inactive|Time left: 300 sec this turn | 300 sec total\n|\n|t:|1783563155\n|move|p2a: Tauros|Body Slam|p1a: Ariados\n|-damage|p1a: Ariados|205/287\n|move|p1a: Ariados|Sticky Web|p2a: Tauros\n|-sidestart|p2: p0y20004fd3|move: Sticky Web\n|\n|-damage|p2a: Tauros|88/100 brn|[from] brn\n|upkeep\n|turn|13\n|inactive|Time left: 300 sec this turn | 300 sec total\n|\n|t:|1783563156\n|move|p2a: Tauros|Body Slam|p1a: Ariados\n|-damage|p1a: Ariados|123/287\n|move|p1a: Ariados|Megahorn|p2a: Tauros\n|-damage|p2a: Tauros|34/100 brn\n|\n|-damage|p2a: Tauros|28/100 brn|[from] brn\n|upkeep\n|turn|14\n|inactive|Time left: 300 sec this turn | 300 sec total\n|\n|t:|1783563157\n|move|p2a: Tauros|Body Slam|p1a: Ariados\n|-damage|p1a: Ariados|41/287\n|move|p1a: Ariados|Poison Jab|p2a: Tauros\n|-damage|p2a: Tauros|0 fnt\n|faint|p2a: Tauros\n|\n|upkeep\n|\n|t:|1783563158\n|switch|p2a: Toucannon|Toucannon, L88, M|33/100\n|turn|15\n|inactive|Time left: 300 sec this turn | 300 sec total\n|\n|t:|1783563159\n|move|p2a: Toucannon|Boomburst|p1a: Ariados\n|-damage|p1a: Ariados|0 fnt\n|faint|p1a: Ariados\n|\n|upkeep\n|inactive|Time left: 300 sec this turn | 300 sec total | 5 sec grace\n|\n|t:|1783563160\n|switch|p1a: Bruxish|Bruxish, L85, M|254/254\n|turn|16\n|inactive|Time left: 300 sec this turn | 300 sec total\n|\n|t:|1783563160\n|switch|p2a: Cobalion|Cobalion, L80|91/100\n|-activate|p2a: Cobalion|move: Sticky Web\n|-unboost|p2a: Cobalion|spe|1\n|move|p1a: Bruxish|Psychic Fangs|p2a: Cobalion\n|-damage|p2a: Cobalion|28/100\n|\n|upkeep\n|turn|17\n|inactive|Time left: 300 sec this turn | 300 sec total\n|\n|t:|1783563161\n|move|p1a: Bruxish|Psychic Fangs|p2a: Cobalion\n|-damage|p2a: Cobalion|0 fnt\n|faint|p2a: Cobalion\n|\n|upkeep\n|\n|t:|1783563162\n|switch|p2a: Toucannon|Toucannon, L88, M|33/100\n|turn|18\n|inactive|Time left: 300 sec this turn | 300 sec total\n|\n|t:|1783563163\n|-terastallize|p2a: Toucannon|Steel\n|move|p1a: Bruxish|Psychic Fangs|p2a: Toucannon\n|-resisted|p2a: Toucannon\n|-damage|p2a: Toucannon|0 fnt\n|faint|p2a: Toucannon\n|\n|upkeep\n|\n|t:|1783563164\n|switch|p2a: Delibird|Delibird, F|100/100\n|turn|19\n|inactive|Time left: 300 sec this turn | 300 sec total\n|\n|t:|1783563165\n|move|p2a: Delibird|Brave Bird|p1a: Bruxish\n|-damage|p1a: Bruxish|43/254\n|-damage|p2a: Delibird|73/100|[from] Recoil\n|move|p1a: Bruxish|Psychic Fangs|p2a: Delibird\n|-damage|p2a: Delibird|0 fnt\n|faint|p2a: Delibird\n|\n|win|p0x200091b4", "uploadtime": 1783563165, "views": 0, "rating": 0, "private": 0, "password": null, "_winner": "p0x200091b4", "_our_name": "p0x200091b4"}