{"id": "battle-gen9randombattle-622", "formatid": "gen9randombattle", "format": "[Gen 9] Random Battle", "players": ["p0x6223bf0", "p0y622e9a4"], "log": "|init|battle\n|title|p0x6223bf0 vs. p0y622e9a4\n|j|\u2606p0x6223bf0\n|j|\u2606p0y622e9a4\n|t:|1783547022\n|gametype|singles\n|player|p1|p0x6223bf0|101|\n|player|p2|p0y622e9a4|1|\n|gen|9\n|tier|[Gen 9] Random Battle\n|rule|Species Clause: Limit one of each Pok\u00e9mon\n|rule|HP Percentage Mod: HP is shown in percentages\n|rule|Sleep Clause Mod: Limit one foe put to sleep\n|rule|Illusion Level Mod: Illusion disguises the Pok\u00e9mon's true level\n|\n|t:|1783547022\n|teamsize|p1|6\n|teamsize|p2|6\n|start\n|switch|p1a: Sawsbuck|Sawsbuck-Summer, L88, F|284/284\n|switch|p2a: Stonjourner|Stonjourner, L91, M|100/100\n|turn|1\n|inactive|Battle timer is ON: inactive players will automatically lose when time's up. (requested by p0x6223bf0)\n|inactive|p0y622e9a4 also wants the timer to be on.\n|\n|t:|1783547024\n|move|p1a: Sawsbuck|Horn Leech|p2a: Stonjourner\n|-supereffective|p2a: Stonjourner\n|-damage|p2a: Stonjourner|53/100\n|-damage|p1a: Sawsbuck|256/284|[from] item: Life Orb\n|move|p2a: Stonjourner|Heat Crash|p1a: Sawsbuck\n|-supereffective|p1a: Sawsbuck\n|-damage|p1a: Sawsbuck|0 fnt\n|faint|p1a: Sawsbuck\n|-damage|p2a: Stonjourner|43/100|[from] item: Life Orb\n|\n|upkeep\n|inactive|Time left: 300 sec this turn | 300 sec total | 65 sec grace\n|\n|t:|1783547025\n|switch|p1a: Pikachu|Pikachu-Partner, L93, F|216/216\n|turn|2\n|inactive|Time left: 300 sec this turn | 300 sec total\n|\n|t:|1783547026\n|switch|p2a: Dipplin|Dipplin, L88, M|100/100\n|move|p1a: Pikachu|Surf|p2a: Dipplin\n|-resisted|p2a: Dipplin\n|-damage|p2a: Dipplin|95/100\n|\n|upkeep\n|turn|3\n|inactive|Time left: 300 sec this turn | 300 sec total\n|\n|t:|1783547027\n|switch|p1a: Volcarona|Volcarona, L77, M|257/257\n|move|p2a: Dipplin|Dragon Pulse|p1a: Volcarona\n|-damage|p1a: Volcarona|160/257\n|\n|upkeep\n|turn|4\n|inactive|Time left: 300 sec this turn | 300 sec total\n|\n|t:|1783547028\n|move|p1a: Volcarona|Quiver Dance|p1a: Volcarona\n|-boost|p1a: Volcarona|spa|1\n|-boost|p1a: Volcarona|spd|1\n|-boost|p1a: Volcarona|spe|1\n|move|p2a: Dipplin|Dragon Tail|p1a: Volcarona\n|-damage|p1a: Volcarona|82/257\n|-status|p2a: Dipplin|brn|[from] ability: Flame Body|[of] p1a: Volcarona\n|drag|p1a: Forretress|Forretress, L84, F|263/263\n|\n|-damage|p2a: Dipplin|89/100 brn|[from] brn\n|upkeep\n|turn|5\n|inactive|Time left: 300 sec this turn | 300 sec total\n|\n|t:|1783547029\n|move|p2a: Dipplin|Dragon Pulse|p1a: Forretress\n|-resisted|p1a: Forretress\n|-damage|p1a: Forretress|197/263\n|move|p1a: Forretress|Stealth Rock|p2a: Dipplin\n|-sidestart|p2: p0y622e9a4|move: Stealth Rock\n|\n|-heal|p1a: Forretress|213/263|[from] item: Leftovers\n|-damage|p2a: Dipplin|83/100 brn|[from] brn\n|upkeep\n|turn|6\n|inactive|Time left: 300 sec this turn | 300 sec total\n|\n|t:|1783547030\n|move|p2a: Dipplin|Giga Drain|p1a: Forretress\n|-resisted|p1a: Forretress\n|-damage|p1a: Forretress|184/263\n|-heal|p2a: Dipplin|89/100 brn|[from] drain|[of] p1a: Forretress\n|move|p1a: Forretress|Spikes|p2a: Dipplin\n|-sidestart|p2: p0y622e9a4|Spikes\n|\n|-heal|p1a: Forretress|200/263|[from] item: Leftovers\n|-damage|p2a: Dipplin|83/100 brn|[from] brn\n|upkeep\n|turn|7\n|inactive|Time left: 300 sec this turn | 300 sec total\n|\n|t:|1783547031\n|move|p2a: Dipplin|Dragon Pulse|p1a: Forretress\n|-resisted|p1a: Forretress\n|-damage|p1a: Forretress|131/263\n|move|p1a: Forretress|Spikes|p2a: Dipplin\n|-sidestart|p2: p0y622e9a4|Spikes\n|\n|-heal|p1a: Forretress|147/263|[from] item: Leftovers\n|-damage|p2a: Dipplin|77/100 brn|[from] brn\n|upkeep\n|turn|8\n|inactive|Time left: 300 sec this turn | 300 sec total\n|\n|t:|1783547032\n|move|p2a: Dipplin|Dragon Pulse|p1a: Forretress\n|-resisted|p1a: Forretress\n|-damage|p1a: Forretress|88/263\n|move|p1a: Forretress|Spikes|p2a: Dipplin\n|-sidestart|p2: p0y622e9a4|Spikes\n|\n|-heal|p1a: Forretress|104/263|[from] item: Leftovers\n|-damage|p2a: Dipplin|71/100 brn|[from] brn\n|upkeep\n|turn|9\n|inactive|Time left: 300 sec this turn | 300 sec total\n|\n|t:|1783547033\n|move|p2a: Dipplin|Dragon Pulse|p1a: Forretress\n|-resisted|p1a: Forretress\n|-damage|p1a: Forretress|36/263\n|move|p1a: Forretress|Body Press|p2a: Dipplin\n|-damage|p2a: Dipplin|57/100 brn\n|\n|-heal|p1a: Forretress|52/263|[from] item: Leftovers\n|-damage|p2a: Dipplin|51/100 brn|[from] brn\n|upkeep\n|turn|10\n|inactive|Time left: 300 sec this turn | 300 sec total\n|\n|t:|1783547035\n|move|p2a: Dipplin|Dragon Pulse|p1a: Forretress\n|-resisted|p1a: Forretress\n|-crit|p1a: Forretress\n|-damage|p1a: Forretress|0 fnt\n|faint|p1a: Forretress\n|\n|-damage|p2a: Dipplin|45/100 brn|[from] brn\n|upkeep\n|inactive|Time left: 300 sec this turn | 300 sec total | 5 sec grace\n|\n|t:|1783547035\n|switch|p1a: Volcarona|Volcarona, L77, M|82/257\n|turn|11\n|inactive|Time left: 300 sec this turn | 300 sec total\n|\n|t:|1783547037\n|move|p1a: Volcarona|Morning Sun|p1a: Volcarona\n|-heal|p1a: Volcarona|210/257\n|move|p2a: Dipplin|Recover|p2a: Dipplin\n|-heal|p2a: Dipplin|95/100 brn\n|\n|-damage|p2a: Dipplin|89/100 brn|[from] brn\n|upkeep\n|turn|12\n|inactive|Time left: 300 sec this turn | 300 sec total\n|\n|t:|1783547038\n|move|p1a: Volcarona|Quiver Dance|p1a: Volcarona\n|-boost|p1a: Volcarona|spa|1\n|-boost|p1a: Volcarona|spd|1\n|-boost|p1a: Volcarona|spe|1\n|move|p2a: Dipplin|Dragon Tail|p1a: Volcarona\n|-damage|p1a: Volcarona|165/257\n|drag|p1a: Vigoroth|Vigoroth, L85, M|275/275\n|\n|-damage|p2a: Dipplin|83/100 brn|[from] brn\n|upkeep\n|turn|13\n|inactive|Time left: 300 sec this turn | 300 sec total\n|\n|t:|1783547039\n|move|p1a: Vigoroth|Bulk Up|p1a: Vigoroth\n|-boost|p1a: Vigoroth|atk|1\n|-boost|p1a: Vigoroth|def|1\n|move|p2a: Dipplin|Giga Drain|p1a: Vigoroth\n|-damage|p1a: Vigoroth|191/275\n|-heal|p2a: Dipplin|98/100 brn|[from] drain|[of] p1a: Vigoroth\n|\n|-damage|p2a: Dipplin|92/100 brn|[from] brn\n|upkeep\n|turn|14\n|inactive|Time left: 300 sec this turn | 300 sec total\n|\n|t:|1783547040\n|move|p1a: Vigoroth|Bulk Up|p1a: Vigoroth\n|-boost|p1a: Vigoroth|atk|1\n|-boost|p1a: Vigoroth|def|1\n|move|p2a: Dipplin|Dragon Pulse|p1a: Vigoroth\n|-damage|p1a: Vigoroth|95/275\n|\n|-damage|p2a: Dipplin|86/100 brn|[from] brn\n|upkeep\n|turn|15\n|inactive|Time left: 300 sec this turn | 300 sec total\n|\n|t:|1783547041\n|move|p1a: Vigoroth|Slack Off|p1a: Vigoroth\n|-heal|p1a: Vigoroth|233/275\n|move|p2a: Dipplin|Dragon Tail|p1a: Vigoroth\n|-damage|p1a: Vigoroth|222/275\n|drag|p1a: Iron Treads|Iron Treads, L77|265/265\n|\n|-damage|p2a: Dipplin|80/100 brn|[from] brn\n|upkeep\n|turn|16\n|inactive|Time left: 300 sec this turn | 300 sec total\n|\n|t:|1783547042\n|move|p1a: Iron Treads|Earthquake|p2a: Dipplin\n|-resisted|p2a: Dipplin\n|-damage|p2a: Dipplin|71/100 brn\n|move|p2a: Dipplin|Giga Drain|p1a: Iron Treads\n|-damage|p1a: Iron Treads|184/265\n|-heal|p2a: Dipplin|85/100 brn|[from] drain|[of] p1a: Iron Treads\n|\n|-damage|p2a: Dipplin|79/100 brn|[from] brn\n|upkeep\n|turn|17\n|inactive|Time left: 300 sec this turn | 300 sec total\n|\n|t:|1783547043\n|-end|p1a: Iron Treads|Quark Drive|[silent]\n|switch|p1a: Volcarona|Volcarona, L77, M|165/257\n|move|p2a: Dipplin|Giga Drain|p1a: Volcarona\n|-resisted|p1a: Volcarona\n|-damage|p1a: Volcarona|145/257\n|-heal|p2a: Dipplin|83/100 brn|[from] drain|[of] p1a: Volcarona\n|\n|-damage|p2a: Dipplin|77/100 brn|[from] brn\n|upkeep\n|turn|18\n|inactive|Time left: 300 sec this turn | 300 sec total\n|\n|t:|1783547045\n|move|p1a: Volcarona|Morning Sun|p1a: Volcarona\n|-heal|p1a: Volcarona|257/257\n|move|p2a: Dipplin|Dragon Tail|p1a: Volcarona\n|-damage|p1a: Volcarona|219/257\n|drag|p1a: Iron Treads|Iron Treads, L77|184/265\n|\n|-damage|p2a: Dipplin|71/100 brn|[from] brn\n|upkeep\n|turn|19\n|inactive|Time left: 300 sec this turn | 300 sec total\n|\n|t:|1783547046\n|-end|p1a: Iron Treads|Quark Drive|[silent]\n|switch|p1a: Volcarona|Volcarona, L77, M|219/257\n|move|p2a: Dipplin|Giga Drain|p1a: Volcarona\n|-resisted|p1a: Volcarona\n|-damage|p1a: Volcarona|199/257\n|-heal|p2a: Dipplin|74/100 brn|[from] drain|[of] p1a: Volcarona\n|\n|-damage|p2a: Dipplin|68/100 brn|[from] brn\n|upkeep\n|turn|20\n|inactive|Time left: 300 sec this turn | 300 sec total\n|\n|t:|1783547047\n|move|p1a: Volcarona|Quiver Dance|p1a: Volcarona\n|-boost|p1a: Volcarona|spa|1\n|-boost|p1a: Volcarona|spd|1\n|-boost|p1a: Volcarona|spe|1\n|move|p2a: Dipplin|Dragon Tail|p1a: Volcarona\n|-damage|p1a: Volcarona|154/257\n|drag|p1a: Pikachu|Pikachu-Partner, L93, F|216/216\n|\n|-damage|p2a: Dipplin|62/100 brn|[from] brn\n|upkeep\n|turn|21\n|inactive|Time left: 300 sec this turn | 300 sec total\n|\n|t:|1783547048\n|switch|p1a: Volcarona|Volcarona, L77, M|154/257\n|move|p2a: Dipplin|Recover|p2a: Dipplin\n|-heal|p2a: Dipplin|100/100 brn\n|\n|-damage|p2a: Dipplin|95/100 brn|[from] brn\n|upkeep\n|turn|22\n|inactive|Time left: 300 sec this turn | 300 sec total\n|\n|t:|1783547049\n|move|p1a: Volcarona|Quiver Dance|p1a: Volcarona\n|-boost|p1a: Volcarona|spa|1\n|-boost|p1a: Volcarona|spd|1\n|-boost|p1a: Volcarona|spe|1\n|move|p2a: Dipplin|Dragon Tail|p1a: Volcarona\n|-damage|p1a: Volcarona|111/257\n|drag|p1a: Iron Treads|Iron Treads, L77|184/265\n|\n|-damage|p2a: Dipplin|89/100 brn|[from] brn\n|upkeep\n|turn|23\n|inactive|Time left: 300 sec this turn | 300 sec total\n|\n|t:|1783547050\n|move|p1a: Iron Treads|Knock Off|p2a: Dipplin\n|-damage|p2a: Dipplin|76/100 brn\n|-activate|p2a: Dipplin|ability: Sticky Hold\n|move|p2a: Dipplin|Giga Drain|p1a: Iron Treads\n|-damage|p1a: Iron Treads|108/265\n|-heal|p2a: Dipplin|89/100 brn|[from] drain|[of] p1a: Iron Treads\n|\n|-damage|p2a: Dipplin|83/100 brn|[from] brn\n|upkeep\n|turn|24\n|inactive|Time left: 300 sec this turn | 300 sec total\n|\n|t:|1783547052\n|move|p1a: Iron Treads|Rapid Spin|p2a: Dipplin\n|-damage|p2a: Dipplin|77/100 brn\n|-boost|p1a: Iron Treads|spe|1\n|move|p2a: Dipplin|Giga Drain|p1a: Iron Treads\n|-damage|p1a: Iron Treads|36/265\n|-heal|p2a: Dipplin|90/100 brn|[from] drain|[of] p1a: Iron Treads\n|\n|-damage|p2a: Dipplin|84/100 brn|[from] brn\n|upkeep\n|turn|25\n|inactive|Time left: 300 sec this turn | 300 sec total\n|\n|t:|1783547053\n|-end|p1a: Iron Treads|Quark Drive|[silent]\n|switch|p1a: Volcarona|Volcarona, L77, M|111/257\n|move|p2a: Dipplin|Dragon Pulse|p1a: Volcarona\n|-damage|p1a: Volcarona|17/257\n|\n|-damage|p2a: Dipplin|78/100 brn|[from] brn\n|upkeep\n|turn|26\n|inactive|Time left: 300 sec this turn | 300 sec total\n|\n|t:|1783547054\n|move|p1a: Volcarona|Morning Sun|p1a: Volcarona\n|-heal|p1a: Volcarona|145/257\n|move|p2a: Dipplin|Dragon Pulse|p1a: Volcarona\n|-damage|p1a: Volcarona|43/257\n|\n|-damage|p2a: Dipplin|72/100 brn|[from] brn\n|upkeep\n|turn|27\n|inactive|Time left: 300 sec this turn | 300 sec total\n|\n|t:|1783547055\n|move|p1a: Volcarona|Morning Sun|p1a: Volcarona\n|-heal|p1a: Volcarona|171/257\n|move|p2a: Dipplin|Dragon Pulse|p1a: Volcarona\n|-damage|p1a: Volcarona|77/257\n|\n|-damage|p2a: Dipplin|66/100 brn|[from] brn\n|upkeep\n|turn|28\n|inactive|Time left: 300 sec this turn | 300 sec total\n|\n|t:|1783547056\n|move|p1a: Volcarona|Morning Sun|p1a: Volcarona\n|-heal|p1a: Volcarona|205/257\n|move|p2a: Dipplin|Dragon Tail|p1a: Volcarona\n|-damage|p1a: Volcarona|160/257\n|drag|p1a: Iron Treads|Iron Treads, L77|36/265\n|\n|-damage|p2a: Dipplin|60/100 brn|[from] brn\n|upkeep\n|turn|29\n|inactive|Time left: 300 sec this turn | 300 sec total\n|\n|t:|1783547057\n|-end|p1a: Iron Treads|Quark Drive|[silent]\n|switch|p1a: Volcarona|Volcarona, L77, M|160/257\n|move|p2a: Dipplin|Giga Drain|p1a: Volcarona\n|-resisted|p1a: Volcarona\n|-damage|p1a: Volcarona|141/257\n|-heal|p2a: Dipplin|63/100 brn|[from] drain|[of] p1a: Volcarona\n|\n|-damage|p2a: Dipplin|57/100 brn|[from] brn\n|upkeep\n|turn|30\n|inactive|Time left: 300 sec this turn | 300 sec total\n|\n|t:|1783547058\n|move|p1a: Volcarona|Morning Sun|p1a: Volcarona\n|-heal|p1a: Volcarona|257/257\n|move|p2a: Dipplin|Dragon Tail|p1a: Volcarona\n|-damage|p1a: Volcarona|216/257\n|drag|p1a: Vigoroth|Vigoroth, L85, M|222/275\n|\n|-damage|p2a: Dipplin|51/100 brn|[from] brn\n|upkeep\n|turn|31\n|inactive|Time left: 300 sec this turn | 300 sec total\n|\n|t:|1783547059\n|move|p1a: Vigoroth|Bulk Up|p1a: Vigoroth\n|-boost|p1a: Vigoroth|atk|1\n|-boost|p1a: Vigoroth|def|1\n|move|p2a: Dipplin|Giga Drain|p1a: Vigoroth\n|-damage|p1a: Vigoroth|141/275\n|-heal|p2a: Dipplin|66/100 brn|[from] drain|[of] p1a: Vigoroth\n|\n|-damage|p2a: Dipplin|60/100 brn|[from] brn\n|upkeep\n|turn|32\n|inactive|Time left: 300 sec this turn | 300 sec total\n|\n|t:|1783547060\n|move|p1a: Vigoroth|Slack Off|p1a: Vigoroth\n|-heal|p1a: Vigoroth|275/275\n|move|p2a: Dipplin|Giga Drain|p1a: Vigoroth\n|-damage|p1a: Vigoroth|196/275\n|-heal|p2a: Dipplin|74/100 brn|[from] drain|[of] p1a: Vigoroth\n|\n|-damage|p2a: Dipplin|68/100 brn|[from] brn\n|upkeep\n|turn|33\n|inactive|Time left: 300 sec this turn | 300 sec total\n|\n|t:|1783547060\n|move|p1a: Vigoroth|Body Slam|p2a: Dipplin\n|-damage|p2a: Dipplin|47/100 brn\n|move|p2a: Dipplin|Giga Drain|p1a: Vigoroth\n|-crit|p1a: Vigoroth\n|-damage|p1a: Vigoroth|73/275\n|-heal|p2a: Dipplin|68/100 brn|[from] drain|[of] p1a: Vigoroth\n|\n|-damage|p2a: Dipplin|62/100 brn|[from] brn\n|upkeep\n|turn|34\n|inactive|Time left: 300 sec this turn | 300 sec total\n|\n|t:|1783547061\n|move|p1a: Vigoroth|Slack Off|p1a: Vigoroth\n|-heal|p1a: Vigoroth|211/275\n|move|p2a: Dipplin|Giga Drain|p1a: Vigoroth\n|-damage|p1a: Vigoroth|138/275\n|-heal|p2a: Dipplin|75/100 brn|[from] drain|[of] p1a: Vigoroth\n|\n|-damage|p2a: Dipplin|70/100 brn|[from] brn\n|upkeep\n|turn|35\n|inactive|Time left: 300 sec this turn | 300 sec total\n|\n|t:|1783547062\n|move|p1a: Vigoroth|Slack Off|p1a: Vigoroth\n|-heal|p1a: Vigoroth|275/275\n|move|p2a: Dipplin|Giga Drain|p1a: Vigoroth\n|-damage|p1a: Vigoroth|191/275\n|-heal|p2a: Dipplin|84/100 brn|[from] drain|[of] p1a: Vigoroth\n|\n|-damage|p2a: Dipplin|78/100 brn|[from] brn\n|upkeep\n|turn|36\n|inactive|Time left: 300 sec this turn | 300 sec total\n|\n|t:|1783547063\n|move|p1a: Vigoroth|Slack Off|p1a: Vigoroth\n|-heal|p1a: Vigoroth|275/275\n|move|p2a: Dipplin|Giga Drain|p1a: Vigoroth\n|-damage|p1a: Vigoroth|199/275\n|-heal|p2a: Dipplin|92/100 brn|[from] drain|[of] p1a: Vigoroth\n|\n|-damage|p2a: Dipplin|86/100 brn|[from] brn\n|upkeep\n|turn|37\n|inactive|Time left: 300 sec this turn | 300 sec total\n|\n|t:|1783547064\n|move|p1a: Vigoroth|Bulk Up|p1a: Vigoroth\n|-boost|p1a: Vigoroth|atk|1\n|-boost|p1a: Vigoroth|def|1\n|move|p2a: Dipplin|Giga Drain|p1a: Vigoroth\n|-damage|p1a: Vigoroth|126/275\n|-heal|p2a: Dipplin|99/100 brn|[from] drain|[of] p1a: Vigoroth\n|\n|-damage|p2a: Dipplin|93/100 brn|[from] brn\n|upkeep\n|turn|38\n|inactive|Time left: 300 sec this turn | 300 sec total\n|\n|t:|1783547065\n|move|p1a: Vigoroth|Slack Off|p1a: Vigoroth\n|-heal|p1a: Vigoroth|264/275\n|move|p2a: Dipplin|Dragon Tail|p1a: Vigoroth\n|-damage|p1a: Vigoroth|253/275\n|drag|p1a: Iron Treads|Iron Treads, L77|36/265\n|\n|-damage|p2a: Dipplin|87/100 brn|[from] brn\n|upkeep\n|turn|39\n|inactive|Time left: 300 sec this turn | 300 sec total\n|\n|t:|1783547066\n|-end|p1a: Iron Treads|Quark Drive|[silent]\n|switch|p1a: Volcarona|Volcarona, L77, M|216/257\n|move|p2a: Dipplin|Dragon Pulse|p1a: Volcarona\n|-crit|p1a: Volcarona\n|-damage|p1a: Volcarona|75/257\n|\n|-damage|p2a: Dipplin|81/100 brn|[from] brn\n|upkeep\n|turn|40\n|inactive|Time left: 300 sec this turn | 300 sec total\n|\n|t:|1783547067\n|move|p1a: Volcarona|Morning Sun|p1a: Volcarona\n|-heal|p1a: Volcarona|203/257\n|move|p2a: Dipplin|Dragon Tail|p1a: Volcarona|[miss]\n|-miss|p2a: Dipplin|p1a: Volcarona\n|\n|-damage|p2a: Dipplin|75/100 brn|[from] brn\n|upkeep\n|turn|41\n|inactive|Time left: 300 sec this turn | 300 sec total\n|\n|t:|1783547068\n|move|p1a: Volcarona|Quiver Dance|p1a: Volcarona\n|-boost|p1a: Volcarona|spa|1\n|-boost|p1a: Volcarona|spd|1\n|-boost|p1a: Volcarona|spe|1\n|move|p2a: Dipplin|Dragon Tail|p1a: Volcarona\n|-damage|p1a: Volcarona|163/257\n|drag|p1a: Iron Treads|Iron Treads, L77|36/265\n|\n|-damage|p2a: Dipplin|69/100 brn|[from] brn\n|upkeep\n|turn|42\n|inactive|Time left: 300 sec this turn | 300 sec total\n|\n|t:|1783547069\n|-end|p1a: Iron Treads|Quark Drive|[silent]\n|switch|p1a: Volcarona|Volcarona, L77, M|163/257\n|move|p2a: Dipplin|Giga Drain|p1a: Volcarona\n|-resisted|p1a: Volcarona\n|-crit|p1a: Volcarona\n|-damage|p1a: Volcarona|134/257\n|-heal|p2a: Dipplin|74/100 brn|[from] drain|[of] p1a: Volcarona\n|\n|-damage|p2a: Dipplin|68/100 brn|[from] brn\n|upkeep\n|turn|43\n|inactive|Time left: 300 sec this turn | 300 sec total\n|\n|t:|1783547070\n|move|p1a: Volcarona|Morning Sun|p1a: Volcarona\n|-heal|p1a: Volcarona|257/257\n|move|p2a: Dipplin|Dragon Pulse|p1a: Volcarona\n|-damage|p1a: Volcarona|172/257\n|\n|-damage|p2a: Dipplin|62/100 brn|[from] brn\n|upkeep\n|turn|44\n|inactive|Time left: 300 sec this turn | 300 sec total\n|\n|t:|1783547072\n|move|p1a: Volcarona|Fire Blast|p2a: Dipplin\n|-damage|p2a: Dipplin|30/100 brn\n|move|p2a: Dipplin|Dragon Pulse|p1a: Volcarona\n|-damage|p1a: Volcarona|70/257\n|\n|-damage|p2a: Dipplin|24/100 brn|[from] brn\n|upkeep\n|turn|45\n|inactive|Time left: 300 sec this turn | 300 sec total\n|\n|t:|1783547073\n|move|p1a: Volcarona|Fire Blast|p2a: Dipplin\n|-damage|p2a: Dipplin|0 fnt\n|faint|p2a: Dipplin\n|\n|upkeep\n|\n|t:|1783547074\n|switch|p2a: Ariados|Ariados, L95, F|100/100\n|turn|46\n|inactive|Time left: 300 sec this turn | 300 sec total\n|\n|t:|1783547075\n|move|p2a: Ariados|Sucker Punch|p1a: Volcarona\n|-damage|p1a: Volcarona|0 fnt\n|faint|p1a: Volcarona\n|\n|upkeep\n|inactive|Time left: 300 sec this turn | 300 sec total | 5 sec grace\n|\n|t:|1783547076\n|switch|p1a: Vigoroth|Vigoroth, L85, M|253/275\n|turn|47\n|inactive|Time left: 300 sec this turn | 300 sec total\n|\n|t:|1783547077\n|move|p1a: Vigoroth|Bulk Up|p1a: Vigoroth\n|-boost|p1a: Vigoroth|atk|1\n|-boost|p1a: Vigoroth|def|1\n|move|p2a: Ariados|Sticky Web|p1a: Vigoroth\n|-sidestart|p1: p0x6223bf0|move: Sticky Web\n|\n|upkeep\n|turn|48\n|inactive|Time left: 300 sec this turn | 300 sec total\n|\n|t:|1783547078\n|move|p1a: Vigoroth|Bulk Up|p1a: Vigoroth\n|-boost|p1a: Vigoroth|atk|1\n|-boost|p1a: Vigoroth|def|1\n|move|p2a: Ariados|Megahorn|p1a: Vigoroth\n|-damage|p1a: Vigoroth|193/275\n|\n|upkeep\n|turn|49\n|inactive|Time left: 300 sec this turn | 300 sec total\n|\n|t:|1783547079\n|move|p1a: Vigoroth|Earthquake|p2a: Ariados\n|-damage|p2a: Ariados|51/100\n|move|p2a: Ariados|Poison Jab|p1a: Vigoroth\n|-damage|p1a: Vigoroth|156/275\n|-status|p1a: Vigoroth|psn\n|\n|-damage|p1a: Vigoroth|122/275 psn|[from] psn\n|upkeep\n|turn|50\n|inactive|Time left: 300 sec this turn | 300 sec total\n|\n|t:|1783547080\n|move|p1a: Vigoroth|Slack Off|p1a: Vigoroth\n|-heal|p1a: Vigoroth|260/275 psn\n|move|p2a: Ariados|Megahorn|p1a: Vigoroth\n|-damage|p1a: Vigoroth|206/275 psn\n|\n|-damage|p1a: Vigoroth|172/275 psn|[from] psn\n|upkeep\n|turn|51\n|inactive|Time left: 300 sec this turn | 300 sec total\n|\n|t:|1783547081\n|switch|p2a: Kleavor|Kleavor, L78, F|100/100\n|move|p1a: Vigoroth|Body Slam|p2a: Kleavor\n|-resisted|p2a: Kleavor\n|-damage|p2a: Kleavor|64/100\n|\n|-damage|p1a: Vigoroth|138/275 psn|[from] psn\n|upkeep\n|turn|52\n|inactive|Time left: 300 sec this turn | 300 sec total\n|\n|t:|1783547082\n|-terastallize|p1a: Vigoroth|Ground\n|move|p1a: Vigoroth|Earthquake|p2a: Kleavor\n|-damage|p2a: Kleavor|0 fnt\n|faint|p2a: Kleavor\n|\n|-damage|p1a: Vigoroth|104/275 psn|[from] psn\n|upkeep\n|\n|t:|1783547083\n|switch|p2a: Mewtwo|Mewtwo, L72|100/100\n|-damage|p2a: Mewtwo|88/100|[from] Stealth Rock\n|-damage|p2a: Mewtwo|63/100|[from] Spikes\n|-ability|p2a: Mewtwo|Pressure\n|turn|53\n|inactive|Time left: 300 sec this turn | 300 sec total\n|\n|t:|1783547084\n|-terastallize|p2a: Mewtwo|Fire\n|move|p2a: Mewtwo|Fire Blast|p1a: Vigoroth\n|-damage|p1a: Vigoroth|0 fnt\n|faint|p1a: Vigoroth\n|-damage|p2a: Mewtwo|53/100|[from] item: Life Orb\n|\n|upkeep\n|inactive|Time left: 300 sec this turn | 300 sec total | 5 sec grace\n|\n|t:|1783547085\n|switch|p1a: Pikachu|Pikachu-Partner, L93, F|216/216\n|-activate|p1a: Pikachu|move: Sticky Web\n|-unboost|p1a: Pikachu|spe|1\n|turn|54\n|inactive|Time left: 300 sec this turn | 300 sec total\n|\n|t:|1783547086\n|move|p1a: Pikachu|Fake Out|p2a: Mewtwo\n|-damage|p2a: Mewtwo|34/100\n|cant|p2a: Mewtwo|flinch\n|\n|upkeep\n|turn|55\n|inactive|Time left: 300 sec this turn | 300 sec total\n|\n|t:|1783547088\n|move|p2a: Mewtwo|Psystrike|p1a: Pikachu\n|-damage|p1a: Pikachu|0 fnt\n|faint|p1a: Pikachu\n|-damage|p2a: Mewtwo|24/100|[from] item: Life Orb\n|\n|upkeep\n|inactive|Time left: 300 sec this turn | 300 sec total | 5 sec grace\n|\n|t:|1783547089\n|switch|p1a: Iron Treads|Iron Treads, L77|36/265\n|-activate|p1a: Iron Treads|move: Sticky Web\n|-unboost|p1a: Iron Treads|spe|1\n|turn|56\n|inactive|Time left: 300 sec this turn | 300 sec total\n|\n|t:|1783547090\n|move|p2a: Mewtwo|Psystrike|p1a: Iron Treads\n|-resisted|p1a: Iron Treads\n|-damage|p1a: Iron Treads|0 fnt\n|faint|p1a: Iron Treads\n|-end|p1a: Iron Treads|Quark Drive|[silent]\n|-damage|p2a: Mewtwo|14/100|[from] item: Life Orb\n|\n|win|p0y622e9a4", "uploadtime": 1783547090, "views": 0, "rating": 0, "private": 0, "password": null, "_winner": "p0y622e9a4", "_our_name": "p0x6223bf0"}