{"id": "battle-gen9randombattle-906", "formatid": "gen9randombattle", "format": "[Gen 9] Random Battle", "players": ["p0x906350d", "p0y9068e70"], "log": "|init|battle\n|title|p0x906350d vs. p0y9068e70\n|j|\u2606p0x906350d\n|j|\u2606p0y9068e70\n|t:|1783549667\n|gametype|singles\n|player|p1|p0x906350d|2|\n|player|p2|p0y9068e70|170|\n|gen|9\n|tier|[Gen 9] Random Battle\n|rule|Species Clause: Limit one of each Pok\u00e9mon\n|rule|HP Percentage Mod: HP is shown in percentages\n|rule|Sleep Clause Mod: Limit one foe put to sleep\n|rule|Illusion Level Mod: Illusion disguises the Pok\u00e9mon's true level\n|\n|t:|1783549667\n|teamsize|p1|6\n|teamsize|p2|6\n|start\n|switch|p1a: Duraludon|Duraludon, L82, F|249/249\n|switch|p2a: Sandaconda|Sandaconda, L84, F|100/100\n|turn|1\n|inactive|Battle timer is ON: inactive players will automatically lose when time's up. (requested by p0y9068e70)\n|inactive|Time left: 300 sec this turn | 300 sec total | 60 sec grace\n|\n|t:|1783549669\n|move|p1a: Duraludon|Flash Cannon|p2a: Sandaconda\n|-crit|p2a: Sandaconda\n|-damage|p2a: Sandaconda|37/100\n|move|p2a: Sandaconda|Stealth Rock|p1a: Duraludon\n|-sidestart|p1: p0x906350d|move: Stealth Rock\n|\n|-heal|p2a: Sandaconda|43/100|[from] item: Leftovers\n|upkeep\n|turn|2\n|inactive|Time left: 300 sec this turn | 300 sec total\n|inactive|p0x906350d also wants the timer to be on.\n|\n|t:|1783549670\n|move|p1a: Duraludon|Flash Cannon|p2a: Sandaconda\n|-damage|p2a: Sandaconda|0 fnt\n|faint|p2a: Sandaconda\n|\n|upkeep\n|\n|t:|1783549671\n|switch|p2a: Politoed|Politoed, L88, F|100/100\n|-weather|RainDance|[from] ability: Drizzle|[of] p2a: Politoed\n|turn|3\n|inactive|Time left: 300 sec this turn | 300 sec total\n|\n|t:|1783549672\n|move|p2a: Politoed|Weather Ball|p1a: Duraludon\n|-resisted|p1a: Duraludon\n|-damage|p1a: Duraludon|128/249\n|move|p1a: Duraludon|Dragon Tail|p2a: Politoed|[miss]\n|-miss|p1a: Duraludon|p2a: Politoed\n|\n|-weather|RainDance|[upkeep]\n|upkeep\n|turn|4\n|inactive|Time left: 300 sec this turn | 300 sec total\n|\n|t:|1783549673\n|switch|p1a: Rillaboom|Rillaboom, L79, M|288/288\n|-damage|p1a: Rillaboom|252/288|[from] Stealth Rock\n|-fieldstart|move: Grassy Terrain|[from] ability: Grassy Surge|[of] p1a: Rillaboom\n|move|p2a: Politoed|Weather Ball|p1a: Rillaboom\n|-resisted|p1a: Rillaboom\n|-damage|p1a: Rillaboom|96/288\n|\n|-weather|RainDance|[upkeep]\n|-heal|p1a: Rillaboom|114/288|[from] Grassy Terrain\n|upkeep\n|turn|5\n|inactive|Time left: 300 sec this turn | 300 sec total\n|\n|t:|1783549674\n|switch|p2a: Moltres|Moltres-Galar, L79|100/100\n|move|p1a: Rillaboom|Wood Hammer|p2a: Moltres\n|-resisted|p2a: Moltres\n|-damage|p2a: Moltres|48/100\n|-damage|p1a: Rillaboom|67/288|[from] Recoil\n|-ability|p2a: Moltres|Berserk|boost\n|-boost|p2a: Moltres|spa|1\n|\n|-weather|RainDance|[upkeep]\n|-heal|p1a: Rillaboom|85/288|[from] Grassy Terrain\n|upkeep\n|turn|6\n|inactive|Time left: 300 sec this turn | 300 sec total\n|\n|t:|1783549675\n|switch|p1a: Fezandipiti|Fezandipiti, L82, M|278/278\n|-damage|p1a: Fezandipiti|244/278|[from] Stealth Rock\n|move|p2a: Moltres|Hurricane|p1a: Fezandipiti\n|-damage|p1a: Fezandipiti|123/278\n|\n|-weather|RainDance|[upkeep]\n|-heal|p1a: Fezandipiti|140/278|[from] Grassy Terrain\n|-heal|p1a: Fezandipiti|157/278|[from] item: Leftovers\n|upkeep\n|turn|7\n|inactive|Time left: 300 sec this turn | 300 sec total\n|\n|t:|1783549676\n|move|p1a: Fezandipiti|Play Rough|p2a: Moltres\n|-supereffective|p2a: Moltres\n|-damage|p2a: Moltres|0 fnt\n|faint|p2a: Moltres\n|\n|-weather|none\n|-heal|p1a: Fezandipiti|174/278|[from] Grassy Terrain\n|-heal|p1a: Fezandipiti|191/278|[from] item: Leftovers\n|upkeep\n|\n|t:|1783549677\n|switch|p2a: Politoed|Politoed, L88, F|100/100\n|-weather|RainDance|[from] ability: Drizzle|[of] p2a: Politoed\n|turn|8\n|inactive|Time left: 300 sec this turn | 300 sec total\n|\n|t:|1783549678\n|switch|p1a: Meganium|Meganium, L90, M|290/290\n|-damage|p1a: Meganium|254/290|[from] Stealth Rock\n|move|p2a: Politoed|Weather Ball|p1a: Meganium\n|-resisted|p1a: Meganium\n|-damage|p1a: Meganium|140/290\n|\n|-weather|RainDance|[upkeep]\n|-heal|p1a: Meganium|158/290|[from] Grassy Terrain\n|-heal|p1a: Meganium|176/290|[from] item: Leftovers\n|-fieldend|move: Grassy Terrain\n|upkeep\n|turn|9\n|inactive|Time left: 300 sec this turn | 300 sec total\n|\n|t:|1783549679\n|move|p1a: Meganium|Energy Ball|p2a: Politoed\n|-supereffective|p2a: Politoed\n|-damage|p2a: Politoed|40/100\n|move|p2a: Politoed|Weather Ball|p1a: Meganium\n|-resisted|p1a: Meganium\n|-damage|p1a: Meganium|69/290\n|\n|-weather|RainDance|[upkeep]\n|-heal|p1a: Meganium|87/290|[from] item: Leftovers\n|upkeep\n|turn|10\n|inactive|Time left: 300 sec this turn | 300 sec total\n|\n|t:|1783549680\n|move|p1a: Meganium|Energy Ball|p2a: Politoed\n|-supereffective|p2a: Politoed\n|-damage|p2a: Politoed|0 fnt\n|faint|p2a: Politoed\n|\n|-weather|RainDance|[upkeep]\n|-heal|p1a: Meganium|105/290|[from] item: Leftovers\n|upkeep\n|\n|t:|1783549681\n|switch|p2a: Jumpluff|Jumpluff, L87, F|100/100\n|turn|11\n|inactive|Time left: 300 sec this turn | 300 sec total\n|\n|t:|1783549682\n|switch|p1a: Bastiodon|Bastiodon, L89, M|252/252\n|-damage|p1a: Bastiodon|237/252|[from] Stealth Rock\n|move|p2a: Jumpluff|Acrobatics|p1a: Bastiodon\n|-resisted|p1a: Bastiodon\n|-damage|p1a: Bastiodon|225/252\n|\n|-weather|RainDance|[upkeep]\n|upkeep\n|turn|12\n|inactive|Time left: 300 sec this turn | 300 sec total\n|\n|t:|1783549683\n|move|p2a: Jumpluff|Leech Seed|p1a: Bastiodon\n|-start|p1a: Bastiodon|move: Leech Seed\n|move|p1a: Bastiodon|Iron Defense|p1a: Bastiodon\n|-boost|p1a: Bastiodon|def|2\n|\n|-weather|none\n|-damage|p1a: Bastiodon|194/252|[from] Leech Seed|[of] p2a: Jumpluff\n|upkeep\n|turn|13\n|inactive|Time left: 300 sec this turn | 300 sec total\n|\n|t:|1783549684\n|move|p2a: Jumpluff|Acrobatics|p1a: Bastiodon\n|-resisted|p1a: Bastiodon\n|-damage|p1a: Bastiodon|188/252\n|move|p1a: Bastiodon|Body Press|p2a: Jumpluff\n|-resisted|p2a: Jumpluff\n|-damage|p2a: Jumpluff|61/100\n|\n|-damage|p1a: Bastiodon|157/252|[from] Leech Seed|[of] p2a: Jumpluff\n|-heal|p2a: Jumpluff|72/100|[silent]\n|upkeep\n|turn|14\n|inactive|Time left: 300 sec this turn | 300 sec total\n|\n|t:|1783549685\n|move|p2a: Jumpluff|Strength Sap|p1a: Bastiodon\n|-unboost|p1a: Bastiodon|atk|1\n|-heal|p2a: Jumpluff|100/100\n|move|p1a: Bastiodon|Body Press|p2a: Jumpluff\n|-resisted|p2a: Jumpluff\n|-damage|p2a: Jumpluff|59/100\n|\n|-damage|p1a: Bastiodon|126/252|[from] Leech Seed|[of] p2a: Jumpluff\n|-heal|p2a: Jumpluff|70/100|[silent]\n|upkeep\n|turn|15\n|inactive|Time left: 300 sec this turn | 300 sec total\n|\n|t:|1783549685\n|move|p2a: Jumpluff|Strength Sap|p1a: Bastiodon\n|-unboost|p1a: Bastiodon|atk|1\n|-heal|p2a: Jumpluff|94/100\n|move|p1a: Bastiodon|Body Press|p2a: Jumpluff\n|-resisted|p2a: Jumpluff\n|-damage|p2a: Jumpluff|55/100\n|\n|-damage|p1a: Bastiodon|95/252|[from] Leech Seed|[of] p2a: Jumpluff\n|-heal|p2a: Jumpluff|67/100|[silent]\n|upkeep\n|turn|16\n|inactive|Time left: 300 sec this turn | 300 sec total\n|\n|t:|1783549686\n|move|p2a: Jumpluff|Strength Sap|p1a: Bastiodon\n|-unboost|p1a: Bastiodon|atk|1\n|-heal|p2a: Jumpluff|84/100\n|move|p1a: Bastiodon|Body Press|p2a: Jumpluff\n|-resisted|p2a: Jumpluff\n|-crit|p2a: Jumpluff\n|-damage|p2a: Jumpluff|23/100\n|\n|-damage|p1a: Bastiodon|64/252|[from] Leech Seed|[of] p2a: Jumpluff\n|-heal|p2a: Jumpluff|35/100|[silent]\n|upkeep\n|turn|17\n|inactive|Time left: 300 sec this turn | 300 sec total\n|\n|t:|1783549687\n|move|p2a: Jumpluff|Strength Sap|p1a: Bastiodon\n|-unboost|p1a: Bastiodon|atk|1\n|-heal|p2a: Jumpluff|49/100\n|move|p1a: Bastiodon|Body Press|p2a: Jumpluff\n|-resisted|p2a: Jumpluff\n|-damage|p2a: Jumpluff|10/100\n|\n|-damage|p1a: Bastiodon|33/252|[from] Leech Seed|[of] p2a: Jumpluff\n|-heal|p2a: Jumpluff|22/100|[silent]\n|upkeep\n|turn|18\n|inactive|Time left: 300 sec this turn | 300 sec total\n|\n|t:|1783549688\n|move|p2a: Jumpluff|Strength Sap|p1a: Bastiodon\n|-unboost|p1a: Bastiodon|atk|1\n|-heal|p2a: Jumpluff|33/100\n|move|p1a: Bastiodon|Body Press|p2a: Jumpluff\n|-resisted|p2a: Jumpluff\n|-damage|p2a: Jumpluff|0 fnt\n|faint|p2a: Jumpluff\n|\n|upkeep\n|\n|t:|1783549689\n|switch|p2a: Florges|Florges-Orange, L85, F|100/100\n|turn|19\n|inactive|Time left: 300 sec this turn | 300 sec total\n|\n|t:|1783549690\n|switch|p1a: Fezandipiti|Fezandipiti, L82, M|191/278\n|-damage|p1a: Fezandipiti|157/278|[from] Stealth Rock\n|move|p2a: Florges|Calm Mind|p2a: Florges\n|-boost|p2a: Florges|spa|1\n|-boost|p2a: Florges|spd|1\n|\n|-heal|p1a: Fezandipiti|174/278|[from] item: Leftovers\n|upkeep\n|turn|20\n|inactive|Time left: 300 sec this turn | 300 sec total\n|\n|t:|1783549691\n|-terastallize|p2a: Florges|Ground\n|move|p1a: Fezandipiti|Gunk Shot|p2a: Florges\n|-resisted|p2a: Florges\n|-damage|p2a: Florges|77/100\n|move|p2a: Florges|Tera Blast|p1a: Fezandipiti|[anim] Tera Blast Ground\n|-supereffective|p1a: Fezandipiti\n|-damage|p1a: Fezandipiti|0 fnt\n|faint|p1a: Fezandipiti\n|\n|-heal|p2a: Florges|83/100|[from] item: Leftovers\n|upkeep\n|inactive|Time left: 300 sec this turn | 300 sec total | 5 sec grace\n|\n|t:|1783549692\n|switch|p1a: Rillaboom|Rillaboom, L79, M|85/288\n|-damage|p1a: Rillaboom|49/288|[from] Stealth Rock\n|-fieldstart|move: Grassy Terrain|[from] ability: Grassy Surge|[of] p1a: Rillaboom\n|turn|21\n|inactive|Time left: 300 sec this turn | 300 sec total\n|\n|t:|1783549694\n|move|p1a: Rillaboom|Grassy Glide|p2a: Florges\n|-supereffective|p2a: Florges\n|-damage|p2a: Florges|0 fnt\n|faint|p2a: Florges\n|\n|-heal|p1a: Rillaboom|67/288|[from] Grassy Terrain\n|upkeep\n|\n|t:|1783549695\n|switch|p2a: Excadrill|Excadrill, L79, M|100/100\n|-ability|p2a: Excadrill|Mold Breaker\n|turn|22\n|inactive|Time left: 300 sec this turn | 300 sec total\n|\n|t:|1783549696\n|move|p1a: Rillaboom|Grassy Glide|p2a: Excadrill\n|-damage|p2a: Excadrill|48/100\n|move|p2a: Excadrill|Iron Head|p1a: Rillaboom\n|-damage|p1a: Rillaboom|0 fnt\n|faint|p1a: Rillaboom\n|\n|-heal|p2a: Excadrill|54/100|[from] Grassy Terrain\n|upkeep\n|inactive|Time left: 300 sec this turn | 300 sec total | 5 sec grace\n|\n|t:|1783549696\n|switch|p1a: Duraludon|Duraludon, L82, F|128/249\n|-damage|p1a: Duraludon|113/249|[from] Stealth Rock\n|turn|23\n|inactive|Time left: 300 sec this turn | 300 sec total\n|\n|t:|1783549697\n|-terastallize|p1a: Duraludon|Fighting\n|move|p1a: Duraludon|Body Press|p2a: Excadrill\n|-supereffective|p2a: Excadrill\n|-damage|p2a: Excadrill|0 fnt\n|faint|p2a: Excadrill\n|\n|win|p0x906350d", "uploadtime": 1783549697, "views": 0, "rating": 0, "private": 0, "password": null, "_winner": "p0x906350d", "_our_name": "p0x906350d"}