{"id": "battle-gen9randombattle-213", "formatid": "gen9randombattle", "format": "[Gen 9] Random Battle", "players": ["p0x2138057", "p0y2139137"], "log": "|init|battle\n|title|p0x2138057 vs. p0y2139137\n|j|\u2606p0x2138057\n|j|\u2606p0y2139137\n|t:|1783535718\n|gametype|singles\n|player|p1|p0x2138057|169|\n|player|p2|p0y2139137|102|\n|gen|9\n|tier|[Gen 9] Random Battle\n|rule|Species Clause: Limit one of each Pok\u00e9mon\n|rule|HP Percentage Mod: HP is shown in percentages\n|rule|Sleep Clause Mod: Limit one foe put to sleep\n|rule|Illusion Level Mod: Illusion disguises the Pok\u00e9mon's true level\n|\n|t:|1783535718\n|teamsize|p1|6\n|teamsize|p2|6\n|start\n|switch|p1a: Arcanine|Arcanine, L84, M|100/100\n|switch|p2a: Blaziken|Blaziken, L76, M|247/247\n|-ability|p1a: Arcanine|Intimidate|boost\n|-unboost|p2a: Blaziken|atk|1\n|turn|1\n|inactive|Battle timer is ON: inactive players will automatically lose when time's up. (requested by p0y2139137)\n|inactive|p0x2138057 also wants the timer to be on.\n|\n|t:|1783535719\n|move|p1a: Arcanine|Extreme Speed|p2a: Blaziken\n|-damage|p2a: Blaziken|167/247\n|move|p2a: Blaziken|Swords Dance|p2a: Blaziken\n|-boost|p2a: Blaziken|atk|2\n|\n|-ability|p2a: Blaziken|Speed Boost|boost\n|-boost|p2a: Blaziken|spe|1\n|upkeep\n|turn|2\n|inactive|Time left: 300 sec this turn | 300 sec total\n|\n|t:|1783535721\n|move|p2a: Blaziken|Close Combat|p1a: Arcanine\n|-damage|p1a: Arcanine|8/100\n|-unboost|p2a: Blaziken|def|1\n|-unboost|p2a: Blaziken|spd|1\n|-damage|p2a: Blaziken|143/247|[from] item: Life Orb\n|move|p1a: Arcanine|Flare Blitz|p2a: Blaziken\n|-resisted|p2a: Blaziken\n|-damage|p2a: Blaziken|0 fnt\n|faint|p2a: Blaziken\n|-damage|p1a: Arcanine|0 fnt|[from] Recoil\n|faint|p1a: Arcanine\n|\n|upkeep\n|inactive|Time left: 300 sec this turn | 300 sec total | 5 sec grace\n|\n|t:|1783535722\n|switch|p1a: Kingdra|Kingdra, L84, F|100/100\n|switch|p2a: Registeel|Registeel, L81|262/262\n|turn|3\n|inactive|Time left: 300 sec this turn | 300 sec total\n|\n|t:|1783535723\n|move|p1a: Kingdra|Dragon Dance|p1a: Kingdra\n|-boost|p1a: Kingdra|atk|1\n|-boost|p1a: Kingdra|spe|1\n|move|p2a: Registeel|Iron Defense|p2a: Registeel\n|-boost|p2a: Registeel|def|2\n|\n|upkeep\n|turn|4\n|inactive|Time left: 300 sec this turn | 300 sec total\n|\n|t:|1783535724\n|move|p1a: Kingdra|Waterfall|p2a: Registeel\n|-damage|p2a: Registeel|222/262\n|move|p2a: Registeel|Body Press|p1a: Kingdra\n|-damage|p1a: Kingdra|43/100\n|\n|upkeep\n|turn|5\n|inactive|Time left: 300 sec this turn | 300 sec total\n|\n|t:|1783535725\n|switch|p1a: Annihilape|Annihilape, L76, F|100/100\n|move|p2a: Registeel|Body Press|p1a: Annihilape\n|-immune|p1a: Annihilape\n|\n|upkeep\n|turn|6\n|inactive|Time left: 300 sec this turn | 300 sec total\n|\n|t:|1783535727\n|move|p1a: Annihilape|Bulk Up|p1a: Annihilape\n|-boost|p1a: Annihilape|atk|1\n|-boost|p1a: Annihilape|def|1\n|move|p2a: Registeel|Body Press|p1a: Annihilape\n|-immune|p1a: Annihilape\n|\n|upkeep\n|turn|7\n|inactive|Time left: 300 sec this turn | 300 sec total\n|\n|t:|1783535728\n|move|p1a: Annihilape|Bulk Up|p1a: Annihilape\n|-boost|p1a: Annihilape|atk|1\n|-boost|p1a: Annihilape|def|1\n|move|p2a: Registeel|Iron Defense|p2a: Registeel\n|-boost|p2a: Registeel|def|2\n|\n|upkeep\n|turn|8\n|inactive|Time left: 300 sec this turn | 300 sec total\n|\n|t:|1783535729\n|move|p1a: Annihilape|Bulk Up|p1a: Annihilape\n|-boost|p1a: Annihilape|atk|1\n|-boost|p1a: Annihilape|def|1\n|move|p2a: Registeel|Iron Defense|p2a: Registeel\n|-boost|p2a: Registeel|def|2\n|\n|upkeep\n|turn|9\n|inactive|Time left: 300 sec this turn | 300 sec total\n|\n|t:|1783535730\n|move|p1a: Annihilape|Drain Punch|p2a: Registeel\n|-supereffective|p2a: Registeel\n|-damage|p2a: Registeel|156/262\n|move|p2a: Registeel|Body Press|p1a: Annihilape\n|-immune|p1a: Annihilape\n|\n|upkeep\n|turn|10\n|inactive|Time left: 300 sec this turn | 300 sec total\n|\n|t:|1783535731\n|move|p1a: Annihilape|Drain Punch|p2a: Registeel\n|-supereffective|p2a: Registeel\n|-damage|p2a: Registeel|84/262\n|move|p2a: Registeel|Rest|p2a: Registeel\n|-status|p2a: Registeel|slp|[from] move: Rest\n|-heal|p2a: Registeel|262/262 slp|[silent]\n|-enditem|p2a: Registeel|Chesto Berry|[eat]\n|-curestatus|p2a: Registeel|slp|[msg]\n|\n|upkeep\n|turn|11\n|inactive|Time left: 300 sec this turn | 300 sec total\n|\n|t:|1783535732\n|move|p1a: Annihilape|Drain Punch|p2a: Registeel\n|-supereffective|p2a: Registeel\n|-damage|p2a: Registeel|196/262\n|move|p2a: Registeel|Body Press|p1a: Annihilape\n|-immune|p1a: Annihilape\n|\n|upkeep\n|turn|12\n|inactive|Time left: 300 sec this turn | 300 sec total\n|\n|t:|1783535733\n|move|p1a: Annihilape|Bulk Up|p1a: Annihilape\n|-boost|p1a: Annihilape|atk|1\n|-boost|p1a: Annihilape|def|1\n|move|p2a: Registeel|Iron Defense|p2a: Registeel\n|-boost|p2a: Registeel|def|0\n|\n|upkeep\n|turn|13\n|inactive|Time left: 300 sec this turn | 300 sec total\n|\n|t:|1783535734\n|move|p1a: Annihilape|Drain Punch|p2a: Registeel\n|-supereffective|p2a: Registeel\n|-damage|p2a: Registeel|118/262\n|move|p2a: Registeel|Iron Defense|p2a: Registeel\n|-boost|p2a: Registeel|def|0\n|\n|upkeep\n|turn|14\n|inactive|Time left: 300 sec this turn | 300 sec total\n|\n|t:|1783535735\n|move|p1a: Annihilape|Drain Punch|p2a: Registeel\n|-supereffective|p2a: Registeel\n|-damage|p2a: Registeel|44/262\n|move|p2a: Registeel|Rest|p2a: Registeel\n|-status|p2a: Registeel|slp|[from] move: Rest\n|-heal|p2a: Registeel|262/262 slp|[silent]\n|\n|upkeep\n|turn|15\n|inactive|Time left: 300 sec this turn | 300 sec total\n|\n|t:|1783535736\n|move|p1a: Annihilape|Drain Punch|p2a: Registeel\n|-supereffective|p2a: Registeel\n|-damage|p2a: Registeel|190/262 slp\n|cant|p2a: Registeel|slp\n|\n|upkeep\n|turn|16\n|inactive|Time left: 300 sec this turn | 300 sec total\n|\n|t:|1783535737\n|move|p1a: Annihilape|Drain Punch|p2a: Registeel\n|-supereffective|p2a: Registeel\n|-damage|p2a: Registeel|110/262 slp\n|cant|p2a: Registeel|slp\n|\n|upkeep\n|turn|17\n|inactive|Time left: 300 sec this turn | 300 sec total\n|\n|t:|1783535738\n|move|p1a: Annihilape|Drain Punch|p2a: Registeel\n|-supereffective|p2a: Registeel\n|-damage|p2a: Registeel|38/262 slp\n|-curestatus|p2a: Registeel|slp|[msg]\n|move|p2a: Registeel|Rest|p2a: Registeel\n|-status|p2a: Registeel|slp|[from] move: Rest\n|-heal|p2a: Registeel|262/262 slp|[silent]\n|\n|upkeep\n|turn|18\n|inactive|Time left: 300 sec this turn | 300 sec total\n|\n|t:|1783535739\n|move|p1a: Annihilape|Drain Punch|p2a: Registeel\n|-supereffective|p2a: Registeel\n|-damage|p2a: Registeel|178/262 slp\n|cant|p2a: Registeel|slp\n|\n|upkeep\n|turn|19\n|inactive|Time left: 300 sec this turn | 300 sec total\n|\n|t:|1783535740\n|move|p1a: Annihilape|Drain Punch|p2a: Registeel\n|-supereffective|p2a: Registeel\n|-damage|p2a: Registeel|104/262 slp\n|cant|p2a: Registeel|slp\n|\n|upkeep\n|turn|20\n|inactive|Time left: 300 sec this turn | 300 sec total\n|\n|t:|1783535741\n|move|p1a: Annihilape|Drain Punch|p2a: Registeel\n|-supereffective|p2a: Registeel\n|-damage|p2a: Registeel|20/262 slp\n|-curestatus|p2a: Registeel|slp|[msg]\n|move|p2a: Registeel|Rest|p2a: Registeel\n|-status|p2a: Registeel|slp|[from] move: Rest\n|-heal|p2a: Registeel|262/262 slp|[silent]\n|\n|upkeep\n|turn|21\n|inactive|Time left: 300 sec this turn | 300 sec total\n|\n|t:|1783535742\n|move|p1a: Annihilape|Drain Punch|p2a: Registeel\n|-supereffective|p2a: Registeel\n|-damage|p2a: Registeel|178/262 slp\n|cant|p2a: Registeel|slp\n|\n|upkeep\n|turn|22\n|inactive|Time left: 300 sec this turn | 300 sec total\n|\n|t:|1783535743\n|move|p1a: Annihilape|Drain Punch|p2a: Registeel\n|-supereffective|p2a: Registeel\n|-damage|p2a: Registeel|100/262 slp\n|cant|p2a: Registeel|slp\n|\n|upkeep\n|turn|23\n|inactive|Time left: 300 sec this turn | 300 sec total\n|\n|t:|1783535744\n|move|p1a: Annihilape|Drain Punch|p2a: Registeel\n|-supereffective|p2a: Registeel\n|-damage|p2a: Registeel|20/262 slp\n|-curestatus|p2a: Registeel|slp|[msg]\n|move|p2a: Registeel|Rest|p2a: Registeel\n|-status|p2a: Registeel|slp|[from] move: Rest\n|-heal|p2a: Registeel|262/262 slp|[silent]\n|\n|upkeep\n|turn|24\n|inactive|Time left: 300 sec this turn | 300 sec total\n|\n|t:|1783535745\n|move|p1a: Annihilape|Drain Punch|p2a: Registeel\n|-supereffective|p2a: Registeel\n|-damage|p2a: Registeel|176/262 slp\n|cant|p2a: Registeel|slp\n|\n|upkeep\n|turn|25\n|inactive|Time left: 300 sec this turn | 300 sec total\n|\n|t:|1783535746\n|move|p1a: Annihilape|Drain Punch|p2a: Registeel\n|-supereffective|p2a: Registeel\n|-damage|p2a: Registeel|98/262 slp\n|cant|p2a: Registeel|slp\n|\n|upkeep\n|turn|26\n|inactive|Time left: 300 sec this turn | 300 sec total\n|\n|t:|1783535748\n|move|p1a: Annihilape|Rage Fist|p2a: Registeel\n|-damage|p2a: Registeel|70/262 slp\n|-curestatus|p2a: Registeel|slp|[msg]\n|move|p2a: Registeel|Rest|p2a: Registeel\n|-status|p2a: Registeel|slp|[from] move: Rest\n|-heal|p2a: Registeel|262/262 slp|[silent]\n|\n|upkeep\n|turn|27\n|inactive|Time left: 300 sec this turn | 300 sec total\n|\n|t:|1783535749\n|move|p1a: Annihilape|Rage Fist|p2a: Registeel\n|-damage|p2a: Registeel|234/262 slp\n|cant|p2a: Registeel|slp\n|\n|upkeep\n|turn|28\n|inactive|Time left: 300 sec this turn | 300 sec total\n|\n|t:|1783535750\n|move|p1a: Annihilape|Rage Fist|p2a: Registeel\n|-damage|p2a: Registeel|204/262 slp\n|cant|p2a: Registeel|slp\n|\n|upkeep\n|turn|29\n|inactive|Time left: 300 sec this turn | 300 sec total\n|\n|t:|1783535751\n|move|p1a: Annihilape|Gunk Shot|p2a: Registeel\n|-immune|p2a: Registeel\n|-curestatus|p2a: Registeel|slp|[msg]\n|move|p2a: Registeel|Body Press|p1a: Annihilape\n|-immune|p1a: Annihilape\n|\n|upkeep\n|turn|30\n|inactive|Time left: 300 sec this turn | 300 sec total\n|\n|t:|1783535752\n|move|p1a: Annihilape|Gunk Shot|p2a: Registeel\n|-immune|p2a: Registeel\n|move|p2a: Registeel|Iron Head|p1a: Annihilape\n|-crit|p1a: Annihilape\n|-damage|p1a: Annihilape|63/100\n|\n|-heal|p1a: Annihilape|69/100|[from] item: Leftovers\n|upkeep\n|turn|31\n|inactive|Time left: 300 sec this turn | 300 sec total\n|\n|t:|1783535753\n|move|p1a: Annihilape|Rage Fist|p2a: Registeel\n|-damage|p2a: Registeel|150/262\n|move|p2a: Registeel|Iron Head|p1a: Annihilape\n|-damage|p1a: Annihilape|61/100\n|\n|-heal|p1a: Annihilape|67/100|[from] item: Leftovers\n|upkeep\n|turn|32\n|inactive|Time left: 300 sec this turn | 300 sec total\n|\n|t:|1783535754\n|move|p1a: Annihilape|Rage Fist|p2a: Registeel\n|-damage|p2a: Registeel|71/262\n|move|p2a: Registeel|Iron Head|p1a: Annihilape\n|-damage|p1a: Annihilape|57/100\n|\n|-heal|p1a: Annihilape|63/100|[from] item: Leftovers\n|upkeep\n|turn|33\n|inactive|Time left: 300 sec this turn | 300 sec total\n|\n|t:|1783535754\n|move|p1a: Annihilape|Rage Fist|p2a: Registeel\n|-damage|p2a: Registeel|0 fnt\n|faint|p2a: Registeel\n|\n|-heal|p1a: Annihilape|69/100|[from] item: Leftovers\n|upkeep\n|inactive|Time left: 300 sec this turn | 300 sec total | 5 sec grace\n|\n|t:|1783535755\n|switch|p2a: Latios|Latios, L78, M|253/253\n|turn|34\n|inactive|Time left: 300 sec this turn | 300 sec total\n|\n|t:|1783535756\n|-terastallize|p1a: Annihilape|Fairy\n|move|p2a: Latios|Draco Meteor|p1a: Annihilape\n|-immune|p1a: Annihilape\n|move|p1a: Annihilape|Rage Fist|p2a: Latios\n|-supereffective|p2a: Latios\n|-damage|p2a: Latios|0 fnt\n|faint|p2a: Latios\n|\n|-heal|p1a: Annihilape|75/100|[from] item: Leftovers\n|upkeep\n|inactive|Time left: 300 sec this turn | 300 sec total | 5 sec grace\n|\n|t:|1783535757\n|switch|p2a: Rotom|Rotom-Heat, L83|219/219\n|turn|35\n|inactive|Time left: 300 sec this turn | 300 sec total\n|\n|t:|1783535758\n|move|p2a: Rotom|Will-O-Wisp|p1a: Annihilape\n|-status|p1a: Annihilape|brn\n|move|p1a: Annihilape|Gunk Shot|p2a: Rotom\n|-crit|p2a: Rotom\n|-damage|p2a: Rotom|62/219\n|\n|-heal|p1a: Annihilape|81/100 brn|[from] item: Leftovers\n|-damage|p1a: Annihilape|75/100 brn|[from] brn\n|upkeep\n|turn|36\n|inactive|Time left: 300 sec this turn | 300 sec total\n|\n|t:|1783535759\n|move|p2a: Rotom|Overheat|p1a: Annihilape\n|-damage|p1a: Annihilape|18/100 brn\n|-unboost|p2a: Rotom|spa|2\n|move|p1a: Annihilape|Rage Fist|p2a: Rotom\n|-damage|p2a: Rotom|0 fnt\n|faint|p2a: Rotom\n|\n|-heal|p1a: Annihilape|24/100 brn|[from] item: Leftovers\n|-damage|p1a: Annihilape|18/100 brn|[from] brn\n|upkeep\n|inactive|Time left: 300 sec this turn | 300 sec total | 5 sec grace\n|\n|t:|1783535760\n|switch|p2a: Chimecho|Chimecho, L93, M|290/290\n|turn|37\n|inactive|Time left: 300 sec this turn | 300 sec total\n|\n|t:|1783535761\n|move|p1a: Annihilape|Rage Fist|p2a: Chimecho\n|-supereffective|p2a: Chimecho\n|-damage|p2a: Chimecho|0 fnt\n|faint|p2a: Chimecho\n|\n|-heal|p1a: Annihilape|24/100 brn|[from] item: Leftovers\n|-damage|p1a: Annihilape|18/100 brn|[from] brn\n|upkeep\n|inactive|Time left: 300 sec this turn | 300 sec total | 5 sec grace\n|\n|t:|1783535762\n|switch|p2a: Floatzel|Floatzel, L86, M|286/286\n|turn|38\n|inactive|Time left: 300 sec this turn | 300 sec total\n|\n|t:|1783535763\n|move|p2a: Floatzel|Bulk Up|p2a: Floatzel\n|-boost|p2a: Floatzel|atk|1\n|-boost|p2a: Floatzel|def|1\n|move|p1a: Annihilape|Gunk Shot|p2a: Floatzel\n|-damage|p2a: Floatzel|183/286\n|\n|-heal|p2a: Floatzel|200/286|[from] item: Leftovers\n|-heal|p1a: Annihilape|24/100 brn|[from] item: Leftovers\n|-damage|p1a: Annihilape|18/100 brn|[from] brn\n|upkeep\n|turn|39\n|inactive|Time left: 300 sec this turn | 300 sec total\n|\n|t:|1783535764\n|move|p2a: Floatzel|Bulk Up|p2a: Floatzel\n|-boost|p2a: Floatzel|atk|1\n|-boost|p2a: Floatzel|def|1\n|move|p1a: Annihilape|Gunk Shot|p2a: Floatzel\n|-damage|p2a: Floatzel|113/286\n|\n|-heal|p2a: Floatzel|130/286|[from] item: Leftovers\n|-heal|p1a: Annihilape|24/100 brn|[from] item: Leftovers\n|-damage|p1a: Annihilape|18/100 brn|[from] brn\n|upkeep\n|turn|40\n|inactive|Time left: 300 sec this turn | 300 sec total\n|\n|t:|1783535765\n|move|p2a: Floatzel|Wave Crash|p1a: Annihilape\n|-damage|p1a: Annihilape|0 fnt\n|faint|p1a: Annihilape\n|-damage|p2a: Floatzel|113/286|[from] Recoil\n|\n|-heal|p2a: Floatzel|130/286|[from] item: Leftovers\n|upkeep\n|\n|t:|1783535766\n|switch|p1a: Rampardos|Rampardos, L90, M|100/100\n|turn|41\n|inactive|Time left: 300 sec this turn | 300 sec total\n|\n|t:|1783535767\n|-terastallize|p2a: Floatzel|Water\n|move|p2a: Floatzel|Bulk Up|p2a: Floatzel\n|-boost|p2a: Floatzel|atk|1\n|-boost|p2a: Floatzel|def|1\n|move|p1a: Rampardos|Head Smash|p2a: Floatzel\n|-damage|p2a: Floatzel|0 fnt\n|faint|p2a: Floatzel\n|-damage|p1a: Rampardos|80/100|[from] Recoil\n|\n|win|p0x2138057", "uploadtime": 1783535767, "views": 0, "rating": 0, "private": 0, "password": null, "_winner": "p0x2138057", "_our_name": "p0y2139137"}