{"id": "battle-gen9randombattle-1544", "formatid": "gen9randombattle", "format": "[Gen 9] Random Battle", "players": ["p0x1544e271", "p0y1544b002"], "log": "|init|battle\n|title|p0x1544e271 vs. p0y1544b002\n|j|\u2606p0x1544e271\n|j|\u2606p0y1544b002\n|t:|1783557059\n|gametype|singles\n|player|p1|p0x1544e271|102|\n|player|p2|p0y1544b002|265|\n|gen|9\n|tier|[Gen 9] Random Battle\n|rule|Species Clause: Limit one of each Pok\u00e9mon\n|rule|HP Percentage Mod: HP is shown in percentages\n|rule|Sleep Clause Mod: Limit one foe put to sleep\n|rule|Illusion Level Mod: Illusion disguises the Pok\u00e9mon's true level\n|\n|t:|1783557059\n|teamsize|p1|6\n|teamsize|p2|6\n|start\n|switch|p1a: Gouging Fire|Gouging Fire, L74|100/100\n|switch|p2a: Bellibolt|Bellibolt, L84, F|320/320\n|turn|1\n|inactive|Battle timer is ON: inactive players will automatically lose when time's up. (requested by p0x1544e271)\n|inactive|Time left: 300 sec this turn | 300 sec total | 60 sec grace\n|inactive|p0y1544b002 also wants the timer to be on.\n|\n|t:|1783557060\n|move|p1a: Gouging Fire|Dragon Dance|p1a: Gouging Fire\n|-boost|p1a: Gouging Fire|atk|1\n|-boost|p1a: Gouging Fire|spe|1\n|move|p2a: Bellibolt|Toxic|p1a: Gouging Fire\n|-status|p1a: Gouging Fire|tox\n|\n|-damage|p1a: Gouging Fire|94/100 tox|[from] psn\n|upkeep\n|turn|2\n|inactive|Time left: 300 sec this turn | 300 sec total\n|\n|t:|1783557062\n|switch|p2a: Stantler|Stantler, L92, F|284/284\n|-ability|p2a: Stantler|Intimidate|boost\n|-unboost|p1a: Gouging Fire|atk|1\n|move|p1a: Gouging Fire|Outrage|p2a: Stantler\n|-damage|p2a: Stantler|190/284\n|\n|-damage|p1a: Gouging Fire|82/100 tox|[from] psn\n|upkeep\n|turn|3\n|inactive|Time left: 300 sec this turn | 300 sec total\n|\n|t:|1783557062\n|move|p1a: Gouging Fire|Outrage|p2a: Stantler|[from] lockedmove\n|-damage|p2a: Stantler|102/284\n|-start|p1a: Gouging Fire|confusion|[fatigue]\n|move|p2a: Stantler|Earthquake|p1a: Gouging Fire\n|-supereffective|p1a: Gouging Fire\n|-damage|p1a: Gouging Fire|29/100 tox\n|\n|-damage|p1a: Gouging Fire|10/100 tox|[from] psn\n|upkeep\n|turn|4\n|inactive|Time left: 300 sec this turn | 300 sec total\n|\n|t:|1783557063\n|-activate|p1a: Gouging Fire|confusion\n|-damage|p1a: Gouging Fire|2/100 tox|[from] confusion\n|move|p2a: Stantler|Body Slam|p1a: Gouging Fire\n|-damage|p1a: Gouging Fire|0 fnt\n|faint|p1a: Gouging Fire\n|-end|p1a: Gouging Fire|Protosynthesis|[silent]\n|\n|upkeep\n|\n|t:|1783557064\n|switch|p1a: Basculin|Basculin, L86, F|100/100\n|turn|5\n|inactive|Time left: 300 sec this turn | 300 sec total\n|\n|t:|1783557065\n|switch|p2a: Rotom|Rotom-Wash, L82|216/216\n|move|p1a: Basculin|Wave Crash|p2a: Rotom\n|-resisted|p2a: Rotom\n|-damage|p2a: Rotom|110/216\n|-damage|p1a: Basculin|87/100|[from] Recoil\n|\n|-heal|p2a: Rotom|123/216|[from] item: Leftovers\n|upkeep\n|turn|6\n|inactive|Time left: 300 sec this turn | 300 sec total\n|\n|t:|1783557066\n|-terastallize|p1a: Basculin|Water\n|move|p1a: Basculin|Wave Crash|p2a: Rotom\n|-resisted|p2a: Rotom\n|-damage|p2a: Rotom|0 fnt\n|faint|p2a: Rotom\n|-damage|p1a: Basculin|71/100|[from] Recoil\n|\n|upkeep\n|inactive|Time left: 300 sec this turn | 300 sec total | 5 sec grace\n|\n|t:|1783557067\n|switch|p2a: Gengar|Gengar, L81, F|230/230\n|turn|7\n|inactive|Time left: 300 sec this turn | 300 sec total\n|\n|t:|1783557068\n|switch|p1a: Diancie|Diancie, L82|100/100\n|move|p2a: Gengar|Sludge Wave|p1a: Diancie\n|-crit|p1a: Diancie\n|-damage|p1a: Diancie|42/100\n|\n|upkeep\n|turn|8\n|inactive|Time left: 300 sec this turn | 300 sec total\n|\n|t:|1783557069\n|move|p2a: Gengar|Sludge Wave|p1a: Diancie\n|-damage|p1a: Diancie|7/100\n|-status|p1a: Diancie|psn\n|move|p1a: Diancie|Diamond Storm|p2a: Gengar\n|-damage|p2a: Gengar|103/230\n|\n|-damage|p1a: Diancie|0 fnt|[from] psn\n|faint|p1a: Diancie\n|upkeep\n|\n|t:|1783557070\n|switch|p1a: Reshiram|Reshiram, L76|100/100\n|-ability|p1a: Reshiram|Turboblaze\n|turn|9\n|inactive|Time left: 300 sec this turn | 300 sec total\n|\n|t:|1783557071\n|move|p2a: Gengar|Sludge Wave|p1a: Reshiram\n|-damage|p1a: Reshiram|48/100\n|move|p1a: Reshiram|Dragon Dance|p1a: Reshiram\n|-boost|p1a: Reshiram|atk|1\n|-boost|p1a: Reshiram|spe|1\n|\n|upkeep\n|turn|10\n|inactive|Time left: 300 sec this turn | 300 sec total\n|\n|t:|1783557072\n|move|p1a: Reshiram|Outrage|p2a: Gengar\n|-damage|p2a: Gengar|0 fnt\n|faint|p2a: Gengar\n|\n|upkeep\n|inactive|Time left: 300 sec this turn | 300 sec total | 5 sec grace\n|\n|t:|1783557073\n|switch|p2a: Kleavor|Kleavor, L78, M|237/237\n|turn|11\n|inactive|Time left: 300 sec this turn | 300 sec total\n|\n|t:|1783557074\n|move|p1a: Reshiram|Outrage|p2a: Kleavor|[from] lockedmove\n|-damage|p2a: Kleavor|42/237\n|move|p2a: Kleavor|Stone Axe|p1a: Reshiram\n|-supereffective|p1a: Reshiram\n|-damage|p1a: Reshiram|0 fnt\n|-sidestart|p1: p0x1544e271|move: Stealth Rock\n|faint|p1a: Reshiram\n|\n|upkeep\n|\n|t:|1783557075\n|switch|p1a: Basculin|Basculin, L86, F, tera:Water|71/100\n|-damage|p1a: Basculin|59/100|[from] Stealth Rock\n|turn|12\n|inactive|Time left: 300 sec this turn | 300 sec total\n|\n|t:|1783557076\n|switch|p2a: Stantler|Stantler, L92, F|102/284\n|-ability|p2a: Stantler|Intimidate|boost\n|-unboost|p1a: Basculin|atk|1\n|move|p1a: Basculin|Wave Crash|p2a: Stantler\n|-damage|p2a: Stantler|0 fnt\n|faint|p2a: Stantler\n|-damage|p1a: Basculin|46/100|[from] Recoil\n|\n|upkeep\n|inactive|Time left: 300 sec this turn | 300 sec total | 5 sec grace\n|\n|t:|1783557077\n|switch|p2a: Bellibolt|Bellibolt, L84, F|320/320\n|turn|13\n|inactive|Time left: 300 sec this turn | 300 sec total\n|\n|t:|1783557078\n|move|p1a: Basculin|Wave Crash|p2a: Bellibolt\n|-damage|p2a: Bellibolt|131/320\n|-start|p2a: Bellibolt|Charge|Wave Crash|[from] ability: Electromorphosis\n|-damage|p1a: Basculin|22/100|[from] Recoil\n|move|p2a: Bellibolt|Thunderbolt|p1a: Basculin\n|-supereffective|p1a: Basculin\n|-damage|p1a: Basculin|0 fnt\n|faint|p1a: Basculin\n|-end|p2a: Bellibolt|Charge|[silent]\n|\n|-heal|p2a: Bellibolt|151/320|[from] item: Leftovers\n|upkeep\n|\n|t:|1783557079\n|switch|p1a: Tauros|Tauros-Paldea-Aqua, L81, M|100/100\n|-damage|p1a: Tauros|95/100|[from] Stealth Rock\n|-ability|p1a: Tauros|Intimidate|boost\n|-unboost|p2a: Bellibolt|atk|1\n|turn|14\n|inactive|Time left: 300 sec this turn | 300 sec total\n|\n|t:|1783557080\n|switch|p2a: Kricketune|Kricketune, L99, M|312/312\n|move|p1a: Tauros|Close Combat|p2a: Kricketune\n|-resisted|p2a: Kricketune\n|-damage|p2a: Kricketune|208/312\n|-unboost|p1a: Tauros|def|1\n|-unboost|p1a: Tauros|spd|1\n|-damage|p1a: Tauros|85/100|[from] item: Life Orb\n|\n|upkeep\n|turn|15\n|inactive|Time left: 300 sec this turn | 300 sec total\n|\n|t:|1783557081\n|move|p1a: Tauros|Bulk Up|p1a: Tauros\n|-boost|p1a: Tauros|atk|1\n|-boost|p1a: Tauros|def|1\n|move|p2a: Kricketune|Pounce|p1a: Tauros\n|-resisted|p1a: Tauros\n|-crit|p1a: Tauros\n|-damage|p1a: Tauros|58/100\n|-unboost|p1a: Tauros|spe|1\n|\n|upkeep\n|turn|16\n|inactive|Time left: 300 sec this turn | 300 sec total\n|\n|t:|1783557082\n|move|p2a: Kricketune|Pounce|p1a: Tauros\n|-resisted|p1a: Tauros\n|-damage|p1a: Tauros|42/100\n|-unboost|p1a: Tauros|spe|1\n|move|p1a: Tauros|Liquidation|p2a: Kricketune\n|-damage|p2a: Kricketune|0 fnt\n|faint|p2a: Kricketune\n|-damage|p1a: Tauros|32/100|[from] item: Life Orb\n|\n|upkeep\n|inactive|Time left: 300 sec this turn | 300 sec total | 5 sec grace\n|\n|t:|1783557083\n|switch|p2a: Bellibolt|Bellibolt, L84, F|151/320\n|turn|17\n|inactive|Time left: 300 sec this turn | 300 sec total\n|\n|t:|1783557084\n|switch|p1a: Umbreon|Umbreon, L84, M|100/100\n|-damage|p1a: Umbreon|88/100|[from] Stealth Rock\n|move|p2a: Bellibolt|Thunderbolt|p1a: Umbreon\n|-damage|p1a: Umbreon|62/100\n|\n|-heal|p1a: Umbreon|69/100|[from] item: Leftovers\n|-heal|p2a: Bellibolt|171/320|[from] item: Leftovers\n|upkeep\n|turn|18\n|inactive|Time left: 300 sec this turn | 300 sec total\n|\n|t:|1783557085\n|move|p1a: Umbreon|Toxic|p2a: Bellibolt\n|-status|p2a: Bellibolt|tox\n|move|p2a: Bellibolt|Slack Off|p2a: Bellibolt\n|-heal|p2a: Bellibolt|320/320 tox\n|\n|-heal|p1a: Umbreon|75/100|[from] item: Leftovers\n|-damage|p2a: Bellibolt|300/320 tox|[from] psn\n|upkeep\n|turn|19\n|inactive|Time left: 300 sec this turn | 300 sec total\n|\n|t:|1783557085\n|switch|p2a: Kleavor|Kleavor, L78, M|42/237\n|move|p1a: Umbreon|Wish|p1a: Umbreon\n|\n|-heal|p1a: Umbreon|81/100|[from] item: Leftovers\n|upkeep\n|turn|20\n|inactive|Time left: 300 sec this turn | 300 sec total\n|\n|t:|1783557086\n|switch|p1a: Tauros|Tauros-Paldea-Aqua, L81, M|32/100\n|-damage|p1a: Tauros|26/100|[from] Stealth Rock\n|-ability|p1a: Tauros|Intimidate|boost\n|-unboost|p2a: Kleavor|atk|1\n|move|p2a: Kleavor|X-Scissor|p1a: Tauros\n|-resisted|p1a: Tauros\n|-damage|p1a: Tauros|3/100\n|\n|-heal|p1a: Tauros|61/100|[from] move: Wish|[wisher] Umbreon\n|upkeep\n|turn|21\n|inactive|Time left: 300 sec this turn | 300 sec total\n|\n|t:|1783557087\n|move|p1a: Tauros|Bulk Up|p1a: Tauros\n|-boost|p1a: Tauros|atk|1\n|-boost|p1a: Tauros|def|1\n|move|p2a: Kleavor|X-Scissor|p1a: Tauros\n|-resisted|p1a: Tauros\n|-damage|p1a: Tauros|43/100\n|\n|upkeep\n|turn|22\n|inactive|Time left: 300 sec this turn | 300 sec total\n|\n|t:|1783557089\n|move|p1a: Tauros|Bulk Up|p1a: Tauros\n|-boost|p1a: Tauros|atk|1\n|-boost|p1a: Tauros|def|1\n|move|p2a: Kleavor|X-Scissor|p1a: Tauros\n|-resisted|p1a: Tauros\n|-damage|p1a: Tauros|30/100\n|\n|upkeep\n|turn|23\n|inactive|Time left: 300 sec this turn | 300 sec total\n|\n|t:|1783557090\n|-terastallize|p2a: Kleavor|Rock\n|move|p1a: Tauros|Close Combat|p2a: Kleavor\n|-supereffective|p2a: Kleavor\n|-damage|p2a: Kleavor|0 fnt\n|-unboost|p1a: Tauros|def|1\n|-unboost|p1a: Tauros|spd|1\n|faint|p2a: Kleavor\n|-damage|p1a: Tauros|21/100|[from] item: Life Orb\n|\n|upkeep\n|inactive|Time left: 300 sec this turn | 300 sec total | 5 sec grace\n|\n|t:|1783557091\n|switch|p2a: Bellibolt|Bellibolt, L84, F|300/320 tox\n|turn|24\n|inactive|Time left: 300 sec this turn | 300 sec total\n|\n|t:|1783557092\n|move|p1a: Tauros|Close Combat|p2a: Bellibolt\n|-damage|p2a: Bellibolt|0 fnt\n|-unboost|p1a: Tauros|def|1\n|-unboost|p1a: Tauros|spd|1\n|faint|p2a: Bellibolt\n|-damage|p1a: Tauros|11/100|[from] item: Life Orb\n|\n|win|p0x1544e271", "uploadtime": 1783557092, "views": 0, "rating": 0, "private": 0, "password": null, "_winner": "p0x1544e271", "_our_name": "p0y1544b002"}