{"id": "battle-gen9randombattle-1741", "formatid": "gen9randombattle", "format": "[Gen 9] Random Battle", "players": ["p0x17411da8", "p0y17413a4a"], "log": "|init|battle\n|title|p0x17411da8 vs. p0y17413a4a\n|j|\u2606p0x17411da8\n|j|\u2606p0y17413a4a\n|t:|1783559396\n|gametype|singles\n|player|p1|p0x17411da8|170|\n|player|p2|p0y17413a4a|1|\n|gen|9\n|tier|[Gen 9] Random Battle\n|rule|Species Clause: Limit one of each Pok\u00e9mon\n|rule|HP Percentage Mod: HP is shown in percentages\n|rule|Sleep Clause Mod: Limit one foe put to sleep\n|rule|Illusion Level Mod: Illusion disguises the Pok\u00e9mon's true level\n|\n|t:|1783559396\n|teamsize|p1|6\n|teamsize|p2|6\n|start\n|switch|p1a: Arceus|Arceus-Steel, L70|284/284\n|switch|p2a: Galvantula|Galvantula, L82, M|100/100\n|turn|1\n|inactive|Battle timer is ON: inactive players will automatically lose when time's up. (requested by p0x17411da8)\n|inactive|p0y17413a4a also wants the timer to be on.\n|\n|t:|1783559398\n|move|p2a: Galvantula|Sticky Web|p1a: Arceus\n|-sidestart|p1: p0x17411da8|move: Sticky Web\n|move|p1a: Arceus|Calm Mind|p1a: Arceus\n|-boost|p1a: Arceus|spa|1\n|-boost|p1a: Arceus|spd|1\n|\n|upkeep\n|turn|2\n|inactive|Time left: 300 sec this turn | 300 sec total\n|\n|t:|1783559399\n|switch|p2a: Blastoise|Blastoise, L80, F|100/100\n|move|p1a: Arceus|Judgment|p2a: Blastoise\n|-resisted|p2a: Blastoise\n|-damage|p2a: Blastoise|71/100\n|\n|upkeep\n|turn|3\n|inactive|Time left: 300 sec this turn | 300 sec total\n|\n|t:|1783559401\n|move|p1a: Arceus|Calm Mind|p1a: Arceus\n|-boost|p1a: Arceus|spa|1\n|-boost|p1a: Arceus|spd|1\n|move|p2a: Blastoise|Shell Smash|p2a: Blastoise\n|-unboost|p2a: Blastoise|def|1\n|-unboost|p2a: Blastoise|spd|1\n|-boost|p2a: Blastoise|atk|2\n|-boost|p2a: Blastoise|spa|2\n|-boost|p2a: Blastoise|spe|2\n|-enditem|p2a: Blastoise|White Herb\n|-clearnegativeboost|p2a: Blastoise|[silent]\n|\n|upkeep\n|turn|4\n|inactive|Time left: 300 sec this turn | 300 sec total\n|\n|t:|1783559402\n|-terastallize|p1a: Arceus|Ghost\n|move|p2a: Blastoise|Earthquake|p1a: Arceus\n|-damage|p1a: Arceus|170/284\n|move|p1a: Arceus|Judgment|p2a: Blastoise\n|-resisted|p2a: Blastoise\n|-damage|p2a: Blastoise|34/100\n|\n|upkeep\n|turn|5\n|inactive|Time left: 300 sec this turn | 300 sec total\n|\n|t:|1783559403\n|move|p2a: Blastoise|Hydro Pump|p1a: Arceus\n|-damage|p1a: Arceus|22/284\n|move|p1a: Arceus|Judgment|p2a: Blastoise\n|-resisted|p2a: Blastoise\n|-damage|p2a: Blastoise|0 fnt\n|faint|p2a: Blastoise\n|\n|upkeep\n|\n|t:|1783559404\n|switch|p2a: Chi-Yu|Chi-Yu, L77|100/100\n|-ability|p2a: Chi-Yu|Beads of Ruin\n|turn|6\n|inactive|Time left: 300 sec this turn | 300 sec total\n|\n|t:|1783559405\n|move|p2a: Chi-Yu|Dark Pulse|p1a: Arceus\n|-supereffective|p1a: Arceus\n|-damage|p1a: Arceus|0 fnt\n|faint|p1a: Arceus\n|\n|upkeep\n|inactive|Time left: 300 sec this turn | 300 sec total | 5 sec grace\n|\n|t:|1783559406\n|switch|p1a: Coalossal|Coalossal, L89, F|341/341\n|turn|7\n|inactive|Time left: 300 sec this turn | 300 sec total\n|\n|t:|1783559407\n|move|p2a: Chi-Yu|Dark Pulse|p1a: Coalossal\n|-damage|p1a: Coalossal|233/341\n|move|p1a: Coalossal|Rapid Spin|p2a: Chi-Yu\n|-crit|p2a: Chi-Yu\n|-damage|p2a: Chi-Yu|73/100\n|-boost|p1a: Coalossal|spe|1\n|-sideend|p1: p0x17411da8|Sticky Web|[from] move: Rapid Spin|[of] p1a: Coalossal\n|\n|upkeep\n|turn|8\n|inactive|Time left: 300 sec this turn | 300 sec total\n|\n|t:|1783559409\n|move|p2a: Chi-Yu|Dark Pulse|p1a: Coalossal\n|-damage|p1a: Coalossal|118/341\n|cant|p1a: Coalossal|flinch\n|\n|upkeep\n|turn|9\n|inactive|Time left: 300 sec this turn | 300 sec total\n|\n|t:|1783559410\n|move|p2a: Chi-Yu|Dark Pulse|p1a: Coalossal\n|-crit|p1a: Coalossal\n|-damage|p1a: Coalossal|0 fnt\n|faint|p1a: Coalossal\n|\n|upkeep\n|inactive|Time left: 300 sec this turn | 300 sec total | 5 sec grace\n|\n|t:|1783559411\n|switch|p1a: Gardevoir|Gardevoir, L83, F|249/249\n|-ability|p1a: Gardevoir|Beads of Ruin|Trace|[from] ability: Trace|[of] p2a: Chi-Yu\n|-ability|p1a: Gardevoir|Beads of Ruin\n|turn|10\n|inactive|Time left: 300 sec this turn | 300 sec total\n|\n|t:|1783559412\n|move|p2a: Chi-Yu|Dark Pulse|p1a: Gardevoir\n|-damage|p1a: Gardevoir|174/249\n|move|p1a: Gardevoir|Moonblast|p2a: Chi-Yu\n|-damage|p2a: Chi-Yu|0 fnt\n|faint|p2a: Chi-Yu\n|\n|upkeep\n|\n|t:|1783559413\n|switch|p2a: Tyranitar|Tyranitar, L78, M|100/100\n|-weather|Sandstorm|[from] ability: Sand Stream|[of] p2a: Tyranitar\n|turn|11\n|inactive|Time left: 300 sec this turn | 300 sec total\n|\n|t:|1783559413\n|move|p1a: Gardevoir|Moonblast|p2a: Tyranitar\n|-supereffective|p2a: Tyranitar\n|-damage|p2a: Tyranitar|0 fnt\n|faint|p2a: Tyranitar\n|\n|-weather|Sandstorm|[upkeep]\n|-damage|p1a: Gardevoir|159/249|[from] Sandstorm\n|upkeep\n|\n|t:|1783559414\n|switch|p2a: Camerupt|Camerupt, L91, M|100/100\n|turn|12\n|inactive|Time left: 300 sec this turn | 300 sec total\n|\n|t:|1783559415\n|move|p1a: Gardevoir|Moonblast|p2a: Camerupt\n|-resisted|p2a: Camerupt\n|-damage|p2a: Camerupt|51/100\n|move|p2a: Camerupt|Earthquake|p1a: Gardevoir\n|-damage|p1a: Gardevoir|2/249\n|\n|-weather|Sandstorm|[upkeep]\n|-damage|p1a: Gardevoir|0 fnt|[from] Sandstorm\n|faint|p1a: Gardevoir\n|-heal|p2a: Camerupt|58/100|[from] item: Leftovers\n|upkeep\n|inactive|Time left: 300 sec this turn | 300 sec total | 5 sec grace\n|\n|t:|1783559416\n|switch|p1a: Tauros|Tauros-Paldea-Combat, L82, M|257/257\n|-ability|p1a: Tauros|Intimidate|boost\n|-unboost|p2a: Camerupt|atk|1\n|turn|13\n|inactive|Time left: 300 sec this turn | 300 sec total\n|\n|t:|1783559416\n|switch|p2a: Vivillon|Vivillon-Modern, L83, F|100/100\n|move|p1a: Tauros|Earthquake|p2a: Vivillon\n|-immune|p2a: Vivillon\n|\n|-weather|Sandstorm|[upkeep]\n|-damage|p1a: Tauros|241/257|[from] Sandstorm\n|-damage|p2a: Vivillon|95/100|[from] Sandstorm\n|upkeep\n|turn|14\n|inactive|Time left: 300 sec this turn | 300 sec total\n|\n|t:|1783559417\n|switch|p1a: Dipplin|Dipplin, L88, F|284/284\n|move|p2a: Vivillon|Quiver Dance|p2a: Vivillon\n|-boost|p2a: Vivillon|spa|1\n|-boost|p2a: Vivillon|spd|1\n|-boost|p2a: Vivillon|spe|1\n|\n|-weather|Sandstorm|[upkeep]\n|-damage|p2a: Vivillon|89/100|[from] Sandstorm\n|-damage|p1a: Dipplin|267/284|[from] Sandstorm\n|upkeep\n|turn|15\n|inactive|Time left: 300 sec this turn | 300 sec total\n|\n|t:|1783559418\n|move|p2a: Vivillon|Hurricane|p1a: Dipplin\n|-supereffective|p1a: Dipplin\n|-damage|p1a: Dipplin|55/284\n|move|p1a: Dipplin|Dragon Tail|p2a: Vivillon\n|-damage|p2a: Vivillon|54/100\n|drag|p2a: Camerupt|Camerupt, L91, M|58/100\n|\n|-weather|none\n|-heal|p2a: Camerupt|64/100|[from] item: Leftovers\n|upkeep\n|turn|16\n|inactive|Time left: 300 sec this turn | 300 sec total\n|\n|t:|1783559419\n|move|p2a: Camerupt|Overheat|p1a: Dipplin\n|-damage|p1a: Dipplin|0 fnt\n|-unboost|p2a: Camerupt|spa|2\n|faint|p1a: Dipplin\n|\n|-heal|p2a: Camerupt|70/100|[from] item: Leftovers\n|upkeep\n|inactive|Time left: 300 sec this turn | 300 sec total | 5 sec grace\n|\n|t:|1783559420\n|switch|p1a: Tauros|Tauros-Paldea-Combat, L82, M|241/257\n|-ability|p1a: Tauros|Intimidate|boost\n|-unboost|p2a: Camerupt|atk|1\n|turn|17\n|inactive|Time left: 300 sec this turn | 300 sec total\n|\n|t:|1783559421\n|switch|p2a: Vivillon|Vivillon-Modern, L83, F|54/100\n|move|p1a: Tauros|Stone Edge|p2a: Vivillon\n|-supereffective|p2a: Vivillon\n|-damage|p2a: Vivillon|0 fnt\n|faint|p2a: Vivillon\n|\n|upkeep\n|\n|t:|1783559422\n|switch|p2a: Camerupt|Camerupt, L91, M|70/100\n|turn|18\n|inactive|Time left: 300 sec this turn | 300 sec total\n|\n|t:|1783559423\n|move|p1a: Tauros|Stone Edge|p2a: Camerupt\n|-damage|p2a: Camerupt|25/100\n|move|p2a: Camerupt|Will-O-Wisp|p1a: Tauros\n|-status|p1a: Tauros|brn\n|\n|-heal|p2a: Camerupt|31/100|[from] item: Leftovers\n|-damage|p1a: Tauros|225/257 brn|[from] brn\n|upkeep\n|turn|19\n|inactive|Time left: 300 sec this turn | 300 sec total\n|\n|t:|1783559425\n|move|p1a: Tauros|Stone Edge|p2a: Camerupt\n|-damage|p2a: Camerupt|9/100\n|move|p2a: Camerupt|Overheat|p1a: Tauros\n|-crit|p1a: Tauros\n|-damage|p1a: Tauros|0 fnt\n|-unboost|p2a: Camerupt|spa|2\n|faint|p1a: Tauros\n|\n|-heal|p2a: Camerupt|15/100|[from] item: Leftovers\n|upkeep\n|inactive|Time left: 300 sec this turn | 300 sec total | 5 sec grace\n|\n|t:|1783559426\n|switch|p1a: Leavanny|Leavanny, L86, F|269/269\n|turn|20\n|inactive|Time left: 300 sec this turn | 300 sec total\n|\n|t:|1783559427\n|-terastallize|p2a: Camerupt|Water\n|move|p1a: Leavanny|Knock Off|p2a: Camerupt\n|-damage|p2a: Camerupt|0 fnt\n|-enditem|p2a: Camerupt|Leftovers|[from] move: Knock Off|[of] p1a: Leavanny\n|faint|p2a: Camerupt\n|\n|upkeep\n|\n|t:|1783559427\n|switch|p2a: Galvantula|Galvantula, L82, M|100/100\n|turn|21\n|inactive|Time left: 300 sec this turn | 300 sec total\n|\n|t:|1783559428\n|move|p2a: Galvantula|Bug Buzz|p1a: Leavanny\n|-supereffective|p1a: Leavanny\n|-damage|p1a: Leavanny|81/269\n|move|p1a: Leavanny|Lunge|p2a: Galvantula\n|-damage|p2a: Galvantula|31/100\n|-unboost|p2a: Galvantula|atk|1\n|\n|upkeep\n|turn|22\n|inactive|Time left: 300 sec this turn | 300 sec total\n|\n|t:|1783559429\n|move|p2a: Galvantula|Bug Buzz|p1a: Leavanny\n|-supereffective|p1a: Leavanny\n|-damage|p1a: Leavanny|0 fnt\n|faint|p1a: Leavanny\n|\n|win|p0y17413a4a", "uploadtime": 1783559429, "views": 0, "rating": 0, "private": 0, "password": null, "_winner": "p0y17413a4a", "_our_name": "p0x17411da8"}