{"id": "battle-gen9randombattle-1002", "formatid": "gen9randombattle", "format": "[Gen 9] Random Battle", "players": ["p0x100289dd", "p0y1002fceb"], "log": "|init|battle\n|title|p0x100289dd vs. p0y1002fceb\n|j|\u2606p0x100289dd\n|j|\u2606p0y1002fceb\n|t:|1783550783\n|gametype|singles\n|player|p1|p0x100289dd|102|\n|player|p2|p0y1002fceb|170|\n|gen|9\n|tier|[Gen 9] Random Battle\n|rule|Species Clause: Limit one of each Pok\u00e9mon\n|rule|HP Percentage Mod: HP is shown in percentages\n|rule|Sleep Clause Mod: Limit one foe put to sleep\n|rule|Illusion Level Mod: Illusion disguises the Pok\u00e9mon's true level\n|\n|t:|1783550783\n|teamsize|p1|6\n|teamsize|p2|6\n|start\n|switch|p1a: Poliwrath|Poliwrath, L88, F|302/302\n|switch|p2a: Jumpluff|Jumpluff, L87, M|100/100\n|turn|1\n|inactive|Battle timer is ON: inactive players will automatically lose when time's up. (requested by p0x100289dd)\n|inactive|p0y1002fceb also wants the timer to be on.\n|\n|t:|1783550784\n|move|p2a: Jumpluff|Acrobatics|p1a: Poliwrath\n|-supereffective|p1a: Poliwrath\n|-damage|p1a: Poliwrath|164/302\n|move|p1a: Poliwrath|Bulk Up|p1a: Poliwrath\n|-boost|p1a: Poliwrath|atk|1\n|-boost|p1a: Poliwrath|def|1\n|\n|-heal|p1a: Poliwrath|182/302|[from] item: Leftovers\n|upkeep\n|turn|2\n|inactive|Time left: 300 sec this turn | 300 sec total\n|\n|t:|1783550785\n|move|p2a: Jumpluff|Acrobatics|p1a: Poliwrath\n|-supereffective|p1a: Poliwrath\n|-damage|p1a: Poliwrath|90/302\n|move|p1a: Poliwrath|Drain Punch|p2a: Jumpluff\n|-resisted|p2a: Jumpluff\n|-damage|p2a: Jumpluff|74/100\n|-heal|p1a: Poliwrath|126/302|[from] drain|[of] p2a: Jumpluff\n|\n|-heal|p1a: Poliwrath|144/302|[from] item: Leftovers\n|upkeep\n|turn|3\n|inactive|Time left: 300 sec this turn | 300 sec total\n|\n|t:|1783550786\n|move|p2a: Jumpluff|Strength Sap|p1a: Poliwrath\n|-unboost|p1a: Poliwrath|atk|1\n|-heal|p2a: Jumpluff|100/100\n|move|p1a: Poliwrath|Bulk Up|p1a: Poliwrath\n|-boost|p1a: Poliwrath|atk|1\n|-boost|p1a: Poliwrath|def|1\n|\n|-heal|p1a: Poliwrath|162/302|[from] item: Leftovers\n|upkeep\n|turn|4\n|inactive|Time left: 300 sec this turn | 300 sec total\n|\n|t:|1783550787\n|move|p2a: Jumpluff|Leech Seed|p1a: Poliwrath\n|-start|p1a: Poliwrath|move: Leech Seed\n|move|p1a: Poliwrath|Bulk Up|p1a: Poliwrath\n|-boost|p1a: Poliwrath|atk|1\n|-boost|p1a: Poliwrath|def|1\n|\n|-heal|p1a: Poliwrath|180/302|[from] item: Leftovers\n|-damage|p1a: Poliwrath|143/302|[from] Leech Seed|[of] p2a: Jumpluff\n|upkeep\n|turn|5\n|inactive|Time left: 300 sec this turn | 300 sec total\n|\n|t:|1783550788\n|switch|p2a: Vileplume|Vileplume, L85, F|100/100\n|move|p1a: Poliwrath|Drain Punch|p2a: Vileplume\n|-resisted|p2a: Vileplume\n|-crit|p2a: Vileplume\n|-damage|p2a: Vileplume|54/100\n|-heal|p1a: Poliwrath|205/302|[from] drain|[of] p2a: Vileplume\n|\n|-heal|p1a: Poliwrath|223/302|[from] item: Leftovers\n|-heal|p2a: Vileplume|60/100|[from] item: Leftovers\n|-damage|p1a: Poliwrath|186/302|[from] Leech Seed|[of] p2a: Vileplume\n|-heal|p2a: Vileplume|74/100|[silent]\n|upkeep\n|turn|6\n|inactive|Time left: 300 sec this turn | 300 sec total\n|\n|t:|1783550789\n|move|p1a: Poliwrath|Drain Punch|p2a: Vileplume\n|-resisted|p2a: Vileplume\n|-damage|p2a: Vileplume|41/100\n|-heal|p1a: Poliwrath|231/302|[from] drain|[of] p2a: Vileplume\n|move|p2a: Vileplume|Giga Drain|p1a: Poliwrath\n|-supereffective|p1a: Poliwrath\n|-damage|p1a: Poliwrath|45/302\n|-heal|p2a: Vileplume|76/100|[from] drain|[of] p1a: Poliwrath\n|\n|-heal|p1a: Poliwrath|63/302|[from] item: Leftovers\n|-heal|p2a: Vileplume|82/100|[from] item: Leftovers\n|-damage|p1a: Poliwrath|26/302|[from] Leech Seed|[of] p2a: Vileplume\n|-heal|p2a: Vileplume|96/100|[silent]\n|upkeep\n|turn|7\n|inactive|Time left: 300 sec this turn | 300 sec total\n|\n|t:|1783550791\n|move|p1a: Poliwrath|Drain Punch|p2a: Vileplume\n|-resisted|p2a: Vileplume\n|-damage|p2a: Vileplume|63/100\n|-heal|p1a: Poliwrath|70/302|[from] drain|[of] p2a: Vileplume\n|move|p2a: Vileplume|Giga Drain|p1a: Poliwrath\n|-supereffective|p1a: Poliwrath\n|-damage|p1a: Poliwrath|0 fnt\n|-heal|p2a: Vileplume|76/100|[from] drain|[of] p1a: Poliwrath\n|faint|p1a: Poliwrath\n|\n|-heal|p2a: Vileplume|82/100|[from] item: Leftovers\n|upkeep\n|inactive|Time left: 300 sec this turn | 300 sec total | 5 sec grace\n|\n|t:|1783550791\n|switch|p1a: Delphox|Delphox, L84, F|263/263\n|turn|8\n|inactive|Time left: 300 sec this turn | 300 sec total\n|\n|t:|1783550793\n|switch|p2a: Palkia|Palkia, L75|100/100\n|-ability|p2a: Palkia|Pressure\n|move|p1a: Delphox|Psyshock|p2a: Palkia\n|-damage|p2a: Palkia|48/100\n|\n|upkeep\n|turn|9\n|inactive|Time left: 300 sec this turn | 300 sec total\n|\n|t:|1783550794\n|move|p1a: Delphox|Psyshock|p2a: Palkia\n|-damage|p2a: Palkia|0 fnt\n|faint|p2a: Palkia\n|\n|upkeep\n|\n|t:|1783550795\n|switch|p2a: Crawdaunt|Crawdaunt, L84, M|100/100\n|turn|10\n|inactive|Time left: 300 sec this turn | 300 sec total\n|\n|t:|1783550796\n|switch|p1a: Lokix|Lokix, L82, F|251/251\n|move|p2a: Crawdaunt|Crabhammer|p1a: Lokix\n|-damage|p1a: Lokix|20/251\n|-damage|p2a: Crawdaunt|91/100|[from] item: Life Orb\n|\n|upkeep\n|turn|11\n|inactive|Time left: 300 sec this turn | 300 sec total\n|\n|t:|1783550798\n|move|p2a: Crawdaunt|Aqua Jet|p1a: Lokix\n|-damage|p1a: Lokix|0 fnt\n|faint|p1a: Lokix\n|-damage|p2a: Crawdaunt|81/100|[from] item: Life Orb\n|\n|upkeep\n|inactive|Time left: 300 sec this turn | 300 sec total | 5 sec grace\n|\n|t:|1783550799\n|switch|p1a: Golurk|Golurk, L87|297/297\n|turn|12\n|inactive|Time left: 300 sec this turn | 300 sec total\n|\n|t:|1783550800\n|switch|p2a: Jumpluff|Jumpluff, L87, M|100/100\n|move|p1a: Golurk|Dynamic Punch|p2a: Jumpluff\n|-resisted|p2a: Jumpluff\n|-damage|p2a: Jumpluff|78/100\n|-start|p2a: Jumpluff|confusion\n|-damage|p1a: Golurk|268/297|[from] item: Life Orb\n|\n|upkeep\n|turn|13\n|inactive|Time left: 300 sec this turn | 300 sec total\n|\n|t:|1783550801\n|-activate|p2a: Jumpluff|confusion\n|move|p2a: Jumpluff|Strength Sap|p1a: Golurk\n|-unboost|p1a: Golurk|atk|1\n|-heal|p2a: Jumpluff|100/100\n|move|p1a: Golurk|Stealth Rock|p2a: Jumpluff\n|-sidestart|p2: p0y1002fceb|move: Stealth Rock\n|\n|upkeep\n|turn|14\n|inactive|Time left: 300 sec this turn | 300 sec total\n|\n|t:|1783550802\n|switch|p1a: Delphox|Delphox, L84, F|263/263\n|-activate|p2a: Jumpluff|confusion\n|move|p2a: Jumpluff|Leech Seed|p1a: Delphox\n|-start|p1a: Delphox|move: Leech Seed\n|\n|-damage|p1a: Delphox|231/263|[from] Leech Seed|[of] p2a: Jumpluff\n|upkeep\n|turn|15\n|inactive|Time left: 300 sec this turn | 300 sec total\n|\n|t:|1783550803\n|switch|p2a: Crawdaunt|Crawdaunt, L84, M|81/100\n|-damage|p2a: Crawdaunt|68/100|[from] Stealth Rock\n|move|p1a: Delphox|Fire Blast|p2a: Crawdaunt\n|-resisted|p2a: Crawdaunt\n|-damage|p2a: Crawdaunt|9/100\n|\n|-damage|p1a: Delphox|199/263|[from] Leech Seed|[of] p2a: Crawdaunt\n|-heal|p2a: Crawdaunt|22/100|[silent]\n|upkeep\n|turn|16\n|inactive|Time left: 300 sec this turn | 300 sec total\n|\n|t:|1783550804\n|move|p2a: Crawdaunt|Aqua Jet|p1a: Delphox\n|-supereffective|p1a: Delphox\n|-damage|p1a: Delphox|1/263\n|-damage|p2a: Crawdaunt|12/100|[from] item: Life Orb\n|move|p1a: Delphox|Fire Blast|p2a: Crawdaunt\n|-resisted|p2a: Crawdaunt\n|-damage|p2a: Crawdaunt|0 fnt\n|faint|p2a: Crawdaunt\n|\n|upkeep\n|\n|t:|1783550805\n|switch|p2a: Comfey|Comfey, L85, M|100/100\n|-damage|p2a: Comfey|88/100|[from] Stealth Rock\n|turn|17\n|inactive|Time left: 300 sec this turn | 300 sec total\n|\n|t:|1783550806\n|move|p2a: Comfey|Draining Kiss|p1a: Delphox\n|-resisted|p1a: Delphox\n|-damage|p1a: Delphox|0 fnt\n|-heal|p2a: Comfey|88/100|[from] drain|[of] p1a: Delphox\n|faint|p1a: Delphox\n|\n|-heal|p2a: Comfey|95/100|[from] item: Leftovers\n|upkeep\n|inactive|Time left: 300 sec this turn | 300 sec total | 5 sec grace\n|\n|t:|1783550807\n|switch|p1a: Oranguru|Oranguru, L92, F|315/315\n|turn|18\n|inactive|Time left: 300 sec this turn | 300 sec total\n|\n|t:|1783550808\n|move|p2a: Comfey|Calm Mind|p2a: Comfey\n|-boost|p2a: Comfey|spa|1\n|-boost|p2a: Comfey|spd|1\n|move|p1a: Oranguru|Nasty Plot|p1a: Oranguru\n|-boost|p1a: Oranguru|spa|2\n|\n|-heal|p2a: Comfey|100/100|[from] item: Leftovers\n|upkeep\n|turn|19\n|inactive|Time left: 300 sec this turn | 300 sec total\n|\n|t:|1783550809\n|-terastallize|p1a: Oranguru|Psychic\n|move|p2a: Comfey|Calm Mind|p2a: Comfey\n|-boost|p2a: Comfey|spa|1\n|-boost|p2a: Comfey|spd|1\n|move|p1a: Oranguru|Psyshock|p2a: Comfey\n|-damage|p2a: Comfey|0 fnt\n|faint|p2a: Comfey\n|\n|upkeep\n|\n|t:|1783550810\n|switch|p2a: Perrserker|Perrserker, L89, M|100/100\n|-damage|p2a: Perrserker|95/100|[from] Stealth Rock\n|turn|20\n|inactive|Time left: 300 sec this turn | 300 sec total\n|\n|t:|1783550812\n|move|p1a: Oranguru|Focus Blast|p2a: Perrserker\n|-supereffective|p2a: Perrserker\n|-damage|p2a: Perrserker|0 fnt\n|faint|p2a: Perrserker\n|\n|upkeep\n|\n|t:|1783550813\n|switch|p2a: Jumpluff|Jumpluff, L87, M|100/100\n|-damage|p2a: Jumpluff|76/100|[from] Stealth Rock\n|turn|21\n|inactive|Time left: 300 sec this turn | 300 sec total\n|\n|t:|1783550814\n|move|p2a: Jumpluff|Substitute|p2a: Jumpluff\n|-start|p2a: Jumpluff|Substitute\n|-damage|p2a: Jumpluff|51/100\n|move|p1a: Oranguru|Psyshock|p2a: Jumpluff\n|-end|p2a: Jumpluff|Substitute\n|\n|upkeep\n|turn|22\n|inactive|Time left: 300 sec this turn | 300 sec total\n|\n|t:|1783550815\n|-terastallize|p2a: Jumpluff|Steel\n|move|p2a: Jumpluff|Strength Sap|p1a: Oranguru\n|-unboost|p1a: Oranguru|atk|1\n|-heal|p2a: Jumpluff|93/100\n|move|p1a: Oranguru|Psyshock|p2a: Jumpluff\n|-resisted|p2a: Jumpluff\n|-damage|p2a: Jumpluff|38/100\n|\n|upkeep\n|turn|23\n|inactive|Time left: 300 sec this turn | 300 sec total\n|\n|t:|1783550816\n|move|p2a: Jumpluff|Substitute|p2a: Jumpluff\n|-start|p2a: Jumpluff|Substitute\n|-damage|p2a: Jumpluff|13/100\n|move|p1a: Oranguru|Psyshock|p2a: Jumpluff\n|-resisted|p2a: Jumpluff\n|-end|p2a: Jumpluff|Substitute\n|\n|upkeep\n|turn|24\n|inactive|Time left: 300 sec this turn | 300 sec total\n|\n|t:|1783550817\n|move|p2a: Jumpluff|Strength Sap|p1a: Oranguru\n|-unboost|p1a: Oranguru|atk|1\n|-heal|p2a: Jumpluff|41/100\n|move|p1a: Oranguru|Psyshock|p2a: Jumpluff\n|-resisted|p2a: Jumpluff\n|-damage|p2a: Jumpluff|0 fnt\n|faint|p2a: Jumpluff\n|\n|upkeep\n|\n|t:|1783550818\n|switch|p2a: Vileplume|Vileplume, L85, F|82/100\n|-damage|p2a: Vileplume|69/100|[from] Stealth Rock\n|turn|25\n|inactive|Time left: 300 sec this turn | 300 sec total\n|\n|t:|1783550818\n|move|p1a: Oranguru|Psyshock|p2a: Vileplume\n|-supereffective|p2a: Vileplume\n|-damage|p2a: Vileplume|0 fnt\n|faint|p2a: Vileplume\n|\n|win|p0x100289dd", "uploadtime": 1783550818, "views": 0, "rating": 0, "private": 0, "password": null, "_winner": "p0x100289dd", "_our_name": "p0x100289dd"}