{"id": "battle-gen9randombattle-1272", "formatid": "gen9randombattle", "format": "[Gen 9] Random Battle", "players": ["p0x1272acbe", "p0y1272dbfe"], "log": "|init|battle\n|title|p0x1272acbe vs. p0y1272dbfe\n|j|\u2606p0x1272acbe\n|j|\u2606p0y1272dbfe\n|t:|1783554762\n|gametype|singles\n|player|p1|p0x1272acbe|265|\n|player|p2|p0y1272dbfe|101|\n|gen|9\n|tier|[Gen 9] Random Battle\n|rule|Species Clause: Limit one of each Pok\u00e9mon\n|rule|HP Percentage Mod: HP is shown in percentages\n|rule|Sleep Clause Mod: Limit one foe put to sleep\n|rule|Illusion Level Mod: Illusion disguises the Pok\u00e9mon's true level\n|\n|t:|1783554762\n|teamsize|p1|6\n|teamsize|p2|6\n|start\n|switch|p1a: Entei|Entei, L78|307/307\n|switch|p2a: Avalugg|Avalugg-Hisui, L90, F|100/100\n|turn|1\n|inactive|Battle timer is ON: inactive players will automatically lose when time's up. (requested by p0x1272acbe)\n|\n|t:|1783554764\n|move|p1a: Entei|Sacred Fire|p2a: Avalugg\n|-damage|p2a: Avalugg|74/100\n|move|p2a: Avalugg|Stone Edge|p1a: Entei\n|-supereffective|p1a: Entei\n|-damage|p1a: Entei|0 fnt\n|faint|p1a: Entei\n|\n|upkeep\n|inactive|Time left: 300 sec this turn | 300 sec total | 65 sec grace\n|inactive|p0y1272dbfe also wants the timer to be on.\n|\n|t:|1783554765\n|switch|p1a: Polteageist|Polteageist, L78|222/222\n|turn|2\n|inactive|Time left: 300 sec this turn | 300 sec total\n|\n|t:|1783554766\n|move|p1a: Polteageist|Shell Smash|p1a: Polteageist\n|-unboost|p1a: Polteageist|def|1\n|-unboost|p1a: Polteageist|spd|1\n|-boost|p1a: Polteageist|atk|2\n|-boost|p1a: Polteageist|spa|2\n|-boost|p1a: Polteageist|spe|2\n|-enditem|p1a: Polteageist|White Herb\n|-clearnegativeboost|p1a: Polteageist|[silent]\n|move|p2a: Avalugg|Recover|p2a: Avalugg\n|-heal|p2a: Avalugg|100/100\n|\n|upkeep\n|turn|3\n|inactive|Time left: 300 sec this turn | 300 sec total\n|\n|t:|1783554768\n|move|p1a: Polteageist|Shell Smash|p1a: Polteageist\n|-unboost|p1a: Polteageist|def|1\n|-unboost|p1a: Polteageist|spd|1\n|-boost|p1a: Polteageist|atk|2\n|-boost|p1a: Polteageist|spa|2\n|-boost|p1a: Polteageist|spe|2\n|move|p2a: Avalugg|Avalanche|p1a: Polteageist\n|-damage|p1a: Polteageist|41/222\n|\n|upkeep\n|turn|4\n|inactive|Time left: 300 sec this turn | 300 sec total\n|\n|t:|1783554769\n|move|p1a: Polteageist|Shadow Ball|p2a: Avalugg\n|-ability|p2a: Avalugg|Sturdy\n|-damage|p2a: Avalugg|1/100\n|move|p2a: Avalugg|Avalanche|p1a: Polteageist\n|-damage|p1a: Polteageist|0 fnt\n|-start|p2a: Avalugg|Disable|Avalanche|[from] ability: Cursed Body|[of] p1a: Polteageist\n|faint|p1a: Polteageist\n|\n|upkeep\n|inactive|Time left: 300 sec this turn | 300 sec total | 5 sec grace\n|\n|t:|1783554770\n|switch|p1a: Regieleki|Regieleki, L79|256/256\n|turn|5\n|inactive|Time left: 300 sec this turn | 300 sec total\n|\n|t:|1783554771\n|switch|p2a: Zekrom|Zekrom, L71|100/100\n|-ability|p2a: Zekrom|Teravolt\n|move|p1a: Regieleki|Volt Switch|p2a: Zekrom\n|-resisted|p2a: Zekrom\n|-damage|p2a: Zekrom|90/100\n|inactive|Time left: 300 sec this turn | 300 sec total | 5 sec grace\n|\n|t:|1783554772\n|switch|p1a: Jirachi|Jirachi, L80|291/291|[from] Volt Switch\n|\n|-heal|p2a: Zekrom|96/100|[from] item: Leftovers\n|upkeep\n|turn|6\n|inactive|Time left: 300 sec this turn | 300 sec total\n|\n|t:|1783554773\n|move|p1a: Jirachi|Stealth Rock|p2a: Zekrom\n|-sidestart|p2: p0y1272dbfe|move: Stealth Rock\n|move|p2a: Zekrom|Dragon Dance|p2a: Zekrom\n|-boost|p2a: Zekrom|atk|1\n|-boost|p2a: Zekrom|spe|1\n|\n|-heal|p2a: Zekrom|100/100|[from] item: Leftovers\n|upkeep\n|turn|7\n|inactive|Time left: 300 sec this turn | 300 sec total\n|\n|t:|1783554774\n|move|p2a: Zekrom|Outrage|p1a: Jirachi\n|-resisted|p1a: Jirachi\n|-damage|p1a: Jirachi|197/291\n|move|p1a: Jirachi|U-turn|p2a: Zekrom\n|-damage|p2a: Zekrom|84/100\n|inactive|Time left: 300 sec this turn | 300 sec total | 5 sec grace\n|\n|t:|1783554776\n|switch|p1a: Milotic|Milotic, L83, F|293/293|[from] U-turn\n|\n|-heal|p2a: Zekrom|90/100|[from] item: Leftovers\n|upkeep\n|turn|8\n|inactive|Time left: 300 sec this turn | 300 sec total\n|\n|t:|1783554777\n|-terastallize|p1a: Milotic|Steel\n|move|p2a: Zekrom|Outrage|p1a: Milotic|[from] lockedmove\n|-resisted|p1a: Milotic\n|-damage|p1a: Milotic|191/293\n|move|p1a: Milotic|Ice Beam|p2a: Zekrom\n|-supereffective|p2a: Zekrom\n|-damage|p2a: Zekrom|38/100\n|-status|p2a: Zekrom|frz\n|\n|-heal|p2a: Zekrom|44/100 frz|[from] item: Leftovers\n|-heal|p1a: Milotic|209/293|[from] item: Leftovers\n|upkeep\n|turn|9\n|inactive|Time left: 300 sec this turn | 300 sec total\n|\n|t:|1783554778\n|cant|p2a: Zekrom|frz\n|move|p1a: Milotic|Ice Beam|p2a: Zekrom\n|-supereffective|p2a: Zekrom\n|-damage|p2a: Zekrom|0 fnt\n|faint|p2a: Zekrom\n|\n|-heal|p1a: Milotic|227/293|[from] item: Leftovers\n|upkeep\n|\n|t:|1783554779\n|switch|p2a: Medicham|Medicham, L86, M|100/100\n|-damage|p2a: Medicham|94/100|[from] Stealth Rock\n|turn|10\n|inactive|Time left: 300 sec this turn | 300 sec total\n|\n|t:|1783554780\n|move|p2a: Medicham|Close Combat|p1a: Milotic\n|-supereffective|p1a: Milotic\n|-damage|p1a: Milotic|0 fnt\n|-unboost|p2a: Medicham|def|1\n|-unboost|p2a: Medicham|spd|1\n|faint|p1a: Milotic\n|\n|upkeep\n|inactive|Time left: 300 sec this turn | 300 sec total | 5 sec grace\n|\n|t:|1783554781\n|switch|p1a: Regieleki|Regieleki, L79|256/256\n|turn|11\n|inactive|Time left: 300 sec this turn | 300 sec total\n|\n|t:|1783554782\n|move|p1a: Regieleki|Thunderbolt|p2a: Medicham\n|-damage|p2a: Medicham|9/100\n|move|p2a: Medicham|Close Combat|p1a: Regieleki\n|-damage|p1a: Regieleki|0 fnt\n|-unboost|p2a: Medicham|def|1\n|-unboost|p2a: Medicham|spd|1\n|faint|p1a: Regieleki\n|\n|upkeep\n|inactive|Time left: 300 sec this turn | 300 sec total | 5 sec grace\n|\n|t:|1783554783\n|switch|p1a: Jirachi|Jirachi, L80|197/291\n|turn|12\n|inactive|Time left: 300 sec this turn | 300 sec total\n|\n|t:|1783554784\n|-terastallize|p2a: Medicham|Fighting\n|move|p2a: Medicham|Close Combat|p1a: Jirachi\n|-damage|p1a: Jirachi|0 fnt\n|-unboost|p2a: Medicham|def|1\n|-unboost|p2a: Medicham|spd|1\n|faint|p1a: Jirachi\n|\n|upkeep\n|inactive|Time left: 300 sec this turn | 300 sec total | 5 sec grace\n|\n|t:|1783554785\n|switch|p1a: Ditto|Ditto, L87|225/225\n|-transform|p1a: Ditto|p2a: Medicham|[from] ability: Imposter\n|-start|p1a: Ditto|typechange|Fighting/Psychic|[silent]\n|turn|13\n|inactive|Time left: 300 sec this turn | 300 sec total\n|\n|t:|1783554785\n|move|p1a: Ditto|Ice Punch|p2a: Medicham\n|-damage|p2a: Medicham|0 fnt\n|faint|p2a: Medicham\n|\n|upkeep\n|\n|t:|1783554786\n|switch|p2a: Venomoth|Venomoth, L84, M|100/100\n|turn|14\n|inactive|Time left: 300 sec this turn | 300 sec total\n|\n|t:|1783554787\n|move|p1a: Ditto|Ice Punch|p2a: Venomoth\n|-crit|p2a: Venomoth\n|-damage|p2a: Venomoth|41/100\n|move|p2a: Venomoth|Bug Buzz|p1a: Ditto\n|-damage|p1a: Ditto|0 fnt\n|faint|p1a: Ditto\n|\n|win|p0y1272dbfe", "uploadtime": 1783554787, "views": 0, "rating": 0, "private": 0, "password": null, "_winner": "p0y1272dbfe", "_our_name": "p0x1272acbe"}