{"id": "battle-gen9randombattle-52", "formatid": "gen9randombattle", "format": "[Gen 9] Random Battle", "players": ["p0x0529491", "p0y0529194"], "log": "|init|battle\n|title|p0x0529491 vs. p0y0529194\n|j|\u2606p0x0529491\n|j|\u2606p0y0529194\n|t:|1783540054\n|gametype|singles\n|player|p1|p0x0529491|2|\n|player|p2|p0y0529194|170|\n|gen|9\n|tier|[Gen 9] Random Battle\n|rule|Species Clause: Limit one of each Pok\u00e9mon\n|rule|HP Percentage Mod: HP is shown in percentages\n|rule|Sleep Clause Mod: Limit one foe put to sleep\n|rule|Illusion Level Mod: Illusion disguises the Pok\u00e9mon's true level\n|\n|t:|1783540054\n|teamsize|p1|6\n|teamsize|p2|6\n|start\n|switch|p1a: Trevenant|Trevenant, L89, M|100/100\n|switch|p2a: Necrozma|Necrozma, L80|286/286\n|turn|1\n|inactive|Battle timer is ON: inactive players will automatically lose when time's up. (requested by p0x0529491)\n|inactive|Time left: 300 sec this turn | 300 sec total | 60 sec grace\n|inactive|p0y0529194 also wants the timer to be on.\n|\n|t:|1783540056\n|move|p2a: Necrozma|Calm Mind|p2a: Necrozma\n|-boost|p2a: Necrozma|spa|1\n|-boost|p2a: Necrozma|spd|1\n|move|p1a: Trevenant|Poltergeist|p2a: Necrozma\n|-activate|p2a: Necrozma|move: Poltergeist|Leftovers\n|-supereffective|p2a: Necrozma\n|-damage|p2a: Necrozma|27/286\n|-damage|p1a: Trevenant|91/100|[from] item: Life Orb\n|\n|-heal|p2a: Necrozma|44/286|[from] item: Leftovers\n|upkeep\n|turn|2\n|inactive|Time left: 300 sec this turn | 300 sec total\n|\n|t:|1783540057\n|move|p2a: Necrozma|Photon Geyser|p1a: Trevenant\n|-damage|p1a: Trevenant|31/100\n|move|p1a: Trevenant|Horn Leech|p2a: Necrozma\n|-damage|p2a: Necrozma|0 fnt\n|-heal|p1a: Trevenant|38/100|[from] drain|[of] p2a: Necrozma\n|faint|p2a: Necrozma\n|-damage|p1a: Trevenant|28/100|[from] item: Life Orb\n|\n|upkeep\n|inactive|Time left: 300 sec this turn | 300 sec total | 5 sec grace\n|\n|t:|1783540058\n|switch|p2a: Shiftry|Shiftry, L89, F|305/305\n|turn|3\n|inactive|Time left: 300 sec this turn | 300 sec total\n|\n|t:|1783540059\n|move|p2a: Shiftry|Knock Off|p1a: Trevenant\n|-supereffective|p1a: Trevenant\n|-damage|p1a: Trevenant|0 fnt\n|-enditem|p1a: Trevenant|Life Orb|[from] move: Knock Off|[of] p2a: Shiftry\n|faint|p1a: Trevenant\n|-damage|p2a: Shiftry|275/305|[from] item: Life Orb\n|\n|upkeep\n|\n|t:|1783540061\n|switch|p1a: Charizard|Charizard, L85, F|100/100\n|turn|4\n|inactive|Time left: 300 sec this turn | 300 sec total\n|\n|t:|1783540062\n|switch|p2a: Rhyperior|Rhyperior, L82, M|323/323\n|move|p1a: Charizard|Flamethrower|p2a: Rhyperior\n|-resisted|p2a: Rhyperior\n|-damage|p2a: Rhyperior|270/323\n|\n|upkeep\n|turn|5\n|inactive|Time left: 300 sec this turn | 300 sec total\n|\n|t:|1783540063\n|move|p1a: Charizard|Flamethrower|p2a: Rhyperior\n|-resisted|p2a: Rhyperior\n|-damage|p2a: Rhyperior|223/323\n|move|p2a: Rhyperior|Stone Edge|p1a: Charizard\n|-supereffective|p1a: Charizard\n|-damage|p1a: Charizard|0 fnt\n|faint|p1a: Charizard\n|\n|upkeep\n|\n|t:|1783540064\n|switch|p1a: Lucario|Lucario, L84, M|100/100\n|turn|6\n|inactive|Time left: 300 sec this turn | 300 sec total\n|\n|t:|1783540065\n|move|p1a: Lucario|Focus Blast|p2a: Rhyperior\n|-supereffective|p2a: Rhyperior\n|-damage|p2a: Rhyperior|0 fnt\n|faint|p2a: Rhyperior\n|-damage|p1a: Lucario|91/100|[from] item: Life Orb\n|\n|upkeep\n|inactive|Time left: 300 sec this turn | 300 sec total | 5 sec grace\n|\n|t:|1783540066\n|switch|p2a: Latias|Latias, L79, F|256/256\n|turn|7\n|inactive|Time left: 300 sec this turn | 300 sec total\n|\n|t:|1783540067\n|move|p2a: Latias|Calm Mind|p2a: Latias\n|-boost|p2a: Latias|spa|1\n|-boost|p2a: Latias|spd|1\n|move|p1a: Lucario|Nasty Plot|p1a: Lucario\n|-boost|p1a: Lucario|spa|2\n|\n|upkeep\n|turn|8\n|inactive|Time left: 300 sec this turn | 300 sec total\n|\n|t:|1783540068\n|move|p2a: Latias|Psyshock|p1a: Lucario\n|-damage|p1a: Lucario|26/100\n|move|p1a: Lucario|Focus Blast|p2a: Latias\n|-resisted|p2a: Latias\n|-damage|p2a: Latias|157/256\n|-damage|p1a: Lucario|16/100|[from] item: Life Orb\n|\n|upkeep\n|turn|9\n|inactive|Time left: 300 sec this turn | 300 sec total\n|\n|t:|1783540070\n|switch|p1a: Uxie|Uxie, L83|100/100\n|move|p2a: Latias|Psyshock|p1a: Uxie\n|-resisted|p1a: Uxie\n|-damage|p1a: Uxie|80/100\n|\n|-heal|p1a: Uxie|86/100|[from] item: Leftovers\n|upkeep\n|turn|10\n|inactive|Time left: 300 sec this turn | 300 sec total\n|\n|t:|1783540071\n|move|p2a: Latias|Calm Mind|p2a: Latias\n|-boost|p2a: Latias|spa|1\n|-boost|p2a: Latias|spd|1\n|move|p1a: Uxie|Knock Off|p2a: Latias\n|-supereffective|p2a: Latias\n|-damage|p2a: Latias|29/256\n|-enditem|p2a: Latias|Soul Dew|[from] move: Knock Off|[of] p1a: Uxie\n|\n|-heal|p1a: Uxie|92/100|[from] item: Leftovers\n|upkeep\n|turn|11\n|inactive|Time left: 300 sec this turn | 300 sec total\n|\n|t:|1783540072\n|move|p2a: Latias|Recover|p2a: Latias\n|-heal|p2a: Latias|157/256\n|move|p1a: Uxie|Knock Off|p2a: Latias\n|-supereffective|p2a: Latias\n|-damage|p2a: Latias|83/256\n|\n|-heal|p1a: Uxie|98/100|[from] item: Leftovers\n|upkeep\n|turn|12\n|inactive|Time left: 300 sec this turn | 300 sec total\n|\n|t:|1783540073\n|move|p2a: Latias|Recover|p2a: Latias\n|-heal|p2a: Latias|211/256\n|move|p1a: Uxie|Knock Off|p2a: Latias\n|-supereffective|p2a: Latias\n|-damage|p2a: Latias|135/256\n|\n|-heal|p1a: Uxie|100/100|[from] item: Leftovers\n|upkeep\n|turn|13\n|inactive|Time left: 300 sec this turn | 300 sec total\n|\n|t:|1783540074\n|move|p2a: Latias|Recover|p2a: Latias\n|-heal|p2a: Latias|256/256\n|move|p1a: Uxie|Knock Off|p2a: Latias\n|-supereffective|p2a: Latias\n|-damage|p2a: Latias|176/256\n|\n|upkeep\n|turn|14\n|inactive|Time left: 300 sec this turn | 300 sec total\n|\n|t:|1783540075\n|move|p2a: Latias|Psyshock|p1a: Uxie\n|-resisted|p1a: Uxie\n|-damage|p1a: Uxie|79/100\n|move|p1a: Uxie|Knock Off|p2a: Latias\n|-supereffective|p2a: Latias\n|-damage|p2a: Latias|98/256\n|\n|-heal|p1a: Uxie|85/100|[from] item: Leftovers\n|upkeep\n|turn|15\n|inactive|Time left: 300 sec this turn | 300 sec total\n|\n|t:|1783540075\n|move|p2a: Latias|Recover|p2a: Latias\n|-heal|p2a: Latias|226/256\n|move|p1a: Uxie|Knock Off|p2a: Latias\n|-supereffective|p2a: Latias\n|-damage|p2a: Latias|154/256\n|\n|-heal|p1a: Uxie|91/100|[from] item: Leftovers\n|upkeep\n|turn|16\n|inactive|Time left: 300 sec this turn | 300 sec total\n|\n|t:|1783540076\n|move|p2a: Latias|Recover|p2a: Latias\n|-heal|p2a: Latias|256/256\n|move|p1a: Uxie|Knock Off|p2a: Latias\n|-supereffective|p2a: Latias\n|-damage|p2a: Latias|178/256\n|\n|-heal|p1a: Uxie|97/100|[from] item: Leftovers\n|upkeep\n|turn|17\n|inactive|Time left: 300 sec this turn | 300 sec total\n|\n|t:|1783540078\n|move|p2a: Latias|Recover|p2a: Latias\n|-heal|p2a: Latias|256/256\n|move|p1a: Uxie|Knock Off|p2a: Latias\n|-supereffective|p2a: Latias\n|-damage|p2a: Latias|172/256\n|\n|-heal|p1a: Uxie|100/100|[from] item: Leftovers\n|upkeep\n|turn|18\n|inactive|Time left: 300 sec this turn | 300 sec total\n|\n|t:|1783540079\n|move|p2a: Latias|Psyshock|p1a: Uxie\n|-resisted|p1a: Uxie\n|-damage|p1a: Uxie|79/100\n|move|p1a: Uxie|Thunder Wave|p2a: Latias|[miss]\n|-miss|p1a: Uxie|p2a: Latias\n|\n|-heal|p1a: Uxie|85/100|[from] item: Leftovers\n|upkeep\n|turn|19\n|inactive|Time left: 300 sec this turn | 300 sec total\n|\n|t:|1783540080\n|move|p2a: Latias|Psyshock|p1a: Uxie\n|-resisted|p1a: Uxie\n|-damage|p1a: Uxie|60/100\n|move|p1a: Uxie|Knock Off|p2a: Latias\n|-supereffective|p2a: Latias\n|-damage|p2a: Latias|94/256\n|\n|-heal|p1a: Uxie|66/100|[from] item: Leftovers\n|upkeep\n|turn|20\n|inactive|Time left: 300 sec this turn | 300 sec total\n|\n|t:|1783540081\n|move|p2a: Latias|Draco Meteor|p1a: Uxie\n|-damage|p1a: Uxie|0 fnt\n|-unboost|p2a: Latias|spa|2\n|faint|p1a: Uxie\n|\n|upkeep\n|\n|t:|1783540082\n|switch|p1a: Comfey|Comfey, L85, F|100/100\n|turn|21\n|inactive|Time left: 300 sec this turn | 300 sec total\n|\n|t:|1783540083\n|move|p1a: Comfey|Calm Mind|p1a: Comfey\n|-boost|p1a: Comfey|spa|1\n|-boost|p1a: Comfey|spd|1\n|move|p2a: Latias|Calm Mind|p2a: Latias\n|-boost|p2a: Latias|spa|1\n|-boost|p2a: Latias|spd|1\n|\n|upkeep\n|turn|22\n|inactive|Time left: 300 sec this turn | 300 sec total\n|\n|t:|1783540084\n|move|p1a: Comfey|Calm Mind|p1a: Comfey\n|-boost|p1a: Comfey|spa|1\n|-boost|p1a: Comfey|spd|1\n|move|p2a: Latias|Recover|p2a: Latias\n|-heal|p2a: Latias|222/256\n|\n|upkeep\n|turn|23\n|inactive|Time left: 300 sec this turn | 300 sec total\n|\n|t:|1783540085\n|move|p1a: Comfey|Calm Mind|p1a: Comfey\n|-boost|p1a: Comfey|spa|1\n|-boost|p1a: Comfey|spd|1\n|move|p2a: Latias|Psyshock|p1a: Comfey\n|-damage|p1a: Comfey|44/100\n|\n|-heal|p1a: Comfey|50/100|[from] item: Leftovers\n|upkeep\n|turn|24\n|inactive|Time left: 300 sec this turn | 300 sec total\n|\n|t:|1783540086\n|move|p1a: Comfey|Synthesis|p1a: Comfey\n|-heal|p1a: Comfey|99/100\n|move|p2a: Latias|Psyshock|p1a: Comfey\n|-damage|p1a: Comfey|44/100\n|\n|-heal|p1a: Comfey|50/100|[from] item: Leftovers\n|upkeep\n|turn|25\n|inactive|Time left: 300 sec this turn | 300 sec total\n|\n|t:|1783540088\n|move|p1a: Comfey|Synthesis|p1a: Comfey\n|-heal|p1a: Comfey|99/100\n|move|p2a: Latias|Psyshock|p1a: Comfey\n|-damage|p1a: Comfey|48/100\n|\n|-heal|p1a: Comfey|55/100|[from] item: Leftovers\n|upkeep\n|turn|26\n|inactive|Time left: 300 sec this turn | 300 sec total\n|\n|t:|1783540089\n|move|p1a: Comfey|Synthesis|p1a: Comfey\n|-heal|p1a: Comfey|100/100\n|move|p2a: Latias|Psyshock|p1a: Comfey\n|-damage|p1a: Comfey|47/100\n|\n|-heal|p1a: Comfey|53/100|[from] item: Leftovers\n|upkeep\n|turn|27\n|inactive|Time left: 300 sec this turn | 300 sec total\n|\n|t:|1783540090\n|move|p1a: Comfey|Synthesis|p1a: Comfey\n|-heal|p1a: Comfey|100/100\n|move|p2a: Latias|Psyshock|p1a: Comfey\n|-damage|p1a: Comfey|44/100\n|\n|-heal|p1a: Comfey|50/100|[from] item: Leftovers\n|upkeep\n|turn|28\n|inactive|Time left: 300 sec this turn | 300 sec total\n|\n|t:|1783540091\n|move|p1a: Comfey|Synthesis|p1a: Comfey\n|-heal|p1a: Comfey|99/100\n|move|p2a: Latias|Psyshock|p1a: Comfey\n|-damage|p1a: Comfey|49/100\n|\n|-heal|p1a: Comfey|55/100|[from] item: Leftovers\n|upkeep\n|turn|29\n|inactive|Time left: 300 sec this turn | 300 sec total\n|\n|t:|1783540092\n|move|p1a: Comfey|Synthesis|p1a: Comfey\n|-heal|p1a: Comfey|100/100\n|move|p2a: Latias|Psyshock|p1a: Comfey\n|-damage|p1a: Comfey|47/100\n|\n|-heal|p1a: Comfey|53/100|[from] item: Leftovers\n|upkeep\n|turn|30\n|inactive|Time left: 300 sec this turn | 300 sec total\n|\n|t:|1783540093\n|move|p1a: Comfey|Synthesis|p1a: Comfey\n|-heal|p1a: Comfey|100/100\n|move|p2a: Latias|Psyshock|p1a: Comfey\n|-damage|p1a: Comfey|48/100\n|\n|-heal|p1a: Comfey|54/100|[from] item: Leftovers\n|upkeep\n|turn|31\n|inactive|Time left: 300 sec this turn | 300 sec total\n|\n|t:|1783540094\n|move|p1a: Comfey|Draining Kiss|p2a: Latias\n|-supereffective|p2a: Latias\n|-damage|p2a: Latias|144/256\n|-heal|p1a: Comfey|80/100|[from] drain|[of] p2a: Latias\n|move|p2a: Latias|Psyshock|p1a: Comfey\n|-damage|p1a: Comfey|30/100\n|\n|-heal|p1a: Comfey|36/100|[from] item: Leftovers\n|upkeep\n|turn|32\n|inactive|Time left: 300 sec this turn | 300 sec total\n|\n|t:|1783540095\n|-terastallize|p2a: Latias|Steel\n|move|p1a: Comfey|Synthesis|p1a: Comfey\n|-heal|p1a: Comfey|86/100\n|move|p2a: Latias|Psyshock|p1a: Comfey\n|-damage|p1a: Comfey|28/100\n|\n|-heal|p1a: Comfey|35/100|[from] item: Leftovers\n|upkeep\n|turn|33\n|inactive|Time left: 300 sec this turn | 300 sec total\n|\n|t:|1783540096\n|switch|p1a: Regice|Regice, L88|100/100\n|move|p2a: Latias|Psyshock|p1a: Regice\n|-damage|p1a: Regice|65/100\n|\n|upkeep\n|turn|34\n|inactive|Time left: 300 sec this turn | 300 sec total\n|\n|t:|1783540097\n|switch|p1a: Comfey|Comfey, L85, F|35/100\n|move|p2a: Latias|Calm Mind|p2a: Latias\n|-boost|p2a: Latias|spa|1\n|-boost|p2a: Latias|spd|1\n|\n|-heal|p1a: Comfey|41/100|[from] item: Leftovers\n|upkeep\n|turn|35\n|inactive|Time left: 300 sec this turn | 300 sec total\n|\n|t:|1783540098\n|move|p2a: Latias|Calm Mind|p2a: Latias\n|-boost|p2a: Latias|spa|1\n|-boost|p2a: Latias|spd|1\n|move|p1a: Comfey|Calm Mind|p1a: Comfey\n|-boost|p1a: Comfey|spa|1\n|-boost|p1a: Comfey|spd|1\n|\n|-heal|p1a: Comfey|47/100|[from] item: Leftovers\n|upkeep\n|turn|36\n|inactive|Time left: 300 sec this turn | 300 sec total\n|\n|t:|1783540099\n|move|p2a: Latias|Recover|p2a: Latias\n|-heal|p2a: Latias|256/256\n|move|p1a: Comfey|Calm Mind|p1a: Comfey\n|-boost|p1a: Comfey|spa|1\n|-boost|p1a: Comfey|spd|1\n|\n|-heal|p1a: Comfey|53/100|[from] item: Leftovers\n|upkeep\n|turn|37\n|inactive|Time left: 300 sec this turn | 300 sec total\n|\n|t:|1783540100\n|move|p1a: Comfey|Calm Mind|p1a: Comfey\n|-boost|p1a: Comfey|spa|1\n|-boost|p1a: Comfey|spd|1\n|move|p2a: Latias|Calm Mind|p2a: Latias\n|-boost|p2a: Latias|spa|1\n|-boost|p2a: Latias|spd|1\n|\n|-heal|p1a: Comfey|60/100|[from] item: Leftovers\n|upkeep\n|turn|38\n|inactive|Time left: 300 sec this turn | 300 sec total\n|\n|t:|1783540101\n|move|p1a: Comfey|Calm Mind|p1a: Comfey\n|-boost|p1a: Comfey|spa|1\n|-boost|p1a: Comfey|spd|1\n|move|p2a: Latias|Calm Mind|p2a: Latias\n|-boost|p2a: Latias|spa|1\n|-boost|p2a: Latias|spd|0\n|\n|-heal|p1a: Comfey|66/100|[from] item: Leftovers\n|upkeep\n|turn|39\n|inactive|Time left: 300 sec this turn | 300 sec total\n|\n|t:|1783540103\n|move|p1a: Comfey|Calm Mind|p1a: Comfey\n|-boost|p1a: Comfey|spa|1\n|-boost|p1a: Comfey|spd|1\n|move|p2a: Latias|Calm Mind|p2a: Latias\n|-boost|p2a: Latias|spa|1\n|-boost|p2a: Latias|spd|0\n|\n|-heal|p1a: Comfey|72/100|[from] item: Leftovers\n|upkeep\n|turn|40\n|inactive|Time left: 300 sec this turn | 300 sec total\n|\n|t:|1783540104\n|move|p1a: Comfey|Draining Kiss|p2a: Latias\n|-resisted|p2a: Latias\n|-damage|p2a: Latias|241/256\n|-heal|p1a: Comfey|77/100|[from] drain|[of] p2a: Latias\n|move|p2a: Latias|Draco Meteor|p1a: Comfey\n|-immune|p1a: Comfey\n|\n|-heal|p1a: Comfey|83/100|[from] item: Leftovers\n|upkeep\n|turn|41\n|inactive|Time left: 300 sec this turn | 300 sec total\n|\n|t:|1783540105\n|move|p1a: Comfey|Tera Blast|p2a: Latias\n|-resisted|p2a: Latias\n|-damage|p2a: Latias|223/256\n|move|p2a: Latias|Draco Meteor|p1a: Comfey\n|-immune|p1a: Comfey\n|\n|-heal|p1a: Comfey|89/100|[from] item: Leftovers\n|upkeep\n|turn|42\n|inactive|Time left: 300 sec this turn | 300 sec total\n|\n|t:|1783540106\n|move|p1a: Comfey|Calm Mind|p1a: Comfey\n|-boost|p1a: Comfey|spa|1\n|-boost|p1a: Comfey|spd|1\n|move|p2a: Latias|Draco Meteor|p1a: Comfey\n|-immune|p1a: Comfey\n|\n|-heal|p1a: Comfey|96/100|[from] item: Leftovers\n|upkeep\n|turn|43\n|inactive|Time left: 300 sec this turn | 300 sec total\n|\n|t:|1783540107\n|move|p1a: Comfey|Draining Kiss|p2a: Latias\n|-resisted|p2a: Latias\n|-damage|p2a: Latias|205/256\n|-heal|p1a: Comfey|100/100|[from] drain|[of] p2a: Latias\n|move|p2a: Latias|Draco Meteor|p1a: Comfey\n|-immune|p1a: Comfey\n|\n|upkeep\n|turn|44\n|inactive|Time left: 300 sec this turn | 300 sec total\n|\n|t:|1783540108\n|move|p1a: Comfey|Draining Kiss|p2a: Latias\n|-resisted|p2a: Latias\n|-damage|p2a: Latias|187/256\n|move|p2a: Latias|Draco Meteor|p1a: Comfey\n|-immune|p1a: Comfey\n|\n|upkeep\n|turn|45\n|inactive|Time left: 300 sec this turn | 300 sec total\n|\n|t:|1783540109\n|move|p1a: Comfey|Draining Kiss|p2a: Latias\n|-resisted|p2a: Latias\n|-damage|p2a: Latias|168/256\n|move|p2a: Latias|Calm Mind|p2a: Latias\n|-boost|p2a: Latias|spa|0\n|-boost|p2a: Latias|spd|0\n|\n|upkeep\n|turn|46\n|inactive|Time left: 300 sec this turn | 300 sec total\n|\n|t:|1783540110\n|move|p1a: Comfey|Draining Kiss|p2a: Latias\n|-resisted|p2a: Latias\n|-damage|p2a: Latias|150/256\n|move|p2a: Latias|Calm Mind|p2a: Latias\n|-boost|p2a: Latias|spa|0\n|-boost|p2a: Latias|spd|0\n|\n|upkeep\n|turn|47\n|inactive|Time left: 300 sec this turn | 300 sec total\n|\n|t:|1783540111\n|move|p1a: Comfey|Draining Kiss|p2a: Latias\n|-resisted|p2a: Latias\n|-damage|p2a: Latias|132/256\n|move|p2a: Latias|Calm Mind|p2a: Latias\n|-boost|p2a: Latias|spa|0\n|-boost|p2a: Latias|spd|0\n|\n|upkeep\n|turn|48\n|inactive|Time left: 300 sec this turn | 300 sec total\n|\n|t:|1783540112\n|move|p1a: Comfey|Draining Kiss|p2a: Latias\n|-resisted|p2a: Latias\n|-damage|p2a: Latias|113/256\n|move|p2a: Latias|Calm Mind|p2a: Latias\n|-boost|p2a: Latias|spa|0\n|-boost|p2a: Latias|spd|0\n|\n|upkeep\n|turn|49\n|inactive|Time left: 300 sec this turn | 300 sec total\n|\n|t:|1783540113\n|move|p2a: Latias|Calm Mind|p2a: Latias\n|-boost|p2a: Latias|spa|0\n|-boost|p2a: Latias|spd|0\n|move|p1a: Comfey|Tera Blast|p2a: Latias\n|-resisted|p2a: Latias\n|-damage|p2a: Latias|91/256\n|\n|upkeep\n|turn|50\n|inactive|Time left: 300 sec this turn | 300 sec total\n|\n|t:|1783540114\n|move|p1a: Comfey|Draining Kiss|p2a: Latias\n|-resisted|p2a: Latias\n|-damage|p2a: Latias|70/256\n|move|p2a: Latias|Calm Mind|p2a: Latias\n|-boost|p2a: Latias|spa|0\n|-boost|p2a: Latias|spd|0\n|\n|upkeep\n|turn|51\n|inactive|Time left: 300 sec this turn | 300 sec total\n|\n|t:|1783540115\n|move|p1a: Comfey|Draining Kiss|p2a: Latias\n|-resisted|p2a: Latias\n|-damage|p2a: Latias|51/256\n|move|p2a: Latias|Calm Mind|p2a: Latias\n|-boost|p2a: Latias|spa|0\n|-boost|p2a: Latias|spd|0\n|\n|upkeep\n|turn|52\n|inactive|Time left: 300 sec this turn | 300 sec total\n|\n|t:|1783540117\n|move|p1a: Comfey|Draining Kiss|p2a: Latias\n|-resisted|p2a: Latias\n|-damage|p2a: Latias|34/256\n|move|p2a: Latias|Calm Mind|p2a: Latias\n|-boost|p2a: Latias|spa|0\n|-boost|p2a: Latias|spd|0\n|\n|upkeep\n|turn|53\n|inactive|Time left: 300 sec this turn | 300 sec total\n|\n|t:|1783540118\n|move|p1a: Comfey|Draining Kiss|p2a: Latias\n|-resisted|p2a: Latias\n|-damage|p2a: Latias|16/256\n|move|p2a: Latias|Draco Meteor|p1a: Comfey\n|-immune|p1a: Comfey\n|\n|upkeep\n|turn|54\n|inactive|Time left: 300 sec this turn | 300 sec total\n|\n|t:|1783540119\n|move|p2a: Latias|Calm Mind|p2a: Latias\n|-boost|p2a: Latias|spa|0\n|-boost|p2a: Latias|spd|0\n|move|p1a: Comfey|Tera Blast|p2a: Latias\n|-resisted|p2a: Latias\n|-damage|p2a: Latias|0 fnt\n|faint|p2a: Latias\n|\n|upkeep\n|inactive|Time left: 300 sec this turn | 300 sec total | 5 sec grace\n|\n|t:|1783540120\n|switch|p2a: Alomomola|Alomomola, L87, F|429/429\n|turn|55\n|inactive|Time left: 300 sec this turn | 300 sec total\n|\n|t:|1783540121\n|-terastallize|p1a: Comfey|Ground\n|move|p2a: Alomomola|Protect|p2a: Alomomola\n|-singleturn|p2a: Alomomola|Protect\n|move|p1a: Comfey|Tera Blast|p2a: Alomomola|[anim] Tera Blast Ground\n|-activate|p2a: Alomomola|move: Protect\n|\n|upkeep\n|turn|56\n|inactive|Time left: 300 sec this turn | 300 sec total\n|\n|t:|1783540122\n|move|p1a: Comfey|Tera Blast|p2a: Alomomola|[anim] Tera Blast Ground\n|-damage|p2a: Alomomola|0 fnt\n|faint|p2a: Alomomola\n|\n|upkeep\n|inactive|Time left: 300 sec this turn | 300 sec total | 5 sec grace\n|\n|t:|1783540123\n|switch|p2a: Avalugg|Avalugg, L88, M|310/310\n|turn|57\n|inactive|Time left: 300 sec this turn | 300 sec total\n|\n|t:|1783540124\n|move|p1a: Comfey|Tera Blast|p2a: Avalugg|[anim] Tera Blast Ground\n|-ability|p2a: Avalugg|Sturdy\n|-damage|p2a: Avalugg|1/310\n|move|p2a: Avalugg|Avalanche|p1a: Comfey\n|-supereffective|p1a: Comfey\n|-damage|p1a: Comfey|0 fnt\n|faint|p1a: Comfey\n|\n|upkeep\n|\n|t:|1783540125\n|switch|p1a: Regice|Regice, L88|65/100\n|turn|58\n|inactive|Time left: 300 sec this turn | 300 sec total\n|\n|t:|1783540126\n|switch|p2a: Shiftry|Shiftry, L89, F|275/305\n|move|p1a: Regice|Ice Beam|p2a: Shiftry\n|-supereffective|p2a: Shiftry\n|-damage|p2a: Shiftry|23/305\n|\n|upkeep\n|turn|59\n|inactive|Time left: 300 sec this turn | 300 sec total\n|\n|t:|1783540127\n|move|p2a: Shiftry|Tailwind|p2a: Shiftry\n|-sidestart|p2: p0y0529194|move: Tailwind\n|-ability|p2a: Shiftry|Wind Rider|boost\n|-boost|p2a: Shiftry|atk|1\n|move|p1a: Regice|Ice Beam|p2a: Shiftry\n|-supereffective|p2a: Shiftry\n|-damage|p2a: Shiftry|0 fnt\n|faint|p2a: Shiftry\n|\n|upkeep\n|inactive|Time left: 300 sec this turn | 300 sec total | 5 sec grace\n|\n|t:|1783540128\n|switch|p2a: Avalugg|Avalugg, L88, M|1/310\n|turn|60\n|inactive|Time left: 300 sec this turn | 300 sec total\n|\n|t:|1783540129\n|switch|p1a: Lucario|Lucario, L84, M|16/100\n|move|p2a: Avalugg|Recover|p2a: Avalugg\n|-heal|p2a: Avalugg|156/310\n|\n|upkeep\n|turn|61\n|inactive|Time left: 300 sec this turn | 300 sec total\n|\n|t:|1783540130\n|move|p1a: Lucario|Vacuum Wave|p2a: Avalugg\n|-supereffective|p2a: Avalugg\n|-damage|p2a: Avalugg|0 fnt\n|faint|p2a: Avalugg\n|-damage|p1a: Lucario|6/100|[from] item: Life Orb\n|\n|win|p0x0529491", "uploadtime": 1783540130, "views": 0, "rating": 0, "private": 0, "password": null, "_winner": "p0x0529491", "_our_name": "p0y0529194"}