{"id": "battle-gen9randombattle-1869", "formatid": "gen9randombattle", "format": "[Gen 9] Random Battle", "players": ["p0x1869d8ef", "p0y1869f0c9"], "log": "|init|battle\n|title|p0x1869d8ef vs. p0y1869f0c9\n|j|\u2606p0x1869d8ef\n|j|\u2606p0y1869f0c9\n|t:|1783560896\n|gametype|singles\n|player|p1|p0x1869d8ef|170|\n|player|p2|p0y1869f0c9|169|\n|gen|9\n|tier|[Gen 9] Random Battle\n|rule|Species Clause: Limit one of each Pok\u00e9mon\n|rule|HP Percentage Mod: HP is shown in percentages\n|rule|Sleep Clause Mod: Limit one foe put to sleep\n|rule|Illusion Level Mod: Illusion disguises the Pok\u00e9mon's true level\n|\n|t:|1783560896\n|teamsize|p1|6\n|teamsize|p2|6\n|start\n|switch|p1a: Komala|Komala, L87, M|100/100\n|switch|p2a: Sableye|Sableye, L88, M|231/231\n|-ability|p1a: Komala|Comatose\n|turn|1\n|inactive|Battle timer is ON: inactive players will automatically lose when time's up. (requested by p0x1869d8ef)\n|inactive|Time left: 300 sec this turn | 300 sec total | 60 sec grace\n|inactive|p0y1869f0c9 also wants the timer to be on.\n|\n|t:|1783560898\n|switch|p1a: Blaziken|Blaziken, L76, M|100/100\n|move|p2a: Sableye|Knock Off|p1a: Blaziken\n|-resisted|p1a: Blaziken\n|-damage|p1a: Blaziken|75/100\n|-enditem|p1a: Blaziken|Life Orb|[from] move: Knock Off|[of] p2a: Sableye\n|\n|upkeep\n|turn|2\n|inactive|Time left: 300 sec this turn | 300 sec total\n|\n|t:|1783560899\n|switch|p2a: Eternatus|Eternatus, L69|308/308\n|-ability|p2a: Eternatus|Pressure\n|move|p1a: Blaziken|Swords Dance|p1a: Blaziken\n|-boost|p1a: Blaziken|atk|2\n|\n|-ability|p1a: Blaziken|Speed Boost|boost\n|-boost|p1a: Blaziken|spe|1\n|upkeep\n|turn|3\n|inactive|Time left: 300 sec this turn | 300 sec total\n|\n|t:|1783560900\n|move|p1a: Blaziken|Stone Edge|p2a: Eternatus\n|-damage|p2a: Eternatus|144/308\n|move|p2a: Eternatus|Dynamax Cannon|p1a: Blaziken\n|-damage|p1a: Blaziken|22/100\n|\n|-ability|p1a: Blaziken|Speed Boost|boost\n|-boost|p1a: Blaziken|spe|1\n|upkeep\n|turn|4\n|inactive|Time left: 300 sec this turn | 300 sec total\n|\n|t:|1783560901\n|move|p1a: Blaziken|Stone Edge|p2a: Eternatus\n|-damage|p2a: Eternatus|0 fnt\n|faint|p2a: Eternatus\n|\n|-ability|p1a: Blaziken|Speed Boost|boost\n|-boost|p1a: Blaziken|spe|1\n|upkeep\n|inactive|Time left: 300 sec this turn | 300 sec total | 5 sec grace\n|\n|t:|1783560902\n|switch|p2a: Tauros|Tauros-Paldea-Combat, L82, M|257/257\n|-ability|p2a: Tauros|Intimidate|boost\n|-unboost|p1a: Blaziken|atk|1\n|turn|5\n|inactive|Time left: 300 sec this turn | 300 sec total\n|\n|t:|1783560903\n|move|p1a: Blaziken|Close Combat|p2a: Tauros\n|-damage|p2a: Tauros|104/257\n|-unboost|p1a: Blaziken|def|1\n|-unboost|p1a: Blaziken|spd|1\n|move|p2a: Tauros|Earthquake|p1a: Blaziken\n|-supereffective|p1a: Blaziken\n|-damage|p1a: Blaziken|0 fnt\n|faint|p1a: Blaziken\n|-damage|p2a: Tauros|79/257|[from] item: Life Orb\n|\n|upkeep\n|\n|t:|1783560904\n|switch|p1a: Dodrio|Dodrio, L85, M|100/100\n|turn|6\n|inactive|Time left: 300 sec this turn | 300 sec total\n|\n|t:|1783560905\n|move|p1a: Dodrio|Brave Bird|p2a: Tauros\n|-supereffective|p2a: Tauros\n|-damage|p2a: Tauros|0 fnt\n|faint|p2a: Tauros\n|-damage|p1a: Dodrio|90/100|[from] Recoil\n|\n|upkeep\n|inactive|Time left: 300 sec this turn | 300 sec total | 5 sec grace\n|\n|t:|1783560905\n|switch|p2a: Gouging Fire|Gouging Fire, L74|277/277\n|turn|7\n|inactive|Time left: 300 sec this turn | 300 sec total\n|\n|t:|1783560906\n|switch|p1a: Orthworm|Orthworm, L88, F|100/100\n|move|p2a: Gouging Fire|Dragon Dance|p2a: Gouging Fire\n|-boost|p2a: Gouging Fire|atk|1\n|-boost|p2a: Gouging Fire|spe|1\n|\n|upkeep\n|turn|8\n|inactive|Time left: 300 sec this turn | 300 sec total\n|\n|t:|1783560907\n|move|p2a: Gouging Fire|Dragon Dance|p2a: Gouging Fire\n|-boost|p2a: Gouging Fire|atk|1\n|-boost|p2a: Gouging Fire|spe|1\n|move|p1a: Orthworm|Coil|p1a: Orthworm\n|-boost|p1a: Orthworm|atk|1\n|-boost|p1a: Orthworm|def|1\n|-boost|p1a: Orthworm|accuracy|1\n|\n|upkeep\n|turn|9\n|inactive|Time left: 300 sec this turn | 300 sec total\n|\n|t:|1783560908\n|move|p2a: Gouging Fire|Outrage|p1a: Orthworm\n|-resisted|p1a: Orthworm\n|-damage|p1a: Orthworm|82/100\n|move|p1a: Orthworm|Coil|p1a: Orthworm\n|-boost|p1a: Orthworm|atk|1\n|-boost|p1a: Orthworm|def|1\n|-boost|p1a: Orthworm|accuracy|1\n|\n|upkeep\n|turn|10\n|inactive|Time left: 300 sec this turn | 300 sec total\n|\n|t:|1783560909\n|move|p2a: Gouging Fire|Outrage|p1a: Orthworm|[from] lockedmove\n|-resisted|p1a: Orthworm\n|-damage|p1a: Orthworm|69/100\n|move|p1a: Orthworm|Body Press|p2a: Gouging Fire\n|-damage|p2a: Gouging Fire|117/277\n|\n|upkeep\n|turn|11\n|inactive|Time left: 300 sec this turn | 300 sec total\n|\n|t:|1783560910\n|move|p2a: Gouging Fire|Outrage|p1a: Orthworm|[from] lockedmove\n|-resisted|p1a: Orthworm\n|-damage|p1a: Orthworm|55/100\n|-start|p2a: Gouging Fire|confusion|[fatigue]\n|move|p1a: Orthworm|Body Press|p2a: Gouging Fire\n|-damage|p2a: Gouging Fire|0 fnt\n|faint|p2a: Gouging Fire\n|-end|p2a: Gouging Fire|Protosynthesis|[silent]\n|\n|upkeep\n|inactive|Time left: 300 sec this turn | 300 sec total | 5 sec grace\n|\n|t:|1783560911\n|switch|p2a: Sableye|Sableye, L88, M|231/231\n|turn|12\n|inactive|Time left: 300 sec this turn | 300 sec total\n|\n|t:|1783560912\n|move|p2a: Sableye|Encore|p1a: Orthworm\n|-start|p1a: Orthworm|Encore\n|move|p1a: Orthworm|Body Press|p2a: Sableye\n|-immune|p2a: Sableye\n|\n|upkeep\n|turn|13\n|inactive|Time left: 300 sec this turn | 300 sec total\n|\n|t:|1783560913\n|move|p2a: Sableye|Will-O-Wisp|p1a: Orthworm\n|-status|p1a: Orthworm|brn\n|move|p1a: Orthworm|Body Press|p2a: Sableye\n|-immune|p2a: Sableye\n|\n|-damage|p1a: Orthworm|49/100 brn|[from] brn\n|upkeep\n|turn|14\n|inactive|Time left: 300 sec this turn | 300 sec total\n|\n|t:|1783560914\n|move|p1a: Orthworm|Body Press|p2a: Sableye\n|-immune|p2a: Sableye\n|move|p2a: Sableye|Knock Off|p1a: Orthworm\n|-damage|p1a: Orthworm|38/100 brn\n|-enditem|p1a: Orthworm|Chesto Berry|[from] move: Knock Off|[of] p2a: Sableye\n|\n|-damage|p1a: Orthworm|32/100 brn|[from] brn\n|-end|p1a: Orthworm|Encore\n|upkeep\n|turn|15\n|inactive|Time left: 300 sec this turn | 300 sec total\n|\n|t:|1783560915\n|move|p2a: Sableye|Encore|p1a: Orthworm\n|-start|p1a: Orthworm|Encore\n|move|p1a: Orthworm|Body Press|p2a: Sableye\n|-immune|p2a: Sableye\n|\n|-damage|p1a: Orthworm|26/100 brn|[from] brn\n|upkeep\n|turn|16\n|inactive|Time left: 300 sec this turn | 300 sec total\n|\n|t:|1783560916\n|move|p1a: Orthworm|Body Press|p2a: Sableye\n|-immune|p2a: Sableye\n|move|p2a: Sableye|Knock Off|p1a: Orthworm\n|-damage|p1a: Orthworm|18/100 brn\n|\n|-damage|p1a: Orthworm|12/100 brn|[from] brn\n|upkeep\n|turn|17\n|inactive|Time left: 300 sec this turn | 300 sec total\n|\n|t:|1783560917\n|move|p1a: Orthworm|Body Press|p2a: Sableye\n|-immune|p2a: Sableye\n|move|p2a: Sableye|Knock Off|p1a: Orthworm\n|-damage|p1a: Orthworm|4/100 brn\n|\n|-damage|p1a: Orthworm|0 fnt|[from] brn\n|faint|p1a: Orthworm\n|upkeep\n|\n|t:|1783560917\n|switch|p1a: Dodrio|Dodrio, L85, M|90/100\n|turn|18\n|inactive|Time left: 300 sec this turn | 300 sec total\n|\n|t:|1783560918\n|move|p2a: Sableye|Will-O-Wisp|p1a: Dodrio\n|-status|p1a: Dodrio|brn\n|move|p1a: Dodrio|Swords Dance|p1a: Dodrio\n|-boost|p1a: Dodrio|atk|2\n|\n|-damage|p1a: Dodrio|83/100 brn|[from] brn\n|upkeep\n|turn|19\n|inactive|Time left: 300 sec this turn | 300 sec total\n|\n|t:|1783560919\n|move|p2a: Sableye|Encore|p1a: Dodrio\n|-start|p1a: Dodrio|Encore\n|move|p1a: Dodrio|Swords Dance|p1a: Dodrio\n|-boost|p1a: Dodrio|atk|2\n|\n|-damage|p1a: Dodrio|77/100 brn|[from] brn\n|upkeep\n|turn|20\n|inactive|Time left: 300 sec this turn | 300 sec total\n|\n|t:|1783560920\n|move|p1a: Dodrio|Swords Dance|p1a: Dodrio\n|-boost|p1a: Dodrio|atk|2\n|move|p2a: Sableye|Knock Off|p1a: Dodrio\n|-damage|p1a: Dodrio|36/100 brn\n|-enditem|p1a: Dodrio|Heavy-Duty Boots|[from] move: Knock Off|[of] p2a: Sableye\n|\n|-damage|p1a: Dodrio|30/100 brn|[from] brn\n|upkeep\n|turn|21\n|inactive|Time left: 300 sec this turn | 300 sec total\n|\n|t:|1783560921\n|move|p1a: Dodrio|Swords Dance|p1a: Dodrio\n|-boost|p1a: Dodrio|atk|0\n|move|p2a: Sableye|Knock Off|p1a: Dodrio\n|-damage|p1a: Dodrio|2/100 brn\n|\n|-damage|p1a: Dodrio|0 fnt|[from] brn\n|faint|p1a: Dodrio\n|upkeep\n|\n|t:|1783560922\n|switch|p1a: Zebstrika|Zebstrika, L87, M|100/100\n|turn|22\n|inactive|Time left: 300 sec this turn | 300 sec total\n|\n|t:|1783560923\n|move|p2a: Sableye|Will-O-Wisp|p1a: Zebstrika\n|-status|p1a: Zebstrika|brn\n|move|p1a: Zebstrika|Supercell Slam|p2a: Sableye\n|-damage|p2a: Sableye|153/231\n|-damage|p1a: Zebstrika|91/100 brn|[from] item: Life Orb\n|\n|-heal|p2a: Sableye|167/231|[from] item: Leftovers\n|-damage|p1a: Zebstrika|84/100 brn|[from] brn\n|upkeep\n|turn|23\n|inactive|Time left: 300 sec this turn | 300 sec total\n|\n|t:|1783560924\n|move|p1a: Zebstrika|Supercell Slam|p2a: Sableye\n|-crit|p2a: Sableye\n|-damage|p2a: Sableye|49/231\n|-damage|p1a: Zebstrika|74/100 brn|[from] item: Life Orb\n|move|p2a: Sableye|Knock Off|p1a: Zebstrika\n|-damage|p1a: Zebstrika|31/100 brn\n|-enditem|p1a: Zebstrika|Life Orb|[from] move: Knock Off|[of] p2a: Sableye\n|\n|-heal|p2a: Sableye|63/231|[from] item: Leftovers\n|-damage|p1a: Zebstrika|25/100 brn|[from] brn\n|upkeep\n|turn|24\n|inactive|Time left: 300 sec this turn | 300 sec total\n|\n|t:|1783560925\n|move|p2a: Sableye|Recover|p2a: Sableye\n|-heal|p2a: Sableye|179/231\n|move|p1a: Zebstrika|Volt Switch|p2a: Sableye\n|-damage|p2a: Sableye|103/231\n|\n|t:|1783560925\n|switch|p1a: Komala|Komala, L87, M|100/100|[from] Volt Switch\n|-ability|p1a: Komala|Comatose\n|\n|-heal|p2a: Sableye|117/231|[from] item: Leftovers\n|upkeep\n|turn|25\n|inactive|Time left: 300 sec this turn | 300 sec total\n|\n|t:|1783560926\n|move|p2a: Sableye|Recover|p2a: Sableye\n|-heal|p2a: Sableye|231/231\n|move|p1a: Komala|Knock Off|p2a: Sableye\n|-damage|p2a: Sableye|140/231\n|-enditem|p2a: Sableye|Leftovers|[from] move: Knock Off|[of] p1a: Komala\n|\n|upkeep\n|turn|26\n|inactive|Time left: 300 sec this turn | 300 sec total\n|\n|t:|1783560927\n|move|p1a: Komala|U-turn|p2a: Sableye\n|-damage|p2a: Sableye|74/231\n|\n|t:|1783560928\n|switch|p1a: Zebstrika|Zebstrika, L87, M|25/100 brn|[from] U-turn\n|move|p2a: Sableye|Knock Off|p1a: Zebstrika\n|-damage|p1a: Zebstrika|0 fnt\n|faint|p1a: Zebstrika\n|\n|upkeep\n|\n|t:|1783560929\n|switch|p1a: Deoxys|Deoxys-Speed, L82|100/100\n|-ability|p1a: Deoxys|Pressure\n|turn|27\n|inactive|Time left: 300 sec this turn | 300 sec total\n|\n|t:|1783560930\n|-terastallize|p1a: Deoxys|Dark\n|move|p1a: Deoxys|Knock Off|p2a: Sableye\n|-damage|p2a: Sableye|5/231\n|move|p2a: Sableye|Knock Off|p1a: Deoxys\n|-resisted|p1a: Deoxys\n|-damage|p1a: Deoxys|81/100\n|-enditem|p1a: Deoxys|Leftovers|[from] move: Knock Off|[of] p2a: Sableye\n|\n|upkeep\n|turn|28\n|inactive|Time left: 300 sec this turn | 300 sec total\n|\n|t:|1783560931\n|move|p1a: Deoxys|Spikes|p2a: Sableye\n|-sidestart|p2: p0y1869f0c9|Spikes\n|move|p2a: Sableye|Knock Off|p1a: Deoxys\n|-resisted|p1a: Deoxys\n|-damage|p1a: Deoxys|67/100\n|\n|upkeep\n|turn|29\n|inactive|Time left: 300 sec this turn | 300 sec total\n|\n|t:|1783560932\n|move|p1a: Deoxys|Knock Off|p2a: Sableye\n|-crit|p2a: Sableye\n|-damage|p2a: Sableye|0 fnt\n|faint|p2a: Sableye\n|\n|upkeep\n|inactive|Time left: 300 sec this turn | 300 sec total | 5 sec grace\n|\n|t:|1783560933\n|switch|p2a: Chien-Pao|Chien-Pao, L72|234/234\n|-ability|p2a: Chien-Pao|Sword of Ruin\n|turn|30\n|inactive|Time left: 300 sec this turn | 300 sec total\n|\n|t:|1783560934\n|move|p1a: Deoxys|Taunt|p2a: Chien-Pao\n|-start|p2a: Chien-Pao|move: Taunt\n|cant|p2a: Chien-Pao|move: Taunt|Swords Dance\n|\n|upkeep\n|turn|31\n|inactive|Time left: 300 sec this turn | 300 sec total\n|\n|t:|1783560935\n|move|p1a: Deoxys|Knock Off|p2a: Chien-Pao\n|-resisted|p2a: Chien-Pao\n|-damage|p2a: Chien-Pao|178/234\n|-enditem|p2a: Chien-Pao|Heavy-Duty Boots|[from] move: Knock Off|[of] p1a: Deoxys\n|move|p2a: Chien-Pao|Icicle Crash|p1a: Deoxys\n|-damage|p1a: Deoxys|19/100\n|\n|upkeep\n|turn|32\n|inactive|Time left: 300 sec this turn | 300 sec total\n|\n|t:|1783560936\n|switch|p1a: Komala|Komala, L87, M|100/100\n|-ability|p1a: Komala|Comatose\n|-terastallize|p2a: Chien-Pao|Dark\n|move|p2a: Chien-Pao|Throat Chop|p1a: Komala\n|-damage|p1a: Komala|35/100\n|-start|p1a: Komala|Throat Chop|[silent]\n|\n|-end|p2a: Chien-Pao|move: Taunt\n|upkeep\n|turn|33\n|inactive|Time left: 300 sec this turn | 300 sec total\n|\n|t:|1783560937\n|switch|p1a: Deoxys|Deoxys-Speed, L82, tera:Dark|19/100\n|-ability|p1a: Deoxys|Pressure\n|move|p2a: Chien-Pao|Throat Chop|p1a: Deoxys\n|-resisted|p1a: Deoxys\n|-damage|p1a: Deoxys|0 fnt\n|faint|p1a: Deoxys\n|\n|upkeep\n|\n|t:|1783560938\n|switch|p1a: Komala|Komala, L87, M|35/100\n|-ability|p1a: Komala|Comatose\n|turn|34\n|inactive|Time left: 300 sec this turn | 300 sec total\n|\n|t:|1783560938\n|move|p2a: Chien-Pao|Throat Chop|p1a: Komala\n|-damage|p1a: Komala|0 fnt\n|faint|p1a: Komala\n|\n|win|p0y1869f0c9", "uploadtime": 1783560938, "views": 0, "rating": 0, "private": 0, "password": null, "_winner": "p0y1869f0c9", "_our_name": "p0y1869f0c9"}