{"id": "battle-gen9randombattle-2035", "formatid": "gen9randombattle", "format": "[Gen 9] Random Battle", "players": ["p0x2035f034", "p0y2035515e"], "log": "|init|battle\n|title|p0x2035f034 vs. p0y2035515e\n|j|\u2606p0x2035f034\n|j|\u2606p0y2035515e\n|t:|1783563565\n|gametype|singles\n|player|p1|p0x2035f034|170|\n|player|p2|p0y2035515e|170|\n|gen|9\n|tier|[Gen 9] Random Battle\n|rule|Species Clause: Limit one of each Pok\u00e9mon\n|rule|HP Percentage Mod: HP is shown in percentages\n|rule|Sleep Clause Mod: Limit one foe put to sleep\n|rule|Illusion Level Mod: Illusion disguises the Pok\u00e9mon's true level\n|\n|t:|1783563565\n|teamsize|p1|6\n|teamsize|p2|6\n|start\n|switch|p1a: Blissey|Blissey, L85, F|572/572\n|switch|p2a: Weezing|Weezing-Galar, L86, F|100/100\n|turn|1\n|inactive|Battle timer is ON: inactive players will automatically lose when time's up. (requested by p0x2035f034)\n|inactive|p0y2035515e also wants the timer to be on.\n|\n|t:|1783563567\n|switch|p2a: Ursaluna|Ursaluna, L79, M|100/100\n|switch|p1a: Conkeldurr|Conkeldurr, L80, F|299/299\n|\n|-status|p2a: Ursaluna|brn|[from] item: Flame Orb\n|-status|p1a: Conkeldurr|brn|[from] item: Flame Orb\n|upkeep\n|turn|2\n|inactive|Time left: 300 sec this turn | 300 sec total\n|\n|t:|1783563568\n|switch|p1a: Regirock|Regirock, L83|268/268\n|-terastallize|p2a: Ursaluna|Normal\n|move|p2a: Ursaluna|Facade|p1a: Regirock\n|-resisted|p1a: Regirock\n|-damage|p1a: Regirock|184/268\n|\n|-damage|p2a: Ursaluna|95/100 brn|[from] brn\n|upkeep\n|turn|3\n|inactive|Time left: 300 sec this turn | 300 sec total\n|\n|t:|1783563569\n|move|p1a: Regirock|Iron Defense|p1a: Regirock\n|-boost|p1a: Regirock|def|2\n|move|p2a: Ursaluna|Headlong Rush|p1a: Regirock\n|-supereffective|p1a: Regirock\n|-damage|p1a: Regirock|64/268\n|-unboost|p2a: Ursaluna|def|1\n|-unboost|p2a: Ursaluna|spd|1\n|\n|-damage|p2a: Ursaluna|89/100 brn|[from] brn\n|upkeep\n|turn|4\n|inactive|Time left: 300 sec this turn | 300 sec total\n|\n|t:|1783563570\n|switch|p2a: Weezing|Weezing-Galar, L86, F|100/100\n|move|p1a: Regirock|Rest|p1a: Regirock\n|-status|p1a: Regirock|slp|[from] move: Rest\n|-heal|p1a: Regirock|268/268 slp|[silent]\n|-enditem|p1a: Regirock|Chesto Berry|[eat]\n|-curestatus|p1a: Regirock|slp|[msg]\n|\n|upkeep\n|turn|5\n|inactive|Time left: 300 sec this turn | 300 sec total\n|\n|t:|1783563571\n|move|p2a: Weezing|Strange Steam|p1a: Regirock\n|-damage|p1a: Regirock|184/268\n|move|p1a: Regirock|Stone Edge|p2a: Weezing\n|-damage|p2a: Weezing|70/100\n|\n|-heal|p2a: Weezing|75/100|[from] item: Leftovers\n|upkeep\n|turn|6\n|inactive|Time left: 300 sec this turn | 300 sec total\n|\n|t:|1783563572\n|move|p2a: Weezing|Strange Steam|p1a: Regirock\n|-damage|p1a: Regirock|96/268\n|move|p1a: Regirock|Stone Edge|p2a: Weezing\n|-damage|p2a: Weezing|45/100\n|\n|-heal|p2a: Weezing|50/100|[from] item: Leftovers\n|upkeep\n|turn|7\n|inactive|Time left: 300 sec this turn | 300 sec total\n|\n|t:|1783563573\n|move|p2a: Weezing|Strange Steam|p1a: Regirock\n|-crit|p1a: Regirock\n|-damage|p1a: Regirock|0 fnt\n|faint|p1a: Regirock\n|\n|-heal|p2a: Weezing|56/100|[from] item: Leftovers\n|upkeep\n|inactive|Time left: 300 sec this turn | 300 sec total | 5 sec grace\n|\n|t:|1783563574\n|switch|p1a: Arceus|Arceus-Poison, L70|284/284\n|turn|8\n|inactive|Time left: 300 sec this turn | 300 sec total\n|\n|t:|1783563574\n|switch|p2a: Ursaluna|Ursaluna, L79, M, tera:Normal|89/100 brn\n|move|p1a: Arceus|Swords Dance|p1a: Arceus\n|-boost|p1a: Arceus|atk|2\n|\n|-damage|p2a: Ursaluna|83/100 brn|[from] brn\n|upkeep\n|turn|9\n|inactive|Time left: 300 sec this turn | 300 sec total\n|\n|t:|1783563575\n|move|p1a: Arceus|Gunk Shot|p2a: Ursaluna\n|-damage|p2a: Ursaluna|11/100 brn\n|move|p2a: Ursaluna|Facade|p1a: Arceus\n|-damage|p1a: Arceus|0 fnt\n|faint|p1a: Arceus\n|\n|-damage|p2a: Ursaluna|5/100 brn|[from] brn\n|upkeep\n|inactive|Time left: 300 sec this turn | 300 sec total | 5 sec grace\n|\n|t:|1783563576\n|switch|p1a: Leafeon|Leafeon, L88, M|258/258\n|turn|10\n|inactive|Time left: 300 sec this turn | 300 sec total\n|\n|t:|1783563576\n|switch|p2a: Weezing|Weezing-Galar, L86, F|56/100\n|move|p1a: Leafeon|Swords Dance|p1a: Leafeon\n|-boost|p1a: Leafeon|atk|2\n|\n|-heal|p2a: Weezing|62/100|[from] item: Leftovers\n|upkeep\n|turn|11\n|inactive|Time left: 300 sec this turn | 300 sec total\n|\n|t:|1783563577\n|move|p1a: Leafeon|Double-Edge|p2a: Weezing\n|-damage|p2a: Weezing|0 fnt\n|faint|p2a: Weezing\n|-damage|p1a: Leafeon|207/258|[from] Recoil\n|-damage|p1a: Leafeon|182/258|[from] item: Life Orb\n|\n|upkeep\n|\n|t:|1783563578\n|switch|p2a: Dudunsparce|Dudunsparce-Three-Segment, L83, F|100/100\n|turn|12\n|inactive|Time left: 300 sec this turn | 300 sec total\n|\n|t:|1783563579\n|move|p1a: Leafeon|Leaf Blade|p2a: Dudunsparce\n|-damage|p2a: Dudunsparce|10/100\n|-damage|p1a: Leafeon|157/258|[from] item: Life Orb\n|move|p2a: Dudunsparce|Boomburst|p1a: Leafeon\n|-damage|p1a: Leafeon|0 fnt\n|faint|p1a: Leafeon\n|\n|-heal|p2a: Dudunsparce|16/100|[from] item: Leftovers\n|upkeep\n|inactive|Time left: 300 sec this turn | 300 sec total | 5 sec grace\n|\n|t:|1783563579\n|switch|p1a: Sawsbuck|Sawsbuck-Winter, L88, M|284/284\n|turn|13\n|inactive|Time left: 300 sec this turn | 300 sec total\n|\n|t:|1783563580\n|move|p1a: Sawsbuck|Swords Dance|p1a: Sawsbuck\n|-boost|p1a: Sawsbuck|atk|2\n|move|p2a: Dudunsparce|Boomburst|p1a: Sawsbuck\n|-damage|p1a: Sawsbuck|142/284\n|\n|-heal|p2a: Dudunsparce|22/100|[from] item: Leftovers\n|upkeep\n|turn|14\n|inactive|Time left: 300 sec this turn | 300 sec total\n|\n|t:|1783563581\n|move|p1a: Sawsbuck|Horn Leech|p2a: Dudunsparce\n|-damage|p2a: Dudunsparce|0 fnt\n|-heal|p1a: Sawsbuck|179/284|[from] drain|[of] p2a: Dudunsparce\n|faint|p2a: Dudunsparce\n|-damage|p1a: Sawsbuck|151/284|[from] item: Life Orb\n|\n|upkeep\n|\n|t:|1783563582\n|switch|p2a: Ursaluna|Ursaluna, L79, M, tera:Normal|5/100 brn\n|turn|15\n|inactive|Time left: 300 sec this turn | 300 sec total\n|\n|t:|1783563583\n|move|p1a: Sawsbuck|High Horsepower|p2a: Ursaluna|[miss]\n|-miss|p1a: Sawsbuck|p2a: Ursaluna\n|move|p2a: Ursaluna|Headlong Rush|p1a: Sawsbuck\n|-resisted|p1a: Sawsbuck\n|-damage|p1a: Sawsbuck|24/284\n|-unboost|p2a: Ursaluna|def|1\n|-unboost|p2a: Ursaluna|spd|1\n|\n|-damage|p2a: Ursaluna|0 fnt|[from] brn\n|faint|p2a: Ursaluna\n|upkeep\n|\n|t:|1783563584\n|switch|p2a: Minun|Minun, L95, F|100/100\n|turn|16\n|inactive|Time left: 300 sec this turn | 300 sec total\n|\n|t:|1783563585\n|move|p2a: Minun|Thunderbolt|p1a: Sawsbuck\n|-resisted|p1a: Sawsbuck\n|-damage|p1a: Sawsbuck|0 fnt\n|faint|p1a: Sawsbuck\n|-damage|p2a: Minun|91/100|[from] item: Life Orb\n|\n|upkeep\n|inactive|Time left: 300 sec this turn | 300 sec total | 5 sec grace\n|\n|t:|1783563586\n|switch|p1a: Conkeldurr|Conkeldurr, L80, F|299/299 brn\n|turn|17\n|inactive|Time left: 300 sec this turn | 300 sec total\n|\n|t:|1783563587\n|move|p2a: Minun|Thunderbolt|p1a: Conkeldurr\n|-damage|p1a: Conkeldurr|118/299 brn\n|-damage|p2a: Minun|81/100|[from] item: Life Orb\n|move|p1a: Conkeldurr|Facade|p2a: Minun\n|-damage|p2a: Minun|0 fnt\n|faint|p2a: Minun\n|\n|-damage|p1a: Conkeldurr|100/299 brn|[from] brn\n|upkeep\n|\n|t:|1783563588\n|switch|p2a: Volcarona|Volcarona, L77, F|100/100\n|turn|18\n|inactive|Time left: 300 sec this turn | 300 sec total\n|\n|t:|1783563589\n|switch|p1a: Blissey|Blissey, L85, F|572/572\n|move|p2a: Volcarona|Fiery Dance|p1a: Blissey\n|-damage|p1a: Blissey|511/572\n|\n|-heal|p1a: Blissey|546/572|[from] item: Leftovers\n|upkeep\n|turn|19\n|inactive|Time left: 300 sec this turn | 300 sec total\n|\n|t:|1783563590\n|move|p2a: Volcarona|Quiver Dance|p2a: Volcarona\n|-boost|p2a: Volcarona|spa|1\n|-boost|p2a: Volcarona|spd|1\n|-boost|p2a: Volcarona|spe|1\n|move|p1a: Blissey|Thunder Wave|p2a: Volcarona\n|-status|p2a: Volcarona|par\n|\n|-heal|p1a: Blissey|572/572|[from] item: Leftovers\n|upkeep\n|turn|20\n|inactive|Time left: 300 sec this turn | 300 sec total\n|\n|t:|1783563591\n|move|p2a: Volcarona|Quiver Dance|p2a: Volcarona\n|-boost|p2a: Volcarona|spa|1\n|-boost|p2a: Volcarona|spd|1\n|-boost|p2a: Volcarona|spe|1\n|move|p1a: Blissey|Seismic Toss|p2a: Volcarona\n|-damage|p2a: Volcarona|67/100 par\n|\n|upkeep\n|turn|21\n|inactive|Time left: 300 sec this turn | 300 sec total\n|\n|t:|1783563593\n|move|p2a: Volcarona|Fiery Dance|p1a: Blissey\n|-damage|p1a: Blissey|439/572\n|move|p1a: Blissey|Seismic Toss|p2a: Volcarona\n|-damage|p2a: Volcarona|34/100 par\n|\n|-heal|p1a: Blissey|474/572|[from] item: Leftovers\n|upkeep\n|turn|22\n|inactive|Time left: 300 sec this turn | 300 sec total\n|\n|t:|1783563594\n|move|p2a: Volcarona|Bug Buzz|p1a: Blissey\n|-damage|p1a: Blissey|333/572\n|move|p1a: Blissey|Seismic Toss|p2a: Volcarona\n|-damage|p2a: Volcarona|1/100 par\n|\n|-heal|p1a: Blissey|368/572|[from] item: Leftovers\n|upkeep\n|turn|23\n|inactive|Time left: 300 sec this turn | 300 sec total\n|\n|t:|1783563595\n|move|p2a: Volcarona|Bug Buzz|p1a: Blissey\n|-crit|p1a: Blissey\n|-damage|p1a: Blissey|38/572\n|move|p1a: Blissey|Seismic Toss|p2a: Volcarona\n|-damage|p2a: Volcarona|0 fnt\n|faint|p2a: Volcarona\n|\n|-heal|p1a: Blissey|73/572|[from] item: Leftovers\n|upkeep\n|\n|t:|1783563595\n|switch|p2a: Tentacruel|Tentacruel, L84, M|100/100\n|turn|24\n|inactive|Time left: 300 sec this turn | 300 sec total\n|\n|t:|1783563596\n|-terastallize|p1a: Blissey|Ghost\n|move|p2a: Tentacruel|Toxic|p1a: Blissey\n|-status|p1a: Blissey|tox\n|move|p1a: Blissey|Soft-Boiled|p1a: Blissey\n|-heal|p1a: Blissey|359/572 tox\n|\n|-heal|p1a: Blissey|394/572 tox|[from] item: Leftovers\n|-damage|p1a: Blissey|359/572 tox|[from] psn\n|upkeep\n|turn|25\n|inactive|Time left: 300 sec this turn | 300 sec total\n|\n|t:|1783563597\n|move|p2a: Tentacruel|Surf|p1a: Blissey\n|-damage|p1a: Blissey|302/572 tox\n|move|p1a: Blissey|Soft-Boiled|p1a: Blissey\n|-heal|p1a: Blissey|572/572 tox\n|\n|-damage|p1a: Blissey|502/572 tox|[from] psn\n|upkeep\n|turn|26\n|inactive|Time left: 300 sec this turn | 300 sec total\n|\n|t:|1783563598\n|move|p2a: Tentacruel|Sludge Bomb|p1a: Blissey\n|-resisted|p1a: Blissey\n|-damage|p1a: Blissey|471/572 tox\n|move|p1a: Blissey|Thunder Wave|p2a: Tentacruel|[miss]\n|-miss|p1a: Blissey|p2a: Tentacruel\n|\n|-heal|p1a: Blissey|506/572 tox|[from] item: Leftovers\n|-damage|p1a: Blissey|401/572 tox|[from] psn\n|upkeep\n|turn|27\n|inactive|Time left: 300 sec this turn | 300 sec total\n|\n|t:|1783563599\n|move|p2a: Tentacruel|Surf|p1a: Blissey\n|-damage|p1a: Blissey|341/572 tox\n|move|p1a: Blissey|Thunder Wave|p2a: Tentacruel\n|-status|p2a: Tentacruel|par\n|\n|-heal|p1a: Blissey|376/572 tox|[from] item: Leftovers\n|-damage|p1a: Blissey|236/572 tox|[from] psn\n|upkeep\n|turn|28\n|inactive|Time left: 300 sec this turn | 300 sec total\n|\n|t:|1783563600\n|move|p1a: Blissey|Seismic Toss|p2a: Tentacruel\n|-damage|p2a: Tentacruel|69/100 par\n|cant|p2a: Tentacruel|par\n|\n|-heal|p1a: Blissey|271/572 tox|[from] item: Leftovers\n|-heal|p2a: Tentacruel|75/100 par|[from] item: Leftovers\n|-damage|p1a: Blissey|96/572 tox|[from] psn\n|upkeep\n|turn|29\n|inactive|Time left: 300 sec this turn | 300 sec total\n|\n|t:|1783563601\n|move|p1a: Blissey|Seismic Toss|p2a: Tentacruel\n|-damage|p2a: Tentacruel|44/100 par\n|move|p2a: Tentacruel|Haze|p2a: Tentacruel\n|-clearallboost\n|\n|-heal|p1a: Blissey|131/572 tox|[from] item: Leftovers\n|-heal|p2a: Tentacruel|50/100 par|[from] item: Leftovers\n|-damage|p1a: Blissey|0 fnt|[from] psn\n|faint|p1a: Blissey\n|upkeep\n|inactive|Time left: 300 sec this turn | 300 sec total | 5 sec grace\n|\n|t:|1783563602\n|switch|p1a: Conkeldurr|Conkeldurr, L80, F|100/299 brn\n|turn|30\n|inactive|Time left: 300 sec this turn | 300 sec total\n|\n|t:|1783563603\n|move|p1a: Conkeldurr|Facade|p2a: Tentacruel\n|-damage|p2a: Tentacruel|0 fnt\n|faint|p2a: Tentacruel\n|\n|win|p0x2035f034", "uploadtime": 1783563603, "views": 0, "rating": 0, "private": 0, "password": null, "_winner": "p0x2035f034", "_our_name": "p0x2035f034"}