{"id": "battle-gen9randombattle-669", "formatid": "gen9randombattle", "format": "[Gen 9] Random Battle", "players": ["p0x66916bd", "p0y6697128"], "log": "|init|battle\n|title|p0x66916bd vs. p0y6697128\n|j|\u2606p0x66916bd\n|j|\u2606p0y6697128\n|t:|1783547590\n|gametype|singles\n|player|p1|p0x66916bd|1|\n|player|p2|p0y6697128|170|\n|gen|9\n|tier|[Gen 9] Random Battle\n|rule|Species Clause: Limit one of each Pok\u00e9mon\n|rule|HP Percentage Mod: HP is shown in percentages\n|rule|Sleep Clause Mod: Limit one foe put to sleep\n|rule|Illusion Level Mod: Illusion disguises the Pok\u00e9mon's true level\n|\n|t:|1783547590\n|teamsize|p1|6\n|teamsize|p2|6\n|start\n|switch|p1a: Palafin|Palafin, L77, F|281/281\n|switch|p2a: Garganacl|Garganacl, L80, M|100/100\n|turn|1\n|inactive|Battle timer is ON: inactive players will automatically lose when time's up. (requested by p0x66916bd)\n|inactive|p0y6697128 also wants the timer to be on.\n|\n|t:|1783547592\n|move|p1a: Palafin|Wave Crash|p2a: Garganacl\n|-supereffective|p2a: Garganacl\n|-damage|p2a: Garganacl|30/100\n|-damage|p1a: Palafin|213/281|[from] Recoil\n|move|p2a: Garganacl|Salt Cure|p1a: Palafin\n|-damage|p1a: Palafin|159/281\n|-start|p1a: Palafin|Salt Cure\n|\n|-heal|p2a: Garganacl|36/100|[from] item: Leftovers\n|-damage|p1a: Palafin|89/281|[from] Salt Cure\n|upkeep\n|turn|2\n|inactive|Time left: 300 sec this turn | 300 sec total\n|\n|t:|1783547593\n|detailschange|p1a: Palafin|Palafin-Hero, L77, F\n|switch|p1a: Clefable|Clefable, L83, F|293/293\n|move|p2a: Garganacl|Recover|p2a: Garganacl\n|-heal|p2a: Garganacl|86/100\n|\n|-heal|p2a: Garganacl|92/100|[from] item: Leftovers\n|upkeep\n|turn|3\n|inactive|Time left: 300 sec this turn | 300 sec total\n|\n|t:|1783547594\n|move|p1a: Clefable|Moonblast|p2a: Garganacl\n|-crit|p2a: Garganacl\n|-damage|p2a: Garganacl|24/100\n|move|p2a: Garganacl|Salt Cure|p1a: Clefable\n|-damage|p1a: Clefable|244/293\n|-start|p1a: Clefable|Salt Cure\n|\n|-heal|p2a: Garganacl|30/100|[from] item: Leftovers\n|upkeep\n|turn|4\n|inactive|Time left: 300 sec this turn | 300 sec total\n|\n|t:|1783547595\n|switch|p2a: Mudsdale|Mudsdale, L83, M|100/100\n|move|p1a: Clefable|Moonblast|p2a: Mudsdale\n|-damage|p2a: Mudsdale|58/100\n|-ability|p2a: Mudsdale|Stamina|boost\n|-boost|p2a: Mudsdale|def|1\n|\n|-heal|p2a: Mudsdale|64/100|[from] item: Leftovers\n|upkeep\n|turn|5\n|inactive|Time left: 300 sec this turn | 300 sec total\n|\n|t:|1783547597\n|switch|p1a: Misdreavus|Misdreavus, L90, M|254/254\n|move|p2a: Mudsdale|Earthquake|p1a: Misdreavus\n|-immune|p1a: Misdreavus|[from] ability: Levitate\n|\n|-heal|p2a: Mudsdale|70/100|[from] item: Leftovers\n|upkeep\n|turn|6\n|inactive|Time left: 300 sec this turn | 300 sec total\n|\n|t:|1783547598\n|move|p1a: Misdreavus|Will-O-Wisp|p2a: Mudsdale|[miss]\n|-miss|p1a: Misdreavus|p2a: Mudsdale\n|move|p2a: Mudsdale|Stealth Rock|p1a: Misdreavus\n|-sidestart|p1: p0x66916bd|move: Stealth Rock\n|\n|-heal|p2a: Mudsdale|76/100|[from] item: Leftovers\n|upkeep\n|turn|7\n|inactive|Time left: 300 sec this turn | 300 sec total\n|\n|t:|1783547599\n|move|p1a: Misdreavus|Will-O-Wisp|p2a: Mudsdale\n|-status|p2a: Mudsdale|brn\n|move|p2a: Mudsdale|Heavy Slam|p1a: Misdreavus\n|-damage|p1a: Misdreavus|211/254\n|\n|-heal|p2a: Mudsdale|82/100 brn|[from] item: Leftovers\n|-damage|p2a: Mudsdale|76/100 brn|[from] brn\n|upkeep\n|turn|8\n|inactive|Time left: 300 sec this turn | 300 sec total\n|\n|t:|1783547600\n|move|p1a: Misdreavus|Calm Mind|p1a: Misdreavus\n|-boost|p1a: Misdreavus|spa|1\n|-boost|p1a: Misdreavus|spd|1\n|move|p2a: Mudsdale|Heavy Slam|p1a: Misdreavus\n|-damage|p1a: Misdreavus|171/254\n|\n|-heal|p2a: Mudsdale|82/100 brn|[from] item: Leftovers\n|-damage|p2a: Mudsdale|76/100 brn|[from] brn\n|upkeep\n|turn|9\n|inactive|Time left: 300 sec this turn | 300 sec total\n|\n|t:|1783547601\n|move|p1a: Misdreavus|Shadow Ball|p2a: Mudsdale\n|-damage|p2a: Mudsdale|31/100 brn\n|-ability|p2a: Mudsdale|Stamina|boost\n|-boost|p2a: Mudsdale|def|1\n|move|p2a: Mudsdale|Heavy Slam|p1a: Misdreavus\n|-damage|p1a: Misdreavus|126/254\n|\n|-heal|p2a: Mudsdale|37/100 brn|[from] item: Leftovers\n|-damage|p2a: Mudsdale|31/100 brn|[from] brn\n|upkeep\n|turn|10\n|inactive|Time left: 300 sec this turn | 300 sec total\n|\n|t:|1783547602\n|move|p1a: Misdreavus|Shadow Ball|p2a: Mudsdale\n|-damage|p2a: Mudsdale|0 fnt\n|faint|p2a: Mudsdale\n|\n|upkeep\n|\n|t:|1783547603\n|switch|p2a: Toucannon|Toucannon, L88, M|100/100\n|turn|11\n|inactive|Time left: 300 sec this turn | 300 sec total\n|\n|t:|1783547604\n|-singleturn|p2a: Toucannon|move: Beak Blast\n|move|p1a: Misdreavus|Will-O-Wisp|p2a: Toucannon\n|-status|p2a: Toucannon|brn\n|move|p2a: Toucannon|Beak Blast|p1a: Misdreavus\n|-damage|p1a: Misdreavus|73/254\n|\n|-damage|p2a: Toucannon|95/100 brn|[from] brn\n|upkeep\n|turn|12\n|inactive|Time left: 300 sec this turn | 300 sec total\n|\n|t:|1783547605\n|move|p1a: Misdreavus|Draining Kiss|p2a: Toucannon\n|-damage|p2a: Toucannon|74/100 brn\n|-heal|p1a: Misdreavus|117/254|[from] drain|[of] p2a: Toucannon\n|move|p2a: Toucannon|Bullet Seed|p1a: Misdreavus\n|-damage|p1a: Misdreavus|106/254\n|-damage|p1a: Misdreavus|96/254\n|-damage|p1a: Misdreavus|87/254\n|-damage|p1a: Misdreavus|77/254\n|-damage|p1a: Misdreavus|68/254\n|-hitcount|p1a: Misdreavus|5\n|\n|-damage|p2a: Toucannon|68/100 brn|[from] brn\n|upkeep\n|turn|13\n|inactive|Time left: 300 sec this turn | 300 sec total\n|\n|t:|1783547606\n|move|p1a: Misdreavus|Draining Kiss|p2a: Toucannon\n|-damage|p2a: Toucannon|46/100 brn\n|-heal|p1a: Misdreavus|115/254|[from] drain|[of] p2a: Toucannon\n|move|p2a: Toucannon|Bullet Seed|p1a: Misdreavus\n|-damage|p1a: Misdreavus|106/254\n|-damage|p1a: Misdreavus|97/254\n|-damage|p1a: Misdreavus|86/254\n|-damage|p1a: Misdreavus|77/254\n|-damage|p1a: Misdreavus|68/254\n|-hitcount|p1a: Misdreavus|5\n|\n|-damage|p2a: Toucannon|40/100 brn|[from] brn\n|upkeep\n|turn|14\n|inactive|Time left: 300 sec this turn | 300 sec total\n|\n|t:|1783547608\n|move|p1a: Misdreavus|Draining Kiss|p2a: Toucannon\n|-damage|p2a: Toucannon|17/100 brn\n|-heal|p1a: Misdreavus|116/254|[from] drain|[of] p2a: Toucannon\n|move|p2a: Toucannon|Roost|p2a: Toucannon\n|-heal|p2a: Toucannon|67/100 brn\n|-singleturn|p2a: Toucannon|move: Roost\n|\n|-damage|p2a: Toucannon|61/100 brn|[from] brn\n|upkeep\n|turn|15\n|inactive|Time left: 300 sec this turn | 300 sec total\n|\n|t:|1783547609\n|move|p1a: Misdreavus|Calm Mind|p1a: Misdreavus\n|-boost|p1a: Misdreavus|spa|1\n|-boost|p1a: Misdreavus|spd|1\n|move|p2a: Toucannon|Bullet Seed|p1a: Misdreavus\n|-damage|p1a: Misdreavus|107/254\n|-damage|p1a: Misdreavus|97/254\n|-damage|p1a: Misdreavus|88/254\n|-damage|p1a: Misdreavus|79/254\n|-damage|p1a: Misdreavus|70/254\n|-hitcount|p1a: Misdreavus|5\n|\n|-damage|p2a: Toucannon|55/100 brn|[from] brn\n|upkeep\n|turn|16\n|inactive|Time left: 300 sec this turn | 300 sec total\n|\n|t:|1783547610\n|move|p1a: Misdreavus|Draining Kiss|p2a: Toucannon\n|-damage|p2a: Toucannon|27/100 brn\n|-heal|p1a: Misdreavus|130/254|[from] drain|[of] p2a: Toucannon\n|move|p2a: Toucannon|Bullet Seed|p1a: Misdreavus\n|-damage|p1a: Misdreavus|120/254\n|-damage|p1a: Misdreavus|111/254\n|-damage|p1a: Misdreavus|102/254\n|-damage|p1a: Misdreavus|92/254\n|-damage|p1a: Misdreavus|82/254\n|-hitcount|p1a: Misdreavus|5\n|\n|-damage|p2a: Toucannon|21/100 brn|[from] brn\n|upkeep\n|turn|17\n|inactive|Time left: 300 sec this turn | 300 sec total\n|\n|t:|1783547611\n|move|p1a: Misdreavus|Draining Kiss|p2a: Toucannon\n|-damage|p2a: Toucannon|0 fnt\n|-heal|p1a: Misdreavus|126/254|[from] drain|[of] p2a: Toucannon\n|faint|p2a: Toucannon\n|\n|upkeep\n|\n|t:|1783547612\n|switch|p2a: Corviknight|Corviknight, L80, F|100/100\n|turn|18\n|inactive|Time left: 300 sec this turn | 300 sec total\n|\n|t:|1783547613\n|move|p1a: Misdreavus|Shadow Ball|p2a: Corviknight\n|-damage|p2a: Corviknight|30/100\n|-ability|p2a: Corviknight|Mirror Armor\n|-unboost|p1a: Misdreavus|spd|1\n|move|p2a: Corviknight|Brave Bird|p1a: Misdreavus\n|-damage|p1a: Misdreavus|41/254\n|-damage|p2a: Corviknight|20/100|[from] Recoil\n|\n|upkeep\n|turn|19\n|inactive|Time left: 300 sec this turn | 300 sec total\n|\n|t:|1783547614\n|move|p1a: Misdreavus|Shadow Ball|p2a: Corviknight\n|-damage|p2a: Corviknight|0 fnt\n|faint|p2a: Corviknight\n|\n|upkeep\n|\n|t:|1783547615\n|switch|p2a: Kingdra|Kingdra, L84, F|100/100\n|turn|20\n|inactive|Time left: 300 sec this turn | 300 sec total\n|\n|t:|1783547616\n|-terastallize|p1a: Misdreavus|Fairy\n|-terastallize|p2a: Kingdra|Water\n|move|p1a: Misdreavus|Draining Kiss|p2a: Kingdra\n|-damage|p2a: Kingdra|52/100\n|-heal|p1a: Misdreavus|136/254|[from] drain|[of] p2a: Kingdra\n|move|p2a: Kingdra|Wave Crash|p1a: Misdreavus\n|-damage|p1a: Misdreavus|0 fnt\n|faint|p1a: Misdreavus\n|-damage|p2a: Kingdra|35/100|[from] Recoil\n|-damage|p2a: Kingdra|25/100|[from] item: Life Orb\n|\n|upkeep\n|inactive|Time left: 300 sec this turn | 300 sec total | 5 sec grace\n|\n|t:|1783547617\n|switch|p1a: Palafin|Palafin-Hero, L77, F|89/281\n|-damage|p1a: Palafin|54/281|[from] Stealth Rock\n|-activate|p1a: Palafin|ability: Zero to Hero\n|turn|21\n|inactive|Time left: 300 sec this turn | 300 sec total\n|\n|t:|1783547618\n|move|p1a: Palafin|Close Combat|p2a: Kingdra\n|-damage|p2a: Kingdra|0 fnt\n|-unboost|p1a: Palafin|def|1\n|-unboost|p1a: Palafin|spd|1\n|faint|p2a: Kingdra\n|\n|upkeep\n|\n|t:|1783547619\n|switch|p2a: Hitmonchan|Hitmonchan, L87, M|100/100\n|turn|22\n|inactive|Time left: 300 sec this turn | 300 sec total\n|\n|t:|1783547619\n|move|p1a: Palafin|Close Combat|p2a: Hitmonchan\n|-damage|p2a: Hitmonchan|34/100\n|-unboost|p1a: Palafin|def|1\n|-unboost|p1a: Palafin|spd|1\n|move|p2a: Hitmonchan|Drain Punch|p1a: Palafin\n|-damage|p1a: Palafin|0 fnt\n|-heal|p2a: Hitmonchan|45/100|[from] drain|[of] p1a: Palafin\n|faint|p1a: Palafin\n|-damage|p2a: Hitmonchan|36/100|[from] item: Life Orb\n|\n|upkeep\n|inactive|Time left: 300 sec this turn | 300 sec total | 5 sec grace\n|\n|t:|1783547620\n|switch|p1a: Clefable|Clefable, L83, F|244/293\n|turn|23\n|inactive|Time left: 300 sec this turn | 300 sec total\n|\n|t:|1783547621\n|move|p2a: Hitmonchan|Ice Punch|p1a: Clefable\n|-damage|p1a: Clefable|130/293\n|-damage|p2a: Hitmonchan|26/100|[from] item: Life Orb\n|move|p1a: Clefable|Moonblast|p2a: Hitmonchan\n|-supereffective|p2a: Hitmonchan\n|-crit|p2a: Hitmonchan\n|-damage|p2a: Hitmonchan|0 fnt\n|faint|p2a: Hitmonchan\n|\n|upkeep\n|\n|t:|1783547622\n|switch|p2a: Garganacl|Garganacl, L80, M|30/100\n|turn|24\n|inactive|Time left: 300 sec this turn | 300 sec total\n|\n|t:|1783547623\n|move|p1a: Clefable|Moonblast|p2a: Garganacl\n|-damage|p2a: Garganacl|0 fnt\n|faint|p2a: Garganacl\n|\n|win|p0x66916bd", "uploadtime": 1783547623, "views": 0, "rating": 0, "private": 0, "password": null, "_winner": "p0x66916bd", "_our_name": "p0x66916bd"}