{"id": "battle-gen9randombattle-2671", "formatid": "gen9randombattle", "format": "[Gen 9] Random Battle", "players": ["p0x2671ca5c", "p0y26718ad7"], "log": "|init|battle\n|title|p0x2671ca5c vs. p0y26718ad7\n|j|\u2606p0x2671ca5c\n|j|\u2606p0y26718ad7\n|t:|1783569809\n|gametype|singles\n|player|p1|p0x2671ca5c|2|\n|player|p2|p0y26718ad7|101|\n|gen|9\n|tier|[Gen 9] Random Battle\n|rule|Species Clause: Limit one of each Pok\u00e9mon\n|rule|HP Percentage Mod: HP is shown in percentages\n|rule|Sleep Clause Mod: Limit one foe put to sleep\n|rule|Illusion Level Mod: Illusion disguises the Pok\u00e9mon's true level\n|\n|t:|1783569809\n|teamsize|p1|6\n|teamsize|p2|6\n|start\n|switch|p1a: Serperior|Serperior, L79, F|248/248\n|switch|p2a: Brute Bonnet|Brute Bonnet, L80|100/100\n|turn|1\n|inactive|Battle timer is ON: inactive players will automatically lose when time's up. (requested by p0y26718ad7)\n|inactive|Time left: 300 sec this turn | 300 sec total | 60 sec grace\n|inactive|p0x2671ca5c also wants the timer to be on.\n|\n|t:|1783569810\n|move|p1a: Serperior|Leaf Storm|p2a: Brute Bonnet\n|-resisted|p2a: Brute Bonnet\n|-damage|p2a: Brute Bonnet|85/100\n|-boost|p1a: Serperior|spa|2\n|move|p2a: Brute Bonnet|Crunch|p1a: Serperior\n|-damage|p1a: Serperior|146/248\n|-boost|p1a: Serperior|def|1\n|\n|-heal|p1a: Serperior|161/248|[from] item: Leftovers\n|-heal|p2a: Brute Bonnet|91/100|[from] item: Leftovers\n|upkeep\n|turn|2\n|inactive|Time left: 300 sec this turn | 300 sec total\n|\n|t:|1783569812\n|-end|p2a: Brute Bonnet|Protosynthesis|[silent]\n|switch|p2a: Flareon|Flareon, L90, M|100/100\n|move|p1a: Serperior|Leaf Storm|p2a: Flareon\n|-resisted|p2a: Flareon\n|-damage|p2a: Flareon|72/100\n|-boost|p1a: Serperior|spa|2\n|\n|-heal|p1a: Serperior|176/248|[from] item: Leftovers\n|-status|p2a: Flareon|tox|[from] item: Toxic Orb\n|upkeep\n|turn|3\n|inactive|Time left: 300 sec this turn | 300 sec total\n|\n|t:|1783569812\n|-terastallize|p1a: Serperior|Fire\n|move|p1a: Serperior|Leaf Storm|p2a: Flareon\n|-resisted|p2a: Flareon\n|-damage|p2a: Flareon|26/100 tox\n|-boost|p1a: Serperior|spa|2\n|move|p2a: Flareon|Flare Blitz|p1a: Serperior\n|-resisted|p1a: Serperior\n|-damage|p1a: Serperior|92/248\n|-damage|p2a: Flareon|16/100 tox|[from] Recoil\n|\n|-heal|p1a: Serperior|107/248|[from] item: Leftovers\n|-damage|p2a: Flareon|10/100 tox|[from] psn\n|upkeep\n|turn|4\n|inactive|Time left: 300 sec this turn | 300 sec total\n|\n|t:|1783569813\n|move|p1a: Serperior|Tera Blast|p2a: Flareon|[anim] Tera Blast Fire\n|-resisted|p2a: Flareon\n|-crit|p2a: Flareon\n|-damage|p2a: Flareon|0 fnt\n|faint|p2a: Flareon\n|\n|-heal|p1a: Serperior|122/248|[from] item: Leftovers\n|upkeep\n|\n|t:|1783569814\n|switch|p2a: Wugtrio|Wugtrio, L91, M|100/100\n|turn|5\n|inactive|Time left: 300 sec this turn | 300 sec total\n|\n|t:|1783569815\n|switch|p1a: Stantler|Stantler, L92, F|284/284\n|-ability|p1a: Stantler|Intimidate|boost\n|-unboost|p2a: Wugtrio|atk|1\n|move|p2a: Wugtrio|Liquidation|p1a: Stantler\n|-damage|p1a: Stantler|202/284\n|\n|upkeep\n|turn|6\n|inactive|Time left: 300 sec this turn | 300 sec total\n|\n|t:|1783569816\n|move|p2a: Wugtrio|Liquidation|p1a: Stantler\n|-damage|p1a: Stantler|112/284\n|move|p1a: Stantler|Body Slam|p2a: Wugtrio\n|-crit|p2a: Wugtrio\n|-damage|p2a: Wugtrio|1/100\n|-ability|p2a: Wugtrio|Gooey\n|-unboost|p1a: Stantler|spe|1\n|\n|upkeep\n|turn|7\n|inactive|Time left: 300 sec this turn | 300 sec total\n|\n|t:|1783569817\n|move|p2a: Wugtrio|Liquidation|p1a: Stantler\n|-damage|p1a: Stantler|22/284\n|move|p1a: Stantler|Body Slam|p2a: Wugtrio\n|-damage|p2a: Wugtrio|0 fnt\n|-ability|p2a: Wugtrio|Gooey\n|-unboost|p1a: Stantler|spe|1\n|faint|p2a: Wugtrio\n|\n|upkeep\n|\n|t:|1783569818\n|switch|p2a: Virizion|Virizion, L82|100/100\n|turn|8\n|inactive|Time left: 300 sec this turn | 300 sec total\n|\n|t:|1783569819\n|switch|p1a: Munkidori|Munkidori, L79, M|269/269\n|move|p2a: Virizion|Swords Dance|p2a: Virizion\n|-boost|p2a: Virizion|atk|2\n|\n|upkeep\n|turn|9\n|inactive|Time left: 300 sec this turn | 300 sec total\n|\n|t:|1783569820\n|switch|p1a: Stantler|Stantler, L92, F|22/284\n|-ability|p1a: Stantler|Intimidate|boost\n|-unboost|p2a: Virizion|atk|1\n|-terastallize|p2a: Virizion|Rock\n|move|p2a: Virizion|Stone Edge|p1a: Stantler|[miss]\n|-miss|p2a: Virizion|p1a: Stantler\n|\n|upkeep\n|turn|10\n|inactive|Time left: 300 sec this turn | 300 sec total\n|\n|t:|1783569821\n|move|p2a: Virizion|Swords Dance|p2a: Virizion\n|-boost|p2a: Virizion|atk|2\n|move|p1a: Stantler|Thunder Wave|p2a: Virizion\n|-status|p2a: Virizion|par\n|\n|upkeep\n|turn|11\n|inactive|Time left: 300 sec this turn | 300 sec total\n|\n|t:|1783569822\n|move|p1a: Stantler|Earthquake|p2a: Virizion\n|-supereffective|p2a: Virizion\n|-damage|p2a: Virizion|27/100 par\n|move|p2a: Virizion|Stone Edge|p1a: Stantler\n|-crit|p1a: Stantler\n|-damage|p1a: Stantler|0 fnt\n|faint|p1a: Stantler\n|-damage|p2a: Virizion|17/100 par|[from] item: Life Orb\n|\n|upkeep\n|inactive|Time left: 300 sec this turn | 300 sec total | 5 sec grace\n|\n|t:|1783569823\n|switch|p1a: Serperior|Serperior, L79, F, tera:Fire|122/248\n|turn|12\n|inactive|Time left: 300 sec this turn | 300 sec total\n|\n|t:|1783569824\n|move|p1a: Serperior|Leaf Storm|p2a: Virizion\n|-supereffective|p2a: Virizion\n|-damage|p2a: Virizion|0 fnt\n|-boost|p1a: Serperior|spa|2\n|faint|p2a: Virizion\n|\n|-heal|p1a: Serperior|137/248|[from] item: Leftovers\n|upkeep\n|\n|t:|1783569825\n|switch|p2a: Brute Bonnet|Brute Bonnet, L80|91/100\n|turn|13\n|inactive|Time left: 300 sec this turn | 300 sec total\n|\n|t:|1783569826\n|move|p1a: Serperior|Tera Blast|p2a: Brute Bonnet|[anim] Tera Blast Fire\n|-supereffective|p2a: Brute Bonnet\n|-damage|p2a: Brute Bonnet|15/100\n|move|p2a: Brute Bonnet|Crunch|p1a: Serperior\n|-damage|p1a: Serperior|35/248\n|-boost|p1a: Serperior|def|1\n|\n|-heal|p1a: Serperior|50/248|[from] item: Leftovers\n|-heal|p2a: Brute Bonnet|22/100|[from] item: Leftovers\n|upkeep\n|turn|14\n|inactive|Time left: 300 sec this turn | 300 sec total\n|\n|t:|1783569827\n|move|p2a: Brute Bonnet|Sucker Punch||[still]\n|-fail|p2a: Brute Bonnet\n|move|p1a: Serperior|Leech Seed|p2a: Brute Bonnet\n|-immune|p2a: Brute Bonnet\n|\n|-heal|p1a: Serperior|65/248|[from] item: Leftovers\n|-heal|p2a: Brute Bonnet|28/100|[from] item: Leftovers\n|upkeep\n|turn|15\n|inactive|Time left: 300 sec this turn | 300 sec total\n|\n|t:|1783569828\n|move|p2a: Brute Bonnet|Sucker Punch|p1a: Serperior\n|-damage|p1a: Serperior|4/248\n|move|p1a: Serperior|Leaf Storm|p2a: Brute Bonnet\n|-resisted|p2a: Brute Bonnet\n|-damage|p2a: Brute Bonnet|0 fnt\n|-boost|p1a: Serperior|spa|2\n|faint|p2a: Brute Bonnet\n|-end|p2a: Brute Bonnet|Protosynthesis|[silent]\n|\n|-heal|p1a: Serperior|19/248|[from] item: Leftovers\n|upkeep\n|\n|t:|1783569829\n|switch|p2a: Cinderace|Cinderace, L77, F|100/100\n|turn|16\n|inactive|Time left: 300 sec this turn | 300 sec total\n|\n|t:|1783569830\n|move|p2a: Cinderace|U-turn|p1a: Serperior\n|-start|p2a: Cinderace|typechange|Bug|[from] ability: Libero\n|-resisted|p1a: Serperior\n|-damage|p1a: Serperior|0 fnt\n|faint|p1a: Serperior\n|\n|t:|1783569831\n|switch|p2a: Alomomola|Alomomola, L87, M|100/100|[from] U-turn\n|\n|upkeep\n|inactive|Time left: 300 sec this turn | 300 sec total | 10 sec grace\n|\n|t:|1783569832\n|switch|p1a: Munkidori|Munkidori, L79, M|269/269\n|turn|17\n|inactive|Time left: 300 sec this turn | 300 sec total\n|\n|t:|1783569833\n|move|p1a: Munkidori|Nasty Plot|p1a: Munkidori\n|-boost|p1a: Munkidori|spa|2\n|move|p2a: Alomomola|Flip Turn|p1a: Munkidori\n|-damage|p1a: Munkidori|196/269\n|\n|t:|1783569834\n|switch|p2a: Cinderace|Cinderace, L77, F|100/100|[from] Flip Turn\n|\n|upkeep\n|turn|18\n|inactive|Time left: 300 sec this turn | 300 sec total\n|\n|t:|1783569835\n|move|p2a: Cinderace|U-turn|p1a: Munkidori\n|-start|p2a: Cinderace|typechange|Bug|[from] ability: Libero\n|-damage|p1a: Munkidori|106/269\n|\n|t:|1783569836\n|switch|p2a: Alomomola|Alomomola, L87, M|100/100|[from] U-turn\n|move|p1a: Munkidori|Sludge Wave|p2a: Alomomola\n|-damage|p2a: Alomomola|3/100\n|-damage|p1a: Munkidori|80/269|[from] item: Life Orb\n|\n|upkeep\n|turn|19\n|inactive|Time left: 300 sec this turn | 300 sec total\n|\n|t:|1783569837\n|move|p2a: Alomomola|Protect|p2a: Alomomola\n|-singleturn|p2a: Alomomola|Protect\n|move|p1a: Munkidori|Psyshock|p2a: Alomomola\n|-activate|p2a: Alomomola|move: Protect\n|\n|upkeep\n|turn|20\n|inactive|Time left: 300 sec this turn | 300 sec total\n|\n|t:|1783569838\n|move|p2a: Alomomola|Protect||[still]\n|-fail|p2a: Alomomola\n|move|p1a: Munkidori|Sludge Wave|p2a: Alomomola\n|-damage|p2a: Alomomola|0 fnt\n|faint|p2a: Alomomola\n|-damage|p1a: Munkidori|54/269|[from] item: Life Orb\n|\n|upkeep\n|\n|t:|1783569838\n|switch|p2a: Cinderace|Cinderace, L77, F|100/100\n|turn|21\n|inactive|Time left: 300 sec this turn | 300 sec total\n|\n|t:|1783569839\n|move|p2a: Cinderace|Pyro Ball|p1a: Munkidori|[miss]\n|-miss|p2a: Cinderace|p1a: Munkidori\n|move|p1a: Munkidori|Psyshock|p2a: Cinderace\n|-damage|p2a: Cinderace|0 fnt\n|faint|p2a: Cinderace\n|-damage|p1a: Munkidori|28/269|[from] item: Life Orb\n|\n|win|p0x2671ca5c", "uploadtime": 1783569839, "views": 0, "rating": 0, "private": 0, "password": null, "_winner": "p0x2671ca5c", "_our_name": "p0x2671ca5c"}