{"id": "battle-gen9randombattle-2820", "formatid": "gen9randombattle", "format": "[Gen 9] Random Battle", "players": ["p0x2820ca76", "p0y28208776"], "log": "|init|battle\n|title|p0x2820ca76 vs. p0y28208776\n|j|\u2606p0x2820ca76\n|j|\u2606p0y28208776\n|t:|1783572481\n|gametype|singles\n|player|p1|p0x2820ca76|102|\n|player|p2|p0y28208776|102|\n|gen|9\n|tier|[Gen 9] Random Battle\n|rule|Species Clause: Limit one of each Pok\u00e9mon\n|rule|HP Percentage Mod: HP is shown in percentages\n|rule|Sleep Clause Mod: Limit one foe put to sleep\n|rule|Illusion Level Mod: Illusion disguises the Pok\u00e9mon's true level\n|\n|t:|1783572481\n|teamsize|p1|6\n|teamsize|p2|6\n|start\n|switch|p1a: Tentacruel|Tentacruel, L84, F|272/272\n|switch|p2a: Eternatus|Eternatus, L69|100/100\n|-ability|p2a: Eternatus|Pressure\n|turn|1\n|inactive|Battle timer is ON: inactive players will automatically lose when time's up. (requested by p0y28208776)\n|inactive|Time left: 300 sec this turn | 300 sec total | 60 sec grace\n|inactive|p0x2820ca76 also wants the timer to be on.\n|\n|t:|1783572483\n|switch|p2a: Hariyama|Hariyama, L87, M|100/100\n|move|p1a: Tentacruel|Rapid Spin|p2a: Hariyama\n|-damage|p2a: Hariyama|91/100\n|-boost|p1a: Tentacruel|spe|1\n|\n|-status|p2a: Hariyama|brn|[from] item: Flame Orb\n|upkeep\n|turn|2\n|inactive|Time left: 300 sec this turn | 300 sec total\n|\n|t:|1783572484\n|switch|p1a: Salamence|Salamence, L77, F|273/273\n|-ability|p1a: Salamence|Intimidate|boost\n|-unboost|p2a: Hariyama|atk|1\n|move|p2a: Hariyama|Knock Off|p1a: Salamence\n|-damage|p1a: Salamence|173/273\n|-enditem|p1a: Salamence|Heavy-Duty Boots|[from] move: Knock Off|[of] p2a: Hariyama\n|\n|-damage|p2a: Hariyama|85/100 brn|[from] brn\n|upkeep\n|turn|3\n|inactive|Time left: 300 sec this turn | 300 sec total\n|\n|t:|1783572485\n|switch|p2a: Toxapex|Toxapex, L82, M|100/100\n|move|p1a: Salamence|Outrage|p2a: Toxapex\n|-damage|p2a: Toxapex|56/100\n|-damage|p1a: Salamence|128/273|[from] item: Rocky Helmet|[of] p2a: Toxapex\n|\n|upkeep\n|turn|4\n|inactive|Time left: 300 sec this turn | 300 sec total\n|\n|t:|1783572486\n|move|p1a: Salamence|Outrage|p2a: Toxapex|[from] lockedmove\n|-damage|p2a: Toxapex|13/100\n|-damage|p1a: Salamence|83/273|[from] item: Rocky Helmet|[of] p2a: Toxapex\n|-start|p1a: Salamence|confusion|[fatigue]\n|move|p2a: Toxapex|Recover|p2a: Toxapex\n|-heal|p2a: Toxapex|63/100\n|\n|upkeep\n|turn|5\n|inactive|Time left: 300 sec this turn | 300 sec total\n|\n|t:|1783572487\n|-activate|p1a: Salamence|confusion\n|-damage|p1a: Salamence|48/273|[from] confusion\n|move|p2a: Toxapex|Toxic|p1a: Salamence\n|-status|p1a: Salamence|tox\n|\n|-damage|p1a: Salamence|31/273 tox|[from] psn\n|upkeep\n|turn|6\n|inactive|Time left: 300 sec this turn | 300 sec total\n|\n|t:|1783572488\n|switch|p1a: Cacturne|Cacturne, L92, M|278/278\n|move|p2a: Toxapex|Recover|p2a: Toxapex\n|-heal|p2a: Toxapex|100/100\n|\n|upkeep\n|turn|7\n|inactive|Time left: 300 sec this turn | 300 sec total\n|\n|t:|1783572489\n|move|p1a: Cacturne|Swords Dance|p1a: Cacturne\n|-boost|p1a: Cacturne|atk|2\n|move|p2a: Toxapex|Toxic|p1a: Cacturne\n|-status|p1a: Cacturne|tox\n|\n|-damage|p1a: Cacturne|261/278 tox|[from] psn\n|upkeep\n|turn|8\n|inactive|Time left: 300 sec this turn | 300 sec total\n|\n|t:|1783572490\n|move|p1a: Cacturne|Knock Off|p2a: Toxapex\n|-damage|p2a: Toxapex|0 fnt\n|-damage|p1a: Cacturne|215/278 tox|[from] item: Rocky Helmet|[of] p2a: Toxapex\n|-enditem|p2a: Toxapex|Rocky Helmet|[from] move: Knock Off|[of] p1a: Cacturne\n|faint|p2a: Toxapex\n|-damage|p1a: Cacturne|188/278 tox|[from] item: Life Orb\n|\n|-damage|p1a: Cacturne|154/278 tox|[from] psn\n|upkeep\n|\n|t:|1783572491\n|switch|p2a: Gogoat|Gogoat, L88, F|100/100\n|turn|9\n|inactive|Time left: 300 sec this turn | 300 sec total\n|\n|t:|1783572492\n|move|p2a: Gogoat|Bulk Up|p2a: Gogoat\n|-boost|p2a: Gogoat|atk|1\n|-boost|p2a: Gogoat|def|1\n|move|p1a: Cacturne|Knock Off|p2a: Gogoat\n|-damage|p2a: Gogoat|18/100\n|-enditem|p2a: Gogoat|Leftovers|[from] move: Knock Off|[of] p1a: Cacturne\n|-damage|p1a: Cacturne|127/278 tox|[from] item: Life Orb\n|\n|-damage|p1a: Cacturne|76/278 tox|[from] psn\n|upkeep\n|turn|10\n|inactive|Time left: 300 sec this turn | 300 sec total\n|\n|t:|1783572493\n|move|p2a: Gogoat|Milk Drink|p2a: Gogoat\n|-heal|p2a: Gogoat|68/100\n|move|p1a: Cacturne|Knock Off|p2a: Gogoat\n|-damage|p2a: Gogoat|16/100\n|-damage|p1a: Cacturne|49/278 tox|[from] item: Life Orb\n|\n|-damage|p1a: Cacturne|0 fnt|[from] psn\n|faint|p1a: Cacturne\n|upkeep\n|inactive|Time left: 300 sec this turn | 300 sec total | 5 sec grace\n|\n|t:|1783572494\n|switch|p1a: Salamence|Salamence, L77, F|31/273 tox\n|-ability|p1a: Salamence|Intimidate|boost\n|-unboost|p2a: Gogoat|atk|1\n|turn|11\n|inactive|Time left: 300 sec this turn | 300 sec total\n|\n|t:|1783572495\n|move|p1a: Salamence|Outrage|p2a: Gogoat\n|-damage|p2a: Gogoat|0 fnt\n|faint|p2a: Gogoat\n|\n|-damage|p1a: Salamence|14/273 tox|[from] psn\n|upkeep\n|\n|t:|1783572496\n|switch|p2a: Inteleon|Inteleon, L81, M|100/100\n|turn|12\n|inactive|Time left: 300 sec this turn | 300 sec total\n|\n|t:|1783572497\n|move|p2a: Inteleon|U-turn|p1a: Salamence\n|-resisted|p1a: Salamence\n|-damage|p1a: Salamence|0 fnt\n|faint|p1a: Salamence\n|\n|t:|1783572498\n|switch|p2a: Hariyama|Hariyama, L87, M|85/100 brn|[from] U-turn\n|\n|-damage|p2a: Hariyama|79/100 brn|[from] brn\n|upkeep\n|inactive|Time left: 300 sec this turn | 300 sec total | 10 sec grace\n|\n|t:|1783572499\n|switch|p1a: Mew|Mew, L82|298/298\n|turn|13\n|inactive|Time left: 300 sec this turn | 300 sec total\n|\n|t:|1783572500\n|-terastallize|p2a: Hariyama|Normal\n|move|p1a: Mew|Psychic|p2a: Hariyama\n|-damage|p2a: Hariyama|43/100 brn\n|-damage|p1a: Mew|269/298|[from] item: Life Orb\n|move|p2a: Hariyama|Facade|p1a: Mew\n|-damage|p1a: Mew|14/298\n|\n|-damage|p2a: Hariyama|37/100 brn|[from] brn\n|upkeep\n|turn|14\n|inactive|Time left: 300 sec this turn | 300 sec total\n|\n|t:|1783572501\n|switch|p2a: Inteleon|Inteleon, L81, M|100/100\n|move|p1a: Mew|Psychic|p2a: Inteleon\n|-damage|p2a: Inteleon|37/100\n|-damage|p1a: Mew|0 fnt|[from] item: Life Orb\n|faint|p1a: Mew\n|\n|upkeep\n|inactive|Time left: 300 sec this turn | 300 sec total | 5 sec grace\n|\n|t:|1783572502\n|switch|p1a: Noctowl|Noctowl, L95, M|344/344\n|turn|15\n|inactive|Time left: 300 sec this turn | 300 sec total\n|\n|t:|1783572503\n|move|p2a: Inteleon|Ice Beam|p1a: Noctowl\n|-supereffective|p1a: Noctowl\n|-damage|p1a: Noctowl|160/344\n|move|p1a: Noctowl|Hyper Voice|p2a: Inteleon\n|-crit|p2a: Inteleon\n|-damage|p2a: Inteleon|0 fnt\n|faint|p2a: Inteleon\n|\n|upkeep\n|\n|t:|1783572504\n|switch|p2a: Regieleki|Regieleki, L79|100/100\n|turn|16\n|inactive|Time left: 300 sec this turn | 300 sec total\n|\n|t:|1783572505\n|-terastallize|p1a: Noctowl|Ground\n|move|p2a: Regieleki|Thunderbolt|p1a: Noctowl\n|-immune|p1a: Noctowl\n|move|p1a: Noctowl|Roost|p1a: Noctowl\n|-heal|p1a: Noctowl|332/344\n|\n|upkeep\n|turn|17\n|inactive|Time left: 300 sec this turn | 300 sec total\n|\n|t:|1783572506\n|switch|p2a: Eternatus|Eternatus, L69|100/100\n|-ability|p2a: Eternatus|Pressure\n|move|p1a: Noctowl|Calm Mind|p1a: Noctowl\n|-boost|p1a: Noctowl|spa|1\n|-boost|p1a: Noctowl|spd|1\n|\n|upkeep\n|turn|18\n|inactive|Time left: 300 sec this turn | 300 sec total\n|\n|t:|1783572507\n|move|p2a: Eternatus|Flamethrower|p1a: Noctowl\n|-damage|p1a: Noctowl|298/344\n|move|p1a: Noctowl|Hyper Voice|p2a: Eternatus\n|-damage|p2a: Eternatus|33/100\n|\n|-heal|p2a: Eternatus|39/100|[from] item: Leftovers\n|upkeep\n|turn|19\n|inactive|Time left: 300 sec this turn | 300 sec total\n|\n|t:|1783572508\n|move|p2a: Eternatus|Recover|p2a: Eternatus\n|-heal|p2a: Eternatus|89/100\n|move|p1a: Noctowl|Hyper Voice|p2a: Eternatus\n|-damage|p2a: Eternatus|28/100\n|\n|-heal|p2a: Eternatus|34/100|[from] item: Leftovers\n|upkeep\n|turn|20\n|inactive|Time left: 300 sec this turn | 300 sec total\n|\n|t:|1783572508\n|move|p2a: Eternatus|Recover|p2a: Eternatus\n|-heal|p2a: Eternatus|84/100\n|move|p1a: Noctowl|Hyper Voice|p2a: Eternatus\n|-damage|p2a: Eternatus|20/100\n|\n|-heal|p2a: Eternatus|26/100|[from] item: Leftovers\n|upkeep\n|turn|21\n|inactive|Time left: 300 sec this turn | 300 sec total\n|\n|t:|1783572509\n|move|p2a: Eternatus|Recover|p2a: Eternatus\n|-heal|p2a: Eternatus|76/100\n|move|p1a: Noctowl|Hyper Voice|p2a: Eternatus\n|-damage|p2a: Eternatus|12/100\n|\n|-heal|p2a: Eternatus|18/100|[from] item: Leftovers\n|upkeep\n|turn|22\n|inactive|Time left: 300 sec this turn | 300 sec total\n|\n|t:|1783572510\n|move|p2a: Eternatus|Recover|p2a: Eternatus\n|-heal|p2a: Eternatus|68/100\n|move|p1a: Noctowl|Hyper Voice|p2a: Eternatus\n|-damage|p2a: Eternatus|6/100\n|\n|-heal|p2a: Eternatus|12/100|[from] item: Leftovers\n|upkeep\n|turn|23\n|inactive|Time left: 300 sec this turn | 300 sec total\n|\n|t:|1783572511\n|move|p2a: Eternatus|Recover|p2a: Eternatus\n|-heal|p2a: Eternatus|62/100\n|move|p1a: Noctowl|Hyper Voice|p2a: Eternatus\n|-damage|p2a: Eternatus|3/100\n|\n|-heal|p2a: Eternatus|9/100|[from] item: Leftovers\n|upkeep\n|turn|24\n|inactive|Time left: 300 sec this turn | 300 sec total\n|\n|t:|1783572512\n|move|p2a: Eternatus|Recover|p2a: Eternatus\n|-heal|p2a: Eternatus|59/100\n|move|p1a: Noctowl|Hyper Voice|p2a: Eternatus\n|-damage|p2a: Eternatus|0 fnt\n|faint|p2a: Eternatus\n|\n|upkeep\n|\n|t:|1783572513\n|switch|p2a: Regieleki|Regieleki, L79|100/100\n|turn|25\n|inactive|Time left: 300 sec this turn | 300 sec total\n|\n|t:|1783572514\n|move|p2a: Regieleki|Volt Switch|p1a: Noctowl\n|-immune|p1a: Noctowl\n|move|p1a: Noctowl|Hurricane|p2a: Regieleki\n|-resisted|p2a: Regieleki\n|-damage|p2a: Regieleki|0 fnt\n|faint|p2a: Regieleki\n|\n|upkeep\n|\n|t:|1783572515\n|switch|p2a: Hariyama|Hariyama, L87, M, tera:Normal|37/100 brn\n|turn|26\n|inactive|Time left: 300 sec this turn | 300 sec total\n|\n|t:|1783572516\n|move|p1a: Noctowl|Hyper Voice|p2a: Hariyama\n|-damage|p2a: Hariyama|0 fnt\n|faint|p2a: Hariyama\n|\n|win|p0x2820ca76", "uploadtime": 1783572516, "views": 0, "rating": 0, "private": 0, "password": null, "_winner": "p0x2820ca76", "_our_name": "p0x2820ca76"}