{"id": "battle-gen9randombattle-671", "formatid": "gen9randombattle", "format": "[Gen 9] Random Battle", "players": ["p0x671ace2", "p0y6719aaa"], "log": "|init|battle\n|title|p0x671ace2 vs. p0y6719aaa\n|j|\u2606p0x671ace2\n|j|\u2606p0y6719aaa\n|t:|1783546914\n|gametype|singles\n|player|p1|p0x671ace2|1|\n|player|p2|p0y6719aaa|169|\n|gen|9\n|tier|[Gen 9] Random Battle\n|rule|Species Clause: Limit one of each Pok\u00e9mon\n|rule|HP Percentage Mod: HP is shown in percentages\n|rule|Sleep Clause Mod: Limit one foe put to sleep\n|rule|Illusion Level Mod: Illusion disguises the Pok\u00e9mon's true level\n|\n|t:|1783546914\n|teamsize|p1|6\n|teamsize|p2|6\n|start\n|switch|p1a: Alomomola|Alomomola, L87, M|100/100\n|switch|p2a: Shiftry|Shiftry, L89, F|305/305\n|turn|1\n|inactive|Battle timer is ON: inactive players will automatically lose when time's up. (requested by p0x671ace2)\n|inactive|Time left: 300 sec this turn | 300 sec total | 60 sec grace\n|inactive|p0y6719aaa also wants the timer to be on.\n|\n|t:|1783546916\n|switch|p1a: Luxray|Luxray, L88, M|100/100\n|move|p2a: Shiftry|Swords Dance|p2a: Shiftry\n|-boost|p2a: Shiftry|atk|2\n|\n|-status|p1a: Luxray|brn|[from] item: Flame Orb\n|upkeep\n|turn|2\n|inactive|Time left: 300 sec this turn | 300 sec total\n|\n|t:|1783546917\n|switch|p1a: Volcarona|Volcarona, L77, F|100/100\n|move|p2a: Shiftry|Knock Off|p1a: Volcarona\n|-damage|p1a: Volcarona|0 fnt\n|-enditem|p1a: Volcarona|Heavy-Duty Boots|[from] move: Knock Off|[of] p2a: Shiftry\n|faint|p1a: Volcarona\n|-damage|p2a: Shiftry|275/305|[from] item: Life Orb\n|\n|upkeep\n|\n|t:|1783546918\n|switch|p1a: Slowbro|Slowbro-Galar, L87, M|100/100\n|turn|3\n|inactive|Time left: 300 sec this turn | 300 sec total\n|\n|t:|1783546919\n|-terastallize|p1a: Slowbro|Poison\n|move|p2a: Shiftry|Knock Off|p1a: Slowbro\n|-damage|p1a: Slowbro|4/100\n|-enditem|p1a: Slowbro|Life Orb|[from] move: Knock Off|[of] p2a: Shiftry\n|-damage|p2a: Shiftry|245/305|[from] item: Life Orb\n|move|p1a: Slowbro|Shell Side Arm|p2a: Shiftry|[anim] Shell Side Arm Special\n|-supereffective|p2a: Shiftry\n|-damage|p2a: Shiftry|0 fnt\n|-hint|Special Shell Side Arm\n|faint|p2a: Shiftry\n|\n|upkeep\n|inactive|Time left: 300 sec this turn | 300 sec total | 5 sec grace\n|\n|t:|1783546920\n|switch|p2a: Abomasnow|Abomasnow, L84, M|287/287\n|-weather|Snowscape|[from] ability: Snow Warning|[of] p2a: Abomasnow\n|turn|4\n|inactive|Time left: 300 sec this turn | 300 sec total\n|\n|t:|1783546921\n|switch|p1a: Sudowoodo|Sudowoodo, L94, M|100/100\n|move|p2a: Abomasnow|Aurora Veil|p2a: Abomasnow\n|-sidestart|p2: p0y6719aaa|move: Aurora Veil\n|\n|-weather|Snowscape|[upkeep]\n|upkeep\n|turn|5\n|inactive|Time left: 300 sec this turn | 300 sec total\n|\n|t:|1783546922\n|move|p2a: Abomasnow|Blizzard|p1a: Sudowoodo\n|-damage|p1a: Sudowoodo|58/100\n|move|p1a: Sudowoodo|Head Smash|p2a: Abomasnow|[miss]\n|-miss|p1a: Sudowoodo|p2a: Abomasnow\n|\n|-weather|Snowscape|[upkeep]\n|upkeep\n|turn|6\n|inactive|Time left: 300 sec this turn | 300 sec total\n|\n|t:|1783546923\n|switch|p2a: Hippowdon|Hippowdon, L82, M|311/311\n|-weather|Sandstorm|[from] ability: Sand Stream|[of] p2a: Hippowdon\n|move|p1a: Sudowoodo|Head Smash|p2a: Hippowdon\n|-resisted|p2a: Hippowdon\n|-damage|p2a: Hippowdon|247/311\n|\n|-weather|Sandstorm|[upkeep]\n|-heal|p2a: Hippowdon|266/311|[from] item: Leftovers\n|upkeep\n|turn|7\n|inactive|Time left: 300 sec this turn | 300 sec total\n|\n|t:|1783546925\n|switch|p1a: Serperior|Serperior, L79, F|100/100\n|move|p2a: Hippowdon|Earthquake|p1a: Serperior\n|-resisted|p1a: Serperior\n|-damage|p1a: Serperior|78/100\n|\n|-weather|Sandstorm|[upkeep]\n|-damage|p1a: Serperior|72/100|[from] Sandstorm\n|-heal|p1a: Serperior|78/100|[from] item: Leftovers\n|-heal|p2a: Hippowdon|285/311|[from] item: Leftovers\n|upkeep\n|turn|8\n|inactive|Time left: 300 sec this turn | 300 sec total\n|\n|t:|1783546926\n|move|p1a: Serperior|Leaf Storm|p2a: Hippowdon\n|-supereffective|p2a: Hippowdon\n|-crit|p2a: Hippowdon\n|-damage|p2a: Hippowdon|0 fnt\n|-boost|p1a: Serperior|spa|2\n|faint|p2a: Hippowdon\n|\n|-weather|Sandstorm|[upkeep]\n|-damage|p1a: Serperior|72/100|[from] Sandstorm\n|-heal|p1a: Serperior|78/100|[from] item: Leftovers\n|upkeep\n|inactive|Time left: 300 sec this turn | 300 sec total | 5 sec grace\n|\n|t:|1783546927\n|switch|p2a: Veluza|Veluza, L85, F|292/292\n|turn|9\n|inactive|Time left: 300 sec this turn | 300 sec total\n|\n|t:|1783546928\n|move|p1a: Serperior|Leaf Storm|p2a: Veluza\n|-supereffective|p2a: Veluza\n|-damage|p2a: Veluza|61/292\n|-boost|p1a: Serperior|spa|2\n|move|p2a: Veluza|Psycho Cut|p1a: Serperior\n|-damage|p1a: Serperior|0 fnt\n|faint|p1a: Serperior\n|\n|-weather|Sandstorm|[upkeep]\n|-damage|p2a: Veluza|43/292|[from] Sandstorm\n|upkeep\n|\n|t:|1783546929\n|switch|p1a: Luxray|Luxray, L88, M|100/100 brn\n|turn|10\n|inactive|Time left: 300 sec this turn | 300 sec total\n|\n|t:|1783546930\n|switch|p2a: Bisharp|Bisharp, L79, F|232/232\n|move|p1a: Luxray|Trailblaze|p2a: Bisharp\n|-resisted|p2a: Bisharp\n|-damage|p2a: Bisharp|222/232\n|-boost|p1a: Luxray|spe|1\n|\n|-weather|none\n|-damage|p1a: Luxray|94/100 brn|[from] brn\n|upkeep\n|turn|11\n|inactive|Time left: 300 sec this turn | 300 sec total\n|\n|t:|1783546931\n|move|p1a: Luxray|Supercell Slam|p2a: Bisharp\n|-damage|p2a: Bisharp|156/232\n|move|p2a: Bisharp|Swords Dance|p2a: Bisharp\n|-boost|p2a: Bisharp|atk|2\n|\n|-damage|p1a: Luxray|88/100 brn|[from] brn\n|-sideend|p2: p0y6719aaa|move: Aurora Veil\n|upkeep\n|turn|12\n|inactive|Time left: 300 sec this turn | 300 sec total\n|\n|t:|1783546932\n|move|p1a: Luxray|Supercell Slam|p2a: Bisharp\n|-damage|p2a: Bisharp|21/232\n|move|p2a: Bisharp|Throat Chop|p1a: Luxray\n|-damage|p1a: Luxray|25/100 brn\n|-start|p1a: Luxray|Throat Chop|[silent]\n|\n|-damage|p1a: Luxray|19/100 brn|[from] brn\n|upkeep\n|turn|13\n|inactive|Time left: 300 sec this turn | 300 sec total\n|\n|t:|1783546933\n|switch|p1a: Alomomola|Alomomola, L87, M|100/100\n|move|p2a: Bisharp|Sucker Punch||[still]\n|-fail|p2a: Bisharp\n|\n|upkeep\n|turn|14\n|inactive|Time left: 300 sec this turn | 300 sec total\n|\n|t:|1783546934\n|switch|p2a: Abomasnow|Abomasnow, L84, M|287/287\n|-weather|Snowscape|[from] ability: Snow Warning|[of] p2a: Abomasnow\n|move|p1a: Alomomola|Flip Turn|p2a: Abomasnow\n|-resisted|p2a: Abomasnow\n|-damage|p2a: Abomasnow|266/287\n|\n|t:|1783546935\n|switch|p1a: Slowbro|Slowbro-Galar, L87, M, tera:Poison|37/100|[from] Flip Turn\n|\n|-weather|Snowscape|[upkeep]\n|upkeep\n|turn|15\n|inactive|Time left: 300 sec this turn | 300 sec total\n|\n|t:|1783546936\n|switch|p1a: Alomomola|Alomomola, L87, M|100/100\n|move|p2a: Abomasnow|Earthquake|p1a: Alomomola\n|-damage|p1a: Alomomola|85/100\n|\n|-weather|Snowscape|[upkeep]\n|-heal|p1a: Alomomola|91/100|[from] item: Leftovers\n|upkeep\n|turn|16\n|inactive|Time left: 300 sec this turn | 300 sec total\n|\n|t:|1783546937\n|move|p1a: Alomomola|Scald|p2a: Abomasnow\n|-resisted|p2a: Abomasnow\n|-damage|p2a: Abomasnow|243/287\n|move|p2a: Abomasnow|Aurora Veil|p2a: Abomasnow\n|-sidestart|p2: p0y6719aaa|move: Aurora Veil\n|\n|-weather|Snowscape|[upkeep]\n|-heal|p1a: Alomomola|97/100|[from] item: Leftovers\n|upkeep\n|turn|17\n|inactive|Time left: 300 sec this turn | 300 sec total\n|\n|t:|1783546938\n|switch|p2a: Mismagius|Mismagius, L86, M|243/243\n|move|p1a: Alomomola|Wish|p1a: Alomomola\n|\n|-weather|Snowscape|[upkeep]\n|-heal|p1a: Alomomola|100/100|[from] item: Leftovers\n|upkeep\n|turn|18\n|inactive|Time left: 300 sec this turn | 300 sec total\n|\n|t:|1783546939\n|move|p2a: Mismagius|Nasty Plot|p2a: Mismagius\n|-boost|p2a: Mismagius|spa|2\n|move|p1a: Alomomola|Flip Turn|p2a: Mismagius\n|-damage|p2a: Mismagius|205/243\n|\n|t:|1783546941\n|switch|p1a: Luxray|Luxray, L88, M|19/100 brn|[from] Flip Turn\n|\n|-weather|none\n|-heal|p1a: Luxray|94/100 brn|[from] move: Wish|[wisher] Alomomola\n|-heal|p2a: Mismagius|220/243|[from] item: Leftovers\n|-damage|p1a: Luxray|88/100 brn|[from] brn\n|upkeep\n|turn|19\n|inactive|Time left: 300 sec this turn | 300 sec total\n|\n|t:|1783546942\n|move|p2a: Mismagius|Shadow Ball|p1a: Luxray\n|-damage|p1a: Luxray|13/100 brn\n|move|p1a: Luxray|Throat Chop|p2a: Mismagius\n|-supereffective|p2a: Mismagius\n|-damage|p2a: Mismagius|74/243\n|-start|p2a: Mismagius|Throat Chop|[silent]\n|\n|-heal|p2a: Mismagius|89/243|[from] item: Leftovers\n|-damage|p1a: Luxray|7/100 brn|[from] brn\n|upkeep\n|turn|20\n|inactive|Time left: 300 sec this turn | 300 sec total\n|\n|t:|1783546943\n|switch|p1a: Alomomola|Alomomola, L87, M|100/100\n|move|p2a: Mismagius|Shadow Ball|p1a: Alomomola\n|-damage|p1a: Alomomola|31/100\n|\n|-heal|p2a: Mismagius|104/243|[from] item: Leftovers\n|-heal|p1a: Alomomola|37/100|[from] item: Leftovers\n|-end|p2a: Mismagius|Throat Chop|[silent]\n|upkeep\n|turn|21\n|inactive|Time left: 300 sec this turn | 300 sec total\n|\n|t:|1783546944\n|move|p1a: Alomomola|Protect|p1a: Alomomola\n|-singleturn|p1a: Alomomola|Protect\n|move|p2a: Mismagius|Shadow Ball|p1a: Alomomola\n|-activate|p1a: Alomomola|move: Protect\n|\n|-heal|p2a: Mismagius|119/243|[from] item: Leftovers\n|-heal|p1a: Alomomola|43/100|[from] item: Leftovers\n|upkeep\n|turn|22\n|inactive|Time left: 300 sec this turn | 300 sec total\n|\n|t:|1783546944\n|switch|p1a: Slowbro|Slowbro-Galar, L87, M, tera:Poison|71/100\n|move|p2a: Mismagius|Shadow Ball|p1a: Slowbro\n|-damage|p1a: Slowbro|0 fnt\n|faint|p1a: Slowbro\n|\n|-heal|p2a: Mismagius|134/243|[from] item: Leftovers\n|upkeep\n|\n|t:|1783546945\n|switch|p1a: Alomomola|Alomomola, L87, M|77/100\n|turn|23\n|inactive|Time left: 300 sec this turn | 300 sec total\n|\n|t:|1783546946\n|move|p1a: Alomomola|Protect|p1a: Alomomola\n|-singleturn|p1a: Alomomola|Protect\n|move|p2a: Mismagius|Shadow Ball|p1a: Alomomola\n|-activate|p1a: Alomomola|move: Protect\n|\n|-heal|p2a: Mismagius|149/243|[from] item: Leftovers\n|-heal|p1a: Alomomola|83/100|[from] item: Leftovers\n|-sideend|p2: p0y6719aaa|move: Aurora Veil\n|upkeep\n|turn|24\n|inactive|Time left: 300 sec this turn | 300 sec total\n|\n|t:|1783546947\n|move|p2a: Mismagius|Shadow Ball|p1a: Alomomola\n|-damage|p1a: Alomomola|20/100\n|move|p1a: Alomomola|Flip Turn|p2a: Mismagius\n|-damage|p2a: Mismagius|73/243\n|\n|t:|1783546947\n|switch|p1a: Sudowoodo|Sudowoodo, L94, M|58/100|[from] Flip Turn\n|\n|-heal|p2a: Mismagius|88/243|[from] item: Leftovers\n|upkeep\n|turn|25\n|inactive|Time left: 300 sec this turn | 300 sec total\n|\n|t:|1783546948\n|-terastallize|p2a: Mismagius|Fighting\n|move|p1a: Sudowoodo|Sucker Punch|p2a: Mismagius\n|-resisted|p2a: Mismagius\n|-damage|p2a: Mismagius|27/243\n|move|p2a: Mismagius|Shadow Ball|p1a: Sudowoodo\n|-damage|p1a: Sudowoodo|0 fnt\n|faint|p1a: Sudowoodo\n|\n|-heal|p2a: Mismagius|42/243|[from] item: Leftovers\n|upkeep\n|\n|t:|1783546949\n|switch|p1a: Alomomola|Alomomola, L87, M|54/100\n|turn|26\n|inactive|Time left: 300 sec this turn | 300 sec total\n|\n|t:|1783546949\n|switch|p1a: Luxray|Luxray, L88, M|7/100 brn\n|move|p2a: Mismagius|Tera Blast|p1a: Luxray|[anim] Tera Blast Fighting\n|-damage|p1a: Luxray|0 fnt\n|faint|p1a: Luxray\n|\n|-heal|p2a: Mismagius|57/243|[from] item: Leftovers\n|upkeep\n|\n|t:|1783546950\n|switch|p1a: Alomomola|Alomomola, L87, M|87/100\n|turn|27\n|inactive|Time left: 300 sec this turn | 300 sec total\n|\n|t:|1783546951\n|move|p1a: Alomomola|Protect|p1a: Alomomola\n|-singleturn|p1a: Alomomola|Protect\n|move|p2a: Mismagius|Tera Blast|p1a: Alomomola|[anim] Tera Blast Fighting\n|-activate|p1a: Alomomola|move: Protect\n|\n|-heal|p2a: Mismagius|72/243|[from] item: Leftovers\n|-heal|p1a: Alomomola|93/100|[from] item: Leftovers\n|upkeep\n|turn|28\n|inactive|Time left: 300 sec this turn | 300 sec total\n|\n|t:|1783546952\n|move|p2a: Mismagius|Tera Blast|p1a: Alomomola|[anim] Tera Blast Fighting\n|-damage|p1a: Alomomola|23/100\n|move|p1a: Alomomola|Flip Turn|p2a: Mismagius\n|-damage|p2a: Mismagius|0 fnt\n|faint|p2a: Mismagius\n|\n|-heal|p1a: Alomomola|29/100|[from] item: Leftovers\n|upkeep\n|inactive|Time left: 300 sec this turn | 300 sec total | 5 sec grace\n|\n|t:|1783546953\n|switch|p2a: Veluza|Veluza, L85, F|43/292\n|turn|29\n|inactive|Time left: 300 sec this turn | 300 sec total\n|\n|t:|1783546954\n|move|p1a: Alomomola|Protect|p1a: Alomomola\n|-singleturn|p1a: Alomomola|Protect\n|move|p2a: Veluza|Psycho Cut|p1a: Alomomola\n|-activate|p1a: Alomomola|move: Protect\n|\n|-heal|p1a: Alomomola|35/100|[from] item: Leftovers\n|upkeep\n|turn|30\n|inactive|Time left: 300 sec this turn | 300 sec total\n|\n|t:|1783546955\n|move|p2a: Veluza|Psycho Cut|p1a: Alomomola\n|-damage|p1a: Alomomola|0 fnt\n|faint|p1a: Alomomola\n|\n|win|p0y6719aaa", "uploadtime": 1783546955, "views": 0, "rating": 0, "private": 0, "password": null, "_winner": "p0y6719aaa", "_our_name": "p0y6719aaa"}