{"id": "battle-gen9randombattle-2620", "formatid": "gen9randombattle", "format": "[Gen 9] Random Battle", "players": ["p0x26203ec0", "p0y2620d631"], "log": "|init|battle\n|title|p0x26203ec0 vs. p0y2620d631\n|j|\u2606p0x26203ec0\n|j|\u2606p0y2620d631\n|t:|1783570257\n|gametype|singles\n|player|p1|p0x26203ec0|169|\n|player|p2|p0y2620d631|102|\n|gen|9\n|tier|[Gen 9] Random Battle\n|rule|Species Clause: Limit one of each Pok\u00e9mon\n|rule|HP Percentage Mod: HP is shown in percentages\n|rule|Sleep Clause Mod: Limit one foe put to sleep\n|rule|Illusion Level Mod: Illusion disguises the Pok\u00e9mon's true level\n|\n|t:|1783570257\n|teamsize|p1|6\n|teamsize|p2|6\n|start\n|switch|p1a: Grumpig|Grumpig, L92, M|297/297\n|switch|p2a: Corviknight|Corviknight, L80, M|100/100\n|-ability|p2a: Corviknight|Pressure\n|turn|1\n|inactive|Battle timer is ON: inactive players will automatically lose when time's up. (requested by p0x26203ec0)\n|\n|t:|1783570259\n|move|p1a: Grumpig|Nasty Plot|p1a: Grumpig\n|-boost|p1a: Grumpig|spa|2\n|move|p2a: Corviknight|U-turn|p1a: Grumpig\n|-supereffective|p1a: Grumpig\n|-damage|p1a: Grumpig|205/297\n|inactive|p0y2620d631 also wants the timer to be on.\n|\n|t:|1783570260\n|switch|p2a: Flareon|Flareon, L90, F|100/100|[from] U-turn\n|\n|-heal|p1a: Grumpig|223/297|[from] item: Leftovers\n|-status|p2a: Flareon|tox|[from] item: Toxic Orb\n|upkeep\n|turn|2\n|inactive|Time left: 300 sec this turn | 300 sec total\n|\n|t:|1783570261\n|move|p1a: Grumpig|Psyshock|p2a: Flareon\n|-damage|p2a: Flareon|9/100 tox\n|move|p2a: Flareon|Facade|p1a: Grumpig\n|-damage|p1a: Grumpig|0 fnt\n|faint|p1a: Grumpig\n|\n|-damage|p2a: Flareon|3/100 tox|[from] psn\n|upkeep\n|inactive|Time left: 300 sec this turn | 300 sec total | 5 sec grace\n|\n|t:|1783570262\n|switch|p1a: Garganacl|Garganacl, L80, M|291/291\n|turn|3\n|inactive|Time left: 300 sec this turn | 300 sec total\n|\n|t:|1783570263\n|switch|p2a: Hydrapple|Hydrapple, L83, M|100/100\n|move|p1a: Garganacl|Stealth Rock|p2a: Hydrapple\n|-sidestart|p2: p0y2620d631|move: Stealth Rock\n|\n|upkeep\n|turn|4\n|inactive|Time left: 300 sec this turn | 300 sec total\n|\n|t:|1783570264\n|switch|p1a: Clefable|Clefable, L83, M|293/293\n|move|p2a: Hydrapple|Fickle Beam|p1a: Clefable\n|-immune|p1a: Clefable\n|\n|upkeep\n|turn|5\n|inactive|Time left: 300 sec this turn | 300 sec total\n|\n|t:|1783570266\n|move|p1a: Clefable|Calm Mind|p1a: Clefable\n|-boost|p1a: Clefable|spa|1\n|-boost|p1a: Clefable|spd|1\n|move|p2a: Hydrapple|Earth Power|p1a: Clefable\n|-damage|p1a: Clefable|239/293\n|\n|-heal|p1a: Clefable|257/293|[from] item: Leftovers\n|upkeep\n|turn|6\n|inactive|Time left: 300 sec this turn | 300 sec total\n|\n|t:|1783570267\n|move|p1a: Clefable|Moonblast|p2a: Hydrapple\n|-supereffective|p2a: Hydrapple\n|-damage|p2a: Hydrapple|33/100\n|-unboost|p2a: Hydrapple|spa|1\n|move|p2a: Hydrapple|Giga Drain|p1a: Clefable\n|-damage|p1a: Clefable|199/293\n|-heal|p2a: Hydrapple|42/100|[from] drain|[of] p1a: Clefable\n|\n|-heal|p1a: Clefable|217/293|[from] item: Leftovers\n|upkeep\n|turn|7\n|inactive|Time left: 300 sec this turn | 300 sec total\n|\n|t:|1783570268\n|switch|p2a: Corviknight|Corviknight, L80, M|100/100\n|-damage|p2a: Corviknight|88/100|[from] Stealth Rock\n|-ability|p2a: Corviknight|Pressure\n|move|p1a: Clefable|Moonblast|p2a: Corviknight\n|-resisted|p2a: Corviknight\n|-damage|p2a: Corviknight|60/100\n|\n|-heal|p2a: Corviknight|66/100|[from] item: Leftovers\n|-heal|p1a: Clefable|235/293|[from] item: Leftovers\n|upkeep\n|turn|8\n|inactive|Time left: 300 sec this turn | 300 sec total\n|\n|t:|1783570270\n|move|p2a: Corviknight|Defog|p1a: Clefable\n|-unboost|p1a: Clefable|evasion|1\n|-sideend|p2: p0y2620d631|Stealth Rock|[from] move: Defog|[of] p2a: Corviknight\n|move|p1a: Clefable|Fire Blast|p2a: Corviknight\n|-supereffective|p2a: Corviknight\n|-damage|p2a: Corviknight|0 fnt\n|faint|p2a: Corviknight\n|\n|-heal|p1a: Clefable|253/293|[from] item: Leftovers\n|upkeep\n|\n|t:|1783570271\n|switch|p2a: Flareon|Flareon, L90, F|3/100 tox\n|turn|9\n|inactive|Time left: 300 sec this turn | 300 sec total\n|\n|t:|1783570272\n|switch|p1a: Garganacl|Garganacl, L80, M|291/291\n|move|p2a: Flareon|Flare Blitz|p1a: Garganacl\n|-resisted|p1a: Garganacl\n|-damage|p1a: Garganacl|191/291\n|-damage|p2a: Flareon|0 fnt|[from] Recoil\n|faint|p2a: Flareon\n|\n|-heal|p1a: Garganacl|209/291|[from] item: Leftovers\n|upkeep\n|\n|t:|1783570273\n|switch|p2a: Iron Crown|Iron Crown, L78|100/100\n|turn|10\n|inactive|Time left: 300 sec this turn | 300 sec total\n|\n|t:|1783570274\n|switch|p1a: Iron Hands|Iron Hands, L79|373/373\n|move|p2a: Iron Crown|Tachyon Cutter|p1a: Iron Hands\n|-resisted|p1a: Iron Hands\n|-damage|p1a: Iron Hands|336/373\n|-resisted|p1a: Iron Hands\n|-damage|p1a: Iron Hands|300/373\n|-hitcount|p1a: Iron Hands|2\n|\n|-heal|p1a: Iron Hands|323/373|[from] item: Leftovers\n|upkeep\n|turn|11\n|inactive|Time left: 300 sec this turn | 300 sec total\n|\n|t:|1783570275\n|move|p2a: Iron Crown|Psyshock|p1a: Iron Hands\n|-supereffective|p1a: Iron Hands\n|-damage|p1a: Iron Hands|155/373\n|move|p1a: Iron Hands|Swords Dance|p1a: Iron Hands\n|-boost|p1a: Iron Hands|atk|2\n|\n|-heal|p1a: Iron Hands|178/373|[from] item: Leftovers\n|upkeep\n|turn|12\n|inactive|Time left: 300 sec this turn | 300 sec total\n|\n|t:|1783570276\n|move|p2a: Iron Crown|Psyshock|p1a: Iron Hands\n|-supereffective|p1a: Iron Hands\n|-crit|p1a: Iron Hands\n|-damage|p1a: Iron Hands|0 fnt\n|faint|p1a: Iron Hands\n|-end|p1a: Iron Hands|Quark Drive|[silent]\n|\n|upkeep\n|inactive|Time left: 300 sec this turn | 300 sec total | 5 sec grace\n|\n|t:|1783570277\n|switch|p1a: Sandy Shocks|Sandy Shocks, L80|267/267\n|turn|13\n|inactive|Time left: 300 sec this turn | 300 sec total\n|\n|t:|1783570278\n|-end|p2a: Iron Crown|Quark Drive|[silent]\n|switch|p2a: Hydrapple|Hydrapple, L83, M|76/100\n|move|p1a: Sandy Shocks|Earth Power|p2a: Hydrapple\n|-resisted|p2a: Hydrapple\n|-damage|p2a: Hydrapple|62/100\n|\n|upkeep\n|turn|14\n|inactive|Time left: 300 sec this turn | 300 sec total\n|\n|t:|1783570279\n|-end|p1a: Sandy Shocks|Protosynthesis|[silent]\n|switch|p1a: Clefable|Clefable, L83, M|253/293\n|move|p2a: Hydrapple|Giga Drain|p1a: Clefable\n|-crit|p1a: Clefable\n|-damage|p1a: Clefable|121/293\n|-heal|p2a: Hydrapple|84/100|[from] drain|[of] p1a: Clefable\n|\n|-heal|p1a: Clefable|139/293|[from] item: Leftovers\n|upkeep\n|turn|15\n|inactive|Time left: 300 sec this turn | 300 sec total\n|\n|t:|1783570280\n|switch|p2a: Iron Crown|Iron Crown, L78|100/100\n|move|p1a: Clefable|Calm Mind|p1a: Clefable\n|-boost|p1a: Clefable|spa|1\n|-boost|p1a: Clefable|spd|1\n|\n|-heal|p1a: Clefable|157/293|[from] item: Leftovers\n|upkeep\n|turn|16\n|inactive|Time left: 300 sec this turn | 300 sec total\n|\n|t:|1783570280\n|-terastallize|p1a: Clefable|Fire\n|move|p2a: Iron Crown|Tachyon Cutter|p1a: Clefable\n|-resisted|p1a: Clefable\n|-damage|p1a: Clefable|138/293\n|-resisted|p1a: Clefable\n|-damage|p1a: Clefable|118/293\n|-hitcount|p1a: Clefable|2\n|move|p1a: Clefable|Fire Blast|p2a: Iron Crown\n|-supereffective|p2a: Iron Crown\n|-damage|p2a: Iron Crown|0 fnt\n|faint|p2a: Iron Crown\n|-end|p2a: Iron Crown|Quark Drive|[silent]\n|\n|-heal|p1a: Clefable|136/293|[from] item: Leftovers\n|upkeep\n|\n|t:|1783570281\n|switch|p2a: Hydrapple|Hydrapple, L83, M|100/100\n|turn|17\n|inactive|Time left: 300 sec this turn | 300 sec total\n|\n|t:|1783570282\n|move|p1a: Clefable|Moonblast|p2a: Hydrapple\n|-supereffective|p2a: Hydrapple\n|-damage|p2a: Hydrapple|33/100\n|move|p2a: Hydrapple|Dragon Tail|p1a: Clefable|[miss]\n|-miss|p2a: Hydrapple|p1a: Clefable\n|\n|-heal|p1a: Clefable|154/293|[from] item: Leftovers\n|upkeep\n|turn|18\n|inactive|Time left: 300 sec this turn | 300 sec total\n|\n|t:|1783570283\n|switch|p2a: Hoopa|Hoopa, L85|100/100\n|move|p1a: Clefable|Moonblast|p2a: Hoopa\n|-damage|p2a: Hoopa|64/100\n|\n|-heal|p1a: Clefable|172/293|[from] item: Leftovers\n|upkeep\n|turn|19\n|inactive|Time left: 300 sec this turn | 300 sec total\n|\n|t:|1783570284\n|move|p2a: Hoopa|Psychic|p1a: Clefable\n|-damage|p1a: Clefable|87/293\n|-unboost|p1a: Clefable|spd|1\n|move|p1a: Clefable|Moonlight|p1a: Clefable\n|-heal|p1a: Clefable|233/293\n|\n|-heal|p1a: Clefable|251/293|[from] item: Leftovers\n|upkeep\n|turn|20\n|inactive|Time left: 300 sec this turn | 300 sec total\n|\n|t:|1783570285\n|move|p2a: Hoopa|Psychic|p1a: Clefable\n|-damage|p1a: Clefable|103/293\n|move|p1a: Clefable|Moonlight|p1a: Clefable\n|-heal|p1a: Clefable|249/293\n|\n|-heal|p1a: Clefable|267/293|[from] item: Leftovers\n|upkeep\n|turn|21\n|inactive|Time left: 300 sec this turn | 300 sec total\n|\n|t:|1783570286\n|move|p2a: Hoopa|Psychic|p1a: Clefable\n|-damage|p1a: Clefable|138/293\n|move|p1a: Clefable|Moonlight|p1a: Clefable\n|-heal|p1a: Clefable|284/293\n|\n|-heal|p1a: Clefable|293/293|[from] item: Leftovers\n|upkeep\n|turn|22\n|inactive|Time left: 300 sec this turn | 300 sec total\n|\n|t:|1783570288\n|move|p2a: Hoopa|Psychic|p1a: Clefable\n|-damage|p1a: Clefable|145/293\n|move|p1a: Clefable|Calm Mind|p1a: Clefable\n|-boost|p1a: Clefable|spa|1\n|-boost|p1a: Clefable|spd|1\n|\n|-heal|p1a: Clefable|163/293|[from] item: Leftovers\n|upkeep\n|turn|23\n|inactive|Time left: 300 sec this turn | 300 sec total\n|\n|t:|1783570289\n|move|p2a: Hoopa|Psychic|p1a: Clefable\n|-damage|p1a: Clefable|75/293\n|move|p1a: Clefable|Moonlight|p1a: Clefable\n|-heal|p1a: Clefable|221/293\n|\n|-heal|p1a: Clefable|239/293|[from] item: Leftovers\n|upkeep\n|turn|24\n|inactive|Time left: 300 sec this turn | 300 sec total\n|\n|t:|1783570290\n|move|p2a: Hoopa|Psychic|p1a: Clefable\n|-damage|p1a: Clefable|151/293\n|move|p1a: Clefable|Moonlight|p1a: Clefable\n|-heal|p1a: Clefable|293/293\n|\n|upkeep\n|turn|25\n|inactive|Time left: 300 sec this turn | 300 sec total\n|\n|t:|1783570291\n|move|p2a: Hoopa|Psychic|p1a: Clefable\n|-damage|p1a: Clefable|197/293\n|move|p1a: Clefable|Moonblast|p2a: Hoopa\n|-damage|p2a: Hoopa|13/100\n|-unboost|p2a: Hoopa|spa|1\n|\n|-heal|p1a: Clefable|215/293|[from] item: Leftovers\n|upkeep\n|turn|26\n|inactive|Time left: 300 sec this turn | 300 sec total\n|\n|t:|1783570293\n|move|p2a: Hoopa|Psychic|p1a: Clefable\n|-damage|p1a: Clefable|119/293\n|move|p1a: Clefable|Moonlight|p1a: Clefable\n|-heal|p1a: Clefable|265/293\n|\n|-heal|p1a: Clefable|283/293|[from] item: Leftovers\n|upkeep\n|turn|27\n|inactive|Time left: 300 sec this turn | 300 sec total\n|\n|t:|1783570294\n|move|p2a: Hoopa|Psychic|p1a: Clefable\n|-damage|p1a: Clefable|189/293\n|move|p1a: Clefable|Moonblast|p2a: Hoopa\n|-damage|p2a: Hoopa|0 fnt\n|faint|p2a: Hoopa\n|\n|-heal|p1a: Clefable|207/293|[from] item: Leftovers\n|upkeep\n|\n|t:|1783570295\n|switch|p2a: Hydrapple|Hydrapple, L83, M|67/100\n|turn|28\n|inactive|Time left: 300 sec this turn | 300 sec total\n|\n|t:|1783570296\n|-terastallize|p2a: Hydrapple|Steel\n|move|p1a: Clefable|Moonblast|p2a: Hydrapple\n|-resisted|p2a: Hydrapple\n|-damage|p2a: Hydrapple|44/100\n|move|p2a: Hydrapple|Dragon Tail|p1a: Clefable\n|-damage|p1a: Clefable|138/293\n|drag|p1a: Sandy Shocks|Sandy Shocks, L80|267/267\n|\n|upkeep\n|turn|29\n|inactive|Time left: 300 sec this turn | 300 sec total\n|\n|t:|1783570297\n|switch|p2a: Regice|Regice, L88|100/100\n|move|p1a: Sandy Shocks|Earth Power|p2a: Regice\n|-damage|p2a: Regice|82/100\n|\n|upkeep\n|turn|30\n|inactive|Time left: 300 sec this turn | 300 sec total\n|\n|t:|1783570298\n|-end|p1a: Sandy Shocks|Protosynthesis|[silent]\n|switch|p1a: Clefable|Clefable, L83, M, tera:Fire|138/293\n|switch|p2a: Hydrapple|Hydrapple, L83, M, tera:Steel|77/100\n|\n|-heal|p1a: Clefable|156/293|[from] item: Leftovers\n|upkeep\n|turn|31\n|inactive|Time left: 300 sec this turn | 300 sec total\n|\n|t:|1783570299\n|move|p1a: Clefable|Fire Blast|p2a: Hydrapple\n|-supereffective|p2a: Hydrapple\n|-crit|p2a: Hydrapple\n|-damage|p2a: Hydrapple|0 fnt\n|faint|p2a: Hydrapple\n|\n|-heal|p1a: Clefable|174/293|[from] item: Leftovers\n|upkeep\n|\n|t:|1783570299\n|switch|p2a: Regice|Regice, L88|82/100\n|turn|32\n|inactive|Time left: 300 sec this turn | 300 sec total\n|\n|t:|1783570300\n|move|p1a: Clefable|Calm Mind|p1a: Clefable\n|-boost|p1a: Clefable|spa|1\n|-boost|p1a: Clefable|spd|1\n|move|p2a: Regice|Thunderbolt|p1a: Clefable\n|-damage|p1a: Clefable|125/293\n|\n|-heal|p1a: Clefable|143/293|[from] item: Leftovers\n|upkeep\n|turn|33\n|inactive|Time left: 300 sec this turn | 300 sec total\n|\n|t:|1783570301\n|move|p1a: Clefable|Fire Blast|p2a: Regice\n|-supereffective|p2a: Regice\n|-damage|p2a: Regice|25/100\n|move|p2a: Regice|Rest|p2a: Regice\n|-status|p2a: Regice|slp|[from] move: Rest\n|-heal|p2a: Regice|100/100 slp|[silent]\n|\n|-heal|p1a: Clefable|161/293|[from] item: Leftovers\n|upkeep\n|turn|34\n|inactive|Time left: 300 sec this turn | 300 sec total\n|\n|t:|1783570302\n|move|p1a: Clefable|Fire Blast|p2a: Regice|[miss]\n|-miss|p1a: Clefable|p2a: Regice\n|cant|p2a: Regice|slp\n|move|p2a: Regice|Sleep Talk|p2a: Regice\n|move|p2a: Regice|Ice Beam|p1a: Clefable|[from] move: Sleep Talk\n|-resisted|p1a: Clefable\n|-damage|p1a: Clefable|125/293\n|\n|-heal|p1a: Clefable|143/293|[from] item: Leftovers\n|upkeep\n|turn|35\n|inactive|Time left: 300 sec this turn | 300 sec total\n|\n|t:|1783570303\n|move|p1a: Clefable|Fire Blast|p2a: Regice\n|-supereffective|p2a: Regice\n|-damage|p2a: Regice|39/100 slp\n|cant|p2a: Regice|slp\n|move|p2a: Regice|Sleep Talk|p2a: Regice\n|move|p2a: Regice|Thunderbolt|p1a: Clefable|[from] move: Sleep Talk\n|-damage|p1a: Clefable|95/293\n|\n|-heal|p1a: Clefable|113/293|[from] item: Leftovers\n|upkeep\n|turn|36\n|inactive|Time left: 300 sec this turn | 300 sec total\n|\n|t:|1783570304\n|move|p1a: Clefable|Fire Blast|p2a: Regice\n|-supereffective|p2a: Regice\n|-damage|p2a: Regice|0 fnt\n|faint|p2a: Regice\n|\n|win|p0x26203ec0", "uploadtime": 1783570304, "views": 0, "rating": 0, "private": 0, "password": null, "_winner": "p0x26203ec0", "_our_name": "p0x26203ec0"}