{"id": "battle-gen9randombattle-1490", "formatid": "gen9randombattle", "format": "[Gen 9] Random Battle", "players": ["p0x14906899", "p0y1490c24c"], "log": "|init|battle\n|title|p0x14906899 vs. p0y1490c24c\n|j|\u2606p0x14906899\n|j|\u2606p0y1490c24c\n|t:|1783556432\n|gametype|singles\n|player|p1|p0x14906899|2|\n|player|p2|p0y1490c24c|101|\n|gen|9\n|tier|[Gen 9] Random Battle\n|rule|Species Clause: Limit one of each Pok\u00e9mon\n|rule|HP Percentage Mod: HP is shown in percentages\n|rule|Sleep Clause Mod: Limit one foe put to sleep\n|rule|Illusion Level Mod: Illusion disguises the Pok\u00e9mon's true level\n|\n|t:|1783556432\n|teamsize|p1|6\n|teamsize|p2|6\n|start\n|switch|p1a: Ogerpon|Ogerpon-Wellspring, L76, F|247/247\n|switch|p2a: Stantler|Stantler, L92, F|100/100\n|-ability|p2a: Stantler|Intimidate|boost\n|-unboost|p1a: Ogerpon|atk|1\n|turn|1\n|inactive|Battle timer is ON: inactive players will automatically lose when time's up. (requested by p0x14906899)\n|inactive|p0y1490c24c also wants the timer to be on.\n|\n|t:|1783556433\n|switch|p1a: Vikavolt|Vikavolt, L83, M|263/263\n|move|p2a: Stantler|Body Slam|p1a: Vikavolt\n|-damage|p1a: Vikavolt|163/263\n|\n|upkeep\n|turn|2\n|inactive|Time left: 300 sec this turn | 300 sec total\n|\n|t:|1783556435\n|move|p2a: Stantler|Body Slam|p1a: Vikavolt\n|-damage|p1a: Vikavolt|64/263\n|move|p1a: Vikavolt|Sticky Web|p2a: Stantler\n|-sidestart|p2: p0y1490c24c|move: Sticky Web\n|\n|upkeep\n|turn|3\n|inactive|Time left: 300 sec this turn | 300 sec total\n|\n|t:|1783556436\n|switch|p1a: Terrakion|Terrakion, L79|273/273\n|move|p2a: Stantler|Body Slam|p1a: Terrakion\n|-resisted|p1a: Terrakion\n|-damage|p1a: Terrakion|219/273\n|\n|upkeep\n|turn|4\n|inactive|Time left: 300 sec this turn | 300 sec total\n|\n|t:|1783556437\n|-terastallize|p2a: Stantler|Ground\n|move|p1a: Terrakion|Stone Edge|p2a: Stantler|[miss]\n|-miss|p1a: Terrakion|p2a: Stantler\n|move|p2a: Stantler|Earthquake|p1a: Terrakion\n|-supereffective|p1a: Terrakion\n|-crit|p1a: Terrakion\n|-damage|p1a: Terrakion|0 fnt\n|faint|p1a: Terrakion\n|\n|upkeep\n|inactive|Time left: 300 sec this turn | 300 sec total | 5 sec grace\n|\n|t:|1783556438\n|switch|p1a: Ogerpon|Ogerpon-Wellspring, L76, F|247/247\n|turn|5\n|inactive|Time left: 300 sec this turn | 300 sec total\n|\n|t:|1783556439\n|move|p1a: Ogerpon|Ivy Cudgel|p2a: Stantler|[anim] Ivy Cudgel Water\n|-supereffective|p2a: Stantler\n|-damage|p2a: Stantler|37/100\n|move|p2a: Stantler|Body Slam|p1a: Ogerpon\n|-damage|p1a: Ogerpon|130/247\n|\n|upkeep\n|turn|6\n|inactive|Time left: 300 sec this turn | 300 sec total\n|\n|t:|1783556440\n|switch|p2a: Zebstrika|Zebstrika, L87, M|100/100\n|-activate|p2a: Zebstrika|move: Sticky Web\n|-unboost|p2a: Zebstrika|spe|1\n|move|p1a: Ogerpon|Ivy Cudgel|p2a: Zebstrika|[anim] Ivy Cudgel Water\n|-damage|p2a: Zebstrika|45/100\n|\n|upkeep\n|turn|7\n|inactive|Time left: 300 sec this turn | 300 sec total\n|\n|t:|1783556441\n|move|p1a: Ogerpon|Ivy Cudgel|p2a: Zebstrika|[anim] Ivy Cudgel Water\n|-damage|p2a: Zebstrika|0 fnt\n|faint|p2a: Zebstrika\n|\n|upkeep\n|\n|t:|1783556442\n|switch|p2a: Regice|Regice, L88|100/100\n|turn|8\n|inactive|Time left: 300 sec this turn | 300 sec total\n|\n|t:|1783556443\n|move|p1a: Ogerpon|Synthesis|p1a: Ogerpon\n|-heal|p1a: Ogerpon|247/247\n|move|p2a: Regice|Ice Beam|p1a: Ogerpon\n|-damage|p1a: Ogerpon|129/247\n|\n|upkeep\n|turn|9\n|inactive|Time left: 300 sec this turn | 300 sec total\n|\n|t:|1783556444\n|move|p1a: Ogerpon|Ivy Cudgel|p2a: Regice|[anim] Ivy Cudgel Water\n|-damage|p2a: Regice|60/100\n|move|p2a: Regice|Ice Beam|p1a: Ogerpon\n|-damage|p1a: Ogerpon|15/247\n|\n|upkeep\n|turn|10\n|inactive|Time left: 300 sec this turn | 300 sec total\n|\n|t:|1783556445\n|move|p1a: Ogerpon|Synthesis|p1a: Ogerpon\n|-heal|p1a: Ogerpon|138/247\n|move|p2a: Regice|Ice Beam|p1a: Ogerpon\n|-damage|p1a: Ogerpon|21/247\n|-status|p1a: Ogerpon|frz\n|\n|upkeep\n|turn|11\n|inactive|Time left: 300 sec this turn | 300 sec total\n|\n|t:|1783556446\n|cant|p1a: Ogerpon|frz\n|move|p2a: Regice|Ice Beam|p1a: Ogerpon\n|-damage|p1a: Ogerpon|0 fnt\n|faint|p1a: Ogerpon\n|\n|upkeep\n|inactive|Time left: 300 sec this turn | 300 sec total | 5 sec grace\n|\n|t:|1783556446\n|switch|p1a: Meloetta|Meloetta, L82|298/298\n|turn|12\n|inactive|Time left: 300 sec this turn | 300 sec total\n|\n|t:|1783556447\n|move|p1a: Meloetta|Psyshock|p2a: Regice\n|-damage|p2a: Regice|12/100\n|move|p2a: Regice|Ice Beam|p1a: Meloetta\n|-damage|p1a: Meloetta|208/298\n|\n|upkeep\n|turn|13\n|inactive|Time left: 300 sec this turn | 300 sec total\n|\n|t:|1783556448\n|move|p1a: Meloetta|Psyshock|p2a: Regice\n|-damage|p2a: Regice|0 fnt\n|faint|p2a: Regice\n|\n|upkeep\n|\n|t:|1783556449\n|switch|p2a: Lanturn|Lanturn, L89, M|100/100\n|-activate|p2a: Lanturn|move: Sticky Web\n|-unboost|p2a: Lanturn|spe|1\n|turn|14\n|inactive|Time left: 300 sec this turn | 300 sec total\n|\n|t:|1783556450\n|move|p1a: Meloetta|Psyshock|p2a: Lanturn\n|-damage|p2a: Lanturn|45/100\n|move|p2a: Lanturn|Scald|p1a: Meloetta\n|-damage|p1a: Meloetta|145/298\n|\n|-heal|p2a: Lanturn|51/100|[from] item: Leftovers\n|upkeep\n|turn|15\n|inactive|Time left: 300 sec this turn | 300 sec total\n|\n|t:|1783556451\n|move|p1a: Meloetta|Psyshock|p2a: Lanturn\n|-damage|p2a: Lanturn|0 fnt\n|faint|p2a: Lanturn\n|\n|upkeep\n|\n|t:|1783556452\n|switch|p2a: Florges|Florges-White, L85, F|100/100\n|-activate|p2a: Florges|move: Sticky Web\n|-unboost|p2a: Florges|spe|1\n|turn|16\n|inactive|Time left: 300 sec this turn | 300 sec total\n|\n|t:|1783556453\n|move|p1a: Meloetta|Psyshock|p2a: Florges\n|-crit|p2a: Florges\n|-damage|p2a: Florges|7/100\n|move|p2a: Florges|Synthesis|p2a: Florges\n|-heal|p2a: Florges|57/100\n|\n|-heal|p2a: Florges|63/100|[from] item: Leftovers\n|upkeep\n|turn|17\n|inactive|Time left: 300 sec this turn | 300 sec total\n|\n|t:|1783556454\n|move|p1a: Meloetta|Psyshock|p2a: Florges\n|-damage|p2a: Florges|3/100\n|move|p2a: Florges|Synthesis|p2a: Florges\n|-heal|p2a: Florges|53/100\n|\n|-heal|p2a: Florges|58/100|[from] item: Leftovers\n|upkeep\n|turn|18\n|inactive|Time left: 300 sec this turn | 300 sec total\n|\n|t:|1783556455\n|switch|p2a: Stantler|Stantler, L92, F, tera:Ground|37/100\n|-activate|p2a: Stantler|move: Sticky Web\n|-unboost|p2a: Stantler|spe|1\n|-ability|p2a: Stantler|Intimidate|boost\n|-unboost|p1a: Meloetta|atk|1\n|move|p1a: Meloetta|Psyshock|p2a: Stantler\n|-damage|p2a: Stantler|0 fnt\n|faint|p2a: Stantler\n|\n|upkeep\n|\n|t:|1783556456\n|switch|p2a: Lumineon|Lumineon, L93, F|100/100\n|-activate|p2a: Lumineon|move: Sticky Web\n|-unboost|p2a: Lumineon|spe|1\n|turn|19\n|inactive|Time left: 300 sec this turn | 300 sec total\n|\n|t:|1783556457\n|move|p1a: Meloetta|Psyshock|p2a: Lumineon\n|-damage|p2a: Lumineon|51/100\n|move|p2a: Lumineon|Hydro Pump|p1a: Meloetta\n|-damage|p1a: Meloetta|32/298\n|-damage|p2a: Lumineon|41/100|[from] item: Life Orb\n|\n|upkeep\n|turn|20\n|inactive|Time left: 300 sec this turn | 300 sec total\n|\n|t:|1783556458\n|move|p1a: Meloetta|Psyshock|p2a: Lumineon\n|-damage|p2a: Lumineon|0 fnt\n|faint|p2a: Lumineon\n|\n|upkeep\n|\n|t:|1783556459\n|switch|p2a: Florges|Florges-White, L85, F|58/100\n|-activate|p2a: Florges|move: Sticky Web\n|-unboost|p2a: Florges|spe|1\n|turn|21\n|inactive|Time left: 300 sec this turn | 300 sec total\n|\n|t:|1783556459\n|-terastallize|p1a: Meloetta|Psychic\n|move|p1a: Meloetta|Psyshock|p2a: Florges\n|-damage|p2a: Florges|0 fnt\n|faint|p2a: Florges\n|\n|win|p0x14906899", "uploadtime": 1783556459, "views": 0, "rating": 0, "private": 0, "password": null, "_winner": "p0x14906899", "_our_name": "p0x14906899"}