{"id": "battle-gen9randombattle-1734", "formatid": "gen9randombattle", "format": "[Gen 9] Random Battle", "players": ["p0x17346b9c", "p0y17348b04"], "log": "|init|battle\n|title|p0x17346b9c vs. p0y17348b04\n|j|\u2606p0x17346b9c\n|j|\u2606p0y17348b04\n|t:|1783559295\n|gametype|singles\n|player|p1|p0x17346b9c|101|\n|player|p2|p0y17348b04|169|\n|gen|9\n|tier|[Gen 9] Random Battle\n|rule|Species Clause: Limit one of each Pok\u00e9mon\n|rule|HP Percentage Mod: HP is shown in percentages\n|rule|Sleep Clause Mod: Limit one foe put to sleep\n|rule|Illusion Level Mod: Illusion disguises the Pok\u00e9mon's true level\n|\n|t:|1783559295\n|teamsize|p1|6\n|teamsize|p2|6\n|start\n|switch|p1a: Ludicolo|Ludicolo, L90, M|100/100\n|switch|p2a: Bruxish|Bruxish, L85, M|254/254\n|turn|1\n|inactive|Battle timer is ON: inactive players will automatically lose when time's up. (requested by p0x17346b9c)\n|inactive|Time left: 300 sec this turn | 300 sec total | 60 sec grace\n|inactive|p0y17348b04 also wants the timer to be on.\n|\n|t:|1783559296\n|switch|p2a: Crabominable|Crabominable, L90, M|321/321\n|move|p1a: Ludicolo|Giga Drain|p2a: Crabominable\n|-damage|p2a: Crabominable|183/321\n|\n|upkeep\n|turn|2\n|inactive|Time left: 300 sec this turn | 300 sec total\n|\n|t:|1783559297\n|move|p1a: Ludicolo|Giga Drain|p2a: Crabominable\n|-damage|p2a: Crabominable|45/321\n|move|p2a: Crabominable|Ice Hammer|p1a: Ludicolo\n|-damage|p1a: Ludicolo|0 fnt\n|-unboost|p2a: Crabominable|spe|1\n|faint|p1a: Ludicolo\n|\n|upkeep\n|\n|t:|1783559298\n|switch|p1a: Kyogre|Kyogre, L71|100/100\n|-weather|RainDance|[from] ability: Drizzle|[of] p1a: Kyogre\n|turn|3\n|inactive|Time left: 300 sec this turn | 300 sec total\n|\n|t:|1783559299\n|move|p1a: Kyogre|Origin Pulse|p2a: Crabominable\n|-damage|p2a: Crabominable|0 fnt\n|faint|p2a: Crabominable\n|\n|-weather|RainDance|[upkeep]\n|upkeep\n|inactive|Time left: 300 sec this turn | 300 sec total | 5 sec grace\n|\n|t:|1783559300\n|switch|p2a: Bruxish|Bruxish, L85, M|254/254\n|turn|4\n|inactive|Time left: 300 sec this turn | 300 sec total\n|\n|t:|1783559301\n|move|p2a: Bruxish|Psychic Fangs|p1a: Kyogre\n|-damage|p1a: Kyogre|29/100\n|move|p1a: Kyogre|Thunder|p2a: Bruxish\n|-supereffective|p2a: Bruxish\n|-damage|p2a: Bruxish|66/254\n|\n|-weather|RainDance|[upkeep]\n|-heal|p1a: Kyogre|35/100|[from] item: Leftovers\n|upkeep\n|turn|5\n|inactive|Time left: 300 sec this turn | 300 sec total\n|\n|t:|1783559302\n|move|p2a: Bruxish|Psychic Fangs|p1a: Kyogre\n|-damage|p1a: Kyogre|0 fnt\n|faint|p1a: Kyogre\n|\n|-weather|RainDance|[upkeep]\n|upkeep\n|\n|t:|1783559303\n|switch|p1a: Furret|Furret, L94, M|100/100\n|-item|p2a: Bruxish|Choice Scarf|[from] ability: Frisk|[of] p1a: Furret\n|turn|6\n|inactive|Time left: 300 sec this turn | 300 sec total\n|\n|t:|1783559305\n|move|p2a: Bruxish|Psychic Fangs|p1a: Furret\n|-damage|p1a: Furret|46/100\n|move|p1a: Furret|Double-Edge|p2a: Bruxish\n|-damage|p2a: Bruxish|0 fnt\n|faint|p2a: Bruxish\n|-damage|p1a: Furret|39/100|[from] Recoil\n|\n|-weather|RainDance|[upkeep]\n|upkeep\n|inactive|Time left: 300 sec this turn | 300 sec total | 5 sec grace\n|\n|t:|1783559306\n|switch|p2a: Mudsdale|Mudsdale, L83, M|302/302\n|turn|7\n|inactive|Time left: 300 sec this turn | 300 sec total\n|\n|t:|1783559307\n|switch|p1a: Rillaboom|Rillaboom, L79, M|100/100\n|-fieldstart|move: Grassy Terrain|[from] ability: Grassy Surge|[of] p1a: Rillaboom\n|move|p2a: Mudsdale|Earthquake|p1a: Rillaboom\n|-resisted|p1a: Rillaboom\n|-damage|p1a: Rillaboom|88/100\n|\n|-weather|none\n|-heal|p1a: Rillaboom|95/100|[from] Grassy Terrain\n|upkeep\n|turn|8\n|inactive|Time left: 300 sec this turn | 300 sec total\n|\n|t:|1783559308\n|-terastallize|p2a: Mudsdale|Steel\n|move|p1a: Rillaboom|Swords Dance|p1a: Rillaboom\n|-boost|p1a: Rillaboom|atk|2\n|move|p2a: Mudsdale|Heavy Slam|p1a: Rillaboom\n|-damage|p1a: Rillaboom|42/100\n|\n|-heal|p1a: Rillaboom|48/100|[from] Grassy Terrain\n|upkeep\n|turn|9\n|inactive|Time left: 300 sec this turn | 300 sec total\n|\n|t:|1783559309\n|move|p1a: Rillaboom|Wood Hammer|p2a: Mudsdale\n|-resisted|p2a: Mudsdale\n|-damage|p2a: Mudsdale|106/302\n|-ability|p2a: Mudsdale|Stamina|boost\n|-boost|p2a: Mudsdale|def|1\n|-damage|p1a: Rillaboom|26/100|[from] Recoil\n|-damage|p1a: Rillaboom|16/100|[from] item: Life Orb\n|move|p2a: Mudsdale|Heavy Slam|p1a: Rillaboom\n|-damage|p1a: Rillaboom|0 fnt\n|faint|p1a: Rillaboom\n|\n|-heal|p2a: Mudsdale|124/302|[from] Grassy Terrain\n|-heal|p2a: Mudsdale|142/302|[from] item: Leftovers\n|upkeep\n|\n|t:|1783559310\n|switch|p1a: Munkidori|Munkidori, L79, M|100/100\n|turn|10\n|inactive|Time left: 300 sec this turn | 300 sec total\n|\n|t:|1783559311\n|move|p1a: Munkidori|Focus Blast|p2a: Mudsdale|[miss]\n|-miss|p1a: Munkidori|p2a: Mudsdale\n|move|p2a: Mudsdale|Heavy Slam|p1a: Munkidori\n|-damage|p1a: Munkidori|28/100\n|\n|-heal|p1a: Munkidori|34/100|[from] Grassy Terrain\n|-heal|p2a: Mudsdale|160/302|[from] Grassy Terrain\n|-heal|p2a: Mudsdale|178/302|[from] item: Leftovers\n|upkeep\n|turn|11\n|inactive|Time left: 300 sec this turn | 300 sec total\n|\n|t:|1783559312\n|switch|p2a: Latias|Latias, L79, F|256/256\n|move|p1a: Munkidori|Focus Blast|p2a: Latias\n|-resisted|p2a: Latias\n|-damage|p2a: Latias|204/256\n|-damage|p1a: Munkidori|24/100|[from] item: Life Orb\n|\n|-heal|p1a: Munkidori|30/100|[from] Grassy Terrain\n|-fieldend|move: Grassy Terrain\n|upkeep\n|turn|12\n|inactive|Time left: 300 sec this turn | 300 sec total\n|\n|t:|1783559313\n|move|p2a: Latias|Psyshock|p1a: Munkidori\n|-crit|p1a: Munkidori\n|-damage|p1a: Munkidori|0 fnt\n|faint|p1a: Munkidori\n|\n|upkeep\n|\n|t:|1783559314\n|switch|p1a: Okidogi|Okidogi, L77, M|100/100\n|turn|13\n|inactive|Time left: 300 sec this turn | 300 sec total\n|\n|t:|1783559315\n|-terastallize|p1a: Okidogi|Dark\n|move|p2a: Latias|Psyshock|p1a: Okidogi\n|-immune|p1a: Okidogi\n|move|p1a: Okidogi|Knock Off|p2a: Latias\n|-supereffective|p2a: Latias\n|-damage|p2a: Latias|0 fnt\n|-enditem|p2a: Latias|Soul Dew|[from] move: Knock Off|[of] p1a: Okidogi\n|faint|p2a: Latias\n|\n|upkeep\n|inactive|Time left: 300 sec this turn | 300 sec total | 5 sec grace\n|\n|t:|1783559316\n|switch|p2a: Mudsdale|Mudsdale, L83, M, tera:Steel|178/302\n|turn|14\n|inactive|Time left: 300 sec this turn | 300 sec total\n|\n|t:|1783559318\n|switch|p2a: Volbeat|Volbeat, L90, M|263/263\n|move|p1a: Okidogi|Bulk Up|p1a: Okidogi\n|-boost|p1a: Okidogi|atk|1\n|-boost|p1a: Okidogi|def|1\n|\n|upkeep\n|turn|15\n|inactive|Time left: 300 sec this turn | 300 sec total\n|\n|t:|1783559319\n|move|p2a: Volbeat|U-turn|p1a: Okidogi\n|-supereffective|p1a: Okidogi\n|-damage|p1a: Okidogi|70/100\n|inactive|Time left: 300 sec this turn | 300 sec total | 5 sec grace\n|\n|t:|1783559320\n|switch|p2a: Regigigas|Regigigas, L84|322/322|[from] U-turn\n|-start|p2a: Regigigas|ability: Slow Start\n|move|p1a: Okidogi|Knock Off|p2a: Regigigas\n|-damage|p2a: Regigigas|187/322\n|-enditem|p2a: Regigigas|Leftovers|[from] move: Knock Off|[of] p1a: Okidogi\n|\n|-heal|p1a: Okidogi|76/100|[from] item: Leftovers\n|upkeep\n|turn|16\n|inactive|Time left: 300 sec this turn | 300 sec total\n|\n|t:|1783559321\n|switch|p2a: Volbeat|Volbeat, L90, M|263/263\n|move|p1a: Okidogi|Drain Punch|p2a: Volbeat\n|-resisted|p2a: Volbeat\n|-damage|p2a: Volbeat|194/263\n|-heal|p1a: Okidogi|89/100|[from] drain|[of] p2a: Volbeat\n|\n|-heal|p1a: Okidogi|96/100|[from] item: Leftovers\n|upkeep\n|turn|17\n|inactive|Time left: 300 sec this turn | 300 sec total\n|\n|t:|1783559322\n|move|p2a: Volbeat|U-turn|p1a: Okidogi\n|-supereffective|p1a: Okidogi\n|-damage|p1a: Okidogi|60/100\n|inactive|Time left: 300 sec this turn | 300 sec total | 5 sec grace\n|\n|t:|1783559322\n|switch|p2a: Regigigas|Regigigas, L84|187/322|[from] U-turn\n|-start|p2a: Regigigas|ability: Slow Start\n|move|p1a: Okidogi|Drain Punch|p2a: Regigigas\n|-supereffective|p2a: Regigigas\n|-damage|p2a: Regigigas|0 fnt\n|-heal|p1a: Okidogi|96/100|[from] drain|[of] p2a: Regigigas\n|faint|p2a: Regigigas\n|-end|p2a: Regigigas|Slow Start|[silent]\n|\n|-heal|p1a: Okidogi|100/100|[from] item: Leftovers\n|upkeep\n|inactive|Time left: 300 sec this turn | 300 sec total | 10 sec grace\n|\n|t:|1783559323\n|switch|p2a: Volbeat|Volbeat, L90, M|194/263\n|turn|18\n|inactive|Time left: 300 sec this turn | 300 sec total\n|\n|t:|1783559324\n|move|p2a: Volbeat|Thunder Wave|p1a: Okidogi\n|-hint|Since gen 7, Dark is immune to Prankster moves.\n|-immune|p1a: Okidogi\n|move|p1a: Okidogi|Bulk Up|p1a: Okidogi\n|-boost|p1a: Okidogi|atk|1\n|-boost|p1a: Okidogi|def|1\n|\n|upkeep\n|turn|19\n|inactive|Time left: 300 sec this turn | 300 sec total\n|\n|t:|1783559325\n|move|p2a: Volbeat|U-turn|p1a: Okidogi\n|-supereffective|p1a: Okidogi\n|-damage|p1a: Okidogi|79/100\n|inactive|Time left: 300 sec this turn | 300 sec total | 5 sec grace\n|\n|t:|1783559326\n|switch|p2a: Mudsdale|Mudsdale, L83, M, tera:Steel|178/302|[from] U-turn\n|move|p1a: Okidogi|Knock Off|p2a: Mudsdale\n|-damage|p2a: Mudsdale|0 fnt\n|-enditem|p2a: Mudsdale|Leftovers|[from] move: Knock Off|[of] p1a: Okidogi\n|faint|p2a: Mudsdale\n|\n|-heal|p1a: Okidogi|85/100|[from] item: Leftovers\n|upkeep\n|inactive|Time left: 300 sec this turn | 300 sec total | 10 sec grace\n|\n|t:|1783559327\n|switch|p2a: Volbeat|Volbeat, L90, M|194/263\n|turn|20\n|inactive|Time left: 300 sec this turn | 300 sec total\n|\n|t:|1783559328\n|move|p2a: Volbeat|Encore|p1a: Okidogi\n|-hint|Since gen 7, Dark is immune to Prankster moves.\n|-immune|p1a: Okidogi\n|move|p1a: Okidogi|Knock Off|p2a: Volbeat\n|-damage|p2a: Volbeat|0 fnt\n|-enditem|p2a: Volbeat|Heavy-Duty Boots|[from] move: Knock Off|[of] p1a: Okidogi\n|faint|p2a: Volbeat\n|\n|win|p0x17346b9c", "uploadtime": 1783559328, "views": 0, "rating": 0, "private": 0, "password": null, "_winner": "p0x17346b9c", "_our_name": "p0y17348b04"}