{"id": "battle-gen9randombattle-2070", "formatid": "gen9randombattle", "format": "[Gen 9] Random Battle", "players": ["p0x207006d5", "p0y2070298a"], "log": "|init|battle\n|title|p0x207006d5 vs. p0y2070298a\n|j|\u2606p0x207006d5\n|j|\u2606p0y2070298a\n|t:|1783563168\n|gametype|singles\n|player|p1|p0x207006d5|101|\n|player|p2|p0y2070298a|170|\n|gen|9\n|tier|[Gen 9] Random Battle\n|rule|Species Clause: Limit one of each Pok\u00e9mon\n|rule|HP Percentage Mod: HP is shown in percentages\n|rule|Sleep Clause Mod: Limit one foe put to sleep\n|rule|Illusion Level Mod: Illusion disguises the Pok\u00e9mon's true level\n|\n|t:|1783563168\n|teamsize|p1|6\n|teamsize|p2|6\n|start\n|switch|p1a: Slither Wing|Slither Wing, L81|100/100\n|switch|p2a: Delphox|Delphox, L84, F|263/263\n|turn|1\n|inactive|Battle timer is ON: inactive players will automatically lose when time's up. (requested by p0x207006d5)\n|inactive|Time left: 300 sec this turn | 300 sec total | 60 sec grace\n|inactive|p0y2070298a also wants the timer to be on.\n|\n|t:|1783563170\n|-end|p1a: Slither Wing|Protosynthesis|[silent]\n|switch|p1a: Dipplin|Dipplin, L88, M|100/100\n|move|p2a: Delphox|Fire Blast|p1a: Dipplin\n|-damage|p1a: Dipplin|70/100\n|\n|upkeep\n|turn|2\n|inactive|Time left: 300 sec this turn | 300 sec total\n|\n|t:|1783563171\n|move|p2a: Delphox|Nasty Plot|p2a: Delphox\n|-boost|p2a: Delphox|spa|2\n|move|p1a: Dipplin|Dragon Tail|p2a: Delphox\n|-damage|p2a: Delphox|190/263\n|drag|p2a: Iron Hands|Iron Hands, L79|373/373\n|\n|upkeep\n|turn|3\n|inactive|Time left: 300 sec this turn | 300 sec total\n|\n|t:|1783563173\n|move|p2a: Iron Hands|Fake Out|p1a: Dipplin\n|-damage|p1a: Dipplin|63/100\n|cant|p1a: Dipplin|flinch\n|\n|upkeep\n|turn|4\n|inactive|Time left: 300 sec this turn | 300 sec total\n|\n|t:|1783563174\n|-end|p2a: Iron Hands|Quark Drive|[silent]\n|switch|p2a: Fezandipiti|Fezandipiti, L82, M|278/278\n|move|p1a: Dipplin|Recover|p1a: Dipplin\n|-heal|p1a: Dipplin|100/100\n|\n|upkeep\n|turn|5\n|inactive|Time left: 300 sec this turn | 300 sec total\n|\n|t:|1783563175\n|switch|p1a: Regirock|Regirock, L83|100/100\n|move|p2a: Fezandipiti|Swords Dance|p2a: Fezandipiti\n|-boost|p2a: Fezandipiti|atk|2\n|\n|upkeep\n|turn|6\n|inactive|Time left: 300 sec this turn | 300 sec total\n|\n|t:|1783563176\n|move|p2a: Fezandipiti|Gunk Shot|p1a: Regirock\n|-resisted|p1a: Regirock\n|-damage|p1a: Regirock|80/100\n|move|p1a: Regirock|Iron Defense|p1a: Regirock\n|-boost|p1a: Regirock|def|2\n|\n|-heal|p1a: Regirock|86/100|[from] item: Leftovers\n|upkeep\n|turn|7\n|inactive|Time left: 300 sec this turn | 300 sec total\n|\n|t:|1783563177\n|move|p2a: Fezandipiti|Gunk Shot|p1a: Regirock\n|-resisted|p1a: Regirock\n|-damage|p1a: Regirock|75/100\n|-status|p1a: Regirock|tox|[from] ability: Toxic Chain|[of] p2a: Fezandipiti\n|move|p1a: Regirock|Thunder Wave|p2a: Fezandipiti\n|-status|p2a: Fezandipiti|par\n|\n|-heal|p1a: Regirock|81/100 tox|[from] item: Leftovers\n|-damage|p1a: Regirock|75/100 tox|[from] psn\n|upkeep\n|turn|8\n|inactive|Time left: 300 sec this turn | 300 sec total\n|\n|t:|1783563178\n|move|p1a: Regirock|Stone Edge|p2a: Fezandipiti|[miss]\n|-miss|p1a: Regirock|p2a: Fezandipiti\n|cant|p2a: Fezandipiti|par\n|\n|-heal|p1a: Regirock|81/100 tox|[from] item: Leftovers\n|-damage|p1a: Regirock|70/100 tox|[from] psn\n|upkeep\n|turn|9\n|inactive|Time left: 300 sec this turn | 300 sec total\n|\n|t:|1783563179\n|move|p1a: Regirock|Stone Edge|p2a: Fezandipiti\n|-crit|p2a: Fezandipiti\n|-damage|p2a: Fezandipiti|106/278 par\n|move|p2a: Fezandipiti|Gunk Shot|p1a: Regirock|[miss]\n|-miss|p2a: Fezandipiti|p1a: Regirock\n|\n|-heal|p1a: Regirock|75/100 tox|[from] item: Leftovers\n|-heal|p2a: Fezandipiti|123/278 par|[from] item: Leftovers\n|-damage|p1a: Regirock|58/100 tox|[from] psn\n|upkeep\n|turn|10\n|inactive|Time left: 300 sec this turn | 300 sec total\n|\n|t:|1783563180\n|move|p1a: Regirock|Stone Edge|p2a: Fezandipiti\n|-damage|p2a: Fezandipiti|6/278 par\n|cant|p2a: Fezandipiti|par\n|\n|-heal|p1a: Regirock|64/100 tox|[from] item: Leftovers\n|-heal|p2a: Fezandipiti|23/278 par|[from] item: Leftovers\n|-damage|p1a: Regirock|40/100 tox|[from] psn\n|upkeep\n|turn|11\n|inactive|Time left: 300 sec this turn | 300 sec total\n|\n|t:|1783563181\n|move|p1a: Regirock|Body Press|p2a: Fezandipiti\n|-resisted|p2a: Fezandipiti\n|-damage|p2a: Fezandipiti|0 fnt\n|faint|p2a: Fezandipiti\n|\n|-heal|p1a: Regirock|46/100 tox|[from] item: Leftovers\n|-damage|p1a: Regirock|16/100 tox|[from] psn\n|upkeep\n|inactive|Time left: 300 sec this turn | 300 sec total | 5 sec grace\n|\n|t:|1783563182\n|switch|p2a: Walking Wake|Walking Wake, L79|286/286\n|turn|12\n|inactive|Time left: 300 sec this turn | 300 sec total\n|\n|t:|1783563182\n|move|p2a: Walking Wake|Flamethrower|p1a: Regirock\n|-resisted|p1a: Regirock\n|-damage|p1a: Regirock|0 fnt\n|faint|p1a: Regirock\n|\n|upkeep\n|\n|t:|1783563183\n|switch|p1a: Pelipper|Pelipper, L86, M|100/100\n|-weather|RainDance|[from] ability: Drizzle|[of] p1a: Pelipper\n|turn|13\n|inactive|Time left: 300 sec this turn | 300 sec total\n|\n|t:|1783563184\n|-end|p2a: Walking Wake|Protosynthesis|[silent]\n|switch|p2a: Iron Hands|Iron Hands, L79|373/373\n|move|p1a: Pelipper|Hurricane|p2a: Iron Hands\n|-damage|p2a: Iron Hands|273/373\n|\n|-weather|RainDance|[upkeep]\n|upkeep\n|turn|14\n|inactive|Time left: 300 sec this turn | 300 sec total\n|\n|t:|1783563185\n|switch|p1a: Dipplin|Dipplin, L88, M|100/100\n|move|p2a: Iron Hands|Wild Charge|p1a: Dipplin\n|-resisted|p1a: Dipplin\n|-damage|p1a: Dipplin|95/100\n|-damage|p2a: Iron Hands|269/373|[from] Recoil\n|\n|-weather|RainDance|[upkeep]\n|upkeep\n|turn|15\n|inactive|Time left: 300 sec this turn | 300 sec total\n|\n|t:|1783563186\n|move|p2a: Iron Hands|Drain Punch|p1a: Dipplin\n|-damage|p1a: Dipplin|75/100\n|-heal|p2a: Iron Hands|298/373|[from] drain|[of] p1a: Dipplin\n|move|p1a: Dipplin|Dragon Pulse|p2a: Iron Hands\n|-damage|p2a: Iron Hands|214/373\n|\n|-weather|RainDance|[upkeep]\n|upkeep\n|turn|16\n|inactive|Time left: 300 sec this turn | 300 sec total\n|\n|t:|1783563187\n|move|p2a: Iron Hands|Drain Punch|p1a: Dipplin\n|-damage|p1a: Dipplin|56/100\n|-heal|p2a: Iron Hands|242/373|[from] drain|[of] p1a: Dipplin\n|move|p1a: Dipplin|Dragon Pulse|p2a: Iron Hands\n|-damage|p2a: Iron Hands|151/373\n|\n|-weather|RainDance|[upkeep]\n|upkeep\n|turn|17\n|inactive|Time left: 300 sec this turn | 300 sec total\n|\n|t:|1783563188\n|move|p2a: Iron Hands|Drain Punch|p1a: Dipplin\n|-damage|p1a: Dipplin|37/100\n|-heal|p2a: Iron Hands|178/373|[from] drain|[of] p1a: Dipplin\n|move|p1a: Dipplin|Recover|p1a: Dipplin\n|-heal|p1a: Dipplin|87/100\n|\n|-weather|none\n|upkeep\n|turn|18\n|inactive|Time left: 300 sec this turn | 300 sec total\n|\n|t:|1783563189\n|move|p2a: Iron Hands|Drain Punch|p1a: Dipplin\n|-damage|p1a: Dipplin|70/100\n|-heal|p2a: Iron Hands|202/373|[from] drain|[of] p1a: Dipplin\n|move|p1a: Dipplin|Giga Drain|p2a: Iron Hands\n|-damage|p2a: Iron Hands|129/373\n|-heal|p1a: Dipplin|83/100|[from] drain|[of] p2a: Iron Hands\n|\n|upkeep\n|turn|19\n|inactive|Time left: 300 sec this turn | 300 sec total\n|\n|t:|1783563190\n|move|p2a: Iron Hands|Drain Punch|p1a: Dipplin\n|-damage|p1a: Dipplin|64/100\n|-heal|p2a: Iron Hands|157/373|[from] drain|[of] p1a: Dipplin\n|move|p1a: Dipplin|Giga Drain|p2a: Iron Hands\n|-damage|p2a: Iron Hands|88/373\n|-heal|p1a: Dipplin|76/100|[from] drain|[of] p2a: Iron Hands\n|\n|upkeep\n|turn|20\n|inactive|Time left: 300 sec this turn | 300 sec total\n|\n|t:|1783563191\n|-end|p2a: Iron Hands|Quark Drive|[silent]\n|switch|p2a: Wigglytuff|Wigglytuff, L96, M|424/424\n|move|p1a: Dipplin|Giga Drain|p2a: Wigglytuff\n|-damage|p2a: Wigglytuff|301/424\n|-heal|p1a: Dipplin|98/100|[from] drain|[of] p2a: Wigglytuff\n|\n|-heal|p2a: Wigglytuff|327/424|[from] item: Leftovers\n|upkeep\n|turn|21\n|inactive|Time left: 300 sec this turn | 300 sec total\n|\n|t:|1783563192\n|move|p2a: Wigglytuff|Alluring Voice|p1a: Dipplin\n|-supereffective|p1a: Dipplin\n|-damage|p1a: Dipplin|50/100\n|move|p1a: Dipplin|Giga Drain|p2a: Wigglytuff\n|-damage|p2a: Wigglytuff|212/424\n|-heal|p1a: Dipplin|71/100|[from] drain|[of] p2a: Wigglytuff\n|\n|-heal|p2a: Wigglytuff|238/424|[from] item: Leftovers\n|upkeep\n|turn|22\n|inactive|Time left: 300 sec this turn | 300 sec total\n|\n|t:|1783563193\n|move|p2a: Wigglytuff|Alluring Voice|p1a: Dipplin\n|-supereffective|p1a: Dipplin\n|-damage|p1a: Dipplin|24/100\n|move|p1a: Dipplin|Giga Drain|p2a: Wigglytuff\n|-damage|p2a: Wigglytuff|124/424\n|-heal|p1a: Dipplin|44/100|[from] drain|[of] p2a: Wigglytuff\n|\n|-heal|p2a: Wigglytuff|150/424|[from] item: Leftovers\n|upkeep\n|turn|23\n|inactive|Time left: 300 sec this turn | 300 sec total\n|\n|t:|1783563194\n|-terastallize|p1a: Dipplin|Steel\n|move|p2a: Wigglytuff|Alluring Voice|p1a: Dipplin\n|-resisted|p1a: Dipplin\n|-damage|p1a: Dipplin|32/100\n|move|p1a: Dipplin|Recover|p1a: Dipplin\n|-heal|p1a: Dipplin|82/100\n|\n|-heal|p2a: Wigglytuff|176/424|[from] item: Leftovers\n|upkeep\n|turn|24\n|inactive|Time left: 300 sec this turn | 300 sec total\n|\n|t:|1783563195\n|move|p2a: Wigglytuff|Wish|p2a: Wigglytuff\n|move|p1a: Dipplin|Giga Drain|p2a: Wigglytuff\n|-damage|p2a: Wigglytuff|65/424\n|-heal|p1a: Dipplin|100/100|[from] drain|[of] p2a: Wigglytuff\n|\n|-heal|p2a: Wigglytuff|91/424|[from] item: Leftovers\n|upkeep\n|turn|25\n|inactive|Time left: 300 sec this turn | 300 sec total\n|\n|t:|1783563196\n|move|p2a: Wigglytuff|Protect|p2a: Wigglytuff\n|-singleturn|p2a: Wigglytuff|Protect\n|move|p1a: Dipplin|Giga Drain|p2a: Wigglytuff\n|-activate|p2a: Wigglytuff|move: Protect\n|\n|-heal|p2a: Wigglytuff|303/424|[from] move: Wish|[wisher] Wigglytuff\n|-heal|p2a: Wigglytuff|329/424|[from] item: Leftovers\n|upkeep\n|turn|26\n|inactive|Time left: 300 sec this turn | 300 sec total\n|\n|t:|1783563197\n|move|p2a: Wigglytuff|Wish|p2a: Wigglytuff\n|move|p1a: Dipplin|Giga Drain|p2a: Wigglytuff\n|-damage|p2a: Wigglytuff|220/424\n|\n|-heal|p2a: Wigglytuff|246/424|[from] item: Leftovers\n|upkeep\n|turn|27\n|inactive|Time left: 300 sec this turn | 300 sec total\n|\n|t:|1783563198\n|move|p2a: Wigglytuff|Knock Off|p1a: Dipplin\n|-damage|p1a: Dipplin|87/100\n|-activate|p1a: Dipplin|ability: Sticky Hold\n|move|p1a: Dipplin|Dragon Tail|p2a: Wigglytuff\n|-immune|p2a: Wigglytuff\n|\n|-heal|p2a: Wigglytuff|424/424|[from] move: Wish|[wisher] Wigglytuff\n|upkeep\n|turn|28\n|inactive|Time left: 300 sec this turn | 300 sec total\n|\n|t:|1783563199\n|move|p2a: Wigglytuff|Alluring Voice|p1a: Dipplin\n|-resisted|p1a: Dipplin\n|-damage|p1a: Dipplin|75/100\n|move|p1a: Dipplin|Giga Drain|p2a: Wigglytuff\n|-damage|p2a: Wigglytuff|310/424\n|-heal|p1a: Dipplin|95/100|[from] drain|[of] p2a: Wigglytuff\n|\n|-heal|p2a: Wigglytuff|336/424|[from] item: Leftovers\n|upkeep\n|turn|29\n|inactive|Time left: 300 sec this turn | 300 sec total\n|\n|t:|1783563200\n|move|p2a: Wigglytuff|Wish|p2a: Wigglytuff\n|move|p1a: Dipplin|Giga Drain|p2a: Wigglytuff\n|-damage|p2a: Wigglytuff|231/424\n|-heal|p1a: Dipplin|100/100|[from] drain|[of] p2a: Wigglytuff\n|\n|-heal|p2a: Wigglytuff|257/424|[from] item: Leftovers\n|upkeep\n|turn|30\n|inactive|Time left: 300 sec this turn | 300 sec total\n|\n|t:|1783563201\n|move|p2a: Wigglytuff|Alluring Voice|p1a: Dipplin\n|-resisted|p1a: Dipplin\n|-damage|p1a: Dipplin|89/100\n|move|p1a: Dipplin|Dragon Tail|p2a: Wigglytuff\n|-immune|p2a: Wigglytuff\n|\n|-heal|p2a: Wigglytuff|424/424|[from] move: Wish|[wisher] Wigglytuff\n|upkeep\n|turn|31\n|inactive|Time left: 300 sec this turn | 300 sec total\n|\n|t:|1783563202\n|move|p2a: Wigglytuff|Wish|p2a: Wigglytuff\n|move|p1a: Dipplin|Giga Drain|p2a: Wigglytuff\n|-damage|p2a: Wigglytuff|306/424\n|-heal|p1a: Dipplin|100/100|[from] drain|[of] p2a: Wigglytuff\n|\n|-heal|p2a: Wigglytuff|332/424|[from] item: Leftovers\n|upkeep\n|turn|32\n|inactive|Time left: 300 sec this turn | 300 sec total\n|\n|t:|1783563203\n|switch|p2a: Iron Hands|Iron Hands, L79|88/373\n|move|p1a: Dipplin|Dragon Tail|p2a: Iron Hands|[miss]\n|-miss|p1a: Dipplin|p2a: Iron Hands\n|\n|-heal|p2a: Iron Hands|300/373|[from] move: Wish|[wisher] Wigglytuff\n|upkeep\n|turn|33\n|inactive|Time left: 300 sec this turn | 300 sec total\n|\n|t:|1783563204\n|move|p2a: Iron Hands|Drain Punch|p1a: Dipplin\n|-supereffective|p1a: Dipplin\n|-damage|p1a: Dipplin|66/100\n|-heal|p2a: Iron Hands|349/373|[from] drain|[of] p1a: Dipplin\n|move|p1a: Dipplin|Giga Drain|p2a: Iron Hands\n|-damage|p2a: Iron Hands|273/373\n|-heal|p1a: Dipplin|79/100|[from] drain|[of] p2a: Iron Hands\n|\n|upkeep\n|turn|34\n|inactive|Time left: 300 sec this turn | 300 sec total\n|\n|t:|1783563205\n|move|p2a: Iron Hands|Drain Punch|p1a: Dipplin\n|-supereffective|p1a: Dipplin\n|-damage|p1a: Dipplin|41/100\n|-heal|p2a: Iron Hands|328/373|[from] drain|[of] p1a: Dipplin\n|move|p1a: Dipplin|Giga Drain|p2a: Iron Hands\n|-damage|p2a: Iron Hands|256/373\n|-heal|p1a: Dipplin|53/100|[from] drain|[of] p2a: Iron Hands\n|\n|upkeep\n|turn|35\n|inactive|Time left: 300 sec this turn | 300 sec total\n|\n|t:|1783563206\n|move|p2a: Iron Hands|Drain Punch|p1a: Dipplin\n|-supereffective|p1a: Dipplin\n|-damage|p1a: Dipplin|15/100\n|-heal|p2a: Iron Hands|310/373|[from] drain|[of] p1a: Dipplin\n|move|p1a: Dipplin|Recover|p1a: Dipplin\n|-heal|p1a: Dipplin|65/100\n|\n|upkeep\n|turn|36\n|inactive|Time left: 300 sec this turn | 300 sec total\n|\n|t:|1783563207\n|move|p2a: Iron Hands|Drain Punch|p1a: Dipplin\n|-supereffective|p1a: Dipplin\n|-damage|p1a: Dipplin|27/100\n|-heal|p2a: Iron Hands|364/373|[from] drain|[of] p1a: Dipplin\n|move|p1a: Dipplin|Recover|p1a: Dipplin\n|-heal|p1a: Dipplin|77/100\n|\n|upkeep\n|turn|37\n|inactive|Time left: 300 sec this turn | 300 sec total\n|\n|t:|1783563208\n|move|p2a: Iron Hands|Drain Punch|p1a: Dipplin\n|-supereffective|p1a: Dipplin\n|-damage|p1a: Dipplin|41/100\n|-heal|p2a: Iron Hands|373/373|[from] drain|[of] p1a: Dipplin\n|move|p1a: Dipplin|Giga Drain|p2a: Iron Hands\n|-damage|p2a: Iron Hands|304/373\n|-heal|p1a: Dipplin|54/100|[from] drain|[of] p2a: Iron Hands\n|\n|upkeep\n|turn|38\n|inactive|Time left: 300 sec this turn | 300 sec total\n|\n|t:|1783563210\n|move|p2a: Iron Hands|Drain Punch|p1a: Dipplin\n|-supereffective|p1a: Dipplin\n|-damage|p1a: Dipplin|17/100\n|-heal|p2a: Iron Hands|356/373|[from] drain|[of] p1a: Dipplin\n|move|p1a: Dipplin|Recover|p1a: Dipplin\n|-heal|p1a: Dipplin|67/100\n|\n|upkeep\n|turn|39\n|inactive|Time left: 300 sec this turn | 300 sec total\n|\n|t:|1783563211\n|move|p2a: Iron Hands|Drain Punch|p1a: Dipplin\n|-supereffective|p1a: Dipplin\n|-damage|p1a: Dipplin|33/100\n|-heal|p2a: Iron Hands|373/373|[from] drain|[of] p1a: Dipplin\n|move|p1a: Dipplin|Recover|p1a: Dipplin\n|-heal|p1a: Dipplin|83/100\n|\n|upkeep\n|turn|40\n|inactive|Time left: 300 sec this turn | 300 sec total\n|\n|t:|1783563212\n|move|p2a: Iron Hands|Drain Punch|p1a: Dipplin\n|-supereffective|p1a: Dipplin\n|-damage|p1a: Dipplin|49/100\n|move|p1a: Dipplin|Giga Drain|p2a: Iron Hands\n|-damage|p2a: Iron Hands|300/373\n|-heal|p1a: Dipplin|62/100|[from] drain|[of] p2a: Iron Hands\n|\n|upkeep\n|turn|41\n|inactive|Time left: 300 sec this turn | 300 sec total\n|\n|t:|1783563213\n|move|p2a: Iron Hands|Drain Punch|p1a: Dipplin\n|-supereffective|p1a: Dipplin\n|-crit|p1a: Dipplin\n|-damage|p1a: Dipplin|6/100\n|-heal|p2a: Iron Hands|373/373|[from] drain|[of] p1a: Dipplin\n|move|p1a: Dipplin|Recover|p1a: Dipplin\n|-heal|p1a: Dipplin|56/100\n|\n|upkeep\n|turn|42\n|inactive|Time left: 300 sec this turn | 300 sec total\n|\n|t:|1783563214\n|move|p2a: Iron Hands|Drain Punch|p1a: Dipplin\n|-supereffective|p1a: Dipplin\n|-damage|p1a: Dipplin|22/100\n|move|p1a: Dipplin|Giga Drain|p2a: Iron Hands\n|-damage|p2a: Iron Hands|297/373\n|-heal|p1a: Dipplin|36/100|[from] drain|[of] p2a: Iron Hands\n|\n|upkeep\n|turn|43\n|inactive|Time left: 300 sec this turn | 300 sec total\n|\n|t:|1783563215\n|switch|p1a: Slither Wing|Slither Wing, L81|100/100\n|move|p2a: Iron Hands|Drain Punch|p1a: Slither Wing\n|-resisted|p1a: Slither Wing\n|-damage|p1a: Slither Wing|80/100\n|-heal|p2a: Iron Hands|324/373|[from] drain|[of] p1a: Slither Wing\n|\n|upkeep\n|turn|44\n|inactive|Time left: 300 sec this turn | 300 sec total\n|\n|t:|1783563216\n|move|p1a: Slither Wing|Will-O-Wisp|p2a: Iron Hands|[miss]\n|-miss|p1a: Slither Wing|p2a: Iron Hands\n|move|p2a: Iron Hands|Wild Charge|p1a: Slither Wing\n|-damage|p1a: Slither Wing|30/100\n|-damage|p2a: Iron Hands|290/373|[from] Recoil\n|\n|upkeep\n|turn|45\n|inactive|Time left: 300 sec this turn | 300 sec total\n|\n|t:|1783563217\n|move|p1a: Slither Wing|Morning Sun|p1a: Slither Wing\n|-heal|p1a: Slither Wing|80/100\n|move|p2a: Iron Hands|Wild Charge|p1a: Slither Wing\n|-damage|p1a: Slither Wing|29/100\n|-damage|p2a: Iron Hands|255/373|[from] Recoil\n|\n|upkeep\n|turn|46\n|inactive|Time left: 300 sec this turn | 300 sec total\n|\n|t:|1783563218\n|-end|p2a: Iron Hands|Quark Drive|[silent]\n|switch|p2a: Delphox|Delphox, L84, F|190/263\n|move|p1a: Slither Wing|Morning Sun|p1a: Slither Wing\n|-heal|p1a: Slither Wing|79/100\n|\n|upkeep\n|turn|47\n|inactive|Time left: 300 sec this turn | 300 sec total\n|\n|t:|1783563219\n|-end|p1a: Slither Wing|Protosynthesis|[silent]\n|switch|p1a: Pelipper|Pelipper, L86, M|100/100\n|-weather|RainDance|[from] ability: Drizzle|[of] p1a: Pelipper\n|move|p2a: Delphox|Psyshock|p1a: Pelipper\n|-damage|p1a: Pelipper|66/100\n|\n|-weather|RainDance|[upkeep]\n|upkeep\n|turn|48\n|inactive|Time left: 300 sec this turn | 300 sec total\n|\n|t:|1783563220\n|switch|p2a: Walking Wake|Walking Wake, L79|286/286\n|move|p1a: Pelipper|Surf|p2a: Walking Wake\n|-resisted|p2a: Walking Wake\n|-damage|p2a: Walking Wake|249/286\n|\n|-weather|RainDance|[upkeep]\n|upkeep\n|turn|49\n|inactive|Time left: 300 sec this turn | 300 sec total\n|\n|t:|1783563221\n|move|p2a: Walking Wake|Hydro Pump|p1a: Pelipper\n|-resisted|p1a: Pelipper\n|-damage|p1a: Pelipper|0 fnt\n|faint|p1a: Pelipper\n|\n|-weather|RainDance|[upkeep]\n|upkeep\n|\n|t:|1783563222\n|switch|p1a: Medicham|Medicham, L86, M|100/100\n|turn|50\n|inactive|Time left: 300 sec this turn | 300 sec total\n|\n|t:|1783563223\n|move|p1a: Medicham|Close Combat|p2a: Walking Wake\n|-damage|p2a: Walking Wake|57/286\n|-unboost|p1a: Medicham|def|1\n|-unboost|p1a: Medicham|spd|1\n|move|p2a: Walking Wake|Hydro Pump|p1a: Medicham\n|-damage|p1a: Medicham|0 fnt\n|faint|p1a: Medicham\n|\n|-weather|RainDance|[upkeep]\n|upkeep\n|\n|t:|1783563223\n|switch|p1a: Regieleki|Regieleki, L79|100/100\n|turn|51\n|inactive|Time left: 300 sec this turn | 300 sec total\n|\n|t:|1783563224\n|-end|p2a: Walking Wake|Protosynthesis|[silent]\n|switch|p2a: Iron Hands|Iron Hands, L79|255/373\n|move|p1a: Regieleki|Thunderbolt|p2a: Iron Hands\n|-resisted|p2a: Iron Hands\n|-damage|p2a: Iron Hands|201/373\n|\n|-weather|none\n|upkeep\n|turn|52\n|inactive|Time left: 300 sec this turn | 300 sec total\n|\n|t:|1783563225\n|move|p1a: Regieleki|Thunderbolt|p2a: Iron Hands\n|-resisted|p2a: Iron Hands\n|-damage|p2a: Iron Hands|144/373\n|move|p2a: Iron Hands|Volt Switch|p1a: Regieleki\n|-resisted|p1a: Regieleki\n|-damage|p1a: Regieleki|88/100\n|inactive|Time left: 300 sec this turn | 300 sec total | 5 sec grace\n|\n|t:|1783563226\n|-end|p2a: Iron Hands|Quark Drive|[silent]\n|switch|p2a: Wigglytuff|Wigglytuff, L96, M|332/424|[from] Volt Switch\n|\n|-heal|p2a: Wigglytuff|358/424|[from] item: Leftovers\n|upkeep\n|turn|53\n|inactive|Time left: 300 sec this turn | 300 sec total\n|\n|t:|1783563226\n|move|p1a: Regieleki|Volt Switch|p2a: Wigglytuff\n|-damage|p2a: Wigglytuff|226/424\n|\n|t:|1783563227\n|switch|p1a: Dipplin|Dipplin, L88, M, tera:Steel|36/100|[from] Volt Switch\n|move|p2a: Wigglytuff|Alluring Voice|p1a: Dipplin\n|-resisted|p1a: Dipplin\n|-damage|p1a: Dipplin|24/100\n|\n|-heal|p2a: Wigglytuff|252/424|[from] item: Leftovers\n|upkeep\n|turn|54\n|inactive|Time left: 300 sec this turn | 300 sec total\n|\n|t:|1783563228\n|move|p2a: Wigglytuff|Alluring Voice|p1a: Dipplin\n|-resisted|p1a: Dipplin\n|-damage|p1a: Dipplin|13/100\n|move|p1a: Dipplin|Dragon Pulse|p2a: Wigglytuff\n|-immune|p2a: Wigglytuff\n|\n|-heal|p2a: Wigglytuff|278/424|[from] item: Leftovers\n|upkeep\n|turn|55\n|inactive|Time left: 300 sec this turn | 300 sec total\n|\n|t:|1783563229\n|move|p2a: Wigglytuff|Knock Off|p1a: Dipplin\n|-damage|p1a: Dipplin|0 fnt\n|-enditem|p1a: Dipplin|Eviolite|[from] move: Knock Off|[of] p2a: Wigglytuff\n|faint|p1a: Dipplin\n|\n|-heal|p2a: Wigglytuff|304/424|[from] item: Leftovers\n|upkeep\n|\n|t:|1783563229\n|switch|p1a: Regieleki|Regieleki, L79|88/100\n|turn|56\n|inactive|Time left: 300 sec this turn | 300 sec total\n|\n|t:|1783563230\n|move|p1a: Regieleki|Thunderbolt|p2a: Wigglytuff\n|-crit|p2a: Wigglytuff\n|-damage|p2a: Wigglytuff|63/424\n|move|p2a: Wigglytuff|Alluring Voice|p1a: Regieleki\n|-damage|p1a: Regieleki|23/100\n|\n|-heal|p2a: Wigglytuff|89/424|[from] item: Leftovers\n|upkeep\n|turn|57\n|inactive|Time left: 300 sec this turn | 300 sec total\n|\n|t:|1783563231\n|move|p1a: Regieleki|Thunderbolt|p2a: Wigglytuff\n|-damage|p2a: Wigglytuff|0 fnt\n|faint|p2a: Wigglytuff\n|\n|upkeep\n|inactive|Time left: 300 sec this turn | 300 sec total | 5 sec grace\n|\n|t:|1783563232\n|switch|p2a: Delphox|Delphox, L84, F|190/263\n|turn|58\n|inactive|Time left: 300 sec this turn | 300 sec total\n|\n|t:|1783563233\n|move|p1a: Regieleki|Volt Switch|p2a: Delphox\n|-damage|p2a: Delphox|88/263\n|\n|t:|1783563234\n|switch|p1a: Slither Wing|Slither Wing, L81|79/100|[from] Volt Switch\n|move|p2a: Delphox|Fire Blast|p1a: Slither Wing\n|-supereffective|p1a: Slither Wing\n|-damage|p1a: Slither Wing|0 fnt\n|faint|p1a: Slither Wing\n|-end|p1a: Slither Wing|Protosynthesis|[silent]\n|\n|upkeep\n|\n|t:|1783563235\n|switch|p1a: Regieleki|Regieleki, L79|23/100\n|turn|59\n|inactive|Time left: 300 sec this turn | 300 sec total\n|\n|t:|1783563236\n|move|p1a: Regieleki|Thunderbolt|p2a: Delphox\n|-damage|p2a: Delphox|0 fnt\n|faint|p2a: Delphox\n|\n|upkeep\n|inactive|Time left: 300 sec this turn | 300 sec total | 5 sec grace\n|\n|t:|1783563236\n|switch|p2a: Iron Hands|Iron Hands, L79|144/373\n|turn|60\n|inactive|Time left: 300 sec this turn | 300 sec total\n|\n|t:|1783563237\n|-terastallize|p2a: Iron Hands|Electric\n|move|p1a: Regieleki|Thunderbolt|p2a: Iron Hands\n|-resisted|p2a: Iron Hands\n|-damage|p2a: Iron Hands|81/373\n|move|p2a: Iron Hands|Wild Charge|p1a: Regieleki\n|-resisted|p1a: Regieleki\n|-crit|p1a: Regieleki\n|-damage|p1a: Regieleki|0 fnt\n|faint|p1a: Regieleki\n|-damage|p2a: Iron Hands|66/373|[from] Recoil\n|\n|win|p0y2070298a", "uploadtime": 1783563237, "views": 0, "rating": 0, "private": 0, "password": null, "_winner": "p0y2070298a", "_our_name": "p0y2070298a"}