{"id": "battle-gen9randombattle-170", "formatid": "gen9randombattle", "format": "[Gen 9] Random Battle", "players": ["p0x17046b6", "p0y1700c0a"], "log": "|init|battle\n|title|p0x17046b6 vs. p0y1700c0a\n|j|\u2606p0x17046b6\n|j|\u2606p0y1700c0a\n|t:|1783541562\n|gametype|singles\n|player|p1|p0x17046b6|170|\n|player|p2|p0y1700c0a|266|\n|gen|9\n|tier|[Gen 9] Random Battle\n|rule|Species Clause: Limit one of each Pok\u00e9mon\n|rule|HP Percentage Mod: HP is shown in percentages\n|rule|Sleep Clause Mod: Limit one foe put to sleep\n|rule|Illusion Level Mod: Illusion disguises the Pok\u00e9mon's true level\n|\n|t:|1783541562\n|teamsize|p1|6\n|teamsize|p2|6\n|start\n|switch|p1a: Corviknight|Corviknight, L80, F|288/288\n|switch|p2a: Zarude|Zarude-Dada, L77|100/100\n|-ability|p1a: Corviknight|Pressure\n|turn|1\n|inactive|Battle timer is ON: inactive players will automatically lose when time's up. (requested by p0y1700c0a)\n|inactive|Time left: 300 sec this turn | 300 sec total | 60 sec grace\n|inactive|p0x17046b6 also wants the timer to be on.\n|\n|t:|1783541564\n|move|p2a: Zarude|Swords Dance|p2a: Zarude\n|-boost|p2a: Zarude|atk|2\n|move|p1a: Corviknight|Brave Bird|p2a: Zarude\n|-supereffective|p2a: Zarude\n|-damage|p2a: Zarude|31/100\n|-damage|p1a: Corviknight|222/288|[from] Recoil\n|\n|upkeep\n|turn|2\n|inactive|Time left: 300 sec this turn | 300 sec total\n|\n|t:|1783541565\n|switch|p1a: Okidogi|Okidogi, L77, M|262/262\n|move|p2a: Zarude|Knock Off|p1a: Okidogi\n|-resisted|p1a: Okidogi\n|-damage|p1a: Okidogi|137/262\n|-enditem|p1a: Okidogi|Leftovers|[from] move: Knock Off|[of] p2a: Zarude\n|-damage|p2a: Zarude|21/100|[from] item: Life Orb\n|\n|upkeep\n|turn|3\n|inactive|Time left: 300 sec this turn | 300 sec total\n|\n|t:|1783541566\n|move|p2a: Zarude|Power Whip|p1a: Okidogi\n|-resisted|p1a: Okidogi\n|-damage|p1a: Okidogi|0 fnt\n|faint|p1a: Okidogi\n|-damage|p2a: Zarude|12/100|[from] item: Life Orb\n|\n|upkeep\n|inactive|Time left: 300 sec this turn | 300 sec total | 5 sec grace\n|\n|t:|1783541567\n|switch|p1a: Minior|Minior-Yellow, L79|224/224\n|-formechange|p1a: Minior|Minior-Meteor||[from] ability: Shields Down\n|turn|4\n|inactive|Time left: 300 sec this turn | 300 sec total\n|\n|t:|1783541568\n|switch|p1a: Corviknight|Corviknight, L80, F|222/288\n|-ability|p1a: Corviknight|Pressure\n|move|p2a: Zarude|Knock Off|p1a: Corviknight\n|-damage|p1a: Corviknight|0 fnt\n|-damage|p2a: Zarude|0 fnt|[from] item: Rocky Helmet|[of] p1a: Corviknight\n|faint|p1a: Corviknight\n|faint|p2a: Zarude\n|\n|upkeep\n|inactive|Time left: 300 sec this turn | 300 sec total | 5 sec grace\n|\n|t:|1783541569\n|switch|p2a: Eiscue|Eiscue, L88, M|100/100\n|switch|p1a: Decidueye|Decidueye-Hisui, L87, M|295/295\n|turn|5\n|inactive|Time left: 300 sec this turn | 300 sec total\n|\n|t:|1783541570\n|move|p1a: Decidueye|Triple Arrows|p2a: Eiscue\n|-activate|p2a: Eiscue|ability: Ice Face\n|-damage|p2a: Eiscue|100/100\n|detailschange|p2a: Eiscue|Eiscue-Noice, L88, M\n|cant|p2a: Eiscue|flinch\n|\n|upkeep\n|turn|6\n|inactive|Time left: 300 sec this turn | 300 sec total\n|\n|t:|1783541571\n|switch|p2a: Weezing|Weezing, L88, F|100/100\n|move|p1a: Decidueye|Triple Arrows|p2a: Weezing\n|-resisted|p2a: Weezing\n|-damage|p2a: Weezing|83/100\n|\n|-heal|p2a: Weezing|89/100|[from] item: Leftovers\n|upkeep\n|turn|7\n|inactive|Time left: 300 sec this turn | 300 sec total\n|\n|t:|1783541571\n|switch|p1a: Minior|Minior-Yellow, L79|224/224\n|-formechange|p1a: Minior|Minior-Meteor||[from] ability: Shields Down\n|move|p2a: Weezing|Gunk Shot|p1a: Minior\n|-resisted|p1a: Minior\n|-crit|p1a: Minior\n|-damage|p1a: Minior|125/224\n|\n|-heal|p2a: Weezing|95/100|[from] item: Leftovers\n|upkeep\n|turn|8\n|inactive|Time left: 300 sec this turn | 300 sec total\n|\n|t:|1783541572\n|move|p2a: Weezing|Gunk Shot|p1a: Minior|[miss]\n|-miss|p2a: Weezing|p1a: Minior\n|move|p1a: Minior|Shell Smash|p1a: Minior\n|-unboost|p1a: Minior|def|1\n|-unboost|p1a: Minior|spd|1\n|-boost|p1a: Minior|atk|2\n|-boost|p1a: Minior|spa|2\n|-boost|p1a: Minior|spe|2\n|-enditem|p1a: Minior|White Herb\n|-clearnegativeboost|p1a: Minior|[silent]\n|\n|-heal|p2a: Weezing|100/100|[from] item: Leftovers\n|upkeep\n|turn|9\n|inactive|Time left: 300 sec this turn | 300 sec total\n|\n|t:|1783541573\n|-terastallize|p2a: Weezing|Steel\n|move|p1a: Minior|Power Gem|p2a: Weezing\n|-resisted|p2a: Weezing\n|-damage|p2a: Weezing|75/100\n|move|p2a: Weezing|Gunk Shot|p1a: Minior|[miss]\n|-miss|p2a: Weezing|p1a: Minior\n|\n|-heal|p2a: Weezing|82/100|[from] item: Leftovers\n|upkeep\n|turn|10\n|inactive|Time left: 300 sec this turn | 300 sec total\n|\n|t:|1783541574\n|move|p1a: Minior|Acrobatics|p2a: Weezing\n|-resisted|p2a: Weezing\n|-damage|p2a: Weezing|62/100\n|move|p2a: Weezing|Gunk Shot|p1a: Minior\n|-resisted|p1a: Minior\n|-damage|p1a: Minior|62/224\n|\n|-heal|p2a: Weezing|68/100|[from] item: Leftovers\n|-formechange|p1a: Minior|Minior-Yellow||[from] ability: Shields Down\n|upkeep\n|turn|11\n|inactive|Time left: 300 sec this turn | 300 sec total\n|\n|t:|1783541575\n|move|p1a: Minior|Power Gem|p2a: Weezing\n|-resisted|p2a: Weezing\n|-damage|p2a: Weezing|35/100\n|move|p2a: Weezing|Gunk Shot|p1a: Minior\n|-resisted|p1a: Minior\n|-damage|p1a: Minior|0 fnt\n|faint|p1a: Minior\n|\n|-heal|p2a: Weezing|41/100|[from] item: Leftovers\n|upkeep\n|inactive|Time left: 300 sec this turn | 300 sec total | 5 sec grace\n|\n|t:|1783541576\n|switch|p1a: Zangoose|Zangoose, L85, M|263/263\n|turn|12\n|inactive|Time left: 300 sec this turn | 300 sec total\n|\n|t:|1783541577\n|move|p1a: Zangoose|Swords Dance|p1a: Zangoose\n|-boost|p1a: Zangoose|atk|2\n|move|p2a: Weezing|Pain Split|p1a: Zangoose\n|-sethp|p1a: Zangoose|183/263|[from] move: Pain Split|[silent]\n|-sethp|p2a: Weezing|71/100|[from] move: Pain Split\n|\n|-heal|p2a: Weezing|78/100|[from] item: Leftovers\n|-status|p1a: Zangoose|tox|[from] item: Toxic Orb\n|upkeep\n|turn|13\n|inactive|Time left: 300 sec this turn | 300 sec total\n|\n|t:|1783541578\n|move|p1a: Zangoose|Close Combat|p2a: Weezing\n|-supereffective|p2a: Weezing\n|-damage|p2a: Weezing|0 fnt\n|-unboost|p1a: Zangoose|def|1\n|-unboost|p1a: Zangoose|spd|1\n|faint|p2a: Weezing\n|\n|-damage|p1a: Zangoose|167/263 tox|[from] psn\n|upkeep\n|\n|t:|1783541579\n|switch|p2a: Espeon|Espeon, L84, M|100/100\n|turn|14\n|inactive|Time left: 300 sec this turn | 300 sec total\n|\n|t:|1783541580\n|move|p2a: Espeon|Psychic|p1a: Zangoose\n|-damage|p1a: Zangoose|0 fnt\n|faint|p1a: Zangoose\n|-damage|p2a: Espeon|91/100|[from] item: Life Orb\n|\n|upkeep\n|inactive|Time left: 300 sec this turn | 300 sec total | 5 sec grace\n|\n|t:|1783541580\n|switch|p1a: Deoxys|Deoxys-Attack, L72|191/191\n|-ability|p1a: Deoxys|Pressure\n|turn|15\n|inactive|Time left: 300 sec this turn | 300 sec total\n|\n|t:|1783541581\n|switch|p2a: Reshiram|Reshiram, L76|100/100\n|-ability|p2a: Reshiram|Turboblaze\n|move|p1a: Deoxys|Knock Off|p2a: Reshiram\n|-damage|p2a: Reshiram|58/100\n|-enditem|p2a: Reshiram|Heavy-Duty Boots|[from] move: Knock Off|[of] p1a: Deoxys\n|-damage|p1a: Deoxys|172/191|[from] item: Life Orb\n|\n|upkeep\n|turn|16\n|inactive|Time left: 300 sec this turn | 300 sec total\n|\n|t:|1783541582\n|move|p1a: Deoxys|Psycho Boost|p2a: Reshiram\n|-damage|p2a: Reshiram|0 fnt\n|-unboost|p1a: Deoxys|spa|2\n|faint|p2a: Reshiram\n|-damage|p1a: Deoxys|153/191|[from] item: Life Orb\n|\n|upkeep\n|\n|t:|1783541583\n|switch|p2a: Eiscue|Eiscue-Noice, L88, M|100/100\n|turn|17\n|inactive|Time left: 300 sec this turn | 300 sec total\n|\n|t:|1783541584\n|switch|p1a: Decidueye|Decidueye-Hisui, L87, M|295/295\n|move|p2a: Eiscue|Ice Spinner|p1a: Decidueye\n|-supereffective|p1a: Decidueye\n|-damage|p1a: Decidueye|139/295\n|\n|-heal|p1a: Decidueye|157/295|[from] item: Leftovers\n|upkeep\n|turn|18\n|inactive|Time left: 300 sec this turn | 300 sec total\n|\n|t:|1783541585\n|-terastallize|p1a: Decidueye|Water\n|move|p2a: Eiscue|Ice Spinner|p1a: Decidueye\n|-resisted|p1a: Decidueye\n|-damage|p1a: Decidueye|115/295\n|move|p1a: Decidueye|Triple Arrows|p2a: Eiscue\n|-supereffective|p2a: Eiscue\n|-damage|p2a: Eiscue|0 fnt\n|faint|p2a: Eiscue\n|\n|-heal|p1a: Decidueye|133/295|[from] item: Leftovers\n|upkeep\n|\n|t:|1783541586\n|switch|p2a: Espeon|Espeon, L84, M|91/100\n|turn|19\n|inactive|Time left: 300 sec this turn | 300 sec total\n|\n|t:|1783541587\n|move|p2a: Espeon|Psychic|p1a: Decidueye\n|-damage|p1a: Decidueye|0 fnt\n|faint|p1a: Decidueye\n|-damage|p2a: Espeon|81/100|[from] item: Life Orb\n|\n|upkeep\n|inactive|Time left: 300 sec this turn | 300 sec total | 5 sec grace\n|\n|t:|1783541588\n|switch|p1a: Deoxys|Deoxys-Attack, L72|153/191\n|-ability|p1a: Deoxys|Pressure\n|turn|20\n|inactive|Time left: 300 sec this turn | 300 sec total\n|\n|t:|1783541589\n|switch|p2a: Probopass|Probopass, L91, F|100/100\n|move|p1a: Deoxys|Knock Off|p2a: Probopass\n|-damage|p2a: Probopass|73/100\n|-enditem|p2a: Probopass|Chesto Berry|[from] move: Knock Off|[of] p1a: Deoxys\n|-damage|p1a: Deoxys|134/191|[from] item: Life Orb\n|\n|upkeep\n|turn|21\n|inactive|Time left: 300 sec this turn | 300 sec total\n|\n|t:|1783541590\n|move|p1a: Deoxys|Superpower|p2a: Probopass\n|-supereffective|p2a: Probopass\n|-damage|p2a: Probopass|0 fnt\n|-unboost|p1a: Deoxys|atk|1\n|-unboost|p1a: Deoxys|def|1\n|faint|p2a: Probopass\n|-damage|p1a: Deoxys|115/191|[from] item: Life Orb\n|\n|upkeep\n|\n|t:|1783541591\n|switch|p2a: Espeon|Espeon, L84, M|81/100\n|turn|22\n|inactive|Time left: 300 sec this turn | 300 sec total\n|\n|t:|1783541592\n|move|p1a: Deoxys|Knock Off|p2a: Espeon\n|-supereffective|p2a: Espeon\n|-damage|p2a: Espeon|5/100\n|-enditem|p2a: Espeon|Life Orb|[from] move: Knock Off|[of] p1a: Deoxys\n|-damage|p1a: Deoxys|96/191|[from] item: Life Orb\n|move|p2a: Espeon|Alluring Voice|p1a: Deoxys\n|-damage|p1a: Deoxys|0 fnt\n|faint|p1a: Deoxys\n|\n|win|p0y1700c0a", "uploadtime": 1783541592, "views": 0, "rating": 0, "private": 0, "password": null, "_winner": "p0y1700c0a", "_our_name": "p0x17046b6"}