{"id": "battle-gen9randombattle-20", "formatid": "gen9randombattle", "format": "[Gen 9] Random Battle", "players": ["p0x0206bd3", "p0y020403a"], "log": "|init|battle\n|title|p0x0206bd3 vs. p0y020403a\n|j|\u2606p0x0206bd3\n|j|\u2606p0y020403a\n|t:|1783539667\n|gametype|singles\n|player|p1|p0x0206bd3|265|\n|player|p2|p0y020403a|101|\n|gen|9\n|tier|[Gen 9] Random Battle\n|rule|Species Clause: Limit one of each Pok\u00e9mon\n|rule|HP Percentage Mod: HP is shown in percentages\n|rule|Sleep Clause Mod: Limit one foe put to sleep\n|rule|Illusion Level Mod: Illusion disguises the Pok\u00e9mon's true level\n|\n|t:|1783539667\n|teamsize|p1|6\n|teamsize|p2|6\n|start\n|switch|p1a: Basculin|Basculin-Blue-Striped, L86, M|100/100\n|switch|p2a: Quagsire|Quagsire, L84, F|297/297\n|turn|1\n|inactive|Battle timer is ON: inactive players will automatically lose when time's up. (requested by p0y020403a)\n|inactive|p0x0206bd3 also wants the timer to be on.\n|\n|t:|1783539668\n|switch|p2a: Sinistcha|Sinistcha, L83|254/254\n|move|p1a: Basculin|Wave Crash|p2a: Sinistcha\n|-resisted|p2a: Sinistcha\n|-damage|p2a: Sinistcha|140/254\n|-damage|p1a: Basculin|86/100|[from] Recoil\n|\n|-heal|p2a: Sinistcha|155/254|[from] item: Leftovers\n|upkeep\n|turn|2\n|inactive|Time left: 300 sec this turn | 300 sec total\n|\n|t:|1783539669\n|move|p1a: Basculin|Wave Crash|p2a: Sinistcha\n|-resisted|p2a: Sinistcha\n|-damage|p2a: Sinistcha|50/254\n|-damage|p1a: Basculin|73/100|[from] Recoil\n|move|p2a: Sinistcha|Matcha Gotcha|p1a: Basculin\n|-supereffective|p1a: Basculin\n|-damage|p1a: Basculin|0 fnt\n|-heal|p2a: Sinistcha|144/254|[from] drain|[of] p1a: Basculin\n|faint|p1a: Basculin\n|\n|-heal|p2a: Sinistcha|159/254|[from] item: Leftovers\n|upkeep\n|\n|t:|1783539670\n|switch|p1a: Grumpig|Grumpig, L92, F|100/100\n|turn|3\n|inactive|Time left: 300 sec this turn | 300 sec total\n|\n|t:|1783539671\n|move|p1a: Grumpig|Shadow Ball|p2a: Sinistcha\n|-supereffective|p2a: Sinistcha\n|-damage|p2a: Sinistcha|0 fnt\n|faint|p2a: Sinistcha\n|\n|upkeep\n|inactive|Time left: 300 sec this turn | 300 sec total | 5 sec grace\n|\n|t:|1783539672\n|switch|p2a: Komala|Komala, L87, M|255/255\n|-ability|p2a: Komala|Comatose\n|turn|4\n|inactive|Time left: 300 sec this turn | 300 sec total\n|\n|t:|1783539673\n|switch|p1a: Leafeon|Leafeon, L88, M|100/100\n|move|p2a: Komala|Knock Off|p1a: Leafeon\n|-damage|p1a: Leafeon|77/100\n|-enditem|p1a: Leafeon|Life Orb|[from] move: Knock Off|[of] p2a: Komala\n|\n|upkeep\n|turn|5\n|inactive|Time left: 300 sec this turn | 300 sec total\n|\n|t:|1783539674\n|switch|p2a: Ribombee|Ribombee, L83, F|235/235\n|move|p1a: Leafeon|Swords Dance|p1a: Leafeon\n|-boost|p1a: Leafeon|atk|2\n|\n|upkeep\n|turn|6\n|inactive|Time left: 300 sec this turn | 300 sec total\n|\n|t:|1783539675\n|switch|p1a: Flareon|Flareon, L90, F|100/100\n|move|p2a: Ribombee|Bug Buzz|p1a: Flareon\n|-resisted|p1a: Flareon\n|-damage|p1a: Flareon|86/100\n|\n|-status|p1a: Flareon|tox|[from] item: Toxic Orb\n|upkeep\n|turn|7\n|inactive|Time left: 300 sec this turn | 300 sec total\n|\n|t:|1783539676\n|move|p2a: Ribombee|Sticky Web|p1a: Flareon\n|-sidestart|p1: p0x0206bd3|move: Sticky Web\n|move|p1a: Flareon|Facade|p2a: Ribombee\n|-damage|p2a: Ribombee|0 fnt\n|faint|p2a: Ribombee\n|\n|-damage|p1a: Flareon|80/100 tox|[from] psn\n|upkeep\n|inactive|Time left: 300 sec this turn | 300 sec total | 5 sec grace\n|\n|t:|1783539678\n|switch|p2a: Dachsbun|Dachsbun, L92, F|254/254\n|turn|8\n|inactive|Time left: 300 sec this turn | 300 sec total\n|\n|t:|1783539679\n|move|p2a: Dachsbun|Play Rough|p1a: Flareon\n|-resisted|p1a: Flareon\n|-damage|p1a: Flareon|55/100 tox\n|move|p1a: Flareon|Facade|p2a: Dachsbun\n|-damage|p2a: Dachsbun|98/254\n|\n|-heal|p2a: Dachsbun|113/254|[from] item: Leftovers\n|-damage|p1a: Flareon|43/100 tox|[from] psn\n|upkeep\n|turn|9\n|inactive|Time left: 300 sec this turn | 300 sec total\n|\n|t:|1783539680\n|move|p2a: Dachsbun|Protect|p2a: Dachsbun\n|-singleturn|p2a: Dachsbun|Protect\n|move|p1a: Flareon|Facade|p2a: Dachsbun\n|-activate|p2a: Dachsbun|move: Protect\n|\n|-heal|p2a: Dachsbun|128/254|[from] item: Leftovers\n|-damage|p1a: Flareon|24/100 tox|[from] psn\n|upkeep\n|turn|10\n|inactive|Time left: 300 sec this turn | 300 sec total\n|\n|t:|1783539681\n|move|p2a: Dachsbun|Body Press|p1a: Flareon\n|-damage|p1a: Flareon|0 fnt\n|faint|p1a: Flareon\n|\n|-heal|p2a: Dachsbun|143/254|[from] item: Leftovers\n|upkeep\n|\n|t:|1783539682\n|switch|p1a: Leafeon|Leafeon, L88, M|77/100\n|-activate|p1a: Leafeon|move: Sticky Web\n|-unboost|p1a: Leafeon|spe|1\n|turn|11\n|inactive|Time left: 300 sec this turn | 300 sec total\n|\n|t:|1783539683\n|move|p2a: Dachsbun|Wish|p2a: Dachsbun\n|move|p1a: Leafeon|Swords Dance|p1a: Leafeon\n|-boost|p1a: Leafeon|atk|2\n|\n|-heal|p2a: Dachsbun|158/254|[from] item: Leftovers\n|upkeep\n|turn|12\n|inactive|Time left: 300 sec this turn | 300 sec total\n|\n|t:|1783539684\n|move|p2a: Dachsbun|Protect|p2a: Dachsbun\n|-singleturn|p2a: Dachsbun|Protect\n|move|p1a: Leafeon|Leaf Blade|p2a: Dachsbun\n|-activate|p2a: Dachsbun|move: Protect\n|\n|-heal|p2a: Dachsbun|254/254|[from] move: Wish|[wisher] Dachsbun\n|upkeep\n|turn|13\n|inactive|Time left: 300 sec this turn | 300 sec total\n|\n|t:|1783539686\n|move|p2a: Dachsbun|Play Rough|p1a: Leafeon\n|-damage|p1a: Leafeon|49/100\n|move|p1a: Leafeon|Leaf Blade|p2a: Dachsbun\n|-damage|p2a: Dachsbun|73/254\n|\n|-heal|p2a: Dachsbun|88/254|[from] item: Leftovers\n|upkeep\n|turn|14\n|inactive|Time left: 300 sec this turn | 300 sec total\n|\n|t:|1783539687\n|move|p2a: Dachsbun|Play Rough|p1a: Leafeon\n|-damage|p1a: Leafeon|21/100\n|move|p1a: Leafeon|Synthesis|p1a: Leafeon\n|-heal|p1a: Leafeon|71/100\n|\n|-heal|p2a: Dachsbun|103/254|[from] item: Leftovers\n|upkeep\n|turn|15\n|inactive|Time left: 300 sec this turn | 300 sec total\n|\n|t:|1783539688\n|move|p2a: Dachsbun|Protect|p2a: Dachsbun\n|-singleturn|p2a: Dachsbun|Protect\n|move|p1a: Leafeon|Leaf Blade|p2a: Dachsbun\n|-activate|p2a: Dachsbun|move: Protect\n|\n|-heal|p2a: Dachsbun|118/254|[from] item: Leftovers\n|upkeep\n|turn|16\n|inactive|Time left: 300 sec this turn | 300 sec total\n|\n|t:|1783539689\n|switch|p2a: Salazzle|Salazzle, L83, F|249/249\n|move|p1a: Leafeon|Leaf Blade|p2a: Salazzle\n|-resisted|p2a: Salazzle\n|-damage|p2a: Salazzle|178/249\n|\n|-heal|p2a: Salazzle|193/249|[from] item: Leftovers\n|upkeep\n|turn|17\n|inactive|Time left: 300 sec this turn | 300 sec total\n|\n|t:|1783539690\n|-terastallize|p1a: Leafeon|Dark\n|move|p2a: Salazzle|Flamethrower|p1a: Leafeon\n|-damage|p1a: Leafeon|24/100\n|move|p1a: Leafeon|Knock Off|p2a: Salazzle\n|-damage|p2a: Salazzle|0 fnt\n|-enditem|p2a: Salazzle|Leftovers|[from] move: Knock Off|[of] p1a: Leafeon\n|faint|p2a: Salazzle\n|\n|upkeep\n|inactive|Time left: 300 sec this turn | 300 sec total | 5 sec grace\n|\n|t:|1783539691\n|switch|p2a: Dachsbun|Dachsbun, L92, F|118/254\n|turn|18\n|inactive|Time left: 300 sec this turn | 300 sec total\n|\n|t:|1783539692\n|move|p2a: Dachsbun|Body Press|p1a: Leafeon\n|-supereffective|p1a: Leafeon\n|-damage|p1a: Leafeon|0 fnt\n|faint|p1a: Leafeon\n|\n|-heal|p2a: Dachsbun|133/254|[from] item: Leftovers\n|upkeep\n|\n|t:|1783539693\n|switch|p1a: Grumpig|Grumpig, L92, F|100/100\n|-activate|p1a: Grumpig|move: Sticky Web\n|-unboost|p1a: Grumpig|spe|1\n|turn|19\n|inactive|Time left: 300 sec this turn | 300 sec total\n|\n|t:|1783539694\n|move|p2a: Dachsbun|Wish|p2a: Dachsbun\n|move|p1a: Grumpig|Earth Power|p2a: Dachsbun\n|-damage|p2a: Dachsbun|28/254\n|-unboost|p2a: Dachsbun|spd|1\n|\n|-heal|p2a: Dachsbun|43/254|[from] item: Leftovers\n|upkeep\n|turn|20\n|inactive|Time left: 300 sec this turn | 300 sec total\n|\n|t:|1783539695\n|move|p2a: Dachsbun|Play Rough|p1a: Grumpig\n|-damage|p1a: Grumpig|65/100\n|move|p1a: Grumpig|Earth Power|p2a: Dachsbun\n|-damage|p2a: Dachsbun|0 fnt\n|faint|p2a: Dachsbun\n|\n|upkeep\n|inactive|Time left: 300 sec this turn | 300 sec total | 5 sec grace\n|\n|t:|1783539696\n|switch|p2a: Komala|Komala, L87, M|255/255\n|-ability|p2a: Komala|Comatose\n|turn|21\n|inactive|Time left: 300 sec this turn | 300 sec total\n|\n|t:|1783539697\n|switch|p1a: Baxcalibur|Baxcalibur, L75, F|100/100\n|move|p2a: Komala|Knock Off|p1a: Baxcalibur\n|-damage|p1a: Baxcalibur|69/100\n|-enditem|p1a: Baxcalibur|Heavy-Duty Boots|[from] move: Knock Off|[of] p2a: Komala\n|\n|upkeep\n|turn|22\n|inactive|Time left: 300 sec this turn | 300 sec total\n|\n|t:|1783539698\n|move|p1a: Baxcalibur|Glaive Rush|p2a: Komala\n|-damage|p2a: Komala|92/255\n|-singlemove|p1a: Baxcalibur|Glaive Rush|[silent]\n|move|p2a: Komala|Body Slam|p1a: Baxcalibur\n|-damage|p1a: Baxcalibur|0 fnt\n|faint|p1a: Baxcalibur\n|\n|upkeep\n|\n|t:|1783539699\n|switch|p1a: Blissey|Blissey, L85, F|100/100\n|-activate|p1a: Blissey|move: Sticky Web\n|-unboost|p1a: Blissey|spe|1\n|turn|23\n|inactive|Time left: 300 sec this turn | 300 sec total\n|\n|t:|1783539700\n|move|p2a: Komala|Rapid Spin|p1a: Blissey\n|-damage|p1a: Blissey|66/100\n|-boost|p2a: Komala|spe|1\n|move|p1a: Blissey|Soft-Boiled|p1a: Blissey\n|-heal|p1a: Blissey|100/100\n|\n|upkeep\n|turn|24\n|inactive|Time left: 300 sec this turn | 300 sec total\n|\n|t:|1783539702\n|move|p2a: Komala|Body Slam|p1a: Blissey\n|-damage|p1a: Blissey|41/100\n|-status|p1a: Blissey|par\n|move|p1a: Blissey|Seismic Toss|p2a: Komala\n|-damage|p2a: Komala|7/255\n|\n|-heal|p1a: Blissey|47/100 par|[from] item: Leftovers\n|upkeep\n|turn|25\n|inactive|Time left: 300 sec this turn | 300 sec total\n|\n|t:|1783539703\n|-curestatus|p1a: Blissey|par|[from] ability: Natural Cure|[silent]\n|switch|p1a: Grumpig|Grumpig, L92, F|65/100\n|-activate|p1a: Grumpig|move: Sticky Web\n|-unboost|p1a: Grumpig|spe|1\n|move|p2a: Komala|Body Slam|p1a: Grumpig\n|-damage|p1a: Grumpig|25/100\n|\n|upkeep\n|turn|26\n|inactive|Time left: 300 sec this turn | 300 sec total\n|\n|t:|1783539704\n|-terastallize|p2a: Komala|Ghost\n|move|p2a: Komala|Body Slam|p1a: Grumpig\n|-damage|p1a: Grumpig|0 fnt\n|faint|p1a: Grumpig\n|\n|upkeep\n|\n|t:|1783539705\n|switch|p1a: Blissey|Blissey, L85, F|47/100\n|-activate|p1a: Blissey|move: Sticky Web\n|-unboost|p1a: Blissey|spe|1\n|turn|27\n|inactive|Time left: 300 sec this turn | 300 sec total\n|\n|t:|1783539706\n|move|p2a: Komala|Body Slam|p1a: Blissey\n|-damage|p1a: Blissey|0 fnt\n|faint|p1a: Blissey\n|\n|win|p0y020403a", "uploadtime": 1783539706, "views": 0, "rating": 0, "private": 0, "password": null, "_winner": "p0y020403a", "_our_name": "p0y020403a"}