{"id": "battle-gen9randombattle-600", "formatid": "gen9randombattle", "format": "[Gen 9] Random Battle", "players": ["p0x600c805", "p0y6005a6c"], "log": "|init|battle\n|title|p0x600c805 vs. p0y6005a6c\n|j|\u2606p0x600c805\n|j|\u2606p0y6005a6c\n|t:|1783546053\n|gametype|singles\n|player|p1|p0x600c805|102|\n|player|p2|p0y6005a6c|101|\n|gen|9\n|tier|[Gen 9] Random Battle\n|rule|Species Clause: Limit one of each Pok\u00e9mon\n|rule|HP Percentage Mod: HP is shown in percentages\n|rule|Sleep Clause Mod: Limit one foe put to sleep\n|rule|Illusion Level Mod: Illusion disguises the Pok\u00e9mon's true level\n|\n|t:|1783546053\n|teamsize|p1|6\n|teamsize|p2|6\n|start\n|switch|p1a: Dondozo|Dondozo, L78, F|100/100\n|switch|p2a: Ditto|Ditto, L87|225/225\n|-transform|p2a: Ditto|p1a: Dondozo|[from] ability: Imposter\n|turn|1\n|inactive|Battle timer is ON: inactive players will automatically lose when time's up. (requested by p0y6005a6c)\n|\n|t:|1783546054\n|switch|p2a: Crawdaunt|Crawdaunt, L84, M|243/243\n|switch|p1a: Luxray|Luxray, L88, M|100/100\n|\n|-status|p1a: Luxray|brn|[from] item: Flame Orb\n|upkeep\n|turn|2\n|inactive|Time left: 300 sec this turn | 300 sec total\n|inactive|p0x600c805 also wants the timer to be on.\n|\n|t:|1783546056\n|-terastallize|p1a: Luxray|Normal\n|-terastallize|p2a: Crawdaunt|Fighting\n|move|p1a: Luxray|Facade|p2a: Crawdaunt\n|-damage|p2a: Crawdaunt|0 fnt\n|faint|p2a: Crawdaunt\n|\n|-damage|p1a: Luxray|94/100 brn|[from] brn\n|upkeep\n|inactive|Time left: 300 sec this turn | 300 sec total | 5 sec grace\n|\n|t:|1783546057\n|switch|p2a: Basculin|Basculin-Blue-Striped, L86, M|261/261\n|turn|3\n|inactive|Time left: 300 sec this turn | 300 sec total\n|\n|t:|1783546057\n|switch|p1a: Cloyster|Cloyster, L80, M|100/100\n|move|p2a: Basculin|Wave Crash|p1a: Cloyster\n|-resisted|p1a: Cloyster\n|-damage|p1a: Cloyster|63/100\n|-damage|p2a: Basculin|235/261|[from] Recoil\n|\n|upkeep\n|turn|4\n|inactive|Time left: 300 sec this turn | 300 sec total\n|\n|t:|1783546058\n|move|p2a: Basculin|Wave Crash|p1a: Cloyster\n|-resisted|p1a: Cloyster\n|-damage|p1a: Cloyster|26/100\n|-damage|p2a: Basculin|210/261|[from] Recoil\n|move|p1a: Cloyster|Shell Smash|p1a: Cloyster\n|-unboost|p1a: Cloyster|def|1\n|-unboost|p1a: Cloyster|spd|1\n|-boost|p1a: Cloyster|atk|2\n|-boost|p1a: Cloyster|spa|2\n|-boost|p1a: Cloyster|spe|2\n|-enditem|p1a: Cloyster|White Herb\n|-clearnegativeboost|p1a: Cloyster|[silent]\n|\n|upkeep\n|turn|5\n|inactive|Time left: 300 sec this turn | 300 sec total\n|\n|t:|1783546060\n|move|p1a: Cloyster|Rock Blast|p2a: Basculin\n|-damage|p2a: Basculin|168/261\n|-damage|p2a: Basculin|131/261\n|-damage|p2a: Basculin|94/261\n|-damage|p2a: Basculin|56/261\n|-damage|p2a: Basculin|16/261\n|-hitcount|p2a: Basculin|5\n|move|p2a: Basculin|Wave Crash|p1a: Cloyster\n|-resisted|p1a: Cloyster\n|-damage|p1a: Cloyster|0 fnt\n|faint|p1a: Cloyster\n|-damage|p2a: Basculin|0 fnt|[from] Recoil\n|faint|p2a: Basculin\n|\n|upkeep\n|inactive|Time left: 300 sec this turn | 300 sec total | 5 sec grace\n|\n|t:|1783546061\n|switch|p2a: Grimmsnarl|Grimmsnarl, L83, M|293/293\n|switch|p1a: Luxray|Luxray, L88, M, tera:Normal|94/100 brn\n|turn|6\n|inactive|Time left: 300 sec this turn | 300 sec total\n|\n|t:|1783546062\n|move|p2a: Grimmsnarl|Reflect|p2a: Grimmsnarl\n|-sidestart|p2: p0y6005a6c|Reflect\n|move|p1a: Luxray|Facade|p2a: Grimmsnarl\n|-damage|p2a: Grimmsnarl|106/293\n|\n|-damage|p1a: Luxray|88/100 brn|[from] brn\n|upkeep\n|turn|7\n|inactive|Time left: 300 sec this turn | 300 sec total\n|\n|t:|1783546063\n|move|p2a: Grimmsnarl|Light Screen|p2a: Grimmsnarl\n|-sidestart|p2: p0y6005a6c|move: Light Screen\n|move|p1a: Luxray|Facade|p2a: Grimmsnarl\n|-damage|p2a: Grimmsnarl|0 fnt\n|faint|p2a: Grimmsnarl\n|\n|-damage|p1a: Luxray|82/100 brn|[from] brn\n|upkeep\n|inactive|Time left: 300 sec this turn | 300 sec total | 5 sec grace\n|\n|t:|1783546064\n|switch|p2a: Blaziken|Blaziken, L76, F|247/247\n|turn|8\n|inactive|Time left: 300 sec this turn | 300 sec total\n|\n|t:|1783546065\n|move|p1a: Luxray|Facade|p2a: Blaziken\n|-damage|p2a: Blaziken|50/247\n|move|p2a: Blaziken|Swords Dance|p2a: Blaziken\n|-boost|p2a: Blaziken|atk|2\n|\n|-damage|p1a: Luxray|76/100 brn|[from] brn\n|-ability|p2a: Blaziken|Speed Boost|boost\n|-boost|p2a: Blaziken|spe|1\n|upkeep\n|turn|9\n|inactive|Time left: 300 sec this turn | 300 sec total\n|\n|t:|1783546066\n|switch|p1a: Dondozo|Dondozo, L78, F|100/100\n|move|p2a: Blaziken|Close Combat|p1a: Dondozo\n|-damage|p1a: Dondozo|59/100\n|-unboost|p2a: Blaziken|def|1\n|-unboost|p2a: Blaziken|spd|1\n|-damage|p2a: Blaziken|26/247|[from] item: Life Orb\n|\n|-heal|p1a: Dondozo|65/100|[from] item: Leftovers\n|-ability|p2a: Blaziken|Speed Boost|boost\n|-boost|p2a: Blaziken|spe|1\n|upkeep\n|turn|10\n|inactive|Time left: 300 sec this turn | 300 sec total\n|\n|t:|1783546067\n|move|p2a: Blaziken|Close Combat|p1a: Dondozo\n|-damage|p1a: Dondozo|26/100\n|-unboost|p2a: Blaziken|def|1\n|-unboost|p2a: Blaziken|spd|1\n|-damage|p2a: Blaziken|2/247|[from] item: Life Orb\n|move|p1a: Dondozo|Wave Crash|p2a: Blaziken\n|-supereffective|p2a: Blaziken\n|-damage|p2a: Blaziken|0 fnt\n|faint|p2a: Blaziken\n|-damage|p1a: Dondozo|26/100|[from] Recoil\n|\n|-heal|p1a: Dondozo|32/100|[from] item: Leftovers\n|upkeep\n|inactive|Time left: 300 sec this turn | 300 sec total | 5 sec grace\n|\n|t:|1783546068\n|switch|p2a: Grafaiai|Grafaiai, L86, F|249/249\n|turn|11\n|inactive|Time left: 300 sec this turn | 300 sec total\n|\n|t:|1783546069\n|move|p2a: Grafaiai|Swords Dance|p2a: Grafaiai\n|-boost|p2a: Grafaiai|atk|2\n|move|p1a: Dondozo|Rest|p1a: Dondozo\n|-status|p1a: Dondozo|slp|[from] move: Rest\n|-heal|p1a: Dondozo|100/100 slp|[silent]\n|\n|upkeep\n|turn|12\n|inactive|Time left: 300 sec this turn | 300 sec total\n|\n|t:|1783546071\n|move|p2a: Grafaiai|Gunk Shot|p1a: Dondozo\n|-damage|p1a: Dondozo|56/100 slp\n|-damage|p2a: Grafaiai|225/249|[from] item: Life Orb\n|cant|p1a: Dondozo|slp\n|move|p1a: Dondozo|Sleep Talk|p1a: Dondozo\n|move|p1a: Dondozo|Curse|p1a: Dondozo|[from] move: Sleep Talk\n|-unboost|p1a: Dondozo|spe|1\n|-boost|p1a: Dondozo|atk|1\n|-boost|p1a: Dondozo|def|1\n|\n|-heal|p1a: Dondozo|62/100 slp|[from] item: Leftovers\n|upkeep\n|turn|13\n|inactive|Time left: 300 sec this turn | 300 sec total\n|\n|t:|1783546072\n|move|p2a: Grafaiai|Knock Off|p1a: Dondozo\n|-damage|p1a: Dondozo|48/100 slp\n|-enditem|p1a: Dondozo|Leftovers|[from] move: Knock Off|[of] p2a: Grafaiai\n|-damage|p2a: Grafaiai|201/249|[from] item: Life Orb\n|cant|p1a: Dondozo|slp\n|\n|-sideend|p2: p0y6005a6c|Reflect\n|upkeep\n|turn|14\n|inactive|Time left: 300 sec this turn | 300 sec total\n|\n|t:|1783546073\n|switch|p2a: Ditto|Ditto, L87|225/225\n|-transform|p2a: Ditto|p1a: Dondozo|[from] ability: Imposter\n|-curestatus|p1a: Dondozo|slp|[msg]\n|move|p1a: Dondozo|Wave Crash|p2a: Ditto\n|-resisted|p2a: Ditto\n|-damage|p2a: Ditto|174/225\n|-damage|p1a: Dondozo|43/100|[from] Recoil\n|\n|-sideend|p2: p0y6005a6c|move: Light Screen\n|upkeep\n|turn|15\n|inactive|Time left: 300 sec this turn | 300 sec total\n|\n|t:|1783546074\n|move|p2a: Ditto|Wave Crash|p1a: Dondozo\n|-resisted|p1a: Dondozo\n|-damage|p1a: Dondozo|29/100\n|-damage|p2a: Ditto|157/225|[from] Recoil\n|move|p1a: Dondozo|Wave Crash|p2a: Ditto\n|-resisted|p2a: Ditto\n|-damage|p2a: Ditto|107/225\n|-damage|p1a: Dondozo|24/100|[from] Recoil\n|\n|upkeep\n|turn|16\n|inactive|Time left: 300 sec this turn | 300 sec total\n|\n|t:|1783546075\n|move|p2a: Ditto|Wave Crash|p1a: Dondozo\n|-resisted|p1a: Dondozo\n|-damage|p1a: Dondozo|9/100\n|-damage|p2a: Ditto|89/225|[from] Recoil\n|move|p1a: Dondozo|Rest|p1a: Dondozo\n|-status|p1a: Dondozo|slp|[from] move: Rest\n|-heal|p1a: Dondozo|100/100 slp|[silent]\n|\n|upkeep\n|turn|17\n|inactive|Time left: 300 sec this turn | 300 sec total\n|\n|t:|1783546076\n|switch|p2a: Grafaiai|Grafaiai, L86, F|201/249\n|switch|p1a: Latios|Latios, L78, M|100/100\n|\n|upkeep\n|turn|18\n|inactive|Time left: 300 sec this turn | 300 sec total\n|\n|t:|1783546077\n|move|p2a: Grafaiai|Knock Off|p1a: Latios\n|-supereffective|p1a: Latios\n|-damage|p1a: Latios|11/100\n|-enditem|p1a: Latios|Soul Dew|[from] move: Knock Off|[of] p2a: Grafaiai\n|-damage|p2a: Grafaiai|177/249|[from] item: Life Orb\n|move|p1a: Latios|Luster Purge|p2a: Grafaiai\n|-supereffective|p2a: Grafaiai\n|-damage|p2a: Grafaiai|0 fnt\n|faint|p2a: Grafaiai\n|\n|upkeep\n|inactive|Time left: 300 sec this turn | 300 sec total | 5 sec grace\n|\n|t:|1783546077\n|switch|p2a: Ditto|Ditto, L87|89/225\n|-transform|p2a: Ditto|p1a: Latios|[from] ability: Imposter\n|turn|19\n|inactive|Time left: 300 sec this turn | 300 sec total\n|\n|t:|1783546078\n|move|p2a: Ditto|Aura Sphere|p1a: Latios\n|-resisted|p1a: Latios\n|-damage|p1a: Latios|0 fnt\n|faint|p1a: Latios\n|\n|upkeep\n|\n|t:|1783546079\n|switch|p1a: Luxray|Luxray, L88, M, tera:Normal|76/100 brn\n|turn|20\n|inactive|Time left: 300 sec this turn | 300 sec total\n|\n|t:|1783546080\n|move|p2a: Ditto|Aura Sphere|p1a: Luxray\n|-supereffective|p1a: Luxray\n|-damage|p1a: Luxray|22/100 brn\n|move|p1a: Luxray|Facade|p2a: Ditto\n|-damage|p2a: Ditto|0 fnt\n|faint|p2a: Ditto\n|\n|win|p0x600c805", "uploadtime": 1783546080, "views": 0, "rating": 0, "private": 0, "password": null, "_winner": "p0x600c805", "_our_name": "p0y6005a6c"}