{"id": "battle-gen9randombattle-1449", "formatid": "gen9randombattle", "format": "[Gen 9] Random Battle", "players": ["p0x14491017", "p0y14495b41"], "log": "|init|battle\n|title|p0x14491017 vs. p0y14495b41\n|j|\u2606p0x14491017\n|j|\u2606p0y14495b41\n|t:|1783556873\n|gametype|singles\n|player|p1|p0x14491017|2|\n|player|p2|p0y14495b41|265|\n|gen|9\n|tier|[Gen 9] Random Battle\n|rule|Species Clause: Limit one of each Pok\u00e9mon\n|rule|HP Percentage Mod: HP is shown in percentages\n|rule|Sleep Clause Mod: Limit one foe put to sleep\n|rule|Illusion Level Mod: Illusion disguises the Pok\u00e9mon's true level\n|\n|t:|1783556873\n|teamsize|p1|6\n|teamsize|p2|6\n|start\n|switch|p1a: Piloswine|Piloswine, L85, M|100/100\n|switch|p2a: Mudsdale|Mudsdale, L83, M|302/302\n|turn|1\n|inactive|Battle timer is ON: inactive players will automatically lose when time's up. (requested by p0y14495b41)\n|inactive|p0x14491017 also wants the timer to be on.\n|\n|t:|1783556875\n|switch|p2a: Hariyama|Hariyama, L87, M|392/392\n|move|p1a: Piloswine|Stealth Rock|p2a: Hariyama\n|-sidestart|p2: p0y14495b41|move: Stealth Rock\n|\n|-status|p2a: Hariyama|brn|[from] item: Flame Orb\n|upkeep\n|turn|2\n|inactive|Time left: 300 sec this turn | 300 sec total\n|\n|t:|1783556876\n|move|p2a: Hariyama|Close Combat|p1a: Piloswine\n|-supereffective|p1a: Piloswine\n|-damage|p1a: Piloswine|0 fnt\n|-unboost|p2a: Hariyama|def|1\n|-unboost|p2a: Hariyama|spd|1\n|faint|p1a: Piloswine\n|\n|-damage|p2a: Hariyama|368/392 brn|[from] brn\n|upkeep\n|\n|t:|1783556877\n|switch|p1a: Ludicolo|Ludicolo, L90, M|100/100\n|turn|3\n|inactive|Time left: 300 sec this turn | 300 sec total\n|\n|t:|1783556878\n|move|p1a: Ludicolo|Hydro Pump|p2a: Hariyama\n|-damage|p2a: Hariyama|0 fnt\n|faint|p2a: Hariyama\n|\n|upkeep\n|inactive|Time left: 300 sec this turn | 300 sec total | 5 sec grace\n|\n|t:|1783556879\n|switch|p2a: Enamorus|Enamorus-Therian, L83, F|259/259\n|-damage|p2a: Enamorus|195/259|[from] Stealth Rock\n|turn|4\n|inactive|Time left: 300 sec this turn | 300 sec total\n|\n|t:|1783556880\n|move|p1a: Ludicolo|Hydro Pump|p2a: Enamorus\n|-damage|p2a: Enamorus|86/259\n|move|p2a: Enamorus|Moonblast|p1a: Ludicolo\n|-damage|p1a: Ludicolo|64/100\n|\n|upkeep\n|turn|5\n|inactive|Time left: 300 sec this turn | 300 sec total\n|\n|t:|1783556881\n|move|p1a: Ludicolo|Hydro Pump|p2a: Enamorus\n|-damage|p2a: Enamorus|0 fnt\n|faint|p2a: Enamorus\n|\n|upkeep\n|inactive|Time left: 300 sec this turn | 300 sec total | 5 sec grace\n|\n|t:|1783556882\n|switch|p2a: Gengar|Gengar, L81, F|230/230\n|-damage|p2a: Gengar|202/230|[from] Stealth Rock\n|turn|6\n|inactive|Time left: 300 sec this turn | 300 sec total\n|\n|t:|1783556883\n|switch|p1a: Basculegion|Basculegion, L80, M|100/100\n|move|p2a: Gengar|Sludge Wave|p1a: Basculegion\n|-resisted|p1a: Basculegion\n|-damage|p1a: Basculegion|80/100\n|-damage|p2a: Gengar|179/230|[from] item: Life Orb\n|\n|upkeep\n|turn|7\n|inactive|Time left: 300 sec this turn | 300 sec total\n|\n|t:|1783556884\n|move|p2a: Gengar|Will-O-Wisp|p1a: Basculegion\n|-status|p1a: Basculegion|brn\n|move|p1a: Basculegion|Wave Crash|p2a: Gengar\n|-damage|p2a: Gengar|58/230\n|-damage|p1a: Basculegion|68/100 brn|[from] Recoil\n|\n|-damage|p1a: Basculegion|62/100 brn|[from] brn\n|upkeep\n|turn|8\n|inactive|Time left: 300 sec this turn | 300 sec total\n|\n|t:|1783556885\n|move|p2a: Gengar|Shadow Ball|p1a: Basculegion\n|-supereffective|p1a: Basculegion\n|-damage|p1a: Basculegion|0 fnt\n|faint|p1a: Basculegion\n|-damage|p2a: Gengar|35/230|[from] item: Life Orb\n|\n|upkeep\n|\n|t:|1783556886\n|switch|p1a: Iron Leaves|Iron Leaves, L80|100/100\n|turn|9\n|inactive|Time left: 300 sec this turn | 300 sec total\n|\n|t:|1783556887\n|move|p2a: Gengar|Sludge Wave|p1a: Iron Leaves\n|-damage|p1a: Iron Leaves|9/100\n|replace|p1a: Zoroark|Zoroark, L83, M\n|-end|p1a: Zoroark|Illusion\n|-hint|Illusion Level Mod is active, so this Pok\u00e9mon's true level was hidden.\n|-damage|p2a: Gengar|12/230|[from] item: Life Orb\n|move|p1a: Zoroark|Dark Pulse|p2a: Gengar\n|-supereffective|p2a: Gengar\n|-damage|p2a: Gengar|0 fnt\n|faint|p2a: Gengar\n|\n|upkeep\n|inactive|Time left: 300 sec this turn | 300 sec total | 5 sec grace\n|\n|t:|1783556888\n|switch|p2a: Blaziken|Blaziken, L76, M|247/247\n|-damage|p2a: Blaziken|217/247|[from] Stealth Rock\n|turn|10\n|inactive|Time left: 300 sec this turn | 300 sec total\n|\n|t:|1783556889\n|move|p1a: Zoroark|Dark Pulse|p2a: Blaziken\n|-resisted|p2a: Blaziken\n|-damage|p2a: Blaziken|115/247\n|move|p2a: Blaziken|Swords Dance|p2a: Blaziken\n|-boost|p2a: Blaziken|atk|2\n|\n|-ability|p2a: Blaziken|Speed Boost|boost\n|-boost|p2a: Blaziken|spe|1\n|upkeep\n|turn|11\n|inactive|Time left: 300 sec this turn | 300 sec total\n|\n|t:|1783556890\n|move|p2a: Blaziken|Knock Off|p1a: Zoroark\n|-resisted|p1a: Zoroark\n|-damage|p1a: Zoroark|0 fnt\n|-enditem|p1a: Zoroark|Choice Specs|[from] move: Knock Off|[of] p2a: Blaziken\n|faint|p1a: Zoroark\n|-damage|p2a: Blaziken|91/247|[from] item: Life Orb\n|\n|-ability|p2a: Blaziken|Speed Boost|boost\n|-boost|p2a: Blaziken|spe|1\n|upkeep\n|\n|t:|1783556891\n|switch|p1a: Arbok|Arbok, L87, F|100/100\n|-ability|p1a: Arbok|Intimidate|boost\n|-unboost|p2a: Blaziken|atk|1\n|turn|12\n|inactive|Time left: 300 sec this turn | 300 sec total\n|\n|t:|1783556892\n|move|p2a: Blaziken|Flare Blitz|p1a: Arbok\n|-damage|p1a: Arbok|0 fnt\n|faint|p1a: Arbok\n|-damage|p2a: Blaziken|10/247|[from] Recoil\n|-damage|p2a: Blaziken|0 fnt|[from] item: Life Orb\n|faint|p2a: Blaziken\n|\n|upkeep\n|inactive|Time left: 300 sec this turn | 300 sec total | 5 sec grace\n|\n|t:|1783556893\n|switch|p1a: Ludicolo|Ludicolo, L90, M|64/100\n|switch|p2a: Mudsdale|Mudsdale, L83, M|302/302\n|-damage|p2a: Mudsdale|284/302|[from] Stealth Rock\n|turn|13\n|inactive|Time left: 300 sec this turn | 300 sec total\n|\n|t:|1783556894\n|-terastallize|p2a: Mudsdale|Steel\n|move|p1a: Ludicolo|Hydro Pump|p2a: Mudsdale\n|-damage|p2a: Mudsdale|98/302\n|-ability|p2a: Mudsdale|Stamina|boost\n|-boost|p2a: Mudsdale|def|1\n|move|p2a: Mudsdale|Roar|p1a: Ludicolo\n|drag|p1a: Iron Leaves|Iron Leaves, L80|100/100\n|\n|-heal|p2a: Mudsdale|116/302|[from] item: Leftovers\n|upkeep\n|turn|14\n|inactive|Time left: 300 sec this turn | 300 sec total\n|\n|t:|1783556895\n|-terastallize|p1a: Iron Leaves|Fighting\n|move|p1a: Iron Leaves|Close Combat|p2a: Mudsdale\n|-supereffective|p2a: Mudsdale\n|-damage|p2a: Mudsdale|0 fnt\n|-unboost|p1a: Iron Leaves|def|1\n|-unboost|p1a: Iron Leaves|spd|1\n|faint|p2a: Mudsdale\n|\n|upkeep\n|inactive|Time left: 300 sec this turn | 300 sec total | 5 sec grace\n|\n|t:|1783556896\n|switch|p2a: Donphan|Donphan, L84, M|288/288\n|-damage|p2a: Donphan|270/288|[from] Stealth Rock\n|turn|15\n|inactive|Time left: 300 sec this turn | 300 sec total\n|\n|t:|1783556897\n|move|p1a: Iron Leaves|Close Combat|p2a: Donphan\n|-damage|p2a: Donphan|102/288\n|-unboost|p1a: Iron Leaves|def|1\n|-unboost|p1a: Iron Leaves|spd|1\n|move|p2a: Donphan|Ice Spinner|p1a: Iron Leaves\n|-damage|p1a: Iron Leaves|47/100\n|\n|upkeep\n|turn|16\n|inactive|Time left: 300 sec this turn | 300 sec total\n|\n|t:|1783556898\n|move|p1a: Iron Leaves|Close Combat|p2a: Donphan\n|-damage|p2a: Donphan|0 fnt\n|-unboost|p1a: Iron Leaves|def|1\n|-unboost|p1a: Iron Leaves|spd|1\n|faint|p2a: Donphan\n|\n|win|p0x14491017", "uploadtime": 1783556898, "views": 0, "rating": 0, "private": 0, "password": null, "_winner": "p0x14491017", "_our_name": "p0y14495b41"}