{"id": "battle-gen9randombattle-1875", "formatid": "gen9randombattle", "format": "[Gen 9] Random Battle", "players": ["p0x1875b6d4", "p0y1875678e"], "log": "|init|battle\n|title|p0x1875b6d4 vs. p0y1875678e\n|j|\u2606p0x1875b6d4\n|j|\u2606p0y1875678e\n|t:|1783560958\n|gametype|singles\n|player|p1|p0x1875b6d4|170|\n|player|p2|p0y1875678e|101|\n|gen|9\n|tier|[Gen 9] Random Battle\n|rule|Species Clause: Limit one of each Pok\u00e9mon\n|rule|HP Percentage Mod: HP is shown in percentages\n|rule|Sleep Clause Mod: Limit one foe put to sleep\n|rule|Illusion Level Mod: Illusion disguises the Pok\u00e9mon's true level\n|\n|t:|1783560958\n|teamsize|p1|6\n|teamsize|p2|6\n|start\n|switch|p1a: Dragapult|Dragapult, L77, M|100/100\n|switch|p2a: Lumineon|Lumineon, L93, M|279/279\n|turn|1\n|inactive|Battle timer is ON: inactive players will automatically lose when time's up. (requested by p0y1875678e)\n|inactive|p0x1875b6d4 also wants the timer to be on.\n|\n|t:|1783560959\n|move|p1a: Dragapult|Dragon Dance|p1a: Dragapult\n|-boost|p1a: Dragapult|atk|1\n|-boost|p1a: Dragapult|spe|1\n|move|p2a: Lumineon|Ice Beam|p1a: Dragapult\n|-supereffective|p1a: Dragapult\n|-damage|p1a: Dragapult|25/100\n|-damage|p2a: Lumineon|252/279|[from] item: Life Orb\n|\n|upkeep\n|turn|2\n|inactive|Time left: 300 sec this turn | 300 sec total\n|\n|t:|1783560960\n|move|p1a: Dragapult|Dragon Darts|p2a: Lumineon\n|-damage|p2a: Lumineon|145/279\n|-anim|p1a: Dragapult|Dragon Darts|p2a: Lumineon\n|-damage|p2a: Lumineon|36/279\n|-damage|p1a: Dragapult|15/100|[from] item: Life Orb\n|move|p2a: Lumineon|Alluring Voice|p1a: Dragapult\n|-supereffective|p1a: Dragapult\n|-damage|p1a: Dragapult|0 fnt\n|faint|p1a: Dragapult\n|-damage|p2a: Lumineon|9/279|[from] item: Life Orb\n|\n|upkeep\n|\n|t:|1783560961\n|switch|p1a: Flutter Mane|Flutter Mane, L74|100/100\n|turn|3\n|inactive|Time left: 300 sec this turn | 300 sec total\n|\n|t:|1783560962\n|switch|p2a: Golurk|Golurk, L87|297/297\n|move|p1a: Flutter Mane|Calm Mind|p1a: Flutter Mane\n|-boost|p1a: Flutter Mane|spa|1\n|-boost|p1a: Flutter Mane|spd|1\n|\n|upkeep\n|turn|4\n|inactive|Time left: 300 sec this turn | 300 sec total\n|\n|t:|1783560963\n|switch|p2a: Wo-Chien|Wo-Chien, L83|277/277\n|-ability|p2a: Wo-Chien|Tablets of Ruin\n|move|p1a: Flutter Mane|Shadow Ball|p2a: Wo-Chien\n|-resisted|p2a: Wo-Chien\n|-damage|p2a: Wo-Chien|215/277\n|-damage|p1a: Flutter Mane|91/100|[from] item: Life Orb\n|\n|-heal|p2a: Wo-Chien|232/277|[from] item: Leftovers\n|upkeep\n|turn|5\n|inactive|Time left: 300 sec this turn | 300 sec total\n|\n|t:|1783560964\n|-terastallize|p2a: Wo-Chien|Poison\n|move|p1a: Flutter Mane|Moonblast|p2a: Wo-Chien\n|-resisted|p2a: Wo-Chien\n|-damage|p2a: Wo-Chien|155/277\n|-damage|p1a: Flutter Mane|81/100|[from] item: Life Orb\n|move|p2a: Wo-Chien|Knock Off|p1a: Flutter Mane\n|-damage|p1a: Flutter Mane|12/100\n|-enditem|p1a: Flutter Mane|Life Orb|[from] move: Knock Off|[of] p2a: Wo-Chien\n|\n|-heal|p2a: Wo-Chien|172/277|[from] item: Leftovers\n|upkeep\n|turn|6\n|inactive|Time left: 300 sec this turn | 300 sec total\n|\n|t:|1783560965\n|move|p1a: Flutter Mane|Shadow Ball|p2a: Wo-Chien\n|-damage|p2a: Wo-Chien|82/277\n|move|p2a: Wo-Chien|Leech Seed|p1a: Flutter Mane\n|-start|p1a: Flutter Mane|move: Leech Seed\n|\n|-heal|p2a: Wo-Chien|99/277|[from] item: Leftovers\n|-damage|p1a: Flutter Mane|0 fnt|[from] Leech Seed|[of] p2a: Wo-Chien\n|-heal|p2a: Wo-Chien|123/277|[silent]\n|faint|p1a: Flutter Mane\n|-end|p1a: Flutter Mane|Protosynthesis|[silent]\n|upkeep\n|\n|t:|1783560966\n|switch|p1a: Reshiram|Reshiram, L76|100/100\n|-ability|p1a: Reshiram|Turboblaze\n|turn|7\n|inactive|Time left: 300 sec this turn | 300 sec total\n|\n|t:|1783560967\n|move|p1a: Reshiram|Blue Flare|p2a: Wo-Chien\n|-damage|p2a: Wo-Chien|12/277\n|move|p2a: Wo-Chien|Ruination|p1a: Reshiram\n|-damage|p1a: Reshiram|51/100\n|\n|-heal|p2a: Wo-Chien|29/277|[from] item: Leftovers\n|upkeep\n|turn|8\n|inactive|Time left: 300 sec this turn | 300 sec total\n|\n|t:|1783560968\n|move|p2a: Wo-Chien|Protect|p2a: Wo-Chien\n|-singleturn|p2a: Wo-Chien|Protect\n|move|p1a: Reshiram|Earth Power|p2a: Wo-Chien\n|-activate|p2a: Wo-Chien|move: Protect\n|\n|-heal|p2a: Wo-Chien|46/277|[from] item: Leftovers\n|upkeep\n|turn|9\n|inactive|Time left: 300 sec this turn | 300 sec total\n|\n|t:|1783560969\n|move|p1a: Reshiram|Blue Flare|p2a: Wo-Chien\n|-damage|p2a: Wo-Chien|0 fnt\n|faint|p2a: Wo-Chien\n|\n|upkeep\n|inactive|Time left: 300 sec this turn | 300 sec total | 5 sec grace\n|\n|t:|1783560970\n|switch|p2a: Urshifu|Urshifu-Rapid-Strike, L75, M|274/274\n|turn|10\n|inactive|Time left: 300 sec this turn | 300 sec total\n|\n|t:|1783560971\n|move|p2a: Urshifu|Surging Strikes|p1a: Reshiram\n|-crit|p1a: Reshiram\n|-damage|p1a: Reshiram|29/100\n|-crit|p1a: Reshiram\n|-damage|p1a: Reshiram|10/100\n|-crit|p1a: Reshiram\n|-damage|p1a: Reshiram|0 fnt\n|faint|p1a: Reshiram\n|-hitcount|p1: Reshiram|3\n|-damage|p2a: Urshifu|247/274|[from] item: Life Orb\n|\n|upkeep\n|\n|t:|1783560972\n|switch|p1a: Cobalion|Cobalion, L80|100/100\n|turn|11\n|inactive|Time left: 300 sec this turn | 300 sec total\n|\n|t:|1783560973\n|switch|p2a: Golurk|Golurk, L87|297/297\n|-terastallize|p1a: Cobalion|Fighting\n|move|p1a: Cobalion|Swords Dance|p1a: Cobalion\n|-boost|p1a: Cobalion|atk|2\n|\n|upkeep\n|turn|12\n|inactive|Time left: 300 sec this turn | 300 sec total\n|\n|t:|1783560973\n|switch|p2a: Gothitelle|Gothitelle, L90, M|272/272\n|move|p1a: Cobalion|Iron Head|p2a: Gothitelle\n|-damage|p2a: Gothitelle|140/272\n|\n|upkeep\n|turn|13\n|inactive|Time left: 300 sec this turn | 300 sec total\n|\n|t:|1783560974\n|move|p2a: Gothitelle|Psychic|p1a: Cobalion\n|-supereffective|p1a: Cobalion\n|-damage|p1a: Cobalion|2/100\n|move|p1a: Cobalion|Close Combat|p2a: Gothitelle\n|-resisted|p2a: Gothitelle\n|-damage|p2a: Gothitelle|4/272\n|-unboost|p1a: Cobalion|def|1\n|-unboost|p1a: Cobalion|spd|1\n|\n|-heal|p1a: Cobalion|8/100|[from] item: Leftovers\n|upkeep\n|turn|14\n|inactive|Time left: 300 sec this turn | 300 sec total\n|\n|t:|1783560976\n|move|p2a: Gothitelle|Psychic|p1a: Cobalion\n|-supereffective|p1a: Cobalion\n|-damage|p1a: Cobalion|0 fnt\n|faint|p1a: Cobalion\n|\n|upkeep\n|\n|t:|1783560976\n|switch|p1a: Barraskewda|Barraskewda, L81, F|100/100\n|turn|15\n|inactive|Time left: 300 sec this turn | 300 sec total\n|\n|t:|1783560977\n|switch|p2a: Lumineon|Lumineon, L93, M|9/279\n|move|p1a: Barraskewda|Waterfall|p2a: Lumineon\n|-ability|p2a: Lumineon|Storm Drain|boost\n|-boost|p2a: Lumineon|spa|1\n|\n|upkeep\n|turn|16\n|inactive|Time left: 300 sec this turn | 300 sec total\n|\n|t:|1783560978\n|move|p1a: Barraskewda|Waterfall|p2a: Lumineon\n|-ability|p2a: Lumineon|Storm Drain|boost\n|-boost|p2a: Lumineon|spa|1\n|move|p2a: Lumineon|Hydro Pump|p1a: Barraskewda\n|-resisted|p1a: Barraskewda\n|-damage|p1a: Barraskewda|10/100\n|-damage|p2a: Lumineon|0 fnt|[from] item: Life Orb\n|faint|p2a: Lumineon\n|\n|upkeep\n|inactive|Time left: 300 sec this turn | 300 sec total | 5 sec grace\n|\n|t:|1783560979\n|switch|p2a: Urshifu|Urshifu-Rapid-Strike, L75, M|247/274\n|turn|17\n|inactive|Time left: 300 sec this turn | 300 sec total\n|\n|t:|1783560980\n|move|p2a: Urshifu|Aqua Jet|p1a: Barraskewda\n|-resisted|p1a: Barraskewda\n|-damage|p1a: Barraskewda|0 fnt\n|faint|p1a: Barraskewda\n|-damage|p2a: Urshifu|220/274|[from] item: Life Orb\n|\n|upkeep\n|\n|t:|1783560981\n|switch|p1a: Iron Moth|Iron Moth, L78|100/100\n|turn|18\n|inactive|Time left: 300 sec this turn | 300 sec total\n|\n|t:|1783560982\n|move|p1a: Iron Moth|Fire Blast|p2a: Urshifu|[miss]\n|-miss|p1a: Iron Moth|p2a: Urshifu\n|move|p2a: Urshifu|Surging Strikes|p1a: Iron Moth\n|-supereffective|p1a: Iron Moth\n|-crit|p1a: Iron Moth\n|-damage|p1a: Iron Moth|38/100\n|-supereffective|p1a: Iron Moth\n|-crit|p1a: Iron Moth\n|-damage|p1a: Iron Moth|0 fnt\n|faint|p1a: Iron Moth\n|-end|p1a: Iron Moth|Quark Drive|[silent]\n|-hitcount|p1: Iron Moth|2\n|-damage|p2a: Urshifu|193/274|[from] item: Life Orb\n|\n|win|p0y1875678e", "uploadtime": 1783560982, "views": 0, "rating": 0, "private": 0, "password": null, "_winner": "p0y1875678e", "_our_name": "p0y1875678e"}