{"id": "battle-gen9randombattle-2596", "formatid": "gen9randombattle", "format": "[Gen 9] Random Battle", "players": ["p0x259632f0", "p0y25968583"], "log": "|init|battle\n|title|p0x259632f0 vs. p0y25968583\n|j|\u2606p0x259632f0\n|j|\u2606p0y25968583\n|t:|1783569040\n|gametype|singles\n|player|p1|p0x259632f0|266|\n|player|p2|p0y25968583|1|\n|gen|9\n|tier|[Gen 9] Random Battle\n|rule|Species Clause: Limit one of each Pok\u00e9mon\n|rule|HP Percentage Mod: HP is shown in percentages\n|rule|Sleep Clause Mod: Limit one foe put to sleep\n|rule|Illusion Level Mod: Illusion disguises the Pok\u00e9mon's true level\n|\n|t:|1783569040\n|teamsize|p1|6\n|teamsize|p2|6\n|start\n|switch|p1a: Kommo-o|Kommo-o, L77, F|100/100\n|switch|p2a: Tatsugiri|Tatsugiri, L87, M|260/260\n|turn|1\n|inactive|Battle timer is ON: inactive players will automatically lose when time's up. (requested by p0y25968583)\n|inactive|p0x259632f0 also wants the timer to be on.\n|\n|t:|1783569040\n|switch|p1a: Ursaring|Ursaring, L84, F|100/100\n|move|p2a: Tatsugiri|Draco Meteor|p1a: Ursaring\n|-damage|p1a: Ursaring|38/100\n|-unboost|p2a: Tatsugiri|spa|2\n|\n|-status|p1a: Ursaring|tox|[from] item: Toxic Orb\n|upkeep\n|turn|2\n|inactive|Time left: 300 sec this turn | 300 sec total\n|\n|t:|1783569041\n|switch|p2a: Bronzong|Bronzong, L88|261/261\n|move|p1a: Ursaring|Facade|p2a: Bronzong\n|-resisted|p2a: Bronzong\n|-damage|p2a: Bronzong|188/261\n|\n|-heal|p2a: Bronzong|204/261|[from] item: Leftovers\n|-damage|p1a: Ursaring|31/100 tox|[from] psn\n|upkeep\n|turn|3\n|inactive|Time left: 300 sec this turn | 300 sec total\n|\n|t:|1783569042\n|switch|p1a: Kommo-o|Kommo-o, L77, F|100/100\n|move|p2a: Bronzong|Stealth Rock|p1a: Kommo-o\n|-sidestart|p1: p0x259632f0|move: Stealth Rock\n|\n|-heal|p2a: Bronzong|220/261|[from] item: Leftovers\n|upkeep\n|turn|4\n|inactive|Time left: 300 sec this turn | 300 sec total\n|\n|t:|1783569043\n|move|p1a: Kommo-o|Clangorous Soul|p1a: Kommo-o\n|-boost|p1a: Kommo-o|atk|1\n|-boost|p1a: Kommo-o|def|1\n|-boost|p1a: Kommo-o|spa|1\n|-boost|p1a: Kommo-o|spd|1\n|-boost|p1a: Kommo-o|spe|1\n|-damage|p1a: Kommo-o|68/100\n|-enditem|p1a: Kommo-o|Throat Spray\n|-boost|p1a: Kommo-o|spa|1|[from] item: Throat Spray\n|move|p2a: Bronzong|Psychic|p1a: Kommo-o\n|-supereffective|p1a: Kommo-o\n|-damage|p1a: Kommo-o|17/100\n|-unboost|p1a: Kommo-o|spd|1\n|\n|-heal|p2a: Bronzong|236/261|[from] item: Leftovers\n|upkeep\n|turn|5\n|inactive|Time left: 300 sec this turn | 300 sec total\n|\n|t:|1783569044\n|move|p1a: Kommo-o|Drain Punch|p2a: Bronzong\n|-damage|p2a: Bronzong|151/261\n|-heal|p1a: Kommo-o|35/100|[from] drain|[of] p2a: Bronzong\n|move|p2a: Bronzong|Psychic|p1a: Kommo-o\n|-supereffective|p1a: Kommo-o\n|-damage|p1a: Kommo-o|0 fnt\n|faint|p1a: Kommo-o\n|\n|-heal|p2a: Bronzong|167/261|[from] item: Leftovers\n|upkeep\n|\n|t:|1783569045\n|switch|p1a: Entei|Entei, L78|100/100\n|-damage|p1a: Entei|76/100|[from] Stealth Rock\n|turn|6\n|inactive|Time left: 300 sec this turn | 300 sec total\n|\n|t:|1783569046\n|switch|p2a: Typhlosion|Typhlosion, L84, M|267/267\n|move|p1a: Entei|Sacred Fire|p2a: Typhlosion\n|-resisted|p2a: Typhlosion\n|-damage|p2a: Typhlosion|183/267\n|\n|upkeep\n|turn|7\n|inactive|Time left: 300 sec this turn | 300 sec total\n|\n|t:|1783569047\n|move|p2a: Typhlosion|Scorching Sands|p1a: Entei\n|-supereffective|p1a: Entei\n|-damage|p1a: Entei|36/100\n|move|p1a: Entei|Sacred Fire|p2a: Typhlosion\n|-resisted|p2a: Typhlosion\n|-damage|p2a: Typhlosion|103/267\n|\n|upkeep\n|turn|8\n|inactive|Time left: 300 sec this turn | 300 sec total\n|\n|t:|1783569048\n|switch|p1a: Chesnaught|Chesnaught, L84, F|100/100\n|-damage|p1a: Chesnaught|95/100|[from] Stealth Rock\n|move|p2a: Typhlosion|Scorching Sands|p1a: Chesnaught\n|-resisted|p1a: Chesnaught\n|-damage|p1a: Chesnaught|84/100\n|\n|upkeep\n|turn|9\n|inactive|Time left: 300 sec this turn | 300 sec total\n|\n|t:|1783569049\n|move|p2a: Typhlosion|Scorching Sands|p1a: Chesnaught\n|-resisted|p1a: Chesnaught\n|-damage|p1a: Chesnaught|73/100\n|move|p1a: Chesnaught|Knock Off|p2a: Typhlosion\n|-damage|p2a: Typhlosion|21/267\n|-enditem|p2a: Typhlosion|Choice Scarf|[from] move: Knock Off|[of] p1a: Chesnaught\n|\n|upkeep\n|turn|10\n|inactive|Time left: 300 sec this turn | 300 sec total\n|\n|t:|1783569050\n|switch|p1a: Zekrom|Zekrom, L71|100/100\n|-damage|p1a: Zekrom|88/100|[from] Stealth Rock\n|-ability|p1a: Zekrom|Teravolt\n|move|p2a: Typhlosion|Fire Blast|p1a: Zekrom\n|-resisted|p1a: Zekrom\n|-damage|p1a: Zekrom|48/100\n|\n|-heal|p1a: Zekrom|54/100|[from] item: Leftovers\n|upkeep\n|turn|11\n|inactive|Time left: 300 sec this turn | 300 sec total\n|\n|t:|1783569051\n|move|p2a: Typhlosion|Scorching Sands|p1a: Zekrom\n|-supereffective|p1a: Zekrom\n|-damage|p1a: Zekrom|10/100\n|move|p1a: Zekrom|Dragon Dance|p1a: Zekrom\n|-boost|p1a: Zekrom|atk|1\n|-boost|p1a: Zekrom|spe|1\n|\n|-heal|p1a: Zekrom|16/100|[from] item: Leftovers\n|upkeep\n|turn|12\n|inactive|Time left: 300 sec this turn | 300 sec total\n|\n|t:|1783569052\n|switch|p2a: Bronzong|Bronzong, L88|167/261\n|move|p1a: Zekrom|Outrage|p2a: Bronzong\n|-resisted|p2a: Bronzong\n|-damage|p2a: Bronzong|91/261\n|\n|-heal|p1a: Zekrom|22/100|[from] item: Leftovers\n|-heal|p2a: Bronzong|107/261|[from] item: Leftovers\n|upkeep\n|turn|13\n|inactive|Time left: 300 sec this turn | 300 sec total\n|\n|t:|1783569053\n|move|p1a: Zekrom|Outrage|p2a: Bronzong|[from] lockedmove\n|-resisted|p2a: Bronzong\n|-damage|p2a: Bronzong|36/261\n|move|p2a: Bronzong|Psychic|p1a: Zekrom\n|-damage|p1a: Zekrom|0 fnt\n|faint|p1a: Zekrom\n|\n|-heal|p2a: Bronzong|52/261|[from] item: Leftovers\n|upkeep\n|\n|t:|1783569054\n|switch|p1a: Chesnaught|Chesnaught, L84, F|73/100\n|-damage|p1a: Chesnaught|67/100|[from] Stealth Rock\n|turn|14\n|inactive|Time left: 300 sec this turn | 300 sec total\n|\n|t:|1783569055\n|switch|p2a: Flareon|Flareon, L90, F|263/263\n|move|p1a: Chesnaught|Knock Off|p2a: Flareon\n|-damage|p2a: Flareon|179/263\n|-enditem|p2a: Flareon|Toxic Orb|[from] move: Knock Off|[of] p1a: Chesnaught\n|\n|upkeep\n|turn|15\n|inactive|Time left: 300 sec this turn | 300 sec total\n|\n|t:|1783569056\n|move|p2a: Flareon|Flare Blitz|p1a: Chesnaught\n|-supereffective|p1a: Chesnaught\n|-damage|p1a: Chesnaught|0 fnt\n|-damage|p2a: Flareon|136/263|[from] item: Rocky Helmet|[of] p1a: Chesnaught\n|faint|p1a: Chesnaught\n|-damage|p2a: Flareon|73/263|[from] Recoil\n|\n|upkeep\n|\n|t:|1783569057\n|switch|p1a: Entei|Entei, L78|36/100\n|-damage|p1a: Entei|11/100|[from] Stealth Rock\n|turn|16\n|inactive|Time left: 300 sec this turn | 300 sec total\n|\n|t:|1783569058\n|move|p1a: Entei|Extreme Speed|p2a: Flareon\n|-damage|p2a: Flareon|0 fnt\n|faint|p2a: Flareon\n|\n|upkeep\n|inactive|Time left: 300 sec this turn | 300 sec total | 5 sec grace\n|\n|t:|1783569059\n|switch|p2a: Bronzong|Bronzong, L88|52/261\n|turn|17\n|inactive|Time left: 300 sec this turn | 300 sec total\n|\n|t:|1783569060\n|move|p1a: Entei|Extreme Speed|p2a: Bronzong\n|-resisted|p2a: Bronzong\n|-damage|p2a: Bronzong|17/261\n|move|p2a: Bronzong|Iron Head|p1a: Entei\n|-resisted|p1a: Entei\n|-crit|p1a: Entei\n|-damage|p1a: Entei|0 fnt\n|faint|p1a: Entei\n|\n|-heal|p2a: Bronzong|33/261|[from] item: Leftovers\n|upkeep\n|\n|t:|1783569061\n|switch|p1a: Ursaring|Ursaring, L84, F|31/100 tox\n|-damage|p1a: Ursaring|19/100 tox|[from] Stealth Rock\n|turn|18\n|inactive|Time left: 300 sec this turn | 300 sec total\n|\n|t:|1783569062\n|move|p1a: Ursaring|Facade|p2a: Bronzong\n|-resisted|p2a: Bronzong\n|-damage|p2a: Bronzong|0 fnt\n|faint|p2a: Bronzong\n|\n|-damage|p1a: Ursaring|13/100 tox|[from] psn\n|upkeep\n|inactive|Time left: 300 sec this turn | 300 sec total | 5 sec grace\n|\n|t:|1783569063\n|switch|p2a: Darkrai|Darkrai, L77|234/234\n|turn|19\n|inactive|Time left: 300 sec this turn | 300 sec total\n|\n|t:|1783569064\n|move|p2a: Darkrai|Sludge Bomb|p1a: Ursaring\n|-damage|p1a: Ursaring|0 fnt\n|faint|p1a: Ursaring\n|-damage|p2a: Darkrai|211/234|[from] item: Life Orb\n|\n|upkeep\n|\n|t:|1783569065\n|switch|p1a: Empoleon|Empoleon, L84, M|100/100\n|-damage|p1a: Empoleon|94/100|[from] Stealth Rock\n|turn|20\n|inactive|Time left: 300 sec this turn | 300 sec total\n|\n|t:|1783569066\n|move|p2a: Darkrai|Nasty Plot|p2a: Darkrai\n|-boost|p2a: Darkrai|spa|2\n|move|p1a: Empoleon|Yawn|p2a: Darkrai\n|-start|p2a: Darkrai|move: Yawn|[of] p1a: Empoleon\n|\n|-heal|p1a: Empoleon|100/100|[from] item: Leftovers\n|upkeep\n|turn|21\n|inactive|Time left: 300 sec this turn | 300 sec total\n|\n|t:|1783569067\n|move|p2a: Darkrai|Focus Blast|p1a: Empoleon\n|-supereffective|p1a: Empoleon\n|-damage|p1a: Empoleon|0 fnt\n|faint|p1a: Empoleon\n|-damage|p2a: Darkrai|188/234|[from] item: Life Orb\n|\n|win|p0y25968583", "uploadtime": 1783569067, "views": 0, "rating": 0, "private": 0, "password": null, "_winner": "p0y25968583", "_our_name": "p0y25968583"}