{"id": "battle-gen9randombattle-1023", "formatid": "gen9randombattle", "format": "[Gen 9] Random Battle", "players": ["p0x10238c31", "p0y10230c54"], "log": "|init|battle\n|title|p0x10238c31 vs. p0y10230c54\n|j|\u2606p0x10238c31\n|j|\u2606p0y10230c54\n|t:|1783551750\n|gametype|singles\n|player|p1|p0x10238c31|265|\n|player|p2|p0y10230c54|265|\n|gen|9\n|tier|[Gen 9] Random Battle\n|rule|Species Clause: Limit one of each Pok\u00e9mon\n|rule|HP Percentage Mod: HP is shown in percentages\n|rule|Sleep Clause Mod: Limit one foe put to sleep\n|rule|Illusion Level Mod: Illusion disguises the Pok\u00e9mon's true level\n|\n|t:|1783551750\n|teamsize|p1|6\n|teamsize|p2|6\n|start\n|switch|p1a: Conkeldurr|Conkeldurr, L80, M|299/299\n|switch|p2a: Oricorio|Oricorio-Pom-Pom, L82, M|100/100\n|turn|1\n|inactive|Battle timer is ON: inactive players will automatically lose when time's up. (requested by p0y10230c54)\n|inactive|Time left: 300 sec this turn | 300 sec total | 60 sec grace\n|inactive|p0x10238c31 also wants the timer to be on.\n|\n|t:|1783551752\n|move|p2a: Oricorio|Hurricane|p1a: Conkeldurr|[miss]\n|-miss|p2a: Oricorio|p1a: Conkeldurr\n|move|p1a: Conkeldurr|Knock Off|p2a: Oricorio\n|-damage|p2a: Oricorio|58/100\n|-enditem|p2a: Oricorio|Heavy-Duty Boots|[from] move: Knock Off|[of] p1a: Conkeldurr\n|\n|-status|p1a: Conkeldurr|brn|[from] item: Flame Orb\n|upkeep\n|turn|2\n|inactive|Time left: 300 sec this turn | 300 sec total\n|\n|t:|1783551753\n|move|p2a: Oricorio|Hurricane|p1a: Conkeldurr\n|-supereffective|p1a: Conkeldurr\n|-damage|p1a: Conkeldurr|15/299 brn\n|move|p1a: Conkeldurr|Facade|p2a: Oricorio\n|-damage|p2a: Oricorio|0 fnt\n|faint|p2a: Oricorio\n|\n|-damage|p1a: Conkeldurr|0 fnt|[from] brn\n|faint|p1a: Conkeldurr\n|upkeep\n|inactive|Time left: 300 sec this turn | 300 sec total | 5 sec grace\n|\n|t:|1783551754\n|switch|p2a: Medicham|Medicham, L86, M|100/100\n|switch|p1a: Iron Jugulis|Iron Jugulis, L77|271/271\n|turn|3\n|inactive|Time left: 300 sec this turn | 300 sec total\n|\n|t:|1783551755\n|move|p1a: Iron Jugulis|Hurricane|p2a: Medicham\n|-supereffective|p2a: Medicham\n|-damage|p2a: Medicham|0 fnt\n|faint|p2a: Medicham\n|\n|upkeep\n|\n|t:|1783551756\n|switch|p2a: Snorlax|Snorlax, L82, F|100/100\n|turn|4\n|inactive|Time left: 300 sec this turn | 300 sec total\n|\n|t:|1783551757\n|move|p1a: Iron Jugulis|Hurricane|p2a: Snorlax|[miss]\n|-miss|p1a: Iron Jugulis|p2a: Snorlax\n|move|p2a: Snorlax|Body Slam|p1a: Iron Jugulis\n|-damage|p1a: Iron Jugulis|160/271\n|\n|upkeep\n|turn|5\n|inactive|Time left: 300 sec this turn | 300 sec total\n|\n|t:|1783551758\n|move|p1a: Iron Jugulis|Hurricane|p2a: Snorlax|[miss]\n|-miss|p1a: Iron Jugulis|p2a: Snorlax\n|move|p2a: Snorlax|Body Slam|p1a: Iron Jugulis\n|-damage|p1a: Iron Jugulis|61/271\n|-status|p1a: Iron Jugulis|par\n|\n|upkeep\n|turn|6\n|inactive|Time left: 300 sec this turn | 300 sec total\n|\n|t:|1783551759\n|cant|p1a: Iron Jugulis|par\n|move|p2a: Snorlax|Body Slam|p1a: Iron Jugulis\n|-damage|p1a: Iron Jugulis|0 fnt\n|faint|p1a: Iron Jugulis\n|-end|p1a: Iron Jugulis|Quark Drive|[silent]\n|\n|upkeep\n|inactive|Time left: 300 sec this turn | 300 sec total | 5 sec grace\n|\n|t:|1783551760\n|switch|p1a: Tinkaton|Tinkaton, L82, F|274/274\n|-ability|p1a: Tinkaton|Mold Breaker\n|turn|7\n|inactive|Time left: 300 sec this turn | 300 sec total\n|\n|t:|1783551761\n|move|p1a: Tinkaton|Gigaton Hammer|p2a: Snorlax\n|-damage|p2a: Snorlax|58/100\n|move|p2a: Snorlax|Earthquake|p1a: Tinkaton\n|-supereffective|p1a: Tinkaton\n|-damage|p1a: Tinkaton|98/274\n|\n|-heal|p1a: Tinkaton|115/274|[from] item: Leftovers\n|-heal|p2a: Snorlax|64/100|[from] item: Leftovers\n|upkeep\n|turn|8\n|inactive|Time left: 300 sec this turn | 300 sec total\n|\n|t:|1783551762\n|move|p1a: Tinkaton|Thunder Wave|p2a: Snorlax\n|-status|p2a: Snorlax|par\n|move|p2a: Snorlax|Earthquake|p1a: Tinkaton\n|-supereffective|p1a: Tinkaton\n|-damage|p1a: Tinkaton|0 fnt\n|faint|p1a: Tinkaton\n|\n|-heal|p2a: Snorlax|70/100 par|[from] item: Leftovers\n|upkeep\n|inactive|Time left: 300 sec this turn | 300 sec total | 5 sec grace\n|\n|t:|1783551763\n|switch|p1a: Hydreigon|Hydreigon, L79, F|275/275\n|turn|9\n|inactive|Time left: 300 sec this turn | 300 sec total\n|\n|t:|1783551764\n|move|p1a: Hydreigon|Dark Pulse|p2a: Snorlax\n|-damage|p2a: Snorlax|41/100 par\n|move|p2a: Snorlax|Body Slam|p1a: Hydreigon\n|-damage|p1a: Hydreigon|173/275\n|\n|-heal|p2a: Snorlax|47/100 par|[from] item: Leftovers\n|upkeep\n|turn|10\n|inactive|Time left: 300 sec this turn | 300 sec total\n|\n|t:|1783551765\n|move|p1a: Hydreigon|Dark Pulse|p2a: Snorlax\n|-damage|p2a: Snorlax|18/100 par\n|cant|p2a: Snorlax|par\n|\n|-heal|p2a: Snorlax|24/100 par|[from] item: Leftovers\n|upkeep\n|turn|11\n|inactive|Time left: 300 sec this turn | 300 sec total\n|\n|t:|1783551766\n|switch|p2a: Kingambit|Kingambit, L74, M|100/100\n|-activate|p2a: Kingambit|ability: Supreme Overlord\n|-start|p2a: Kingambit|fallen2|[silent]\n|move|p1a: Hydreigon|Dark Pulse|p2a: Kingambit\n|-resisted|p2a: Kingambit\n|-damage|p2a: Kingambit|70/100\n|\n|-heal|p2a: Kingambit|76/100|[from] item: Leftovers\n|upkeep\n|turn|12\n|inactive|Time left: 300 sec this turn | 300 sec total\n|\n|t:|1783551767\n|move|p1a: Hydreigon|Dark Pulse|p2a: Kingambit\n|-resisted|p2a: Kingambit\n|-damage|p2a: Kingambit|49/100\n|move|p2a: Kingambit|Swords Dance|p2a: Kingambit\n|-boost|p2a: Kingambit|atk|2\n|\n|-heal|p2a: Kingambit|55/100|[from] item: Leftovers\n|upkeep\n|turn|13\n|inactive|Time left: 300 sec this turn | 300 sec total\n|\n|t:|1783551768\n|move|p1a: Hydreigon|Dark Pulse|p2a: Kingambit\n|-resisted|p2a: Kingambit\n|-damage|p2a: Kingambit|27/100\n|move|p2a: Kingambit|Iron Head|p1a: Hydreigon\n|-damage|p1a: Hydreigon|0 fnt\n|faint|p1a: Hydreigon\n|\n|-heal|p2a: Kingambit|33/100|[from] item: Leftovers\n|upkeep\n|inactive|Time left: 300 sec this turn | 300 sec total | 5 sec grace\n|\n|t:|1783551769\n|switch|p1a: Glalie|Glalie, L96, M|309/309\n|turn|14\n|inactive|Time left: 300 sec this turn | 300 sec total\n|\n|t:|1783551770\n|move|p2a: Kingambit|Sucker Punch|p1a: Glalie\n|-damage|p1a: Glalie|147/309\n|move|p1a: Glalie|Earthquake|p2a: Kingambit\n|-supereffective|p2a: Kingambit\n|-damage|p2a: Kingambit|0 fnt\n|faint|p2a: Kingambit\n|-end|p2a: Kingambit|fallen2|[silent]\n|\n|upkeep\n|\n|t:|1783551770\n|switch|p2a: Ho-Oh|Ho-Oh, L71|100/100\n|turn|15\n|inactive|Time left: 300 sec this turn | 300 sec total\n|\n|t:|1783551771\n|switch|p1a: Slowbro|Slowbro, L85, F|300/300\n|move|p2a: Ho-Oh|Sacred Fire|p1a: Slowbro\n|-resisted|p1a: Slowbro\n|-damage|p1a: Slowbro|262/300\n|-status|p1a: Slowbro|brn\n|\n|-damage|p1a: Slowbro|244/300 brn|[from] brn\n|upkeep\n|turn|16\n|inactive|Time left: 300 sec this turn | 300 sec total\n|\n|t:|1783551772\n|move|p2a: Ho-Oh|Earthquake|p1a: Slowbro\n|-damage|p1a: Slowbro|185/300 brn\n|move|p1a: Slowbro|Scald|p2a: Ho-Oh\n|-supereffective|p2a: Ho-Oh\n|-damage|p2a: Ho-Oh|48/100\n|\n|-damage|p1a: Slowbro|167/300 brn|[from] brn\n|upkeep\n|turn|17\n|inactive|Time left: 300 sec this turn | 300 sec total\n|\n|t:|1783551773\n|move|p2a: Ho-Oh|Recover|p2a: Ho-Oh\n|-heal|p2a: Ho-Oh|98/100\n|move|p1a: Slowbro|Scald|p2a: Ho-Oh\n|-supereffective|p2a: Ho-Oh\n|-damage|p2a: Ho-Oh|47/100\n|\n|-damage|p1a: Slowbro|149/300 brn|[from] brn\n|upkeep\n|turn|18\n|inactive|Time left: 300 sec this turn | 300 sec total\n|\n|t:|1783551774\n|move|p2a: Ho-Oh|Recover|p2a: Ho-Oh\n|-heal|p2a: Ho-Oh|97/100\n|move|p1a: Slowbro|Scald|p2a: Ho-Oh\n|-supereffective|p2a: Ho-Oh\n|-damage|p2a: Ho-Oh|41/100\n|\n|-damage|p1a: Slowbro|131/300 brn|[from] brn\n|upkeep\n|turn|19\n|inactive|Time left: 300 sec this turn | 300 sec total\n|\n|t:|1783551774\n|move|p2a: Ho-Oh|Recover|p2a: Ho-Oh\n|-heal|p2a: Ho-Oh|91/100\n|move|p1a: Slowbro|Scald|p2a: Ho-Oh\n|-supereffective|p2a: Ho-Oh\n|-damage|p2a: Ho-Oh|35/100\n|\n|-damage|p1a: Slowbro|113/300 brn|[from] brn\n|upkeep\n|turn|20\n|inactive|Time left: 300 sec this turn | 300 sec total\n|\n|t:|1783551775\n|switch|p1a: Glalie|Glalie, L96, M|147/309\n|move|p2a: Ho-Oh|Recover|p2a: Ho-Oh\n|-heal|p2a: Ho-Oh|85/100\n|\n|upkeep\n|turn|21\n|inactive|Time left: 300 sec this turn | 300 sec total\n|\n|t:|1783551776\n|switch|p1a: Slowbro|Slowbro, L85, F|213/300 brn\n|move|p2a: Ho-Oh|Sacred Fire|p1a: Slowbro\n|-resisted|p1a: Slowbro\n|-damage|p1a: Slowbro|173/300 brn\n|\n|-damage|p1a: Slowbro|155/300 brn|[from] brn\n|upkeep\n|turn|22\n|inactive|Time left: 300 sec this turn | 300 sec total\n|\n|t:|1783551777\n|move|p2a: Ho-Oh|Brave Bird|p1a: Slowbro\n|-damage|p1a: Slowbro|50/300 brn\n|-damage|p2a: Ho-Oh|72/100|[from] Recoil\n|move|p1a: Slowbro|Scald|p2a: Ho-Oh\n|-supereffective|p2a: Ho-Oh\n|-damage|p2a: Ho-Oh|23/100\n|\n|-damage|p1a: Slowbro|32/300 brn|[from] brn\n|upkeep\n|turn|23\n|inactive|Time left: 300 sec this turn | 300 sec total\n|\n|t:|1783551778\n|switch|p1a: Glalie|Glalie, L96, M|147/309\n|move|p2a: Ho-Oh|Recover|p2a: Ho-Oh\n|-heal|p2a: Ho-Oh|73/100\n|\n|upkeep\n|turn|24\n|inactive|Time left: 300 sec this turn | 300 sec total\n|\n|t:|1783551778\n|switch|p1a: Slowbro|Slowbro, L85, F|132/300 brn\n|move|p2a: Ho-Oh|Sacred Fire|p1a: Slowbro\n|-resisted|p1a: Slowbro\n|-damage|p1a: Slowbro|90/300 brn\n|\n|-damage|p1a: Slowbro|72/300 brn|[from] brn\n|upkeep\n|turn|25\n|inactive|Time left: 300 sec this turn | 300 sec total\n|\n|t:|1783551780\n|switch|p1a: Glalie|Glalie, L96, M|147/309\n|move|p2a: Ho-Oh|Brave Bird|p1a: Glalie\n|-damage|p1a: Glalie|45/309\n|-damage|p2a: Ho-Oh|60/100|[from] Recoil\n|\n|upkeep\n|turn|26\n|inactive|Time left: 300 sec this turn | 300 sec total\n|\n|t:|1783551781\n|move|p1a: Glalie|Freeze-Dry|p2a: Ho-Oh\n|-damage|p2a: Ho-Oh|34/100\n|-status|p2a: Ho-Oh|frz\n|cant|p2a: Ho-Oh|frz\n|\n|upkeep\n|turn|27\n|inactive|Time left: 300 sec this turn | 300 sec total\n|\n|t:|1783551782\n|switch|p1a: Slowbro|Slowbro, L85, F|172/300 brn\n|-curestatus|p2a: Ho-Oh|frz|[from] move: Sacred Fire\n|move|p2a: Ho-Oh|Sacred Fire|p1a: Slowbro\n|-resisted|p1a: Slowbro\n|-damage|p1a: Slowbro|130/300 brn\n|\n|-damage|p1a: Slowbro|112/300 brn|[from] brn\n|upkeep\n|turn|28\n|inactive|Time left: 300 sec this turn | 300 sec total\n|\n|t:|1783551783\n|switch|p1a: Glalie|Glalie, L96, M|45/309\n|move|p2a: Ho-Oh|Brave Bird|p1a: Glalie\n|-damage|p1a: Glalie|0 fnt\n|faint|p1a: Glalie\n|-damage|p2a: Ho-Oh|28/100|[from] Recoil\n|\n|upkeep\n|inactive|Time left: 300 sec this turn | 300 sec total | 5 sec grace\n|\n|t:|1783551784\n|switch|p1a: Slowbro|Slowbro, L85, F|212/300 brn\n|turn|29\n|inactive|Time left: 300 sec this turn | 300 sec total\n|\n|t:|1783551785\n|move|p2a: Ho-Oh|Brave Bird|p1a: Slowbro\n|-damage|p1a: Slowbro|118/300 brn\n|-damage|p2a: Ho-Oh|17/100|[from] Recoil\n|move|p1a: Slowbro|Scald|p2a: Ho-Oh\n|-supereffective|p2a: Ho-Oh\n|-damage|p2a: Ho-Oh|0 fnt\n|faint|p2a: Ho-Oh\n|\n|-damage|p1a: Slowbro|100/300 brn|[from] brn\n|upkeep\n|\n|t:|1783551787\n|switch|p2a: Cyclizar|Cyclizar, L84, M|100/100\n|turn|30\n|inactive|Time left: 300 sec this turn | 300 sec total\n|\n|t:|1783551788\n|-terastallize|p1a: Slowbro|Fairy\n|move|p2a: Cyclizar|Draco Meteor|p1a: Slowbro\n|-immune|p1a: Slowbro\n|move|p1a: Slowbro|Psychic Noise|p2a: Cyclizar\n|-damage|p2a: Cyclizar|58/100\n|-start|p2a: Cyclizar|move: Heal Block\n|\n|-damage|p1a: Slowbro|82/300 brn|[from] brn\n|upkeep\n|turn|31\n|inactive|Time left: 300 sec this turn | 300 sec total\n|\n|t:|1783551789\n|move|p2a: Cyclizar|Rapid Spin|p1a: Slowbro\n|-damage|p1a: Slowbro|36/300 brn\n|-boost|p2a: Cyclizar|spe|1\n|move|p1a: Slowbro|Ice Beam|p2a: Cyclizar\n|-supereffective|p2a: Cyclizar\n|-damage|p2a: Cyclizar|0 fnt\n|faint|p2a: Cyclizar\n|\n|-damage|p1a: Slowbro|18/300 brn|[from] brn\n|upkeep\n|\n|t:|1783551790\n|switch|p2a: Snorlax|Snorlax, L82, F|24/100 par\n|turn|32\n|inactive|Time left: 300 sec this turn | 300 sec total\n|\n|t:|1783551791\n|move|p1a: Slowbro|Future Sight|p2a: Snorlax\n|-start|p1a: Slowbro|move: Future Sight\n|move|p2a: Snorlax|Earthquake|p1a: Slowbro\n|-damage|p1a: Slowbro|0 fnt\n|faint|p1a: Slowbro\n|\n|win|p0y10230c54", "uploadtime": 1783551791, "views": 0, "rating": 0, "private": 0, "password": null, "_winner": "p0y10230c54", "_our_name": "p0x10238c31"}