{"id": "battle-gen9randombattle-2150", "formatid": "gen9randombattle", "format": "[Gen 9] Random Battle", "players": ["p0x21508c79", "p0y21502862"], "log": "|init|battle\n|title|p0x21508c79 vs. p0y21502862\n|j|\u2606p0x21508c79\n|j|\u2606p0y21502862\n|t:|1783564057\n|gametype|singles\n|player|p1|p0x21508c79|169|\n|player|p2|p0y21502862|1|\n|gen|9\n|tier|[Gen 9] Random Battle\n|rule|Species Clause: Limit one of each Pok\u00e9mon\n|rule|HP Percentage Mod: HP is shown in percentages\n|rule|Sleep Clause Mod: Limit one foe put to sleep\n|rule|Illusion Level Mod: Illusion disguises the Pok\u00e9mon's true level\n|\n|t:|1783564057\n|teamsize|p1|6\n|teamsize|p2|6\n|start\n|switch|p1a: Quagsire|Quagsire, L84, M|100/100\n|switch|p2a: Avalugg|Avalugg-Hisui, L90, M|317/317\n|turn|1\n|inactive|Battle timer is ON: inactive players will automatically lose when time's up. (requested by p0x21508c79)\n|inactive|Time left: 300 sec this turn | 300 sec total | 60 sec grace\n|\n|t:|1783564059\n|move|p1a: Quagsire|Toxic|p2a: Avalugg\n|-status|p2a: Avalugg|tox\n|move|p2a: Avalugg|Avalanche|p1a: Quagsire\n|-damage|p1a: Quagsire|68/100\n|\n|-heal|p1a: Quagsire|74/100|[from] item: Leftovers\n|-damage|p2a: Avalugg|298/317 tox|[from] psn\n|upkeep\n|turn|2\n|inactive|Time left: 300 sec this turn | 300 sec total\n|inactive|p0y21502862 also wants the timer to be on.\n|\n|t:|1783564060\n|move|p2a: Avalugg|Body Press|p1a: Quagsire\n|-damage|p1a: Quagsire|32/100\n|move|p1a: Quagsire|Recover|p1a: Quagsire\n|-heal|p1a: Quagsire|83/100\n|\n|-heal|p1a: Quagsire|89/100|[from] item: Leftovers\n|-damage|p2a: Avalugg|260/317 tox|[from] psn\n|upkeep\n|turn|3\n|inactive|Time left: 300 sec this turn | 300 sec total\n|\n|t:|1783564061\n|move|p1a: Quagsire|Earthquake|p2a: Avalugg\n|-supereffective|p2a: Avalugg\n|-damage|p2a: Avalugg|158/317 tox\n|move|p2a: Avalugg|Avalanche|p1a: Quagsire\n|-damage|p1a: Quagsire|29/100\n|\n|-heal|p1a: Quagsire|35/100|[from] item: Leftovers\n|-damage|p2a: Avalugg|101/317 tox|[from] psn\n|upkeep\n|turn|4\n|inactive|Time left: 300 sec this turn | 300 sec total\n|\n|t:|1783564062\n|move|p2a: Avalugg|Body Press|p1a: Quagsire\n|-damage|p1a: Quagsire|0 fnt\n|faint|p1a: Quagsire\n|\n|-damage|p2a: Avalugg|25/317 tox|[from] psn\n|upkeep\n|\n|t:|1783564063\n|switch|p1a: Blaziken|Blaziken, L76, F|100/100\n|turn|5\n|inactive|Time left: 300 sec this turn | 300 sec total\n|\n|t:|1783564064\n|move|p1a: Blaziken|Flare Blitz|p2a: Avalugg\n|-damage|p2a: Avalugg|0 fnt\n|faint|p2a: Avalugg\n|-damage|p1a: Blaziken|97/100|[from] Recoil\n|-damage|p1a: Blaziken|88/100|[from] item: Life Orb\n|\n|-ability|p1a: Blaziken|Speed Boost|boost\n|-boost|p1a: Blaziken|spe|1\n|upkeep\n|inactive|Time left: 300 sec this turn | 300 sec total | 5 sec grace\n|\n|t:|1783564065\n|switch|p2a: Latios|Latios, L78, M|253/253\n|turn|6\n|inactive|Time left: 300 sec this turn | 300 sec total\n|\n|t:|1783564066\n|switch|p1a: Necrozma|Necrozma-Dusk-Mane, L69|100/100\n|move|p2a: Latios|Luster Purge|p1a: Necrozma\n|-resisted|p1a: Necrozma\n|-damage|p1a: Necrozma|84/100\n|\n|upkeep\n|turn|7\n|inactive|Time left: 300 sec this turn | 300 sec total\n|\n|t:|1783564067\n|move|p2a: Latios|Luster Purge|p1a: Necrozma\n|-resisted|p1a: Necrozma\n|-damage|p1a: Necrozma|66/100\n|move|p1a: Necrozma|Dragon Dance|p1a: Necrozma\n|-boost|p1a: Necrozma|atk|1\n|-boost|p1a: Necrozma|spe|1\n|\n|upkeep\n|turn|8\n|inactive|Time left: 300 sec this turn | 300 sec total\n|\n|t:|1783564068\n|move|p1a: Necrozma|Sunsteel Strike|p2a: Latios\n|-damage|p2a: Latios|58/253\n|move|p2a: Latios|Luster Purge|p1a: Necrozma\n|-resisted|p1a: Necrozma\n|-damage|p1a: Necrozma|49/100\n|\n|upkeep\n|turn|9\n|inactive|Time left: 300 sec this turn | 300 sec total\n|\n|t:|1783564069\n|move|p1a: Necrozma|Sunsteel Strike|p2a: Latios\n|-damage|p2a: Latios|0 fnt\n|faint|p2a: Latios\n|\n|upkeep\n|inactive|Time left: 300 sec this turn | 300 sec total | 5 sec grace\n|\n|t:|1783564070\n|switch|p2a: Mismagius|Mismagius, L86, M|243/243\n|turn|10\n|inactive|Time left: 300 sec this turn | 300 sec total\n|\n|t:|1783564071\n|switch|p1a: Ursaluna|Ursaluna-Bloodmoon, L79, M|100/100\n|move|p2a: Mismagius|Shadow Ball|p1a: Ursaluna\n|-immune|p1a: Ursaluna\n|\n|upkeep\n|turn|11\n|inactive|Time left: 300 sec this turn | 300 sec total\n|\n|t:|1783564072\n|move|p2a: Mismagius|Nasty Plot|p2a: Mismagius\n|-boost|p2a: Mismagius|spa|2\n|move|p1a: Ursaluna|Blood Moon|p2a: Mismagius\n|-damage|p2a: Mismagius|92/243\n|\n|upkeep\n|turn|12\n|inactive|Time left: 300 sec this turn | 300 sec total\n|\n|t:|1783564073\n|-terastallize|p2a: Mismagius|Fairy\n|move|p2a: Mismagius|Dazzling Gleam|p1a: Ursaluna\n|-damage|p1a: Ursaluna|0 fnt\n|faint|p1a: Ursaluna\n|-damage|p2a: Mismagius|68/243|[from] item: Life Orb\n|\n|upkeep\n|\n|t:|1783564074\n|switch|p1a: Jumpluff|Jumpluff, L87, M|100/100\n|turn|13\n|inactive|Time left: 300 sec this turn | 300 sec total\n|\n|t:|1783564075\n|switch|p2a: Metagross|Metagross, L79|256/256\n|move|p1a: Jumpluff|Acrobatics|p2a: Metagross\n|-resisted|p2a: Metagross\n|-damage|p2a: Metagross|224/256\n|\n|-heal|p2a: Metagross|240/256|[from] item: Leftovers\n|upkeep\n|turn|14\n|inactive|Time left: 300 sec this turn | 300 sec total\n|\n|t:|1783564075\n|move|p1a: Jumpluff|Leech Seed|p2a: Metagross\n|-start|p2a: Metagross|move: Leech Seed\n|move|p2a: Metagross|Psychic Fangs|p1a: Jumpluff\n|-crit|p1a: Jumpluff\n|-damage|p1a: Jumpluff|31/100\n|\n|-heal|p2a: Metagross|256/256|[from] item: Leftovers\n|-damage|p2a: Metagross|224/256|[from] Leech Seed|[of] p1a: Jumpluff\n|-heal|p1a: Jumpluff|43/100|[silent]\n|upkeep\n|turn|15\n|inactive|Time left: 300 sec this turn | 300 sec total\n|\n|t:|1783564076\n|move|p1a: Jumpluff|Strength Sap|p2a: Metagross\n|-fail|p2a: Metagross|unboost|[from] ability: Clear Body|[of] p2a: Metagross\n|-heal|p1a: Jumpluff|100/100\n|move|p2a: Metagross|Psychic Fangs|p1a: Jumpluff\n|-crit|p1a: Jumpluff\n|-damage|p1a: Jumpluff|33/100\n|\n|-heal|p2a: Metagross|240/256|[from] item: Leftovers\n|-damage|p2a: Metagross|208/256|[from] Leech Seed|[of] p1a: Jumpluff\n|-heal|p1a: Jumpluff|44/100|[silent]\n|upkeep\n|turn|16\n|inactive|Time left: 300 sec this turn | 300 sec total\n|\n|t:|1783564077\n|switch|p2a: Oricorio|Oricorio, L84, F|263/263\n|move|p1a: Jumpluff|Strength Sap|p2a: Oricorio\n|-unboost|p2a: Oricorio|atk|1\n|-heal|p1a: Jumpluff|89/100\n|\n|upkeep\n|turn|17\n|inactive|Time left: 300 sec this turn | 300 sec total\n|\n|t:|1783564078\n|switch|p1a: Blaziken|Blaziken, L76, F|88/100\n|move|p2a: Oricorio|Quiver Dance|p2a: Oricorio\n|-boost|p2a: Oricorio|spa|1\n|-boost|p2a: Oricorio|spd|1\n|-boost|p2a: Oricorio|spe|1\n|\n|upkeep\n|turn|18\n|inactive|Time left: 300 sec this turn | 300 sec total\n|\n|t:|1783564079\n|move|p2a: Oricorio|Hurricane|p1a: Blaziken\n|-supereffective|p1a: Blaziken\n|-damage|p1a: Blaziken|0 fnt\n|faint|p1a: Blaziken\n|\n|upkeep\n|\n|t:|1783564080\n|switch|p1a: Deoxys|Deoxys-Defense, L84|100/100\n|-ability|p1a: Deoxys|Pressure\n|turn|19\n|inactive|Time left: 300 sec this turn | 300 sec total\n|\n|t:|1783564081\n|move|p2a: Oricorio|Quiver Dance|p2a: Oricorio\n|-boost|p2a: Oricorio|spa|1\n|-boost|p2a: Oricorio|spd|1\n|-boost|p2a: Oricorio|spe|1\n|move|p1a: Deoxys|Cosmic Power|p1a: Deoxys\n|-boost|p1a: Deoxys|def|1\n|-boost|p1a: Deoxys|spd|1\n|\n|upkeep\n|turn|20\n|inactive|Time left: 300 sec this turn | 300 sec total\n|\n|t:|1783564081\n|move|p2a: Oricorio|Quiver Dance|p2a: Oricorio\n|-boost|p2a: Oricorio|spa|1\n|-boost|p2a: Oricorio|spd|1\n|-boost|p2a: Oricorio|spe|1\n|move|p1a: Deoxys|Cosmic Power|p1a: Deoxys\n|-boost|p1a: Deoxys|def|1\n|-boost|p1a: Deoxys|spd|1\n|\n|upkeep\n|turn|21\n|inactive|Time left: 300 sec this turn | 300 sec total\n|\n|t:|1783564082\n|move|p2a: Oricorio|Revelation Dance|p1a: Deoxys\n|-damage|p1a: Deoxys|65/100\n|move|p1a: Deoxys|Night Shade|p2a: Oricorio\n|-damage|p2a: Oricorio|179/263\n|\n|-heal|p1a: Deoxys|71/100|[from] item: Leftovers\n|upkeep\n|turn|22\n|inactive|Time left: 300 sec this turn | 300 sec total\n|\n|t:|1783564084\n|move|p2a: Oricorio|Revelation Dance|p1a: Deoxys\n|-damage|p1a: Deoxys|37/100\n|move|p1a: Deoxys|Recover|p1a: Deoxys\n|-heal|p1a: Deoxys|87/100\n|\n|-heal|p1a: Deoxys|93/100|[from] item: Leftovers\n|upkeep\n|turn|23\n|inactive|Time left: 300 sec this turn | 300 sec total\n|\n|t:|1783564085\n|move|p2a: Oricorio|Revelation Dance|p1a: Deoxys\n|-crit|p1a: Deoxys\n|-damage|p1a: Deoxys|0 fnt\n|faint|p1a: Deoxys\n|\n|upkeep\n|\n|t:|1783564086\n|switch|p1a: Necrozma|Necrozma-Dusk-Mane, L69|49/100\n|turn|24\n|inactive|Time left: 300 sec this turn | 300 sec total\n|\n|t:|1783564087\n|-terastallize|p1a: Necrozma|Water\n|move|p2a: Oricorio|Revelation Dance|p1a: Necrozma\n|-resisted|p1a: Necrozma\n|-damage|p1a: Necrozma|0 fnt\n|faint|p1a: Necrozma\n|\n|upkeep\n|\n|t:|1783564088\n|switch|p1a: Jumpluff|Jumpluff, L87, M|89/100\n|turn|25\n|inactive|Time left: 300 sec this turn | 300 sec total\n|\n|t:|1783564088\n|move|p2a: Oricorio|Revelation Dance|p1a: Jumpluff\n|-supereffective|p1a: Jumpluff\n|-damage|p1a: Jumpluff|0 fnt\n|faint|p1a: Jumpluff\n|\n|win|p0y21502862", "uploadtime": 1783564088, "views": 0, "rating": 0, "private": 0, "password": null, "_winner": "p0y21502862", "_our_name": "p0y21502862"}