{"id": "battle-gen9randombattle-120", "formatid": "gen9randombattle", "format": "[Gen 9] Random Battle", "players": ["p0x120939e", "p0y1209d6c"], "log": "|init|battle\n|title|p0x120939e vs. p0y1209d6c\n|j|\u2606p0x120939e\n|j|\u2606p0y1209d6c\n|t:|1783534658\n|gametype|singles\n|player|p1|p0x120939e|170|\n|player|p2|p0y1209d6c|170|\n|gen|9\n|tier|[Gen 9] Random Battle\n|rule|Species Clause: Limit one of each Pok\u00e9mon\n|rule|HP Percentage Mod: HP is shown in percentages\n|rule|Sleep Clause Mod: Limit one foe put to sleep\n|rule|Illusion Level Mod: Illusion disguises the Pok\u00e9mon's true level\n|\n|t:|1783534658\n|teamsize|p1|6\n|teamsize|p2|6\n|start\n|switch|p1a: Miraidon|Miraidon, L65|238/238\n|switch|p2a: Lurantis|Lurantis, L87, M|100/100\n|-fieldstart|move: Electric Terrain|[from] ability: Hadron Engine|[of] p1a: Miraidon\n|turn|1\n|inactive|Battle timer is ON: inactive players will automatically lose when time's up. (requested by p0y1209d6c)\n|inactive|Time left: 300 sec this turn | 300 sec total | 60 sec grace\n|inactive|p0x120939e also wants the timer to be on.\n|\n|t:|1783534660\n|move|p1a: Miraidon|Electro Drift|p2a: Lurantis\n|-resisted|p2a: Lurantis\n|-damage|p2a: Lurantis|74/100\n|move|p2a: Lurantis|Superpower|p1a: Miraidon\n|-damage|p1a: Miraidon|130/238\n|-boost|p2a: Lurantis|atk|1\n|-boost|p2a: Lurantis|def|1\n|\n|upkeep\n|turn|2\n|inactive|Time left: 300 sec this turn | 300 sec total\n|\n|t:|1783534661\n|switch|p1a: Sinistcha|Sinistcha, L83|254/254\n|move|p2a: Lurantis|Superpower|p1a: Sinistcha\n|-immune|p1a: Sinistcha\n|\n|upkeep\n|turn|3\n|inactive|Time left: 300 sec this turn | 300 sec total\n|\n|t:|1783534662\n|move|p1a: Sinistcha|Calm Mind|p1a: Sinistcha\n|-boost|p1a: Sinistcha|spa|1\n|-boost|p1a: Sinistcha|spd|1\n|move|p2a: Lurantis|Knock Off|p1a: Sinistcha\n|-supereffective|p1a: Sinistcha\n|-damage|p1a: Sinistcha|50/254\n|-enditem|p1a: Sinistcha|Leftovers|[from] move: Knock Off|[of] p2a: Lurantis\n|\n|upkeep\n|turn|4\n|inactive|Time left: 300 sec this turn | 300 sec total\n|\n|t:|1783534663\n|move|p1a: Sinistcha|Shadow Ball|p2a: Lurantis\n|-damage|p2a: Lurantis|41/100\n|move|p2a: Lurantis|Leech Life|p1a: Sinistcha\n|-damage|p1a: Sinistcha|0 fnt\n|-heal|p2a: Lurantis|50/100|[from] drain|[of] p1a: Sinistcha\n|faint|p1a: Sinistcha\n|\n|upkeep\n|inactive|Time left: 300 sec this turn | 300 sec total | 5 sec grace\n|\n|t:|1783534664\n|switch|p1a: Urshifu|Urshifu, L74, F|270/270\n|turn|5\n|inactive|Time left: 300 sec this turn | 300 sec total\n|\n|t:|1783534665\n|switch|p2a: Iron Valiant|Iron Valiant, L78|100/100\n|-activate|p2a: Iron Valiant|ability: Quark Drive\n|-start|p2a: Iron Valiant|quarkdriveatk\n|move|p1a: Urshifu|Wicked Blow|p2a: Iron Valiant\n|-resisted|p2a: Iron Valiant\n|-crit|p2a: Iron Valiant\n|-damage|p2a: Iron Valiant|85/100\n|-damage|p1a: Urshifu|243/270|[from] item: Life Orb\n|\n|-fieldend|move: Electric Terrain\n|-end|p2a: Iron Valiant|Quark Drive\n|upkeep\n|turn|6\n|inactive|Time left: 300 sec this turn | 300 sec total\n|\n|t:|1783534666\n|switch|p1a: Solgaleo|Solgaleo, L74|325/325\n|move|p2a: Iron Valiant|Spirit Break|p1a: Solgaleo\n|-resisted|p1a: Solgaleo\n|-damage|p1a: Solgaleo|270/325\n|-damage|p2a: Iron Valiant|75/100|[from] item: Life Orb\n|\n|upkeep\n|turn|7\n|inactive|Time left: 300 sec this turn | 300 sec total\n|\n|t:|1783534667\n|-terastallize|p2a: Iron Valiant|Dark\n|move|p2a: Iron Valiant|Knock Off|p1a: Solgaleo\n|-supereffective|p1a: Solgaleo\n|-damage|p1a: Solgaleo|5/325\n|-enditem|p1a: Solgaleo|Weakness Policy\n|-boost|p1a: Solgaleo|atk|2|[from] item: Weakness Policy\n|-boost|p1a: Solgaleo|spa|2|[from] item: Weakness Policy\n|-damage|p2a: Iron Valiant|65/100|[from] item: Life Orb\n|move|p1a: Solgaleo|Sunsteel Strike|p2a: Iron Valiant\n|-damage|p2a: Iron Valiant|0 fnt\n|faint|p2a: Iron Valiant\n|-end|p2a: Iron Valiant|Quark Drive|[silent]\n|\n|upkeep\n|\n|t:|1783534668\n|switch|p2a: Squawkabilly|Squawkabilly, L85, M|100/100\n|turn|8\n|inactive|Time left: 300 sec this turn | 300 sec total\n|\n|t:|1783534670\n|move|p2a: Squawkabilly|Facade|p1a: Solgaleo\n|-resisted|p1a: Solgaleo\n|-damage|p1a: Solgaleo|0 fnt\n|faint|p1a: Solgaleo\n|\n|-status|p2a: Squawkabilly|brn|[from] item: Flame Orb\n|upkeep\n|inactive|Time left: 300 sec this turn | 300 sec total | 5 sec grace\n|\n|t:|1783534671\n|switch|p1a: Miraidon|Miraidon, L65|130/238\n|-fieldstart|move: Electric Terrain|[from] ability: Hadron Engine|[of] p1a: Miraidon\n|turn|9\n|inactive|Time left: 300 sec this turn | 300 sec total\n|\n|t:|1783534672\n|move|p2a: Squawkabilly|Protect|p2a: Squawkabilly\n|-singleturn|p2a: Squawkabilly|Protect\n|move|p1a: Miraidon|Draco Meteor|p2a: Squawkabilly\n|-activate|p2a: Squawkabilly|move: Protect\n|\n|-damage|p2a: Squawkabilly|94/100 brn|[from] brn\n|upkeep\n|turn|10\n|inactive|Time left: 300 sec this turn | 300 sec total\n|\n|t:|1783534673\n|switch|p2a: Regice|Regice, L88|100/100\n|move|p1a: Miraidon|Draco Meteor|p2a: Regice\n|-damage|p2a: Regice|65/100\n|-unboost|p1a: Miraidon|spa|2\n|\n|upkeep\n|turn|11\n|inactive|Time left: 300 sec this turn | 300 sec total\n|\n|t:|1783534674\n|switch|p1a: Urshifu|Urshifu, L74, F|243/270\n|move|p2a: Regice|Ice Beam|p1a: Urshifu\n|-damage|p1a: Urshifu|75/270\n|\n|upkeep\n|turn|12\n|inactive|Time left: 300 sec this turn | 300 sec total\n|\n|t:|1783534675\n|move|p1a: Urshifu|Close Combat|p2a: Regice\n|-supereffective|p2a: Regice\n|-damage|p2a: Regice|0 fnt\n|-unboost|p1a: Urshifu|def|1\n|-unboost|p1a: Urshifu|spd|1\n|faint|p2a: Regice\n|-damage|p1a: Urshifu|48/270|[from] item: Life Orb\n|\n|upkeep\n|\n|t:|1783534676\n|switch|p2a: Torterra|Torterra, L78, M|100/100\n|turn|13\n|inactive|Time left: 300 sec this turn | 300 sec total\n|\n|t:|1783534677\n|move|p1a: Urshifu|Close Combat|p2a: Torterra\n|-damage|p2a: Torterra|45/100\n|-unboost|p1a: Urshifu|def|1\n|-unboost|p1a: Urshifu|spd|1\n|-damage|p1a: Urshifu|21/270|[from] item: Life Orb\n|move|p2a: Torterra|Shell Smash|p2a: Torterra\n|-unboost|p2a: Torterra|def|1\n|-unboost|p2a: Torterra|spd|1\n|-boost|p2a: Torterra|atk|2\n|-boost|p2a: Torterra|spa|2\n|-boost|p2a: Torterra|spe|2\n|\n|-fieldend|move: Electric Terrain\n|upkeep\n|turn|14\n|inactive|Time left: 300 sec this turn | 300 sec total\n|\n|t:|1783534678\n|move|p2a: Torterra|Bullet Seed|p1a: Urshifu\n|-damage|p1a: Urshifu|0 fnt\n|faint|p1a: Urshifu\n|-hitcount|p1: Urshifu|1\n|\n|upkeep\n|inactive|Time left: 300 sec this turn | 300 sec total | 5 sec grace\n|\n|t:|1783534679\n|switch|p1a: Tauros|Tauros, L82, M|257/257\n|turn|15\n|inactive|Time left: 300 sec this turn | 300 sec total\n|\n|t:|1783534680\n|move|p2a: Torterra|Headlong Rush|p1a: Tauros\n|-damage|p1a: Tauros|37/257\n|-unboost|p2a: Torterra|def|1\n|-unboost|p2a: Torterra|spd|1\n|move|p1a: Tauros|Throat Chop|p2a: Torterra\n|-damage|p2a: Torterra|0 fnt\n|faint|p2a: Torterra\n|\n|upkeep\n|\n|t:|1783534681\n|switch|p2a: Iron Boulder|Iron Boulder, L77|100/100\n|-enditem|p2a: Iron Boulder|Booster Energy\n|-activate|p2a: Iron Boulder|ability: Quark Drive|[fromitem]\n|-start|p2a: Iron Boulder|quarkdrivespe\n|turn|16\n|inactive|Time left: 300 sec this turn | 300 sec total\n|\n|t:|1783534681\n|move|p2a: Iron Boulder|Mighty Cleave|p1a: Tauros\n|-damage|p1a: Tauros|0 fnt\n|faint|p1a: Tauros\n|\n|upkeep\n|inactive|Time left: 300 sec this turn | 300 sec total | 5 sec grace\n|\n|t:|1783534682\n|switch|p1a: Miraidon|Miraidon, L65|130/238\n|-fieldstart|move: Electric Terrain|[from] ability: Hadron Engine|[of] p1a: Miraidon\n|turn|17\n|inactive|Time left: 300 sec this turn | 300 sec total\n|\n|t:|1783534683\n|-terastallize|p1a: Miraidon|Electric\n|move|p2a: Iron Boulder|Mighty Cleave|p1a: Miraidon\n|-damage|p1a: Miraidon|6/238\n|move|p1a: Miraidon|Electro Drift|p2a: Iron Boulder\n|-damage|p2a: Iron Boulder|0 fnt\n|faint|p2a: Iron Boulder\n|-end|p2a: Iron Boulder|Quark Drive|[silent]\n|\n|upkeep\n|\n|t:|1783534684\n|switch|p2a: Lurantis|Lurantis, L87, M|50/100\n|turn|18\n|inactive|Time left: 300 sec this turn | 300 sec total\n|\n|t:|1783534685\n|move|p1a: Miraidon|Electro Drift|p2a: Lurantis\n|-resisted|p2a: Lurantis\n|-damage|p2a: Lurantis|12/100\n|move|p2a: Lurantis|Superpower|p1a: Miraidon\n|-damage|p1a: Miraidon|0 fnt\n|-boost|p2a: Lurantis|atk|1\n|-boost|p2a: Lurantis|def|1\n|faint|p1a: Miraidon\n|\n|upkeep\n|inactive|Time left: 300 sec this turn | 300 sec total | 5 sec grace\n|\n|t:|1783534686\n|switch|p1a: Darkrai|Darkrai, L77|234/234\n|turn|19\n|inactive|Time left: 300 sec this turn | 300 sec total\n|\n|t:|1783534687\n|move|p1a: Darkrai|Sludge Bomb|p2a: Lurantis\n|-supereffective|p2a: Lurantis\n|-damage|p2a: Lurantis|0 fnt\n|faint|p2a: Lurantis\n|-damage|p1a: Darkrai|211/234|[from] item: Life Orb\n|\n|upkeep\n|\n|t:|1783534687\n|switch|p2a: Squawkabilly|Squawkabilly, L85, M|94/100 brn\n|turn|20\n|inactive|Time left: 300 sec this turn | 300 sec total\n|\n|t:|1783534688\n|move|p1a: Darkrai|Dark Pulse|p2a: Squawkabilly\n|-damage|p2a: Squawkabilly|28/100 brn\n|-damage|p1a: Darkrai|188/234|[from] item: Life Orb\n|move|p2a: Squawkabilly|Brave Bird|p1a: Darkrai\n|-damage|p1a: Darkrai|0 fnt\n|faint|p1a: Darkrai\n|-damage|p2a: Squawkabilly|6/100 brn|[from] Recoil\n|\n|win|p0y1209d6c", "uploadtime": 1783534688, "views": 0, "rating": 0, "private": 0, "password": null, "_winner": "p0y1209d6c", "_our_name": "p0x120939e"}