{"id": "battle-gen9randombattle-1619", "formatid": "gen9randombattle", "format": "[Gen 9] Random Battle", "players": ["p0x16193590", "p0y1619ff55"], "log": "|init|battle\n|title|p0x16193590 vs. p0y1619ff55\n|j|\u2606p0x16193590\n|j|\u2606p0y1619ff55\n|t:|1783557975\n|gametype|singles\n|player|p1|p0x16193590|266|\n|player|p2|p0y1619ff55|1|\n|gen|9\n|tier|[Gen 9] Random Battle\n|rule|Species Clause: Limit one of each Pok\u00e9mon\n|rule|HP Percentage Mod: HP is shown in percentages\n|rule|Sleep Clause Mod: Limit one foe put to sleep\n|rule|Illusion Level Mod: Illusion disguises the Pok\u00e9mon's true level\n|\n|t:|1783557975\n|teamsize|p1|6\n|teamsize|p2|6\n|start\n|switch|p1a: Diancie|Diancie, L82|100/100\n|switch|p2a: Bellibolt|Bellibolt, L84, M|320/320\n|turn|1\n|inactive|Battle timer is ON: inactive players will automatically lose when time's up. (requested by p0x16193590)\n|inactive|Time left: 300 sec this turn | 300 sec total | 60 sec grace\n|inactive|p0y1619ff55 also wants the timer to be on.\n|\n|t:|1783557977\n|move|p1a: Diancie|Diamond Storm|p2a: Bellibolt\n|-damage|p2a: Bellibolt|227/320\n|-boost|p1a: Diancie|def|2\n|-start|p2a: Bellibolt|Charge|Diamond Storm|[from] ability: Electromorphosis\n|move|p2a: Bellibolt|Thunderbolt|p1a: Diancie\n|-damage|p1a: Diancie|34/100\n|-end|p2a: Bellibolt|Charge|[silent]\n|\n|-heal|p1a: Diancie|40/100|[from] item: Leftovers\n|-heal|p2a: Bellibolt|247/320|[from] item: Leftovers\n|upkeep\n|turn|2\n|inactive|Time left: 300 sec this turn | 300 sec total\n|\n|t:|1783557978\n|move|p1a: Diancie|Body Press|p2a: Bellibolt\n|-damage|p2a: Bellibolt|91/320\n|-start|p2a: Bellibolt|Charge|Body Press|[from] ability: Electromorphosis\n|move|p2a: Bellibolt|Thunderbolt|p1a: Diancie\n|-damage|p1a: Diancie|0 fnt\n|faint|p1a: Diancie\n|-end|p2a: Bellibolt|Charge|[silent]\n|\n|-heal|p2a: Bellibolt|111/320|[from] item: Leftovers\n|upkeep\n|\n|t:|1783557979\n|switch|p1a: Gallade|Gallade, L80, M|100/100\n|turn|3\n|inactive|Time left: 300 sec this turn | 300 sec total\n|\n|t:|1783557980\n|switch|p2a: Ceruledge|Ceruledge, L78, F|245/245\n|move|p1a: Gallade|Sacred Sword|p2a: Ceruledge\n|-immune|p2a: Ceruledge\n|\n|upkeep\n|turn|4\n|inactive|Time left: 300 sec this turn | 300 sec total\n|\n|t:|1783557981\n|switch|p1a: Sandaconda|Sandaconda, L84, F|100/100\n|move|p2a: Ceruledge|Swords Dance|p2a: Ceruledge\n|-boost|p2a: Ceruledge|atk|2\n|\n|upkeep\n|turn|5\n|inactive|Time left: 300 sec this turn | 300 sec total\n|\n|t:|1783557982\n|-terastallize|p2a: Ceruledge|Ghost\n|move|p2a: Ceruledge|Poltergeist|p1a: Sandaconda\n|-activate|p1a: Sandaconda|move: Poltergeist|Leftovers\n|-crit|p1a: Sandaconda\n|-damage|p1a: Sandaconda|0 fnt\n|faint|p1a: Sandaconda\n|\n|upkeep\n|\n|t:|1783557983\n|switch|p1a: Grafaiai|Grafaiai, L86, F|100/100\n|turn|6\n|inactive|Time left: 300 sec this turn | 300 sec total\n|\n|t:|1783557984\n|move|p1a: Grafaiai|Encore|p2a: Ceruledge\n|-start|p2a: Ceruledge|Encore\n|move|p2a: Ceruledge|Poltergeist|p1a: Grafaiai\n|-immune|p1a: Grafaiai\n|\n|upkeep\n|turn|7\n|inactive|Time left: 300 sec this turn | 300 sec total\n|\n|t:|1783557985\n|switch|p2a: Bisharp|Bisharp, L79, F|232/232\n|move|p1a: Grafaiai|Knock Off|p2a: Bisharp\n|-resisted|p2a: Bisharp\n|-damage|p2a: Bisharp|209/232\n|-enditem|p2a: Bisharp|Eviolite|[from] move: Knock Off|[of] p1a: Grafaiai\n|\n|upkeep\n|turn|8\n|inactive|Time left: 300 sec this turn | 300 sec total\n|\n|t:|1783557986\n|switch|p1a: Toxicroak|Toxicroak, L84, M|100/100\n|move|p2a: Bisharp|Throat Chop|p1a: Toxicroak\n|-resisted|p1a: Toxicroak\n|-damage|p1a: Toxicroak|80/100\n|-start|p1a: Toxicroak|Throat Chop|[silent]\n|\n|upkeep\n|turn|9\n|inactive|Time left: 300 sec this turn | 300 sec total\n|\n|t:|1783557987\n|switch|p2a: Ceruledge|Ceruledge, L78, F, tera:Ghost|245/245\n|move|p1a: Toxicroak|Swords Dance|p1a: Toxicroak\n|-boost|p1a: Toxicroak|atk|2\n|\n|-end|p1a: Toxicroak|Throat Chop|[silent]\n|upkeep\n|turn|10\n|inactive|Time left: 300 sec this turn | 300 sec total\n|\n|t:|1783557988\n|-terastallize|p1a: Toxicroak|Ground\n|move|p1a: Toxicroak|Earthquake|p2a: Ceruledge\n|-damage|p2a: Ceruledge|0 fnt\n|faint|p2a: Ceruledge\n|-damage|p1a: Toxicroak|70/100|[from] item: Life Orb\n|\n|upkeep\n|inactive|Time left: 300 sec this turn | 300 sec total | 5 sec grace\n|\n|t:|1783557989\n|switch|p2a: Cyclizar|Cyclizar, L84, F|255/255\n|turn|11\n|inactive|Time left: 300 sec this turn | 300 sec total\n|\n|t:|1783557990\n|move|p2a: Cyclizar|Shed Tail|p2a: Cyclizar\n|-start|p2a: Cyclizar|Substitute|[from] move: Shed Tail\n|-damage|p2a: Cyclizar|127/255\n|inactive|Time left: 300 sec this turn | 300 sec total | 5 sec grace\n|\n|t:|1783557991\n|switch|p2a: Bisharp|Bisharp, L79, F|209/232|[from] Shed Tail\n|move|p1a: Toxicroak|Earthquake|p2a: Bisharp\n|-supereffective|p2a: Bisharp\n|-end|p2a: Bisharp|Substitute\n|-damage|p1a: Toxicroak|60/100|[from] item: Life Orb\n|\n|upkeep\n|turn|12\n|inactive|Time left: 300 sec this turn | 300 sec total\n|\n|t:|1783557992\n|move|p2a: Bisharp|Sucker Punch|p1a: Toxicroak\n|-damage|p1a: Toxicroak|24/100\n|move|p1a: Toxicroak|Close Combat|p2a: Bisharp\n|-supereffective|p2a: Bisharp\n|-damage|p2a: Bisharp|0 fnt\n|-unboost|p1a: Toxicroak|def|1\n|-unboost|p1a: Toxicroak|spd|1\n|faint|p2a: Bisharp\n|-damage|p1a: Toxicroak|14/100|[from] item: Life Orb\n|\n|upkeep\n|inactive|Time left: 300 sec this turn | 300 sec total | 5 sec grace\n|\n|t:|1783557993\n|switch|p2a: Cyclizar|Cyclizar, L84, F|212/255\n|turn|13\n|inactive|Time left: 300 sec this turn | 300 sec total\n|\n|t:|1783557994\n|switch|p1a: Primarina|Primarina, L83, M|100/100\n|move|p2a: Cyclizar|Knock Off|p1a: Primarina\n|-resisted|p1a: Primarina\n|-damage|p1a: Primarina|87/100\n|-enditem|p1a: Primarina|Leftovers|[from] move: Knock Off|[of] p2a: Cyclizar\n|\n|upkeep\n|turn|14\n|inactive|Time left: 300 sec this turn | 300 sec total\n|\n|t:|1783557995\n|move|p2a: Cyclizar|Shed Tail|p2a: Cyclizar\n|-start|p2a: Cyclizar|Substitute|[from] move: Shed Tail\n|-damage|p2a: Cyclizar|84/255\n|inactive|Time left: 300 sec this turn | 300 sec total | 5 sec grace\n|\n|t:|1783557996\n|switch|p2a: Pelipper|Pelipper, L86, F|243/243|[from] Shed Tail\n|-weather|RainDance|[from] ability: Drizzle|[of] p2a: Pelipper\n|move|p1a: Primarina|Calm Mind|p1a: Primarina\n|-boost|p1a: Primarina|spa|1\n|-boost|p1a: Primarina|spd|1\n|\n|-weather|RainDance|[upkeep]\n|upkeep\n|turn|15\n|inactive|Time left: 300 sec this turn | 300 sec total\n|\n|t:|1783557997\n|move|p2a: Pelipper|Hurricane|p1a: Primarina\n|-damage|p1a: Primarina|64/100\n|-start|p1a: Primarina|confusion\n|-activate|p1a: Primarina|confusion\n|move|p1a: Primarina|Sparkling Aria|p2a: Pelipper\n|-resisted|p2a: Pelipper\n|-damage|p2a: Pelipper|88/243\n|\n|-weather|RainDance|[upkeep]\n|upkeep\n|turn|16\n|inactive|Time left: 300 sec this turn | 300 sec total\n|\n|t:|1783557998\n|move|p2a: Pelipper|Roost|p2a: Pelipper\n|-heal|p2a: Pelipper|210/243\n|-singleturn|p2a: Pelipper|move: Roost\n|-activate|p1a: Primarina|confusion\n|move|p1a: Primarina|Sparkling Aria|p2a: Pelipper\n|-resisted|p2a: Pelipper\n|-damage|p2a: Pelipper|57/243\n|\n|-weather|RainDance|[upkeep]\n|upkeep\n|turn|17\n|inactive|Time left: 300 sec this turn | 300 sec total\n|\n|t:|1783557999\n|move|p2a: Pelipper|Roost|p2a: Pelipper\n|-heal|p2a: Pelipper|179/243\n|-singleturn|p2a: Pelipper|move: Roost\n|-activate|p1a: Primarina|confusion\n|move|p1a: Primarina|Sparkling Aria|p2a: Pelipper\n|-resisted|p2a: Pelipper\n|-damage|p2a: Pelipper|34/243\n|\n|-weather|RainDance|[upkeep]\n|upkeep\n|turn|18\n|inactive|Time left: 300 sec this turn | 300 sec total\n|\n|t:|1783558000\n|move|p2a: Pelipper|Roost|p2a: Pelipper\n|-heal|p2a: Pelipper|156/243\n|-singleturn|p2a: Pelipper|move: Roost\n|-end|p1a: Primarina|confusion\n|move|p1a: Primarina|Sparkling Aria|p2a: Pelipper\n|-resisted|p2a: Pelipper\n|-damage|p2a: Pelipper|8/243\n|\n|-weather|none\n|upkeep\n|turn|19\n|inactive|Time left: 300 sec this turn | 300 sec total\n|\n|t:|1783558001\n|move|p2a: Pelipper|Roost|p2a: Pelipper\n|-heal|p2a: Pelipper|130/243\n|-singleturn|p2a: Pelipper|move: Roost\n|move|p1a: Primarina|Sparkling Aria|p2a: Pelipper\n|-resisted|p2a: Pelipper\n|-damage|p2a: Pelipper|31/243\n|\n|upkeep\n|turn|20\n|inactive|Time left: 300 sec this turn | 300 sec total\n|\n|t:|1783558002\n|move|p2a: Pelipper|Roost|p2a: Pelipper\n|-heal|p2a: Pelipper|153/243\n|-singleturn|p2a: Pelipper|move: Roost\n|move|p1a: Primarina|Draining Kiss|p2a: Pelipper\n|-end|p2a: Pelipper|Substitute\n|-heal|p1a: Primarina|82/100|[from] drain|[of] p2a: Pelipper\n|\n|upkeep\n|turn|21\n|inactive|Time left: 300 sec this turn | 300 sec total\n|\n|t:|1783558003\n|move|p2a: Pelipper|Roost|p2a: Pelipper\n|-heal|p2a: Pelipper|243/243\n|-singleturn|p2a: Pelipper|move: Roost\n|move|p1a: Primarina|Draining Kiss|p2a: Pelipper\n|-damage|p2a: Pelipper|123/243\n|-heal|p1a: Primarina|100/100|[from] drain|[of] p2a: Pelipper\n|\n|upkeep\n|turn|22\n|inactive|Time left: 300 sec this turn | 300 sec total\n|\n|t:|1783558004\n|move|p2a: Pelipper|Roost|p2a: Pelipper\n|-heal|p2a: Pelipper|243/243\n|-singleturn|p2a: Pelipper|move: Roost\n|move|p1a: Primarina|Psychic|p2a: Pelipper\n|-damage|p2a: Pelipper|107/243\n|\n|upkeep\n|turn|23\n|inactive|Time left: 300 sec this turn | 300 sec total\n|\n|t:|1783558005\n|move|p2a: Pelipper|Roost|p2a: Pelipper\n|-heal|p2a: Pelipper|229/243\n|-singleturn|p2a: Pelipper|move: Roost\n|move|p1a: Primarina|Psychic|p2a: Pelipper\n|-damage|p2a: Pelipper|107/243\n|\n|upkeep\n|turn|24\n|inactive|Time left: 300 sec this turn | 300 sec total\n|\n|t:|1783558006\n|move|p2a: Pelipper|Hurricane|p1a: Primarina\n|-damage|p1a: Primarina|76/100\n|move|p1a: Primarina|Psychic|p2a: Pelipper\n|-damage|p2a: Pelipper|0 fnt\n|faint|p2a: Pelipper\n|\n|upkeep\n|inactive|Time left: 300 sec this turn | 300 sec total | 5 sec grace\n|\n|t:|1783558007\n|switch|p2a: Cyclizar|Cyclizar, L84, F|169/255\n|turn|25\n|inactive|Time left: 300 sec this turn | 300 sec total\n|\n|t:|1783558008\n|move|p2a: Cyclizar|Shed Tail|p2a: Cyclizar\n|-start|p2a: Cyclizar|Substitute|[from] move: Shed Tail\n|-damage|p2a: Cyclizar|41/255\n|inactive|Time left: 300 sec this turn | 300 sec total | 5 sec grace\n|\n|t:|1783558009\n|switch|p2a: Annihilape|Annihilape, L76, M|292/292|[from] Shed Tail\n|move|p1a: Primarina|Sparkling Aria|p2a: Annihilape\n|-damage|p2a: Annihilape|96/292\n|\n|upkeep\n|turn|26\n|inactive|Time left: 300 sec this turn | 300 sec total\n|\n|t:|1783558010\n|move|p2a: Annihilape|Rest|p2a: Annihilape\n|-status|p2a: Annihilape|slp|[from] move: Rest\n|-heal|p2a: Annihilape|292/292 slp|[silent]\n|-enditem|p2a: Annihilape|Chesto Berry|[eat]\n|-curestatus|p2a: Annihilape|slp|[msg]\n|move|p1a: Primarina|Sparkling Aria|p2a: Annihilape\n|-damage|p2a: Annihilape|108/292\n|\n|upkeep\n|turn|27\n|inactive|Time left: 300 sec this turn | 300 sec total\n|\n|t:|1783558011\n|move|p2a: Annihilape|Rest|p2a: Annihilape\n|-status|p2a: Annihilape|slp|[from] move: Rest\n|-heal|p2a: Annihilape|292/292 slp|[silent]\n|move|p1a: Primarina|Sparkling Aria|p2a: Annihilape\n|-damage|p2a: Annihilape|103/292 slp\n|\n|upkeep\n|turn|28\n|inactive|Time left: 300 sec this turn | 300 sec total\n|\n|t:|1783558012\n|cant|p2a: Annihilape|slp\n|move|p1a: Primarina|Sparkling Aria|p2a: Annihilape\n|-damage|p2a: Annihilape|0 fnt\n|faint|p2a: Annihilape\n|\n|upkeep\n|inactive|Time left: 300 sec this turn | 300 sec total | 5 sec grace\n|\n|t:|1783558013\n|switch|p2a: Cyclizar|Cyclizar, L84, F|126/255\n|turn|29\n|inactive|Time left: 300 sec this turn | 300 sec total\n|\n|t:|1783558014\n|switch|p2a: Bellibolt|Bellibolt, L84, M|111/320\n|move|p1a: Primarina|Psychic|p2a: Bellibolt\n|-damage|p2a: Bellibolt|0 fnt\n|faint|p2a: Bellibolt\n|\n|upkeep\n|inactive|Time left: 300 sec this turn | 300 sec total | 5 sec grace\n|\n|t:|1783558015\n|switch|p2a: Cyclizar|Cyclizar, L84, F|211/255\n|turn|30\n|inactive|Time left: 300 sec this turn | 300 sec total\n|\n|t:|1783558016\n|move|p2a: Cyclizar|Shed Tail|p2a: Cyclizar\n|-fail|p2a: Cyclizar\n|move|p1a: Primarina|Draining Kiss|p2a: Cyclizar\n|-supereffective|p2a: Cyclizar\n|-damage|p2a: Cyclizar|0 fnt\n|-heal|p1a: Primarina|100/100|[from] drain|[of] p2a: Cyclizar\n|faint|p2a: Cyclizar\n|\n|win|p0x16193590", "uploadtime": 1783558016, "views": 0, "rating": 0, "private": 0, "password": null, "_winner": "p0x16193590", "_our_name": "p0y1619ff55"}