{"id": "battle-gen9randombattle-1954", "formatid": "gen9randombattle", "format": "[Gen 9] Random Battle", "players": ["p0x1954e12d", "p0y19549cec"], "log": "|init|battle\n|title|p0x1954e12d vs. p0y19549cec\n|j|\u2606p0x1954e12d\n|j|\u2606p0y19549cec\n|t:|1783562596\n|gametype|singles\n|player|p1|p0x1954e12d|169|\n|player|p2|p0y19549cec|2|\n|gen|9\n|tier|[Gen 9] Random Battle\n|rule|Species Clause: Limit one of each Pok\u00e9mon\n|rule|HP Percentage Mod: HP is shown in percentages\n|rule|Sleep Clause Mod: Limit one foe put to sleep\n|rule|Illusion Level Mod: Illusion disguises the Pok\u00e9mon's true level\n|\n|t:|1783562596\n|teamsize|p1|6\n|teamsize|p2|6\n|start\n|switch|p1a: Magearna|Magearna-Original, L77|100/100\n|switch|p2a: Bastiodon|Bastiodon, L89, F|252/252\n|turn|1\n|inactive|Battle timer is ON: inactive players will automatically lose when time's up. (requested by p0x1954e12d)\n|inactive|Time left: 300 sec this turn | 300 sec total | 60 sec grace\n|inactive|p0y19549cec also wants the timer to be on.\n|\n|t:|1783562598\n|move|p1a: Magearna|Shift Gear|p1a: Magearna\n|-boost|p1a: Magearna|spe|2\n|-boost|p1a: Magearna|atk|1\n|move|p2a: Bastiodon|Iron Defense|p2a: Bastiodon\n|-boost|p2a: Bastiodon|def|2\n|\n|upkeep\n|turn|2\n|inactive|Time left: 300 sec this turn | 300 sec total\n|\n|t:|1783562599\n|switch|p1a: Slowbro|Slowbro, L85, M|100/100\n|move|p2a: Bastiodon|Body Press|p1a: Slowbro\n|-resisted|p1a: Slowbro\n|-damage|p1a: Slowbro|72/100\n|\n|-heal|p1a: Slowbro|78/100|[from] item: Leftovers\n|upkeep\n|turn|3\n|inactive|Time left: 300 sec this turn | 300 sec total\n|\n|t:|1783562600\n|move|p2a: Bastiodon|Body Press|p1a: Slowbro\n|-resisted|p1a: Slowbro\n|-damage|p1a: Slowbro|53/100\n|move|p1a: Slowbro|Scald|p2a: Bastiodon\n|-supereffective|p2a: Bastiodon\n|-damage|p2a: Bastiodon|132/252\n|\n|-heal|p1a: Slowbro|59/100|[from] item: Leftovers\n|upkeep\n|turn|4\n|inactive|Time left: 300 sec this turn | 300 sec total\n|\n|t:|1783562602\n|move|p2a: Bastiodon|Rest|p2a: Bastiodon\n|-status|p2a: Bastiodon|slp|[from] move: Rest\n|-heal|p2a: Bastiodon|252/252 slp|[silent]\n|-enditem|p2a: Bastiodon|Chesto Berry|[eat]\n|-curestatus|p2a: Bastiodon|slp|[msg]\n|move|p1a: Slowbro|Scald|p2a: Bastiodon\n|-supereffective|p2a: Bastiodon\n|-damage|p2a: Bastiodon|132/252\n|\n|-heal|p1a: Slowbro|65/100|[from] item: Leftovers\n|upkeep\n|turn|5\n|inactive|Time left: 300 sec this turn | 300 sec total\n|\n|t:|1783562603\n|-terastallize|p2a: Bastiodon|Fighting\n|move|p2a: Bastiodon|Body Press|p1a: Slowbro\n|-resisted|p1a: Slowbro\n|-damage|p1a: Slowbro|25/100\n|move|p1a: Slowbro|Scald|p2a: Bastiodon\n|-damage|p2a: Bastiodon|68/252\n|-status|p2a: Bastiodon|brn\n|\n|-heal|p1a: Slowbro|31/100|[from] item: Leftovers\n|-damage|p2a: Bastiodon|53/252 brn|[from] brn\n|upkeep\n|turn|6\n|inactive|Time left: 300 sec this turn | 300 sec total\n|\n|t:|1783562604\n|move|p2a: Bastiodon|Rest|p2a: Bastiodon\n|-status|p2a: Bastiodon|slp|[from] move: Rest\n|-heal|p2a: Bastiodon|252/252 slp|[silent]\n|move|p1a: Slowbro|Slack Off|p1a: Slowbro\n|-heal|p1a: Slowbro|81/100\n|\n|-heal|p1a: Slowbro|87/100|[from] item: Leftovers\n|upkeep\n|turn|7\n|inactive|Time left: 300 sec this turn | 300 sec total\n|\n|t:|1783562605\n|cant|p2a: Bastiodon|slp\n|move|p1a: Slowbro|Scald|p2a: Bastiodon\n|-damage|p2a: Bastiodon|197/252 slp\n|\n|-heal|p1a: Slowbro|93/100|[from] item: Leftovers\n|upkeep\n|turn|8\n|inactive|Time left: 300 sec this turn | 300 sec total\n|\n|t:|1783562606\n|cant|p2a: Bastiodon|slp\n|move|p1a: Slowbro|Iron Defense|p1a: Slowbro\n|-boost|p1a: Slowbro|def|2\n|\n|-heal|p1a: Slowbro|99/100|[from] item: Leftovers\n|upkeep\n|turn|9\n|inactive|Time left: 300 sec this turn | 300 sec total\n|\n|t:|1783562607\n|-curestatus|p2a: Bastiodon|slp|[msg]\n|move|p2a: Bastiodon|Iron Defense|p2a: Bastiodon\n|-boost|p2a: Bastiodon|def|2\n|move|p1a: Slowbro|Scald|p2a: Bastiodon\n|-damage|p2a: Bastiodon|136/252\n|-status|p2a: Bastiodon|brn\n|\n|-heal|p1a: Slowbro|100/100|[from] item: Leftovers\n|-damage|p2a: Bastiodon|121/252 brn|[from] brn\n|upkeep\n|turn|10\n|inactive|Time left: 300 sec this turn | 300 sec total\n|\n|t:|1783562608\n|move|p2a: Bastiodon|Rest|p2a: Bastiodon\n|-status|p2a: Bastiodon|slp|[from] move: Rest\n|-heal|p2a: Bastiodon|252/252 slp|[silent]\n|move|p1a: Slowbro|Scald|p2a: Bastiodon\n|-crit|p2a: Bastiodon\n|-damage|p2a: Bastiodon|159/252 slp\n|\n|upkeep\n|turn|11\n|inactive|Time left: 300 sec this turn | 300 sec total\n|\n|t:|1783562609\n|cant|p2a: Bastiodon|slp\n|move|p1a: Slowbro|Scald|p2a: Bastiodon\n|-damage|p2a: Bastiodon|101/252 slp\n|\n|upkeep\n|turn|12\n|inactive|Time left: 300 sec this turn | 300 sec total\n|\n|t:|1783562611\n|cant|p2a: Bastiodon|slp\n|move|p1a: Slowbro|Scald|p2a: Bastiodon\n|-damage|p2a: Bastiodon|44/252 slp\n|\n|upkeep\n|turn|13\n|inactive|Time left: 300 sec this turn | 300 sec total\n|\n|t:|1783562612\n|-curestatus|p2a: Bastiodon|slp|[msg]\n|move|p2a: Bastiodon|Rest|p2a: Bastiodon\n|-status|p2a: Bastiodon|slp|[from] move: Rest\n|-heal|p2a: Bastiodon|252/252 slp|[silent]\n|move|p1a: Slowbro|Scald|p2a: Bastiodon\n|-damage|p2a: Bastiodon|192/252 slp\n|\n|upkeep\n|turn|14\n|inactive|Time left: 300 sec this turn | 300 sec total\n|\n|t:|1783562613\n|cant|p2a: Bastiodon|slp\n|move|p1a: Slowbro|Scald|p2a: Bastiodon\n|-damage|p2a: Bastiodon|137/252 slp\n|\n|upkeep\n|turn|15\n|inactive|Time left: 300 sec this turn | 300 sec total\n|\n|t:|1783562614\n|cant|p2a: Bastiodon|slp\n|move|p1a: Slowbro|Scald|p2a: Bastiodon\n|-damage|p2a: Bastiodon|73/252 slp\n|\n|upkeep\n|turn|16\n|inactive|Time left: 300 sec this turn | 300 sec total\n|\n|t:|1783562615\n|-curestatus|p2a: Bastiodon|slp|[msg]\n|move|p2a: Bastiodon|Rest|p2a: Bastiodon\n|-status|p2a: Bastiodon|slp|[from] move: Rest\n|-heal|p2a: Bastiodon|252/252 slp|[silent]\n|move|p1a: Slowbro|Scald|p2a: Bastiodon\n|-damage|p2a: Bastiodon|188/252 slp\n|\n|upkeep\n|turn|17\n|inactive|Time left: 300 sec this turn | 300 sec total\n|\n|t:|1783562616\n|cant|p2a: Bastiodon|slp\n|move|p1a: Slowbro|Scald|p2a: Bastiodon\n|-crit|p2a: Bastiodon\n|-damage|p2a: Bastiodon|98/252 slp\n|\n|upkeep\n|turn|18\n|inactive|Time left: 300 sec this turn | 300 sec total\n|\n|t:|1783562617\n|cant|p2a: Bastiodon|slp\n|move|p1a: Slowbro|Scald|p2a: Bastiodon\n|-damage|p2a: Bastiodon|34/252 slp\n|\n|upkeep\n|turn|19\n|inactive|Time left: 300 sec this turn | 300 sec total\n|\n|t:|1783562618\n|-curestatus|p2a: Bastiodon|slp|[msg]\n|move|p2a: Bastiodon|Rest|p2a: Bastiodon\n|-status|p2a: Bastiodon|slp|[from] move: Rest\n|-heal|p2a: Bastiodon|252/252 slp|[silent]\n|move|p1a: Slowbro|Scald|p2a: Bastiodon\n|-damage|p2a: Bastiodon|188/252 slp\n|\n|upkeep\n|turn|20\n|inactive|Time left: 300 sec this turn | 300 sec total\n|\n|t:|1783562619\n|cant|p2a: Bastiodon|slp\n|move|p1a: Slowbro|Scald|p2a: Bastiodon\n|-damage|p2a: Bastiodon|127/252 slp\n|\n|upkeep\n|turn|21\n|inactive|Time left: 300 sec this turn | 300 sec total\n|\n|t:|1783562621\n|cant|p2a: Bastiodon|slp\n|move|p1a: Slowbro|Scald|p2a: Bastiodon\n|-damage|p2a: Bastiodon|69/252 slp\n|\n|upkeep\n|turn|22\n|inactive|Time left: 300 sec this turn | 300 sec total\n|\n|t:|1783562622\n|-curestatus|p2a: Bastiodon|slp|[msg]\n|move|p2a: Bastiodon|Rest|p2a: Bastiodon\n|-status|p2a: Bastiodon|slp|[from] move: Rest\n|-heal|p2a: Bastiodon|252/252 slp|[silent]\n|move|p1a: Slowbro|Scald|p2a: Bastiodon\n|-damage|p2a: Bastiodon|188/252 slp\n|\n|upkeep\n|turn|23\n|inactive|Time left: 300 sec this turn | 300 sec total\n|\n|t:|1783562623\n|cant|p2a: Bastiodon|slp\n|move|p1a: Slowbro|Scald|p2a: Bastiodon\n|-damage|p2a: Bastiodon|125/252 slp\n|\n|upkeep\n|turn|24\n|inactive|Time left: 300 sec this turn | 300 sec total\n|\n|t:|1783562625\n|cant|p2a: Bastiodon|slp\n|move|p1a: Slowbro|Scald|p2a: Bastiodon\n|-damage|p2a: Bastiodon|68/252 slp\n|\n|upkeep\n|turn|25\n|inactive|Time left: 300 sec this turn | 300 sec total\n|\n|t:|1783562626\n|-curestatus|p2a: Bastiodon|slp|[msg]\n|move|p2a: Bastiodon|Rest|p2a: Bastiodon\n|-status|p2a: Bastiodon|slp|[from] move: Rest\n|-heal|p2a: Bastiodon|252/252 slp|[silent]\n|move|p1a: Slowbro|Scald|p2a: Bastiodon\n|-damage|p2a: Bastiodon|191/252 slp\n|\n|upkeep\n|turn|26\n|inactive|Time left: 300 sec this turn | 300 sec total\n|\n|t:|1783562627\n|cant|p2a: Bastiodon|slp\n|move|p1a: Slowbro|Scald|p2a: Bastiodon\n|-damage|p2a: Bastiodon|128/252 slp\n|\n|upkeep\n|turn|27\n|inactive|Time left: 300 sec this turn | 300 sec total\n|\n|t:|1783562628\n|cant|p2a: Bastiodon|slp\n|move|p1a: Slowbro|Scald|p2a: Bastiodon\n|-crit|p2a: Bastiodon\n|-damage|p2a: Bastiodon|43/252 slp\n|\n|upkeep\n|turn|28\n|inactive|Time left: 300 sec this turn | 300 sec total\n|\n|t:|1783562630\n|-curestatus|p2a: Bastiodon|slp|[msg]\n|move|p2a: Bastiodon|Body Press|p1a: Slowbro\n|-resisted|p1a: Slowbro\n|-damage|p1a: Slowbro|70/100\n|move|p1a: Slowbro|Scald|p2a: Bastiodon\n|-damage|p2a: Bastiodon|0 fnt\n|faint|p2a: Bastiodon\n|\n|-heal|p1a: Slowbro|76/100|[from] item: Leftovers\n|upkeep\n|inactive|Time left: 300 sec this turn | 300 sec total | 5 sec grace\n|\n|t:|1783562631\n|switch|p2a: Ampharos|Ampharos, L88, M|302/302\n|turn|29\n|inactive|Time left: 300 sec this turn | 300 sec total\n|\n|t:|1783562632\n|switch|p1a: Rhyperior|Rhyperior, L82, F|100/100\n|move|p2a: Ampharos|Discharge|p1a: Rhyperior\n|-immune|p1a: Rhyperior\n|\n|upkeep\n|turn|30\n|inactive|Time left: 300 sec this turn | 300 sec total\n|\n|t:|1783562634\n|move|p2a: Ampharos|Focus Blast|p1a: Rhyperior\n|-supereffective|p1a: Rhyperior\n|-damage|p1a: Rhyperior|52/100\n|move|p1a: Rhyperior|Earthquake|p2a: Ampharos\n|-supereffective|p2a: Ampharos\n|-damage|p2a: Ampharos|48/302\n|\n|upkeep\n|turn|31\n|inactive|Time left: 300 sec this turn | 300 sec total\n|\n|t:|1783562635\n|move|p2a: Ampharos|Focus Blast|p1a: Rhyperior\n|-supereffective|p1a: Rhyperior\n|-damage|p1a: Rhyperior|0 fnt\n|faint|p1a: Rhyperior\n|\n|upkeep\n|\n|t:|1783562636\n|switch|p1a: Arceus|Arceus-Grass, L73|100/100\n|turn|32\n|inactive|Time left: 300 sec this turn | 300 sec total\n|\n|t:|1783562637\n|switch|p2a: Frosmoth|Frosmoth, L82, M|249/249\n|move|p1a: Arceus|Calm Mind|p1a: Arceus\n|-boost|p1a: Arceus|spa|1\n|-boost|p1a: Arceus|spd|1\n|\n|upkeep\n|turn|33\n|inactive|Time left: 300 sec this turn | 300 sec total\n|\n|t:|1783562639\n|move|p1a: Arceus|Calm Mind|p1a: Arceus\n|-boost|p1a: Arceus|spa|1\n|-boost|p1a: Arceus|spd|1\n|move|p2a: Frosmoth|Quiver Dance|p2a: Frosmoth\n|-boost|p2a: Frosmoth|spa|1\n|-boost|p2a: Frosmoth|spd|1\n|-boost|p2a: Frosmoth|spe|1\n|\n|upkeep\n|turn|34\n|inactive|Time left: 300 sec this turn | 300 sec total\n|\n|t:|1783562640\n|move|p2a: Frosmoth|Quiver Dance|p2a: Frosmoth\n|-boost|p2a: Frosmoth|spa|1\n|-boost|p2a: Frosmoth|spd|1\n|-boost|p2a: Frosmoth|spe|1\n|move|p1a: Arceus|Calm Mind|p1a: Arceus\n|-boost|p1a: Arceus|spa|1\n|-boost|p1a: Arceus|spd|1\n|\n|upkeep\n|turn|35\n|inactive|Time left: 300 sec this turn | 300 sec total\n|\n|t:|1783562641\n|switch|p1a: Magearna|Magearna-Original, L77|100/100\n|move|p2a: Frosmoth|Ice Beam|p1a: Magearna\n|-resisted|p1a: Magearna\n|-damage|p1a: Magearna|62/100\n|\n|upkeep\n|turn|36\n|inactive|Time left: 300 sec this turn | 300 sec total\n|\n|t:|1783562642\n|move|p2a: Frosmoth|Ice Beam|p1a: Magearna\n|-resisted|p1a: Magearna\n|-damage|p1a: Magearna|26/100\n|move|p1a: Magearna|Iron Head|p2a: Frosmoth\n|-supereffective|p2a: Frosmoth\n|-damage|p2a: Frosmoth|55/249\n|\n|upkeep\n|turn|37\n|inactive|Time left: 300 sec this turn | 300 sec total\n|\n|t:|1783562643\n|move|p2a: Frosmoth|Ice Beam|p1a: Magearna\n|-resisted|p1a: Magearna\n|-damage|p1a: Magearna|0 fnt\n|faint|p1a: Magearna\n|\n|upkeep\n|\n|t:|1783562644\n|switch|p1a: Regigigas|Regigigas, L84|100/100\n|-start|p1a: Regigigas|ability: Slow Start\n|turn|38\n|inactive|Time left: 300 sec this turn | 300 sec total\n|\n|t:|1783562645\n|move|p2a: Frosmoth|Giga Drain|p1a: Regigigas\n|-damage|p1a: Regigigas|70/100\n|-heal|p2a: Frosmoth|105/249|[from] drain|[of] p1a: Regigigas\n|move|p1a: Regigigas|Knock Off|p2a: Frosmoth\n|-damage|p2a: Frosmoth|35/249\n|-enditem|p2a: Frosmoth|Heavy-Duty Boots|[from] move: Knock Off|[of] p1a: Regigigas\n|\n|-heal|p1a: Regigigas|76/100|[from] item: Leftovers\n|upkeep\n|turn|39\n|inactive|Time left: 300 sec this turn | 300 sec total\n|\n|t:|1783562646\n|move|p2a: Frosmoth|Ice Beam|p1a: Regigigas\n|-damage|p1a: Regigigas|22/100\n|move|p1a: Regigigas|Body Slam|p2a: Frosmoth\n|-damage|p2a: Frosmoth|0 fnt\n|faint|p2a: Frosmoth\n|\n|-heal|p1a: Regigigas|28/100|[from] item: Leftovers\n|upkeep\n|inactive|Time left: 300 sec this turn | 300 sec total | 5 sec grace\n|\n|t:|1783562646\n|switch|p2a: Perrserker|Perrserker, L89, M|269/269\n|turn|40\n|inactive|Time left: 300 sec this turn | 300 sec total\n|\n|t:|1783562647\n|move|p1a: Regigigas|Protect|p1a: Regigigas\n|-singleturn|p1a: Regigigas|Protect\n|move|p2a: Perrserker|Knock Off|p1a: Regigigas\n|-activate|p1a: Regigigas|move: Protect\n|\n|-heal|p1a: Regigigas|34/100|[from] item: Leftovers\n|upkeep\n|turn|41\n|inactive|Time left: 300 sec this turn | 300 sec total\n|\n|t:|1783562648\n|switch|p1a: Arceus|Arceus-Grass, L73|100/100\n|move|p2a: Perrserker|Knock Off|p1a: Arceus\n|-damage|p1a: Arceus|66/100\n|\n|upkeep\n|turn|42\n|inactive|Time left: 300 sec this turn | 300 sec total\n|\n|t:|1783562649\n|move|p1a: Arceus|Earth Power|p2a: Perrserker\n|-supereffective|p2a: Perrserker\n|-damage|p2a: Perrserker|127/269\n|move|p2a: Perrserker|Knock Off|p1a: Arceus\n|-damage|p1a: Arceus|33/100\n|\n|upkeep\n|turn|43\n|inactive|Time left: 300 sec this turn | 300 sec total\n|\n|t:|1783562650\n|switch|p2a: Mesprit|Mesprit, L85|275/275\n|move|p1a: Arceus|Earth Power|p2a: Mesprit\n|-immune|p2a: Mesprit|[from] ability: Levitate\n|\n|upkeep\n|turn|44\n|inactive|Time left: 300 sec this turn | 300 sec total\n|\n|t:|1783562651\n|move|p1a: Arceus|Judgment|p2a: Mesprit\n|-damage|p2a: Mesprit|176/275\n|move|p2a: Mesprit|Ice Beam|p1a: Arceus\n|-supereffective|p1a: Arceus\n|-damage|p1a: Arceus|0 fnt\n|faint|p1a: Arceus\n|\n|upkeep\n|\n|t:|1783562652\n|switch|p1a: Slowbro|Slowbro, L85, M|100/100\n|turn|45\n|inactive|Time left: 300 sec this turn | 300 sec total\n|\n|t:|1783562653\n|switch|p2a: Squawkabilly|Squawkabilly-Yellow, L89, F|291/291\n|move|p1a: Slowbro|Iron Defense|p1a: Slowbro\n|-boost|p1a: Slowbro|def|2\n|\n|upkeep\n|turn|46\n|inactive|Time left: 300 sec this turn | 300 sec total\n|\n|t:|1783562654\n|move|p2a: Squawkabilly|Parting Shot|p1a: Slowbro\n|-unboost|p1a: Slowbro|atk|1\n|-unboost|p1a: Slowbro|spa|1\n|inactive|Time left: 300 sec this turn | 300 sec total | 5 sec grace\n|\n|t:|1783562655\n|switch|p2a: Mesprit|Mesprit, L85|176/275|[from] Parting Shot\n|move|p1a: Slowbro|Body Press|p2a: Mesprit\n|-resisted|p2a: Mesprit\n|-damage|p2a: Mesprit|118/275\n|\n|upkeep\n|turn|47\n|inactive|Time left: 300 sec this turn | 300 sec total\n|\n|t:|1783562657\n|move|p2a: Mesprit|Thunderbolt|p1a: Slowbro\n|-supereffective|p1a: Slowbro\n|-damage|p1a: Slowbro|26/100\n|move|p1a: Slowbro|Body Press|p2a: Mesprit\n|-resisted|p2a: Mesprit\n|-damage|p2a: Mesprit|60/275\n|\n|-heal|p1a: Slowbro|32/100|[from] item: Leftovers\n|upkeep\n|turn|48\n|inactive|Time left: 300 sec this turn | 300 sec total\n|\n|t:|1783562658\n|switch|p1a: Latias|Latias, L79, F|100/100\n|move|p2a: Mesprit|Thunderbolt|p1a: Latias\n|-resisted|p1a: Latias\n|-damage|p1a: Latias|85/100\n|\n|upkeep\n|turn|49\n|inactive|Time left: 300 sec this turn | 300 sec total\n|\n|t:|1783562660\n|switch|p2a: Perrserker|Perrserker, L89, M|127/269\n|move|p1a: Latias|Calm Mind|p1a: Latias\n|-boost|p1a: Latias|spa|1\n|-boost|p1a: Latias|spd|1\n|\n|upkeep\n|turn|50\n|inactive|Time left: 300 sec this turn | 300 sec total\n|\n|t:|1783562661\n|move|p1a: Latias|Draco Meteor|p2a: Perrserker\n|-resisted|p2a: Perrserker\n|-damage|p2a: Perrserker|0 fnt\n|-unboost|p1a: Latias|spa|2\n|faint|p2a: Perrserker\n|\n|upkeep\n|inactive|Time left: 300 sec this turn | 300 sec total | 5 sec grace\n|\n|t:|1783562662\n|switch|p2a: Squawkabilly|Squawkabilly-Yellow, L89, F|291/291\n|turn|51\n|inactive|Time left: 300 sec this turn | 300 sec total\n|\n|t:|1783562663\n|move|p1a: Latias|Draco Meteor|p2a: Squawkabilly\n|-damage|p2a: Squawkabilly|140/291\n|-unboost|p1a: Latias|spa|2\n|move|p2a: Squawkabilly|Brave Bird|p1a: Latias|[miss]\n|-miss|p2a: Squawkabilly|p1a: Latias\n|\n|upkeep\n|turn|52\n|inactive|Time left: 300 sec this turn | 300 sec total\n|\n|t:|1783562664\n|switch|p1a: Slowbro|Slowbro, L85, M|65/100\n|move|p2a: Squawkabilly|Brave Bird|p1a: Slowbro\n|-damage|p1a: Slowbro|3/100\n|-damage|p2a: Squawkabilly|78/291|[from] Recoil\n|\n|-heal|p1a: Slowbro|9/100|[from] item: Leftovers\n|upkeep\n|turn|53\n|inactive|Time left: 300 sec this turn | 300 sec total\n|\n|t:|1783562665\n|switch|p1a: Latias|Latias, L79, F|85/100\n|move|p2a: Squawkabilly|Brave Bird|p1a: Latias\n|-damage|p1a: Latias|0 fnt\n|faint|p1a: Latias\n|-damage|p2a: Squawkabilly|6/291|[from] Recoil\n|\n|upkeep\n|\n|t:|1783562666\n|switch|p1a: Regigigas|Regigigas, L84|34/100\n|-start|p1a: Regigigas|ability: Slow Start\n|turn|54\n|inactive|Time left: 300 sec this turn | 300 sec total\n|\n|t:|1783562667\n|move|p1a: Regigigas|Protect|p1a: Regigigas\n|-singleturn|p1a: Regigigas|Protect\n|move|p2a: Squawkabilly|Brave Bird|p1a: Regigigas\n|-activate|p1a: Regigigas|move: Protect\n|\n|-heal|p1a: Regigigas|40/100|[from] item: Leftovers\n|upkeep\n|turn|55\n|inactive|Time left: 300 sec this turn | 300 sec total\n|\n|t:|1783562667\n|switch|p1a: Slowbro|Slowbro, L85, M|42/100\n|move|p2a: Squawkabilly|Brave Bird|p1a: Slowbro\n|-crit|p1a: Slowbro\n|-damage|p1a: Slowbro|0 fnt\n|faint|p1a: Slowbro\n|-damage|p2a: Squawkabilly|0 fnt|[from] Recoil\n|faint|p2a: Squawkabilly\n|\n|upkeep\n|inactive|Time left: 300 sec this turn | 300 sec total | 5 sec grace\n|\n|t:|1783562668\n|switch|p2a: Mesprit|Mesprit, L85|60/275\n|switch|p1a: Regigigas|Regigigas, L84|40/100\n|-start|p1a: Regigigas|ability: Slow Start\n|turn|56\n|inactive|Time left: 300 sec this turn | 300 sec total\n|\n|t:|1783562669\n|move|p1a: Regigigas|Protect|p1a: Regigigas\n|-singleturn|p1a: Regigigas|Protect\n|move|p2a: Mesprit|Psychic|p1a: Regigigas\n|-activate|p1a: Regigigas|move: Protect\n|\n|-heal|p1a: Regigigas|46/100|[from] item: Leftovers\n|upkeep\n|turn|57\n|inactive|Time left: 300 sec this turn | 300 sec total\n|\n|t:|1783562670\n|move|p2a: Mesprit|Psychic|p1a: Regigigas\n|-crit|p1a: Regigigas\n|-damage|p1a: Regigigas|0 fnt\n|faint|p1a: Regigigas\n|-end|p1a: Regigigas|Slow Start|[silent]\n|\n|win|p0y19549cec", "uploadtime": 1783562670, "views": 0, "rating": 0, "private": 0, "password": null, "_winner": "p0y19549cec", "_our_name": "p0y19549cec"}