{"id": "battle-gen9randombattle-2849", "formatid": "gen9randombattle", "format": "[Gen 9] Random Battle", "players": ["p0x28492366", "p0y2849fdaa"], "log": "|init|battle\n|title|p0x28492366 vs. p0y2849fdaa\n|j|\u2606p0x28492366\n|j|\u2606p0y2849fdaa\n|t:|1783571854\n|gametype|singles\n|player|p1|p0x28492366|170|\n|player|p2|p0y2849fdaa|169|\n|gen|9\n|tier|[Gen 9] Random Battle\n|rule|Species Clause: Limit one of each Pok\u00e9mon\n|rule|HP Percentage Mod: HP is shown in percentages\n|rule|Sleep Clause Mod: Limit one foe put to sleep\n|rule|Illusion Level Mod: Illusion disguises the Pok\u00e9mon's true level\n|\n|t:|1783571854\n|teamsize|p1|6\n|teamsize|p2|6\n|start\n|switch|p1a: Suicune|Suicune, L82|100/100\n|switch|p2a: Empoleon|Empoleon, L84, F|278/278\n|-ability|p1a: Suicune|Pressure\n|turn|1\n|inactive|Battle timer is ON: inactive players will automatically lose when time's up. (requested by p0y2849fdaa)\n|inactive|p0x28492366 also wants the timer to be on.\n|\n|t:|1783571856\n|move|p1a: Suicune|Calm Mind|p1a: Suicune\n|-boost|p1a: Suicune|spa|1\n|-boost|p1a: Suicune|spd|1\n|move|p2a: Empoleon|Stealth Rock|p1a: Suicune\n|-sidestart|p1: p0x28492366|move: Stealth Rock\n|\n|upkeep\n|turn|2\n|inactive|Time left: 300 sec this turn | 300 sec total\n|\n|t:|1783571857\n|move|p1a: Suicune|Calm Mind|p1a: Suicune\n|-boost|p1a: Suicune|spa|1\n|-boost|p1a: Suicune|spd|1\n|move|p2a: Empoleon|Surf|p1a: Suicune\n|-resisted|p1a: Suicune\n|-damage|p1a: Suicune|93/100\n|\n|-heal|p1a: Suicune|99/100|[from] item: Leftovers\n|upkeep\n|turn|3\n|inactive|Time left: 300 sec this turn | 300 sec total\n|\n|t:|1783571858\n|move|p1a: Suicune|Scald|p2a: Empoleon\n|-resisted|p2a: Empoleon\n|-damage|p2a: Empoleon|204/278\n|-status|p2a: Empoleon|brn\n|move|p2a: Empoleon|Surf|p1a: Suicune\n|-resisted|p1a: Suicune\n|-damage|p1a: Suicune|91/100\n|\n|-heal|p1a: Suicune|97/100|[from] item: Leftovers\n|-heal|p2a: Empoleon|221/278 brn|[from] item: Leftovers\n|-damage|p2a: Empoleon|204/278 brn|[from] brn\n|upkeep\n|turn|4\n|inactive|Time left: 300 sec this turn | 300 sec total\n|\n|t:|1783571859\n|move|p1a: Suicune|Calm Mind|p1a: Suicune\n|-boost|p1a: Suicune|spa|1\n|-boost|p1a: Suicune|spd|1\n|move|p2a: Empoleon|Roost|p2a: Empoleon\n|-heal|p2a: Empoleon|278/278 brn\n|-singleturn|p2a: Empoleon|move: Roost\n|\n|-heal|p1a: Suicune|100/100|[from] item: Leftovers\n|-damage|p2a: Empoleon|261/278 brn|[from] brn\n|upkeep\n|turn|5\n|inactive|Time left: 300 sec this turn | 300 sec total\n|\n|t:|1783571860\n|move|p1a: Suicune|Scald|p2a: Empoleon\n|-resisted|p2a: Empoleon\n|-damage|p2a: Empoleon|178/278 brn\n|move|p2a: Empoleon|Roost|p2a: Empoleon\n|-heal|p2a: Empoleon|278/278 brn\n|-singleturn|p2a: Empoleon|move: Roost\n|\n|-damage|p2a: Empoleon|261/278 brn|[from] brn\n|upkeep\n|turn|6\n|inactive|Time left: 300 sec this turn | 300 sec total\n|\n|t:|1783571862\n|move|p1a: Suicune|Scald|p2a: Empoleon\n|-resisted|p2a: Empoleon\n|-damage|p2a: Empoleon|172/278 brn\n|move|p2a: Empoleon|Flip Turn|p1a: Suicune\n|-resisted|p1a: Suicune\n|-damage|p1a: Suicune|96/100\n|inactive|Time left: 300 sec this turn | 300 sec total | 5 sec grace\n|\n|t:|1783571863\n|switch|p2a: Jumpluff|Jumpluff, L87, F|271/271|[from] Flip Turn\n|\n|-heal|p1a: Suicune|100/100|[from] item: Leftovers\n|upkeep\n|turn|7\n|inactive|Time left: 300 sec this turn | 300 sec total\n|\n|t:|1783571864\n|move|p2a: Jumpluff|Leech Seed|p1a: Suicune\n|-start|p1a: Suicune|move: Leech Seed\n|move|p1a: Suicune|Scald|p2a: Jumpluff\n|-resisted|p2a: Jumpluff\n|-damage|p2a: Jumpluff|178/271\n|\n|-damage|p1a: Suicune|88/100|[from] Leech Seed|[of] p2a: Jumpluff\n|-heal|p2a: Jumpluff|215/271|[silent]\n|upkeep\n|turn|8\n|inactive|Time left: 300 sec this turn | 300 sec total\n|\n|t:|1783571865\n|move|p2a: Jumpluff|Strength Sap|p1a: Suicune\n|-unboost|p1a: Suicune|atk|1\n|-heal|p2a: Jumpluff|271/271\n|move|p1a: Suicune|Scald|p2a: Jumpluff\n|-resisted|p2a: Jumpluff\n|-damage|p2a: Jumpluff|185/271\n|\n|-heal|p1a: Suicune|94/100|[from] item: Leftovers\n|-damage|p1a: Suicune|82/100|[from] Leech Seed|[of] p2a: Jumpluff\n|-heal|p2a: Jumpluff|222/271|[silent]\n|upkeep\n|turn|9\n|inactive|Time left: 300 sec this turn | 300 sec total\n|\n|t:|1783571866\n|move|p2a: Jumpluff|Strength Sap|p1a: Suicune\n|-unboost|p1a: Suicune|atk|1\n|-heal|p2a: Jumpluff|271/271\n|move|p1a: Suicune|Scald|p2a: Jumpluff\n|-resisted|p2a: Jumpluff\n|-damage|p2a: Jumpluff|184/271\n|\n|-heal|p1a: Suicune|88/100|[from] item: Leftovers\n|-damage|p1a: Suicune|75/100|[from] Leech Seed|[of] p2a: Jumpluff\n|-heal|p2a: Jumpluff|221/271|[silent]\n|upkeep\n|turn|10\n|inactive|Time left: 300 sec this turn | 300 sec total\n|\n|t:|1783571867\n|switch|p2a: Empoleon|Empoleon, L84, F|172/278 brn\n|move|p1a: Suicune|Scald|p2a: Empoleon\n|-resisted|p2a: Empoleon\n|-damage|p2a: Empoleon|82/278 brn\n|\n|-heal|p1a: Suicune|81/100|[from] item: Leftovers\n|-heal|p2a: Empoleon|99/278 brn|[from] item: Leftovers\n|-damage|p1a: Suicune|69/100|[from] Leech Seed|[of] p2a: Empoleon\n|-heal|p2a: Empoleon|136/278 brn|[silent]\n|-damage|p2a: Empoleon|119/278 brn|[from] brn\n|upkeep\n|turn|11\n|inactive|Time left: 300 sec this turn | 300 sec total\n|\n|t:|1783571868\n|move|p1a: Suicune|Scald|p2a: Empoleon\n|-resisted|p2a: Empoleon\n|-damage|p2a: Empoleon|37/278 brn\n|move|p2a: Empoleon|Roost|p2a: Empoleon\n|-heal|p2a: Empoleon|176/278 brn\n|-singleturn|p2a: Empoleon|move: Roost\n|\n|-heal|p1a: Suicune|75/100|[from] item: Leftovers\n|-heal|p2a: Empoleon|193/278 brn|[from] item: Leftovers\n|-damage|p1a: Suicune|63/100|[from] Leech Seed|[of] p2a: Empoleon\n|-heal|p2a: Empoleon|230/278 brn|[silent]\n|-damage|p2a: Empoleon|213/278 brn|[from] brn\n|upkeep\n|turn|12\n|inactive|Time left: 300 sec this turn | 300 sec total\n|\n|t:|1783571869\n|move|p1a: Suicune|Scald|p2a: Empoleon\n|-resisted|p2a: Empoleon\n|-damage|p2a: Empoleon|124/278 brn\n|move|p2a: Empoleon|Roost|p2a: Empoleon\n|-heal|p2a: Empoleon|263/278 brn\n|-singleturn|p2a: Empoleon|move: Roost\n|\n|-heal|p1a: Suicune|69/100|[from] item: Leftovers\n|-heal|p2a: Empoleon|278/278 brn|[from] item: Leftovers\n|-damage|p1a: Suicune|56/100|[from] Leech Seed|[of] p2a: Empoleon\n|-damage|p2a: Empoleon|261/278 brn|[from] brn\n|upkeep\n|turn|13\n|inactive|Time left: 300 sec this turn | 300 sec total\n|\n|t:|1783571869\n|move|p1a: Suicune|Scald|p2a: Empoleon\n|-resisted|p2a: Empoleon\n|-damage|p2a: Empoleon|180/278 brn\n|move|p2a: Empoleon|Surf|p1a: Suicune\n|-resisted|p1a: Suicune\n|-damage|p1a: Suicune|50/100\n|\n|-heal|p1a: Suicune|56/100|[from] item: Leftovers\n|-heal|p2a: Empoleon|197/278 brn|[from] item: Leftovers\n|-damage|p1a: Suicune|43/100|[from] Leech Seed|[of] p2a: Empoleon\n|-heal|p2a: Empoleon|234/278 brn|[silent]\n|-damage|p2a: Empoleon|217/278 brn|[from] brn\n|upkeep\n|turn|14\n|inactive|Time left: 300 sec this turn | 300 sec total\n|\n|t:|1783571870\n|move|p1a: Suicune|Scald|p2a: Empoleon\n|-resisted|p2a: Empoleon\n|-damage|p2a: Empoleon|134/278 brn\n|move|p2a: Empoleon|Surf|p1a: Suicune\n|-resisted|p1a: Suicune\n|-damage|p1a: Suicune|38/100\n|\n|-heal|p1a: Suicune|44/100|[from] item: Leftovers\n|-heal|p2a: Empoleon|151/278 brn|[from] item: Leftovers\n|-damage|p1a: Suicune|31/100|[from] Leech Seed|[of] p2a: Empoleon\n|-heal|p2a: Empoleon|188/278 brn|[silent]\n|-damage|p2a: Empoleon|171/278 brn|[from] brn\n|upkeep\n|turn|15\n|inactive|Time left: 300 sec this turn | 300 sec total\n|\n|t:|1783571871\n|move|p1a: Suicune|Scald|p2a: Empoleon\n|-resisted|p2a: Empoleon\n|-crit|p2a: Empoleon\n|-damage|p2a: Empoleon|49/278 brn\n|move|p2a: Empoleon|Roost|p2a: Empoleon\n|-heal|p2a: Empoleon|188/278 brn\n|-singleturn|p2a: Empoleon|move: Roost\n|\n|-heal|p1a: Suicune|37/100|[from] item: Leftovers\n|-heal|p2a: Empoleon|205/278 brn|[from] item: Leftovers\n|-damage|p1a: Suicune|25/100|[from] Leech Seed|[of] p2a: Empoleon\n|-heal|p2a: Empoleon|242/278 brn|[silent]\n|-damage|p2a: Empoleon|225/278 brn|[from] brn\n|upkeep\n|turn|16\n|inactive|Time left: 300 sec this turn | 300 sec total\n|\n|t:|1783571872\n|move|p1a: Suicune|Scald|p2a: Empoleon\n|-resisted|p2a: Empoleon\n|-damage|p2a: Empoleon|147/278 brn\n|move|p2a: Empoleon|Surf|p1a: Suicune\n|-resisted|p1a: Suicune\n|-damage|p1a: Suicune|20/100\n|\n|-heal|p1a: Suicune|26/100|[from] item: Leftovers\n|-heal|p2a: Empoleon|164/278 brn|[from] item: Leftovers\n|-damage|p1a: Suicune|13/100|[from] Leech Seed|[of] p2a: Empoleon\n|-heal|p2a: Empoleon|201/278 brn|[silent]\n|-damage|p2a: Empoleon|184/278 brn|[from] brn\n|upkeep\n|turn|17\n|inactive|Time left: 300 sec this turn | 300 sec total\n|\n|t:|1783571873\n|move|p1a: Suicune|Scald|p2a: Empoleon\n|-resisted|p2a: Empoleon\n|-damage|p2a: Empoleon|104/278 brn\n|move|p2a: Empoleon|Roost|p2a: Empoleon\n|-heal|p2a: Empoleon|243/278 brn\n|-singleturn|p2a: Empoleon|move: Roost\n|\n|-heal|p1a: Suicune|19/100|[from] item: Leftovers\n|-heal|p2a: Empoleon|260/278 brn|[from] item: Leftovers\n|-damage|p1a: Suicune|7/100|[from] Leech Seed|[of] p2a: Empoleon\n|-heal|p2a: Empoleon|278/278 brn|[silent]\n|-damage|p2a: Empoleon|261/278 brn|[from] brn\n|upkeep\n|turn|18\n|inactive|Time left: 300 sec this turn | 300 sec total\n|\n|t:|1783571874\n|move|p1a: Suicune|Scald|p2a: Empoleon\n|-resisted|p2a: Empoleon\n|-damage|p2a: Empoleon|173/278 brn\n|move|p2a: Empoleon|Surf|p1a: Suicune\n|-resisted|p1a: Suicune\n|-damage|p1a: Suicune|0 fnt\n|faint|p1a: Suicune\n|\n|-heal|p2a: Empoleon|190/278 brn|[from] item: Leftovers\n|-damage|p2a: Empoleon|173/278 brn|[from] brn\n|upkeep\n|\n|t:|1783571875\n|switch|p1a: Copperajah|Copperajah, L86, M|100/100\n|-damage|p1a: Copperajah|94/100|[from] Stealth Rock\n|turn|19\n|inactive|Time left: 300 sec this turn | 300 sec total\n|\n|t:|1783571876\n|move|p2a: Empoleon|Roost|p2a: Empoleon\n|-heal|p2a: Empoleon|278/278 brn\n|-singleturn|p2a: Empoleon|move: Roost\n|move|p1a: Copperajah|Heat Crash|p2a: Empoleon\n|-damage|p2a: Empoleon|109/278 brn\n|\n|-heal|p2a: Empoleon|126/278 brn|[from] item: Leftovers\n|-damage|p2a: Empoleon|109/278 brn|[from] brn\n|upkeep\n|turn|20\n|inactive|Time left: 300 sec this turn | 300 sec total\n|\n|t:|1783571877\n|move|p2a: Empoleon|Surf|p1a: Copperajah\n|-damage|p1a: Copperajah|62/100\n|move|p1a: Copperajah|Heat Crash|p2a: Empoleon\n|-crit|p2a: Empoleon\n|-damage|p2a: Empoleon|0 fnt\n|faint|p2a: Empoleon\n|\n|upkeep\n|inactive|Time left: 300 sec this turn | 300 sec total | 5 sec grace\n|\n|t:|1783571878\n|switch|p2a: Kyurem|Kyurem-White, L73|303/303\n|-ability|p2a: Kyurem|Turboblaze\n|turn|21\n|inactive|Time left: 300 sec this turn | 300 sec total\n|\n|t:|1783571880\n|move|p2a: Kyurem|Fusion Flare|p1a: Copperajah\n|-supereffective|p1a: Copperajah\n|-damage|p1a: Copperajah|2/100\n|move|p1a: Copperajah|Heat Crash|p2a: Kyurem\n|-damage|p2a: Kyurem|134/303\n|\n|upkeep\n|turn|22\n|inactive|Time left: 300 sec this turn | 300 sec total\n|\n|t:|1783571881\n|move|p2a: Kyurem|Fusion Flare|p1a: Copperajah\n|-supereffective|p1a: Copperajah\n|-damage|p1a: Copperajah|0 fnt\n|faint|p1a: Copperajah\n|\n|upkeep\n|\n|t:|1783571882\n|switch|p1a: Gouging Fire|Gouging Fire, L74|100/100\n|turn|23\n|inactive|Time left: 300 sec this turn | 300 sec total\n|\n|t:|1783571883\n|switch|p2a: Cresselia|Cresselia, L80, F|323/323\n|move|p1a: Gouging Fire|Dragon Dance|p1a: Gouging Fire\n|-boost|p1a: Gouging Fire|atk|1\n|-boost|p1a: Gouging Fire|spe|1\n|\n|upkeep\n|turn|24\n|inactive|Time left: 300 sec this turn | 300 sec total\n|\n|t:|1783571884\n|move|p1a: Gouging Fire|Outrage|p2a: Cresselia\n|-damage|p2a: Cresselia|176/323\n|move|p2a: Cresselia|Moonlight|p2a: Cresselia\n|-heal|p2a: Cresselia|323/323\n|\n|upkeep\n|turn|25\n|inactive|Time left: 300 sec this turn | 300 sec total\n|\n|t:|1783571885\n|move|p1a: Gouging Fire|Outrage|p2a: Cresselia|[from] lockedmove\n|-damage|p2a: Cresselia|167/323\n|-start|p1a: Gouging Fire|confusion|[fatigue]\n|move|p2a: Cresselia|Moonlight|p2a: Cresselia\n|-heal|p2a: Cresselia|323/323\n|\n|upkeep\n|turn|26\n|inactive|Time left: 300 sec this turn | 300 sec total\n|\n|t:|1783571887\n|-activate|p1a: Gouging Fire|confusion\n|move|p1a: Gouging Fire|Outrage|p2a: Cresselia\n|-damage|p2a: Cresselia|187/323\n|move|p2a: Cresselia|Calm Mind|p2a: Cresselia\n|-boost|p2a: Cresselia|spa|1\n|-boost|p2a: Cresselia|spd|1\n|\n|-heal|p2a: Cresselia|207/323|[from] item: Leftovers\n|upkeep\n|turn|27\n|inactive|Time left: 300 sec this turn | 300 sec total\n|\n|t:|1783571888\n|-activate|p1a: Gouging Fire|confusion\n|-damage|p1a: Gouging Fire|89/100|[from] confusion\n|move|p2a: Cresselia|Moonlight|p2a: Cresselia\n|-heal|p2a: Cresselia|323/323\n|\n|upkeep\n|turn|28\n|inactive|Time left: 300 sec this turn | 300 sec total\n|\n|t:|1783571889\n|-activate|p1a: Gouging Fire|confusion\n|move|p1a: Gouging Fire|Dragon Dance|p1a: Gouging Fire\n|-boost|p1a: Gouging Fire|atk|1\n|-boost|p1a: Gouging Fire|spe|1\n|move|p2a: Cresselia|Moonlight|p2a: Cresselia\n|-fail|p2a: Cresselia|heal\n|\n|upkeep\n|turn|29\n|inactive|Time left: 300 sec this turn | 300 sec total\n|\n|t:|1783571890\n|-end|p1a: Gouging Fire|confusion\n|move|p1a: Gouging Fire|Outrage|p2a: Cresselia\n|-damage|p2a: Cresselia|130/323\n|move|p2a: Cresselia|Psyshock|p1a: Gouging Fire\n|-damage|p1a: Gouging Fire|58/100\n|\n|-heal|p2a: Cresselia|150/323|[from] item: Leftovers\n|upkeep\n|turn|30\n|inactive|Time left: 300 sec this turn | 300 sec total\n|\n|t:|1783571891\n|switch|p2a: Kyurem|Kyurem-White, L73|134/303\n|-ability|p2a: Kyurem|Turboblaze\n|move|p1a: Gouging Fire|Outrage|p2a: Kyurem|[from] lockedmove\n|-supereffective|p2a: Kyurem\n|-damage|p2a: Kyurem|0 fnt\n|faint|p2a: Kyurem\n|\n|upkeep\n|inactive|Time left: 300 sec this turn | 300 sec total | 5 sec grace\n|\n|t:|1783571892\n|switch|p2a: Jumpluff|Jumpluff, L87, F|221/271\n|turn|31\n|inactive|Time left: 300 sec this turn | 300 sec total\n|\n|t:|1783571892\n|-terastallize|p2a: Jumpluff|Steel\n|move|p1a: Gouging Fire|Outrage|p2a: Jumpluff|[from] lockedmove\n|-resisted|p2a: Jumpluff\n|-damage|p2a: Jumpluff|88/271\n|-start|p1a: Gouging Fire|confusion|[fatigue]\n|move|p2a: Jumpluff|Strength Sap|p1a: Gouging Fire\n|-unboost|p1a: Gouging Fire|atk|1\n|-heal|p2a: Jumpluff|271/271\n|\n|upkeep\n|turn|32\n|inactive|Time left: 300 sec this turn | 300 sec total\n|\n|t:|1783571893\n|switch|p2a: Cresselia|Cresselia, L80, F|150/323\n|-activate|p1a: Gouging Fire|confusion\n|-damage|p1a: Gouging Fire|46/100|[from] confusion\n|\n|-heal|p2a: Cresselia|170/323|[from] item: Leftovers\n|upkeep\n|turn|33\n|inactive|Time left: 300 sec this turn | 300 sec total\n|\n|t:|1783571894\n|-activate|p1a: Gouging Fire|confusion\n|move|p1a: Gouging Fire|Outrage|p2a: Cresselia\n|-damage|p2a: Cresselia|14/323\n|move|p2a: Cresselia|Moonlight|p2a: Cresselia\n|-heal|p2a: Cresselia|175/323\n|\n|-heal|p2a: Cresselia|195/323|[from] item: Leftovers\n|upkeep\n|turn|34\n|inactive|Time left: 300 sec this turn | 300 sec total\n|\n|t:|1783571895\n|-activate|p1a: Gouging Fire|confusion\n|-damage|p1a: Gouging Fire|33/100|[from] confusion\n|move|p2a: Cresselia|Moonlight|p2a: Cresselia\n|-heal|p2a: Cresselia|323/323\n|\n|upkeep\n|turn|35\n|inactive|Time left: 300 sec this turn | 300 sec total\n|\n|t:|1783571896\n|-activate|p1a: Gouging Fire|confusion\n|-damage|p1a: Gouging Fire|21/100|[from] confusion\n|move|p2a: Cresselia|Psyshock|p1a: Gouging Fire\n|-damage|p1a: Gouging Fire|0 fnt\n|faint|p1a: Gouging Fire\n|-end|p1a: Gouging Fire|Protosynthesis|[silent]\n|\n|upkeep\n|\n|t:|1783571897\n|switch|p1a: Weavile|Weavile, L79, F|100/100\n|-damage|p1a: Weavile|76/100|[from] Stealth Rock\n|turn|36\n|inactive|Time left: 300 sec this turn | 300 sec total\n|\n|t:|1783571898\n|switch|p2a: Jumpluff|Jumpluff, L87, F, tera:Steel|271/271\n|move|p1a: Weavile|Knock Off|p2a: Jumpluff\n|-damage|p2a: Jumpluff|148/271\n|\n|upkeep\n|turn|37\n|inactive|Time left: 300 sec this turn | 300 sec total\n|\n|t:|1783571900\n|move|p1a: Weavile|Knock Off|p2a: Jumpluff\n|-damage|p2a: Jumpluff|33/271\n|move|p2a: Jumpluff|Strength Sap|p1a: Weavile\n|-unboost|p1a: Weavile|atk|1\n|-heal|p2a: Jumpluff|268/271\n|\n|upkeep\n|turn|38\n|inactive|Time left: 300 sec this turn | 300 sec total\n|\n|t:|1783571901\n|move|p1a: Weavile|Knock Off|p2a: Jumpluff\n|-damage|p2a: Jumpluff|183/271\n|move|p2a: Jumpluff|Acrobatics|p1a: Weavile\n|-damage|p1a: Weavile|27/100\n|\n|upkeep\n|turn|39\n|inactive|Time left: 300 sec this turn | 300 sec total\n|\n|t:|1783571902\n|move|p1a: Weavile|Knock Off|p2a: Jumpluff\n|-damage|p2a: Jumpluff|105/271\n|move|p2a: Jumpluff|Strength Sap|p1a: Weavile\n|-unboost|p1a: Weavile|atk|1\n|-heal|p2a: Jumpluff|261/271\n|\n|upkeep\n|turn|40\n|inactive|Time left: 300 sec this turn | 300 sec total\n|\n|t:|1783571903\n|move|p1a: Weavile|Knock Off|p2a: Jumpluff\n|-damage|p2a: Jumpluff|197/271\n|move|p2a: Jumpluff|Leech Seed|p1a: Weavile\n|-start|p1a: Weavile|move: Leech Seed\n|\n|-damage|p1a: Weavile|15/100|[from] Leech Seed|[of] p2a: Jumpluff\n|-heal|p2a: Jumpluff|226/271|[silent]\n|upkeep\n|turn|41\n|inactive|Time left: 300 sec this turn | 300 sec total\n|\n|t:|1783571904\n|move|p1a: Weavile|Knock Off|p2a: Jumpluff\n|-damage|p2a: Jumpluff|160/271\n|move|p2a: Jumpluff|Strength Sap|p1a: Weavile\n|-unboost|p1a: Weavile|atk|1\n|-heal|p2a: Jumpluff|271/271\n|\n|-damage|p1a: Weavile|3/100|[from] Leech Seed|[of] p2a: Jumpluff\n|upkeep\n|turn|42\n|inactive|Time left: 300 sec this turn | 300 sec total\n|\n|t:|1783571905\n|move|p1a: Weavile|Knock Off|p2a: Jumpluff\n|-damage|p2a: Jumpluff|222/271\n|move|p2a: Jumpluff|Leech Seed||[still]\n|-fail|p2a: Jumpluff\n|\n|-damage|p1a: Weavile|0 fnt|[from] Leech Seed|[of] p2a: Jumpluff\n|-heal|p2a: Jumpluff|227/271|[silent]\n|faint|p1a: Weavile\n|upkeep\n|\n|t:|1783571906\n|switch|p1a: Dewgong|Dewgong, L94, F|100/100\n|turn|43\n|inactive|Time left: 300 sec this turn | 300 sec total\n|\n|t:|1783571907\n|move|p2a: Jumpluff|Leech Seed|p1a: Dewgong\n|-start|p1a: Dewgong|move: Leech Seed\n|move|p1a: Dewgong|Flip Turn|p2a: Jumpluff\n|-damage|p2a: Jumpluff|152/271\n|\n|t:|1783571908\n|switch|p1a: Swalot|Swalot, L90, F|100/100|[from] Flip Turn\n|-damage|p1a: Swalot|88/100|[from] Stealth Rock\n|\n|-heal|p1a: Swalot|94/100|[from] item: Leftovers\n|upkeep\n|turn|44\n|inactive|Time left: 300 sec this turn | 300 sec total\n|\n|t:|1783571909\n|switch|p2a: Cresselia|Cresselia, L80, F|323/323\n|move|p1a: Swalot|Knock Off|p2a: Cresselia\n|-supereffective|p2a: Cresselia\n|-damage|p2a: Cresselia|207/323\n|-enditem|p2a: Cresselia|Leftovers|[from] move: Knock Off|[of] p1a: Swalot\n|\n|-heal|p1a: Swalot|100/100|[from] item: Leftovers\n|upkeep\n|turn|45\n|inactive|Time left: 300 sec this turn | 300 sec total\n|\n|t:|1783571910\n|move|p2a: Cresselia|Calm Mind|p2a: Cresselia\n|-boost|p2a: Cresselia|spa|1\n|-boost|p2a: Cresselia|spd|1\n|move|p1a: Swalot|Sludge Bomb|p2a: Cresselia\n|-damage|p2a: Cresselia|159/323\n|-status|p2a: Cresselia|psn\n|\n|-damage|p2a: Cresselia|119/323 psn|[from] psn\n|upkeep\n|turn|46\n|inactive|Time left: 300 sec this turn | 300 sec total\n|\n|t:|1783571911\n|move|p2a: Cresselia|Moonlight|p2a: Cresselia\n|-heal|p2a: Cresselia|280/323 psn\n|move|p1a: Swalot|Knock Off|p2a: Cresselia\n|-supereffective|p2a: Cresselia\n|-damage|p2a: Cresselia|200/323 psn\n|\n|-damage|p2a: Cresselia|160/323 psn|[from] psn\n|upkeep\n|turn|47\n|inactive|Time left: 300 sec this turn | 300 sec total\n|\n|t:|1783571912\n|move|p2a: Cresselia|Moonlight|p2a: Cresselia\n|-heal|p2a: Cresselia|321/323 psn\n|move|p1a: Swalot|Knock Off|p2a: Cresselia\n|-supereffective|p2a: Cresselia\n|-damage|p2a: Cresselia|241/323 psn\n|\n|-damage|p2a: Cresselia|201/323 psn|[from] psn\n|upkeep\n|turn|48\n|inactive|Time left: 300 sec this turn | 300 sec total\n|\n|t:|1783571913\n|move|p2a: Cresselia|Thunderbolt|p1a: Swalot\n|-damage|p1a: Swalot|80/100\n|move|p1a: Swalot|Knock Off|p2a: Cresselia\n|-supereffective|p2a: Cresselia\n|-damage|p2a: Cresselia|123/323 psn\n|\n|-heal|p1a: Swalot|86/100|[from] item: Leftovers\n|-damage|p2a: Cresselia|83/323 psn|[from] psn\n|upkeep\n|turn|49\n|inactive|Time left: 300 sec this turn | 300 sec total\n|\n|t:|1783571914\n|move|p2a: Cresselia|Psyshock|p1a: Swalot\n|-supereffective|p1a: Swalot\n|-damage|p1a: Swalot|29/100\n|move|p1a: Swalot|Knock Off|p2a: Cresselia\n|-supereffective|p2a: Cresselia\n|-damage|p2a: Cresselia|5/323 psn\n|\n|-heal|p1a: Swalot|35/100|[from] item: Leftovers\n|-damage|p2a: Cresselia|0 fnt|[from] psn\n|faint|p2a: Cresselia\n|upkeep\n|inactive|Time left: 300 sec this turn | 300 sec total | 5 sec grace\n|\n|t:|1783571915\n|switch|p2a: Zebstrika|Zebstrika, L87, F|272/272\n|turn|50\n|inactive|Time left: 300 sec this turn | 300 sec total\n|\n|t:|1783571916\n|move|p2a: Zebstrika|Supercell Slam|p1a: Swalot\n|-damage|p1a: Swalot|0 fnt\n|faint|p1a: Swalot\n|-damage|p2a: Zebstrika|245/272|[from] item: Life Orb\n|\n|upkeep\n|\n|t:|1783571917\n|switch|p1a: Dewgong|Dewgong, L94, F|100/100\n|turn|51\n|inactive|Time left: 300 sec this turn | 300 sec total\n|\n|t:|1783571918\n|-terastallize|p1a: Dewgong|Poison\n|move|p2a: Zebstrika|Supercell Slam|p1a: Dewgong\n|-damage|p1a: Dewgong|57/100\n|-damage|p2a: Zebstrika|218/272|[from] item: Life Orb\n|move|p1a: Dewgong|Triple Axel|p2a: Zebstrika\n|-damage|p2a: Zebstrika|193/272\n|-damage|p2a: Zebstrika|138/272\n|-crit|p2a: Zebstrika\n|-damage|p2a: Zebstrika|29/272\n|-hitcount|p2a: Zebstrika|3\n|\n|upkeep\n|turn|52\n|inactive|Time left: 300 sec this turn | 300 sec total\n|\n|t:|1783571919\n|move|p2a: Zebstrika|High Horsepower|p1a: Dewgong\n|-supereffective|p1a: Dewgong\n|-damage|p1a: Dewgong|3/100\n|-damage|p2a: Zebstrika|2/272|[from] item: Life Orb\n|move|p1a: Dewgong|Triple Axel|p2a: Zebstrika\n|-damage|p2a: Zebstrika|0 fnt\n|faint|p2a: Zebstrika\n|-hitcount|p2: Zebstrika|1\n|\n|upkeep\n|inactive|Time left: 300 sec this turn | 300 sec total | 5 sec grace\n|\n|t:|1783571920\n|switch|p2a: Muk|Muk, L86, F|321/321\n|turn|53\n|inactive|Time left: 300 sec this turn | 300 sec total\n|\n|t:|1783571921\n|move|p1a: Dewgong|Flip Turn|p2a: Muk\n|-damage|p2a: Muk|251/321\n|move|p2a: Muk|Ice Punch|p1a: Dewgong\n|-damage|p1a: Dewgong|0 fnt\n|faint|p1a: Dewgong\n|\n|win|p0y2849fdaa", "uploadtime": 1783571921, "views": 0, "rating": 0, "private": 0, "password": null, "_winner": "p0y2849fdaa", "_our_name": "p0y2849fdaa"}