{"id": "battle-gen9randombattle-158", "formatid": "gen9randombattle", "format": "[Gen 9] Random Battle", "players": ["p0x1586878", "p0y15815fc"], "log": "|init|battle\n|title|p0x1586878 vs. p0y15815fc\n|j|\u2606p0x1586878\n|j|\u2606p0y15815fc\n|t:|1783540989\n|gametype|singles\n|player|p1|p0x1586878|169|\n|player|p2|p0y15815fc|170|\n|gen|9\n|tier|[Gen 9] Random Battle\n|rule|Species Clause: Limit one of each Pok\u00e9mon\n|rule|HP Percentage Mod: HP is shown in percentages\n|rule|Sleep Clause Mod: Limit one foe put to sleep\n|rule|Illusion Level Mod: Illusion disguises the Pok\u00e9mon's true level\n|\n|t:|1783540989\n|teamsize|p1|6\n|teamsize|p2|6\n|start\n|switch|p1a: Ho-Oh|Ho-Oh, L71|268/268\n|switch|p2a: Spectrier|Spectrier, L75|100/100\n|turn|1\n|inactive|Battle timer is ON: inactive players will automatically lose when time's up. (requested by p0y15815fc)\n|inactive|Time left: 300 sec this turn | 300 sec total | 60 sec grace\n|inactive|p0x1586878 also wants the timer to be on.\n|\n|t:|1783540989\n|move|p2a: Spectrier|Nasty Plot|p2a: Spectrier\n|-boost|p2a: Spectrier|spa|2\n|move|p1a: Ho-Oh|Sacred Fire|p2a: Spectrier\n|-damage|p2a: Spectrier|50/100\n|\n|-heal|p2a: Spectrier|56/100|[from] item: Leftovers\n|upkeep\n|turn|2\n|inactive|Time left: 300 sec this turn | 300 sec total\n|\n|t:|1783540990\n|move|p2a: Spectrier|Substitute|p2a: Spectrier\n|-start|p2a: Spectrier|Substitute\n|-damage|p2a: Spectrier|31/100\n|move|p1a: Ho-Oh|Brave Bird|p2a: Spectrier\n|-end|p2a: Spectrier|Substitute\n|-damage|p1a: Ho-Oh|246/268|[from] Recoil|[of] p2a: Spectrier\n|\n|-heal|p2a: Spectrier|37/100|[from] item: Leftovers\n|upkeep\n|turn|3\n|inactive|Time left: 300 sec this turn | 300 sec total\n|\n|t:|1783540991\n|move|p2a: Spectrier|Shadow Ball|p1a: Ho-Oh\n|-damage|p1a: Ho-Oh|111/268\n|-unboost|p1a: Ho-Oh|spd|1\n|move|p1a: Ho-Oh|Sacred Fire|p2a: Spectrier\n|-damage|p2a: Spectrier|0 fnt\n|faint|p2a: Spectrier\n|\n|upkeep\n|\n|t:|1783540992\n|switch|p2a: Toxtricity|Toxtricity, L82, M|100/100\n|turn|4\n|inactive|Time left: 300 sec this turn | 300 sec total\n|\n|t:|1783540993\n|switch|p1a: Whiscash|Whiscash, L88, M|337/337\n|move|p2a: Toxtricity|Boomburst|p1a: Whiscash\n|-damage|p1a: Whiscash|97/337\n|\n|-heal|p1a: Whiscash|118/337|[from] item: Leftovers\n|upkeep\n|turn|5\n|inactive|Time left: 300 sec this turn | 300 sec total\n|\n|t:|1783540995\n|-terastallize|p1a: Whiscash|Steel\n|move|p2a: Toxtricity|Boomburst|p1a: Whiscash\n|-resisted|p1a: Whiscash\n|-damage|p1a: Whiscash|7/337\n|move|p1a: Whiscash|Earthquake|p2a: Toxtricity\n|-supereffective|p2a: Toxtricity\n|-damage|p2a: Toxtricity|0 fnt\n|faint|p2a: Toxtricity\n|\n|-heal|p1a: Whiscash|28/337|[from] item: Leftovers\n|upkeep\n|\n|t:|1783540995\n|switch|p2a: Politoed|Politoed, L88, M|100/100\n|-weather|RainDance|[from] ability: Drizzle|[of] p2a: Politoed\n|turn|6\n|inactive|Time left: 300 sec this turn | 300 sec total\n|\n|t:|1783540997\n|move|p2a: Politoed|Surf|p1a: Whiscash\n|-damage|p1a: Whiscash|0 fnt\n|faint|p1a: Whiscash\n|\n|-weather|RainDance|[upkeep]\n|upkeep\n|inactive|Time left: 300 sec this turn | 300 sec total | 5 sec grace\n|\n|t:|1783540998\n|switch|p1a: Scrafty|Scrafty, L83, M|244/244\n|turn|7\n|inactive|Time left: 300 sec this turn | 300 sec total\n|\n|t:|1783540999\n|move|p2a: Politoed|Surf|p1a: Scrafty\n|-crit|p1a: Scrafty\n|-damage|p1a: Scrafty|58/244\n|move|p1a: Scrafty|Knock Off|p2a: Politoed\n|-damage|p2a: Politoed|65/100\n|-enditem|p2a: Politoed|Leftovers|[from] move: Knock Off|[of] p1a: Scrafty\n|\n|-weather|RainDance|[upkeep]\n|-heal|p1a: Scrafty|73/244|[from] item: Leftovers\n|upkeep\n|turn|8\n|inactive|Time left: 300 sec this turn | 300 sec total\n|\n|t:|1783541000\n|switch|p1a: Barraskewda|Barraskewda, L81, F|231/231\n|move|p2a: Politoed|Surf|p1a: Barraskewda\n|-resisted|p1a: Barraskewda\n|-damage|p1a: Barraskewda|108/231\n|\n|-weather|RainDance|[upkeep]\n|upkeep\n|turn|9\n|inactive|Time left: 300 sec this turn | 300 sec total\n|\n|t:|1783541001\n|move|p1a: Barraskewda|Waterfall|p2a: Politoed\n|-resisted|p2a: Politoed\n|-damage|p2a: Politoed|29/100\n|move|p2a: Politoed|Surf|p1a: Barraskewda\n|-resisted|p1a: Barraskewda\n|-damage|p1a: Barraskewda|0 fnt\n|faint|p1a: Barraskewda\n|\n|-weather|RainDance|[upkeep]\n|upkeep\n|inactive|Time left: 300 sec this turn | 300 sec total | 5 sec grace\n|\n|t:|1783541003\n|switch|p1a: Kleavor|Kleavor, L78, M|237/237\n|turn|10\n|inactive|Time left: 300 sec this turn | 300 sec total\n|\n|t:|1783541004\n|switch|p2a: Dialga|Dialga, L73|100/100\n|-ability|p2a: Dialga|Pressure\n|move|p1a: Kleavor|Stone Axe|p2a: Dialga|[miss]\n|-miss|p1a: Kleavor|p2a: Dialga\n|\n|-weather|none\n|upkeep\n|turn|11\n|inactive|Time left: 300 sec this turn | 300 sec total\n|\n|t:|1783541005\n|switch|p1a: Ho-Oh|Ho-Oh, L71|200/268\n|move|p2a: Dialga|Heavy Slam|p1a: Ho-Oh\n|-resisted|p1a: Ho-Oh\n|-damage|p1a: Ho-Oh|158/268\n|\n|upkeep\n|turn|12\n|inactive|Time left: 300 sec this turn | 300 sec total\n|\n|t:|1783541006\n|move|p2a: Dialga|Heavy Slam|p1a: Ho-Oh\n|-resisted|p1a: Ho-Oh\n|-damage|p1a: Ho-Oh|110/268\n|move|p1a: Ho-Oh|Sacred Fire|p2a: Dialga\n|-damage|p2a: Dialga|68/100\n|-status|p2a: Dialga|brn\n|\n|-heal|p2a: Dialga|74/100 brn|[from] item: Leftovers\n|-damage|p2a: Dialga|68/100 brn|[from] brn\n|upkeep\n|turn|13\n|inactive|Time left: 300 sec this turn | 300 sec total\n|\n|t:|1783541007\n|move|p2a: Dialga|Draco Meteor|p1a: Ho-Oh\n|-damage|p1a: Ho-Oh|2/268\n|-unboost|p2a: Dialga|spa|2\n|move|p1a: Ho-Oh|Recover|p1a: Ho-Oh\n|-heal|p1a: Ho-Oh|136/268\n|\n|-heal|p2a: Dialga|74/100 brn|[from] item: Leftovers\n|-damage|p2a: Dialga|68/100 brn|[from] brn\n|upkeep\n|turn|14\n|inactive|Time left: 300 sec this turn | 300 sec total\n|\n|t:|1783541008\n|switch|p2a: Furret|Furret, L94, M|100/100\n|-item|p1a: Ho-Oh|Heavy-Duty Boots|[from] ability: Frisk|[of] p2a: Furret\n|move|p1a: Ho-Oh|Brave Bird|p2a: Furret\n|-damage|p2a: Furret|60/100\n|-damage|p1a: Ho-Oh|94/268|[from] Recoil\n|\n|upkeep\n|turn|15\n|inactive|Time left: 300 sec this turn | 300 sec total\n|\n|t:|1783541009\n|switch|p1a: Kleavor|Kleavor, L78, M|237/237\n|move|p2a: Furret|Knock Off|p1a: Kleavor\n|-damage|p1a: Kleavor|145/237\n|-enditem|p1a: Kleavor|Heavy-Duty Boots|[from] move: Knock Off|[of] p2a: Furret\n|-damage|p2a: Furret|50/100|[from] item: Life Orb\n|\n|upkeep\n|turn|16\n|inactive|Time left: 300 sec this turn | 300 sec total\n|\n|t:|1783541010\n|move|p2a: Furret|Double-Edge|p1a: Kleavor\n|-resisted|p1a: Kleavor\n|-damage|p1a: Kleavor|66/237\n|-damage|p2a: Furret|42/100|[from] Recoil\n|-damage|p2a: Furret|32/100|[from] item: Life Orb\n|move|p1a: Kleavor|Stone Axe|p2a: Furret\n|-damage|p2a: Furret|0 fnt\n|-sidestart|p2: p0y15815fc|move: Stealth Rock\n|faint|p2a: Furret\n|\n|upkeep\n|\n|t:|1783541011\n|switch|p2a: Dialga|Dialga, L73|68/100 brn\n|-damage|p2a: Dialga|62/100 brn|[from] Stealth Rock\n|-ability|p2a: Dialga|Pressure\n|turn|17\n|inactive|Time left: 300 sec this turn | 300 sec total\n|\n|t:|1783541012\n|move|p1a: Kleavor|Close Combat|p2a: Dialga\n|-supereffective|p2a: Dialga\n|-damage|p2a: Dialga|0 fnt\n|-unboost|p1a: Kleavor|def|1\n|-unboost|p1a: Kleavor|spd|1\n|faint|p2a: Dialga\n|\n|upkeep\n|\n|t:|1783541013\n|switch|p2a: Politoed|Politoed, L88, M|29/100\n|-damage|p2a: Politoed|17/100|[from] Stealth Rock\n|-weather|RainDance|[from] ability: Drizzle|[of] p2a: Politoed\n|turn|18\n|inactive|Time left: 300 sec this turn | 300 sec total\n|\n|t:|1783541014\n|move|p1a: Kleavor|X-Scissor|p2a: Politoed\n|-damage|p2a: Politoed|0 fnt\n|faint|p2a: Politoed\n|\n|-weather|RainDance|[upkeep]\n|upkeep\n|\n|t:|1783541015\n|switch|p2a: Sunflora|Sunflora, M|100/100\n|-damage|p2a: Sunflora|88/100|[from] Stealth Rock\n|turn|19\n|inactive|Time left: 300 sec this turn | 300 sec total\n|\n|t:|1783541016\n|-terastallize|p2a: Sunflora|Fire\n|move|p1a: Kleavor|X-Scissor|p2a: Sunflora\n|-resisted|p2a: Sunflora\n|-damage|p2a: Sunflora|59/100\n|move|p2a: Sunflora|Sunny Day|p2a: Sunflora\n|-weather|SunnyDay\n|\n|-weather|SunnyDay|[upkeep]\n|upkeep\n|turn|20\n|inactive|Time left: 300 sec this turn | 300 sec total\n|\n|t:|1783541017\n|move|p2a: Sunflora|Weather Ball|p1a: Kleavor\n|-damage|p1a: Kleavor|0 fnt\n|faint|p1a: Kleavor\n|-damage|p2a: Sunflora|49/100|[from] item: Life Orb\n|\n|-weather|SunnyDay|[upkeep]\n|upkeep\n|inactive|Time left: 300 sec this turn | 300 sec total | 5 sec grace\n|\n|t:|1783541018\n|switch|p1a: Ho-Oh|Ho-Oh, L71|183/268\n|turn|21\n|inactive|Time left: 300 sec this turn | 300 sec total\n|\n|t:|1783541019\n|move|p2a: Sunflora|Solar Beam||[still]\n|-prepare|p2a: Sunflora|Solar Beam\n|-anim|p2a: Sunflora|Solar Beam|p1a: Ho-Oh\n|-resisted|p1a: Ho-Oh\n|-damage|p1a: Ho-Oh|136/268\n|-damage|p2a: Sunflora|39/100|[from] item: Life Orb\n|move|p1a: Ho-Oh|Earthquake|p2a: Sunflora\n|-supereffective|p2a: Sunflora\n|-damage|p2a: Sunflora|0 fnt\n|faint|p2a: Sunflora\n|\n|win|p0x1586878", "uploadtime": 1783541019, "views": 0, "rating": 0, "private": 0, "password": null, "_winner": "p0x1586878", "_our_name": "p0x1586878"}