{"id": "battle-gen9randombattle-533", "formatid": "gen9randombattle", "format": "[Gen 9] Random Battle", "players": ["p0x533bb9f", "p0y53358eb"], "log": "|init|battle\n|title|p0x533bb9f vs. p0y53358eb\n|j|\u2606p0x533bb9f\n|j|\u2606p0y53358eb\n|t:|1783545228\n|gametype|singles\n|player|p1|p0x533bb9f|265|\n|player|p2|p0y53358eb|266|\n|gen|9\n|tier|[Gen 9] Random Battle\n|rule|Species Clause: Limit one of each Pok\u00e9mon\n|rule|HP Percentage Mod: HP is shown in percentages\n|rule|Sleep Clause Mod: Limit one foe put to sleep\n|rule|Illusion Level Mod: Illusion disguises the Pok\u00e9mon's true level\n|\n|t:|1783545228\n|teamsize|p1|6\n|teamsize|p2|6\n|start\n|switch|p1a: Noivern|Noivern, L82, M|100/100\n|switch|p2a: Reuniclus|Reuniclus, L88, M|337/337\n|turn|1\n|inactive|Battle timer is ON: inactive players will automatically lose when time's up. (requested by p0x533bb9f)\n|inactive|Time left: 300 sec this turn | 300 sec total | 60 sec grace\n|inactive|p0y53358eb also wants the timer to be on.\n|\n|t:|1783545230\n|move|p1a: Noivern|Hurricane|p2a: Reuniclus\n|-damage|p2a: Reuniclus|162/337\n|move|p2a: Reuniclus|Psyshock|p1a: Noivern\n|-damage|p1a: Noivern|46/100\n|\n|upkeep\n|turn|2\n|inactive|Time left: 300 sec this turn | 300 sec total\n|\n|t:|1783545231\n|move|p1a: Noivern|Hurricane|p2a: Reuniclus\n|-damage|p2a: Reuniclus|0 fnt\n|faint|p2a: Reuniclus\n|\n|upkeep\n|inactive|Time left: 300 sec this turn | 300 sec total | 5 sec grace\n|\n|t:|1783545232\n|switch|p2a: Lapras|Lapras, L87, M|367/367\n|turn|3\n|inactive|Time left: 300 sec this turn | 300 sec total\n|\n|t:|1783545234\n|switch|p1a: Regice|Regice, L88|100/100\n|move|p2a: Lapras|Ice Beam|p1a: Regice\n|-resisted|p1a: Regice\n|-damage|p1a: Regice|89/100\n|\n|upkeep\n|turn|4\n|inactive|Time left: 300 sec this turn | 300 sec total\n|\n|t:|1783545235\n|move|p2a: Lapras|Ice Beam|p1a: Regice\n|-resisted|p1a: Regice\n|-crit|p1a: Regice\n|-damage|p1a: Regice|72/100\n|move|p1a: Regice|Ice Beam|p2a: Lapras\n|-resisted|p2a: Lapras\n|-damage|p2a: Lapras|343/367\n|\n|upkeep\n|turn|5\n|inactive|Time left: 300 sec this turn | 300 sec total\n|\n|t:|1783545236\n|move|p2a: Lapras|Ice Beam|p1a: Regice\n|-resisted|p1a: Regice\n|-damage|p1a: Regice|61/100\n|move|p1a: Regice|Thunderbolt|p2a: Lapras\n|-supereffective|p2a: Lapras\n|-damage|p2a: Lapras|213/367\n|\n|upkeep\n|turn|6\n|inactive|Time left: 300 sec this turn | 300 sec total\n|\n|t:|1783545237\n|move|p2a: Lapras|Ice Beam|p1a: Regice\n|-resisted|p1a: Regice\n|-damage|p1a: Regice|49/100\n|move|p1a: Regice|Body Press|p2a: Lapras\n|-supereffective|p2a: Lapras\n|-damage|p2a: Lapras|69/367\n|\n|upkeep\n|turn|7\n|inactive|Time left: 300 sec this turn | 300 sec total\n|\n|t:|1783545238\n|move|p2a: Lapras|Ice Beam|p1a: Regice\n|-resisted|p1a: Regice\n|-damage|p1a: Regice|37/100\n|move|p1a: Regice|Body Press|p2a: Lapras\n|-supereffective|p2a: Lapras\n|-damage|p2a: Lapras|0 fnt\n|faint|p2a: Lapras\n|\n|upkeep\n|inactive|Time left: 300 sec this turn | 300 sec total | 5 sec grace\n|\n|t:|1783545239\n|switch|p2a: Grafaiai|Grafaiai, L86, F|249/249\n|turn|8\n|inactive|Time left: 300 sec this turn | 300 sec total\n|\n|t:|1783545240\n|move|p2a: Grafaiai|Gunk Shot|p1a: Regice\n|-damage|p1a: Regice|0 fnt\n|faint|p1a: Regice\n|\n|upkeep\n|\n|t:|1783545241\n|switch|p1a: Sinistcha|Sinistcha-Masterpiece, L83|100/100\n|turn|9\n|inactive|Time left: 300 sec this turn | 300 sec total\n|\n|t:|1783545242\n|move|p2a: Grafaiai|Knock Off|p1a: Sinistcha\n|-supereffective|p1a: Sinistcha\n|-damage|p1a: Sinistcha|55/100\n|-status|p1a: Sinistcha|psn|[from] ability: Poison Touch|[of] p2a: Grafaiai\n|-enditem|p1a: Sinistcha|Leftovers|[from] move: Knock Off|[of] p2a: Grafaiai\n|move|p1a: Sinistcha|Strength Sap|p2a: Grafaiai\n|-unboost|p2a: Grafaiai|atk|1\n|-heal|p1a: Sinistcha|100/100 psn\n|\n|-damage|p1a: Sinistcha|88/100 psn|[from] psn\n|upkeep\n|turn|10\n|inactive|Time left: 300 sec this turn | 300 sec total\n|\n|t:|1783545243\n|switch|p2a: Appletun|Appletun, L92, M|352/352\n|move|p1a: Sinistcha|Matcha Gotcha|p2a: Appletun\n|-resisted|p2a: Appletun\n|-damage|p2a: Appletun|329/352\n|-heal|p1a: Sinistcha|93/100 psn|[from] drain|[of] p2a: Appletun\n|\n|-heal|p2a: Appletun|351/352|[from] item: Leftovers\n|-damage|p1a: Sinistcha|81/100 psn|[from] psn\n|upkeep\n|turn|11\n|inactive|Time left: 300 sec this turn | 300 sec total\n|\n|t:|1783545244\n|move|p1a: Sinistcha|Calm Mind|p1a: Sinistcha\n|-boost|p1a: Sinistcha|spa|1\n|-boost|p1a: Sinistcha|spd|1\n|move|p2a: Appletun|Dragon Pulse|p1a: Sinistcha\n|-damage|p1a: Sinistcha|51/100 psn\n|\n|-heal|p2a: Appletun|352/352|[from] item: Leftovers\n|-damage|p1a: Sinistcha|39/100 psn|[from] psn\n|upkeep\n|turn|12\n|inactive|Time left: 300 sec this turn | 300 sec total\n|\n|t:|1783545245\n|move|p1a: Sinistcha|Strength Sap|p2a: Appletun\n|-unboost|p2a: Appletun|atk|1\n|-heal|p1a: Sinistcha|100/100 psn\n|move|p2a: Appletun|Dragon Pulse|p1a: Sinistcha\n|-damage|p1a: Sinistcha|71/100 psn\n|\n|-damage|p1a: Sinistcha|59/100 psn|[from] psn\n|upkeep\n|turn|13\n|inactive|Time left: 300 sec this turn | 300 sec total\n|\n|t:|1783545246\n|move|p1a: Sinistcha|Strength Sap|p2a: Appletun\n|-unboost|p2a: Appletun|atk|1\n|-heal|p1a: Sinistcha|100/100 psn\n|move|p2a: Appletun|Dragon Pulse|p1a: Sinistcha\n|-damage|p1a: Sinistcha|69/100 psn\n|\n|-damage|p1a: Sinistcha|57/100 psn|[from] psn\n|upkeep\n|turn|14\n|inactive|Time left: 300 sec this turn | 300 sec total\n|\n|t:|1783545247\n|move|p1a: Sinistcha|Strength Sap|p2a: Appletun\n|-unboost|p2a: Appletun|atk|1\n|-heal|p1a: Sinistcha|89/100 psn\n|move|p2a: Appletun|Apple Acid|p1a: Sinistcha\n|-resisted|p1a: Sinistcha\n|-damage|p1a: Sinistcha|73/100 psn\n|-unboost|p1a: Sinistcha|spd|1\n|\n|-damage|p1a: Sinistcha|61/100 psn|[from] psn\n|upkeep\n|turn|15\n|inactive|Time left: 300 sec this turn | 300 sec total\n|\n|t:|1783545248\n|move|p1a: Sinistcha|Strength Sap|p2a: Appletun\n|-unboost|p2a: Appletun|atk|1\n|-heal|p1a: Sinistcha|86/100 psn\n|move|p2a: Appletun|Dragon Pulse|p1a: Sinistcha\n|-damage|p1a: Sinistcha|39/100 psn\n|\n|-damage|p1a: Sinistcha|27/100 psn|[from] psn\n|upkeep\n|turn|16\n|inactive|Time left: 300 sec this turn | 300 sec total\n|\n|t:|1783545249\n|move|p1a: Sinistcha|Shadow Ball|p2a: Appletun\n|-damage|p2a: Appletun|202/352\n|move|p2a: Appletun|Dragon Pulse|p1a: Sinistcha\n|-damage|p1a: Sinistcha|0 fnt\n|faint|p1a: Sinistcha\n|\n|-heal|p2a: Appletun|224/352|[from] item: Leftovers\n|upkeep\n|\n|t:|1783545250\n|switch|p1a: Noivern|Noivern, L82, M|46/100\n|turn|17\n|inactive|Time left: 300 sec this turn | 300 sec total\n|\n|t:|1783545251\n|-terastallize|p2a: Appletun|Steel\n|move|p1a: Noivern|Hurricane|p2a: Appletun\n|-resisted|p2a: Appletun\n|-damage|p2a: Appletun|137/352\n|move|p2a: Appletun|Dragon Pulse|p1a: Noivern\n|-supereffective|p1a: Noivern\n|-damage|p1a: Noivern|0 fnt\n|faint|p1a: Noivern\n|\n|-heal|p2a: Appletun|159/352|[from] item: Leftovers\n|upkeep\n|\n|t:|1783545252\n|switch|p1a: Basculegion|Basculegion-F, L83, F|100/100\n|turn|18\n|inactive|Time left: 300 sec this turn | 300 sec total\n|\n|t:|1783545253\n|switch|p2a: Meowscarada|Meowscarada, L78, M|247/247\n|move|p1a: Basculegion|Wave Crash|p2a: Meowscarada\n|-resisted|p2a: Meowscarada\n|-damage|p2a: Meowscarada|150/247\n|-damage|p1a: Basculegion|91/100|[from] Recoil\n|\n|upkeep\n|turn|19\n|inactive|Time left: 300 sec this turn | 300 sec total\n|\n|t:|1783545254\n|switch|p1a: Forretress|Forretress, L84, F|100/100\n|move|p2a: Meowscarada|Flower Trick|p1a: Forretress\n|-start|p2a: Meowscarada|typechange|Grass|[from] ability: Protean\n|-resisted|p1a: Forretress\n|-crit|p1a: Forretress\n|-damage|p1a: Forretress|91/100\n|-damage|p2a: Meowscarada|126/247|[from] item: Life Orb\n|\n|-heal|p1a: Forretress|97/100|[from] item: Leftovers\n|upkeep\n|turn|20\n|inactive|Time left: 300 sec this turn | 300 sec total\n|\n|t:|1783545255\n|switch|p2a: Appletun|Appletun, L92, M, tera:Steel|159/352\n|move|p1a: Forretress|Stealth Rock|p2a: Appletun\n|-sidestart|p2: p0y53358eb|move: Stealth Rock\n|\n|-heal|p1a: Forretress|100/100|[from] item: Leftovers\n|-heal|p2a: Appletun|181/352|[from] item: Leftovers\n|upkeep\n|turn|21\n|inactive|Time left: 300 sec this turn | 300 sec total\n|\n|t:|1783545256\n|move|p1a: Forretress|Thunder Wave|p2a: Appletun\n|-status|p2a: Appletun|par\n|cant|p2a: Appletun|par\n|\n|-heal|p2a: Appletun|203/352 par|[from] item: Leftovers\n|upkeep\n|turn|22\n|inactive|Time left: 300 sec this turn | 300 sec total\n|\n|t:|1783545257\n|move|p1a: Forretress|Spikes|p2a: Appletun\n|-sidestart|p2: p0y53358eb|Spikes\n|move|p2a: Appletun|Leech Seed|p1a: Forretress\n|-start|p1a: Forretress|move: Leech Seed\n|\n|-heal|p2a: Appletun|225/352 par|[from] item: Leftovers\n|-damage|p1a: Forretress|88/100|[from] Leech Seed|[of] p2a: Appletun\n|-heal|p2a: Appletun|257/352 par|[silent]\n|upkeep\n|turn|23\n|inactive|Time left: 300 sec this turn | 300 sec total\n|\n|t:|1783545258\n|switch|p1a: Basculegion|Basculegion-F, L83, F|91/100\n|move|p2a: Appletun|Apple Acid|p1a: Basculegion\n|-supereffective|p1a: Basculegion\n|-damage|p1a: Basculegion|42/100\n|-unboost|p1a: Basculegion|spd|1\n|\n|-heal|p2a: Appletun|279/352 par|[from] item: Leftovers\n|upkeep\n|turn|24\n|inactive|Time left: 300 sec this turn | 300 sec total\n|\n|t:|1783545259\n|move|p1a: Basculegion|Flip Turn|p2a: Appletun\n|-damage|p2a: Appletun|205/352 par\n|\n|t:|1783545260\n|switch|p1a: Forretress|Forretress, L84, F|88/100|[from] Flip Turn\n|cant|p2a: Appletun|par\n|\n|-heal|p1a: Forretress|94/100|[from] item: Leftovers\n|-heal|p2a: Appletun|227/352 par|[from] item: Leftovers\n|upkeep\n|turn|25\n|inactive|Time left: 300 sec this turn | 300 sec total\n|\n|t:|1783545261\n|move|p1a: Forretress|Spikes|p2a: Appletun\n|-sidestart|p2: p0y53358eb|Spikes\n|move|p2a: Appletun|Leech Seed|p1a: Forretress\n|-start|p1a: Forretress|move: Leech Seed\n|\n|-heal|p1a: Forretress|100/100|[from] item: Leftovers\n|-heal|p2a: Appletun|249/352 par|[from] item: Leftovers\n|-damage|p1a: Forretress|88/100|[from] Leech Seed|[of] p2a: Appletun\n|-heal|p2a: Appletun|281/352 par|[silent]\n|upkeep\n|turn|26\n|inactive|Time left: 300 sec this turn | 300 sec total\n|\n|t:|1783545262\n|switch|p1a: Basculegion|Basculegion-F, L83, F|42/100\n|move|p2a: Appletun|Apple Acid|p1a: Basculegion\n|-supereffective|p1a: Basculegion\n|-damage|p1a: Basculegion|0 fnt\n|faint|p1a: Basculegion\n|\n|-heal|p2a: Appletun|303/352 par|[from] item: Leftovers\n|upkeep\n|\n|t:|1783545263\n|switch|p1a: Tatsugiri|Tatsugiri, L87, F|100/100\n|turn|27\n|inactive|Time left: 300 sec this turn | 300 sec total\n|\n|t:|1783545264\n|move|p1a: Tatsugiri|Nasty Plot|p1a: Tatsugiri\n|-boost|p1a: Tatsugiri|spa|2\n|cant|p2a: Appletun|par\n|\n|-heal|p2a: Appletun|325/352 par|[from] item: Leftovers\n|upkeep\n|turn|28\n|inactive|Time left: 300 sec this turn | 300 sec total\n|\n|t:|1783545266\n|-terastallize|p1a: Tatsugiri|Water\n|move|p1a: Tatsugiri|Hydro Pump|p2a: Appletun\n|-damage|p2a: Appletun|0 fnt\n|faint|p2a: Appletun\n|\n|upkeep\n|inactive|Time left: 300 sec this turn | 300 sec total | 5 sec grace\n|\n|t:|1783545267\n|switch|p2a: Meowscarada|Meowscarada, L78, M|126/247\n|-damage|p2a: Meowscarada|96/247|[from] Stealth Rock\n|-damage|p2a: Meowscarada|55/247|[from] Spikes\n|turn|29\n|inactive|Time left: 300 sec this turn | 300 sec total\n|\n|t:|1783545268\n|switch|p1a: Forretress|Forretress, L84, F|88/100\n|move|p2a: Meowscarada|Flower Trick|p1a: Forretress\n|-start|p2a: Meowscarada|typechange|Grass|[from] ability: Protean\n|-resisted|p1a: Forretress\n|-crit|p1a: Forretress\n|-damage|p1a: Forretress|78/100\n|-damage|p2a: Meowscarada|31/247|[from] item: Life Orb\n|\n|-heal|p1a: Forretress|85/100|[from] item: Leftovers\n|upkeep\n|turn|30\n|inactive|Time left: 300 sec this turn | 300 sec total\n|\n|t:|1783545268\n|move|p2a: Meowscarada|Knock Off|p1a: Forretress\n|-damage|p1a: Forretress|62/100\n|-enditem|p1a: Forretress|Leftovers|[from] move: Knock Off|[of] p2a: Meowscarada\n|-damage|p2a: Meowscarada|7/247|[from] item: Life Orb\n|move|p1a: Forretress|Spikes|p2a: Meowscarada\n|-sidestart|p2: p0y53358eb|Spikes\n|\n|upkeep\n|turn|31\n|inactive|Time left: 300 sec this turn | 300 sec total\n|\n|t:|1783545269\n|move|p2a: Meowscarada|Knock Off|p1a: Forretress\n|-damage|p1a: Forretress|46/100\n|-damage|p2a: Meowscarada|0 fnt|[from] item: Life Orb\n|faint|p2a: Meowscarada\n|move|p1a: Forretress|Iron Head|p2: Meowscarada|[notarget]\n|-fail|p1a: Forretress\n|\n|upkeep\n|inactive|Time left: 300 sec this turn | 300 sec total | 5 sec grace\n|\n|t:|1783545270\n|switch|p2a: Annihilape|Annihilape, L76, M|292/292\n|-damage|p2a: Annihilape|274/292|[from] Stealth Rock\n|-damage|p2a: Annihilape|201/292|[from] Spikes\n|turn|32\n|inactive|Time left: 300 sec this turn | 300 sec total\n|\n|t:|1783545271\n|switch|p1a: Tatsugiri|Tatsugiri, L87, F, tera:Water|100/100\n|move|p2a: Annihilape|Drain Punch|p1a: Tatsugiri\n|-damage|p1a: Tatsugiri|64/100\n|-heal|p2a: Annihilape|248/292|[from] drain|[of] p1a: Tatsugiri\n|\n|upkeep\n|turn|33\n|inactive|Time left: 300 sec this turn | 300 sec total\n|\n|t:|1783545272\n|move|p1a: Tatsugiri|Nasty Plot|p1a: Tatsugiri\n|-boost|p1a: Tatsugiri|spa|2\n|move|p2a: Annihilape|Drain Punch|p1a: Tatsugiri\n|-damage|p1a: Tatsugiri|30/100\n|-heal|p2a: Annihilape|292/292|[from] drain|[of] p1a: Tatsugiri\n|\n|upkeep\n|turn|34\n|inactive|Time left: 300 sec this turn | 300 sec total\n|\n|t:|1783545273\n|move|p1a: Tatsugiri|Draco Meteor|p2a: Annihilape\n|-damage|p2a: Annihilape|0 fnt\n|-unboost|p1a: Tatsugiri|spa|2\n|faint|p2a: Annihilape\n|\n|upkeep\n|inactive|Time left: 300 sec this turn | 300 sec total | 5 sec grace\n|\n|t:|1783545274\n|switch|p2a: Grafaiai|Grafaiai, L86, F|249/249\n|-damage|p2a: Grafaiai|218/249|[from] Stealth Rock\n|-damage|p2a: Grafaiai|156/249|[from] Spikes\n|turn|35\n|inactive|Time left: 300 sec this turn | 300 sec total\n|\n|t:|1783545275\n|move|p2a: Grafaiai|Super Fang|p1a: Tatsugiri\n|-damage|p1a: Tatsugiri|15/100\n|move|p1a: Tatsugiri|Rapid Spin|p2a: Grafaiai\n|-damage|p2a: Grafaiai|126/249\n|-boost|p1a: Tatsugiri|spe|1\n|\n|upkeep\n|turn|36\n|inactive|Time left: 300 sec this turn | 300 sec total\n|\n|t:|1783545275\n|move|p1a: Tatsugiri|Hydro Pump|p2a: Grafaiai\n|-crit|p2a: Grafaiai\n|-damage|p2a: Grafaiai|0 fnt\n|faint|p2a: Grafaiai\n|\n|win|p0x533bb9f", "uploadtime": 1783545275, "views": 0, "rating": 0, "private": 0, "password": null, "_winner": "p0x533bb9f", "_our_name": "p0y53358eb"}