{"id": "battle-gen9randombattle-913", "formatid": "gen9randombattle", "format": "[Gen 9] Random Battle", "players": ["p0x91390b8", "p0y9137bca"], "log": "|init|battle\n|title|p0x91390b8 vs. p0y9137bca\n|j|\u2606p0x91390b8\n|j|\u2606p0y9137bca\n|t:|1783550483\n|gametype|singles\n|player|p1|p0x91390b8|265|\n|player|p2|p0y9137bca|169|\n|gen|9\n|tier|[Gen 9] Random Battle\n|rule|Species Clause: Limit one of each Pok\u00e9mon\n|rule|HP Percentage Mod: HP is shown in percentages\n|rule|Sleep Clause Mod: Limit one foe put to sleep\n|rule|Illusion Level Mod: Illusion disguises the Pok\u00e9mon's true level\n|\n|t:|1783550483\n|teamsize|p1|6\n|teamsize|p2|6\n|start\n|switch|p1a: Gurdurr|Gurdurr, L85, F|283/283\n|switch|p2a: Jolteon|Jolteon, L84, M|100/100\n|turn|1\n|inactive|Battle timer is ON: inactive players will automatically lose when time's up. (requested by p0x91390b8)\n|inactive|p0y9137bca also wants the timer to be on.\n|\n|t:|1783550484\n|move|p2a: Jolteon|Thunderbolt|p1a: Gurdurr\n|-damage|p1a: Gurdurr|153/283\n|-damage|p2a: Jolteon|91/100|[from] item: Life Orb\n|move|p1a: Gurdurr|Drain Punch|p2a: Jolteon\n|-damage|p2a: Jolteon|42/100\n|-heal|p1a: Gurdurr|214/283|[from] drain|[of] p2a: Jolteon\n|\n|upkeep\n|turn|2\n|inactive|Time left: 300 sec this turn | 300 sec total\n|\n|t:|1783550485\n|-terastallize|p2a: Jolteon|Fairy\n|move|p2a: Jolteon|Alluring Voice|p1a: Gurdurr\n|-supereffective|p1a: Gurdurr\n|-damage|p1a: Gurdurr|0 fnt\n|faint|p1a: Gurdurr\n|-damage|p2a: Jolteon|32/100|[from] item: Life Orb\n|\n|upkeep\n|inactive|Time left: 300 sec this turn | 300 sec total | 5 sec grace\n|\n|t:|1783550486\n|switch|p1a: Basculin|Basculin, L86, M|261/261\n|turn|3\n|inactive|Time left: 300 sec this turn | 300 sec total\n|\n|t:|1783550487\n|move|p1a: Basculin|Aqua Jet|p2a: Jolteon\n|-damage|p2a: Jolteon|0 fnt\n|faint|p2a: Jolteon\n|\n|upkeep\n|\n|t:|1783550488\n|switch|p2a: Girafarig|Girafarig, L89, M|100/100\n|turn|4\n|inactive|Time left: 300 sec this turn | 300 sec total\n|\n|t:|1783550489\n|move|p1a: Basculin|Aqua Jet|p2a: Girafarig\n|-damage|p2a: Girafarig|74/100\n|move|p2a: Girafarig|Nasty Plot|p2a: Girafarig\n|-boost|p2a: Girafarig|spa|2\n|\n|upkeep\n|turn|5\n|inactive|Time left: 300 sec this turn | 300 sec total\n|\n|t:|1783550490\n|switch|p1a: Probopass|Probopass, L91, M|257/257\n|move|p2a: Girafarig|Hyper Voice|p1a: Probopass\n|-resisted|p1a: Probopass\n|-damage|p1a: Probopass|225/257\n|\n|upkeep\n|turn|6\n|inactive|Time left: 300 sec this turn | 300 sec total\n|\n|t:|1783550491\n|move|p2a: Girafarig|Thunderbolt|p1a: Probopass\n|-damage|p1a: Probopass|146/257\n|-status|p1a: Probopass|par\n|cant|p1a: Probopass|par\n|\n|upkeep\n|turn|7\n|inactive|Time left: 300 sec this turn | 300 sec total\n|\n|t:|1783550492\n|move|p2a: Girafarig|Nasty Plot|p2a: Girafarig\n|-boost|p2a: Girafarig|spa|2\n|move|p1a: Probopass|Rest|p1a: Probopass\n|-status|p1a: Probopass|slp|[from] move: Rest\n|-heal|p1a: Probopass|257/257 slp|[silent]\n|-enditem|p1a: Probopass|Chesto Berry|[eat]\n|-curestatus|p1a: Probopass|slp|[msg]\n|\n|upkeep\n|turn|8\n|inactive|Time left: 300 sec this turn | 300 sec total\n|\n|t:|1783550493\n|move|p2a: Girafarig|Thunderbolt|p1a: Probopass\n|-damage|p1a: Probopass|146/257\n|move|p1a: Probopass|Iron Defense|p1a: Probopass\n|-boost|p1a: Probopass|def|2\n|\n|upkeep\n|turn|9\n|inactive|Time left: 300 sec this turn | 300 sec total\n|\n|t:|1783550494\n|move|p2a: Girafarig|Psyshock|p1a: Probopass\n|-resisted|p1a: Probopass\n|-damage|p1a: Probopass|104/257\n|move|p1a: Probopass|Body Press|p2a: Girafarig\n|-damage|p2a: Girafarig|20/100\n|\n|upkeep\n|turn|10\n|inactive|Time left: 300 sec this turn | 300 sec total\n|\n|t:|1783550495\n|move|p2a: Girafarig|Thunderbolt|p1a: Probopass\n|-crit|p1a: Probopass\n|-damage|p1a: Probopass|0 fnt\n|faint|p1a: Probopass\n|\n|upkeep\n|inactive|Time left: 300 sec this turn | 300 sec total | 5 sec grace\n|\n|t:|1783550496\n|switch|p1a: Basculin|Basculin, L86, M|261/261\n|turn|11\n|inactive|Time left: 300 sec this turn | 300 sec total\n|\n|t:|1783550497\n|move|p1a: Basculin|Wave Crash|p2a: Girafarig\n|-damage|p2a: Girafarig|0 fnt\n|faint|p2a: Girafarig\n|-damage|p1a: Basculin|244/261|[from] Recoil\n|\n|upkeep\n|\n|t:|1783550499\n|switch|p2a: Gallade|Gallade, L80, M|100/100\n|turn|12\n|inactive|Time left: 300 sec this turn | 300 sec total\n|\n|t:|1783550500\n|move|p2a: Gallade|Leaf Blade|p1a: Basculin\n|-supereffective|p1a: Basculin\n|-damage|p1a: Basculin|0 fnt\n|faint|p1a: Basculin\n|\n|upkeep\n|inactive|Time left: 300 sec this turn | 300 sec total | 5 sec grace\n|\n|t:|1783550501\n|switch|p1a: Cobalion|Cobalion, L80|277/277\n|turn|13\n|inactive|Time left: 300 sec this turn | 300 sec total\n|\n|t:|1783550502\n|switch|p2a: Luxray|Luxray, L88, M|100/100\n|-ability|p2a: Luxray|Intimidate|boost\n|-unboost|p1a: Cobalion|atk|1\n|move|p1a: Cobalion|Swords Dance|p1a: Cobalion\n|-boost|p1a: Cobalion|atk|2\n|\n|upkeep\n|turn|14\n|inactive|Time left: 300 sec this turn | 300 sec total\n|\n|t:|1783550503\n|move|p1a: Cobalion|Swords Dance|p1a: Cobalion\n|-boost|p1a: Cobalion|atk|2\n|move|p2a: Luxray|Volt Switch|p1a: Cobalion\n|-damage|p1a: Cobalion|181/277\n|\n|t:|1783550504\n|switch|p2a: Gallade|Gallade, L80, M|100/100|[from] Volt Switch\n|\n|-heal|p1a: Cobalion|198/277|[from] item: Leftovers\n|upkeep\n|turn|15\n|inactive|Time left: 300 sec this turn | 300 sec total\n|\n|t:|1783550505\n|-terastallize|p1a: Cobalion|Fighting\n|move|p2a: Gallade|Sacred Sword|p1a: Cobalion\n|-damage|p1a: Cobalion|66/277\n|move|p1a: Cobalion|Iron Head|p2a: Gallade\n|-damage|p2a: Gallade|3/100\n|\n|-heal|p1a: Cobalion|83/277|[from] item: Leftovers\n|upkeep\n|turn|16\n|inactive|Time left: 300 sec this turn | 300 sec total\n|\n|t:|1783550506\n|move|p2a: Gallade|Sacred Sword|p1a: Cobalion\n|-damage|p1a: Cobalion|0 fnt\n|faint|p1a: Cobalion\n|\n|upkeep\n|inactive|Time left: 300 sec this turn | 300 sec total | 5 sec grace\n|\n|t:|1783550507\n|switch|p1a: Pikachu|Pikachu-Original, L93, M|216/216\n|turn|17\n|inactive|Time left: 300 sec this turn | 300 sec total\n|\n|t:|1783550508\n|move|p1a: Pikachu|Fake Out|p2a: Gallade\n|-damage|p2a: Gallade|0 fnt\n|faint|p2a: Gallade\n|\n|upkeep\n|\n|t:|1783550509\n|switch|p2a: Ting-Lu|Ting-Lu, L78|100/100\n|-ability|p2a: Ting-Lu|Vessel of Ruin\n|turn|18\n|inactive|Time left: 300 sec this turn | 300 sec total\n|\n|t:|1783550510\n|switch|p1a: Lumineon|Lumineon, L93, F|279/279\n|move|p2a: Ting-Lu|Earthquake|p1a: Lumineon\n|-damage|p1a: Lumineon|173/279\n|\n|upkeep\n|turn|19\n|inactive|Time left: 300 sec this turn | 300 sec total\n|\n|t:|1783550511\n|move|p1a: Lumineon|Hydro Pump|p2a: Ting-Lu\n|-supereffective|p2a: Ting-Lu\n|-damage|p2a: Ting-Lu|69/100\n|move|p2a: Ting-Lu|Earthquake|p1a: Lumineon\n|-damage|p1a: Lumineon|74/279\n|\n|upkeep\n|turn|20\n|inactive|Time left: 300 sec this turn | 300 sec total\n|\n|t:|1783550512\n|move|p1a: Lumineon|Hydro Pump|p2a: Ting-Lu\n|-supereffective|p2a: Ting-Lu\n|-damage|p2a: Ting-Lu|36/100\n|move|p2a: Ting-Lu|Earthquake|p1a: Lumineon\n|-damage|p1a: Lumineon|0 fnt\n|faint|p1a: Lumineon\n|\n|upkeep\n|inactive|Time left: 300 sec this turn | 300 sec total | 5 sec grace\n|\n|t:|1783550514\n|switch|p1a: Pikachu|Pikachu-Original, L93, M|216/216\n|turn|21\n|inactive|Time left: 300 sec this turn | 300 sec total\n|\n|t:|1783550514\n|move|p1a: Pikachu|Play Rough|p2a: Ting-Lu\n|-supereffective|p2a: Ting-Lu\n|-damage|p2a: Ting-Lu|0 fnt\n|faint|p2a: Ting-Lu\n|\n|upkeep\n|\n|t:|1783550515\n|switch|p2a: Skuntank|Skuntank, L84, F|100/100\n|turn|22\n|inactive|Time left: 300 sec this turn | 300 sec total\n|\n|t:|1783550516\n|move|p1a: Pikachu|Play Rough|p2a: Skuntank\n|-damage|p2a: Skuntank|56/100\n|move|p2a: Skuntank|Knock Off|p1a: Pikachu\n|-damage|p1a: Pikachu|28/216\n|-enditem|p1a: Pikachu|Light Ball|[from] move: Knock Off|[of] p2a: Skuntank\n|-damage|p2a: Skuntank|46/100|[from] item: Life Orb\n|\n|upkeep\n|turn|23\n|inactive|Time left: 300 sec this turn | 300 sec total\n|\n|t:|1783550517\n|move|p2a: Skuntank|Sucker Punch|p1a: Pikachu\n|-damage|p1a: Pikachu|0 fnt\n|faint|p1a: Pikachu\n|-damage|p2a: Skuntank|36/100|[from] item: Life Orb\n|\n|win|p0y9137bca", "uploadtime": 1783550517, "views": 0, "rating": 0, "private": 0, "password": null, "_winner": "p0y9137bca", "_our_name": "p0x91390b8"}