{"id": "battle-gen9randombattle-1132", "formatid": "gen9randombattle", "format": "[Gen 9] Random Battle", "players": ["p0x11326cac", "p0y1132566f"], "log": "|init|battle\n|title|p0x11326cac vs. p0y1132566f\n|j|\u2606p0x11326cac\n|j|\u2606p0y1132566f\n|t:|1783552264\n|gametype|singles\n|player|p1|p0x11326cac|102|\n|player|p2|p0y1132566f|102|\n|gen|9\n|tier|[Gen 9] Random Battle\n|rule|Species Clause: Limit one of each Pok\u00e9mon\n|rule|HP Percentage Mod: HP is shown in percentages\n|rule|Sleep Clause Mod: Limit one foe put to sleep\n|rule|Illusion Level Mod: Illusion disguises the Pok\u00e9mon's true level\n|\n|t:|1783552264\n|teamsize|p1|6\n|teamsize|p2|6\n|start\n|switch|p1a: Mandibuzz|Mandibuzz, L85, F|100/100\n|switch|p2a: Dusknoir|Dusknoir, L89, M|225/225\n|-item|p1a: Mandibuzz|Heavy-Duty Boots|[from] ability: Frisk|[of] p2a: Dusknoir\n|turn|1\n|inactive|Battle timer is ON: inactive players will automatically lose when time's up. (requested by p0y1132566f)\n|\n|t:|1783552265\n|move|p1a: Mandibuzz|Foul Play|p2a: Dusknoir\n|-supereffective|p2a: Dusknoir\n|-damage|p2a: Dusknoir|79/225\n|move|p2a: Dusknoir|Pain Split|p1a: Mandibuzz\n|-sethp|p1a: Mandibuzz|62/100|[from] move: Pain Split|[silent]\n|-sethp|p2a: Dusknoir|202/225|[from] move: Pain Split\n|\n|-heal|p2a: Dusknoir|216/225|[from] item: Leftovers\n|upkeep\n|turn|2\n|inactive|Time left: 300 sec this turn | 300 sec total\n|inactive|p0x11326cac also wants the timer to be on.\n|\n|t:|1783552267\n|switch|p2a: Clawitzer|Clawitzer, L87, F|265/265\n|move|p1a: Mandibuzz|Foul Play|p2a: Clawitzer\n|-damage|p2a: Clawitzer|175/265\n|\n|upkeep\n|turn|3\n|inactive|Time left: 300 sec this turn | 300 sec total\n|\n|t:|1783552267\n|move|p1a: Mandibuzz|Foul Play|p2a: Clawitzer\n|-damage|p2a: Clawitzer|87/265\n|move|p2a: Clawitzer|Water Pulse|p1a: Mandibuzz\n|-damage|p1a: Mandibuzz|9/100\n|\n|upkeep\n|turn|4\n|inactive|Time left: 300 sec this turn | 300 sec total\n|\n|t:|1783552269\n|move|p1a: Mandibuzz|Roost|p1a: Mandibuzz\n|-heal|p1a: Mandibuzz|59/100\n|-singleturn|p1a: Mandibuzz|move: Roost\n|move|p2a: Clawitzer|Water Pulse|p1a: Mandibuzz\n|-damage|p1a: Mandibuzz|3/100\n|\n|upkeep\n|turn|5\n|inactive|Time left: 300 sec this turn | 300 sec total\n|\n|t:|1783552270\n|move|p1a: Mandibuzz|Foul Play|p2a: Clawitzer\n|-damage|p2a: Clawitzer|0 fnt\n|faint|p2a: Clawitzer\n|\n|upkeep\n|inactive|Time left: 300 sec this turn | 300 sec total | 5 sec grace\n|\n|t:|1783552270\n|switch|p2a: Lurantis|Lurantis, L87, M|264/264\n|turn|6\n|inactive|Time left: 300 sec this turn | 300 sec total\n|\n|t:|1783552272\n|move|p1a: Mandibuzz|Roost|p1a: Mandibuzz\n|-heal|p1a: Mandibuzz|53/100\n|-singleturn|p1a: Mandibuzz|move: Roost\n|move|p2a: Lurantis|Superpower|p1a: Mandibuzz\n|-supereffective|p1a: Mandibuzz\n|-damage|p1a: Mandibuzz|4/100\n|-boost|p2a: Lurantis|atk|1\n|-boost|p2a: Lurantis|def|1\n|\n|upkeep\n|turn|7\n|inactive|Time left: 300 sec this turn | 300 sec total\n|\n|t:|1783552273\n|move|p1a: Mandibuzz|Foul Play|p2a: Lurantis\n|-damage|p2a: Lurantis|159/264\n|move|p2a: Lurantis|Leaf Storm|p1a: Mandibuzz\n|-resisted|p1a: Mandibuzz\n|-damage|p1a: Mandibuzz|0 fnt\n|-boost|p2a: Lurantis|spa|2\n|faint|p1a: Mandibuzz\n|\n|-heal|p2a: Lurantis|175/264|[from] item: Leftovers\n|upkeep\n|\n|t:|1783552274\n|switch|p1a: Calyrex|Calyrex-Shadow, L64|100/100\n|-ability|p1a: Calyrex|As One\n|-ability|p1a: Calyrex|Unnerve\n|turn|8\n|inactive|Time left: 300 sec this turn | 300 sec total\n|\n|t:|1783552275\n|-terastallize|p1a: Calyrex|Ghost\n|move|p1a: Calyrex|Astral Barrage|p2a: Lurantis\n|-damage|p2a: Lurantis|0 fnt\n|faint|p2a: Lurantis\n|-ability|p1a: Calyrex|Grim Neigh|boost\n|-boost|p1a: Calyrex|spa|1\n|\n|upkeep\n|inactive|Time left: 300 sec this turn | 300 sec total | 5 sec grace\n|\n|t:|1783552275\n|switch|p2a: Farigiraf|Farigiraf, L90, M|362/362\n|turn|9\n|inactive|Time left: 300 sec this turn | 300 sec total\n|\n|t:|1783552276\n|move|p1a: Calyrex|Astral Barrage|p2a: Farigiraf\n|-immune|p2a: Farigiraf\n|move|p2a: Farigiraf|Psychic Noise|p1a: Calyrex\n|-damage|p1a: Calyrex|48/100\n|-start|p1a: Calyrex|move: Heal Block\n|\n|upkeep\n|turn|10\n|inactive|Time left: 300 sec this turn | 300 sec total\n|\n|t:|1783552277\n|switch|p1a: Kingambit|Kingambit, L74, M|100/100\n|-activate|p1a: Kingambit|ability: Supreme Overlord\n|-start|p1a: Kingambit|fallen1|[silent]\n|move|p2a: Farigiraf|Psychic Noise|p1a: Kingambit\n|-immune|p1a: Kingambit\n|\n|upkeep\n|turn|11\n|inactive|Time left: 300 sec this turn | 300 sec total\n|\n|t:|1783552279\n|switch|p2a: Samurott|Samurott, L88, M|310/310\n|move|p1a: Kingambit|Swords Dance|p1a: Kingambit\n|-boost|p1a: Kingambit|atk|2\n|\n|upkeep\n|turn|12\n|inactive|Time left: 300 sec this turn | 300 sec total\n|\n|t:|1783552279\n|move|p2a: Samurott|Sacred Sword|p1a: Kingambit\n|-supereffective|p1a: Kingambit\n|-damage|p1a: Kingambit|0 fnt\n|faint|p1a: Kingambit\n|-end|p1a: Kingambit|fallen1|[silent]\n|-damage|p2a: Samurott|279/310|[from] item: Life Orb\n|\n|upkeep\n|\n|t:|1783552280\n|switch|p1a: Calyrex|Calyrex-Shadow, L64, tera:Ghost|48/100\n|-ability|p1a: Calyrex|As One\n|-ability|p1a: Calyrex|Unnerve\n|turn|13\n|inactive|Time left: 300 sec this turn | 300 sec total\n|\n|t:|1783552281\n|switch|p2a: Farigiraf|Farigiraf, L90, M|362/362\n|move|p1a: Calyrex|Astral Barrage|p2a: Farigiraf\n|-immune|p2a: Farigiraf\n|\n|upkeep\n|turn|14\n|inactive|Time left: 300 sec this turn | 300 sec total\n|\n|t:|1783552282\n|move|p1a: Calyrex|Astral Barrage|p2a: Farigiraf\n|-immune|p2a: Farigiraf\n|move|p2a: Farigiraf|Psychic Noise|p1a: Calyrex\n|-damage|p1a: Calyrex|0 fnt\n|faint|p1a: Calyrex\n|\n|upkeep\n|\n|t:|1783552283\n|switch|p1a: Tatsugiri|Tatsugiri, L87, F|100/100\n|turn|15\n|inactive|Time left: 300 sec this turn | 300 sec total\n|\n|t:|1783552284\n|move|p1a: Tatsugiri|Nasty Plot|p1a: Tatsugiri\n|-boost|p1a: Tatsugiri|spa|2\n|move|p2a: Farigiraf|Body Slam|p1a: Tatsugiri\n|-damage|p1a: Tatsugiri|52/100\n|\n|upkeep\n|turn|16\n|inactive|Time left: 300 sec this turn | 300 sec total\n|\n|t:|1783552285\n|move|p1a: Tatsugiri|Surf|p2a: Farigiraf\n|-crit|p2a: Farigiraf\n|-damage|p2a: Farigiraf|0 fnt\n|faint|p2a: Farigiraf\n|\n|upkeep\n|inactive|Time left: 300 sec this turn | 300 sec total | 5 sec grace\n|\n|t:|1783552286\n|switch|p2a: Enamorus|Enamorus, L79, F|247/247\n|turn|17\n|inactive|Time left: 300 sec this turn | 300 sec total\n|\n|t:|1783552287\n|move|p2a: Enamorus|Moonblast|p1a: Tatsugiri\n|-supereffective|p1a: Tatsugiri\n|-damage|p1a: Tatsugiri|0 fnt\n|faint|p1a: Tatsugiri\n|\n|upkeep\n|\n|t:|1783552288\n|switch|p1a: Dugtrio|Dugtrio, L84, M|100/100\n|turn|18\n|inactive|Time left: 300 sec this turn | 300 sec total\n|\n|t:|1783552289\n|move|p1a: Dugtrio|Earthquake|p2a: Enamorus\n|-immune|p2a: Enamorus\n|move|p2a: Enamorus|Moonblast|p1a: Dugtrio\n|-damage|p1a: Dugtrio|33/100\n|\n|upkeep\n|turn|19\n|inactive|Time left: 300 sec this turn | 300 sec total\n|\n|t:|1783552290\n|move|p1a: Dugtrio|Earthquake|p2a: Enamorus\n|-immune|p2a: Enamorus\n|move|p2a: Enamorus|Calm Mind|p2a: Enamorus\n|-boost|p2a: Enamorus|spa|1\n|-boost|p2a: Enamorus|spd|1\n|\n|upkeep\n|turn|20\n|inactive|Time left: 300 sec this turn | 300 sec total\n|\n|t:|1783552291\n|move|p1a: Dugtrio|Earthquake|p2a: Enamorus\n|-immune|p2a: Enamorus\n|move|p2a: Enamorus|Moonblast|p1a: Dugtrio\n|-damage|p1a: Dugtrio|0 fnt\n|faint|p1a: Dugtrio\n|\n|upkeep\n|\n|t:|1783552292\n|switch|p1a: Tauros|Tauros-Paldea-Combat, L82, M|100/100\n|-ability|p1a: Tauros|Intimidate|boost\n|-unboost|p2a: Enamorus|atk|1\n|turn|21\n|inactive|Time left: 300 sec this turn | 300 sec total\n|\n|t:|1783552292\n|-terastallize|p2a: Enamorus|Ground\n|move|p2a: Enamorus|Moonblast|p1a: Tauros\n|-supereffective|p1a: Tauros\n|-damage|p1a: Tauros|0 fnt\n|faint|p1a: Tauros\n|\n|win|p0y1132566f", "uploadtime": 1783552292, "views": 0, "rating": 0, "private": 0, "password": null, "_winner": "p0y1132566f", "_our_name": "p0y1132566f"}