{"id": "battle-gen9randombattle-747", "formatid": "gen9randombattle", "format": "[Gen 9] Random Battle", "players": ["p0x7472474", "p0y747f9a8"], "log": "|init|battle\n|title|p0x7472474 vs. p0y747f9a8\n|j|\u2606p0x7472474\n|j|\u2606p0y747f9a8\n|t:|1783547790\n|gametype|singles\n|player|p1|p0x7472474|265|\n|player|p2|p0y747f9a8|2|\n|gen|9\n|tier|[Gen 9] Random Battle\n|rule|Species Clause: Limit one of each Pok\u00e9mon\n|rule|HP Percentage Mod: HP is shown in percentages\n|rule|Sleep Clause Mod: Limit one foe put to sleep\n|rule|Illusion Level Mod: Illusion disguises the Pok\u00e9mon's true level\n|\n|t:|1783547790\n|teamsize|p1|6\n|teamsize|p2|6\n|start\n|switch|p1a: Lilligant|Lilligant, L86, F|100/100\n|switch|p2a: Kricketune|Kricketune, L99, M|311/311\n|turn|1\n|inactive|Battle timer is ON: inactive players will automatically lose when time's up. (requested by p0y747f9a8)\n|inactive|p0x7472474 also wants the timer to be on.\n|\n|t:|1783547792\n|move|p1a: Lilligant|Sleep Powder|p2a: Kricketune\n|-status|p2a: Kricketune|slp|[from] move: Sleep Powder\n|cant|p2a: Kricketune|slp\n|\n|upkeep\n|turn|2\n|inactive|Time left: 300 sec this turn | 300 sec total\n|\n|t:|1783547794\n|move|p1a: Lilligant|Petal Dance|p2a: Kricketune\n|-resisted|p2a: Kricketune\n|-damage|p2a: Kricketune|190/311 slp\n|-damage|p1a: Lilligant|91/100|[from] item: Life Orb\n|cant|p2a: Kricketune|slp\n|\n|upkeep\n|turn|3\n|inactive|Time left: 300 sec this turn | 300 sec total\n|\n|t:|1783547795\n|switch|p2a: Eternatus|Eternatus, L69|308/308\n|-ability|p2a: Eternatus|Pressure\n|move|p1a: Lilligant|Petal Dance|p2a: Eternatus|[from] lockedmove\n|-resisted|p2a: Eternatus\n|-damage|p2a: Eternatus|256/308\n|-damage|p1a: Lilligant|81/100|[from] item: Life Orb\n|\n|upkeep\n|turn|4\n|inactive|Time left: 300 sec this turn | 300 sec total\n|\n|t:|1783547796\n|move|p2a: Eternatus|Sludge Bomb|p1a: Lilligant\n|-supereffective|p1a: Lilligant\n|-damage|p1a: Lilligant|5/100\n|-status|p1a: Lilligant|psn\n|move|p1a: Lilligant|Petal Dance|p2a: Eternatus|[from] lockedmove\n|-resisted|p2a: Eternatus\n|-damage|p2a: Eternatus|200/308\n|-damage|p1a: Lilligant|0 fnt|[from] item: Life Orb\n|faint|p1a: Lilligant\n|\n|upkeep\n|\n|t:|1783547797\n|switch|p1a: Blastoise|Blastoise, L80, M|100/100\n|turn|5\n|inactive|Time left: 300 sec this turn | 300 sec total\n|\n|t:|1783547798\n|move|p2a: Eternatus|Sludge Bomb|p1a: Blastoise\n|-damage|p1a: Blastoise|69/100\n|move|p1a: Blastoise|Shell Smash|p1a: Blastoise\n|-unboost|p1a: Blastoise|def|1\n|-unboost|p1a: Blastoise|spd|1\n|-boost|p1a: Blastoise|atk|2\n|-boost|p1a: Blastoise|spa|2\n|-boost|p1a: Blastoise|spe|2\n|-enditem|p1a: Blastoise|White Herb\n|-clearnegativeboost|p1a: Blastoise|[silent]\n|\n|upkeep\n|turn|6\n|inactive|Time left: 300 sec this turn | 300 sec total\n|\n|t:|1783547799\n|switch|p2a: Lanturn|Lanturn, L89, F|367/367\n|move|p1a: Blastoise|Earthquake|p2a: Lanturn\n|-supereffective|p2a: Lanturn\n|-damage|p2a: Lanturn|83/367\n|\n|upkeep\n|turn|7\n|inactive|Time left: 300 sec this turn | 300 sec total\n|\n|t:|1783547800\n|move|p1a: Blastoise|Hydro Pump|p2a: Lanturn|[miss]\n|-miss|p1a: Blastoise|p2a: Lanturn\n|move|p2a: Lanturn|Volt Switch|p1a: Blastoise\n|-supereffective|p1a: Blastoise\n|-damage|p1a: Blastoise|18/100\n|inactive|Time left: 300 sec this turn | 300 sec total | 5 sec grace\n|\n|t:|1783547801\n|switch|p2a: Registeel|Registeel, L81|262/262|[from] Volt Switch\n|\n|upkeep\n|turn|8\n|inactive|Time left: 300 sec this turn | 300 sec total\n|\n|t:|1783547802\n|-terastallize|p1a: Blastoise|Water\n|move|p1a: Blastoise|Hydro Pump|p2a: Registeel\n|-damage|p2a: Registeel|10/262\n|move|p2a: Registeel|Body Press|p1a: Blastoise\n|-damage|p1a: Blastoise|0 fnt\n|faint|p1a: Blastoise\n|\n|upkeep\n|\n|t:|1783547803\n|switch|p1a: Ninetales|Ninetales-Alola, L78, F|100/100\n|-weather|Snowscape|[from] ability: Snow Warning|[of] p1a: Ninetales\n|turn|9\n|inactive|Time left: 300 sec this turn | 300 sec total\n|\n|t:|1783547804\n|move|p1a: Ninetales|Aurora Veil|p1a: Ninetales\n|-sidestart|p1: p0x7472474|move: Aurora Veil\n|move|p2a: Registeel|Rest|p2a: Registeel\n|-status|p2a: Registeel|slp|[from] move: Rest\n|-heal|p2a: Registeel|262/262 slp|[silent]\n|-enditem|p2a: Registeel|Chesto Berry|[eat]\n|-curestatus|p2a: Registeel|slp|[msg]\n|\n|-weather|Snowscape|[upkeep]\n|upkeep\n|turn|10\n|inactive|Time left: 300 sec this turn | 300 sec total\n|\n|t:|1783547805\n|switch|p1a: Rhydon|Rhydon, L85, M|100/100\n|move|p2a: Registeel|Iron Head|p1a: Rhydon\n|-supereffective|p1a: Rhydon\n|-damage|p1a: Rhydon|90/100\n|\n|-weather|Snowscape|[upkeep]\n|upkeep\n|turn|11\n|inactive|Time left: 300 sec this turn | 300 sec total\n|\n|t:|1783547806\n|move|p2a: Registeel|Iron Defense|p2a: Registeel\n|-boost|p2a: Registeel|def|2\n|move|p1a: Rhydon|Swords Dance|p1a: Rhydon\n|-boost|p1a: Rhydon|atk|2\n|\n|-weather|Snowscape|[upkeep]\n|upkeep\n|turn|12\n|inactive|Time left: 300 sec this turn | 300 sec total\n|\n|t:|1783547807\n|-terastallize|p2a: Registeel|Fighting\n|move|p2a: Registeel|Body Press|p1a: Rhydon\n|-supereffective|p1a: Rhydon\n|-damage|p1a: Rhydon|53/100\n|move|p1a: Rhydon|Earthquake|p2a: Registeel\n|-damage|p2a: Registeel|166/262\n|\n|-weather|Snowscape|[upkeep]\n|upkeep\n|turn|13\n|inactive|Time left: 300 sec this turn | 300 sec total\n|\n|t:|1783547808\n|move|p2a: Registeel|Body Press|p1a: Rhydon\n|-supereffective|p1a: Rhydon\n|-damage|p1a: Rhydon|18/100\n|move|p1a: Rhydon|Earthquake|p2a: Registeel\n|-damage|p2a: Registeel|66/262\n|\n|-weather|none\n|upkeep\n|turn|14\n|inactive|Time left: 300 sec this turn | 300 sec total\n|\n|t:|1783547809\n|move|p2a: Registeel|Body Press|p1a: Rhydon\n|-supereffective|p1a: Rhydon\n|-damage|p1a: Rhydon|0 fnt\n|faint|p1a: Rhydon\n|\n|upkeep\n|\n|t:|1783547810\n|switch|p1a: Ninetales|Ninetales-Alola, L78, F|100/100\n|-weather|Snowscape|[from] ability: Snow Warning|[of] p1a: Ninetales\n|turn|15\n|inactive|Time left: 300 sec this turn | 300 sec total\n|\n|t:|1783547811\n|switch|p2a: Eternatus|Eternatus, L69|200/308\n|-ability|p2a: Eternatus|Pressure\n|move|p1a: Ninetales|Moonblast|p2a: Eternatus\n|-damage|p2a: Eternatus|109/308\n|\n|-weather|Snowscape|[upkeep]\n|upkeep\n|turn|16\n|inactive|Time left: 300 sec this turn | 300 sec total\n|\n|t:|1783547812\n|move|p2a: Eternatus|Sludge Bomb|p1a: Ninetales\n|-supereffective|p1a: Ninetales\n|-damage|p1a: Ninetales|65/100\n|move|p1a: Ninetales|Freeze-Dry|p2a: Eternatus\n|-supereffective|p2a: Eternatus\n|-damage|p2a: Eternatus|0 fnt\n|faint|p2a: Eternatus\n|\n|-weather|Snowscape|[upkeep]\n|-sideend|p1: p0x7472474|move: Aurora Veil\n|upkeep\n|inactive|Time left: 300 sec this turn | 300 sec total | 5 sec grace\n|\n|t:|1783547813\n|switch|p2a: Darkrai|Darkrai, L77|234/234\n|turn|17\n|inactive|Time left: 300 sec this turn | 300 sec total\n|\n|t:|1783547814\n|move|p2a: Darkrai|Sludge Bomb|p1a: Ninetales\n|-supereffective|p1a: Ninetales\n|-damage|p1a: Ninetales|0 fnt\n|faint|p1a: Ninetales\n|-damage|p2a: Darkrai|211/234|[from] item: Life Orb\n|\n|-weather|Snowscape|[upkeep]\n|upkeep\n|\n|t:|1783547815\n|switch|p1a: Lycanroc|Lycanroc, L86, F|100/100\n|turn|18\n|inactive|Time left: 300 sec this turn | 300 sec total\n|\n|t:|1783547816\n|switch|p2a: Kricketune|Kricketune, L99, M|190/311 slp\n|move|p1a: Lycanroc|Close Combat|p2a: Kricketune\n|-resisted|p2a: Kricketune\n|-damage|p2a: Kricketune|108/311 slp\n|-unboost|p1a: Lycanroc|def|1\n|-unboost|p1a: Lycanroc|spd|1\n|-damage|p1a: Lycanroc|91/100|[from] item: Life Orb\n|\n|-weather|Snowscape|[upkeep]\n|upkeep\n|turn|19\n|inactive|Time left: 300 sec this turn | 300 sec total\n|\n|t:|1783547817\n|move|p1a: Lycanroc|Psychic Fangs|p2a: Kricketune\n|-damage|p2a: Kricketune|0 fnt\n|faint|p2a: Kricketune\n|-damage|p1a: Lycanroc|81/100|[from] item: Life Orb\n|\n|-weather|none\n|upkeep\n|inactive|Time left: 300 sec this turn | 300 sec total | 5 sec grace\n|\n|t:|1783547818\n|switch|p2a: Mamoswine|Mamoswine, L81, F|311/311\n|turn|20\n|inactive|Time left: 300 sec this turn | 300 sec total\n|\n|t:|1783547819\n|move|p1a: Lycanroc|Close Combat|p2a: Mamoswine\n|-supereffective|p2a: Mamoswine\n|-damage|p2a: Mamoswine|28/311\n|-unboost|p1a: Lycanroc|def|1\n|-unboost|p1a: Lycanroc|spd|1\n|-damage|p1a: Lycanroc|72/100|[from] item: Life Orb\n|move|p2a: Mamoswine|Earthquake|p1a: Lycanroc\n|-supereffective|p1a: Lycanroc\n|-damage|p1a: Lycanroc|0 fnt\n|faint|p1a: Lycanroc\n|-damage|p2a: Mamoswine|0 fnt|[from] item: Life Orb\n|faint|p2a: Mamoswine\n|\n|upkeep\n|inactive|Time left: 300 sec this turn | 300 sec total | 5 sec grace\n|\n|t:|1783547820\n|switch|p1a: Houndstone|Houndstone, L86, F|100/100\n|switch|p2a: Darkrai|Darkrai, L77|211/234\n|turn|21\n|inactive|Time left: 300 sec this turn | 300 sec total\n|\n|t:|1783547821\n|move|p2a: Darkrai|Dark Pulse|p1a: Houndstone\n|-supereffective|p1a: Houndstone\n|-damage|p1a: Houndstone|49/100\n|-damage|p2a: Darkrai|188/234|[from] item: Life Orb\n|move|p1a: Houndstone|Play Rough|p2a: Darkrai\n|-supereffective|p2a: Darkrai\n|-damage|p2a: Darkrai|40/234\n|\n|upkeep\n|turn|22\n|inactive|Time left: 300 sec this turn | 300 sec total\n|\n|t:|1783547822\n|move|p1a: Houndstone|Shadow Sneak|p2a: Darkrai\n|-resisted|p2a: Darkrai\n|-damage|p2a: Darkrai|14/234\n|move|p2a: Darkrai|Dark Pulse|p1a: Houndstone\n|-supereffective|p1a: Houndstone\n|-damage|p1a: Houndstone|0 fnt\n|faint|p1a: Houndstone\n|-damage|p2a: Darkrai|0 fnt|[from] item: Life Orb\n|faint|p2a: Darkrai\n|\n|win|p0y747f9a8", "uploadtime": 1783547822, "views": 0, "rating": 0, "private": 0, "password": null, "_winner": "p0y747f9a8", "_our_name": "p0y747f9a8"}