{"id": "battle-gen9randombattle-14", "formatid": "gen9randombattle", "format": "[Gen 9] Random Battle", "players": ["p0x01460b6", "p0y01425b2"], "log": "|init|battle\n|title|p0x01460b6 vs. p0y01425b2\n|j|\u2606p0x01460b6\n|j|\u2606p0y01425b2\n|t:|1783539344\n|gametype|singles\n|player|p1|p0x01460b6|102|\n|player|p2|p0y01425b2|169|\n|gen|9\n|tier|[Gen 9] Random Battle\n|rule|Species Clause: Limit one of each Pok\u00e9mon\n|rule|HP Percentage Mod: HP is shown in percentages\n|rule|Sleep Clause Mod: Limit one foe put to sleep\n|rule|Illusion Level Mod: Illusion disguises the Pok\u00e9mon's true level\n|\n|t:|1783539344\n|teamsize|p1|6\n|teamsize|p2|6\n|start\n|switch|p1a: Reshiram|Reshiram, L76|235/235\n|switch|p2a: Oinkologne|Oinkologne-F, L92, F|100/100\n|turn|1\n|inactive|Battle timer is ON: inactive players will automatically lose when time's up. (requested by p0y01425b2)\n|inactive|Time left: 300 sec this turn | 300 sec total | 60 sec grace\n|inactive|p0x01460b6 also wants the timer to be on.\n|\n|t:|1783539346\n|move|p1a: Reshiram|Dark Pulse|p2a: Oinkologne\n|-damage|p2a: Oinkologne|61/100\n|move|p2a: Oinkologne|Body Slam|p1a: Reshiram\n|-damage|p1a: Reshiram|96/235\n|replace|p1a: Zoroark|Zoroark, L83, M\n|-end|p1a: Zoroark|Illusion\n|-hint|Illusion Level Mod is active, so this Pok\u00e9mon's true level was hidden.\n|\n|-heal|p2a: Oinkologne|67/100|[from] item: Leftovers\n|upkeep\n|turn|2\n|inactive|Time left: 300 sec this turn | 300 sec total\n|\n|t:|1783539347\n|move|p1a: Zoroark|Dark Pulse|p2a: Oinkologne\n|-damage|p2a: Oinkologne|29/100\n|move|p2a: Oinkologne|Body Slam|p1a: Zoroark\n|-damage|p1a: Zoroark|0 fnt\n|faint|p1a: Zoroark\n|\n|-heal|p2a: Oinkologne|35/100|[from] item: Leftovers\n|upkeep\n|inactive|Time left: 300 sec this turn | 300 sec total | 5 sec grace\n|\n|t:|1783539348\n|switch|p1a: Hoopa|Hoopa-Unbound, L80|259/259\n|turn|3\n|inactive|Time left: 300 sec this turn | 300 sec total\n|\n|t:|1783539349\n|switch|p2a: Spiritomb|Spiritomb, L89, F|100/100\n|move|p1a: Hoopa|Hyperspace Fury|p2a: Spiritomb\n|-crit|p2a: Spiritomb\n|-damage|p2a: Spiritomb|0 fnt\n|-unboost|p1a: Hoopa|def|1\n|faint|p2a: Spiritomb\n|\n|upkeep\n|\n|t:|1783539350\n|switch|p2a: Golurk|Golurk, L87|100/100\n|turn|4\n|inactive|Time left: 300 sec this turn | 300 sec total\n|\n|t:|1783539351\n|-terastallize|p2a: Golurk|Fighting\n|move|p1a: Hoopa|Hyperspace Fury|p2a: Golurk\n|-resisted|p2a: Golurk\n|-damage|p2a: Golurk|61/100\n|-unboost|p1a: Hoopa|def|1\n|move|p2a: Golurk|Poltergeist|p1a: Hoopa\n|-activate|p1a: Hoopa|move: Poltergeist|Choice Band\n|-damage|p1a: Hoopa|0 fnt\n|faint|p1a: Hoopa\n|-damage|p2a: Golurk|51/100|[from] item: Life Orb\n|\n|upkeep\n|inactive|Time left: 300 sec this turn | 300 sec total | 5 sec grace\n|\n|t:|1783539352\n|switch|p1a: Reshiram|Reshiram, L76|277/277\n|-ability|p1a: Reshiram|Turboblaze\n|turn|5\n|inactive|Time left: 300 sec this turn | 300 sec total\n|\n|t:|1783539353\n|-terastallize|p1a: Reshiram|Dragon\n|move|p1a: Reshiram|Outrage|p2a: Golurk\n|-damage|p2a: Golurk|0 fnt\n|faint|p2a: Golurk\n|\n|upkeep\n|\n|t:|1783539354\n|switch|p2a: Hippowdon|Hippowdon, L82, F|100/100\n|-weather|Sandstorm|[from] ability: Sand Stream|[of] p2a: Hippowdon\n|turn|6\n|inactive|Time left: 300 sec this turn | 300 sec total\n|\n|t:|1783539355\n|move|p1a: Reshiram|Outrage|p2a: Hippowdon|[from] lockedmove\n|-damage|p2a: Hippowdon|61/100\n|-damage|p1a: Reshiram|231/277|[from] item: Rocky Helmet|[of] p2a: Hippowdon\n|-start|p1a: Reshiram|confusion|[fatigue]\n|move|p2a: Hippowdon|Slack Off|p2a: Hippowdon\n|-heal|p2a: Hippowdon|100/100\n|\n|-weather|Sandstorm|[upkeep]\n|-damage|p1a: Reshiram|214/277|[from] Sandstorm\n|upkeep\n|turn|7\n|inactive|Time left: 300 sec this turn | 300 sec total\n|\n|t:|1783539356\n|switch|p1a: Latias|Latias, L79, F|256/256\n|move|p2a: Hippowdon|Earthquake|p1a: Latias\n|-immune|p1a: Latias|[from] ability: Levitate\n|\n|-weather|Sandstorm|[upkeep]\n|-damage|p1a: Latias|240/256|[from] Sandstorm\n|upkeep\n|turn|8\n|inactive|Time left: 300 sec this turn | 300 sec total\n|\n|t:|1783539357\n|move|p1a: Latias|Calm Mind|p1a: Latias\n|-boost|p1a: Latias|spa|1\n|-boost|p1a: Latias|spd|1\n|move|p2a: Hippowdon|Stone Edge|p1a: Latias\n|-damage|p1a: Latias|165/256\n|\n|-weather|Sandstorm|[upkeep]\n|-damage|p1a: Latias|149/256|[from] Sandstorm\n|upkeep\n|turn|9\n|inactive|Time left: 300 sec this turn | 300 sec total\n|\n|t:|1783539358\n|move|p1a: Latias|Recover|p1a: Latias\n|-heal|p1a: Latias|256/256\n|move|p2a: Hippowdon|Slack Off||[still]\n|-fail|p2a: Hippowdon|heal\n|\n|-weather|Sandstorm|[upkeep]\n|-damage|p1a: Latias|240/256|[from] Sandstorm\n|upkeep\n|turn|10\n|inactive|Time left: 300 sec this turn | 300 sec total\n|\n|t:|1783539359\n|move|p1a: Latias|Draco Meteor|p2a: Hippowdon\n|-damage|p2a: Hippowdon|15/100\n|-unboost|p1a: Latias|spa|2\n|move|p2a: Hippowdon|Slack Off|p2a: Hippowdon\n|-heal|p2a: Hippowdon|65/100\n|\n|-weather|none\n|upkeep\n|turn|11\n|inactive|Time left: 300 sec this turn | 300 sec total\n|\n|t:|1783539360\n|move|p1a: Latias|Calm Mind|p1a: Latias\n|-boost|p1a: Latias|spa|1\n|-boost|p1a: Latias|spd|1\n|move|p2a: Hippowdon|Slack Off|p2a: Hippowdon\n|-heal|p2a: Hippowdon|100/100\n|\n|upkeep\n|turn|12\n|inactive|Time left: 300 sec this turn | 300 sec total\n|\n|t:|1783539361\n|move|p1a: Latias|Calm Mind|p1a: Latias\n|-boost|p1a: Latias|spa|1\n|-boost|p1a: Latias|spd|1\n|move|p2a: Hippowdon|Stone Edge|p1a: Latias\n|-damage|p1a: Latias|167/256\n|\n|upkeep\n|turn|13\n|inactive|Time left: 300 sec this turn | 300 sec total\n|\n|t:|1783539362\n|move|p1a: Latias|Calm Mind|p1a: Latias\n|-boost|p1a: Latias|spa|1\n|-boost|p1a: Latias|spd|1\n|move|p2a: Hippowdon|Slack Off||[still]\n|-fail|p2a: Hippowdon|heal\n|\n|upkeep\n|turn|14\n|inactive|Time left: 300 sec this turn | 300 sec total\n|\n|t:|1783539363\n|switch|p2a: Oinkologne|Oinkologne-F, L92, F|35/100\n|move|p1a: Latias|Draco Meteor|p2a: Oinkologne|[miss]\n|-miss|p1a: Latias|p2a: Oinkologne\n|\n|-heal|p2a: Oinkologne|41/100|[from] item: Leftovers\n|upkeep\n|turn|15\n|inactive|Time left: 300 sec this turn | 300 sec total\n|\n|t:|1783539364\n|switch|p2a: Greninja|Greninja, L80, M|100/100\n|move|p1a: Latias|Psyshock|p2a: Greninja\n|-immune|p2a: Greninja\n|\n|upkeep\n|turn|16\n|inactive|Time left: 300 sec this turn | 300 sec total\n|\n|t:|1783539365\n|move|p2a: Greninja|Dark Pulse|p1a: Latias\n|-start|p2a: Greninja|typechange|Dark|[from] ability: Protean\n|-supereffective|p1a: Latias\n|-crit|p1a: Latias\n|-damage|p1a: Latias|0 fnt\n|faint|p1a: Latias\n|-damage|p2a: Greninja|91/100|[from] item: Life Orb\n|\n|upkeep\n|inactive|Time left: 300 sec this turn | 300 sec total | 5 sec grace\n|\n|t:|1783539366\n|switch|p1a: Whiscash|Whiscash, L88, F|337/337\n|turn|17\n|inactive|Time left: 300 sec this turn | 300 sec total\n|\n|t:|1783539367\n|switch|p2a: Cramorant|Cramorant, L86, M|100/100\n|move|p1a: Whiscash|Dragon Dance|p1a: Whiscash\n|-boost|p1a: Whiscash|atk|1\n|-boost|p1a: Whiscash|spe|1\n|\n|upkeep\n|turn|18\n|inactive|Time left: 300 sec this turn | 300 sec total\n|\n|t:|1783539368\n|move|p1a: Whiscash|Stone Edge|p2a: Cramorant\n|-supereffective|p2a: Cramorant\n|-damage|p2a: Cramorant|0 fnt\n|faint|p2a: Cramorant\n|-damage|p1a: Whiscash|304/337|[from] item: Life Orb\n|\n|upkeep\n|\n|t:|1783539370\n|switch|p2a: Hippowdon|Hippowdon, L82, F|100/100\n|-weather|Sandstorm|[from] ability: Sand Stream|[of] p2a: Hippowdon\n|turn|19\n|inactive|Time left: 300 sec this turn | 300 sec total\n|\n|t:|1783539371\n|move|p1a: Whiscash|Liquidation|p2a: Hippowdon\n|-supereffective|p2a: Hippowdon\n|-damage|p2a: Hippowdon|7/100\n|-damage|p1a: Whiscash|248/337|[from] item: Rocky Helmet|[of] p2a: Hippowdon\n|-damage|p1a: Whiscash|215/337|[from] item: Life Orb\n|move|p2a: Hippowdon|Whirlwind|p1a: Whiscash\n|drag|p1a: Magmortar|Magmortar, L88, F|275/275\n|\n|-weather|Sandstorm|[upkeep]\n|-damage|p1a: Magmortar|258/275|[from] Sandstorm\n|upkeep\n|turn|20\n|inactive|Time left: 300 sec this turn | 300 sec total\n|\n|t:|1783539372\n|move|p1a: Magmortar|Knock Off|p2a: Hippowdon\n|-damage|p2a: Hippowdon|0 fnt\n|-damage|p1a: Magmortar|213/275|[from] item: Rocky Helmet|[of] p2a: Hippowdon\n|-enditem|p2a: Hippowdon|Rocky Helmet|[from] move: Knock Off|[of] p1a: Magmortar\n|faint|p2a: Hippowdon\n|\n|-weather|Sandstorm|[upkeep]\n|-damage|p1a: Magmortar|196/275|[from] Sandstorm\n|upkeep\n|\n|t:|1783539373\n|switch|p2a: Oinkologne|Oinkologne-F, L92, F|41/100\n|turn|21\n|inactive|Time left: 300 sec this turn | 300 sec total\n|\n|t:|1783539374\n|move|p1a: Magmortar|Knock Off|p2a: Oinkologne\n|-damage|p2a: Oinkologne|19/100\n|-enditem|p2a: Oinkologne|Leftovers|[from] move: Knock Off|[of] p1a: Magmortar\n|move|p2a: Oinkologne|Body Slam|p1a: Magmortar\n|-damage|p1a: Magmortar|82/275\n|\n|-weather|Sandstorm|[upkeep]\n|-damage|p1a: Magmortar|65/275|[from] Sandstorm\n|-damage|p2a: Oinkologne|13/100|[from] Sandstorm\n|upkeep\n|turn|22\n|inactive|Time left: 300 sec this turn | 300 sec total\n|\n|t:|1783539375\n|move|p1a: Magmortar|Thunderbolt|p2a: Oinkologne\n|-damage|p2a: Oinkologne|0 fnt\n|faint|p2a: Oinkologne\n|\n|-weather|Sandstorm|[upkeep]\n|-damage|p1a: Magmortar|48/275|[from] Sandstorm\n|upkeep\n|\n|t:|1783539376\n|switch|p2a: Greninja|Greninja, L80, M|91/100\n|turn|23\n|inactive|Time left: 300 sec this turn | 300 sec total\n|\n|t:|1783539377\n|move|p2a: Greninja|Toxic Spikes|p1a: Magmortar\n|-start|p2a: Greninja|typechange|Poison|[from] ability: Protean\n|-sidestart|p1: p0x01460b6|move: Toxic Spikes\n|move|p1a: Magmortar|Thunderbolt|p2a: Greninja\n|-damage|p2a: Greninja|44/100\n|\n|-weather|none\n|upkeep\n|turn|24\n|inactive|Time left: 300 sec this turn | 300 sec total\n|\n|t:|1783539379\n|move|p2a: Greninja|Dark Pulse|p1a: Magmortar\n|-damage|p1a: Magmortar|0 fnt\n|faint|p1a: Magmortar\n|-damage|p2a: Greninja|35/100|[from] item: Life Orb\n|\n|upkeep\n|inactive|Time left: 300 sec this turn | 300 sec total | 5 sec grace\n|\n|t:|1783539380\n|switch|p1a: Reshiram|Reshiram, L76, tera:Dragon|214/277\n|-ability|p1a: Reshiram|Turboblaze\n|turn|25\n|inactive|Time left: 300 sec this turn | 300 sec total\n|\n|t:|1783539381\n|move|p2a: Greninja|Dark Pulse|p1a: Reshiram\n|-damage|p1a: Reshiram|146/277\n|-damage|p2a: Greninja|25/100|[from] item: Life Orb\n|move|p1a: Reshiram|Outrage|p2a: Greninja\n|-damage|p2a: Greninja|0 fnt\n|faint|p2a: Greninja\n|\n|win|p0x01460b6", "uploadtime": 1783539381, "views": 0, "rating": 0, "private": 0, "password": null, "_winner": "p0x01460b6", "_our_name": "p0x01460b6"}