{"id": "battle-gen9randombattle-2874", "formatid": "gen9randombattle", "format": "[Gen 9] Random Battle", "players": ["p0x28740e34", "p0y28747d94"], "log": "|init|battle\n|title|p0x28740e34 vs. p0y28747d94\n|j|\u2606p0x28740e34\n|j|\u2606p0y28747d94\n|t:|1783572145\n|gametype|singles\n|player|p1|p0x28740e34|170|\n|player|p2|p0y28747d94|266|\n|gen|9\n|tier|[Gen 9] Random Battle\n|rule|Species Clause: Limit one of each Pok\u00e9mon\n|rule|HP Percentage Mod: HP is shown in percentages\n|rule|Sleep Clause Mod: Limit one foe put to sleep\n|rule|Illusion Level Mod: Illusion disguises the Pok\u00e9mon's true level\n|\n|t:|1783572145\n|teamsize|p1|6\n|teamsize|p2|6\n|start\n|switch|p1a: Golem|Golem, L87, M|281/281\n|switch|p2a: Tsareena|Tsareena, L87, F|100/100\n|turn|1\n|inactive|Battle timer is ON: inactive players will automatically lose when time's up. (requested by p0x28740e34)\n|\n|t:|1783572147\n|move|p2a: Tsareena|Power Whip|p1a: Golem\n|-supereffective|p1a: Golem\n|-ability|p1a: Golem|Sturdy\n|-damage|p1a: Golem|1/281\n|move|p1a: Golem|Earthquake|p2a: Tsareena\n|-resisted|p2a: Tsareena\n|-damage|p2a: Tsareena|80/100\n|\n|upkeep\n|turn|2\n|inactive|Time left: 300 sec this turn | 300 sec total\n|inactive|p0y28747d94 also wants the timer to be on.\n|-enditem|p1a: Golem|Custap Berry|[eat]\n|-activate|p1a: Golem|item: Custap Berry|[consumed]\n|\n|t:|1783572148\n|move|p1a: Golem|Explosion|p2a: Tsareena\n|-damage|p2a: Tsareena|6/100\n|faint|p1a: Golem\n|move|p2a: Tsareena|Knock Off|p1: Golem|[notarget]\n|-fail|p2a: Tsareena\n|\n|upkeep\n|inactive|Time left: 300 sec this turn | 300 sec total | 5 sec grace\n|\n|t:|1783572149\n|switch|p1a: Typhlosion|Typhlosion-Hisui, L83, F|257/257\n|turn|3\n|inactive|Time left: 300 sec this turn | 300 sec total\n|\n|t:|1783572150\n|switch|p2a: Gyarados|Gyarados, L79, M|100/100\n|-ability|p2a: Gyarados|Intimidate|boost\n|-unboost|p1a: Typhlosion|atk|1\n|move|p1a: Typhlosion|Eruption|p2a: Gyarados\n|-resisted|p2a: Gyarados\n|-damage|p2a: Gyarados|71/100\n|\n|upkeep\n|turn|4\n|inactive|Time left: 300 sec this turn | 300 sec total\n|\n|t:|1783572152\n|move|p1a: Typhlosion|Eruption|p2a: Gyarados\n|-resisted|p2a: Gyarados\n|-damage|p2a: Gyarados|39/100\n|move|p2a: Gyarados|Waterfall|p1a: Typhlosion\n|-supereffective|p1a: Typhlosion\n|-damage|p1a: Typhlosion|39/257\n|\n|upkeep\n|turn|5\n|inactive|Time left: 300 sec this turn | 300 sec total\n|\n|t:|1783572153\n|switch|p1a: Kommo-o|Kommo-o, L77, F|242/242\n|move|p2a: Gyarados|Dragon Dance|p2a: Gyarados\n|-boost|p2a: Gyarados|atk|1\n|-boost|p2a: Gyarados|spe|1\n|\n|upkeep\n|turn|6\n|inactive|Time left: 300 sec this turn | 300 sec total\n|\n|t:|1783572154\n|-terastallize|p2a: Gyarados|Flying\n|move|p2a: Gyarados|Tera Blast|p1a: Kommo-o|[anim] Tera Blast Flying\n|-supereffective|p1a: Kommo-o\n|-damage|p1a: Kommo-o|0 fnt\n|faint|p1a: Kommo-o\n|\n|upkeep\n|inactive|Time left: 300 sec this turn | 300 sec total | 5 sec grace\n|\n|t:|1783572155\n|switch|p1a: Typhlosion|Typhlosion-Hisui, L83, F|39/257\n|turn|7\n|inactive|Time left: 300 sec this turn | 300 sec total\n|\n|t:|1783572156\n|move|p1a: Typhlosion|Fire Blast|p2a: Gyarados\n|-damage|p2a: Gyarados|0 fnt\n|faint|p2a: Gyarados\n|\n|upkeep\n|\n|t:|1783572157\n|switch|p2a: Altaria|Altaria, L89, F|100/100\n|turn|8\n|inactive|Time left: 300 sec this turn | 300 sec total\n|\n|t:|1783572158\n|move|p1a: Typhlosion|Fire Blast|p2a: Altaria|[miss]\n|-miss|p1a: Typhlosion|p2a: Altaria\n|move|p2a: Altaria|Brave Bird|p1a: Typhlosion\n|-damage|p1a: Typhlosion|0 fnt\n|faint|p1a: Typhlosion\n|-damage|p2a: Altaria|96/100|[from] Recoil\n|\n|upkeep\n|inactive|Time left: 300 sec this turn | 300 sec total | 5 sec grace\n|\n|t:|1783572159\n|switch|p1a: Dedenne|Dedenne, L88, M|261/261\n|turn|9\n|inactive|Time left: 300 sec this turn | 300 sec total\n|\n|t:|1783572159\n|switch|p2a: Registeel|Registeel, L81|100/100\n|move|p1a: Dedenne|Super Fang|p2a: Registeel|[miss]\n|-miss|p1a: Dedenne|p2a: Registeel\n|\n|upkeep\n|turn|10\n|inactive|Time left: 300 sec this turn | 300 sec total\n|\n|t:|1783572160\n|move|p1a: Dedenne|Super Fang|p2a: Registeel\n|-damage|p2a: Registeel|50/100\n|move|p2a: Registeel|Iron Defense|p2a: Registeel\n|-boost|p2a: Registeel|def|2\n|\n|upkeep\n|turn|11\n|inactive|Time left: 300 sec this turn | 300 sec total\n|\n|t:|1783572161\n|move|p1a: Dedenne|Super Fang|p2a: Registeel\n|-damage|p2a: Registeel|26/100\n|move|p2a: Registeel|Rest|p2a: Registeel\n|-status|p2a: Registeel|slp|[from] move: Rest\n|-heal|p2a: Registeel|100/100 slp|[silent]\n|-enditem|p2a: Registeel|Chesto Berry|[eat]\n|-curestatus|p2a: Registeel|slp|[msg]\n|\n|upkeep\n|turn|12\n|inactive|Time left: 300 sec this turn | 300 sec total\n|\n|t:|1783572162\n|move|p1a: Dedenne|Super Fang|p2a: Registeel\n|-damage|p2a: Registeel|50/100\n|move|p2a: Registeel|Iron Head|p1a: Dedenne\n|-damage|p1a: Dedenne|174/261\n|\n|upkeep\n|turn|13\n|inactive|Time left: 300 sec this turn | 300 sec total\n|\n|t:|1783572163\n|move|p1a: Dedenne|Super Fang|p2a: Registeel|[miss]\n|-miss|p1a: Dedenne|p2a: Registeel\n|move|p2a: Registeel|Body Press|p1a: Dedenne\n|-resisted|p1a: Dedenne\n|-damage|p1a: Dedenne|85/261\n|-enditem|p1a: Dedenne|Sitrus Berry|[eat]\n|-heal|p1a: Dedenne|150/261|[from] item: Sitrus Berry\n|-heal|p1a: Dedenne|237/261|[from] ability: Cheek Pouch\n|\n|upkeep\n|turn|14\n|inactive|Time left: 300 sec this turn | 300 sec total\n|\n|t:|1783572164\n|move|p1a: Dedenne|Super Fang|p2a: Registeel\n|-damage|p2a: Registeel|26/100\n|move|p2a: Registeel|Body Press|p1a: Dedenne\n|-resisted|p1a: Dedenne\n|-damage|p1a: Dedenne|139/261\n|\n|upkeep\n|turn|15\n|inactive|Time left: 300 sec this turn | 300 sec total\n|\n|t:|1783572165\n|move|p1a: Dedenne|Thunderbolt|p2a: Registeel\n|-damage|p2a: Registeel|0 fnt\n|faint|p2a: Registeel\n|\n|upkeep\n|\n|t:|1783572166\n|switch|p2a: Altaria|Altaria, L89, F|96/100\n|turn|16\n|inactive|Time left: 300 sec this turn | 300 sec total\n|\n|t:|1783572167\n|move|p1a: Dedenne|Super Fang|p2a: Altaria\n|-damage|p2a: Altaria|48/100\n|move|p2a: Altaria|Earthquake|p1a: Dedenne\n|-supereffective|p1a: Dedenne\n|-damage|p1a: Dedenne|0 fnt\n|faint|p1a: Dedenne\n|\n|upkeep\n|inactive|Time left: 300 sec this turn | 300 sec total | 5 sec grace\n|\n|t:|1783572168\n|switch|p1a: Illumise|Illumise, L91, F|266/266\n|turn|17\n|inactive|Time left: 300 sec this turn | 300 sec total\n|\n|t:|1783572169\n|move|p1a: Illumise|Encore|p2a: Altaria\n|-start|p2a: Altaria|Encore\n|move|p2a: Altaria|Earthquake|p1a: Illumise\n|-resisted|p1a: Illumise\n|-damage|p1a: Illumise|232/266\n|\n|upkeep\n|turn|18\n|inactive|Time left: 300 sec this turn | 300 sec total\n|\n|t:|1783572170\n|switch|p2a: Scrafty|Scrafty, L83, M|100/100\n|move|p1a: Illumise|Bug Buzz|p2a: Scrafty\n|-damage|p2a: Scrafty|70/100\n|\n|-heal|p2a: Scrafty|76/100|[from] item: Leftovers\n|upkeep\n|turn|19\n|inactive|Time left: 300 sec this turn | 300 sec total\n|\n|t:|1783572171\n|move|p1a: Illumise|Bug Buzz|p2a: Scrafty\n|-damage|p2a: Scrafty|44/100\n|move|p2a: Scrafty|Bulk Up|p2a: Scrafty\n|-boost|p2a: Scrafty|atk|1\n|-boost|p2a: Scrafty|def|1\n|\n|-heal|p2a: Scrafty|50/100|[from] item: Leftovers\n|upkeep\n|turn|20\n|inactive|Time left: 300 sec this turn | 300 sec total\n|\n|t:|1783572172\n|move|p1a: Illumise|Bug Buzz|p2a: Scrafty\n|-damage|p2a: Scrafty|20/100\n|move|p2a: Scrafty|Rest|p2a: Scrafty\n|-status|p2a: Scrafty|slp|[from] move: Rest\n|-heal|p2a: Scrafty|100/100 slp|[silent]\n|\n|upkeep\n|turn|21\n|inactive|Time left: 300 sec this turn | 300 sec total\n|\n|t:|1783572172\n|move|p1a: Illumise|Bug Buzz|p2a: Scrafty\n|-damage|p2a: Scrafty|72/100 slp\n|cant|p2a: Scrafty|slp\n|\n|-activate|p2a: Scrafty|ability: Shed Skin\n|-curestatus|p2a: Scrafty|slp|[msg]\n|-heal|p2a: Scrafty|78/100|[from] item: Leftovers\n|upkeep\n|turn|22\n|inactive|Time left: 300 sec this turn | 300 sec total\n|\n|t:|1783572173\n|move|p1a: Illumise|Bug Buzz|p2a: Scrafty\n|-damage|p2a: Scrafty|50/100\n|move|p2a: Scrafty|Knock Off|p1a: Illumise\n|-damage|p1a: Illumise|84/266\n|-enditem|p1a: Illumise|Heavy-Duty Boots|[from] move: Knock Off|[of] p2a: Scrafty\n|\n|-heal|p2a: Scrafty|56/100|[from] item: Leftovers\n|upkeep\n|turn|23\n|inactive|Time left: 300 sec this turn | 300 sec total\n|\n|t:|1783572174\n|move|p1a: Illumise|Bug Buzz|p2a: Scrafty\n|-damage|p2a: Scrafty|26/100\n|move|p2a: Scrafty|Rest|p2a: Scrafty\n|-status|p2a: Scrafty|slp|[from] move: Rest\n|-heal|p2a: Scrafty|100/100 slp|[silent]\n|\n|-activate|p2a: Scrafty|ability: Shed Skin\n|-curestatus|p2a: Scrafty|slp|[msg]\n|upkeep\n|turn|24\n|inactive|Time left: 300 sec this turn | 300 sec total\n|\n|t:|1783572176\n|move|p1a: Illumise|Bug Buzz|p2a: Scrafty\n|-damage|p2a: Scrafty|68/100\n|move|p2a: Scrafty|Knock Off|p1a: Illumise\n|-damage|p1a: Illumise|0 fnt\n|faint|p1a: Illumise\n|\n|-heal|p2a: Scrafty|74/100|[from] item: Leftovers\n|upkeep\n|inactive|Time left: 300 sec this turn | 300 sec total | 5 sec grace\n|\n|t:|1783572177\n|switch|p1a: Regigigas|Regigigas, L84|322/322\n|-start|p1a: Regigigas|ability: Slow Start\n|turn|25\n|inactive|Time left: 300 sec this turn | 300 sec total\n|\n|t:|1783572177\n|move|p2a: Scrafty|Knock Off|p1a: Regigigas\n|-damage|p1a: Regigigas|195/322\n|-enditem|p1a: Regigigas|Leftovers|[from] move: Knock Off|[of] p2a: Scrafty\n|move|p1a: Regigigas|Knock Off|p2a: Scrafty\n|-resisted|p2a: Scrafty\n|-crit|p2a: Scrafty\n|-damage|p2a: Scrafty|68/100\n|-enditem|p2a: Scrafty|Leftovers|[from] move: Knock Off|[of] p1a: Regigigas\n|\n|upkeep\n|turn|26\n|inactive|Time left: 300 sec this turn | 300 sec total\n|\n|t:|1783572178\n|-terastallize|p1a: Regigigas|Ghost\n|move|p2a: Scrafty|Drain Punch|p1a: Regigigas\n|-immune|p1a: Regigigas\n|move|p1a: Regigigas|Rest|p1a: Regigigas\n|-status|p1a: Regigigas|slp|[from] move: Rest\n|-heal|p1a: Regigigas|322/322 slp|[silent]\n|\n|upkeep\n|turn|27\n|inactive|Time left: 300 sec this turn | 300 sec total\n|\n|t:|1783572179\n|move|p2a: Scrafty|Knock Off|p1a: Regigigas\n|-supereffective|p1a: Regigigas\n|-damage|p1a: Regigigas|172/322 slp\n|cant|p1a: Regigigas|slp\n|move|p1a: Regigigas|Sleep Talk|p1a: Regigigas\n|move|p1a: Regigigas|Knock Off|p2a: Scrafty|[from] move: Sleep Talk\n|-resisted|p2a: Scrafty\n|-damage|p2a: Scrafty|66/100\n|\n|upkeep\n|turn|28\n|inactive|Time left: 300 sec this turn | 300 sec total\n|\n|t:|1783572180\n|move|p2a: Scrafty|Knock Off|p1a: Regigigas\n|-supereffective|p1a: Regigigas\n|-damage|p1a: Regigigas|20/322 slp\n|cant|p1a: Regigigas|slp\n|move|p1a: Regigigas|Sleep Talk|p1a: Regigigas\n|move|p1a: Regigigas|Body Slam|p2a: Scrafty|[from] move: Sleep Talk\n|-damage|p2a: Scrafty|50/100\n|-status|p2a: Scrafty|par\n|\n|-activate|p2a: Scrafty|ability: Shed Skin\n|-curestatus|p2a: Scrafty|par|[msg]\n|upkeep\n|turn|29\n|inactive|Time left: 300 sec this turn | 300 sec total\n|\n|t:|1783572181\n|move|p2a: Scrafty|Knock Off|p1a: Regigigas\n|-supereffective|p1a: Regigigas\n|-damage|p1a: Regigigas|0 fnt\n|faint|p1a: Regigigas\n|-end|p1a: Regigigas|Slow Start|[silent]\n|\n|win|p0y28747d94", "uploadtime": 1783572181, "views": 0, "rating": 0, "private": 0, "password": null, "_winner": "p0y28747d94", "_our_name": "p0x28740e34"}