{"id": "battle-gen9randombattle-467", "formatid": "gen9randombattle", "format": "[Gen 9] Random Battle", "players": ["p0x4672f01", "p0y46739d0"], "log": "|init|battle\n|title|p0x4672f01 vs. p0y46739d0\n|j|\u2606p0x4672f01\n|j|\u2606p0y46739d0\n|t:|1783545179\n|gametype|singles\n|player|p1|p0x4672f01|265|\n|player|p2|p0y46739d0|2|\n|gen|9\n|tier|[Gen 9] Random Battle\n|rule|Species Clause: Limit one of each Pok\u00e9mon\n|rule|HP Percentage Mod: HP is shown in percentages\n|rule|Sleep Clause Mod: Limit one foe put to sleep\n|rule|Illusion Level Mod: Illusion disguises the Pok\u00e9mon's true level\n|\n|t:|1783545179\n|teamsize|p1|6\n|teamsize|p2|6\n|start\n|switch|p1a: Fezandipiti|Fezandipiti, L82, M|100/100\n|switch|p2a: Jirachi|Jirachi, L80|291/291\n|turn|1\n|inactive|Battle timer is ON: inactive players will automatically lose when time's up. (requested by p0y46739d0)\n|inactive|p0x4672f01 also wants the timer to be on.\n|\n|t:|1783545181\n|move|p2a: Jirachi|Iron Head|p1a: Fezandipiti\n|-supereffective|p1a: Fezandipiti\n|-damage|p1a: Fezandipiti|39/100\n|cant|p1a: Fezandipiti|flinch\n|\n|-heal|p1a: Fezandipiti|45/100|[from] item: Leftovers\n|upkeep\n|turn|2\n|inactive|Time left: 300 sec this turn | 300 sec total\n|\n|t:|1783545183\n|switch|p1a: Great Tusk|Great Tusk, L77|100/100\n|move|p2a: Jirachi|Iron Head|p1a: Great Tusk\n|-damage|p1a: Great Tusk|79/100\n|\n|-heal|p1a: Great Tusk|85/100|[from] item: Leftovers\n|upkeep\n|turn|3\n|inactive|Time left: 300 sec this turn | 300 sec total\n|\n|t:|1783545184\n|move|p2a: Jirachi|Iron Head|p1a: Great Tusk\n|-damage|p1a: Great Tusk|63/100\n|cant|p1a: Great Tusk|flinch\n|\n|-heal|p1a: Great Tusk|70/100|[from] item: Leftovers\n|upkeep\n|turn|4\n|inactive|Time left: 300 sec this turn | 300 sec total\n|\n|t:|1783545186\n|move|p2a: Jirachi|Iron Head|p1a: Great Tusk\n|-damage|p1a: Great Tusk|50/100\n|move|p1a: Great Tusk|Earthquake|p2a: Jirachi\n|-supereffective|p2a: Jirachi\n|-damage|p2a: Jirachi|91/291\n|\n|-heal|p1a: Great Tusk|56/100|[from] item: Leftovers\n|upkeep\n|turn|5\n|inactive|Time left: 300 sec this turn | 300 sec total\n|\n|t:|1783545187\n|move|p2a: Jirachi|Iron Head|p1a: Great Tusk\n|-damage|p1a: Great Tusk|36/100\n|cant|p1a: Great Tusk|flinch\n|\n|-heal|p1a: Great Tusk|42/100|[from] item: Leftovers\n|upkeep\n|turn|6\n|inactive|Time left: 300 sec this turn | 300 sec total\n|\n|t:|1783545188\n|move|p2a: Jirachi|Iron Head|p1a: Great Tusk\n|-damage|p1a: Great Tusk|20/100\n|cant|p1a: Great Tusk|flinch\n|\n|-heal|p1a: Great Tusk|26/100|[from] item: Leftovers\n|upkeep\n|turn|7\n|inactive|Time left: 300 sec this turn | 300 sec total\n|\n|t:|1783545190\n|move|p2a: Jirachi|Iron Head|p1a: Great Tusk\n|-damage|p1a: Great Tusk|4/100\n|move|p1a: Great Tusk|Earthquake|p2a: Jirachi\n|-supereffective|p2a: Jirachi\n|-damage|p2a: Jirachi|0 fnt\n|faint|p2a: Jirachi\n|\n|-heal|p1a: Great Tusk|11/100|[from] item: Leftovers\n|upkeep\n|inactive|Time left: 300 sec this turn | 300 sec total | 5 sec grace\n|\n|t:|1783545191\n|switch|p2a: Eiscue|Eiscue, L88, M|274/274\n|turn|8\n|inactive|Time left: 300 sec this turn | 300 sec total\n|\n|t:|1783545192\n|-end|p1a: Great Tusk|Protosynthesis|[silent]\n|switch|p1a: Pachirisu|Pachirisu, L96, F|100/100\n|move|p2a: Eiscue|Belly Drum|p2a: Eiscue\n|-damage|p2a: Eiscue|137/274\n|-setboost|p2a: Eiscue|atk|6|[from] move: Belly Drum\n|-enditem|p2a: Eiscue|Sitrus Berry|[eat]\n|-heal|p2a: Eiscue|205/274|[from] item: Sitrus Berry\n|\n|upkeep\n|turn|9\n|inactive|Time left: 300 sec this turn | 300 sec total\n|\n|t:|1783545193\n|move|p1a: Pachirisu|Encore|p2a: Eiscue\n|-start|p2a: Eiscue|Encore\n|move|p2a: Eiscue|Belly Drum||[still]\n|-fail|p2a: Eiscue\n|\n|upkeep\n|turn|10\n|inactive|Time left: 300 sec this turn | 300 sec total\n|\n|t:|1783545194\n|switch|p2a: Lunala|Lunala, L70|308/308\n|move|p1a: Pachirisu|Discharge|p2a: Lunala\n|-damage|p2a: Lunala|278/308\n|-status|p2a: Lunala|par\n|\n|-heal|p2a: Lunala|297/308 par|[from] item: Leftovers\n|upkeep\n|turn|11\n|inactive|Time left: 300 sec this turn | 300 sec total\n|\n|t:|1783545196\n|move|p1a: Pachirisu|U-turn|p2a: Lunala\n|-damage|p2a: Lunala|250/308 par\n|\n|t:|1783545197\n|switch|p1a: Fezandipiti|Fezandipiti, L82, M|45/100|[from] U-turn\n|move|p2a: Lunala|Calm Mind|p2a: Lunala\n|-boost|p2a: Lunala|spa|1\n|-boost|p2a: Lunala|spd|1\n|\n|-heal|p1a: Fezandipiti|52/100|[from] item: Leftovers\n|-heal|p2a: Lunala|269/308 par|[from] item: Leftovers\n|upkeep\n|turn|12\n|inactive|Time left: 300 sec this turn | 300 sec total\n|\n|t:|1783545198\n|move|p1a: Fezandipiti|Swords Dance|p1a: Fezandipiti\n|-boost|p1a: Fezandipiti|atk|2\n|move|p2a: Lunala|Calm Mind|p2a: Lunala\n|-boost|p2a: Lunala|spa|1\n|-boost|p2a: Lunala|spd|1\n|\n|-heal|p1a: Fezandipiti|58/100|[from] item: Leftovers\n|-heal|p2a: Lunala|288/308 par|[from] item: Leftovers\n|upkeep\n|turn|13\n|inactive|Time left: 300 sec this turn | 300 sec total\n|\n|t:|1783545199\n|move|p1a: Fezandipiti|Play Rough|p2a: Lunala\n|-crit|p2a: Lunala\n|-damage|p2a: Lunala|3/308 par\n|move|p2a: Lunala|Moongeist Beam|p1a: Fezandipiti\n|-damage|p1a: Fezandipiti|0 fnt\n|faint|p1a: Fezandipiti\n|\n|-heal|p2a: Lunala|22/308 par|[from] item: Leftovers\n|upkeep\n|\n|t:|1783545200\n|switch|p1a: Pikachu|Pikachu-Alola, L93, M|100/100\n|turn|14\n|inactive|Time left: 300 sec this turn | 300 sec total\n|\n|t:|1783545200\n|switch|p2a: Clodsire|Clodsire, L81, M|343/343\n|move|p1a: Pikachu|Surf|p2a: Clodsire\n|-immune|p2a: Clodsire|[from] ability: Water Absorb\n|\n|upkeep\n|turn|15\n|inactive|Time left: 300 sec this turn | 300 sec total\n|\n|t:|1783545201\n|switch|p1a: Rayquaza|Rayquaza, L72|100/100\n|-ability|p1a: Rayquaza|Air Lock\n|move|p2a: Clodsire|Earthquake|p1a: Rayquaza\n|-immune|p1a: Rayquaza\n|\n|upkeep\n|turn|16\n|inactive|Time left: 300 sec this turn | 300 sec total\n|\n|t:|1783545202\n|switch|p2a: Eiscue|Eiscue, L88, M|205/274\n|move|p1a: Rayquaza|Swords Dance|p1a: Rayquaza\n|-boost|p1a: Rayquaza|atk|2\n|\n|upkeep\n|turn|17\n|inactive|Time left: 300 sec this turn | 300 sec total\n|\n|t:|1783545203\n|-terastallize|p1a: Rayquaza|Normal\n|move|p1a: Rayquaza|Earthquake|p2a: Eiscue\n|-activate|p2a: Eiscue|ability: Ice Face\n|-damage|p2a: Eiscue|205/274\n|detailschange|p2a: Eiscue|Eiscue-Noice, L88, M\n|move|p2a: Eiscue|Ice Spinner|p1a: Rayquaza\n|-damage|p1a: Rayquaza|66/100\n|\n|upkeep\n|turn|18\n|inactive|Time left: 300 sec this turn | 300 sec total\n|\n|t:|1783545204\n|switch|p2a: Lunala|Lunala, L70|22/308 par\n|move|p1a: Rayquaza|Extreme Speed|p2a: Lunala\n|-immune|p2a: Lunala\n|\n|-heal|p2a: Lunala|41/308 par|[from] item: Leftovers\n|upkeep\n|turn|19\n|inactive|Time left: 300 sec this turn | 300 sec total\n|\n|t:|1783545205\n|move|p1a: Rayquaza|Earthquake|p2a: Lunala\n|-damage|p2a: Lunala|0 fnt\n|faint|p2a: Lunala\n|\n|upkeep\n|inactive|Time left: 300 sec this turn | 300 sec total | 5 sec grace\n|\n|t:|1783545206\n|switch|p2a: Arceus|Arceus-Fighting, L70|284/284\n|turn|20\n|inactive|Time left: 300 sec this turn | 300 sec total\n|\n|t:|1783545207\n|switch|p1a: Calyrex|Calyrex, L93|100/100\n|-ability|p1a: Calyrex|Unnerve\n|move|p2a: Arceus|Body Press|p1a: Calyrex\n|-resisted|p1a: Calyrex\n|-damage|p1a: Calyrex|88/100\n|\n|-heal|p1a: Calyrex|94/100|[from] item: Leftovers\n|upkeep\n|turn|21\n|inactive|Time left: 300 sec this turn | 300 sec total\n|\n|t:|1783545208\n|move|p2a: Arceus|Iron Defense|p2a: Arceus\n|-boost|p2a: Arceus|def|2\n|move|p1a: Calyrex|Psychic|p2a: Arceus\n|-supereffective|p2a: Arceus\n|-damage|p2a: Arceus|108/284\n|\n|-heal|p1a: Calyrex|100/100|[from] item: Leftovers\n|upkeep\n|turn|22\n|inactive|Time left: 300 sec this turn | 300 sec total\n|\n|t:|1783545209\n|move|p2a: Arceus|Recover|p2a: Arceus\n|-heal|p2a: Arceus|250/284\n|move|p1a: Calyrex|Psychic|p2a: Arceus\n|-supereffective|p2a: Arceus\n|-damage|p2a: Arceus|56/284\n|\n|upkeep\n|turn|23\n|inactive|Time left: 300 sec this turn | 300 sec total\n|\n|t:|1783545210\n|move|p2a: Arceus|Recover|p2a: Arceus\n|-heal|p2a: Arceus|198/284\n|move|p1a: Calyrex|Psychic|p2a: Arceus\n|-supereffective|p2a: Arceus\n|-damage|p2a: Arceus|0 fnt\n|faint|p2a: Arceus\n|\n|upkeep\n|inactive|Time left: 300 sec this turn | 300 sec total | 5 sec grace\n|\n|t:|1783545211\n|switch|p2a: Sneasler|Sneasler, L74, F|240/240\n|turn|24\n|inactive|Time left: 300 sec this turn | 300 sec total\n|\n|t:|1783545212\n|move|p2a: Sneasler|Dire Claw|p1a: Calyrex\n|-supereffective|p1a: Calyrex\n|-damage|p1a: Calyrex|24/100\n|-status|p1a: Calyrex|psn|[from] ability: Poison Touch|[of] p2a: Sneasler\n|move|p1a: Calyrex|Psychic|p2a: Sneasler\n|-supereffective|p2a: Sneasler\n|-damage|p2a: Sneasler|0 fnt\n|faint|p2a: Sneasler\n|\n|-heal|p1a: Calyrex|30/100 psn|[from] item: Leftovers\n|-damage|p1a: Calyrex|18/100 psn|[from] psn\n|upkeep\n|inactive|Time left: 300 sec this turn | 300 sec total | 5 sec grace\n|\n|t:|1783545213\n|switch|p2a: Eiscue|Eiscue-Noice, L88, M|205/274\n|turn|25\n|inactive|Time left: 300 sec this turn | 300 sec total\n|\n|t:|1783545215\n|move|p2a: Eiscue|Ice Spinner|p1a: Calyrex\n|-supereffective|p1a: Calyrex\n|-damage|p1a: Calyrex|0 fnt\n|faint|p1a: Calyrex\n|\n|upkeep\n|\n|t:|1783545216\n|switch|p1a: Rayquaza|Rayquaza, L72, tera:Normal|66/100\n|-ability|p1a: Rayquaza|Air Lock\n|turn|26\n|inactive|Time left: 300 sec this turn | 300 sec total\n|\n|t:|1783545217\n|move|p2a: Eiscue|Ice Spinner|p1a: Rayquaza\n|-damage|p1a: Rayquaza|31/100\n|move|p1a: Rayquaza|Dragon Ascent|p2a: Eiscue\n|-damage|p2a: Eiscue|67/274\n|-unboost|p1a: Rayquaza|def|1\n|-unboost|p1a: Rayquaza|spd|1\n|\n|upkeep\n|turn|27\n|inactive|Time left: 300 sec this turn | 300 sec total\n|\n|t:|1783545218\n|move|p1a: Rayquaza|Extreme Speed|p2a: Eiscue\n|-damage|p2a: Eiscue|0 fnt\n|faint|p2a: Eiscue\n|\n|upkeep\n|inactive|Time left: 300 sec this turn | 300 sec total | 5 sec grace\n|\n|t:|1783545219\n|switch|p2a: Clodsire|Clodsire, L81, M|343/343\n|turn|28\n|inactive|Time left: 300 sec this turn | 300 sec total\n|\n|t:|1783545220\n|move|p1a: Rayquaza|Earthquake|p2a: Clodsire\n|-supereffective|p2a: Clodsire\n|-damage|p2a: Clodsire|153/343\n|move|p2a: Clodsire|Recover|p2a: Clodsire\n|-heal|p2a: Clodsire|325/343\n|\n|-heal|p2a: Clodsire|343/343|[from] item: Leftovers\n|upkeep\n|turn|29\n|inactive|Time left: 300 sec this turn | 300 sec total\n|\n|t:|1783545221\n|move|p1a: Rayquaza|Earthquake|p2a: Clodsire\n|-supereffective|p2a: Clodsire\n|-damage|p2a: Clodsire|125/343\n|move|p2a: Clodsire|Recover|p2a: Clodsire\n|-heal|p2a: Clodsire|297/343\n|\n|-heal|p2a: Clodsire|318/343|[from] item: Leftovers\n|upkeep\n|turn|30\n|inactive|Time left: 300 sec this turn | 300 sec total\n|\n|t:|1783545222\n|move|p1a: Rayquaza|Earthquake|p2a: Clodsire\n|-supereffective|p2a: Clodsire\n|-damage|p2a: Clodsire|112/343\n|move|p2a: Clodsire|Recover|p2a: Clodsire\n|-heal|p2a: Clodsire|284/343\n|\n|-heal|p2a: Clodsire|305/343|[from] item: Leftovers\n|upkeep\n|turn|31\n|inactive|Time left: 300 sec this turn | 300 sec total\n|\n|t:|1783545223\n|move|p1a: Rayquaza|Earthquake|p2a: Clodsire\n|-supereffective|p2a: Clodsire\n|-damage|p2a: Clodsire|95/343\n|move|p2a: Clodsire|Recover|p2a: Clodsire\n|-heal|p2a: Clodsire|267/343\n|\n|-heal|p2a: Clodsire|288/343|[from] item: Leftovers\n|upkeep\n|turn|32\n|inactive|Time left: 300 sec this turn | 300 sec total\n|\n|t:|1783545224\n|move|p1a: Rayquaza|Earthquake|p2a: Clodsire\n|-supereffective|p2a: Clodsire\n|-damage|p2a: Clodsire|78/343\n|move|p2a: Clodsire|Recover|p2a: Clodsire\n|-heal|p2a: Clodsire|250/343\n|\n|-heal|p2a: Clodsire|271/343|[from] item: Leftovers\n|upkeep\n|turn|33\n|inactive|Time left: 300 sec this turn | 300 sec total\n|\n|t:|1783545226\n|move|p1a: Rayquaza|Swords Dance|p1a: Rayquaza\n|-boost|p1a: Rayquaza|atk|2\n|move|p2a: Clodsire|Recover|p2a: Clodsire\n|-heal|p2a: Clodsire|343/343\n|\n|upkeep\n|turn|34\n|inactive|Time left: 300 sec this turn | 300 sec total\n|\n|t:|1783545226\n|move|p1a: Rayquaza|Earthquake|p2a: Clodsire\n|-supereffective|p2a: Clodsire\n|-damage|p2a: Clodsire|0 fnt\n|faint|p2a: Clodsire\n|\n|win|p0x4672f01", "uploadtime": 1783545227, "views": 0, "rating": 0, "private": 0, "password": null, "_winner": "p0x4672f01", "_our_name": "p0y46739d0"}