{"id": "battle-gen9randombattle-205", "formatid": "gen9randombattle", "format": "[Gen 9] Random Battle", "players": ["p0x2053c6d", "p0y20540fd"], "log": "|init|battle\n|title|p0x2053c6d vs. p0y20540fd\n|j|\u2606p0x2053c6d\n|j|\u2606p0y20540fd\n|t:|1783536134\n|gametype|singles\n|player|p1|p0x2053c6d|265|\n|player|p2|p0y20540fd|101|\n|gen|9\n|tier|[Gen 9] Random Battle\n|rule|Species Clause: Limit one of each Pok\u00e9mon\n|rule|HP Percentage Mod: HP is shown in percentages\n|rule|Sleep Clause Mod: Limit one foe put to sleep\n|rule|Illusion Level Mod: Illusion disguises the Pok\u00e9mon's true level\n|\n|t:|1783536134\n|teamsize|p1|6\n|teamsize|p2|6\n|start\n|switch|p1a: Iron Valiant|Iron Valiant, L78|244/244\n|switch|p2a: Urshifu|Urshifu-Rapid-Strike, L75, M|100/100\n|turn|1\n|inactive|Battle timer is ON: inactive players will automatically lose when time's up. (requested by p0y20540fd)\n|inactive|Time left: 300 sec this turn | 300 sec total | 60 sec grace\n|\n|t:|1783536135\n|-terastallize|p2a: Urshifu|Water\n|move|p1a: Iron Valiant|Moonblast|p2a: Urshifu\n|-damage|p2a: Urshifu|33/100\n|-damage|p1a: Iron Valiant|220/244|[from] item: Life Orb\n|move|p2a: Urshifu|Surging Strikes|p1a: Iron Valiant\n|-crit|p1a: Iron Valiant\n|-damage|p1a: Iron Valiant|138/244\n|-crit|p1a: Iron Valiant\n|-damage|p1a: Iron Valiant|46/244\n|-crit|p1a: Iron Valiant\n|-damage|p1a: Iron Valiant|0 fnt\n|faint|p1a: Iron Valiant\n|-end|p1a: Iron Valiant|Quark Drive|[silent]\n|-hitcount|p1: Iron Valiant|3\n|\n|upkeep\n|inactive|Time left: 300 sec this turn | 300 sec total | 65 sec grace\n|inactive|p0x2053c6d also wants the timer to be on.\n|\n|t:|1783536136\n|switch|p1a: Tauros|Tauros, L82, M|257/257\n|turn|2\n|inactive|Time left: 300 sec this turn | 300 sec total\n|\n|t:|1783536137\n|switch|p2a: Oranguru|Oranguru, L92, M|100/100\n|move|p1a: Tauros|Body Slam|p2a: Oranguru\n|-damage|p2a: Oranguru|54/100\n|\n|-heal|p2a: Oranguru|60/100|[from] item: Leftovers\n|upkeep\n|turn|3\n|inactive|Time left: 300 sec this turn | 300 sec total\n|\n|t:|1783536138\n|move|p1a: Tauros|Throat Chop|p2a: Oranguru\n|-supereffective|p2a: Oranguru\n|-damage|p2a: Oranguru|0 fnt\n|faint|p2a: Oranguru\n|\n|upkeep\n|\n|t:|1783536139\n|switch|p2a: Hitmonchan|Hitmonchan, L87, M|100/100\n|turn|4\n|inactive|Time left: 300 sec this turn | 300 sec total\n|\n|t:|1783536141\n|switch|p1a: Espathra|Espathra, L80, F|283/283\n|move|p2a: Hitmonchan|Drain Punch|p1a: Espathra\n|-resisted|p1a: Espathra\n|-damage|p1a: Espathra|193/283\n|-damage|p2a: Hitmonchan|91/100|[from] item: Life Orb\n|\n|-heal|p1a: Espathra|210/283|[from] item: Leftovers\n|upkeep\n|turn|5\n|inactive|Time left: 300 sec this turn | 300 sec total\n|\n|t:|1783536142\n|-terastallize|p1a: Espathra|Fairy\n|move|p1a: Espathra|Calm Mind|p1a: Espathra\n|-boost|p1a: Espathra|spa|1\n|-boost|p1a: Espathra|spd|1\n|move|p2a: Hitmonchan|Knock Off|p1a: Espathra\n|-resisted|p1a: Espathra\n|-damage|p1a: Espathra|146/283\n|-enditem|p1a: Espathra|Leftovers|[from] move: Knock Off|[of] p2a: Hitmonchan\n|-damage|p2a: Hitmonchan|81/100|[from] item: Life Orb\n|\n|-ability|p1a: Espathra|Speed Boost|boost\n|-boost|p1a: Espathra|spe|1\n|upkeep\n|turn|6\n|inactive|Time left: 300 sec this turn | 300 sec total\n|\n|t:|1783536143\n|switch|p2a: Iron Leaves|Iron Leaves, L80|100/100\n|move|p1a: Espathra|Dazzling Gleam|p2a: Iron Leaves\n|-damage|p2a: Iron Leaves|59/100\n|\n|-ability|p1a: Espathra|Speed Boost|boost\n|-boost|p1a: Espathra|spe|1\n|upkeep\n|turn|7\n|inactive|Time left: 300 sec this turn | 300 sec total\n|\n|t:|1783536144\n|move|p1a: Espathra|Substitute|p1a: Espathra\n|-start|p1a: Espathra|Substitute\n|-damage|p1a: Espathra|76/283\n|move|p2a: Iron Leaves|Leaf Blade|p1a: Espathra\n|-end|p1a: Espathra|Substitute\n|\n|-ability|p1a: Espathra|Speed Boost|boost\n|-boost|p1a: Espathra|spe|1\n|upkeep\n|turn|8\n|inactive|Time left: 300 sec this turn | 300 sec total\n|\n|t:|1783536145\n|move|p1a: Espathra|Substitute|p1a: Espathra\n|-start|p1a: Espathra|Substitute\n|-damage|p1a: Espathra|6/283\n|move|p2a: Iron Leaves|Leaf Blade|p1a: Espathra\n|-end|p1a: Espathra|Substitute\n|\n|-ability|p1a: Espathra|Speed Boost|boost\n|-boost|p1a: Espathra|spe|1\n|upkeep\n|turn|9\n|inactive|Time left: 300 sec this turn | 300 sec total\n|\n|t:|1783536145\n|move|p1a: Espathra|Dazzling Gleam|p2a: Iron Leaves\n|-damage|p2a: Iron Leaves|18/100\n|move|p2a: Iron Leaves|Leaf Blade|p1a: Espathra\n|-crit|p1a: Espathra\n|-damage|p1a: Espathra|0 fnt\n|faint|p1a: Espathra\n|\n|upkeep\n|inactive|Time left: 300 sec this turn | 300 sec total | 5 sec grace\n|\n|t:|1783536146\n|switch|p1a: Amoonguss|Amoonguss, L82, M|321/321\n|turn|10\n|inactive|Time left: 300 sec this turn | 300 sec total\n|\n|t:|1783536148\n|-end|p2a: Iron Leaves|Quark Drive|[silent]\n|switch|p2a: Skeledirge|Skeledirge, L79, M|100/100\n|move|p1a: Amoonguss|Sludge Bomb|p2a: Skeledirge\n|-resisted|p2a: Skeledirge\n|-damage|p2a: Skeledirge|85/100\n|\n|upkeep\n|turn|11\n|inactive|Time left: 300 sec this turn | 300 sec total\n|\n|t:|1783536149\n|move|p2a: Skeledirge|Torch Song|p1a: Amoonguss\n|-supereffective|p1a: Amoonguss\n|-crit|p1a: Amoonguss\n|-damage|p1a: Amoonguss|67/321\n|-boost|p2a: Skeledirge|spa|1\n|move|p1a: Amoonguss|Spore|p2a: Skeledirge\n|-status|p2a: Skeledirge|slp|[from] move: Spore\n|\n|upkeep\n|turn|12\n|inactive|Time left: 300 sec this turn | 300 sec total\n|\n|t:|1783536150\n|switch|p1a: Tauros|Tauros, L82, M|257/257\n|cant|p2a: Skeledirge|slp\n|\n|upkeep\n|turn|13\n|inactive|Time left: 300 sec this turn | 300 sec total\n|\n|t:|1783536151\n|move|p1a: Tauros|Throat Chop|p2a: Skeledirge\n|-supereffective|p2a: Skeledirge\n|-damage|p2a: Skeledirge|24/100 slp\n|cant|p2a: Skeledirge|slp\n|\n|upkeep\n|turn|14\n|inactive|Time left: 300 sec this turn | 300 sec total\n|\n|t:|1783536152\n|move|p1a: Tauros|Throat Chop|p2a: Skeledirge\n|-supereffective|p2a: Skeledirge\n|-damage|p2a: Skeledirge|0 fnt\n|faint|p2a: Skeledirge\n|\n|upkeep\n|\n|t:|1783536152\n|switch|p2a: Hitmonchan|Hitmonchan, L87, M|81/100\n|turn|15\n|inactive|Time left: 300 sec this turn | 300 sec total\n|\n|t:|1783536153\n|switch|p1a: Uxie|Uxie, L83|260/260\n|move|p2a: Hitmonchan|Drain Punch|p1a: Uxie\n|-resisted|p1a: Uxie\n|-damage|p1a: Uxie|212/260\n|-heal|p2a: Hitmonchan|92/100|[from] drain|[of] p1a: Uxie\n|-damage|p2a: Hitmonchan|82/100|[from] item: Life Orb\n|\n|-heal|p1a: Uxie|228/260|[from] item: Leftovers\n|upkeep\n|turn|16\n|inactive|Time left: 300 sec this turn | 300 sec total\n|\n|t:|1783536154\n|move|p1a: Uxie|Psychic Noise|p2a: Hitmonchan\n|-supereffective|p2a: Hitmonchan\n|-damage|p2a: Hitmonchan|34/100\n|-start|p2a: Hitmonchan|move: Heal Block\n|move|p2a: Hitmonchan|Knock Off|p1a: Uxie\n|-supereffective|p1a: Uxie\n|-damage|p1a: Uxie|77/260\n|-enditem|p1a: Uxie|Leftovers|[from] move: Knock Off|[of] p2a: Hitmonchan\n|-damage|p2a: Hitmonchan|25/100|[from] item: Life Orb\n|\n|upkeep\n|turn|17\n|inactive|Time left: 300 sec this turn | 300 sec total\n|\n|t:|1783536155\n|switch|p2a: Iron Leaves|Iron Leaves, L80|18/100\n|move|p1a: Uxie|Psychic Noise|p2a: Iron Leaves\n|-resisted|p2a: Iron Leaves\n|-damage|p2a: Iron Leaves|8/100\n|-start|p2a: Iron Leaves|move: Heal Block\n|\n|upkeep\n|turn|18\n|inactive|Time left: 300 sec this turn | 300 sec total\n|\n|t:|1783536156\n|switch|p1a: Amoonguss|Amoonguss, L82, M|174/321\n|move|p2a: Iron Leaves|Leaf Blade|p1a: Amoonguss\n|-resisted|p1a: Amoonguss\n|-damage|p1a: Amoonguss|127/321\n|-damage|p2a: Iron Leaves|0 fnt|[from] item: Rocky Helmet|[of] p1a: Amoonguss\n|faint|p2a: Iron Leaves\n|-end|p2a: Iron Leaves|Quark Drive|[silent]\n|\n|upkeep\n|\n|t:|1783536157\n|switch|p2a: Urshifu|Urshifu-Rapid-Strike, L75, M, tera:Water|33/100\n|turn|19\n|inactive|Time left: 300 sec this turn | 300 sec total\n|\n|t:|1783536158\n|switch|p1a: Uxie|Uxie, L83|77/260\n|move|p2a: Urshifu|Surging Strikes|p1a: Uxie\n|-crit|p1a: Uxie\n|-damage|p1a: Uxie|19/260\n|-crit|p1a: Uxie\n|-damage|p1a: Uxie|0 fnt\n|faint|p1a: Uxie\n|-hitcount|p1: Uxie|2\n|\n|upkeep\n|inactive|Time left: 300 sec this turn | 300 sec total | 5 sec grace\n|\n|t:|1783536159\n|switch|p1a: Tauros|Tauros, L82, M|257/257\n|turn|20\n|inactive|Time left: 300 sec this turn | 300 sec total\n|\n|t:|1783536160\n|move|p1a: Tauros|Body Slam|p2a: Urshifu\n|-damage|p2a: Urshifu|0 fnt\n|faint|p2a: Urshifu\n|\n|upkeep\n|\n|t:|1783536161\n|switch|p2a: Cyclizar|Cyclizar, L84, F|100/100\n|turn|21\n|inactive|Time left: 300 sec this turn | 300 sec total\n|\n|t:|1783536162\n|move|p2a: Cyclizar|Shed Tail|p2a: Cyclizar\n|-start|p2a: Cyclizar|Substitute|[from] move: Shed Tail\n|-damage|p2a: Cyclizar|50/100\n|\n|t:|1783536163\n|switch|p2a: Hitmonchan|Hitmonchan, L87, M|25/100|[from] Shed Tail\n|move|p1a: Tauros|Body Slam|p2a: Hitmonchan\n|-end|p2a: Hitmonchan|Substitute\n|\n|upkeep\n|turn|22\n|inactive|Time left: 300 sec this turn | 300 sec total\n|\n|t:|1783536164\n|move|p2a: Hitmonchan|Mach Punch|p1a: Tauros\n|-supereffective|p1a: Tauros\n|-damage|p1a: Tauros|122/257\n|-damage|p2a: Hitmonchan|15/100|[from] item: Life Orb\n|move|p1a: Tauros|Body Slam|p2a: Hitmonchan\n|-damage|p2a: Hitmonchan|0 fnt\n|faint|p2a: Hitmonchan\n|\n|upkeep\n|\n|t:|1783536165\n|switch|p2a: Cyclizar|Cyclizar, L84, F|84/100\n|turn|23\n|inactive|Time left: 300 sec this turn | 300 sec total\n|\n|t:|1783536166\n|move|p2a: Cyclizar|Draco Meteor|p1a: Tauros\n|-damage|p1a: Tauros|0 fnt\n|-unboost|p2a: Cyclizar|spa|2\n|faint|p1a: Tauros\n|\n|upkeep\n|inactive|Time left: 300 sec this turn | 300 sec total | 5 sec grace\n|\n|t:|1783536167\n|switch|p1a: Regice|Regice, L88|284/284\n|turn|24\n|inactive|Time left: 300 sec this turn | 300 sec total\n|\n|t:|1783536168\n|move|p2a: Cyclizar|Shed Tail|p2a: Cyclizar\n|-fail|p2a: Cyclizar\n|move|p1a: Regice|Ice Beam|p2a: Cyclizar\n|-supereffective|p2a: Cyclizar\n|-damage|p2a: Cyclizar|0 fnt\n|faint|p2a: Cyclizar\n|\n|win|p0x2053c6d", "uploadtime": 1783536168, "views": 0, "rating": 0, "private": 0, "password": null, "_winner": "p0x2053c6d", "_our_name": "p0x2053c6d"}