{"id": "battle-gen9randombattle-102", "formatid": "gen9randombattle", "format": "[Gen 9] Random Battle", "players": ["p0x101c2b6", "p0y101702c"], "log": "|init|battle\n|title|p0x101c2b6 vs. p0y101702c\n|j|\u2606p0x101c2b6\n|j|\u2606p0y101702c\n|t:|1783534946\n|gametype|singles\n|player|p1|p0x101c2b6|266|\n|player|p2|p0y101702c|169|\n|gen|9\n|tier|[Gen 9] Random Battle\n|rule|Species Clause: Limit one of each Pok\u00e9mon\n|rule|HP Percentage Mod: HP is shown in percentages\n|rule|Sleep Clause Mod: Limit one foe put to sleep\n|rule|Illusion Level Mod: Illusion disguises the Pok\u00e9mon's true level\n|\n|t:|1783534946\n|teamsize|p1|6\n|teamsize|p2|6\n|start\n|switch|p1a: Eternatus|Eternatus, L69|100/100\n|switch|p2a: Illumise|Illumise, L91, F|266/266\n|-ability|p1a: Eternatus|Pressure\n|turn|1\n|inactive|Battle timer is ON: inactive players will automatically lose when time's up. (requested by p0x101c2b6)\n|inactive|Time left: 300 sec this turn | 300 sec total | 60 sec grace\n|inactive|p0y101702c also wants the timer to be on.\n|\n|t:|1783534948\n|move|p2a: Illumise|Thunder Wave|p1a: Eternatus\n|-status|p1a: Eternatus|par\n|cant|p1a: Eternatus|par\n|\n|upkeep\n|turn|2\n|inactive|Time left: 300 sec this turn | 300 sec total\n|\n|t:|1783534949\n|switch|p2a: Banette|Banette, L93, F|270/270\n|move|p1a: Eternatus|Fire Blast|p2a: Banette\n|-damage|p2a: Banette|185/270\n|\n|upkeep\n|turn|3\n|inactive|Time left: 300 sec this turn | 300 sec total\n|\n|t:|1783534951\n|move|p2a: Banette|Poltergeist|p1a: Eternatus\n|-activate|p1a: Eternatus|move: Poltergeist|Rocky Helmet\n|-damage|p1a: Eternatus|25/100 par\n|-damage|p2a: Banette|158/270|[from] item: Life Orb\n|move|p1a: Eternatus|Dynamax Cannon|p2a: Banette\n|-damage|p2a: Banette|52/270\n|\n|upkeep\n|turn|4\n|inactive|Time left: 300 sec this turn | 300 sec total\n|\n|t:|1783534952\n|move|p2a: Banette|Poltergeist|p1a: Eternatus|[miss]\n|-miss|p2a: Banette|p1a: Eternatus\n|cant|p1a: Eternatus|par\n|\n|upkeep\n|turn|5\n|inactive|Time left: 300 sec this turn | 300 sec total\n|\n|t:|1783534953\n|move|p2a: Banette|Poltergeist|p1a: Eternatus|[miss]\n|-miss|p2a: Banette|p1a: Eternatus\n|move|p1a: Eternatus|Sludge Bomb|p2a: Banette\n|-resisted|p2a: Banette\n|-damage|p2a: Banette|3/270\n|-start|p1a: Eternatus|Disable|Sludge Bomb|[from] ability: Cursed Body|[of] p2a: Banette\n|\n|upkeep\n|turn|6\n|inactive|Time left: 300 sec this turn | 300 sec total\n|\n|t:|1783534954\n|move|p2a: Banette|Poltergeist|p1a: Eternatus\n|-activate|p1a: Eternatus|move: Poltergeist|Rocky Helmet\n|-damage|p1a: Eternatus|0 fnt\n|faint|p1a: Eternatus\n|-damage|p2a: Banette|0 fnt|[from] item: Life Orb\n|faint|p2a: Banette\n|\n|upkeep\n|inactive|Time left: 300 sec this turn | 300 sec total | 5 sec grace\n|\n|t:|1783534955\n|switch|p1a: Diancie|Diancie, L82|100/100\n|switch|p2a: Yanmega|Yanmega, L82, F|275/275\n|turn|7\n|inactive|Time left: 300 sec this turn | 300 sec total\n|\n|t:|1783534956\n|move|p2a: Yanmega|Protect|p2a: Yanmega\n|-singleturn|p2a: Yanmega|Protect\n|move|p1a: Diancie|Diamond Storm|p2a: Yanmega\n|-activate|p2a: Yanmega|move: Protect\n|\n|-ability|p2a: Yanmega|Speed Boost|boost\n|-boost|p2a: Yanmega|spe|1\n|upkeep\n|turn|8\n|inactive|Time left: 300 sec this turn | 300 sec total\n|\n|t:|1783534957\n|-terastallize|p2a: Yanmega|Ground\n|move|p2a: Yanmega|Tera Blast|p1a: Diancie|[anim] Tera Blast Ground\n|-supereffective|p1a: Diancie\n|-damage|p1a: Diancie|47/100\n|move|p1a: Diancie|Diamond Storm|p2a: Yanmega\n|-resisted|p2a: Yanmega\n|-damage|p2a: Yanmega|217/275\n|-boost|p1a: Diancie|def|2\n|\n|-heal|p1a: Diancie|53/100|[from] item: Leftovers\n|-ability|p2a: Yanmega|Speed Boost|boost\n|-boost|p2a: Yanmega|spe|1\n|upkeep\n|turn|9\n|inactive|Time left: 300 sec this turn | 300 sec total\n|\n|t:|1783534958\n|-terastallize|p1a: Diancie|Fighting\n|move|p2a: Yanmega|Tera Blast|p1a: Diancie|[anim] Tera Blast Ground\n|-damage|p1a: Diancie|22/100\n|move|p1a: Diancie|Body Press|p2a: Yanmega\n|-damage|p2a: Yanmega|0 fnt\n|faint|p2a: Yanmega\n|\n|-heal|p1a: Diancie|28/100|[from] item: Leftovers\n|upkeep\n|inactive|Time left: 300 sec this turn | 300 sec total | 5 sec grace\n|\n|t:|1783534959\n|switch|p2a: Toucannon|Toucannon, L88, F|284/284\n|turn|10\n|inactive|Time left: 300 sec this turn | 300 sec total\n|\n|t:|1783534959\n|move|p2a: Toucannon|Boomburst|p1a: Diancie\n|-damage|p1a: Diancie|0 fnt\n|faint|p1a: Diancie\n|\n|upkeep\n|\n|t:|1783534960\n|switch|p1a: Drednaw|Drednaw, L81, F|100/100\n|turn|11\n|inactive|Time left: 300 sec this turn | 300 sec total\n|\n|t:|1783534962\n|switch|p2a: Tauros|Tauros-Paldea-Aqua, L81, M|254/254\n|-ability|p2a: Tauros|Intimidate|boost\n|-unboost|p1a: Drednaw|atk|1\n|-enditem|p1a: Drednaw|White Herb\n|-clearnegativeboost|p1a: Drednaw|[silent]\n|move|p1a: Drednaw|Shell Smash|p1a: Drednaw\n|-unboost|p1a: Drednaw|def|1\n|-unboost|p1a: Drednaw|spd|1\n|-boost|p1a: Drednaw|atk|2\n|-boost|p1a: Drednaw|spa|2\n|-boost|p1a: Drednaw|spe|2\n|\n|upkeep\n|turn|12\n|inactive|Time left: 300 sec this turn | 300 sec total\n|\n|t:|1783534963\n|move|p1a: Drednaw|Earthquake|p2a: Tauros\n|-damage|p2a: Tauros|115/254\n|move|p2a: Tauros|Close Combat|p1a: Drednaw\n|-supereffective|p1a: Drednaw\n|-damage|p1a: Drednaw|0 fnt\n|-unboost|p2a: Tauros|def|1\n|-unboost|p2a: Tauros|spd|1\n|faint|p1a: Drednaw\n|-damage|p2a: Tauros|90/254|[from] item: Life Orb\n|\n|upkeep\n|\n|t:|1783534963\n|switch|p1a: Meowstic|Meowstic, L89, M|100/100\n|turn|13\n|inactive|Time left: 300 sec this turn | 300 sec total\n|\n|t:|1783534964\n|switch|p2a: Toucannon|Toucannon, L88, F|284/284\n|move|p1a: Meowstic|Psychic Noise|p2a: Toucannon\n|-damage|p2a: Toucannon|197/284\n|-start|p2a: Toucannon|move: Heal Block\n|\n|upkeep\n|turn|14\n|inactive|Time left: 300 sec this turn | 300 sec total\n|\n|t:|1783534965\n|-singleturn|p2a: Toucannon|move: Beak Blast\n|move|p1a: Meowstic|Reflect|p1a: Meowstic\n|-sidestart|p1: p0x101c2b6|Reflect\n|move|p2a: Toucannon|Beak Blast|p1a: Meowstic\n|-damage|p1a: Meowstic|76/100\n|\n|-end|p2a: Toucannon|move: Heal Block\n|upkeep\n|turn|15\n|inactive|Time left: 300 sec this turn | 300 sec total\n|\n|t:|1783534966\n|move|p1a: Meowstic|Light Screen|p1a: Meowstic\n|-sidestart|p1: p0x101c2b6|move: Light Screen\n|move|p2a: Toucannon|Boomburst|p1a: Meowstic\n|-damage|p1a: Meowstic|52/100\n|\n|upkeep\n|turn|16\n|inactive|Time left: 300 sec this turn | 300 sec total\n|\n|t:|1783534967\n|-singleturn|p2a: Toucannon|move: Beak Blast\n|move|p1a: Meowstic|Psychic Noise|p2a: Toucannon\n|-damage|p2a: Toucannon|119/284\n|-start|p2a: Toucannon|move: Heal Block\n|move|p2a: Toucannon|Beak Blast|p1a: Meowstic\n|-damage|p1a: Meowstic|26/100\n|\n|upkeep\n|turn|17\n|inactive|Time left: 300 sec this turn | 300 sec total\n|\n|t:|1783534968\n|switch|p1a: Articuno|Articuno-Galar, L84|100/100\n|-singleturn|p2a: Toucannon|move: Beak Blast\n|move|p2a: Toucannon|Beak Blast|p1a: Articuno\n|-damage|p1a: Articuno|76/100\n|\n|-end|p2a: Toucannon|move: Heal Block\n|upkeep\n|turn|18\n|inactive|Time left: 300 sec this turn | 300 sec total\n|\n|t:|1783534969\n|switch|p2a: Duraludon|Duraludon, L82, F|249/249\n|move|p1a: Articuno|Hurricane|p2a: Duraludon\n|-resisted|p2a: Duraludon\n|-damage|p2a: Duraludon|180/249\n|\n|upkeep\n|turn|19\n|inactive|Time left: 300 sec this turn | 300 sec total\n|\n|t:|1783534970\n|move|p1a: Articuno|Hurricane|p2a: Duraludon|[miss]\n|-miss|p1a: Articuno|p2a: Duraludon\n|move|p2a: Duraludon|Flash Cannon|p1a: Articuno\n|-damage|p1a: Articuno|60/100\n|\n|upkeep\n|turn|20\n|inactive|Time left: 300 sec this turn | 300 sec total\n|\n|t:|1783534972\n|move|p1a: Articuno|Calm Mind|p1a: Articuno\n|-boost|p1a: Articuno|spa|1\n|-boost|p1a: Articuno|spd|1\n|move|p2a: Duraludon|Iron Defense|p2a: Duraludon\n|-boost|p2a: Duraludon|def|2\n|\n|upkeep\n|turn|21\n|inactive|Time left: 300 sec this turn | 300 sec total\n|\n|t:|1783534973\n|move|p1a: Articuno|Freezing Glare|p2a: Duraludon\n|-resisted|p2a: Duraludon\n|-damage|p2a: Duraludon|91/249\n|move|p2a: Duraludon|Iron Defense|p2a: Duraludon\n|-boost|p2a: Duraludon|def|2\n|\n|-sideend|p1: p0x101c2b6|Reflect\n|upkeep\n|turn|22\n|inactive|Time left: 300 sec this turn | 300 sec total\n|\n|t:|1783534974\n|move|p1a: Articuno|Freezing Glare|p2a: Duraludon\n|-resisted|p2a: Duraludon\n|-damage|p2a: Duraludon|0 fnt\n|faint|p2a: Duraludon\n|\n|-sideend|p1: p0x101c2b6|move: Light Screen\n|upkeep\n|inactive|Time left: 300 sec this turn | 300 sec total | 5 sec grace\n|\n|t:|1783534975\n|switch|p2a: Tauros|Tauros-Paldea-Aqua, L81, M|90/254\n|-ability|p2a: Tauros|Intimidate|boost\n|-unboost|p1a: Articuno|atk|1\n|-ability|p1a: Articuno|Competitive|boost\n|-boost|p1a: Articuno|spa|2\n|turn|23\n|inactive|Time left: 300 sec this turn | 300 sec total\n|\n|t:|1783534976\n|move|p2a: Tauros|Liquidation|p1a: Articuno\n|-damage|p1a: Articuno|18/100\n|-damage|p2a: Tauros|65/254|[from] item: Life Orb\n|move|p1a: Articuno|Freezing Glare|p2a: Tauros\n|-supereffective|p2a: Tauros\n|-damage|p2a: Tauros|0 fnt\n|faint|p2a: Tauros\n|\n|upkeep\n|inactive|Time left: 300 sec this turn | 300 sec total | 5 sec grace\n|\n|t:|1783534977\n|switch|p2a: Illumise|Illumise, L91, F|266/266\n|turn|24\n|inactive|Time left: 300 sec this turn | 300 sec total\n|\n|t:|1783534978\n|move|p2a: Illumise|Thunder Wave|p1a: Articuno\n|-status|p1a: Articuno|par\n|move|p1a: Articuno|Freezing Glare|p2a: Illumise\n|-damage|p2a: Illumise|0 fnt\n|faint|p2a: Illumise\n|\n|upkeep\n|inactive|Time left: 300 sec this turn | 300 sec total | 5 sec grace\n|\n|t:|1783534979\n|switch|p2a: Toucannon|Toucannon, L88, F|119/284\n|turn|25\n|inactive|Time left: 300 sec this turn | 300 sec total\n|\n|t:|1783534980\n|move|p2a: Toucannon|Roost|p2a: Toucannon\n|-heal|p2a: Toucannon|261/284\n|-singleturn|p2a: Toucannon|move: Roost\n|move|p1a: Articuno|Freezing Glare|p2a: Toucannon\n|-damage|p2a: Toucannon|0 fnt\n|faint|p2a: Toucannon\n|\n|win|p0x101c2b6", "uploadtime": 1783534980, "views": 0, "rating": 0, "private": 0, "password": null, "_winner": "p0x101c2b6", "_our_name": "p0y101702c"}