{"id": "battle-gen9randombattle-2892", "formatid": "gen9randombattle", "format": "[Gen 9] Random Battle", "players": ["p0x289279b5", "p0y2892157b"], "log": "|init|battle\n|title|p0x289279b5 vs. p0y2892157b\n|j|\u2606p0x289279b5\n|j|\u2606p0y2892157b\n|t:|1783572338\n|gametype|singles\n|player|p1|p0x289279b5|1|\n|player|p2|p0y2892157b|266|\n|gen|9\n|tier|[Gen 9] Random Battle\n|rule|Species Clause: Limit one of each Pok\u00e9mon\n|rule|HP Percentage Mod: HP is shown in percentages\n|rule|Sleep Clause Mod: Limit one foe put to sleep\n|rule|Illusion Level Mod: Illusion disguises the Pok\u00e9mon's true level\n|\n|t:|1783572338\n|teamsize|p1|6\n|teamsize|p2|6\n|start\n|switch|p1a: Grafaiai|Grafaiai, L86, M|100/100\n|switch|p2a: Breloom|Breloom, L83, F|235/235\n|turn|1\n|inactive|Battle timer is ON: inactive players will automatically lose when time's up. (requested by p0x289279b5)\n|inactive|Time left: 300 sec this turn | 300 sec total | 60 sec grace\n|inactive|p0y2892157b also wants the timer to be on.\n|\n|t:|1783572339\n|switch|p2a: Qwilfish|Qwilfish-Hisui, L83, M|244/244\n|-ability|p2a: Qwilfish|Intimidate|boost\n|-unboost|p1a: Grafaiai|atk|1\n|move|p1a: Grafaiai|Gunk Shot|p2a: Qwilfish\n|-resisted|p2a: Qwilfish\n|-damage|p2a: Qwilfish|213/244\n|\n|upkeep\n|turn|2\n|inactive|Time left: 300 sec this turn | 300 sec total\n|\n|t:|1783572340\n|switch|p1a: Blaziken|Blaziken, L76, F|100/100\n|move|p2a: Qwilfish|Gunk Shot|p1a: Blaziken\n|-damage|p1a: Blaziken|38/100\n|-status|p1a: Blaziken|psn\n|\n|-damage|p1a: Blaziken|26/100 psn|[from] psn\n|upkeep\n|turn|3\n|inactive|Time left: 300 sec this turn | 300 sec total\n|\n|t:|1783572341\n|move|p2a: Qwilfish|Gunk Shot|p1a: Blaziken\n|-damage|p1a: Blaziken|0 fnt\n|faint|p1a: Blaziken\n|\n|upkeep\n|\n|t:|1783572342\n|switch|p1a: Kricketune|Kricketune, L99, F|100/100\n|turn|4\n|inactive|Time left: 300 sec this turn | 300 sec total\n|\n|t:|1783572343\n|move|p2a: Qwilfish|Taunt|p1a: Kricketune\n|-start|p1a: Kricketune|move: Taunt\n|cant|p1a: Kricketune|move: Taunt|Sticky Web\n|\n|upkeep\n|turn|5\n|inactive|Time left: 300 sec this turn | 300 sec total\n|\n|t:|1783572344\n|move|p2a: Qwilfish|Crunch|p1a: Kricketune\n|-damage|p1a: Kricketune|67/100\n|move|p1a: Kricketune|Pounce|p2a: Qwilfish\n|-damage|p2a: Qwilfish|144/244\n|-unboost|p2a: Qwilfish|spe|1\n|\n|upkeep\n|turn|6\n|inactive|Time left: 300 sec this turn | 300 sec total\n|\n|t:|1783572345\n|move|p1a: Kricketune|Pounce|p2a: Qwilfish\n|-damage|p2a: Qwilfish|69/244\n|-unboost|p2a: Qwilfish|spe|1\n|move|p2a: Qwilfish|Gunk Shot|p1a: Kricketune\n|-damage|p1a: Kricketune|21/100\n|\n|-end|p1a: Kricketune|move: Taunt\n|upkeep\n|turn|7\n|inactive|Time left: 300 sec this turn | 300 sec total\n|\n|t:|1783572346\n|switch|p2a: Koraidon|Koraidon, L64|235/235\n|-weather|SunnyDay|[from] ability: Orichalcum Pulse|[of] p2a: Koraidon\n|-activate|p2a: Koraidon|Orichalcum Pulse|[source]\n|move|p1a: Kricketune|Sticky Web|p2a: Koraidon\n|-sidestart|p2: p0y2892157b|move: Sticky Web\n|\n|-weather|SunnyDay|[upkeep]\n|upkeep\n|turn|8\n|inactive|Time left: 300 sec this turn | 300 sec total\n|\n|t:|1783572348\n|switch|p1a: Bronzong|Bronzong, L88|100/100\n|move|p2a: Koraidon|Outrage|p1a: Bronzong\n|-resisted|p1a: Bronzong\n|-damage|p1a: Bronzong|72/100\n|\n|-weather|SunnyDay|[upkeep]\n|-heal|p1a: Bronzong|78/100|[from] item: Leftovers\n|upkeep\n|turn|9\n|inactive|Time left: 300 sec this turn | 300 sec total\n|\n|t:|1783572349\n|move|p2a: Koraidon|Outrage|p1a: Bronzong|[from] lockedmove\n|-resisted|p1a: Bronzong\n|-damage|p1a: Bronzong|50/100\n|move|p1a: Bronzong|Psychic Noise|p2a: Koraidon\n|-supereffective|p2a: Koraidon\n|-damage|p2a: Koraidon|55/235\n|-start|p2a: Koraidon|move: Heal Block\n|\n|-weather|SunnyDay|[upkeep]\n|-heal|p1a: Bronzong|56/100|[from] item: Leftovers\n|upkeep\n|turn|10\n|inactive|Time left: 300 sec this turn | 300 sec total\n|\n|t:|1783572350\n|move|p2a: Koraidon|Outrage|p1a: Bronzong|[from] lockedmove\n|-resisted|p1a: Bronzong\n|-damage|p1a: Bronzong|27/100\n|-start|p2a: Koraidon|confusion|[fatigue]\n|move|p1a: Bronzong|Iron Defense|p1a: Bronzong\n|-boost|p1a: Bronzong|def|2\n|\n|-weather|SunnyDay|[upkeep]\n|-heal|p1a: Bronzong|33/100|[from] item: Leftovers\n|-end|p2a: Koraidon|move: Heal Block\n|upkeep\n|turn|11\n|inactive|Time left: 300 sec this turn | 300 sec total\n|\n|t:|1783572351\n|switch|p2a: Qwilfish|Qwilfish-Hisui, L83, M|69/244\n|-activate|p2a: Qwilfish|move: Sticky Web\n|-unboost|p2a: Qwilfish|spe|1\n|-ability|p2a: Qwilfish|Intimidate|boost\n|-unboost|p1a: Bronzong|atk|1\n|move|p1a: Bronzong|Body Press|p2a: Qwilfish\n|-damage|p2a: Qwilfish|0 fnt\n|faint|p2a: Qwilfish\n|\n|-weather|none\n|-heal|p1a: Bronzong|39/100|[from] item: Leftovers\n|upkeep\n|inactive|Time left: 300 sec this turn | 300 sec total | 5 sec grace\n|\n|t:|1783572352\n|switch|p2a: Pyroar|Pyroar, L88, M|295/295\n|-ability|p2a: Pyroar|Unnerve\n|turn|12\n|inactive|Time left: 300 sec this turn | 300 sec total\n|\n|t:|1783572353\n|switch|p1a: Blissey|Blissey, L85, F|100/100\n|move|p2a: Pyroar|Fire Blast|p1a: Blissey\n|-damage|p1a: Blissey|83/100\n|-status|p1a: Blissey|brn\n|\n|-heal|p1a: Blissey|89/100 brn|[from] item: Leftovers\n|-damage|p1a: Blissey|83/100 brn|[from] brn\n|upkeep\n|turn|13\n|inactive|Time left: 300 sec this turn | 300 sec total\n|\n|t:|1783572354\n|move|p2a: Pyroar|Work Up|p2a: Pyroar\n|-boost|p2a: Pyroar|atk|1\n|-boost|p2a: Pyroar|spa|1\n|move|p1a: Blissey|Seismic Toss|p2a: Pyroar\n|-damage|p2a: Pyroar|210/295\n|\n|-heal|p1a: Blissey|89/100 brn|[from] item: Leftovers\n|-damage|p1a: Blissey|83/100 brn|[from] brn\n|upkeep\n|turn|14\n|inactive|Time left: 300 sec this turn | 300 sec total\n|\n|t:|1783572355\n|move|p2a: Pyroar|Work Up|p2a: Pyroar\n|-boost|p2a: Pyroar|atk|1\n|-boost|p2a: Pyroar|spa|1\n|move|p1a: Blissey|Seismic Toss|p2a: Pyroar\n|-damage|p2a: Pyroar|125/295\n|\n|-heal|p1a: Blissey|89/100 brn|[from] item: Leftovers\n|-damage|p1a: Blissey|83/100 brn|[from] brn\n|upkeep\n|turn|15\n|inactive|Time left: 300 sec this turn | 300 sec total\n|\n|t:|1783572356\n|move|p2a: Pyroar|Fire Blast|p1a: Blissey\n|-damage|p1a: Blissey|46/100 brn\n|move|p1a: Blissey|Seismic Toss|p2a: Pyroar\n|-damage|p2a: Pyroar|40/295\n|\n|-heal|p1a: Blissey|52/100 brn|[from] item: Leftovers\n|-damage|p1a: Blissey|46/100 brn|[from] brn\n|upkeep\n|turn|16\n|inactive|Time left: 300 sec this turn | 300 sec total\n|\n|t:|1783572358\n|-terastallize|p2a: Pyroar|Fire\n|move|p2a: Pyroar|Fire Blast|p1a: Blissey\n|-damage|p1a: Blissey|3/100 brn\n|move|p1a: Blissey|Seismic Toss|p2a: Pyroar\n|-damage|p2a: Pyroar|0 fnt\n|faint|p2a: Pyroar\n|\n|-heal|p1a: Blissey|9/100 brn|[from] item: Leftovers\n|-damage|p1a: Blissey|3/100 brn|[from] brn\n|upkeep\n|inactive|Time left: 300 sec this turn | 300 sec total | 5 sec grace\n|\n|t:|1783572359\n|switch|p2a: Breloom|Breloom, L83, F|235/235\n|-activate|p2a: Breloom|move: Sticky Web\n|-unboost|p2a: Breloom|spe|1\n|turn|17\n|inactive|Time left: 300 sec this turn | 300 sec total\n|\n|t:|1783572360\n|move|p1a: Blissey|Soft-Boiled|p1a: Blissey\n|-heal|p1a: Blissey|53/100 brn\n|move|p2a: Breloom|Swords Dance|p2a: Breloom\n|-boost|p2a: Breloom|atk|2\n|\n|-heal|p1a: Blissey|59/100 brn|[from] item: Leftovers\n|-damage|p1a: Blissey|53/100 brn|[from] brn\n|upkeep\n|turn|18\n|inactive|Time left: 300 sec this turn | 300 sec total\n|\n|t:|1783572360\n|move|p2a: Breloom|Mach Punch|p1a: Blissey\n|-supereffective|p1a: Blissey\n|-damage|p1a: Blissey|0 fnt\n|faint|p1a: Blissey\n|-damage|p2a: Breloom|212/235|[from] item: Life Orb\n|\n|upkeep\n|\n|t:|1783572361\n|switch|p1a: Mesprit|Mesprit, L85|100/100\n|turn|19\n|inactive|Time left: 300 sec this turn | 300 sec total\n|\n|t:|1783572362\n|switch|p2a: Sableye|Sableye, L88, M|231/231\n|-activate|p2a: Sableye|move: Sticky Web\n|-unboost|p2a: Sableye|spe|1\n|move|p1a: Mesprit|Psychic|p2a: Sableye\n|-immune|p2a: Sableye\n|\n|upkeep\n|turn|20\n|inactive|Time left: 300 sec this turn | 300 sec total\n|\n|t:|1783572363\n|switch|p1a: Kricketune|Kricketune, L99, F|21/100\n|move|p2a: Sableye|Knock Off|p1a: Kricketune\n|-damage|p1a: Kricketune|0 fnt\n|-enditem|p1a: Kricketune|Heavy-Duty Boots|[from] move: Knock Off|[of] p2a: Sableye\n|faint|p1a: Kricketune\n|\n|upkeep\n|\n|t:|1783572364\n|switch|p1a: Grafaiai|Grafaiai, L86, M|100/100\n|turn|21\n|inactive|Time left: 300 sec this turn | 300 sec total\n|\n|t:|1783572365\n|-terastallize|p1a: Grafaiai|Dark\n|move|p1a: Grafaiai|Knock Off|p2a: Sableye\n|-damage|p2a: Sableye|126/231\n|-enditem|p2a: Sableye|Leftovers|[from] move: Knock Off|[of] p1a: Grafaiai\n|move|p2a: Sableye|Knock Off|p1a: Grafaiai\n|-resisted|p1a: Grafaiai\n|-damage|p1a: Grafaiai|78/100\n|-enditem|p1a: Grafaiai|Heavy-Duty Boots|[from] move: Knock Off|[of] p2a: Sableye\n|\n|upkeep\n|turn|22\n|inactive|Time left: 300 sec this turn | 300 sec total\n|\n|t:|1783572366\n|move|p1a: Grafaiai|Knock Off|p2a: Sableye\n|-damage|p2a: Sableye|42/231\n|move|p2a: Sableye|Knock Off|p1a: Grafaiai\n|-resisted|p1a: Grafaiai\n|-damage|p1a: Grafaiai|61/100\n|\n|upkeep\n|turn|23\n|inactive|Time left: 300 sec this turn | 300 sec total\n|\n|t:|1783572367\n|move|p1a: Grafaiai|Gunk Shot|p2a: Sableye\n|-resisted|p2a: Sableye\n|-damage|p2a: Sableye|0 fnt\n|faint|p2a: Sableye\n|\n|upkeep\n|inactive|Time left: 300 sec this turn | 300 sec total | 5 sec grace\n|\n|t:|1783572368\n|switch|p2a: Koraidon|Koraidon, L64|55/235\n|-activate|p2a: Koraidon|move: Sticky Web\n|-unboost|p2a: Koraidon|spe|1\n|-weather|SunnyDay|[from] ability: Orichalcum Pulse|[of] p2a: Koraidon\n|-activate|p2a: Koraidon|Orichalcum Pulse|[source]\n|turn|24\n|inactive|Time left: 300 sec this turn | 300 sec total\n|\n|t:|1783572369\n|move|p1a: Grafaiai|Gunk Shot|p2a: Koraidon\n|-damage|p2a: Koraidon|0 fnt\n|faint|p2a: Koraidon\n|\n|-weather|SunnyDay|[upkeep]\n|upkeep\n|inactive|Time left: 300 sec this turn | 300 sec total | 5 sec grace\n|\n|t:|1783572370\n|switch|p2a: Breloom|Breloom, L83, F|212/235\n|-activate|p2a: Breloom|move: Sticky Web\n|-unboost|p2a: Breloom|spe|1\n|turn|25\n|inactive|Time left: 300 sec this turn | 300 sec total\n|\n|t:|1783572371\n|switch|p2a: Dondozo|Dondozo, L78, F|362/362\n|-activate|p2a: Dondozo|move: Sticky Web\n|-unboost|p2a: Dondozo|spe|1\n|move|p1a: Grafaiai|Parting Shot|p2a: Dondozo\n|-unboost|p2a: Dondozo|atk|1\n|-unboost|p2a: Dondozo|spa|1\n|\n|t:|1783572372\n|switch|p1a: Bronzong|Bronzong, L88|39/100|[from] Parting Shot\n|\n|-weather|SunnyDay|[upkeep]\n|-heal|p1a: Bronzong|45/100|[from] item: Leftovers\n|upkeep\n|turn|26\n|inactive|Time left: 300 sec this turn | 300 sec total\n|\n|t:|1783572373\n|switch|p2a: Breloom|Breloom, L83, F|212/235\n|-activate|p2a: Breloom|move: Sticky Web\n|-unboost|p2a: Breloom|spe|1\n|move|p1a: Bronzong|Psychic Noise|p2a: Breloom\n|-supereffective|p2a: Breloom\n|-damage|p2a: Breloom|0 fnt\n|faint|p2a: Breloom\n|\n|-weather|SunnyDay|[upkeep]\n|-heal|p1a: Bronzong|51/100|[from] item: Leftovers\n|upkeep\n|inactive|Time left: 300 sec this turn | 300 sec total | 5 sec grace\n|\n|t:|1783572374\n|switch|p2a: Dondozo|Dondozo, L78, F|362/362\n|-activate|p2a: Dondozo|move: Sticky Web\n|-unboost|p2a: Dondozo|spe|1\n|turn|27\n|inactive|Time left: 300 sec this turn | 300 sec total\n|\n|t:|1783572374\n|switch|p1a: Mesprit|Mesprit, L85|100/100\n|move|p2a: Dondozo|Curse|p2a: Dondozo\n|-unboost|p2a: Dondozo|spe|1\n|-boost|p2a: Dondozo|atk|1\n|-boost|p2a: Dondozo|def|1\n|\n|-weather|SunnyDay|[upkeep]\n|upkeep\n|turn|28\n|inactive|Time left: 300 sec this turn | 300 sec total\n|\n|t:|1783572375\n|move|p1a: Mesprit|Thunderbolt|p2a: Dondozo\n|-supereffective|p2a: Dondozo\n|-damage|p2a: Dondozo|184/362\n|move|p2a: Dondozo|Rest|p2a: Dondozo\n|-status|p2a: Dondozo|slp|[from] move: Rest\n|-heal|p2a: Dondozo|362/362 slp|[silent]\n|\n|-weather|none\n|upkeep\n|turn|29\n|inactive|Time left: 300 sec this turn | 300 sec total\n|\n|t:|1783572376\n|move|p1a: Mesprit|Thunderbolt|p2a: Dondozo\n|-supereffective|p2a: Dondozo\n|-damage|p2a: Dondozo|184/362 slp\n|cant|p2a: Dondozo|slp\n|move|p2a: Dondozo|Sleep Talk|p2a: Dondozo\n|move|p2a: Dondozo|Wave Crash|p1a: Mesprit|[from] move: Sleep Talk\n|-damage|p1a: Mesprit|44/100\n|-damage|p2a: Dondozo|133/362 slp|[from] Recoil\n|\n|-heal|p2a: Dondozo|155/362 slp|[from] item: Leftovers\n|upkeep\n|turn|30\n|inactive|Time left: 300 sec this turn | 300 sec total\n|\n|t:|1783572377\n|move|p1a: Mesprit|Thunderbolt|p2a: Dondozo\n|-supereffective|p2a: Dondozo\n|-damage|p2a: Dondozo|0 fnt\n|faint|p2a: Dondozo\n|\n|win|p0x289279b5", "uploadtime": 1783572377, "views": 0, "rating": 0, "private": 0, "password": null, "_winner": "p0x289279b5", "_our_name": "p0y2892157b"}