{"id": "battle-gen9randombattle-512", "formatid": "gen9randombattle", "format": "[Gen 9] Random Battle", "players": ["p0x5120d75", "p0y512d8c0"], "log": "|init|battle\n|title|p0x5120d75 vs. p0y512d8c0\n|j|\u2606p0x5120d75\n|j|\u2606p0y512d8c0\n|t:|1783544988\n|gametype|singles\n|player|p1|p0x5120d75|265|\n|player|p2|p0y512d8c0|169|\n|gen|9\n|tier|[Gen 9] Random Battle\n|rule|Species Clause: Limit one of each Pok\u00e9mon\n|rule|HP Percentage Mod: HP is shown in percentages\n|rule|Sleep Clause Mod: Limit one foe put to sleep\n|rule|Illusion Level Mod: Illusion disguises the Pok\u00e9mon's true level\n|\n|t:|1783544988\n|teamsize|p1|6\n|teamsize|p2|6\n|start\n|switch|p1a: Sceptile|Sceptile, L87, F|264/264\n|switch|p2a: Vileplume|Vileplume, L85, F|100/100\n|turn|1\n|inactive|Battle timer is ON: inactive players will automatically lose when time's up. (requested by p0x5120d75)\n|\n|t:|1783544990\n|move|p1a: Sceptile|Substitute|p1a: Sceptile\n|-start|p1a: Sceptile|Substitute\n|-damage|p1a: Sceptile|198/264\n|move|p2a: Vileplume|Sludge Bomb|p1a: Sceptile\n|-supereffective|p1a: Sceptile\n|-end|p1a: Sceptile|Substitute\n|\n|-heal|p1a: Sceptile|214/264|[from] item: Leftovers\n|upkeep\n|turn|2\n|inactive|Time left: 300 sec this turn | 300 sec total\n|inactive|p0y512d8c0 also wants the timer to be on.\n|\n|t:|1783544992\n|move|p1a: Sceptile|Substitute|p1a: Sceptile\n|-start|p1a: Sceptile|Substitute\n|-damage|p1a: Sceptile|148/264\n|move|p2a: Vileplume|Sludge Bomb|p1a: Sceptile\n|-supereffective|p1a: Sceptile\n|-end|p1a: Sceptile|Substitute\n|\n|-heal|p1a: Sceptile|164/264|[from] item: Leftovers\n|upkeep\n|turn|3\n|inactive|Time left: 300 sec this turn | 300 sec total\n|\n|t:|1783544993\n|switch|p1a: Sandslash|Sandslash-Alola, L88, M|275/275\n|move|p2a: Vileplume|Sludge Bomb|p1a: Sandslash\n|-immune|p1a: Sandslash\n|\n|upkeep\n|turn|4\n|inactive|Time left: 300 sec this turn | 300 sec total\n|\n|t:|1783544994\n|move|p1a: Sandslash|Triple Axel|p2a: Vileplume\n|-supereffective|p2a: Vileplume\n|-damage|p2a: Vileplume|82/100\n|-status|p1a: Sandslash|slp|[from] ability: Effect Spore|[of] p2a: Vileplume\n|-hitcount|p2a: Vileplume|1\n|move|p2a: Vileplume|Sleep Powder|p1a: Sandslash|[miss]\n|-miss|p2a: Vileplume|p1a: Sandslash\n|\n|-heal|p2a: Vileplume|88/100|[from] item: Leftovers\n|upkeep\n|turn|5\n|inactive|Time left: 300 sec this turn | 300 sec total\n|\n|t:|1783544995\n|cant|p1a: Sandslash|slp\n|move|p2a: Vileplume|Sludge Bomb|p1a: Sandslash\n|-immune|p1a: Sandslash\n|\n|-heal|p2a: Vileplume|94/100|[from] item: Leftovers\n|upkeep\n|turn|6\n|inactive|Time left: 300 sec this turn | 300 sec total\n|\n|t:|1783544996\n|cant|p1a: Sandslash|slp\n|move|p2a: Vileplume|Strength Sap|p1a: Sandslash\n|-unboost|p1a: Sandslash|atk|1\n|-heal|p2a: Vileplume|100/100\n|\n|upkeep\n|turn|7\n|inactive|Time left: 300 sec this turn | 300 sec total\n|\n|t:|1783544996\n|-curestatus|p1a: Sandslash|slp|[msg]\n|move|p1a: Sandslash|Swords Dance|p1a: Sandslash\n|-boost|p1a: Sandslash|atk|2\n|move|p2a: Vileplume|Giga Drain|p1a: Sandslash\n|-resisted|p1a: Sandslash\n|-damage|p1a: Sandslash|224/275\n|\n|-heal|p1a: Sandslash|241/275|[from] item: Leftovers\n|upkeep\n|turn|8\n|inactive|Time left: 300 sec this turn | 300 sec total\n|\n|t:|1783544997\n|move|p1a: Sandslash|Triple Axel|p2a: Vileplume\n|-supereffective|p2a: Vileplume\n|-damage|p2a: Vileplume|73/100\n|-supereffective|p2a: Vileplume\n|-damage|p2a: Vileplume|16/100\n|-supereffective|p2a: Vileplume\n|-damage|p2a: Vileplume|0 fnt\n|faint|p2a: Vileplume\n|-hitcount|p2: Vileplume|3\n|\n|-heal|p1a: Sandslash|258/275|[from] item: Leftovers\n|upkeep\n|\n|t:|1783544998\n|switch|p2a: Barraskewda|Barraskewda, L81, F|100/100\n|turn|9\n|inactive|Time left: 300 sec this turn | 300 sec total\n|\n|t:|1783544999\n|-terastallize|p1a: Sandslash|Ground\n|move|p2a: Barraskewda|Close Combat|p1a: Sandslash\n|-damage|p1a: Sandslash|150/275\n|-unboost|p2a: Barraskewda|def|1\n|-unboost|p2a: Barraskewda|spd|1\n|move|p1a: Sandslash|Earthquake|p2a: Barraskewda\n|-damage|p2a: Barraskewda|0 fnt\n|faint|p2a: Barraskewda\n|\n|-heal|p1a: Sandslash|167/275|[from] item: Leftovers\n|upkeep\n|\n|t:|1783545000\n|switch|p2a: Terrakion|Terrakion, L79|100/100\n|turn|10\n|inactive|Time left: 300 sec this turn | 300 sec total\n|\n|t:|1783545001\n|-terastallize|p2a: Terrakion|Fighting\n|move|p2a: Terrakion|Close Combat|p1a: Sandslash\n|-damage|p1a: Sandslash|0 fnt\n|-unboost|p2a: Terrakion|def|1\n|-unboost|p2a: Terrakion|spd|1\n|faint|p1a: Sandslash\n|\n|upkeep\n|inactive|Time left: 300 sec this turn | 300 sec total | 5 sec grace\n|\n|t:|1783545002\n|switch|p1a: Misdreavus|Misdreavus, L90, F|254/254\n|turn|11\n|inactive|Time left: 300 sec this turn | 300 sec total\n|\n|t:|1783545003\n|switch|p2a: Dunsparce|Dunsparce, L86, F|100/100\n|move|p1a: Misdreavus|Calm Mind|p1a: Misdreavus\n|-boost|p1a: Misdreavus|spa|1\n|-boost|p1a: Misdreavus|spd|1\n|\n|upkeep\n|turn|12\n|inactive|Time left: 300 sec this turn | 300 sec total\n|\n|t:|1783545004\n|move|p1a: Misdreavus|Will-O-Wisp|p2a: Dunsparce|[miss]\n|-miss|p1a: Misdreavus|p2a: Dunsparce\n|move|p2a: Dunsparce|Coil|p2a: Dunsparce\n|-boost|p2a: Dunsparce|atk|1\n|-boost|p2a: Dunsparce|def|1\n|-boost|p2a: Dunsparce|accuracy|1\n|\n|upkeep\n|turn|13\n|inactive|Time left: 300 sec this turn | 300 sec total\n|\n|t:|1783545005\n|move|p1a: Misdreavus|Will-O-Wisp|p2a: Dunsparce\n|-status|p2a: Dunsparce|brn\n|move|p2a: Dunsparce|Coil|p2a: Dunsparce\n|-boost|p2a: Dunsparce|atk|1\n|-boost|p2a: Dunsparce|def|1\n|-boost|p2a: Dunsparce|accuracy|1\n|\n|-damage|p2a: Dunsparce|94/100 brn|[from] brn\n|upkeep\n|turn|14\n|inactive|Time left: 300 sec this turn | 300 sec total\n|\n|t:|1783545006\n|move|p1a: Misdreavus|Calm Mind|p1a: Misdreavus\n|-boost|p1a: Misdreavus|spa|1\n|-boost|p1a: Misdreavus|spd|1\n|move|p2a: Dunsparce|Coil|p2a: Dunsparce\n|-boost|p2a: Dunsparce|atk|1\n|-boost|p2a: Dunsparce|def|1\n|-boost|p2a: Dunsparce|accuracy|1\n|\n|-damage|p2a: Dunsparce|88/100 brn|[from] brn\n|upkeep\n|turn|15\n|inactive|Time left: 300 sec this turn | 300 sec total\n|\n|t:|1783545007\n|move|p1a: Misdreavus|Calm Mind|p1a: Misdreavus\n|-boost|p1a: Misdreavus|spa|1\n|-boost|p1a: Misdreavus|spd|1\n|move|p2a: Dunsparce|Roost|p2a: Dunsparce\n|-heal|p2a: Dunsparce|100/100 brn\n|-singleturn|p2a: Dunsparce|move: Roost\n|\n|-damage|p2a: Dunsparce|94/100 brn|[from] brn\n|upkeep\n|turn|16\n|inactive|Time left: 300 sec this turn | 300 sec total\n|\n|t:|1783545008\n|move|p1a: Misdreavus|Calm Mind|p1a: Misdreavus\n|-boost|p1a: Misdreavus|spa|1\n|-boost|p1a: Misdreavus|spd|1\n|move|p2a: Dunsparce|Roost|p2a: Dunsparce\n|-heal|p2a: Dunsparce|100/100 brn\n|-singleturn|p2a: Dunsparce|move: Roost\n|\n|-damage|p2a: Dunsparce|94/100 brn|[from] brn\n|upkeep\n|turn|17\n|inactive|Time left: 300 sec this turn | 300 sec total\n|\n|t:|1783545008\n|move|p1a: Misdreavus|Draining Kiss|p2a: Dunsparce\n|-damage|p2a: Dunsparce|66/100 brn\n|move|p2a: Dunsparce|Coil|p2a: Dunsparce\n|-boost|p2a: Dunsparce|atk|1\n|-boost|p2a: Dunsparce|def|1\n|-boost|p2a: Dunsparce|accuracy|1\n|\n|-damage|p2a: Dunsparce|59/100 brn|[from] brn\n|upkeep\n|turn|18\n|inactive|Time left: 300 sec this turn | 300 sec total\n|\n|t:|1783545009\n|move|p1a: Misdreavus|Draining Kiss|p2a: Dunsparce\n|-damage|p2a: Dunsparce|32/100 brn\n|move|p2a: Dunsparce|Roost|p2a: Dunsparce\n|-heal|p2a: Dunsparce|82/100 brn\n|-singleturn|p2a: Dunsparce|move: Roost\n|\n|-damage|p2a: Dunsparce|76/100 brn|[from] brn\n|upkeep\n|turn|19\n|inactive|Time left: 300 sec this turn | 300 sec total\n|\n|t:|1783545010\n|move|p1a: Misdreavus|Draining Kiss|p2a: Dunsparce\n|-damage|p2a: Dunsparce|46/100 brn\n|move|p2a: Dunsparce|Roost|p2a: Dunsparce\n|-heal|p2a: Dunsparce|96/100 brn\n|-singleturn|p2a: Dunsparce|move: Roost\n|\n|-damage|p2a: Dunsparce|90/100 brn|[from] brn\n|upkeep\n|turn|20\n|inactive|Time left: 300 sec this turn | 300 sec total\n|\n|t:|1783545012\n|move|p1a: Misdreavus|Draining Kiss|p2a: Dunsparce\n|-damage|p2a: Dunsparce|59/100 brn\n|move|p2a: Dunsparce|Coil|p2a: Dunsparce\n|-boost|p2a: Dunsparce|atk|1\n|-boost|p2a: Dunsparce|def|1\n|-boost|p2a: Dunsparce|accuracy|1\n|\n|-damage|p2a: Dunsparce|53/100 brn|[from] brn\n|upkeep\n|turn|21\n|inactive|Time left: 300 sec this turn | 300 sec total\n|\n|t:|1783545013\n|move|p1a: Misdreavus|Draining Kiss|p2a: Dunsparce\n|-damage|p2a: Dunsparce|24/100 brn\n|move|p2a: Dunsparce|Roost|p2a: Dunsparce\n|-heal|p2a: Dunsparce|74/100 brn\n|-singleturn|p2a: Dunsparce|move: Roost\n|\n|-damage|p2a: Dunsparce|67/100 brn|[from] brn\n|upkeep\n|turn|22\n|inactive|Time left: 300 sec this turn | 300 sec total\n|\n|t:|1783545014\n|move|p1a: Misdreavus|Draining Kiss|p2a: Dunsparce\n|-damage|p2a: Dunsparce|39/100 brn\n|move|p2a: Dunsparce|Roost|p2a: Dunsparce\n|-heal|p2a: Dunsparce|89/100 brn\n|-singleturn|p2a: Dunsparce|move: Roost\n|\n|-damage|p2a: Dunsparce|83/100 brn|[from] brn\n|upkeep\n|turn|23\n|inactive|Time left: 300 sec this turn | 300 sec total\n|\n|t:|1783545015\n|move|p1a: Misdreavus|Calm Mind|p1a: Misdreavus\n|-boost|p1a: Misdreavus|spa|1\n|-boost|p1a: Misdreavus|spd|1\n|move|p2a: Dunsparce|Roost|p2a: Dunsparce\n|-heal|p2a: Dunsparce|100/100 brn\n|-singleturn|p2a: Dunsparce|move: Roost\n|\n|-damage|p2a: Dunsparce|94/100 brn|[from] brn\n|upkeep\n|turn|24\n|inactive|Time left: 300 sec this turn | 300 sec total\n|\n|t:|1783545016\n|move|p1a: Misdreavus|Draining Kiss|p2a: Dunsparce\n|-damage|p2a: Dunsparce|64/100 brn\n|move|p2a: Dunsparce|Body Slam|p1a: Misdreavus\n|-immune|p1a: Misdreavus\n|\n|-damage|p2a: Dunsparce|58/100 brn|[from] brn\n|upkeep\n|turn|25\n|inactive|Time left: 300 sec this turn | 300 sec total\n|\n|t:|1783545017\n|move|p1a: Misdreavus|Draining Kiss|p2a: Dunsparce\n|-damage|p2a: Dunsparce|23/100 brn\n|move|p2a: Dunsparce|Roost|p2a: Dunsparce\n|-heal|p2a: Dunsparce|73/100 brn\n|-singleturn|p2a: Dunsparce|move: Roost\n|\n|-damage|p2a: Dunsparce|67/100 brn|[from] brn\n|upkeep\n|turn|26\n|inactive|Time left: 300 sec this turn | 300 sec total\n|\n|t:|1783545018\n|move|p1a: Misdreavus|Draining Kiss|p2a: Dunsparce\n|-damage|p2a: Dunsparce|34/100 brn\n|move|p2a: Dunsparce|Earthquake|p1a: Misdreavus\n|-immune|p1a: Misdreavus|[from] ability: Levitate\n|\n|-damage|p2a: Dunsparce|28/100 brn|[from] brn\n|upkeep\n|turn|27\n|inactive|Time left: 300 sec this turn | 300 sec total\n|\n|t:|1783545019\n|move|p1a: Misdreavus|Draining Kiss|p2a: Dunsparce\n|-damage|p2a: Dunsparce|0 fnt\n|faint|p2a: Dunsparce\n|\n|upkeep\n|\n|t:|1783545020\n|switch|p2a: Hariyama|Hariyama, L87, M|100/100\n|turn|28\n|inactive|Time left: 300 sec this turn | 300 sec total\n|\n|t:|1783545021\n|move|p1a: Misdreavus|Shadow Ball|p2a: Hariyama\n|-damage|p2a: Hariyama|28/100\n|move|p2a: Hariyama|Knock Off|p1a: Misdreavus\n|-supereffective|p1a: Misdreavus\n|-crit|p1a: Misdreavus\n|-damage|p1a: Misdreavus|54/254\n|-enditem|p1a: Misdreavus|Eviolite|[from] move: Knock Off|[of] p2a: Hariyama\n|\n|upkeep\n|turn|29\n|inactive|Time left: 300 sec this turn | 300 sec total\n|\n|t:|1783545022\n|move|p1a: Misdreavus|Draining Kiss|p2a: Hariyama\n|-supereffective|p2a: Hariyama\n|-damage|p2a: Hariyama|0 fnt\n|-heal|p1a: Misdreavus|136/254|[from] drain|[of] p2a: Hariyama\n|faint|p2a: Hariyama\n|\n|upkeep\n|\n|t:|1783545023\n|switch|p2a: Terrakion|Terrakion, L79, tera:Fighting|100/100\n|turn|30\n|inactive|Time left: 300 sec this turn | 300 sec total\n|\n|t:|1783545023\n|move|p2a: Terrakion|Stone Edge|p1a: Misdreavus\n|-damage|p1a: Misdreavus|0 fnt\n|faint|p1a: Misdreavus\n|\n|upkeep\n|inactive|Time left: 300 sec this turn | 300 sec total | 5 sec grace\n|\n|t:|1783545024\n|switch|p1a: Sceptile|Sceptile, L87, F|164/264\n|turn|31\n|inactive|Time left: 300 sec this turn | 300 sec total\n|\n|t:|1783545025\n|move|p1a: Sceptile|Giga Drain|p2a: Terrakion\n|-damage|p2a: Terrakion|67/100\n|-heal|p1a: Sceptile|210/264|[from] drain|[of] p2a: Terrakion\n|move|p2a: Terrakion|Stone Edge|p1a: Sceptile\n|-damage|p1a: Sceptile|5/264\n|\n|-heal|p1a: Sceptile|21/264|[from] item: Leftovers\n|upkeep\n|turn|32\n|inactive|Time left: 300 sec this turn | 300 sec total\n|\n|t:|1783545027\n|move|p1a: Sceptile|Giga Drain|p2a: Terrakion\n|-damage|p2a: Terrakion|21/100\n|-heal|p1a: Sceptile|85/264|[from] drain|[of] p2a: Terrakion\n|move|p2a: Terrakion|Stone Edge|p1a: Sceptile\n|-damage|p1a: Sceptile|0 fnt\n|faint|p1a: Sceptile\n|\n|upkeep\n|inactive|Time left: 300 sec this turn | 300 sec total | 5 sec grace\n|\n|t:|1783545028\n|switch|p1a: Pyroar|Pyroar, L88, F|295/295\n|-ability|p1a: Pyroar|Unnerve\n|turn|33\n|inactive|Time left: 300 sec this turn | 300 sec total\n|\n|t:|1783545029\n|move|p1a: Pyroar|Hyper Voice|p2a: Terrakion\n|-damage|p2a: Terrakion|0 fnt\n|faint|p2a: Terrakion\n|\n|upkeep\n|\n|t:|1783545030\n|switch|p2a: Gyarados|Gyarados, L79, M|100/100\n|turn|34\n|inactive|Time left: 300 sec this turn | 300 sec total\n|\n|t:|1783545031\n|switch|p1a: Haxorus|Haxorus, L77, F|244/244\n|-ability|p1a: Haxorus|Mold Breaker\n|move|p2a: Gyarados|Dragon Dance|p2a: Gyarados\n|-boost|p2a: Gyarados|atk|1\n|-boost|p2a: Gyarados|spe|1\n|\n|upkeep\n|turn|35\n|inactive|Time left: 300 sec this turn | 300 sec total\n|\n|t:|1783545032\n|move|p2a: Gyarados|Dragon Dance|p2a: Gyarados\n|-boost|p2a: Gyarados|atk|1\n|-boost|p2a: Gyarados|spe|1\n|move|p1a: Haxorus|Scale Shot|p2a: Gyarados\n|-damage|p2a: Gyarados|88/100\n|-crit|p2a: Gyarados\n|-damage|p2a: Gyarados|68/100\n|-damage|p2a: Gyarados|55/100\n|-damage|p2a: Gyarados|42/100\n|-hitcount|p2a: Gyarados|4\n|-unboost|p1a: Haxorus|def|1\n|-boost|p1a: Haxorus|spe|1\n|\n|upkeep\n|turn|36\n|inactive|Time left: 300 sec this turn | 300 sec total\n|\n|t:|1783545033\n|move|p2a: Gyarados|Earthquake|p1a: Haxorus\n|-damage|p1a: Haxorus|15/244\n|move|p1a: Haxorus|Scale Shot|p2a: Gyarados|[miss]\n|-miss|p1a: Haxorus|p2a: Gyarados\n|\n|upkeep\n|turn|37\n|inactive|Time left: 300 sec this turn | 300 sec total\n|\n|t:|1783545034\n|move|p2a: Gyarados|Earthquake|p1a: Haxorus\n|-damage|p1a: Haxorus|0 fnt\n|faint|p1a: Haxorus\n|-ability|p2a: Gyarados|Moxie|boost\n|-boost|p2a: Gyarados|atk|1\n|\n|upkeep\n|inactive|Time left: 300 sec this turn | 300 sec total | 5 sec grace\n|\n|t:|1783545035\n|switch|p1a: Torkoal|Torkoal, L88, M|266/266\n|-weather|SunnyDay|[from] ability: Drought|[of] p1a: Torkoal\n|turn|38\n|inactive|Time left: 300 sec this turn | 300 sec total\n|\n|t:|1783545036\n|move|p2a: Gyarados|Earthquake|p1a: Torkoal\n|-supereffective|p1a: Torkoal\n|-damage|p1a: Torkoal|30/266\n|move|p1a: Torkoal|Yawn|p2a: Gyarados\n|-start|p2a: Gyarados|move: Yawn|[of] p1a: Torkoal\n|\n|-weather|SunnyDay|[upkeep]\n|upkeep\n|turn|39\n|inactive|Time left: 300 sec this turn | 300 sec total\n|\n|t:|1783545037\n|move|p2a: Gyarados|Earthquake|p1a: Torkoal\n|-supereffective|p1a: Torkoal\n|-damage|p1a: Torkoal|0 fnt\n|faint|p1a: Torkoal\n|-ability|p2a: Gyarados|Moxie|boost\n|-boost|p2a: Gyarados|atk|1\n|\n|-weather|SunnyDay|[upkeep]\n|-end|p2a: Gyarados|move: Yawn|[silent]\n|-status|p2a: Gyarados|slp\n|upkeep\n|inactive|Time left: 300 sec this turn | 300 sec total | 5 sec grace\n|\n|t:|1783545037\n|switch|p1a: Pyroar|Pyroar, L88, F|295/295\n|-ability|p1a: Pyroar|Unnerve\n|turn|40\n|inactive|Time left: 300 sec this turn | 300 sec total\n|\n|t:|1783545038\n|cant|p2a: Gyarados|slp\n|move|p1a: Pyroar|Hyper Voice|p2a: Gyarados\n|-damage|p2a: Gyarados|0 fnt\n|faint|p2a: Gyarados\n|\n|win|p0x5120d75", "uploadtime": 1783545038, "views": 0, "rating": 0, "private": 0, "password": null, "_winner": "p0x5120d75", "_our_name": "p0x5120d75"}