{"id": "battle-gen9randombattle-801", "formatid": "gen9randombattle", "format": "[Gen 9] Random Battle", "players": ["p0x8016959", "p0y801e73b"], "log": "|init|battle\n|title|p0x8016959 vs. p0y801e73b\n|j|\u2606p0x8016959\n|j|\u2606p0y801e73b\n|t:|1783549162\n|gametype|singles\n|player|p1|p0x8016959|170|\n|player|p2|p0y801e73b|169|\n|gen|9\n|tier|[Gen 9] Random Battle\n|rule|Species Clause: Limit one of each Pok\u00e9mon\n|rule|HP Percentage Mod: HP is shown in percentages\n|rule|Sleep Clause Mod: Limit one foe put to sleep\n|rule|Illusion Level Mod: Illusion disguises the Pok\u00e9mon's true level\n|\n|t:|1783549162\n|teamsize|p1|6\n|teamsize|p2|6\n|start\n|switch|p1a: Iron Crown|Iron Crown, L78|268/268\n|switch|p2a: Kilowattrel|Kilowattrel, L83, M|100/100\n|turn|1\n|inactive|Battle timer is ON: inactive players will automatically lose when time's up. (requested by p0x8016959)\n|inactive|p0y801e73b also wants the timer to be on.\n|\n|t:|1783549164\n|move|p2a: Kilowattrel|Hurricane|p1a: Iron Crown|[miss]\n|-miss|p2a: Kilowattrel|p1a: Iron Crown\n|move|p1a: Iron Crown|Psyshock|p2a: Kilowattrel\n|-damage|p2a: Kilowattrel|33/100\n|\n|upkeep\n|turn|2\n|inactive|Time left: 300 sec this turn | 300 sec total\n|\n|t:|1783549165\n|move|p2a: Kilowattrel|Roost|p2a: Kilowattrel\n|-heal|p2a: Kilowattrel|83/100\n|-singleturn|p2a: Kilowattrel|move: Roost\n|move|p1a: Iron Crown|Psyshock|p2a: Kilowattrel\n|-damage|p2a: Kilowattrel|7/100\n|\n|upkeep\n|turn|3\n|inactive|Time left: 300 sec this turn | 300 sec total\n|\n|t:|1783549167\n|move|p2a: Kilowattrel|Thunderbolt|p1a: Iron Crown\n|-damage|p1a: Iron Crown|178/268\n|move|p1a: Iron Crown|Psyshock|p2a: Kilowattrel\n|-damage|p2a: Kilowattrel|0 fnt\n|faint|p2a: Kilowattrel\n|\n|upkeep\n|\n|t:|1783549168\n|switch|p2a: Emboar|Emboar, L84, M|100/100\n|turn|4\n|inactive|Time left: 300 sec this turn | 300 sec total\n|\n|t:|1783549169\n|move|p2a: Emboar|Flare Blitz|p1a: Iron Crown\n|-supereffective|p1a: Iron Crown\n|-damage|p1a: Iron Crown|0 fnt\n|faint|p1a: Iron Crown\n|-end|p1a: Iron Crown|Quark Drive|[silent]\n|-damage|p2a: Emboar|82/100|[from] Recoil\n|\n|upkeep\n|inactive|Time left: 300 sec this turn | 300 sec total | 5 sec grace\n|\n|t:|1783549170\n|switch|p1a: Barraskewda|Barraskewda, L81, F|231/231\n|turn|5\n|inactive|Time left: 300 sec this turn | 300 sec total\n|\n|t:|1783549171\n|switch|p2a: Azumarill|Azumarill, L82, F|100/100\n|move|p1a: Barraskewda|Waterfall|p2a: Azumarill\n|-resisted|p2a: Azumarill\n|-damage|p2a: Azumarill|74/100\n|\n|upkeep\n|turn|6\n|inactive|Time left: 300 sec this turn | 300 sec total\n|\n|t:|1783549173\n|move|p1a: Barraskewda|Waterfall|p2a: Azumarill\n|-resisted|p2a: Azumarill\n|-damage|p2a: Azumarill|48/100\n|move|p2a: Azumarill|Play Rough|p1a: Barraskewda\n|-damage|p1a: Barraskewda|0 fnt\n|faint|p1a: Barraskewda\n|\n|upkeep\n|inactive|Time left: 300 sec this turn | 300 sec total | 5 sec grace\n|\n|t:|1783549174\n|switch|p1a: Lilligant|Lilligant, L86, F|261/261\n|turn|7\n|inactive|Time left: 300 sec this turn | 300 sec total\n|\n|t:|1783549175\n|switch|p2a: Emboar|Emboar, L84, M|82/100\n|move|p1a: Lilligant|Quiver Dance|p1a: Lilligant\n|-boost|p1a: Lilligant|spa|1\n|-boost|p1a: Lilligant|spd|1\n|-boost|p1a: Lilligant|spe|1\n|\n|upkeep\n|turn|8\n|inactive|Time left: 300 sec this turn | 300 sec total\n|\n|t:|1783549176\n|move|p1a: Lilligant|Sleep Powder|p2a: Emboar\n|-status|p2a: Emboar|slp|[from] move: Sleep Powder\n|cant|p2a: Emboar|slp\n|\n|upkeep\n|turn|9\n|inactive|Time left: 300 sec this turn | 300 sec total\n|\n|t:|1783549177\n|move|p1a: Lilligant|Petal Dance|p2a: Emboar\n|-resisted|p2a: Emboar\n|-damage|p2a: Emboar|31/100 slp\n|-damage|p1a: Lilligant|235/261|[from] item: Life Orb\n|cant|p2a: Emboar|slp\n|\n|upkeep\n|turn|10\n|inactive|Time left: 300 sec this turn | 300 sec total\n|\n|t:|1783549178\n|move|p1a: Lilligant|Petal Dance|p2a: Emboar|[from] lockedmove\n|-resisted|p2a: Emboar\n|-damage|p2a: Emboar|0 fnt\n|faint|p2a: Emboar\n|-damage|p1a: Lilligant|209/261|[from] item: Life Orb\n|\n|upkeep\n|\n|t:|1783549179\n|switch|p2a: Glaceon|Glaceon, L94, M|100/100\n|turn|11\n|inactive|Time left: 300 sec this turn | 300 sec total\n|\n|t:|1783549180\n|-terastallize|p1a: Lilligant|Grass\n|move|p1a: Lilligant|Petal Dance|p2a: Glaceon\n|-crit|p2a: Glaceon\n|-damage|p2a: Glaceon|0 fnt\n|faint|p2a: Glaceon\n|-damage|p1a: Lilligant|183/261|[from] item: Life Orb\n|\n|upkeep\n|\n|t:|1783549181\n|switch|p2a: Pachirisu|Pachirisu, L96, F|100/100\n|turn|12\n|inactive|Time left: 300 sec this turn | 300 sec total\n|\n|t:|1783549182\n|-terastallize|p2a: Pachirisu|Flying\n|move|p1a: Lilligant|Petal Dance|p2a: Pachirisu|[from] lockedmove\n|-resisted|p2a: Pachirisu\n|-damage|p2a: Pachirisu|41/100\n|-damage|p1a: Lilligant|157/261|[from] item: Life Orb\n|move|p2a: Pachirisu|U-turn|p1a: Lilligant\n|-supereffective|p1a: Lilligant\n|-damage|p1a: Lilligant|67/261\n|\n|t:|1783549183\n|switch|p2a: Azumarill|Azumarill, L82, F|48/100|[from] U-turn\n|\n|upkeep\n|turn|13\n|inactive|Time left: 300 sec this turn | 300 sec total\n|\n|t:|1783549184\n|move|p2a: Azumarill|Aqua Jet|p1a: Lilligant\n|-resisted|p1a: Lilligant\n|-damage|p1a: Lilligant|29/261\n|move|p1a: Lilligant|Petal Dance|p2a: Azumarill|[from] lockedmove\n|-supereffective|p2a: Azumarill\n|-damage|p2a: Azumarill|0 fnt\n|faint|p2a: Azumarill\n|-damage|p1a: Lilligant|3/261|[from] item: Life Orb\n|\n|upkeep\n|\n|t:|1783549185\n|switch|p2a: Pachirisu|Pachirisu, L96, F, tera:Flying|41/100\n|turn|14\n|inactive|Time left: 300 sec this turn | 300 sec total\n|\n|t:|1783549186\n|move|p1a: Lilligant|Petal Dance|p2a: Pachirisu\n|-resisted|p2a: Pachirisu\n|-damage|p2a: Pachirisu|0 fnt\n|faint|p2a: Pachirisu\n|-damage|p1a: Lilligant|0 fnt|[from] item: Life Orb\n|faint|p1a: Lilligant\n|\n|upkeep\n|inactive|Time left: 300 sec this turn | 300 sec total | 5 sec grace\n|\n|t:|1783549187\n|switch|p2a: Alcremie|Alcremie-Salted-Cream, L90, F|100/100\n|switch|p1a: Ting-Lu|Ting-Lu, L78|370/370\n|-ability|p1a: Ting-Lu|Vessel of Ruin\n|turn|15\n|inactive|Time left: 300 sec this turn | 300 sec total\n|\n|t:|1783549188\n|move|p2a: Alcremie|Calm Mind|p2a: Alcremie\n|-boost|p2a: Alcremie|spa|1\n|-boost|p2a: Alcremie|spd|1\n|move|p1a: Ting-Lu|Heavy Slam|p2a: Alcremie\n|-supereffective|p2a: Alcremie\n|-damage|p2a: Alcremie|37/100\n|\n|-heal|p2a: Alcremie|43/100|[from] item: Leftovers\n|upkeep\n|turn|16\n|inactive|Time left: 300 sec this turn | 300 sec total\n|\n|t:|1783549189\n|move|p2a: Alcremie|Recover|p2a: Alcremie\n|-heal|p2a: Alcremie|94/100\n|move|p1a: Ting-Lu|Heavy Slam|p2a: Alcremie\n|-supereffective|p2a: Alcremie\n|-damage|p2a: Alcremie|33/100\n|\n|-heal|p2a: Alcremie|39/100|[from] item: Leftovers\n|upkeep\n|turn|17\n|inactive|Time left: 300 sec this turn | 300 sec total\n|\n|t:|1783549190\n|move|p2a: Alcremie|Recover|p2a: Alcremie\n|-heal|p2a: Alcremie|89/100\n|move|p1a: Ting-Lu|Heavy Slam|p2a: Alcremie\n|-supereffective|p2a: Alcremie\n|-damage|p2a: Alcremie|27/100\n|\n|-heal|p2a: Alcremie|33/100|[from] item: Leftovers\n|upkeep\n|turn|18\n|inactive|Time left: 300 sec this turn | 300 sec total\n|\n|t:|1783549191\n|move|p2a: Alcremie|Recover|p2a: Alcremie\n|-heal|p2a: Alcremie|83/100\n|move|p1a: Ting-Lu|Heavy Slam|p2a: Alcremie\n|-supereffective|p2a: Alcremie\n|-damage|p2a: Alcremie|13/100\n|\n|-heal|p2a: Alcremie|19/100|[from] item: Leftovers\n|upkeep\n|turn|19\n|inactive|Time left: 300 sec this turn | 300 sec total\n|\n|t:|1783549192\n|move|p2a: Alcremie|Recover|p2a: Alcremie\n|-heal|p2a: Alcremie|69/100\n|move|p1a: Ting-Lu|Heavy Slam|p2a: Alcremie\n|-supereffective|p2a: Alcremie\n|-damage|p2a: Alcremie|8/100\n|\n|-heal|p2a: Alcremie|15/100|[from] item: Leftovers\n|upkeep\n|turn|20\n|inactive|Time left: 300 sec this turn | 300 sec total\n|\n|t:|1783549193\n|move|p2a: Alcremie|Recover|p2a: Alcremie\n|-heal|p2a: Alcremie|65/100\n|move|p1a: Ting-Lu|Heavy Slam|p2a: Alcremie\n|-supereffective|p2a: Alcremie\n|-damage|p2a: Alcremie|5/100\n|\n|-heal|p2a: Alcremie|11/100|[from] item: Leftovers\n|upkeep\n|turn|21\n|inactive|Time left: 300 sec this turn | 300 sec total\n|\n|t:|1783549195\n|move|p2a: Alcremie|Recover|p2a: Alcremie\n|-heal|p2a: Alcremie|61/100\n|move|p1a: Ting-Lu|Heavy Slam|p2a: Alcremie\n|-supereffective|p2a: Alcremie\n|-damage|p2a: Alcremie|0 fnt\n|faint|p2a: Alcremie\n|\n|win|p0x8016959", "uploadtime": 1783549195, "views": 0, "rating": 0, "private": 0, "password": null, "_winner": "p0x8016959", "_our_name": "p0x8016959"}