{"id": "battle-gen9randombattle-1672", "formatid": "gen9randombattle", "format": "[Gen 9] Random Battle", "players": ["p0x16725c93", "p0y1672a470"], "log": "|init|battle\n|title|p0x16725c93 vs. p0y1672a470\n|j|\u2606p0x16725c93\n|j|\u2606p0y1672a470\n|t:|1783559389\n|gametype|singles\n|player|p1|p0x16725c93|101|\n|player|p2|p0y1672a470|102|\n|gen|9\n|tier|[Gen 9] Random Battle\n|rule|Species Clause: Limit one of each Pok\u00e9mon\n|rule|HP Percentage Mod: HP is shown in percentages\n|rule|Sleep Clause Mod: Limit one foe put to sleep\n|rule|Illusion Level Mod: Illusion disguises the Pok\u00e9mon's true level\n|\n|t:|1783559389\n|teamsize|p1|6\n|teamsize|p2|6\n|start\n|switch|p1a: Malamar|Malamar, L82, F|100/100\n|switch|p2a: Heracross|Heracross, L80, M|259/259\n|turn|1\n|inactive|Battle timer is ON: inactive players will automatically lose when time's up. (requested by p0y1672a470)\n|inactive|p0x16725c93 also wants the timer to be on.\n|\n|t:|1783559391\n|move|p2a: Heracross|Trailblaze|p1a: Malamar\n|-damage|p1a: Malamar|85/100\n|-boost|p2a: Heracross|spe|1\n|move|p1a: Malamar|Knock Off|p2a: Heracross\n|-resisted|p2a: Heracross\n|-damage|p2a: Heracross|204/259\n|-enditem|p2a: Heracross|Flame Orb|[from] move: Knock Off|[of] p1a: Malamar\n|\n|-heal|p1a: Malamar|91/100|[from] item: Leftovers\n|upkeep\n|turn|2\n|inactive|Time left: 300 sec this turn | 300 sec total\n|\n|t:|1783559392\n|move|p2a: Heracross|Knock Off|p1a: Malamar\n|-damage|p1a: Malamar|64/100\n|-enditem|p1a: Malamar|Leftovers|[from] move: Knock Off|[of] p2a: Heracross\n|move|p1a: Malamar|Superpower|p2a: Heracross\n|-resisted|p2a: Heracross\n|-damage|p2a: Heracross|155/259\n|-boost|p1a: Malamar|atk|1\n|-boost|p1a: Malamar|def|1\n|\n|upkeep\n|turn|3\n|inactive|Time left: 300 sec this turn | 300 sec total\n|\n|t:|1783559393\n|switch|p2a: Typhlosion|Typhlosion-Hisui, L83, F|257/257\n|move|p1a: Malamar|Superpower|p2a: Typhlosion\n|-immune|p2a: Typhlosion\n|\n|upkeep\n|turn|4\n|inactive|Time left: 300 sec this turn | 300 sec total\n|\n|t:|1783559394\n|move|p2a: Typhlosion|Eruption|p1a: Malamar\n|-damage|p1a: Malamar|0 fnt\n|faint|p1a: Malamar\n|\n|upkeep\n|\n|t:|1783559395\n|switch|p1a: Klawf|Klawf, L90, F|100/100\n|turn|5\n|inactive|Time left: 300 sec this turn | 300 sec total\n|\n|t:|1783559396\n|switch|p2a: Hydreigon|Hydreigon, L79, M|275/275\n|move|p1a: Klawf|Stone Edge|p2a: Hydreigon\n|-damage|p2a: Hydreigon|136/275\n|\n|upkeep\n|turn|6\n|inactive|Time left: 300 sec this turn | 300 sec total\n|\n|t:|1783559398\n|move|p2a: Hydreigon|Draco Meteor|p1a: Klawf\n|-damage|p1a: Klawf|0 fnt\n|-unboost|p2a: Hydreigon|spa|2\n|faint|p1a: Klawf\n|\n|upkeep\n|\n|t:|1783559399\n|switch|p1a: Decidueye|Decidueye, L88, M|100/100\n|turn|7\n|inactive|Time left: 300 sec this turn | 300 sec total\n|\n|t:|1783559400\n|move|p2a: Hydreigon|Draco Meteor|p1a: Decidueye\n|-damage|p1a: Decidueye|64/100\n|-unboost|p2a: Hydreigon|spa|2\n|move|p1a: Decidueye|Swords Dance|p1a: Decidueye\n|-boost|p1a: Decidueye|atk|2\n|\n|upkeep\n|turn|8\n|inactive|Time left: 300 sec this turn | 300 sec total\n|\n|t:|1783559401\n|move|p2a: Hydreigon|Draco Meteor|p1a: Decidueye\n|-damage|p1a: Decidueye|42/100\n|-unboost|p2a: Hydreigon|spa|2\n|move|p1a: Decidueye|Poltergeist|p2a: Hydreigon\n|-activate|p2a: Hydreigon|move: Poltergeist|Choice Specs\n|-resisted|p2a: Hydreigon\n|-damage|p2a: Hydreigon|0 fnt\n|faint|p2a: Hydreigon\n|-damage|p1a: Decidueye|33/100|[from] item: Life Orb\n|\n|upkeep\n|inactive|Time left: 300 sec this turn | 300 sec total | 5 sec grace\n|\n|t:|1783559402\n|switch|p2a: Mimikyu|Mimikyu, L79, F|216/216\n|turn|9\n|inactive|Time left: 300 sec this turn | 300 sec total\n|\n|t:|1783559403\n|switch|p1a: Vikavolt|Vikavolt, L83, M|100/100\n|move|p2a: Mimikyu|Shadow Sneak|p1a: Vikavolt\n|-damage|p1a: Vikavolt|83/100\n|-damage|p2a: Mimikyu|195/216|[from] item: Life Orb\n|\n|upkeep\n|turn|10\n|inactive|Time left: 300 sec this turn | 300 sec total\n|\n|t:|1783559404\n|move|p2a: Mimikyu|Swords Dance|p2a: Mimikyu\n|-boost|p2a: Mimikyu|atk|2\n|move|p1a: Vikavolt|Sticky Web|p2a: Mimikyu\n|-sidestart|p2: p0y1672a470|move: Sticky Web\n|\n|upkeep\n|turn|11\n|inactive|Time left: 300 sec this turn | 300 sec total\n|\n|t:|1783559405\n|move|p2a: Mimikyu|Play Rough|p1a: Vikavolt\n|-damage|p1a: Vikavolt|11/100\n|-damage|p2a: Mimikyu|174/216|[from] item: Life Orb\n|move|p1a: Vikavolt|Bug Buzz|p2a: Mimikyu\n|-activate|p2a: Mimikyu|ability: Disguise\n|-damage|p2a: Mimikyu|174/216\n|-unboost|p2a: Mimikyu|spd|1\n|detailschange|p2a: Mimikyu|Mimikyu-Busted, L79, F\n|-damage|p2a: Mimikyu|147/216|[from] pokemon: Mimikyu-Busted\n|\n|upkeep\n|turn|12\n|inactive|Time left: 300 sec this turn | 300 sec total\n|\n|t:|1783559406\n|move|p2a: Mimikyu|Shadow Sneak|p1a: Vikavolt\n|-damage|p1a: Vikavolt|0 fnt\n|faint|p1a: Vikavolt\n|-damage|p2a: Mimikyu|126/216|[from] item: Life Orb\n|\n|upkeep\n|\n|t:|1783559407\n|switch|p1a: Iron Valiant|Iron Valiant, L78|100/100\n|turn|13\n|inactive|Time left: 300 sec this turn | 300 sec total\n|\n|t:|1783559408\n|move|p1a: Iron Valiant|Moonblast|p2a: Mimikyu\n|-damage|p2a: Mimikyu|0 fnt\n|faint|p2a: Mimikyu\n|-damage|p1a: Iron Valiant|91/100|[from] item: Life Orb\n|\n|upkeep\n|inactive|Time left: 300 sec this turn | 300 sec total | 5 sec grace\n|\n|t:|1783559409\n|switch|p2a: Primarina|Primarina, L83, M|268/268\n|-activate|p2a: Primarina|move: Sticky Web\n|-unboost|p2a: Primarina|spe|1\n|turn|14\n|inactive|Time left: 300 sec this turn | 300 sec total\n|\n|t:|1783559410\n|-end|p1a: Iron Valiant|Quark Drive|[silent]\n|switch|p1a: Decidueye|Decidueye, L88, M|33/100\n|move|p2a: Primarina|Moonblast|p1a: Decidueye\n|-damage|p1a: Decidueye|0 fnt\n|faint|p1a: Decidueye\n|\n|upkeep\n|\n|t:|1783559411\n|switch|p1a: Annihilape|Annihilape, L76, F|100/100\n|turn|15\n|inactive|Time left: 300 sec this turn | 300 sec total\n|\n|t:|1783559412\n|-terastallize|p1a: Annihilape|Water\n|move|p1a: Annihilape|Gunk Shot|p2a: Primarina\n|-supereffective|p2a: Primarina\n|-damage|p2a: Primarina|68/268\n|move|p2a: Primarina|Moonblast|p1a: Annihilape\n|-damage|p1a: Annihilape|36/100\n|\n|-heal|p1a: Annihilape|43/100|[from] item: Leftovers\n|upkeep\n|turn|16\n|inactive|Time left: 300 sec this turn | 300 sec total\n|\n|t:|1783559413\n|move|p1a: Annihilape|Gunk Shot|p2a: Primarina\n|-supereffective|p2a: Primarina\n|-damage|p2a: Primarina|0 fnt\n|faint|p2a: Primarina\n|\n|-heal|p1a: Annihilape|49/100|[from] item: Leftovers\n|upkeep\n|inactive|Time left: 300 sec this turn | 300 sec total | 5 sec grace\n|\n|t:|1783559414\n|switch|p2a: Vespiquen|Vespiquen, L99, F|299/299\n|-ability|p2a: Vespiquen|Pressure\n|turn|17\n|inactive|Time left: 300 sec this turn | 300 sec total\n|\n|t:|1783559415\n|move|p1a: Annihilape|Gunk Shot|p2a: Vespiquen\n|-damage|p2a: Vespiquen|237/299\n|move|p2a: Vespiquen|Hurricane|p1a: Annihilape\n|-damage|p1a: Annihilape|0 fnt\n|faint|p1a: Annihilape\n|\n|upkeep\n|\n|t:|1783559415\n|switch|p1a: Iron Valiant|Iron Valiant, L78|91/100\n|turn|18\n|inactive|Time left: 300 sec this turn | 300 sec total\n|\n|t:|1783559416\n|move|p1a: Iron Valiant|Calm Mind|p1a: Iron Valiant\n|-boost|p1a: Iron Valiant|spa|1\n|-boost|p1a: Iron Valiant|spd|1\n|move|p2a: Vespiquen|Hurricane|p1a: Iron Valiant\n|-supereffective|p1a: Iron Valiant\n|-damage|p1a: Iron Valiant|0 fnt\n|faint|p1a: Iron Valiant\n|-end|p1a: Iron Valiant|Quark Drive|[silent]\n|\n|win|p0y1672a470", "uploadtime": 1783559416, "views": 0, "rating": 0, "private": 0, "password": null, "_winner": "p0y1672a470", "_our_name": "p0y1672a470"}