{"id": "battle-gen9randombattle-252", "formatid": "gen9randombattle", "format": "[Gen 9] Random Battle", "players": ["p0x2528636", "p0y252bf87"], "log": "|init|battle\n|title|p0x2528636 vs. p0y252bf87\n|j|\u2606p0x2528636\n|j|\u2606p0y252bf87\n|t:|1783536203\n|gametype|singles\n|player|p1|p0x2528636|170|\n|player|p2|p0y252bf87|170|\n|gen|9\n|tier|[Gen 9] Random Battle\n|rule|Species Clause: Limit one of each Pok\u00e9mon\n|rule|HP Percentage Mod: HP is shown in percentages\n|rule|Sleep Clause Mod: Limit one foe put to sleep\n|rule|Illusion Level Mod: Illusion disguises the Pok\u00e9mon's true level\n|\n|t:|1783536203\n|teamsize|p1|6\n|teamsize|p2|6\n|start\n|switch|p1a: Okidogi|Okidogi, L77, M|100/100\n|switch|p2a: Copperajah|Copperajah, L86, M|350/350\n|turn|1\n|inactive|Battle timer is ON: inactive players will automatically lose when time's up. (requested by p0y252bf87)\n|inactive|p0x2528636 also wants the timer to be on.\n|\n|t:|1783536205\n|move|p1a: Okidogi|Knock Off|p2a: Copperajah\n|-damage|p2a: Copperajah|268/350\n|-enditem|p2a: Copperajah|Life Orb|[from] move: Knock Off|[of] p1a: Okidogi\n|move|p2a: Copperajah|Stealth Rock|p1a: Okidogi\n|-sidestart|p1: p0x2528636|move: Stealth Rock\n|\n|upkeep\n|turn|2\n|inactive|Time left: 300 sec this turn | 300 sec total\n|\n|t:|1783536206\n|switch|p2a: Overqwil|Overqwil, L82, F|274/274\n|-ability|p2a: Overqwil|Intimidate|boost\n|-unboost|p1a: Okidogi|atk|1\n|move|p1a: Okidogi|Drain Punch|p2a: Overqwil\n|-damage|p2a: Overqwil|223/274\n|\n|upkeep\n|turn|3\n|inactive|Time left: 300 sec this turn | 300 sec total\n|\n|t:|1783536207\n|switch|p1a: Squawkabilly|Squawkabilly, L85, M|100/100\n|-damage|p1a: Squawkabilly|76/100|[from] Stealth Rock\n|move|p2a: Overqwil|Swords Dance|p2a: Overqwil\n|-boost|p2a: Overqwil|atk|2\n|\n|-status|p1a: Squawkabilly|brn|[from] item: Flame Orb\n|upkeep\n|turn|4\n|inactive|Time left: 300 sec this turn | 300 sec total\n|\n|t:|1783536208\n|-terastallize|p1a: Squawkabilly|Normal\n|move|p1a: Squawkabilly|Facade|p2a: Overqwil\n|-damage|p2a: Overqwil|0 fnt\n|faint|p2a: Overqwil\n|\n|-damage|p1a: Squawkabilly|70/100 brn|[from] brn\n|upkeep\n|inactive|Time left: 300 sec this turn | 300 sec total | 5 sec grace\n|\n|t:|1783536209\n|switch|p2a: Glastrier|Glastrier, L86|311/311\n|turn|5\n|inactive|Time left: 300 sec this turn | 300 sec total\n|\n|t:|1783536210\n|switch|p1a: Forretress|Forretress, L84, M|100/100\n|-damage|p1a: Forretress|88/100|[from] Stealth Rock\n|move|p2a: Glastrier|Icicle Crash|p1a: Forretress|[miss]\n|-miss|p2a: Glastrier|p1a: Forretress\n|\n|-heal|p1a: Forretress|94/100|[from] item: Leftovers\n|upkeep\n|turn|6\n|inactive|Time left: 300 sec this turn | 300 sec total\n|\n|t:|1783536211\n|move|p1a: Forretress|Rapid Spin|p2a: Glastrier\n|-damage|p2a: Glastrier|287/311\n|-boost|p1a: Forretress|spe|1\n|-sideend|p1: p0x2528636|Stealth Rock|[from] move: Rapid Spin|[of] p1a: Forretress\n|move|p2a: Glastrier|Icicle Crash|p1a: Forretress\n|-resisted|p1a: Forretress\n|-damage|p1a: Forretress|68/100\n|\n|-heal|p1a: Forretress|74/100|[from] item: Leftovers\n|upkeep\n|turn|7\n|inactive|Time left: 300 sec this turn | 300 sec total\n|\n|t:|1783536212\n|move|p1a: Forretress|Iron Head|p2a: Glastrier\n|-supereffective|p2a: Glastrier\n|-damage|p2a: Glastrier|179/311\n|cant|p2a: Glastrier|flinch\n|\n|-heal|p1a: Forretress|80/100|[from] item: Leftovers\n|upkeep\n|turn|8\n|inactive|Time left: 300 sec this turn | 300 sec total\n|\n|t:|1783536213\n|move|p1a: Forretress|Iron Head|p2a: Glastrier\n|-supereffective|p2a: Glastrier\n|-damage|p2a: Glastrier|59/311\n|cant|p2a: Glastrier|flinch\n|\n|-heal|p1a: Forretress|86/100|[from] item: Leftovers\n|upkeep\n|turn|9\n|inactive|Time left: 300 sec this turn | 300 sec total\n|\n|t:|1783536214\n|switch|p2a: Noctowl|Noctowl, L95, M|344/344\n|move|p1a: Forretress|Iron Head|p2a: Noctowl\n|-damage|p2a: Noctowl|244/344\n|\n|-heal|p1a: Forretress|93/100|[from] item: Leftovers\n|upkeep\n|turn|10\n|inactive|Time left: 300 sec this turn | 300 sec total\n|\n|t:|1783536215\n|move|p2a: Noctowl|Hyper Voice|p1a: Forretress\n|-resisted|p1a: Forretress\n|-damage|p1a: Forretress|32/100\n|move|p1a: Forretress|Thunder Wave|p2a: Noctowl\n|-status|p2a: Noctowl|par\n|\n|-heal|p1a: Forretress|39/100|[from] item: Leftovers\n|upkeep\n|turn|11\n|inactive|Time left: 300 sec this turn | 300 sec total\n|\n|t:|1783536216\n|move|p1a: Forretress|Iron Head|p2a: Noctowl\n|-damage|p2a: Noctowl|147/344 par\n|move|p2a: Noctowl|Hyper Voice|p1a: Forretress\n|-resisted|p1a: Forretress\n|-damage|p1a: Forretress|0 fnt\n|faint|p1a: Forretress\n|\n|upkeep\n|\n|t:|1783536217\n|switch|p1a: Squawkabilly|Squawkabilly, L85, M, tera:Normal|70/100 brn\n|turn|12\n|inactive|Time left: 300 sec this turn | 300 sec total\n|\n|t:|1783536217\n|move|p1a: Squawkabilly|Facade|p2a: Noctowl\n|-damage|p2a: Noctowl|0 fnt\n|faint|p2a: Noctowl\n|\n|-damage|p1a: Squawkabilly|63/100 brn|[from] brn\n|upkeep\n|inactive|Time left: 300 sec this turn | 300 sec total | 5 sec grace\n|\n|t:|1783536218\n|switch|p2a: Copperajah|Copperajah, L86, M|268/350\n|turn|13\n|inactive|Time left: 300 sec this turn | 300 sec total\n|\n|t:|1783536219\n|switch|p1a: Okidogi|Okidogi, L77, M|100/100\n|move|p2a: Copperajah|Iron Head|p1a: Okidogi\n|-damage|p1a: Okidogi|52/100\n|\n|upkeep\n|turn|14\n|inactive|Time left: 300 sec this turn | 300 sec total\n|\n|t:|1783536221\n|switch|p2a: Rayquaza|Rayquaza, L72|270/270\n|-ability|p2a: Rayquaza|Air Lock\n|move|p1a: Okidogi|Drain Punch|p2a: Rayquaza\n|-resisted|p2a: Rayquaza\n|-damage|p2a: Rayquaza|226/270\n|-heal|p1a: Okidogi|61/100|[from] drain|[of] p2a: Rayquaza\n|-status|p2a: Rayquaza|tox|[from] ability: Toxic Chain|[of] p1a: Okidogi\n|\n|-damage|p2a: Rayquaza|210/270 tox|[from] psn\n|upkeep\n|turn|15\n|inactive|Time left: 300 sec this turn | 300 sec total\n|\n|t:|1783536222\n|move|p2a: Rayquaza|Earthquake|p1a: Okidogi\n|-supereffective|p1a: Okidogi\n|-damage|p1a: Okidogi|0 fnt\n|faint|p1a: Okidogi\n|\n|-damage|p2a: Rayquaza|178/270 tox|[from] psn\n|upkeep\n|\n|t:|1783536222\n|switch|p1a: Squawkabilly|Squawkabilly, L85, M, tera:Normal|63/100 brn\n|turn|16\n|inactive|Time left: 300 sec this turn | 300 sec total\n|\n|t:|1783536223\n|switch|p2a: Glastrier|Glastrier, L86|59/311\n|move|p1a: Squawkabilly|Facade|p2a: Glastrier\n|-damage|p2a: Glastrier|0 fnt\n|faint|p2a: Glastrier\n|\n|-damage|p1a: Squawkabilly|57/100 brn|[from] brn\n|upkeep\n|inactive|Time left: 300 sec this turn | 300 sec total | 5 sec grace\n|\n|t:|1783536224\n|switch|p2a: Copperajah|Copperajah, L86, M|268/350\n|turn|17\n|inactive|Time left: 300 sec this turn | 300 sec total\n|\n|t:|1783536225\n|move|p1a: Squawkabilly|U-turn|p2a: Copperajah\n|-resisted|p2a: Copperajah\n|-damage|p2a: Copperajah|224/350\n|\n|t:|1783536226\n|switch|p1a: Brute Bonnet|Brute Bonnet, L80|100/100|[from] U-turn\n|move|p2a: Copperajah|Iron Head|p1a: Brute Bonnet\n|-damage|p1a: Brute Bonnet|58/100\n|\n|-heal|p1a: Brute Bonnet|64/100|[from] item: Leftovers\n|upkeep\n|turn|18\n|inactive|Time left: 300 sec this turn | 300 sec total\n|\n|t:|1783536228\n|switch|p2a: Rayquaza|Rayquaza, L72|178/270 tox\n|-ability|p2a: Rayquaza|Air Lock\n|move|p1a: Brute Bonnet|Spore||[still]\n|-fail|p1a: Brute Bonnet\n|\n|-heal|p1a: Brute Bonnet|70/100|[from] item: Leftovers\n|-damage|p2a: Rayquaza|162/270 tox|[from] psn\n|upkeep\n|turn|19\n|inactive|Time left: 300 sec this turn | 300 sec total\n|\n|t:|1783536229\n|-end|p1a: Brute Bonnet|Protosynthesis|[silent]\n|switch|p1a: Swalot|Swalot, L90, M|100/100\n|move|p2a: Rayquaza|U-turn|p1a: Swalot\n|-resisted|p1a: Swalot\n|-damage|p1a: Swalot|90/100\n|inactive|Time left: 300 sec this turn | 300 sec total | 5 sec grace\n|\n|t:|1783536230\n|switch|p2a: Copperajah|Copperajah, L86, M|224/350|[from] U-turn\n|\n|-heal|p1a: Swalot|96/100|[from] item: Leftovers\n|upkeep\n|turn|20\n|inactive|Time left: 300 sec this turn | 300 sec total\n|\n|t:|1783536231\n|move|p1a: Swalot|Knock Off|p2a: Copperajah\n|-damage|p2a: Copperajah|175/350\n|move|p2a: Copperajah|Iron Head|p1a: Swalot\n|-damage|p1a: Swalot|53/100\n|\n|-heal|p1a: Swalot|59/100|[from] item: Leftovers\n|upkeep\n|turn|21\n|inactive|Time left: 300 sec this turn | 300 sec total\n|\n|t:|1783536232\n|switch|p1a: Brute Bonnet|Brute Bonnet, L80|70/100\n|move|p2a: Copperajah|Iron Head|p1a: Brute Bonnet\n|-damage|p1a: Brute Bonnet|26/100\n|\n|-heal|p1a: Brute Bonnet|33/100|[from] item: Leftovers\n|upkeep\n|turn|22\n|inactive|Time left: 300 sec this turn | 300 sec total\n|\n|t:|1783536233\n|move|p1a: Brute Bonnet|Close Combat|p2a: Copperajah\n|-supereffective|p2a: Copperajah\n|-damage|p2a: Copperajah|0 fnt\n|-unboost|p1a: Brute Bonnet|def|1\n|-unboost|p1a: Brute Bonnet|spd|1\n|faint|p2a: Copperajah\n|\n|-heal|p1a: Brute Bonnet|39/100|[from] item: Leftovers\n|upkeep\n|inactive|Time left: 300 sec this turn | 300 sec total | 5 sec grace\n|\n|t:|1783536234\n|switch|p2a: Rayquaza|Rayquaza, L72|162/270 tox\n|-ability|p2a: Rayquaza|Air Lock\n|turn|23\n|inactive|Time left: 300 sec this turn | 300 sec total\n|\n|t:|1783536235\n|-end|p1a: Brute Bonnet|Protosynthesis|[silent]\n|switch|p1a: Terrakion|Terrakion, L79|100/100\n|move|p2a: Rayquaza|Dragon Ascent|p1a: Terrakion\n|-damage|p1a: Terrakion|24/100\n|-unboost|p2a: Rayquaza|def|1\n|-unboost|p2a: Rayquaza|spd|1\n|\n|-damage|p2a: Rayquaza|146/270 tox|[from] psn\n|upkeep\n|turn|24\n|inactive|Time left: 300 sec this turn | 300 sec total\n|\n|t:|1783536237\n|move|p1a: Terrakion|Close Combat|p2a: Rayquaza\n|-resisted|p2a: Rayquaza\n|-damage|p2a: Rayquaza|0 fnt\n|-unboost|p1a: Terrakion|def|1\n|-unboost|p1a: Terrakion|spd|1\n|faint|p2a: Rayquaza\n|\n|upkeep\n|inactive|Time left: 300 sec this turn | 300 sec total | 5 sec grace\n|\n|t:|1783536237\n|switch|p2a: Infernape|Infernape, L82, M|259/259\n|turn|25\n|inactive|Time left: 300 sec this turn | 300 sec total\n|\n|t:|1783536239\n|move|p2a: Infernape|Stone Edge|p1a: Terrakion\n|-resisted|p1a: Terrakion\n|-damage|p1a: Terrakion|0 fnt\n|faint|p1a: Terrakion\n|-damage|p2a: Infernape|234/259|[from] item: Life Orb\n|\n|upkeep\n|\n|t:|1783536240\n|switch|p1a: Swalot|Swalot, L90, M|59/100\n|turn|26\n|inactive|Time left: 300 sec this turn | 300 sec total\n|\n|t:|1783536241\n|-terastallize|p2a: Infernape|Fire\n|move|p2a: Infernape|Overheat|p1a: Swalot\n|-damage|p1a: Swalot|0 fnt\n|-unboost|p2a: Infernape|spa|2\n|faint|p1a: Swalot\n|-damage|p2a: Infernape|209/259|[from] item: Life Orb\n|\n|upkeep\n|\n|t:|1783536242\n|switch|p1a: Brute Bonnet|Brute Bonnet, L80|39/100\n|turn|27\n|inactive|Time left: 300 sec this turn | 300 sec total\n|\n|t:|1783536243\n|move|p1a: Brute Bonnet|Sucker Punch|p2a: Infernape\n|-damage|p2a: Infernape|112/259\n|move|p2a: Infernape|Stone Edge|p1a: Brute Bonnet\n|-damage|p1a: Brute Bonnet|9/100\n|-damage|p2a: Infernape|87/259|[from] item: Life Orb\n|\n|-heal|p1a: Brute Bonnet|15/100|[from] item: Leftovers\n|upkeep\n|turn|28\n|inactive|Time left: 300 sec this turn | 300 sec total\n|\n|t:|1783536244\n|move|p1a: Brute Bonnet|Sucker Punch|p2a: Infernape\n|-damage|p2a: Infernape|0 fnt\n|faint|p2a: Infernape\n|\n|win|p0x2528636", "uploadtime": 1783536244, "views": 0, "rating": 0, "private": 0, "password": null, "_winner": "p0x2528636", "_our_name": "p0y252bf87"}