{"id": "battle-gen9randombattle-1297", "formatid": "gen9randombattle", "format": "[Gen 9] Random Battle", "players": ["p0x1297befa", "p0y12972abe"], "log": "|init|battle\n|title|p0x1297befa vs. p0y12972abe\n|j|\u2606p0x1297befa\n|j|\u2606p0y12972abe\n|t:|1783554186\n|gametype|singles\n|player|p1|p0x1297befa|266|\n|player|p2|p0y12972abe|1|\n|gen|9\n|tier|[Gen 9] Random Battle\n|rule|Species Clause: Limit one of each Pok\u00e9mon\n|rule|HP Percentage Mod: HP is shown in percentages\n|rule|Sleep Clause Mod: Limit one foe put to sleep\n|rule|Illusion Level Mod: Illusion disguises the Pok\u00e9mon's true level\n|\n|t:|1783554186\n|teamsize|p1|6\n|teamsize|p2|6\n|start\n|switch|p1a: Bisharp|Bisharp, L79, F|232/232\n|switch|p2a: Garchomp|Garchomp, L74, M|100/100\n|turn|1\n|inactive|Battle timer is ON: inactive players will automatically lose when time's up. (requested by p0y12972abe)\n|inactive|Time left: 300 sec this turn | 300 sec total | 60 sec grace\n|\n|t:|1783554187\n|move|p2a: Garchomp|Earthquake|p1a: Bisharp\n|-supereffective|p1a: Bisharp\n|-damage|p1a: Bisharp|88/232\n|move|p1a: Bisharp|Swords Dance|p1a: Bisharp\n|-boost|p1a: Bisharp|atk|2\n|\n|upkeep\n|turn|2\n|inactive|Time left: 300 sec this turn | 300 sec total\n|inactive|p0x1297befa also wants the timer to be on.\n|\n|t:|1783554188\n|move|p2a: Garchomp|Earthquake|p1a: Bisharp\n|-supereffective|p1a: Bisharp\n|-damage|p1a: Bisharp|0 fnt\n|faint|p1a: Bisharp\n|\n|upkeep\n|inactive|Time left: 300 sec this turn | 300 sec total | 5 sec grace\n|\n|t:|1783554189\n|switch|p1a: Dipplin|Dipplin, L88, F|284/284\n|turn|3\n|inactive|Time left: 300 sec this turn | 300 sec total\n|\n|t:|1783554191\n|move|p2a: Garchomp|Stealth Rock|p1a: Dipplin\n|-sidestart|p1: p0x1297befa|move: Stealth Rock\n|move|p1a: Dipplin|Dragon Pulse|p2a: Garchomp\n|-supereffective|p2a: Garchomp\n|-damage|p2a: Garchomp|25/100\n|\n|upkeep\n|turn|4\n|inactive|Time left: 300 sec this turn | 300 sec total\n|\n|t:|1783554192\n|switch|p2a: Porygon2|Porygon2, L81|100/100\n|-ability|p2a: Porygon2|Download|boost\n|-boost|p2a: Porygon2|spa|1\n|move|p1a: Dipplin|Dragon Pulse|p2a: Porygon2\n|-damage|p2a: Porygon2|78/100\n|\n|upkeep\n|turn|5\n|inactive|Time left: 300 sec this turn | 300 sec total\n|\n|t:|1783554193\n|move|p2a: Porygon2|Tera Blast|p1a: Dipplin\n|-damage|p1a: Dipplin|202/284\n|move|p1a: Dipplin|Dragon Tail|p2a: Porygon2\n|-damage|p2a: Porygon2|63/100\n|drag|p2a: Mimikyu|Mimikyu, L79, F|100/100\n|\n|upkeep\n|turn|6\n|inactive|Time left: 300 sec this turn | 300 sec total\n|\n|t:|1783554194\n|move|p2a: Mimikyu|Swords Dance|p2a: Mimikyu\n|-boost|p2a: Mimikyu|atk|2\n|move|p1a: Dipplin|Dragon Tail|p2a: Mimikyu\n|-immune|p2a: Mimikyu\n|\n|upkeep\n|turn|7\n|inactive|Time left: 300 sec this turn | 300 sec total\n|\n|t:|1783554195\n|move|p2a: Mimikyu|Play Rough|p1a: Dipplin\n|-supereffective|p1a: Dipplin\n|-damage|p1a: Dipplin|0 fnt\n|faint|p1a: Dipplin\n|-damage|p2a: Mimikyu|91/100|[from] item: Life Orb\n|\n|upkeep\n|inactive|Time left: 300 sec this turn | 300 sec total | 5 sec grace\n|\n|t:|1783554196\n|switch|p1a: Sandaconda|Sandaconda, L84, F|258/258\n|-damage|p1a: Sandaconda|242/258|[from] Stealth Rock\n|turn|8\n|inactive|Time left: 300 sec this turn | 300 sec total\n|\n|t:|1783554198\n|move|p2a: Mimikyu|Play Rough|p1a: Sandaconda\n|-damage|p1a: Sandaconda|85/258\n|-damage|p2a: Mimikyu|81/100|[from] item: Life Orb\n|move|p1a: Sandaconda|Glare|p2a: Mimikyu\n|-status|p2a: Mimikyu|par\n|\n|-heal|p1a: Sandaconda|101/258|[from] item: Leftovers\n|upkeep\n|turn|9\n|inactive|Time left: 300 sec this turn | 300 sec total\n|\n|t:|1783554199\n|move|p1a: Sandaconda|Rest|p1a: Sandaconda\n|-status|p1a: Sandaconda|slp|[from] move: Rest\n|-heal|p1a: Sandaconda|258/258 slp|[silent]\n|move|p2a: Mimikyu|Play Rough|p1a: Sandaconda\n|-damage|p1a: Sandaconda|98/258 slp\n|-damage|p2a: Mimikyu|71/100 par|[from] item: Life Orb\n|\n|-activate|p1a: Sandaconda|ability: Shed Skin\n|-curestatus|p1a: Sandaconda|slp|[msg]\n|-heal|p1a: Sandaconda|114/258|[from] item: Leftovers\n|upkeep\n|turn|10\n|inactive|Time left: 300 sec this turn | 300 sec total\n|\n|t:|1783554200\n|move|p1a: Sandaconda|Rest|p1a: Sandaconda\n|-status|p1a: Sandaconda|slp|[from] move: Rest\n|-heal|p1a: Sandaconda|258/258 slp|[silent]\n|move|p2a: Mimikyu|Play Rough|p1a: Sandaconda\n|-damage|p1a: Sandaconda|94/258 slp\n|-damage|p2a: Mimikyu|62/100 par|[from] item: Life Orb\n|\n|-activate|p1a: Sandaconda|ability: Shed Skin\n|-curestatus|p1a: Sandaconda|slp|[msg]\n|-heal|p1a: Sandaconda|110/258|[from] item: Leftovers\n|upkeep\n|turn|11\n|inactive|Time left: 300 sec this turn | 300 sec total\n|\n|t:|1783554201\n|move|p1a: Sandaconda|Rest|p1a: Sandaconda\n|-status|p1a: Sandaconda|slp|[from] move: Rest\n|-heal|p1a: Sandaconda|258/258 slp|[silent]\n|cant|p2a: Mimikyu|par\n|\n|upkeep\n|turn|12\n|inactive|Time left: 300 sec this turn | 300 sec total\n|\n|t:|1783554202\n|switch|p2a: Conkeldurr|Conkeldurr, L80, F|100/100\n|cant|p1a: Sandaconda|slp\n|\n|-status|p2a: Conkeldurr|brn|[from] item: Flame Orb\n|upkeep\n|turn|13\n|inactive|Time left: 300 sec this turn | 300 sec total\n|\n|t:|1783554203\n|cant|p1a: Sandaconda|slp\n|move|p2a: Conkeldurr|Knock Off|p1a: Sandaconda\n|-crit|p1a: Sandaconda\n|-damage|p1a: Sandaconda|119/258 slp\n|-enditem|p1a: Sandaconda|Leftovers|[from] move: Knock Off|[of] p2a: Conkeldurr\n|\n|-damage|p2a: Conkeldurr|94/100 brn|[from] brn\n|upkeep\n|turn|14\n|inactive|Time left: 300 sec this turn | 300 sec total\n|\n|t:|1783554204\n|-curestatus|p1a: Sandaconda|slp|[msg]\n|move|p1a: Sandaconda|Rest|p1a: Sandaconda\n|-status|p1a: Sandaconda|slp|[from] move: Rest\n|-heal|p1a: Sandaconda|258/258 slp|[silent]\n|move|p2a: Conkeldurr|Facade|p1a: Sandaconda\n|-damage|p1a: Sandaconda|130/258 slp\n|\n|-damage|p2a: Conkeldurr|88/100 brn|[from] brn\n|upkeep\n|turn|15\n|inactive|Time left: 300 sec this turn | 300 sec total\n|\n|t:|1783554205\n|cant|p1a: Sandaconda|slp\n|move|p2a: Conkeldurr|Facade|p1a: Sandaconda\n|-damage|p1a: Sandaconda|0 fnt\n|faint|p1a: Sandaconda\n|\n|-damage|p2a: Conkeldurr|82/100 brn|[from] brn\n|upkeep\n|inactive|Time left: 300 sec this turn | 300 sec total | 5 sec grace\n|\n|t:|1783554206\n|switch|p1a: Azelf|Azelf, L82|257/257\n|-damage|p1a: Azelf|225/257|[from] Stealth Rock\n|turn|16\n|inactive|Time left: 300 sec this turn | 300 sec total\n|\n|t:|1783554207\n|switch|p2a: Porygon2|Porygon2, L81|63/100\n|-ability|p2a: Porygon2|Download|boost\n|-boost|p2a: Porygon2|spa|1\n|move|p1a: Azelf|Psychic|p2a: Porygon2\n|-damage|p2a: Porygon2|28/100\n|-damage|p1a: Azelf|200/257|[from] item: Life Orb\n|\n|upkeep\n|turn|17\n|inactive|Time left: 300 sec this turn | 300 sec total\n|\n|t:|1783554208\n|switch|p2a: Greninja|Greninja, L80, M|100/100\n|move|p1a: Azelf|Psychic|p2a: Greninja\n|-immune|p2a: Greninja\n|\n|upkeep\n|turn|18\n|inactive|Time left: 300 sec this turn | 300 sec total\n|\n|t:|1783554209\n|switch|p1a: Slowking|Slowking, L88, M|310/310\n|move|p2a: Greninja|Hydro Pump|p1a: Slowking\n|-start|p2a: Greninja|typechange|Water|[from] ability: Protean\n|-resisted|p1a: Slowking\n|-damage|p1a: Slowking|248/310\n|-damage|p2a: Greninja|91/100|[from] item: Life Orb\n|\n|upkeep\n|turn|19\n|inactive|Time left: 300 sec this turn | 300 sec total\n|\n|t:|1783554210\n|move|p2a: Greninja|Gunk Shot|p1a: Slowking\n|-damage|p1a: Slowking|145/310\n|-damage|p2a: Greninja|81/100|[from] item: Life Orb\n|move|p1a: Slowking|Scald|p2a: Greninja\n|-resisted|p2a: Greninja\n|-damage|p2a: Greninja|59/100\n|-status|p2a: Greninja|brn\n|\n|-damage|p2a: Greninja|53/100 brn|[from] brn\n|upkeep\n|turn|20\n|inactive|Time left: 300 sec this turn | 300 sec total\n|\n|t:|1783554211\n|switch|p2a: Mimikyu|Mimikyu, L79, F|62/100 par\n|move|p1a: Slowking|Slack Off|p1a: Slowking\n|-heal|p1a: Slowking|300/310\n|\n|upkeep\n|turn|21\n|inactive|Time left: 300 sec this turn | 300 sec total\n|\n|t:|1783554212\n|move|p1a: Slowking|Future Sight|p2a: Mimikyu\n|-start|p1a: Slowking|move: Future Sight\n|move|p2a: Mimikyu|Swords Dance|p2a: Mimikyu\n|-boost|p2a: Mimikyu|atk|2\n|\n|upkeep\n|turn|22\n|inactive|Time left: 300 sec this turn | 300 sec total\n|\n|t:|1783554213\n|move|p1a: Slowking|Scald|p2a: Mimikyu\n|-activate|p2a: Mimikyu|ability: Disguise\n|-damage|p2a: Mimikyu|62/100 par\n|detailschange|p2a: Mimikyu|Mimikyu-Busted, L79, F\n|-damage|p2a: Mimikyu|49/100 par|[from] pokemon: Mimikyu-Busted\n|move|p2a: Mimikyu|Shadow Claw|p1a: Slowking\n|-supereffective|p1a: Slowking\n|-damage|p1a: Slowking|0 fnt\n|faint|p1a: Slowking\n|-damage|p2a: Mimikyu|39/100 par|[from] item: Life Orb\n|\n|upkeep\n|inactive|Time left: 300 sec this turn | 300 sec total | 5 sec grace\n|\n|t:|1783554214\n|switch|p1a: Charizard|Charizard, L85, M|271/271\n|turn|23\n|inactive|Time left: 300 sec this turn | 300 sec total\n|\n|t:|1783554215\n|move|p2a: Mimikyu|Shadow Sneak|p1a: Charizard\n|-damage|p1a: Charizard|174/271\n|-damage|p2a: Mimikyu|30/100 par|[from] item: Life Orb\n|move|p1a: Charizard|Swords Dance|p1a: Charizard\n|-boost|p1a: Charizard|atk|2\n|\n|-end|p2a: Mimikyu|move: Future Sight\n|-damage|p2a: Mimikyu|0 fnt\n|faint|p2a: Mimikyu\n|upkeep\n|\n|t:|1783554216\n|switch|p2a: Sandaconda|Sandaconda, L84, M|100/100\n|turn|24\n|inactive|Time left: 300 sec this turn | 300 sec total\n|\n|t:|1783554217\n|-terastallize|p1a: Charizard|Dragon\n|move|p1a: Charizard|Outrage|p2a: Sandaconda\n|-damage|p2a: Sandaconda|28/100\n|move|p2a: Sandaconda|Stone Edge|p1a: Charizard\n|-damage|p1a: Charizard|91/271\n|\n|-heal|p2a: Sandaconda|35/100|[from] item: Leftovers\n|upkeep\n|turn|25\n|inactive|Time left: 300 sec this turn | 300 sec total\n|\n|t:|1783554219\n|switch|p2a: Garchomp|Garchomp, L74, M|25/100\n|move|p1a: Charizard|Outrage|p2a: Garchomp|[from] lockedmove\n|-supereffective|p2a: Garchomp\n|-damage|p2a: Garchomp|0 fnt\n|-damage|p1a: Charizard|58/271|[from] ability: Rough Skin|[of] p2a: Garchomp\n|-damage|p1a: Charizard|13/271|[from] item: Rocky Helmet|[of] p2a: Garchomp\n|faint|p2a: Garchomp\n|\n|upkeep\n|\n|t:|1783554219\n|switch|p2a: Conkeldurr|Conkeldurr, L80, F|82/100 brn\n|turn|26\n|inactive|Time left: 300 sec this turn | 300 sec total\n|\n|t:|1783554220\n|-terastallize|p2a: Conkeldurr|Normal\n|move|p2a: Conkeldurr|Mach Punch|p1a: Charizard\n|-damage|p1a: Charizard|0 fnt\n|faint|p1a: Charizard\n|\n|-damage|p2a: Conkeldurr|76/100 brn|[from] brn\n|upkeep\n|inactive|Time left: 300 sec this turn | 300 sec total | 5 sec grace\n|\n|t:|1783554221\n|switch|p1a: Azelf|Azelf, L82|200/257\n|-damage|p1a: Azelf|168/257|[from] Stealth Rock\n|turn|27\n|inactive|Time left: 300 sec this turn | 300 sec total\n|\n|t:|1783554222\n|move|p1a: Azelf|Nasty Plot|p1a: Azelf\n|-boost|p1a: Azelf|spa|2\n|move|p2a: Conkeldurr|Facade|p1a: Azelf\n|-damage|p1a: Azelf|0 fnt\n|faint|p1a: Azelf\n|\n|win|p0y12972abe", "uploadtime": 1783554222, "views": 0, "rating": 0, "private": 0, "password": null, "_winner": "p0y12972abe", "_our_name": "p0x1297befa"}