{"id": "battle-gen9randombattle-48", "formatid": "gen9randombattle", "format": "[Gen 9] Random Battle", "players": ["p0x047b0f4", "p0y0475444"], "log": "|init|battle\n|title|p0x047b0f4 vs. p0y0475444\n|j|\u2606p0x047b0f4\n|j|\u2606p0y0475444\n|t:|1783533773\n|gametype|singles\n|player|p1|p0x047b0f4|169|\n|player|p2|p0y0475444|266|\n|gen|9\n|tier|[Gen 9] Random Battle\n|rule|Species Clause: Limit one of each Pok\u00e9mon\n|rule|HP Percentage Mod: HP is shown in percentages\n|rule|Sleep Clause Mod: Limit one foe put to sleep\n|rule|Illusion Level Mod: Illusion disguises the Pok\u00e9mon's true level\n|\n|t:|1783533773\n|teamsize|p1|6\n|teamsize|p2|6\n|start\n|switch|p1a: Iron Bundle|Iron Bundle, L78|100/100\n|switch|p2a: Toedscruel|Toedscruel, L87, M|281/281\n|turn|1\n|inactive|Battle timer is ON: inactive players will automatically lose when time's up. (requested by p0y0475444)\n|inactive|p0x047b0f4 also wants the timer to be on.\n|\n|t:|1783533775\n|switch|p2a: Spidops|Spidops, L96, F|271/271\n|move|p1a: Iron Bundle|Ice Beam|p2a: Spidops\n|-damage|p2a: Spidops|135/271\n|-status|p2a: Spidops|frz\n|\n|upkeep\n|turn|2\n|inactive|Time left: 300 sec this turn | 300 sec total\n|\n|t:|1783533776\n|switch|p2a: Cloyster|Cloyster, L80, F|211/211\n|move|p1a: Iron Bundle|Ice Beam|p2a: Cloyster\n|-resisted|p2a: Cloyster\n|-damage|p2a: Cloyster|143/211\n|\n|upkeep\n|turn|3\n|inactive|Time left: 300 sec this turn | 300 sec total\n|\n|t:|1783533777\n|move|p1a: Iron Bundle|Ice Beam|p2a: Cloyster\n|-resisted|p2a: Cloyster\n|-damage|p2a: Cloyster|75/211\n|move|p2a: Cloyster|Shell Smash|p2a: Cloyster\n|-unboost|p2a: Cloyster|def|1\n|-unboost|p2a: Cloyster|spd|1\n|-boost|p2a: Cloyster|atk|2\n|-boost|p2a: Cloyster|spa|2\n|-boost|p2a: Cloyster|spe|2\n|-enditem|p2a: Cloyster|White Herb\n|-clearnegativeboost|p2a: Cloyster|[silent]\n|\n|upkeep\n|turn|4\n|inactive|Time left: 300 sec this turn | 300 sec total\n|\n|t:|1783533778\n|move|p2a: Cloyster|Rock Blast|p1a: Iron Bundle\n|-supereffective|p1a: Iron Bundle\n|-damage|p1a: Iron Bundle|74/100\n|-supereffective|p1a: Iron Bundle\n|-damage|p1a: Iron Bundle|47/100\n|-supereffective|p1a: Iron Bundle\n|-damage|p1a: Iron Bundle|18/100\n|-supereffective|p1a: Iron Bundle\n|-damage|p1a: Iron Bundle|0 fnt\n|faint|p1a: Iron Bundle\n|-end|p1a: Iron Bundle|Quark Drive|[silent]\n|-hitcount|p1: Iron Bundle|4\n|\n|upkeep\n|\n|t:|1783533779\n|switch|p1a: Tentacruel|Tentacruel, L84, F|100/100\n|turn|5\n|inactive|Time left: 300 sec this turn | 300 sec total\n|\n|t:|1783533780\n|-terastallize|p2a: Cloyster|Ground\n|move|p2a: Cloyster|Drill Run|p1a: Tentacruel\n|-supereffective|p1a: Tentacruel\n|-damage|p1a: Tentacruel|0 fnt\n|faint|p1a: Tentacruel\n|\n|upkeep\n|\n|t:|1783533780\n|switch|p1a: Gogoat|Gogoat, L88, F|100/100\n|turn|6\n|inactive|Time left: 300 sec this turn | 300 sec total\n|\n|t:|1783533782\n|-terastallize|p1a: Gogoat|Water\n|move|p2a: Cloyster|Icicle Spear|p1a: Gogoat\n|-resisted|p1a: Gogoat\n|-damage|p1a: Gogoat|93/100\n|-resisted|p1a: Gogoat\n|-damage|p1a: Gogoat|85/100\n|-resisted|p1a: Gogoat\n|-damage|p1a: Gogoat|78/100\n|-resisted|p1a: Gogoat\n|-damage|p1a: Gogoat|69/100\n|-resisted|p1a: Gogoat\n|-damage|p1a: Gogoat|61/100\n|-hitcount|p1a: Gogoat|5\n|move|p1a: Gogoat|Horn Leech|p2a: Cloyster\n|-supereffective|p2a: Cloyster\n|-damage|p2a: Cloyster|0 fnt\n|-heal|p1a: Gogoat|72/100|[from] drain|[of] p2a: Cloyster\n|faint|p2a: Cloyster\n|\n|-heal|p1a: Gogoat|78/100|[from] item: Leftovers\n|upkeep\n|inactive|Time left: 300 sec this turn | 300 sec total | 5 sec grace\n|\n|t:|1783533783\n|switch|p2a: Zarude|Zarude, L77|288/288\n|turn|7\n|inactive|Time left: 300 sec this turn | 300 sec total\n|\n|t:|1783533784\n|move|p2a: Zarude|Knock Off|p1a: Gogoat\n|-damage|p1a: Gogoat|26/100\n|-enditem|p1a: Gogoat|Leftovers|[from] move: Knock Off|[of] p2a: Zarude\n|move|p1a: Gogoat|Bulk Up|p1a: Gogoat\n|-boost|p1a: Gogoat|atk|1\n|-boost|p1a: Gogoat|def|1\n|\n|upkeep\n|turn|8\n|inactive|Time left: 300 sec this turn | 300 sec total\n|\n|t:|1783533785\n|move|p2a: Zarude|Knock Off|p1a: Gogoat\n|-damage|p1a: Gogoat|3/100\n|move|p1a: Gogoat|Milk Drink|p1a: Gogoat\n|-heal|p1a: Gogoat|53/100\n|\n|upkeep\n|turn|9\n|inactive|Time left: 300 sec this turn | 300 sec total\n|\n|t:|1783533786\n|move|p2a: Zarude|Knock Off|p1a: Gogoat\n|-damage|p1a: Gogoat|31/100\n|move|p1a: Gogoat|Bulk Up|p1a: Gogoat\n|-boost|p1a: Gogoat|atk|1\n|-boost|p1a: Gogoat|def|1\n|\n|upkeep\n|turn|10\n|inactive|Time left: 300 sec this turn | 300 sec total\n|\n|t:|1783533787\n|move|p2a: Zarude|Knock Off|p1a: Gogoat\n|-damage|p1a: Gogoat|14/100\n|move|p1a: Gogoat|Horn Leech|p2a: Zarude\n|-resisted|p2a: Zarude\n|-damage|p2a: Zarude|208/288\n|-heal|p1a: Gogoat|25/100|[from] drain|[of] p2a: Zarude\n|\n|upkeep\n|turn|11\n|inactive|Time left: 300 sec this turn | 300 sec total\n|\n|t:|1783533789\n|move|p2a: Zarude|Knock Off|p1a: Gogoat\n|-damage|p1a: Gogoat|7/100\n|move|p1a: Gogoat|Milk Drink|p1a: Gogoat\n|-heal|p1a: Gogoat|57/100\n|\n|upkeep\n|turn|12\n|inactive|Time left: 300 sec this turn | 300 sec total\n|\n|t:|1783533790\n|switch|p2a: Pecharunt|Pecharunt, L77|262/262\n|move|p1a: Gogoat|Horn Leech|p2a: Pecharunt\n|-resisted|p2a: Pecharunt\n|-damage|p2a: Pecharunt|201/262\n|-heal|p1a: Gogoat|66/100|[from] drain|[of] p2a: Pecharunt\n|-damage|p1a: Gogoat|49/100|[from] item: Rocky Helmet|[of] p2a: Pecharunt\n|\n|upkeep\n|turn|13\n|inactive|Time left: 300 sec this turn | 300 sec total\n|\n|t:|1783533791\n|move|p2a: Pecharunt|Parting Shot|p1a: Gogoat\n|-unboost|p1a: Gogoat|atk|1\n|-unboost|p1a: Gogoat|spa|1\n|inactive|Time left: 300 sec this turn | 300 sec total | 5 sec grace\n|\n|t:|1783533792\n|switch|p2a: Spidops|Spidops, L96, F|135/271 frz|[from] Parting Shot\n|move|p1a: Gogoat|Earthquake|p2a: Spidops\n|-resisted|p2a: Spidops\n|-damage|p2a: Spidops|88/271 frz\n|\n|upkeep\n|turn|14\n|inactive|Time left: 300 sec this turn | 300 sec total\n|\n|t:|1783533793\n|move|p1a: Gogoat|Milk Drink|p1a: Gogoat\n|-heal|p1a: Gogoat|99/100\n|cant|p2a: Spidops|frz\n|\n|upkeep\n|turn|15\n|inactive|Time left: 300 sec this turn | 300 sec total\n|\n|t:|1783533794\n|move|p1a: Gogoat|Bulk Up|p1a: Gogoat\n|-boost|p1a: Gogoat|atk|1\n|-boost|p1a: Gogoat|def|1\n|cant|p2a: Spidops|frz\n|\n|upkeep\n|turn|16\n|inactive|Time left: 300 sec this turn | 300 sec total\n|\n|t:|1783533795\n|move|p1a: Gogoat|Bulk Up|p1a: Gogoat\n|-boost|p1a: Gogoat|atk|1\n|-boost|p1a: Gogoat|def|1\n|cant|p2a: Spidops|frz\n|\n|upkeep\n|turn|17\n|inactive|Time left: 300 sec this turn | 300 sec total\n|\n|t:|1783533796\n|move|p1a: Gogoat|Horn Leech|p2a: Spidops\n|-resisted|p2a: Spidops\n|-damage|p2a: Spidops|0 fnt\n|-heal|p1a: Gogoat|100/100|[from] drain|[of] p2a: Spidops\n|faint|p2a: Spidops\n|\n|upkeep\n|inactive|Time left: 300 sec this turn | 300 sec total | 5 sec grace\n|\n|t:|1783533797\n|switch|p2a: Pecharunt|Pecharunt, L77|201/262\n|turn|18\n|inactive|Time left: 300 sec this turn | 300 sec total\n|\n|t:|1783533798\n|move|p2a: Pecharunt|Parting Shot|p1a: Gogoat\n|-unboost|p1a: Gogoat|atk|1\n|-unboost|p1a: Gogoat|spa|1\n|inactive|Time left: 300 sec this turn | 300 sec total | 5 sec grace\n|\n|t:|1783533799\n|switch|p2a: Zarude|Zarude, L77|208/288|[from] Parting Shot\n|move|p1a: Gogoat|Earthquake|p2a: Zarude\n|-resisted|p2a: Zarude\n|-damage|p2a: Zarude|136/288\n|\n|upkeep\n|turn|19\n|inactive|Time left: 300 sec this turn | 300 sec total\n|\n|t:|1783533800\n|move|p2a: Zarude|U-turn|p1a: Gogoat\n|-damage|p1a: Gogoat|91/100\n|inactive|Time left: 300 sec this turn | 300 sec total | 5 sec grace\n|\n|t:|1783533801\n|switch|p2a: Toedscruel|Toedscruel, L87, M|281/281|[from] U-turn\n|move|p1a: Gogoat|Earthquake|p2a: Toedscruel\n|-resisted|p2a: Toedscruel\n|-damage|p2a: Toedscruel|191/281\n|\n|-heal|p2a: Toedscruel|208/281|[from] item: Leftovers\n|upkeep\n|turn|20\n|inactive|Time left: 300 sec this turn | 300 sec total\n|\n|t:|1783533802\n|move|p1a: Gogoat|Horn Leech|p2a: Toedscruel\n|-damage|p2a: Toedscruel|4/281\n|-heal|p1a: Gogoat|100/100|[from] drain|[of] p2a: Toedscruel\n|move|p2a: Toedscruel|Toxic|p1a: Gogoat\n|-status|p1a: Gogoat|tox\n|\n|-heal|p2a: Toedscruel|21/281|[from] item: Leftovers\n|-damage|p1a: Gogoat|94/100 tox|[from] psn\n|upkeep\n|turn|21\n|inactive|Time left: 300 sec this turn | 300 sec total\n|\n|t:|1783533804\n|move|p2a: Toedscruel|Earth Power|p1a: Gogoat\n|-damage|p1a: Gogoat|69/100 tox\n|move|p1a: Gogoat|Earthquake|p2a: Toedscruel\n|-resisted|p2a: Toedscruel\n|-damage|p2a: Toedscruel|0 fnt\n|faint|p2a: Toedscruel\n|\n|-damage|p1a: Gogoat|56/100 tox|[from] psn\n|upkeep\n|inactive|Time left: 300 sec this turn | 300 sec total | 5 sec grace\n|\n|t:|1783533805\n|switch|p2a: Pecharunt|Pecharunt, L77|201/262\n|turn|22\n|inactive|Time left: 300 sec this turn | 300 sec total\n|\n|t:|1783533806\n|move|p2a: Pecharunt|Parting Shot|p1a: Gogoat\n|-unboost|p1a: Gogoat|atk|1\n|-unboost|p1a: Gogoat|spa|1\n|inactive|Time left: 300 sec this turn | 300 sec total | 5 sec grace\n|\n|t:|1783533807\n|switch|p2a: Zarude|Zarude, L77|136/288|[from] Parting Shot\n|move|p1a: Gogoat|Earthquake|p2a: Zarude\n|-resisted|p2a: Zarude\n|-damage|p2a: Zarude|76/288\n|\n|-damage|p1a: Gogoat|38/100 tox|[from] psn\n|upkeep\n|turn|23\n|inactive|Time left: 300 sec this turn | 300 sec total\n|\n|t:|1783533808\n|move|p2a: Zarude|Knock Off|p1a: Gogoat\n|-damage|p1a: Gogoat|27/100 tox\n|move|p1a: Gogoat|Milk Drink|p1a: Gogoat\n|-heal|p1a: Gogoat|77/100 tox\n|\n|-damage|p1a: Gogoat|53/100 tox|[from] psn\n|upkeep\n|turn|24\n|inactive|Time left: 300 sec this turn | 300 sec total\n|\n|t:|1783533809\n|move|p2a: Zarude|Knock Off|p1a: Gogoat\n|-damage|p1a: Gogoat|42/100 tox\n|move|p1a: Gogoat|Milk Drink|p1a: Gogoat\n|-heal|p1a: Gogoat|92/100 tox\n|\n|-damage|p1a: Gogoat|61/100 tox|[from] psn\n|upkeep\n|turn|25\n|inactive|Time left: 300 sec this turn | 300 sec total\n|\n|t:|1783533810\n|move|p2a: Zarude|Knock Off|p1a: Gogoat\n|-crit|p1a: Gogoat\n|-damage|p1a: Gogoat|7/100 tox\n|move|p1a: Gogoat|Earthquake|p2a: Zarude\n|-resisted|p2a: Zarude\n|-damage|p2a: Zarude|18/288\n|\n|-damage|p1a: Gogoat|0 fnt|[from] psn\n|faint|p1a: Gogoat\n|upkeep\n|\n|t:|1783533812\n|switch|p1a: Ribombee|Ribombee, L83, F|100/100\n|turn|26\n|inactive|Time left: 300 sec this turn | 300 sec total\n|\n|t:|1783533813\n|switch|p2a: Ninetales|Ninetales, L85, F|263/263\n|-weather|SunnyDay|[from] ability: Drought|[of] p2a: Ninetales\n|move|p1a: Ribombee|Sticky Web|p2a: Ninetales\n|-sidestart|p2: p0y0475444|move: Sticky Web\n|\n|-weather|SunnyDay|[upkeep]\n|upkeep\n|turn|27\n|inactive|Time left: 300 sec this turn | 300 sec total\n|\n|t:|1783533814\n|switch|p1a: Camerupt|Camerupt, L91, F|100/100\n|move|p2a: Ninetales|Nasty Plot|p2a: Ninetales\n|-boost|p2a: Ninetales|spa|2\n|\n|-weather|SunnyDay|[upkeep]\n|upkeep\n|turn|28\n|inactive|Time left: 300 sec this turn | 300 sec total\n|\n|t:|1783533815\n|move|p2a: Ninetales|Solar Beam||[still]\n|-prepare|p2a: Ninetales|Solar Beam\n|-anim|p2a: Ninetales|Solar Beam|p1a: Camerupt\n|-damage|p1a: Camerupt|42/100\n|move|p1a: Camerupt|Earthquake|p2a: Ninetales\n|-supereffective|p2a: Ninetales\n|-damage|p2a: Ninetales|0 fnt\n|faint|p2a: Ninetales\n|\n|-weather|SunnyDay|[upkeep]\n|-heal|p1a: Camerupt|48/100|[from] item: Leftovers\n|upkeep\n|inactive|Time left: 300 sec this turn | 300 sec total | 5 sec grace\n|\n|t:|1783533816\n|switch|p2a: Zarude|Zarude, L77|18/288\n|-activate|p2a: Zarude|move: Sticky Web\n|-unboost|p2a: Zarude|spe|1\n|turn|29\n|inactive|Time left: 300 sec this turn | 300 sec total\n|\n|t:|1783533817\n|switch|p1a: Regice|Regice, L88|100/100\n|move|p2a: Zarude|Knock Off|p1a: Regice\n|-damage|p1a: Regice|57/100\n|-enditem|p1a: Regice|Heavy-Duty Boots|[from] move: Knock Off|[of] p2a: Zarude\n|\n|-weather|SunnyDay|[upkeep]\n|upkeep\n|turn|30\n|inactive|Time left: 300 sec this turn | 300 sec total\n|\n|t:|1783533818\n|move|p1a: Regice|Ice Beam|p2a: Zarude\n|-supereffective|p2a: Zarude\n|-damage|p2a: Zarude|0 fnt\n|faint|p2a: Zarude\n|\n|-weather|none\n|upkeep\n|inactive|Time left: 300 sec this turn | 300 sec total | 5 sec grace\n|\n|t:|1783533819\n|switch|p2a: Pecharunt|Pecharunt, L77|201/262\n|-activate|p2a: Pecharunt|move: Sticky Web\n|-unboost|p2a: Pecharunt|spe|1\n|turn|31\n|inactive|Time left: 300 sec this turn | 300 sec total\n|\n|t:|1783533820\n|move|p1a: Regice|Ice Beam|p2a: Pecharunt\n|-damage|p2a: Pecharunt|84/262\n|move|p2a: Pecharunt|Recover|p2a: Pecharunt\n|-heal|p2a: Pecharunt|215/262\n|\n|upkeep\n|turn|32\n|inactive|Time left: 300 sec this turn | 300 sec total\n|\n|t:|1783533821\n|move|p1a: Regice|Ice Beam|p2a: Pecharunt\n|-damage|p2a: Pecharunt|92/262\n|move|p2a: Pecharunt|Recover|p2a: Pecharunt\n|-heal|p2a: Pecharunt|223/262\n|\n|upkeep\n|turn|33\n|inactive|Time left: 300 sec this turn | 300 sec total\n|\n|t:|1783533822\n|move|p1a: Regice|Ice Beam|p2a: Pecharunt\n|-damage|p2a: Pecharunt|115/262\n|move|p2a: Pecharunt|Recover|p2a: Pecharunt\n|-heal|p2a: Pecharunt|246/262\n|\n|upkeep\n|turn|34\n|inactive|Time left: 300 sec this turn | 300 sec total\n|\n|t:|1783533823\n|move|p1a: Regice|Ice Beam|p2a: Pecharunt\n|-damage|p2a: Pecharunt|119/262\n|move|p2a: Pecharunt|Recover|p2a: Pecharunt\n|-heal|p2a: Pecharunt|250/262\n|\n|upkeep\n|turn|35\n|inactive|Time left: 300 sec this turn | 300 sec total\n|\n|t:|1783533824\n|move|p1a: Regice|Ice Beam|p2a: Pecharunt\n|-damage|p2a: Pecharunt|139/262\n|move|p2a: Pecharunt|Recover|p2a: Pecharunt\n|-heal|p2a: Pecharunt|262/262\n|\n|upkeep\n|turn|36\n|inactive|Time left: 300 sec this turn | 300 sec total\n|\n|t:|1783533825\n|move|p1a: Regice|Ice Beam|p2a: Pecharunt\n|-damage|p2a: Pecharunt|153/262\n|move|p2a: Pecharunt|Recover|p2a: Pecharunt\n|-heal|p2a: Pecharunt|262/262\n|\n|upkeep\n|turn|37\n|inactive|Time left: 300 sec this turn | 300 sec total\n|\n|t:|1783533826\n|move|p1a: Regice|Ice Beam|p2a: Pecharunt\n|-damage|p2a: Pecharunt|144/262\n|-status|p2a: Pecharunt|frz\n|cant|p2a: Pecharunt|frz\n|\n|upkeep\n|turn|38\n|inactive|Time left: 300 sec this turn | 300 sec total\n|\n|t:|1783533827\n|move|p1a: Regice|Ice Beam|p2a: Pecharunt\n|-damage|p2a: Pecharunt|26/262 frz\n|cant|p2a: Pecharunt|frz\n|\n|upkeep\n|turn|39\n|inactive|Time left: 300 sec this turn | 300 sec total\n|\n|t:|1783533827\n|move|p1a: Regice|Thunderbolt|p2a: Pecharunt\n|-damage|p2a: Pecharunt|0 fnt\n|faint|p2a: Pecharunt\n|\n|win|p0x047b0f4", "uploadtime": 1783533827, "views": 0, "rating": 0, "private": 0, "password": null, "_winner": "p0x047b0f4", "_our_name": "p0y0475444"}