{"id": "battle-gen9randombattle-1251", "formatid": "gen9randombattle", "format": "[Gen 9] Random Battle", "players": ["p0x1251480f", "p0y125171de"], "log": "|init|battle\n|title|p0x1251480f vs. p0y125171de\n|j|\u2606p0x1251480f\n|j|\u2606p0y125171de\n|t:|1783553635\n|gametype|singles\n|player|p1|p0x1251480f|101|\n|player|p2|p0y125171de|169|\n|gen|9\n|tier|[Gen 9] Random Battle\n|rule|Species Clause: Limit one of each Pok\u00e9mon\n|rule|HP Percentage Mod: HP is shown in percentages\n|rule|Sleep Clause Mod: Limit one foe put to sleep\n|rule|Illusion Level Mod: Illusion disguises the Pok\u00e9mon's true level\n|\n|t:|1783553635\n|teamsize|p1|6\n|teamsize|p2|6\n|start\n|switch|p1a: Brambleghast|Brambleghast, L88, F|100/100\n|switch|p2a: Espeon|Espeon, L84, M|246/246\n|turn|1\n|inactive|Battle timer is ON: inactive players will automatically lose when time's up. (requested by p0y125171de)\n|\n|t:|1783553636\n|switch|p2a: Slaking|Slaking, L84, F|389/389\n|move|p1a: Brambleghast|Poltergeist|p2a: Slaking\n|-immune|p2a: Slaking\n|\n|upkeep\n|turn|2\n|inactive|Time left: 300 sec this turn | 300 sec total\n|inactive|p0x1251480f also wants the timer to be on.\n|\n|t:|1783553637\n|switch|p1a: Wo-Chien|Wo-Chien, L83|100/100\n|-ability|p1a: Wo-Chien|Tablets of Ruin\n|move|p2a: Slaking|Knock Off|p1a: Wo-Chien\n|-resisted|p1a: Wo-Chien\n|-damage|p1a: Wo-Chien|82/100\n|-enditem|p1a: Wo-Chien|Leftovers|[from] move: Knock Off|[of] p2a: Slaking\n|\n|upkeep\n|turn|3\n|inactive|Time left: 300 sec this turn | 300 sec total\n|\n|t:|1783553639\n|switch|p2a: Medicham|Medicham, L86, M|243/243\n|move|p1a: Wo-Chien|Knock Off|p2a: Medicham\n|-damage|p2a: Medicham|132/243\n|-enditem|p2a: Medicham|Choice Band|[from] move: Knock Off|[of] p1a: Wo-Chien\n|\n|upkeep\n|turn|4\n|inactive|Time left: 300 sec this turn | 300 sec total\n|\n|t:|1783553640\n|switch|p1a: Brambleghast|Brambleghast, L88, F|100/100\n|move|p2a: Medicham|Close Combat|p1a: Brambleghast\n|-immune|p1a: Brambleghast\n|\n|upkeep\n|turn|5\n|inactive|Time left: 300 sec this turn | 300 sec total\n|\n|t:|1783553641\n|switch|p2a: Slaking|Slaking, L84, F|389/389\n|move|p1a: Brambleghast|Power Whip|p2a: Slaking\n|-damage|p2a: Slaking|230/389\n|\n|upkeep\n|turn|6\n|inactive|Time left: 300 sec this turn | 300 sec total\n|\n|t:|1783553642\n|switch|p1a: Wo-Chien|Wo-Chien, L83|82/100\n|-ability|p1a: Wo-Chien|Tablets of Ruin\n|move|p2a: Slaking|Knock Off|p1a: Wo-Chien\n|-resisted|p1a: Wo-Chien\n|-damage|p1a: Wo-Chien|70/100\n|\n|upkeep\n|turn|7\n|inactive|Time left: 300 sec this turn | 300 sec total\n|\n|t:|1783553643\n|cant|p2a: Slaking|ability: Truant\n|move|p1a: Wo-Chien|Knock Off|p2a: Slaking\n|-damage|p2a: Slaking|145/389\n|-enditem|p2a: Slaking|Choice Band|[from] move: Knock Off|[of] p1a: Wo-Chien\n|\n|upkeep\n|turn|8\n|inactive|Time left: 300 sec this turn | 300 sec total\n|\n|t:|1783553644\n|move|p2a: Slaking|Giga Impact|p1a: Wo-Chien\n|-damage|p1a: Wo-Chien|7/100\n|-mustrecharge|p2a: Slaking\n|move|p1a: Wo-Chien|Leech Seed|p2a: Slaking\n|-start|p2a: Slaking|move: Leech Seed\n|\n|-damage|p2a: Slaking|97/389|[from] Leech Seed|[of] p1a: Wo-Chien\n|-heal|p1a: Wo-Chien|24/100|[silent]\n|upkeep\n|turn|9\n|inactive|Time left: 300 sec this turn | 300 sec total\n|\n|t:|1783553646\n|cant|p2a: Slaking|recharge\n|move|p1a: Wo-Chien|Giga Drain|p2a: Slaking\n|-damage|p2a: Slaking|0 fnt\n|-heal|p1a: Wo-Chien|42/100|[from] drain|[of] p2a: Slaking\n|faint|p2a: Slaking\n|\n|upkeep\n|inactive|Time left: 300 sec this turn | 300 sec total | 5 sec grace\n|\n|t:|1783553646\n|switch|p2a: Medicham|Medicham, L86, M|132/243\n|turn|10\n|inactive|Time left: 300 sec this turn | 300 sec total\n|\n|t:|1783553648\n|move|p2a: Medicham|Poison Jab|p1a: Wo-Chien\n|-supereffective|p1a: Wo-Chien\n|-damage|p1a: Wo-Chien|0 fnt\n|faint|p1a: Wo-Chien\n|\n|upkeep\n|\n|t:|1783553648\n|switch|p1a: Brambleghast|Brambleghast, L88, F|100/100\n|turn|11\n|inactive|Time left: 300 sec this turn | 300 sec total\n|\n|t:|1783553649\n|move|p2a: Medicham|Bullet Punch|p1a: Brambleghast\n|-damage|p1a: Brambleghast|82/100\n|move|p1a: Brambleghast|Power Whip|p2a: Medicham\n|-damage|p2a: Medicham|0 fnt\n|faint|p2a: Medicham\n|\n|-heal|p1a: Brambleghast|88/100|[from] item: Leftovers\n|upkeep\n|inactive|Time left: 300 sec this turn | 300 sec total | 5 sec grace\n|\n|t:|1783553650\n|switch|p2a: Espeon|Espeon, L84, M|246/246\n|turn|12\n|inactive|Time left: 300 sec this turn | 300 sec total\n|\n|t:|1783553652\n|move|p2a: Espeon|Shadow Ball|p1a: Brambleghast\n|-supereffective|p1a: Brambleghast\n|-damage|p1a: Brambleghast|0 fnt\n|faint|p1a: Brambleghast\n|-damage|p2a: Espeon|222/246|[from] item: Life Orb\n|\n|upkeep\n|\n|t:|1783553652\n|switch|p1a: Iron Boulder|Iron Boulder, L77|100/100\n|-enditem|p1a: Iron Boulder|Booster Energy\n|-activate|p1a: Iron Boulder|ability: Quark Drive|[fromitem]\n|-start|p1a: Iron Boulder|quarkdrivespe\n|turn|13\n|inactive|Time left: 300 sec this turn | 300 sec total\n|\n|t:|1783553653\n|move|p1a: Iron Boulder|Swords Dance|p1a: Iron Boulder\n|-boost|p1a: Iron Boulder|atk|2\n|move|p2a: Espeon|Psychic|p1a: Iron Boulder\n|-resisted|p1a: Iron Boulder\n|-damage|p1a: Iron Boulder|73/100\n|-damage|p2a: Espeon|198/246|[from] item: Life Orb\n|\n|upkeep\n|turn|14\n|inactive|Time left: 300 sec this turn | 300 sec total\n|\n|t:|1783553654\n|switch|p2a: Hippowdon|Hippowdon, L82, F|311/311\n|-weather|Sandstorm|[from] ability: Sand Stream|[of] p2a: Hippowdon\n|move|p1a: Iron Boulder|Mighty Cleave|p2a: Hippowdon\n|-resisted|p2a: Hippowdon\n|-damage|p2a: Hippowdon|235/311\n|\n|-weather|Sandstorm|[upkeep]\n|-heal|p2a: Hippowdon|254/311|[from] item: Leftovers\n|upkeep\n|turn|15\n|inactive|Time left: 300 sec this turn | 300 sec total\n|\n|t:|1783553655\n|-terastallize|p1a: Iron Boulder|Fighting\n|move|p1a: Iron Boulder|Swords Dance|p1a: Iron Boulder\n|-boost|p1a: Iron Boulder|atk|2\n|move|p2a: Hippowdon|Earthquake|p1a: Iron Boulder\n|-damage|p1a: Iron Boulder|22/100\n|\n|-weather|Sandstorm|[upkeep]\n|-damage|p1a: Iron Boulder|16/100|[from] Sandstorm\n|-heal|p2a: Hippowdon|273/311|[from] item: Leftovers\n|upkeep\n|turn|16\n|inactive|Time left: 300 sec this turn | 300 sec total\n|\n|t:|1783553656\n|switch|p2a: Basculegion|Basculegion-F, L83, F|335/335\n|move|p1a: Iron Boulder|Close Combat|p2a: Basculegion\n|-immune|p2a: Basculegion\n|\n|-weather|Sandstorm|[upkeep]\n|-damage|p1a: Iron Boulder|10/100|[from] Sandstorm\n|-damage|p2a: Basculegion|315/335|[from] Sandstorm\n|upkeep\n|turn|17\n|inactive|Time left: 300 sec this turn | 300 sec total\n|\n|t:|1783553657\n|switch|p2a: Poliwrath|Poliwrath, L88, F|302/302\n|move|p1a: Iron Boulder|Mighty Cleave|p2a: Poliwrath\n|-resisted|p2a: Poliwrath\n|-damage|p2a: Poliwrath|170/302\n|\n|-weather|Sandstorm|[upkeep]\n|-damage|p1a: Iron Boulder|4/100|[from] Sandstorm\n|-damage|p2a: Poliwrath|152/302|[from] Sandstorm\n|upkeep\n|turn|18\n|inactive|Time left: 300 sec this turn | 300 sec total\n|\n|t:|1783553658\n|switch|p2a: Basculegion|Basculegion-F, L83, F|315/335\n|move|p1a: Iron Boulder|Close Combat|p2a: Basculegion\n|-immune|p2a: Basculegion\n|\n|-weather|none\n|upkeep\n|turn|19\n|inactive|Time left: 300 sec this turn | 300 sec total\n|\n|t:|1783553659\n|switch|p2a: Hippowdon|Hippowdon, L82, F|273/311\n|-weather|Sandstorm|[from] ability: Sand Stream|[of] p2a: Hippowdon\n|move|p1a: Iron Boulder|Mighty Cleave|p2a: Hippowdon\n|-resisted|p2a: Hippowdon\n|-damage|p2a: Hippowdon|156/311\n|\n|-weather|Sandstorm|[upkeep]\n|-damage|p1a: Iron Boulder|0 fnt|[from] Sandstorm\n|faint|p1a: Iron Boulder\n|-end|p1a: Iron Boulder|Quark Drive|[silent]\n|-heal|p2a: Hippowdon|175/311|[from] item: Leftovers\n|upkeep\n|\n|t:|1783553660\n|switch|p1a: Minun|Minun, L95, M|100/100\n|turn|20\n|inactive|Time left: 300 sec this turn | 300 sec total\n|\n|t:|1783553661\n|move|p1a: Minun|Grass Knot|p2a: Hippowdon\n|-supereffective|p2a: Hippowdon\n|-damage|p2a: Hippowdon|0 fnt\n|faint|p2a: Hippowdon\n|-damage|p1a: Minun|91/100|[from] item: Life Orb\n|\n|-weather|Sandstorm|[upkeep]\n|-damage|p1a: Minun|85/100|[from] Sandstorm\n|upkeep\n|inactive|Time left: 300 sec this turn | 300 sec total | 5 sec grace\n|\n|t:|1783553662\n|switch|p2a: Basculegion|Basculegion-F, L83, F|315/335\n|turn|21\n|inactive|Time left: 300 sec this turn | 300 sec total\n|\n|t:|1783553663\n|move|p1a: Minun|Thunderbolt|p2a: Basculegion\n|-supereffective|p2a: Basculegion\n|-damage|p2a: Basculegion|125/335\n|-damage|p1a: Minun|75/100|[from] item: Life Orb\n|move|p2a: Basculegion|Wave Crash|p1a: Minun\n|-damage|p1a: Minun|0 fnt\n|faint|p1a: Minun\n|-damage|p2a: Basculegion|59/335|[from] Recoil\n|\n|-weather|Sandstorm|[upkeep]\n|-damage|p2a: Basculegion|39/335|[from] Sandstorm\n|upkeep\n|\n|t:|1783553664\n|switch|p1a: Noctowl|Noctowl, L95, F|100/100\n|turn|22\n|inactive|Time left: 300 sec this turn | 300 sec total\n|\n|t:|1783553665\n|move|p1a: Noctowl|Hurricane|p2a: Basculegion\n|-damage|p2a: Basculegion|0 fnt\n|faint|p2a: Basculegion\n|\n|-weather|Sandstorm|[upkeep]\n|-damage|p1a: Noctowl|94/100|[from] Sandstorm\n|upkeep\n|inactive|Time left: 300 sec this turn | 300 sec total | 5 sec grace\n|\n|t:|1783553666\n|switch|p2a: Espeon|Espeon, L84, M|198/246\n|turn|23\n|inactive|Time left: 300 sec this turn | 300 sec total\n|\n|t:|1783553667\n|move|p2a: Espeon|Calm Mind|p2a: Espeon\n|-boost|p2a: Espeon|spa|1\n|-boost|p2a: Espeon|spd|1\n|move|p1a: Noctowl|Hurricane|p2a: Espeon|[miss]\n|-miss|p1a: Noctowl|p2a: Espeon\n|\n|-weather|none\n|upkeep\n|turn|24\n|inactive|Time left: 300 sec this turn | 300 sec total\n|\n|t:|1783553668\n|move|p2a: Espeon|Psychic|p1a: Noctowl\n|-damage|p1a: Noctowl|34/100\n|-unboost|p1a: Noctowl|spd|1\n|-damage|p2a: Espeon|174/246|[from] item: Life Orb\n|move|p1a: Noctowl|Hurricane|p2a: Espeon\n|-damage|p2a: Espeon|80/246\n|\n|upkeep\n|turn|25\n|inactive|Time left: 300 sec this turn | 300 sec total\n|\n|t:|1783553669\n|switch|p1a: Ditto|Ditto, L87|100/100\n|-transform|p1a: Ditto|p2a: Espeon|[from] ability: Imposter\n|-terastallize|p2a: Espeon|Fairy\n|move|p2a: Espeon|Psychic|p1a: Ditto\n|-resisted|p1a: Ditto\n|-damage|p1a: Ditto|68/100\n|-damage|p2a: Espeon|56/246|[from] item: Life Orb\n|\n|upkeep\n|turn|26\n|inactive|Time left: 300 sec this turn | 300 sec total\n|\n|t:|1783553670\n|switch|p1a: Noctowl|Noctowl, L95, F|34/100\n|move|p2a: Espeon|Shadow Ball|p1a: Noctowl\n|-immune|p1a: Noctowl\n|\n|upkeep\n|turn|27\n|inactive|Time left: 300 sec this turn | 300 sec total\n|\n|t:|1783553671\n|switch|p1a: Ditto|Ditto, L87|68/100\n|-transform|p1a: Ditto|p2a: Espeon|[from] ability: Imposter\n|move|p2a: Espeon|Alluring Voice|p1a: Ditto\n|-damage|p1a: Ditto|13/100\n|-damage|p2a: Espeon|32/246|[from] item: Life Orb\n|\n|upkeep\n|-start|p1a: Ditto|typechange|Psychic|[silent]\n|turn|28\n|inactive|Time left: 300 sec this turn | 300 sec total\n|\n|t:|1783553672\n|move|p1a: Ditto|Psychic|p2a: Espeon\n|-damage|p2a: Espeon|0 fnt\n|faint|p2a: Espeon\n|\n|upkeep\n|inactive|Time left: 300 sec this turn | 300 sec total | 5 sec grace\n|\n|t:|1783553673\n|switch|p2a: Poliwrath|Poliwrath, L88, F|152/302\n|turn|29\n|inactive|Time left: 300 sec this turn | 300 sec total\n|\n|t:|1783553673\n|move|p1a: Ditto|Psychic|p2a: Poliwrath\n|-supereffective|p2a: Poliwrath\n|-damage|p2a: Poliwrath|0 fnt\n|faint|p2a: Poliwrath\n|\n|win|p0x1251480f", "uploadtime": 1783553673, "views": 0, "rating": 0, "private": 0, "password": null, "_winner": "p0x1251480f", "_our_name": "p0y125171de"}