{"id": "battle-gen9randombattle-476", "formatid": "gen9randombattle", "format": "[Gen 9] Random Battle", "players": ["p0x476482b", "p0y4766a4f"], "log": "|init|battle\n|title|p0x476482b vs. p0y4766a4f\n|j|\u2606p0x476482b\n|j|\u2606p0y4766a4f\n|t:|1783544574\n|gametype|singles\n|player|p1|p0x476482b|101|\n|player|p2|p0y4766a4f|1|\n|gen|9\n|tier|[Gen 9] Random Battle\n|rule|Species Clause: Limit one of each Pok\u00e9mon\n|rule|HP Percentage Mod: HP is shown in percentages\n|rule|Sleep Clause Mod: Limit one foe put to sleep\n|rule|Illusion Level Mod: Illusion disguises the Pok\u00e9mon's true level\n|\n|t:|1783544574\n|teamsize|p1|6\n|teamsize|p2|6\n|start\n|switch|p1a: Beartic|Beartic, L91, M|321/321\n|switch|p2a: Muk|Muk, L86, F|100/100\n|turn|1\n|inactive|Battle timer is ON: inactive players will automatically lose when time's up. (requested by p0y4766a4f)\n|inactive|Time left: 300 sec this turn | 300 sec total | 60 sec grace\n|inactive|p0x476482b also wants the timer to be on.\n|\n|t:|1783544575\n|move|p1a: Beartic|Earthquake|p2a: Muk\n|-supereffective|p2a: Muk\n|-damage|p2a: Muk|25/100\n|move|p2a: Muk|Drain Punch|p1a: Beartic\n|-supereffective|p1a: Beartic\n|-damage|p1a: Beartic|193/321\n|-heal|p2a: Muk|45/100|[from] drain|[of] p1a: Beartic\n|\n|upkeep\n|turn|2\n|inactive|Time left: 300 sec this turn | 300 sec total\n|\n|t:|1783544576\n|switch|p2a: Slaking|Slaking, L84, F|100/100\n|move|p1a: Beartic|Earthquake|p2a: Slaking\n|-crit|p2a: Slaking\n|-damage|p2a: Slaking|67/100\n|\n|upkeep\n|turn|3\n|inactive|Time left: 300 sec this turn | 300 sec total\n|\n|t:|1783544577\n|switch|p1a: Flutter Mane|Flutter Mane, L74|203/203\n|move|p2a: Slaking|Giga Impact|p1a: Flutter Mane\n|-immune|p1a: Flutter Mane\n|\n|upkeep\n|turn|4\n|inactive|Time left: 300 sec this turn | 300 sec total\n|\n|t:|1783544577\n|cant|p2a: Slaking|ability: Truant\n|move|p1a: Flutter Mane|Moonblast|p2a: Slaking\n|-damage|p2a: Slaking|15/100\n|-unboost|p2a: Slaking|spa|1\n|\n|upkeep\n|turn|5\n|inactive|Time left: 300 sec this turn | 300 sec total\n|\n|t:|1783544578\n|switch|p2a: Muk|Muk, L86, F|45/100\n|move|p1a: Flutter Mane|Moonblast|p2a: Muk\n|-resisted|p2a: Muk\n|-damage|p2a: Muk|31/100\n|\n|upkeep\n|turn|6\n|inactive|Time left: 300 sec this turn | 300 sec total\n|\n|t:|1783544579\n|move|p1a: Flutter Mane|Moonblast|p2a: Muk\n|-resisted|p2a: Muk\n|-damage|p2a: Muk|16/100\n|move|p2a: Muk|Gunk Shot|p1a: Flutter Mane\n|-damage|p1a: Flutter Mane|0 fnt\n|faint|p1a: Flutter Mane\n|-end|p1a: Flutter Mane|Protosynthesis|[silent]\n|\n|upkeep\n|inactive|Time left: 300 sec this turn | 300 sec total | 5 sec grace\n|\n|t:|1783544581\n|switch|p1a: Basculin|Basculin-Blue-Striped, L86, M|261/261\n|turn|7\n|inactive|Time left: 300 sec this turn | 300 sec total\n|\n|t:|1783544582\n|switch|p2a: Toxapex|Toxapex, L82, F|100/100\n|move|p1a: Basculin|Wave Crash|p2a: Toxapex\n|-resisted|p2a: Toxapex\n|-damage|p2a: Toxapex|60/100\n|-damage|p1a: Basculin|218/261|[from] item: Rocky Helmet|[of] p2a: Toxapex\n|-damage|p1a: Basculin|189/261|[from] Recoil\n|\n|upkeep\n|turn|8\n|inactive|Time left: 300 sec this turn | 300 sec total\n|\n|t:|1783544583\n|move|p1a: Basculin|Wave Crash|p2a: Toxapex\n|-resisted|p2a: Toxapex\n|-damage|p2a: Toxapex|19/100\n|-damage|p1a: Basculin|146/261|[from] item: Rocky Helmet|[of] p2a: Toxapex\n|-damage|p1a: Basculin|116/261|[from] Recoil\n|move|p2a: Toxapex|Recover|p2a: Toxapex\n|-heal|p2a: Toxapex|69/100\n|\n|upkeep\n|turn|9\n|inactive|Time left: 300 sec this turn | 300 sec total\n|\n|t:|1783544584\n|move|p1a: Basculin|Wave Crash|p2a: Toxapex\n|-resisted|p2a: Toxapex\n|-damage|p2a: Toxapex|32/100\n|-damage|p1a: Basculin|73/261|[from] item: Rocky Helmet|[of] p2a: Toxapex\n|-damage|p1a: Basculin|47/261|[from] Recoil\n|move|p2a: Toxapex|Recover|p2a: Toxapex\n|-heal|p2a: Toxapex|82/100\n|\n|upkeep\n|turn|10\n|inactive|Time left: 300 sec this turn | 300 sec total\n|\n|t:|1783544585\n|switch|p1a: Empoleon|Empoleon, L84, M|278/278\n|switch|p2a: Floatzel|Floatzel, L86, M|100/100\n|\n|upkeep\n|turn|11\n|inactive|Time left: 300 sec this turn | 300 sec total\n|\n|t:|1783544586\n|move|p2a: Floatzel|Wave Crash|p1a: Empoleon\n|-resisted|p1a: Empoleon\n|-damage|p1a: Empoleon|177/278\n|-damage|p2a: Floatzel|89/100|[from] Recoil\n|move|p1a: Empoleon|Knock Off|p2a: Floatzel\n|-damage|p2a: Floatzel|57/100\n|-enditem|p2a: Floatzel|Choice Band|[from] move: Knock Off|[of] p1a: Empoleon\n|\n|-heal|p1a: Empoleon|194/278|[from] item: Leftovers\n|upkeep\n|turn|12\n|inactive|Time left: 300 sec this turn | 300 sec total\n|\n|t:|1783544588\n|move|p2a: Floatzel|Wave Crash|p1a: Empoleon\n|-resisted|p1a: Empoleon\n|-damage|p1a: Empoleon|119/278\n|-damage|p2a: Floatzel|49/100|[from] Recoil\n|move|p1a: Empoleon|Surf|p2a: Floatzel\n|-resisted|p2a: Floatzel\n|-damage|p2a: Floatzel|24/100\n|\n|-heal|p1a: Empoleon|136/278|[from] item: Leftovers\n|upkeep\n|turn|13\n|inactive|Time left: 300 sec this turn | 300 sec total\n|\n|t:|1783544589\n|move|p2a: Floatzel|Wave Crash|p1a: Empoleon\n|-resisted|p1a: Empoleon\n|-damage|p1a: Empoleon|64/278\n|-damage|p2a: Floatzel|15/100|[from] Recoil\n|move|p1a: Empoleon|Roost|p1a: Empoleon\n|-heal|p1a: Empoleon|203/278\n|-singleturn|p1a: Empoleon|move: Roost\n|\n|-heal|p1a: Empoleon|220/278|[from] item: Leftovers\n|upkeep\n|turn|14\n|inactive|Time left: 300 sec this turn | 300 sec total\n|\n|t:|1783544590\n|move|p2a: Floatzel|Crunch|p1a: Empoleon\n|-damage|p1a: Empoleon|158/278\n|move|p1a: Empoleon|Surf|p2a: Floatzel\n|-resisted|p2a: Floatzel\n|-damage|p2a: Floatzel|0 fnt\n|faint|p2a: Floatzel\n|\n|-heal|p1a: Empoleon|175/278|[from] item: Leftovers\n|upkeep\n|\n|t:|1783544591\n|switch|p2a: Slaking|Slaking, L84, F|15/100\n|turn|15\n|inactive|Time left: 300 sec this turn | 300 sec total\n|\n|t:|1783544592\n|move|p2a: Slaking|Earthquake|p1a: Empoleon\n|-supereffective|p1a: Empoleon\n|-damage|p1a: Empoleon|0 fnt\n|faint|p1a: Empoleon\n|\n|upkeep\n|inactive|Time left: 300 sec this turn | 300 sec total | 5 sec grace\n|\n|t:|1783544593\n|switch|p1a: Beartic|Beartic, L91, M|193/321\n|turn|16\n|inactive|Time left: 300 sec this turn | 300 sec total\n|\n|t:|1783544594\n|switch|p2a: Muk|Muk, L86, F|16/100\n|move|p1a: Beartic|Swords Dance|p1a: Beartic\n|-boost|p1a: Beartic|atk|2\n|\n|upkeep\n|turn|17\n|inactive|Time left: 300 sec this turn | 300 sec total\n|\n|t:|1783544595\n|move|p2a: Muk|Shadow Sneak|p1a: Beartic\n|-damage|p1a: Beartic|160/321\n|move|p1a: Beartic|Earthquake|p2a: Muk\n|-supereffective|p2a: Muk\n|-damage|p2a: Muk|0 fnt\n|faint|p2a: Muk\n|\n|upkeep\n|\n|t:|1783544596\n|switch|p2a: Slaking|Slaking, L84, F|15/100\n|turn|18\n|inactive|Time left: 300 sec this turn | 300 sec total\n|\n|t:|1783544597\n|move|p1a: Beartic|Aqua Jet|p2a: Slaking\n|-damage|p2a: Slaking|0 fnt\n|faint|p2a: Slaking\n|\n|upkeep\n|\n|t:|1783544598\n|switch|p2a: Gholdengo|Gholdengo, L77|100/100\n|turn|19\n|inactive|Time left: 300 sec this turn | 300 sec total\n|\n|t:|1783544599\n|-terastallize|p2a: Gholdengo|Steel\n|-terastallize|p1a: Beartic|Ground\n|move|p2a: Gholdengo|Make It Rain|p1a: Beartic\n|-damage|p1a: Beartic|0 fnt\n|-unboost|p2a: Gholdengo|spa|1\n|faint|p1a: Beartic\n|\n|upkeep\n|inactive|Time left: 300 sec this turn | 300 sec total | 5 sec grace\n|\n|t:|1783544600\n|switch|p1a: Pawmot|Pawmot, L80, M|243/243\n|turn|20\n|inactive|Time left: 300 sec this turn | 300 sec total\n|\n|t:|1783544601\n|switch|p2a: Sableye|Sableye, L88, F|100/100\n|move|p1a: Pawmot|Close Combat|p2a: Sableye\n|-immune|p2a: Sableye\n|\n|upkeep\n|turn|21\n|inactive|Time left: 300 sec this turn | 300 sec total\n|\n|t:|1783544602\n|switch|p1a: Arceus|Arceus-Fairy, L69|280/280\n|move|p2a: Sableye|Knock Off|p1a: Arceus\n|-resisted|p1a: Arceus\n|-damage|p1a: Arceus|251/280\n|\n|upkeep\n|turn|22\n|inactive|Time left: 300 sec this turn | 300 sec total\n|\n|t:|1783544603\n|switch|p2a: Gholdengo|Gholdengo, L77, tera:Steel|100/100\n|move|p1a: Arceus|Calm Mind|p1a: Arceus\n|-boost|p1a: Arceus|spa|1\n|-boost|p1a: Arceus|spd|1\n|\n|upkeep\n|turn|23\n|inactive|Time left: 300 sec this turn | 300 sec total\n|\n|t:|1783544604\n|move|p1a: Arceus|Earth Power|p2a: Gholdengo\n|-supereffective|p2a: Gholdengo\n|-damage|p2a: Gholdengo|36/100\n|move|p2a: Gholdengo|Make It Rain|p1a: Arceus\n|-supereffective|p1a: Arceus\n|-damage|p1a: Arceus|3/280\n|-unboost|p2a: Gholdengo|spa|1\n|\n|-heal|p2a: Gholdengo|42/100|[from] item: Leftovers\n|upkeep\n|turn|24\n|inactive|Time left: 300 sec this turn | 300 sec total\n|\n|t:|1783544605\n|move|p1a: Arceus|Earth Power|p2a: Gholdengo\n|-supereffective|p2a: Gholdengo\n|-damage|p2a: Gholdengo|0 fnt\n|faint|p2a: Gholdengo\n|\n|upkeep\n|\n|t:|1783544606\n|switch|p2a: Sableye|Sableye, L88, F|100/100\n|turn|25\n|inactive|Time left: 300 sec this turn | 300 sec total\n|\n|t:|1783544607\n|move|p2a: Sableye|Encore|p1a: Arceus\n|-start|p1a: Arceus|Encore\n|move|p1a: Arceus|Earth Power|p2a: Sableye\n|-damage|p2a: Sableye|63/100\n|\n|-heal|p2a: Sableye|69/100|[from] item: Leftovers\n|upkeep\n|turn|26\n|inactive|Time left: 300 sec this turn | 300 sec total\n|\n|t:|1783544608\n|move|p1a: Arceus|Earth Power|p2a: Sableye\n|-damage|p2a: Sableye|31/100\n|move|p2a: Sableye|Knock Off|p1a: Arceus\n|-resisted|p1a: Arceus\n|-damage|p1a: Arceus|0 fnt\n|faint|p1a: Arceus\n|\n|-heal|p2a: Sableye|37/100|[from] item: Leftovers\n|upkeep\n|inactive|Time left: 300 sec this turn | 300 sec total | 5 sec grace\n|\n|t:|1783544609\n|switch|p1a: Basculin|Basculin-Blue-Striped, L86, M|47/261\n|turn|27\n|inactive|Time left: 300 sec this turn | 300 sec total\n|\n|t:|1783544610\n|switch|p2a: Toxapex|Toxapex, L82, F|100/100\n|move|p1a: Basculin|Flip Turn|p2a: Toxapex\n|-resisted|p2a: Toxapex\n|-damage|p2a: Toxapex|82/100\n|-damage|p1a: Basculin|4/261|[from] item: Rocky Helmet|[of] p2a: Toxapex\n|inactive|Time left: 300 sec this turn | 300 sec total | 5 sec grace\n|\n|t:|1783544611\n|switch|p1a: Pawmot|Pawmot, L80, M|243/243|[from] Flip Turn\n|\n|upkeep\n|turn|28\n|inactive|Time left: 300 sec this turn | 300 sec total\n|\n|t:|1783544611\n|switch|p2a: Sableye|Sableye, L88, F|37/100\n|move|p1a: Pawmot|Double Shock|p2a: Sableye\n|-damage|p2a: Sableye|0 fnt\n|-start|p1a: Pawmot|typechange|???/Fighting|[from] move: Double Shock\n|faint|p2a: Sableye\n|-damage|p1a: Pawmot|219/243|[from] item: Life Orb\n|\n|upkeep\n|\n|t:|1783544612\n|switch|p2a: Toxapex|Toxapex, L82, F|100/100\n|turn|29\n|inactive|Time left: 300 sec this turn | 300 sec total\n|\n|t:|1783544613\n|switch|p1a: Basculin|Basculin-Blue-Striped, L86, M|4/261\n|move|p2a: Toxapex|Haze|p2a: Toxapex\n|-clearallboost\n|\n|upkeep\n|turn|30\n|inactive|Time left: 300 sec this turn | 300 sec total\n|\n|t:|1783544614\n|move|p1a: Basculin|Wave Crash|p2a: Toxapex\n|-resisted|p2a: Toxapex\n|-damage|p2a: Toxapex|59/100\n|-damage|p1a: Basculin|0 fnt|[from] item: Rocky Helmet|[of] p2a: Toxapex\n|faint|p1a: Basculin\n|move|p2a: Toxapex|Liquidation|p1: Basculin|[notarget]\n|-fail|p2a: Toxapex\n|\n|upkeep\n|inactive|Time left: 300 sec this turn | 300 sec total | 5 sec grace\n|\n|t:|1783544615\n|switch|p1a: Pawmot|Pawmot, L80, M|219/243\n|turn|31\n|inactive|Time left: 300 sec this turn | 300 sec total\n|\n|t:|1783544616\n|move|p1a: Pawmot|Double Shock|p2a: Toxapex\n|-supereffective|p2a: Toxapex\n|-damage|p2a: Toxapex|0 fnt\n|-start|p1a: Pawmot|typechange|???/Fighting|[from] move: Double Shock\n|-damage|p1a: Pawmot|179/243|[from] item: Rocky Helmet|[of] p2a: Toxapex\n|faint|p2a: Toxapex\n|-damage|p1a: Pawmot|155/243|[from] item: Life Orb\n|\n|win|p0x476482b", "uploadtime": 1783544616, "views": 0, "rating": 0, "private": 0, "password": null, "_winner": "p0x476482b", "_our_name": "p0x476482b"}