{"id": "battle-gen9randombattle-2745", "formatid": "gen9randombattle", "format": "[Gen 9] Random Battle", "players": ["p0x27456be3", "p0y2745b07d"], "log": "|init|battle\n|title|p0x27456be3 vs. p0y2745b07d\n|j|\u2606p0x27456be3\n|j|\u2606p0y2745b07d\n|t:|1783571649\n|gametype|singles\n|player|p1|p0x27456be3|265|\n|player|p2|p0y2745b07d|170|\n|gen|9\n|tier|[Gen 9] Random Battle\n|rule|Species Clause: Limit one of each Pok\u00e9mon\n|rule|HP Percentage Mod: HP is shown in percentages\n|rule|Sleep Clause Mod: Limit one foe put to sleep\n|rule|Illusion Level Mod: Illusion disguises the Pok\u00e9mon's true level\n|\n|t:|1783571649\n|teamsize|p1|6\n|teamsize|p2|6\n|start\n|switch|p1a: Terrakion|Terrakion, L79|273/273\n|switch|p2a: Iron Moth|Iron Moth, L78|100/100\n|turn|1\n|inactive|Battle timer is ON: inactive players will automatically lose when time's up. (requested by p0y2745b07d)\n|inactive|Time left: 300 sec this turn | 300 sec total | 60 sec grace\n|\n|t:|1783571650\n|-terastallize|p2a: Iron Moth|Grass\n|move|p2a: Iron Moth|Energy Ball|p1a: Terrakion\n|-supereffective|p1a: Terrakion\n|-damage|p1a: Terrakion|0 fnt\n|faint|p1a: Terrakion\n|\n|upkeep\n|inactive|Time left: 300 sec this turn | 300 sec total | 65 sec grace\n|inactive|p0x27456be3 also wants the timer to be on.\n|\n|t:|1783571651\n|switch|p1a: Munkidori|Munkidori, L79, M|269/269\n|turn|2\n|inactive|Time left: 300 sec this turn | 300 sec total\n|\n|t:|1783571652\n|-end|p2a: Iron Moth|Quark Drive|[silent]\n|switch|p2a: Tinkaton|Tinkaton, L82, F|100/100\n|-ability|p2a: Tinkaton|Mold Breaker\n|move|p1a: Munkidori|Sludge Wave|p2a: Tinkaton\n|-immune|p2a: Tinkaton\n|\n|upkeep\n|turn|3\n|inactive|Time left: 300 sec this turn | 300 sec total\n|\n|t:|1783571653\n|switch|p1a: Oricorio|Oricorio, L84, M|263/263\n|move|p2a: Tinkaton|Gigaton Hammer|p1a: Oricorio\n|-resisted|p1a: Oricorio\n|-damage|p1a: Oricorio|180/263\n|\n|upkeep\n|turn|4\n|inactive|Time left: 300 sec this turn | 300 sec total\n|\n|t:|1783571654\n|move|p1a: Oricorio|Quiver Dance|p1a: Oricorio\n|-boost|p1a: Oricorio|spa|1\n|-boost|p1a: Oricorio|spd|1\n|-boost|p1a: Oricorio|spe|1\n|move|p2a: Tinkaton|Knock Off|p1a: Oricorio\n|-damage|p1a: Oricorio|120/263\n|-enditem|p1a: Oricorio|Heavy-Duty Boots|[from] move: Knock Off|[of] p2a: Tinkaton\n|\n|upkeep\n|turn|5\n|inactive|Time left: 300 sec this turn | 300 sec total\n|\n|t:|1783571655\n|switch|p2a: Latias|Latias, L79, F|100/100\n|move|p1a: Oricorio|Quiver Dance|p1a: Oricorio\n|-boost|p1a: Oricorio|spa|1\n|-boost|p1a: Oricorio|spd|1\n|-boost|p1a: Oricorio|spe|1\n|\n|upkeep\n|turn|6\n|inactive|Time left: 300 sec this turn | 300 sec total\n|\n|t:|1783571656\n|move|p1a: Oricorio|Roost|p1a: Oricorio\n|-heal|p1a: Oricorio|252/263\n|-singleturn|p1a: Oricorio|move: Roost\n|move|p2a: Latias|Psyshock|p1a: Oricorio\n|-damage|p1a: Oricorio|135/263\n|\n|upkeep\n|turn|7\n|inactive|Time left: 300 sec this turn | 300 sec total\n|\n|t:|1783571657\n|move|p1a: Oricorio|Hurricane|p2a: Latias\n|-damage|p2a: Latias|30/100\n|-start|p2a: Latias|confusion\n|-activate|p2a: Latias|confusion\n|move|p2a: Latias|Psyshock|p1a: Oricorio\n|-damage|p1a: Oricorio|26/263\n|\n|upkeep\n|turn|8\n|inactive|Time left: 300 sec this turn | 300 sec total\n|\n|t:|1783571657\n|move|p1a: Oricorio|Roost|p1a: Oricorio\n|-heal|p1a: Oricorio|158/263\n|-singleturn|p1a: Oricorio|move: Roost\n|-end|p2a: Latias|confusion\n|move|p2a: Latias|Psyshock|p1a: Oricorio\n|-damage|p1a: Oricorio|31/263\n|\n|upkeep\n|turn|9\n|inactive|Time left: 300 sec this turn | 300 sec total\n|\n|t:|1783571658\n|move|p1a: Oricorio|Roost|p1a: Oricorio\n|-heal|p1a: Oricorio|163/263\n|-singleturn|p1a: Oricorio|move: Roost\n|move|p2a: Latias|Psyshock|p1a: Oricorio\n|-damage|p1a: Oricorio|54/263\n|\n|upkeep\n|turn|10\n|inactive|Time left: 300 sec this turn | 300 sec total\n|\n|t:|1783571659\n|move|p1a: Oricorio|Roost|p1a: Oricorio\n|-heal|p1a: Oricorio|186/263\n|-singleturn|p1a: Oricorio|move: Roost\n|move|p2a: Latias|Psyshock|p1a: Oricorio\n|-damage|p1a: Oricorio|59/263\n|\n|upkeep\n|turn|11\n|inactive|Time left: 300 sec this turn | 300 sec total\n|\n|t:|1783571660\n|move|p1a: Oricorio|Roost|p1a: Oricorio\n|-heal|p1a: Oricorio|191/263\n|-singleturn|p1a: Oricorio|move: Roost\n|move|p2a: Latias|Psyshock|p1a: Oricorio\n|-damage|p1a: Oricorio|77/263\n|\n|upkeep\n|turn|12\n|inactive|Time left: 300 sec this turn | 300 sec total\n|\n|t:|1783571661\n|move|p1a: Oricorio|Roost|p1a: Oricorio\n|-heal|p1a: Oricorio|209/263\n|-singleturn|p1a: Oricorio|move: Roost\n|move|p2a: Latias|Psyshock|p1a: Oricorio\n|-damage|p1a: Oricorio|85/263\n|\n|upkeep\n|turn|13\n|inactive|Time left: 300 sec this turn | 300 sec total\n|\n|t:|1783571662\n|move|p1a: Oricorio|Roost|p1a: Oricorio\n|-heal|p1a: Oricorio|217/263\n|-singleturn|p1a: Oricorio|move: Roost\n|move|p2a: Latias|Psyshock|p1a: Oricorio\n|-damage|p1a: Oricorio|99/263\n|\n|upkeep\n|turn|14\n|inactive|Time left: 300 sec this turn | 300 sec total\n|\n|t:|1783571663\n|move|p1a: Oricorio|Hurricane|p2a: Latias\n|-damage|p2a: Latias|0 fnt\n|faint|p2a: Latias\n|\n|upkeep\n|\n|t:|1783571664\n|switch|p2a: Magmortar|Magmortar, L88, M|100/100\n|turn|15\n|inactive|Time left: 300 sec this turn | 300 sec total\n|\n|t:|1783571665\n|move|p1a: Oricorio|Roost|p1a: Oricorio\n|-heal|p1a: Oricorio|231/263\n|-singleturn|p1a: Oricorio|move: Roost\n|move|p2a: Magmortar|Fire Blast|p1a: Oricorio\n|-resisted|p1a: Oricorio\n|-damage|p1a: Oricorio|184/263\n|\n|upkeep\n|turn|16\n|inactive|Time left: 300 sec this turn | 300 sec total\n|\n|t:|1783571666\n|move|p1a: Oricorio|Quiver Dance|p1a: Oricorio\n|-boost|p1a: Oricorio|spa|1\n|-boost|p1a: Oricorio|spd|1\n|-boost|p1a: Oricorio|spe|1\n|move|p2a: Magmortar|Fire Blast|p1a: Oricorio\n|-resisted|p1a: Oricorio\n|-damage|p1a: Oricorio|150/263\n|\n|upkeep\n|turn|17\n|inactive|Time left: 300 sec this turn | 300 sec total\n|\n|t:|1783571667\n|move|p1a: Oricorio|Revelation Dance|p2a: Magmortar\n|-resisted|p2a: Magmortar\n|-damage|p2a: Magmortar|62/100\n|move|p2a: Magmortar|Focus Blast|p1a: Oricorio\n|-resisted|p1a: Oricorio\n|-damage|p1a: Oricorio|124/263\n|\n|upkeep\n|turn|18\n|inactive|Time left: 300 sec this turn | 300 sec total\n|\n|t:|1783571668\n|move|p1a: Oricorio|Hurricane|p2a: Magmortar|[miss]\n|-miss|p1a: Oricorio|p2a: Magmortar\n|move|p2a: Magmortar|Fire Blast|p1a: Oricorio\n|-resisted|p1a: Oricorio\n|-damage|p1a: Oricorio|85/263\n|\n|upkeep\n|turn|19\n|inactive|Time left: 300 sec this turn | 300 sec total\n|\n|t:|1783571669\n|move|p1a: Oricorio|Revelation Dance|p2a: Magmortar\n|-resisted|p2a: Magmortar\n|-damage|p2a: Magmortar|21/100\n|move|p2a: Magmortar|Fire Blast|p1a: Oricorio|[miss]\n|-miss|p2a: Magmortar|p1a: Oricorio\n|\n|upkeep\n|turn|20\n|inactive|Time left: 300 sec this turn | 300 sec total\n|\n|t:|1783571670\n|move|p1a: Oricorio|Revelation Dance|p2a: Magmortar\n|-resisted|p2a: Magmortar\n|-damage|p2a: Magmortar|0 fnt\n|faint|p2a: Magmortar\n|\n|upkeep\n|\n|t:|1783571671\n|switch|p2a: Iron Moth|Iron Moth, L78, tera:Grass|100/100\n|turn|21\n|inactive|Time left: 300 sec this turn | 300 sec total\n|\n|t:|1783571672\n|move|p1a: Oricorio|Revelation Dance|p2a: Iron Moth\n|-supereffective|p2a: Iron Moth\n|-damage|p2a: Iron Moth|0 fnt\n|faint|p2a: Iron Moth\n|-end|p2a: Iron Moth|Quark Drive|[silent]\n|\n|upkeep\n|\n|t:|1783571673\n|switch|p2a: Beartic|Beartic, L91, M|100/100\n|turn|22\n|inactive|Time left: 300 sec this turn | 300 sec total\n|\n|t:|1783571674\n|move|p1a: Oricorio|Revelation Dance|p2a: Beartic\n|-supereffective|p2a: Beartic\n|-damage|p2a: Beartic|0 fnt\n|faint|p2a: Beartic\n|\n|upkeep\n|\n|t:|1783571675\n|switch|p2a: Torterra|Torterra, L78, M|100/100\n|turn|23\n|inactive|Time left: 300 sec this turn | 300 sec total\n|\n|t:|1783571675\n|switch|p2a: Tinkaton|Tinkaton, L82, F|100/100\n|-ability|p2a: Tinkaton|Mold Breaker\n|move|p1a: Oricorio|Revelation Dance|p2a: Tinkaton\n|-supereffective|p2a: Tinkaton\n|-damage|p2a: Tinkaton|0 fnt\n|faint|p2a: Tinkaton\n|\n|upkeep\n|\n|t:|1783571676\n|switch|p2a: Torterra|Torterra, L78, M|100/100\n|turn|24\n|inactive|Time left: 300 sec this turn | 300 sec total\n|\n|t:|1783571677\n|move|p1a: Oricorio|Revelation Dance|p2a: Torterra\n|-supereffective|p2a: Torterra\n|-damage|p2a: Torterra|0 fnt\n|faint|p2a: Torterra\n|\n|win|p0x27456be3", "uploadtime": 1783571677, "views": 0, "rating": 0, "private": 0, "password": null, "_winner": "p0x27456be3", "_our_name": "p0x27456be3"}