{"id": "battle-gen9randombattle-444", "formatid": "gen9randombattle", "format": "[Gen 9] Random Battle", "players": ["p0x44418cb", "p0y444bf52"], "log": "|init|battle\n|title|p0x44418cb vs. p0y444bf52\n|j|\u2606p0x44418cb\n|j|\u2606p0y444bf52\n|t:|1783544916\n|gametype|singles\n|player|p1|p0x44418cb|169|\n|player|p2|p0y444bf52|1|\n|gen|9\n|tier|[Gen 9] Random Battle\n|rule|Species Clause: Limit one of each Pok\u00e9mon\n|rule|HP Percentage Mod: HP is shown in percentages\n|rule|Sleep Clause Mod: Limit one foe put to sleep\n|rule|Illusion Level Mod: Illusion disguises the Pok\u00e9mon's true level\n|\n|t:|1783544916\n|teamsize|p1|6\n|teamsize|p2|6\n|start\n|switch|p1a: Terapagos|Terapagos, L77, M|100/100\n|switch|p2a: Floatzel|Floatzel, L86, F|286/286\n|-activate|p1a: Terapagos|ability: Tera Shift\n|detailschange|p1a: Terapagos|Terapagos-Terastal, L77, M\n|-heal|p1a: Terapagos|100/100|[silent]\n|turn|1\n|inactive|Battle timer is ON: inactive players will automatically lose when time's up. (requested by p0y444bf52)\n|inactive|p0x44418cb also wants the timer to be on.\n|\n|t:|1783544917\n|move|p2a: Floatzel|Wave Crash|p1a: Terapagos\n|-activate|p1a: Terapagos|ability: Tera Shell\n|-resisted|p1a: Terapagos\n|-damage|p1a: Terapagos|63/100\n|-damage|p2a: Floatzel|252/286|[from] Recoil\n|move|p1a: Terapagos|Tera Starstorm|p2a: Floatzel\n|-damage|p2a: Floatzel|77/286\n|\n|upkeep\n|turn|2\n|inactive|Time left: 300 sec this turn | 300 sec total\n|\n|t:|1783544919\n|switch|p1a: Veluza|Veluza, L85, M|100/100\n|move|p2a: Floatzel|Wave Crash|p1a: Veluza\n|-resisted|p1a: Veluza\n|-damage|p1a: Veluza|62/100\n|-damage|p2a: Floatzel|40/286|[from] Recoil\n|\n|upkeep\n|turn|3\n|inactive|Time left: 300 sec this turn | 300 sec total\n|\n|t:|1783544920\n|move|p2a: Floatzel|Wave Crash|p1a: Veluza\n|-resisted|p1a: Veluza\n|-damage|p1a: Veluza|25/100\n|-enditem|p1a: Veluza|Sitrus Berry|[eat]\n|-heal|p1a: Veluza|50/100|[from] item: Sitrus Berry\n|-damage|p2a: Floatzel|4/286|[from] Recoil\n|move|p1a: Veluza|Psycho Cut|p2a: Floatzel\n|-damage|p2a: Floatzel|0 fnt\n|faint|p2a: Floatzel\n|\n|upkeep\n|inactive|Time left: 300 sec this turn | 300 sec total | 5 sec grace\n|\n|t:|1783544921\n|switch|p2a: Kilowattrel|Kilowattrel, L83, M|252/252\n|turn|4\n|inactive|Time left: 300 sec this turn | 300 sec total\n|\n|t:|1783544922\n|switch|p1a: Garchomp|Garchomp, L74, F|100/100\n|move|p2a: Kilowattrel|Thunderbolt|p1a: Garchomp\n|-immune|p1a: Garchomp\n|\n|upkeep\n|turn|5\n|inactive|Time left: 300 sec this turn | 300 sec total\n|\n|t:|1783544923\n|move|p2a: Kilowattrel|Hurricane|p1a: Garchomp\n|-damage|p1a: Garchomp|50/100\n|-start|p1a: Garchomp|confusion\n|-activate|p1a: Garchomp|confusion\n|move|p1a: Garchomp|Outrage|p2a: Kilowattrel\n|-damage|p2a: Kilowattrel|86/252\n|\n|upkeep\n|turn|6\n|inactive|Time left: 300 sec this turn | 300 sec total\n|\n|t:|1783544924\n|move|p2a: Kilowattrel|Hurricane|p1a: Garchomp\n|-damage|p1a: Garchomp|4/100\n|-activate|p1a: Garchomp|confusion\n|move|p1a: Garchomp|Outrage|p2a: Kilowattrel|[from] lockedmove\n|-damage|p2a: Kilowattrel|0 fnt\n|faint|p2a: Kilowattrel\n|\n|upkeep\n|inactive|Time left: 300 sec this turn | 300 sec total | 5 sec grace\n|\n|t:|1783544925\n|switch|p2a: Sudowoodo|Sudowoodo, L94, M|284/284\n|turn|7\n|inactive|Time left: 300 sec this turn | 300 sec total\n|\n|t:|1783544926\n|-activate|p1a: Garchomp|confusion\n|move|p1a: Garchomp|Earthquake|p2a: Sudowoodo\n|-supereffective|p2a: Sudowoodo\n|-damage|p2a: Sudowoodo|120/284\n|move|p2a: Sudowoodo|Stealth Rock|p1a: Garchomp\n|-sidestart|p1: p0x44418cb|move: Stealth Rock\n|\n|-heal|p2a: Sudowoodo|137/284|[from] item: Leftovers\n|upkeep\n|turn|8\n|inactive|Time left: 300 sec this turn | 300 sec total\n|\n|t:|1783544927\n|switch|p2a: Lumineon|Lumineon, L93, M|279/279\n|-end|p1a: Garchomp|confusion\n|move|p1a: Garchomp|Earthquake|p2a: Lumineon\n|-damage|p2a: Lumineon|170/279\n|\n|upkeep\n|turn|9\n|inactive|Time left: 300 sec this turn | 300 sec total\n|\n|t:|1783544928\n|move|p2a: Lumineon|Ice Beam|p1a: Garchomp\n|-supereffective|p1a: Garchomp\n|-damage|p1a: Garchomp|0 fnt\n|faint|p1a: Garchomp\n|\n|upkeep\n|\n|t:|1783544929\n|switch|p1a: Revavroom|Revavroom, L79, M|100/100\n|-damage|p1a: Revavroom|94/100|[from] Stealth Rock\n|turn|10\n|inactive|Time left: 300 sec this turn | 300 sec total\n|\n|t:|1783544930\n|move|p2a: Lumineon|Hydro Pump|p1a: Revavroom\n|-damage|p1a: Revavroom|39/100\n|move|p1a: Revavroom|Shift Gear|p1a: Revavroom\n|-boost|p1a: Revavroom|spe|2\n|-boost|p1a: Revavroom|atk|1\n|\n|upkeep\n|turn|11\n|inactive|Time left: 300 sec this turn | 300 sec total\n|\n|t:|1783544931\n|move|p1a: Revavroom|Gunk Shot|p2a: Lumineon\n|-damage|p2a: Lumineon|0 fnt\n|faint|p2a: Lumineon\n|-damage|p1a: Revavroom|29/100|[from] item: Life Orb\n|\n|upkeep\n|inactive|Time left: 300 sec this turn | 300 sec total | 5 sec grace\n|\n|t:|1783544932\n|switch|p2a: Ogerpon|Ogerpon-Cornerstone, L76, F|247/247\n|turn|12\n|inactive|Time left: 300 sec this turn | 300 sec total\n|\n|t:|1783544933\n|move|p1a: Revavroom|Iron Head|p2a: Ogerpon\n|-supereffective|p2a: Ogerpon\n|-ability|p2a: Ogerpon|Sturdy\n|-damage|p2a: Ogerpon|1/247\n|-damage|p1a: Revavroom|20/100|[from] item: Life Orb\n|cant|p2a: Ogerpon|flinch\n|\n|upkeep\n|turn|13\n|inactive|Time left: 300 sec this turn | 300 sec total\n|\n|t:|1783544934\n|move|p1a: Revavroom|High Horsepower|p2a: Ogerpon\n|-damage|p2a: Ogerpon|0 fnt\n|faint|p2a: Ogerpon\n|-damage|p1a: Revavroom|10/100|[from] item: Life Orb\n|\n|upkeep\n|inactive|Time left: 300 sec this turn | 300 sec total | 5 sec grace\n|\n|t:|1783544935\n|switch|p2a: Sudowoodo|Sudowoodo, L94, M|137/284\n|turn|14\n|inactive|Time left: 300 sec this turn | 300 sec total\n|\n|t:|1783544936\n|-terastallize|p2a: Sudowoodo|Grass\n|move|p1a: Revavroom|Iron Head|p2a: Sudowoodo\n|-crit|p2a: Sudowoodo\n|-damage|p2a: Sudowoodo|0 fnt\n|faint|p2a: Sudowoodo\n|-damage|p1a: Revavroom|0 fnt|[from] item: Life Orb\n|faint|p1a: Revavroom\n|\n|upkeep\n|inactive|Time left: 300 sec this turn | 300 sec total | 5 sec grace\n|\n|t:|1783544937\n|switch|p1a: Regieleki|Regieleki, L79|100/100\n|switch|p2a: Salazzle|Salazzle, L83, F|249/249\n|-damage|p1a: Regieleki|88/100|[from] Stealth Rock\n|turn|15\n|inactive|Time left: 300 sec this turn | 300 sec total\n|\n|t:|1783544938\n|-terastallize|p1a: Regieleki|Electric\n|move|p2a: Salazzle|Protect|p2a: Salazzle\n|-singleturn|p2a: Salazzle|Protect\n|move|p1a: Regieleki|Thunderbolt|p2a: Salazzle\n|-activate|p2a: Salazzle|move: Protect\n|\n|upkeep\n|turn|16\n|inactive|Time left: 300 sec this turn | 300 sec total\n|\n|t:|1783544939\n|move|p2a: Salazzle|Protect||[still]\n|-fail|p2a: Salazzle\n|move|p1a: Regieleki|Thunderbolt|p2a: Salazzle\n|-damage|p2a: Salazzle|23/249\n|\n|-heal|p2a: Salazzle|38/249|[from] item: Leftovers\n|upkeep\n|turn|17\n|inactive|Time left: 300 sec this turn | 300 sec total\n|\n|t:|1783544940\n|move|p2a: Salazzle|Protect|p2a: Salazzle\n|-singleturn|p2a: Salazzle|Protect\n|move|p1a: Regieleki|Volt Switch|p2a: Salazzle\n|-activate|p2a: Salazzle|move: Protect\n|\n|-heal|p2a: Salazzle|53/249|[from] item: Leftovers\n|upkeep\n|turn|18\n|inactive|Time left: 300 sec this turn | 300 sec total\n|\n|t:|1783544941\n|move|p2a: Salazzle|Protect||[still]\n|-fail|p2a: Salazzle\n|move|p1a: Regieleki|Thunderbolt|p2a: Salazzle\n|-damage|p2a: Salazzle|0 fnt\n|faint|p2a: Salazzle\n|\n|win|p0x44418cb", "uploadtime": 1783544941, "views": 0, "rating": 0, "private": 0, "password": null, "_winner": "p0x44418cb", "_our_name": "p0y444bf52"}