{"id": "battle-gen9randombattle-768", "formatid": "gen9randombattle", "format": "[Gen 9] Random Battle", "players": ["p0x7680b9e", "p0y76862a8"], "log": "|init|battle\n|title|p0x7680b9e vs. p0y76862a8\n|j|\u2606p0x7680b9e\n|j|\u2606p0y76862a8\n|t:|1783548033\n|gametype|singles\n|player|p1|p0x7680b9e|2|\n|player|p2|p0y76862a8|265|\n|gen|9\n|tier|[Gen 9] Random Battle\n|rule|Species Clause: Limit one of each Pok\u00e9mon\n|rule|HP Percentage Mod: HP is shown in percentages\n|rule|Sleep Clause Mod: Limit one foe put to sleep\n|rule|Illusion Level Mod: Illusion disguises the Pok\u00e9mon's true level\n|\n|t:|1783548033\n|teamsize|p1|6\n|teamsize|p2|6\n|start\n|switch|p1a: Sandy Shocks|Sandy Shocks, L80|100/100\n|switch|p2a: Regidrago|Regidrago, L77|435/435\n|turn|1\n|inactive|Battle timer is ON: inactive players will automatically lose when time's up. (requested by p0y76862a8)\n|inactive|p0x7680b9e also wants the timer to be on.\n|\n|t:|1783548035\n|move|p1a: Sandy Shocks|Volt Switch|p2a: Regidrago\n|-resisted|p2a: Regidrago\n|-crit|p2a: Regidrago\n|-damage|p2a: Regidrago|342/435\n|\n|t:|1783548036\n|-end|p1a: Sandy Shocks|Protosynthesis|[silent]\n|switch|p1a: Conkeldurr|Conkeldurr, L80, F|100/100|[from] Volt Switch\n|move|p2a: Regidrago|Outrage|p1a: Conkeldurr\n|-damage|p1a: Conkeldurr|50/100\n|\n|-status|p1a: Conkeldurr|brn|[from] item: Flame Orb\n|upkeep\n|turn|2\n|inactive|Time left: 300 sec this turn | 300 sec total\n|\n|t:|1783548037\n|switch|p1a: Heracross|Heracross, L80, F|100/100\n|move|p2a: Regidrago|Outrage|p1a: Heracross|[from] lockedmove\n|-damage|p1a: Heracross|25/100\n|\n|-status|p1a: Heracross|brn|[from] item: Flame Orb\n|upkeep\n|turn|3\n|inactive|Time left: 300 sec this turn | 300 sec total\n|\n|t:|1783548038\n|-terastallize|p1a: Heracross|Normal\n|move|p1a: Heracross|Facade|p2a: Regidrago\n|-crit|p2a: Regidrago\n|-damage|p2a: Regidrago|0 fnt\n|faint|p2a: Regidrago\n|\n|-damage|p1a: Heracross|19/100 brn|[from] brn\n|upkeep\n|inactive|Time left: 300 sec this turn | 300 sec total | 5 sec grace\n|\n|t:|1783548039\n|switch|p2a: Diancie|Diancie, L82|216/216\n|turn|4\n|inactive|Time left: 300 sec this turn | 300 sec total\n|\n|t:|1783548040\n|move|p1a: Heracross|Close Combat|p2a: Diancie\n|-damage|p2a: Diancie|80/216\n|-unboost|p1a: Heracross|def|1\n|-unboost|p1a: Heracross|spd|1\n|move|p2a: Diancie|Diamond Storm|p1a: Heracross\n|-damage|p1a: Heracross|0 fnt\n|-boost|p2a: Diancie|def|2\n|faint|p1a: Heracross\n|\n|-heal|p2a: Diancie|93/216|[from] item: Leftovers\n|upkeep\n|\n|t:|1783548041\n|switch|p1a: Espeon|Espeon, L84, M|100/100\n|turn|5\n|inactive|Time left: 300 sec this turn | 300 sec total\n|\n|t:|1783548042\n|move|p1a: Espeon|Psychic|p2a: Diancie\n|-damage|p2a: Diancie|0 fnt\n|faint|p2a: Diancie\n|\n|upkeep\n|inactive|Time left: 300 sec this turn | 300 sec total | 5 sec grace\n|\n|t:|1783548043\n|switch|p2a: Frosmoth|Frosmoth, L82, M|249/249\n|turn|6\n|inactive|Time left: 300 sec this turn | 300 sec total\n|\n|t:|1783548044\n|move|p1a: Espeon|Psychic|p2a: Frosmoth\n|-damage|p2a: Frosmoth|163/249\n|move|p2a: Frosmoth|Quiver Dance|p2a: Frosmoth\n|-boost|p2a: Frosmoth|spa|1\n|-boost|p2a: Frosmoth|spd|1\n|-boost|p2a: Frosmoth|spe|1\n|\n|upkeep\n|turn|7\n|inactive|Time left: 300 sec this turn | 300 sec total\n|\n|t:|1783548045\n|move|p1a: Espeon|Psychic|p2a: Frosmoth\n|-damage|p2a: Frosmoth|104/249\n|move|p2a: Frosmoth|Quiver Dance|p2a: Frosmoth\n|-boost|p2a: Frosmoth|spa|1\n|-boost|p2a: Frosmoth|spd|1\n|-boost|p2a: Frosmoth|spe|1\n|\n|upkeep\n|turn|8\n|inactive|Time left: 300 sec this turn | 300 sec total\n|\n|t:|1783548046\n|move|p2a: Frosmoth|Giga Drain|p1a: Espeon\n|-damage|p1a: Espeon|57/100\n|-heal|p2a: Frosmoth|157/249|[from] drain|[of] p1a: Espeon\n|move|p1a: Espeon|Psychic|p2a: Frosmoth\n|-damage|p2a: Frosmoth|112/249\n|\n|upkeep\n|turn|9\n|inactive|Time left: 300 sec this turn | 300 sec total\n|\n|t:|1783548047\n|move|p2a: Frosmoth|Ice Beam|p1a: Espeon\n|-damage|p1a: Espeon|0 fnt\n|faint|p1a: Espeon\n|\n|upkeep\n|\n|t:|1783548048\n|switch|p1a: Conkeldurr|Conkeldurr, L80, F|50/100 brn\n|turn|10\n|inactive|Time left: 300 sec this turn | 300 sec total\n|\n|t:|1783548049\n|move|p1a: Conkeldurr|Mach Punch|p2a: Frosmoth\n|-damage|p2a: Frosmoth|10/249\n|move|p2a: Frosmoth|Giga Drain|p1a: Conkeldurr\n|-damage|p1a: Conkeldurr|0 fnt\n|-heal|p2a: Frosmoth|84/249|[from] drain|[of] p1a: Conkeldurr\n|faint|p1a: Conkeldurr\n|\n|upkeep\n|\n|t:|1783548050\n|switch|p1a: Vikavolt|Vikavolt, L83, M|100/100\n|turn|11\n|inactive|Time left: 300 sec this turn | 300 sec total\n|\n|t:|1783548051\n|move|p2a: Frosmoth|Ice Beam|p1a: Vikavolt\n|-damage|p1a: Vikavolt|9/100\n|move|p1a: Vikavolt|Sticky Web|p2a: Frosmoth\n|-sidestart|p2: p0y76862a8|move: Sticky Web\n|\n|upkeep\n|turn|12\n|inactive|Time left: 300 sec this turn | 300 sec total\n|\n|t:|1783548052\n|move|p2a: Frosmoth|Ice Beam|p1a: Vikavolt\n|-damage|p1a: Vikavolt|0 fnt\n|faint|p1a: Vikavolt\n|\n|upkeep\n|\n|t:|1783548053\n|switch|p1a: Palafin|Palafin, L77, M|100/100\n|turn|13\n|inactive|Time left: 300 sec this turn | 300 sec total\n|\n|t:|1783548054\n|detailschange|p1a: Palafin|Palafin-Hero, L77, M\n|switch|p1a: Sandy Shocks|Sandy Shocks, L80|100/100\n|move|p2a: Frosmoth|Giga Drain|p1a: Sandy Shocks\n|-supereffective|p1a: Sandy Shocks\n|-damage|p1a: Sandy Shocks|3/100\n|-heal|p2a: Frosmoth|214/249|[from] drain|[of] p1a: Sandy Shocks\n|\n|upkeep\n|turn|14\n|inactive|Time left: 300 sec this turn | 300 sec total\n|\n|t:|1783548055\n|move|p2a: Frosmoth|Giga Drain|p1a: Sandy Shocks\n|-supereffective|p1a: Sandy Shocks\n|-damage|p1a: Sandy Shocks|0 fnt\n|-heal|p2a: Frosmoth|218/249|[from] drain|[of] p1a: Sandy Shocks\n|faint|p1a: Sandy Shocks\n|-end|p1a: Sandy Shocks|Protosynthesis|[silent]\n|\n|upkeep\n|\n|t:|1783548056\n|switch|p1a: Palafin|Palafin-Hero, L77, M|100/100\n|-activate|p1a: Palafin|ability: Zero to Hero\n|turn|15\n|inactive|Time left: 300 sec this turn | 300 sec total\n|\n|t:|1783548056\n|move|p2a: Frosmoth|Giga Drain|p1a: Palafin\n|-supereffective|p1a: Palafin\n|-damage|p1a: Palafin|8/100\n|-heal|p2a: Frosmoth|249/249|[from] drain|[of] p1a: Palafin\n|move|p1a: Palafin|Bulk Up|p1a: Palafin\n|-boost|p1a: Palafin|atk|1\n|-boost|p1a: Palafin|def|1\n|\n|-heal|p1a: Palafin|14/100|[from] item: Leftovers\n|upkeep\n|turn|16\n|inactive|Time left: 300 sec this turn | 300 sec total\n|\n|t:|1783548057\n|move|p2a: Frosmoth|Ice Beam|p1a: Palafin\n|-resisted|p1a: Palafin\n|-damage|p1a: Palafin|0 fnt\n|faint|p1a: Palafin\n|\n|win|p0y76862a8", "uploadtime": 1783548057, "views": 0, "rating": 0, "private": 0, "password": null, "_winner": "p0y76862a8", "_our_name": "p0y76862a8"}