{"id": "battle-gen9randombattle-378", "formatid": "gen9randombattle", "format": "[Gen 9] Random Battle", "players": ["p0x37888cb", "p0y378ba3e"], "log": "|init|battle\n|title|p0x37888cb vs. p0y378ba3e\n|j|\u2606p0x37888cb\n|j|\u2606p0y378ba3e\n|t:|1783543492\n|gametype|singles\n|player|p1|p0x37888cb|2|\n|player|p2|p0y378ba3e|1|\n|gen|9\n|tier|[Gen 9] Random Battle\n|rule|Species Clause: Limit one of each Pok\u00e9mon\n|rule|HP Percentage Mod: HP is shown in percentages\n|rule|Sleep Clause Mod: Limit one foe put to sleep\n|rule|Illusion Level Mod: Illusion disguises the Pok\u00e9mon's true level\n|\n|t:|1783543492\n|teamsize|p1|6\n|teamsize|p2|6\n|start\n|switch|p1a: Ambipom|Ambipom, L84, F|100/100\n|switch|p2a: Fezandipiti|Fezandipiti, L82, M|278/278\n|turn|1\n|inactive|Battle timer is ON: inactive players will automatically lose when time's up. (requested by p0x37888cb)\n|inactive|Time left: 300 sec this turn | 300 sec total | 60 sec grace\n|inactive|p0y378ba3e also wants the timer to be on.\n|\n|t:|1783543493\n|-terastallize|p1a: Ambipom|Ice\n|move|p1a: Ambipom|Triple Axel|p2a: Fezandipiti\n|-damage|p2a: Fezandipiti|229/278\n|-hitcount|p2a: Fezandipiti|1\n|move|p2a: Fezandipiti|Swords Dance|p2a: Fezandipiti\n|-boost|p2a: Fezandipiti|atk|2\n|\n|-heal|p2a: Fezandipiti|246/278|[from] item: Leftovers\n|upkeep\n|turn|2\n|inactive|Time left: 300 sec this turn | 300 sec total\n|\n|t:|1783543494\n|switch|p2a: Crabominable|Crabominable, L90, M|321/321\n|move|p1a: Ambipom|Triple Axel|p2a: Crabominable\n|-resisted|p2a: Crabominable\n|-damage|p2a: Crabominable|294/321\n|-resisted|p2a: Crabominable\n|-damage|p2a: Crabominable|241/321\n|-resisted|p2a: Crabominable\n|-damage|p2a: Crabominable|169/321\n|-hitcount|p2a: Crabominable|3\n|\n|upkeep\n|turn|3\n|inactive|Time left: 300 sec this turn | 300 sec total\n|\n|t:|1783543495\n|switch|p1a: Azumarill|Azumarill, L82, F|100/100\n|move|p2a: Crabominable|Close Combat|p1a: Azumarill\n|-resisted|p1a: Azumarill\n|-damage|p1a: Azumarill|52/100\n|-unboost|p2a: Crabominable|def|1\n|-unboost|p2a: Crabominable|spd|1\n|\n|upkeep\n|turn|4\n|inactive|Time left: 300 sec this turn | 300 sec total\n|\n|t:|1783543496\n|move|p1a: Azumarill|Play Rough|p2a: Crabominable\n|-supereffective|p2a: Crabominable\n|-damage|p2a: Crabominable|0 fnt\n|faint|p2a: Crabominable\n|\n|upkeep\n|inactive|Time left: 300 sec this turn | 300 sec total | 5 sec grace\n|\n|t:|1783543497\n|switch|p2a: Falinks|Falinks, L84|246/246\n|turn|5\n|inactive|Time left: 300 sec this turn | 300 sec total\n|\n|t:|1783543498\n|-terastallize|p2a: Falinks|Steel\n|move|p2a: Falinks|No Retreat|p2a: Falinks\n|-boost|p2a: Falinks|atk|1\n|-boost|p2a: Falinks|def|1\n|-boost|p2a: Falinks|spa|1\n|-boost|p2a: Falinks|spd|1\n|-boost|p2a: Falinks|spe|1\n|-start|p2a: Falinks|move: No Retreat\n|move|p1a: Azumarill|Play Rough|p2a: Falinks\n|-resisted|p2a: Falinks\n|-damage|p2a: Falinks|213/246\n|-unboost|p2a: Falinks|atk|1\n|-ability|p2a: Falinks|Defiant|boost\n|-boost|p2a: Falinks|atk|2\n|\n|upkeep\n|turn|6\n|inactive|Time left: 300 sec this turn | 300 sec total\n|\n|t:|1783543499\n|switch|p1a: Palkia|Palkia-Origin, L72|100/100\n|-ability|p1a: Palkia|Pressure\n|move|p2a: Falinks|Iron Head|p1a: Palkia\n|-resisted|p1a: Palkia\n|-damage|p1a: Palkia|54/100\n|-damage|p2a: Falinks|189/246|[from] item: Life Orb\n|\n|upkeep\n|turn|7\n|inactive|Time left: 300 sec this turn | 300 sec total\n|\n|t:|1783543500\n|move|p2a: Falinks|Close Combat|p1a: Palkia\n|-damage|p1a: Palkia|0 fnt\n|-unboost|p2a: Falinks|def|1\n|-unboost|p2a: Falinks|spd|1\n|faint|p1a: Palkia\n|-damage|p2a: Falinks|165/246|[from] item: Life Orb\n|\n|upkeep\n|\n|t:|1783543501\n|switch|p1a: Flareon|Flareon, L90, M|100/100\n|turn|8\n|inactive|Time left: 300 sec this turn | 300 sec total\n|\n|t:|1783543502\n|switch|p1a: Azumarill|Azumarill, L82, F|52/100\n|move|p2a: Falinks|Close Combat|p1a: Azumarill\n|-resisted|p1a: Azumarill\n|-damage|p1a: Azumarill|0 fnt\n|-unboost|p2a: Falinks|def|1\n|-unboost|p2a: Falinks|spd|1\n|faint|p1a: Azumarill\n|-damage|p2a: Falinks|141/246|[from] item: Life Orb\n|\n|upkeep\n|\n|t:|1783543503\n|switch|p1a: Ambipom|Ambipom, L84, F, tera:Ice|100/100\n|turn|9\n|inactive|Time left: 300 sec this turn | 300 sec total\n|\n|t:|1783543504\n|switch|p1a: Flareon|Flareon, L90, M|100/100\n|move|p2a: Falinks|Iron Head|p1a: Flareon\n|-resisted|p1a: Flareon\n|-damage|p1a: Flareon|50/100\n|-damage|p2a: Falinks|117/246|[from] item: Life Orb\n|\n|-status|p1a: Flareon|tox|[from] item: Toxic Orb\n|upkeep\n|turn|10\n|inactive|Time left: 300 sec this turn | 300 sec total\n|\n|t:|1783543506\n|move|p2a: Falinks|Knock Off|p1a: Flareon\n|-damage|p1a: Flareon|0 fnt\n|-enditem|p1a: Flareon|Toxic Orb|[from] move: Knock Off|[of] p2a: Falinks\n|faint|p1a: Flareon\n|-damage|p2a: Falinks|93/246|[from] item: Life Orb\n|\n|upkeep\n|\n|t:|1783543507\n|switch|p1a: Overqwil|Overqwil, L82, M|100/100\n|-ability|p1a: Overqwil|Intimidate|boost\n|-unboost|p2a: Falinks|atk|1\n|-ability|p2a: Falinks|Defiant|boost\n|-boost|p2a: Falinks|atk|2\n|turn|11\n|inactive|Time left: 300 sec this turn | 300 sec total\n|\n|t:|1783543508\n|move|p1a: Overqwil|Aqua Jet|p2a: Falinks\n|-damage|p2a: Falinks|33/246\n|move|p2a: Falinks|Close Combat|p1a: Overqwil\n|-damage|p1a: Overqwil|0 fnt\n|-unboost|p2a: Falinks|def|1\n|-unboost|p2a: Falinks|spd|1\n|faint|p1a: Overqwil\n|-damage|p2a: Falinks|9/246|[from] item: Life Orb\n|\n|upkeep\n|\n|t:|1783543509\n|switch|p1a: Klawf|Klawf, L90, M|100/100\n|turn|12\n|inactive|Time left: 300 sec this turn | 300 sec total\n|\n|t:|1783543510\n|move|p2a: Falinks|Iron Head|p1a: Klawf\n|-supereffective|p1a: Klawf\n|-damage|p1a: Klawf|0 fnt\n|faint|p1a: Klawf\n|-damage|p2a: Falinks|0 fnt|[from] item: Life Orb\n|faint|p2a: Falinks\n|\n|upkeep\n|inactive|Time left: 300 sec this turn | 300 sec total | 5 sec grace\n|\n|t:|1783543511\n|switch|p1a: Ambipom|Ambipom, L84, F, tera:Ice|100/100\n|switch|p2a: Barraskewda|Barraskewda, L81, F|231/231\n|turn|13\n|inactive|Time left: 300 sec this turn | 300 sec total\n|\n|t:|1783543512\n|move|p2a: Barraskewda|Close Combat|p1a: Ambipom\n|-supereffective|p1a: Ambipom\n|-damage|p1a: Ambipom|0 fnt\n|-unboost|p2a: Barraskewda|def|1\n|-unboost|p2a: Barraskewda|spd|1\n|faint|p1a: Ambipom\n|\n|win|p0y378ba3e", "uploadtime": 1783543512, "views": 0, "rating": 0, "private": 0, "password": null, "_winner": "p0y378ba3e", "_our_name": "p0y378ba3e"}