{"id": "battle-gen9randombattle-1909", "formatid": "gen9randombattle", "format": "[Gen 9] Random Battle", "players": ["p0x19090d2e", "p0y190926e7"], "log": "|init|battle\n|title|p0x19090d2e vs. p0y190926e7\n|j|\u2606p0x19090d2e\n|j|\u2606p0y190926e7\n|t:|1783561336\n|gametype|singles\n|player|p1|p0x19090d2e|169|\n|player|p2|p0y190926e7|102|\n|gen|9\n|tier|[Gen 9] Random Battle\n|rule|Species Clause: Limit one of each Pok\u00e9mon\n|rule|HP Percentage Mod: HP is shown in percentages\n|rule|Sleep Clause Mod: Limit one foe put to sleep\n|rule|Illusion Level Mod: Illusion disguises the Pok\u00e9mon's true level\n|\n|t:|1783561336\n|teamsize|p1|6\n|teamsize|p2|6\n|start\n|switch|p1a: Sandaconda|Sandaconda, L84, F|258/258\n|switch|p2a: Chandelure|Chandelure, L83, F|100/100\n|turn|1\n|inactive|Battle timer is ON: inactive players will automatically lose when time's up. (requested by p0x19090d2e)\n|inactive|p0y190926e7 also wants the timer to be on.\n|\n|t:|1783561337\n|-terastallize|p2a: Chandelure|Grass\n|move|p2a: Chandelure|Energy Ball|p1a: Sandaconda\n|-supereffective|p1a: Sandaconda\n|-damage|p1a: Sandaconda|0 fnt\n|faint|p1a: Sandaconda\n|\n|upkeep\n|inactive|Time left: 300 sec this turn | 300 sec total | 65 sec grace\n|\n|t:|1783561338\n|switch|p1a: Dragonite|Dragonite, L74, M|257/257\n|turn|2\n|inactive|Time left: 300 sec this turn | 300 sec total\n|\n|t:|1783561340\n|switch|p2a: Iron Valiant|Iron Valiant, L78|100/100\n|move|p1a: Dragonite|Dragon Dance|p1a: Dragonite\n|-boost|p1a: Dragonite|atk|1\n|-boost|p1a: Dragonite|spe|1\n|\n|upkeep\n|turn|3\n|inactive|Time left: 300 sec this turn | 300 sec total\n|\n|t:|1783561341\n|move|p1a: Dragonite|Earthquake|p2a: Iron Valiant\n|-damage|p2a: Iron Valiant|56/100\n|move|p2a: Iron Valiant|Moonblast|p1a: Dragonite\n|-supereffective|p1a: Dragonite\n|-damage|p1a: Dragonite|127/257\n|-damage|p2a: Iron Valiant|46/100|[from] item: Life Orb\n|\n|upkeep\n|turn|4\n|inactive|Time left: 300 sec this turn | 300 sec total\n|\n|t:|1783561342\n|move|p1a: Dragonite|Earthquake|p2a: Iron Valiant\n|-damage|p2a: Iron Valiant|1/100\n|move|p2a: Iron Valiant|Moonblast|p1a: Dragonite\n|-supereffective|p1a: Dragonite\n|-damage|p1a: Dragonite|0 fnt\n|faint|p1a: Dragonite\n|-damage|p2a: Iron Valiant|0 fnt|[from] item: Life Orb\n|faint|p2a: Iron Valiant\n|-end|p2a: Iron Valiant|Quark Drive|[silent]\n|\n|upkeep\n|inactive|Time left: 300 sec this turn | 300 sec total | 5 sec grace\n|\n|t:|1783561342\n|switch|p2a: Groudon|Groudon, L72|100/100\n|switch|p1a: Polteageist|Polteageist, L78|222/222\n|-weather|SunnyDay|[from] ability: Drought|[of] p2a: Groudon\n|turn|5\n|inactive|Time left: 300 sec this turn | 300 sec total\n|\n|t:|1783561344\n|move|p2a: Groudon|Heat Crash|p1a: Polteageist\n|-damage|p1a: Polteageist|51/222\n|move|p1a: Polteageist|Shell Smash|p1a: Polteageist\n|-unboost|p1a: Polteageist|def|1\n|-unboost|p1a: Polteageist|spd|1\n|-boost|p1a: Polteageist|atk|2\n|-boost|p1a: Polteageist|spa|2\n|-boost|p1a: Polteageist|spe|2\n|-enditem|p1a: Polteageist|White Herb\n|-clearnegativeboost|p1a: Polteageist|[silent]\n|\n|-weather|SunnyDay|[upkeep]\n|upkeep\n|turn|6\n|inactive|Time left: 300 sec this turn | 300 sec total\n|\n|t:|1783561345\n|move|p1a: Polteageist|Strength Sap|p2a: Groudon\n|-unboost|p2a: Groudon|atk|1\n|-heal|p1a: Polteageist|222/222\n|move|p2a: Groudon|Heat Crash|p1a: Polteageist\n|-damage|p1a: Polteageist|113/222\n|\n|-weather|SunnyDay|[upkeep]\n|upkeep\n|turn|7\n|inactive|Time left: 300 sec this turn | 300 sec total\n|\n|t:|1783561346\n|move|p1a: Polteageist|Strength Sap|p2a: Groudon\n|-unboost|p2a: Groudon|atk|1\n|-heal|p1a: Polteageist|222/222\n|move|p2a: Groudon|Heat Crash|p1a: Polteageist\n|-damage|p1a: Polteageist|127/222\n|-start|p2a: Groudon|Disable|Heat Crash|[from] ability: Cursed Body|[of] p1a: Polteageist\n|\n|-weather|SunnyDay|[upkeep]\n|upkeep\n|turn|8\n|inactive|Time left: 300 sec this turn | 300 sec total\n|\n|t:|1783561347\n|switch|p2a: Raging Bolt|Raging Bolt, L78|100/100\n|-activate|p2a: Raging Bolt|ability: Protosynthesis\n|-start|p2a: Raging Bolt|protosynthesisspa\n|move|p1a: Polteageist|Shadow Ball|p2a: Raging Bolt\n|-crit|p2a: Raging Bolt\n|-damage|p2a: Raging Bolt|43/100\n|\n|-weather|SunnyDay|[upkeep]\n|upkeep\n|turn|9\n|inactive|Time left: 300 sec this turn | 300 sec total\n|\n|t:|1783561348\n|move|p1a: Polteageist|Strength Sap|p2a: Raging Bolt\n|-unboost|p2a: Raging Bolt|atk|1\n|-heal|p1a: Polteageist|222/222\n|move|p2a: Raging Bolt|Draco Meteor|p1a: Polteageist\n|-damage|p1a: Polteageist|35/222\n|-unboost|p2a: Raging Bolt|spa|2\n|-start|p2a: Raging Bolt|Disable|Draco Meteor|[from] ability: Cursed Body|[of] p1a: Polteageist\n|\n|-weather|none\n|-end|p2a: Raging Bolt|Protosynthesis\n|upkeep\n|turn|10\n|inactive|Time left: 300 sec this turn | 300 sec total\n|\n|t:|1783561348\n|move|p1a: Polteageist|Strength Sap|p2a: Raging Bolt\n|-unboost|p2a: Raging Bolt|atk|1\n|-heal|p1a: Polteageist|113/222\n|move|p2a: Raging Bolt|Volt Switch|p1a: Polteageist\n|-damage|p1a: Polteageist|76/222\n|\n|t:|1783561349\n|-end|p2a: Raging Bolt|Protosynthesis|[silent]\n|switch|p2a: Chandelure|Chandelure, L83, F, tera:Grass|100/100|[from] Volt Switch\n|\n|upkeep\n|turn|11\n|inactive|Time left: 300 sec this turn | 300 sec total\n|\n|t:|1783561350\n|-terastallize|p1a: Polteageist|Fighting\n|move|p1a: Polteageist|Strength Sap|p2a: Chandelure\n|-unboost|p2a: Chandelure|atk|1\n|-heal|p1a: Polteageist|172/222\n|move|p2a: Chandelure|Shadow Ball|p1a: Polteageist\n|-damage|p1a: Polteageist|70/222\n|-start|p2a: Chandelure|Disable|Shadow Ball|[from] ability: Cursed Body|[of] p1a: Polteageist\n|\n|upkeep\n|turn|12\n|inactive|Time left: 300 sec this turn | 300 sec total\n|\n|t:|1783561351\n|move|p1a: Polteageist|Strength Sap|p2a: Chandelure\n|-unboost|p2a: Chandelure|atk|1\n|-heal|p1a: Polteageist|134/222\n|move|p2a: Chandelure|Energy Ball|p1a: Polteageist\n|-damage|p1a: Polteageist|22/222\n|\n|upkeep\n|turn|13\n|inactive|Time left: 300 sec this turn | 300 sec total\n|\n|t:|1783561352\n|move|p1a: Polteageist|Tera Blast|p2a: Chandelure|[anim] Tera Blast Fighting\n|-damage|p2a: Chandelure|17/100\n|move|p2a: Chandelure|Energy Ball|p1a: Polteageist\n|-damage|p1a: Polteageist|0 fnt\n|faint|p1a: Polteageist\n|\n|upkeep\n|inactive|Time left: 300 sec this turn | 300 sec total | 5 sec grace\n|\n|t:|1783561353\n|switch|p1a: Weavile|Weavile, L79, M|240/240\n|turn|14\n|inactive|Time left: 300 sec this turn | 300 sec total\n|\n|t:|1783561354\n|move|p1a: Weavile|Triple Axel|p2a: Chandelure\n|-supereffective|p2a: Chandelure\n|-damage|p2a: Chandelure|0 fnt\n|faint|p2a: Chandelure\n|-hitcount|p2: Chandelure|1\n|\n|upkeep\n|\n|t:|1783561355\n|switch|p2a: Quagsire|Quagsire, L84, F|100/100\n|turn|15\n|inactive|Time left: 300 sec this turn | 300 sec total\n|\n|t:|1783561356\n|switch|p1a: Squawkabilly|Squawkabilly-Yellow, L89, M|291/291\n|move|p2a: Quagsire|Earthquake|p1a: Squawkabilly\n|-immune|p1a: Squawkabilly\n|\n|upkeep\n|turn|16\n|inactive|Time left: 300 sec this turn | 300 sec total\n|\n|t:|1783561357\n|switch|p2a: Raging Bolt|Raging Bolt, L78|43/100\n|move|p1a: Squawkabilly|Parting Shot|p2a: Raging Bolt\n|-unboost|p2a: Raging Bolt|atk|1\n|-unboost|p2a: Raging Bolt|spa|1\n|inactive|Time left: 300 sec this turn | 300 sec total | 5 sec grace\n|\n|t:|1783561358\n|switch|p1a: Weavile|Weavile, L79, M|240/240|[from] Parting Shot\n|\n|upkeep\n|turn|17\n|inactive|Time left: 300 sec this turn | 300 sec total\n|\n|t:|1783561359\n|move|p2a: Raging Bolt|Thunderclap||[still]\n|-fail|p2a: Raging Bolt\n|move|p1a: Weavile|Swords Dance|p1a: Weavile\n|-boost|p1a: Weavile|atk|2\n|\n|upkeep\n|turn|18\n|inactive|Time left: 300 sec this turn | 300 sec total\n|\n|t:|1783561360\n|move|p2a: Raging Bolt|Thunderclap|p1a: Weavile\n|-damage|p1a: Weavile|180/240\n|move|p1a: Weavile|Knock Off|p2a: Raging Bolt\n|-damage|p2a: Raging Bolt|0 fnt\n|-enditem|p2a: Raging Bolt|Assault Vest|[from] move: Knock Off|[of] p1a: Weavile\n|faint|p2a: Raging Bolt\n|-end|p2a: Raging Bolt|Protosynthesis|[silent]\n|\n|upkeep\n|\n|t:|1783561361\n|switch|p2a: Noivern|Noivern, L82, M|100/100\n|turn|19\n|inactive|Time left: 300 sec this turn | 300 sec total\n|\n|t:|1783561362\n|switch|p2a: Quagsire|Quagsire, L84, F|100/100\n|switch|p1a: Scream Tail|Scream Tail, L84|330/330\n|\n|upkeep\n|turn|20\n|inactive|Time left: 300 sec this turn | 300 sec total\n|\n|t:|1783561363\n|-end|p1a: Scream Tail|Protosynthesis|[silent]\n|switch|p1a: Squawkabilly|Squawkabilly-Yellow, L89, M|291/291\n|switch|p2a: Groudon|Groudon, L72|100/100\n|-weather|SunnyDay|[from] ability: Drought|[of] p2a: Groudon\n|\n|-weather|SunnyDay|[upkeep]\n|upkeep\n|turn|21\n|inactive|Time left: 300 sec this turn | 300 sec total\n|\n|t:|1783561364\n|move|p1a: Squawkabilly|Brave Bird|p2a: Groudon\n|-damage|p2a: Groudon|31/100\n|-damage|p1a: Squawkabilly|230/291|[from] Recoil\n|move|p2a: Groudon|Heat Crash|p1a: Squawkabilly\n|-damage|p1a: Squawkabilly|42/291\n|\n|-weather|SunnyDay|[upkeep]\n|-heal|p2a: Groudon|37/100|[from] item: Leftovers\n|upkeep\n|turn|22\n|inactive|Time left: 300 sec this turn | 300 sec total\n|\n|t:|1783561365\n|switch|p2a: Noivern|Noivern, L82, M|100/100\n|move|p1a: Squawkabilly|Foul Play|p2a: Noivern\n|-damage|p2a: Noivern|65/100\n|\n|-weather|SunnyDay|[upkeep]\n|upkeep\n|turn|23\n|inactive|Time left: 300 sec this turn | 300 sec total\n|\n|t:|1783561366\n|switch|p1a: Scream Tail|Scream Tail, L84|330/330\n|-activate|p1a: Scream Tail|ability: Protosynthesis\n|-start|p1a: Scream Tail|protosynthesisspd\n|move|p2a: Noivern|Boomburst|p1a: Scream Tail\n|-damage|p1a: Scream Tail|241/330\n|\n|-weather|SunnyDay|[upkeep]\n|-heal|p1a: Scream Tail|261/330|[from] item: Leftovers\n|upkeep\n|turn|24\n|inactive|Time left: 300 sec this turn | 300 sec total\n|\n|t:|1783561367\n|move|p2a: Noivern|Boomburst|p1a: Scream Tail\n|-damage|p1a: Scream Tail|181/330\n|move|p1a: Scream Tail|Play Rough|p2a: Noivern\n|-supereffective|p2a: Noivern\n|-damage|p2a: Noivern|3/100\n|\n|-weather|none\n|-end|p1a: Scream Tail|Protosynthesis\n|-heal|p1a: Scream Tail|201/330|[from] item: Leftovers\n|upkeep\n|turn|25\n|inactive|Time left: 300 sec this turn | 300 sec total\n|\n|t:|1783561368\n|move|p2a: Noivern|Boomburst|p1a: Scream Tail\n|-damage|p1a: Scream Tail|95/330\n|move|p1a: Scream Tail|Wish|p1a: Scream Tail\n|\n|-heal|p1a: Scream Tail|115/330|[from] item: Leftovers\n|upkeep\n|turn|26\n|inactive|Time left: 300 sec this turn | 300 sec total\n|\n|t:|1783561369\n|move|p1a: Scream Tail|Protect|p1a: Scream Tail\n|-singleturn|p1a: Scream Tail|Protect\n|move|p2a: Noivern|Boomburst|p1a: Scream Tail\n|-activate|p1a: Scream Tail|move: Protect\n|\n|-heal|p1a: Scream Tail|280/330|[from] move: Wish|[wisher] Scream Tail\n|-heal|p1a: Scream Tail|300/330|[from] item: Leftovers\n|upkeep\n|turn|27\n|inactive|Time left: 300 sec this turn | 300 sec total\n|\n|t:|1783561370\n|move|p2a: Noivern|Boomburst|p1a: Scream Tail\n|-damage|p1a: Scream Tail|189/330\n|move|p1a: Scream Tail|Play Rough|p2a: Noivern\n|-supereffective|p2a: Noivern\n|-damage|p2a: Noivern|0 fnt\n|faint|p2a: Noivern\n|\n|-heal|p1a: Scream Tail|209/330|[from] item: Leftovers\n|upkeep\n|\n|t:|1783561370\n|switch|p2a: Groudon|Groudon, L72|37/100\n|-weather|SunnyDay|[from] ability: Drought|[of] p2a: Groudon\n|-activate|p1a: Scream Tail|ability: Protosynthesis\n|-start|p1a: Scream Tail|protosynthesisspd\n|turn|28\n|inactive|Time left: 300 sec this turn | 300 sec total\n|\n|t:|1783561371\n|move|p1a: Scream Tail|Play Rough|p2a: Groudon\n|-damage|p2a: Groudon|15/100\n|move|p2a: Groudon|Heat Crash|p1a: Scream Tail\n|-damage|p1a: Scream Tail|77/330\n|\n|-weather|SunnyDay|[upkeep]\n|-heal|p1a: Scream Tail|97/330|[from] item: Leftovers\n|-heal|p2a: Groudon|21/100|[from] item: Leftovers\n|upkeep\n|turn|29\n|inactive|Time left: 300 sec this turn | 300 sec total\n|\n|t:|1783561373\n|switch|p2a: Quagsire|Quagsire, L84, F|100/100\n|move|p1a: Scream Tail|Play Rough|p2a: Quagsire|[miss]\n|-miss|p1a: Scream Tail|p2a: Quagsire\n|\n|-weather|SunnyDay|[upkeep]\n|-heal|p1a: Scream Tail|117/330|[from] item: Leftovers\n|upkeep\n|turn|30\n|inactive|Time left: 300 sec this turn | 300 sec total\n|\n|t:|1783561374\n|move|p1a: Scream Tail|Wish|p1a: Scream Tail\n|move|p2a: Quagsire|Toxic|p1a: Scream Tail\n|-status|p1a: Scream Tail|tox\n|\n|-weather|SunnyDay|[upkeep]\n|-heal|p1a: Scream Tail|137/330 tox|[from] item: Leftovers\n|-damage|p1a: Scream Tail|117/330 tox|[from] psn\n|upkeep\n|turn|31\n|inactive|Time left: 300 sec this turn | 300 sec total\n|\n|t:|1783561375\n|-end|p1a: Scream Tail|Protosynthesis|[silent]\n|switch|p1a: Squawkabilly|Squawkabilly-Yellow, L89, M|42/291\n|move|p2a: Quagsire|Toxic|p1a: Squawkabilly\n|-status|p1a: Squawkabilly|tox\n|\n|-weather|SunnyDay|[upkeep]\n|-heal|p1a: Squawkabilly|207/291 tox|[from] move: Wish|[wisher] Scream Tail\n|-damage|p1a: Squawkabilly|189/291 tox|[from] psn\n|upkeep\n|turn|32\n|inactive|Time left: 300 sec this turn | 300 sec total\n|\n|t:|1783561376\n|move|p1a: Squawkabilly|Parting Shot|p2a: Quagsire\n|-unboost|p2a: Quagsire|atk|1\n|-unboost|p2a: Quagsire|spa|1\n|inactive|Time left: 300 sec this turn | 300 sec total | 5 sec grace\n|\n|t:|1783561377\n|switch|p1a: Scream Tail|Scream Tail, L84|117/330 tox|[from] Parting Shot\n|-activate|p1a: Scream Tail|ability: Protosynthesis\n|-start|p1a: Scream Tail|protosynthesisspd\n|move|p2a: Quagsire|Earthquake|p1a: Scream Tail\n|-damage|p1a: Scream Tail|63/330 tox\n|\n|-weather|none\n|-end|p1a: Scream Tail|Protosynthesis\n|-heal|p1a: Scream Tail|83/330 tox|[from] item: Leftovers\n|-damage|p1a: Scream Tail|63/330 tox|[from] psn\n|upkeep\n|turn|33\n|inactive|Time left: 300 sec this turn | 300 sec total\n|\n|t:|1783561378\n|switch|p2a: Groudon|Groudon, L72|21/100\n|-weather|SunnyDay|[from] ability: Drought|[of] p2a: Groudon\n|-activate|p1a: Scream Tail|ability: Protosynthesis\n|-start|p1a: Scream Tail|protosynthesisspd\n|move|p1a: Scream Tail|Play Rough|p2a: Groudon\n|-damage|p2a: Groudon|0 fnt\n|faint|p2a: Groudon\n|\n|-weather|SunnyDay|[upkeep]\n|-heal|p1a: Scream Tail|83/330 tox|[from] item: Leftovers\n|-damage|p1a: Scream Tail|43/330 tox|[from] psn\n|upkeep\n|\n|t:|1783561379\n|switch|p2a: Quagsire|Quagsire, L84, F|100/100\n|turn|34\n|inactive|Time left: 300 sec this turn | 300 sec total\n|\n|t:|1783561380\n|move|p1a: Scream Tail|Wish|p1a: Scream Tail\n|move|p2a: Quagsire|Toxic|p1a: Scream Tail|[miss]\n|-miss|p2a: Quagsire|p1a: Scream Tail\n|\n|-weather|SunnyDay|[upkeep]\n|-heal|p1a: Scream Tail|63/330 tox|[from] item: Leftovers\n|-damage|p1a: Scream Tail|3/330 tox|[from] psn\n|upkeep\n|turn|35\n|inactive|Time left: 300 sec this turn | 300 sec total\n|\n|t:|1783561381\n|-end|p1a: Scream Tail|Protosynthesis|[silent]\n|switch|p1a: Squawkabilly|Squawkabilly-Yellow, L89, M|189/291 tox\n|move|p2a: Quagsire|Spikes|p1a: Squawkabilly\n|-sidestart|p1: p0x19090d2e|Spikes\n|\n|-weather|SunnyDay|[upkeep]\n|-heal|p1a: Squawkabilly|291/291 tox|[from] move: Wish|[wisher] Scream Tail\n|-damage|p1a: Squawkabilly|273/291 tox|[from] psn\n|upkeep\n|turn|36\n|inactive|Time left: 300 sec this turn | 300 sec total\n|\n|t:|1783561382\n|move|p1a: Squawkabilly|Parting Shot|p2a: Quagsire\n|-unboost|p2a: Quagsire|atk|1\n|-unboost|p2a: Quagsire|spa|1\n|inactive|Time left: 300 sec this turn | 300 sec total | 5 sec grace\n|\n|t:|1783561383\n|switch|p1a: Scream Tail|Scream Tail, L84|3/330 tox|[from] Parting Shot\n|-damage|p1a: Scream Tail|0 fnt|[from] Spikes\n|faint|p1a: Scream Tail\n|-end|p1a: Scream Tail|Protosynthesis|[silent]\n|move|p2a: Quagsire|Recover||[still]\n|-fail|p2a: Quagsire|heal\n|\n|-weather|SunnyDay|[upkeep]\n|upkeep\n|inactive|Time left: 300 sec this turn | 300 sec total | 10 sec grace\n|\n|t:|1783561383\n|switch|p1a: Squawkabilly|Squawkabilly-Yellow, L89, M|273/291 tox\n|turn|37\n|inactive|Time left: 300 sec this turn | 300 sec total\n|\n|t:|1783561384\n|move|p1a: Squawkabilly|Brave Bird|p2a: Quagsire\n|-damage|p2a: Quagsire|32/100\n|-damage|p1a: Squawkabilly|206/291 tox|[from] Recoil\n|move|p2a: Quagsire|Recover|p2a: Quagsire\n|-heal|p2a: Quagsire|83/100\n|\n|-weather|none\n|-heal|p2a: Quagsire|89/100|[from] item: Leftovers\n|-damage|p1a: Squawkabilly|188/291 tox|[from] psn\n|upkeep\n|turn|38\n|inactive|Time left: 300 sec this turn | 300 sec total\n|\n|t:|1783561385\n|move|p1a: Squawkabilly|Brave Bird|p2a: Quagsire\n|-damage|p2a: Quagsire|18/100\n|-damage|p1a: Squawkabilly|118/291 tox|[from] Recoil\n|move|p2a: Quagsire|Recover|p2a: Quagsire\n|-heal|p2a: Quagsire|68/100\n|\n|-heal|p2a: Quagsire|74/100|[from] item: Leftovers\n|-damage|p1a: Squawkabilly|82/291 tox|[from] psn\n|upkeep\n|turn|39\n|inactive|Time left: 300 sec this turn | 300 sec total\n|\n|t:|1783561386\n|move|p1a: Squawkabilly|Brave Bird|p2a: Quagsire\n|-damage|p2a: Quagsire|6/100\n|-damage|p1a: Squawkabilly|15/291 tox|[from] Recoil\n|move|p2a: Quagsire|Recover|p2a: Quagsire\n|-heal|p2a: Quagsire|56/100\n|\n|-heal|p2a: Quagsire|62/100|[from] item: Leftovers\n|-damage|p1a: Squawkabilly|0 fnt|[from] psn\n|faint|p1a: Squawkabilly\n|upkeep\n|inactive|Time left: 300 sec this turn | 300 sec total | 5 sec grace\n|\n|t:|1783561387\n|switch|p1a: Weavile|Weavile, L79, M|180/240\n|turn|40\n|inactive|Time left: 300 sec this turn | 300 sec total\n|\n|t:|1783561388\n|move|p1a: Weavile|Triple Axel|p2a: Quagsire|[miss]\n|-miss|p1a: Weavile|p2a: Quagsire\n|move|p2a: Quagsire|Recover|p2a: Quagsire\n|-heal|p2a: Quagsire|100/100\n|\n|upkeep\n|turn|41\n|inactive|Time left: 300 sec this turn | 300 sec total\n|\n|t:|1783561389\n|move|p1a: Weavile|Knock Off|p2a: Quagsire\n|-damage|p2a: Quagsire|66/100\n|-enditem|p2a: Quagsire|Leftovers|[from] move: Knock Off|[of] p1a: Weavile\n|move|p2a: Quagsire|Toxic|p1a: Weavile\n|-status|p1a: Weavile|tox\n|\n|-damage|p1a: Weavile|165/240 tox|[from] psn\n|upkeep\n|turn|42\n|inactive|Time left: 300 sec this turn | 300 sec total\n|\n|t:|1783561390\n|move|p1a: Weavile|Triple Axel|p2a: Quagsire\n|-damage|p2a: Quagsire|58/100\n|-damage|p2a: Quagsire|44/100\n|-damage|p2a: Quagsire|21/100\n|-hitcount|p2a: Quagsire|3\n|move|p2a: Quagsire|Recover|p2a: Quagsire\n|-heal|p2a: Quagsire|71/100\n|\n|-damage|p1a: Weavile|135/240 tox|[from] psn\n|upkeep\n|turn|43\n|inactive|Time left: 300 sec this turn | 300 sec total\n|\n|t:|1783561391\n|move|p1a: Weavile|Triple Axel|p2a: Quagsire\n|-crit|p2a: Quagsire\n|-damage|p2a: Quagsire|59/100\n|-hitcount|p2a: Quagsire|1\n|move|p2a: Quagsire|Recover|p2a: Quagsire\n|-heal|p2a: Quagsire|100/100\n|\n|-damage|p1a: Weavile|90/240 tox|[from] psn\n|upkeep\n|turn|44\n|inactive|Time left: 300 sec this turn | 300 sec total\n|\n|t:|1783561392\n|move|p1a: Weavile|Low Kick|p2a: Quagsire\n|-damage|p2a: Quagsire|82/100\n|move|p2a: Quagsire|Recover|p2a: Quagsire\n|-heal|p2a: Quagsire|100/100\n|\n|-damage|p1a: Weavile|30/240 tox|[from] psn\n|upkeep\n|turn|45\n|inactive|Time left: 300 sec this turn | 300 sec total\n|\n|t:|1783561393\n|move|p1a: Weavile|Low Kick|p2a: Quagsire\n|-damage|p2a: Quagsire|81/100\n|move|p2a: Quagsire|Spikes|p1a: Weavile\n|-sidestart|p1: p0x19090d2e|Spikes\n|\n|-damage|p1a: Weavile|0 fnt|[from] psn\n|faint|p1a: Weavile\n|\n|win|p0y190926e7", "uploadtime": 1783561393, "views": 0, "rating": 0, "private": 0, "password": null, "_winner": "p0y190926e7", "_our_name": "p0x19090d2e"}