{"id": "battle-gen9randombattle-1631", "formatid": "gen9randombattle", "format": "[Gen 9] Random Battle", "players": ["p0x16316df6", "p0y163123c6"], "log": "|init|battle\n|title|p0x16316df6 vs. p0y163123c6\n|j|\u2606p0x16316df6\n|j|\u2606p0y163123c6\n|t:|1783558864\n|gametype|singles\n|player|p1|p0x16316df6|169|\n|player|p2|p0y163123c6|169|\n|gen|9\n|tier|[Gen 9] Random Battle\n|rule|Species Clause: Limit one of each Pok\u00e9mon\n|rule|HP Percentage Mod: HP is shown in percentages\n|rule|Sleep Clause Mod: Limit one foe put to sleep\n|rule|Illusion Level Mod: Illusion disguises the Pok\u00e9mon's true level\n|\n|t:|1783558864\n|teamsize|p1|6\n|teamsize|p2|6\n|start\n|switch|p1a: Houndoom|Houndoom, L87, M|100/100\n|switch|p2a: Dunsparce|Dunsparce, L86, M|312/312\n|turn|1\n|inactive|Battle timer is ON: inactive players will automatically lose when time's up. (requested by p0x16316df6)\n|inactive|Time left: 300 sec this turn | 300 sec total | 60 sec grace\n|inactive|p0y163123c6 also wants the timer to be on.\n|\n|t:|1783558866\n|move|p1a: Houndoom|Nasty Plot|p1a: Houndoom\n|-boost|p1a: Houndoom|spa|2\n|move|p2a: Dunsparce|Earthquake|p1a: Houndoom\n|-supereffective|p1a: Houndoom\n|-damage|p1a: Houndoom|42/100\n|\n|upkeep\n|turn|2\n|inactive|Time left: 300 sec this turn | 300 sec total\n|\n|t:|1783558867\n|move|p1a: Houndoom|Dark Pulse|p2a: Dunsparce\n|-damage|p2a: Dunsparce|155/312\n|move|p2a: Dunsparce|Earthquake|p1a: Houndoom\n|-supereffective|p1a: Houndoom\n|-damage|p1a: Houndoom|0 fnt\n|faint|p1a: Houndoom\n|\n|upkeep\n|\n|t:|1783558868\n|switch|p1a: Rotom|Rotom-Fan, L86|100/100\n|turn|3\n|inactive|Time left: 300 sec this turn | 300 sec total\n|\n|t:|1783558869\n|move|p1a: Rotom|Nasty Plot|p1a: Rotom\n|-boost|p1a: Rotom|spa|2\n|move|p2a: Dunsparce|Roost|p2a: Dunsparce\n|-heal|p2a: Dunsparce|311/312\n|-singleturn|p2a: Dunsparce|move: Roost\n|\n|upkeep\n|turn|4\n|inactive|Time left: 300 sec this turn | 300 sec total\n|\n|t:|1783558870\n|move|p1a: Rotom|Air Slash|p2a: Dunsparce\n|-damage|p2a: Dunsparce|164/312\n|move|p2a: Dunsparce|Body Slam|p1a: Rotom\n|-damage|p1a: Rotom|75/100\n|\n|upkeep\n|turn|5\n|inactive|Time left: 300 sec this turn | 300 sec total\n|\n|t:|1783558871\n|switch|p2a: Slowbro|Slowbro-Galar, L87, F|307/307\n|move|p1a: Rotom|Thunderbolt|p2a: Slowbro\n|-damage|p2a: Slowbro|151/307\n|\n|upkeep\n|turn|6\n|inactive|Time left: 300 sec this turn | 300 sec total\n|\n|t:|1783558872\n|-terastallize|p2a: Slowbro|Ground\n|move|p1a: Rotom|Thunderbolt|p2a: Slowbro\n|-immune|p2a: Slowbro\n|move|p2a: Slowbro|Shell Side Arm|p1a: Rotom|[anim] Shell Side Arm Physical\n|-damage|p1a: Rotom|34/100\n|-hint|Physical Shell Side Arm\n|\n|upkeep\n|turn|7\n|inactive|Time left: 300 sec this turn | 300 sec total\n|\n|t:|1783558873\n|move|p1a: Rotom|Air Slash|p2a: Slowbro\n|-damage|p2a: Slowbro|18/307\n|cant|p2a: Slowbro|flinch\n|\n|upkeep\n|turn|8\n|inactive|Time left: 300 sec this turn | 300 sec total\n|\n|t:|1783558873\n|move|p1a: Rotom|Air Slash|p2a: Slowbro\n|-damage|p2a: Slowbro|0 fnt\n|faint|p2a: Slowbro\n|\n|upkeep\n|inactive|Time left: 300 sec this turn | 300 sec total | 5 sec grace\n|\n|t:|1783558874\n|switch|p2a: Ogerpon|Ogerpon, L80, F|259/259\n|turn|9\n|inactive|Time left: 300 sec this turn | 300 sec total\n|\n|t:|1783558875\n|move|p2a: Ogerpon|Knock Off|p1a: Rotom\n|-damage|p1a: Rotom|0 fnt\n|-enditem|p1a: Rotom|Heavy-Duty Boots|[from] move: Knock Off|[of] p2a: Ogerpon\n|faint|p1a: Rotom\n|-damage|p2a: Ogerpon|234/259|[from] item: Life Orb\n|\n|upkeep\n|\n|t:|1783558875\n|switch|p1a: Toxtricity|Toxtricity, L82, M|100/100\n|turn|10\n|inactive|Time left: 300 sec this turn | 300 sec total\n|\n|t:|1783558876\n|move|p2a: Ogerpon|Knock Off|p1a: Toxtricity\n|-damage|p1a: Toxtricity|51/100\n|-enditem|p1a: Toxtricity|Throat Spray|[from] move: Knock Off|[of] p2a: Ogerpon\n|-damage|p2a: Ogerpon|209/259|[from] item: Life Orb\n|move|p1a: Toxtricity|Shift Gear|p1a: Toxtricity\n|-boost|p1a: Toxtricity|spe|2\n|-boost|p1a: Toxtricity|atk|1\n|\n|upkeep\n|turn|11\n|inactive|Time left: 300 sec this turn | 300 sec total\n|\n|t:|1783558877\n|move|p1a: Toxtricity|Gunk Shot|p2a: Ogerpon\n|-supereffective|p2a: Ogerpon\n|-damage|p2a: Ogerpon|0 fnt\n|faint|p2a: Ogerpon\n|\n|upkeep\n|inactive|Time left: 300 sec this turn | 300 sec total | 5 sec grace\n|\n|t:|1783558877\n|switch|p2a: Torkoal|Torkoal, L88, F|266/266\n|-weather|SunnyDay|[from] ability: Drought|[of] p2a: Torkoal\n|turn|12\n|inactive|Time left: 300 sec this turn | 300 sec total\n|\n|t:|1783558878\n|-terastallize|p1a: Toxtricity|Normal\n|move|p1a: Toxtricity|Boomburst|p2a: Torkoal\n|-damage|p2a: Torkoal|37/266\n|move|p2a: Torkoal|Lava Plume|p1a: Toxtricity\n|-damage|p1a: Toxtricity|0 fnt\n|faint|p1a: Toxtricity\n|\n|-weather|SunnyDay|[upkeep]\n|upkeep\n|\n|t:|1783558879\n|switch|p1a: Mimikyu|Mimikyu, L79, M|100/100\n|turn|13\n|inactive|Time left: 300 sec this turn | 300 sec total\n|\n|t:|1783558880\n|move|p1a: Mimikyu|Swords Dance|p1a: Mimikyu\n|-boost|p1a: Mimikyu|atk|2\n|move|p2a: Torkoal|Yawn|p1a: Mimikyu\n|-start|p1a: Mimikyu|move: Yawn|[of] p2a: Torkoal\n|\n|-weather|SunnyDay|[upkeep]\n|upkeep\n|turn|14\n|inactive|Time left: 300 sec this turn | 300 sec total\n|\n|t:|1783558881\n|switch|p2a: Corviknight|Corviknight, L80, M|288/288\n|move|p1a: Mimikyu|Play Rough|p2a: Corviknight\n|-resisted|p2a: Corviknight\n|-damage|p2a: Corviknight|193/288\n|-damage|p1a: Mimikyu|91/100|[from] item: Life Orb\n|\n|-weather|SunnyDay|[upkeep]\n|-heal|p2a: Corviknight|211/288|[from] item: Leftovers\n|-end|p1a: Mimikyu|move: Yawn|[silent]\n|-status|p1a: Mimikyu|slp\n|upkeep\n|turn|15\n|inactive|Time left: 300 sec this turn | 300 sec total\n|\n|t:|1783558882\n|cant|p1a: Mimikyu|slp\n|move|p2a: Corviknight|Body Press|p1a: Mimikyu\n|-immune|p1a: Mimikyu\n|\n|-weather|SunnyDay|[upkeep]\n|-heal|p2a: Corviknight|229/288|[from] item: Leftovers\n|upkeep\n|turn|16\n|inactive|Time left: 300 sec this turn | 300 sec total\n|\n|t:|1783558883\n|-curestatus|p1a: Mimikyu|slp|[msg]\n|move|p1a: Mimikyu|Swords Dance|p1a: Mimikyu\n|-boost|p1a: Mimikyu|atk|2\n|move|p2a: Corviknight|Brave Bird|p1a: Mimikyu\n|-activate|p1a: Mimikyu|ability: Disguise\n|-damage|p1a: Mimikyu|91/100\n|detailschange|p1a: Mimikyu|Mimikyu-Busted, L79, M\n|-damage|p1a: Mimikyu|78/100|[from] pokemon: Mimikyu-Busted\n|\n|-weather|none\n|-heal|p2a: Corviknight|247/288|[from] item: Leftovers\n|upkeep\n|turn|17\n|inactive|Time left: 300 sec this turn | 300 sec total\n|\n|t:|1783558884\n|move|p1a: Mimikyu|Shadow Claw|p2a: Corviknight\n|-damage|p2a: Corviknight|23/288\n|-damage|p1a: Mimikyu|69/100|[from] item: Life Orb\n|move|p2a: Corviknight|Brave Bird|p1a: Mimikyu\n|-damage|p1a: Mimikyu|9/100\n|-damage|p2a: Corviknight|0 fnt|[from] Recoil\n|faint|p2a: Corviknight\n|\n|upkeep\n|inactive|Time left: 300 sec this turn | 300 sec total | 5 sec grace\n|\n|t:|1783558885\n|switch|p2a: Cetitan|Cetitan, L82, F|413/413\n|turn|18\n|inactive|Time left: 300 sec this turn | 300 sec total\n|\n|t:|1783558886\n|move|p2a: Cetitan|Ice Shard|p1a: Mimikyu\n|-damage|p1a: Mimikyu|0 fnt\n|faint|p1a: Mimikyu\n|-damage|p2a: Cetitan|372/413|[from] item: Life Orb\n|\n|upkeep\n|\n|t:|1783558887\n|switch|p1a: Swampert|Swampert, L83, F|100/100\n|turn|19\n|inactive|Time left: 300 sec this turn | 300 sec total\n|\n|t:|1783558888\n|move|p2a: Cetitan|Icicle Crash|p1a: Swampert\n|-damage|p1a: Swampert|47/100\n|move|p1a: Swampert|Earthquake|p2a: Cetitan\n|-damage|p2a: Cetitan|222/413\n|\n|-heal|p1a: Swampert|53/100|[from] item: Leftovers\n|upkeep\n|turn|20\n|inactive|Time left: 300 sec this turn | 300 sec total\n|\n|t:|1783558889\n|move|p2a: Cetitan|Icicle Crash|p1a: Swampert\n|-damage|p1a: Swampert|1/100\n|move|p1a: Swampert|Earthquake|p2a: Cetitan\n|-damage|p2a: Cetitan|80/413\n|\n|-heal|p1a: Swampert|7/100|[from] item: Leftovers\n|upkeep\n|turn|21\n|inactive|Time left: 300 sec this turn | 300 sec total\n|\n|t:|1783558891\n|move|p2a: Cetitan|Liquidation|p1a: Swampert\n|-damage|p1a: Swampert|0 fnt\n|faint|p1a: Swampert\n|\n|upkeep\n|\n|t:|1783558892\n|switch|p1a: Ogerpon|Ogerpon-Wellspring, L76, F|100/100\n|turn|22\n|inactive|Time left: 300 sec this turn | 300 sec total\n|\n|t:|1783558893\n|move|p2a: Cetitan|Ice Shard|p1a: Ogerpon\n|-damage|p1a: Ogerpon|72/100\n|-damage|p2a: Cetitan|39/413|[from] item: Life Orb\n|move|p1a: Ogerpon|Ivy Cudgel|p2a: Cetitan|[anim] Ivy Cudgel Water\n|-crit|p2a: Cetitan\n|-damage|p2a: Cetitan|0 fnt\n|faint|p2a: Cetitan\n|\n|upkeep\n|inactive|Time left: 300 sec this turn | 300 sec total | 5 sec grace\n|\n|t:|1783558894\n|switch|p2a: Dunsparce|Dunsparce, L86, M|164/312\n|turn|23\n|inactive|Time left: 300 sec this turn | 300 sec total\n|\n|t:|1783558895\n|move|p1a: Ogerpon|Wood Hammer|p2a: Dunsparce\n|-damage|p2a: Dunsparce|47/312\n|-damage|p1a: Ogerpon|56/100|[from] Recoil\n|move|p2a: Dunsparce|Roost|p2a: Dunsparce\n|-heal|p2a: Dunsparce|203/312\n|-singleturn|p2a: Dunsparce|move: Roost\n|\n|upkeep\n|turn|24\n|inactive|Time left: 300 sec this turn | 300 sec total\n|\n|t:|1783558896\n|move|p1a: Ogerpon|Ivy Cudgel|p2a: Dunsparce|[anim] Ivy Cudgel Water\n|-crit|p2a: Dunsparce\n|-damage|p2a: Dunsparce|62/312\n|move|p2a: Dunsparce|Body Slam|p1a: Ogerpon\n|-damage|p1a: Ogerpon|20/100\n|\n|upkeep\n|turn|25\n|inactive|Time left: 300 sec this turn | 300 sec total\n|\n|t:|1783558897\n|move|p1a: Ogerpon|Ivy Cudgel|p2a: Dunsparce|[anim] Ivy Cudgel Water\n|-damage|p2a: Dunsparce|0 fnt\n|faint|p2a: Dunsparce\n|\n|upkeep\n|inactive|Time left: 300 sec this turn | 300 sec total | 5 sec grace\n|\n|t:|1783558898\n|switch|p2a: Torkoal|Torkoal, L88, F|37/266\n|-weather|SunnyDay|[from] ability: Drought|[of] p2a: Torkoal\n|turn|26\n|inactive|Time left: 300 sec this turn | 300 sec total\n|\n|t:|1783558899\n|move|p1a: Ogerpon|Wood Hammer|p2a: Torkoal\n|-resisted|p2a: Torkoal\n|-damage|p2a: Torkoal|0 fnt\n|faint|p2a: Torkoal\n|-damage|p1a: Ogerpon|15/100|[from] Recoil\n|\n|win|p0x16316df6", "uploadtime": 1783558899, "views": 0, "rating": 0, "private": 0, "password": null, "_winner": "p0x16316df6", "_our_name": "p0y163123c6"}