{"id": "battle-gen9randombattle-267", "formatid": "gen9randombattle", "format": "[Gen 9] Random Battle", "players": ["p0x26743b6", "p0y267ff07"], "log": "|init|battle\n|title|p0x26743b6 vs. p0y267ff07\n|j|\u2606p0x26743b6\n|j|\u2606p0y267ff07\n|t:|1783542694\n|gametype|singles\n|player|p1|p0x26743b6|170|\n|player|p2|p0y267ff07|265|\n|gen|9\n|tier|[Gen 9] Random Battle\n|rule|Species Clause: Limit one of each Pok\u00e9mon\n|rule|HP Percentage Mod: HP is shown in percentages\n|rule|Sleep Clause Mod: Limit one foe put to sleep\n|rule|Illusion Level Mod: Illusion disguises the Pok\u00e9mon's true level\n|\n|t:|1783542694\n|teamsize|p1|6\n|teamsize|p2|6\n|start\n|switch|p1a: Rillaboom|Rillaboom, L79, F|288/288\n|switch|p2a: Sawsbuck|Sawsbuck-Autumn, L88, M|100/100\n|-fieldstart|move: Grassy Terrain|[from] ability: Grassy Surge|[of] p1a: Rillaboom\n|turn|1\n|inactive|Battle timer is ON: inactive players will automatically lose when time's up. (requested by p0y267ff07)\n|inactive|Time left: 300 sec this turn | 300 sec total | 60 sec grace\n|inactive|p0x26743b6 also wants the timer to be on.\n|\n|t:|1783542696\n|move|p2a: Sawsbuck|Swords Dance|p2a: Sawsbuck\n|-boost|p2a: Sawsbuck|atk|2\n|move|p1a: Rillaboom|U-turn|p2a: Sawsbuck\n|-supereffective|p2a: Sawsbuck\n|-crit|p2a: Sawsbuck\n|-damage|p2a: Sawsbuck|5/100\n|inactive|Time left: 300 sec this turn | 300 sec total | 65 sec grace\n|\n|t:|1783542697\n|switch|p1a: Rampardos|Rampardos, L90, F|321/321|[from] U-turn\n|\n|-heal|p2a: Sawsbuck|11/100|[from] Grassy Terrain\n|upkeep\n|turn|2\n|inactive|Time left: 300 sec this turn | 300 sec total\n|\n|t:|1783542699\n|move|p1a: Rampardos|Rock Slide|p2a: Sawsbuck\n|-damage|p2a: Sawsbuck|0 fnt\n|faint|p2a: Sawsbuck\n|\n|upkeep\n|\n|t:|1783542700\n|switch|p2a: Perrserker|Perrserker, L89, F|100/100\n|turn|3\n|inactive|Time left: 300 sec this turn | 300 sec total\n|\n|t:|1783542701\n|move|p1a: Rampardos|Rock Slide|p2a: Perrserker\n|-resisted|p2a: Perrserker\n|-damage|p2a: Perrserker|72/100\n|move|p2a: Perrserker|Iron Head|p1a: Rampardos\n|-supereffective|p1a: Rampardos\n|-damage|p1a: Rampardos|0 fnt\n|faint|p1a: Rampardos\n|-damage|p2a: Perrserker|62/100|[from] item: Life Orb\n|\n|-heal|p2a: Perrserker|68/100|[from] Grassy Terrain\n|upkeep\n|inactive|Time left: 300 sec this turn | 300 sec total | 5 sec grace\n|\n|t:|1783542702\n|switch|p1a: Golurk|Golurk, L87|297/297\n|turn|4\n|inactive|Time left: 300 sec this turn | 300 sec total\n|\n|t:|1783542703\n|switch|p2a: Tauros|Tauros-Paldea-Blaze, L81, M|100/100\n|-ability|p2a: Tauros|Intimidate|boost\n|-unboost|p1a: Golurk|atk|1\n|move|p1a: Golurk|Dynamic Punch|p2a: Tauros\n|-damage|p2a: Tauros|73/100\n|-start|p2a: Tauros|confusion\n|-damage|p1a: Golurk|268/297|[from] item: Life Orb\n|\n|-heal|p2a: Tauros|79/100|[from] Grassy Terrain\n|-heal|p1a: Golurk|286/297|[from] Grassy Terrain\n|upkeep\n|turn|5\n|inactive|Time left: 300 sec this turn | 300 sec total\n|\n|t:|1783542704\n|switch|p2a: Flapple|Flapple, L88, F|100/100\n|move|p1a: Golurk|Stealth Rock|p2a: Flapple\n|-sidestart|p2: p0y267ff07|move: Stealth Rock\n|\n|-heal|p1a: Golurk|297/297|[from] Grassy Terrain\n|-fieldend|move: Grassy Terrain\n|upkeep\n|turn|6\n|inactive|Time left: 300 sec this turn | 300 sec total\n|\n|t:|1783542705\n|switch|p1a: Klefki|Klefki, L84, F|233/233\n|move|p2a: Flapple|Outrage|p1a: Klefki\n|-immune|p1a: Klefki\n|\n|upkeep\n|turn|7\n|inactive|Time left: 300 sec this turn | 300 sec total\n|\n|t:|1783542706\n|-terastallize|p2a: Flapple|Fire\n|move|p1a: Klefki|Play Rough|p2a: Flapple\n|-resisted|p2a: Flapple\n|-damage|p2a: Flapple|84/100\n|move|p2a: Flapple|Tera Blast|p1a: Klefki|[anim] Tera Blast Fire\n|-supereffective|p1a: Klefki\n|-damage|p1a: Klefki|0 fnt\n|faint|p1a: Klefki\n|\n|upkeep\n|inactive|Time left: 300 sec this turn | 300 sec total | 5 sec grace\n|\n|t:|1783542707\n|switch|p1a: Grumpig|Grumpig, L92, M|297/297\n|turn|8\n|inactive|Time left: 300 sec this turn | 300 sec total\n|\n|t:|1783542708\n|move|p1a: Grumpig|Earth Power|p2a: Flapple\n|-supereffective|p2a: Flapple\n|-damage|p2a: Flapple|14/100\n|move|p2a: Flapple|Outrage|p1a: Grumpig\n|-damage|p1a: Grumpig|27/297\n|\n|upkeep\n|turn|9\n|inactive|Time left: 300 sec this turn | 300 sec total\n|\n|t:|1783542710\n|move|p1a: Grumpig|Earth Power|p2a: Flapple\n|-supereffective|p2a: Flapple\n|-damage|p2a: Flapple|0 fnt\n|faint|p2a: Flapple\n|\n|upkeep\n|\n|t:|1783542711\n|switch|p2a: Flutter Mane|Flutter Mane, L74|100/100\n|-damage|p2a: Flutter Mane|88/100|[from] Stealth Rock\n|turn|10\n|inactive|Time left: 300 sec this turn | 300 sec total\n|\n|t:|1783542712\n|move|p1a: Grumpig|Earth Power|p2a: Flutter Mane\n|-damage|p2a: Flutter Mane|62/100\n|move|p2a: Flutter Mane|Moonblast|p1a: Grumpig\n|-damage|p1a: Grumpig|0 fnt\n|faint|p1a: Grumpig\n|-damage|p2a: Flutter Mane|52/100|[from] item: Life Orb\n|\n|upkeep\n|inactive|Time left: 300 sec this turn | 300 sec total | 5 sec grace\n|\n|t:|1783542713\n|switch|p1a: Rillaboom|Rillaboom, L79, F|288/288\n|-fieldstart|move: Grassy Terrain|[from] ability: Grassy Surge|[of] p1a: Rillaboom\n|turn|11\n|inactive|Time left: 300 sec this turn | 300 sec total\n|\n|t:|1783542714\n|-end|p2a: Flutter Mane|Protosynthesis|[silent]\n|switch|p2a: Tauros|Tauros-Paldea-Blaze, L81, M|79/100\n|-damage|p2a: Tauros|67/100|[from] Stealth Rock\n|-ability|p2a: Tauros|Intimidate|boost\n|-unboost|p1a: Rillaboom|atk|1\n|move|p1a: Rillaboom|Grassy Glide|p2a: Tauros\n|-resisted|p2a: Tauros\n|-damage|p2a: Tauros|52/100\n|\n|-heal|p2a: Tauros|58/100|[from] Grassy Terrain\n|upkeep\n|turn|12\n|inactive|Time left: 300 sec this turn | 300 sec total\n|\n|t:|1783542715\n|switch|p1a: Mewtwo|Mewtwo, L72|272/272\n|-ability|p1a: Mewtwo|Unnerve\n|move|p2a: Tauros|Flare Blitz|p1a: Mewtwo\n|-damage|p1a: Mewtwo|68/272\n|-status|p1a: Mewtwo|brn\n|-damage|p2a: Tauros|32/100|[from] Recoil\n|\n|-heal|p1a: Mewtwo|85/272 brn|[from] Grassy Terrain\n|-heal|p2a: Tauros|38/100|[from] Grassy Terrain\n|-damage|p1a: Mewtwo|68/272 brn|[from] brn\n|upkeep\n|turn|13\n|inactive|Time left: 300 sec this turn | 300 sec total\n|\n|t:|1783542716\n|move|p1a: Mewtwo|Psystrike|p2a: Tauros\n|-supereffective|p2a: Tauros\n|-damage|p2a: Tauros|0 fnt\n|faint|p2a: Tauros\n|-damage|p1a: Mewtwo|41/272 brn|[from] item: Life Orb\n|\n|-heal|p1a: Mewtwo|58/272 brn|[from] Grassy Terrain\n|-damage|p1a: Mewtwo|41/272 brn|[from] brn\n|upkeep\n|\n|t:|1783542717\n|switch|p2a: Flutter Mane|Flutter Mane, L74|52/100\n|-damage|p2a: Flutter Mane|39/100|[from] Stealth Rock\n|turn|14\n|inactive|Time left: 300 sec this turn | 300 sec total\n|\n|t:|1783542718\n|move|p2a: Flutter Mane|Shadow Ball|p1a: Mewtwo\n|-supereffective|p1a: Mewtwo\n|-damage|p1a: Mewtwo|0 fnt\n|faint|p1a: Mewtwo\n|-damage|p2a: Flutter Mane|30/100|[from] item: Life Orb\n|\n|-heal|p2a: Flutter Mane|35/100|[from] Grassy Terrain\n|upkeep\n|inactive|Time left: 300 sec this turn | 300 sec total | 5 sec grace\n|\n|t:|1783542719\n|switch|p1a: Rillaboom|Rillaboom, L79, F|288/288\n|turn|15\n|inactive|Time left: 300 sec this turn | 300 sec total\n|\n|t:|1783542720\n|move|p2a: Flutter Mane|Moonblast|p1a: Rillaboom\n|-damage|p1a: Rillaboom|115/288\n|-unboost|p1a: Rillaboom|spa|1\n|-damage|p2a: Flutter Mane|26/100|[from] item: Life Orb\n|move|p1a: Rillaboom|High Horsepower|p2a: Flutter Mane\n|-damage|p2a: Flutter Mane|0 fnt\n|faint|p2a: Flutter Mane\n|-end|p2a: Flutter Mane|Protosynthesis|[silent]\n|\n|-heal|p1a: Rillaboom|133/288|[from] Grassy Terrain\n|-fieldend|move: Grassy Terrain\n|upkeep\n|\n|t:|1783542721\n|switch|p2a: Zebstrika|Zebstrika, L87, F|100/100\n|-damage|p2a: Zebstrika|88/100|[from] Stealth Rock\n|turn|16\n|inactive|Time left: 300 sec this turn | 300 sec total\n|\n|t:|1783542722\n|move|p2a: Zebstrika|Overheat|p1a: Rillaboom\n|-supereffective|p1a: Rillaboom\n|-damage|p1a: Rillaboom|0 fnt\n|-unboost|p2a: Zebstrika|spa|2\n|faint|p1a: Rillaboom\n|-damage|p2a: Zebstrika|78/100|[from] item: Life Orb\n|\n|upkeep\n|inactive|Time left: 300 sec this turn | 300 sec total | 5 sec grace\n|\n|t:|1783542723\n|switch|p1a: Golurk|Golurk, L87|297/297\n|turn|17\n|inactive|Time left: 300 sec this turn | 300 sec total\n|\n|t:|1783542723\n|switch|p2a: Perrserker|Perrserker, L89, F|68/100\n|-damage|p2a: Perrserker|62/100|[from] Stealth Rock\n|-terastallize|p1a: Golurk|Fighting\n|move|p1a: Golurk|Earthquake|p2a: Perrserker\n|-supereffective|p2a: Perrserker\n|-damage|p2a: Perrserker|0 fnt\n|faint|p2a: Perrserker\n|-damage|p1a: Golurk|268/297|[from] item: Life Orb\n|\n|upkeep\n|\n|t:|1783542724\n|switch|p2a: Zebstrika|Zebstrika, L87, F|78/100\n|-damage|p2a: Zebstrika|66/100|[from] Stealth Rock\n|turn|18\n|inactive|Time left: 300 sec this turn | 300 sec total\n|\n|t:|1783542725\n|move|p2a: Zebstrika|Volt Switch|p1a: Golurk\n|-damage|p1a: Golurk|169/297\n|-damage|p2a: Zebstrika|56/100|[from] item: Life Orb\n|move|p1a: Golurk|Poltergeist|p2a: Zebstrika\n|-activate|p2a: Zebstrika|move: Poltergeist|Life Orb\n|-damage|p2a: Zebstrika|0 fnt\n|faint|p2a: Zebstrika\n|-damage|p1a: Golurk|140/297|[from] item: Life Orb\n|\n|win|p0x26743b6", "uploadtime": 1783542725, "views": 0, "rating": 0, "private": 0, "password": null, "_winner": "p0x26743b6", "_our_name": "p0x26743b6"}