{"id": "battle-gen9randombattle-509", "formatid": "gen9randombattle", "format": "[Gen 9] Random Battle", "players": ["p0x509072b", "p0y5097943"], "log": "|init|battle\n|title|p0x509072b vs. p0y5097943\n|j|\u2606p0x509072b\n|j|\u2606p0y5097943\n|t:|1783544933\n|gametype|singles\n|player|p1|p0x509072b|266|\n|player|p2|p0y5097943|2|\n|gen|9\n|tier|[Gen 9] Random Battle\n|rule|Species Clause: Limit one of each Pok\u00e9mon\n|rule|HP Percentage Mod: HP is shown in percentages\n|rule|Sleep Clause Mod: Limit one foe put to sleep\n|rule|Illusion Level Mod: Illusion disguises the Pok\u00e9mon's true level\n|\n|t:|1783544933\n|teamsize|p1|6\n|teamsize|p2|6\n|start\n|switch|p1a: Comfey|Comfey, L85, M|225/225\n|switch|p2a: Cyclizar|Cyclizar, L84, M|100/100\n|turn|1\n|inactive|Battle timer is ON: inactive players will automatically lose when time's up. (requested by p0y5097943)\n|inactive|Time left: 300 sec this turn | 300 sec total | 60 sec grace\n|inactive|p0x509072b also wants the timer to be on.\n|\n|t:|1783544934\n|move|p2a: Cyclizar|Rapid Spin|p1a: Comfey\n|-damage|p1a: Comfey|174/225\n|-boost|p2a: Cyclizar|spe|1\n|move|p1a: Comfey|Calm Mind|p1a: Comfey\n|-boost|p1a: Comfey|spa|1\n|-boost|p1a: Comfey|spd|1\n|\n|-heal|p1a: Comfey|188/225|[from] item: Leftovers\n|upkeep\n|turn|2\n|inactive|Time left: 300 sec this turn | 300 sec total\n|\n|t:|1783544936\n|switch|p2a: Mudsdale|Mudsdale, L83, M|100/100\n|move|p1a: Comfey|Draining Kiss|p2a: Mudsdale\n|-damage|p2a: Mudsdale|77/100\n|-heal|p1a: Comfey|225/225|[from] drain|[of] p2a: Mudsdale\n|-ability|p2a: Mudsdale|Stamina|boost\n|-boost|p2a: Mudsdale|def|1\n|\n|-heal|p2a: Mudsdale|83/100|[from] item: Leftovers\n|upkeep\n|turn|3\n|inactive|Time left: 300 sec this turn | 300 sec total\n|\n|t:|1783544937\n|move|p1a: Comfey|Calm Mind|p1a: Comfey\n|-boost|p1a: Comfey|spa|1\n|-boost|p1a: Comfey|spd|1\n|move|p2a: Mudsdale|Heavy Slam|p1a: Comfey\n|-supereffective|p1a: Comfey\n|-damage|p1a: Comfey|43/225\n|\n|-heal|p1a: Comfey|57/225|[from] item: Leftovers\n|-heal|p2a: Mudsdale|89/100|[from] item: Leftovers\n|upkeep\n|turn|4\n|inactive|Time left: 300 sec this turn | 300 sec total\n|\n|t:|1783544938\n|move|p1a: Comfey|Giga Drain|p2a: Mudsdale\n|-supereffective|p2a: Mudsdale\n|-damage|p2a: Mudsdale|19/100\n|-heal|p1a: Comfey|163/225|[from] drain|[of] p2a: Mudsdale\n|-ability|p2a: Mudsdale|Stamina|boost\n|-boost|p2a: Mudsdale|def|1\n|move|p2a: Mudsdale|Heavy Slam|p1a: Comfey\n|-supereffective|p1a: Comfey\n|-damage|p1a: Comfey|0 fnt\n|faint|p1a: Comfey\n|\n|-heal|p2a: Mudsdale|25/100|[from] item: Leftovers\n|upkeep\n|inactive|Time left: 300 sec this turn | 300 sec total | 5 sec grace\n|\n|t:|1783544939\n|switch|p1a: Delphox|Delphox, L84, F|263/263\n|turn|5\n|inactive|Time left: 300 sec this turn | 300 sec total\n|\n|t:|1783544940\n|move|p1a: Delphox|Fire Blast|p2a: Mudsdale\n|-damage|p2a: Mudsdale|0 fnt\n|faint|p2a: Mudsdale\n|\n|upkeep\n|\n|t:|1783544941\n|switch|p2a: Toedscruel|Toedscruel, L87, M|100/100\n|turn|6\n|inactive|Time left: 300 sec this turn | 300 sec total\n|\n|t:|1783544943\n|move|p1a: Delphox|Fire Blast|p2a: Toedscruel\n|-supereffective|p2a: Toedscruel\n|-damage|p2a: Toedscruel|23/100\n|move|p2a: Toedscruel|Earth Power|p1a: Delphox\n|-supereffective|p1a: Delphox\n|-damage|p1a: Delphox|111/263\n|\n|-heal|p2a: Toedscruel|29/100|[from] item: Leftovers\n|upkeep\n|turn|7\n|inactive|Time left: 300 sec this turn | 300 sec total\n|\n|t:|1783544944\n|-terastallize|p2a: Toedscruel|Water\n|move|p1a: Delphox|Fire Blast|p2a: Toedscruel\n|-resisted|p2a: Toedscruel\n|-damage|p2a: Toedscruel|12/100\n|move|p2a: Toedscruel|Knock Off|p1a: Delphox\n|-supereffective|p1a: Delphox\n|-damage|p1a: Delphox|0 fnt\n|-enditem|p1a: Delphox|Choice Scarf|[from] move: Knock Off|[of] p2a: Toedscruel\n|faint|p1a: Delphox\n|\n|-heal|p2a: Toedscruel|18/100|[from] item: Leftovers\n|upkeep\n|inactive|Time left: 300 sec this turn | 300 sec total | 5 sec grace\n|\n|t:|1783544945\n|switch|p1a: Bellossom|Bellossom, L84, M|263/263\n|turn|8\n|inactive|Time left: 300 sec this turn | 300 sec total\n|\n|t:|1783544946\n|move|p1a: Bellossom|Quiver Dance|p1a: Bellossom\n|-boost|p1a: Bellossom|spa|1\n|-boost|p1a: Bellossom|spd|1\n|-boost|p1a: Bellossom|spe|1\n|move|p2a: Toedscruel|Toxic|p1a: Bellossom\n|-status|p1a: Bellossom|tox\n|\n|-heal|p2a: Toedscruel|24/100|[from] item: Leftovers\n|-damage|p1a: Bellossom|247/263 tox|[from] psn\n|upkeep\n|turn|9\n|inactive|Time left: 300 sec this turn | 300 sec total\n|\n|t:|1783544947\n|switch|p2a: Iron Hands|Iron Hands, L79|100/100\n|move|p1a: Bellossom|Quiver Dance|p1a: Bellossom\n|-boost|p1a: Bellossom|spa|1\n|-boost|p1a: Bellossom|spd|1\n|-boost|p1a: Bellossom|spe|1\n|\n|-heal|p1a: Bellossom|263/263 tox|[from] item: Leftovers\n|-damage|p1a: Bellossom|231/263 tox|[from] psn\n|upkeep\n|turn|10\n|inactive|Time left: 300 sec this turn | 300 sec total\n|\n|t:|1783544948\n|move|p1a: Bellossom|Moonblast|p2a: Iron Hands\n|-supereffective|p2a: Iron Hands\n|-damage|p2a: Iron Hands|42/100\n|move|p2a: Iron Hands|Ice Punch|p1a: Bellossom\n|-supereffective|p1a: Bellossom\n|-damage|p1a: Bellossom|101/263 tox\n|\n|-heal|p1a: Bellossom|117/263 tox|[from] item: Leftovers\n|-damage|p1a: Bellossom|69/263 tox|[from] psn\n|upkeep\n|turn|11\n|inactive|Time left: 300 sec this turn | 300 sec total\n|\n|t:|1783544950\n|move|p1a: Bellossom|Strength Sap|p2a: Iron Hands\n|-unboost|p2a: Iron Hands|atk|1\n|-heal|p1a: Bellossom|263/263 tox\n|move|p2a: Iron Hands|Drain Punch|p1a: Bellossom\n|-damage|p1a: Bellossom|205/263 tox\n|-heal|p2a: Iron Hands|50/100|[from] drain|[of] p1a: Bellossom\n|\n|-heal|p1a: Bellossom|221/263 tox|[from] item: Leftovers\n|-damage|p1a: Bellossom|157/263 tox|[from] psn\n|upkeep\n|turn|12\n|inactive|Time left: 300 sec this turn | 300 sec total\n|\n|t:|1783544951\n|move|p1a: Bellossom|Giga Drain|p2a: Iron Hands\n|-damage|p2a: Iron Hands|18/100\n|-heal|p1a: Bellossom|217/263 tox|[from] drain|[of] p2a: Iron Hands\n|move|p2a: Iron Hands|Ice Punch|p1a: Bellossom\n|-supereffective|p1a: Bellossom\n|-damage|p1a: Bellossom|137/263 tox\n|\n|-heal|p1a: Bellossom|153/263 tox|[from] item: Leftovers\n|-damage|p1a: Bellossom|73/263 tox|[from] psn\n|upkeep\n|turn|13\n|inactive|Time left: 300 sec this turn | 300 sec total\n|\n|t:|1783544952\n|move|p1a: Bellossom|Strength Sap|p2a: Iron Hands\n|-unboost|p2a: Iron Hands|atk|1\n|-heal|p1a: Bellossom|251/263 tox\n|move|p2a: Iron Hands|Ice Punch|p1a: Bellossom\n|-supereffective|p1a: Bellossom\n|-damage|p1a: Bellossom|185/263 tox\n|\n|-heal|p1a: Bellossom|201/263 tox|[from] item: Leftovers\n|-damage|p1a: Bellossom|105/263 tox|[from] psn\n|upkeep\n|turn|14\n|inactive|Time left: 300 sec this turn | 300 sec total\n|\n|t:|1783544953\n|move|p1a: Bellossom|Strength Sap|p2a: Iron Hands\n|-unboost|p2a: Iron Hands|atk|1\n|-heal|p1a: Bellossom|238/263 tox\n|move|p2a: Iron Hands|Drain Punch|p1a: Bellossom\n|-damage|p1a: Bellossom|201/263 tox\n|-heal|p2a: Iron Hands|23/100|[from] drain|[of] p1a: Bellossom\n|\n|-heal|p1a: Bellossom|217/263 tox|[from] item: Leftovers\n|-damage|p1a: Bellossom|105/263 tox|[from] psn\n|upkeep\n|turn|15\n|inactive|Time left: 300 sec this turn | 300 sec total\n|\n|t:|1783544954\n|move|p1a: Bellossom|Strength Sap|p2a: Iron Hands\n|-unboost|p2a: Iron Hands|atk|1\n|-heal|p1a: Bellossom|211/263 tox\n|move|p2a: Iron Hands|Ice Punch|p1a: Bellossom\n|-supereffective|p1a: Bellossom\n|-damage|p1a: Bellossom|171/263 tox\n|\n|-heal|p1a: Bellossom|187/263 tox|[from] item: Leftovers\n|-damage|p1a: Bellossom|59/263 tox|[from] psn\n|upkeep\n|turn|16\n|inactive|Time left: 300 sec this turn | 300 sec total\n|\n|t:|1783544955\n|move|p1a: Bellossom|Strength Sap|p2a: Iron Hands\n|-unboost|p2a: Iron Hands|atk|1\n|-heal|p1a: Bellossom|148/263 tox\n|move|p2a: Iron Hands|Volt Switch|p1a: Bellossom\n|-resisted|p1a: Bellossom\n|-damage|p1a: Bellossom|138/263 tox\n|\n|t:|1783544956\n|-end|p2a: Iron Hands|Quark Drive|[silent]\n|switch|p2a: Froslass|Froslass, L87, F|100/100|[from] Volt Switch\n|\n|-heal|p1a: Bellossom|154/263 tox|[from] item: Leftovers\n|-damage|p1a: Bellossom|10/263 tox|[from] psn\n|upkeep\n|turn|17\n|inactive|Time left: 300 sec this turn | 300 sec total\n|\n|t:|1783544957\n|move|p1a: Bellossom|Moonblast|p2a: Froslass\n|-damage|p2a: Froslass|44/100\n|move|p2a: Froslass|Spikes|p1a: Bellossom\n|-sidestart|p1: p0x509072b|Spikes\n|\n|-heal|p1a: Bellossom|26/263 tox|[from] item: Leftovers\n|-damage|p1a: Bellossom|0 fnt|[from] psn\n|faint|p1a: Bellossom\n|upkeep\n|inactive|Time left: 300 sec this turn | 300 sec total | 5 sec grace\n|\n|t:|1783544958\n|switch|p1a: Spiritomb|Spiritomb, L89, F|234/234\n|-damage|p1a: Spiritomb|205/234|[from] Spikes\n|turn|18\n|inactive|Time left: 300 sec this turn | 300 sec total\n|\n|t:|1783544959\n|move|p2a: Froslass|Destiny Bond|p2a: Froslass\n|-singlemove|p2a: Froslass|Destiny Bond\n|move|p1a: Spiritomb|Poltergeist|p2a: Froslass\n|-activate|p2a: Froslass|move: Poltergeist|Wide Lens\n|-supereffective|p2a: Froslass\n|-damage|p2a: Froslass|0 fnt\n|-start|p1a: Spiritomb|Disable|Poltergeist|[from] ability: Cursed Body|[of] p2a: Froslass\n|faint|p2a: Froslass\n|-activate|p2a: Froslass|move: Destiny Bond\n|faint|p1a: Spiritomb\n|\n|upkeep\n|inactive|Time left: 300 sec this turn | 300 sec total | 5 sec grace\n|\n|t:|1783544960\n|switch|p2a: Cyclizar|Cyclizar, L84, M|100/100\n|switch|p1a: Bisharp|Bisharp, L79, F|232/232\n|-damage|p1a: Bisharp|203/232|[from] Spikes\n|turn|19\n|inactive|Time left: 300 sec this turn | 300 sec total\n|\n|t:|1783544961\n|move|p2a: Cyclizar|Shed Tail|p2a: Cyclizar\n|-start|p2a: Cyclizar|Substitute|[from] move: Shed Tail\n|-damage|p2a: Cyclizar|50/100\n|\n|t:|1783544962\n|switch|p2a: Iron Hands|Iron Hands, L79|23/100|[from] Shed Tail\n|move|p1a: Bisharp|Swords Dance|p1a: Bisharp\n|-boost|p1a: Bisharp|atk|2\n|\n|upkeep\n|turn|20\n|inactive|Time left: 300 sec this turn | 300 sec total\n|\n|t:|1783544962\n|-terastallize|p1a: Bisharp|Ghost\n|move|p1a: Bisharp|Swords Dance|p1a: Bisharp\n|-boost|p1a: Bisharp|atk|2\n|move|p2a: Iron Hands|Wild Charge|p1a: Bisharp\n|-damage|p1a: Bisharp|133/232\n|-damage|p2a: Iron Hands|18/100|[from] Recoil\n|\n|upkeep\n|turn|21\n|inactive|Time left: 300 sec this turn | 300 sec total\n|\n|t:|1783544963\n|move|p1a: Bisharp|Iron Head|p2a: Iron Hands\n|-resisted|p2a: Iron Hands\n|-end|p2a: Iron Hands|Substitute\n|move|p2a: Iron Hands|Wild Charge|p1a: Bisharp\n|-damage|p1a: Bisharp|64/232\n|-damage|p2a: Iron Hands|13/100|[from] Recoil\n|\n|upkeep\n|turn|22\n|inactive|Time left: 300 sec this turn | 300 sec total\n|\n|t:|1783544964\n|move|p1a: Bisharp|Throat Chop|p2a: Iron Hands\n|-resisted|p2a: Iron Hands\n|-damage|p2a: Iron Hands|0 fnt\n|faint|p2a: Iron Hands\n|-end|p2a: Iron Hands|Quark Drive|[silent]\n|\n|upkeep\n|\n|t:|1783544965\n|switch|p2a: Cyclizar|Cyclizar, L84, M|84/100\n|turn|23\n|inactive|Time left: 300 sec this turn | 300 sec total\n|\n|t:|1783544966\n|move|p2a: Cyclizar|Draco Meteor|p1a: Bisharp|[miss]\n|-miss|p2a: Cyclizar|p1a: Bisharp\n|move|p1a: Bisharp|Throat Chop|p2a: Cyclizar\n|-damage|p2a: Cyclizar|0 fnt\n|faint|p2a: Cyclizar\n|\n|upkeep\n|\n|t:|1783544967\n|switch|p2a: Toedscruel|Toedscruel, L87, M, tera:Water|24/100\n|turn|24\n|inactive|Time left: 300 sec this turn | 300 sec total\n|\n|t:|1783544968\n|move|p1a: Bisharp|Sucker Punch|p2a: Toedscruel\n|-damage|p2a: Toedscruel|0 fnt\n|faint|p2a: Toedscruel\n|\n|upkeep\n|\n|t:|1783544969\n|switch|p2a: Sableye|Sableye, L88, M|100/100\n|turn|25\n|inactive|Time left: 300 sec this turn | 300 sec total\n|\n|t:|1783544970\n|move|p2a: Sableye|Encore|p1a: Bisharp\n|-start|p1a: Bisharp|Encore\n|move|p1a: Bisharp|Sucker Punch||[still]\n|-fail|p1a: Bisharp\n|\n|upkeep\n|turn|26\n|inactive|Time left: 300 sec this turn | 300 sec total\n|\n|t:|1783544971\n|switch|p1a: Raikou|Raikou, L81|278/278\n|-ability|p1a: Raikou|Pressure\n|move|p2a: Sableye|Will-O-Wisp|p1a: Raikou\n|-status|p1a: Raikou|brn\n|\n|-damage|p1a: Raikou|261/278 brn|[from] brn\n|upkeep\n|turn|27\n|inactive|Time left: 300 sec this turn | 300 sec total\n|\n|t:|1783544972\n|move|p1a: Raikou|Thunderbolt|p2a: Sableye\n|-damage|p2a: Sableye|48/100\n|move|p2a: Sableye|Knock Off|p1a: Raikou\n|-damage|p1a: Raikou|158/278 brn\n|-enditem|p1a: Raikou|Heavy-Duty Boots|[from] move: Knock Off|[of] p2a: Sableye\n|\n|-heal|p2a: Sableye|54/100|[from] item: Leftovers\n|-damage|p1a: Raikou|141/278 brn|[from] brn\n|upkeep\n|turn|28\n|inactive|Time left: 300 sec this turn | 300 sec total\n|\n|t:|1783544973\n|move|p2a: Sableye|Recover|p2a: Sableye\n|-heal|p2a: Sableye|100/100\n|move|p1a: Raikou|Thunderbolt|p2a: Sableye\n|-damage|p2a: Sableye|51/100\n|\n|-heal|p2a: Sableye|57/100|[from] item: Leftovers\n|-damage|p1a: Raikou|124/278 brn|[from] brn\n|upkeep\n|turn|29\n|inactive|Time left: 300 sec this turn | 300 sec total\n|\n|t:|1783544974\n|move|p2a: Sableye|Recover|p2a: Sableye\n|-heal|p2a: Sableye|100/100\n|move|p1a: Raikou|Thunderbolt|p2a: Sableye\n|-damage|p2a: Sableye|48/100\n|\n|-heal|p2a: Sableye|54/100|[from] item: Leftovers\n|-damage|p1a: Raikou|107/278 brn|[from] brn\n|upkeep\n|turn|30\n|inactive|Time left: 300 sec this turn | 300 sec total\n|\n|t:|1783544975\n|move|p2a: Sableye|Recover|p2a: Sableye\n|-heal|p2a: Sableye|100/100\n|move|p1a: Raikou|Thunderbolt|p2a: Sableye\n|-damage|p2a: Sableye|49/100\n|\n|-heal|p2a: Sableye|55/100|[from] item: Leftovers\n|-damage|p1a: Raikou|90/278 brn|[from] brn\n|upkeep\n|turn|31\n|inactive|Time left: 300 sec this turn | 300 sec total\n|\n|t:|1783544976\n|move|p2a: Sableye|Recover|p2a: Sableye\n|-heal|p2a: Sableye|100/100\n|move|p1a: Raikou|Thunderbolt|p2a: Sableye\n|-damage|p2a: Sableye|46/100\n|-status|p2a: Sableye|par\n|\n|-heal|p2a: Sableye|52/100 par|[from] item: Leftovers\n|-damage|p1a: Raikou|73/278 brn|[from] brn\n|upkeep\n|turn|32\n|inactive|Time left: 300 sec this turn | 300 sec total\n|\n|t:|1783544977\n|move|p2a: Sableye|Recover|p2a: Sableye\n|-heal|p2a: Sableye|100/100 par\n|move|p1a: Raikou|Thunderbolt|p2a: Sableye\n|-damage|p2a: Sableye|50/100 par\n|\n|-heal|p2a: Sableye|56/100 par|[from] item: Leftovers\n|-damage|p1a: Raikou|56/278 brn|[from] brn\n|upkeep\n|turn|33\n|inactive|Time left: 300 sec this turn | 300 sec total\n|\n|t:|1783544978\n|move|p2a: Sableye|Recover|p2a: Sableye\n|-heal|p2a: Sableye|100/100 par\n|move|p1a: Raikou|Thunderbolt|p2a: Sableye\n|-damage|p2a: Sableye|51/100 par\n|\n|-heal|p2a: Sableye|57/100 par|[from] item: Leftovers\n|-damage|p1a: Raikou|39/278 brn|[from] brn\n|upkeep\n|turn|34\n|inactive|Time left: 300 sec this turn | 300 sec total\n|\n|t:|1783544979\n|move|p1a: Raikou|Thunderbolt|p2a: Sableye\n|-damage|p2a: Sableye|0 fnt\n|faint|p2a: Sableye\n|\n|win|p0x509072b", "uploadtime": 1783544979, "views": 0, "rating": 0, "private": 0, "password": null, "_winner": "p0x509072b", "_our_name": "p0x509072b"}