{"id": "battle-gen9randombattle-1471", "formatid": "gen9randombattle", "format": "[Gen 9] Random Battle", "players": ["p0x1471486e", "p0y147149c9"], "log": "|init|battle\n|title|p0x1471486e vs. p0y147149c9\n|j|\u2606p0x1471486e\n|j|\u2606p0y147149c9\n|t:|1783556220\n|gametype|singles\n|player|p1|p0x1471486e|266|\n|player|p2|p0y147149c9|169|\n|gen|9\n|tier|[Gen 9] Random Battle\n|rule|Species Clause: Limit one of each Pok\u00e9mon\n|rule|HP Percentage Mod: HP is shown in percentages\n|rule|Sleep Clause Mod: Limit one foe put to sleep\n|rule|Illusion Level Mod: Illusion disguises the Pok\u00e9mon's true level\n|\n|t:|1783556220\n|teamsize|p1|6\n|teamsize|p2|6\n|start\n|switch|p1a: Carbink|Carbink, L90|236/236\n|switch|p2a: Floatzel|Floatzel, L86, F|100/100\n|turn|1\n|inactive|Battle timer is ON: inactive players will automatically lose when time's up. (requested by p0y147149c9)\n|inactive|Time left: 300 sec this turn | 300 sec total | 60 sec grace\n|inactive|p0x1471486e also wants the timer to be on.\n|\n|t:|1783556221\n|switch|p1a: Abomasnow|Abomasnow, L84, F|287/287\n|-weather|Snowscape|[from] ability: Snow Warning|[of] p1a: Abomasnow\n|move|p2a: Floatzel|Wave Crash|p1a: Abomasnow\n|-resisted|p1a: Abomasnow\n|-damage|p1a: Abomasnow|236/287\n|-damage|p2a: Floatzel|95/100|[from] Recoil\n|\n|-weather|Snowscape|[upkeep]\n|-heal|p2a: Floatzel|100/100|[from] item: Leftovers\n|upkeep\n|turn|2\n|inactive|Time left: 300 sec this turn | 300 sec total\n|\n|t:|1783556223\n|switch|p2a: Groudon|Groudon, L72|100/100\n|-weather|SunnyDay|[from] ability: Drought|[of] p2a: Groudon\n|move|p1a: Abomasnow|Aurora Veil||[still]\n|-fail|p1a: Abomasnow\n|\n|-weather|SunnyDay|[upkeep]\n|upkeep\n|turn|3\n|inactive|Time left: 300 sec this turn | 300 sec total\n|\n|t:|1783556224\n|switch|p1a: Vigoroth|Vigoroth, L85, M|275/275\n|move|p2a: Groudon|Heat Crash|p1a: Vigoroth\n|-damage|p1a: Vigoroth|182/275\n|\n|-weather|SunnyDay|[upkeep]\n|upkeep\n|turn|4\n|inactive|Time left: 300 sec this turn | 300 sec total\n|\n|t:|1783556225\n|move|p1a: Vigoroth|Bulk Up|p1a: Vigoroth\n|-boost|p1a: Vigoroth|atk|1\n|-boost|p1a: Vigoroth|def|1\n|move|p2a: Groudon|Stealth Rock|p1a: Vigoroth\n|-sidestart|p1: p0x1471486e|move: Stealth Rock\n|\n|-weather|SunnyDay|[upkeep]\n|upkeep\n|turn|5\n|inactive|Time left: 300 sec this turn | 300 sec total\n|\n|t:|1783556226\n|move|p1a: Vigoroth|Bulk Up|p1a: Vigoroth\n|-boost|p1a: Vigoroth|atk|1\n|-boost|p1a: Vigoroth|def|1\n|move|p2a: Groudon|Spikes|p1a: Vigoroth\n|-sidestart|p1: p0x1471486e|Spikes\n|\n|-weather|SunnyDay|[upkeep]\n|upkeep\n|turn|6\n|inactive|Time left: 300 sec this turn | 300 sec total\n|\n|t:|1783556227\n|move|p1a: Vigoroth|Knock Off|p2a: Groudon\n|-damage|p2a: Groudon|66/100\n|-enditem|p2a: Groudon|Leftovers|[from] move: Knock Off|[of] p1a: Vigoroth\n|move|p2a: Groudon|Spikes|p1a: Vigoroth\n|-sidestart|p1: p0x1471486e|Spikes\n|\n|-weather|none\n|upkeep\n|turn|7\n|inactive|Time left: 300 sec this turn | 300 sec total\n|\n|t:|1783556228\n|switch|p2a: Drednaw|Drednaw, L81, F|100/100\n|move|p1a: Vigoroth|Body Slam|p2a: Drednaw\n|-resisted|p2a: Drednaw\n|-damage|p2a: Drednaw|70/100\n|\n|upkeep\n|turn|8\n|inactive|Time left: 300 sec this turn | 300 sec total\n|\n|t:|1783556230\n|move|p1a: Vigoroth|Knock Off|p2a: Drednaw\n|-damage|p2a: Drednaw|25/100\n|-enditem|p2a: Drednaw|White Herb|[from] move: Knock Off|[of] p1a: Vigoroth\n|move|p2a: Drednaw|Shell Smash|p2a: Drednaw\n|-unboost|p2a: Drednaw|def|1\n|-unboost|p2a: Drednaw|spd|1\n|-boost|p2a: Drednaw|atk|2\n|-boost|p2a: Drednaw|spa|2\n|-boost|p2a: Drednaw|spe|2\n|\n|upkeep\n|turn|9\n|inactive|Time left: 300 sec this turn | 300 sec total\n|\n|t:|1783556231\n|move|p2a: Drednaw|Stone Edge|p1a: Vigoroth|[miss]\n|-miss|p2a: Drednaw|p1a: Vigoroth\n|move|p1a: Vigoroth|Body Slam|p2a: Drednaw\n|-resisted|p2a: Drednaw\n|-damage|p2a: Drednaw|0 fnt\n|faint|p2a: Drednaw\n|\n|upkeep\n|\n|t:|1783556232\n|switch|p2a: Groudon|Groudon, L72|66/100\n|-weather|SunnyDay|[from] ability: Drought|[of] p2a: Groudon\n|turn|10\n|inactive|Time left: 300 sec this turn | 300 sec total\n|\n|t:|1783556233\n|move|p1a: Vigoroth|Body Slam|p2a: Groudon\n|-damage|p2a: Groudon|20/100\n|move|p2a: Groudon|Spikes|p1a: Vigoroth\n|-sidestart|p1: p0x1471486e|Spikes\n|\n|-weather|SunnyDay|[upkeep]\n|upkeep\n|turn|11\n|inactive|Time left: 300 sec this turn | 300 sec total\n|\n|t:|1783556234\n|move|p1a: Vigoroth|Body Slam|p2a: Groudon\n|-damage|p2a: Groudon|0 fnt\n|faint|p2a: Groudon\n|\n|-weather|SunnyDay|[upkeep]\n|upkeep\n|\n|t:|1783556234\n|switch|p2a: Gouging Fire|Gouging Fire, L74|100/100\n|-activate|p2a: Gouging Fire|ability: Protosynthesis\n|-start|p2a: Gouging Fire|protosynthesisdef\n|turn|12\n|inactive|Time left: 300 sec this turn | 300 sec total\n|\n|t:|1783556236\n|move|p1a: Vigoroth|Body Slam|p2a: Gouging Fire\n|-damage|p2a: Gouging Fire|59/100\n|move|p2a: Gouging Fire|Dragon Dance|p2a: Gouging Fire\n|-boost|p2a: Gouging Fire|atk|1\n|-boost|p2a: Gouging Fire|spe|1\n|\n|-weather|SunnyDay|[upkeep]\n|upkeep\n|turn|13\n|inactive|Time left: 300 sec this turn | 300 sec total\n|\n|t:|1783556237\n|move|p2a: Gouging Fire|Heat Crash|p1a: Vigoroth\n|-damage|p1a: Vigoroth|95/275\n|move|p1a: Vigoroth|Body Slam|p2a: Gouging Fire\n|-damage|p2a: Gouging Fire|21/100\n|\n|-weather|SunnyDay|[upkeep]\n|upkeep\n|turn|14\n|inactive|Time left: 300 sec this turn | 300 sec total\n|\n|t:|1783556238\n|move|p2a: Gouging Fire|Heat Crash|p1a: Vigoroth\n|-damage|p1a: Vigoroth|1/275\n|move|p1a: Vigoroth|Slack Off|p1a: Vigoroth\n|-heal|p1a: Vigoroth|139/275\n|\n|-weather|none\n|-end|p2a: Gouging Fire|Protosynthesis\n|upkeep\n|turn|15\n|inactive|Time left: 300 sec this turn | 300 sec total\n|\n|t:|1783556239\n|move|p2a: Gouging Fire|Outrage|p1a: Vigoroth\n|-crit|p1a: Vigoroth\n|-damage|p1a: Vigoroth|0 fnt\n|faint|p1a: Vigoroth\n|\n|upkeep\n|inactive|Time left: 300 sec this turn | 300 sec total | 5 sec grace\n|\n|t:|1783556240\n|switch|p1a: Carbink|Carbink, L90|236/236\n|-damage|p1a: Carbink|207/236|[from] Stealth Rock\n|-damage|p1a: Carbink|148/236|[from] Spikes\n|turn|16\n|inactive|Time left: 300 sec this turn | 300 sec total\n|\n|t:|1783556241\n|move|p2a: Gouging Fire|Outrage|p1a: Carbink|[from] lockedmove\n|-immune|p1a: Carbink\n|-start|p2a: Gouging Fire|confusion|[fatigue]\n|move|p1a: Carbink|Iron Defense|p1a: Carbink\n|-boost|p1a: Carbink|def|2\n|\n|upkeep\n|turn|17\n|inactive|Time left: 300 sec this turn | 300 sec total\n|\n|t:|1783556242\n|-activate|p2a: Gouging Fire|confusion\n|-damage|p2a: Gouging Fire|8/100|[from] confusion\n|move|p1a: Carbink|Body Press|p2a: Gouging Fire\n|-damage|p2a: Gouging Fire|0 fnt\n|faint|p2a: Gouging Fire\n|-end|p2a: Gouging Fire|Protosynthesis|[silent]\n|\n|upkeep\n|\n|t:|1783556243\n|switch|p2a: Floatzel|Floatzel, L86, F|100/100\n|turn|18\n|inactive|Time left: 300 sec this turn | 300 sec total\n|\n|t:|1783556244\n|move|p2a: Floatzel|Bulk Up|p2a: Floatzel\n|-boost|p2a: Floatzel|atk|1\n|-boost|p2a: Floatzel|def|1\n|move|p1a: Carbink|Body Press|p2a: Floatzel\n|-damage|p2a: Floatzel|44/100\n|\n|-heal|p2a: Floatzel|50/100|[from] item: Leftovers\n|upkeep\n|turn|19\n|inactive|Time left: 300 sec this turn | 300 sec total\n|\n|t:|1783556245\n|-terastallize|p2a: Floatzel|Water\n|-terastallize|p1a: Carbink|Fighting\n|move|p2a: Floatzel|Wave Crash|p1a: Carbink\n|-damage|p1a: Carbink|56/236\n|-damage|p2a: Floatzel|40/100|[from] Recoil\n|move|p1a: Carbink|Body Press|p2a: Floatzel\n|-damage|p2a: Floatzel|0 fnt\n|faint|p2a: Floatzel\n|\n|upkeep\n|\n|t:|1783556246\n|switch|p2a: Talonflame|Talonflame, L83, M|100/100\n|turn|20\n|inactive|Time left: 300 sec this turn | 300 sec total\n|\n|t:|1783556247\n|move|p2a: Talonflame|Brave Bird|p1a: Carbink\n|-supereffective|p1a: Carbink\n|-damage|p1a: Carbink|0 fnt\n|faint|p1a: Carbink\n|-damage|p2a: Talonflame|94/100|[from] Recoil\n|\n|upkeep\n|inactive|Time left: 300 sec this turn | 300 sec total | 5 sec grace\n|\n|t:|1783556249\n|switch|p1a: Meloetta|Meloetta, L82|298/298\n|-damage|p1a: Meloetta|261/298|[from] Stealth Rock\n|-damage|p1a: Meloetta|187/298|[from] Spikes\n|turn|21\n|inactive|Time left: 300 sec this turn | 300 sec total\n|\n|t:|1783556250\n|move|p2a: Talonflame|Swords Dance|p2a: Talonflame\n|-boost|p2a: Talonflame|atk|2\n|move|p1a: Meloetta|Hyper Voice|p2a: Talonflame\n|-damage|p2a: Talonflame|45/100\n|\n|-heal|p1a: Meloetta|205/298|[from] item: Leftovers\n|upkeep\n|turn|22\n|inactive|Time left: 300 sec this turn | 300 sec total\n|\n|t:|1783556251\n|move|p2a: Talonflame|Flare Blitz|p1a: Meloetta\n|-crit|p1a: Meloetta\n|-damage|p1a: Meloetta|0 fnt\n|faint|p1a: Meloetta\n|-damage|p2a: Talonflame|19/100|[from] Recoil\n|\n|upkeep\n|inactive|Time left: 300 sec this turn | 300 sec total | 5 sec grace\n|\n|t:|1783556252\n|switch|p1a: Abomasnow|Abomasnow, L84, F|236/287\n|-damage|p1a: Abomasnow|165/287|[from] Stealth Rock\n|-damage|p1a: Abomasnow|94/287|[from] Spikes\n|-weather|Snowscape|[from] ability: Snow Warning|[of] p1a: Abomasnow\n|turn|23\n|inactive|Time left: 300 sec this turn | 300 sec total\n|\n|t:|1783556253\n|move|p1a: Abomasnow|Ice Shard|p2a: Talonflame\n|-damage|p2a: Talonflame|1/100\n|move|p2a: Talonflame|Flare Blitz|p1a: Abomasnow\n|-supereffective|p1a: Abomasnow\n|-damage|p1a: Abomasnow|0 fnt\n|faint|p1a: Abomasnow\n|-damage|p2a: Talonflame|0 fnt|[from] Recoil\n|faint|p2a: Talonflame\n|\n|-weather|Snowscape|[upkeep]\n|upkeep\n|inactive|Time left: 300 sec this turn | 300 sec total | 5 sec grace\n|\n|t:|1783556254\n|switch|p2a: Dragapult|Dragapult, L77, F|100/100\n|switch|p1a: Revavroom|Revavroom, L79, F|256/256\n|-damage|p1a: Revavroom|240/256|[from] Stealth Rock\n|-damage|p1a: Revavroom|176/256|[from] Spikes\n|turn|24\n|inactive|Time left: 300 sec this turn | 300 sec total\n|\n|t:|1783556254\n|move|p2a: Dragapult|Will-O-Wisp|p1a: Revavroom\n|-status|p1a: Revavroom|brn\n|move|p1a: Revavroom|Shift Gear|p1a: Revavroom\n|-boost|p1a: Revavroom|spe|2\n|-boost|p1a: Revavroom|atk|1\n|\n|-weather|Snowscape|[upkeep]\n|-damage|p1a: Revavroom|160/256 brn|[from] brn\n|upkeep\n|turn|25\n|inactive|Time left: 300 sec this turn | 300 sec total\n|\n|t:|1783556255\n|move|p1a: Revavroom|Iron Head|p2a: Dragapult\n|-damage|p2a: Dragapult|60/100\n|-damage|p1a: Revavroom|135/256 brn|[from] item: Life Orb\n|cant|p2a: Dragapult|flinch\n|\n|-weather|Snowscape|[upkeep]\n|-damage|p1a: Revavroom|119/256 brn|[from] brn\n|upkeep\n|turn|26\n|inactive|Time left: 300 sec this turn | 300 sec total\n|\n|t:|1783556256\n|move|p1a: Revavroom|Iron Head|p2a: Dragapult\n|-damage|p2a: Dragapult|19/100\n|-start|p1a: Revavroom|Disable|Iron Head|[from] ability: Cursed Body|[of] p2a: Dragapult\n|-damage|p1a: Revavroom|94/256 brn|[from] item: Life Orb\n|move|p2a: Dragapult|Hex|p1a: Revavroom\n|-damage|p1a: Revavroom|0 fnt\n|faint|p1a: Revavroom\n|\n|-weather|Snowscape|[upkeep]\n|upkeep\n|inactive|Time left: 300 sec this turn | 300 sec total | 5 sec grace\n|\n|t:|1783556257\n|switch|p1a: Greninja|Greninja, L80, M|246/246\n|-damage|p1a: Greninja|216/246|[from] Stealth Rock\n|-damage|p1a: Greninja|155/246|[from] Spikes\n|turn|27\n|inactive|Time left: 300 sec this turn | 300 sec total\n|\n|t:|1783556257\n|move|p2a: Dragapult|Dragon Darts|p1a: Greninja\n|-damage|p1a: Greninja|88/246\n|-anim|p2a: Dragapult|Dragon Darts|p1a: Greninja\n|-damage|p1a: Greninja|16/246\n|move|p1a: Greninja|Ice Beam|p2a: Dragapult\n|-start|p1a: Greninja|typechange|Ice|[from] ability: Protean\n|-supereffective|p2a: Dragapult\n|-damage|p2a: Dragapult|0 fnt\n|-start|p1a: Greninja|Disable|Ice Beam|[from] ability: Cursed Body|[of] p2a: Dragapult\n|faint|p2a: Dragapult\n|-damage|p1a: Greninja|0 fnt|[from] item: Life Orb\n|faint|p1a: Greninja\n|\n|win|p0x1471486e", "uploadtime": 1783556257, "views": 0, "rating": 0, "private": 0, "password": null, "_winner": "p0x1471486e", "_our_name": "p0x1471486e"}