{"id": "battle-gen9randombattle-590", "formatid": "gen9randombattle", "format": "[Gen 9] Random Battle", "players": ["p0x590e435", "p0y5909dea"], "log": "|init|battle\n|title|p0x590e435 vs. p0y5909dea\n|j|\u2606p0x590e435\n|j|\u2606p0y5909dea\n|t:|1783546655\n|gametype|singles\n|player|p1|p0x590e435|101|\n|player|p2|p0y5909dea|169|\n|gen|9\n|tier|[Gen 9] Random Battle\n|rule|Species Clause: Limit one of each Pok\u00e9mon\n|rule|HP Percentage Mod: HP is shown in percentages\n|rule|Sleep Clause Mod: Limit one foe put to sleep\n|rule|Illusion Level Mod: Illusion disguises the Pok\u00e9mon's true level\n|\n|t:|1783546655\n|teamsize|p1|6\n|teamsize|p2|6\n|start\n|switch|p1a: Arcanine|Arcanine-Hisui, L79, F|279/279\n|switch|p2a: Dusknoir|Dusknoir, L89, F|100/100\n|-item|p1a: Arcanine|Choice Band|[from] ability: Frisk|[of] p2a: Dusknoir\n|turn|1\n|inactive|Battle timer is ON: inactive players will automatically lose when time's up. (requested by p0x590e435)\n|inactive|p0y5909dea also wants the timer to be on.\n|\n|t:|1783546657\n|move|p1a: Arcanine|Flare Blitz|p2a: Dusknoir\n|-damage|p2a: Dusknoir|38/100\n|move|p2a: Dusknoir|Earthquake|p1a: Arcanine\n|-supereffective|p1a: Arcanine\n|-damage|p1a: Arcanine|0 fnt\n|faint|p1a: Arcanine\n|\n|-heal|p2a: Dusknoir|44/100|[from] item: Leftovers\n|upkeep\n|inactive|Time left: 300 sec this turn | 300 sec total | 65 sec grace\n|\n|t:|1783546659\n|switch|p1a: Falinks|Falinks, L84|246/246\n|turn|2\n|inactive|Time left: 300 sec this turn | 300 sec total\n|\n|t:|1783546660\n|move|p1a: Falinks|No Retreat|p1a: Falinks\n|-boost|p1a: Falinks|atk|1\n|-boost|p1a: Falinks|def|1\n|-boost|p1a: Falinks|spa|1\n|-boost|p1a: Falinks|spd|1\n|-boost|p1a: Falinks|spe|1\n|-start|p1a: Falinks|move: No Retreat\n|move|p2a: Dusknoir|Will-O-Wisp|p1a: Falinks\n|-status|p1a: Falinks|brn\n|\n|-heal|p2a: Dusknoir|50/100|[from] item: Leftovers\n|-damage|p1a: Falinks|231/246 brn|[from] brn\n|upkeep\n|turn|3\n|inactive|Time left: 300 sec this turn | 300 sec total\n|\n|t:|1783546661\n|move|p1a: Falinks|Knock Off|p2a: Dusknoir\n|-supereffective|p2a: Dusknoir\n|-damage|p2a: Dusknoir|13/100\n|-enditem|p2a: Dusknoir|Leftovers|[from] move: Knock Off|[of] p1a: Falinks\n|-damage|p1a: Falinks|207/246 brn|[from] item: Life Orb\n|move|p2a: Dusknoir|Pain Split|p1a: Falinks\n|-sethp|p1a: Falinks|117/246 brn|[from] move: Pain Split|[silent]\n|-sethp|p2a: Dusknoir|52/100|[from] move: Pain Split\n|\n|-damage|p1a: Falinks|102/246 brn|[from] brn\n|upkeep\n|turn|4\n|inactive|Time left: 300 sec this turn | 300 sec total\n|\n|t:|1783546662\n|move|p1a: Falinks|Iron Head|p2a: Dusknoir\n|-damage|p2a: Dusknoir|36/100\n|-damage|p1a: Falinks|78/246 brn|[from] item: Life Orb\n|move|p2a: Dusknoir|Earthquake|p1a: Falinks\n|-damage|p1a: Falinks|30/246 brn\n|\n|-damage|p1a: Falinks|15/246 brn|[from] brn\n|upkeep\n|turn|5\n|inactive|Time left: 300 sec this turn | 300 sec total\n|\n|t:|1783546663\n|move|p1a: Falinks|Close Combat|p2a: Dusknoir\n|-immune|p2a: Dusknoir\n|move|p2a: Dusknoir|Poltergeist|p1a: Falinks\n|-activate|p1a: Falinks|move: Poltergeist|Life Orb\n|-damage|p1a: Falinks|0 fnt\n|faint|p1a: Falinks\n|\n|upkeep\n|inactive|Time left: 300 sec this turn | 300 sec total | 5 sec grace\n|\n|t:|1783546664\n|switch|p1a: Delibird|Delibird, M|252/252\n|turn|6\n|inactive|Time left: 300 sec this turn | 300 sec total\n|\n|t:|1783546666\n|move|p1a: Delibird|Brave Bird|p2a: Dusknoir\n|-damage|p2a: Dusknoir|0 fnt\n|faint|p2a: Dusknoir\n|-damage|p1a: Delibird|225/252|[from] Recoil\n|\n|upkeep\n|\n|t:|1783546666\n|switch|p2a: Roaring Moon|Roaring Moon, L72|100/100\n|-enditem|p2a: Roaring Moon|Booster Energy\n|-activate|p2a: Roaring Moon|ability: Protosynthesis|[fromitem]\n|-start|p2a: Roaring Moon|protosynthesisatk\n|turn|7\n|inactive|Time left: 300 sec this turn | 300 sec total\n|\n|t:|1783546668\n|move|p2a: Roaring Moon|Outrage|p1a: Delibird\n|-damage|p1a: Delibird|15/252\n|move|p1a: Delibird|Ice Spinner|p2a: Roaring Moon|[miss]\n|-miss|p1a: Delibird|p2a: Roaring Moon\n|\n|upkeep\n|turn|8\n|inactive|Time left: 300 sec this turn | 300 sec total\n|\n|t:|1783546668\n|switch|p1a: Avalugg|Avalugg, L88, M|310/310\n|move|p2a: Roaring Moon|Outrage|p1a: Avalugg|[from] lockedmove\n|-damage|p1a: Avalugg|225/310\n|-start|p2a: Roaring Moon|confusion|[fatigue]\n|\n|upkeep\n|turn|9\n|inactive|Time left: 300 sec this turn | 300 sec total\n|\n|t:|1783546669\n|-end|p2a: Roaring Moon|Protosynthesis|[silent]\n|switch|p2a: Tauros|Tauros-Paldea-Aqua, L81, M|100/100\n|-ability|p2a: Tauros|Intimidate|boost\n|-unboost|p1a: Avalugg|atk|1\n|move|p1a: Avalugg|Avalanche|p2a: Tauros\n|-resisted|p2a: Tauros\n|-damage|p2a: Tauros|91/100\n|\n|upkeep\n|turn|10\n|inactive|Time left: 300 sec this turn | 300 sec total\n|\n|t:|1783546670\n|move|p2a: Tauros|Bulk Up|p2a: Tauros\n|-boost|p2a: Tauros|atk|1\n|-boost|p2a: Tauros|def|1\n|move|p1a: Avalugg|Body Press|p2a: Tauros\n|-damage|p2a: Tauros|65/100\n|\n|upkeep\n|turn|11\n|inactive|Time left: 300 sec this turn | 300 sec total\n|\n|t:|1783546671\n|-terastallize|p1a: Avalugg|Fighting\n|move|p2a: Tauros|Bulk Up|p2a: Tauros\n|-boost|p2a: Tauros|atk|1\n|-boost|p2a: Tauros|def|1\n|move|p1a: Avalugg|Body Press|p2a: Tauros\n|-damage|p2a: Tauros|36/100\n|\n|upkeep\n|turn|12\n|inactive|Time left: 300 sec this turn | 300 sec total\n|\n|t:|1783546672\n|move|p2a: Tauros|Bulk Up|p2a: Tauros\n|-boost|p2a: Tauros|atk|1\n|-boost|p2a: Tauros|def|1\n|move|p1a: Avalugg|Body Press|p2a: Tauros\n|-damage|p2a: Tauros|15/100\n|\n|upkeep\n|turn|13\n|inactive|Time left: 300 sec this turn | 300 sec total\n|\n|t:|1783546673\n|move|p2a: Tauros|Close Combat|p1a: Avalugg\n|-damage|p1a: Avalugg|0 fnt\n|-unboost|p2a: Tauros|def|1\n|-unboost|p2a: Tauros|spd|1\n|faint|p1a: Avalugg\n|-damage|p2a: Tauros|5/100|[from] item: Life Orb\n|\n|upkeep\n|inactive|Time left: 300 sec this turn | 300 sec total | 5 sec grace\n|\n|t:|1783546674\n|switch|p1a: Comfey|Comfey, L85, M|225/225\n|turn|14\n|inactive|Time left: 300 sec this turn | 300 sec total\n|\n|t:|1783546675\n|switch|p2a: Arceus|Arceus-Ice, L72|100/100\n|move|p1a: Comfey|Draining Kiss|p2a: Arceus\n|-damage|p2a: Arceus|85/100\n|\n|upkeep\n|turn|15\n|inactive|Time left: 300 sec this turn | 300 sec total\n|\n|t:|1783546677\n|move|p1a: Comfey|Calm Mind|p1a: Comfey\n|-boost|p1a: Comfey|spa|1\n|-boost|p1a: Comfey|spd|1\n|move|p2a: Arceus|Calm Mind|p2a: Arceus\n|-boost|p2a: Arceus|spa|1\n|-boost|p2a: Arceus|spd|1\n|\n|upkeep\n|turn|16\n|inactive|Time left: 300 sec this turn | 300 sec total\n|\n|t:|1783546678\n|move|p1a: Comfey|Calm Mind|p1a: Comfey\n|-boost|p1a: Comfey|spa|1\n|-boost|p1a: Comfey|spd|1\n|move|p2a: Arceus|Calm Mind|p2a: Arceus\n|-boost|p2a: Arceus|spa|1\n|-boost|p2a: Arceus|spd|1\n|\n|upkeep\n|turn|17\n|inactive|Time left: 300 sec this turn | 300 sec total\n|\n|t:|1783546679\n|move|p1a: Comfey|Calm Mind|p1a: Comfey\n|-boost|p1a: Comfey|spa|1\n|-boost|p1a: Comfey|spd|1\n|move|p2a: Arceus|Calm Mind|p2a: Arceus\n|-boost|p2a: Arceus|spa|1\n|-boost|p2a: Arceus|spd|1\n|\n|upkeep\n|turn|18\n|inactive|Time left: 300 sec this turn | 300 sec total\n|\n|t:|1783546680\n|move|p1a: Comfey|Calm Mind|p1a: Comfey\n|-boost|p1a: Comfey|spa|1\n|-boost|p1a: Comfey|spd|1\n|move|p2a: Arceus|Judgment|p1a: Comfey\n|-damage|p1a: Comfey|155/225\n|\n|-heal|p1a: Comfey|169/225|[from] item: Leftovers\n|upkeep\n|turn|19\n|inactive|Time left: 300 sec this turn | 300 sec total\n|\n|t:|1783546681\n|move|p1a: Comfey|Stored Power|p2a: Arceus\n|-damage|p2a: Arceus|40/100\n|move|p2a: Arceus|Recover|p2a: Arceus\n|-heal|p2a: Arceus|90/100\n|\n|-heal|p1a: Comfey|183/225|[from] item: Leftovers\n|upkeep\n|turn|20\n|inactive|Time left: 300 sec this turn | 300 sec total\n|\n|t:|1783546682\n|move|p1a: Comfey|Stored Power|p2a: Arceus\n|-damage|p2a: Arceus|47/100\n|move|p2a: Arceus|Recover|p2a: Arceus\n|-heal|p2a: Arceus|97/100\n|\n|-heal|p1a: Comfey|197/225|[from] item: Leftovers\n|upkeep\n|turn|21\n|inactive|Time left: 300 sec this turn | 300 sec total\n|\n|t:|1783546683\n|move|p1a: Comfey|Stored Power|p2a: Arceus\n|-damage|p2a: Arceus|50/100\n|move|p2a: Arceus|Calm Mind|p2a: Arceus\n|-boost|p2a: Arceus|spa|1\n|-boost|p2a: Arceus|spd|1\n|\n|-heal|p1a: Comfey|211/225|[from] item: Leftovers\n|upkeep\n|turn|22\n|inactive|Time left: 300 sec this turn | 300 sec total\n|\n|t:|1783546684\n|move|p1a: Comfey|Stored Power|p2a: Arceus\n|-damage|p2a: Arceus|11/100\n|move|p2a: Arceus|Recover|p2a: Arceus\n|-heal|p2a: Arceus|62/100\n|\n|-heal|p1a: Comfey|225/225|[from] item: Leftovers\n|upkeep\n|turn|23\n|inactive|Time left: 300 sec this turn | 300 sec total\n|\n|t:|1783546685\n|move|p1a: Comfey|Stored Power|p2a: Arceus\n|-damage|p2a: Arceus|24/100\n|move|p2a: Arceus|Recover|p2a: Arceus\n|-heal|p2a: Arceus|74/100\n|\n|upkeep\n|turn|24\n|inactive|Time left: 300 sec this turn | 300 sec total\n|\n|t:|1783546686\n|move|p1a: Comfey|Stored Power|p2a: Arceus\n|-damage|p2a: Arceus|36/100\n|move|p2a: Arceus|Recover|p2a: Arceus\n|-heal|p2a: Arceus|86/100\n|\n|upkeep\n|turn|25\n|inactive|Time left: 300 sec this turn | 300 sec total\n|\n|t:|1783546687\n|move|p1a: Comfey|Stored Power|p2a: Arceus\n|-damage|p2a: Arceus|50/100\n|move|p2a: Arceus|Recover|p2a: Arceus\n|-heal|p2a: Arceus|100/100\n|\n|upkeep\n|turn|26\n|inactive|Time left: 300 sec this turn | 300 sec total\n|\n|t:|1783546688\n|move|p1a: Comfey|Stored Power|p2a: Arceus\n|-damage|p2a: Arceus|65/100\n|move|p2a: Arceus|Judgment|p1a: Comfey\n|-damage|p1a: Comfey|135/225\n|\n|-heal|p1a: Comfey|149/225|[from] item: Leftovers\n|upkeep\n|turn|27\n|inactive|Time left: 300 sec this turn | 300 sec total\n|\n|t:|1783546689\n|move|p1a: Comfey|Stored Power|p2a: Arceus\n|-damage|p2a: Arceus|29/100\n|move|p2a: Arceus|Recover|p2a: Arceus\n|-heal|p2a: Arceus|80/100\n|\n|-heal|p1a: Comfey|163/225|[from] item: Leftovers\n|upkeep\n|turn|28\n|inactive|Time left: 300 sec this turn | 300 sec total\n|\n|t:|1783546690\n|move|p1a: Comfey|Stored Power|p2a: Arceus\n|-damage|p2a: Arceus|43/100\n|move|p2a: Arceus|Judgment|p1a: Comfey\n|-damage|p1a: Comfey|67/225\n|\n|-heal|p1a: Comfey|81/225|[from] item: Leftovers\n|upkeep\n|turn|29\n|inactive|Time left: 300 sec this turn | 300 sec total\n|\n|t:|1783546691\n|move|p1a: Comfey|Draining Kiss|p2a: Arceus\n|-damage|p2a: Arceus|28/100\n|-heal|p1a: Comfey|116/225|[from] drain|[of] p2a: Arceus\n|move|p2a: Arceus|Recover|p2a: Arceus\n|-heal|p2a: Arceus|78/100\n|\n|-heal|p1a: Comfey|130/225|[from] item: Leftovers\n|upkeep\n|turn|30\n|inactive|Time left: 300 sec this turn | 300 sec total\n|\n|t:|1783546692\n|move|p1a: Comfey|Stored Power|p2a: Arceus\n|-damage|p2a: Arceus|43/100\n|move|p2a: Arceus|Judgment|p1a: Comfey\n|-damage|p1a: Comfey|40/225\n|\n|-heal|p1a: Comfey|54/225|[from] item: Leftovers\n|upkeep\n|turn|31\n|inactive|Time left: 300 sec this turn | 300 sec total\n|\n|t:|1783546693\n|move|p1a: Comfey|Stored Power|p2a: Arceus\n|-damage|p2a: Arceus|7/100\n|move|p2a: Arceus|Judgment|p1a: Comfey\n|-damage|p1a: Comfey|0 fnt\n|faint|p1a: Comfey\n|\n|upkeep\n|inactive|Time left: 300 sec this turn | 300 sec total | 5 sec grace\n|\n|t:|1783546694\n|switch|p1a: Delibird|Delibird, M|15/252\n|turn|32\n|inactive|Time left: 300 sec this turn | 300 sec total\n|\n|t:|1783546695\n|move|p1a: Delibird|Ice Shard|p2a: Arceus\n|-resisted|p2a: Arceus\n|-damage|p2a: Arceus|0 fnt\n|faint|p2a: Arceus\n|\n|upkeep\n|\n|t:|1783546696\n|switch|p2a: Roaring Moon|Roaring Moon, L72|100/100\n|turn|33\n|inactive|Time left: 300 sec this turn | 300 sec total\n|\n|t:|1783546697\n|-terastallize|p2a: Roaring Moon|Steel\n|move|p1a: Delibird|Ice Shard|p2a: Roaring Moon\n|-resisted|p2a: Roaring Moon\n|-damage|p2a: Roaring Moon|86/100\n|move|p2a: Roaring Moon|Outrage|p1a: Delibird\n|-damage|p1a: Delibird|0 fnt\n|faint|p1a: Delibird\n|\n|upkeep\n|inactive|Time left: 300 sec this turn | 300 sec total | 5 sec grace\n|\n|t:|1783546698\n|switch|p1a: Chimecho|Chimecho, L93, M|290/290\n|turn|34\n|inactive|Time left: 300 sec this turn | 300 sec total\n|\n|t:|1783546698\n|move|p2a: Roaring Moon|Outrage|p1a: Chimecho|[from] lockedmove\n|-damage|p1a: Chimecho|163/290\n|-start|p2a: Roaring Moon|confusion|[fatigue]\n|move|p1a: Chimecho|Thunder Wave|p2a: Roaring Moon|[miss]\n|-miss|p1a: Chimecho|p2a: Roaring Moon\n|\n|-heal|p1a: Chimecho|181/290|[from] item: Leftovers\n|upkeep\n|turn|35\n|inactive|Time left: 300 sec this turn | 300 sec total\n|\n|t:|1783546700\n|-activate|p2a: Roaring Moon|confusion\n|-damage|p2a: Roaring Moon|72/100|[from] confusion\n|move|p1a: Chimecho|Recover|p1a: Chimecho\n|-heal|p1a: Chimecho|290/290\n|\n|upkeep\n|turn|36\n|inactive|Time left: 300 sec this turn | 300 sec total\n|\n|t:|1783546701\n|-activate|p2a: Roaring Moon|confusion\n|move|p2a: Roaring Moon|Knock Off|p1a: Chimecho\n|-supereffective|p1a: Chimecho\n|-damage|p1a: Chimecho|78/290\n|-enditem|p1a: Chimecho|Leftovers|[from] move: Knock Off|[of] p2a: Roaring Moon\n|move|p1a: Chimecho|Thunder Wave|p2a: Roaring Moon\n|-status|p2a: Roaring Moon|par\n|\n|upkeep\n|turn|37\n|inactive|Time left: 300 sec this turn | 300 sec total\n|\n|t:|1783546702\n|move|p1a: Chimecho|Recover|p1a: Chimecho\n|-heal|p1a: Chimecho|223/290\n|-activate|p2a: Roaring Moon|confusion\n|cant|p2a: Roaring Moon|par\n|\n|upkeep\n|turn|38\n|inactive|Time left: 300 sec this turn | 300 sec total\n|\n|t:|1783546703\n|move|p1a: Chimecho|Recover|p1a: Chimecho\n|-heal|p1a: Chimecho|290/290\n|-end|p2a: Roaring Moon|confusion\n|move|p2a: Roaring Moon|Outrage|p1a: Chimecho\n|-damage|p1a: Chimecho|170/290\n|\n|upkeep\n|turn|39\n|inactive|Time left: 300 sec this turn | 300 sec total\n|\n|t:|1783546704\n|move|p1a: Chimecho|Recover|p1a: Chimecho\n|-heal|p1a: Chimecho|290/290\n|cant|p2a: Roaring Moon|par\n|\n|upkeep\n|turn|40\n|inactive|Time left: 300 sec this turn | 300 sec total\n|\n|t:|1783546706\n|move|p1a: Chimecho|Psychic Noise|p2a: Roaring Moon\n|-resisted|p2a: Roaring Moon\n|-damage|p2a: Roaring Moon|53/100 par\n|-start|p2a: Roaring Moon|move: Heal Block\n|move|p2a: Roaring Moon|Dragon Dance|p2a: Roaring Moon\n|-boost|p2a: Roaring Moon|atk|1\n|-boost|p2a: Roaring Moon|spe|1\n|\n|upkeep\n|turn|41\n|inactive|Time left: 300 sec this turn | 300 sec total\n|\n|t:|1783546707\n|move|p1a: Chimecho|Psychic Noise|p2a: Roaring Moon\n|-resisted|p2a: Roaring Moon\n|-damage|p2a: Roaring Moon|33/100 par\n|move|p2a: Roaring Moon|Outrage|p1a: Chimecho\n|-damage|p1a: Chimecho|94/290\n|\n|-end|p2a: Roaring Moon|move: Heal Block\n|upkeep\n|turn|42\n|inactive|Time left: 300 sec this turn | 300 sec total\n|\n|t:|1783546708\n|move|p1a: Chimecho|Recover|p1a: Chimecho\n|-heal|p1a: Chimecho|239/290\n|move|p2a: Roaring Moon|Outrage|p1a: Chimecho|[from] lockedmove\n|-damage|p1a: Chimecho|64/290\n|\n|upkeep\n|turn|43\n|inactive|Time left: 300 sec this turn | 300 sec total\n|\n|t:|1783546709\n|move|p1a: Chimecho|Recover|p1a: Chimecho\n|-heal|p1a: Chimecho|209/290\n|move|p2a: Roaring Moon|Outrage|p1a: Chimecho|[from] lockedmove\n|-damage|p1a: Chimecho|13/290\n|-start|p2a: Roaring Moon|confusion|[fatigue]\n|\n|upkeep\n|turn|44\n|inactive|Time left: 300 sec this turn | 300 sec total\n|\n|t:|1783546710\n|move|p1a: Chimecho|Recover|p1a: Chimecho\n|-heal|p1a: Chimecho|158/290\n|-activate|p2a: Roaring Moon|confusion\n|-damage|p2a: Roaring Moon|14/100 par|[from] confusion\n|\n|upkeep\n|turn|45\n|inactive|Time left: 300 sec this turn | 300 sec total\n|\n|t:|1783546711\n|move|p1a: Chimecho|Psychic Noise|p2a: Roaring Moon\n|-resisted|p2a: Roaring Moon\n|-damage|p2a: Roaring Moon|0 fnt\n|faint|p2a: Roaring Moon\n|-end|p2a: Roaring Moon|Protosynthesis|[silent]\n|\n|upkeep\n|\n|t:|1783546713\n|switch|p2a: Tauros|Tauros-Paldea-Aqua, L81, M|5/100\n|-ability|p2a: Tauros|Intimidate|boost\n|-unboost|p1a: Chimecho|atk|1\n|turn|46\n|inactive|Time left: 300 sec this turn | 300 sec total\n|\n|t:|1783546714\n|move|p2a: Tauros|Liquidation|p1a: Chimecho\n|-damage|p1a: Chimecho|33/290\n|-unboost|p1a: Chimecho|def|1\n|-damage|p2a: Tauros|0 fnt|[from] item: Life Orb\n|faint|p2a: Tauros\n|move|p1a: Chimecho|Recover|p1a: Chimecho\n|-heal|p1a: Chimecho|178/290\n|\n|upkeep\n|\n|t:|1783546715\n|switch|p2a: Goodra|Goodra, L85, M|100/100\n|turn|47\n|inactive|Time left: 300 sec this turn | 300 sec total\n|\n|t:|1783546716\n|move|p2a: Goodra|Draco Meteor|p1a: Chimecho\n|-damage|p1a: Chimecho|28/290\n|-unboost|p2a: Goodra|spa|2\n|move|p1a: Chimecho|Thunder Wave|p2a: Goodra\n|-status|p2a: Goodra|par\n|\n|upkeep\n|turn|48\n|inactive|Time left: 300 sec this turn | 300 sec total\n|\n|t:|1783546717\n|move|p1a: Chimecho|Psychic Noise|p2a: Goodra\n|-damage|p2a: Goodra|86/100 par\n|-start|p2a: Goodra|move: Heal Block\n|cant|p2a: Goodra|par\n|\n|upkeep\n|turn|49\n|inactive|Time left: 300 sec this turn | 300 sec total\n|\n|t:|1783546718\n|move|p1a: Chimecho|Thunder Wave|p2a: Goodra\n|-fail|p2a: Goodra|par\n|move|p2a: Goodra|Draco Meteor|p1a: Chimecho\n|-damage|p1a: Chimecho|0 fnt\n|-unboost|p2a: Goodra|spa|2\n|faint|p1a: Chimecho\n|\n|win|p0y5909dea", "uploadtime": 1783546718, "views": 0, "rating": 0, "private": 0, "password": null, "_winner": "p0y5909dea", "_our_name": "p0x590e435"}