{"id": "battle-gen9randombattle-414", "formatid": "gen9randombattle", "format": "[Gen 9] Random Battle", "players": ["p0x4143491", "p0y414c1ce"], "log": "|init|battle\n|title|p0x4143491 vs. p0y414c1ce\n|j|\u2606p0x4143491\n|j|\u2606p0y414c1ce\n|t:|1783543856\n|gametype|singles\n|player|p1|p0x4143491|169|\n|player|p2|p0y414c1ce|102|\n|gen|9\n|tier|[Gen 9] Random Battle\n|rule|Species Clause: Limit one of each Pok\u00e9mon\n|rule|HP Percentage Mod: HP is shown in percentages\n|rule|Sleep Clause Mod: Limit one foe put to sleep\n|rule|Illusion Level Mod: Illusion disguises the Pok\u00e9mon's true level\n|\n|t:|1783543856\n|teamsize|p1|6\n|teamsize|p2|6\n|start\n|switch|p1a: Seviper|Seviper, L93, F|287/287\n|switch|p2a: Fezandipiti|Fezandipiti, L82, M|100/100\n|turn|1\n|inactive|Battle timer is ON: inactive players will automatically lose when time's up. (requested by p0x4143491)\n|\n|t:|1783543858\n|move|p1a: Seviper|Gunk Shot|p2a: Fezandipiti\n|-damage|p2a: Fezandipiti|44/100\n|move|p2a: Fezandipiti|Swords Dance|p2a: Fezandipiti\n|-boost|p2a: Fezandipiti|atk|2\n|\n|-heal|p2a: Fezandipiti|50/100|[from] item: Leftovers\n|upkeep\n|turn|2\n|inactive|Time left: 300 sec this turn | 300 sec total\n|inactive|p0y414c1ce also wants the timer to be on.\n|\n|t:|1783543859\n|-terastallize|p2a: Fezandipiti|Ground\n|move|p1a: Seviper|Gunk Shot|p2a: Fezandipiti\n|-resisted|p2a: Fezandipiti\n|-damage|p2a: Fezandipiti|21/100\n|-status|p2a: Fezandipiti|psn\n|move|p2a: Fezandipiti|Tera Blast|p1a: Seviper|[anim] Tera Blast Ground\n|-supereffective|p1a: Seviper\n|-damage|p1a: Seviper|0 fnt\n|faint|p1a: Seviper\n|\n|-heal|p2a: Fezandipiti|27/100 psn|[from] item: Leftovers\n|-damage|p2a: Fezandipiti|15/100 psn|[from] psn\n|upkeep\n|inactive|Time left: 300 sec this turn | 300 sec total | 5 sec grace\n|\n|t:|1783543861\n|switch|p1a: Delphox|Delphox, L84, F|263/263\n|turn|3\n|inactive|Time left: 300 sec this turn | 300 sec total\n|\n|t:|1783543862\n|move|p1a: Delphox|Psyshock|p2a: Fezandipiti\n|-damage|p2a: Fezandipiti|0 fnt\n|faint|p2a: Fezandipiti\n|\n|upkeep\n|\n|t:|1783543863\n|switch|p2a: Swampert|Swampert, L83, F|100/100\n|turn|4\n|inactive|Time left: 300 sec this turn | 300 sec total\n|\n|t:|1783543864\n|switch|p1a: Gumshoos|Gumshoos, L95, M|321/321\n|move|p2a: Swampert|Earthquake|p1a: Gumshoos\n|-damage|p1a: Gumshoos|177/321\n|\n|upkeep\n|turn|5\n|inactive|Time left: 300 sec this turn | 300 sec total\n|\n|t:|1783543865\n|move|p2a: Swampert|Knock Off|p1a: Gumshoos\n|-damage|p1a: Gumshoos|92/321\n|-enditem|p1a: Gumshoos|Choice Band|[from] move: Knock Off|[of] p2a: Swampert\n|move|p1a: Gumshoos|Knock Off|p2a: Swampert\n|-damage|p2a: Swampert|71/100\n|-enditem|p2a: Swampert|Assault Vest|[from] move: Knock Off|[of] p1a: Gumshoos\n|\n|upkeep\n|turn|6\n|inactive|Time left: 300 sec this turn | 300 sec total\n|\n|t:|1783543866\n|switch|p1a: Comfey|Comfey, L85, M|225/225\n|move|p2a: Swampert|Earthquake|p1a: Comfey\n|-damage|p1a: Comfey|114/225\n|\n|-heal|p1a: Comfey|128/225|[from] item: Leftovers\n|upkeep\n|turn|7\n|inactive|Time left: 300 sec this turn | 300 sec total\n|\n|t:|1783543867\n|move|p1a: Comfey|Giga Drain|p2a: Swampert\n|-supereffective|p2a: Swampert\n|-damage|p2a: Swampert|3/100\n|-heal|p1a: Comfey|225/225|[from] drain|[of] p2a: Swampert\n|move|p2a: Swampert|Earthquake|p1a: Comfey\n|-damage|p1a: Comfey|111/225\n|\n|-heal|p1a: Comfey|125/225|[from] item: Leftovers\n|upkeep\n|turn|8\n|inactive|Time left: 300 sec this turn | 300 sec total\n|\n|t:|1783543868\n|switch|p2a: Espathra|Espathra, L80, F|100/100\n|move|p1a: Comfey|Giga Drain|p2a: Espathra\n|-damage|p2a: Espathra|78/100\n|-heal|p1a: Comfey|157/225|[from] drain|[of] p2a: Espathra\n|\n|-heal|p1a: Comfey|171/225|[from] item: Leftovers\n|-heal|p2a: Espathra|84/100|[from] item: Leftovers\n|upkeep\n|turn|9\n|inactive|Time left: 300 sec this turn | 300 sec total\n|\n|t:|1783543869\n|switch|p1a: Kingambit|Kingambit, L74, M|270/270\n|-activate|p1a: Kingambit|ability: Supreme Overlord\n|-start|p1a: Kingambit|fallen1|[silent]\n|move|p2a: Espathra|Calm Mind|p2a: Espathra\n|-boost|p2a: Espathra|spa|1\n|-boost|p2a: Espathra|spd|1\n|\n|-heal|p2a: Espathra|90/100|[from] item: Leftovers\n|-ability|p2a: Espathra|Speed Boost|boost\n|-boost|p2a: Espathra|spe|1\n|upkeep\n|turn|10\n|inactive|Time left: 300 sec this turn | 300 sec total\n|\n|t:|1783543870\n|switch|p2a: Malamar|Malamar, L82, M|100/100\n|move|p1a: Kingambit|Kowtow Cleave|p2a: Malamar\n|-damage|p2a: Malamar|61/100\n|\n|-heal|p2a: Malamar|67/100|[from] item: Leftovers\n|upkeep\n|turn|11\n|inactive|Time left: 300 sec this turn | 300 sec total\n|\n|t:|1783543871\n|-end|p1a: Kingambit|fallen1|[silent]\n|switch|p1a: Delphox|Delphox, L84, F|263/263\n|move|p2a: Malamar|Superpower|p1a: Delphox\n|-resisted|p1a: Delphox\n|-damage|p1a: Delphox|222/263\n|-boost|p2a: Malamar|atk|1\n|-boost|p2a: Malamar|def|1\n|\n|-heal|p2a: Malamar|74/100|[from] item: Leftovers\n|upkeep\n|turn|12\n|inactive|Time left: 300 sec this turn | 300 sec total\n|\n|t:|1783543872\n|move|p1a: Delphox|Fire Blast|p2a: Malamar\n|-damage|p2a: Malamar|0 fnt\n|faint|p2a: Malamar\n|\n|upkeep\n|\n|t:|1783543873\n|switch|p2a: Phione|Phione, L91|100/100\n|turn|13\n|inactive|Time left: 300 sec this turn | 300 sec total\n|\n|t:|1783543874\n|move|p1a: Delphox|Fire Blast|p2a: Phione|[miss]\n|-miss|p1a: Delphox|p2a: Phione\n|move|p2a: Phione|Scald|p1a: Delphox\n|-supereffective|p1a: Delphox\n|-damage|p1a: Delphox|76/263\n|\n|upkeep\n|turn|14\n|inactive|Time left: 300 sec this turn | 300 sec total\n|\n|t:|1783543875\n|move|p1a: Delphox|Fire Blast|p2a: Phione\n|-resisted|p2a: Phione\n|-damage|p2a: Phione|49/100\n|move|p2a: Phione|Scald|p1a: Delphox\n|-supereffective|p1a: Delphox\n|-damage|p1a: Delphox|0 fnt\n|faint|p1a: Delphox\n|\n|-heal|p2a: Phione|55/100|[from] item: Leftovers\n|upkeep\n|inactive|Time left: 300 sec this turn | 300 sec total | 5 sec grace\n|\n|t:|1783543876\n|switch|p1a: Kingambit|Kingambit, L74, M|270/270\n|-activate|p1a: Kingambit|ability: Supreme Overlord\n|-start|p1a: Kingambit|fallen2|[silent]\n|turn|15\n|inactive|Time left: 300 sec this turn | 300 sec total\n|\n|t:|1783543877\n|move|p2a: Phione|Scald|p1a: Kingambit\n|-damage|p1a: Kingambit|164/270\n|-status|p1a: Kingambit|brn\n|move|p1a: Kingambit|Swords Dance|p1a: Kingambit\n|-boost|p1a: Kingambit|atk|2\n|\n|-heal|p2a: Phione|62/100|[from] item: Leftovers\n|-heal|p1a: Kingambit|180/270 brn|[from] item: Leftovers\n|-damage|p1a: Kingambit|164/270 brn|[from] brn\n|upkeep\n|turn|16\n|inactive|Time left: 300 sec this turn | 300 sec total\n|\n|t:|1783543878\n|move|p2a: Phione|Scald|p1a: Kingambit\n|-damage|p1a: Kingambit|70/270 brn\n|move|p1a: Kingambit|Kowtow Cleave|p2a: Phione\n|-damage|p2a: Phione|23/100\n|\n|-heal|p2a: Phione|29/100|[from] item: Leftovers\n|-heal|p1a: Kingambit|86/270 brn|[from] item: Leftovers\n|-damage|p1a: Kingambit|70/270 brn|[from] brn\n|upkeep\n|turn|17\n|inactive|Time left: 300 sec this turn | 300 sec total\n|\n|t:|1783543879\n|move|p1a: Kingambit|Sucker Punch|p2a: Phione\n|-damage|p2a: Phione|1/100\n|move|p2a: Phione|Scald|p1a: Kingambit\n|-damage|p1a: Kingambit|0 fnt\n|faint|p1a: Kingambit\n|-end|p1a: Kingambit|fallen2|[silent]\n|\n|-heal|p2a: Phione|7/100|[from] item: Leftovers\n|upkeep\n|inactive|Time left: 300 sec this turn | 300 sec total | 5 sec grace\n|\n|t:|1783543880\n|switch|p1a: Comfey|Comfey, L85, M|171/225\n|turn|18\n|inactive|Time left: 300 sec this turn | 300 sec total\n|\n|t:|1783543881\n|switch|p2a: Espathra|Espathra, L80, F|90/100\n|move|p1a: Comfey|Calm Mind|p1a: Comfey\n|-boost|p1a: Comfey|spa|1\n|-boost|p1a: Comfey|spd|1\n|\n|-heal|p1a: Comfey|185/225|[from] item: Leftovers\n|-heal|p2a: Espathra|96/100|[from] item: Leftovers\n|upkeep\n|turn|19\n|inactive|Time left: 300 sec this turn | 300 sec total\n|\n|t:|1783543882\n|move|p1a: Comfey|Calm Mind|p1a: Comfey\n|-boost|p1a: Comfey|spa|1\n|-boost|p1a: Comfey|spd|1\n|move|p2a: Espathra|Calm Mind|p2a: Espathra\n|-boost|p2a: Espathra|spa|1\n|-boost|p2a: Espathra|spd|1\n|\n|-heal|p1a: Comfey|199/225|[from] item: Leftovers\n|-heal|p2a: Espathra|100/100|[from] item: Leftovers\n|-ability|p2a: Espathra|Speed Boost|boost\n|-boost|p2a: Espathra|spe|1\n|upkeep\n|turn|20\n|inactive|Time left: 300 sec this turn | 300 sec total\n|\n|t:|1783543883\n|move|p2a: Espathra|Calm Mind|p2a: Espathra\n|-boost|p2a: Espathra|spa|1\n|-boost|p2a: Espathra|spd|1\n|move|p1a: Comfey|Calm Mind|p1a: Comfey\n|-boost|p1a: Comfey|spa|1\n|-boost|p1a: Comfey|spd|1\n|\n|-heal|p1a: Comfey|213/225|[from] item: Leftovers\n|-ability|p2a: Espathra|Speed Boost|boost\n|-boost|p2a: Espathra|spe|1\n|upkeep\n|turn|21\n|inactive|Time left: 300 sec this turn | 300 sec total\n|\n|t:|1783543884\n|move|p1a: Comfey|Giga Drain|p2a: Espathra\n|-damage|p2a: Espathra|69/100\n|-heal|p1a: Comfey|225/225|[from] drain|[of] p2a: Espathra\n|move|p2a: Espathra|Calm Mind|p2a: Espathra\n|-boost|p2a: Espathra|spa|1\n|-boost|p2a: Espathra|spd|1\n|\n|-heal|p2a: Espathra|75/100|[from] item: Leftovers\n|-ability|p2a: Espathra|Speed Boost|boost\n|-boost|p2a: Espathra|spe|1\n|upkeep\n|turn|22\n|inactive|Time left: 300 sec this turn | 300 sec total\n|\n|t:|1783543886\n|move|p1a: Comfey|Giga Drain|p2a: Espathra\n|-damage|p2a: Espathra|52/100\n|move|p2a: Espathra|Stored Power|p1a: Comfey\n|-damage|p1a: Comfey|69/225\n|\n|-heal|p2a: Espathra|58/100|[from] item: Leftovers\n|-heal|p1a: Comfey|83/225|[from] item: Leftovers\n|-ability|p2a: Espathra|Speed Boost|boost\n|-boost|p2a: Espathra|spe|1\n|upkeep\n|turn|23\n|inactive|Time left: 300 sec this turn | 300 sec total\n|\n|t:|1783543887\n|move|p1a: Comfey|Giga Drain|p2a: Espathra\n|-damage|p2a: Espathra|36/100\n|-heal|p1a: Comfey|115/225|[from] drain|[of] p2a: Espathra\n|move|p2a: Espathra|Stored Power|p1a: Comfey\n|-damage|p1a: Comfey|0 fnt\n|faint|p1a: Comfey\n|\n|-heal|p2a: Espathra|42/100|[from] item: Leftovers\n|-ability|p2a: Espathra|Speed Boost|boost\n|-boost|p2a: Espathra|spe|1\n|upkeep\n|inactive|Time left: 300 sec this turn | 300 sec total | 5 sec grace\n|\n|t:|1783543888\n|switch|p1a: Gumshoos|Gumshoos, L95, M|92/321\n|turn|24\n|inactive|Time left: 300 sec this turn | 300 sec total\n|\n|t:|1783543889\n|move|p2a: Espathra|Stored Power|p1a: Gumshoos\n|-damage|p1a: Gumshoos|0 fnt\n|faint|p1a: Gumshoos\n|\n|-heal|p2a: Espathra|48/100|[from] item: Leftovers\n|-ability|p2a: Espathra|Speed Boost|boost\n|-boost|p2a: Espathra|spe|1\n|upkeep\n|inactive|Time left: 300 sec this turn | 300 sec total | 5 sec grace\n|\n|t:|1783543889\n|switch|p1a: Terapagos|Terapagos, L77, F|265/265\n|-activate|p1a: Terapagos|ability: Tera Shift\n|detailschange|p1a: Terapagos|Terapagos-Terastal, L77, F\n|-heal|p1a: Terapagos|273/273|[silent]\n|turn|25\n|inactive|Time left: 300 sec this turn | 300 sec total\n|\n|t:|1783543890\n|move|p2a: Espathra|Stored Power|p1a: Terapagos\n|-activate|p1a: Terapagos|ability: Tera Shell\n|-resisted|p1a: Terapagos\n|-damage|p1a: Terapagos|0 fnt\n|faint|p1a: Terapagos\n|\n|win|p0y414c1ce", "uploadtime": 1783543890, "views": 0, "rating": 0, "private": 0, "password": null, "_winner": "p0y414c1ce", "_our_name": "p0x4143491"}