{"id": "battle-gen9randombattle-218", "formatid": "gen9randombattle", "format": "[Gen 9] Random Battle", "players": ["p0x218504a", "p0y218bd5e"], "log": "|init|battle\n|title|p0x218504a vs. p0y218bd5e\n|j|\u2606p0x218504a\n|j|\u2606p0y218bd5e\n|t:|1783541616\n|gametype|singles\n|player|p1|p0x218504a|265|\n|player|p2|p0y218bd5e|170|\n|gen|9\n|tier|[Gen 9] Random Battle\n|rule|Species Clause: Limit one of each Pok\u00e9mon\n|rule|HP Percentage Mod: HP is shown in percentages\n|rule|Sleep Clause Mod: Limit one foe put to sleep\n|rule|Illusion Level Mod: Illusion disguises the Pok\u00e9mon's true level\n|\n|t:|1783541616\n|teamsize|p1|6\n|teamsize|p2|6\n|start\n|switch|p1a: Noivern|Noivern, L82, M|100/100\n|switch|p2a: Cramorant|Cramorant, L86, M|261/261\n|turn|1\n|inactive|Battle timer is ON: inactive players will automatically lose when time's up. (requested by p0y218bd5e)\n|inactive|p0x218504a also wants the timer to be on.\n|\n|t:|1783541618\n|move|p1a: Noivern|Hurricane|p2a: Cramorant\n|-damage|p2a: Cramorant|153/261\n|move|p2a: Cramorant|Surf|p1a: Noivern\n|-formechange|p2a: Cramorant|Cramorant-Gulping|\n|-resisted|p1a: Noivern\n|-damage|p1a: Noivern|82/100\n|\n|upkeep\n|turn|2\n|inactive|Time left: 300 sec this turn | 300 sec total\n|\n|t:|1783541619\n|switch|p1a: Mabosstiff|Mabosstiff, L86, M|100/100\n|move|p2a: Cramorant|Brave Bird|p1a: Mabosstiff\n|-damage|p1a: Mabosstiff|58/100\n|-damage|p2a: Cramorant|114/261|[from] Recoil\n|\n|upkeep\n|turn|3\n|inactive|Time left: 300 sec this turn | 300 sec total\n|\n|t:|1783541620\n|move|p2a: Cramorant|Brave Bird|p1a: Mabosstiff\n|-damage|p1a: Mabosstiff|19/100\n|-damage|p2a: Cramorant|78/261|[from] Recoil\n|move|p1a: Mabosstiff|Crunch|p2a: Cramorant\n|-damage|p2a: Cramorant|0 fnt\n|-damage|p1a: Mabosstiff|0 fnt|[from] ability: Gulp Missile|[of] p2a: Cramorant\n|-formechange|p2a: Cramorant|Cramorant|\n|faint|p2a: Cramorant\n|faint|p1a: Mabosstiff\n|\n|upkeep\n|inactive|Time left: 300 sec this turn | 300 sec total | 5 sec grace\n|\n|t:|1783541622\n|switch|p1a: Typhlosion|Typhlosion, L84, F|100/100\n|switch|p2a: Kingambit|Kingambit, L74, M|270/270\n|-activate|p2a: Kingambit|ability: Supreme Overlord\n|-start|p2a: Kingambit|fallen1|[silent]\n|turn|4\n|inactive|Time left: 300 sec this turn | 300 sec total\n|\n|t:|1783541623\n|-end|p2a: Kingambit|fallen1|[silent]\n|switch|p2a: Tentacruel|Tentacruel, L84, F|272/272\n|move|p1a: Typhlosion|Eruption|p2a: Tentacruel\n|-resisted|p2a: Tentacruel\n|-damage|p2a: Tentacruel|179/272\n|\n|-heal|p2a: Tentacruel|196/272|[from] item: Leftovers\n|upkeep\n|turn|5\n|inactive|Time left: 300 sec this turn | 300 sec total\n|\n|t:|1783541624\n|move|p2a: Tentacruel|Surf|p1a: Typhlosion\n|-supereffective|p1a: Typhlosion\n|-damage|p1a: Typhlosion|37/100\n|move|p1a: Typhlosion|Eruption|p2a: Tentacruel\n|-resisted|p2a: Tentacruel\n|-damage|p2a: Tentacruel|163/272\n|\n|-heal|p2a: Tentacruel|180/272|[from] item: Leftovers\n|upkeep\n|turn|6\n|inactive|Time left: 300 sec this turn | 300 sec total\n|\n|t:|1783541625\n|switch|p1a: Forretress|Forretress, L84, F|100/100\n|move|p2a: Tentacruel|Toxic|p1a: Forretress\n|-immune|p1a: Forretress\n|\n|-heal|p2a: Tentacruel|197/272|[from] item: Leftovers\n|upkeep\n|turn|7\n|inactive|Time left: 300 sec this turn | 300 sec total\n|\n|t:|1783541626\n|move|p2a: Tentacruel|Surf|p1a: Forretress\n|-damage|p1a: Forretress|58/100\n|move|p1a: Forretress|Stealth Rock|p2a: Tentacruel\n|-sidestart|p2: p0y218bd5e|move: Stealth Rock\n|\n|-heal|p2a: Tentacruel|214/272|[from] item: Leftovers\n|-heal|p1a: Forretress|64/100|[from] item: Leftovers\n|upkeep\n|turn|8\n|inactive|Time left: 300 sec this turn | 300 sec total\n|\n|t:|1783541627\n|move|p2a: Tentacruel|Surf|p1a: Forretress\n|-damage|p1a: Forretress|20/100\n|move|p1a: Forretress|Body Press|p2a: Tentacruel\n|-resisted|p2a: Tentacruel\n|-damage|p2a: Tentacruel|168/272\n|\n|-heal|p2a: Tentacruel|185/272|[from] item: Leftovers\n|-heal|p1a: Forretress|26/100|[from] item: Leftovers\n|upkeep\n|turn|9\n|inactive|Time left: 300 sec this turn | 300 sec total\n|\n|t:|1783541628\n|switch|p1a: Heatran|Heatran, L79, F|100/100\n|move|p2a: Tentacruel|Surf|p1a: Heatran\n|-supereffective|p1a: Heatran\n|-damage|p1a: Heatran|60/100\n|\n|-heal|p2a: Tentacruel|202/272|[from] item: Leftovers\n|upkeep\n|turn|10\n|inactive|Time left: 300 sec this turn | 300 sec total\n|\n|t:|1783541629\n|move|p2a: Tentacruel|Surf|p1a: Heatran\n|-supereffective|p1a: Heatran\n|-damage|p1a: Heatran|23/100\n|move|p1a: Heatran|Earth Power|p2a: Tentacruel\n|-supereffective|p2a: Tentacruel\n|-damage|p2a: Tentacruel|90/272\n|\n|-heal|p2a: Tentacruel|107/272|[from] item: Leftovers\n|upkeep\n|turn|11\n|inactive|Time left: 300 sec this turn | 300 sec total\n|\n|t:|1783541630\n|switch|p1a: Flutter Mane|Flutter Mane, L74|100/100\n|move|p2a: Tentacruel|Surf|p1a: Flutter Mane\n|-damage|p1a: Flutter Mane|69/100\n|\n|-heal|p2a: Tentacruel|124/272|[from] item: Leftovers\n|upkeep\n|turn|12\n|inactive|Time left: 300 sec this turn | 300 sec total\n|\n|t:|1783541631\n|move|p1a: Flutter Mane|Thunderbolt|p2a: Tentacruel\n|-supereffective|p2a: Tentacruel\n|-crit|p2a: Tentacruel\n|-damage|p2a: Tentacruel|0 fnt\n|faint|p2a: Tentacruel\n|-damage|p1a: Flutter Mane|60/100|[from] item: Life Orb\n|\n|upkeep\n|inactive|Time left: 300 sec this turn | 300 sec total | 5 sec grace\n|\n|t:|1783541632\n|switch|p2a: Kingambit|Kingambit, L74, M|270/270\n|-damage|p2a: Kingambit|254/270|[from] Stealth Rock\n|-activate|p2a: Kingambit|ability: Supreme Overlord\n|-start|p2a: Kingambit|fallen2|[silent]\n|turn|13\n|inactive|Time left: 300 sec this turn | 300 sec total\n|\n|t:|1783541634\n|-end|p1a: Flutter Mane|Protosynthesis|[silent]\n|switch|p1a: Heatran|Heatran, L79, F|23/100\n|move|p2a: Kingambit|Kowtow Cleave|p1a: Heatran\n|-damage|p1a: Heatran|0 fnt\n|faint|p1a: Heatran\n|\n|-heal|p2a: Kingambit|270/270|[from] item: Leftovers\n|upkeep\n|\n|t:|1783541635\n|switch|p1a: Typhlosion|Typhlosion, L84, F|37/100\n|turn|14\n|inactive|Time left: 300 sec this turn | 300 sec total\n|\n|t:|1783541636\n|move|p2a: Kingambit|Sucker Punch|p1a: Typhlosion\n|-damage|p1a: Typhlosion|3/100\n|move|p1a: Typhlosion|Fire Blast|p2a: Kingambit\n|-supereffective|p2a: Kingambit\n|-damage|p2a: Kingambit|0 fnt\n|faint|p2a: Kingambit\n|-end|p2a: Kingambit|fallen2|[silent]\n|\n|upkeep\n|inactive|Time left: 300 sec this turn | 300 sec total | 5 sec grace\n|\n|t:|1783541637\n|switch|p2a: Scizor|Scizor, L79, M|240/240\n|-damage|p2a: Scizor|210/240|[from] Stealth Rock\n|turn|15\n|inactive|Time left: 300 sec this turn | 300 sec total\n|\n|t:|1783541638\n|move|p2a: Scizor|Bullet Punch|p1a: Typhlosion\n|-resisted|p1a: Typhlosion\n|-damage|p1a: Typhlosion|0 fnt\n|faint|p1a: Typhlosion\n|\n|upkeep\n|\n|t:|1783541639\n|switch|p1a: Noivern|Noivern, L82, M|82/100\n|turn|16\n|inactive|Time left: 300 sec this turn | 300 sec total\n|\n|t:|1783541640\n|move|p2a: Scizor|Bullet Punch|p1a: Noivern\n|-damage|p1a: Noivern|40/100\n|move|p1a: Noivern|Flamethrower|p2a: Scizor\n|-supereffective|p2a: Scizor\n|-damage|p2a: Scizor|0 fnt\n|faint|p2a: Scizor\n|\n|upkeep\n|inactive|Time left: 300 sec this turn | 300 sec total | 5 sec grace\n|\n|t:|1783541640\n|switch|p2a: Donphan|Donphan, L84, M|288/288\n|-damage|p2a: Donphan|270/288|[from] Stealth Rock\n|turn|17\n|inactive|Time left: 300 sec this turn | 300 sec total\n|\n|t:|1783541641\n|move|p1a: Noivern|Hurricane|p2a: Donphan\n|-damage|p2a: Donphan|137/288\n|move|p2a: Donphan|Ice Spinner|p1a: Noivern\n|-supereffective|p1a: Noivern\n|-damage|p1a: Noivern|0 fnt\n|faint|p1a: Noivern\n|\n|upkeep\n|\n|t:|1783541643\n|switch|p1a: Flutter Mane|Flutter Mane, L74|60/100\n|turn|18\n|inactive|Time left: 300 sec this turn | 300 sec total\n|\n|t:|1783541644\n|move|p1a: Flutter Mane|Shadow Ball|p2a: Donphan\n|-damage|p2a: Donphan|0 fnt\n|faint|p2a: Donphan\n|-damage|p1a: Flutter Mane|50/100|[from] item: Life Orb\n|\n|upkeep\n|inactive|Time left: 300 sec this turn | 300 sec total | 5 sec grace\n|\n|t:|1783541645\n|switch|p2a: Whimsicott|Whimsicott, L84, M|238/238\n|-damage|p2a: Whimsicott|209/238|[from] Stealth Rock\n|turn|19\n|inactive|Time left: 300 sec this turn | 300 sec total\n|\n|t:|1783541646\n|move|p2a: Whimsicott|Moonblast|p1a: Flutter Mane\n|-damage|p1a: Flutter Mane|16/100\n|move|p1a: Flutter Mane|Shadow Ball|p2a: Whimsicott\n|-damage|p2a: Whimsicott|91/238\n|-damage|p1a: Flutter Mane|6/100|[from] item: Life Orb\n|\n|-heal|p2a: Whimsicott|105/238|[from] item: Leftovers\n|upkeep\n|turn|20\n|inactive|Time left: 300 sec this turn | 300 sec total\n|\n|t:|1783541647\n|-terastallize|p1a: Flutter Mane|Electric\n|move|p2a: Whimsicott|Substitute|p2a: Whimsicott\n|-start|p2a: Whimsicott|Substitute\n|-damage|p2a: Whimsicott|46/238\n|move|p1a: Flutter Mane|Shadow Ball|p2a: Whimsicott\n|-end|p2a: Whimsicott|Substitute\n|-damage|p1a: Flutter Mane|0 fnt|[from] item: Life Orb\n|faint|p1a: Flutter Mane\n|-end|p1a: Flutter Mane|Protosynthesis|[silent]\n|\n|-heal|p2a: Whimsicott|60/238|[from] item: Leftovers\n|upkeep\n|\n|t:|1783541648\n|switch|p1a: Forretress|Forretress, L84, F|26/100\n|turn|21\n|inactive|Time left: 300 sec this turn | 300 sec total\n|\n|t:|1783541649\n|-terastallize|p2a: Whimsicott|Steel\n|move|p2a: Whimsicott|Moonblast|p1a: Forretress\n|-resisted|p1a: Forretress\n|-damage|p1a: Forretress|6/100\n|-unboost|p1a: Forretress|spa|1\n|move|p1a: Forretress|Iron Head|p2a: Whimsicott\n|-resisted|p2a: Whimsicott\n|-damage|p2a: Whimsicott|17/238\n|\n|-heal|p2a: Whimsicott|31/238|[from] item: Leftovers\n|-heal|p1a: Forretress|12/100|[from] item: Leftovers\n|upkeep\n|turn|22\n|inactive|Time left: 300 sec this turn | 300 sec total\n|\n|t:|1783541650\n|move|p2a: Whimsicott|Moonblast|p1a: Forretress\n|-resisted|p1a: Forretress\n|-damage|p1a: Forretress|0 fnt\n|faint|p1a: Forretress\n|\n|win|p0y218bd5e", "uploadtime": 1783541650, "views": 0, "rating": 0, "private": 0, "password": null, "_winner": "p0y218bd5e", "_our_name": "p0y218bd5e"}