{"id": "battle-gen9randombattle-2199", "formatid": "gen9randombattle", "format": "[Gen 9] Random Battle", "players": ["p0x2199837c", "p0y2199d24b"], "log": "|init|battle\n|title|p0x2199837c vs. p0y2199d24b\n|j|\u2606p0x2199837c\n|j|\u2606p0y2199d24b\n|t:|1783564578\n|gametype|singles\n|player|p1|p0x2199837c|2|\n|player|p2|p0y2199d24b|170|\n|gen|9\n|tier|[Gen 9] Random Battle\n|rule|Species Clause: Limit one of each Pok\u00e9mon\n|rule|HP Percentage Mod: HP is shown in percentages\n|rule|Sleep Clause Mod: Limit one foe put to sleep\n|rule|Illusion Level Mod: Illusion disguises the Pok\u00e9mon's true level\n|\n|t:|1783564578\n|teamsize|p1|6\n|teamsize|p2|6\n|start\n|switch|p1a: Scyther|Scyther, L82, F|249/249\n|switch|p2a: Crawdaunt|Crawdaunt, L84, F|100/100\n|turn|1\n|inactive|Battle timer is ON: inactive players will automatically lose when time's up. (requested by p0y2199d24b)\n|inactive|Time left: 300 sec this turn | 300 sec total | 60 sec grace\n|\n|t:|1783564579\n|move|p1a: Scyther|U-turn|p2a: Crawdaunt\n|-supereffective|p2a: Crawdaunt\n|-damage|p2a: Crawdaunt|38/100\n|inactive|Time left: 300 sec this turn | 300 sec total | 65 sec grace\n|inactive|p0x2199837c also wants the timer to be on.\n|\n|t:|1783564580\n|switch|p1a: Weezing|Weezing-Galar, L86, M|252/252|[from] U-turn\n|move|p2a: Crawdaunt|Knock Off|p1a: Weezing\n|-resisted|p1a: Weezing\n|-damage|p1a: Weezing|164/252\n|-enditem|p1a: Weezing|Leftovers|[from] move: Knock Off|[of] p2a: Crawdaunt\n|-damage|p2a: Crawdaunt|28/100|[from] item: Life Orb\n|\n|upkeep\n|turn|2\n|inactive|Time left: 300 sec this turn | 300 sec total\n|\n|t:|1783564581\n|switch|p2a: Tyranitar|Tyranitar, L78, F|100/100\n|-weather|Sandstorm|[from] ability: Sand Stream|[of] p2a: Tyranitar\n|move|p1a: Weezing|Strange Steam|p2a: Tyranitar\n|-supereffective|p2a: Tyranitar\n|-damage|p2a: Tyranitar|62/100\n|-start|p2a: Tyranitar|confusion\n|-enditem|p2a: Tyranitar|Weakness Policy\n|-boost|p2a: Tyranitar|atk|2|[from] item: Weakness Policy\n|-boost|p2a: Tyranitar|spa|2|[from] item: Weakness Policy\n|\n|-weather|Sandstorm|[upkeep]\n|-damage|p1a: Weezing|149/252|[from] Sandstorm\n|upkeep\n|turn|3\n|inactive|Time left: 300 sec this turn | 300 sec total\n|\n|t:|1783564582\n|move|p1a: Weezing|Strange Steam|p2a: Tyranitar\n|-supereffective|p2a: Tyranitar\n|-damage|p2a: Tyranitar|24/100\n|-activate|p2a: Tyranitar|confusion\n|-damage|p2a: Tyranitar|3/100|[from] confusion\n|\n|-weather|Sandstorm|[upkeep]\n|-damage|p1a: Weezing|134/252|[from] Sandstorm\n|upkeep\n|turn|4\n|inactive|Time left: 300 sec this turn | 300 sec total\n|\n|t:|1783564583\n|move|p1a: Weezing|Will-O-Wisp|p2a: Tyranitar\n|-status|p2a: Tyranitar|brn\n|-activate|p2a: Tyranitar|confusion\n|move|p2a: Tyranitar|Ice Punch|p1a: Weezing\n|-damage|p1a: Weezing|88/252\n|\n|-weather|Sandstorm|[upkeep]\n|-damage|p1a: Weezing|73/252|[from] Sandstorm\n|-damage|p2a: Tyranitar|0 fnt|[from] brn\n|faint|p2a: Tyranitar\n|upkeep\n|\n|t:|1783564584\n|switch|p2a: Scovillain|Scovillain, L91, M|100/100\n|turn|5\n|inactive|Time left: 300 sec this turn | 300 sec total\n|\n|t:|1783564585\n|move|p2a: Scovillain|Fire Blast|p1a: Weezing\n|-damage|p1a: Weezing|0 fnt\n|faint|p1a: Weezing\n|\n|-weather|Sandstorm|[upkeep]\n|-damage|p2a: Scovillain|94/100|[from] Sandstorm\n|upkeep\n|inactive|Time left: 300 sec this turn | 300 sec total | 5 sec grace\n|\n|t:|1783564586\n|switch|p1a: Scyther|Scyther, L82, F|249/249\n|turn|6\n|inactive|Time left: 300 sec this turn | 300 sec total\n|\n|t:|1783564587\n|-terastallize|p2a: Scovillain|Fire\n|move|p1a: Scyther|Dual Wingbeat|p2a: Scovillain\n|-damage|p2a: Scovillain|67/100\n|-damage|p2a: Scovillain|40/100\n|-hitcount|p2a: Scovillain|2\n|move|p2a: Scovillain|Fire Blast|p1a: Scyther\n|-supereffective|p1a: Scyther\n|-damage|p1a: Scyther|0 fnt\n|faint|p1a: Scyther\n|\n|-weather|none\n|upkeep\n|inactive|Time left: 300 sec this turn | 300 sec total | 5 sec grace\n|\n|t:|1783564588\n|switch|p1a: Spiritomb|Spiritomb, L89, M|234/234\n|turn|7\n|inactive|Time left: 300 sec this turn | 300 sec total\n|\n|t:|1783564589\n|move|p2a: Scovillain|Fire Blast|p1a: Spiritomb\n|-damage|p1a: Spiritomb|62/234\n|move|p1a: Spiritomb|Poltergeist|p2a: Scovillain|[miss]\n|-miss|p1a: Spiritomb|p2a: Scovillain\n|\n|-heal|p1a: Spiritomb|76/234|[from] item: Leftovers\n|upkeep\n|turn|8\n|inactive|Time left: 300 sec this turn | 300 sec total\n|\n|t:|1783564590\n|move|p2a: Scovillain|Energy Ball|p1a: Spiritomb\n|-damage|p1a: Spiritomb|0 fnt\n|faint|p1a: Spiritomb\n|\n|upkeep\n|inactive|Time left: 300 sec this turn | 300 sec total | 5 sec grace\n|\n|t:|1783564591\n|switch|p1a: Great Tusk|Great Tusk, L77|304/304\n|turn|9\n|inactive|Time left: 300 sec this turn | 300 sec total\n|\n|t:|1783564592\n|move|p2a: Scovillain|Fire Blast|p1a: Great Tusk\n|-damage|p1a: Great Tusk|0 fnt\n|faint|p1a: Great Tusk\n|-end|p1a: Great Tusk|Protosynthesis|[silent]\n|\n|upkeep\n|inactive|Time left: 300 sec this turn | 300 sec total | 5 sec grace\n|\n|t:|1783564593\n|switch|p1a: Stonjourner|Stonjourner, L91, M|330/330\n|turn|10\n|inactive|Time left: 300 sec this turn | 300 sec total\n|\n|t:|1783564594\n|move|p2a: Scovillain|Energy Ball|p1a: Stonjourner\n|-supereffective|p1a: Stonjourner\n|-damage|p1a: Stonjourner|0 fnt\n|faint|p1a: Stonjourner\n|\n|upkeep\n|inactive|Time left: 300 sec this turn | 300 sec total | 5 sec grace\n|\n|t:|1783564595\n|switch|p1a: Drednaw|Drednaw, L81, F|278/278\n|turn|11\n|inactive|Time left: 300 sec this turn | 300 sec total\n|\n|t:|1783564596\n|move|p2a: Scovillain|Energy Ball|p1a: Drednaw\n|-supereffective|p1a: Drednaw\n|-damage|p1a: Drednaw|0 fnt\n|faint|p1a: Drednaw\n|\n|win|p0y2199d24b", "uploadtime": 1783564596, "views": 0, "rating": 0, "private": 0, "password": null, "_winner": "p0y2199d24b", "_our_name": "p0x2199837c"}