{"id": "battle-gen9randombattle-2909", "formatid": "gen9randombattle", "format": "[Gen 9] Random Battle", "players": ["p0x29098b00", "p0y29096d5e"], "log": "|init|battle\n|title|p0x29098b00 vs. p0y29096d5e\n|j|\u2606p0x29098b00\n|j|\u2606p0y29096d5e\n|t:|1783573495\n|gametype|singles\n|player|p1|p0x29098b00|169|\n|player|p2|p0y29096d5e|2|\n|gen|9\n|tier|[Gen 9] Random Battle\n|rule|Species Clause: Limit one of each Pok\u00e9mon\n|rule|HP Percentage Mod: HP is shown in percentages\n|rule|Sleep Clause Mod: Limit one foe put to sleep\n|rule|Illusion Level Mod: Illusion disguises the Pok\u00e9mon's true level\n|\n|t:|1783573495\n|teamsize|p1|6\n|teamsize|p2|6\n|start\n|switch|p1a: Noivern|Noivern, L82, F|274/274\n|switch|p2a: Gardevoir|Gardevoir, L83, F|100/100\n|-ability|p2a: Gardevoir|Infiltrator|Trace|[from] ability: Trace|[of] p1a: Noivern\n|turn|1\n|inactive|Battle timer is ON: inactive players will automatically lose when time's up. (requested by p0y29096d5e)\n|inactive|Time left: 300 sec this turn | 300 sec total | 60 sec grace\n|inactive|p0x29098b00 also wants the timer to be on.\n|\n|t:|1783573496\n|switch|p1a: Tyranitar|Tyranitar, L78, M|284/284\n|-weather|Sandstorm|[from] ability: Sand Stream|[of] p1a: Tyranitar\n|move|p2a: Gardevoir|Moonblast|p1a: Tyranitar\n|-supereffective|p1a: Tyranitar\n|-damage|p1a: Tyranitar|128/284\n|-unboost|p1a: Tyranitar|spa|1\n|\n|-weather|Sandstorm|[upkeep]\n|-damage|p2a: Gardevoir|94/100|[from] Sandstorm\n|upkeep\n|turn|2\n|inactive|Time left: 300 sec this turn | 300 sec total\n|\n|t:|1783573498\n|move|p2a: Gardevoir|Moonblast|p1a: Tyranitar\n|-supereffective|p1a: Tyranitar\n|-damage|p1a: Tyranitar|0 fnt\n|faint|p1a: Tyranitar\n|\n|-weather|Sandstorm|[upkeep]\n|-damage|p2a: Gardevoir|88/100|[from] Sandstorm\n|upkeep\n|inactive|Time left: 300 sec this turn | 300 sec total | 5 sec grace\n|\n|t:|1783573498\n|switch|p1a: Meganium|Meganium, L90, F|290/290\n|turn|3\n|inactive|Time left: 300 sec this turn | 300 sec total\n|\n|t:|1783573499\n|move|p1a: Meganium|Energy Ball|p2a: Gardevoir\n|-damage|p2a: Gardevoir|54/100\n|-unboost|p2a: Gardevoir|spd|1\n|move|p2a: Gardevoir|Moonblast|p1a: Meganium\n|-damage|p1a: Meganium|145/290\n|\n|-weather|Sandstorm|[upkeep]\n|-damage|p1a: Meganium|127/290|[from] Sandstorm\n|-damage|p2a: Gardevoir|47/100|[from] Sandstorm\n|-heal|p1a: Meganium|145/290|[from] item: Leftovers\n|upkeep\n|turn|4\n|inactive|Time left: 300 sec this turn | 300 sec total\n|\n|t:|1783573501\n|switch|p2a: Yanmega|Yanmega, L82, M|100/100\n|move|p1a: Meganium|Energy Ball|p2a: Yanmega\n|-resisted|p2a: Yanmega\n|-damage|p2a: Yanmega|87/100\n|\n|-weather|Sandstorm|[upkeep]\n|-damage|p2a: Yanmega|81/100|[from] Sandstorm\n|-damage|p1a: Meganium|127/290|[from] Sandstorm\n|-heal|p1a: Meganium|145/290|[from] item: Leftovers\n|upkeep\n|turn|5\n|inactive|Time left: 300 sec this turn | 300 sec total\n|\n|t:|1783573502\n|move|p2a: Yanmega|Bug Buzz|p1a: Meganium\n|-supereffective|p1a: Meganium\n|-damage|p1a: Meganium|0 fnt\n|faint|p1a: Meganium\n|\n|-weather|none\n|-ability|p2a: Yanmega|Speed Boost|boost\n|-boost|p2a: Yanmega|spe|1\n|upkeep\n|inactive|Time left: 300 sec this turn | 300 sec total | 5 sec grace\n|\n|t:|1783573503\n|switch|p1a: Noivern|Noivern, L82, F|274/274\n|turn|6\n|inactive|Time left: 300 sec this turn | 300 sec total\n|\n|t:|1783573504\n|move|p2a: Yanmega|Air Slash|p1a: Noivern\n|-damage|p1a: Noivern|178/274\n|move|p1a: Noivern|Hurricane|p2a: Yanmega\n|-supereffective|p2a: Yanmega\n|-damage|p2a: Yanmega|0 fnt\n|faint|p2a: Yanmega\n|\n|upkeep\n|\n|t:|1783573505\n|switch|p2a: Espathra|Espathra, L80, F|100/100\n|turn|7\n|inactive|Time left: 300 sec this turn | 300 sec total\n|\n|t:|1783573506\n|move|p1a: Noivern|Hurricane|p2a: Espathra\n|-damage|p2a: Espathra|45/100\n|-start|p2a: Espathra|confusion\n|-activate|p2a: Espathra|confusion\n|-damage|p2a: Espathra|36/100|[from] confusion\n|\n|-ability|p2a: Espathra|Speed Boost|boost\n|-boost|p2a: Espathra|spe|1\n|upkeep\n|turn|8\n|inactive|Time left: 300 sec this turn | 300 sec total\n|\n|t:|1783573508\n|-activate|p2a: Espathra|confusion\n|-damage|p2a: Espathra|26/100|[from] confusion\n|move|p1a: Noivern|Hurricane|p2a: Espathra\n|-damage|p2a: Espathra|0 fnt\n|faint|p2a: Espathra\n|\n|upkeep\n|\n|t:|1783573509\n|switch|p2a: Gardevoir|Gardevoir, L83, F|47/100\n|-ability|p2a: Gardevoir|Infiltrator|Trace|[from] ability: Trace|[of] p1a: Noivern\n|turn|9\n|inactive|Time left: 300 sec this turn | 300 sec total\n|\n|t:|1783573510\n|switch|p1a: Arboliva|Arboliva, L91, F|288/288\n|move|p2a: Gardevoir|Psychic|p1a: Arboliva\n|-damage|p1a: Arboliva|150/288\n|\n|upkeep\n|turn|10\n|inactive|Time left: 300 sec this turn | 300 sec total\n|\n|t:|1783573511\n|move|p2a: Gardevoir|Psychic|p1a: Arboliva\n|-damage|p1a: Arboliva|6/288\n|-enditem|p1a: Arboliva|Sitrus Berry|[eat]\n|-heal|p1a: Arboliva|78/288|[from] item: Sitrus Berry\n|move|p1a: Arboliva|Hyper Voice|p2a: Gardevoir\n|-damage|p2a: Gardevoir|4/100\n|\n|-item|p1a: Arboliva|Sitrus Berry|[from] ability: Harvest\n|upkeep\n|-enditem|p1a: Arboliva|Sitrus Berry|[eat]\n|-heal|p1a: Arboliva|150/288|[from] item: Sitrus Berry\n|turn|11\n|inactive|Time left: 300 sec this turn | 300 sec total\n|\n|t:|1783573513\n|move|p2a: Gardevoir|Psychic|p1a: Arboliva\n|-damage|p1a: Arboliva|26/288\n|move|p1a: Arboliva|Hyper Voice|p2a: Gardevoir\n|-damage|p2a: Gardevoir|0 fnt\n|faint|p2a: Gardevoir\n|\n|-item|p1a: Arboliva|Sitrus Berry|[from] ability: Harvest\n|upkeep\n|-enditem|p1a: Arboliva|Sitrus Berry|[eat]\n|-heal|p1a: Arboliva|98/288|[from] item: Sitrus Berry\n|\n|t:|1783573514\n|switch|p2a: Dialga|Dialga, L73|100/100\n|-ability|p2a: Dialga|Pressure\n|turn|12\n|inactive|Time left: 300 sec this turn | 300 sec total\n|\n|t:|1783573515\n|move|p1a: Arboliva|Protect|p1a: Arboliva\n|-singleturn|p1a: Arboliva|Protect\n|move|p2a: Dialga|Fire Blast|p1a: Arboliva\n|-activate|p1a: Arboliva|move: Protect\n|\n|-item|p1a: Arboliva|Sitrus Berry|[from] ability: Harvest\n|upkeep\n|-enditem|p1a: Arboliva|Sitrus Berry|[eat]\n|-heal|p1a: Arboliva|170/288|[from] item: Sitrus Berry\n|turn|13\n|inactive|Time left: 300 sec this turn | 300 sec total\n|\n|t:|1783573516\n|move|p2a: Dialga|Fire Blast|p1a: Arboliva\n|-supereffective|p1a: Arboliva\n|-damage|p1a: Arboliva|24/288\n|move|p1a: Arboliva|Leech Seed|p2a: Dialga\n|-start|p2a: Dialga|move: Leech Seed\n|\n|-damage|p2a: Dialga|88/100|[from] Leech Seed|[of] p1a: Arboliva\n|-heal|p1a: Arboliva|57/288|[silent]\n|-item|p1a: Arboliva|Sitrus Berry|[from] ability: Harvest\n|upkeep\n|-enditem|p1a: Arboliva|Sitrus Berry|[eat]\n|-heal|p1a: Arboliva|129/288|[from] item: Sitrus Berry\n|turn|14\n|inactive|Time left: 300 sec this turn | 300 sec total\n|\n|t:|1783573517\n|switch|p2a: Sudowoodo|Sudowoodo, L94, F|100/100\n|move|p1a: Arboliva|Leech Seed|p2a: Sudowoodo\n|-start|p2a: Sudowoodo|move: Leech Seed\n|\n|-damage|p2a: Sudowoodo|88/100|[from] Leech Seed|[of] p1a: Arboliva\n|-heal|p1a: Arboliva|164/288|[silent]\n|-item|p1a: Arboliva|Sitrus Berry|[from] ability: Harvest\n|upkeep\n|turn|15\n|inactive|Time left: 300 sec this turn | 300 sec total\n|\n|t:|1783573518\n|switch|p2a: Dialga|Dialga, L73|88/100\n|-ability|p2a: Dialga|Pressure\n|move|p1a: Arboliva|Substitute|p1a: Arboliva\n|-start|p1a: Arboliva|Substitute\n|-damage|p1a: Arboliva|92/288\n|-enditem|p1a: Arboliva|Sitrus Berry|[eat]\n|-heal|p1a: Arboliva|164/288|[from] item: Sitrus Berry\n|\n|-heal|p2a: Dialga|94/100|[from] item: Leftovers\n|upkeep\n|turn|16\n|inactive|Time left: 300 sec this turn | 300 sec total\n|\n|t:|1783573519\n|move|p2a: Dialga|Heavy Slam|p1a: Arboliva\n|-end|p1a: Arboliva|Substitute\n|move|p1a: Arboliva|Leech Seed|p2a: Dialga\n|-start|p2a: Dialga|move: Leech Seed\n|\n|-heal|p2a: Dialga|99/100|[from] item: Leftovers\n|-damage|p2a: Dialga|88/100|[from] Leech Seed|[of] p1a: Arboliva\n|-heal|p1a: Arboliva|197/288|[silent]\n|-item|p1a: Arboliva|Sitrus Berry|[from] ability: Harvest\n|upkeep\n|turn|17\n|inactive|Time left: 300 sec this turn | 300 sec total\n|\n|t:|1783573520\n|switch|p2a: Sudowoodo|Sudowoodo, L94, F|88/100\n|move|p1a: Arboliva|Hyper Voice|p2a: Sudowoodo\n|-resisted|p2a: Sudowoodo\n|-damage|p2a: Sudowoodo|63/100\n|\n|-heal|p2a: Sudowoodo|69/100|[from] item: Leftovers\n|upkeep\n|turn|18\n|inactive|Time left: 300 sec this turn | 300 sec total\n|\n|t:|1783573521\n|move|p1a: Arboliva|Leech Seed|p2a: Sudowoodo\n|-start|p2a: Sudowoodo|move: Leech Seed\n|move|p2a: Sudowoodo|Head Smash|p1a: Arboliva\n|-damage|p1a: Arboliva|14/288\n|-enditem|p1a: Arboliva|Sitrus Berry|[eat]\n|-heal|p1a: Arboliva|86/288|[from] item: Sitrus Berry\n|\n|-heal|p2a: Sudowoodo|75/100|[from] item: Leftovers\n|-damage|p2a: Sudowoodo|63/100|[from] Leech Seed|[of] p1a: Arboliva\n|-heal|p1a: Arboliva|121/288|[silent]\n|-item|p1a: Arboliva|Sitrus Berry|[from] ability: Harvest\n|upkeep\n|-enditem|p1a: Arboliva|Sitrus Berry|[eat]\n|-heal|p1a: Arboliva|193/288|[from] item: Sitrus Berry\n|turn|19\n|inactive|Time left: 300 sec this turn | 300 sec total\n|\n|t:|1783573522\n|move|p1a: Arboliva|Hyper Voice|p2a: Sudowoodo\n|-resisted|p2a: Sudowoodo\n|-damage|p2a: Sudowoodo|36/100\n|move|p2a: Sudowoodo|Head Smash|p1a: Arboliva|[miss]\n|-miss|p2a: Sudowoodo|p1a: Arboliva\n|\n|-heal|p2a: Sudowoodo|42/100|[from] item: Leftovers\n|-damage|p2a: Sudowoodo|30/100|[from] Leech Seed|[of] p1a: Arboliva\n|-heal|p1a: Arboliva|228/288|[silent]\n|upkeep\n|turn|20\n|inactive|Time left: 300 sec this turn | 300 sec total\n|\n|t:|1783573523\n|switch|p2a: Dialga|Dialga, L73|88/100\n|-ability|p2a: Dialga|Pressure\n|move|p1a: Arboliva|Hyper Voice|p2a: Dialga\n|-resisted|p2a: Dialga\n|-damage|p2a: Dialga|63/100\n|\n|-heal|p2a: Dialga|69/100|[from] item: Leftovers\n|upkeep\n|turn|21\n|inactive|Time left: 300 sec this turn | 300 sec total\n|\n|t:|1783573524\n|move|p2a: Dialga|Fire Blast|p1a: Arboliva\n|-supereffective|p1a: Arboliva\n|-damage|p1a: Arboliva|104/288\n|move|p1a: Arboliva|Leech Seed|p2a: Dialga\n|-start|p2a: Dialga|move: Leech Seed\n|\n|-heal|p2a: Dialga|75/100|[from] item: Leftovers\n|-damage|p2a: Dialga|62/100|[from] Leech Seed|[of] p1a: Arboliva\n|-heal|p1a: Arboliva|137/288|[silent]\n|-item|p1a: Arboliva|Sitrus Berry|[from] ability: Harvest\n|upkeep\n|-enditem|p1a: Arboliva|Sitrus Berry|[eat]\n|-heal|p1a: Arboliva|209/288|[from] item: Sitrus Berry\n|turn|22\n|inactive|Time left: 300 sec this turn | 300 sec total\n|\n|t:|1783573525\n|switch|p2a: Sudowoodo|Sudowoodo, L94, F|30/100\n|move|p1a: Arboliva|Hyper Voice|p2a: Sudowoodo\n|-resisted|p2a: Sudowoodo\n|-damage|p2a: Sudowoodo|1/100\n|\n|-heal|p2a: Sudowoodo|7/100|[from] item: Leftovers\n|-item|p1a: Arboliva|Sitrus Berry|[from] ability: Harvest\n|upkeep\n|turn|23\n|inactive|Time left: 300 sec this turn | 300 sec total\n|\n|t:|1783573526\n|move|p1a: Arboliva|Hyper Voice|p2a: Sudowoodo\n|-resisted|p2a: Sudowoodo\n|-damage|p2a: Sudowoodo|0 fnt\n|faint|p2a: Sudowoodo\n|\n|upkeep\n|\n|t:|1783573527\n|switch|p2a: Dialga|Dialga, L73|62/100\n|-ability|p2a: Dialga|Pressure\n|turn|24\n|inactive|Time left: 300 sec this turn | 300 sec total\n|\n|t:|1783573529\n|move|p2a: Dialga|Fire Blast|p1a: Arboliva|[miss]\n|-miss|p2a: Dialga|p1a: Arboliva\n|move|p1a: Arboliva|Leech Seed|p2a: Dialga\n|-start|p2a: Dialga|move: Leech Seed\n|\n|-heal|p2a: Dialga|68/100|[from] item: Leftovers\n|-damage|p2a: Dialga|56/100|[from] Leech Seed|[of] p1a: Arboliva\n|-heal|p1a: Arboliva|242/288|[silent]\n|upkeep\n|turn|25\n|inactive|Time left: 300 sec this turn | 300 sec total\n|\n|t:|1783573530\n|switch|p2a: Dedenne|Dedenne, L88, M|100/100\n|move|p1a: Arboliva|Hyper Voice|p2a: Dedenne\n|-damage|p2a: Dedenne|40/100\n|-enditem|p2a: Dedenne|Sitrus Berry|[eat]\n|-heal|p2a: Dedenne|65/100|[from] item: Sitrus Berry\n|-heal|p2a: Dedenne|99/100|[from] ability: Cheek Pouch\n|\n|upkeep\n|turn|26\n|inactive|Time left: 300 sec this turn | 300 sec total\n|\n|t:|1783573531\n|move|p2a: Dedenne|Super Fang|p1a: Arboliva\n|-damage|p1a: Arboliva|121/288\n|-enditem|p1a: Arboliva|Sitrus Berry|[eat]\n|-heal|p1a: Arboliva|193/288|[from] item: Sitrus Berry\n|move|p1a: Arboliva|Hyper Voice|p2a: Dedenne\n|-damage|p2a: Dedenne|36/100\n|\n|upkeep\n|turn|27\n|inactive|Time left: 300 sec this turn | 300 sec total\n|\n|t:|1783573531\n|move|p2a: Dedenne|Super Fang|p1a: Arboliva\n|-damage|p1a: Arboliva|97/288\n|move|p1a: Arboliva|Hyper Voice|p2a: Dedenne\n|-damage|p2a: Dedenne|0 fnt\n|faint|p2a: Dedenne\n|\n|upkeep\n|\n|t:|1783573532\n|switch|p2a: Dialga|Dialga, L73|56/100\n|-ability|p2a: Dialga|Pressure\n|turn|28\n|inactive|Time left: 300 sec this turn | 300 sec total\n|\n|t:|1783573533\n|switch|p1a: Tauros|Tauros-Paldea-Aqua, L81, M|252/252\n|move|p2a: Dialga|Heavy Slam|p1a: Tauros\n|-resisted|p1a: Tauros\n|-damage|p1a: Tauros|200/252\n|\n|-heal|p2a: Dialga|62/100|[from] item: Leftovers\n|upkeep\n|turn|29\n|inactive|Time left: 300 sec this turn | 300 sec total\n|\n|t:|1783573534\n|-terastallize|p2a: Dialga|Steel\n|move|p1a: Tauros|Close Combat|p2a: Dialga\n|-supereffective|p2a: Dialga\n|-damage|p2a: Dialga|0 fnt\n|-unboost|p1a: Tauros|def|1\n|-unboost|p1a: Tauros|spd|1\n|faint|p2a: Dialga\n|\n|win|p0x29098b00", "uploadtime": 1783573534, "views": 0, "rating": 0, "private": 0, "password": null, "_winner": "p0x29098b00", "_our_name": "p0x29098b00"}