{"id": "battle-gen9randombattle-2217", "formatid": "gen9randombattle", "format": "[Gen 9] Random Battle", "players": ["p0x221749b4", "p0y2217f8d2"], "log": "|init|battle\n|title|p0x221749b4 vs. p0y2217f8d2\n|j|\u2606p0x221749b4\n|j|\u2606p0y2217f8d2\n|t:|1783565712\n|gametype|singles\n|player|p1|p0x221749b4|169|\n|player|p2|p0y2217f8d2|266|\n|gen|9\n|tier|[Gen 9] Random Battle\n|rule|Species Clause: Limit one of each Pok\u00e9mon\n|rule|HP Percentage Mod: HP is shown in percentages\n|rule|Sleep Clause Mod: Limit one foe put to sleep\n|rule|Illusion Level Mod: Illusion disguises the Pok\u00e9mon's true level\n|\n|t:|1783565712\n|teamsize|p1|6\n|teamsize|p2|6\n|start\n|switch|p1a: Mimikyu|Mimikyu, L79, F|216/216\n|switch|p2a: Volcanion|Volcanion, L79|100/100\n|turn|1\n|inactive|Battle timer is ON: inactive players will automatically lose when time's up. (requested by p0x221749b4)\n|inactive|p0y2217f8d2 also wants the timer to be on.\n|\n|t:|1783565714\n|move|p1a: Mimikyu|Swords Dance|p1a: Mimikyu\n|-boost|p1a: Mimikyu|atk|2\n|move|p2a: Volcanion|Flamethrower|p1a: Mimikyu\n|-activate|p1a: Mimikyu|ability: Disguise\n|-damage|p1a: Mimikyu|216/216\n|detailschange|p1a: Mimikyu|Mimikyu-Busted, L79, F\n|-damage|p1a: Mimikyu|189/216|[from] pokemon: Mimikyu-Busted\n|\n|upkeep\n|turn|2\n|inactive|Time left: 300 sec this turn | 300 sec total\n|\n|t:|1783565714\n|move|p1a: Mimikyu|Drain Punch|p2a: Volcanion\n|-damage|p2a: Volcanion|62/100\n|-heal|p1a: Mimikyu|216/216|[from] drain|[of] p2a: Volcanion\n|-damage|p1a: Mimikyu|195/216|[from] item: Life Orb\n|move|p2a: Volcanion|Steam Eruption|p1a: Mimikyu\n|-damage|p1a: Mimikyu|74/216\n|\n|upkeep\n|turn|3\n|inactive|Time left: 300 sec this turn | 300 sec total\n|\n|t:|1783565715\n|move|p1a: Mimikyu|Drain Punch|p2a: Volcanion\n|-damage|p2a: Volcanion|22/100\n|-heal|p1a: Mimikyu|126/216|[from] drain|[of] p2a: Volcanion\n|-damage|p1a: Mimikyu|105/216|[from] item: Life Orb\n|move|p2a: Volcanion|Steam Eruption|p1a: Mimikyu\n|-damage|p1a: Mimikyu|0 fnt\n|faint|p1a: Mimikyu\n|\n|upkeep\n|inactive|Time left: 300 sec this turn | 300 sec total | 5 sec grace\n|\n|t:|1783565717\n|switch|p1a: Thundurus|Thundurus, L80, M|258/258\n|turn|4\n|inactive|Time left: 300 sec this turn | 300 sec total\n|\n|t:|1783565718\n|switch|p2a: Zekrom|Zekrom, L71|100/100\n|-ability|p2a: Zekrom|Teravolt\n|move|p1a: Thundurus|Acrobatics|p2a: Zekrom\n|-resisted|p2a: Zekrom\n|-damage|p2a: Zekrom|78/100\n|\n|-heal|p2a: Zekrom|84/100|[from] item: Leftovers\n|upkeep\n|turn|5\n|inactive|Time left: 300 sec this turn | 300 sec total\n|\n|t:|1783565719\n|move|p1a: Thundurus|Knock Off|p2a: Zekrom\n|-damage|p2a: Zekrom|60/100\n|-enditem|p2a: Zekrom|Leftovers|[from] move: Knock Off|[of] p1a: Thundurus\n|move|p2a: Zekrom|Outrage|p1a: Thundurus\n|-damage|p1a: Thundurus|89/258\n|\n|upkeep\n|turn|6\n|inactive|Time left: 300 sec this turn | 300 sec total\n|\n|t:|1783565721\n|switch|p1a: Krookodile|Krookodile, L79, M|280/280\n|-ability|p1a: Krookodile|Intimidate|boost\n|-unboost|p2a: Zekrom|atk|1\n|move|p2a: Zekrom|Outrage|p1a: Krookodile|[from] lockedmove\n|-damage|p1a: Krookodile|181/280\n|-start|p2a: Zekrom|confusion|[fatigue]\n|\n|upkeep\n|turn|7\n|inactive|Time left: 300 sec this turn | 300 sec total\n|\n|t:|1783565722\n|switch|p2a: Meowstic|Meowstic-F, L89, F|100/100\n|move|p1a: Krookodile|Earthquake|p2a: Meowstic\n|-damage|p2a: Meowstic|56/100\n|\n|upkeep\n|turn|8\n|inactive|Time left: 300 sec this turn | 300 sec total\n|\n|t:|1783565723\n|switch|p2a: Sunflora|Sunflora, M|100/100\n|move|p1a: Krookodile|Earthquake|p2a: Sunflora\n|-resisted|p2a: Sunflora\n|-damage|p2a: Sunflora|81/100\n|\n|upkeep\n|turn|9\n|inactive|Time left: 300 sec this turn | 300 sec total\n|\n|t:|1783565725\n|move|p1a: Krookodile|Earthquake|p2a: Sunflora\n|-resisted|p2a: Sunflora\n|-damage|p2a: Sunflora|61/100\n|move|p2a: Sunflora|Sunny Day|p2a: Sunflora\n|-weather|SunnyDay\n|\n|-weather|SunnyDay|[upkeep]\n|upkeep\n|turn|10\n|inactive|Time left: 300 sec this turn | 300 sec total\n|\n|t:|1783565726\n|switch|p1a: Thundurus|Thundurus, L80, M|89/258\n|move|p2a: Sunflora|Weather Ball|p1a: Thundurus\n|-damage|p1a: Thundurus|0 fnt\n|faint|p1a: Thundurus\n|-damage|p2a: Sunflora|51/100|[from] item: Life Orb\n|\n|-weather|SunnyDay|[upkeep]\n|upkeep\n|inactive|Time left: 300 sec this turn | 300 sec total | 5 sec grace\n|\n|t:|1783565727\n|switch|p1a: Krookodile|Krookodile, L79, M|181/280\n|-ability|p1a: Krookodile|Intimidate|boost\n|-unboost|p2a: Sunflora|atk|1\n|turn|11\n|inactive|Time left: 300 sec this turn | 300 sec total\n|\n|t:|1783565728\n|move|p1a: Krookodile|Gunk Shot|p2a: Sunflora|[miss]\n|-miss|p1a: Krookodile|p2a: Sunflora\n|move|p2a: Sunflora|Weather Ball|p1a: Krookodile\n|-damage|p1a: Krookodile|0 fnt\n|faint|p1a: Krookodile\n|-damage|p2a: Sunflora|41/100|[from] item: Life Orb\n|\n|-weather|SunnyDay|[upkeep]\n|upkeep\n|inactive|Time left: 300 sec this turn | 300 sec total | 5 sec grace\n|\n|t:|1783565729\n|switch|p1a: Hitmontop|Hitmontop, L88, M|231/231\n|-ability|p1a: Hitmontop|Intimidate|boost\n|-unboost|p2a: Sunflora|atk|1\n|turn|12\n|inactive|Time left: 300 sec this turn | 300 sec total\n|\n|t:|1783565730\n|-terastallize|p2a: Sunflora|Fire\n|move|p2a: Sunflora|Weather Ball|p1a: Hitmontop\n|-damage|p1a: Hitmontop|56/231\n|-damage|p2a: Sunflora|31/100|[from] item: Life Orb\n|move|p1a: Hitmontop|Rapid Spin|p2a: Sunflora\n|-damage|p2a: Sunflora|18/100\n|-boost|p1a: Hitmontop|spe|1\n|\n|-weather|SunnyDay|[upkeep]\n|upkeep\n|turn|13\n|inactive|Time left: 300 sec this turn | 300 sec total\n|\n|t:|1783565731\n|move|p1a: Hitmontop|Earthquake|p2a: Sunflora\n|-supereffective|p2a: Sunflora\n|-damage|p2a: Sunflora|0 fnt\n|faint|p2a: Sunflora\n|\n|-weather|none\n|upkeep\n|\n|t:|1783565731\n|switch|p2a: Palafin|Palafin, L77, M|100/100\n|turn|14\n|inactive|Time left: 300 sec this turn | 300 sec total\n|\n|t:|1783565732\n|move|p1a: Hitmontop|Close Combat|p2a: Palafin\n|-damage|p2a: Palafin|39/100\n|-unboost|p1a: Hitmontop|def|1\n|-unboost|p1a: Hitmontop|spd|1\n|move|p2a: Palafin|Bulk Up|p2a: Palafin\n|-boost|p2a: Palafin|atk|1\n|-boost|p2a: Palafin|def|1\n|\n|-heal|p2a: Palafin|45/100|[from] item: Leftovers\n|upkeep\n|turn|15\n|inactive|Time left: 300 sec this turn | 300 sec total\n|\n|t:|1783565733\n|switch|p1a: Piloswine|Piloswine, L85, M|309/309\n|move|p2a: Palafin|Jet Punch|p1a: Piloswine\n|-supereffective|p1a: Piloswine\n|-damage|p1a: Piloswine|213/309\n|\n|-heal|p2a: Palafin|51/100|[from] item: Leftovers\n|upkeep\n|turn|16\n|inactive|Time left: 300 sec this turn | 300 sec total\n|\n|t:|1783565734\n|move|p2a: Palafin|Bulk Up|p2a: Palafin\n|-boost|p2a: Palafin|atk|1\n|-boost|p2a: Palafin|def|1\n|move|p1a: Piloswine|Earthquake|p2a: Palafin\n|-damage|p2a: Palafin|26/100\n|\n|-heal|p2a: Palafin|32/100|[from] item: Leftovers\n|upkeep\n|turn|17\n|inactive|Time left: 300 sec this turn | 300 sec total\n|\n|t:|1783565735\n|-terastallize|p1a: Piloswine|Dragon\n|move|p2a: Palafin|Drain Punch|p1a: Piloswine\n|-damage|p1a: Piloswine|165/309\n|-heal|p2a: Palafin|40/100|[from] drain|[of] p1a: Piloswine\n|move|p1a: Piloswine|Earthquake|p2a: Palafin\n|-damage|p2a: Palafin|14/100\n|\n|-heal|p2a: Palafin|20/100|[from] item: Leftovers\n|upkeep\n|turn|18\n|inactive|Time left: 300 sec this turn | 300 sec total\n|\n|t:|1783565736\n|move|p2a: Palafin|Drain Punch|p1a: Piloswine\n|-damage|p1a: Piloswine|114/309\n|-heal|p2a: Palafin|30/100|[from] drain|[of] p1a: Piloswine\n|move|p1a: Piloswine|Earthquake|p2a: Palafin\n|-damage|p2a: Palafin|4/100\n|\n|-heal|p2a: Palafin|10/100|[from] item: Leftovers\n|upkeep\n|turn|19\n|inactive|Time left: 300 sec this turn | 300 sec total\n|\n|t:|1783565737\n|move|p2a: Palafin|Drain Punch|p1a: Piloswine\n|-damage|p1a: Piloswine|65/309\n|-heal|p2a: Palafin|19/100|[from] drain|[of] p1a: Piloswine\n|move|p1a: Piloswine|Earthquake|p2a: Palafin\n|-damage|p2a: Palafin|0 fnt\n|faint|p2a: Palafin\n|\n|upkeep\n|\n|t:|1783565738\n|switch|p2a: Eternatus|Eternatus, L69|100/100\n|-ability|p2a: Eternatus|Pressure\n|turn|20\n|inactive|Time left: 300 sec this turn | 300 sec total\n|\n|t:|1783565739\n|move|p1a: Piloswine|Ice Shard|p2a: Eternatus\n|-supereffective|p2a: Eternatus\n|-damage|p2a: Eternatus|69/100\n|move|p2a: Eternatus|Meteor Beam||[still]\n|-prepare|p2a: Eternatus|Meteor Beam\n|-boost|p2a: Eternatus|spa|1\n|-enditem|p2a: Eternatus|Power Herb\n|-anim|p2a: Eternatus|Meteor Beam|p1a: Piloswine\n|-damage|p1a: Piloswine|0 fnt\n|faint|p1a: Piloswine\n|\n|upkeep\n|inactive|Time left: 300 sec this turn | 300 sec total | 5 sec grace\n|\n|t:|1783565740\n|switch|p1a: Volbeat|Volbeat, L90, M|263/263\n|turn|21\n|inactive|Time left: 300 sec this turn | 300 sec total\n|\n|t:|1783565741\n|move|p1a: Volbeat|Encore|p2a: Eternatus\n|-start|p2a: Eternatus|Encore\n|move|p2a: Eternatus|Meteor Beam||[still]\n|-prepare|p2a: Eternatus|Meteor Beam\n|-boost|p2a: Eternatus|spa|1\n|\n|upkeep\n|turn|22\n|inactive|Time left: 300 sec this turn | 300 sec total\n|\n|t:|1783565742\n|switch|p1a: Hitmontop|Hitmontop, L88, M|56/231\n|-ability|p1a: Hitmontop|Intimidate|boost\n|-unboost|p2a: Eternatus|atk|1\n|move|p2a: Eternatus|Meteor Beam|p1a: Hitmontop|[from] lockedmove\n|-resisted|p1a: Hitmontop\n|-crit|p1a: Hitmontop\n|-damage|p1a: Hitmontop|0 fnt\n|faint|p1a: Hitmontop\n|\n|upkeep\n|inactive|Time left: 300 sec this turn | 300 sec total | 5 sec grace\n|\n|t:|1783565742\n|switch|p1a: Volbeat|Volbeat, L90, M|263/263\n|turn|23\n|inactive|Time left: 300 sec this turn | 300 sec total\n|\n|t:|1783565743\n|move|p1a: Volbeat|Thunder Wave|p2a: Eternatus\n|-status|p2a: Eternatus|par\n|move|p2a: Eternatus|Meteor Beam||[still]\n|-prepare|p2a: Eternatus|Meteor Beam\n|-boost|p2a: Eternatus|spa|1\n|\n|-end|p2a: Eternatus|Encore\n|upkeep\n|turn|24\n|inactive|Time left: 300 sec this turn | 300 sec total\n|\n|t:|1783565744\n|move|p1a: Volbeat|Roost||[still]\n|-fail|p1a: Volbeat|heal\n|move|p2a: Eternatus|Meteor Beam|p1a: Volbeat|[from] lockedmove\n|-supereffective|p1a: Volbeat\n|-damage|p1a: Volbeat|0 fnt\n|faint|p1a: Volbeat\n|\n|win|p0y2217f8d2", "uploadtime": 1783565744, "views": 0, "rating": 0, "private": 0, "password": null, "_winner": "p0y2217f8d2", "_our_name": "p0x221749b4"}