{"id": "battle-gen9randombattle-203", "formatid": "gen9randombattle", "format": "[Gen 9] Random Battle", "players": ["p0x20362f6", "p0y2032a96"], "log": "|init|battle\n|title|p0x20362f6 vs. p0y2032a96\n|j|\u2606p0x20362f6\n|j|\u2606p0y2032a96\n|t:|1783541916\n|gametype|singles\n|player|p1|p0x20362f6|101|\n|player|p2|p0y2032a96|169|\n|gen|9\n|tier|[Gen 9] Random Battle\n|rule|Species Clause: Limit one of each Pok\u00e9mon\n|rule|HP Percentage Mod: HP is shown in percentages\n|rule|Sleep Clause Mod: Limit one foe put to sleep\n|rule|Illusion Level Mod: Illusion disguises the Pok\u00e9mon's true level\n|\n|t:|1783541916\n|teamsize|p1|6\n|teamsize|p2|6\n|start\n|switch|p1a: Samurott|Samurott, L88, M|310/310\n|switch|p2a: Reuniclus|Reuniclus, L88, F|100/100\n|turn|1\n|inactive|Battle timer is ON: inactive players will automatically lose when time's up. (requested by p0x20362f6)\n|inactive|p0y2032a96 also wants the timer to be on.\n|\n|t:|1783541917\n|move|p1a: Samurott|Swords Dance|p1a: Samurott\n|-boost|p1a: Samurott|atk|2\n|move|p2a: Reuniclus|Psychic|p1a: Samurott\n|-damage|p1a: Samurott|127/310\n|\n|upkeep\n|turn|2\n|inactive|Time left: 300 sec this turn | 300 sec total\n|\n|t:|1783541918\n|switch|p2a: Dialga|Dialga-Origin, L73|100/100\n|-ability|p2a: Dialga|Pressure\n|move|p1a: Samurott|Knock Off|p2a: Dialga\n|-damage|p2a: Dialga|53/100\n|-damage|p1a: Samurott|96/310|[from] item: Life Orb\n|\n|upkeep\n|turn|3\n|inactive|Time left: 300 sec this turn | 300 sec total\n|\n|t:|1783541920\n|move|p2a: Dialga|Draco Meteor|p1a: Samurott\n|-damage|p1a: Samurott|0 fnt\n|-unboost|p2a: Dialga|spa|2\n|faint|p1a: Samurott\n|\n|upkeep\n|inactive|Time left: 300 sec this turn | 300 sec total | 5 sec grace\n|\n|t:|1783541920\n|switch|p1a: Seviper|Seviper, L93, F|287/287\n|turn|4\n|inactive|Time left: 300 sec this turn | 300 sec total\n|\n|t:|1783541921\n|switch|p2a: Conkeldurr|Conkeldurr, L80, F|100/100\n|move|p1a: Seviper|Swords Dance|p1a: Seviper\n|-boost|p1a: Seviper|atk|2\n|\n|-status|p2a: Conkeldurr|brn|[from] item: Flame Orb\n|upkeep\n|turn|5\n|inactive|Time left: 300 sec this turn | 300 sec total\n|\n|t:|1783541922\n|switch|p2a: Dialga|Dialga-Origin, L73|53/100\n|-ability|p2a: Dialga|Pressure\n|move|p1a: Seviper|Gunk Shot|p2a: Dialga\n|-immune|p2a: Dialga\n|\n|upkeep\n|turn|6\n|inactive|Time left: 300 sec this turn | 300 sec total\n|\n|t:|1783541923\n|move|p2a: Dialga|Draco Meteor|p1a: Seviper\n|-damage|p1a: Seviper|76/287\n|-unboost|p2a: Dialga|spa|2\n|move|p1a: Seviper|Earthquake|p2a: Dialga\n|-supereffective|p2a: Dialga\n|-crit|p2a: Dialga\n|-damage|p2a: Dialga|0 fnt\n|faint|p2a: Dialga\n|\n|-heal|p1a: Seviper|93/287|[from] item: Leftovers\n|upkeep\n|\n|t:|1783541924\n|switch|p2a: Jirachi|Jirachi, L80|100/100\n|turn|7\n|inactive|Time left: 300 sec this turn | 300 sec total\n|\n|t:|1783541925\n|move|p2a: Jirachi|Psychic|p1a: Seviper\n|-supereffective|p1a: Seviper\n|-damage|p1a: Seviper|0 fnt\n|faint|p1a: Seviper\n|\n|upkeep\n|inactive|Time left: 300 sec this turn | 300 sec total | 5 sec grace\n|\n|t:|1783541926\n|switch|p1a: Beartic|Beartic, L91, F|321/321\n|turn|8\n|inactive|Time left: 300 sec this turn | 300 sec total\n|\n|t:|1783541927\n|move|p2a: Jirachi|Psychic|p1a: Beartic\n|-damage|p1a: Beartic|227/321\n|move|p1a: Beartic|Swords Dance|p1a: Beartic\n|-boost|p1a: Beartic|atk|2\n|\n|upkeep\n|turn|9\n|inactive|Time left: 300 sec this turn | 300 sec total\n|\n|t:|1783541928\n|move|p2a: Jirachi|Psychic|p1a: Beartic\n|-damage|p1a: Beartic|133/321\n|move|p1a: Beartic|Earthquake|p2a: Jirachi\n|-supereffective|p2a: Jirachi\n|-damage|p2a: Jirachi|0 fnt\n|faint|p2a: Jirachi\n|\n|upkeep\n|\n|t:|1783541929\n|switch|p2a: Reuniclus|Reuniclus, L88, F|100/100\n|turn|10\n|inactive|Time left: 300 sec this turn | 300 sec total\n|\n|t:|1783541930\n|move|p1a: Beartic|Icicle Crash|p2a: Reuniclus\n|-damage|p2a: Reuniclus|23/100\n|move|p2a: Reuniclus|Psychic|p1a: Beartic\n|-damage|p1a: Beartic|0 fnt\n|faint|p1a: Beartic\n|\n|upkeep\n|inactive|Time left: 300 sec this turn | 300 sec total | 5 sec grace\n|\n|t:|1783541931\n|switch|p1a: Ampharos|Ampharos, L88, F|302/302\n|turn|11\n|inactive|Time left: 300 sec this turn | 300 sec total\n|\n|t:|1783541932\n|switch|p2a: Bellossom|Bellossom, L84, M|100/100\n|move|p1a: Ampharos|Discharge|p2a: Bellossom\n|-resisted|p2a: Bellossom\n|-crit|p2a: Bellossom\n|-damage|p2a: Bellossom|71/100\n|\n|-heal|p2a: Bellossom|77/100|[from] item: Leftovers\n|upkeep\n|turn|12\n|inactive|Time left: 300 sec this turn | 300 sec total\n|\n|t:|1783541934\n|move|p2a: Bellossom|Strength Sap|p1a: Ampharos\n|-unboost|p1a: Ampharos|atk|1\n|-heal|p2a: Bellossom|100/100\n|move|p1a: Ampharos|Dragon Tail|p2a: Bellossom\n|-damage|p2a: Bellossom|91/100\n|drag|p2a: Reuniclus|Reuniclus, L88, F|23/100\n|\n|upkeep\n|turn|13\n|inactive|Time left: 300 sec this turn | 300 sec total\n|\n|t:|1783541935\n|switch|p2a: Bellossom|Bellossom, L84, M|91/100\n|move|p1a: Ampharos|Volt Switch|p2a: Bellossom\n|-resisted|p2a: Bellossom\n|-damage|p2a: Bellossom|77/100\n|inactive|Time left: 300 sec this turn | 300 sec total | 5 sec grace\n|\n|t:|1783541935\n|switch|p1a: Qwilfish|Qwilfish, L86, F|252/252|[from] Volt Switch\n|-ability|p1a: Qwilfish|Intimidate|boost\n|-unboost|p2a: Bellossom|atk|1\n|\n|-heal|p2a: Bellossom|83/100|[from] item: Leftovers\n|upkeep\n|turn|14\n|inactive|Time left: 300 sec this turn | 300 sec total\n|\n|t:|1783541936\n|-terastallize|p2a: Bellossom|Fire\n|move|p1a: Qwilfish|Gunk Shot|p2a: Bellossom\n|-damage|p2a: Bellossom|35/100\n|move|p2a: Bellossom|Strength Sap|p1a: Qwilfish\n|-unboost|p1a: Qwilfish|atk|1\n|-heal|p2a: Bellossom|100/100\n|\n|upkeep\n|turn|15\n|inactive|Time left: 300 sec this turn | 300 sec total\n|\n|t:|1783541938\n|move|p1a: Qwilfish|Flip Turn|p2a: Bellossom\n|-supereffective|p2a: Bellossom\n|-damage|p2a: Bellossom|68/100\n|inactive|Time left: 300 sec this turn | 300 sec total | 5 sec grace\n|\n|t:|1783541939\n|switch|p1a: Ampharos|Ampharos, L88, F|302/302|[from] Flip Turn\n|move|p2a: Bellossom|Quiver Dance|p2a: Bellossom\n|-boost|p2a: Bellossom|spa|1\n|-boost|p2a: Bellossom|spd|1\n|-boost|p2a: Bellossom|spe|1\n|\n|-heal|p2a: Bellossom|74/100|[from] item: Leftovers\n|upkeep\n|turn|16\n|inactive|Time left: 300 sec this turn | 300 sec total\n|\n|t:|1783541940\n|move|p2a: Bellossom|Strength Sap|p1a: Ampharos\n|-unboost|p1a: Ampharos|atk|1\n|-heal|p2a: Bellossom|100/100\n|move|p1a: Ampharos|Dragon Tail|p2a: Bellossom\n|-damage|p2a: Bellossom|90/100\n|drag|p2a: Conkeldurr|Conkeldurr, L80, F|100/100 brn\n|\n|-damage|p2a: Conkeldurr|94/100 brn|[from] brn\n|upkeep\n|turn|17\n|inactive|Time left: 300 sec this turn | 300 sec total\n|\n|t:|1783541940\n|switch|p2a: Bellossom|Bellossom, L84, M, tera:Fire|90/100\n|move|p1a: Ampharos|Volt Switch|p2a: Bellossom\n|-crit|p2a: Bellossom\n|-damage|p2a: Bellossom|39/100\n|inactive|Time left: 300 sec this turn | 300 sec total | 5 sec grace\n|\n|t:|1783541941\n|switch|p1a: Qwilfish|Qwilfish, L86, F|252/252|[from] Volt Switch\n|-ability|p1a: Qwilfish|Intimidate|boost\n|-unboost|p2a: Bellossom|atk|1\n|\n|-heal|p2a: Bellossom|45/100|[from] item: Leftovers\n|upkeep\n|turn|18\n|inactive|Time left: 300 sec this turn | 300 sec total\n|\n|t:|1783541942\n|switch|p2a: Reuniclus|Reuniclus, L88, F|23/100\n|move|p1a: Qwilfish|Flip Turn|p2a: Reuniclus\n|-damage|p2a: Reuniclus|2/100\n|inactive|Time left: 300 sec this turn | 300 sec total | 5 sec grace\n|\n|t:|1783541943\n|switch|p1a: Ampharos|Ampharos, L88, F|302/302|[from] Flip Turn\n|\n|upkeep\n|turn|19\n|inactive|Time left: 300 sec this turn | 300 sec total\n|\n|t:|1783541944\n|move|p1a: Ampharos|Discharge|p2a: Reuniclus\n|-damage|p2a: Reuniclus|0 fnt\n|faint|p2a: Reuniclus\n|\n|upkeep\n|\n|t:|1783541946\n|switch|p2a: Bellossom|Bellossom, L84, M, tera:Fire|45/100\n|turn|20\n|inactive|Time left: 300 sec this turn | 300 sec total\n|\n|t:|1783541947\n|move|p2a: Bellossom|Strength Sap|p1a: Ampharos\n|-unboost|p1a: Ampharos|atk|1\n|-heal|p2a: Bellossom|100/100\n|move|p1a: Ampharos|Dragon Tail|p2a: Bellossom\n|-damage|p2a: Bellossom|91/100\n|drag|p2a: Darkrai|Darkrai, L77|100/100\n|\n|upkeep\n|turn|21\n|inactive|Time left: 300 sec this turn | 300 sec total\n|\n|t:|1783541948\n|move|p2a: Darkrai|Hypnosis|p1a: Ampharos\n|-status|p1a: Ampharos|slp|[from] move: Hypnosis\n|cant|p1a: Ampharos|slp\n|\n|-damage|p1a: Ampharos|265/302 slp|[from] ability: Bad Dreams|[of] p2a: Darkrai\n|upkeep\n|turn|22\n|inactive|Time left: 300 sec this turn | 300 sec total\n|\n|t:|1783541949\n|move|p2a: Darkrai|Nasty Plot|p2a: Darkrai\n|-boost|p2a: Darkrai|spa|2\n|cant|p1a: Ampharos|slp\n|\n|-damage|p1a: Ampharos|228/302 slp|[from] ability: Bad Dreams|[of] p2a: Darkrai\n|upkeep\n|turn|23\n|inactive|Time left: 300 sec this turn | 300 sec total\n|\n|t:|1783541950\n|move|p2a: Darkrai|Dark Pulse|p1a: Ampharos\n|-crit|p1a: Ampharos\n|-damage|p1a: Ampharos|1/302 slp\n|-damage|p2a: Darkrai|91/100|[from] item: Life Orb\n|cant|p1a: Ampharos|slp\n|\n|-damage|p1a: Ampharos|0 fnt|[from] ability: Bad Dreams|[of] p2a: Darkrai\n|faint|p1a: Ampharos\n|upkeep\n|inactive|Time left: 300 sec this turn | 300 sec total | 5 sec grace\n|\n|t:|1783541951\n|switch|p1a: Glaceon|Glaceon, L94, M|275/275\n|turn|24\n|inactive|Time left: 300 sec this turn | 300 sec total\n|\n|t:|1783541952\n|move|p1a: Glaceon|Protect|p1a: Glaceon\n|-singleturn|p1a: Glaceon|Protect\n|move|p2a: Darkrai|Dark Pulse|p1a: Glaceon\n|-activate|p1a: Glaceon|move: Protect\n|\n|upkeep\n|turn|25\n|inactive|Time left: 300 sec this turn | 300 sec total\n|\n|t:|1783541953\n|move|p2a: Darkrai|Dark Pulse|p1a: Glaceon\n|-damage|p1a: Glaceon|64/275\n|-damage|p2a: Darkrai|81/100|[from] item: Life Orb\n|cant|p1a: Glaceon|flinch\n|\n|upkeep\n|turn|26\n|inactive|Time left: 300 sec this turn | 300 sec total\n|\n|t:|1783541953\n|move|p1a: Glaceon|Protect|p1a: Glaceon\n|-singleturn|p1a: Glaceon|Protect\n|move|p2a: Darkrai|Dark Pulse|p1a: Glaceon\n|-activate|p1a: Glaceon|move: Protect\n|\n|upkeep\n|turn|27\n|inactive|Time left: 300 sec this turn | 300 sec total\n|\n|t:|1783541954\n|move|p1a: Glaceon|Protect||[still]\n|-fail|p1a: Glaceon\n|move|p2a: Darkrai|Dark Pulse|p1a: Glaceon\n|-damage|p1a: Glaceon|0 fnt\n|faint|p1a: Glaceon\n|-damage|p2a: Darkrai|71/100|[from] item: Life Orb\n|\n|upkeep\n|inactive|Time left: 300 sec this turn | 300 sec total | 5 sec grace\n|\n|t:|1783541955\n|switch|p1a: Qwilfish|Qwilfish, L86, F|252/252\n|-ability|p1a: Qwilfish|Intimidate|boost\n|-unboost|p2a: Darkrai|atk|1\n|turn|28\n|inactive|Time left: 300 sec this turn | 300 sec total\n|\n|t:|1783541956\n|-terastallize|p1a: Qwilfish|Grass\n|move|p2a: Darkrai|Dark Pulse|p1a: Qwilfish\n|-damage|p1a: Qwilfish|0 fnt\n|faint|p1a: Qwilfish\n|-damage|p2a: Darkrai|61/100|[from] item: Life Orb\n|\n|win|p0y2032a96", "uploadtime": 1783541956, "views": 0, "rating": 0, "private": 0, "password": null, "_winner": "p0y2032a96", "_our_name": "p0x20362f6"}