{"id": "battle-gen9randombattle-2786", "formatid": "gen9randombattle", "format": "[Gen 9] Random Battle", "players": ["p0x27862b5d", "p0y27862b6a"], "log": "|init|battle\n|title|p0x27862b5d vs. p0y27862b6a\n|j|\u2606p0x27862b5d\n|j|\u2606p0y27862b6a\n|t:|1783572092\n|gametype|singles\n|player|p1|p0x27862b5d|170|\n|player|p2|p0y27862b6a|266|\n|gen|9\n|tier|[Gen 9] Random Battle\n|rule|Species Clause: Limit one of each Pok\u00e9mon\n|rule|HP Percentage Mod: HP is shown in percentages\n|rule|Sleep Clause Mod: Limit one foe put to sleep\n|rule|Illusion Level Mod: Illusion disguises the Pok\u00e9mon's true level\n|\n|t:|1783572092\n|teamsize|p1|6\n|teamsize|p2|6\n|start\n|switch|p1a: Golurk|Golurk, L87|100/100\n|switch|p2a: Illumise|Illumise, L91, F|266/266\n|turn|1\n|inactive|Battle timer is ON: inactive players will automatically lose when time's up. (requested by p0y27862b6a)\n|inactive|p0x27862b5d also wants the timer to be on.\n|\n|t:|1783572094\n|move|p2a: Illumise|Bug Buzz|p1a: Golurk\n|-resisted|p1a: Golurk\n|-damage|p1a: Golurk|84/100\n|move|p1a: Golurk|Poltergeist|p2a: Illumise\n|-activate|p2a: Illumise|move: Poltergeist|Heavy-Duty Boots\n|-damage|p2a: Illumise|67/266\n|-damage|p1a: Golurk|74/100|[from] item: Life Orb\n|\n|upkeep\n|turn|2\n|inactive|Time left: 300 sec this turn | 300 sec total\n|\n|t:|1783572095\n|move|p2a: Illumise|Roost|p2a: Illumise\n|-heal|p2a: Illumise|200/266\n|-singleturn|p2a: Illumise|move: Roost\n|move|p1a: Golurk|Poltergeist|p2a: Illumise\n|-activate|p2a: Illumise|move: Poltergeist|Heavy-Duty Boots\n|-damage|p2a: Illumise|0 fnt\n|faint|p2a: Illumise\n|-damage|p1a: Golurk|64/100|[from] item: Life Orb\n|\n|upkeep\n|inactive|Time left: 300 sec this turn | 300 sec total | 5 sec grace\n|\n|t:|1783572096\n|switch|p2a: Golurk|Golurk, L87|297/297\n|turn|3\n|inactive|Time left: 300 sec this turn | 300 sec total\n|\n|t:|1783572097\n|move|p1a: Golurk|Poltergeist|p2a: Golurk\n|-activate|p2a: Golurk|move: Poltergeist|Life Orb\n|-supereffective|p2a: Golurk\n|-damage|p2a: Golurk|0 fnt\n|faint|p2a: Golurk\n|-damage|p1a: Golurk|55/100|[from] item: Life Orb\n|\n|upkeep\n|inactive|Time left: 300 sec this turn | 300 sec total | 5 sec grace\n|\n|t:|1783572098\n|switch|p2a: Sceptile|Sceptile, L87, F|264/264\n|turn|4\n|inactive|Time left: 300 sec this turn | 300 sec total\n|\n|t:|1783572099\n|move|p2a: Sceptile|Giga Drain|p1a: Golurk\n|-supereffective|p1a: Golurk\n|-damage|p1a: Golurk|0 fnt\n|faint|p1a: Golurk\n|\n|upkeep\n|\n|t:|1783572100\n|switch|p1a: Blaziken|Blaziken, L76, M|100/100\n|turn|5\n|inactive|Time left: 300 sec this turn | 300 sec total\n|\n|t:|1783572101\n|move|p2a: Sceptile|Substitute|p2a: Sceptile\n|-start|p2a: Sceptile|Substitute\n|-damage|p2a: Sceptile|198/264\n|move|p1a: Blaziken|Swords Dance|p1a: Blaziken\n|-boost|p1a: Blaziken|atk|2\n|\n|-heal|p2a: Sceptile|214/264|[from] item: Leftovers\n|-ability|p1a: Blaziken|Speed Boost|boost\n|-boost|p1a: Blaziken|spe|1\n|upkeep\n|turn|6\n|inactive|Time left: 300 sec this turn | 300 sec total\n|\n|t:|1783572102\n|move|p2a: Sceptile|Focus Blast|p1a: Blaziken|[miss]\n|-miss|p2a: Sceptile|p1a: Blaziken\n|move|p1a: Blaziken|Flare Blitz|p2a: Sceptile\n|-supereffective|p2a: Sceptile\n|-end|p2a: Sceptile|Substitute\n|-damage|p1a: Blaziken|92/100|[from] Recoil|[of] p2a: Sceptile\n|-damage|p1a: Blaziken|82/100|[from] item: Life Orb\n|\n|-heal|p2a: Sceptile|230/264|[from] item: Leftovers\n|-ability|p1a: Blaziken|Speed Boost|boost\n|-boost|p1a: Blaziken|spe|1\n|upkeep\n|turn|7\n|inactive|Time left: 300 sec this turn | 300 sec total\n|\n|t:|1783572103\n|move|p1a: Blaziken|Close Combat|p2a: Sceptile\n|-damage|p2a: Sceptile|0 fnt\n|-unboost|p1a: Blaziken|def|1\n|-unboost|p1a: Blaziken|spd|1\n|faint|p2a: Sceptile\n|-damage|p1a: Blaziken|72/100|[from] item: Life Orb\n|\n|-ability|p1a: Blaziken|Speed Boost|boost\n|-boost|p1a: Blaziken|spe|1\n|upkeep\n|inactive|Time left: 300 sec this turn | 300 sec total | 5 sec grace\n|\n|t:|1783572104\n|switch|p2a: Regirock|Regirock, L83|268/268\n|turn|8\n|inactive|Time left: 300 sec this turn | 300 sec total\n|\n|t:|1783572105\n|-terastallize|p2a: Regirock|Fighting\n|move|p1a: Blaziken|Close Combat|p2a: Regirock\n|-damage|p2a: Regirock|112/268\n|-unboost|p1a: Blaziken|def|1\n|-unboost|p1a: Blaziken|spd|1\n|-damage|p1a: Blaziken|62/100|[from] item: Life Orb\n|move|p2a: Regirock|Body Press|p1a: Blaziken\n|-damage|p1a: Blaziken|0 fnt\n|faint|p1a: Blaziken\n|\n|upkeep\n|\n|t:|1783572106\n|switch|p1a: Farigiraf|Farigiraf, L90, M|100/100\n|turn|9\n|inactive|Time left: 300 sec this turn | 300 sec total\n|\n|t:|1783572107\n|switch|p2a: Camerupt|Camerupt, L91, M|275/275\n|move|p1a: Farigiraf|Psychic Noise|p2a: Camerupt\n|-damage|p2a: Camerupt|178/275\n|-start|p2a: Camerupt|move: Heal Block\n|\n|upkeep\n|turn|10\n|inactive|Time left: 300 sec this turn | 300 sec total\n|\n|t:|1783572108\n|move|p1a: Farigiraf|Psychic Noise|p2a: Camerupt\n|-damage|p2a: Camerupt|70/275\n|move|p2a: Camerupt|Earthquake|p1a: Farigiraf\n|-damage|p1a: Farigiraf|64/100\n|\n|-heal|p1a: Farigiraf|70/100|[from] item: Leftovers\n|-end|p2a: Camerupt|move: Heal Block\n|upkeep\n|turn|11\n|inactive|Time left: 300 sec this turn | 300 sec total\n|\n|t:|1783572109\n|move|p1a: Farigiraf|Psychic Noise|p2a: Camerupt\n|-damage|p2a: Camerupt|0 fnt\n|faint|p2a: Camerupt\n|\n|-heal|p1a: Farigiraf|76/100|[from] item: Leftovers\n|upkeep\n|inactive|Time left: 300 sec this turn | 300 sec total | 5 sec grace\n|\n|t:|1783572110\n|switch|p2a: Zebstrika|Zebstrika, L87, F|272/272\n|turn|12\n|inactive|Time left: 300 sec this turn | 300 sec total\n|\n|t:|1783572110\n|move|p2a: Zebstrika|Supercell Slam|p1a: Farigiraf\n|-damage|p1a: Farigiraf|27/100\n|-damage|p2a: Zebstrika|245/272|[from] item: Life Orb\n|move|p1a: Farigiraf|Psychic Noise|p2a: Zebstrika\n|-damage|p2a: Zebstrika|130/272\n|-start|p2a: Zebstrika|move: Heal Block\n|\n|-heal|p1a: Farigiraf|33/100|[from] item: Leftovers\n|upkeep\n|turn|13\n|inactive|Time left: 300 sec this turn | 300 sec total\n|\n|t:|1783572111\n|-terastallize|p1a: Farigiraf|Ground\n|move|p2a: Zebstrika|Overheat|p1a: Farigiraf\n|-damage|p1a: Farigiraf|0 fnt\n|-unboost|p2a: Zebstrika|spa|2\n|faint|p1a: Farigiraf\n|-damage|p2a: Zebstrika|103/272|[from] item: Life Orb\n|\n|-end|p2a: Zebstrika|move: Heal Block\n|upkeep\n|\n|t:|1783572112\n|switch|p1a: Kilowattrel|Kilowattrel, L83, M|100/100\n|turn|14\n|inactive|Time left: 300 sec this turn | 300 sec total\n|\n|t:|1783572113\n|move|p1a: Kilowattrel|Thunderbolt|p2a: Zebstrika\n|-resisted|p2a: Zebstrika\n|-damage|p2a: Zebstrika|38/272\n|move|p2a: Zebstrika|Overheat|p1a: Kilowattrel\n|-damage|p1a: Kilowattrel|71/100\n|-unboost|p2a: Zebstrika|spa|2\n|-damage|p2a: Zebstrika|11/272|[from] item: Life Orb\n|\n|upkeep\n|turn|15\n|inactive|Time left: 300 sec this turn | 300 sec total\n|\n|t:|1783572114\n|move|p1a: Kilowattrel|Thunderbolt|p2a: Zebstrika\n|-resisted|p2a: Zebstrika\n|-damage|p2a: Zebstrika|0 fnt\n|faint|p2a: Zebstrika\n|\n|upkeep\n|inactive|Time left: 300 sec this turn | 300 sec total | 5 sec grace\n|\n|t:|1783572115\n|switch|p2a: Regirock|Regirock, L83, tera:Fighting|112/268\n|turn|16\n|inactive|Time left: 300 sec this turn | 300 sec total\n|\n|t:|1783572116\n|move|p1a: Kilowattrel|Hurricane|p2a: Regirock\n|-supereffective|p2a: Regirock\n|-damage|p2a: Regirock|0 fnt\n|faint|p2a: Regirock\n|\n|win|p0x27862b5d", "uploadtime": 1783572116, "views": 0, "rating": 0, "private": 0, "password": null, "_winner": "p0x27862b5d", "_our_name": "p0y27862b6a"}