{"id": "battle-gen9randombattle-1174", "formatid": "gen9randombattle", "format": "[Gen 9] Random Battle", "players": ["p0x11747983", "p0y1174bb6f"], "log": "|init|battle\n|title|p0x11747983 vs. p0y1174bb6f\n|j|\u2606p0x11747983\n|j|\u2606p0y1174bb6f\n|t:|1783553587\n|gametype|singles\n|player|p1|p0x11747983|169|\n|player|p2|p0y1174bb6f|169|\n|gen|9\n|tier|[Gen 9] Random Battle\n|rule|Species Clause: Limit one of each Pok\u00e9mon\n|rule|HP Percentage Mod: HP is shown in percentages\n|rule|Sleep Clause Mod: Limit one foe put to sleep\n|rule|Illusion Level Mod: Illusion disguises the Pok\u00e9mon's true level\n|\n|t:|1783553587\n|teamsize|p1|6\n|teamsize|p2|6\n|start\n|switch|p1a: Polteageist|Polteageist, L78|222/222\n|switch|p2a: Krookodile|Krookodile, L79, F|100/100\n|-ability|p2a: Krookodile|Intimidate|boost\n|-unboost|p1a: Polteageist|atk|1\n|-enditem|p1a: Polteageist|White Herb\n|-clearnegativeboost|p1a: Polteageist|[silent]\n|turn|1\n|inactive|Battle timer is ON: inactive players will automatically lose when time's up. (requested by p0x11747983)\n|inactive|p0y1174bb6f also wants the timer to be on.\n|\n|t:|1783553588\n|move|p2a: Krookodile|Knock Off|p1a: Polteageist\n|-supereffective|p1a: Polteageist\n|-damage|p1a: Polteageist|34/222\n|move|p1a: Polteageist|Shell Smash|p1a: Polteageist\n|-unboost|p1a: Polteageist|def|1\n|-unboost|p1a: Polteageist|spd|1\n|-boost|p1a: Polteageist|atk|2\n|-boost|p1a: Polteageist|spa|2\n|-boost|p1a: Polteageist|spe|2\n|\n|upkeep\n|turn|2\n|inactive|Time left: 300 sec this turn | 300 sec total\n|\n|t:|1783553590\n|-terastallize|p1a: Polteageist|Fighting\n|move|p1a: Polteageist|Tera Blast|p2a: Krookodile|[anim] Tera Blast Fighting\n|-supereffective|p2a: Krookodile\n|-damage|p2a: Krookodile|0 fnt\n|faint|p2a: Krookodile\n|\n|upkeep\n|\n|t:|1783553591\n|switch|p2a: Conkeldurr|Conkeldurr, L80, F|100/100\n|turn|3\n|inactive|Time left: 300 sec this turn | 300 sec total\n|\n|t:|1783553592\n|move|p2a: Conkeldurr|Mach Punch|p1a: Polteageist\n|-damage|p1a: Polteageist|0 fnt\n|faint|p1a: Polteageist\n|\n|-status|p2a: Conkeldurr|brn|[from] item: Flame Orb\n|upkeep\n|inactive|Time left: 300 sec this turn | 300 sec total | 5 sec grace\n|\n|t:|1783553593\n|switch|p1a: Dodrio|Dodrio, L85, F|241/241\n|turn|4\n|inactive|Time left: 300 sec this turn | 300 sec total\n|\n|t:|1783553594\n|-terastallize|p2a: Conkeldurr|Normal\n|move|p1a: Dodrio|Brave Bird|p2a: Conkeldurr\n|-damage|p2a: Conkeldurr|51/100 brn\n|-damage|p1a: Dodrio|192/241|[from] Recoil\n|move|p2a: Conkeldurr|Facade|p1a: Dodrio\n|-damage|p1a: Dodrio|0 fnt\n|faint|p1a: Dodrio\n|\n|-damage|p2a: Conkeldurr|45/100 brn|[from] brn\n|upkeep\n|inactive|Time left: 300 sec this turn | 300 sec total | 5 sec grace\n|\n|t:|1783553595\n|switch|p1a: Infernape|Infernape, L82, F|259/259\n|turn|5\n|inactive|Time left: 300 sec this turn | 300 sec total\n|\n|t:|1783553596\n|switch|p2a: Raichu|Raichu-Alola, L87, M|100/100\n|move|p1a: Infernape|Close Combat|p2a: Raichu\n|-resisted|p2a: Raichu\n|-damage|p2a: Raichu|48/100\n|-unboost|p1a: Infernape|def|1\n|-unboost|p1a: Infernape|spd|1\n|\n|upkeep\n|turn|6\n|inactive|Time left: 300 sec this turn | 300 sec total\n|\n|t:|1783553598\n|switch|p1a: Whiscash|Whiscash, L88, M|337/337\n|move|p2a: Raichu|Psychic|p1a: Whiscash\n|-damage|p1a: Whiscash|180/337\n|\n|-heal|p1a: Whiscash|201/337|[from] item: Leftovers\n|upkeep\n|turn|7\n|inactive|Time left: 300 sec this turn | 300 sec total\n|\n|t:|1783553599\n|move|p2a: Raichu|Psychic|p1a: Whiscash\n|-damage|p1a: Whiscash|35/337\n|move|p1a: Whiscash|Earthquake|p2a: Raichu\n|-supereffective|p2a: Raichu\n|-damage|p2a: Raichu|0 fnt\n|faint|p2a: Raichu\n|\n|-heal|p1a: Whiscash|56/337|[from] item: Leftovers\n|upkeep\n|\n|t:|1783553600\n|switch|p2a: Dewgong|Dewgong, L94, M|100/100\n|turn|8\n|inactive|Time left: 300 sec this turn | 300 sec total\n|\n|t:|1783553601\n|switch|p1a: Poliwrath|Poliwrath, L88, F|302/302\n|move|p2a: Dewgong|Surf|p1a: Poliwrath\n|-immune|p1a: Poliwrath|[from] ability: Water Absorb\n|\n|upkeep\n|turn|9\n|inactive|Time left: 300 sec this turn | 300 sec total\n|\n|t:|1783553602\n|move|p2a: Dewgong|Knock Off|p1a: Poliwrath\n|-resisted|p1a: Poliwrath\n|-damage|p1a: Poliwrath|271/302\n|-enditem|p1a: Poliwrath|Assault Vest|[from] move: Knock Off|[of] p2a: Dewgong\n|move|p1a: Poliwrath|Close Combat|p2a: Dewgong\n|-supereffective|p2a: Dewgong\n|-damage|p2a: Dewgong|13/100\n|-unboost|p1a: Poliwrath|def|1\n|-unboost|p1a: Poliwrath|spd|1\n|\n|upkeep\n|turn|10\n|inactive|Time left: 300 sec this turn | 300 sec total\n|\n|t:|1783553603\n|move|p2a: Dewgong|Triple Axel|p1a: Poliwrath\n|-resisted|p1a: Poliwrath\n|-damage|p1a: Poliwrath|256/302\n|-resisted|p1a: Poliwrath\n|-damage|p1a: Poliwrath|227/302\n|-resisted|p1a: Poliwrath\n|-damage|p1a: Poliwrath|187/302\n|-hitcount|p1a: Poliwrath|3\n|move|p1a: Poliwrath|Knock Off|p2a: Dewgong\n|-damage|p2a: Dewgong|0 fnt\n|-enditem|p2a: Dewgong|Heavy-Duty Boots|[from] move: Knock Off|[of] p1a: Poliwrath\n|faint|p2a: Dewgong\n|\n|upkeep\n|\n|t:|1783553604\n|switch|p2a: Bastiodon|Bastiodon, L89, F|100/100\n|turn|11\n|inactive|Time left: 300 sec this turn | 300 sec total\n|\n|t:|1783553605\n|switch|p2a: Camerupt|Camerupt, L91, F|100/100\n|move|p1a: Poliwrath|Close Combat|p2a: Camerupt\n|-damage|p2a: Camerupt|49/100\n|-unboost|p1a: Poliwrath|def|1\n|-unboost|p1a: Poliwrath|spd|1\n|\n|-heal|p2a: Camerupt|55/100|[from] item: Leftovers\n|upkeep\n|turn|12\n|inactive|Time left: 300 sec this turn | 300 sec total\n|\n|t:|1783553606\n|switch|p2a: Bastiodon|Bastiodon, L89, F|100/100\n|move|p1a: Poliwrath|Liquidation|p2a: Bastiodon\n|-supereffective|p2a: Bastiodon\n|-damage|p2a: Bastiodon|60/100\n|\n|upkeep\n|turn|13\n|inactive|Time left: 300 sec this turn | 300 sec total\n|\n|t:|1783553608\n|move|p1a: Poliwrath|Close Combat|p2a: Bastiodon\n|-supereffective|p2a: Bastiodon\n|-crit|p2a: Bastiodon\n|-damage|p2a: Bastiodon|0 fnt\n|-unboost|p1a: Poliwrath|def|1\n|-unboost|p1a: Poliwrath|spd|1\n|faint|p2a: Bastiodon\n|\n|upkeep\n|\n|t:|1783553609\n|switch|p2a: Conkeldurr|Conkeldurr, L80, F, tera:Normal|45/100 brn\n|turn|14\n|inactive|Time left: 300 sec this turn | 300 sec total\n|\n|t:|1783553610\n|move|p2a: Conkeldurr|Mach Punch|p1a: Poliwrath\n|-damage|p1a: Poliwrath|16/302\n|move|p1a: Poliwrath|Close Combat|p2a: Conkeldurr\n|-supereffective|p2a: Conkeldurr\n|-damage|p2a: Conkeldurr|0 fnt\n|-unboost|p1a: Poliwrath|def|1\n|-unboost|p1a: Poliwrath|spd|1\n|faint|p2a: Conkeldurr\n|\n|upkeep\n|\n|t:|1783553611\n|switch|p2a: Camerupt|Camerupt, L91, F|55/100\n|turn|15\n|inactive|Time left: 300 sec this turn | 300 sec total\n|\n|t:|1783553612\n|move|p1a: Poliwrath|Liquidation|p2a: Camerupt\n|-supereffective|p2a: Camerupt\n|-damage|p2a: Camerupt|0 fnt\n|faint|p2a: Camerupt\n|\n|win|p0x11747983", "uploadtime": 1783553612, "views": 0, "rating": 0, "private": 0, "password": null, "_winner": "p0x11747983", "_our_name": "p0x11747983"}