{"id": "battle-gen9randombattle-1197", "formatid": "gen9randombattle", "format": "[Gen 9] Random Battle", "players": ["p0x11979c07", "p0y1197fcbb"], "log": "|init|battle\n|title|p0x11979c07 vs. p0y1197fcbb\n|j|\u2606p0x11979c07\n|j|\u2606p0y1197fcbb\n|t:|1783553876\n|gametype|singles\n|player|p1|p0x11979c07|266|\n|player|p2|p0y1197fcbb|101|\n|gen|9\n|tier|[Gen 9] Random Battle\n|rule|Species Clause: Limit one of each Pok\u00e9mon\n|rule|HP Percentage Mod: HP is shown in percentages\n|rule|Sleep Clause Mod: Limit one foe put to sleep\n|rule|Illusion Level Mod: Illusion disguises the Pok\u00e9mon's true level\n|\n|t:|1783553876\n|teamsize|p1|6\n|teamsize|p2|6\n|start\n|switch|p1a: Gothitelle|Gothitelle, L90, M|100/100\n|switch|p2a: Lanturn|Lanturn, L89, F|367/367\n|turn|1\n|inactive|Battle timer is ON: inactive players will automatically lose when time's up. (requested by p0y1197fcbb)\n|inactive|p0x11979c07 also wants the timer to be on.\n|\n|t:|1783553877\n|move|p2a: Lanturn|Scald|p1a: Gothitelle\n|-damage|p1a: Gothitelle|78/100\n|move|p1a: Gothitelle|Calm Mind|p1a: Gothitelle\n|-boost|p1a: Gothitelle|spa|1\n|-boost|p1a: Gothitelle|spd|1\n|\n|-heal|p1a: Gothitelle|85/100|[from] item: Leftovers\n|upkeep\n|turn|2\n|inactive|Time left: 300 sec this turn | 300 sec total\n|\n|t:|1783553878\n|move|p2a: Lanturn|Scald|p1a: Gothitelle\n|-damage|p1a: Gothitelle|70/100\n|move|p1a: Gothitelle|Calm Mind|p1a: Gothitelle\n|-boost|p1a: Gothitelle|spa|1\n|-boost|p1a: Gothitelle|spd|1\n|\n|-heal|p1a: Gothitelle|76/100|[from] item: Leftovers\n|upkeep\n|turn|3\n|inactive|Time left: 300 sec this turn | 300 sec total\n|\n|t:|1783553878\n|move|p2a: Lanturn|Thunder Wave|p1a: Gothitelle\n|-status|p1a: Gothitelle|par\n|move|p1a: Gothitelle|Psychic Noise|p2a: Lanturn\n|-crit|p2a: Lanturn\n|-damage|p2a: Lanturn|57/367\n|-start|p2a: Lanturn|move: Heal Block\n|\n|-heal|p1a: Gothitelle|82/100 par|[from] item: Leftovers\n|upkeep\n|turn|4\n|inactive|Time left: 300 sec this turn | 300 sec total\n|\n|t:|1783553879\n|move|p2a: Lanturn|Thunderbolt|p1a: Gothitelle\n|-damage|p1a: Gothitelle|69/100 par\n|cant|p1a: Gothitelle|par\n|\n|-heal|p1a: Gothitelle|75/100 par|[from] item: Leftovers\n|-end|p2a: Lanturn|move: Heal Block\n|upkeep\n|turn|5\n|inactive|Time left: 300 sec this turn | 300 sec total\n|\n|t:|1783553880\n|move|p2a: Lanturn|Thunderbolt|p1a: Gothitelle\n|-damage|p1a: Gothitelle|63/100 par\n|cant|p1a: Gothitelle|par\n|\n|-heal|p2a: Lanturn|79/367|[from] item: Leftovers\n|-heal|p1a: Gothitelle|69/100 par|[from] item: Leftovers\n|upkeep\n|turn|6\n|inactive|Time left: 300 sec this turn | 300 sec total\n|\n|t:|1783553880\n|move|p2a: Lanturn|Thunderbolt|p1a: Gothitelle\n|-damage|p1a: Gothitelle|56/100 par\n|cant|p1a: Gothitelle|par\n|\n|-heal|p2a: Lanturn|101/367|[from] item: Leftovers\n|-heal|p1a: Gothitelle|62/100 par|[from] item: Leftovers\n|upkeep\n|turn|7\n|inactive|Time left: 300 sec this turn | 300 sec total\n|\n|t:|1783553881\n|move|p2a: Lanturn|Scald|p1a: Gothitelle\n|-damage|p1a: Gothitelle|50/100 par\n|move|p1a: Gothitelle|Psychic Noise|p2a: Lanturn\n|-damage|p2a: Lanturn|0 fnt\n|faint|p2a: Lanturn\n|\n|-heal|p1a: Gothitelle|56/100 par|[from] item: Leftovers\n|upkeep\n|inactive|Time left: 300 sec this turn | 300 sec total | 5 sec grace\n|\n|t:|1783553882\n|switch|p2a: Gumshoos|Gumshoos, L95, M|321/321\n|turn|8\n|inactive|Time left: 300 sec this turn | 300 sec total\n|\n|t:|1783553883\n|-terastallize|p1a: Gothitelle|Fairy\n|move|p2a: Gumshoos|Knock Off|p1a: Gothitelle\n|-resisted|p1a: Gothitelle\n|-damage|p1a: Gothitelle|31/100 par\n|-enditem|p1a: Gothitelle|Leftovers|[from] move: Knock Off|[of] p2a: Gumshoos\n|move|p1a: Gothitelle|Focus Blast|p2a: Gumshoos\n|-supereffective|p2a: Gumshoos\n|-damage|p2a: Gumshoos|0 fnt\n|faint|p2a: Gumshoos\n|\n|upkeep\n|inactive|Time left: 300 sec this turn | 300 sec total | 5 sec grace\n|\n|t:|1783553884\n|switch|p2a: Meowscarada|Meowscarada, L78, F|247/247\n|turn|9\n|inactive|Time left: 300 sec this turn | 300 sec total\n|\n|t:|1783553885\n|move|p2a: Meowscarada|Triple Axel|p1a: Gothitelle\n|-start|p2a: Meowscarada|typechange|Ice|[from] ability: Protean\n|-damage|p1a: Gothitelle|21/100 par\n|-damage|p1a: Gothitelle|2/100 par\n|-damage|p1a: Gothitelle|0 fnt\n|faint|p1a: Gothitelle\n|-hitcount|p1: Gothitelle|3\n|\n|upkeep\n|\n|t:|1783553886\n|switch|p1a: Araquanid|Araquanid, L82, M|100/100\n|turn|10\n|inactive|Time left: 300 sec this turn | 300 sec total\n|\n|t:|1783553888\n|move|p2a: Meowscarada|Triple Axel|p1a: Araquanid\n|-resisted|p1a: Araquanid\n|-damage|p1a: Araquanid|94/100\n|-resisted|p1a: Araquanid\n|-damage|p1a: Araquanid|83/100\n|-resisted|p1a: Araquanid\n|-damage|p1a: Araquanid|63/100\n|-hitcount|p1a: Araquanid|3\n|move|p1a: Araquanid|Sticky Web|p2a: Meowscarada\n|-sidestart|p2: p0y1197fcbb|move: Sticky Web\n|\n|upkeep\n|turn|11\n|inactive|Time left: 300 sec this turn | 300 sec total\n|\n|t:|1783553889\n|move|p2a: Meowscarada|Triple Axel|p1a: Araquanid\n|-resisted|p1a: Araquanid\n|-damage|p1a: Araquanid|56/100\n|-resisted|p1a: Araquanid\n|-damage|p1a: Araquanid|43/100\n|-resisted|p1a: Araquanid\n|-damage|p1a: Araquanid|23/100\n|-hitcount|p1a: Araquanid|3\n|move|p1a: Araquanid|Leech Life|p2a: Meowscarada\n|-damage|p2a: Meowscarada|171/247\n|-heal|p1a: Araquanid|39/100|[from] drain|[of] p2a: Meowscarada\n|\n|upkeep\n|turn|12\n|inactive|Time left: 300 sec this turn | 300 sec total\n|\n|t:|1783553890\n|move|p2a: Meowscarada|Triple Axel|p1a: Araquanid\n|-resisted|p1a: Araquanid\n|-damage|p1a: Araquanid|33/100\n|-resisted|p1a: Araquanid\n|-damage|p1a: Araquanid|21/100\n|-resisted|p1a: Araquanid\n|-damage|p1a: Araquanid|2/100\n|-hitcount|p1a: Araquanid|3\n|move|p1a: Araquanid|Liquidation|p2a: Meowscarada\n|-damage|p2a: Meowscarada|5/247\n|\n|upkeep\n|turn|13\n|inactive|Time left: 300 sec this turn | 300 sec total\n|\n|t:|1783553891\n|switch|p1a: Lanturn|Lanturn, L89, M|100/100\n|move|p2a: Meowscarada|Triple Axel|p1a: Lanturn\n|-resisted|p1a: Lanturn\n|-damage|p1a: Lanturn|95/100\n|-resisted|p1a: Lanturn\n|-damage|p1a: Lanturn|85/100\n|-resisted|p1a: Lanturn\n|-damage|p1a: Lanturn|69/100\n|-hitcount|p1a: Lanturn|3\n|\n|-heal|p1a: Lanturn|75/100|[from] item: Leftovers\n|upkeep\n|turn|14\n|inactive|Time left: 300 sec this turn | 300 sec total\n|\n|t:|1783553892\n|move|p2a: Meowscarada|Triple Axel|p1a: Lanturn\n|-resisted|p1a: Lanturn\n|-damage|p1a: Lanturn|70/100\n|-resisted|p1a: Lanturn\n|-damage|p1a: Lanturn|59/100\n|-resisted|p1a: Lanturn\n|-damage|p1a: Lanturn|42/100\n|-hitcount|p1a: Lanturn|3\n|move|p1a: Lanturn|Scald|p2a: Meowscarada\n|-damage|p2a: Meowscarada|0 fnt\n|faint|p2a: Meowscarada\n|\n|-heal|p1a: Lanturn|48/100|[from] item: Leftovers\n|upkeep\n|inactive|Time left: 300 sec this turn | 300 sec total | 5 sec grace\n|\n|t:|1783553893\n|switch|p2a: Drifblim|Drifblim, L86, M|396/396\n|turn|15\n|inactive|Time left: 300 sec this turn | 300 sec total\n|\n|t:|1783553894\n|move|p2a: Drifblim|Calm Mind|p2a: Drifblim\n|-boost|p2a: Drifblim|spa|1\n|-boost|p2a: Drifblim|spd|1\n|move|p1a: Lanturn|Thunderbolt|p2a: Drifblim\n|-supereffective|p2a: Drifblim\n|-damage|p2a: Drifblim|240/396\n|\n|-heal|p1a: Lanturn|54/100|[from] item: Leftovers\n|upkeep\n|turn|16\n|inactive|Time left: 300 sec this turn | 300 sec total\n|\n|t:|1783553895\n|move|p2a: Drifblim|Strength Sap|p1a: Lanturn\n|-unboost|p1a: Lanturn|atk|1\n|-heal|p2a: Drifblim|348/396\n|move|p1a: Lanturn|Thunder Wave|p2a: Drifblim\n|-status|p2a: Drifblim|par\n|\n|-heal|p1a: Lanturn|60/100|[from] item: Leftovers\n|upkeep\n|turn|17\n|inactive|Time left: 300 sec this turn | 300 sec total\n|\n|t:|1783553896\n|move|p1a: Lanturn|Thunderbolt|p2a: Drifblim\n|-supereffective|p2a: Drifblim\n|-damage|p2a: Drifblim|180/396 par\n|-enditem|p2a: Drifblim|Sitrus Berry|[eat]\n|-heal|p2a: Drifblim|279/396 par|[from] item: Sitrus Berry\n|move|p2a: Drifblim|Shadow Ball|p1a: Lanturn\n|-damage|p1a: Lanturn|21/100\n|-unboost|p1a: Lanturn|spd|1\n|\n|-heal|p1a: Lanturn|27/100|[from] item: Leftovers\n|upkeep\n|turn|18\n|inactive|Time left: 300 sec this turn | 300 sec total\n|\n|t:|1783553897\n|move|p2a: Drifblim|Shadow Ball|p1a: Lanturn\n|-damage|p1a: Lanturn|0 fnt\n|faint|p1a: Lanturn\n|\n|upkeep\n|\n|t:|1783553898\n|switch|p1a: Mew|Mew, L82|100/100\n|turn|19\n|inactive|Time left: 300 sec this turn | 300 sec total\n|\n|t:|1783553899\n|move|p1a: Mew|Nasty Plot|p1a: Mew\n|-boost|p1a: Mew|spa|2\n|move|p2a: Drifblim|Shadow Ball|p1a: Mew\n|-supereffective|p1a: Mew\n|-damage|p1a: Mew|21/100\n|\n|upkeep\n|turn|20\n|inactive|Time left: 300 sec this turn | 300 sec total\n|\n|t:|1783553901\n|move|p1a: Mew|Psyshock|p2a: Drifblim\n|-damage|p2a: Drifblim|0 fnt\n|faint|p2a: Drifblim\n|-damage|p1a: Mew|12/100|[from] item: Life Orb\n|\n|upkeep\n|inactive|Time left: 300 sec this turn | 300 sec total | 5 sec grace\n|\n|t:|1783553903\n|switch|p2a: Archaludon|Archaludon, L78, M|268/268\n|-activate|p2a: Archaludon|move: Sticky Web\n|-unboost|p2a: Archaludon|spe|1\n|turn|21\n|inactive|Time left: 300 sec this turn | 300 sec total\n|\n|t:|1783553904\n|move|p1a: Mew|Earth Power|p2a: Archaludon\n|-supereffective|p2a: Archaludon\n|-damage|p2a: Archaludon|0 fnt\n|faint|p2a: Archaludon\n|-damage|p1a: Mew|2/100|[from] item: Life Orb\n|\n|upkeep\n|inactive|Time left: 300 sec this turn | 300 sec total | 5 sec grace\n|\n|t:|1783553905\n|switch|p2a: Electivire|Electivire, L84, F|263/263\n|-activate|p2a: Electivire|move: Sticky Web\n|-unboost|p2a: Electivire|spe|1\n|turn|22\n|inactive|Time left: 300 sec this turn | 300 sec total\n|\n|t:|1783553906\n|move|p1a: Mew|Psyshock|p2a: Electivire\n|-damage|p2a: Electivire|0 fnt\n|faint|p2a: Electivire\n|-damage|p1a: Mew|0 fnt|[from] item: Life Orb\n|faint|p1a: Mew\n|\n|win|p0x11979c07", "uploadtime": 1783553906, "views": 0, "rating": 0, "private": 0, "password": null, "_winner": "p0x11979c07", "_our_name": "p0y1197fcbb"}