{"id": "battle-gen9randombattle-2261", "formatid": "gen9randombattle", "format": "[Gen 9] Random Battle", "players": ["p0x22615046", "p0y2261db0e"], "log": "|init|battle\n|title|p0x22615046 vs. p0y2261db0e\n|j|\u2606p0x22615046\n|j|\u2606p0y2261db0e\n|t:|1783566197\n|gametype|singles\n|player|p1|p0x22615046|169|\n|player|p2|p0y2261db0e|102|\n|gen|9\n|tier|[Gen 9] Random Battle\n|rule|Species Clause: Limit one of each Pok\u00e9mon\n|rule|HP Percentage Mod: HP is shown in percentages\n|rule|Sleep Clause Mod: Limit one foe put to sleep\n|rule|Illusion Level Mod: Illusion disguises the Pok\u00e9mon's true level\n|\n|t:|1783566197\n|teamsize|p1|6\n|teamsize|p2|6\n|start\n|switch|p1a: Archaludon|Archaludon, L78, F|268/268\n|switch|p2a: Wo-Chien|Wo-Chien, L83|100/100\n|-ability|p2a: Wo-Chien|Tablets of Ruin\n|turn|1\n|inactive|Battle timer is ON: inactive players will automatically lose when time's up. (requested by p0y2261db0e)\n|inactive|Time left: 300 sec this turn | 300 sec total | 60 sec grace\n|inactive|p0x22615046 also wants the timer to be on.\n|\n|t:|1783566198\n|move|p1a: Archaludon|Stealth Rock|p2a: Wo-Chien\n|-sidestart|p2: p0y2261db0e|move: Stealth Rock\n|move|p2a: Wo-Chien|Leech Seed|p1a: Archaludon\n|-start|p1a: Archaludon|move: Leech Seed\n|\n|-damage|p1a: Archaludon|235/268|[from] Leech Seed|[of] p2a: Wo-Chien\n|upkeep\n|turn|2\n|inactive|Time left: 300 sec this turn | 300 sec total\n|\n|t:|1783566199\n|switch|p1a: Abomasnow|Abomasnow, L84, M|287/287\n|-weather|Snowscape|[from] ability: Snow Warning|[of] p1a: Abomasnow\n|move|p2a: Wo-Chien|Knock Off|p1a: Abomasnow\n|-damage|p1a: Abomasnow|223/287\n|-enditem|p1a: Abomasnow|Light Clay|[from] move: Knock Off|[of] p2a: Wo-Chien\n|\n|-weather|Snowscape|[upkeep]\n|upkeep\n|turn|3\n|inactive|Time left: 300 sec this turn | 300 sec total\n|\n|t:|1783566201\n|move|p2a: Wo-Chien|Knock Off|p1a: Abomasnow\n|-damage|p1a: Abomasnow|175/287\n|move|p1a: Abomasnow|Aurora Veil|p1a: Abomasnow\n|-sidestart|p1: p0x22615046|move: Aurora Veil\n|\n|-weather|Snowscape|[upkeep]\n|upkeep\n|turn|4\n|inactive|Time left: 300 sec this turn | 300 sec total\n|\n|t:|1783566202\n|move|p2a: Wo-Chien|Knock Off|p1a: Abomasnow\n|-damage|p1a: Abomasnow|154/287\n|move|p1a: Abomasnow|Blizzard|p2a: Wo-Chien\n|-supereffective|p2a: Wo-Chien\n|-damage|p2a: Wo-Chien|39/100\n|\n|-weather|Snowscape|[upkeep]\n|-heal|p2a: Wo-Chien|45/100|[from] item: Leftovers\n|upkeep\n|turn|5\n|inactive|Time left: 300 sec this turn | 300 sec total\n|\n|t:|1783566203\n|move|p2a: Wo-Chien|Protect|p2a: Wo-Chien\n|-singleturn|p2a: Wo-Chien|Protect\n|move|p1a: Abomasnow|Blizzard|p2a: Wo-Chien\n|-activate|p2a: Wo-Chien|move: Protect\n|\n|-weather|Snowscape|[upkeep]\n|-heal|p2a: Wo-Chien|51/100|[from] item: Leftovers\n|upkeep\n|turn|6\n|inactive|Time left: 300 sec this turn | 300 sec total\n|\n|t:|1783566204\n|move|p2a: Wo-Chien|Stun Spore|p1a: Abomasnow\n|-immune|p1a: Abomasnow\n|move|p1a: Abomasnow|Blizzard|p2a: Wo-Chien\n|-supereffective|p2a: Wo-Chien\n|-damage|p2a: Wo-Chien|0 fnt\n|faint|p2a: Wo-Chien\n|\n|-weather|none\n|upkeep\n|\n|t:|1783566205\n|switch|p2a: Archaludon|Archaludon, L78, F|100/100\n|-damage|p2a: Archaludon|95/100|[from] Stealth Rock\n|turn|7\n|inactive|Time left: 300 sec this turn | 300 sec total\n|\n|t:|1783566206\n|move|p2a: Archaludon|Swords Dance|p2a: Archaludon\n|-boost|p2a: Archaludon|atk|2\n|move|p1a: Abomasnow|Blizzard|p2a: Archaludon\n|-damage|p2a: Archaludon|36/100\n|-ability|p2a: Archaludon|Stamina|boost\n|-boost|p2a: Archaludon|def|1\n|\n|-sideend|p1: p0x22615046|move: Aurora Veil\n|upkeep\n|turn|8\n|inactive|Time left: 300 sec this turn | 300 sec total\n|\n|t:|1783566208\n|move|p2a: Archaludon|Outrage|p1a: Abomasnow\n|-damage|p1a: Abomasnow|0 fnt\n|faint|p1a: Abomasnow\n|\n|upkeep\n|inactive|Time left: 300 sec this turn | 300 sec total | 5 sec grace\n|\n|t:|1783566208\n|switch|p1a: Glalie|Glalie, L96, M|309/309\n|turn|9\n|inactive|Time left: 300 sec this turn | 300 sec total\n|\n|t:|1783566210\n|move|p1a: Glalie|Freeze-Dry|p2a: Archaludon\n|-damage|p2a: Archaludon|0 fnt\n|faint|p2a: Archaludon\n|\n|upkeep\n|\n|t:|1783566211\n|switch|p2a: Heracross|Heracross, L80, F|100/100\n|-damage|p2a: Heracross|88/100|[from] Stealth Rock\n|turn|10\n|inactive|Time left: 300 sec this turn | 300 sec total\n|\n|t:|1783566212\n|switch|p1a: Spidops|Spidops, L96, M|271/271\n|move|p2a: Heracross|Close Combat|p1a: Spidops\n|-resisted|p1a: Spidops\n|-damage|p1a: Spidops|184/271\n|-unboost|p2a: Heracross|def|1\n|-unboost|p2a: Heracross|spd|1\n|\n|upkeep\n|turn|11\n|inactive|Time left: 300 sec this turn | 300 sec total\n|\n|t:|1783566213\n|switch|p2a: Dudunsparce|Dudunsparce-Three-Segment, L83, M|100/100\n|-damage|p2a: Dudunsparce|88/100|[from] Stealth Rock\n|move|p1a: Spidops|Sticky Web|p2a: Dudunsparce\n|-sidestart|p2: p0y2261db0e|move: Sticky Web\n|\n|-heal|p2a: Dudunsparce|94/100|[from] item: Leftovers\n|upkeep\n|turn|12\n|inactive|Time left: 300 sec this turn | 300 sec total\n|\n|t:|1783566214\n|switch|p1a: Eelektross|Eelektross, L87, F|290/290\n|move|p2a: Dudunsparce|Boomburst|p1a: Eelektross\n|-damage|p1a: Eelektross|155/290\n|\n|-heal|p2a: Dudunsparce|100/100|[from] item: Leftovers\n|-heal|p1a: Eelektross|173/290|[from] item: Leftovers\n|upkeep\n|turn|13\n|inactive|Time left: 300 sec this turn | 300 sec total\n|\n|t:|1783566215\n|move|p2a: Dudunsparce|Boomburst|p1a: Eelektross\n|-damage|p1a: Eelektross|31/290\n|move|p1a: Eelektross|Drain Punch|p2a: Dudunsparce\n|-supereffective|p2a: Dudunsparce\n|-damage|p2a: Dudunsparce|62/100\n|-heal|p1a: Eelektross|97/290|[from] drain|[of] p2a: Dudunsparce\n|\n|-heal|p2a: Dudunsparce|68/100|[from] item: Leftovers\n|-heal|p1a: Eelektross|115/290|[from] item: Leftovers\n|upkeep\n|turn|14\n|inactive|Time left: 300 sec this turn | 300 sec total\n|\n|t:|1783566216\n|switch|p1a: Archaludon|Archaludon, L78, F|235/268\n|move|p2a: Dudunsparce|Boomburst|p1a: Archaludon\n|-resisted|p1a: Archaludon\n|-damage|p1a: Archaludon|153/268\n|-ability|p1a: Archaludon|Stamina|boost\n|-boost|p1a: Archaludon|def|1\n|\n|-heal|p1a: Archaludon|169/268|[from] item: Leftovers\n|-heal|p2a: Dudunsparce|74/100|[from] item: Leftovers\n|upkeep\n|turn|15\n|inactive|Time left: 300 sec this turn | 300 sec total\n|\n|t:|1783566217\n|move|p1a: Archaludon|Body Press|p2a: Dudunsparce\n|-supereffective|p2a: Dudunsparce\n|-crit|p2a: Dudunsparce\n|-damage|p2a: Dudunsparce|0 fnt\n|faint|p2a: Dudunsparce\n|\n|-heal|p1a: Archaludon|185/268|[from] item: Leftovers\n|upkeep\n|\n|t:|1783566218\n|switch|p2a: Heracross|Heracross, L80, F|88/100\n|-damage|p2a: Heracross|76/100|[from] Stealth Rock\n|-activate|p2a: Heracross|move: Sticky Web\n|-unboost|p2a: Heracross|spe|1\n|turn|16\n|inactive|Time left: 300 sec this turn | 300 sec total\n|\n|t:|1783566219\n|-terastallize|p1a: Archaludon|Fighting\n|move|p1a: Archaludon|Body Press|p2a: Heracross\n|-resisted|p2a: Heracross\n|-damage|p2a: Heracross|45/100\n|move|p2a: Heracross|Close Combat|p1a: Archaludon\n|-damage|p1a: Archaludon|62/268\n|-unboost|p2a: Heracross|def|1\n|-unboost|p2a: Heracross|spd|1\n|-ability|p1a: Archaludon|Stamina|boost\n|-boost|p1a: Archaludon|def|1\n|\n|-heal|p1a: Archaludon|78/268|[from] item: Leftovers\n|upkeep\n|turn|17\n|inactive|Time left: 300 sec this turn | 300 sec total\n|\n|t:|1783566220\n|move|p1a: Archaludon|Body Press|p2a: Heracross\n|-resisted|p2a: Heracross\n|-damage|p2a: Heracross|0 fnt\n|faint|p2a: Heracross\n|\n|-heal|p1a: Archaludon|94/268|[from] item: Leftovers\n|upkeep\n|\n|t:|1783566220\n|switch|p2a: Sneasler|Sneasler, L74, F|100/100\n|-damage|p2a: Sneasler|94/100|[from] Stealth Rock\n|-activate|p2a: Sneasler|move: Sticky Web\n|-unboost|p2a: Sneasler|spe|1\n|turn|18\n|inactive|Time left: 300 sec this turn | 300 sec total\n|\n|t:|1783566221\n|move|p1a: Archaludon|Body Press|p2a: Sneasler\n|-resisted|p2a: Sneasler\n|-damage|p2a: Sneasler|39/100\n|move|p2a: Sneasler|Dire Claw|p1a: Archaludon\n|-damage|p1a: Archaludon|42/268\n|-ability|p1a: Archaludon|Stamina|boost\n|-boost|p1a: Archaludon|def|1\n|-status|p1a: Archaludon|psn|[from] ability: Poison Touch|[of] p2a: Sneasler\n|\n|-heal|p1a: Archaludon|58/268 psn|[from] item: Leftovers\n|-damage|p1a: Archaludon|25/268 psn|[from] psn\n|upkeep\n|turn|19\n|inactive|Time left: 300 sec this turn | 300 sec total\n|\n|t:|1783566222\n|move|p1a: Archaludon|Body Press|p2a: Sneasler\n|-resisted|p2a: Sneasler\n|-crit|p2a: Sneasler\n|-damage|p2a: Sneasler|0 fnt\n|faint|p2a: Sneasler\n|\n|-heal|p1a: Archaludon|41/268 psn|[from] item: Leftovers\n|-damage|p1a: Archaludon|8/268 psn|[from] psn\n|upkeep\n|\n|t:|1783566223\n|switch|p2a: Revavroom|Revavroom, L79, F|100/100\n|-damage|p2a: Revavroom|94/100|[from] Stealth Rock\n|-activate|p2a: Revavroom|move: Sticky Web\n|-unboost|p2a: Revavroom|spe|1\n|turn|20\n|inactive|Time left: 300 sec this turn | 300 sec total\n|\n|t:|1783566224\n|-terastallize|p2a: Revavroom|Ground\n|move|p1a: Archaludon|Body Press|p2a: Revavroom\n|-damage|p2a: Revavroom|3/100\n|move|p2a: Revavroom|Shift Gear|p2a: Revavroom\n|-boost|p2a: Revavroom|spe|2\n|-boost|p2a: Revavroom|atk|1\n|\n|-heal|p1a: Archaludon|24/268 psn|[from] item: Leftovers\n|-damage|p1a: Archaludon|0 fnt|[from] psn\n|faint|p1a: Archaludon\n|upkeep\n|inactive|Time left: 300 sec this turn | 300 sec total | 5 sec grace\n|\n|t:|1783566225\n|switch|p1a: Spidops|Spidops, L96, M|184/271\n|turn|21\n|inactive|Time left: 300 sec this turn | 300 sec total\n|\n|t:|1783566226\n|move|p2a: Revavroom|Shift Gear|p2a: Revavroom\n|-boost|p2a: Revavroom|spe|2\n|-boost|p2a: Revavroom|atk|1\n|move|p1a: Spidops|U-turn|p2a: Revavroom\n|-damage|p2a: Revavroom|0 fnt\n|faint|p2a: Revavroom\n|\n|win|p0x22615046", "uploadtime": 1783566226, "views": 0, "rating": 0, "private": 0, "password": null, "_winner": "p0x22615046", "_our_name": "p0x22615046"}