{"id": "battle-gen9randombattle-1315", "formatid": "gen9randombattle", "format": "[Gen 9] Random Battle", "players": ["p0x13156692", "p0y13150d5b"], "log": "|init|battle\n|title|p0x13156692 vs. p0y13150d5b\n|j|\u2606p0x13156692\n|j|\u2606p0y13150d5b\n|t:|1783554396\n|gametype|singles\n|player|p1|p0x13156692|266|\n|player|p2|p0y13150d5b|102|\n|gen|9\n|tier|[Gen 9] Random Battle\n|rule|Species Clause: Limit one of each Pok\u00e9mon\n|rule|HP Percentage Mod: HP is shown in percentages\n|rule|Sleep Clause Mod: Limit one foe put to sleep\n|rule|Illusion Level Mod: Illusion disguises the Pok\u00e9mon's true level\n|\n|t:|1783554396\n|teamsize|p1|6\n|teamsize|p2|6\n|start\n|switch|p1a: Emboar|Emboar, L84, M|322/322\n|switch|p2a: Froslass|Froslass, L87, F|100/100\n|turn|1\n|inactive|Battle timer is ON: inactive players will automatically lose when time's up. (requested by p0y13150d5b)\n|inactive|Time left: 300 sec this turn | 300 sec total | 60 sec grace\n|inactive|p0x13156692 also wants the timer to be on.\n|\n|t:|1783554397\n|switch|p2a: Sandslash|Sandslash, L89, M|100/100\n|move|p1a: Emboar|Flare Blitz|p2a: Sandslash\n|-damage|p2a: Sandslash|50/100\n|-damage|p1a: Emboar|276/322|[from] Recoil\n|\n|-heal|p2a: Sandslash|57/100|[from] item: Leftovers\n|upkeep\n|turn|2\n|inactive|Time left: 300 sec this turn | 300 sec total\n|\n|t:|1783554398\n|move|p1a: Emboar|Flare Blitz|p2a: Sandslash\n|-damage|p2a: Sandslash|2/100\n|-damage|p1a: Emboar|226/322|[from] Recoil\n|move|p2a: Sandslash|Earthquake|p1a: Emboar\n|-supereffective|p1a: Emboar\n|-damage|p1a: Emboar|0 fnt\n|faint|p1a: Emboar\n|\n|-heal|p2a: Sandslash|8/100|[from] item: Leftovers\n|upkeep\n|inactive|Time left: 300 sec this turn | 300 sec total | 5 sec grace\n|\n|t:|1783554399\n|switch|p1a: Dewgong|Dewgong, L94, M|322/322\n|turn|3\n|inactive|Time left: 300 sec this turn | 300 sec total\n|\n|t:|1783554401\n|switch|p2a: Zarude|Zarude, L77|100/100\n|move|p1a: Dewgong|Knock Off|p2a: Zarude\n|-resisted|p2a: Zarude\n|-damage|p2a: Zarude|90/100\n|-enditem|p2a: Zarude|Choice Band|[from] move: Knock Off|[of] p1a: Dewgong\n|\n|upkeep\n|turn|4\n|inactive|Time left: 300 sec this turn | 300 sec total\n|\n|t:|1783554402\n|move|p2a: Zarude|Power Whip|p1a: Dewgong\n|-supereffective|p1a: Dewgong\n|-damage|p1a: Dewgong|88/322\n|move|p1a: Dewgong|Triple Axel|p2a: Zarude\n|-supereffective|p2a: Zarude\n|-damage|p2a: Zarude|75/100\n|-supereffective|p2a: Zarude\n|-damage|p2a: Zarude|48/100\n|-supereffective|p2a: Zarude\n|-damage|p2a: Zarude|4/100\n|-hitcount|p2a: Zarude|3\n|\n|upkeep\n|turn|5\n|inactive|Time left: 300 sec this turn | 300 sec total\n|\n|t:|1783554403\n|switch|p1a: Wo-Chien|Wo-Chien, L83|277/277\n|-ability|p1a: Wo-Chien|Tablets of Ruin\n|move|p2a: Zarude|Knock Off|p1a: Wo-Chien\n|-resisted|p1a: Wo-Chien\n|-damage|p1a: Wo-Chien|240/277\n|-enditem|p1a: Wo-Chien|Leftovers|[from] move: Knock Off|[of] p2a: Zarude\n|\n|upkeep\n|turn|6\n|inactive|Time left: 300 sec this turn | 300 sec total\n|\n|t:|1783554404\n|move|p2a: Zarude|Close Combat|p1a: Wo-Chien\n|-supereffective|p1a: Wo-Chien\n|-damage|p1a: Wo-Chien|126/277\n|-unboost|p2a: Zarude|def|1\n|-unboost|p2a: Zarude|spd|1\n|move|p1a: Wo-Chien|Knock Off|p2a: Zarude\n|-resisted|p2a: Zarude\n|-damage|p2a: Zarude|0 fnt\n|faint|p2a: Zarude\n|\n|upkeep\n|\n|t:|1783554405\n|switch|p2a: Tornadus|Tornadus-Therian, L79, M|100/100\n|turn|7\n|inactive|Time left: 300 sec this turn | 300 sec total\n|\n|t:|1783554406\n|switch|p1a: Zapdos|Zapdos, L78|268/268\n|move|p2a: Tornadus|Bleakwind Storm|p1a: Zapdos\n|-resisted|p1a: Zapdos\n|-damage|p1a: Zapdos|188/268\n|\n|upkeep\n|turn|8\n|inactive|Time left: 300 sec this turn | 300 sec total\n|\n|t:|1783554407\n|move|p2a: Tornadus|Bleakwind Storm|p1a: Zapdos\n|-resisted|p1a: Zapdos\n|-damage|p1a: Zapdos|103/268\n|move|p1a: Zapdos|Discharge|p2a: Tornadus\n|-supereffective|p2a: Tornadus\n|-damage|p2a: Tornadus|25/100\n|\n|upkeep\n|turn|9\n|inactive|Time left: 300 sec this turn | 300 sec total\n|\n|t:|1783554408\n|switch|p2a: Sandslash|Sandslash, L89, M|8/100\n|move|p1a: Zapdos|Roost|p1a: Zapdos\n|-heal|p1a: Zapdos|237/268\n|-singleturn|p1a: Zapdos|move: Roost\n|\n|-heal|p2a: Sandslash|14/100|[from] item: Leftovers\n|upkeep\n|turn|10\n|inactive|Time left: 300 sec this turn | 300 sec total\n|\n|t:|1783554409\n|move|p1a: Zapdos|Hurricane|p2a: Sandslash|[miss]\n|-miss|p1a: Zapdos|p2a: Sandslash\n|move|p2a: Sandslash|Knock Off|p1a: Zapdos\n|-damage|p1a: Zapdos|154/268\n|-status|p2a: Sandslash|par|[from] ability: Static|[of] p1a: Zapdos\n|-enditem|p1a: Zapdos|Heavy-Duty Boots|[from] move: Knock Off|[of] p2a: Sandslash\n|\n|-heal|p2a: Sandslash|20/100 par|[from] item: Leftovers\n|upkeep\n|turn|11\n|inactive|Time left: 300 sec this turn | 300 sec total\n|\n|t:|1783554410\n|move|p1a: Zapdos|Hurricane|p2a: Sandslash\n|-damage|p2a: Sandslash|0 fnt\n|faint|p2a: Sandslash\n|\n|upkeep\n|\n|t:|1783554411\n|switch|p2a: Grimmsnarl|Grimmsnarl, L83, M|100/100\n|turn|12\n|inactive|Time left: 300 sec this turn | 300 sec total\n|\n|t:|1783554412\n|move|p2a: Grimmsnarl|Light Screen|p2a: Grimmsnarl\n|-sidestart|p2: p0y13150d5b|move: Light Screen\n|move|p1a: Zapdos|Discharge|p2a: Grimmsnarl\n|-damage|p2a: Grimmsnarl|82/100\n|\n|upkeep\n|turn|13\n|inactive|Time left: 300 sec this turn | 300 sec total\n|\n|t:|1783554414\n|move|p1a: Zapdos|Roost|p1a: Zapdos\n|-heal|p1a: Zapdos|268/268\n|-singleturn|p1a: Zapdos|move: Roost\n|move|p2a: Grimmsnarl|Spirit Break|p1a: Zapdos\n|-damage|p1a: Zapdos|175/268\n|-unboost|p1a: Zapdos|spa|1\n|\n|upkeep\n|turn|14\n|inactive|Time left: 300 sec this turn | 300 sec total\n|\n|t:|1783554415\n|move|p1a: Zapdos|Roost|p1a: Zapdos\n|-heal|p1a: Zapdos|268/268\n|-singleturn|p1a: Zapdos|move: Roost\n|move|p2a: Grimmsnarl|Spirit Break|p1a: Zapdos\n|-damage|p1a: Zapdos|160/268\n|-unboost|p1a: Zapdos|spa|1\n|-status|p2a: Grimmsnarl|par|[from] ability: Static|[of] p1a: Zapdos\n|\n|upkeep\n|turn|15\n|inactive|Time left: 300 sec this turn | 300 sec total\n|\n|t:|1783554416\n|switch|p1a: Lucario|Lucario, L84, M|255/255\n|move|p2a: Grimmsnarl|Spirit Break|p1a: Lucario\n|-damage|p1a: Lucario|140/255\n|-unboost|p1a: Lucario|spa|1\n|\n|upkeep\n|turn|16\n|inactive|Time left: 300 sec this turn | 300 sec total\n|\n|t:|1783554417\n|move|p2a: Grimmsnarl|Reflect|p2a: Grimmsnarl\n|-sidestart|p2: p0y13150d5b|Reflect\n|move|p1a: Lucario|Meteor Mash|p2a: Grimmsnarl\n|-supereffective|p2a: Grimmsnarl\n|-crit|p2a: Grimmsnarl\n|-damage|p2a: Grimmsnarl|0 fnt\n|faint|p2a: Grimmsnarl\n|-damage|p1a: Lucario|115/255|[from] item: Life Orb\n|\n|upkeep\n|\n|t:|1783554418\n|switch|p2a: Tornadus|Tornadus-Therian, L79, M|58/100\n|turn|17\n|inactive|Time left: 300 sec this turn | 300 sec total\n|\n|t:|1783554420\n|switch|p1a: Zapdos|Zapdos, L78|160/268\n|move|p2a: Tornadus|Bleakwind Storm|p1a: Zapdos\n|-resisted|p1a: Zapdos\n|-damage|p1a: Zapdos|85/268\n|-unboost|p1a: Zapdos|spe|1\n|\n|upkeep\n|turn|18\n|inactive|Time left: 300 sec this turn | 300 sec total\n|\n|t:|1783554421\n|move|p2a: Tornadus|Bleakwind Storm|p1a: Zapdos\n|-resisted|p1a: Zapdos\n|-damage|p1a: Zapdos|3/268\n|move|p1a: Zapdos|Roost|p1a: Zapdos\n|-heal|p1a: Zapdos|137/268\n|-singleturn|p1a: Zapdos|move: Roost\n|\n|upkeep\n|turn|19\n|inactive|Time left: 300 sec this turn | 300 sec total\n|\n|t:|1783554422\n|switch|p2a: Dugtrio|Dugtrio-Alola, L84, M|100/100\n|move|p1a: Zapdos|Roost|p1a: Zapdos\n|-heal|p1a: Zapdos|268/268\n|-singleturn|p1a: Zapdos|move: Roost\n|\n|-sideend|p2: p0y13150d5b|move: Light Screen\n|upkeep\n|turn|20\n|inactive|Time left: 300 sec this turn | 300 sec total\n|\n|t:|1783554423\n|move|p2a: Dugtrio|Swords Dance|p2a: Dugtrio\n|-boost|p2a: Dugtrio|atk|2\n|move|p1a: Zapdos|Hurricane|p2a: Dugtrio\n|-resisted|p2a: Dugtrio\n|-damage|p2a: Dugtrio|62/100\n|\n|upkeep\n|turn|21\n|inactive|Time left: 300 sec this turn | 300 sec total\n|\n|t:|1783554424\n|move|p2a: Dugtrio|Stone Edge|p1a: Zapdos\n|-supereffective|p1a: Zapdos\n|-damage|p1a: Zapdos|0 fnt\n|faint|p1a: Zapdos\n|-damage|p2a: Dugtrio|53/100|[from] item: Life Orb\n|\n|upkeep\n|inactive|Time left: 300 sec this turn | 300 sec total | 5 sec grace\n|\n|t:|1783554425\n|switch|p1a: Luvdisc|Luvdisc, F|247/247\n|turn|22\n|inactive|Time left: 300 sec this turn | 300 sec total\n|\n|t:|1783554426\n|-terastallize|p2a: Dugtrio|Steel\n|move|p1a: Luvdisc|Surf|p2a: Dugtrio\n|-damage|p2a: Dugtrio|8/100\n|move|p2a: Dugtrio|Earthquake|p1a: Luvdisc\n|-damage|p1a: Luvdisc|0 fnt\n|faint|p1a: Luvdisc\n|-damage|p2a: Dugtrio|0 fnt|[from] item: Life Orb\n|faint|p2a: Dugtrio\n|\n|upkeep\n|inactive|Time left: 300 sec this turn | 300 sec total | 5 sec grace\n|\n|t:|1783554427\n|switch|p1a: Wo-Chien|Wo-Chien, L83|126/277\n|switch|p2a: Tornadus|Tornadus-Therian, L79, M|91/100\n|-ability|p1a: Wo-Chien|Tablets of Ruin\n|turn|23\n|inactive|Time left: 300 sec this turn | 300 sec total\n|\n|t:|1783554428\n|-terastallize|p1a: Wo-Chien|Poison\n|move|p2a: Tornadus|Bleakwind Storm|p1a: Wo-Chien|[miss]\n|-miss|p2a: Tornadus|p1a: Wo-Chien\n|move|p1a: Wo-Chien|Leech Seed|p2a: Tornadus\n|-start|p2a: Tornadus|move: Leech Seed\n|\n|-damage|p2a: Tornadus|79/100|[from] Leech Seed|[of] p1a: Wo-Chien\n|-heal|p1a: Wo-Chien|157/277|[silent]\n|-sideend|p2: p0y13150d5b|Reflect\n|upkeep\n|turn|24\n|inactive|Time left: 300 sec this turn | 300 sec total\n|\n|t:|1783554429\n|move|p2a: Tornadus|Bleakwind Storm|p1a: Wo-Chien\n|-damage|p1a: Wo-Chien|52/277\n|move|p1a: Wo-Chien|Knock Off|p2a: Tornadus\n|-damage|p2a: Tornadus|36/100\n|-enditem|p2a: Tornadus|Choice Specs|[from] move: Knock Off|[of] p1a: Wo-Chien\n|\n|-damage|p2a: Tornadus|24/100|[from] Leech Seed|[of] p1a: Wo-Chien\n|-heal|p1a: Wo-Chien|83/277|[silent]\n|upkeep\n|turn|25\n|inactive|Time left: 300 sec this turn | 300 sec total\n|\n|t:|1783554431\n|switch|p2a: Froslass|Froslass, L87, F|100/100\n|move|p1a: Wo-Chien|Knock Off|p2a: Froslass\n|-supereffective|p2a: Froslass\n|-damage|p2a: Froslass|27/100\n|-start|p1a: Wo-Chien|Disable|Knock Off|[from] ability: Cursed Body|[of] p2a: Froslass\n|-enditem|p2a: Froslass|Wide Lens|[from] move: Knock Off|[of] p1a: Wo-Chien\n|\n|upkeep\n|turn|26\n|inactive|Time left: 300 sec this turn | 300 sec total\n|\n|t:|1783554432\n|move|p2a: Froslass|Triple Axel|p1a: Wo-Chien\n|-damage|p1a: Wo-Chien|70/277\n|-hitcount|p1a: Wo-Chien|1\n|move|p1a: Wo-Chien|Leech Seed|p2a: Froslass\n|-start|p2a: Froslass|move: Leech Seed\n|\n|-damage|p2a: Froslass|15/100|[from] Leech Seed|[of] p1a: Wo-Chien\n|-heal|p1a: Wo-Chien|102/277|[silent]\n|upkeep\n|turn|27\n|inactive|Time left: 300 sec this turn | 300 sec total\n|\n|t:|1783554433\n|move|p2a: Froslass|Triple Axel|p1a: Wo-Chien\n|-damage|p1a: Wo-Chien|87/277\n|-damage|p1a: Wo-Chien|57/277\n|-damage|p1a: Wo-Chien|15/277\n|-hitcount|p1a: Wo-Chien|3\n|move|p1a: Wo-Chien|Leech Seed||[still]\n|-fail|p1a: Wo-Chien\n|\n|-damage|p2a: Froslass|2/100|[from] Leech Seed|[of] p1a: Wo-Chien\n|-heal|p1a: Wo-Chien|47/277|[silent]\n|upkeep\n|turn|28\n|inactive|Time left: 300 sec this turn | 300 sec total\n|\n|t:|1783554434\n|switch|p2a: Tornadus|Tornadus-Therian, L79, M|57/100\n|move|p1a: Wo-Chien|Leech Seed|p2a: Tornadus\n|-start|p2a: Tornadus|move: Leech Seed\n|\n|-damage|p2a: Tornadus|45/100|[from] Leech Seed|[of] p1a: Wo-Chien\n|-heal|p1a: Wo-Chien|78/277|[silent]\n|-end|p1a: Wo-Chien|Disable\n|upkeep\n|turn|29\n|inactive|Time left: 300 sec this turn | 300 sec total\n|\n|t:|1783554435\n|move|p2a: Tornadus|U-turn|p1a: Wo-Chien\n|-resisted|p1a: Wo-Chien\n|-crit|p1a: Wo-Chien\n|-damage|p1a: Wo-Chien|55/277\n|\n|t:|1783554435\n|switch|p2a: Froslass|Froslass, L87, F|2/100|[from] U-turn\n|move|p1a: Wo-Chien|Knock Off|p2a: Froslass\n|-supereffective|p2a: Froslass\n|-damage|p2a: Froslass|0 fnt\n|faint|p2a: Froslass\n|\n|upkeep\n|\n|t:|1783554436\n|switch|p2a: Tornadus|Tornadus-Therian, L79, M|78/100\n|turn|30\n|inactive|Time left: 300 sec this turn | 300 sec total\n|\n|t:|1783554437\n|move|p1a: Wo-Chien|Protect|p1a: Wo-Chien\n|-singleturn|p1a: Wo-Chien|Protect\n|move|p2a: Tornadus|Bleakwind Storm|p1a: Wo-Chien\n|-activate|p1a: Wo-Chien|move: Protect\n|\n|upkeep\n|turn|31\n|inactive|Time left: 300 sec this turn | 300 sec total\n|\n|t:|1783554438\n|move|p2a: Tornadus|Bleakwind Storm|p1a: Wo-Chien|[miss]\n|-miss|p2a: Tornadus|p1a: Wo-Chien\n|move|p1a: Wo-Chien|Leech Seed|p2a: Tornadus\n|-start|p2a: Tornadus|move: Leech Seed\n|\n|-damage|p2a: Tornadus|65/100|[from] Leech Seed|[of] p1a: Wo-Chien\n|-heal|p1a: Wo-Chien|86/277|[silent]\n|upkeep\n|turn|32\n|inactive|Time left: 300 sec this turn | 300 sec total\n|\n|t:|1783554439\n|move|p2a: Tornadus|Bleakwind Storm|p1a: Wo-Chien\n|-damage|p1a: Wo-Chien|7/277\n|move|p1a: Wo-Chien|Knock Off|p2a: Tornadus\n|-crit|p2a: Tornadus\n|-damage|p2a: Tornadus|26/100\n|\n|-damage|p2a: Tornadus|14/100|[from] Leech Seed|[of] p1a: Wo-Chien\n|-heal|p1a: Wo-Chien|38/277|[silent]\n|upkeep\n|turn|33\n|inactive|Time left: 300 sec this turn | 300 sec total\n|\n|t:|1783554440\n|move|p2a: Tornadus|Bleakwind Storm|p1a: Wo-Chien|[miss]\n|-miss|p2a: Tornadus|p1a: Wo-Chien\n|move|p1a: Wo-Chien|Knock Off|p2a: Tornadus\n|-damage|p2a: Tornadus|0 fnt\n|faint|p2a: Tornadus\n|\n|win|p0x13156692", "uploadtime": 1783554440, "views": 0, "rating": 0, "private": 0, "password": null, "_winner": "p0x13156692", "_our_name": "p0x13156692"}