{"id": "battle-gen9randombattle-36", "formatid": "gen9randombattle", "format": "[Gen 9] Random Battle", "players": ["p0x036b828", "p0y036fbae"], "log": "|init|battle\n|title|p0x036b828 vs. p0y036fbae\n|j|\u2606p0x036b828\n|j|\u2606p0y036fbae\n|t:|1783539854\n|gametype|singles\n|player|p1|p0x036b828|102|\n|player|p2|p0y036fbae|169|\n|gen|9\n|tier|[Gen 9] Random Battle\n|rule|Species Clause: Limit one of each Pok\u00e9mon\n|rule|HP Percentage Mod: HP is shown in percentages\n|rule|Sleep Clause Mod: Limit one foe put to sleep\n|rule|Illusion Level Mod: Illusion disguises the Pok\u00e9mon's true level\n|\n|t:|1783539854\n|teamsize|p1|6\n|teamsize|p2|6\n|start\n|switch|p1a: Gholdengo|Gholdengo, L77|100/100\n|switch|p2a: Glimmora|Glimmora, L75, F|248/248\n|turn|1\n|inactive|Battle timer is ON: inactive players will automatically lose when time's up. (requested by p0x036b828)\n|inactive|Time left: 300 sec this turn | 300 sec total | 60 sec grace\n|inactive|p0y036fbae also wants the timer to be on.\n|\n|t:|1783539855\n|move|p1a: Gholdengo|Nasty Plot|p1a: Gholdengo\n|-boost|p1a: Gholdengo|spa|2\n|move|p2a: Glimmora|Earth Power|p1a: Gholdengo\n|-supereffective|p1a: Gholdengo\n|-damage|p1a: Gholdengo|42/100\n|\n|-heal|p1a: Gholdengo|48/100|[from] item: Leftovers\n|upkeep\n|turn|2\n|inactive|Time left: 300 sec this turn | 300 sec total\n|\n|t:|1783539857\n|move|p1a: Gholdengo|Make It Rain|p2a: Glimmora\n|-supereffective|p2a: Glimmora\n|-enditem|p2a: Glimmora|Focus Sash\n|-damage|p2a: Glimmora|1/248\n|-unboost|p1a: Gholdengo|spa|1\n|move|p2a: Glimmora|Earth Power|p1a: Gholdengo\n|-supereffective|p1a: Gholdengo\n|-damage|p1a: Gholdengo|0 fnt\n|faint|p1a: Gholdengo\n|\n|upkeep\n|\n|t:|1783539858\n|switch|p1a: Kyogre|Kyogre, L71|100/100\n|-weather|RainDance|[from] ability: Drizzle|[of] p1a: Kyogre\n|turn|3\n|inactive|Time left: 300 sec this turn | 300 sec total\n|\n|t:|1783539859\n|move|p2a: Glimmora|Sludge Wave|p1a: Kyogre\n|-damage|p1a: Kyogre|65/100\n|move|p1a: Kyogre|Calm Mind|p1a: Kyogre\n|-boost|p1a: Kyogre|spa|1\n|-boost|p1a: Kyogre|spd|1\n|\n|-weather|RainDance|[upkeep]\n|-heal|p1a: Kyogre|71/100|[from] item: Leftovers\n|upkeep\n|turn|4\n|inactive|Time left: 300 sec this turn | 300 sec total\n|\n|t:|1783539860\n|move|p2a: Glimmora|Stealth Rock|p1a: Kyogre\n|-sidestart|p1: p0x036b828|move: Stealth Rock\n|move|p1a: Kyogre|Origin Pulse|p2a: Glimmora\n|-supereffective|p2a: Glimmora\n|-damage|p2a: Glimmora|0 fnt\n|faint|p2a: Glimmora\n|\n|-weather|RainDance|[upkeep]\n|-heal|p1a: Kyogre|77/100|[from] item: Leftovers\n|upkeep\n|inactive|Time left: 300 sec this turn | 300 sec total | 5 sec grace\n|\n|t:|1783539861\n|switch|p2a: Tauros|Tauros, L82, M|257/257\n|turn|5\n|inactive|Time left: 300 sec this turn | 300 sec total\n|\n|t:|1783539861\n|move|p2a: Tauros|Body Slam|p1a: Kyogre\n|-damage|p1a: Kyogre|15/100\n|move|p1a: Kyogre|Origin Pulse|p2a: Tauros\n|-damage|p2a: Tauros|0 fnt\n|faint|p2a: Tauros\n|\n|-weather|RainDance|[upkeep]\n|-heal|p1a: Kyogre|21/100|[from] item: Leftovers\n|upkeep\n|inactive|Time left: 300 sec this turn | 300 sec total | 5 sec grace\n|\n|t:|1783539862\n|switch|p2a: Kricketune|Kricketune, L99, F|312/312\n|turn|6\n|inactive|Time left: 300 sec this turn | 300 sec total\n|\n|t:|1783539864\n|move|p2a: Kricketune|Knock Off|p1a: Kyogre\n|-damage|p1a: Kyogre|0 fnt\n|-enditem|p1a: Kyogre|Leftovers|[from] move: Knock Off|[of] p2a: Kricketune\n|faint|p1a: Kyogre\n|\n|-weather|RainDance|[upkeep]\n|upkeep\n|\n|t:|1783539865\n|switch|p1a: Zacian|Zacian, L69|100/100\n|-damage|p1a: Zacian|88/100|[from] Stealth Rock\n|-ability|p1a: Zacian|Intrepid Sword|boost\n|-boost|p1a: Zacian|atk|1\n|turn|7\n|inactive|Time left: 300 sec this turn | 300 sec total\n|\n|t:|1783539866\n|move|p1a: Zacian|Play Rough|p2a: Kricketune\n|-damage|p2a: Kricketune|133/312\n|-damage|p1a: Zacian|78/100|[from] item: Life Orb\n|move|p2a: Kricketune|Sticky Web|p1a: Zacian\n|-sidestart|p1: p0x036b828|move: Sticky Web\n|\n|-weather|none\n|upkeep\n|turn|8\n|inactive|Time left: 300 sec this turn | 300 sec total\n|\n|t:|1783539867\n|move|p1a: Zacian|Swords Dance|p1a: Zacian\n|-boost|p1a: Zacian|atk|2\n|move|p2a: Kricketune|Pounce|p1a: Zacian\n|-resisted|p1a: Zacian\n|-damage|p1a: Zacian|58/100\n|-unboost|p1a: Zacian|spe|1\n|\n|upkeep\n|turn|9\n|inactive|Time left: 300 sec this turn | 300 sec total\n|\n|t:|1783539868\n|move|p2a: Kricketune|Pounce|p1a: Zacian\n|-resisted|p1a: Zacian\n|-damage|p1a: Zacian|40/100\n|-unboost|p1a: Zacian|spe|1\n|move|p1a: Zacian|Psychic Fangs|p2a: Kricketune\n|-damage|p2a: Kricketune|0 fnt\n|faint|p2a: Kricketune\n|-damage|p1a: Zacian|30/100|[from] item: Life Orb\n|\n|upkeep\n|inactive|Time left: 300 sec this turn | 300 sec total | 5 sec grace\n|\n|t:|1783539869\n|switch|p2a: Farigiraf|Farigiraf, L90, F|362/362\n|turn|10\n|inactive|Time left: 300 sec this turn | 300 sec total\n|\n|t:|1783539870\n|switch|p1a: Tatsugiri|Tatsugiri, L87, F|100/100\n|move|p2a: Farigiraf|Psychic Noise|p1a: Tatsugiri\n|-damage|p1a: Tatsugiri|64/100\n|-start|p1a: Tatsugiri|move: Heal Block\n|\n|upkeep\n|turn|11\n|inactive|Time left: 300 sec this turn | 300 sec total\n|\n|t:|1783539871\n|move|p1a: Tatsugiri|Rapid Spin|p2a: Farigiraf\n|-damage|p2a: Farigiraf|335/362\n|-boost|p1a: Tatsugiri|spe|1\n|-sideend|p1: p0x036b828|Stealth Rock|[from] move: Rapid Spin|[of] p1a: Tatsugiri\n|-sideend|p1: p0x036b828|Sticky Web|[from] move: Rapid Spin|[of] p1a: Tatsugiri\n|move|p2a: Farigiraf|Body Slam|p1a: Tatsugiri\n|-damage|p1a: Tatsugiri|14/100\n|-status|p1a: Tatsugiri|par\n|\n|-heal|p2a: Farigiraf|357/362|[from] item: Leftovers\n|-end|p1a: Tatsugiri|move: Heal Block\n|upkeep\n|turn|12\n|inactive|Time left: 300 sec this turn | 300 sec total\n|\n|t:|1783539872\n|switch|p1a: Cresselia|Cresselia, L80, F|100/100\n|move|p2a: Farigiraf|Body Slam|p1a: Cresselia\n|-damage|p1a: Cresselia|73/100\n|\n|-heal|p1a: Cresselia|79/100|[from] item: Leftovers\n|-heal|p2a: Farigiraf|362/362|[from] item: Leftovers\n|upkeep\n|turn|13\n|inactive|Time left: 300 sec this turn | 300 sec total\n|\n|t:|1783539873\n|move|p1a: Cresselia|Calm Mind|p1a: Cresselia\n|-boost|p1a: Cresselia|spa|1\n|-boost|p1a: Cresselia|spd|1\n|move|p2a: Farigiraf|Body Slam|p1a: Cresselia\n|-damage|p1a: Cresselia|51/100\n|\n|-heal|p1a: Cresselia|57/100|[from] item: Leftovers\n|upkeep\n|turn|14\n|inactive|Time left: 300 sec this turn | 300 sec total\n|\n|t:|1783539874\n|move|p1a: Cresselia|Calm Mind|p1a: Cresselia\n|-boost|p1a: Cresselia|spa|1\n|-boost|p1a: Cresselia|spd|1\n|move|p2a: Farigiraf|Body Slam|p1a: Cresselia\n|-damage|p1a: Cresselia|30/100\n|\n|-heal|p1a: Cresselia|36/100|[from] item: Leftovers\n|upkeep\n|turn|15\n|inactive|Time left: 300 sec this turn | 300 sec total\n|\n|t:|1783539875\n|move|p1a: Cresselia|Moonlight|p1a: Cresselia\n|-heal|p1a: Cresselia|86/100\n|move|p2a: Farigiraf|Body Slam|p1a: Cresselia\n|-damage|p1a: Cresselia|59/100\n|\n|-heal|p1a: Cresselia|65/100|[from] item: Leftovers\n|upkeep\n|turn|16\n|inactive|Time left: 300 sec this turn | 300 sec total\n|\n|t:|1783539876\n|move|p1a: Cresselia|Moonblast|p2a: Farigiraf\n|-damage|p2a: Farigiraf|239/362\n|move|p2a: Farigiraf|Body Slam|p1a: Cresselia\n|-damage|p1a: Cresselia|40/100\n|\n|-heal|p1a: Cresselia|46/100|[from] item: Leftovers\n|-heal|p2a: Farigiraf|261/362|[from] item: Leftovers\n|upkeep\n|turn|17\n|inactive|Time left: 300 sec this turn | 300 sec total\n|\n|t:|1783539877\n|move|p1a: Cresselia|Moonlight|p1a: Cresselia\n|-heal|p1a: Cresselia|96/100\n|move|p2a: Farigiraf|Body Slam|p1a: Cresselia\n|-damage|p1a: Cresselia|70/100\n|\n|-heal|p1a: Cresselia|76/100|[from] item: Leftovers\n|-heal|p2a: Farigiraf|283/362|[from] item: Leftovers\n|upkeep\n|turn|18\n|inactive|Time left: 300 sec this turn | 300 sec total\n|\n|t:|1783539879\n|move|p1a: Cresselia|Calm Mind|p1a: Cresselia\n|-boost|p1a: Cresselia|spa|1\n|-boost|p1a: Cresselia|spd|1\n|move|p2a: Farigiraf|Body Slam|p1a: Cresselia\n|-damage|p1a: Cresselia|50/100\n|\n|-heal|p1a: Cresselia|56/100|[from] item: Leftovers\n|-heal|p2a: Farigiraf|305/362|[from] item: Leftovers\n|upkeep\n|turn|19\n|inactive|Time left: 300 sec this turn | 300 sec total\n|\n|t:|1783539880\n|move|p1a: Cresselia|Moonblast|p2a: Farigiraf\n|-damage|p2a: Farigiraf|166/362\n|move|p2a: Farigiraf|Body Slam|p1a: Cresselia\n|-crit|p1a: Cresselia\n|-damage|p1a: Cresselia|15/100\n|-status|p1a: Cresselia|par\n|\n|-heal|p2a: Farigiraf|188/362|[from] item: Leftovers\n|-heal|p1a: Cresselia|22/100 par|[from] item: Leftovers\n|upkeep\n|turn|20\n|inactive|Time left: 300 sec this turn | 300 sec total\n|\n|t:|1783539881\n|-terastallize|p1a: Cresselia|Steel\n|move|p2a: Farigiraf|Body Slam|p1a: Cresselia\n|-resisted|p1a: Cresselia\n|-crit|p1a: Cresselia\n|-damage|p1a: Cresselia|2/100 par\n|cant|p1a: Cresselia|par\n|\n|-heal|p2a: Farigiraf|210/362|[from] item: Leftovers\n|-heal|p1a: Cresselia|8/100 par|[from] item: Leftovers\n|upkeep\n|turn|21\n|inactive|Time left: 300 sec this turn | 300 sec total\n|\n|t:|1783539882\n|move|p2a: Farigiraf|Body Slam|p1a: Cresselia\n|-resisted|p1a: Cresselia\n|-damage|p1a: Cresselia|0 fnt\n|faint|p1a: Cresselia\n|\n|-heal|p2a: Farigiraf|232/362|[from] item: Leftovers\n|upkeep\n|\n|t:|1783539883\n|switch|p1a: Donphan|Donphan, L84, M|100/100\n|turn|22\n|inactive|Time left: 300 sec this turn | 300 sec total\n|\n|t:|1783539885\n|move|p2a: Farigiraf|Protect|p2a: Farigiraf\n|-singleturn|p2a: Farigiraf|Protect\n|move|p1a: Donphan|Knock Off|p2a: Farigiraf\n|-activate|p2a: Farigiraf|move: Protect\n|\n|-heal|p2a: Farigiraf|254/362|[from] item: Leftovers\n|upkeep\n|turn|23\n|inactive|Time left: 300 sec this turn | 300 sec total\n|\n|t:|1783539886\n|move|p2a: Farigiraf|Psychic Noise|p1a: Donphan\n|-damage|p1a: Donphan|69/100\n|-start|p1a: Donphan|move: Heal Block\n|move|p1a: Donphan|Knock Off|p2a: Farigiraf\n|-supereffective|p2a: Farigiraf\n|-damage|p2a: Farigiraf|88/362\n|-enditem|p2a: Farigiraf|Leftovers|[from] move: Knock Off|[of] p1a: Donphan\n|\n|upkeep\n|turn|24\n|inactive|Time left: 300 sec this turn | 300 sec total\n|\n|t:|1783539887\n|move|p2a: Farigiraf|Psychic Noise|p1a: Donphan\n|-damage|p1a: Donphan|37/100\n|move|p1a: Donphan|Rapid Spin|p2a: Farigiraf\n|-crit|p2a: Farigiraf\n|-damage|p2a: Farigiraf|19/362\n|-boost|p1a: Donphan|spe|1\n|\n|-end|p1a: Donphan|move: Heal Block\n|upkeep\n|turn|25\n|inactive|Time left: 300 sec this turn | 300 sec total\n|\n|t:|1783539889\n|move|p1a: Donphan|Earthquake|p2a: Farigiraf\n|-damage|p2a: Farigiraf|0 fnt\n|faint|p2a: Farigiraf\n|\n|upkeep\n|inactive|Time left: 300 sec this turn | 300 sec total | 5 sec grace\n|\n|t:|1783539890\n|switch|p2a: Delphox|Delphox, L84, M|263/263\n|turn|26\n|inactive|Time left: 300 sec this turn | 300 sec total\n|\n|t:|1783539891\n|move|p2a: Delphox|Grass Knot|p1a: Donphan\n|-supereffective|p1a: Donphan\n|-damage|p1a: Donphan|0 fnt\n|faint|p1a: Donphan\n|\n|upkeep\n|\n|t:|1783539892\n|switch|p1a: Zacian|Zacian, L69|30/100\n|turn|27\n|inactive|Time left: 300 sec this turn | 300 sec total\n|\n|t:|1783539893\n|-terastallize|p2a: Delphox|Grass\n|move|p1a: Zacian|Play Rough|p2a: Delphox\n|-damage|p2a: Delphox|141/263\n|-damage|p1a: Zacian|20/100|[from] item: Life Orb\n|move|p2a: Delphox|Psyshock|p1a: Zacian\n|-damage|p1a: Zacian|0 fnt\n|faint|p1a: Zacian\n|\n|upkeep\n|\n|t:|1783539894\n|switch|p1a: Tatsugiri|Tatsugiri, L87, F|14/100 par\n|turn|28\n|inactive|Time left: 300 sec this turn | 300 sec total\n|\n|t:|1783539895\n|move|p2a: Delphox|Psyshock|p1a: Tatsugiri\n|-damage|p1a: Tatsugiri|0 fnt\n|faint|p1a: Tatsugiri\n|\n|win|p0y036fbae", "uploadtime": 1783539895, "views": 0, "rating": 0, "private": 0, "password": null, "_winner": "p0y036fbae", "_our_name": "p0y036fbae"}