{"id": "battle-gen9randombattle-1641", "formatid": "gen9randombattle", "format": "[Gen 9] Random Battle", "players": ["p0x164152f8", "p0y1641ffa9"], "log": "|init|battle\n|title|p0x164152f8 vs. p0y1641ffa9\n|j|\u2606p0x164152f8\n|j|\u2606p0y1641ffa9\n|t:|1783558984\n|gametype|singles\n|player|p1|p0x164152f8|170|\n|player|p2|p0y1641ffa9|265|\n|gen|9\n|tier|[Gen 9] Random Battle\n|rule|Species Clause: Limit one of each Pok\u00e9mon\n|rule|HP Percentage Mod: HP is shown in percentages\n|rule|Sleep Clause Mod: Limit one foe put to sleep\n|rule|Illusion Level Mod: Illusion disguises the Pok\u00e9mon's true level\n|\n|t:|1783558984\n|teamsize|p1|6\n|teamsize|p2|6\n|start\n|switch|p1a: Skeledirge|Skeledirge, L79, F|294/294\n|switch|p2a: Darkrai|Darkrai, L77|100/100\n|turn|1\n|inactive|Battle timer is ON: inactive players will automatically lose when time's up. (requested by p0x164152f8)\n|inactive|p0y1641ffa9 also wants the timer to be on.\n|\n|t:|1783558985\n|move|p2a: Darkrai|Dark Pulse|p1a: Skeledirge\n|-supereffective|p1a: Skeledirge\n|-damage|p1a: Skeledirge|18/294\n|-damage|p2a: Darkrai|91/100|[from] item: Life Orb\n|move|p1a: Skeledirge|Torch Song|p2a: Darkrai\n|-damage|p2a: Darkrai|56/100\n|-boost|p1a: Skeledirge|spa|1\n|\n|upkeep\n|turn|2\n|inactive|Time left: 300 sec this turn | 300 sec total\n|\n|t:|1783558986\n|move|p2a: Darkrai|Sludge Bomb|p1a: Skeledirge\n|-resisted|p1a: Skeledirge\n|-damage|p1a: Skeledirge|0 fnt\n|faint|p1a: Skeledirge\n|-damage|p2a: Darkrai|46/100|[from] item: Life Orb\n|\n|upkeep\n|inactive|Time left: 300 sec this turn | 300 sec total | 5 sec grace\n|\n|t:|1783558987\n|switch|p1a: Regieleki|Regieleki, L79|256/256\n|turn|3\n|inactive|Time left: 300 sec this turn | 300 sec total\n|\n|t:|1783558988\n|switch|p2a: Ampharos|Ampharos, L88, F|100/100\n|move|p1a: Regieleki|Thunderbolt|p2a: Ampharos\n|-resisted|p2a: Ampharos\n|-damage|p2a: Ampharos|88/100\n|\n|upkeep\n|turn|4\n|inactive|Time left: 300 sec this turn | 300 sec total\n|\n|t:|1783558990\n|move|p1a: Regieleki|Rapid Spin|p2a: Ampharos\n|-damage|p2a: Ampharos|77/100\n|-boost|p1a: Regieleki|spe|1\n|move|p2a: Ampharos|Thunderbolt|p1a: Regieleki\n|-resisted|p1a: Regieleki\n|-crit|p1a: Regieleki\n|-damage|p1a: Regieleki|116/256\n|\n|upkeep\n|turn|5\n|inactive|Time left: 300 sec this turn | 300 sec total\n|\n|t:|1783558991\n|move|p1a: Regieleki|Thunderbolt|p2a: Ampharos\n|-resisted|p2a: Ampharos\n|-damage|p2a: Ampharos|62/100\n|move|p2a: Ampharos|Thunderbolt|p1a: Regieleki\n|-resisted|p1a: Regieleki\n|-damage|p1a: Regieleki|24/256\n|\n|upkeep\n|turn|6\n|inactive|Time left: 300 sec this turn | 300 sec total\n|\n|t:|1783558992\n|move|p1a: Regieleki|Thunderbolt|p2a: Ampharos\n|-resisted|p2a: Ampharos\n|-damage|p2a: Ampharos|47/100\n|move|p2a: Ampharos|Volt Switch|p1a: Regieleki\n|-resisted|p1a: Regieleki\n|-crit|p1a: Regieleki\n|-damage|p1a: Regieleki|0 fnt\n|faint|p1a: Regieleki\n|\n|t:|1783558993\n|switch|p2a: Heracross|Heracross, L80, M|100/100|[from] Volt Switch\n|\n|upkeep\n|inactive|Time left: 300 sec this turn | 300 sec total | 10 sec grace\n|\n|t:|1783558994\n|switch|p1a: Dusknoir|Dusknoir, L89, M|225/225\n|-item|p2a: Heracross|Choice Band|[from] ability: Frisk|[of] p1a: Dusknoir\n|turn|7\n|inactive|Time left: 300 sec this turn | 300 sec total\n|\n|t:|1783558995\n|move|p2a: Heracross|Knock Off|p1a: Dusknoir\n|-supereffective|p1a: Dusknoir\n|-damage|p1a: Dusknoir|61/225\n|-enditem|p1a: Dusknoir|Leftovers|[from] move: Knock Off|[of] p2a: Heracross\n|move|p1a: Dusknoir|Will-O-Wisp|p2a: Heracross\n|-status|p2a: Heracross|brn\n|\n|-damage|p2a: Heracross|94/100 brn|[from] brn\n|upkeep\n|turn|8\n|inactive|Time left: 300 sec this turn | 300 sec total\n|\n|t:|1783558996\n|move|p2a: Heracross|Knock Off|p1a: Dusknoir\n|-supereffective|p1a: Dusknoir\n|-damage|p1a: Dusknoir|7/225\n|move|p1a: Dusknoir|Pain Split|p2a: Heracross\n|-sethp|p2a: Heracross|49/100 brn|[from] move: Pain Split|[silent]\n|-sethp|p1a: Dusknoir|125/225|[from] move: Pain Split\n|\n|-damage|p2a: Heracross|43/100 brn|[from] brn\n|upkeep\n|turn|9\n|inactive|Time left: 300 sec this turn | 300 sec total\n|\n|t:|1783558998\n|move|p2a: Heracross|Knock Off|p1a: Dusknoir\n|-supereffective|p1a: Dusknoir\n|-damage|p1a: Dusknoir|73/225\n|move|p1a: Dusknoir|Pain Split|p2a: Heracross\n|-sethp|p2a: Heracross|36/100 brn|[from] move: Pain Split|[silent]\n|-sethp|p1a: Dusknoir|91/225|[from] move: Pain Split\n|\n|-damage|p2a: Heracross|29/100 brn|[from] brn\n|upkeep\n|turn|10\n|inactive|Time left: 300 sec this turn | 300 sec total\n|\n|t:|1783558999\n|move|p2a: Heracross|Knock Off|p1a: Dusknoir\n|-supereffective|p1a: Dusknoir\n|-damage|p1a: Dusknoir|35/225\n|move|p1a: Dusknoir|Earthquake|p2a: Heracross\n|-resisted|p2a: Heracross\n|-damage|p2a: Heracross|11/100 brn\n|\n|-damage|p2a: Heracross|5/100 brn|[from] brn\n|upkeep\n|turn|11\n|inactive|Time left: 300 sec this turn | 300 sec total\n|\n|t:|1783559000\n|move|p2a: Heracross|Knock Off|p1a: Dusknoir\n|-supereffective|p1a: Dusknoir\n|-damage|p1a: Dusknoir|0 fnt\n|faint|p1a: Dusknoir\n|-ability|p2a: Heracross|Moxie|boost\n|-boost|p2a: Heracross|atk|1\n|\n|-damage|p2a: Heracross|0 fnt|[from] brn\n|faint|p2a: Heracross\n|upkeep\n|inactive|Time left: 300 sec this turn | 300 sec total | 5 sec grace\n|\n|t:|1783559001\n|switch|p2a: Magmortar|Magmortar, L88, F|100/100\n|switch|p1a: Volcarona|Volcarona, L77, M|257/257\n|turn|12\n|inactive|Time left: 300 sec this turn | 300 sec total\n|\n|t:|1783559002\n|move|p1a: Volcarona|Quiver Dance|p1a: Volcarona\n|-boost|p1a: Volcarona|spa|1\n|-boost|p1a: Volcarona|spd|1\n|-boost|p1a: Volcarona|spe|1\n|move|p2a: Magmortar|Fire Blast|p1a: Volcarona\n|-damage|p1a: Volcarona|148/257\n|\n|upkeep\n|turn|13\n|inactive|Time left: 300 sec this turn | 300 sec total\n|\n|t:|1783559003\n|move|p1a: Volcarona|Quiver Dance|p1a: Volcarona\n|-boost|p1a: Volcarona|spa|1\n|-boost|p1a: Volcarona|spd|1\n|-boost|p1a: Volcarona|spe|1\n|move|p2a: Magmortar|Knock Off|p1a: Volcarona\n|-crit|p1a: Volcarona\n|-damage|p1a: Volcarona|0 fnt\n|-enditem|p1a: Volcarona|Heavy-Duty Boots|[from] move: Knock Off|[of] p2a: Magmortar\n|faint|p1a: Volcarona\n|\n|upkeep\n|inactive|Time left: 300 sec this turn | 300 sec total | 5 sec grace\n|\n|t:|1783559004\n|switch|p1a: Milotic|Milotic, L83, M|293/293\n|turn|14\n|inactive|Time left: 300 sec this turn | 300 sec total\n|\n|t:|1783559005\n|switch|p2a: Ampharos|Ampharos, L88, F|47/100\n|move|p1a: Milotic|Scald|p2a: Ampharos\n|-damage|p2a: Ampharos|28/100\n|-status|p2a: Ampharos|brn\n|\n|-damage|p2a: Ampharos|22/100 brn|[from] brn\n|upkeep\n|turn|15\n|inactive|Time left: 300 sec this turn | 300 sec total\n|\n|t:|1783559006\n|move|p1a: Milotic|Scald|p2a: Ampharos\n|-damage|p2a: Ampharos|5/100 brn\n|move|p2a: Ampharos|Volt Switch|p1a: Milotic\n|-supereffective|p1a: Milotic\n|-damage|p1a: Milotic|143/293\n|\n|t:|1783559007\n|switch|p2a: Magmortar|Magmortar, L88, F|100/100|[from] Volt Switch\n|\n|-heal|p1a: Milotic|161/293|[from] item: Leftovers\n|upkeep\n|turn|16\n|inactive|Time left: 300 sec this turn | 300 sec total\n|\n|t:|1783559008\n|-terastallize|p2a: Magmortar|Electric\n|move|p2a: Magmortar|Thunderbolt|p1a: Milotic\n|-supereffective|p1a: Milotic\n|-damage|p1a: Milotic|0 fnt\n|faint|p1a: Milotic\n|\n|upkeep\n|inactive|Time left: 300 sec this turn | 300 sec total | 5 sec grace\n|\n|t:|1783559009\n|switch|p1a: Pawmot|Pawmot, L80, F|243/243\n|turn|17\n|inactive|Time left: 300 sec this turn | 300 sec total\n|\n|t:|1783559010\n|move|p1a: Pawmot|Ice Punch|p2a: Magmortar\n|-damage|p2a: Magmortar|63/100\n|-damage|p1a: Pawmot|219/243|[from] item: Life Orb\n|move|p2a: Magmortar|Fire Blast|p1a: Pawmot\n|-damage|p1a: Pawmot|0 fnt\n|faint|p1a: Pawmot\n|\n|win|p0y1641ffa9", "uploadtime": 1783559010, "views": 0, "rating": 0, "private": 0, "password": null, "_winner": "p0y1641ffa9", "_our_name": "p0x164152f8"}