{"id": "battle-gen9randombattle-678", "formatid": "gen9randombattle", "format": "[Gen 9] Random Battle", "players": ["p0x6788f85", "p0y678953a"], "log": "|init|battle\n|title|p0x6788f85 vs. p0y678953a\n|j|\u2606p0x6788f85\n|j|\u2606p0y678953a\n|t:|1783547000\n|gametype|singles\n|player|p1|p0x6788f85|101|\n|player|p2|p0y678953a|1|\n|gen|9\n|tier|[Gen 9] Random Battle\n|rule|Species Clause: Limit one of each Pok\u00e9mon\n|rule|HP Percentage Mod: HP is shown in percentages\n|rule|Sleep Clause Mod: Limit one foe put to sleep\n|rule|Illusion Level Mod: Illusion disguises the Pok\u00e9mon's true level\n|\n|t:|1783547000\n|teamsize|p1|6\n|teamsize|p2|6\n|start\n|switch|p1a: Regirock|Regirock, L83|268/268\n|switch|p2a: Hippowdon|Hippowdon, L82, M|100/100\n|-weather|Sandstorm|[from] ability: Sand Stream|[of] p2a: Hippowdon\n|turn|1\n|inactive|Battle timer is ON: inactive players will automatically lose when time's up. (requested by p0x6788f85)\n|inactive|p0y678953a also wants the timer to be on.\n|\n|t:|1783547001\n|move|p1a: Regirock|Iron Defense|p1a: Regirock\n|-boost|p1a: Regirock|def|2\n|move|p2a: Hippowdon|Earthquake|p1a: Regirock\n|-supereffective|p1a: Regirock\n|-damage|p1a: Regirock|206/268\n|\n|-weather|Sandstorm|[upkeep]\n|-heal|p1a: Regirock|222/268|[from] item: Leftovers\n|upkeep\n|turn|2\n|inactive|Time left: 300 sec this turn | 300 sec total\n|\n|t:|1783547002\n|move|p1a: Regirock|Body Press|p2a: Hippowdon\n|-damage|p2a: Hippowdon|50/100\n|-damage|p1a: Regirock|178/268|[from] item: Rocky Helmet|[of] p2a: Hippowdon\n|move|p2a: Hippowdon|Earthquake|p1a: Regirock\n|-supereffective|p1a: Regirock\n|-damage|p1a: Regirock|118/268\n|\n|-weather|Sandstorm|[upkeep]\n|-heal|p1a: Regirock|134/268|[from] item: Leftovers\n|upkeep\n|turn|3\n|inactive|Time left: 300 sec this turn | 300 sec total\n|\n|t:|1783547003\n|move|p1a: Regirock|Body Press|p2a: Hippowdon\n|-damage|p2a: Hippowdon|0 fnt\n|-damage|p1a: Regirock|90/268|[from] item: Rocky Helmet|[of] p2a: Hippowdon\n|faint|p2a: Hippowdon\n|\n|-weather|Sandstorm|[upkeep]\n|-heal|p1a: Regirock|106/268|[from] item: Leftovers\n|upkeep\n|\n|t:|1783547004\n|switch|p2a: Clawitzer|Clawitzer, L87, M|100/100\n|turn|4\n|inactive|Time left: 300 sec this turn | 300 sec total\n|\n|t:|1783547005\n|move|p2a: Clawitzer|Water Pulse|p1a: Regirock\n|-supereffective|p1a: Regirock\n|-damage|p1a: Regirock|0 fnt\n|faint|p1a: Regirock\n|\n|-weather|Sandstorm|[upkeep]\n|-damage|p2a: Clawitzer|94/100|[from] Sandstorm\n|upkeep\n|inactive|Time left: 300 sec this turn | 300 sec total | 5 sec grace\n|\n|t:|1783547006\n|switch|p1a: Glaceon|Glaceon, L94, M|275/275\n|turn|5\n|inactive|Time left: 300 sec this turn | 300 sec total\n|\n|t:|1783547007\n|switch|p2a: Flareon|Flareon, L90, M|100/100\n|move|p1a: Glaceon|Freeze-Dry|p2a: Flareon\n|-resisted|p2a: Flareon\n|-damage|p2a: Flareon|84/100\n|\n|-weather|none\n|-status|p2a: Flareon|tox|[from] item: Toxic Orb\n|upkeep\n|turn|6\n|inactive|Time left: 300 sec this turn | 300 sec total\n|\n|t:|1783547008\n|move|p1a: Glaceon|Protect|p1a: Glaceon\n|-singleturn|p1a: Glaceon|Protect\n|move|p2a: Flareon|Flare Blitz|p1a: Glaceon\n|-activate|p1a: Glaceon|move: Protect\n|\n|-damage|p2a: Flareon|78/100 tox|[from] psn\n|upkeep\n|turn|7\n|inactive|Time left: 300 sec this turn | 300 sec total\n|\n|t:|1783547009\n|move|p1a: Glaceon|Freeze-Dry|p2a: Flareon\n|-resisted|p2a: Flareon\n|-damage|p2a: Flareon|61/100 tox\n|move|p2a: Flareon|Flare Blitz|p1a: Glaceon\n|-supereffective|p1a: Glaceon\n|-damage|p1a: Glaceon|0 fnt\n|faint|p1a: Glaceon\n|-damage|p2a: Flareon|26/100 tox|[from] Recoil\n|\n|-damage|p2a: Flareon|14/100 tox|[from] psn\n|upkeep\n|inactive|Time left: 300 sec this turn | 300 sec total | 5 sec grace\n|\n|t:|1783547010\n|switch|p1a: Ogerpon|Ogerpon-Hearthflame, L74, F|239/239\n|-ability|p1a: Ogerpon|Mold Breaker\n|turn|8\n|inactive|Time left: 300 sec this turn | 300 sec total\n|\n|t:|1783547011\n|move|p1a: Ogerpon|Knock Off|p2a: Flareon\n|-damage|p2a: Flareon|0 fnt\n|-enditem|p2a: Flareon|Toxic Orb|[from] move: Knock Off|[of] p1a: Ogerpon\n|faint|p2a: Flareon\n|\n|upkeep\n|\n|t:|1783547012\n|switch|p2a: Staraptor|Staraptor, L79, M|100/100\n|turn|9\n|inactive|Time left: 300 sec this turn | 300 sec total\n|\n|t:|1783547013\n|move|p1a: Ogerpon|Knock Off|p2a: Staraptor\n|-damage|p2a: Staraptor|64/100\n|-enditem|p2a: Staraptor|Choice Band|[from] move: Knock Off|[of] p1a: Ogerpon\n|move|p2a: Staraptor|Brave Bird|p1a: Ogerpon\n|-supereffective|p1a: Ogerpon\n|-damage|p1a: Ogerpon|0 fnt\n|faint|p1a: Ogerpon\n|-damage|p2a: Staraptor|34/100|[from] Recoil\n|\n|upkeep\n|inactive|Time left: 300 sec this turn | 300 sec total | 5 sec grace\n|\n|t:|1783547015\n|switch|p1a: Delphox|Delphox, L84, M|263/263\n|turn|10\n|inactive|Time left: 300 sec this turn | 300 sec total\n|\n|t:|1783547016\n|switch|p2a: Clawitzer|Clawitzer, L87, M|94/100\n|move|p1a: Delphox|Nasty Plot|p1a: Delphox\n|-boost|p1a: Delphox|spa|2\n|\n|upkeep\n|turn|11\n|inactive|Time left: 300 sec this turn | 300 sec total\n|\n|t:|1783547017\n|move|p1a: Delphox|Psyshock|p2a: Clawitzer\n|-damage|p2a: Clawitzer|28/100\n|move|p2a: Clawitzer|Water Pulse|p1a: Delphox\n|-supereffective|p1a: Delphox\n|-damage|p1a: Delphox|51/263\n|\n|upkeep\n|turn|12\n|inactive|Time left: 300 sec this turn | 300 sec total\n|\n|t:|1783547018\n|switch|p2a: Staraptor|Staraptor, L79, M|34/100\n|move|p1a: Delphox|Fire Blast|p2a: Staraptor\n|-damage|p2a: Staraptor|0 fnt\n|faint|p2a: Staraptor\n|\n|upkeep\n|\n|t:|1783547019\n|switch|p2a: Iron Hands|Iron Hands, L79|100/100\n|turn|13\n|inactive|Time left: 300 sec this turn | 300 sec total\n|\n|t:|1783547020\n|move|p1a: Delphox|Fire Blast|p2a: Iron Hands\n|-damage|p2a: Iron Hands|9/100\n|move|p2a: Iron Hands|Heavy Slam|p1a: Delphox\n|-resisted|p1a: Delphox\n|-damage|p1a: Delphox|0 fnt\n|faint|p1a: Delphox\n|\n|upkeep\n|inactive|Time left: 300 sec this turn | 300 sec total | 5 sec grace\n|\n|t:|1783547021\n|switch|p1a: Skuntank|Skuntank, L84, F|310/310\n|turn|14\n|inactive|Time left: 300 sec this turn | 300 sec total\n|\n|t:|1783547022\n|move|p1a: Skuntank|Knock Off|p2a: Iron Hands\n|-resisted|p2a: Iron Hands\n|-damage|p2a: Iron Hands|0 fnt\n|-enditem|p2a: Iron Hands|Assault Vest|[from] move: Knock Off|[of] p1a: Skuntank\n|faint|p2a: Iron Hands\n|-end|p2a: Iron Hands|Quark Drive|[silent]\n|-damage|p1a: Skuntank|279/310|[from] item: Life Orb\n|\n|upkeep\n|\n|t:|1783547023\n|switch|p2a: Blissey|Blissey, L85, F|100/100\n|turn|15\n|inactive|Time left: 300 sec this turn | 300 sec total\n|\n|t:|1783547024\n|move|p1a: Skuntank|Gunk Shot|p2a: Blissey\n|-damage|p2a: Blissey|21/100\n|-damage|p1a: Skuntank|248/310|[from] item: Life Orb\n|move|p2a: Blissey|Thunder Wave|p1a: Skuntank\n|-status|p1a: Skuntank|par\n|\n|-heal|p2a: Blissey|27/100|[from] item: Leftovers\n|upkeep\n|turn|16\n|inactive|Time left: 300 sec this turn | 300 sec total\n|\n|t:|1783547025\n|move|p2a: Blissey|Seismic Toss|p1a: Skuntank\n|-damage|p1a: Skuntank|163/310 par\n|move|p1a: Skuntank|Gunk Shot|p2a: Blissey\n|-damage|p2a: Blissey|0 fnt\n|faint|p2a: Blissey\n|-damage|p1a: Skuntank|132/310 par|[from] item: Life Orb\n|\n|upkeep\n|\n|t:|1783547026\n|switch|p2a: Clawitzer|Clawitzer, L87, M|28/100\n|turn|17\n|inactive|Time left: 300 sec this turn | 300 sec total\n|\n|t:|1783547027\n|-terastallize|p1a: Skuntank|Dark\n|cant|p1a: Skuntank|par\n|move|p2a: Clawitzer|U-turn|p1a: Skuntank\n|-supereffective|p1a: Skuntank\n|-damage|p1a: Skuntank|26/310 par\n|\n|upkeep\n|turn|18\n|inactive|Time left: 300 sec this turn | 300 sec total\n|\n|t:|1783547028\n|-terastallize|p2a: Clawitzer|Dragon\n|move|p1a: Skuntank|Sucker Punch|p2a: Clawitzer\n|-damage|p2a: Clawitzer|0 fnt\n|faint|p2a: Clawitzer\n|-damage|p1a: Skuntank|0 fnt|[from] item: Life Orb\n|faint|p1a: Skuntank\n|\n|win|p0x6788f85", "uploadtime": 1783547028, "views": 0, "rating": 0, "private": 0, "password": null, "_winner": "p0x6788f85", "_our_name": "p0x6788f85"}