{"id": "battle-gen9randombattle-1703", "formatid": "gen9randombattle", "format": "[Gen 9] Random Battle", "players": ["p0x1703f5ee", "p0y170356c4"], "log": "|init|battle\n|title|p0x1703f5ee vs. p0y170356c4\n|j|\u2606p0x1703f5ee\n|j|\u2606p0y170356c4\n|t:|1783558948\n|gametype|singles\n|player|p1|p0x1703f5ee|169|\n|player|p2|p0y170356c4|2|\n|gen|9\n|tier|[Gen 9] Random Battle\n|rule|Species Clause: Limit one of each Pok\u00e9mon\n|rule|HP Percentage Mod: HP is shown in percentages\n|rule|Sleep Clause Mod: Limit one foe put to sleep\n|rule|Illusion Level Mod: Illusion disguises the Pok\u00e9mon's true level\n|\n|t:|1783558948\n|teamsize|p1|6\n|teamsize|p2|6\n|start\n|switch|p1a: Decidueye|Decidueye-Hisui, L87, F|295/295\n|switch|p2a: Coalossal|Coalossal, L89, M|100/100\n|turn|1\n|inactive|Battle timer is ON: inactive players will automatically lose when time's up. (requested by p0y170356c4)\n|inactive|Time left: 300 sec this turn | 300 sec total | 60 sec grace\n|inactive|p0x1703f5ee also wants the timer to be on.\n|\n|t:|1783558950\n|move|p1a: Decidueye|Triple Arrows|p2a: Coalossal\n|-supereffective|p2a: Coalossal\n|-damage|p2a: Coalossal|52/100\n|-unboost|p2a: Coalossal|def|1\n|move|p2a: Coalossal|Flamethrower|p1a: Decidueye\n|-supereffective|p1a: Decidueye\n|-damage|p1a: Decidueye|137/295\n|\n|-heal|p1a: Decidueye|155/295|[from] item: Leftovers\n|upkeep\n|turn|2\n|inactive|Time left: 300 sec this turn | 300 sec total\n|\n|t:|1783558951\n|switch|p2a: Pelipper|Pelipper, L86, M|100/100\n|-weather|RainDance|[from] ability: Drizzle|[of] p2a: Pelipper\n|move|p1a: Decidueye|Triple Arrows|p2a: Pelipper\n|-resisted|p2a: Pelipper\n|-damage|p2a: Pelipper|79/100\n|\n|-weather|RainDance|[upkeep]\n|-heal|p1a: Decidueye|173/295|[from] item: Leftovers\n|upkeep\n|turn|3\n|inactive|Time left: 300 sec this turn | 300 sec total\n|\n|t:|1783558952\n|move|p2a: Pelipper|Hurricane|p1a: Decidueye\n|-supereffective|p1a: Decidueye\n|-damage|p1a: Decidueye|0 fnt\n|faint|p1a: Decidueye\n|\n|-weather|RainDance|[upkeep]\n|upkeep\n|inactive|Time left: 300 sec this turn | 300 sec total | 5 sec grace\n|\n|t:|1783558953\n|switch|p1a: Iron Jugulis|Iron Jugulis, L77|271/271\n|turn|4\n|inactive|Time left: 300 sec this turn | 300 sec total\n|\n|t:|1783558954\n|move|p1a: Iron Jugulis|Hurricane|p2a: Pelipper\n|-damage|p2a: Pelipper|0 fnt\n|faint|p2a: Pelipper\n|\n|-weather|RainDance|[upkeep]\n|upkeep\n|\n|t:|1783558955\n|switch|p2a: Meowscarada|Meowscarada, L78, F|100/100\n|turn|5\n|inactive|Time left: 300 sec this turn | 300 sec total\n|\n|t:|1783558956\n|move|p2a: Meowscarada|Triple Axel|p1a: Iron Jugulis\n|-start|p2a: Meowscarada|typechange|Ice|[from] ability: Protean\n|-supereffective|p1a: Iron Jugulis\n|-damage|p1a: Iron Jugulis|205/271\n|-supereffective|p1a: Iron Jugulis\n|-damage|p1a: Iron Jugulis|67/271\n|-supereffective|p1a: Iron Jugulis\n|-damage|p1a: Iron Jugulis|0 fnt\n|faint|p1a: Iron Jugulis\n|-end|p1a: Iron Jugulis|Quark Drive|[silent]\n|-hitcount|p1: Iron Jugulis|3\n|\n|-weather|RainDance|[upkeep]\n|upkeep\n|inactive|Time left: 300 sec this turn | 300 sec total | 5 sec grace\n|\n|t:|1783558956\n|switch|p1a: Grumpig|Grumpig, L92, M|297/297\n|turn|6\n|inactive|Time left: 300 sec this turn | 300 sec total\n|\n|t:|1783558957\n|move|p2a: Meowscarada|Triple Axel|p1a: Grumpig|[miss]\n|-miss|p2a: Meowscarada|p1a: Grumpig\n|move|p1a: Grumpig|Nasty Plot|p1a: Grumpig\n|-boost|p1a: Grumpig|spa|2\n|\n|-weather|none\n|upkeep\n|turn|7\n|inactive|Time left: 300 sec this turn | 300 sec total\n|\n|t:|1783558958\n|switch|p2a: Azelf|Azelf, L82|100/100\n|move|p1a: Grumpig|Psychic|p2a: Azelf\n|-resisted|p2a: Azelf\n|-damage|p2a: Azelf|69/100\n|\n|upkeep\n|turn|8\n|inactive|Time left: 300 sec this turn | 300 sec total\n|\n|t:|1783558959\n|move|p2a: Azelf|Knock Off|p1a: Grumpig\n|-supereffective|p1a: Grumpig\n|-damage|p1a: Grumpig|117/297\n|-enditem|p1a: Grumpig|Leftovers|[from] move: Knock Off|[of] p2a: Azelf\n|move|p1a: Grumpig|Focus Blast|p2a: Azelf|[miss]\n|-miss|p1a: Grumpig|p2a: Azelf\n|\n|upkeep\n|turn|9\n|inactive|Time left: 300 sec this turn | 300 sec total\n|\n|t:|1783558960\n|move|p2a: Azelf|U-turn|p1a: Grumpig\n|-supereffective|p1a: Grumpig\n|-damage|p1a: Grumpig|0 fnt\n|faint|p1a: Grumpig\n|\n|t:|1783558960\n|switch|p2a: Meowscarada|Meowscarada, L78, F|100/100|[from] U-turn\n|\n|upkeep\n|inactive|Time left: 300 sec this turn | 300 sec total | 10 sec grace\n|\n|t:|1783558961\n|switch|p1a: Sudowoodo|Sudowoodo, L94, M|284/284\n|turn|10\n|inactive|Time left: 300 sec this turn | 300 sec total\n|\n|t:|1783558962\n|-terastallize|p2a: Meowscarada|Grass\n|move|p2a: Meowscarada|Flower Trick|p1a: Sudowoodo\n|-supereffective|p1a: Sudowoodo\n|-crit|p1a: Sudowoodo\n|-damage|p1a: Sudowoodo|0 fnt\n|faint|p1a: Sudowoodo\n|\n|upkeep\n|inactive|Time left: 300 sec this turn | 300 sec total | 5 sec grace\n|\n|t:|1783558963\n|switch|p1a: Ariados|Ariados, L95, M|287/287\n|turn|11\n|inactive|Time left: 300 sec this turn | 300 sec total\n|\n|t:|1783558964\n|switch|p2a: Coalossal|Coalossal, L89, M|52/100\n|move|p1a: Ariados|Sticky Web|p2a: Coalossal\n|-sidestart|p2: p0y170356c4|move: Sticky Web\n|\n|upkeep\n|turn|12\n|inactive|Time left: 300 sec this turn | 300 sec total\n|\n|t:|1783558965\n|move|p1a: Ariados|Megahorn|p2a: Coalossal\n|-resisted|p2a: Coalossal\n|-damage|p2a: Coalossal|35/100\n|move|p2a: Coalossal|Rapid Spin|p1a: Ariados\n|-damage|p1a: Ariados|250/287\n|-boost|p2a: Coalossal|spe|1\n|-sideend|p2: p0y170356c4|Sticky Web|[from] move: Rapid Spin|[of] p2a: Coalossal\n|\n|upkeep\n|turn|13\n|inactive|Time left: 300 sec this turn | 300 sec total\n|\n|t:|1783558966\n|-terastallize|p1a: Ariados|Ghost\n|move|p2a: Coalossal|Flamethrower|p1a: Ariados\n|-damage|p1a: Ariados|156/287\n|move|p1a: Ariados|Sticky Web|p2a: Coalossal\n|-sidestart|p2: p0y170356c4|move: Sticky Web\n|\n|upkeep\n|turn|14\n|inactive|Time left: 300 sec this turn | 300 sec total\n|\n|t:|1783558967\n|move|p2a: Coalossal|Flamethrower|p1a: Ariados\n|-damage|p1a: Ariados|66/287\n|move|p1a: Ariados|Poison Jab|p2a: Coalossal\n|-resisted|p2a: Coalossal\n|-damage|p2a: Coalossal|25/100\n|\n|upkeep\n|turn|15\n|inactive|Time left: 300 sec this turn | 300 sec total\n|\n|t:|1783558969\n|switch|p1a: Ditto|Ditto, L87|225/225\n|-transform|p1a: Ditto|p2a: Coalossal|[from] ability: Imposter\n|move|p2a: Coalossal|Flamethrower|p1a: Ditto\n|-resisted|p1a: Ditto\n|-damage|p1a: Ditto|203/225\n|\n|upkeep\n|turn|16\n|inactive|Time left: 300 sec this turn | 300 sec total\n|\n|t:|1783558970\n|move|p1a: Ditto|Stone Edge|p2a: Coalossal|[miss]\n|-miss|p1a: Ditto|p2a: Coalossal\n|move|p2a: Coalossal|Rapid Spin|p1a: Ditto\n|-resisted|p1a: Ditto\n|-damage|p1a: Ditto|189/225\n|-boost|p2a: Coalossal|spe|1\n|-sideend|p2: p0y170356c4|Sticky Web|[from] move: Rapid Spin|[of] p2a: Coalossal\n|\n|upkeep\n|turn|17\n|inactive|Time left: 300 sec this turn | 300 sec total\n|\n|t:|1783558971\n|move|p1a: Ditto|Stone Edge|p2a: Coalossal\n|-supereffective|p2a: Coalossal\n|-damage|p2a: Coalossal|0 fnt\n|faint|p2a: Coalossal\n|\n|upkeep\n|\n|t:|1783558972\n|switch|p2a: Samurott|Samurott-Hisui, L77, F|100/100\n|turn|18\n|inactive|Time left: 300 sec this turn | 300 sec total\n|\n|t:|1783558973\n|move|p1a: Ditto|Stone Edge|p2a: Samurott\n|-damage|p2a: Samurott|60/100\n|move|p2a: Samurott|Razor Shell|p1a: Ditto\n|-supereffective|p1a: Ditto\n|-damage|p1a: Ditto|0 fnt\n|faint|p1a: Ditto\n|\n|upkeep\n|inactive|Time left: 300 sec this turn | 300 sec total | 5 sec grace\n|\n|t:|1783558974\n|switch|p1a: Ariados|Ariados, L95, M, tera:Ghost|66/287\n|turn|19\n|inactive|Time left: 300 sec this turn | 300 sec total\n|\n|t:|1783558975\n|move|p2a: Samurott|Razor Shell|p1a: Ariados\n|-damage|p1a: Ariados|0 fnt\n|faint|p1a: Ariados\n|\n|win|p0y170356c4", "uploadtime": 1783558975, "views": 0, "rating": 0, "private": 0, "password": null, "_winner": "p0y170356c4", "_our_name": "p0x1703f5ee"}