{"id": "battle-gen9randombattle-57", "formatid": "gen9randombattle", "format": "[Gen 9] Random Battle", "players": ["p0x05725b0", "p0y057a0f8"], "log": "|init|battle\n|title|p0x05725b0 vs. p0y057a0f8\n|j|\u2606p0x05725b0\n|j|\u2606p0y057a0f8\n|t:|1783533887\n|gametype|singles\n|player|p1|p0x05725b0|266|\n|player|p2|p0y057a0f8|265|\n|gen|9\n|tier|[Gen 9] Random Battle\n|rule|Species Clause: Limit one of each Pok\u00e9mon\n|rule|HP Percentage Mod: HP is shown in percentages\n|rule|Sleep Clause Mod: Limit one foe put to sleep\n|rule|Illusion Level Mod: Illusion disguises the Pok\u00e9mon's true level\n|\n|t:|1783533887\n|teamsize|p1|6\n|teamsize|p2|6\n|start\n|switch|p1a: Milotic|Milotic, L83, M|293/293\n|switch|p2a: Excadrill|Excadrill, L79, M|100/100\n|-ability|p2a: Excadrill|Mold Breaker\n|turn|1\n|inactive|Battle timer is ON: inactive players will automatically lose when time's up. (requested by p0x05725b0)\n|inactive|p0y057a0f8 also wants the timer to be on.\n|\n|t:|1783533889\n|move|p2a: Excadrill|Earthquake|p1a: Milotic\n|-damage|p1a: Milotic|161/293\n|move|p1a: Milotic|Scald|p2a: Excadrill\n|-supereffective|p2a: Excadrill\n|-damage|p2a: Excadrill|48/100\n|\n|-heal|p1a: Milotic|179/293|[from] item: Leftovers\n|upkeep\n|turn|2\n|inactive|Time left: 300 sec this turn | 300 sec total\n|\n|t:|1783533890\n|move|p2a: Excadrill|Earthquake|p1a: Milotic\n|-damage|p1a: Milotic|47/293\n|move|p1a: Milotic|Scald|p2a: Excadrill\n|-supereffective|p2a: Excadrill\n|-damage|p2a: Excadrill|0 fnt\n|faint|p2a: Excadrill\n|\n|-heal|p1a: Milotic|65/293|[from] item: Leftovers\n|upkeep\n|\n|t:|1783533891\n|switch|p2a: Banette|Banette, L93, M|100/100\n|turn|3\n|inactive|Time left: 300 sec this turn | 300 sec total\n|\n|t:|1783533892\n|move|p2a: Banette|Shadow Sneak|p1a: Milotic\n|-damage|p1a: Milotic|0 fnt\n|faint|p1a: Milotic\n|-damage|p2a: Banette|90/100|[from] item: Life Orb\n|\n|upkeep\n|inactive|Time left: 300 sec this turn | 300 sec total | 5 sec grace\n|\n|t:|1783533893\n|switch|p1a: Hariyama|Hariyama, L87, M|392/392\n|turn|4\n|inactive|Time left: 300 sec this turn | 300 sec total\n|\n|t:|1783533894\n|move|p2a: Banette|Poltergeist|p1a: Hariyama\n|-activate|p1a: Hariyama|move: Poltergeist|Flame Orb\n|-damage|p1a: Hariyama|118/392\n|-damage|p2a: Banette|80/100|[from] item: Life Orb\n|move|p1a: Hariyama|Knock Off|p2a: Banette\n|-supereffective|p2a: Banette\n|-damage|p2a: Banette|8/100\n|-start|p1a: Hariyama|Disable|Knock Off|[from] ability: Cursed Body|[of] p2a: Banette\n|-enditem|p2a: Banette|Life Orb|[from] move: Knock Off|[of] p1a: Hariyama\n|\n|-status|p1a: Hariyama|brn|[from] item: Flame Orb\n|upkeep\n|turn|5\n|inactive|Time left: 300 sec this turn | 300 sec total\n|\n|t:|1783533895\n|switch|p1a: Moltres|Moltres-Galar, L79|271/271\n|move|p2a: Banette|Gunk Shot|p1a: Moltres\n|-damage|p1a: Moltres|143/271\n|\n|upkeep\n|turn|6\n|inactive|Time left: 300 sec this turn | 300 sec total\n|\n|t:|1783533896\n|move|p1a: Moltres|Fiery Wrath|p2a: Banette\n|-supereffective|p2a: Banette\n|-damage|p2a: Banette|0 fnt\n|faint|p2a: Banette\n|\n|upkeep\n|\n|t:|1783533897\n|switch|p2a: Hatterene|Hatterene, L85, F|100/100\n|turn|7\n|inactive|Time left: 300 sec this turn | 300 sec total\n|\n|t:|1783533898\n|move|p1a: Moltres|Fiery Wrath|p2a: Hatterene\n|-damage|p2a: Hatterene|70/100\n|move|p2a: Hatterene|Calm Mind|p2a: Hatterene\n|-boost|p2a: Hatterene|spa|1\n|-boost|p2a: Hatterene|spd|1\n|\n|-heal|p2a: Hatterene|76/100|[from] item: Leftovers\n|upkeep\n|turn|8\n|inactive|Time left: 300 sec this turn | 300 sec total\n|\n|t:|1783533899\n|switch|p1a: Bastiodon|Bastiodon, L89, F|252/252\n|move|p2a: Hatterene|Draining Kiss|p1a: Bastiodon\n|-resisted|p1a: Bastiodon\n|-damage|p1a: Bastiodon|214/252\n|-heal|p2a: Hatterene|88/100|[from] drain|[of] p1a: Bastiodon\n|\n|-heal|p2a: Hatterene|94/100|[from] item: Leftovers\n|upkeep\n|turn|9\n|inactive|Time left: 300 sec this turn | 300 sec total\n|\n|t:|1783533900\n|move|p1a: Bastiodon|Foul Play|p2a: Hatterene\n|-damage|p2a: Hatterene|74/100\n|move|p2a: Hatterene|Calm Mind|p2a: Hatterene\n|-boost|p2a: Hatterene|spa|1\n|-boost|p2a: Hatterene|spd|1\n|\n|-heal|p2a: Hatterene|80/100|[from] item: Leftovers\n|upkeep\n|turn|10\n|inactive|Time left: 300 sec this turn | 300 sec total\n|\n|t:|1783533901\n|move|p1a: Bastiodon|Iron Defense|p1a: Bastiodon\n|-boost|p1a: Bastiodon|def|2\n|move|p2a: Hatterene|Mystical Fire|p1a: Bastiodon\n|-damage|p1a: Bastiodon|112/252\n|-unboost|p1a: Bastiodon|spa|1\n|\n|-heal|p2a: Hatterene|86/100|[from] item: Leftovers\n|upkeep\n|turn|11\n|inactive|Time left: 300 sec this turn | 300 sec total\n|\n|t:|1783533902\n|move|p1a: Bastiodon|Rest|p1a: Bastiodon\n|-status|p1a: Bastiodon|slp|[from] move: Rest\n|-heal|p1a: Bastiodon|252/252 slp|[silent]\n|-enditem|p1a: Bastiodon|Chesto Berry|[eat]\n|-curestatus|p1a: Bastiodon|slp|[msg]\n|move|p2a: Hatterene|Draining Kiss|p1a: Bastiodon\n|-resisted|p1a: Bastiodon\n|-damage|p1a: Bastiodon|202/252\n|-heal|p2a: Hatterene|100/100|[from] drain|[of] p1a: Bastiodon\n|\n|upkeep\n|turn|12\n|inactive|Time left: 300 sec this turn | 300 sec total\n|\n|t:|1783533903\n|move|p1a: Bastiodon|Foul Play|p2a: Hatterene\n|-damage|p2a: Hatterene|78/100\n|move|p2a: Hatterene|Mystical Fire|p1a: Bastiodon\n|-damage|p1a: Bastiodon|107/252\n|-unboost|p1a: Bastiodon|spa|1\n|\n|-heal|p2a: Hatterene|84/100|[from] item: Leftovers\n|upkeep\n|turn|13\n|inactive|Time left: 300 sec this turn | 300 sec total\n|\n|t:|1783533904\n|move|p1a: Bastiodon|Body Press|p2a: Hatterene\n|-resisted|p2a: Hatterene\n|-damage|p2a: Hatterene|63/100\n|move|p2a: Hatterene|Draining Kiss|p1a: Bastiodon\n|-resisted|p1a: Bastiodon\n|-damage|p1a: Bastiodon|57/252\n|-heal|p2a: Hatterene|79/100|[from] drain|[of] p1a: Bastiodon\n|\n|-heal|p2a: Hatterene|85/100|[from] item: Leftovers\n|upkeep\n|turn|14\n|inactive|Time left: 300 sec this turn | 300 sec total\n|\n|t:|1783533905\n|move|p1a: Bastiodon|Body Press|p2a: Hatterene\n|-resisted|p2a: Hatterene\n|-damage|p2a: Hatterene|66/100\n|move|p2a: Hatterene|Draining Kiss|p1a: Bastiodon\n|-resisted|p1a: Bastiodon\n|-damage|p1a: Bastiodon|7/252\n|-heal|p2a: Hatterene|82/100|[from] drain|[of] p1a: Bastiodon\n|\n|-heal|p2a: Hatterene|88/100|[from] item: Leftovers\n|upkeep\n|turn|15\n|inactive|Time left: 300 sec this turn | 300 sec total\n|\n|t:|1783533907\n|move|p1a: Bastiodon|Foul Play|p2a: Hatterene\n|-damage|p2a: Hatterene|67/100\n|move|p2a: Hatterene|Draining Kiss|p1a: Bastiodon\n|-resisted|p1a: Bastiodon\n|-damage|p1a: Bastiodon|0 fnt\n|-heal|p2a: Hatterene|69/100|[from] drain|[of] p1a: Bastiodon\n|faint|p1a: Bastiodon\n|\n|-heal|p2a: Hatterene|75/100|[from] item: Leftovers\n|upkeep\n|inactive|Time left: 300 sec this turn | 300 sec total | 5 sec grace\n|\n|t:|1783533908\n|switch|p1a: Hariyama|Hariyama, L87, M|118/392 brn\n|turn|16\n|inactive|Time left: 300 sec this turn | 300 sec total\n|\n|t:|1783533909\n|-terastallize|p1a: Hariyama|Normal\n|move|p1a: Hariyama|Facade|p2a: Hatterene\n|-damage|p2a: Hatterene|0 fnt\n|faint|p2a: Hatterene\n|\n|-damage|p1a: Hariyama|94/392 brn|[from] brn\n|upkeep\n|\n|t:|1783533910\n|switch|p2a: Volcarona|Volcarona, L77, M|100/100\n|turn|17\n|inactive|Time left: 300 sec this turn | 300 sec total\n|\n|t:|1783533911\n|switch|p1a: Mimikyu|Mimikyu, L79, F|216/216\n|move|p2a: Volcarona|Fiery Dance|p1a: Mimikyu\n|-activate|p1a: Mimikyu|ability: Disguise\n|-damage|p1a: Mimikyu|216/216\n|detailschange|p1a: Mimikyu|Mimikyu-Busted, L79, F\n|-damage|p1a: Mimikyu|189/216|[from] pokemon: Mimikyu-Busted\n|\n|upkeep\n|turn|18\n|inactive|Time left: 300 sec this turn | 300 sec total\n|\n|t:|1783533912\n|move|p2a: Volcarona|Quiver Dance|p2a: Volcarona\n|-boost|p2a: Volcarona|spa|1\n|-boost|p2a: Volcarona|spd|1\n|-boost|p2a: Volcarona|spe|1\n|move|p1a: Mimikyu|Swords Dance|p1a: Mimikyu\n|-boost|p1a: Mimikyu|atk|2\n|\n|upkeep\n|turn|19\n|inactive|Time left: 300 sec this turn | 300 sec total\n|\n|t:|1783533913\n|move|p2a: Volcarona|Fiery Dance|p1a: Mimikyu\n|-damage|p1a: Mimikyu|63/216\n|move|p1a: Mimikyu|Play Rough|p2a: Volcarona\n|-resisted|p2a: Volcarona\n|-damage|p2a: Volcarona|41/100\n|-damage|p1a: Mimikyu|42/216|[from] item: Life Orb\n|\n|upkeep\n|turn|20\n|inactive|Time left: 300 sec this turn | 300 sec total\n|\n|t:|1783533915\n|switch|p2a: Infernape|Infernape, L82, M|100/100\n|move|p1a: Mimikyu|Shadow Sneak|p2a: Infernape\n|-crit|p2a: Infernape\n|-damage|p2a: Infernape|31/100\n|-damage|p1a: Mimikyu|21/216|[from] item: Life Orb\n|\n|upkeep\n|turn|21\n|inactive|Time left: 300 sec this turn | 300 sec total\n|\n|t:|1783533916\n|move|p1a: Mimikyu|Shadow Sneak|p2a: Infernape\n|-damage|p2a: Infernape|0 fnt\n|faint|p2a: Infernape\n|-damage|p1a: Mimikyu|0 fnt|[from] item: Life Orb\n|faint|p1a: Mimikyu\n|\n|upkeep\n|inactive|Time left: 300 sec this turn | 300 sec total | 5 sec grace\n|\n|t:|1783533918\n|switch|p2a: Victreebel|Victreebel, L90, F|100/100\n|switch|p1a: Tropius|Tropius, L91, F|328/328\n|turn|22\n|inactive|Time left: 300 sec this turn | 300 sec total\n|\n|t:|1783533919\n|move|p2a: Victreebel|Sludge Wave|p1a: Tropius\n|-supereffective|p1a: Tropius\n|-damage|p1a: Tropius|29/328\n|-enditem|p1a: Tropius|Sitrus Berry|[eat]\n|-heal|p1a: Tropius|111/328|[from] item: Sitrus Berry\n|-damage|p2a: Victreebel|90/100|[from] item: Life Orb\n|move|p1a: Tropius|Dragon Dance|p1a: Tropius\n|-boost|p1a: Tropius|atk|1\n|-boost|p1a: Tropius|spe|1\n|\n|-item|p1a: Tropius|Sitrus Berry|[from] ability: Harvest\n|upkeep\n|-enditem|p1a: Tropius|Sitrus Berry|[eat]\n|-heal|p1a: Tropius|193/328|[from] item: Sitrus Berry\n|turn|23\n|inactive|Time left: 300 sec this turn | 300 sec total\n|\n|t:|1783533920\n|-terastallize|p2a: Victreebel|Steel\n|move|p1a: Tropius|Dual Wingbeat|p2a: Victreebel|[miss]\n|-miss|p1a: Tropius|p2a: Victreebel\n|move|p2a: Victreebel|Sludge Wave|p1a: Tropius\n|-supereffective|p1a: Tropius\n|-damage|p1a: Tropius|0 fnt\n|faint|p1a: Tropius\n|-damage|p2a: Victreebel|80/100|[from] item: Life Orb\n|\n|upkeep\n|inactive|Time left: 300 sec this turn | 300 sec total | 5 sec grace\n|\n|t:|1783533921\n|switch|p1a: Moltres|Moltres-Galar, L79|143/271\n|turn|24\n|inactive|Time left: 300 sec this turn | 300 sec total\n|\n|t:|1783533922\n|move|p1a: Moltres|Fiery Wrath|p2a: Victreebel\n|-damage|p2a: Victreebel|46/100\n|move|p2a: Victreebel|Sludge Wave|p1a: Moltres\n|-damage|p1a: Moltres|14/271\n|-ability|p1a: Moltres|Berserk|boost\n|-boost|p1a: Moltres|spa|1\n|-damage|p2a: Victreebel|36/100|[from] item: Life Orb\n|\n|upkeep\n|turn|25\n|inactive|Time left: 300 sec this turn | 300 sec total\n|\n|t:|1783533923\n|switch|p1a: Hariyama|Hariyama, L87, M, tera:Normal|94/392 brn\n|move|p2a: Victreebel|Strength Sap|p1a: Hariyama\n|-unboost|p1a: Hariyama|atk|1\n|-heal|p2a: Victreebel|100/100\n|\n|-damage|p1a: Hariyama|70/392 brn|[from] brn\n|upkeep\n|turn|26\n|inactive|Time left: 300 sec this turn | 300 sec total\n|\n|t:|1783533924\n|move|p2a: Victreebel|Sludge Wave|p1a: Hariyama\n|-damage|p1a: Hariyama|0 fnt\n|faint|p1a: Hariyama\n|-damage|p2a: Victreebel|90/100|[from] item: Life Orb\n|\n|upkeep\n|inactive|Time left: 300 sec this turn | 300 sec total | 5 sec grace\n|\n|t:|1783533925\n|switch|p1a: Moltres|Moltres-Galar, L79|14/271\n|turn|27\n|inactive|Time left: 300 sec this turn | 300 sec total\n|\n|t:|1783533926\n|move|p1a: Moltres|Fiery Wrath|p2a: Victreebel\n|-damage|p2a: Victreebel|57/100\n|move|p2a: Victreebel|Sludge Wave|p1a: Moltres\n|-damage|p1a: Moltres|0 fnt\n|faint|p1a: Moltres\n|-damage|p2a: Victreebel|47/100|[from] item: Life Orb\n|\n|win|p0y057a0f8", "uploadtime": 1783533926, "views": 0, "rating": 0, "private": 0, "password": null, "_winner": "p0y057a0f8", "_our_name": "p0x05725b0"}