{"id": "battle-gen9randombattle-1228", "formatid": "gen9randombattle", "format": "[Gen 9] Random Battle", "players": ["p0x1228f41f", "p0y1228d36f"], "log": "|init|battle\n|title|p0x1228f41f vs. p0y1228d36f\n|j|\u2606p0x1228f41f\n|j|\u2606p0y1228d36f\n|t:|1783554200\n|gametype|singles\n|player|p1|p0x1228f41f|2|\n|player|p2|p0y1228d36f|102|\n|gen|9\n|tier|[Gen 9] Random Battle\n|rule|Species Clause: Limit one of each Pok\u00e9mon\n|rule|HP Percentage Mod: HP is shown in percentages\n|rule|Sleep Clause Mod: Limit one foe put to sleep\n|rule|Illusion Level Mod: Illusion disguises the Pok\u00e9mon's true level\n|\n|t:|1783554200\n|teamsize|p1|6\n|teamsize|p2|6\n|start\n|switch|p1a: Sandslash|Sandslash-Alola, L88, M|275/275\n|switch|p2a: Gastrodon|Gastrodon, L86, M|100/100\n|turn|1\n|inactive|Battle timer is ON: inactive players will automatically lose when time's up. (requested by p0x1228f41f)\n|inactive|p0y1228d36f also wants the timer to be on.\n|\n|t:|1783554202\n|move|p1a: Sandslash|Triple Axel|p2a: Gastrodon\n|-damage|p2a: Gastrodon|91/100\n|-damage|p2a: Gastrodon|73/100\n|-damage|p2a: Gastrodon|49/100\n|-hitcount|p2a: Gastrodon|3\n|move|p2a: Gastrodon|Surf|p1a: Sandslash\n|-damage|p1a: Sandslash|158/275\n|\n|-heal|p1a: Sandslash|175/275|[from] item: Leftovers\n|-heal|p2a: Gastrodon|55/100|[from] item: Leftovers\n|upkeep\n|turn|2\n|inactive|Time left: 300 sec this turn | 300 sec total\n|\n|t:|1783554203\n|move|p1a: Sandslash|Triple Axel|p2a: Gastrodon\n|-damage|p2a: Gastrodon|46/100\n|-damage|p2a: Gastrodon|28/100\n|-damage|p2a: Gastrodon|2/100\n|-hitcount|p2a: Gastrodon|3\n|move|p2a: Gastrodon|Recover|p2a: Gastrodon\n|-heal|p2a: Gastrodon|52/100\n|\n|-heal|p1a: Sandslash|192/275|[from] item: Leftovers\n|-heal|p2a: Gastrodon|58/100|[from] item: Leftovers\n|upkeep\n|turn|3\n|inactive|Time left: 300 sec this turn | 300 sec total\n|\n|t:|1783554204\n|move|p1a: Sandslash|Triple Axel|p2a: Gastrodon\n|-damage|p2a: Gastrodon|50/100\n|-damage|p2a: Gastrodon|32/100\n|-damage|p2a: Gastrodon|5/100\n|-hitcount|p2a: Gastrodon|3\n|move|p2a: Gastrodon|Earthquake|p1a: Sandslash\n|-supereffective|p1a: Sandslash\n|-damage|p1a: Sandslash|54/275\n|\n|-heal|p1a: Sandslash|71/275|[from] item: Leftovers\n|-heal|p2a: Gastrodon|11/100|[from] item: Leftovers\n|upkeep\n|turn|4\n|inactive|Time left: 300 sec this turn | 300 sec total\n|\n|t:|1783554205\n|switch|p2a: Slaking|Slaking, L84, F|100/100\n|move|p1a: Sandslash|Triple Axel|p2a: Slaking\n|-damage|p2a: Slaking|95/100\n|-damage|p2a: Slaking|84/100\n|-damage|p2a: Slaking|66/100\n|-hitcount|p2a: Slaking|3\n|\n|-heal|p1a: Sandslash|88/275|[from] item: Leftovers\n|upkeep\n|turn|5\n|inactive|Time left: 300 sec this turn | 300 sec total\n|\n|t:|1783554207\n|switch|p1a: Stonjourner|Stonjourner, L91, M|330/330\n|move|p2a: Slaking|Giga Impact|p1a: Stonjourner\n|-resisted|p1a: Stonjourner\n|-damage|p1a: Stonjourner|246/330\n|-mustrecharge|p2a: Slaking\n|\n|upkeep\n|turn|6\n|inactive|Time left: 300 sec this turn | 300 sec total\n|\n|t:|1783554208\n|cant|p2a: Slaking|recharge\n|move|p1a: Stonjourner|Stone Edge|p2a: Slaking|[miss]\n|-miss|p1a: Stonjourner|p2a: Slaking\n|\n|upkeep\n|turn|7\n|inactive|Time left: 300 sec this turn | 300 sec total\n|\n|t:|1783554209\n|move|p2a: Slaking|Giga Impact|p1a: Stonjourner\n|-resisted|p1a: Stonjourner\n|-damage|p1a: Stonjourner|172/330\n|-mustrecharge|p2a: Slaking\n|move|p1a: Stonjourner|Stone Edge|p2a: Slaking\n|-damage|p2a: Slaking|20/100\n|-damage|p1a: Stonjourner|139/330|[from] item: Life Orb\n|\n|upkeep\n|turn|8\n|inactive|Time left: 300 sec this turn | 300 sec total\n|\n|t:|1783554210\n|cant|p2a: Slaking|recharge\n|move|p1a: Stonjourner|Heat Crash|p2a: Slaking\n|-damage|p2a: Slaking|0 fnt\n|faint|p2a: Slaking\n|-damage|p1a: Stonjourner|106/330|[from] item: Life Orb\n|\n|upkeep\n|\n|t:|1783554211\n|switch|p2a: Oricorio|Oricorio-Sensu, L85, F|100/100\n|turn|9\n|inactive|Time left: 300 sec this turn | 300 sec total\n|\n|t:|1783554212\n|move|p2a: Oricorio|Revelation Dance|p1a: Stonjourner\n|-damage|p1a: Stonjourner|0 fnt\n|faint|p1a: Stonjourner\n|\n|upkeep\n|inactive|Time left: 300 sec this turn | 300 sec total | 5 sec grace\n|\n|t:|1783554213\n|switch|p1a: Hoopa|Hoopa-Unbound, L80|259/259\n|turn|10\n|inactive|Time left: 300 sec this turn | 300 sec total\n|\n|t:|1783554214\n|switch|p2a: Spiritomb|Spiritomb, L89, M|100/100\n|move|p1a: Hoopa|Hyperspace Fury|p2a: Spiritomb\n|-damage|p2a: Spiritomb|50/100\n|-unboost|p1a: Hoopa|def|1\n|\n|-heal|p2a: Spiritomb|56/100|[from] item: Leftovers\n|upkeep\n|turn|11\n|inactive|Time left: 300 sec this turn | 300 sec total\n|\n|t:|1783554216\n|switch|p1a: Pelipper|Pelipper, L86, M, shiny|243/243\n|-weather|RainDance|[from] ability: Drizzle|[of] p1a: Pelipper\n|move|p2a: Spiritomb|Poltergeist|p1a: Pelipper\n|-activate|p1a: Pelipper|move: Poltergeist|Choice Specs\n|-damage|p1a: Pelipper|135/243\n|\n|-weather|RainDance|[upkeep]\n|-heal|p2a: Spiritomb|62/100|[from] item: Leftovers\n|upkeep\n|turn|12\n|inactive|Time left: 300 sec this turn | 300 sec total\n|\n|t:|1783554217\n|switch|p2a: Gastrodon|Gastrodon, L86, M|11/100\n|move|p1a: Pelipper|Hurricane|p2a: Gastrodon\n|-damage|p2a: Gastrodon|0 fnt\n|faint|p2a: Gastrodon\n|\n|-weather|RainDance|[upkeep]\n|upkeep\n|\n|t:|1783554218\n|switch|p2a: Oricorio|Oricorio-Sensu, L85, F|100/100\n|turn|13\n|inactive|Time left: 300 sec this turn | 300 sec total\n|\n|t:|1783554218\n|move|p2a: Oricorio|Hurricane|p1a: Pelipper\n|-damage|p1a: Pelipper|3/243\n|move|p1a: Pelipper|Hurricane|p2a: Oricorio\n|-damage|p2a: Oricorio|22/100\n|-start|p2a: Oricorio|confusion\n|\n|-weather|RainDance|[upkeep]\n|upkeep\n|turn|14\n|inactive|Time left: 300 sec this turn | 300 sec total\n|\n|t:|1783554219\n|-activate|p2a: Oricorio|confusion\n|move|p2a: Oricorio|Hurricane|p1a: Pelipper\n|-damage|p1a: Pelipper|0 fnt\n|faint|p1a: Pelipper\n|\n|-weather|RainDance|[upkeep]\n|upkeep\n|inactive|Time left: 300 sec this turn | 300 sec total | 5 sec grace\n|\n|t:|1783554220\n|switch|p1a: Politoed|Politoed, L88, F|302/302\n|turn|15\n|inactive|Time left: 300 sec this turn | 300 sec total\n|\n|t:|1783554221\n|-end|p2a: Oricorio|confusion\n|move|p2a: Oricorio|Hurricane|p1a: Politoed\n|-damage|p1a: Politoed|202/302\n|move|p1a: Politoed|Hydro Pump|p2a: Oricorio\n|-damage|p2a: Oricorio|0 fnt\n|faint|p2a: Oricorio\n|\n|-weather|none\n|upkeep\n|\n|t:|1783554222\n|switch|p2a: Leafeon|Leafeon, L88, F|100/100\n|turn|16\n|inactive|Time left: 300 sec this turn | 300 sec total\n|\n|t:|1783554223\n|switch|p1a: Dialga|Dialga, L73|266/266\n|-ability|p1a: Dialga|Pressure\n|move|p2a: Leafeon|Swords Dance|p2a: Leafeon\n|-boost|p2a: Leafeon|atk|2\n|\n|upkeep\n|turn|17\n|inactive|Time left: 300 sec this turn | 300 sec total\n|\n|t:|1783554224\n|-terastallize|p2a: Leafeon|Dark\n|move|p2a: Leafeon|Knock Off|p1a: Dialga\n|-damage|p1a: Dialga|0 fnt\n|-enditem|p1a: Dialga|Assault Vest|[from] move: Knock Off|[of] p2a: Leafeon\n|faint|p1a: Dialga\n|-damage|p2a: Leafeon|91/100|[from] item: Life Orb\n|\n|upkeep\n|inactive|Time left: 300 sec this turn | 300 sec total | 5 sec grace\n|\n|t:|1783554225\n|switch|p1a: Sandslash|Sandslash-Alola, L88, M|88/275\n|turn|18\n|inactive|Time left: 300 sec this turn | 300 sec total\n|\n|t:|1783554225\n|move|p2a: Leafeon|Leaf Blade|p1a: Sandslash\n|-resisted|p1a: Sandslash\n|-damage|p1a: Sandslash|0 fnt\n|faint|p1a: Sandslash\n|-damage|p2a: Leafeon|81/100|[from] item: Life Orb\n|\n|upkeep\n|inactive|Time left: 300 sec this turn | 300 sec total | 5 sec grace\n|\n|t:|1783554226\n|switch|p1a: Politoed|Politoed, L88, F|202/302\n|-weather|RainDance|[from] ability: Drizzle|[of] p1a: Politoed\n|turn|19\n|inactive|Time left: 300 sec this turn | 300 sec total\n|\n|t:|1783554227\n|move|p2a: Leafeon|Leaf Blade|p1a: Politoed\n|-supereffective|p1a: Politoed\n|-damage|p1a: Politoed|0 fnt\n|faint|p1a: Politoed\n|-damage|p2a: Leafeon|71/100|[from] item: Life Orb\n|\n|-weather|RainDance|[upkeep]\n|upkeep\n|inactive|Time left: 300 sec this turn | 300 sec total | 5 sec grace\n|\n|t:|1783554228\n|switch|p1a: Hoopa|Hoopa-Unbound, L80|259/259\n|turn|20\n|inactive|Time left: 300 sec this turn | 300 sec total\n|\n|t:|1783554229\n|-terastallize|p1a: Hoopa|Poison\n|move|p1a: Hoopa|Gunk Shot|p2a: Leafeon\n|-damage|p2a: Leafeon|27/100\n|move|p2a: Leafeon|Leaf Blade|p1a: Hoopa\n|-resisted|p1a: Hoopa\n|-damage|p1a: Hoopa|47/259\n|-damage|p2a: Leafeon|18/100|[from] item: Life Orb\n|\n|-weather|RainDance|[upkeep]\n|upkeep\n|turn|21\n|inactive|Time left: 300 sec this turn | 300 sec total\n|\n|t:|1783554230\n|move|p1a: Hoopa|Gunk Shot|p2a: Leafeon\n|-damage|p2a: Leafeon|0 fnt\n|faint|p2a: Leafeon\n|\n|-weather|RainDance|[upkeep]\n|upkeep\n|\n|t:|1783554231\n|switch|p2a: Spiritomb|Spiritomb, L89, M|62/100\n|turn|22\n|inactive|Time left: 300 sec this turn | 300 sec total\n|\n|t:|1783554232\n|move|p2a: Spiritomb|Shadow Sneak|p1a: Hoopa\n|-damage|p1a: Hoopa|0 fnt\n|faint|p1a: Hoopa\n|\n|win|p0y1228d36f", "uploadtime": 1783554232, "views": 0, "rating": 0, "private": 0, "password": null, "_winner": "p0y1228d36f", "_our_name": "p0x1228f41f"}