{"id": "battle-gen9randombattle-1340", "formatid": "gen9randombattle", "format": "[Gen 9] Random Battle", "players": ["p0x13402b78", "p0y13403fde"], "log": "|init|battle\n|title|p0x13402b78 vs. p0y13403fde\n|j|\u2606p0x13402b78\n|j|\u2606p0y13403fde\n|t:|1783554676\n|gametype|singles\n|player|p1|p0x13402b78|265|\n|player|p2|p0y13403fde|1|\n|gen|9\n|tier|[Gen 9] Random Battle\n|rule|Species Clause: Limit one of each Pok\u00e9mon\n|rule|HP Percentage Mod: HP is shown in percentages\n|rule|Sleep Clause Mod: Limit one foe put to sleep\n|rule|Illusion Level Mod: Illusion disguises the Pok\u00e9mon's true level\n|\n|t:|1783554676\n|teamsize|p1|6\n|teamsize|p2|6\n|start\n|switch|p1a: Zekrom|Zekrom, L71|100/100\n|switch|p2a: Kommo-o|Kommo-o, L77, M|242/242\n|-ability|p1a: Zekrom|Teravolt\n|turn|1\n|inactive|Battle timer is ON: inactive players will automatically lose when time's up. (requested by p0y13403fde)\n|inactive|p0x13402b78 also wants the timer to be on.\n|\n|t:|1783554678\n|move|p2a: Kommo-o|Clangorous Soul|p2a: Kommo-o\n|-boost|p2a: Kommo-o|atk|1\n|-boost|p2a: Kommo-o|def|1\n|-boost|p2a: Kommo-o|spa|1\n|-boost|p2a: Kommo-o|spd|1\n|-boost|p2a: Kommo-o|spe|1\n|-damage|p2a: Kommo-o|163/242\n|-enditem|p2a: Kommo-o|Throat Spray\n|-boost|p2a: Kommo-o|spa|1|[from] item: Throat Spray\n|move|p1a: Zekrom|Outrage|p2a: Kommo-o\n|-supereffective|p2a: Kommo-o\n|-damage|p2a: Kommo-o|11/242\n|\n|upkeep\n|turn|2\n|inactive|Time left: 300 sec this turn | 300 sec total\n|\n|t:|1783554679\n|-terastallize|p2a: Kommo-o|Normal\n|move|p2a: Kommo-o|Boomburst|p1a: Zekrom\n|-damage|p1a: Zekrom|0 fnt\n|faint|p1a: Zekrom\n|\n|upkeep\n|\n|t:|1783554680\n|switch|p1a: Wugtrio|Wugtrio, L91, M|100/100\n|turn|3\n|inactive|Time left: 300 sec this turn | 300 sec total\n|\n|t:|1783554681\n|move|p1a: Wugtrio|Liquidation|p2a: Kommo-o\n|-damage|p2a: Kommo-o|0 fnt\n|faint|p2a: Kommo-o\n|\n|upkeep\n|inactive|Time left: 300 sec this turn | 300 sec total | 5 sec grace\n|\n|t:|1783554682\n|switch|p2a: Raikou|Raikou, L81|278/278\n|-ability|p2a: Raikou|Pressure\n|turn|4\n|inactive|Time left: 300 sec this turn | 300 sec total\n|\n|t:|1783554683\n|move|p1a: Wugtrio|Liquidation|p2a: Raikou\n|-damage|p2a: Raikou|89/278\n|move|p2a: Raikou|Thunderbolt|p1a: Wugtrio\n|-supereffective|p1a: Wugtrio\n|-damage|p1a: Wugtrio|0 fnt\n|faint|p1a: Wugtrio\n|\n|upkeep\n|\n|t:|1783554684\n|switch|p1a: Hydrapple|Hydrapple, L83, M|100/100\n|turn|5\n|inactive|Time left: 300 sec this turn | 300 sec total\n|\n|t:|1783554686\n|switch|p2a: Tyranitar|Tyranitar, L78, M|284/284\n|-weather|Sandstorm|[from] ability: Sand Stream|[of] p2a: Tyranitar\n|move|p1a: Hydrapple|Fickle Beam|p2a: Tyranitar\n|-damage|p2a: Tyranitar|224/284\n|\n|-weather|Sandstorm|[upkeep]\n|-damage|p1a: Hydrapple|94/100|[from] Sandstorm\n|upkeep\n|turn|6\n|inactive|Time left: 300 sec this turn | 300 sec total\n|\n|t:|1783554687\n|move|p2a: Tyranitar|Ice Punch|p1a: Hydrapple\n|-supereffective|p1a: Hydrapple\n|-damage|p1a: Hydrapple|29/100\n|move|p1a: Hydrapple|Fickle Beam|p2a: Tyranitar|[anim] Fickle Beam All Out\n|-activate|p1a: Hydrapple|move: Fickle Beam\n|-damage|p2a: Tyranitar|94/284\n|\n|-weather|Sandstorm|[upkeep]\n|-damage|p1a: Hydrapple|23/100|[from] Sandstorm\n|upkeep\n|turn|7\n|inactive|Time left: 300 sec this turn | 300 sec total\n|\n|t:|1783554689\n|switch|p1a: Scream Tail|Scream Tail, L84|100/100\n|move|p2a: Tyranitar|Knock Off|p1a: Scream Tail\n|-damage|p1a: Scream Tail|69/100\n|-enditem|p1a: Scream Tail|Leftovers|[from] move: Knock Off|[of] p2a: Tyranitar\n|\n|-weather|Sandstorm|[upkeep]\n|-damage|p1a: Scream Tail|63/100|[from] Sandstorm\n|upkeep\n|turn|8\n|inactive|Time left: 300 sec this turn | 300 sec total\n|\n|t:|1783554690\n|move|p1a: Scream Tail|Play Rough|p2a: Tyranitar\n|-supereffective|p2a: Tyranitar\n|-damage|p2a: Tyranitar|0 fnt\n|faint|p2a: Tyranitar\n|\n|-weather|Sandstorm|[upkeep]\n|-damage|p1a: Scream Tail|57/100|[from] Sandstorm\n|upkeep\n|inactive|Time left: 300 sec this turn | 300 sec total | 5 sec grace\n|\n|t:|1783554691\n|switch|p2a: Arceus|Arceus-Fire, L72|291/291\n|turn|9\n|inactive|Time left: 300 sec this turn | 300 sec total\n|\n|t:|1783554692\n|move|p1a: Scream Tail|Wish|p1a: Scream Tail\n|move|p2a: Arceus|Dragon Dance|p2a: Arceus\n|-boost|p2a: Arceus|atk|1\n|-boost|p2a: Arceus|spe|1\n|\n|-weather|none\n|upkeep\n|turn|10\n|inactive|Time left: 300 sec this turn | 300 sec total\n|\n|t:|1783554693\n|move|p1a: Scream Tail|Protect|p1a: Scream Tail\n|-singleturn|p1a: Scream Tail|Protect\n|move|p2a: Arceus|Flare Blitz|p1a: Scream Tail\n|-activate|p1a: Scream Tail|move: Protect\n|\n|-heal|p1a: Scream Tail|100/100|[from] move: Wish|[wisher] Scream Tail\n|upkeep\n|turn|11\n|inactive|Time left: 300 sec this turn | 300 sec total\n|\n|t:|1783554694\n|move|p2a: Arceus|Flare Blitz|p1a: Scream Tail\n|-damage|p1a: Scream Tail|42/100\n|-damage|p2a: Arceus|227/291|[from] Recoil\n|move|p1a: Scream Tail|Encore|p2a: Arceus\n|-start|p2a: Arceus|Encore\n|\n|upkeep\n|turn|12\n|inactive|Time left: 300 sec this turn | 300 sec total\n|\n|t:|1783554695\n|move|p2a: Arceus|Flare Blitz|p1a: Scream Tail\n|-damage|p1a: Scream Tail|0 fnt\n|faint|p1a: Scream Tail\n|-end|p1a: Scream Tail|Protosynthesis|[silent]\n|-damage|p2a: Arceus|182/291|[from] Recoil\n|\n|upkeep\n|\n|t:|1783554696\n|switch|p1a: Hydrapple|Hydrapple, L83, M|56/100\n|turn|13\n|inactive|Time left: 300 sec this turn | 300 sec total\n|\n|t:|1783554697\n|move|p2a: Arceus|Flare Blitz|p1a: Hydrapple\n|-damage|p1a: Hydrapple|7/100\n|-damage|p2a: Arceus|131/291|[from] Recoil\n|move|p1a: Hydrapple|Earth Power|p2a: Arceus\n|-supereffective|p2a: Arceus\n|-damage|p2a: Arceus|5/291\n|\n|upkeep\n|turn|14\n|inactive|Time left: 300 sec this turn | 300 sec total\n|\n|t:|1783554697\n|move|p2a: Arceus|Flare Blitz|p1a: Hydrapple\n|-damage|p1a: Hydrapple|0 fnt\n|faint|p1a: Hydrapple\n|-damage|p2a: Arceus|0 fnt|[from] Recoil\n|faint|p2a: Arceus\n|\n|upkeep\n|inactive|Time left: 300 sec this turn | 300 sec total | 5 sec grace\n|\n|t:|1783554698\n|switch|p2a: Indeedee|Indeedee-F, L90, F|272/272\n|switch|p1a: Hoopa|Hoopa-Unbound, L80|100/100\n|-fieldstart|move: Psychic Terrain|[from] ability: Psychic Surge|[of] p2a: Indeedee\n|turn|15\n|inactive|Time left: 300 sec this turn | 300 sec total\n|\n|t:|1783554699\n|move|p2a: Indeedee|Dazzling Gleam|p1a: Hoopa\n|-supereffective|p1a: Hoopa\n|-damage|p1a: Hoopa|41/100\n|move|p1a: Hoopa|Hyperspace Fury|p2a: Indeedee\n|-supereffective|p2a: Indeedee\n|-damage|p2a: Indeedee|0 fnt\n|-unboost|p1a: Hoopa|def|1\n|faint|p2a: Indeedee\n|\n|upkeep\n|inactive|Time left: 300 sec this turn | 300 sec total | 5 sec grace\n|\n|t:|1783554700\n|switch|p2a: Smeargle|Smeargle, L95, M|258/258\n|turn|16\n|inactive|Time left: 300 sec this turn | 300 sec total\n|\n|t:|1783554701\n|move|p2a: Smeargle|Spore|p1a: Hoopa\n|-status|p1a: Hoopa|slp|[from] move: Spore\n|cant|p1a: Hoopa|slp\n|\n|upkeep\n|turn|17\n|inactive|Time left: 300 sec this turn | 300 sec total\n|\n|t:|1783554702\n|switch|p2a: Raikou|Raikou, L81|89/278\n|-ability|p2a: Raikou|Pressure\n|cant|p1a: Hoopa|slp\n|\n|upkeep\n|turn|18\n|inactive|Time left: 300 sec this turn | 300 sec total\n|\n|t:|1783554703\n|move|p2a: Raikou|Thunderbolt|p1a: Hoopa\n|-damage|p1a: Hoopa|0 fnt\n|faint|p1a: Hoopa\n|\n|upkeep\n|\n|t:|1783554704\n|switch|p1a: Scyther|Scyther, L82, M|100/100\n|turn|19\n|inactive|Time left: 300 sec this turn | 300 sec total\n|\n|t:|1783554705\n|-terastallize|p1a: Scyther|Fighting\n|move|p2a: Raikou|Thunderbolt|p1a: Scyther\n|-damage|p1a: Scyther|37/100\n|move|p1a: Scyther|Close Combat|p2a: Raikou\n|-damage|p2a: Raikou|0 fnt\n|-unboost|p1a: Scyther|def|1\n|-unboost|p1a: Scyther|spd|1\n|faint|p2a: Raikou\n|\n|-fieldend|move: Psychic Terrain\n|upkeep\n|inactive|Time left: 300 sec this turn | 300 sec total | 5 sec grace\n|\n|t:|1783554706\n|switch|p2a: Smeargle|Smeargle, L95, M|258/258\n|turn|20\n|inactive|Time left: 300 sec this turn | 300 sec total\n|\n|t:|1783554707\n|move|p1a: Scyther|Close Combat|p2a: Smeargle\n|-supereffective|p2a: Smeargle\n|-enditem|p2a: Smeargle|Focus Sash\n|-damage|p2a: Smeargle|1/258\n|-unboost|p1a: Scyther|def|1\n|-unboost|p1a: Scyther|spd|1\n|move|p2a: Smeargle|Spore|p1a: Scyther\n|-status|p1a: Scyther|slp|[from] move: Spore\n|\n|upkeep\n|turn|21\n|inactive|Time left: 300 sec this turn | 300 sec total\n|\n|t:|1783554708\n|cant|p1a: Scyther|slp\n|move|p2a: Smeargle|Ceaseless Edge|p1a: Scyther\n|-resisted|p1a: Scyther\n|-damage|p1a: Scyther|26/100 slp\n|-sidestart|p1: p0x13402b78|Spikes\n|\n|upkeep\n|turn|22\n|inactive|Time left: 300 sec this turn | 300 sec total\n|\n|t:|1783554709\n|cant|p1a: Scyther|slp\n|move|p2a: Smeargle|Spore|p1a: Scyther\n|-fail|p1a: Scyther|slp\n|\n|upkeep\n|turn|23\n|inactive|Time left: 300 sec this turn | 300 sec total\n|\n|t:|1783554710\n|cant|p1a: Scyther|slp\n|move|p2a: Smeargle|Spore|p1a: Scyther\n|-fail|p1a: Scyther|slp\n|\n|upkeep\n|turn|24\n|inactive|Time left: 300 sec this turn | 300 sec total\n|\n|t:|1783554711\n|-curestatus|p1a: Scyther|slp|[msg]\n|move|p1a: Scyther|Close Combat|p2a: Smeargle\n|-supereffective|p2a: Smeargle\n|-damage|p2a: Smeargle|0 fnt\n|-unboost|p1a: Scyther|def|1\n|-unboost|p1a: Scyther|spd|1\n|faint|p2a: Smeargle\n|\n|win|p0x13402b78", "uploadtime": 1783554711, "views": 0, "rating": 0, "private": 0, "password": null, "_winner": "p0x13402b78", "_our_name": "p0y13403fde"}