{"id": "battle-gen9randombattle-39", "formatid": "gen9randombattle", "format": "[Gen 9] Random Battle", "players": ["p0x0394a8c", "p0y0394342"], "log": "|init|battle\n|title|p0x0394a8c vs. p0y0394342\n|j|\u2606p0x0394a8c\n|j|\u2606p0y0394342\n|t:|1783539622\n|gametype|singles\n|player|p1|p0x0394a8c|102|\n|player|p2|p0y0394342|169|\n|gen|9\n|tier|[Gen 9] Random Battle\n|rule|Species Clause: Limit one of each Pok\u00e9mon\n|rule|HP Percentage Mod: HP is shown in percentages\n|rule|Sleep Clause Mod: Limit one foe put to sleep\n|rule|Illusion Level Mod: Illusion disguises the Pok\u00e9mon's true level\n|\n|t:|1783539622\n|teamsize|p1|6\n|teamsize|p2|6\n|start\n|switch|p1a: Brambleghast|Brambleghast, L88, F|100/100\n|switch|p2a: Spectrier|Spectrier, L75|274/274\n|turn|1\n|inactive|Battle timer is ON: inactive players will automatically lose when time's up. (requested by p0y0394342)\n|inactive|p0x0394a8c also wants the timer to be on.\n|\n|t:|1783539624\n|move|p2a: Spectrier|Shadow Ball|p1a: Brambleghast\n|-supereffective|p1a: Brambleghast\n|-damage|p1a: Brambleghast|0 fnt\n|faint|p1a: Brambleghast\n|-ability|p2a: Spectrier|Grim Neigh|boost\n|-boost|p2a: Spectrier|spa|1\n|-damage|p2a: Spectrier|247/274|[from] item: Life Orb\n|\n|upkeep\n|\n|t:|1783539625\n|switch|p1a: Misdreavus|Misdreavus, L90, M|100/100\n|turn|2\n|inactive|Time left: 300 sec this turn | 300 sec total\n|\n|t:|1783539626\n|move|p2a: Spectrier|Shadow Ball|p1a: Misdreavus\n|-supereffective|p1a: Misdreavus\n|-crit|p1a: Misdreavus\n|-damage|p1a: Misdreavus|0 fnt\n|faint|p1a: Misdreavus\n|-ability|p2a: Spectrier|Grim Neigh|boost\n|-boost|p2a: Spectrier|spa|1\n|-damage|p2a: Spectrier|220/274|[from] item: Life Orb\n|\n|upkeep\n|\n|t:|1783539627\n|switch|p1a: Jumpluff|Jumpluff, L87, F|100/100\n|turn|3\n|inactive|Time left: 300 sec this turn | 300 sec total\n|\n|t:|1783539629\n|move|p1a: Jumpluff|Acrobatics|p2a: Spectrier\n|-damage|p2a: Spectrier|90/274\n|move|p2a: Spectrier|Shadow Ball|p1a: Jumpluff\n|-damage|p1a: Jumpluff|11/100\n|-damage|p2a: Spectrier|63/274|[from] item: Life Orb\n|\n|upkeep\n|turn|4\n|inactive|Time left: 300 sec this turn | 300 sec total\n|\n|t:|1783539630\n|switch|p2a: Gholdengo|Gholdengo, L77|261/261\n|move|p1a: Jumpluff|Acrobatics|p2a: Gholdengo\n|-resisted|p2a: Gholdengo\n|-damage|p2a: Gholdengo|222/261\n|\n|-heal|p2a: Gholdengo|238/261|[from] item: Leftovers\n|upkeep\n|turn|5\n|inactive|Time left: 300 sec this turn | 300 sec total\n|\n|t:|1783539631\n|move|p1a: Jumpluff|Strength Sap|p2a: Gholdengo\n|-immune|p2a: Gholdengo|[from] ability: Good as Gold\n|move|p2a: Gholdengo|Nasty Plot|p2a: Gholdengo\n|-boost|p2a: Gholdengo|spa|2\n|\n|-heal|p2a: Gholdengo|254/261|[from] item: Leftovers\n|upkeep\n|turn|6\n|inactive|Time left: 300 sec this turn | 300 sec total\n|\n|t:|1783539632\n|move|p1a: Jumpluff|Acrobatics|p2a: Gholdengo\n|-resisted|p2a: Gholdengo\n|-damage|p2a: Gholdengo|209/261\n|move|p2a: Gholdengo|Shadow Ball|p1a: Jumpluff\n|-damage|p1a: Jumpluff|0 fnt\n|faint|p1a: Jumpluff\n|\n|-heal|p2a: Gholdengo|225/261|[from] item: Leftovers\n|upkeep\n|\n|t:|1783539633\n|switch|p1a: Grumpig|Grumpig, L92, M|100/100\n|turn|7\n|inactive|Time left: 300 sec this turn | 300 sec total\n|\n|t:|1783539634\n|move|p1a: Grumpig|Earth Power|p2a: Gholdengo\n|-supereffective|p2a: Gholdengo\n|-damage|p2a: Gholdengo|67/261\n|move|p2a: Gholdengo|Shadow Ball|p1a: Grumpig\n|-supereffective|p1a: Grumpig\n|-damage|p1a: Grumpig|12/100\n|\n|-heal|p2a: Gholdengo|83/261|[from] item: Leftovers\n|upkeep\n|turn|8\n|inactive|Time left: 300 sec this turn | 300 sec total\n|\n|t:|1783539636\n|-terastallize|p2a: Gholdengo|Water\n|move|p1a: Grumpig|Earth Power|p2a: Gholdengo\n|-damage|p2a: Gholdengo|7/261\n|move|p2a: Gholdengo|Recover|p2a: Gholdengo\n|-heal|p2a: Gholdengo|138/261\n|\n|-heal|p2a: Gholdengo|154/261|[from] item: Leftovers\n|upkeep\n|turn|9\n|inactive|Time left: 300 sec this turn | 300 sec total\n|\n|t:|1783539637\n|move|p1a: Grumpig|Earth Power|p2a: Gholdengo\n|-damage|p2a: Gholdengo|85/261\n|move|p2a: Gholdengo|Recover|p2a: Gholdengo\n|-heal|p2a: Gholdengo|216/261\n|\n|-heal|p2a: Gholdengo|232/261|[from] item: Leftovers\n|upkeep\n|turn|10\n|inactive|Time left: 300 sec this turn | 300 sec total\n|\n|t:|1783539638\n|move|p1a: Grumpig|Earth Power|p2a: Gholdengo\n|-damage|p2a: Gholdengo|162/261\n|move|p2a: Gholdengo|Shadow Ball|p1a: Grumpig\n|-supereffective|p1a: Grumpig\n|-damage|p1a: Grumpig|0 fnt\n|faint|p1a: Grumpig\n|\n|-heal|p2a: Gholdengo|178/261|[from] item: Leftovers\n|upkeep\n|\n|t:|1783539639\n|switch|p1a: Tauros|Tauros-Paldea-Aqua, L81, M|100/100\n|-ability|p1a: Tauros|Intimidate|boost\n|-unboost|p2a: Gholdengo|atk|1\n|turn|11\n|inactive|Time left: 300 sec this turn | 300 sec total\n|\n|t:|1783539640\n|move|p1a: Tauros|Bulk Up|p1a: Tauros\n|-boost|p1a: Tauros|atk|1\n|-boost|p1a: Tauros|def|1\n|move|p2a: Gholdengo|Shadow Ball|p1a: Tauros\n|-damage|p1a: Tauros|20/100\n|-unboost|p1a: Tauros|spd|1\n|\n|-heal|p2a: Gholdengo|194/261|[from] item: Leftovers\n|upkeep\n|turn|12\n|inactive|Time left: 300 sec this turn | 300 sec total\n|\n|t:|1783539641\n|switch|p2a: Spectrier|Spectrier, L75|63/274\n|move|p1a: Tauros|Close Combat|p2a: Spectrier\n|-immune|p2a: Spectrier\n|\n|upkeep\n|turn|13\n|inactive|Time left: 300 sec this turn | 300 sec total\n|\n|t:|1783539642\n|move|p1a: Tauros|Aqua Jet|p2a: Spectrier\n|-damage|p2a: Spectrier|0 fnt\n|faint|p2a: Spectrier\n|-damage|p1a: Tauros|10/100|[from] item: Life Orb\n|\n|upkeep\n|inactive|Time left: 300 sec this turn | 300 sec total | 5 sec grace\n|\n|t:|1783539643\n|switch|p2a: Slither Wing|Slither Wing, L81|270/270\n|turn|14\n|inactive|Time left: 300 sec this turn | 300 sec total\n|\n|t:|1783539644\n|move|p2a: Slither Wing|First Impression|p1a: Tauros\n|-resisted|p1a: Tauros\n|-damage|p1a: Tauros|0 fnt\n|faint|p1a: Tauros\n|-damage|p2a: Slither Wing|243/270|[from] item: Life Orb\n|\n|upkeep\n|\n|t:|1783539645\n|switch|p1a: Eiscue|Eiscue, L88, M|100/100\n|turn|15\n|inactive|Time left: 300 sec this turn | 300 sec total\n|\n|t:|1783539646\n|-end|p2a: Slither Wing|Protosynthesis|[silent]\n|switch|p2a: Gholdengo|Gholdengo, L77, tera:Water|194/261\n|-terastallize|p1a: Eiscue|Ground\n|move|p1a: Eiscue|Belly Drum|p1a: Eiscue\n|-damage|p1a: Eiscue|50/100\n|-setboost|p1a: Eiscue|atk|6|[from] move: Belly Drum\n|-enditem|p1a: Eiscue|Sitrus Berry|[eat]\n|-heal|p1a: Eiscue|75/100|[from] item: Sitrus Berry\n|\n|-heal|p2a: Gholdengo|210/261|[from] item: Leftovers\n|upkeep\n|turn|16\n|inactive|Time left: 300 sec this turn | 300 sec total\n|\n|t:|1783539647\n|move|p2a: Gholdengo|Make It Rain|p1a: Eiscue\n|-damage|p1a: Eiscue|30/100\n|-unboost|p2a: Gholdengo|spa|1\n|move|p1a: Eiscue|Tera Blast|p2a: Gholdengo|[anim] Tera Blast Ground\n|-damage|p2a: Gholdengo|0 fnt\n|faint|p2a: Gholdengo\n|\n|upkeep\n|inactive|Time left: 300 sec this turn | 300 sec total | 5 sec grace\n|\n|t:|1783539648\n|switch|p2a: Kleavor|Kleavor, L78, M|237/237\n|turn|17\n|inactive|Time left: 300 sec this turn | 300 sec total\n|\n|t:|1783539649\n|move|p2a: Kleavor|U-turn|p1a: Eiscue\n|-activate|p1a: Eiscue|ability: Ice Face\n|-damage|p1a: Eiscue|30/100\n|detailschange|p1a: Eiscue|Eiscue-Noice, L88, M, tera:Ground\n|inactive|Time left: 300 sec this turn | 300 sec total | 5 sec grace\n|\n|t:|1783539649\n|switch|p2a: Electivire|Electivire, L84, F|263/263|[from] U-turn\n|move|p1a: Eiscue|Belly Drum||[still]\n|-fail|p1a: Eiscue\n|\n|upkeep\n|turn|18\n|inactive|Time left: 300 sec this turn | 300 sec total\n|\n|t:|1783539650\n|move|p1a: Eiscue|Liquidation|p2a: Electivire\n|-damage|p2a: Electivire|0 fnt\n|faint|p2a: Electivire\n|\n|upkeep\n|inactive|Time left: 300 sec this turn | 300 sec total | 5 sec grace\n|\n|t:|1783539651\n|switch|p2a: Slither Wing|Slither Wing, L81|243/270\n|turn|19\n|inactive|Time left: 300 sec this turn | 300 sec total\n|\n|t:|1783539652\n|move|p2a: Slither Wing|First Impression|p1a: Eiscue\n|-damage|p1a: Eiscue|0 fnt\n|faint|p1a: Eiscue\n|-damage|p2a: Slither Wing|216/270|[from] item: Life Orb\n|\n|win|p0y0394342", "uploadtime": 1783539652, "views": 0, "rating": 0, "private": 0, "password": null, "_winner": "p0y0394342", "_our_name": "p0y0394342"}