{"id": "battle-gen9randombattle-494", "formatid": "gen9randombattle", "format": "[Gen 9] Random Battle", "players": ["p0x494d929", "p0y494c081"], "log": "|init|battle\n|title|p0x494d929 vs. p0y494c081\n|j|\u2606p0x494d929\n|j|\u2606p0y494c081\n|t:|1783545502\n|gametype|singles\n|player|p1|p0x494d929|170|\n|player|p2|p0y494c081|169|\n|gen|9\n|tier|[Gen 9] Random Battle\n|rule|Species Clause: Limit one of each Pok\u00e9mon\n|rule|HP Percentage Mod: HP is shown in percentages\n|rule|Sleep Clause Mod: Limit one foe put to sleep\n|rule|Illusion Level Mod: Illusion disguises the Pok\u00e9mon's true level\n|\n|t:|1783545502\n|teamsize|p1|6\n|teamsize|p2|6\n|start\n|switch|p1a: Armarouge|Armarouge, L80, F|267/267\n|switch|p2a: Chien-Pao|Chien-Pao, L72|100/100\n|-ability|p2a: Chien-Pao|Sword of Ruin\n|turn|1\n|inactive|Battle timer is ON: inactive players will automatically lose when time's up. (requested by p0x494d929)\n|\n|t:|1783545504\n|move|p2a: Chien-Pao|Throat Chop|p1a: Armarouge\n|-supereffective|p1a: Armarouge\n|-damage|p1a: Armarouge|0 fnt\n|faint|p1a: Armarouge\n|\n|upkeep\n|inactive|Time left: 300 sec this turn | 300 sec total | 65 sec grace\n|inactive|p0y494c081 also wants the timer to be on.\n|\n|t:|1783545505\n|switch|p1a: Blastoise|Blastoise, L80, F|258/258\n|turn|2\n|inactive|Time left: 300 sec this turn | 300 sec total\n|\n|t:|1783545506\n|move|p2a: Chien-Pao|Throat Chop|p1a: Blastoise\n|-damage|p1a: Blastoise|119/258\n|-start|p1a: Blastoise|Throat Chop|[silent]\n|move|p1a: Blastoise|Shell Smash|p1a: Blastoise\n|-unboost|p1a: Blastoise|def|1\n|-unboost|p1a: Blastoise|spd|1\n|-boost|p1a: Blastoise|atk|2\n|-boost|p1a: Blastoise|spa|2\n|-boost|p1a: Blastoise|spe|2\n|-enditem|p1a: Blastoise|White Herb\n|-clearnegativeboost|p1a: Blastoise|[silent]\n|\n|upkeep\n|turn|3\n|inactive|Time left: 300 sec this turn | 300 sec total\n|\n|t:|1783545507\n|switch|p2a: Basculegion|Basculegion-F, L83, F|100/100\n|move|p1a: Blastoise|Hydro Pump|p2a: Basculegion\n|-resisted|p2a: Basculegion\n|-damage|p2a: Basculegion|78/100\n|\n|-end|p1a: Blastoise|Throat Chop|[silent]\n|upkeep\n|turn|4\n|inactive|Time left: 300 sec this turn | 300 sec total\n|\n|t:|1783545509\n|move|p1a: Blastoise|Earthquake|p2a: Basculegion\n|-damage|p2a: Basculegion|36/100\n|move|p2a: Basculegion|Shadow Ball|p1a: Blastoise\n|-damage|p1a: Blastoise|21/258\n|\n|upkeep\n|turn|5\n|inactive|Time left: 300 sec this turn | 300 sec total\n|\n|t:|1783545510\n|move|p1a: Blastoise|Earthquake|p2a: Basculegion\n|-damage|p2a: Basculegion|0 fnt\n|faint|p2a: Basculegion\n|\n|upkeep\n|\n|t:|1783545511\n|switch|p2a: Blastoise|Blastoise, L80, M|100/100\n|turn|6\n|inactive|Time left: 300 sec this turn | 300 sec total\n|\n|t:|1783545513\n|move|p1a: Blastoise|Ice Beam|p2a: Blastoise\n|-resisted|p2a: Blastoise\n|-damage|p2a: Blastoise|82/100\n|move|p2a: Blastoise|Ice Beam|p1a: Blastoise\n|-resisted|p1a: Blastoise\n|-damage|p1a: Blastoise|0 fnt\n|faint|p1a: Blastoise\n|\n|upkeep\n|inactive|Time left: 300 sec this turn | 300 sec total | 5 sec grace\n|\n|t:|1783545514\n|switch|p1a: Rotom|Rotom-Frost, L87|229/229\n|turn|7\n|inactive|Time left: 300 sec this turn | 300 sec total\n|\n|t:|1783545515\n|move|p1a: Rotom|Nasty Plot|p1a: Rotom\n|-boost|p1a: Rotom|spa|2\n|move|p2a: Blastoise|Shell Smash|p2a: Blastoise\n|-unboost|p2a: Blastoise|def|1\n|-unboost|p2a: Blastoise|spd|1\n|-boost|p2a: Blastoise|atk|2\n|-boost|p2a: Blastoise|spa|2\n|-boost|p2a: Blastoise|spe|2\n|-enditem|p2a: Blastoise|White Herb\n|-clearnegativeboost|p2a: Blastoise|[silent]\n|\n|upkeep\n|turn|8\n|inactive|Time left: 300 sec this turn | 300 sec total\n|\n|t:|1783545516\n|-terastallize|p2a: Blastoise|Ground\n|move|p2a: Blastoise|Hydro Pump|p1a: Rotom|[miss]\n|-miss|p2a: Blastoise|p1a: Rotom\n|move|p1a: Rotom|Thunderbolt|p2a: Blastoise\n|-immune|p2a: Blastoise\n|\n|upkeep\n|turn|9\n|inactive|Time left: 300 sec this turn | 300 sec total\n|\n|t:|1783545517\n|move|p2a: Blastoise|Hydro Pump|p1a: Rotom\n|-damage|p1a: Rotom|60/229\n|move|p1a: Rotom|Blizzard|p2a: Blastoise\n|-supereffective|p2a: Blastoise\n|-damage|p2a: Blastoise|0 fnt\n|faint|p2a: Blastoise\n|\n|upkeep\n|\n|t:|1783545518\n|switch|p2a: Chien-Pao|Chien-Pao, L72|100/100\n|-ability|p2a: Chien-Pao|Sword of Ruin\n|turn|10\n|inactive|Time left: 300 sec this turn | 300 sec total\n|\n|t:|1783545520\n|switch|p1a: Leafeon|Leafeon, L88, F|258/258\n|move|p2a: Chien-Pao|Throat Chop|p1a: Leafeon\n|-damage|p1a: Leafeon|158/258\n|-start|p1a: Leafeon|Throat Chop|[silent]\n|\n|upkeep\n|turn|11\n|inactive|Time left: 300 sec this turn | 300 sec total\n|\n|t:|1783545521\n|move|p2a: Chien-Pao|Throat Chop|p1a: Leafeon\n|-damage|p1a: Leafeon|47/258\n|move|p1a: Leafeon|Leaf Blade|p2a: Chien-Pao\n|-damage|p2a: Chien-Pao|24/100\n|-damage|p1a: Leafeon|22/258|[from] item: Life Orb\n|\n|-end|p1a: Leafeon|Throat Chop|[silent]\n|upkeep\n|turn|12\n|inactive|Time left: 300 sec this turn | 300 sec total\n|\n|t:|1783545522\n|move|p2a: Chien-Pao|Throat Chop|p1a: Leafeon\n|-damage|p1a: Leafeon|0 fnt\n|faint|p1a: Leafeon\n|\n|upkeep\n|inactive|Time left: 300 sec this turn | 300 sec total | 5 sec grace\n|\n|t:|1783545523\n|switch|p1a: Bruxish|Bruxish, L85, M|254/254\n|turn|13\n|inactive|Time left: 300 sec this turn | 300 sec total\n|\n|t:|1783545524\n|move|p1a: Bruxish|Aqua Jet|p2a: Chien-Pao\n|-damage|p2a: Chien-Pao|0 fnt\n|faint|p2a: Chien-Pao\n|-damage|p1a: Bruxish|229/254|[from] item: Life Orb\n|\n|upkeep\n|\n|t:|1783545525\n|switch|p2a: Hydrapple|Hydrapple, L83, M|100/100\n|turn|14\n|inactive|Time left: 300 sec this turn | 300 sec total\n|\n|t:|1783545526\n|move|p1a: Bruxish|Swords Dance|p1a: Bruxish\n|-boost|p1a: Bruxish|atk|2\n|move|p2a: Hydrapple|Giga Drain|p1a: Bruxish\n|-supereffective|p1a: Bruxish\n|-damage|p1a: Bruxish|0 fnt\n|faint|p1a: Bruxish\n|\n|upkeep\n|inactive|Time left: 300 sec this turn | 300 sec total | 5 sec grace\n|\n|t:|1783545526\n|switch|p1a: Hydreigon|Hydreigon, L79, F|275/275\n|turn|15\n|inactive|Time left: 300 sec this turn | 300 sec total\n|\n|t:|1783545527\n|move|p1a: Hydreigon|Draco Meteor|p2a: Hydrapple\n|-supereffective|p2a: Hydrapple\n|-damage|p2a: Hydrapple|0 fnt\n|-unboost|p1a: Hydreigon|spa|2\n|faint|p2a: Hydrapple\n|\n|upkeep\n|\n|t:|1783545528\n|switch|p2a: Clefable|Clefable, L83, F|100/100\n|turn|16\n|inactive|Time left: 300 sec this turn | 300 sec total\n|\n|t:|1783545529\n|switch|p1a: Rotom|Rotom-Frost, L87|60/229\n|move|p2a: Clefable|Moonblast|p1a: Rotom\n|-damage|p1a: Rotom|0 fnt\n|faint|p1a: Rotom\n|\n|upkeep\n|inactive|Time left: 300 sec this turn | 300 sec total | 5 sec grace\n|\n|t:|1783545530\n|switch|p1a: Hydreigon|Hydreigon, L79, F|275/275\n|turn|17\n|inactive|Time left: 300 sec this turn | 300 sec total\n|\n|t:|1783545531\n|-terastallize|p1a: Hydreigon|Dragon\n|move|p1a: Hydreigon|Dark Pulse|p2a: Clefable\n|-resisted|p2a: Clefable\n|-damage|p2a: Clefable|78/100\n|move|p2a: Clefable|Moonblast|p1a: Hydreigon\n|-supereffective|p1a: Hydreigon\n|-damage|p1a: Hydreigon|15/275\n|\n|upkeep\n|turn|18\n|inactive|Time left: 300 sec this turn | 300 sec total\n|\n|t:|1783545533\n|move|p1a: Hydreigon|Dark Pulse|p2a: Clefable\n|-resisted|p2a: Clefable\n|-damage|p2a: Clefable|56/100\n|move|p2a: Clefable|Moonblast|p1a: Hydreigon\n|-supereffective|p1a: Hydreigon\n|-damage|p1a: Hydreigon|0 fnt\n|faint|p1a: Hydreigon\n|\n|win|p0y494c081", "uploadtime": 1783545533, "views": 0, "rating": 0, "private": 0, "password": null, "_winner": "p0y494c081", "_our_name": "p0x494d929"}