{"id": "battle-gen9randombattle-2366", "formatid": "gen9randombattle", "format": "[Gen 9] Random Battle", "players": ["p0x2366787a", "p0y2366cf98"], "log": "|init|battle\n|title|p0x2366787a vs. p0y2366cf98\n|j|\u2606p0x2366787a\n|j|\u2606p0y2366cf98\n|t:|1783567493\n|gametype|singles\n|player|p1|p0x2366787a|170|\n|player|p2|p0y2366cf98|266|\n|gen|9\n|tier|[Gen 9] Random Battle\n|rule|Species Clause: Limit one of each Pok\u00e9mon\n|rule|HP Percentage Mod: HP is shown in percentages\n|rule|Sleep Clause Mod: Limit one foe put to sleep\n|rule|Illusion Level Mod: Illusion disguises the Pok\u00e9mon's true level\n|\n|t:|1783567493\n|teamsize|p1|6\n|teamsize|p2|6\n|start\n|switch|p1a: Scyther|Scyther, L82, M|249/249\n|switch|p2a: Walking Wake|Walking Wake, L79, shiny|100/100\n|turn|1\n|inactive|Battle timer is ON: inactive players will automatically lose when time's up. (requested by p0y2366cf98)\n|inactive|Time left: 300 sec this turn | 300 sec total | 60 sec grace\n|inactive|p0x2366787a also wants the timer to be on.\n|\n|t:|1783567495\n|move|p1a: Scyther|Swords Dance|p1a: Scyther\n|-boost|p1a: Scyther|atk|2\n|move|p2a: Walking Wake|Draco Meteor|p1a: Scyther|[miss]\n|-miss|p2a: Walking Wake|p1a: Scyther\n|\n|upkeep\n|turn|2\n|inactive|Time left: 300 sec this turn | 300 sec total\n|\n|t:|1783567496\n|move|p1a: Scyther|Dual Wingbeat|p2a: Walking Wake\n|-damage|p2a: Walking Wake|49/100\n|-damage|p2a: Walking Wake|0 fnt\n|faint|p2a: Walking Wake\n|-end|p2a: Walking Wake|Protosynthesis|[silent]\n|-hitcount|p2: Walking Wake|2\n|\n|upkeep\n|\n|t:|1783567497\n|switch|p2a: Dodrio|Dodrio, L85, F|100/100\n|turn|3\n|inactive|Time left: 300 sec this turn | 300 sec total\n|\n|t:|1783567498\n|move|p2a: Dodrio|Brave Bird|p1a: Scyther\n|-supereffective|p1a: Scyther\n|-damage|p1a: Scyther|31/249\n|-damage|p2a: Dodrio|71/100|[from] Recoil\n|move|p1a: Scyther|Dual Wingbeat|p2a: Dodrio\n|-crit|p2a: Dodrio\n|-damage|p2a: Dodrio|0 fnt\n|faint|p2a: Dodrio\n|-hitcount|p2: Dodrio|1\n|\n|upkeep\n|\n|t:|1783567499\n|switch|p2a: Heracross|Heracross, L80, F|100/100\n|turn|4\n|inactive|Time left: 300 sec this turn | 300 sec total\n|\n|t:|1783567500\n|move|p2a: Heracross|Close Combat|p1a: Scyther\n|-resisted|p1a: Scyther\n|-damage|p1a: Scyther|4/249\n|-unboost|p2a: Heracross|def|1\n|-unboost|p2a: Heracross|spd|1\n|move|p1a: Scyther|Dual Wingbeat|p2a: Heracross\n|-supereffective|p2a: Heracross\n|-damage|p2a: Heracross|0 fnt\n|faint|p2a: Heracross\n|-hitcount|p2: Heracross|1\n|\n|upkeep\n|\n|t:|1783567501\n|switch|p2a: Thundurus|Thundurus-Therian, L80, M|100/100\n|turn|5\n|inactive|Time left: 300 sec this turn | 300 sec total\n|\n|t:|1783567502\n|move|p1a: Scyther|Dual Wingbeat|p2a: Thundurus\n|-resisted|p2a: Thundurus\n|-damage|p2a: Thundurus|70/100\n|-resisted|p2a: Thundurus\n|-damage|p2a: Thundurus|38/100\n|-hitcount|p2a: Thundurus|2\n|move|p2a: Thundurus|Thunderbolt|p1a: Scyther\n|-supereffective|p1a: Scyther\n|-damage|p1a: Scyther|0 fnt\n|faint|p1a: Scyther\n|\n|upkeep\n|inactive|Time left: 300 sec this turn | 300 sec total | 5 sec grace\n|\n|t:|1783567503\n|switch|p1a: Floatzel|Floatzel, L86, F|286/286\n|turn|6\n|inactive|Time left: 300 sec this turn | 300 sec total\n|\n|t:|1783567504\n|move|p1a: Floatzel|Wave Crash|p2a: Thundurus\n|-damage|p2a: Thundurus|0 fnt\n|faint|p2a: Thundurus\n|-damage|p1a: Floatzel|254/286|[from] Recoil\n|\n|-heal|p1a: Floatzel|271/286|[from] item: Leftovers\n|upkeep\n|\n|t:|1783567504\n|switch|p2a: Iron Treads|Iron Treads, L77|100/100\n|turn|7\n|inactive|Time left: 300 sec this turn | 300 sec total\n|\n|t:|1783567505\n|move|p1a: Floatzel|Bulk Up|p1a: Floatzel\n|-boost|p1a: Floatzel|atk|1\n|-boost|p1a: Floatzel|def|1\n|move|p2a: Iron Treads|Earthquake|p1a: Floatzel\n|-damage|p1a: Floatzel|174/286\n|\n|-heal|p1a: Floatzel|191/286|[from] item: Leftovers\n|upkeep\n|turn|8\n|inactive|Time left: 300 sec this turn | 300 sec total\n|\n|t:|1783567506\n|-terastallize|p2a: Iron Treads|Dragon\n|move|p1a: Floatzel|Wave Crash|p2a: Iron Treads\n|-resisted|p2a: Iron Treads\n|-damage|p2a: Iron Treads|67/100\n|-damage|p1a: Floatzel|161/286|[from] Recoil\n|move|p2a: Iron Treads|Rapid Spin|p1a: Floatzel\n|-damage|p1a: Floatzel|131/286\n|-boost|p2a: Iron Treads|spe|1\n|\n|-heal|p2a: Iron Treads|73/100|[from] item: Leftovers\n|-heal|p1a: Floatzel|148/286|[from] item: Leftovers\n|upkeep\n|turn|9\n|inactive|Time left: 300 sec this turn | 300 sec total\n|\n|t:|1783567507\n|move|p2a: Iron Treads|Earthquake|p1a: Floatzel\n|-damage|p1a: Floatzel|49/286\n|move|p1a: Floatzel|Bulk Up|p1a: Floatzel\n|-boost|p1a: Floatzel|atk|1\n|-boost|p1a: Floatzel|def|1\n|\n|-heal|p2a: Iron Treads|79/100|[from] item: Leftovers\n|-heal|p1a: Floatzel|66/286|[from] item: Leftovers\n|upkeep\n|turn|10\n|inactive|Time left: 300 sec this turn | 300 sec total\n|\n|t:|1783567507\n|move|p2a: Iron Treads|Earthquake|p1a: Floatzel\n|-crit|p1a: Floatzel\n|-damage|p1a: Floatzel|0 fnt\n|faint|p1a: Floatzel\n|\n|-heal|p2a: Iron Treads|85/100|[from] item: Leftovers\n|upkeep\n|inactive|Time left: 300 sec this turn | 300 sec total | 5 sec grace\n|\n|t:|1783567508\n|switch|p1a: Leafeon|Leafeon, L88, F|258/258\n|turn|11\n|inactive|Time left: 300 sec this turn | 300 sec total\n|\n|t:|1783567509\n|move|p2a: Iron Treads|Iron Head|p1a: Leafeon\n|-damage|p1a: Leafeon|206/258\n|cant|p1a: Leafeon|flinch\n|\n|-heal|p2a: Iron Treads|91/100|[from] item: Leftovers\n|-heal|p1a: Leafeon|222/258|[from] item: Leftovers\n|upkeep\n|turn|12\n|inactive|Time left: 300 sec this turn | 300 sec total\n|\n|t:|1783567510\n|move|p2a: Iron Treads|Iron Head|p1a: Leafeon\n|-damage|p1a: Leafeon|168/258\n|cant|p1a: Leafeon|flinch\n|\n|-heal|p2a: Iron Treads|97/100|[from] item: Leftovers\n|-heal|p1a: Leafeon|184/258|[from] item: Leftovers\n|upkeep\n|turn|13\n|inactive|Time left: 300 sec this turn | 300 sec total\n|\n|t:|1783567511\n|move|p2a: Iron Treads|Iron Head|p1a: Leafeon\n|-damage|p1a: Leafeon|130/258\n|move|p1a: Leafeon|Swords Dance|p1a: Leafeon\n|-boost|p1a: Leafeon|atk|2\n|\n|-heal|p2a: Iron Treads|100/100|[from] item: Leftovers\n|-heal|p1a: Leafeon|146/258|[from] item: Leftovers\n|upkeep\n|turn|14\n|inactive|Time left: 300 sec this turn | 300 sec total\n|\n|t:|1783567512\n|move|p2a: Iron Treads|Iron Head|p1a: Leafeon\n|-damage|p1a: Leafeon|92/258\n|cant|p1a: Leafeon|flinch\n|\n|-heal|p1a: Leafeon|108/258|[from] item: Leftovers\n|upkeep\n|turn|15\n|inactive|Time left: 300 sec this turn | 300 sec total\n|\n|t:|1783567513\n|move|p2a: Iron Treads|Iron Head|p1a: Leafeon\n|-damage|p1a: Leafeon|54/258\n|move|p1a: Leafeon|Knock Off|p2a: Iron Treads\n|-damage|p2a: Iron Treads|44/100\n|-enditem|p2a: Iron Treads|Leftovers|[from] move: Knock Off|[of] p1a: Leafeon\n|\n|-heal|p1a: Leafeon|70/258|[from] item: Leftovers\n|upkeep\n|turn|16\n|inactive|Time left: 300 sec this turn | 300 sec total\n|\n|t:|1783567515\n|-terastallize|p1a: Leafeon|Dark\n|move|p2a: Iron Treads|Iron Head|p1a: Leafeon\n|-damage|p1a: Leafeon|16/258\n|move|p1a: Leafeon|Knock Off|p2a: Iron Treads\n|-damage|p2a: Iron Treads|0 fnt\n|faint|p2a: Iron Treads\n|-end|p2a: Iron Treads|Quark Drive|[silent]\n|\n|-heal|p1a: Leafeon|32/258|[from] item: Leftovers\n|upkeep\n|\n|t:|1783567515\n|switch|p2a: Emboar|Emboar, L84, M|100/100\n|turn|17\n|inactive|Time left: 300 sec this turn | 300 sec total\n|\n|t:|1783567516\n|move|p1a: Leafeon|Knock Off|p2a: Emboar\n|-resisted|p2a: Emboar\n|-damage|p2a: Emboar|55/100\n|-enditem|p2a: Emboar|Assault Vest|[from] move: Knock Off|[of] p1a: Leafeon\n|move|p2a: Emboar|Knock Off|p1a: Leafeon\n|-resisted|p1a: Leafeon\n|-damage|p1a: Leafeon|0 fnt\n|-enditem|p1a: Leafeon|Leftovers|[from] move: Knock Off|[of] p2a: Emboar\n|faint|p1a: Leafeon\n|\n|upkeep\n|inactive|Time left: 300 sec this turn | 300 sec total | 5 sec grace\n|\n|t:|1783567517\n|switch|p1a: Sawsbuck|Sawsbuck, L88, M|284/284\n|turn|18\n|inactive|Time left: 300 sec this turn | 300 sec total\n|\n|t:|1783567518\n|move|p1a: Sawsbuck|Double-Edge|p2a: Emboar\n|-crit|p2a: Emboar\n|-damage|p2a: Emboar|0 fnt\n|faint|p2a: Emboar\n|-damage|p1a: Sawsbuck|226/284|[from] Recoil\n|-damage|p1a: Sawsbuck|198/284|[from] item: Life Orb\n|\n|win|p0x2366787a", "uploadtime": 1783567518, "views": 0, "rating": 0, "private": 0, "password": null, "_winner": "p0x2366787a", "_our_name": "p0x2366787a"}