{"id": "battle-gen9randombattle-417", "formatid": "gen9randombattle", "format": "[Gen 9] Random Battle", "players": ["p0x417a7ca", "p0y417c410"], "log": "|init|battle\n|title|p0x417a7ca vs. p0y417c410\n|j|\u2606p0x417a7ca\n|j|\u2606p0y417c410\n|t:|1783543896\n|gametype|singles\n|player|p1|p0x417a7ca|266|\n|player|p2|p0y417c410|265|\n|gen|9\n|tier|[Gen 9] Random Battle\n|rule|Species Clause: Limit one of each Pok\u00e9mon\n|rule|HP Percentage Mod: HP is shown in percentages\n|rule|Sleep Clause Mod: Limit one foe put to sleep\n|rule|Illusion Level Mod: Illusion disguises the Pok\u00e9mon's true level\n|\n|t:|1783543896\n|teamsize|p1|6\n|teamsize|p2|6\n|start\n|switch|p1a: Phione|Phione, L91|293/293\n|switch|p2a: Torterra|Torterra, L78, F|100/100\n|turn|1\n|inactive|Battle timer is ON: inactive players will automatically lose when time's up. (requested by p0y417c410)\n|inactive|Time left: 300 sec this turn | 300 sec total | 60 sec grace\n|inactive|p0x417a7ca also wants the timer to be on.\n|\n|t:|1783543897\n|move|p1a: Phione|Ice Beam|p2a: Torterra\n|-supereffective|p2a: Torterra\n|-damage|p2a: Torterra|5/100\n|move|p2a: Torterra|Shell Smash|p2a: Torterra\n|-unboost|p2a: Torterra|def|1\n|-unboost|p2a: Torterra|spd|1\n|-boost|p2a: Torterra|atk|2\n|-boost|p2a: Torterra|spa|2\n|-boost|p2a: Torterra|spe|2\n|\n|upkeep\n|turn|2\n|inactive|Time left: 300 sec this turn | 300 sec total\n|\n|t:|1783543898\n|move|p2a: Torterra|Bullet Seed|p1a: Phione\n|-supereffective|p1a: Phione\n|-damage|p1a: Phione|129/293\n|-supereffective|p1a: Phione\n|-damage|p1a: Phione|0 fnt\n|faint|p1a: Phione\n|-hitcount|p1: Phione|2\n|\n|upkeep\n|inactive|Time left: 300 sec this turn | 300 sec total | 5 sec grace\n|\n|t:|1783543899\n|switch|p1a: Arcanine|Arcanine-Hisui, L79, M|280/280\n|turn|3\n|inactive|Time left: 300 sec this turn | 300 sec total\n|\n|t:|1783543900\n|move|p1a: Arcanine|Extreme Speed|p2a: Torterra\n|-damage|p2a: Torterra|0 fnt\n|faint|p2a: Torterra\n|\n|upkeep\n|\n|t:|1783543901\n|switch|p2a: Arcanine|Arcanine-Hisui, L79, F|100/100\n|turn|4\n|inactive|Time left: 300 sec this turn | 300 sec total\n|\n|t:|1783543902\n|move|p2a: Arcanine|Head Smash|p1a: Arcanine\n|-supereffective|p1a: Arcanine\n|-damage|p1a: Arcanine|0 fnt\n|faint|p1a: Arcanine\n|\n|upkeep\n|inactive|Time left: 300 sec this turn | 300 sec total | 5 sec grace\n|\n|t:|1783543903\n|switch|p1a: Feraligatr|Feraligatr, L79, M|264/264\n|turn|5\n|inactive|Time left: 300 sec this turn | 300 sec total\n|\n|t:|1783543904\n|move|p2a: Arcanine|Head Smash|p1a: Feraligatr\n|-damage|p1a: Feraligatr|107/264\n|move|p1a: Feraligatr|Liquidation|p2a: Arcanine\n|-supereffective|p2a: Arcanine\n|-damage|p2a: Arcanine|0 fnt\n|faint|p2a: Arcanine\n|\n|upkeep\n|\n|t:|1783543905\n|switch|p2a: Reshiram|Reshiram, L76|100/100\n|-ability|p2a: Reshiram|Turboblaze\n|turn|6\n|inactive|Time left: 300 sec this turn | 300 sec total\n|\n|t:|1783543907\n|move|p2a: Reshiram|Dragon Dance|p2a: Reshiram\n|-boost|p2a: Reshiram|atk|1\n|-boost|p2a: Reshiram|spe|1\n|move|p1a: Feraligatr|Liquidation|p2a: Reshiram\n|-damage|p2a: Reshiram|48/100\n|\n|upkeep\n|turn|7\n|inactive|Time left: 300 sec this turn | 300 sec total\n|\n|t:|1783543908\n|switch|p1a: Klefki|Klefki, L84, M|233/233\n|move|p2a: Reshiram|Outrage|p1a: Klefki\n|-immune|p1a: Klefki\n|\n|upkeep\n|turn|8\n|inactive|Time left: 300 sec this turn | 300 sec total\n|\n|t:|1783543909\n|move|p2a: Reshiram|Flare Blitz|p1a: Klefki\n|-supereffective|p1a: Klefki\n|-damage|p1a: Klefki|0 fnt\n|faint|p1a: Klefki\n|-damage|p2a: Reshiram|20/100|[from] Recoil\n|\n|upkeep\n|inactive|Time left: 300 sec this turn | 300 sec total | 5 sec grace\n|\n|t:|1783543910\n|switch|p1a: Ariados|Ariados, L95, M|287/287\n|turn|9\n|inactive|Time left: 300 sec this turn | 300 sec total\n|\n|t:|1783543910\n|move|p1a: Ariados|Sucker Punch|p2a: Reshiram\n|-damage|p2a: Reshiram|0 fnt\n|faint|p2a: Reshiram\n|\n|upkeep\n|\n|t:|1783543911\n|switch|p2a: Girafarig|Girafarig, L89, F|100/100\n|turn|10\n|inactive|Time left: 300 sec this turn | 300 sec total\n|\n|t:|1783543913\n|-terastallize|p2a: Girafarig|Electric\n|move|p2a: Girafarig|Nasty Plot|p2a: Girafarig\n|-boost|p2a: Girafarig|spa|2\n|move|p1a: Ariados|Megahorn|p2a: Girafarig\n|-damage|p2a: Girafarig|58/100\n|\n|upkeep\n|turn|11\n|inactive|Time left: 300 sec this turn | 300 sec total\n|\n|t:|1783543914\n|-terastallize|p1a: Ariados|Ghost\n|move|p2a: Girafarig|Psyshock|p1a: Ariados\n|-damage|p1a: Ariados|85/287\n|move|p1a: Ariados|Megahorn|p2a: Girafarig|[miss]\n|-miss|p1a: Ariados|p2a: Girafarig\n|\n|upkeep\n|turn|12\n|inactive|Time left: 300 sec this turn | 300 sec total\n|\n|t:|1783543915\n|move|p2a: Girafarig|Psyshock|p1a: Ariados\n|-damage|p1a: Ariados|0 fnt\n|faint|p1a: Ariados\n|\n|upkeep\n|inactive|Time left: 300 sec this turn | 300 sec total | 5 sec grace\n|\n|t:|1783543916\n|switch|p1a: Delphox|Delphox, L84, F|263/263\n|turn|13\n|inactive|Time left: 300 sec this turn | 300 sec total\n|\n|t:|1783543917\n|move|p1a: Delphox|Fire Blast|p2a: Girafarig\n|-damage|p2a: Girafarig|19/100\n|-status|p2a: Girafarig|brn\n|move|p2a: Girafarig|Thunderbolt|p1a: Delphox\n|-damage|p1a: Delphox|70/263\n|\n|-damage|p2a: Girafarig|14/100 brn|[from] brn\n|upkeep\n|turn|14\n|inactive|Time left: 300 sec this turn | 300 sec total\n|\n|t:|1783543918\n|move|p1a: Delphox|Fire Blast|p2a: Girafarig\n|-damage|p2a: Girafarig|0 fnt\n|faint|p2a: Girafarig\n|\n|upkeep\n|\n|t:|1783543919\n|switch|p2a: Lanturn|Lanturn, L89, F|100/100\n|turn|15\n|inactive|Time left: 300 sec this turn | 300 sec total\n|\n|t:|1783543920\n|move|p1a: Delphox|Fire Blast|p2a: Lanturn\n|-resisted|p2a: Lanturn\n|-damage|p2a: Lanturn|72/100\n|move|p2a: Lanturn|Thunderbolt|p1a: Delphox\n|-damage|p1a: Delphox|0 fnt\n|faint|p1a: Delphox\n|\n|-heal|p2a: Lanturn|78/100|[from] item: Leftovers\n|upkeep\n|inactive|Time left: 300 sec this turn | 300 sec total | 5 sec grace\n|\n|t:|1783543921\n|switch|p1a: Feraligatr|Feraligatr, L79, M|107/264\n|turn|16\n|inactive|Time left: 300 sec this turn | 300 sec total\n|\n|t:|1783543922\n|move|p2a: Lanturn|Thunderbolt|p1a: Feraligatr\n|-supereffective|p1a: Feraligatr\n|-damage|p1a: Feraligatr|0 fnt\n|faint|p1a: Feraligatr\n|\n|win|p0y417c410", "uploadtime": 1783543922, "views": 0, "rating": 0, "private": 0, "password": null, "_winner": "p0y417c410", "_our_name": "p0x417a7ca"}