{"id": "battle-gen9randombattle-2880", "formatid": "gen9randombattle", "format": "[Gen 9] Random Battle", "players": ["p0x28802941", "p0y2880d2bd"], "log": "|init|battle\n|title|p0x28802941 vs. p0y2880d2bd\n|j|\u2606p0x28802941\n|j|\u2606p0y2880d2bd\n|t:|1783573179\n|gametype|singles\n|player|p1|p0x28802941|1|\n|player|p2|p0y2880d2bd|265|\n|gen|9\n|tier|[Gen 9] Random Battle\n|rule|Species Clause: Limit one of each Pok\u00e9mon\n|rule|HP Percentage Mod: HP is shown in percentages\n|rule|Sleep Clause Mod: Limit one foe put to sleep\n|rule|Illusion Level Mod: Illusion disguises the Pok\u00e9mon's true level\n|\n|t:|1783573179\n|teamsize|p1|6\n|teamsize|p2|6\n|start\n|switch|p1a: Groudon|Groudon, L72|263/263\n|switch|p2a: Gouging Fire|Gouging Fire, L74|100/100\n|-weather|SunnyDay|[from] ability: Drought|[of] p1a: Groudon\n|-activate|p2a: Gouging Fire|ability: Protosynthesis\n|-start|p2a: Gouging Fire|protosynthesisdef\n|turn|1\n|inactive|Battle timer is ON: inactive players will automatically lose when time's up. (requested by p0y2880d2bd)\n|inactive|Time left: 300 sec this turn | 300 sec total | 60 sec grace\n|inactive|p0x28802941 also wants the timer to be on.\n|\n|t:|1783573181\n|move|p2a: Gouging Fire|Dragon Dance|p2a: Gouging Fire\n|-boost|p2a: Gouging Fire|atk|1\n|-boost|p2a: Gouging Fire|spe|1\n|move|p1a: Groudon|Precipice Blades|p2a: Gouging Fire\n|-supereffective|p2a: Gouging Fire\n|-damage|p2a: Gouging Fire|33/100\n|\n|-weather|SunnyDay|[upkeep]\n|upkeep\n|turn|2\n|inactive|Time left: 300 sec this turn | 300 sec total\n|\n|t:|1783573181\n|move|p2a: Gouging Fire|Outrage|p1a: Groudon\n|-damage|p1a: Groudon|119/263\n|move|p1a: Groudon|Precipice Blades|p2a: Gouging Fire\n|-supereffective|p2a: Gouging Fire\n|-damage|p2a: Gouging Fire|0 fnt\n|faint|p2a: Gouging Fire\n|-end|p2a: Gouging Fire|Protosynthesis|[silent]\n|\n|-weather|SunnyDay|[upkeep]\n|-heal|p1a: Groudon|135/263|[from] item: Leftovers\n|upkeep\n|\n|t:|1783573182\n|switch|p2a: Sunflora|Sunflora, M|100/100\n|turn|3\n|inactive|Time left: 300 sec this turn | 300 sec total\n|\n|t:|1783573183\n|switch|p1a: Cresselia|Cresselia, L80, F|323/323\n|move|p2a: Sunflora|Earth Power|p1a: Cresselia\n|-immune|p1a: Cresselia|[from] ability: Levitate\n|\n|-weather|SunnyDay|[upkeep]\n|upkeep\n|turn|4\n|inactive|Time left: 300 sec this turn | 300 sec total\n|\n|t:|1783573184\n|move|p2a: Sunflora|Earth Power|p1a: Cresselia\n|-immune|p1a: Cresselia|[from] ability: Levitate\n|move|p1a: Cresselia|Calm Mind|p1a: Cresselia\n|-boost|p1a: Cresselia|spa|1\n|-boost|p1a: Cresselia|spd|1\n|\n|-weather|SunnyDay|[upkeep]\n|upkeep\n|turn|5\n|inactive|Time left: 300 sec this turn | 300 sec total\n|\n|t:|1783573185\n|move|p2a: Sunflora|Earth Power|p1a: Cresselia\n|-immune|p1a: Cresselia|[from] ability: Levitate\n|move|p1a: Cresselia|Psyshock|p2a: Sunflora\n|-damage|p2a: Sunflora|67/100\n|\n|-weather|none\n|upkeep\n|turn|6\n|inactive|Time left: 300 sec this turn | 300 sec total\n|\n|t:|1783573185\n|switch|p2a: Gardevoir|Gardevoir, L83, F|100/100\n|-ability|p2a: Gardevoir|Levitate|Trace|[from] ability: Trace|[of] p1a: Cresselia\n|move|p1a: Cresselia|Psyshock|p2a: Gardevoir\n|-resisted|p2a: Gardevoir\n|-damage|p2a: Gardevoir|77/100\n|\n|upkeep\n|turn|7\n|inactive|Time left: 300 sec this turn | 300 sec total\n|\n|t:|1783573186\n|move|p2a: Gardevoir|Mystical Fire|p1a: Cresselia\n|-damage|p1a: Cresselia|289/323\n|-unboost|p1a: Cresselia|spa|1\n|move|p1a: Cresselia|Calm Mind|p1a: Cresselia\n|-boost|p1a: Cresselia|spa|1\n|-boost|p1a: Cresselia|spd|1\n|\n|-heal|p1a: Cresselia|309/323|[from] item: Leftovers\n|upkeep\n|turn|8\n|inactive|Time left: 300 sec this turn | 300 sec total\n|\n|t:|1783573187\n|move|p2a: Gardevoir|Mystical Fire|p1a: Cresselia\n|-damage|p1a: Cresselia|283/323\n|-unboost|p1a: Cresselia|spa|1\n|move|p1a: Cresselia|Calm Mind|p1a: Cresselia\n|-boost|p1a: Cresselia|spa|1\n|-boost|p1a: Cresselia|spd|1\n|\n|-heal|p1a: Cresselia|303/323|[from] item: Leftovers\n|upkeep\n|turn|9\n|inactive|Time left: 300 sec this turn | 300 sec total\n|\n|t:|1783573188\n|move|p2a: Gardevoir|Mystical Fire|p1a: Cresselia\n|-damage|p1a: Cresselia|280/323\n|-unboost|p1a: Cresselia|spa|1\n|move|p1a: Cresselia|Calm Mind|p1a: Cresselia\n|-boost|p1a: Cresselia|spa|1\n|-boost|p1a: Cresselia|spd|1\n|\n|-heal|p1a: Cresselia|300/323|[from] item: Leftovers\n|upkeep\n|turn|10\n|inactive|Time left: 300 sec this turn | 300 sec total\n|\n|t:|1783573189\n|move|p2a: Gardevoir|Mystical Fire|p1a: Cresselia\n|-damage|p1a: Cresselia|281/323\n|-unboost|p1a: Cresselia|spa|1\n|move|p1a: Cresselia|Calm Mind|p1a: Cresselia\n|-boost|p1a: Cresselia|spa|1\n|-boost|p1a: Cresselia|spd|1\n|\n|-heal|p1a: Cresselia|301/323|[from] item: Leftovers\n|upkeep\n|turn|11\n|inactive|Time left: 300 sec this turn | 300 sec total\n|\n|t:|1783573190\n|move|p2a: Gardevoir|Mystical Fire|p1a: Cresselia\n|-damage|p1a: Cresselia|284/323\n|-unboost|p1a: Cresselia|spa|1\n|move|p1a: Cresselia|Calm Mind|p1a: Cresselia\n|-boost|p1a: Cresselia|spa|1\n|-boost|p1a: Cresselia|spd|1\n|\n|-heal|p1a: Cresselia|304/323|[from] item: Leftovers\n|upkeep\n|turn|12\n|inactive|Time left: 300 sec this turn | 300 sec total\n|\n|t:|1783573192\n|move|p2a: Gardevoir|Mystical Fire|p1a: Cresselia\n|-damage|p1a: Cresselia|290/323\n|-unboost|p1a: Cresselia|spa|1\n|move|p1a: Cresselia|Calm Mind|p1a: Cresselia\n|-boost|p1a: Cresselia|spa|1\n|-boost|p1a: Cresselia|spd|0\n|\n|-heal|p1a: Cresselia|310/323|[from] item: Leftovers\n|upkeep\n|turn|13\n|inactive|Time left: 300 sec this turn | 300 sec total\n|\n|t:|1783573193\n|move|p2a: Gardevoir|Mystical Fire|p1a: Cresselia\n|-damage|p1a: Cresselia|295/323\n|-unboost|p1a: Cresselia|spa|1\n|move|p1a: Cresselia|Psyshock|p2a: Gardevoir\n|-resisted|p2a: Gardevoir\n|-damage|p2a: Gardevoir|60/100\n|\n|-heal|p1a: Cresselia|315/323|[from] item: Leftovers\n|upkeep\n|turn|14\n|inactive|Time left: 300 sec this turn | 300 sec total\n|\n|t:|1783573194\n|move|p2a: Gardevoir|Mystical Fire|p1a: Cresselia\n|-damage|p1a: Cresselia|301/323\n|-unboost|p1a: Cresselia|spa|1\n|move|p1a: Cresselia|Calm Mind|p1a: Cresselia\n|-boost|p1a: Cresselia|spa|1\n|-boost|p1a: Cresselia|spd|0\n|\n|-heal|p1a: Cresselia|321/323|[from] item: Leftovers\n|upkeep\n|turn|15\n|inactive|Time left: 300 sec this turn | 300 sec total\n|\n|t:|1783573195\n|move|p2a: Gardevoir|Mystical Fire|p1a: Cresselia\n|-damage|p1a: Cresselia|306/323\n|-unboost|p1a: Cresselia|spa|1\n|move|p1a: Cresselia|Calm Mind|p1a: Cresselia\n|-boost|p1a: Cresselia|spa|1\n|-boost|p1a: Cresselia|spd|0\n|\n|-heal|p1a: Cresselia|323/323|[from] item: Leftovers\n|upkeep\n|turn|16\n|inactive|Time left: 300 sec this turn | 300 sec total\n|\n|t:|1783573197\n|move|p2a: Gardevoir|Mystical Fire|p1a: Cresselia\n|-damage|p1a: Cresselia|308/323\n|-unboost|p1a: Cresselia|spa|1\n|move|p1a: Cresselia|Calm Mind|p1a: Cresselia\n|-boost|p1a: Cresselia|spa|1\n|-boost|p1a: Cresselia|spd|0\n|\n|-heal|p1a: Cresselia|323/323|[from] item: Leftovers\n|upkeep\n|turn|17\n|inactive|Time left: 300 sec this turn | 300 sec total\n|\n|t:|1783573198\n|move|p2a: Gardevoir|Mystical Fire|p1a: Cresselia\n|-crit|p1a: Cresselia\n|-damage|p1a: Cresselia|236/323\n|-unboost|p1a: Cresselia|spa|1\n|move|p1a: Cresselia|Calm Mind|p1a: Cresselia\n|-boost|p1a: Cresselia|spa|1\n|-boost|p1a: Cresselia|spd|0\n|\n|-heal|p1a: Cresselia|256/323|[from] item: Leftovers\n|upkeep\n|turn|18\n|inactive|Time left: 300 sec this turn | 300 sec total\n|\n|t:|1783573199\n|move|p2a: Gardevoir|Mystical Fire|p1a: Cresselia\n|-damage|p1a: Cresselia|241/323\n|-unboost|p1a: Cresselia|spa|1\n|move|p1a: Cresselia|Calm Mind|p1a: Cresselia\n|-boost|p1a: Cresselia|spa|1\n|-boost|p1a: Cresselia|spd|0\n|\n|-heal|p1a: Cresselia|261/323|[from] item: Leftovers\n|upkeep\n|turn|19\n|inactive|Time left: 300 sec this turn | 300 sec total\n|\n|t:|1783573200\n|move|p2a: Gardevoir|Mystical Fire|p1a: Cresselia\n|-damage|p1a: Cresselia|247/323\n|-unboost|p1a: Cresselia|spa|1\n|move|p1a: Cresselia|Calm Mind|p1a: Cresselia\n|-boost|p1a: Cresselia|spa|1\n|-boost|p1a: Cresselia|spd|0\n|\n|-heal|p1a: Cresselia|267/323|[from] item: Leftovers\n|upkeep\n|turn|20\n|inactive|Time left: 300 sec this turn | 300 sec total\n|\n|t:|1783573201\n|move|p2a: Gardevoir|Mystical Fire|p1a: Cresselia\n|-damage|p1a: Cresselia|252/323\n|-unboost|p1a: Cresselia|spa|1\n|move|p1a: Cresselia|Calm Mind|p1a: Cresselia\n|-boost|p1a: Cresselia|spa|1\n|-boost|p1a: Cresselia|spd|0\n|\n|-heal|p1a: Cresselia|272/323|[from] item: Leftovers\n|upkeep\n|turn|21\n|inactive|Time left: 300 sec this turn | 300 sec total\n|\n|t:|1783573203\n|move|p2a: Gardevoir|Mystical Fire|p1a: Cresselia\n|-damage|p1a: Cresselia|258/323\n|-unboost|p1a: Cresselia|spa|1\n|move|p1a: Cresselia|Calm Mind|p1a: Cresselia\n|-boost|p1a: Cresselia|spa|1\n|-boost|p1a: Cresselia|spd|0\n|\n|-heal|p1a: Cresselia|278/323|[from] item: Leftovers\n|upkeep\n|turn|22\n|inactive|Time left: 300 sec this turn | 300 sec total\n|\n|t:|1783573204\n|move|p2a: Gardevoir|Mystical Fire|p1a: Cresselia\n|-damage|p1a: Cresselia|265/323\n|-unboost|p1a: Cresselia|spa|1\n|move|p1a: Cresselia|Calm Mind|p1a: Cresselia\n|-boost|p1a: Cresselia|spa|1\n|-boost|p1a: Cresselia|spd|0\n|\n|-heal|p1a: Cresselia|285/323|[from] item: Leftovers\n|upkeep\n|turn|23\n|inactive|Time left: 300 sec this turn | 300 sec total\n|\n|t:|1783573205\n|-activate|p2a: Gardevoir|move: Struggle\n|move|p2a: Gardevoir|Struggle|p1a: Cresselia\n|-damage|p1a: Cresselia|267/323\n|-damage|p2a: Gardevoir|35/100|[from] recoil\n|move|p1a: Cresselia|Calm Mind|p1a: Cresselia\n|-boost|p1a: Cresselia|spa|1\n|-boost|p1a: Cresselia|spd|0\n|\n|-heal|p1a: Cresselia|287/323|[from] item: Leftovers\n|upkeep\n|turn|24\n|inactive|Time left: 300 sec this turn | 300 sec total\n|\n|t:|1783573206\n|-activate|p2a: Gardevoir|move: Struggle\n|move|p2a: Gardevoir|Struggle|p1a: Cresselia\n|-damage|p1a: Cresselia|270/323\n|-damage|p2a: Gardevoir|11/100|[from] recoil\n|move|p1a: Cresselia|Thunderbolt|p2a: Gardevoir\n|-damage|p2a: Gardevoir|0 fnt\n|faint|p2a: Gardevoir\n|\n|-heal|p1a: Cresselia|290/323|[from] item: Leftovers\n|upkeep\n|\n|t:|1783573207\n|switch|p2a: Toxicroak|Toxicroak, L84, F|100/100\n|turn|25\n|inactive|Time left: 300 sec this turn | 300 sec total\n|\n|t:|1783573208\n|-terastallize|p2a: Toxicroak|Dark\n|move|p2a: Toxicroak|Swords Dance|p2a: Toxicroak\n|-boost|p2a: Toxicroak|atk|2\n|move|p1a: Cresselia|Psyshock|p2a: Toxicroak\n|-immune|p2a: Toxicroak\n|\n|-heal|p1a: Cresselia|310/323|[from] item: Leftovers\n|upkeep\n|turn|26\n|inactive|Time left: 300 sec this turn | 300 sec total\n|\n|t:|1783573209\n|switch|p1a: Iron Valiant|Iron Valiant, L78|244/244\n|move|p2a: Toxicroak|Gunk Shot|p1a: Iron Valiant\n|-supereffective|p1a: Iron Valiant\n|-damage|p1a: Iron Valiant|0 fnt\n|faint|p1a: Iron Valiant\n|-end|p1a: Iron Valiant|Quark Drive|[silent]\n|-damage|p2a: Toxicroak|91/100|[from] item: Life Orb\n|\n|upkeep\n|inactive|Time left: 300 sec this turn | 300 sec total | 5 sec grace\n|\n|t:|1783573210\n|switch|p1a: Kricketune|Kricketune, L99, F|312/312\n|turn|27\n|inactive|Time left: 300 sec this turn | 300 sec total\n|\n|t:|1783573211\n|-terastallize|p1a: Kricketune|Ghost\n|move|p2a: Toxicroak|Gunk Shot|p1a: Kricketune\n|-resisted|p1a: Kricketune\n|-damage|p1a: Kricketune|105/312\n|-damage|p2a: Toxicroak|81/100|[from] item: Life Orb\n|move|p1a: Kricketune|Pounce|p2a: Toxicroak\n|-supereffective|p2a: Toxicroak\n|-damage|p2a: Toxicroak|0 fnt\n|faint|p2a: Toxicroak\n|\n|upkeep\n|\n|t:|1783573212\n|switch|p2a: Regice|Regice, L88|100/100\n|turn|28\n|inactive|Time left: 300 sec this turn | 300 sec total\n|\n|t:|1783573213\n|move|p1a: Kricketune|Sticky Web|p2a: Regice\n|-sidestart|p2: p0y2880d2bd|move: Sticky Web\n|move|p2a: Regice|Ice Beam|p1a: Kricketune\n|-damage|p1a: Kricketune|0 fnt\n|faint|p1a: Kricketune\n|\n|upkeep\n|inactive|Time left: 300 sec this turn | 300 sec total | 5 sec grace\n|\n|t:|1783573214\n|switch|p1a: Cresselia|Cresselia, L80, F|310/323\n|turn|29\n|inactive|Time left: 300 sec this turn | 300 sec total\n|\n|t:|1783573215\n|move|p1a: Cresselia|Calm Mind|p1a: Cresselia\n|-boost|p1a: Cresselia|spa|1\n|-boost|p1a: Cresselia|spd|1\n|move|p2a: Regice|Ice Beam|p1a: Cresselia\n|-damage|p1a: Cresselia|253/323\n|\n|-heal|p1a: Cresselia|273/323|[from] item: Leftovers\n|upkeep\n|turn|30\n|inactive|Time left: 300 sec this turn | 300 sec total\n|\n|t:|1783573216\n|move|p1a: Cresselia|Calm Mind|p1a: Cresselia\n|-boost|p1a: Cresselia|spa|1\n|-boost|p1a: Cresselia|spd|1\n|move|p2a: Regice|Ice Beam|p1a: Cresselia\n|-damage|p1a: Cresselia|228/323\n|\n|-heal|p1a: Cresselia|248/323|[from] item: Leftovers\n|upkeep\n|turn|31\n|inactive|Time left: 300 sec this turn | 300 sec total\n|\n|t:|1783573217\n|move|p1a: Cresselia|Psyshock|p2a: Regice\n|-crit|p2a: Regice\n|-damage|p2a: Regice|40/100\n|move|p2a: Regice|Thunder Wave|p1a: Cresselia\n|-status|p1a: Cresselia|par\n|\n|-heal|p1a: Cresselia|268/323 par|[from] item: Leftovers\n|upkeep\n|turn|32\n|inactive|Time left: 300 sec this turn | 300 sec total\n|\n|t:|1783573218\n|switch|p2a: Sunflora|Sunflora, M|67/100\n|-activate|p2a: Sunflora|move: Sticky Web\n|-unboost|p2a: Sunflora|spe|1\n|move|p1a: Cresselia|Psyshock|p2a: Sunflora\n|-damage|p2a: Sunflora|16/100\n|\n|-heal|p1a: Cresselia|288/323 par|[from] item: Leftovers\n|upkeep\n|turn|33\n|inactive|Time left: 300 sec this turn | 300 sec total\n|\n|t:|1783573219\n|cant|p1a: Cresselia|par\n|move|p2a: Sunflora|Dazzling Gleam|p1a: Cresselia\n|-damage|p1a: Cresselia|234/323 par\n|\n|-heal|p1a: Cresselia|254/323 par|[from] item: Leftovers\n|upkeep\n|turn|34\n|inactive|Time left: 300 sec this turn | 300 sec total\n|\n|t:|1783573220\n|move|p1a: Cresselia|Psyshock|p2a: Sunflora\n|-damage|p2a: Sunflora|0 fnt\n|faint|p2a: Sunflora\n|\n|-heal|p1a: Cresselia|274/323 par|[from] item: Leftovers\n|upkeep\n|\n|t:|1783573221\n|switch|p2a: Reshiram|Reshiram, L76|100/100\n|-ability|p2a: Reshiram|Turboblaze\n|turn|35\n|inactive|Time left: 300 sec this turn | 300 sec total\n|\n|t:|1783573222\n|move|p2a: Reshiram|Blue Flare|p1a: Cresselia|[miss]\n|-miss|p2a: Reshiram|p1a: Cresselia\n|cant|p1a: Cresselia|par\n|\n|-heal|p1a: Cresselia|294/323 par|[from] item: Leftovers\n|upkeep\n|turn|36\n|inactive|Time left: 300 sec this turn | 300 sec total\n|\n|t:|1783573223\n|move|p2a: Reshiram|Blue Flare|p1a: Cresselia\n|-damage|p1a: Cresselia|224/323 par\n|move|p1a: Cresselia|Psyshock|p2a: Reshiram\n|-damage|p2a: Reshiram|57/100\n|\n|-heal|p1a: Cresselia|244/323 par|[from] item: Leftovers\n|upkeep\n|turn|37\n|inactive|Time left: 300 sec this turn | 300 sec total\n|\n|t:|1783573223\n|move|p2a: Reshiram|Blue Flare|p1a: Cresselia\n|-damage|p1a: Cresselia|178/323 par\n|cant|p1a: Cresselia|par\n|\n|-heal|p1a: Cresselia|198/323 par|[from] item: Leftovers\n|upkeep\n|turn|38\n|inactive|Time left: 300 sec this turn | 300 sec total\n|\n|t:|1783573224\n|move|p2a: Reshiram|Blue Flare|p1a: Cresselia\n|-damage|p1a: Cresselia|134/323 par\n|move|p1a: Cresselia|Psyshock|p2a: Reshiram\n|-damage|p2a: Reshiram|14/100\n|\n|-heal|p1a: Cresselia|154/323 par|[from] item: Leftovers\n|upkeep\n|turn|39\n|inactive|Time left: 300 sec this turn | 300 sec total\n|\n|t:|1783573225\n|move|p2a: Reshiram|Blue Flare|p1a: Cresselia\n|-damage|p1a: Cresselia|93/323 par\n|cant|p1a: Cresselia|par\n|\n|-heal|p1a: Cresselia|113/323 par|[from] item: Leftovers\n|upkeep\n|turn|40\n|inactive|Time left: 300 sec this turn | 300 sec total\n|\n|t:|1783573226\n|move|p2a: Reshiram|Blue Flare|p1a: Cresselia\n|-damage|p1a: Cresselia|47/323 par\n|cant|p1a: Cresselia|par\n|\n|-heal|p1a: Cresselia|67/323 par|[from] item: Leftovers\n|upkeep\n|turn|41\n|inactive|Time left: 300 sec this turn | 300 sec total\n|\n|t:|1783573227\n|move|p2a: Reshiram|Blue Flare|p1a: Cresselia\n|-damage|p1a: Cresselia|0 fnt\n|faint|p1a: Cresselia\n|\n|upkeep\n|inactive|Time left: 300 sec this turn | 300 sec total | 5 sec grace\n|\n|t:|1783573227\n|switch|p1a: Darkrai|Darkrai, L77|234/234\n|turn|42\n|inactive|Time left: 300 sec this turn | 300 sec total\n|\n|t:|1783573228\n|move|p1a: Darkrai|Dark Pulse|p2a: Reshiram\n|-damage|p2a: Reshiram|0 fnt\n|faint|p2a: Reshiram\n|-damage|p1a: Darkrai|211/234|[from] item: Life Orb\n|\n|upkeep\n|\n|t:|1783573229\n|switch|p2a: Regice|Regice, L88|40/100\n|turn|43\n|inactive|Time left: 300 sec this turn | 300 sec total\n|\n|t:|1783573229\n|move|p1a: Darkrai|Dark Pulse|p2a: Regice\n|-damage|p2a: Regice|20/100\n|-damage|p1a: Darkrai|188/234|[from] item: Life Orb\n|move|p2a: Regice|Thunder Wave|p1a: Darkrai\n|-status|p1a: Darkrai|par\n|\n|upkeep\n|turn|44\n|inactive|Time left: 300 sec this turn | 300 sec total\n|\n|t:|1783573230\n|switch|p1a: Groudon|Groudon, L72|135/263\n|-weather|SunnyDay|[from] ability: Drought|[of] p1a: Groudon\n|move|p2a: Regice|Ice Beam|p1a: Groudon\n|-supereffective|p1a: Groudon\n|-damage|p1a: Groudon|0 fnt\n|faint|p1a: Groudon\n|\n|-weather|SunnyDay|[upkeep]\n|upkeep\n|inactive|Time left: 300 sec this turn | 300 sec total | 5 sec grace\n|\n|t:|1783573231\n|switch|p1a: Wo-Chien|Wo-Chien, L83|277/277\n|-ability|p1a: Wo-Chien|Tablets of Ruin\n|turn|45\n|inactive|Time left: 300 sec this turn | 300 sec total\n|\n|t:|1783573232\n|move|p1a: Wo-Chien|Knock Off|p2a: Regice\n|-damage|p2a: Regice|0 fnt\n|-enditem|p2a: Regice|Heavy-Duty Boots|[from] move: Knock Off|[of] p1a: Wo-Chien\n|faint|p2a: Regice\n|\n|win|p0x28802941", "uploadtime": 1783573232, "views": 0, "rating": 0, "private": 0, "password": null, "_winner": "p0x28802941", "_our_name": "p0x28802941"}