{"id": "battle-gen9randombattle-2375", "formatid": "gen9randombattle", "format": "[Gen 9] Random Battle", "players": ["p0x2375b830", "p0y23750780"], "log": "|init|battle\n|title|p0x2375b830 vs. p0y23750780\n|j|\u2606p0x2375b830\n|j|\u2606p0y23750780\n|t:|1783566553\n|gametype|singles\n|player|p1|p0x2375b830|2|\n|player|p2|p0y23750780|265|\n|gen|9\n|tier|[Gen 9] Random Battle\n|rule|Species Clause: Limit one of each Pok\u00e9mon\n|rule|HP Percentage Mod: HP is shown in percentages\n|rule|Sleep Clause Mod: Limit one foe put to sleep\n|rule|Illusion Level Mod: Illusion disguises the Pok\u00e9mon's true level\n|\n|t:|1783566553\n|teamsize|p1|6\n|teamsize|p2|6\n|start\n|switch|p1a: Arceus|Arceus-Steel, L70|284/284\n|switch|p2a: Granbull|Granbull, L88, M|100/100\n|-ability|p2a: Granbull|Intimidate|boost\n|-unboost|p1a: Arceus|atk|1\n|turn|1\n|inactive|Battle timer is ON: inactive players will automatically lose when time's up. (requested by p0y23750780)\n|inactive|Time left: 300 sec this turn | 300 sec total | 60 sec grace\n|inactive|p0x2375b830 also wants the timer to be on.\n|\n|t:|1783566554\n|move|p1a: Arceus|Judgment|p2a: Granbull\n|-supereffective|p2a: Granbull\n|-damage|p2a: Granbull|14/100\n|move|p2a: Granbull|Earthquake|p1a: Arceus\n|-supereffective|p1a: Arceus\n|-damage|p1a: Arceus|126/284\n|\n|-heal|p2a: Granbull|20/100|[from] item: Leftovers\n|upkeep\n|turn|2\n|inactive|Time left: 300 sec this turn | 300 sec total\n|\n|t:|1783566555\n|move|p1a: Arceus|Judgment|p2a: Granbull\n|-supereffective|p2a: Granbull\n|-damage|p2a: Granbull|0 fnt\n|faint|p2a: Granbull\n|\n|upkeep\n|\n|t:|1783566556\n|switch|p2a: Coalossal|Coalossal, L89, M|100/100\n|turn|3\n|inactive|Time left: 300 sec this turn | 300 sec total\n|\n|t:|1783566557\n|move|p1a: Arceus|Earth Power|p2a: Coalossal\n|-supereffective|p2a: Coalossal\n|-damage|p2a: Coalossal|43/100\n|move|p2a: Coalossal|Flamethrower|p1a: Arceus\n|-supereffective|p1a: Arceus\n|-damage|p1a: Arceus|0 fnt\n|faint|p1a: Arceus\n|\n|upkeep\n|inactive|Time left: 300 sec this turn | 300 sec total | 5 sec grace\n|\n|t:|1783566558\n|switch|p1a: Miraidon|Miraidon, L65|238/238\n|-fieldstart|move: Electric Terrain|[from] ability: Hadron Engine|[of] p1a: Miraidon\n|turn|4\n|inactive|Time left: 300 sec this turn | 300 sec total\n|\n|t:|1783566559\n|switch|p2a: Clodsire|Clodsire, L81, F|100/100\n|move|p1a: Miraidon|Electro Drift|p2a: Clodsire\n|-immune|p2a: Clodsire\n|\n|upkeep\n|turn|5\n|inactive|Time left: 300 sec this turn | 300 sec total\n|\n|t:|1783566561\n|switch|p1a: Klawf|Klawf, L90, M|272/272\n|move|p2a: Clodsire|Poison Jab|p1a: Klawf\n|-resisted|p1a: Klawf\n|-damage|p1a: Klawf|246/272\n|\n|upkeep\n|turn|6\n|inactive|Time left: 300 sec this turn | 300 sec total\n|\n|t:|1783566562\n|move|p1a: Klawf|Swords Dance|p1a: Klawf\n|-boost|p1a: Klawf|atk|2\n|move|p2a: Clodsire|Earthquake|p1a: Klawf\n|-supereffective|p1a: Klawf\n|-damage|p1a: Klawf|124/272\n|-ability|p1a: Klawf|Anger Shell|boost\n|-boost|p1a: Klawf|atk|1\n|-boost|p1a: Klawf|spa|1\n|-boost|p1a: Klawf|spe|1\n|-unboost|p1a: Klawf|def|1\n|-unboost|p1a: Klawf|spd|1\n|-enditem|p1a: Klawf|Sitrus Berry|[eat]\n|-heal|p1a: Klawf|192/272|[from] item: Sitrus Berry\n|\n|upkeep\n|turn|7\n|inactive|Time left: 300 sec this turn | 300 sec total\n|\n|t:|1783566563\n|switch|p2a: Coalossal|Coalossal, L89, M|43/100\n|move|p1a: Klawf|High Horsepower|p2a: Coalossal\n|-supereffective|p2a: Coalossal\n|-damage|p2a: Coalossal|0 fnt\n|faint|p2a: Coalossal\n|\n|upkeep\n|\n|t:|1783566564\n|switch|p2a: Suicune|Suicune, L82|100/100\n|-ability|p2a: Suicune|Pressure\n|turn|8\n|inactive|Time left: 300 sec this turn | 300 sec total\n|\n|t:|1783566565\n|-terastallize|p1a: Klawf|Rock\n|move|p1a: Klawf|Stone Edge|p2a: Suicune|[miss]\n|-miss|p1a: Klawf|p2a: Suicune\n|move|p2a: Suicune|Scald|p1a: Klawf\n|-supereffective|p1a: Klawf\n|-damage|p1a: Klawf|0 fnt\n|faint|p1a: Klawf\n|\n|-fieldend|move: Electric Terrain\n|upkeep\n|inactive|Time left: 300 sec this turn | 300 sec total | 5 sec grace\n|\n|t:|1783566566\n|switch|p1a: Miraidon|Miraidon, L65|238/238\n|-fieldstart|move: Electric Terrain|[from] ability: Hadron Engine|[of] p1a: Miraidon\n|turn|9\n|inactive|Time left: 300 sec this turn | 300 sec total\n|\n|t:|1783566567\n|switch|p2a: Clodsire|Clodsire, L81, F|100/100\n|move|p1a: Miraidon|Electro Drift|p2a: Clodsire\n|-immune|p2a: Clodsire\n|\n|upkeep\n|turn|10\n|inactive|Time left: 300 sec this turn | 300 sec total\n|\n|t:|1783566568\n|switch|p1a: Oranguru|Oranguru, L92, M|315/315\n|move|p2a: Clodsire|Poison Jab|p1a: Oranguru\n|-damage|p1a: Oranguru|251/315\n|-status|p1a: Oranguru|psn\n|\n|-damage|p1a: Oranguru|212/315 psn|[from] psn\n|upkeep\n|turn|11\n|inactive|Time left: 300 sec this turn | 300 sec total\n|\n|t:|1783566569\n|switch|p2a: Meowscarada|Meowscarada, L78, F|100/100\n|move|p1a: Oranguru|Psyshock|p2a: Meowscarada\n|-immune|p2a: Meowscarada\n|\n|-damage|p1a: Oranguru|173/315 psn|[from] psn\n|upkeep\n|turn|12\n|inactive|Time left: 300 sec this turn | 300 sec total\n|\n|t:|1783566570\n|switch|p1a: Victreebel|Victreebel, L90, F|290/290\n|move|p2a: Meowscarada|Knock Off|p1a: Victreebel\n|-start|p2a: Meowscarada|typechange|Dark|[from] ability: Protean\n|-damage|p1a: Victreebel|181/290\n|-enditem|p1a: Victreebel|Life Orb|[from] move: Knock Off|[of] p2a: Meowscarada\n|\n|upkeep\n|turn|13\n|inactive|Time left: 300 sec this turn | 300 sec total\n|\n|t:|1783566571\n|move|p2a: Meowscarada|U-turn|p1a: Victreebel\n|-damage|p1a: Victreebel|122/290\n|\n|t:|1783566572\n|switch|p2a: Clodsire|Clodsire, L81, F|100/100|[from] U-turn\n|move|p1a: Victreebel|Power Whip|p2a: Clodsire|[miss]\n|-miss|p1a: Victreebel|p2a: Clodsire\n|\n|-fieldend|move: Electric Terrain\n|upkeep\n|turn|14\n|inactive|Time left: 300 sec this turn | 300 sec total\n|\n|t:|1783566573\n|move|p1a: Victreebel|Power Whip|p2a: Clodsire|[miss]\n|-miss|p1a: Victreebel|p2a: Clodsire\n|move|p2a: Clodsire|Curse|p2a: Clodsire\n|-unboost|p2a: Clodsire|spe|1\n|-boost|p2a: Clodsire|atk|1\n|-boost|p2a: Clodsire|def|1\n|\n|upkeep\n|turn|15\n|inactive|Time left: 300 sec this turn | 300 sec total\n|\n|t:|1783566573\n|move|p1a: Victreebel|Power Whip|p2a: Clodsire\n|-damage|p2a: Clodsire|62/100\n|move|p2a: Clodsire|Earthquake|p1a: Victreebel\n|-damage|p1a: Victreebel|0 fnt\n|faint|p1a: Victreebel\n|\n|-heal|p2a: Clodsire|68/100|[from] item: Leftovers\n|upkeep\n|inactive|Time left: 300 sec this turn | 300 sec total | 5 sec grace\n|\n|t:|1783566574\n|switch|p1a: Oranguru|Oranguru, L92, M|173/315 psn\n|turn|16\n|inactive|Time left: 300 sec this turn | 300 sec total\n|\n|t:|1783566575\n|-terastallize|p2a: Clodsire|Steel\n|move|p1a: Oranguru|Psyshock|p2a: Clodsire\n|-resisted|p2a: Clodsire\n|-damage|p2a: Clodsire|48/100\n|move|p2a: Clodsire|Earthquake|p1a: Oranguru\n|-damage|p1a: Oranguru|47/315 psn\n|\n|-heal|p2a: Clodsire|54/100|[from] item: Leftovers\n|-damage|p1a: Oranguru|8/315 psn|[from] psn\n|upkeep\n|turn|17\n|inactive|Time left: 300 sec this turn | 300 sec total\n|\n|t:|1783566576\n|move|p1a: Oranguru|Psyshock|p2a: Clodsire\n|-resisted|p2a: Clodsire\n|-damage|p2a: Clodsire|35/100\n|move|p2a: Clodsire|Recover|p2a: Clodsire\n|-heal|p2a: Clodsire|85/100\n|\n|-heal|p2a: Clodsire|91/100|[from] item: Leftovers\n|-damage|p1a: Oranguru|0 fnt|[from] psn\n|faint|p1a: Oranguru\n|upkeep\n|inactive|Time left: 300 sec this turn | 300 sec total | 5 sec grace\n|\n|t:|1783566577\n|switch|p1a: Brute Bonnet|Brute Bonnet, L80|309/309\n|turn|18\n|inactive|Time left: 300 sec this turn | 300 sec total\n|\n|t:|1783566578\n|move|p1a: Brute Bonnet|Spore|p2a: Clodsire\n|-status|p2a: Clodsire|slp|[from] move: Spore\n|cant|p2a: Clodsire|slp\n|\n|-heal|p2a: Clodsire|98/100 slp|[from] item: Leftovers\n|upkeep\n|turn|19\n|inactive|Time left: 300 sec this turn | 300 sec total\n|\n|t:|1783566579\n|move|p1a: Brute Bonnet|Crunch|p2a: Clodsire\n|-damage|p2a: Clodsire|72/100 slp\n|cant|p2a: Clodsire|slp\n|\n|-heal|p2a: Clodsire|78/100 slp|[from] item: Leftovers\n|upkeep\n|turn|20\n|inactive|Time left: 300 sec this turn | 300 sec total\n|\n|t:|1783566580\n|move|p1a: Brute Bonnet|Close Combat|p2a: Clodsire\n|-supereffective|p2a: Clodsire\n|-damage|p2a: Clodsire|25/100 slp\n|-unboost|p1a: Brute Bonnet|def|1\n|-unboost|p1a: Brute Bonnet|spd|1\n|-curestatus|p2a: Clodsire|slp|[msg]\n|move|p2a: Clodsire|Poison Jab|p1a: Brute Bonnet\n|-supereffective|p1a: Brute Bonnet\n|-damage|p1a: Brute Bonnet|43/309\n|\n|-heal|p1a: Brute Bonnet|62/309|[from] item: Leftovers\n|-heal|p2a: Clodsire|31/100|[from] item: Leftovers\n|upkeep\n|turn|21\n|inactive|Time left: 300 sec this turn | 300 sec total\n|\n|t:|1783566581\n|switch|p2a: Suicune|Suicune, L82|100/100\n|-ability|p2a: Suicune|Pressure\n|move|p1a: Brute Bonnet|Close Combat|p2a: Suicune\n|-damage|p2a: Suicune|75/100\n|-unboost|p1a: Brute Bonnet|def|1\n|-unboost|p1a: Brute Bonnet|spd|1\n|\n|-heal|p2a: Suicune|81/100|[from] item: Leftovers\n|-heal|p1a: Brute Bonnet|81/309|[from] item: Leftovers\n|upkeep\n|turn|22\n|inactive|Time left: 300 sec this turn | 300 sec total\n|\n|t:|1783566582\n|-end|p1a: Brute Bonnet|Protosynthesis|[silent]\n|switch|p1a: Miraidon|Miraidon, L65|238/238\n|-fieldstart|move: Electric Terrain|[from] ability: Hadron Engine|[of] p1a: Miraidon\n|move|p2a: Suicune|Calm Mind|p2a: Suicune\n|-boost|p2a: Suicune|spa|1\n|-boost|p2a: Suicune|spd|1\n|\n|-heal|p2a: Suicune|87/100|[from] item: Leftovers\n|upkeep\n|turn|23\n|inactive|Time left: 300 sec this turn | 300 sec total\n|\n|t:|1783566583\n|switch|p2a: Toedscruel|Toedscruel, L87, F|100/100\n|move|p1a: Miraidon|Electro Drift|p2a: Toedscruel\n|-immune|p2a: Toedscruel\n|\n|upkeep\n|turn|24\n|inactive|Time left: 300 sec this turn | 300 sec total\n|\n|t:|1783566584\n|switch|p1a: Brute Bonnet|Brute Bonnet, L80|81/309\n|move|p2a: Toedscruel|Knock Off|p1a: Brute Bonnet\n|-resisted|p1a: Brute Bonnet\n|-damage|p1a: Brute Bonnet|54/309\n|-enditem|p1a: Brute Bonnet|Leftovers|[from] move: Knock Off|[of] p2a: Toedscruel\n|\n|upkeep\n|turn|25\n|inactive|Time left: 300 sec this turn | 300 sec total\n|\n|t:|1783566585\n|move|p2a: Toedscruel|Leaf Storm|p1a: Brute Bonnet\n|-resisted|p1a: Brute Bonnet\n|-damage|p1a: Brute Bonnet|0 fnt\n|-unboost|p2a: Toedscruel|spa|2\n|faint|p1a: Brute Bonnet\n|-end|p1a: Brute Bonnet|Protosynthesis|[silent]\n|\n|upkeep\n|inactive|Time left: 300 sec this turn | 300 sec total | 5 sec grace\n|\n|t:|1783566586\n|switch|p1a: Miraidon|Miraidon, L65|238/238\n|-activate|p1a: Miraidon|ability: Hadron Engine\n|turn|26\n|inactive|Time left: 300 sec this turn | 300 sec total\n|\n|t:|1783566587\n|move|p2a: Toedscruel|Earth Power|p1a: Miraidon\n|-supereffective|p1a: Miraidon\n|-damage|p1a: Miraidon|152/238\n|move|p1a: Miraidon|Calm Mind|p1a: Miraidon\n|-boost|p1a: Miraidon|spa|1\n|-boost|p1a: Miraidon|spd|1\n|\n|-fieldend|move: Electric Terrain\n|upkeep\n|turn|27\n|inactive|Time left: 300 sec this turn | 300 sec total\n|\n|t:|1783566588\n|move|p2a: Toedscruel|Earth Power|p1a: Miraidon\n|-supereffective|p1a: Miraidon\n|-damage|p1a: Miraidon|90/238\n|move|p1a: Miraidon|Calm Mind|p1a: Miraidon\n|-boost|p1a: Miraidon|spa|1\n|-boost|p1a: Miraidon|spd|1\n|\n|upkeep\n|turn|28\n|inactive|Time left: 300 sec this turn | 300 sec total\n|\n|t:|1783566589\n|move|p2a: Toedscruel|Earth Power|p1a: Miraidon\n|-supereffective|p1a: Miraidon\n|-damage|p1a: Miraidon|46/238\n|move|p1a: Miraidon|Calm Mind|p1a: Miraidon\n|-boost|p1a: Miraidon|spa|1\n|-boost|p1a: Miraidon|spd|1\n|\n|upkeep\n|turn|29\n|inactive|Time left: 300 sec this turn | 300 sec total\n|\n|t:|1783566590\n|move|p2a: Toedscruel|Knock Off|p1a: Miraidon\n|-damage|p1a: Miraidon|0 fnt\n|-enditem|p1a: Miraidon|Life Orb|[from] move: Knock Off|[of] p2a: Toedscruel\n|faint|p1a: Miraidon\n|\n|win|p0y23750780", "uploadtime": 1783566590, "views": 0, "rating": 0, "private": 0, "password": null, "_winner": "p0y23750780", "_our_name": "p0x2375b830"}