{"id": "battle-gen9randombattle-1045", "formatid": "gen9randombattle", "format": "[Gen 9] Random Battle", "players": ["p0x10453a92", "p0y10450e66"], "log": "|init|battle\n|title|p0x10453a92 vs. p0y10450e66\n|j|\u2606p0x10453a92\n|j|\u2606p0y10450e66\n|t:|1783552003\n|gametype|singles\n|player|p1|p0x10453a92|170|\n|player|p2|p0y10450e66|266|\n|gen|9\n|tier|[Gen 9] Random Battle\n|rule|Species Clause: Limit one of each Pok\u00e9mon\n|rule|HP Percentage Mod: HP is shown in percentages\n|rule|Sleep Clause Mod: Limit one foe put to sleep\n|rule|Illusion Level Mod: Illusion disguises the Pok\u00e9mon's true level\n|\n|t:|1783552003\n|teamsize|p1|6\n|teamsize|p2|6\n|start\n|switch|p1a: Serperior|Serperior, L79, F|100/100\n|switch|p2a: Heracross|Heracross, L80, F|259/259\n|turn|1\n|inactive|Battle timer is ON: inactive players will automatically lose when time's up. (requested by p0x10453a92)\n|inactive|Time left: 300 sec this turn | 300 sec total | 60 sec grace\n|inactive|p0y10450e66 also wants the timer to be on.\n|\n|t:|1783552005\n|move|p1a: Serperior|Leaf Storm|p2a: Heracross\n|-resisted|p2a: Heracross\n|-damage|p2a: Heracross|206/259\n|-boost|p1a: Serperior|spa|2\n|move|p2a: Heracross|Knock Off|p1a: Serperior\n|-damage|p1a: Serperior|69/100\n|-enditem|p1a: Serperior|Leftovers|[from] move: Knock Off|[of] p2a: Heracross\n|\n|-status|p2a: Heracross|brn|[from] item: Flame Orb\n|upkeep\n|turn|2\n|inactive|Time left: 300 sec this turn | 300 sec total\n|\n|t:|1783552006\n|move|p1a: Serperior|Leaf Storm|p2a: Heracross\n|-resisted|p2a: Heracross\n|-damage|p2a: Heracross|115/259 brn\n|-boost|p1a: Serperior|spa|2\n|move|p2a: Heracross|Close Combat|p1a: Serperior\n|-damage|p1a: Serperior|0 fnt\n|-unboost|p2a: Heracross|def|1\n|-unboost|p2a: Heracross|spd|1\n|faint|p1a: Serperior\n|\n|-damage|p2a: Heracross|99/259 brn|[from] brn\n|upkeep\n|\n|t:|1783552007\n|switch|p1a: Slaking|Slaking, L84, M|100/100\n|turn|3\n|inactive|Time left: 300 sec this turn | 300 sec total\n|\n|t:|1783552009\n|switch|p2a: Probopass|Probopass, L91, M|257/257\n|move|p1a: Slaking|Giga Impact|p2a: Probopass\n|-resisted|p2a: Probopass\n|-damage|p2a: Probopass|206/257\n|-mustrecharge|p1a: Slaking\n|\n|-heal|p2a: Probopass|222/257|[from] item: Leftovers\n|upkeep\n|turn|4\n|inactive|Time left: 300 sec this turn | 300 sec total\n|\n|t:|1783552010\n|cant|p1a: Slaking|recharge\n|move|p2a: Probopass|Body Press|p1a: Slaking\n|-supereffective|p1a: Slaking\n|-damage|p1a: Slaking|59/100\n|\n|-heal|p2a: Probopass|238/257|[from] item: Leftovers\n|upkeep\n|turn|5\n|inactive|Time left: 300 sec this turn | 300 sec total\n|\n|t:|1783552011\n|switch|p1a: Lunala|Lunala, L70|100/100\n|move|p2a: Probopass|Body Press|p1a: Lunala\n|-immune|p1a: Lunala\n|\n|-heal|p2a: Probopass|254/257|[from] item: Leftovers\n|upkeep\n|turn|6\n|inactive|Time left: 300 sec this turn | 300 sec total\n|\n|t:|1783552013\n|move|p1a: Lunala|Calm Mind|p1a: Lunala\n|-boost|p1a: Lunala|spa|1\n|-boost|p1a: Lunala|spd|1\n|move|p2a: Probopass|Iron Defense|p2a: Probopass\n|-boost|p2a: Probopass|def|2\n|\n|-heal|p2a: Probopass|257/257|[from] item: Leftovers\n|upkeep\n|turn|7\n|inactive|Time left: 300 sec this turn | 300 sec total\n|\n|t:|1783552014\n|move|p1a: Lunala|Focus Blast|p2a: Probopass\n|-supereffective|p2a: Probopass\n|-damage|p2a: Probopass|0 fnt\n|faint|p2a: Probopass\n|\n|upkeep\n|inactive|Time left: 300 sec this turn | 300 sec total | 5 sec grace\n|\n|t:|1783552015\n|switch|p2a: Heracross|Heracross, L80, F|99/259 brn\n|turn|8\n|inactive|Time left: 300 sec this turn | 300 sec total\n|\n|t:|1783552016\n|move|p2a: Heracross|Knock Off|p1a: Lunala\n|-supereffective|p1a: Lunala\n|-damage|p1a: Lunala|15/100\n|-enditem|p1a: Lunala|Leftovers|[from] move: Knock Off|[of] p2a: Heracross\n|move|p1a: Lunala|Moongeist Beam|p2a: Heracross\n|-damage|p2a: Heracross|0 fnt\n|faint|p2a: Heracross\n|\n|upkeep\n|inactive|Time left: 300 sec this turn | 300 sec total | 5 sec grace\n|\n|t:|1783552017\n|switch|p2a: Rotom|Rotom-Mow, L87|229/229\n|turn|9\n|inactive|Time left: 300 sec this turn | 300 sec total\n|\n|t:|1783552018\n|move|p2a: Rotom|Thunderbolt|p1a: Lunala\n|-damage|p1a: Lunala|0 fnt\n|faint|p1a: Lunala\n|\n|upkeep\n|\n|t:|1783552019\n|switch|p1a: Slaking|Slaking, L84, M|59/100\n|turn|10\n|inactive|Time left: 300 sec this turn | 300 sec total\n|\n|t:|1783552020\n|switch|p2a: Dipplin|Dipplin, L88, F|284/284\n|move|p1a: Slaking|Giga Impact|p2a: Dipplin\n|-damage|p2a: Dipplin|103/284\n|-mustrecharge|p1a: Slaking\n|\n|upkeep\n|turn|11\n|inactive|Time left: 300 sec this turn | 300 sec total\n|\n|t:|1783552021\n|cant|p1a: Slaking|recharge\n|move|p2a: Dipplin|Recover|p2a: Dipplin\n|-heal|p2a: Dipplin|245/284\n|\n|upkeep\n|turn|12\n|inactive|Time left: 300 sec this turn | 300 sec total\n|\n|t:|1783552022\n|move|p1a: Slaking|Giga Impact|p2a: Dipplin\n|-damage|p2a: Dipplin|49/284\n|-mustrecharge|p1a: Slaking\n|move|p2a: Dipplin|Dragon Pulse|p1a: Slaking\n|-damage|p1a: Slaking|29/100\n|\n|upkeep\n|turn|13\n|inactive|Time left: 300 sec this turn | 300 sec total\n|\n|t:|1783552023\n|cant|p1a: Slaking|recharge\n|move|p2a: Dipplin|Dragon Pulse|p1a: Slaking\n|-damage|p1a: Slaking|0 fnt\n|faint|p1a: Slaking\n|\n|upkeep\n|\n|t:|1783552024\n|switch|p1a: Arceus|Arceus-Flying, L69|100/100\n|turn|14\n|inactive|Time left: 300 sec this turn | 300 sec total\n|\n|t:|1783552025\n|move|p1a: Arceus|Judgment|p2a: Dipplin\n|-supereffective|p2a: Dipplin\n|-damage|p2a: Dipplin|0 fnt\n|faint|p2a: Dipplin\n|\n|upkeep\n|inactive|Time left: 300 sec this turn | 300 sec total | 5 sec grace\n|\n|t:|1783552026\n|switch|p2a: Rotom|Rotom-Mow, L87|229/229\n|turn|15\n|inactive|Time left: 300 sec this turn | 300 sec total\n|\n|t:|1783552027\n|move|p1a: Arceus|Calm Mind|p1a: Arceus\n|-boost|p1a: Arceus|spa|1\n|-boost|p1a: Arceus|spd|1\n|move|p2a: Rotom|Nasty Plot|p2a: Rotom\n|-boost|p2a: Rotom|spa|2\n|\n|upkeep\n|turn|16\n|inactive|Time left: 300 sec this turn | 300 sec total\n|\n|t:|1783552028\n|-terastallize|p1a: Arceus|Ground\n|-terastallize|p2a: Rotom|Electric\n|move|p1a: Arceus|Judgment|p2a: Rotom\n|-resisted|p2a: Rotom\n|-damage|p2a: Rotom|163/229\n|move|p2a: Rotom|Thunderbolt|p1a: Arceus\n|-immune|p1a: Arceus\n|\n|-heal|p2a: Rotom|177/229|[from] item: Leftovers\n|upkeep\n|turn|17\n|inactive|Time left: 300 sec this turn | 300 sec total\n|\n|t:|1783552029\n|move|p1a: Arceus|Calm Mind|p1a: Arceus\n|-boost|p1a: Arceus|spa|1\n|-boost|p1a: Arceus|spd|1\n|move|p2a: Rotom|Nasty Plot|p2a: Rotom\n|-boost|p2a: Rotom|spa|2\n|\n|-heal|p2a: Rotom|191/229|[from] item: Leftovers\n|upkeep\n|turn|18\n|inactive|Time left: 300 sec this turn | 300 sec total\n|\n|t:|1783552030\n|move|p1a: Arceus|Judgment|p2a: Rotom\n|-resisted|p2a: Rotom\n|-damage|p2a: Rotom|110/229\n|move|p2a: Rotom|Leaf Storm|p1a: Arceus\n|-supereffective|p1a: Arceus\n|-damage|p1a: Arceus|0 fnt\n|-unboost|p2a: Rotom|spa|2\n|faint|p1a: Arceus\n|\n|-heal|p2a: Rotom|124/229|[from] item: Leftovers\n|upkeep\n|\n|t:|1783552031\n|switch|p1a: Scream Tail|Scream Tail, L84|100/100\n|turn|19\n|inactive|Time left: 300 sec this turn | 300 sec total\n|\n|t:|1783552031\n|move|p1a: Scream Tail|Encore|p2a: Rotom\n|-start|p2a: Rotom|Encore\n|move|p2a: Rotom|Leaf Storm|p1a: Scream Tail\n|-damage|p1a: Scream Tail|30/100\n|-unboost|p2a: Rotom|spa|2\n|\n|-heal|p1a: Scream Tail|37/100|[from] item: Leftovers\n|-heal|p2a: Rotom|138/229|[from] item: Leftovers\n|upkeep\n|turn|20\n|inactive|Time left: 300 sec this turn | 300 sec total\n|\n|t:|1783552032\n|move|p1a: Scream Tail|Protect|p1a: Scream Tail\n|-singleturn|p1a: Scream Tail|Protect\n|move|p2a: Rotom|Leaf Storm|p1a: Scream Tail\n|-activate|p1a: Scream Tail|move: Protect\n|\n|-heal|p1a: Scream Tail|43/100|[from] item: Leftovers\n|-heal|p2a: Rotom|152/229|[from] item: Leftovers\n|upkeep\n|turn|21\n|inactive|Time left: 300 sec this turn | 300 sec total\n|\n|t:|1783552033\n|move|p1a: Scream Tail|Wish|p1a: Scream Tail\n|move|p2a: Rotom|Leaf Storm|p1a: Scream Tail|[miss]\n|-miss|p2a: Rotom|p1a: Scream Tail\n|\n|-heal|p1a: Scream Tail|49/100|[from] item: Leftovers\n|-heal|p2a: Rotom|166/229|[from] item: Leftovers\n|-end|p2a: Rotom|Encore\n|upkeep\n|turn|22\n|inactive|Time left: 300 sec this turn | 300 sec total\n|\n|t:|1783552034\n|move|p1a: Scream Tail|Dazzling Gleam|p2a: Rotom\n|-damage|p2a: Rotom|111/229\n|move|p2a: Rotom|Nasty Plot|p2a: Rotom\n|-boost|p2a: Rotom|spa|2\n|\n|-heal|p1a: Scream Tail|99/100|[from] move: Wish|[wisher] Scream Tail\n|-heal|p1a: Scream Tail|100/100|[from] item: Leftovers\n|-heal|p2a: Rotom|125/229|[from] item: Leftovers\n|upkeep\n|turn|23\n|inactive|Time left: 300 sec this turn | 300 sec total\n|\n|t:|1783552035\n|move|p1a: Scream Tail|Encore|p2a: Rotom\n|-start|p2a: Rotom|Encore\n|move|p2a: Rotom|Nasty Plot|p2a: Rotom\n|-boost|p2a: Rotom|spa|2\n|\n|-heal|p2a: Rotom|139/229|[from] item: Leftovers\n|upkeep\n|turn|24\n|inactive|Time left: 300 sec this turn | 300 sec total\n|\n|t:|1783552036\n|switch|p2a: Deoxys|Deoxys-Speed, L82|216/216\n|-ability|p2a: Deoxys|Pressure\n|move|p1a: Scream Tail|Dazzling Gleam|p2a: Deoxys\n|-damage|p2a: Deoxys|147/216\n|\n|upkeep\n|turn|25\n|inactive|Time left: 300 sec this turn | 300 sec total\n|\n|t:|1783552037\n|switch|p2a: Rotom|Rotom-Mow, L87, tera:Electric|139/229\n|move|p1a: Scream Tail|Dazzling Gleam|p2a: Rotom\n|-damage|p2a: Rotom|84/229\n|\n|-heal|p2a: Rotom|98/229|[from] item: Leftovers\n|upkeep\n|turn|26\n|inactive|Time left: 300 sec this turn | 300 sec total\n|\n|t:|1783552038\n|move|p1a: Scream Tail|Dazzling Gleam|p2a: Rotom\n|-damage|p2a: Rotom|44/229\n|move|p2a: Rotom|Thunderbolt|p1a: Scream Tail\n|-damage|p1a: Scream Tail|67/100\n|\n|-heal|p1a: Scream Tail|73/100|[from] item: Leftovers\n|-heal|p2a: Rotom|58/229|[from] item: Leftovers\n|upkeep\n|turn|27\n|inactive|Time left: 300 sec this turn | 300 sec total\n|\n|t:|1783552039\n|move|p1a: Scream Tail|Dazzling Gleam|p2a: Rotom\n|-damage|p2a: Rotom|3/229\n|move|p2a: Rotom|Thunderbolt|p1a: Scream Tail\n|-damage|p1a: Scream Tail|39/100\n|\n|-heal|p1a: Scream Tail|45/100|[from] item: Leftovers\n|-heal|p2a: Rotom|17/229|[from] item: Leftovers\n|upkeep\n|turn|28\n|inactive|Time left: 300 sec this turn | 300 sec total\n|\n|t:|1783552041\n|switch|p2a: Cinderace|Cinderace, L77, F|250/250\n|move|p1a: Scream Tail|Dazzling Gleam|p2a: Cinderace\n|-resisted|p2a: Cinderace\n|-damage|p2a: Cinderace|211/250\n|\n|-heal|p1a: Scream Tail|51/100|[from] item: Leftovers\n|upkeep\n|turn|29\n|inactive|Time left: 300 sec this turn | 300 sec total\n|\n|t:|1783552042\n|move|p1a: Scream Tail|Wish|p1a: Scream Tail\n|move|p2a: Cinderace|Pyro Ball|p1a: Scream Tail\n|-damage|p1a: Scream Tail|18/100\n|\n|-heal|p1a: Scream Tail|24/100|[from] item: Leftovers\n|upkeep\n|turn|30\n|inactive|Time left: 300 sec this turn | 300 sec total\n|\n|t:|1783552043\n|move|p1a: Scream Tail|Protect|p1a: Scream Tail\n|-singleturn|p1a: Scream Tail|Protect\n|move|p2a: Cinderace|Pyro Ball|p1a: Scream Tail\n|-activate|p1a: Scream Tail|move: Protect\n|\n|-heal|p1a: Scream Tail|74/100|[from] move: Wish|[wisher] Scream Tail\n|-heal|p1a: Scream Tail|80/100|[from] item: Leftovers\n|upkeep\n|turn|31\n|inactive|Time left: 300 sec this turn | 300 sec total\n|\n|t:|1783552044\n|move|p1a: Scream Tail|Wish|p1a: Scream Tail\n|move|p2a: Cinderace|Pyro Ball|p1a: Scream Tail\n|-damage|p1a: Scream Tail|45/100\n|-status|p1a: Scream Tail|brn\n|\n|-heal|p1a: Scream Tail|51/100 brn|[from] item: Leftovers\n|-damage|p1a: Scream Tail|45/100 brn|[from] brn\n|upkeep\n|turn|32\n|inactive|Time left: 300 sec this turn | 300 sec total\n|\n|t:|1783552045\n|move|p1a: Scream Tail|Protect|p1a: Scream Tail\n|-singleturn|p1a: Scream Tail|Protect\n|move|p2a: Cinderace|Pyro Ball|p1a: Scream Tail\n|-activate|p1a: Scream Tail|move: Protect\n|\n|-heal|p1a: Scream Tail|95/100 brn|[from] move: Wish|[wisher] Scream Tail\n|-heal|p1a: Scream Tail|100/100 brn|[from] item: Leftovers\n|-damage|p1a: Scream Tail|94/100 brn|[from] brn\n|upkeep\n|turn|33\n|inactive|Time left: 300 sec this turn | 300 sec total\n|\n|t:|1783552046\n|-end|p1a: Scream Tail|Protosynthesis|[silent]\n|switch|p1a: Bellibolt|Bellibolt, L84, M|100/100\n|move|p2a: Cinderace|Pyro Ball|p1a: Bellibolt\n|-damage|p1a: Bellibolt|61/100\n|-start|p1a: Bellibolt|Charge|Pyro Ball|[from] ability: Electromorphosis\n|\n|-heal|p1a: Bellibolt|67/100|[from] item: Leftovers\n|upkeep\n|turn|34\n|inactive|Time left: 300 sec this turn | 300 sec total\n|\n|t:|1783552047\n|move|p2a: Cinderace|U-turn|p1a: Bellibolt\n|-start|p2a: Cinderace|typechange|Bug|[from] ability: Libero\n|-damage|p1a: Bellibolt|45/100\n|-start|p1a: Bellibolt|Charge|U-turn|[from] ability: Electromorphosis\n|inactive|Time left: 300 sec this turn | 300 sec total | 5 sec grace\n|\n|t:|1783552049\n|switch|p2a: Rotom|Rotom-Mow, L87, tera:Electric|17/229|[from] U-turn\n|move|p1a: Bellibolt|Thunderbolt|p2a: Rotom\n|-resisted|p2a: Rotom\n|-damage|p2a: Rotom|0 fnt\n|faint|p2a: Rotom\n|-end|p1a: Bellibolt|Charge|[silent]\n|\n|-heal|p1a: Bellibolt|52/100|[from] item: Leftovers\n|upkeep\n|inactive|Time left: 300 sec this turn | 300 sec total | 10 sec grace\n|\n|t:|1783552050\n|switch|p2a: Deoxys|Deoxys-Speed, L82|147/216\n|-ability|p2a: Deoxys|Pressure\n|turn|35\n|inactive|Time left: 300 sec this turn | 300 sec total\n|\n|t:|1783552051\n|move|p2a: Deoxys|Psycho Boost|p1a: Bellibolt\n|-damage|p1a: Bellibolt|0 fnt\n|-unboost|p2a: Deoxys|spa|2\n|faint|p1a: Bellibolt\n|-damage|p2a: Deoxys|126/216|[from] item: Life Orb\n|\n|upkeep\n|\n|t:|1783552052\n|switch|p1a: Scream Tail|Scream Tail, L84|94/100 brn\n|turn|36\n|inactive|Time left: 300 sec this turn | 300 sec total\n|\n|t:|1783552053\n|switch|p2a: Cinderace|Cinderace, L77, F|211/250\n|move|p1a: Scream Tail|Dazzling Gleam|p2a: Cinderace\n|-resisted|p2a: Cinderace\n|-damage|p2a: Cinderace|171/250\n|\n|-heal|p1a: Scream Tail|100/100 brn|[from] item: Leftovers\n|-damage|p1a: Scream Tail|94/100 brn|[from] brn\n|upkeep\n|turn|37\n|inactive|Time left: 300 sec this turn | 300 sec total\n|\n|t:|1783552054\n|move|p1a: Scream Tail|Protect|p1a: Scream Tail\n|-singleturn|p1a: Scream Tail|Protect\n|move|p2a: Cinderace|Pyro Ball|p1a: Scream Tail\n|-activate|p1a: Scream Tail|move: Protect\n|\n|-heal|p1a: Scream Tail|100/100 brn|[from] item: Leftovers\n|-damage|p1a: Scream Tail|94/100 brn|[from] brn\n|upkeep\n|turn|38\n|inactive|Time left: 300 sec this turn | 300 sec total\n|\n|t:|1783552055\n|move|p1a: Scream Tail|Dazzling Gleam|p2a: Cinderace\n|-resisted|p2a: Cinderace\n|-damage|p2a: Cinderace|132/250\n|move|p2a: Cinderace|Pyro Ball|p1a: Scream Tail\n|-damage|p1a: Scream Tail|64/100 brn\n|\n|-heal|p1a: Scream Tail|70/100 brn|[from] item: Leftovers\n|-damage|p1a: Scream Tail|64/100 brn|[from] brn\n|upkeep\n|turn|39\n|inactive|Time left: 300 sec this turn | 300 sec total\n|\n|t:|1783552056\n|move|p1a: Scream Tail|Wish|p1a: Scream Tail\n|move|p2a: Cinderace|Pyro Ball|p1a: Scream Tail\n|-damage|p1a: Scream Tail|32/100 brn\n|\n|-heal|p1a: Scream Tail|38/100 brn|[from] item: Leftovers\n|-damage|p1a: Scream Tail|32/100 brn|[from] brn\n|upkeep\n|turn|40\n|inactive|Time left: 300 sec this turn | 300 sec total\n|\n|t:|1783552057\n|move|p1a: Scream Tail|Dazzling Gleam|p2a: Cinderace\n|-resisted|p2a: Cinderace\n|-damage|p2a: Cinderace|93/250\n|move|p2a: Cinderace|U-turn|p1a: Scream Tail\n|-start|p2a: Cinderace|typechange|Bug|[from] ability: Libero\n|-damage|p1a: Scream Tail|12/100 brn\n|inactive|Time left: 300 sec this turn | 300 sec total | 5 sec grace\n|\n|t:|1783552058\n|switch|p2a: Deoxys|Deoxys-Speed, L82|126/216|[from] U-turn\n|-ability|p2a: Deoxys|Pressure\n|\n|-heal|p1a: Scream Tail|62/100 brn|[from] move: Wish|[wisher] Scream Tail\n|-heal|p1a: Scream Tail|68/100 brn|[from] item: Leftovers\n|-damage|p1a: Scream Tail|62/100 brn|[from] brn\n|upkeep\n|turn|41\n|inactive|Time left: 300 sec this turn | 300 sec total\n|\n|t:|1783552059\n|move|p2a: Deoxys|Nasty Plot|p2a: Deoxys\n|-boost|p2a: Deoxys|spa|2\n|move|p1a: Scream Tail|Wish|p1a: Scream Tail\n|\n|-heal|p1a: Scream Tail|68/100 brn|[from] item: Leftovers\n|-damage|p1a: Scream Tail|62/100 brn|[from] brn\n|upkeep\n|turn|42\n|inactive|Time left: 300 sec this turn | 300 sec total\n|\n|t:|1783552060\n|move|p2a: Deoxys|Nasty Plot|p2a: Deoxys\n|-boost|p2a: Deoxys|spa|2\n|move|p1a: Scream Tail|Dazzling Gleam|p2a: Deoxys\n|-damage|p2a: Deoxys|57/216\n|\n|-heal|p1a: Scream Tail|100/100 brn|[from] move: Wish|[wisher] Scream Tail\n|-damage|p1a: Scream Tail|94/100 brn|[from] brn\n|upkeep\n|turn|43\n|inactive|Time left: 300 sec this turn | 300 sec total\n|\n|t:|1783552061\n|move|p2a: Deoxys|Dark Pulse|p1a: Scream Tail\n|-damage|p1a: Scream Tail|44/100 brn\n|-damage|p2a: Deoxys|36/216|[from] item: Life Orb\n|move|p1a: Scream Tail|Dazzling Gleam|p2a: Deoxys\n|-crit|p2a: Deoxys\n|-damage|p2a: Deoxys|0 fnt\n|faint|p2a: Deoxys\n|\n|-heal|p1a: Scream Tail|50/100 brn|[from] item: Leftovers\n|-damage|p1a: Scream Tail|44/100 brn|[from] brn\n|upkeep\n|inactive|Time left: 300 sec this turn | 300 sec total | 5 sec grace\n|\n|t:|1783552062\n|switch|p2a: Cinderace|Cinderace, L77, F|93/250\n|turn|44\n|inactive|Time left: 300 sec this turn | 300 sec total\n|\n|t:|1783552062\n|move|p1a: Scream Tail|Dazzling Gleam|p2a: Cinderace\n|-resisted|p2a: Cinderace\n|-damage|p2a: Cinderace|54/250\n|move|p2a: Cinderace|Will-O-Wisp|p1a: Scream Tail\n|-fail|p1a: Scream Tail|brn\n|\n|-heal|p1a: Scream Tail|50/100 brn|[from] item: Leftovers\n|-damage|p1a: Scream Tail|44/100 brn|[from] brn\n|upkeep\n|turn|45\n|inactive|Time left: 300 sec this turn | 300 sec total\n|\n|t:|1783552063\n|move|p1a: Scream Tail|Wish|p1a: Scream Tail\n|move|p2a: Cinderace|Will-O-Wisp|p1a: Scream Tail\n|-fail|p1a: Scream Tail|brn\n|\n|-heal|p1a: Scream Tail|50/100 brn|[from] item: Leftovers\n|-damage|p1a: Scream Tail|44/100 brn|[from] brn\n|upkeep\n|turn|46\n|inactive|Time left: 300 sec this turn | 300 sec total\n|\n|t:|1783552064\n|move|p1a: Scream Tail|Wish||[still]\n|-fail|p1a: Scream Tail\n|move|p2a: Cinderace|Will-O-Wisp|p1a: Scream Tail\n|-fail|p1a: Scream Tail|brn\n|\n|-heal|p1a: Scream Tail|94/100 brn|[from] move: Wish|[wisher] Scream Tail\n|-heal|p1a: Scream Tail|99/100 brn|[from] item: Leftovers\n|-damage|p1a: Scream Tail|94/100 brn|[from] brn\n|upkeep\n|turn|47\n|inactive|Time left: 300 sec this turn | 300 sec total\n|\n|t:|1783552065\n|move|p1a: Scream Tail|Wish|p1a: Scream Tail\n|move|p2a: Cinderace|Will-O-Wisp|p1a: Scream Tail\n|-fail|p1a: Scream Tail|brn\n|\n|-heal|p1a: Scream Tail|99/100 brn|[from] item: Leftovers\n|-damage|p1a: Scream Tail|94/100 brn|[from] brn\n|upkeep\n|turn|48\n|inactive|Time left: 300 sec this turn | 300 sec total\n|\n|t:|1783552065\n|move|p1a: Scream Tail|Wish||[still]\n|-fail|p1a: Scream Tail\n|move|p2a: Cinderace|Will-O-Wisp|p1a: Scream Tail\n|-fail|p1a: Scream Tail|brn\n|\n|-heal|p1a: Scream Tail|100/100 brn|[from] move: Wish|[wisher] Scream Tail\n|-damage|p1a: Scream Tail|94/100 brn|[from] brn\n|upkeep\n|turn|49\n|inactive|Time left: 300 sec this turn | 300 sec total\n|\n|t:|1783552066\n|move|p1a: Scream Tail|Protect|p1a: Scream Tail\n|-singleturn|p1a: Scream Tail|Protect\n|move|p2a: Cinderace|Will-O-Wisp|p1a: Scream Tail\n|-activate|p1a: Scream Tail|move: Protect\n|\n|-heal|p1a: Scream Tail|100/100 brn|[from] item: Leftovers\n|-damage|p1a: Scream Tail|94/100 brn|[from] brn\n|upkeep\n|turn|50\n|inactive|Time left: 300 sec this turn | 300 sec total\n|\n|t:|1783552067\n|move|p1a: Scream Tail|Wish|p1a: Scream Tail\n|move|p2a: Cinderace|Will-O-Wisp|p1a: Scream Tail\n|-fail|p1a: Scream Tail|brn\n|\n|-heal|p1a: Scream Tail|100/100 brn|[from] item: Leftovers\n|-damage|p1a: Scream Tail|94/100 brn|[from] brn\n|upkeep\n|turn|51\n|inactive|Time left: 300 sec this turn | 300 sec total\n|\n|t:|1783552068\n|move|p1a: Scream Tail|Wish||[still]\n|-fail|p1a: Scream Tail\n|move|p2a: Cinderace|Will-O-Wisp|p1a: Scream Tail|[miss]\n|-miss|p2a: Cinderace|p1a: Scream Tail\n|\n|-heal|p1a: Scream Tail|100/100 brn|[from] move: Wish|[wisher] Scream Tail\n|-damage|p1a: Scream Tail|94/100 brn|[from] brn\n|upkeep\n|turn|52\n|inactive|Time left: 300 sec this turn | 300 sec total\n|\n|t:|1783552069\n|move|p1a: Scream Tail|Wish|p1a: Scream Tail\n|move|p2a: Cinderace|Will-O-Wisp|p1a: Scream Tail\n|-fail|p1a: Scream Tail|brn\n|\n|-heal|p1a: Scream Tail|100/100 brn|[from] item: Leftovers\n|-damage|p1a: Scream Tail|94/100 brn|[from] brn\n|upkeep\n|turn|53\n|inactive|Time left: 300 sec this turn | 300 sec total\n|\n|t:|1783552070\n|move|p1a: Scream Tail|Protect|p1a: Scream Tail\n|-singleturn|p1a: Scream Tail|Protect\n|move|p2a: Cinderace|Will-O-Wisp|p1a: Scream Tail\n|-activate|p1a: Scream Tail|move: Protect\n|\n|-heal|p1a: Scream Tail|100/100 brn|[from] move: Wish|[wisher] Scream Tail\n|-damage|p1a: Scream Tail|94/100 brn|[from] brn\n|upkeep\n|turn|54\n|inactive|Time left: 300 sec this turn | 300 sec total\n|\n|t:|1783552071\n|move|p1a: Scream Tail|Wish|p1a: Scream Tail\n|move|p2a: Cinderace|Will-O-Wisp|p1a: Scream Tail\n|-fail|p1a: Scream Tail|brn\n|\n|-heal|p1a: Scream Tail|100/100 brn|[from] item: Leftovers\n|-damage|p1a: Scream Tail|94/100 brn|[from] brn\n|upkeep\n|turn|55\n|inactive|Time left: 300 sec this turn | 300 sec total\n|\n|t:|1783552072\n|move|p1a: Scream Tail|Wish||[still]\n|-fail|p1a: Scream Tail\n|move|p2a: Cinderace|Will-O-Wisp|p1a: Scream Tail|[miss]\n|-miss|p2a: Cinderace|p1a: Scream Tail\n|\n|-heal|p1a: Scream Tail|100/100 brn|[from] move: Wish|[wisher] Scream Tail\n|-damage|p1a: Scream Tail|94/100 brn|[from] brn\n|upkeep\n|turn|56\n|inactive|Time left: 300 sec this turn | 300 sec total\n|\n|t:|1783552072\n|move|p1a: Scream Tail|Protect|p1a: Scream Tail\n|-singleturn|p1a: Scream Tail|Protect\n|move|p2a: Cinderace|Will-O-Wisp|p1a: Scream Tail\n|-activate|p1a: Scream Tail|move: Protect\n|\n|-heal|p1a: Scream Tail|100/100 brn|[from] item: Leftovers\n|-damage|p1a: Scream Tail|94/100 brn|[from] brn\n|upkeep\n|turn|57\n|inactive|Time left: 300 sec this turn | 300 sec total\n|\n|t:|1783552073\n|move|p1a: Scream Tail|Wish|p1a: Scream Tail\n|move|p2a: Cinderace|Will-O-Wisp|p1a: Scream Tail\n|-fail|p1a: Scream Tail|brn\n|\n|-heal|p1a: Scream Tail|100/100 brn|[from] item: Leftovers\n|-damage|p1a: Scream Tail|94/100 brn|[from] brn\n|upkeep\n|turn|58\n|inactive|Time left: 300 sec this turn | 300 sec total\n|\n|t:|1783552075\n|move|p1a: Scream Tail|Wish||[still]\n|-fail|p1a: Scream Tail\n|move|p2a: Cinderace|Will-O-Wisp|p1a: Scream Tail|[miss]\n|-miss|p2a: Cinderace|p1a: Scream Tail\n|\n|-heal|p1a: Scream Tail|100/100 brn|[from] move: Wish|[wisher] Scream Tail\n|-damage|p1a: Scream Tail|94/100 brn|[from] brn\n|upkeep\n|turn|59\n|inactive|Time left: 300 sec this turn | 300 sec total\n|\n|t:|1783552075\n|move|p1a: Scream Tail|Protect|p1a: Scream Tail\n|-singleturn|p1a: Scream Tail|Protect\n|move|p2a: Cinderace|Will-O-Wisp|p1a: Scream Tail\n|-activate|p1a: Scream Tail|move: Protect\n|\n|-heal|p1a: Scream Tail|100/100 brn|[from] item: Leftovers\n|-damage|p1a: Scream Tail|94/100 brn|[from] brn\n|upkeep\n|turn|60\n|inactive|Time left: 300 sec this turn | 300 sec total\n|\n|t:|1783552076\n|move|p1a: Scream Tail|Protect|p1a: Scream Tail\n|-singleturn|p1a: Scream Tail|Protect\n|move|p2a: Cinderace|Will-O-Wisp|p1a: Scream Tail\n|-activate|p1a: Scream Tail|move: Protect\n|\n|-heal|p1a: Scream Tail|100/100 brn|[from] item: Leftovers\n|-damage|p1a: Scream Tail|94/100 brn|[from] brn\n|upkeep\n|turn|61\n|inactive|Time left: 300 sec this turn | 300 sec total\n|\n|t:|1783552077\n|move|p1a: Scream Tail|Protect|p1a: Scream Tail\n|-singleturn|p1a: Scream Tail|Protect\n|move|p2a: Cinderace|Will-O-Wisp|p1a: Scream Tail\n|-activate|p1a: Scream Tail|move: Protect\n|\n|-heal|p1a: Scream Tail|100/100 brn|[from] item: Leftovers\n|-damage|p1a: Scream Tail|94/100 brn|[from] brn\n|upkeep\n|turn|62\n|inactive|Time left: 300 sec this turn | 300 sec total\n|\n|t:|1783552078\n|move|p1a: Scream Tail|Protect||[still]\n|-fail|p1a: Scream Tail\n|move|p2a: Cinderace|Will-O-Wisp|p1a: Scream Tail\n|-fail|p1a: Scream Tail|brn\n|\n|-heal|p1a: Scream Tail|100/100 brn|[from] item: Leftovers\n|-damage|p1a: Scream Tail|94/100 brn|[from] brn\n|upkeep\n|turn|63\n|inactive|Time left: 300 sec this turn | 300 sec total\n|\n|t:|1783552079\n|move|p1a: Scream Tail|Protect|p1a: Scream Tail\n|-singleturn|p1a: Scream Tail|Protect\n|move|p2a: Cinderace|Will-O-Wisp|p1a: Scream Tail\n|-activate|p1a: Scream Tail|move: Protect\n|\n|-heal|p1a: Scream Tail|100/100 brn|[from] item: Leftovers\n|-damage|p1a: Scream Tail|94/100 brn|[from] brn\n|upkeep\n|turn|64\n|inactive|Time left: 300 sec this turn | 300 sec total\n|\n|t:|1783552080\n|move|p1a: Scream Tail|Protect||[still]\n|-fail|p1a: Scream Tail\n|move|p2a: Cinderace|Will-O-Wisp|p1a: Scream Tail\n|-fail|p1a: Scream Tail|brn\n|\n|-heal|p1a: Scream Tail|100/100 brn|[from] item: Leftovers\n|-damage|p1a: Scream Tail|94/100 brn|[from] brn\n|upkeep\n|turn|65\n|inactive|Time left: 300 sec this turn | 300 sec total\n|\n|t:|1783552081\n|move|p1a: Scream Tail|Encore|p2a: Cinderace\n|-start|p2a: Cinderace|Encore\n|move|p2a: Cinderace|Will-O-Wisp|p1a: Scream Tail\n|-fail|p1a: Scream Tail|brn\n|\n|-heal|p1a: Scream Tail|100/100 brn|[from] item: Leftovers\n|-damage|p1a: Scream Tail|94/100 brn|[from] brn\n|upkeep\n|turn|66\n|inactive|Time left: 300 sec this turn | 300 sec total\n|\n|t:|1783552082\n|move|p1a: Scream Tail|Encore||[still]\n|-fail|p1a: Scream Tail\n|move|p2a: Cinderace|Will-O-Wisp|p1a: Scream Tail\n|-fail|p1a: Scream Tail|brn\n|\n|-heal|p1a: Scream Tail|100/100 brn|[from] item: Leftovers\n|-damage|p1a: Scream Tail|94/100 brn|[from] brn\n|upkeep\n|turn|67\n|inactive|Time left: 300 sec this turn | 300 sec total\n|\n|t:|1783552083\n|move|p1a: Scream Tail|Protect|p1a: Scream Tail\n|-singleturn|p1a: Scream Tail|Protect\n|move|p2a: Cinderace|Will-O-Wisp|p1a: Scream Tail\n|-activate|p1a: Scream Tail|move: Protect\n|\n|-heal|p1a: Scream Tail|100/100 brn|[from] item: Leftovers\n|-damage|p1a: Scream Tail|94/100 brn|[from] brn\n|-end|p2a: Cinderace|Encore\n|upkeep\n|turn|68\n|inactive|Time left: 300 sec this turn | 300 sec total\n|\n|t:|1783552084\n|move|p1a: Scream Tail|Protect||[still]\n|-fail|p1a: Scream Tail\n|move|p2a: Cinderace|Court Change||[still]\n|-start|p2a: Cinderace|typechange|Normal|[from] ability: Libero\n|-fail|p2a: Cinderace\n|\n|-heal|p1a: Scream Tail|100/100 brn|[from] item: Leftovers\n|-damage|p1a: Scream Tail|94/100 brn|[from] brn\n|upkeep\n|turn|69\n|inactive|Time left: 300 sec this turn | 300 sec total\n|\n|t:|1783552085\n|move|p1a: Scream Tail|Protect|p1a: Scream Tail\n|-singleturn|p1a: Scream Tail|Protect\n|move|p2a: Cinderace|Court Change||[still]\n|-fail|p2a: Cinderace\n|\n|-heal|p1a: Scream Tail|100/100 brn|[from] item: Leftovers\n|-damage|p1a: Scream Tail|94/100 brn|[from] brn\n|upkeep\n|turn|70\n|inactive|Time left: 300 sec this turn | 300 sec total\n|\n|t:|1783552086\n|move|p1a: Scream Tail|Dazzling Gleam|p2a: Cinderace\n|-damage|p2a: Cinderace|0 fnt\n|faint|p2a: Cinderace\n|\n|win|p0x10453a92", "uploadtime": 1783552086, "views": 0, "rating": 0, "private": 0, "password": null, "_winner": "p0x10453a92", "_our_name": "p0y10450e66"}