{"id": "battle-gen9randombattle-516", "formatid": "gen9randombattle", "format": "[Gen 9] Random Battle", "players": ["p0x516ed39", "p0y516a09b"], "log": "|init|battle\n|title|p0x516ed39 vs. p0y516a09b\n|j|\u2606p0x516ed39\n|j|\u2606p0y516a09b\n|t:|1783545788\n|gametype|singles\n|player|p1|p0x516ed39|2|\n|player|p2|p0y516a09b|266|\n|gen|9\n|tier|[Gen 9] Random Battle\n|rule|Species Clause: Limit one of each Pok\u00e9mon\n|rule|HP Percentage Mod: HP is shown in percentages\n|rule|Sleep Clause Mod: Limit one foe put to sleep\n|rule|Illusion Level Mod: Illusion disguises the Pok\u00e9mon's true level\n|\n|t:|1783545788\n|teamsize|p1|6\n|teamsize|p2|6\n|start\n|switch|p1a: Alomomola|Alomomola, L87, F|100/100\n|switch|p2a: Lucario|Lucario, L84, F|255/255\n|turn|1\n|inactive|Battle timer is ON: inactive players will automatically lose when time's up. (requested by p0x516ed39)\n|inactive|Time left: 300 sec this turn | 300 sec total | 60 sec grace\n|inactive|p0y516a09b also wants the timer to be on.\n|\n|t:|1783545790\n|move|p2a: Lucario|Swords Dance|p2a: Lucario\n|-boost|p2a: Lucario|atk|2\n|move|p1a: Alomomola|Flip Turn|p2a: Lucario\n|-damage|p2a: Lucario|185/255\n|\n|t:|1783545791\n|switch|p1a: Iron Leaves|Iron Leaves, L80|100/100|[from] Flip Turn\n|\n|upkeep\n|turn|2\n|inactive|Time left: 300 sec this turn | 300 sec total\n|\n|t:|1783545793\n|move|p1a: Iron Leaves|Close Combat|p2a: Lucario\n|-supereffective|p2a: Lucario\n|-damage|p2a: Lucario|0 fnt\n|-unboost|p1a: Iron Leaves|def|1\n|-unboost|p1a: Iron Leaves|spd|1\n|faint|p2a: Lucario\n|-damage|p1a: Iron Leaves|91/100|[from] item: Life Orb\n|\n|upkeep\n|inactive|Time left: 300 sec this turn | 300 sec total | 5 sec grace\n|\n|t:|1783545793\n|switch|p2a: Azelf|Azelf, L82|257/257\n|turn|3\n|inactive|Time left: 300 sec this turn | 300 sec total\n|\n|t:|1783545794\n|-end|p1a: Iron Leaves|Quark Drive|[silent]\n|switch|p1a: Clefable|Clefable, L83, F|100/100\n|move|p2a: Azelf|Nasty Plot|p2a: Azelf\n|-boost|p2a: Azelf|spa|2\n|\n|upkeep\n|turn|4\n|inactive|Time left: 300 sec this turn | 300 sec total\n|\n|t:|1783545796\n|move|p2a: Azelf|Psychic|p1a: Clefable\n|-damage|p1a: Clefable|48/100\n|-damage|p2a: Azelf|232/257|[from] item: Life Orb\n|move|p1a: Clefable|Moonblast|p2a: Azelf\n|-damage|p2a: Azelf|103/257\n|\n|-heal|p1a: Clefable|54/100|[from] item: Leftovers\n|upkeep\n|turn|5\n|inactive|Time left: 300 sec this turn | 300 sec total\n|\n|t:|1783545797\n|move|p2a: Azelf|Psychic|p1a: Clefable\n|-damage|p1a: Clefable|9/100\n|-damage|p2a: Azelf|78/257|[from] item: Life Orb\n|move|p1a: Clefable|Moonblast|p2a: Azelf\n|-damage|p2a: Azelf|0 fnt\n|faint|p2a: Azelf\n|\n|-heal|p1a: Clefable|15/100|[from] item: Leftovers\n|upkeep\n|inactive|Time left: 300 sec this turn | 300 sec total | 5 sec grace\n|\n|t:|1783545799\n|switch|p2a: Sandy Shocks|Sandy Shocks, L80|267/267\n|turn|6\n|inactive|Time left: 300 sec this turn | 300 sec total\n|\n|t:|1783545800\n|switch|p1a: Rotom|Rotom-Frost, L87|100/100\n|move|p2a: Sandy Shocks|Thunderbolt|p1a: Rotom\n|-resisted|p1a: Rotom\n|-damage|p1a: Rotom|81/100\n|\n|upkeep\n|turn|7\n|inactive|Time left: 300 sec this turn | 300 sec total\n|\n|t:|1783545801\n|move|p2a: Sandy Shocks|Thunderbolt|p1a: Rotom\n|-resisted|p1a: Rotom\n|-damage|p1a: Rotom|61/100\n|move|p1a: Rotom|Blizzard|p2a: Sandy Shocks|[miss]\n|-miss|p1a: Rotom|p2a: Sandy Shocks\n|\n|upkeep\n|turn|8\n|inactive|Time left: 300 sec this turn | 300 sec total\n|\n|t:|1783545802\n|move|p2a: Sandy Shocks|Thunderbolt|p1a: Rotom\n|-resisted|p1a: Rotom\n|-damage|p1a: Rotom|41/100\n|move|p1a: Rotom|Blizzard|p2a: Sandy Shocks\n|-supereffective|p2a: Sandy Shocks\n|-damage|p2a: Sandy Shocks|9/267\n|\n|upkeep\n|turn|9\n|inactive|Time left: 300 sec this turn | 300 sec total\n|\n|t:|1783545803\n|move|p2a: Sandy Shocks|Thunderbolt|p1a: Rotom\n|-resisted|p1a: Rotom\n|-damage|p1a: Rotom|22/100\n|move|p1a: Rotom|Will-O-Wisp|p2a: Sandy Shocks\n|-status|p2a: Sandy Shocks|brn\n|\n|-damage|p2a: Sandy Shocks|0 fnt|[from] brn\n|faint|p2a: Sandy Shocks\n|-end|p2a: Sandy Shocks|Protosynthesis|[silent]\n|upkeep\n|inactive|Time left: 300 sec this turn | 300 sec total | 5 sec grace\n|\n|t:|1783545804\n|switch|p2a: Pawmot|Pawmot, L80, M|243/243\n|turn|10\n|inactive|Time left: 300 sec this turn | 300 sec total\n|\n|t:|1783545804\n|switch|p1a: Swalot|Swalot, L90, M|100/100\n|move|p2a: Pawmot|Double Shock|p1a: Swalot\n|-damage|p1a: Swalot|47/100\n|-start|p2a: Pawmot|typechange|???/Fighting|[from] move: Double Shock\n|-damage|p2a: Pawmot|219/243|[from] item: Life Orb\n|\n|-heal|p1a: Swalot|53/100|[from] item: Leftovers\n|upkeep\n|turn|11\n|inactive|Time left: 300 sec this turn | 300 sec total\n|\n|t:|1783545805\n|move|p2a: Pawmot|Ice Punch|p1a: Swalot\n|-damage|p1a: Swalot|27/100\n|-damage|p2a: Pawmot|195/243|[from] item: Life Orb\n|move|p1a: Swalot|Gunk Shot|p2a: Pawmot|[miss]\n|-miss|p1a: Swalot|p2a: Pawmot\n|\n|-heal|p1a: Swalot|33/100|[from] item: Leftovers\n|upkeep\n|turn|12\n|inactive|Time left: 300 sec this turn | 300 sec total\n|\n|t:|1783545806\n|move|p2a: Pawmot|Ice Punch|p1a: Swalot\n|-damage|p1a: Swalot|7/100\n|-damage|p2a: Pawmot|171/243|[from] item: Life Orb\n|move|p1a: Swalot|Gunk Shot|p2a: Pawmot|[miss]\n|-miss|p1a: Swalot|p2a: Pawmot\n|\n|-heal|p1a: Swalot|13/100|[from] item: Leftovers\n|upkeep\n|turn|13\n|inactive|Time left: 300 sec this turn | 300 sec total\n|\n|t:|1783545807\n|move|p2a: Pawmot|Ice Punch|p1a: Swalot\n|-damage|p1a: Swalot|0 fnt\n|faint|p1a: Swalot\n|-damage|p2a: Pawmot|147/243|[from] item: Life Orb\n|\n|upkeep\n|\n|t:|1783545808\n|switch|p1a: Delphox|Delphox, L84, M|100/100\n|turn|14\n|inactive|Time left: 300 sec this turn | 300 sec total\n|\n|t:|1783545809\n|switch|p2a: Bombirdier|Bombirdier, L85, M|258/258\n|move|p1a: Delphox|Fire Blast|p2a: Bombirdier\n|-damage|p2a: Bombirdier|123/258\n|\n|upkeep\n|turn|15\n|inactive|Time left: 300 sec this turn | 300 sec total\n|\n|t:|1783545810\n|move|p1a: Delphox|Fire Blast|p2a: Bombirdier\n|-damage|p2a: Bombirdier|0 fnt\n|faint|p2a: Bombirdier\n|\n|upkeep\n|inactive|Time left: 300 sec this turn | 300 sec total | 5 sec grace\n|\n|t:|1783545811\n|switch|p2a: Cacturne|Cacturne, L92, F|278/278\n|turn|16\n|inactive|Time left: 300 sec this turn | 300 sec total\n|\n|t:|1783545812\n|-terastallize|p1a: Delphox|Grass\n|-terastallize|p2a: Cacturne|Dark\n|move|p1a: Delphox|Fire Blast|p2a: Cacturne\n|-damage|p2a: Cacturne|128/278\n|move|p2a: Cacturne|Knock Off|p1a: Delphox\n|-damage|p1a: Delphox|0 fnt\n|-enditem|p1a: Delphox|Choice Scarf|[from] move: Knock Off|[of] p2a: Cacturne\n|faint|p1a: Delphox\n|-damage|p2a: Cacturne|101/278|[from] item: Life Orb\n|\n|upkeep\n|\n|t:|1783545813\n|switch|p1a: Rotom|Rotom-Frost, L87|22/100\n|turn|17\n|inactive|Time left: 300 sec this turn | 300 sec total\n|\n|t:|1783545814\n|move|p2a: Cacturne|Sucker Punch||[still]\n|-fail|p2a: Cacturne\n|move|p1a: Rotom|Will-O-Wisp|p2a: Cacturne\n|-status|p2a: Cacturne|brn\n|\n|-damage|p2a: Cacturne|84/278 brn|[from] brn\n|upkeep\n|turn|18\n|inactive|Time left: 300 sec this turn | 300 sec total\n|\n|t:|1783545814\n|switch|p2a: Pawmot|Pawmot, L80, M|147/243\n|move|p1a: Rotom|Volt Switch|p2a: Pawmot\n|-resisted|p2a: Pawmot\n|-damage|p2a: Pawmot|93/243\n|\n|t:|1783545815\n|switch|p1a: Iron Leaves|Iron Leaves, L80|91/100|[from] Volt Switch\n|\n|upkeep\n|turn|19\n|inactive|Time left: 300 sec this turn | 300 sec total\n|\n|t:|1783545816\n|move|p2a: Pawmot|Ice Punch|p1a: Iron Leaves\n|-supereffective|p1a: Iron Leaves\n|-damage|p1a: Iron Leaves|24/100\n|-damage|p2a: Pawmot|69/243|[from] item: Life Orb\n|move|p1a: Iron Leaves|Leaf Blade|p2a: Pawmot\n|-damage|p2a: Pawmot|0 fnt\n|faint|p2a: Pawmot\n|-damage|p1a: Iron Leaves|15/100|[from] item: Life Orb\n|\n|upkeep\n|inactive|Time left: 300 sec this turn | 300 sec total | 5 sec grace\n|\n|t:|1783545817\n|switch|p2a: Cacturne|Cacturne, L92, F, tera:Dark|84/278 brn\n|turn|20\n|inactive|Time left: 300 sec this turn | 300 sec total\n|\n|t:|1783545818\n|move|p2a: Cacturne|Sucker Punch|p1a: Iron Leaves\n|-supereffective|p1a: Iron Leaves\n|-damage|p1a: Iron Leaves|0 fnt\n|faint|p1a: Iron Leaves\n|-end|p1a: Iron Leaves|Quark Drive|[silent]\n|-damage|p2a: Cacturne|57/278 brn|[from] item: Life Orb\n|\n|-damage|p2a: Cacturne|40/278 brn|[from] brn\n|upkeep\n|\n|t:|1783545819\n|switch|p1a: Rotom|Rotom-Frost, L87|22/100\n|turn|21\n|inactive|Time left: 300 sec this turn | 300 sec total\n|\n|t:|1783545819\n|move|p2a: Cacturne|Sucker Punch|p1a: Rotom\n|-damage|p1a: Rotom|0 fnt\n|faint|p1a: Rotom\n|-damage|p2a: Cacturne|13/278 brn|[from] item: Life Orb\n|\n|-damage|p2a: Cacturne|0 fnt|[from] brn\n|faint|p2a: Cacturne\n|\n|win|p0x516ed39", "uploadtime": 1783545819, "views": 0, "rating": 0, "private": 0, "password": null, "_winner": "p0x516ed39", "_our_name": "p0y516a09b"}