{"id": "battle-gen9randombattle-1223", "formatid": "gen9randombattle", "format": "[Gen 9] Random Battle", "players": ["p0x1223c1ab", "p0y12231d2e"], "log": "|init|battle\n|title|p0x1223c1ab vs. p0y12231d2e\n|j|\u2606p0x1223c1ab\n|j|\u2606p0y12231d2e\n|t:|1783554148\n|gametype|singles\n|player|p1|p0x1223c1ab|1|\n|player|p2|p0y12231d2e|265|\n|gen|9\n|tier|[Gen 9] Random Battle\n|rule|Species Clause: Limit one of each Pok\u00e9mon\n|rule|HP Percentage Mod: HP is shown in percentages\n|rule|Sleep Clause Mod: Limit one foe put to sleep\n|rule|Illusion Level Mod: Illusion disguises the Pok\u00e9mon's true level\n|\n|t:|1783554148\n|teamsize|p1|6\n|teamsize|p2|6\n|start\n|switch|p1a: Oricorio|Oricorio, L84, F|100/100\n|switch|p2a: Raikou|Raikou, L81|278/278\n|-ability|p2a: Raikou|Pressure\n|turn|1\n|inactive|Battle timer is ON: inactive players will automatically lose when time's up. (requested by p0y12231d2e)\n|\n|t:|1783554150\n|switch|p1a: Calyrex|Calyrex, L93|100/100\n|-ability|p1a: Calyrex|Unnerve\n|move|p2a: Raikou|Thunderbolt|p1a: Calyrex\n|-resisted|p1a: Calyrex\n|-damage|p1a: Calyrex|87/100\n|\n|-heal|p1a: Calyrex|93/100|[from] item: Leftovers\n|upkeep\n|turn|2\n|inactive|Time left: 300 sec this turn | 300 sec total\n|inactive|p0x1223c1ab also wants the timer to be on.\n|\n|t:|1783554151\n|move|p2a: Raikou|Calm Mind|p2a: Raikou\n|-boost|p2a: Raikou|spa|1\n|-boost|p2a: Raikou|spd|1\n|move|p1a: Calyrex|Leech Seed|p2a: Raikou\n|-start|p2a: Raikou|move: Leech Seed\n|\n|-heal|p1a: Calyrex|99/100|[from] item: Leftovers\n|-damage|p2a: Raikou|244/278|[from] Leech Seed|[of] p1a: Calyrex\n|-heal|p1a: Calyrex|100/100|[silent]\n|upkeep\n|turn|3\n|inactive|Time left: 300 sec this turn | 300 sec total\n|\n|t:|1783554152\n|move|p2a: Raikou|Calm Mind|p2a: Raikou\n|-boost|p2a: Raikou|spa|1\n|-boost|p2a: Raikou|spd|1\n|move|p1a: Calyrex|Psyshock|p2a: Raikou\n|-damage|p2a: Raikou|133/278\n|\n|-heal|p2a: Raikou|150/278|[from] item: Leftovers\n|-damage|p2a: Raikou|116/278|[from] Leech Seed|[of] p1a: Calyrex\n|upkeep\n|turn|4\n|inactive|Time left: 300 sec this turn | 300 sec total\n|\n|t:|1783554153\n|switch|p2a: Incineroar|Incineroar, L82, M|290/290\n|-ability|p2a: Incineroar|Intimidate|boost\n|-unboost|p1a: Calyrex|atk|1\n|move|p1a: Calyrex|Psyshock|p2a: Incineroar\n|-immune|p2a: Incineroar\n|\n|upkeep\n|turn|5\n|inactive|Time left: 300 sec this turn | 300 sec total\n|\n|t:|1783554154\n|switch|p1a: Oricorio|Oricorio, L84, F|100/100\n|move|p2a: Incineroar|Swords Dance|p2a: Incineroar\n|-boost|p2a: Incineroar|atk|2\n|-activate|p1a: Oricorio|ability: Dancer\n|move|p1a: Oricorio|Swords Dance|p1a: Oricorio|[from] ability: Dancer\n|-boost|p1a: Oricorio|atk|2\n|\n|upkeep\n|turn|6\n|inactive|Time left: 300 sec this turn | 300 sec total\n|\n|t:|1783554156\n|move|p1a: Oricorio|Hurricane|p2a: Incineroar|[miss]\n|-miss|p1a: Oricorio|p2a: Incineroar\n|move|p2a: Incineroar|Knock Off|p1a: Oricorio\n|-damage|p1a: Oricorio|0 fnt\n|-enditem|p1a: Oricorio|Heavy-Duty Boots|[from] move: Knock Off|[of] p2a: Incineroar\n|faint|p1a: Oricorio\n|\n|upkeep\n|\n|t:|1783554157\n|switch|p1a: Sneasler|Sneasler, L74, M|100/100\n|turn|7\n|inactive|Time left: 300 sec this turn | 300 sec total\n|\n|t:|1783554158\n|move|p1a: Sneasler|Close Combat|p2a: Incineroar\n|-supereffective|p2a: Incineroar\n|-crit|p2a: Incineroar\n|-damage|p2a: Incineroar|0 fnt\n|-unboost|p1a: Sneasler|def|1\n|-unboost|p1a: Sneasler|spd|1\n|faint|p2a: Incineroar\n|-enditem|p1a: Sneasler|White Herb\n|-clearnegativeboost|p1a: Sneasler|[silent]\n|\n|upkeep\n|inactive|Time left: 300 sec this turn | 300 sec total | 5 sec grace\n|\n|t:|1783554159\n|switch|p2a: Spiritomb|Spiritomb, L89, M|234/234\n|turn|8\n|inactive|Time left: 300 sec this turn | 300 sec total\n|\n|t:|1783554160\n|move|p1a: Sneasler|Acrobatics|p2a: Spiritomb\n|-damage|p2a: Spiritomb|176/234\n|move|p2a: Spiritomb|Foul Play|p1a: Sneasler\n|-resisted|p1a: Sneasler\n|-damage|p1a: Sneasler|62/100\n|\n|-heal|p2a: Spiritomb|190/234|[from] item: Leftovers\n|upkeep\n|turn|9\n|inactive|Time left: 300 sec this turn | 300 sec total\n|\n|t:|1783554161\n|move|p1a: Sneasler|Acrobatics|p2a: Spiritomb\n|-damage|p2a: Spiritomb|131/234\n|move|p2a: Spiritomb|Foul Play|p1a: Sneasler\n|-resisted|p1a: Sneasler\n|-damage|p1a: Sneasler|27/100\n|\n|-heal|p2a: Spiritomb|145/234|[from] item: Leftovers\n|upkeep\n|turn|10\n|inactive|Time left: 300 sec this turn | 300 sec total\n|\n|t:|1783554162\n|move|p1a: Sneasler|Acrobatics|p2a: Spiritomb\n|-damage|p2a: Spiritomb|86/234\n|move|p2a: Spiritomb|Foul Play|p1a: Sneasler\n|-resisted|p1a: Sneasler\n|-damage|p1a: Sneasler|0 fnt\n|faint|p1a: Sneasler\n|\n|-heal|p2a: Spiritomb|100/234|[from] item: Leftovers\n|upkeep\n|\n|t:|1783554163\n|switch|p1a: Rillaboom|Rillaboom, L79, M|100/100\n|-fieldstart|move: Grassy Terrain|[from] ability: Grassy Surge|[of] p1a: Rillaboom\n|turn|11\n|inactive|Time left: 300 sec this turn | 300 sec total\n|\n|t:|1783554164\n|switch|p2a: Meganium|Meganium, L90, F|290/290\n|move|p1a: Rillaboom|Wood Hammer|p2a: Meganium\n|-resisted|p2a: Meganium\n|-damage|p2a: Meganium|189/290\n|-damage|p1a: Rillaboom|89/100|[from] Recoil\n|-damage|p1a: Rillaboom|79/100|[from] item: Life Orb\n|\n|-heal|p2a: Meganium|207/290|[from] Grassy Terrain\n|-heal|p2a: Meganium|225/290|[from] item: Leftovers\n|-heal|p1a: Rillaboom|86/100|[from] Grassy Terrain\n|upkeep\n|turn|12\n|inactive|Time left: 300 sec this turn | 300 sec total\n|\n|t:|1783554165\n|move|p2a: Meganium|Swords Dance|p2a: Meganium\n|-boost|p2a: Meganium|atk|2\n|move|p1a: Rillaboom|Swords Dance|p1a: Rillaboom\n|-boost|p1a: Rillaboom|atk|2\n|\n|-heal|p2a: Meganium|243/290|[from] Grassy Terrain\n|-heal|p2a: Meganium|261/290|[from] item: Leftovers\n|-heal|p1a: Rillaboom|92/100|[from] Grassy Terrain\n|upkeep\n|turn|13\n|inactive|Time left: 300 sec this turn | 300 sec total\n|\n|t:|1783554166\n|move|p2a: Meganium|Knock Off|p1a: Rillaboom\n|-damage|p1a: Rillaboom|38/100\n|-enditem|p1a: Rillaboom|Life Orb|[from] move: Knock Off|[of] p2a: Meganium\n|move|p1a: Rillaboom|Knock Off|p2a: Meganium\n|-damage|p2a: Meganium|139/290\n|-enditem|p2a: Meganium|Leftovers|[from] move: Knock Off|[of] p1a: Rillaboom\n|\n|-heal|p2a: Meganium|157/290|[from] Grassy Terrain\n|-heal|p1a: Rillaboom|44/100|[from] Grassy Terrain\n|upkeep\n|turn|14\n|inactive|Time left: 300 sec this turn | 300 sec total\n|\n|t:|1783554167\n|switch|p1a: Calyrex|Calyrex, L93|100/100\n|-ability|p1a: Calyrex|Unnerve\n|move|p2a: Meganium|Petal Blizzard|p1a: Calyrex\n|-resisted|p1a: Calyrex\n|-damage|p1a: Calyrex|62/100\n|\n|-heal|p1a: Calyrex|68/100|[from] Grassy Terrain\n|-heal|p1a: Calyrex|74/100|[from] item: Leftovers\n|-heal|p2a: Meganium|175/290|[from] Grassy Terrain\n|upkeep\n|turn|15\n|inactive|Time left: 300 sec this turn | 300 sec total\n|\n|t:|1783554168\n|move|p1a: Calyrex|Psyshock|p2a: Meganium\n|-damage|p2a: Meganium|102/290\n|move|p2a: Meganium|Knock Off|p1a: Calyrex\n|-supereffective|p1a: Calyrex\n|-damage|p1a: Calyrex|0 fnt\n|-enditem|p1a: Calyrex|Leftovers|[from] move: Knock Off|[of] p2a: Meganium\n|faint|p1a: Calyrex\n|\n|-heal|p2a: Meganium|120/290|[from] Grassy Terrain\n|-fieldend|move: Grassy Terrain\n|upkeep\n|\n|t:|1783554169\n|switch|p1a: Wyrdeer|Wyrdeer, L87, F|100/100\n|-ability|p1a: Wyrdeer|Intimidate|boost\n|-unboost|p2a: Meganium|atk|1\n|turn|16\n|inactive|Time left: 300 sec this turn | 300 sec total\n|\n|t:|1783554170\n|move|p2a: Meganium|Knock Off|p1a: Wyrdeer\n|-supereffective|p1a: Wyrdeer\n|-damage|p1a: Wyrdeer|29/100\n|-enditem|p1a: Wyrdeer|Assault Vest|[from] move: Knock Off|[of] p2a: Meganium\n|move|p1a: Wyrdeer|Megahorn|p2a: Meganium\n|-supereffective|p2a: Meganium\n|-damage|p2a: Meganium|0 fnt\n|faint|p2a: Meganium\n|\n|upkeep\n|inactive|Time left: 300 sec this turn | 300 sec total | 5 sec grace\n|\n|t:|1783554171\n|switch|p2a: Breloom|Breloom, L83, M|235/235\n|turn|17\n|inactive|Time left: 300 sec this turn | 300 sec total\n|\n|t:|1783554172\n|move|p2a: Breloom|Bullet Seed|p1a: Wyrdeer\n|-damage|p1a: Wyrdeer|5/100\n|-damage|p1a: Wyrdeer|0 fnt\n|faint|p1a: Wyrdeer\n|-hitcount|p1: Wyrdeer|2\n|-damage|p2a: Breloom|212/235|[from] item: Life Orb\n|\n|upkeep\n|\n|t:|1783554173\n|switch|p1a: Iron Treads|Iron Treads, L77|100/100\n|turn|18\n|inactive|Time left: 300 sec this turn | 300 sec total\n|\n|t:|1783554174\n|move|p2a: Breloom|Mach Punch|p1a: Iron Treads\n|-supereffective|p1a: Iron Treads\n|-damage|p1a: Iron Treads|30/100\n|-damage|p2a: Breloom|189/235|[from] item: Life Orb\n|move|p1a: Iron Treads|Iron Head|p2a: Breloom\n|-damage|p2a: Breloom|104/235\n|\n|upkeep\n|turn|19\n|inactive|Time left: 300 sec this turn | 300 sec total\n|\n|t:|1783554175\n|move|p2a: Breloom|Mach Punch|p1a: Iron Treads\n|-supereffective|p1a: Iron Treads\n|-damage|p1a: Iron Treads|0 fnt\n|faint|p1a: Iron Treads\n|-end|p1a: Iron Treads|Quark Drive|[silent]\n|-damage|p2a: Breloom|81/235|[from] item: Life Orb\n|\n|upkeep\n|\n|t:|1783554176\n|switch|p1a: Rillaboom|Rillaboom, L79, M|44/100\n|-fieldstart|move: Grassy Terrain|[from] ability: Grassy Surge|[of] p1a: Rillaboom\n|turn|20\n|inactive|Time left: 300 sec this turn | 300 sec total\n|\n|t:|1783554177\n|move|p1a: Rillaboom|Knock Off|p2a: Breloom\n|-resisted|p2a: Breloom\n|-damage|p2a: Breloom|39/235\n|-enditem|p2a: Breloom|Life Orb|[from] move: Knock Off|[of] p1a: Rillaboom\n|move|p2a: Breloom|Bullet Seed|p1a: Rillaboom\n|-resisted|p1a: Rillaboom\n|-damage|p1a: Rillaboom|33/100\n|-resisted|p1a: Rillaboom\n|-damage|p1a: Rillaboom|22/100\n|-hitcount|p1a: Rillaboom|2\n|\n|-heal|p1a: Rillaboom|28/100|[from] Grassy Terrain\n|-heal|p2a: Breloom|53/235|[from] Grassy Terrain\n|upkeep\n|turn|21\n|inactive|Time left: 300 sec this turn | 300 sec total\n|\n|t:|1783554178\n|-terastallize|p1a: Rillaboom|Grass\n|move|p1a: Rillaboom|Grassy Glide|p2a: Breloom\n|-resisted|p2a: Breloom\n|-damage|p2a: Breloom|0 fnt\n|faint|p2a: Breloom\n|\n|-heal|p1a: Rillaboom|34/100|[from] Grassy Terrain\n|upkeep\n|inactive|Time left: 300 sec this turn | 300 sec total | 5 sec grace\n|\n|t:|1783554179\n|switch|p2a: Haxorus|Haxorus, L77, F|244/244\n|-ability|p2a: Haxorus|Mold Breaker\n|turn|22\n|inactive|Time left: 300 sec this turn | 300 sec total\n|\n|t:|1783554180\n|-terastallize|p2a: Haxorus|Steel\n|move|p1a: Rillaboom|Grassy Glide|p2a: Haxorus\n|-resisted|p2a: Haxorus\n|-damage|p2a: Haxorus|183/244\n|move|p2a: Haxorus|Close Combat|p1a: Rillaboom\n|-damage|p1a: Rillaboom|0 fnt\n|-unboost|p2a: Haxorus|def|1\n|-unboost|p2a: Haxorus|spd|1\n|faint|p1a: Rillaboom\n|\n|win|p0y12231d2e", "uploadtime": 1783554180, "views": 0, "rating": 0, "private": 0, "password": null, "_winner": "p0y12231d2e", "_our_name": "p0y12231d2e"}