{"id": "battle-gen9randombattle-1607", "formatid": "gen9randombattle", "format": "[Gen 9] Random Battle", "players": ["p0x16078821", "p0y16077241"], "log": "|init|battle\n|title|p0x16078821 vs. p0y16077241\n|j|\u2606p0x16078821\n|j|\u2606p0y16077241\n|t:|1783558600\n|gametype|singles\n|player|p1|p0x16078821|265|\n|player|p2|p0y16077241|266|\n|gen|9\n|tier|[Gen 9] Random Battle\n|rule|Species Clause: Limit one of each Pok\u00e9mon\n|rule|HP Percentage Mod: HP is shown in percentages\n|rule|Sleep Clause Mod: Limit one foe put to sleep\n|rule|Illusion Level Mod: Illusion disguises the Pok\u00e9mon's true level\n|\n|t:|1783558600\n|teamsize|p1|6\n|teamsize|p2|6\n|start\n|switch|p1a: Hitmontop|Hitmontop, L88, M|231/231\n|switch|p2a: Crabominable|Crabominable, L90, F|100/100\n|turn|1\n|inactive|Battle timer is ON: inactive players will automatically lose when time's up. (requested by p0x16078821)\n|inactive|p0y16077241 also wants the timer to be on.\n|\n|t:|1783558601\n|move|p1a: Hitmontop|Bulk Up|p1a: Hitmontop\n|-boost|p1a: Hitmontop|atk|1\n|-boost|p1a: Hitmontop|def|1\n|move|p2a: Crabominable|Drain Punch|p1a: Hitmontop\n|-crit|p1a: Hitmontop\n|-damage|p1a: Hitmontop|53/231\n|\n|-heal|p1a: Hitmontop|67/231|[from] item: Leftovers\n|upkeep\n|turn|2\n|inactive|Time left: 300 sec this turn | 300 sec total\n|\n|t:|1783558602\n|-terastallize|p2a: Crabominable|Fighting\n|move|p1a: Hitmontop|Close Combat|p2a: Crabominable\n|-damage|p2a: Crabominable|31/100\n|-unboost|p1a: Hitmontop|def|1\n|-unboost|p1a: Hitmontop|spd|1\n|move|p2a: Crabominable|Drain Punch|p1a: Hitmontop\n|-damage|p1a: Hitmontop|0 fnt\n|-heal|p2a: Crabominable|42/100|[from] drain|[of] p1a: Hitmontop\n|faint|p1a: Hitmontop\n|\n|upkeep\n|inactive|Time left: 300 sec this turn | 300 sec total | 5 sec grace\n|\n|t:|1783558603\n|switch|p1a: Reuniclus|Reuniclus, L88, F|337/337\n|turn|3\n|inactive|Time left: 300 sec this turn | 300 sec total\n|\n|t:|1783558604\n|move|p2a: Crabominable|Knock Off|p1a: Reuniclus\n|-supereffective|p1a: Reuniclus\n|-damage|p1a: Reuniclus|99/337\n|-enditem|p1a: Reuniclus|Life Orb|[from] move: Knock Off|[of] p2a: Crabominable\n|move|p1a: Reuniclus|Psyshock|p2a: Crabominable\n|-supereffective|p2a: Crabominable\n|-damage|p2a: Crabominable|0 fnt\n|faint|p2a: Crabominable\n|\n|upkeep\n|\n|t:|1783558605\n|switch|p2a: Araquanid|Araquanid, L82, M|100/100\n|turn|4\n|inactive|Time left: 300 sec this turn | 300 sec total\n|\n|t:|1783558605\n|move|p2a: Araquanid|Sticky Web|p1a: Reuniclus\n|-sidestart|p1: p0x16078821|move: Sticky Web\n|move|p1a: Reuniclus|Psyshock|p2a: Araquanid\n|-damage|p2a: Araquanid|54/100\n|\n|upkeep\n|turn|5\n|inactive|Time left: 300 sec this turn | 300 sec total\n|\n|t:|1783558606\n|move|p2a: Araquanid|Liquidation|p1a: Reuniclus\n|-damage|p1a: Reuniclus|0 fnt\n|faint|p1a: Reuniclus\n|\n|upkeep\n|inactive|Time left: 300 sec this turn | 300 sec total | 5 sec grace\n|\n|t:|1783558607\n|switch|p1a: Raikou|Raikou, L81|278/278\n|-ability|p1a: Raikou|Pressure\n|turn|6\n|inactive|Time left: 300 sec this turn | 300 sec total\n|\n|t:|1783558608\n|switch|p2a: Rillaboom|Rillaboom, L79, F|100/100\n|-fieldstart|move: Grassy Terrain|[from] ability: Grassy Surge|[of] p2a: Rillaboom\n|move|p1a: Raikou|Thunderbolt|p2a: Rillaboom\n|-resisted|p2a: Rillaboom\n|-damage|p2a: Rillaboom|78/100\n|\n|-heal|p2a: Rillaboom|85/100|[from] Grassy Terrain\n|upkeep\n|turn|7\n|inactive|Time left: 300 sec this turn | 300 sec total\n|\n|t:|1783558609\n|switch|p1a: Meganium|Meganium, L90, M|290/290\n|-activate|p1a: Meganium|move: Sticky Web\n|-unboost|p1a: Meganium|spe|1\n|move|p2a: Rillaboom|Swords Dance|p2a: Rillaboom\n|-boost|p2a: Rillaboom|atk|2\n|\n|-heal|p2a: Rillaboom|91/100|[from] Grassy Terrain\n|upkeep\n|turn|8\n|inactive|Time left: 300 sec this turn | 300 sec total\n|\n|t:|1783558610\n|move|p2a: Rillaboom|Knock Off|p1a: Meganium\n|-crit|p1a: Meganium\n|-damage|p1a: Meganium|42/290\n|-enditem|p1a: Meganium|Leftovers|[from] move: Knock Off|[of] p2a: Rillaboom\n|-damage|p2a: Rillaboom|81/100|[from] item: Life Orb\n|move|p1a: Meganium|Knock Off|p2a: Rillaboom\n|-damage|p2a: Rillaboom|55/100\n|-enditem|p2a: Rillaboom|Life Orb|[from] move: Knock Off|[of] p1a: Meganium\n|\n|-heal|p2a: Rillaboom|61/100|[from] Grassy Terrain\n|-heal|p1a: Meganium|60/290|[from] Grassy Terrain\n|upkeep\n|turn|9\n|inactive|Time left: 300 sec this turn | 300 sec total\n|\n|t:|1783558611\n|move|p2a: Rillaboom|Knock Off|p1a: Meganium\n|-damage|p1a: Meganium|0 fnt\n|faint|p1a: Meganium\n|\n|-heal|p2a: Rillaboom|68/100|[from] Grassy Terrain\n|upkeep\n|inactive|Time left: 300 sec this turn | 300 sec total | 5 sec grace\n|\n|t:|1783558612\n|switch|p1a: Slowking|Slowking-Galar, L85, F|300/300\n|-activate|p1a: Slowking|move: Sticky Web\n|-unboost|p1a: Slowking|spe|1\n|turn|10\n|inactive|Time left: 300 sec this turn | 300 sec total\n|\n|t:|1783558613\n|-terastallize|p1a: Slowking|Dark\n|move|p2a: Rillaboom|Knock Off|p1a: Slowking\n|-resisted|p1a: Slowking\n|-damage|p1a: Slowking|216/300\n|-enditem|p1a: Slowking|Assault Vest|[from] move: Knock Off|[of] p2a: Rillaboom\n|move|p1a: Slowking|Sludge Bomb|p2a: Rillaboom\n|-supereffective|p2a: Rillaboom\n|-damage|p2a: Rillaboom|0 fnt\n|faint|p2a: Rillaboom\n|\n|-heal|p1a: Slowking|234/300|[from] Grassy Terrain\n|-fieldend|move: Grassy Terrain\n|upkeep\n|\n|t:|1783558614\n|switch|p2a: Araquanid|Araquanid, L82, M|54/100\n|turn|11\n|inactive|Time left: 300 sec this turn | 300 sec total\n|\n|t:|1783558615\n|switch|p1a: Raikou|Raikou, L81|278/278\n|-ability|p1a: Raikou|Pressure\n|move|p2a: Araquanid|Leech Life|p1a: Raikou\n|-damage|p1a: Raikou|211/278\n|-heal|p2a: Araquanid|68/100|[from] drain|[of] p1a: Raikou\n|\n|upkeep\n|turn|12\n|inactive|Time left: 300 sec this turn | 300 sec total\n|\n|t:|1783558616\n|move|p1a: Raikou|Thunderbolt|p2a: Araquanid\n|-supereffective|p2a: Araquanid\n|-damage|p2a: Araquanid|9/100\n|move|p2a: Araquanid|Liquidation|p1a: Raikou\n|-damage|p1a: Raikou|64/278\n|\n|upkeep\n|turn|13\n|inactive|Time left: 300 sec this turn | 300 sec total\n|\n|t:|1783558617\n|move|p1a: Raikou|Thunderbolt|p2a: Araquanid\n|-supereffective|p2a: Araquanid\n|-damage|p2a: Araquanid|0 fnt\n|faint|p2a: Araquanid\n|\n|upkeep\n|\n|t:|1783558618\n|switch|p2a: Bruxish|Bruxish, L85, M|100/100\n|turn|14\n|inactive|Time left: 300 sec this turn | 300 sec total\n|\n|t:|1783558619\n|move|p2a: Bruxish|Wave Crash|p1a: Raikou\n|-damage|p1a: Raikou|0 fnt\n|faint|p1a: Raikou\n|-damage|p2a: Bruxish|92/100|[from] Recoil\n|\n|upkeep\n|inactive|Time left: 300 sec this turn | 300 sec total | 5 sec grace\n|\n|t:|1783558620\n|switch|p1a: Slowking|Slowking-Galar, L85, F, tera:Dark|300/300\n|-activate|p1a: Slowking|move: Sticky Web\n|-unboost|p1a: Slowking|spe|1\n|turn|15\n|inactive|Time left: 300 sec this turn | 300 sec total\n|\n|t:|1783558621\n|switch|p2a: Lugia|Lugia, L73|100/100\n|move|p1a: Slowking|Sludge Bomb|p2a: Lugia\n|-damage|p2a: Lugia|85/100\n|\n|upkeep\n|turn|16\n|inactive|Time left: 300 sec this turn | 300 sec total\n|\n|t:|1783558622\n|move|p2a: Lugia|Calm Mind|p2a: Lugia\n|-boost|p2a: Lugia|spa|1\n|-boost|p2a: Lugia|spd|1\n|move|p1a: Slowking|Sludge Bomb|p2a: Lugia\n|-damage|p2a: Lugia|64/100\n|\n|upkeep\n|turn|17\n|inactive|Time left: 300 sec this turn | 300 sec total\n|\n|t:|1783558623\n|move|p2a: Lugia|Calm Mind|p2a: Lugia\n|-boost|p2a: Lugia|spa|1\n|-boost|p2a: Lugia|spd|1\n|move|p1a: Slowking|Sludge Bomb|p2a: Lugia\n|-damage|p2a: Lugia|50/100\n|\n|upkeep\n|turn|18\n|inactive|Time left: 300 sec this turn | 300 sec total\n|\n|t:|1783558624\n|move|p2a: Lugia|Recover|p2a: Lugia\n|-heal|p2a: Lugia|99/100\n|move|p1a: Slowking|Sludge Bomb|p2a: Lugia\n|-damage|p2a: Lugia|84/100\n|-status|p2a: Lugia|psn\n|\n|-damage|p2a: Lugia|72/100 psn|[from] psn\n|upkeep\n|turn|19\n|inactive|Time left: 300 sec this turn | 300 sec total\n|\n|t:|1783558625\n|move|p2a: Lugia|Aeroblast|p1a: Slowking\n|-damage|p1a: Slowking|176/300\n|move|p1a: Slowking|Future Sight|p2a: Lugia\n|-start|p1a: Slowking|move: Future Sight\n|\n|-damage|p2a: Lugia|60/100 psn|[from] psn\n|upkeep\n|turn|20\n|inactive|Time left: 300 sec this turn | 300 sec total\n|\n|t:|1783558626\n|move|p2a: Lugia|Recover|p2a: Lugia\n|-heal|p2a: Lugia|100/100 psn\n|move|p1a: Slowking|Psychic Noise|p2a: Lugia\n|-resisted|p2a: Lugia\n|-damage|p2a: Lugia|98/100 psn\n|-start|p2a: Lugia|move: Heal Block\n|\n|-damage|p2a: Lugia|86/100 psn|[from] psn\n|upkeep\n|turn|21\n|inactive|Time left: 300 sec this turn | 300 sec total\n|\n|t:|1783558627\n|move|p2a: Lugia|Aeroblast|p1a: Slowking|[miss]\n|-miss|p2a: Lugia|p1a: Slowking\n|move|p1a: Slowking|Sludge Bomb|p2a: Lugia\n|-damage|p2a: Lugia|71/100 psn\n|\n|-end|p2a: Lugia|move: Future Sight\n|-resisted|p2a: Lugia\n|-damage|p2a: Lugia|61/100 psn\n|-damage|p2a: Lugia|49/100 psn|[from] psn\n|-end|p2a: Lugia|move: Heal Block\n|upkeep\n|turn|22\n|inactive|Time left: 300 sec this turn | 300 sec total\n|\n|t:|1783558628\n|move|p2a: Lugia|Recover|p2a: Lugia\n|-heal|p2a: Lugia|99/100 psn\n|move|p1a: Slowking|Sludge Bomb|p2a: Lugia\n|-damage|p2a: Lugia|86/100 psn\n|\n|-damage|p2a: Lugia|73/100 psn|[from] psn\n|upkeep\n|turn|23\n|inactive|Time left: 300 sec this turn | 300 sec total\n|\n|t:|1783558629\n|move|p2a: Lugia|Aeroblast|p1a: Slowking|[miss]\n|-miss|p2a: Lugia|p1a: Slowking\n|move|p1a: Slowking|Psychic Noise|p2a: Lugia\n|-resisted|p2a: Lugia\n|-damage|p2a: Lugia|67/100 psn\n|-start|p2a: Lugia|move: Heal Block\n|\n|-damage|p2a: Lugia|54/100 psn|[from] psn\n|upkeep\n|turn|24\n|inactive|Time left: 300 sec this turn | 300 sec total\n|\n|t:|1783558630\n|move|p2a: Lugia|Aeroblast|p1a: Slowking\n|-damage|p1a: Slowking|53/300\n|move|p1a: Slowking|Future Sight|p2a: Lugia\n|-start|p1a: Slowking|move: Future Sight\n|\n|-damage|p2a: Lugia|42/100 psn|[from] psn\n|-end|p2a: Lugia|move: Heal Block\n|upkeep\n|turn|25\n|inactive|Time left: 300 sec this turn | 300 sec total\n|\n|t:|1783558631\n|switch|p1a: Gengar|Gengar, L81, M|230/230\n|-activate|p1a: Gengar|move: Sticky Web\n|-unboost|p1a: Gengar|spe|1\n|move|p2a: Lugia|Recover|p2a: Lugia\n|-heal|p2a: Lugia|92/100 psn\n|\n|-damage|p2a: Lugia|80/100 psn|[from] psn\n|upkeep\n|turn|26\n|inactive|Time left: 300 sec this turn | 300 sec total\n|\n|t:|1783558632\n|switch|p1a: Slowking|Slowking-Galar, L85, F, tera:Dark|153/300\n|-activate|p1a: Slowking|move: Sticky Web\n|-unboost|p1a: Slowking|spe|1\n|move|p2a: Lugia|Aeroblast|p1a: Slowking\n|-damage|p1a: Slowking|30/300\n|\n|-end|p2a: Lugia|move: Future Sight\n|-resisted|p2a: Lugia\n|-damage|p2a: Lugia|70/100 psn\n|-damage|p2a: Lugia|57/100 psn|[from] psn\n|upkeep\n|turn|27\n|inactive|Time left: 300 sec this turn | 300 sec total\n|\n|t:|1783558633\n|switch|p1a: Gengar|Gengar, L81, M|230/230\n|-activate|p1a: Gengar|move: Sticky Web\n|-unboost|p1a: Gengar|spe|1\n|move|p2a: Lugia|Aeroblast|p1a: Gengar\n|-damage|p1a: Gengar|52/230\n|\n|-damage|p2a: Lugia|45/100 psn|[from] psn\n|upkeep\n|turn|28\n|inactive|Time left: 300 sec this turn | 300 sec total\n|\n|t:|1783558634\n|move|p2a: Lugia|Aeroblast|p1a: Gengar\n|-damage|p1a: Gengar|0 fnt\n|faint|p1a: Gengar\n|\n|-damage|p2a: Lugia|32/100 psn|[from] psn\n|upkeep\n|inactive|Time left: 300 sec this turn | 300 sec total | 5 sec grace\n|\n|t:|1783558635\n|switch|p1a: Slowking|Slowking-Galar, L85, F, tera:Dark|130/300\n|-activate|p1a: Slowking|move: Sticky Web\n|-unboost|p1a: Slowking|spe|1\n|turn|29\n|inactive|Time left: 300 sec this turn | 300 sec total\n|\n|t:|1783558636\n|move|p2a: Lugia|Calm Mind|p2a: Lugia\n|-boost|p2a: Lugia|spa|1\n|-boost|p2a: Lugia|spd|1\n|move|p1a: Slowking|Psychic Noise|p2a: Lugia\n|-resisted|p2a: Lugia\n|-damage|p2a: Lugia|27/100 psn\n|-start|p2a: Lugia|move: Heal Block\n|\n|-damage|p2a: Lugia|15/100 psn|[from] psn\n|upkeep\n|turn|30\n|inactive|Time left: 300 sec this turn | 300 sec total\n|\n|t:|1783558637\n|move|p2a: Lugia|Aeroblast|p1a: Slowking\n|-damage|p1a: Slowking|0 fnt\n|faint|p1a: Slowking\n|\n|win|p0y16077241", "uploadtime": 1783558637, "views": 0, "rating": 0, "private": 0, "password": null, "_winner": "p0y16077241", "_our_name": "p0x16078821"}