{"id": "battle-gen9randombattle-2634", "formatid": "gen9randombattle", "format": "[Gen 9] Random Battle", "players": ["p0x2634f908", "p0y2634b1a3"], "log": "|init|battle\n|title|p0x2634f908 vs. p0y2634b1a3\n|j|\u2606p0x2634f908\n|j|\u2606p0y2634b1a3\n|t:|1783570410\n|gametype|singles\n|player|p1|p0x2634f908|2|\n|player|p2|p0y2634b1a3|1|\n|gen|9\n|tier|[Gen 9] Random Battle\n|rule|Species Clause: Limit one of each Pok\u00e9mon\n|rule|HP Percentage Mod: HP is shown in percentages\n|rule|Sleep Clause Mod: Limit one foe put to sleep\n|rule|Illusion Level Mod: Illusion disguises the Pok\u00e9mon's true level\n|\n|t:|1783570410\n|teamsize|p1|6\n|teamsize|p2|6\n|start\n|switch|p1a: Misdreavus|Misdreavus, L90, M|100/100\n|switch|p2a: Leavanny|Leavanny, L86, M|269/269\n|turn|1\n|inactive|Battle timer is ON: inactive players will automatically lose when time's up. (requested by p0y2634b1a3)\n|inactive|p0x2634f908 also wants the timer to be on.\n|\n|t:|1783570411\n|move|p2a: Leavanny|Sticky Web|p1a: Misdreavus\n|-sidestart|p1: p0x2634f908|move: Sticky Web\n|move|p1a: Misdreavus|Will-O-Wisp|p2a: Leavanny\n|-status|p2a: Leavanny|brn\n|\n|-damage|p2a: Leavanny|253/269 brn|[from] brn\n|upkeep\n|turn|2\n|inactive|Time left: 300 sec this turn | 300 sec total\n|\n|t:|1783570412\n|move|p2a: Leavanny|Knock Off|p1a: Misdreavus\n|-supereffective|p1a: Misdreavus\n|-damage|p1a: Misdreavus|77/100\n|-enditem|p1a: Misdreavus|Eviolite|[from] move: Knock Off|[of] p2a: Leavanny\n|move|p1a: Misdreavus|Calm Mind|p1a: Misdreavus\n|-boost|p1a: Misdreavus|spa|1\n|-boost|p1a: Misdreavus|spd|1\n|\n|-damage|p2a: Leavanny|237/269 brn|[from] brn\n|upkeep\n|turn|3\n|inactive|Time left: 300 sec this turn | 300 sec total\n|\n|t:|1783570413\n|switch|p2a: Girafarig|Girafarig, L89, F|269/269\n|move|p1a: Misdreavus|Draining Kiss|p2a: Girafarig\n|-damage|p2a: Girafarig|229/269\n|-heal|p1a: Misdreavus|89/100|[from] drain|[of] p2a: Girafarig\n|\n|upkeep\n|turn|4\n|inactive|Time left: 300 sec this turn | 300 sec total\n|\n|t:|1783570414\n|move|p1a: Misdreavus|Calm Mind|p1a: Misdreavus\n|-boost|p1a: Misdreavus|spa|1\n|-boost|p1a: Misdreavus|spd|1\n|move|p2a: Girafarig|Nasty Plot|p2a: Girafarig\n|-boost|p2a: Girafarig|spa|2\n|\n|upkeep\n|turn|5\n|inactive|Time left: 300 sec this turn | 300 sec total\n|\n|t:|1783570415\n|move|p1a: Misdreavus|Draining Kiss|p2a: Girafarig\n|-damage|p2a: Girafarig|174/269\n|-heal|p1a: Misdreavus|100/100|[from] drain|[of] p2a: Girafarig\n|move|p2a: Girafarig|Psyshock|p1a: Misdreavus\n|-damage|p1a: Misdreavus|21/100\n|\n|upkeep\n|turn|6\n|inactive|Time left: 300 sec this turn | 300 sec total\n|\n|t:|1783570416\n|move|p1a: Misdreavus|Draining Kiss|p2a: Girafarig\n|-damage|p2a: Girafarig|117/269\n|-heal|p1a: Misdreavus|38/100|[from] drain|[of] p2a: Girafarig\n|move|p2a: Girafarig|Psyshock|p1a: Misdreavus\n|-damage|p1a: Misdreavus|0 fnt\n|faint|p1a: Misdreavus\n|\n|upkeep\n|\n|t:|1783570417\n|switch|p1a: Great Tusk|Great Tusk, L77|100/100\n|-activate|p1a: Great Tusk|move: Sticky Web\n|-unboost|p1a: Great Tusk|spe|1\n|turn|7\n|inactive|Time left: 300 sec this turn | 300 sec total\n|\n|t:|1783570418\n|move|p2a: Girafarig|Hyper Voice|p1a: Great Tusk\n|-damage|p1a: Great Tusk|34/100\n|move|p1a: Great Tusk|Rapid Spin|p2a: Girafarig\n|-damage|p2a: Girafarig|88/269\n|-boost|p1a: Great Tusk|spe|1\n|-sideend|p1: p0x2634f908|Sticky Web|[from] move: Rapid Spin|[of] p1a: Great Tusk\n|\n|upkeep\n|turn|8\n|inactive|Time left: 300 sec this turn | 300 sec total\n|\n|t:|1783570419\n|-end|p1a: Great Tusk|Protosynthesis|[silent]\n|switch|p1a: Probopass|Probopass, L91, F|100/100\n|move|p2a: Girafarig|Psyshock|p1a: Probopass\n|-resisted|p1a: Probopass\n|-damage|p1a: Probopass|79/100\n|\n|-heal|p1a: Probopass|86/100|[from] item: Leftovers\n|upkeep\n|turn|9\n|inactive|Time left: 300 sec this turn | 300 sec total\n|\n|t:|1783570420\n|move|p2a: Girafarig|Psyshock|p1a: Probopass\n|-resisted|p1a: Probopass\n|-damage|p1a: Probopass|64/100\n|move|p1a: Probopass|Body Press|p2a: Girafarig\n|-damage|p2a: Girafarig|18/269\n|\n|-heal|p1a: Probopass|70/100|[from] item: Leftovers\n|upkeep\n|turn|10\n|inactive|Time left: 300 sec this turn | 300 sec total\n|\n|t:|1783570421\n|switch|p2a: Leavanny|Leavanny, L86, M|237/269 brn\n|move|p1a: Probopass|Body Press|p2a: Leavanny\n|-resisted|p2a: Leavanny\n|-damage|p2a: Leavanny|189/269 brn\n|\n|-heal|p1a: Probopass|76/100|[from] item: Leftovers\n|-damage|p2a: Leavanny|173/269 brn|[from] brn\n|upkeep\n|turn|11\n|inactive|Time left: 300 sec this turn | 300 sec total\n|\n|t:|1783570422\n|switch|p1a: Great Tusk|Great Tusk, L77|34/100\n|move|p2a: Leavanny|Sticky Web|p1a: Great Tusk\n|-sidestart|p1: p0x2634f908|move: Sticky Web\n|\n|-damage|p2a: Leavanny|157/269 brn|[from] brn\n|upkeep\n|turn|12\n|inactive|Time left: 300 sec this turn | 300 sec total\n|\n|t:|1783570422\n|switch|p2a: Brambleghast|Brambleghast, L88, M|240/240\n|move|p1a: Great Tusk|Rapid Spin|p2a: Brambleghast\n|-immune|p2a: Brambleghast\n|\n|upkeep\n|turn|13\n|inactive|Time left: 300 sec this turn | 300 sec total\n|\n|t:|1783570423\n|move|p2a: Brambleghast|Power Whip|p1a: Great Tusk\n|-supereffective|p1a: Great Tusk\n|-damage|p1a: Great Tusk|0 fnt\n|faint|p1a: Great Tusk\n|-end|p1a: Great Tusk|Protosynthesis|[silent]\n|\n|upkeep\n|\n|t:|1783570424\n|switch|p1a: Luxray|Luxray, L88, M|100/100\n|-activate|p1a: Luxray|move: Sticky Web\n|-unboost|p1a: Luxray|spe|1\n|-ability|p1a: Luxray|Intimidate|boost\n|-unboost|p2a: Brambleghast|atk|1\n|turn|14\n|inactive|Time left: 300 sec this turn | 300 sec total\n|\n|t:|1783570425\n|move|p2a: Brambleghast|Power Whip|p1a: Luxray\n|-damage|p1a: Luxray|60/100\n|move|p1a: Luxray|Play Rough|p2a: Brambleghast\n|-damage|p2a: Brambleghast|147/240\n|\n|-heal|p2a: Brambleghast|162/240|[from] item: Leftovers\n|upkeep\n|turn|15\n|inactive|Time left: 300 sec this turn | 300 sec total\n|\n|t:|1783570426\n|move|p2a: Brambleghast|Strength Sap|p1a: Luxray\n|-unboost|p1a: Luxray|atk|1\n|-heal|p2a: Brambleghast|240/240\n|move|p1a: Luxray|Volt Switch|p2a: Brambleghast\n|-resisted|p2a: Brambleghast\n|-damage|p2a: Brambleghast|197/240\n|\n|t:|1783570427\n|switch|p1a: Probopass|Probopass, L91, F|76/100|[from] Volt Switch\n|-activate|p1a: Probopass|move: Sticky Web\n|-unboost|p1a: Probopass|spe|1\n|\n|-heal|p2a: Brambleghast|212/240|[from] item: Leftovers\n|-heal|p1a: Probopass|82/100|[from] item: Leftovers\n|upkeep\n|turn|16\n|inactive|Time left: 300 sec this turn | 300 sec total\n|\n|t:|1783570428\n|move|p2a: Brambleghast|Strength Sap|p1a: Probopass\n|-unboost|p1a: Probopass|atk|1\n|-heal|p2a: Brambleghast|240/240\n|move|p1a: Probopass|Power Gem|p2a: Brambleghast\n|-damage|p2a: Brambleghast|152/240\n|\n|-heal|p2a: Brambleghast|167/240|[from] item: Leftovers\n|-heal|p1a: Probopass|88/100|[from] item: Leftovers\n|upkeep\n|turn|17\n|inactive|Time left: 300 sec this turn | 300 sec total\n|\n|t:|1783570429\n|move|p2a: Brambleghast|Strength Sap|p1a: Probopass\n|-unboost|p1a: Probopass|atk|1\n|-heal|p2a: Brambleghast|237/240\n|move|p1a: Probopass|Flash Cannon|p2a: Brambleghast\n|-damage|p2a: Brambleghast|140/240\n|\n|-heal|p2a: Brambleghast|155/240|[from] item: Leftovers\n|-heal|p1a: Probopass|95/100|[from] item: Leftovers\n|upkeep\n|turn|18\n|inactive|Time left: 300 sec this turn | 300 sec total\n|\n|t:|1783570430\n|switch|p1a: Granbull|Granbull, L88, F|100/100\n|-activate|p1a: Granbull|move: Sticky Web\n|-unboost|p1a: Granbull|spe|1\n|-ability|p1a: Granbull|Intimidate|boost\n|-unboost|p2a: Brambleghast|atk|1\n|move|p2a: Brambleghast|Strength Sap|p1a: Granbull\n|-unboost|p1a: Granbull|atk|1\n|-heal|p2a: Brambleghast|240/240\n|\n|upkeep\n|turn|19\n|inactive|Time left: 300 sec this turn | 300 sec total\n|\n|t:|1783570431\n|switch|p2a: Ceruledge|Ceruledge, L78, F|245/245\n|switch|p1a: Probopass|Probopass, L91, F|95/100\n|-activate|p1a: Probopass|move: Sticky Web\n|-unboost|p1a: Probopass|spe|1\n|\n|-heal|p1a: Probopass|100/100|[from] item: Leftovers\n|upkeep\n|turn|20\n|inactive|Time left: 300 sec this turn | 300 sec total\n|\n|t:|1783570432\n|move|p2a: Ceruledge|Swords Dance|p2a: Ceruledge\n|-boost|p2a: Ceruledge|atk|2\n|move|p1a: Probopass|Power Gem|p2a: Ceruledge\n|-supereffective|p2a: Ceruledge\n|-damage|p2a: Ceruledge|95/245\n|\n|upkeep\n|turn|21\n|inactive|Time left: 300 sec this turn | 300 sec total\n|\n|t:|1783570432\n|-terastallize|p2a: Ceruledge|Fire\n|move|p2a: Ceruledge|Bitter Blade|p1a: Probopass\n|-damage|p1a: Probopass|31/100\n|-heal|p2a: Ceruledge|184/245|[from] drain|[of] p1a: Probopass\n|move|p1a: Probopass|Power Gem|p2a: Ceruledge\n|-supereffective|p2a: Ceruledge\n|-damage|p2a: Ceruledge|22/245\n|\n|-heal|p1a: Probopass|37/100|[from] item: Leftovers\n|upkeep\n|turn|22\n|inactive|Time left: 300 sec this turn | 300 sec total\n|\n|t:|1783570433\n|move|p2a: Ceruledge|Bitter Blade|p1a: Probopass\n|-damage|p1a: Probopass|0 fnt\n|-heal|p2a: Ceruledge|70/245|[from] drain|[of] p1a: Probopass\n|faint|p1a: Probopass\n|\n|upkeep\n|\n|t:|1783570434\n|switch|p1a: Manaphy|Manaphy, L78|100/100\n|-activate|p1a: Manaphy|move: Sticky Web\n|-unboost|p1a: Manaphy|spe|1\n|turn|23\n|inactive|Time left: 300 sec this turn | 300 sec total\n|\n|t:|1783570435\n|move|p2a: Ceruledge|Poltergeist|p1a: Manaphy\n|-activate|p1a: Manaphy|move: Poltergeist|Leftovers\n|-damage|p1a: Manaphy|15/100\n|move|p1a: Manaphy|Surf|p2a: Ceruledge\n|-supereffective|p2a: Ceruledge\n|-damage|p2a: Ceruledge|0 fnt\n|faint|p2a: Ceruledge\n|\n|-heal|p1a: Manaphy|21/100|[from] item: Leftovers\n|upkeep\n|inactive|Time left: 300 sec this turn | 300 sec total | 5 sec grace\n|\n|t:|1783570436\n|switch|p2a: Girafarig|Girafarig, L89, F|18/269\n|turn|24\n|inactive|Time left: 300 sec this turn | 300 sec total\n|\n|t:|1783570437\n|switch|p1a: Luxray|Luxray, L88, M|60/100\n|-activate|p1a: Luxray|move: Sticky Web\n|-unboost|p1a: Luxray|spe|1\n|-ability|p1a: Luxray|Intimidate|boost\n|-unboost|p2a: Girafarig|atk|1\n|move|p2a: Girafarig|Hyper Voice|p1a: Luxray\n|-damage|p1a: Luxray|36/100\n|\n|upkeep\n|turn|25\n|inactive|Time left: 300 sec this turn | 300 sec total\n|\n|t:|1783570438\n|move|p2a: Girafarig|Psyshock|p1a: Luxray\n|-damage|p1a: Luxray|5/100\n|move|p1a: Luxray|Ice Fang|p2a: Girafarig\n|-damage|p2a: Girafarig|0 fnt\n|faint|p2a: Girafarig\n|\n|upkeep\n|inactive|Time left: 300 sec this turn | 300 sec total | 5 sec grace\n|\n|t:|1783570439\n|switch|p2a: Porygon-Z|Porygon-Z, L83|277/277\n|turn|26\n|inactive|Time left: 300 sec this turn | 300 sec total\n|\n|t:|1783570440\n|move|p2a: Porygon-Z|Tri Attack|p1a: Luxray\n|-damage|p1a: Luxray|0 fnt\n|faint|p1a: Luxray\n|\n|upkeep\n|\n|t:|1783570441\n|switch|p1a: Granbull|Granbull, L88, F|100/100\n|-activate|p1a: Granbull|move: Sticky Web\n|-unboost|p1a: Granbull|spe|1\n|-ability|p1a: Granbull|Intimidate|boost\n|-unboost|p2a: Porygon-Z|atk|1\n|turn|27\n|inactive|Time left: 300 sec this turn | 300 sec total\n|\n|t:|1783570442\n|move|p2a: Porygon-Z|Tri Attack|p1a: Granbull\n|-damage|p1a: Granbull|37/100\n|move|p1a: Granbull|Play Rough|p2a: Porygon-Z\n|-damage|p2a: Porygon-Z|120/277\n|\n|-heal|p1a: Granbull|43/100|[from] item: Leftovers\n|upkeep\n|turn|28\n|inactive|Time left: 300 sec this turn | 300 sec total\n|\n|t:|1783570443\n|-terastallize|p1a: Granbull|Ground\n|move|p2a: Porygon-Z|Tri Attack|p1a: Granbull\n|-crit|p1a: Granbull\n|-damage|p1a: Granbull|0 fnt\n|faint|p1a: Granbull\n|\n|upkeep\n|\n|t:|1783570444\n|switch|p1a: Manaphy|Manaphy, L78|21/100\n|-activate|p1a: Manaphy|move: Sticky Web\n|-unboost|p1a: Manaphy|spe|1\n|turn|29\n|inactive|Time left: 300 sec this turn | 300 sec total\n|\n|t:|1783570445\n|move|p2a: Porygon-Z|Tri Attack|p1a: Manaphy\n|-damage|p1a: Manaphy|0 fnt\n|faint|p1a: Manaphy\n|\n|win|p0y2634b1a3", "uploadtime": 1783570445, "views": 0, "rating": 0, "private": 0, "password": null, "_winner": "p0y2634b1a3", "_our_name": "p0y2634b1a3"}