{"id": "battle-gen9randombattle-1365", "formatid": "gen9randombattle", "format": "[Gen 9] Random Battle", "players": ["p0x1365dcf2", "p0y1365479a"], "log": "|init|battle\n|title|p0x1365dcf2 vs. p0y1365479a\n|j|\u2606p0x1365dcf2\n|j|\u2606p0y1365479a\n|t:|1783555841\n|gametype|singles\n|player|p1|p0x1365dcf2|266|\n|player|p2|p0y1365479a|169|\n|gen|9\n|tier|[Gen 9] Random Battle\n|rule|Species Clause: Limit one of each Pok\u00e9mon\n|rule|HP Percentage Mod: HP is shown in percentages\n|rule|Sleep Clause Mod: Limit one foe put to sleep\n|rule|Illusion Level Mod: Illusion disguises the Pok\u00e9mon's true level\n|\n|t:|1783555841\n|teamsize|p1|6\n|teamsize|p2|6\n|start\n|switch|p1a: Ariados|Ariados, L95, F|287/287\n|switch|p2a: Toedscruel|Toedscruel, L87, F|100/100\n|turn|1\n|inactive|Battle timer is ON: inactive players will automatically lose when time's up. (requested by p0y1365479a)\n|inactive|Time left: 300 sec this turn | 300 sec total | 60 sec grace\n|inactive|p0x1365dcf2 also wants the timer to be on.\n|\n|t:|1783555843\n|move|p2a: Toedscruel|Knock Off|p1a: Ariados\n|-damage|p1a: Ariados|223/287\n|-enditem|p1a: Ariados|Focus Sash|[from] move: Knock Off|[of] p2a: Toedscruel\n|move|p1a: Ariados|Sticky Web|p2a: Toedscruel\n|-sidestart|p2: p0y1365479a|move: Sticky Web\n|\n|upkeep\n|turn|2\n|inactive|Time left: 300 sec this turn | 300 sec total\n|\n|t:|1783555844\n|move|p2a: Toedscruel|Rapid Spin|p1a: Ariados\n|-damage|p1a: Ariados|190/287\n|-boost|p2a: Toedscruel|spe|1\n|-sideend|p2: p0y1365479a|Sticky Web|[from] move: Rapid Spin|[of] p2a: Toedscruel\n|move|p1a: Ariados|Megahorn|p2a: Toedscruel\n|-supereffective|p2a: Toedscruel\n|-damage|p2a: Toedscruel|0 fnt\n|faint|p2a: Toedscruel\n|\n|upkeep\n|\n|t:|1783555845\n|switch|p2a: Hoopa|Hoopa, L85|100/100\n|turn|3\n|inactive|Time left: 300 sec this turn | 300 sec total\n|\n|t:|1783555847\n|move|p1a: Ariados|Sucker Punch|p2a: Hoopa\n|-supereffective|p2a: Hoopa\n|-damage|p2a: Hoopa|0 fnt\n|faint|p2a: Hoopa\n|\n|upkeep\n|\n|t:|1783555848\n|switch|p2a: Spectrier|Spectrier, L75|100/100\n|turn|4\n|inactive|Time left: 300 sec this turn | 300 sec total\n|\n|t:|1783555849\n|move|p2a: Spectrier|Nasty Plot|p2a: Spectrier\n|-boost|p2a: Spectrier|spa|2\n|move|p1a: Ariados|Sticky Web|p2a: Spectrier\n|-sidestart|p2: p0y1365479a|move: Sticky Web\n|\n|upkeep\n|turn|5\n|inactive|Time left: 300 sec this turn | 300 sec total\n|\n|t:|1783555850\n|move|p1a: Ariados|Sucker Punch|p2a: Spectrier\n|-supereffective|p2a: Spectrier\n|-damage|p2a: Spectrier|38/100\n|move|p2a: Spectrier|Shadow Ball|p1a: Ariados\n|-damage|p1a: Ariados|0 fnt\n|faint|p1a: Ariados\n|-ability|p2a: Spectrier|Grim Neigh|boost\n|-boost|p2a: Spectrier|spa|1\n|\n|-heal|p2a: Spectrier|44/100|[from] item: Leftovers\n|upkeep\n|inactive|Time left: 300 sec this turn | 300 sec total | 5 sec grace\n|\n|t:|1783555851\n|switch|p1a: Dragapult|Dragapult, L77, M|262/262\n|turn|6\n|inactive|Time left: 300 sec this turn | 300 sec total\n|\n|t:|1783555852\n|move|p1a: Dragapult|Dragon Darts|p2a: Spectrier\n|-damage|p2a: Spectrier|15/100\n|-anim|p1a: Dragapult|Dragon Darts|p2a: Spectrier\n|-damage|p2a: Spectrier|0 fnt\n|faint|p2a: Spectrier\n|\n|upkeep\n|\n|t:|1783555853\n|switch|p2a: Mesprit|Mesprit, L85|100/100\n|turn|7\n|inactive|Time left: 300 sec this turn | 300 sec total\n|\n|t:|1783555854\n|move|p1a: Dragapult|U-turn|p2a: Mesprit\n|-supereffective|p2a: Mesprit\n|-damage|p2a: Mesprit|66/100\n|inactive|Time left: 300 sec this turn | 300 sec total | 5 sec grace\n|\n|t:|1783555856\n|switch|p1a: Braviary|Braviary-Hisui, L85, M|326/326|[from] U-turn\n|move|p2a: Mesprit|Knock Off|p1a: Braviary\n|-supereffective|p1a: Braviary\n|-crit|p1a: Braviary\n|-damage|p1a: Braviary|50/326\n|-enditem|p1a: Braviary|Choice Specs|[from] move: Knock Off|[of] p2a: Mesprit\n|\n|-heal|p2a: Mesprit|72/100|[from] item: Leftovers\n|upkeep\n|turn|8\n|inactive|Time left: 300 sec this turn | 300 sec total\n|\n|t:|1783555857\n|move|p2a: Mesprit|Knock Off|p1a: Braviary\n|-supereffective|p1a: Braviary\n|-damage|p1a: Braviary|0 fnt\n|faint|p1a: Braviary\n|\n|-heal|p2a: Mesprit|79/100|[from] item: Leftovers\n|upkeep\n|inactive|Time left: 300 sec this turn | 300 sec total | 5 sec grace\n|\n|t:|1783555858\n|switch|p1a: Falinks|Falinks, L84|246/246\n|turn|9\n|inactive|Time left: 300 sec this turn | 300 sec total\n|\n|t:|1783555859\n|-terastallize|p1a: Falinks|Steel\n|move|p2a: Mesprit|Psychic Noise|p1a: Falinks\n|-resisted|p1a: Falinks\n|-damage|p1a: Falinks|188/246\n|-start|p1a: Falinks|move: Heal Block\n|move|p1a: Falinks|No Retreat|p1a: Falinks\n|-boost|p1a: Falinks|atk|1\n|-boost|p1a: Falinks|def|1\n|-boost|p1a: Falinks|spa|1\n|-boost|p1a: Falinks|spd|1\n|-boost|p1a: Falinks|spe|1\n|-start|p1a: Falinks|move: No Retreat\n|\n|-heal|p2a: Mesprit|85/100|[from] item: Leftovers\n|upkeep\n|turn|10\n|inactive|Time left: 300 sec this turn | 300 sec total\n|\n|t:|1783555860\n|switch|p2a: Amoonguss|Amoonguss, L82, F|100/100\n|-activate|p2a: Amoonguss|move: Sticky Web\n|-unboost|p2a: Amoonguss|spe|1\n|move|p1a: Falinks|Iron Head|p2a: Amoonguss\n|-damage|p2a: Amoonguss|33/100\n|-damage|p1a: Falinks|147/246|[from] item: Rocky Helmet|[of] p2a: Amoonguss\n|-damage|p1a: Falinks|123/246|[from] item: Life Orb\n|\n|-end|p1a: Falinks|move: Heal Block\n|upkeep\n|turn|11\n|inactive|Time left: 300 sec this turn | 300 sec total\n|\n|t:|1783555861\n|move|p1a: Falinks|Knock Off|p2a: Amoonguss\n|-damage|p2a: Amoonguss|0 fnt\n|-damage|p1a: Falinks|82/246|[from] item: Rocky Helmet|[of] p2a: Amoonguss\n|-enditem|p2a: Amoonguss|Rocky Helmet|[from] move: Knock Off|[of] p1a: Falinks\n|faint|p2a: Amoonguss\n|-damage|p1a: Falinks|58/246|[from] item: Life Orb\n|\n|upkeep\n|\n|t:|1783555862\n|switch|p2a: Mesprit|Mesprit, L85|85/100\n|turn|12\n|inactive|Time left: 300 sec this turn | 300 sec total\n|\n|t:|1783555863\n|-terastallize|p2a: Mesprit|Electric\n|move|p1a: Falinks|Knock Off|p2a: Mesprit\n|-damage|p2a: Mesprit|45/100\n|-enditem|p2a: Mesprit|Leftovers|[from] move: Knock Off|[of] p1a: Falinks\n|-damage|p1a: Falinks|34/246|[from] item: Life Orb\n|move|p2a: Mesprit|Psychic Noise|p1a: Falinks\n|-resisted|p1a: Falinks\n|-damage|p1a: Falinks|0 fnt\n|faint|p1a: Falinks\n|\n|upkeep\n|inactive|Time left: 300 sec this turn | 300 sec total | 5 sec grace\n|\n|t:|1783555865\n|switch|p1a: Keldeo|Keldeo-Resolute, L79|273/273\n|turn|13\n|inactive|Time left: 300 sec this turn | 300 sec total\n|\n|t:|1783555865\n|move|p1a: Keldeo|Secret Sword|p2a: Mesprit\n|-damage|p2a: Mesprit|12/100\n|move|p2a: Mesprit|Psychic Noise|p1a: Keldeo\n|-supereffective|p1a: Keldeo\n|-damage|p1a: Keldeo|87/273\n|-start|p1a: Keldeo|move: Heal Block\n|\n|upkeep\n|turn|14\n|inactive|Time left: 300 sec this turn | 300 sec total\n|\n|t:|1783555867\n|move|p1a: Keldeo|Secret Sword|p2a: Mesprit\n|-damage|p2a: Mesprit|0 fnt\n|faint|p2a: Mesprit\n|\n|-end|p1a: Keldeo|move: Heal Block\n|upkeep\n|\n|t:|1783555868\n|switch|p2a: Darkrai|Darkrai, L77|100/100\n|-activate|p2a: Darkrai|move: Sticky Web\n|-unboost|p2a: Darkrai|spe|1\n|turn|15\n|inactive|Time left: 300 sec this turn | 300 sec total\n|\n|t:|1783555869\n|move|p1a: Keldeo|Secret Sword|p2a: Darkrai\n|-supereffective|p2a: Darkrai\n|-damage|p2a: Darkrai|13/100\n|move|p2a: Darkrai|Sludge Bomb|p1a: Keldeo\n|-damage|p1a: Keldeo|12/273\n|\n|-heal|p1a: Keldeo|29/273|[from] item: Leftovers\n|-heal|p2a: Darkrai|19/100|[from] item: Leftovers\n|upkeep\n|turn|16\n|inactive|Time left: 300 sec this turn | 300 sec total\n|\n|t:|1783555870\n|move|p1a: Keldeo|Secret Sword|p2a: Darkrai\n|-supereffective|p2a: Darkrai\n|-damage|p2a: Darkrai|0 fnt\n|faint|p2a: Darkrai\n|\n|win|p0x1365dcf2", "uploadtime": 1783555870, "views": 0, "rating": 0, "private": 0, "password": null, "_winner": "p0x1365dcf2", "_our_name": "p0x1365dcf2"}