{"id": "battle-gen9randombattle-2776", "formatid": "gen9randombattle", "format": "[Gen 9] Random Battle", "players": ["p0x27768c43", "p0y27764f83"], "log": "|init|battle\n|title|p0x27768c43 vs. p0y27764f83\n|j|\u2606p0x27768c43\n|j|\u2606p0y27764f83\n|t:|1783570978\n|gametype|singles\n|player|p1|p0x27768c43|1|\n|player|p2|p0y27764f83|169|\n|gen|9\n|tier|[Gen 9] Random Battle\n|rule|Species Clause: Limit one of each Pok\u00e9mon\n|rule|HP Percentage Mod: HP is shown in percentages\n|rule|Sleep Clause Mod: Limit one foe put to sleep\n|rule|Illusion Level Mod: Illusion disguises the Pok\u00e9mon's true level\n|\n|t:|1783570978\n|teamsize|p1|6\n|teamsize|p2|6\n|start\n|switch|p1a: Greninja|Greninja, L80, M|100/100\n|switch|p2a: Umbreon|Umbreon, L84, M|297/297\n|turn|1\n|inactive|Battle timer is ON: inactive players will automatically lose when time's up. (requested by p0x27768c43)\n|inactive|Time left: 300 sec this turn | 300 sec total | 60 sec grace\n|\n|t:|1783570979\n|switch|p1a: Groudon|Groudon, L72|100/100\n|-weather|SunnyDay|[from] ability: Drought|[of] p1a: Groudon\n|move|p2a: Umbreon|Foul Play|p1a: Groudon\n|-damage|p1a: Groudon|59/100\n|\n|-weather|SunnyDay|[upkeep]\n|-heal|p1a: Groudon|66/100|[from] item: Leftovers\n|upkeep\n|turn|2\n|inactive|Time left: 300 sec this turn | 300 sec total\n|inactive|p0y27764f83 also wants the timer to be on.\n|\n|t:|1783570981\n|move|p1a: Groudon|Thunder Wave|p2a: Umbreon\n|-status|p2a: Umbreon|par\n|-activate|p2a: Umbreon|ability: Synchronize\n|-status|p1a: Groudon|par\n|cant|p2a: Umbreon|par\n|\n|-weather|SunnyDay|[upkeep]\n|-heal|p1a: Groudon|72/100 par|[from] item: Leftovers\n|upkeep\n|turn|3\n|inactive|Time left: 300 sec this turn | 300 sec total\n|\n|t:|1783570982\n|move|p1a: Groudon|Precipice Blades|p2a: Umbreon|[miss]\n|-miss|p1a: Groudon|p2a: Umbreon\n|cant|p2a: Umbreon|par\n|\n|-weather|SunnyDay|[upkeep]\n|-heal|p1a: Groudon|78/100 par|[from] item: Leftovers\n|upkeep\n|turn|4\n|inactive|Time left: 300 sec this turn | 300 sec total\n|\n|t:|1783570983\n|cant|p1a: Groudon|par\n|move|p2a: Umbreon|Foul Play|p1a: Groudon\n|-damage|p1a: Groudon|40/100 par\n|\n|-weather|SunnyDay|[upkeep]\n|-heal|p1a: Groudon|46/100 par|[from] item: Leftovers\n|upkeep\n|turn|5\n|inactive|Time left: 300 sec this turn | 300 sec total\n|\n|t:|1783570984\n|move|p1a: Groudon|Heat Crash|p2a: Umbreon\n|-damage|p2a: Umbreon|181/297 par\n|cant|p2a: Umbreon|par\n|\n|-weather|none\n|-heal|p1a: Groudon|52/100 par|[from] item: Leftovers\n|-heal|p2a: Umbreon|199/297 par|[from] item: Leftovers\n|upkeep\n|turn|6\n|inactive|Time left: 300 sec this turn | 300 sec total\n|\n|t:|1783570985\n|cant|p1a: Groudon|par\n|move|p2a: Umbreon|Foul Play|p1a: Groudon\n|-damage|p1a: Groudon|18/100 par\n|\n|-heal|p1a: Groudon|24/100 par|[from] item: Leftovers\n|-heal|p2a: Umbreon|217/297 par|[from] item: Leftovers\n|upkeep\n|turn|7\n|inactive|Time left: 300 sec this turn | 300 sec total\n|\n|t:|1783570986\n|cant|p1a: Groudon|par\n|move|p2a: Umbreon|Foul Play|p1a: Groudon\n|-damage|p1a: Groudon|0 fnt\n|faint|p1a: Groudon\n|\n|-heal|p2a: Umbreon|235/297 par|[from] item: Leftovers\n|upkeep\n|\n|t:|1783570986\n|switch|p1a: Frosmoth|Frosmoth, L82, F|100/100\n|turn|8\n|inactive|Time left: 300 sec this turn | 300 sec total\n|\n|t:|1783570987\n|move|p1a: Frosmoth|Quiver Dance|p1a: Frosmoth\n|-boost|p1a: Frosmoth|spa|1\n|-boost|p1a: Frosmoth|spd|1\n|-boost|p1a: Frosmoth|spe|1\n|move|p2a: Umbreon|Foul Play|p1a: Frosmoth\n|-damage|p1a: Frosmoth|72/100\n|\n|-heal|p2a: Umbreon|253/297 par|[from] item: Leftovers\n|upkeep\n|turn|9\n|inactive|Time left: 300 sec this turn | 300 sec total\n|\n|t:|1783570988\n|move|p1a: Frosmoth|Quiver Dance|p1a: Frosmoth\n|-boost|p1a: Frosmoth|spa|1\n|-boost|p1a: Frosmoth|spd|1\n|-boost|p1a: Frosmoth|spe|1\n|move|p2a: Umbreon|Foul Play|p1a: Frosmoth\n|-damage|p1a: Frosmoth|45/100\n|\n|-heal|p2a: Umbreon|271/297 par|[from] item: Leftovers\n|upkeep\n|turn|10\n|inactive|Time left: 300 sec this turn | 300 sec total\n|\n|t:|1783570989\n|move|p1a: Frosmoth|Ice Beam|p2a: Umbreon\n|-damage|p2a: Umbreon|109/297 par\n|cant|p2a: Umbreon|par\n|\n|-heal|p2a: Umbreon|127/297 par|[from] item: Leftovers\n|upkeep\n|turn|11\n|inactive|Time left: 300 sec this turn | 300 sec total\n|\n|t:|1783570990\n|move|p1a: Frosmoth|Ice Beam|p2a: Umbreon\n|-damage|p2a: Umbreon|0 fnt\n|faint|p2a: Umbreon\n|\n|upkeep\n|inactive|Time left: 300 sec this turn | 300 sec total | 5 sec grace\n|\n|t:|1783570991\n|switch|p2a: Honchkrow|Honchkrow, L86, M|312/312\n|turn|12\n|inactive|Time left: 300 sec this turn | 300 sec total\n|\n|t:|1783570992\n|move|p2a: Honchkrow|Sucker Punch|p1a: Frosmoth\n|-damage|p1a: Frosmoth|0 fnt\n|faint|p1a: Frosmoth\n|-ability|p2a: Honchkrow|Moxie|boost\n|-boost|p2a: Honchkrow|atk|1\n|\n|upkeep\n|\n|t:|1783570993\n|switch|p1a: Morpeko|Morpeko, L88, M|100/100\n|turn|13\n|inactive|Time left: 300 sec this turn | 300 sec total\n|\n|t:|1783570994\n|switch|p2a: Donphan|Donphan, L84, F|288/288\n|move|p1a: Morpeko|Aura Wheel|p2a: Donphan\n|-immune|p2a: Donphan\n|\n|-formechange|p1a: Morpeko|Morpeko-Hangry||[from] ability: Hunger Switch\n|upkeep\n|turn|14\n|inactive|Time left: 300 sec this turn | 300 sec total\n|\n|t:|1783570995\n|move|p1a: Morpeko|Protect|p1a: Morpeko\n|-singleturn|p1a: Morpeko|Protect\n|move|p2a: Donphan|Earthquake|p1a: Morpeko\n|-activate|p1a: Morpeko|move: Protect\n|\n|-formechange|p1a: Morpeko|Morpeko||[from] ability: Hunger Switch\n|upkeep\n|turn|15\n|inactive|Time left: 300 sec this turn | 300 sec total\n|\n|t:|1783570996\n|move|p1a: Morpeko|Knock Off|p2a: Donphan\n|-damage|p2a: Donphan|206/288\n|-enditem|p2a: Donphan|Leftovers|[from] move: Knock Off|[of] p1a: Morpeko\n|move|p2a: Donphan|Earthquake|p1a: Morpeko\n|-supereffective|p1a: Morpeko\n|-damage|p1a: Morpeko|0 fnt\n|faint|p1a: Morpeko\n|\n|upkeep\n|\n|t:|1783570997\n|switch|p1a: Greninja|Greninja, L80, M|100/100\n|turn|16\n|inactive|Time left: 300 sec this turn | 300 sec total\n|\n|t:|1783570998\n|switch|p2a: Mismagius|Mismagius, L86, M|243/243\n|move|p1a: Greninja|Dark Pulse|p2a: Mismagius\n|-supereffective|p2a: Mismagius\n|-crit|p2a: Mismagius\n|-damage|p2a: Mismagius|0 fnt\n|faint|p2a: Mismagius\n|-ability|p1a: Greninja|Battle Bond|boost\n|-boost|p1a: Greninja|atk|1\n|-boost|p1a: Greninja|spa|1\n|-boost|p1a: Greninja|spe|1\n|-activate|p1a: Greninja|ability: Battle Bond\n|-damage|p1a: Greninja|91/100|[from] item: Life Orb\n|\n|upkeep\n|inactive|Time left: 300 sec this turn | 300 sec total | 5 sec grace\n|\n|t:|1783570999\n|switch|p2a: Seviper|Seviper, L93, M|287/287\n|turn|17\n|inactive|Time left: 300 sec this turn | 300 sec total\n|\n|t:|1783570999\n|-terastallize|p1a: Greninja|Water\n|move|p1a: Greninja|Hydro Pump|p2a: Seviper\n|-damage|p2a: Seviper|0 fnt\n|faint|p2a: Seviper\n|-damage|p1a: Greninja|81/100|[from] item: Life Orb\n|\n|upkeep\n|inactive|Time left: 300 sec this turn | 300 sec total | 5 sec grace\n|\n|t:|1783571000\n|switch|p2a: Honchkrow|Honchkrow, L86, M|312/312\n|turn|18\n|inactive|Time left: 300 sec this turn | 300 sec total\n|\n|t:|1783571001\n|-terastallize|p2a: Honchkrow|Dark\n|move|p2a: Honchkrow|Sucker Punch|p1a: Greninja\n|-damage|p1a: Greninja|10/100\n|move|p1a: Greninja|Hydro Pump|p2a: Honchkrow\n|-damage|p2a: Honchkrow|0 fnt\n|faint|p2a: Honchkrow\n|-damage|p1a: Greninja|0 fnt|[from] item: Life Orb\n|faint|p1a: Greninja\n|\n|upkeep\n|inactive|Time left: 300 sec this turn | 300 sec total | 5 sec grace\n|\n|t:|1783571002\n|switch|p1a: Quagsire|Quagsire, L84, M|100/100\n|switch|p2a: Okidogi|Okidogi, L77, M|262/262\n|turn|19\n|inactive|Time left: 300 sec this turn | 300 sec total\n|\n|t:|1783571003\n|move|p2a: Okidogi|Knock Off|p1a: Quagsire\n|-damage|p1a: Quagsire|77/100\n|-enditem|p1a: Quagsire|Leftovers|[from] move: Knock Off|[of] p2a: Okidogi\n|move|p1a: Quagsire|Earthquake|p2a: Okidogi\n|-supereffective|p2a: Okidogi\n|-damage|p2a: Okidogi|82/262\n|\n|-heal|p2a: Okidogi|98/262|[from] item: Leftovers\n|upkeep\n|turn|20\n|inactive|Time left: 300 sec this turn | 300 sec total\n|\n|t:|1783571004\n|move|p2a: Okidogi|Drain Punch|p1a: Quagsire\n|-crit|p1a: Quagsire\n|-damage|p1a: Quagsire|31/100\n|-heal|p2a: Okidogi|166/262|[from] drain|[of] p1a: Quagsire\n|move|p1a: Quagsire|Earthquake|p2a: Okidogi\n|-supereffective|p2a: Okidogi\n|-damage|p2a: Okidogi|2/262\n|\n|-heal|p2a: Okidogi|18/262|[from] item: Leftovers\n|upkeep\n|turn|21\n|inactive|Time left: 300 sec this turn | 300 sec total\n|\n|t:|1783571005\n|move|p2a: Okidogi|Drain Punch|p1a: Quagsire\n|-damage|p1a: Quagsire|0 fnt\n|-heal|p2a: Okidogi|64/262|[from] drain|[of] p1a: Quagsire\n|faint|p1a: Quagsire\n|\n|-heal|p2a: Okidogi|80/262|[from] item: Leftovers\n|upkeep\n|\n|t:|1783571005\n|switch|p1a: Furret|Furret, L94, F|100/100\n|-item|p2a: Okidogi|Leftovers|[from] ability: Frisk|[of] p1a: Furret\n|turn|22\n|inactive|Time left: 300 sec this turn | 300 sec total\n|\n|t:|1783571006\n|switch|p2a: Donphan|Donphan, L84, F|206/288\n|move|p1a: Furret|Tidy Up|p1a: Furret\n|-boost|p1a: Furret|atk|1\n|-boost|p1a: Furret|spe|1\n|\n|upkeep\n|turn|23\n|inactive|Time left: 300 sec this turn | 300 sec total\n|\n|t:|1783571007\n|move|p1a: Furret|Tidy Up|p1a: Furret\n|-boost|p1a: Furret|atk|1\n|-boost|p1a: Furret|spe|1\n|move|p2a: Donphan|Earthquake|p1a: Furret\n|-damage|p1a: Furret|57/100\n|\n|upkeep\n|turn|24\n|inactive|Time left: 300 sec this turn | 300 sec total\n|\n|t:|1783571008\n|move|p1a: Furret|Double-Edge|p2a: Donphan\n|-crit|p2a: Donphan\n|-damage|p2a: Donphan|0 fnt\n|faint|p2a: Donphan\n|-damage|p1a: Furret|35/100|[from] Recoil\n|-damage|p1a: Furret|25/100|[from] item: Life Orb\n|\n|upkeep\n|inactive|Time left: 300 sec this turn | 300 sec total | 5 sec grace\n|\n|t:|1783571009\n|switch|p2a: Okidogi|Okidogi, L77, M|80/262\n|turn|25\n|inactive|Time left: 300 sec this turn | 300 sec total\n|\n|t:|1783571010\n|move|p1a: Furret|Double-Edge|p2a: Okidogi\n|-damage|p2a: Okidogi|0 fnt\n|faint|p2a: Okidogi\n|-damage|p1a: Furret|17/100|[from] Recoil\n|-damage|p1a: Furret|7/100|[from] item: Life Orb\n|\n|win|p0x27768c43", "uploadtime": 1783571010, "views": 0, "rating": 0, "private": 0, "password": null, "_winner": "p0x27768c43", "_our_name": "p0y27764f83"}