{"id": "battle-gen9randombattle-1671", "formatid": "gen9randombattle", "format": "[Gen 9] Random Battle", "players": ["p0x1671eb60", "p0y1671b5c1"], "log": "|init|battle\n|title|p0x1671eb60 vs. p0y1671b5c1\n|j|\u2606p0x1671eb60\n|j|\u2606p0y1671b5c1\n|t:|1783559388\n|gametype|singles\n|player|p1|p0x1671eb60|169|\n|player|p2|p0y1671b5c1|266|\n|gen|9\n|tier|[Gen 9] Random Battle\n|rule|Species Clause: Limit one of each Pok\u00e9mon\n|rule|HP Percentage Mod: HP is shown in percentages\n|rule|Sleep Clause Mod: Limit one foe put to sleep\n|rule|Illusion Level Mod: Illusion disguises the Pok\u00e9mon's true level\n|\n|t:|1783559388\n|teamsize|p1|6\n|teamsize|p2|6\n|start\n|switch|p1a: Polteageist|Polteageist-Antique, L78|222/222\n|switch|p2a: Armarouge|Armarouge, L80, F|100/100\n|turn|1\n|inactive|Battle timer is ON: inactive players will automatically lose when time's up. (requested by p0y1671b5c1)\n|inactive|Time left: 300 sec this turn | 300 sec total | 60 sec grace\n|inactive|p0x1671eb60 also wants the timer to be on.\n|\n|t:|1783559390\n|move|p2a: Armarouge|Armor Cannon|p1a: Polteageist\n|-damage|p1a: Polteageist|26/222\n|-unboost|p2a: Armarouge|def|1\n|-unboost|p2a: Armarouge|spd|1\n|move|p1a: Polteageist|Shell Smash|p1a: Polteageist\n|-unboost|p1a: Polteageist|def|1\n|-unboost|p1a: Polteageist|spd|1\n|-boost|p1a: Polteageist|atk|2\n|-boost|p1a: Polteageist|spa|2\n|-boost|p1a: Polteageist|spe|2\n|-enditem|p1a: Polteageist|White Herb\n|-clearnegativeboost|p1a: Polteageist|[silent]\n|\n|upkeep\n|turn|2\n|inactive|Time left: 300 sec this turn | 300 sec total\n|\n|t:|1783559391\n|move|p1a: Polteageist|Shadow Ball|p2a: Armarouge\n|-supereffective|p2a: Armarouge\n|-damage|p2a: Armarouge|0 fnt\n|faint|p2a: Armarouge\n|\n|upkeep\n|\n|t:|1783559392\n|switch|p2a: Muk|Muk-Alola, L82, M|100/100\n|turn|3\n|inactive|Time left: 300 sec this turn | 300 sec total\n|\n|t:|1783559393\n|move|p2a: Muk|Shadow Sneak|p1a: Polteageist\n|-supereffective|p1a: Polteageist\n|-damage|p1a: Polteageist|0 fnt\n|faint|p1a: Polteageist\n|\n|upkeep\n|inactive|Time left: 300 sec this turn | 300 sec total | 5 sec grace\n|\n|t:|1783559394\n|switch|p1a: Falinks|Falinks, L84|246/246\n|turn|4\n|inactive|Time left: 300 sec this turn | 300 sec total\n|\n|t:|1783559395\n|move|p1a: Falinks|No Retreat|p1a: Falinks\n|-boost|p1a: Falinks|atk|1\n|-boost|p1a: Falinks|def|1\n|-boost|p1a: Falinks|spa|1\n|-boost|p1a: Falinks|spd|1\n|-boost|p1a: Falinks|spe|1\n|-start|p1a: Falinks|move: No Retreat\n|move|p2a: Muk|Drain Punch|p1a: Falinks\n|-damage|p1a: Falinks|214/246\n|\n|upkeep\n|turn|5\n|inactive|Time left: 300 sec this turn | 300 sec total\n|\n|t:|1783559396\n|switch|p2a: Amoonguss|Amoonguss, L82, F|100/100\n|move|p1a: Falinks|Knock Off|p2a: Amoonguss\n|-crit|p2a: Amoonguss\n|-damage|p2a: Amoonguss|25/100\n|-enditem|p2a: Amoonguss|Leftovers|[from] move: Knock Off|[of] p1a: Falinks\n|-damage|p1a: Falinks|190/246|[from] item: Life Orb\n|\n|upkeep\n|turn|6\n|inactive|Time left: 300 sec this turn | 300 sec total\n|\n|t:|1783559397\n|switch|p2a: Magcargo|Magcargo, L95, M|100/100\n|move|p1a: Falinks|Knock Off|p2a: Magcargo\n|-damage|p2a: Magcargo|64/100\n|-enditem|p2a: Magcargo|Heavy-Duty Boots|[from] move: Knock Off|[of] p1a: Falinks\n|-damage|p1a: Falinks|166/246|[from] item: Life Orb\n|\n|upkeep\n|turn|7\n|inactive|Time left: 300 sec this turn | 300 sec total\n|\n|t:|1783559398\n|move|p1a: Falinks|Close Combat|p2a: Magcargo\n|-supereffective|p2a: Magcargo\n|-damage|p2a: Magcargo|0 fnt\n|-unboost|p1a: Falinks|def|1\n|-unboost|p1a: Falinks|spd|1\n|-status|p1a: Falinks|brn|[from] ability: Flame Body|[of] p2a: Magcargo\n|faint|p2a: Magcargo\n|-damage|p1a: Falinks|142/246 brn|[from] item: Life Orb\n|\n|-damage|p1a: Falinks|127/246 brn|[from] brn\n|upkeep\n|\n|t:|1783559399\n|switch|p2a: Donphan|Donphan, L84, M|100/100\n|turn|8\n|inactive|Time left: 300 sec this turn | 300 sec total\n|\n|t:|1783559400\n|move|p1a: Falinks|Iron Head|p2a: Donphan\n|-damage|p2a: Donphan|84/100\n|-damage|p1a: Falinks|103/246 brn|[from] item: Life Orb\n|move|p2a: Donphan|Earthquake|p1a: Falinks\n|-crit|p1a: Falinks\n|-damage|p1a: Falinks|0 fnt\n|faint|p1a: Falinks\n|\n|-heal|p2a: Donphan|90/100|[from] item: Leftovers\n|upkeep\n|inactive|Time left: 300 sec this turn | 300 sec total | 5 sec grace\n|\n|t:|1783559401\n|switch|p1a: Bellossom|Bellossom, L84, M|263/263\n|turn|9\n|inactive|Time left: 300 sec this turn | 300 sec total\n|\n|t:|1783559403\n|switch|p2a: Muk|Muk-Alola, L82, M|100/100\n|move|p1a: Bellossom|Quiver Dance|p1a: Bellossom\n|-boost|p1a: Bellossom|spa|1\n|-boost|p1a: Bellossom|spd|1\n|-boost|p1a: Bellossom|spe|1\n|\n|upkeep\n|turn|10\n|inactive|Time left: 300 sec this turn | 300 sec total\n|\n|t:|1783559404\n|move|p1a: Bellossom|Quiver Dance|p1a: Bellossom\n|-boost|p1a: Bellossom|spa|1\n|-boost|p1a: Bellossom|spd|1\n|-boost|p1a: Bellossom|spe|1\n|move|p2a: Muk|Gunk Shot|p1a: Bellossom|[miss]\n|-miss|p2a: Muk|p1a: Bellossom\n|\n|upkeep\n|turn|11\n|inactive|Time left: 300 sec this turn | 300 sec total\n|\n|t:|1783559405\n|move|p1a: Bellossom|Strength Sap|p2a: Muk\n|-unboost|p2a: Muk|atk|1\n|move|p2a: Muk|Gunk Shot|p1a: Bellossom\n|-supereffective|p1a: Bellossom\n|-damage|p1a: Bellossom|93/263\n|\n|-heal|p1a: Bellossom|109/263|[from] item: Leftovers\n|upkeep\n|turn|12\n|inactive|Time left: 300 sec this turn | 300 sec total\n|\n|t:|1783559406\n|move|p1a: Bellossom|Strength Sap|p2a: Muk\n|-unboost|p2a: Muk|atk|1\n|-heal|p1a: Bellossom|255/263\n|move|p2a: Muk|Gunk Shot|p1a: Bellossom\n|-supereffective|p1a: Bellossom\n|-damage|p1a: Bellossom|145/263\n|\n|-heal|p1a: Bellossom|161/263|[from] item: Leftovers\n|upkeep\n|turn|13\n|inactive|Time left: 300 sec this turn | 300 sec total\n|\n|t:|1783559407\n|move|p1a: Bellossom|Quiver Dance|p1a: Bellossom\n|-boost|p1a: Bellossom|spa|1\n|-boost|p1a: Bellossom|spd|1\n|-boost|p1a: Bellossom|spe|1\n|move|p2a: Muk|Knock Off|p1a: Bellossom\n|-damage|p1a: Bellossom|113/263\n|-enditem|p1a: Bellossom|Leftovers|[from] move: Knock Off|[of] p2a: Muk\n|\n|upkeep\n|turn|14\n|inactive|Time left: 300 sec this turn | 300 sec total\n|\n|t:|1783559408\n|move|p1a: Bellossom|Strength Sap|p2a: Muk\n|-unboost|p2a: Muk|atk|1\n|-heal|p1a: Bellossom|222/263\n|move|p2a: Muk|Gunk Shot|p1a: Bellossom\n|-supereffective|p1a: Bellossom\n|-damage|p1a: Bellossom|124/263\n|\n|upkeep\n|turn|15\n|inactive|Time left: 300 sec this turn | 300 sec total\n|\n|t:|1783559409\n|move|p1a: Bellossom|Strength Sap|p2a: Muk\n|-unboost|p2a: Muk|atk|1\n|-heal|p1a: Bellossom|211/263\n|move|p2a: Muk|Gunk Shot|p1a: Bellossom|[miss]\n|-miss|p2a: Muk|p1a: Bellossom\n|\n|upkeep\n|turn|16\n|inactive|Time left: 300 sec this turn | 300 sec total\n|\n|t:|1783559410\n|switch|p2a: Amoonguss|Amoonguss, L82, F|58/100\n|move|p1a: Bellossom|Moonblast|p2a: Amoonguss\n|-resisted|p2a: Amoonguss\n|-damage|p2a: Amoonguss|31/100\n|-unboost|p2a: Amoonguss|spa|1\n|\n|upkeep\n|turn|17\n|inactive|Time left: 300 sec this turn | 300 sec total\n|\n|t:|1783559411\n|switch|p2a: Muk|Muk-Alola, L82, M|100/100\n|-terastallize|p1a: Bellossom|Fairy\n|move|p1a: Bellossom|Moonblast|p2a: Muk\n|-damage|p2a: Muk|52/100\n|\n|upkeep\n|turn|18\n|inactive|Time left: 300 sec this turn | 300 sec total\n|\n|t:|1783559411\n|move|p1a: Bellossom|Strength Sap|p2a: Muk\n|-unboost|p2a: Muk|atk|1\n|-heal|p1a: Bellossom|263/263\n|move|p2a: Muk|Gunk Shot|p1a: Bellossom\n|-supereffective|p1a: Bellossom\n|-damage|p1a: Bellossom|107/263\n|\n|upkeep\n|turn|19\n|inactive|Time left: 300 sec this turn | 300 sec total\n|\n|t:|1783559412\n|move|p1a: Bellossom|Strength Sap|p2a: Muk\n|-unboost|p2a: Muk|atk|1\n|-heal|p1a: Bellossom|253/263\n|move|p2a: Muk|Gunk Shot|p1a: Bellossom|[miss]\n|-miss|p2a: Muk|p1a: Bellossom\n|\n|upkeep\n|turn|20\n|inactive|Time left: 300 sec this turn | 300 sec total\n|\n|t:|1783559413\n|switch|p2a: Amoonguss|Amoonguss, L82, F|64/100\n|move|p1a: Bellossom|Moonblast|p2a: Amoonguss\n|-resisted|p2a: Amoonguss\n|-damage|p2a: Amoonguss|25/100\n|\n|upkeep\n|turn|21\n|inactive|Time left: 300 sec this turn | 300 sec total\n|\n|t:|1783559414\n|move|p1a: Bellossom|Moonblast|p2a: Amoonguss\n|-resisted|p2a: Amoonguss\n|-damage|p2a: Amoonguss|0 fnt\n|faint|p2a: Amoonguss\n|\n|upkeep\n|\n|t:|1783559415\n|switch|p2a: Muk|Muk-Alola, L82, M|52/100\n|turn|22\n|inactive|Time left: 300 sec this turn | 300 sec total\n|\n|t:|1783559416\n|move|p1a: Bellossom|Strength Sap|p2a: Muk\n|-unboost|p2a: Muk|atk|1\n|-heal|p1a: Bellossom|263/263\n|move|p2a: Muk|Gunk Shot|p1a: Bellossom\n|-supereffective|p1a: Bellossom\n|-damage|p1a: Bellossom|95/263\n|\n|upkeep\n|turn|23\n|inactive|Time left: 300 sec this turn | 300 sec total\n|\n|t:|1783559417\n|move|p1a: Bellossom|Strength Sap|p2a: Muk\n|-unboost|p2a: Muk|atk|1\n|-heal|p1a: Bellossom|241/263\n|move|p2a: Muk|Knock Off|p1a: Bellossom\n|-resisted|p1a: Bellossom\n|-damage|p1a: Bellossom|225/263\n|-status|p1a: Bellossom|psn|[from] ability: Poison Touch|[of] p2a: Muk\n|\n|-damage|p1a: Bellossom|193/263 psn|[from] psn\n|upkeep\n|turn|24\n|inactive|Time left: 300 sec this turn | 300 sec total\n|\n|t:|1783559417\n|move|p1a: Bellossom|Giga Drain|p2a: Muk\n|-resisted|p2a: Muk\n|-damage|p2a: Muk|33/100\n|-heal|p1a: Bellossom|223/263 psn|[from] drain|[of] p2a: Muk\n|move|p2a: Muk|Knock Off|p1a: Bellossom\n|-resisted|p1a: Bellossom\n|-damage|p1a: Bellossom|205/263 psn\n|\n|-damage|p1a: Bellossom|173/263 psn|[from] psn\n|upkeep\n|turn|25\n|inactive|Time left: 300 sec this turn | 300 sec total\n|\n|t:|1783559418\n|move|p1a: Bellossom|Moonblast|p2a: Muk\n|-damage|p2a: Muk|0 fnt\n|faint|p2a: Muk\n|\n|-damage|p1a: Bellossom|141/263 psn|[from] psn\n|upkeep\n|\n|t:|1783559419\n|switch|p2a: Granbull|Granbull, L88, F|100/100\n|-ability|p2a: Granbull|Intimidate|boost\n|-unboost|p1a: Bellossom|atk|1\n|turn|26\n|inactive|Time left: 300 sec this turn | 300 sec total\n|\n|t:|1783559420\n|move|p1a: Bellossom|Giga Drain|p2a: Granbull\n|-damage|p2a: Granbull|26/100\n|-heal|p1a: Bellossom|254/263 psn|[from] drain|[of] p2a: Granbull\n|move|p2a: Granbull|Roar|p1a: Bellossom\n|drag|p1a: Jolteon|Jolteon, L84, M|246/246\n|\n|-heal|p2a: Granbull|32/100|[from] item: Leftovers\n|upkeep\n|turn|27\n|inactive|Time left: 300 sec this turn | 300 sec total\n|\n|t:|1783559420\n|switch|p1a: Bellossom|Bellossom, L84, M, tera:Fairy|254/263 psn\n|move|p2a: Granbull|Earthquake|p1a: Bellossom\n|-damage|p1a: Bellossom|163/263 psn\n|\n|-heal|p2a: Granbull|38/100|[from] item: Leftovers\n|-damage|p1a: Bellossom|131/263 psn|[from] psn\n|upkeep\n|turn|28\n|inactive|Time left: 300 sec this turn | 300 sec total\n|\n|t:|1783559421\n|move|p1a: Bellossom|Strength Sap|p2a: Granbull\n|-unboost|p2a: Granbull|atk|1\n|-heal|p1a: Bellossom|263/263 psn\n|move|p2a: Granbull|Play Rough|p1a: Bellossom\n|-damage|p1a: Bellossom|182/263 psn\n|-unboost|p1a: Bellossom|atk|1\n|\n|-heal|p2a: Granbull|44/100|[from] item: Leftovers\n|-damage|p1a: Bellossom|150/263 psn|[from] psn\n|upkeep\n|turn|29\n|inactive|Time left: 300 sec this turn | 300 sec total\n|\n|t:|1783559422\n|move|p1a: Bellossom|Strength Sap|p2a: Granbull\n|-unboost|p2a: Granbull|atk|1\n|-heal|p1a: Bellossom|263/263 psn\n|move|p2a: Granbull|Earthquake|p1a: Bellossom\n|-damage|p1a: Bellossom|217/263 psn\n|\n|-heal|p2a: Granbull|50/100|[from] item: Leftovers\n|-damage|p1a: Bellossom|185/263 psn|[from] psn\n|upkeep\n|turn|30\n|inactive|Time left: 300 sec this turn | 300 sec total\n|\n|t:|1783559422\n|switch|p2a: Donphan|Donphan, L84, M|90/100\n|move|p1a: Bellossom|Giga Drain|p2a: Donphan\n|-supereffective|p2a: Donphan\n|-damage|p2a: Donphan|26/100\n|-heal|p1a: Bellossom|263/263 psn|[from] drain|[of] p2a: Donphan\n|\n|-heal|p2a: Donphan|32/100|[from] item: Leftovers\n|-damage|p1a: Bellossom|231/263 psn|[from] psn\n|upkeep\n|turn|31\n|inactive|Time left: 300 sec this turn | 300 sec total\n|\n|t:|1783559423\n|switch|p2a: Granbull|Granbull, L88, F|50/100\n|-ability|p2a: Granbull|Intimidate|boost\n|-unboost|p1a: Bellossom|atk|1\n|move|p1a: Bellossom|Moonblast|p2a: Granbull\n|-damage|p2a: Granbull|11/100\n|\n|-heal|p2a: Granbull|17/100|[from] item: Leftovers\n|-damage|p1a: Bellossom|199/263 psn|[from] psn\n|upkeep\n|turn|32\n|inactive|Time left: 300 sec this turn | 300 sec total\n|\n|t:|1783559424\n|move|p1a: Bellossom|Giga Drain|p2a: Granbull\n|-damage|p2a: Granbull|0 fnt\n|-heal|p1a: Bellossom|224/263 psn|[from] drain|[of] p2a: Granbull\n|faint|p2a: Granbull\n|\n|-damage|p1a: Bellossom|192/263 psn|[from] psn\n|upkeep\n|\n|t:|1783559425\n|switch|p2a: Donphan|Donphan, L84, M|32/100\n|turn|33\n|inactive|Time left: 300 sec this turn | 300 sec total\n|\n|t:|1783559426\n|move|p2a: Donphan|Earthquake|p1a: Bellossom\n|-damage|p1a: Bellossom|68/263 psn\n|move|p1a: Bellossom|Moonblast|p2a: Donphan\n|-damage|p2a: Donphan|0 fnt\n|faint|p2a: Donphan\n|\n|win|p0x1671eb60", "uploadtime": 1783559426, "views": 0, "rating": 0, "private": 0, "password": null, "_winner": "p0x1671eb60", "_our_name": "p0x1671eb60"}