{"id": "battle-gen9randombattle-488", "formatid": "gen9randombattle", "format": "[Gen 9] Random Battle", "players": ["p0x488f2c4", "p0y4885656"], "log": "|init|battle\n|title|p0x488f2c4 vs. p0y4885656\n|j|\u2606p0x488f2c4\n|j|\u2606p0y4885656\n|t:|1783545456\n|gametype|singles\n|player|p1|p0x488f2c4|2|\n|player|p2|p0y4885656|1|\n|gen|9\n|tier|[Gen 9] Random Battle\n|rule|Species Clause: Limit one of each Pok\u00e9mon\n|rule|HP Percentage Mod: HP is shown in percentages\n|rule|Sleep Clause Mod: Limit one foe put to sleep\n|rule|Illusion Level Mod: Illusion disguises the Pok\u00e9mon's true level\n|\n|t:|1783545456\n|teamsize|p1|6\n|teamsize|p2|6\n|start\n|switch|p1a: Delphox|Delphox, L84, F|263/263\n|switch|p2a: Meganium|Meganium, L90, M|100/100\n|turn|1\n|inactive|Battle timer is ON: inactive players will automatically lose when time's up. (requested by p0y4885656)\n|inactive|Time left: 300 sec this turn | 300 sec total | 60 sec grace\n|inactive|p0x488f2c4 also wants the timer to be on.\n|\n|t:|1783545457\n|move|p1a: Delphox|Fire Blast|p2a: Meganium\n|-supereffective|p2a: Meganium\n|-damage|p2a: Meganium|23/100\n|move|p2a: Meganium|Swords Dance|p2a: Meganium\n|-boost|p2a: Meganium|atk|2\n|\n|-heal|p2a: Meganium|29/100|[from] item: Leftovers\n|upkeep\n|turn|2\n|inactive|Time left: 300 sec this turn | 300 sec total\n|\n|t:|1783545458\n|-terastallize|p2a: Meganium|Water\n|move|p1a: Delphox|Fire Blast|p2a: Meganium\n|-resisted|p2a: Meganium\n|-crit|p2a: Meganium\n|-damage|p2a: Meganium|2/100\n|move|p2a: Meganium|Earthquake|p1a: Delphox\n|-supereffective|p1a: Delphox\n|-damage|p1a: Delphox|0 fnt\n|faint|p1a: Delphox\n|\n|-heal|p2a: Meganium|8/100|[from] item: Leftovers\n|upkeep\n|inactive|Time left: 300 sec this turn | 300 sec total | 5 sec grace\n|\n|t:|1783545459\n|switch|p1a: Zapdos|Zapdos-Galar, L77|265/265\n|turn|3\n|inactive|Time left: 300 sec this turn | 300 sec total\n|\n|t:|1783545460\n|move|p1a: Zapdos|Knock Off|p2a: Meganium\n|-damage|p2a: Meganium|0 fnt\n|-enditem|p2a: Meganium|Leftovers|[from] move: Knock Off|[of] p1a: Zapdos\n|faint|p2a: Meganium\n|-damage|p1a: Zapdos|239/265|[from] item: Life Orb\n|\n|upkeep\n|\n|t:|1783545461\n|switch|p2a: Golduck|Golduck, L90, M|100/100\n|-ability|p2a: Golduck|Cloud Nine\n|turn|4\n|inactive|Time left: 300 sec this turn | 300 sec total\n|\n|t:|1783545462\n|switch|p1a: Chansey|Chansey, L85, F|564/564\n|move|p2a: Golduck|Ice Beam|p1a: Chansey\n|-damage|p1a: Chansey|511/564\n|-damage|p2a: Golduck|90/100|[from] item: Life Orb\n|\n|upkeep\n|turn|5\n|inactive|Time left: 300 sec this turn | 300 sec total\n|\n|t:|1783545463\n|move|p2a: Golduck|Nasty Plot|p2a: Golduck\n|-boost|p2a: Golduck|spa|2\n|move|p1a: Chansey|Seismic Toss|p2a: Golduck\n|-damage|p2a: Golduck|61/100\n|\n|upkeep\n|turn|6\n|inactive|Time left: 300 sec this turn | 300 sec total\n|\n|t:|1783545464\n|move|p2a: Golduck|Hydro Pump|p1a: Chansey\n|-crit|p1a: Chansey\n|-damage|p1a: Chansey|195/564\n|-damage|p2a: Golduck|51/100|[from] item: Life Orb\n|move|p1a: Chansey|Seismic Toss|p2a: Golduck\n|-damage|p2a: Golduck|22/100\n|\n|upkeep\n|turn|7\n|inactive|Time left: 300 sec this turn | 300 sec total\n|\n|t:|1783545465\n|move|p2a: Golduck|Hydro Pump|p1a: Chansey|[miss]\n|-miss|p2a: Golduck|p1a: Chansey\n|move|p1a: Chansey|Seismic Toss|p2a: Golduck\n|-damage|p2a: Golduck|0 fnt\n|faint|p2a: Golduck\n|\n|upkeep\n|\n|t:|1783545466\n|switch|p2a: Roaring Moon|Roaring Moon, L72|100/100\n|turn|8\n|inactive|Time left: 300 sec this turn | 300 sec total\n|\n|t:|1783545468\n|switch|p1a: Weavile|Weavile, L79, F|240/240\n|move|p2a: Roaring Moon|Outrage|p1a: Weavile\n|-damage|p1a: Weavile|74/240\n|\n|upkeep\n|turn|9\n|inactive|Time left: 300 sec this turn | 300 sec total\n|\n|t:|1783545469\n|move|p1a: Weavile|Triple Axel|p2a: Roaring Moon\n|-supereffective|p2a: Roaring Moon\n|-damage|p2a: Roaring Moon|76/100\n|-supereffective|p2a: Roaring Moon\n|-damage|p2a: Roaring Moon|27/100\n|-supereffective|p2a: Roaring Moon\n|-damage|p2a: Roaring Moon|0 fnt\n|faint|p2a: Roaring Moon\n|-end|p2a: Roaring Moon|Protosynthesis|[silent]\n|-hitcount|p2: Roaring Moon|3\n|\n|upkeep\n|\n|t:|1783545470\n|switch|p2a: Ariados|Ariados, L95, F|100/100\n|turn|10\n|inactive|Time left: 300 sec this turn | 300 sec total\n|\n|t:|1783545471\n|move|p1a: Weavile|Triple Axel|p2a: Ariados\n|-damage|p2a: Ariados|92/100\n|-crit|p2a: Ariados\n|-damage|p2a: Ariados|67/100\n|-damage|p2a: Ariados|43/100\n|-hitcount|p2a: Ariados|3\n|move|p2a: Ariados|Sticky Web|p1a: Weavile\n|-sidestart|p1: p0x488f2c4|move: Sticky Web\n|\n|upkeep\n|turn|11\n|inactive|Time left: 300 sec this turn | 300 sec total\n|\n|t:|1783545472\n|switch|p2a: Arceus|Arceus-Fighting, L70|100/100\n|move|p1a: Weavile|Triple Axel|p2a: Arceus\n|-damage|p2a: Arceus|93/100\n|-damage|p2a: Arceus|78/100\n|-damage|p2a: Arceus|55/100\n|-hitcount|p2a: Arceus|3\n|\n|upkeep\n|turn|12\n|inactive|Time left: 300 sec this turn | 300 sec total\n|\n|t:|1783545473\n|-terastallize|p1a: Weavile|Ice\n|move|p1a: Weavile|Triple Axel|p2a: Arceus\n|-damage|p2a: Arceus|46/100\n|-damage|p2a: Arceus|27/100\n|-damage|p2a: Arceus|0 fnt\n|faint|p2a: Arceus\n|-hitcount|p2: Arceus|3\n|\n|upkeep\n|\n|t:|1783545474\n|switch|p2a: Ariados|Ariados, L95, F|43/100\n|turn|13\n|inactive|Time left: 300 sec this turn | 300 sec total\n|\n|t:|1783545475\n|move|p2a: Ariados|Sucker Punch|p1a: Weavile\n|-damage|p1a: Weavile|0 fnt\n|faint|p1a: Weavile\n|\n|upkeep\n|inactive|Time left: 300 sec this turn | 300 sec total | 5 sec grace\n|\n|t:|1783545476\n|switch|p1a: Ceruledge|Ceruledge, L78, M|245/245\n|turn|14\n|inactive|Time left: 300 sec this turn | 300 sec total\n|\n|t:|1783545477\n|move|p1a: Ceruledge|Bitter Blade|p2a: Ariados\n|-supereffective|p2a: Ariados\n|-damage|p2a: Ariados|0 fnt\n|faint|p2a: Ariados\n|\n|upkeep\n|\n|t:|1783545478\n|switch|p2a: Oricorio|Oricorio-Sensu, L85, F|100/100\n|turn|15\n|inactive|Time left: 300 sec this turn | 300 sec total\n|\n|t:|1783545479\n|move|p2a: Oricorio|Revelation Dance|p1a: Ceruledge\n|-supereffective|p1a: Ceruledge\n|-damage|p1a: Ceruledge|47/245\n|move|p1a: Ceruledge|Poltergeist|p2a: Oricorio|[miss]\n|-miss|p1a: Ceruledge|p2a: Oricorio\n|\n|upkeep\n|turn|16\n|inactive|Time left: 300 sec this turn | 300 sec total\n|\n|t:|1783545481\n|move|p2a: Oricorio|Revelation Dance|p1a: Ceruledge\n|-supereffective|p1a: Ceruledge\n|-damage|p1a: Ceruledge|0 fnt\n|faint|p1a: Ceruledge\n|\n|upkeep\n|inactive|Time left: 300 sec this turn | 300 sec total | 5 sec grace\n|\n|t:|1783545482\n|switch|p1a: Iron Treads|Iron Treads, L77|265/265\n|-activate|p1a: Iron Treads|move: Sticky Web\n|-unboost|p1a: Iron Treads|spe|1\n|turn|17\n|inactive|Time left: 300 sec this turn | 300 sec total\n|\n|t:|1783545483\n|move|p2a: Oricorio|Quiver Dance|p2a: Oricorio\n|-boost|p2a: Oricorio|spa|1\n|-boost|p2a: Oricorio|spd|1\n|-boost|p2a: Oricorio|spe|1\n|move|p1a: Iron Treads|Iron Head|p2a: Oricorio\n|-damage|p2a: Oricorio|65/100\n|\n|upkeep\n|turn|18\n|inactive|Time left: 300 sec this turn | 300 sec total\n|\n|t:|1783545484\n|move|p2a: Oricorio|Quiver Dance|p2a: Oricorio\n|-boost|p2a: Oricorio|spa|1\n|-boost|p2a: Oricorio|spd|1\n|-boost|p2a: Oricorio|spe|1\n|move|p1a: Iron Treads|Knock Off|p2a: Oricorio\n|-supereffective|p2a: Oricorio\n|-damage|p2a: Oricorio|13/100\n|-enditem|p2a: Oricorio|Heavy-Duty Boots|[from] move: Knock Off|[of] p1a: Iron Treads\n|\n|upkeep\n|turn|19\n|inactive|Time left: 300 sec this turn | 300 sec total\n|\n|t:|1783545485\n|move|p2a: Oricorio|Roost|p2a: Oricorio\n|-heal|p2a: Oricorio|63/100\n|-singleturn|p2a: Oricorio|move: Roost\n|move|p1a: Iron Treads|Earthquake|p2a: Oricorio\n|-damage|p2a: Oricorio|23/100\n|\n|upkeep\n|turn|20\n|inactive|Time left: 300 sec this turn | 300 sec total\n|\n|t:|1783545486\n|move|p2a: Oricorio|Roost|p2a: Oricorio\n|-heal|p2a: Oricorio|73/100\n|-singleturn|p2a: Oricorio|move: Roost\n|move|p1a: Iron Treads|Knock Off|p2a: Oricorio\n|-supereffective|p2a: Oricorio\n|-damage|p2a: Oricorio|37/100\n|\n|upkeep\n|turn|21\n|inactive|Time left: 300 sec this turn | 300 sec total\n|\n|t:|1783545487\n|move|p2a: Oricorio|Roost|p2a: Oricorio\n|-heal|p2a: Oricorio|87/100\n|-singleturn|p2a: Oricorio|move: Roost\n|move|p1a: Iron Treads|Knock Off|p2a: Oricorio\n|-supereffective|p2a: Oricorio\n|-damage|p2a: Oricorio|50/100\n|\n|upkeep\n|turn|22\n|inactive|Time left: 300 sec this turn | 300 sec total\n|\n|t:|1783545488\n|move|p2a: Oricorio|Roost|p2a: Oricorio\n|-heal|p2a: Oricorio|99/100\n|-singleturn|p2a: Oricorio|move: Roost\n|move|p1a: Iron Treads|Iron Head|p2a: Oricorio\n|-damage|p2a: Oricorio|63/100\n|\n|upkeep\n|turn|23\n|inactive|Time left: 300 sec this turn | 300 sec total\n|\n|t:|1783545488\n|-end|p1a: Iron Treads|Quark Drive|[silent]\n|switch|p1a: Chansey|Chansey, L85, F|195/564\n|-activate|p1a: Chansey|move: Sticky Web\n|-unboost|p1a: Chansey|spe|1\n|move|p2a: Oricorio|Revelation Dance|p1a: Chansey\n|-immune|p1a: Chansey\n|\n|upkeep\n|turn|24\n|inactive|Time left: 300 sec this turn | 300 sec total\n|\n|t:|1783545489\n|move|p2a: Oricorio|Quiver Dance|p2a: Oricorio\n|-boost|p2a: Oricorio|spa|1\n|-boost|p2a: Oricorio|spd|1\n|-boost|p2a: Oricorio|spe|1\n|move|p1a: Chansey|Thunder Wave|p2a: Oricorio\n|-status|p2a: Oricorio|par\n|\n|upkeep\n|turn|25\n|inactive|Time left: 300 sec this turn | 300 sec total\n|\n|t:|1783545490\n|cant|p2a: Oricorio|par\n|move|p1a: Chansey|Soft-Boiled|p1a: Chansey\n|-heal|p1a: Chansey|477/564\n|\n|upkeep\n|turn|26\n|inactive|Time left: 300 sec this turn | 300 sec total\n|\n|t:|1783545491\n|switch|p1a: Iron Treads|Iron Treads, L77|265/265\n|-activate|p1a: Iron Treads|move: Sticky Web\n|-unboost|p1a: Iron Treads|spe|1\n|move|p2a: Oricorio|Quiver Dance|p2a: Oricorio\n|-boost|p2a: Oricorio|spa|1\n|-boost|p2a: Oricorio|spd|1\n|-boost|p2a: Oricorio|spe|1\n|\n|upkeep\n|turn|27\n|inactive|Time left: 300 sec this turn | 300 sec total\n|\n|t:|1783545492\n|move|p2a: Oricorio|Revelation Dance|p1a: Iron Treads\n|-damage|p1a: Iron Treads|13/265\n|move|p1a: Iron Treads|Knock Off|p2a: Oricorio\n|-supereffective|p2a: Oricorio\n|-damage|p2a: Oricorio|27/100 par\n|\n|upkeep\n|turn|28\n|inactive|Time left: 300 sec this turn | 300 sec total\n|\n|t:|1783545493\n|cant|p2a: Oricorio|par\n|move|p1a: Iron Treads|Iron Head|p2a: Oricorio\n|-damage|p2a: Oricorio|0 fnt\n|faint|p2a: Oricorio\n|\n|win|p0x488f2c4", "uploadtime": 1783545493, "views": 0, "rating": 0, "private": 0, "password": null, "_winner": "p0x488f2c4", "_our_name": "p0x488f2c4"}