{"id": "battle-gen9randombattle-20", "formatid": "gen9randombattle", "format": "[Gen 9] Random Battle", "players": ["p0x020aadf", "p0y020e401"], "log": "|init|battle\n|title|p0x020aadf vs. p0y020e401\n|j|\u2606p0x020aadf\n|j|\u2606p0y020e401\n|t:|1783533488\n|gametype|singles\n|player|p1|p0x020aadf|170|\n|player|p2|p0y020e401|101|\n|gen|9\n|tier|[Gen 9] Random Battle\n|rule|Species Clause: Limit one of each Pok\u00e9mon\n|rule|HP Percentage Mod: HP is shown in percentages\n|rule|Sleep Clause Mod: Limit one foe put to sleep\n|rule|Illusion Level Mod: Illusion disguises the Pok\u00e9mon's true level\n|\n|t:|1783533488\n|teamsize|p1|6\n|teamsize|p2|6\n|start\n|switch|p1a: Sandaconda|Sandaconda, L84, F|100/100\n|switch|p2a: Iron Valiant|Iron Valiant, L78|244/244\n|turn|1\n|inactive|Battle timer is ON: inactive players will automatically lose when time's up. (requested by p0y020e401)\n|inactive|p0x020aadf also wants the timer to be on.\n|\n|t:|1783533490\n|move|p2a: Iron Valiant|Swords Dance|p2a: Iron Valiant\n|-boost|p2a: Iron Valiant|atk|2\n|move|p1a: Sandaconda|Earthquake|p2a: Iron Valiant\n|-damage|p2a: Iron Valiant|130/244\n|\n|upkeep\n|turn|2\n|inactive|Time left: 300 sec this turn | 300 sec total\n|\n|t:|1783533491\n|switch|p1a: Houndstone|Houndstone, L86, F|100/100\n|move|p2a: Iron Valiant|Close Combat|p1a: Houndstone\n|-immune|p1a: Houndstone\n|\n|upkeep\n|turn|3\n|inactive|Time left: 300 sec this turn | 300 sec total\n|\n|t:|1783533492\n|move|p2a: Iron Valiant|Knock Off|p1a: Houndstone\n|-supereffective|p1a: Houndstone\n|-damage|p1a: Houndstone|40/100\n|-enditem|p1a: Houndstone|Leftovers|[from] move: Knock Off|[of] p2a: Iron Valiant\n|-damage|p2a: Iron Valiant|106/244|[from] item: Life Orb\n|move|p1a: Houndstone|Poltergeist|p2a: Iron Valiant|[miss]\n|-miss|p1a: Houndstone|p2a: Iron Valiant\n|\n|upkeep\n|turn|4\n|inactive|Time left: 300 sec this turn | 300 sec total\n|\n|t:|1783533493\n|move|p2a: Iron Valiant|Knock Off|p1a: Houndstone\n|-supereffective|p1a: Houndstone\n|-damage|p1a: Houndstone|0 fnt\n|faint|p1a: Houndstone\n|-damage|p2a: Iron Valiant|82/244|[from] item: Life Orb\n|\n|upkeep\n|\n|t:|1783533494\n|switch|p1a: Wugtrio|Wugtrio, L91, F|100/100\n|turn|5\n|inactive|Time left: 300 sec this turn | 300 sec total\n|\n|t:|1783533495\n|move|p1a: Wugtrio|Liquidation|p2a: Iron Valiant\n|-damage|p2a: Iron Valiant|0 fnt\n|faint|p2a: Iron Valiant\n|-end|p2a: Iron Valiant|Quark Drive|[silent]\n|\n|upkeep\n|inactive|Time left: 300 sec this turn | 300 sec total | 5 sec grace\n|\n|t:|1783533496\n|switch|p2a: Skarmory|Skarmory, L80, M|235/235\n|turn|6\n|inactive|Time left: 300 sec this turn | 300 sec total\n|\n|t:|1783533497\n|move|p1a: Wugtrio|Liquidation|p2a: Skarmory\n|-damage|p2a: Skarmory|123/235\n|move|p2a: Skarmory|Brave Bird|p1a: Wugtrio\n|-damage|p1a: Wugtrio|35/100\n|-ability|p1a: Wugtrio|Gooey\n|-unboost|p2a: Skarmory|spe|1\n|-damage|p2a: Skarmory|77/235|[from] Recoil\n|\n|-heal|p2a: Skarmory|91/235|[from] item: Leftovers\n|upkeep\n|turn|7\n|inactive|Time left: 300 sec this turn | 300 sec total\n|\n|t:|1783533498\n|-terastallize|p2a: Skarmory|Dragon\n|move|p1a: Wugtrio|Liquidation|p2a: Skarmory\n|-resisted|p2a: Skarmory\n|-damage|p2a: Skarmory|34/235\n|-unboost|p2a: Skarmory|def|1\n|move|p2a: Skarmory|Roost|p2a: Skarmory\n|-heal|p2a: Skarmory|152/235\n|\n|-heal|p2a: Skarmory|166/235|[from] item: Leftovers\n|upkeep\n|turn|8\n|inactive|Time left: 300 sec this turn | 300 sec total\n|\n|t:|1783533499\n|move|p1a: Wugtrio|Liquidation|p2a: Skarmory\n|-resisted|p2a: Skarmory\n|-damage|p2a: Skarmory|73/235\n|move|p2a: Skarmory|Brave Bird|p1a: Wugtrio\n|-damage|p1a: Wugtrio|0 fnt\n|-ability|p1a: Wugtrio|Gooey\n|-unboost|p2a: Skarmory|spe|1\n|faint|p1a: Wugtrio\n|-damage|p2a: Skarmory|49/235|[from] Recoil\n|\n|-heal|p2a: Skarmory|63/235|[from] item: Leftovers\n|upkeep\n|\n|t:|1783533501\n|switch|p1a: Lycanroc|Lycanroc-Midnight, L89, M|100/100\n|turn|9\n|inactive|Time left: 300 sec this turn | 300 sec total\n|\n|t:|1783533502\n|switch|p2a: Carbink|Carbink, L90|236/236\n|move|p1a: Lycanroc|Stone Edge|p2a: Carbink\n|-damage|p2a: Carbink|109/236\n|\n|upkeep\n|turn|10\n|inactive|Time left: 300 sec this turn | 300 sec total\n|\n|t:|1783533503\n|switch|p2a: Skarmory|Skarmory, L80, M, tera:Dragon|63/235\n|move|p1a: Lycanroc|Stone Edge|p2a: Skarmory\n|-damage|p2a: Skarmory|0 fnt\n|faint|p2a: Skarmory\n|\n|upkeep\n|inactive|Time left: 300 sec this turn | 300 sec total | 5 sec grace\n|\n|t:|1783533504\n|switch|p2a: Grumpig|Grumpig, L92, F|297/297\n|turn|11\n|inactive|Time left: 300 sec this turn | 300 sec total\n|\n|t:|1783533505\n|move|p2a: Grumpig|Focus Blast|p1a: Lycanroc\n|-supereffective|p1a: Lycanroc\n|-damage|p1a: Lycanroc|5/100\n|move|p1a: Lycanroc|Stone Edge|p2a: Grumpig\n|-damage|p2a: Grumpig|74/297\n|\n|upkeep\n|turn|12\n|inactive|Time left: 300 sec this turn | 300 sec total\n|\n|t:|1783533506\n|switch|p1a: Victreebel|Victreebel, L90, F|100/100\n|move|p2a: Grumpig|Focus Blast|p1a: Victreebel|[miss]\n|-miss|p2a: Grumpig|p1a: Victreebel\n|\n|upkeep\n|turn|13\n|inactive|Time left: 300 sec this turn | 300 sec total\n|\n|t:|1783533507\n|move|p2a: Grumpig|Focus Blast|p1a: Victreebel\n|-resisted|p1a: Victreebel\n|-damage|p1a: Victreebel|75/100\n|move|p1a: Victreebel|Swords Dance|p1a: Victreebel\n|-boost|p1a: Victreebel|atk|2\n|\n|upkeep\n|turn|14\n|inactive|Time left: 300 sec this turn | 300 sec total\n|\n|t:|1783533508\n|move|p2a: Grumpig|Focus Blast|p1a: Victreebel\n|-resisted|p1a: Victreebel\n|-damage|p1a: Victreebel|46/100\n|-unboost|p1a: Victreebel|spd|1\n|move|p1a: Victreebel|Poison Jab|p2a: Grumpig\n|-damage|p2a: Grumpig|0 fnt\n|faint|p2a: Grumpig\n|-damage|p1a: Victreebel|36/100|[from] item: Life Orb\n|\n|upkeep\n|inactive|Time left: 300 sec this turn | 300 sec total | 5 sec grace\n|\n|t:|1783533510\n|switch|p2a: Arceus|Arceus-Ice, L72|291/291\n|turn|15\n|inactive|Time left: 300 sec this turn | 300 sec total\n|\n|t:|1783533511\n|switch|p1a: Crabominable|Crabominable, L90, F|100/100\n|move|p2a: Arceus|Judgment|p1a: Crabominable\n|-resisted|p1a: Crabominable\n|-damage|p1a: Crabominable|81/100\n|\n|upkeep\n|turn|16\n|inactive|Time left: 300 sec this turn | 300 sec total\n|\n|t:|1783533512\n|move|p2a: Arceus|Judgment|p1a: Crabominable\n|-resisted|p1a: Crabominable\n|-damage|p1a: Crabominable|62/100\n|move|p1a: Crabominable|Close Combat|p2a: Arceus\n|-supereffective|p2a: Arceus\n|-damage|p2a: Arceus|0 fnt\n|-unboost|p1a: Crabominable|def|1\n|-unboost|p1a: Crabominable|spd|1\n|faint|p2a: Arceus\n|\n|upkeep\n|inactive|Time left: 300 sec this turn | 300 sec total | 5 sec grace\n|\n|t:|1783533513\n|switch|p2a: Carbink|Carbink, L90|109/236\n|turn|17\n|inactive|Time left: 300 sec this turn | 300 sec total\n|\n|t:|1783533514\n|switch|p1a: Victreebel|Victreebel, L90, F|36/100\n|move|p2a: Carbink|Moonblast|p1a: Victreebel\n|-resisted|p1a: Victreebel\n|-damage|p1a: Victreebel|23/100\n|\n|upkeep\n|turn|18\n|inactive|Time left: 300 sec this turn | 300 sec total\n|\n|t:|1783533515\n|move|p1a: Victreebel|Power Whip|p2a: Carbink\n|-supereffective|p2a: Carbink\n|-damage|p2a: Carbink|0 fnt\n|faint|p2a: Carbink\n|-damage|p1a: Victreebel|13/100|[from] item: Life Orb\n|\n|upkeep\n|inactive|Time left: 300 sec this turn | 300 sec total | 5 sec grace\n|\n|t:|1783533516\n|switch|p2a: Terapagos|Terapagos, L77, F|265/265\n|-activate|p2a: Terapagos|ability: Tera Shift\n|detailschange|p2a: Terapagos|Terapagos-Terastal, L77, F\n|-heal|p2a: Terapagos|273/273|[silent]\n|turn|19\n|inactive|Time left: 300 sec this turn | 300 sec total\n|\n|t:|1783533517\n|move|p1a: Victreebel|Power Whip|p2a: Terapagos\n|-activate|p2a: Terapagos|ability: Tera Shell\n|-resisted|p2a: Terapagos\n|-damage|p2a: Terapagos|187/273\n|-damage|p1a: Victreebel|3/100|[from] item: Life Orb\n|move|p2a: Terapagos|Rest|p2a: Terapagos\n|-status|p2a: Terapagos|slp|[from] move: Rest\n|-heal|p2a: Terapagos|273/273 slp|[silent]\n|-enditem|p2a: Terapagos|Chesto Berry|[eat]\n|-curestatus|p2a: Terapagos|slp|[msg]\n|\n|upkeep\n|turn|20\n|inactive|Time left: 300 sec this turn | 300 sec total\n|\n|t:|1783533518\n|move|p1a: Victreebel|Power Whip|p2a: Terapagos\n|-activate|p2a: Terapagos|ability: Tera Shell\n|-resisted|p2a: Terapagos\n|-damage|p2a: Terapagos|176/273\n|-damage|p1a: Victreebel|0 fnt|[from] item: Life Orb\n|faint|p1a: Victreebel\n|move|p2a: Terapagos|Calm Mind|p2a: Terapagos\n|-boost|p2a: Terapagos|spa|1\n|-boost|p2a: Terapagos|spd|1\n|\n|upkeep\n|\n|t:|1783533519\n|switch|p1a: Lycanroc|Lycanroc-Midnight, L89, M|5/100\n|turn|21\n|inactive|Time left: 300 sec this turn | 300 sec total\n|\n|t:|1783533520\n|move|p1a: Lycanroc|Close Combat|p2a: Terapagos\n|-supereffective|p2a: Terapagos\n|-damage|p2a: Terapagos|0 fnt\n|-unboost|p1a: Lycanroc|def|1\n|-unboost|p1a: Lycanroc|spd|1\n|faint|p2a: Terapagos\n|\n|win|p0x020aadf", "uploadtime": 1783533520, "views": 0, "rating": 0, "private": 0, "password": null, "_winner": "p0x020aadf", "_our_name": "p0y020e401"}