{"id": "battle-gen9randombattle-2742", "formatid": "gen9randombattle", "format": "[Gen 9] Random Battle", "players": ["p0x27420c0b", "p0y2742cb1f"], "log": "|init|battle\n|title|p0x27420c0b vs. p0y2742cb1f\n|j|\u2606p0x27420c0b\n|j|\u2606p0y2742cb1f\n|t:|1783570609\n|gametype|singles\n|player|p1|p0x27420c0b|1|\n|player|p2|p0y2742cb1f|2|\n|gen|9\n|tier|[Gen 9] Random Battle\n|rule|Species Clause: Limit one of each Pok\u00e9mon\n|rule|HP Percentage Mod: HP is shown in percentages\n|rule|Sleep Clause Mod: Limit one foe put to sleep\n|rule|Illusion Level Mod: Illusion disguises the Pok\u00e9mon's true level\n|\n|t:|1783570609\n|teamsize|p1|6\n|teamsize|p2|6\n|start\n|switch|p1a: Raichu|Raichu, L88, F|249/249\n|switch|p2a: Poliwrath|Poliwrath, L88, M|100/100\n|turn|1\n|inactive|Battle timer is ON: inactive players will automatically lose when time's up. (requested by p0y2742cb1f)\n|inactive|Time left: 300 sec this turn | 300 sec total | 60 sec grace\n|inactive|p0x27420c0b also wants the timer to be on.\n|\n|t:|1783570610\n|move|p1a: Raichu|Thunderbolt|p2a: Poliwrath\n|-supereffective|p2a: Poliwrath\n|-damage|p2a: Poliwrath|62/100\n|move|p2a: Poliwrath|Liquidation|p1a: Raichu\n|-damage|p1a: Raichu|123/249\n|-unboost|p1a: Raichu|def|1\n|\n|upkeep\n|turn|2\n|inactive|Time left: 300 sec this turn | 300 sec total\n|\n|t:|1783570612\n|move|p1a: Raichu|Volt Switch|p2a: Poliwrath\n|-supereffective|p2a: Poliwrath\n|-damage|p2a: Poliwrath|30/100\n|inactive|Time left: 300 sec this turn | 300 sec total | 5 sec grace\n|\n|t:|1783570612\n|switch|p1a: Rayquaza|Rayquaza, L72|270/270|[from] Volt Switch\n|-ability|p1a: Rayquaza|Air Lock\n|move|p2a: Poliwrath|Knock Off|p1a: Rayquaza\n|-crit|p1a: Rayquaza\n|-damage|p1a: Rayquaza|135/270\n|-enditem|p1a: Rayquaza|Loaded Dice|[from] move: Knock Off|[of] p2a: Poliwrath\n|\n|upkeep\n|turn|3\n|inactive|Time left: 300 sec this turn | 300 sec total\n|\n|t:|1783570614\n|move|p1a: Rayquaza|Dragon Ascent|p2a: Poliwrath\n|-supereffective|p2a: Poliwrath\n|-damage|p2a: Poliwrath|0 fnt\n|-unboost|p1a: Rayquaza|def|1\n|-unboost|p1a: Rayquaza|spd|1\n|faint|p2a: Poliwrath\n|\n|upkeep\n|\n|t:|1783570614\n|switch|p2a: Roaring Moon|Roaring Moon, L72|100/100\n|turn|4\n|inactive|Time left: 300 sec this turn | 300 sec total\n|\n|t:|1783570616\n|switch|p1a: Virizion|Virizion, L82|283/283\n|move|p2a: Roaring Moon|Outrage|p1a: Virizion\n|-damage|p1a: Virizion|70/283\n|\n|upkeep\n|turn|5\n|inactive|Time left: 300 sec this turn | 300 sec total\n|\n|t:|1783570617\n|move|p1a: Virizion|Close Combat|p2a: Roaring Moon\n|-supereffective|p2a: Roaring Moon\n|-damage|p2a: Roaring Moon|0 fnt\n|-unboost|p1a: Virizion|def|1\n|-unboost|p1a: Virizion|spd|1\n|faint|p2a: Roaring Moon\n|-end|p2a: Roaring Moon|Protosynthesis|[silent]\n|-damage|p1a: Virizion|42/283|[from] item: Life Orb\n|\n|upkeep\n|\n|t:|1783570618\n|switch|p2a: Polteageist|Polteageist, L78|100/100\n|turn|6\n|inactive|Time left: 300 sec this turn | 300 sec total\n|\n|t:|1783570619\n|move|p1a: Virizion|Leaf Blade|p2a: Polteageist\n|-damage|p2a: Polteageist|37/100\n|-start|p1a: Virizion|Disable|Leaf Blade|[from] ability: Cursed Body|[of] p2a: Polteageist\n|-damage|p1a: Virizion|14/283|[from] item: Life Orb\n|move|p2a: Polteageist|Shell Smash|p2a: Polteageist\n|-unboost|p2a: Polteageist|def|1\n|-unboost|p2a: Polteageist|spd|1\n|-boost|p2a: Polteageist|atk|2\n|-boost|p2a: Polteageist|spa|2\n|-boost|p2a: Polteageist|spe|2\n|-enditem|p2a: Polteageist|White Herb\n|-clearnegativeboost|p2a: Polteageist|[silent]\n|\n|upkeep\n|turn|7\n|inactive|Time left: 300 sec this turn | 300 sec total\n|\n|t:|1783570620\n|move|p2a: Polteageist|Strength Sap|p1a: Virizion\n|-unboost|p1a: Virizion|atk|1\n|-heal|p2a: Polteageist|100/100\n|move|p1a: Virizion|Stone Edge|p2a: Polteageist|[miss]\n|-miss|p1a: Virizion|p2a: Polteageist\n|\n|upkeep\n|turn|8\n|inactive|Time left: 300 sec this turn | 300 sec total\n|\n|t:|1783570621\n|move|p2a: Polteageist|Shadow Ball|p1a: Virizion\n|-damage|p1a: Virizion|0 fnt\n|faint|p1a: Virizion\n|\n|upkeep\n|inactive|Time left: 300 sec this turn | 300 sec total | 5 sec grace\n|\n|t:|1783570622\n|switch|p1a: Volbeat|Volbeat, L90, M|263/263\n|turn|9\n|inactive|Time left: 300 sec this turn | 300 sec total\n|\n|t:|1783570623\n|move|p1a: Volbeat|Thunder Wave|p2a: Polteageist\n|-status|p2a: Polteageist|par\n|cant|p2a: Polteageist|par\n|\n|upkeep\n|turn|10\n|inactive|Time left: 300 sec this turn | 300 sec total\n|\n|t:|1783570624\n|move|p1a: Volbeat|Lunge|p2a: Polteageist\n|-resisted|p2a: Polteageist\n|-damage|p2a: Polteageist|76/100 par\n|-unboost|p2a: Polteageist|atk|1\n|move|p2a: Polteageist|Shadow Ball|p1a: Volbeat\n|-damage|p1a: Volbeat|76/263\n|\n|upkeep\n|turn|11\n|inactive|Time left: 300 sec this turn | 300 sec total\n|\n|t:|1783570625\n|move|p1a: Volbeat|Lunge|p2a: Polteageist\n|-resisted|p2a: Polteageist\n|-damage|p2a: Polteageist|52/100 par\n|-unboost|p2a: Polteageist|atk|1\n|move|p2a: Polteageist|Shell Smash|p2a: Polteageist\n|-unboost|p2a: Polteageist|def|1\n|-unboost|p2a: Polteageist|spd|1\n|-boost|p2a: Polteageist|atk|2\n|-boost|p2a: Polteageist|spa|2\n|-boost|p2a: Polteageist|spe|2\n|\n|upkeep\n|turn|12\n|inactive|Time left: 300 sec this turn | 300 sec total\n|\n|t:|1783570626\n|move|p1a: Volbeat|Encore|p2a: Polteageist\n|-start|p2a: Polteageist|Encore\n|move|p2a: Polteageist|Shell Smash|p2a: Polteageist\n|-unboost|p2a: Polteageist|def|1\n|-unboost|p2a: Polteageist|spd|1\n|-boost|p2a: Polteageist|atk|2\n|-boost|p2a: Polteageist|spa|2\n|-boost|p2a: Polteageist|spe|2\n|\n|upkeep\n|turn|13\n|inactive|Time left: 300 sec this turn | 300 sec total\n|\n|t:|1783570627\n|cant|p2a: Polteageist|par\n|move|p1a: Volbeat|Lunge|p2a: Polteageist\n|-resisted|p2a: Polteageist\n|-crit|p2a: Polteageist\n|-damage|p2a: Polteageist|0 fnt\n|faint|p2a: Polteageist\n|\n|upkeep\n|\n|t:|1783570628\n|switch|p2a: Basculin|Basculin-Blue-Striped, L86, M|100/100\n|turn|14\n|inactive|Time left: 300 sec this turn | 300 sec total\n|\n|t:|1783570629\n|move|p1a: Volbeat|Thunder Wave|p2a: Basculin\n|-status|p2a: Basculin|par\n|move|p2a: Basculin|Wave Crash|p1a: Volbeat\n|-damage|p1a: Volbeat|0 fnt\n|faint|p1a: Volbeat\n|-damage|p2a: Basculin|91/100 par|[from] Recoil\n|\n|upkeep\n|inactive|Time left: 300 sec this turn | 300 sec total | 5 sec grace\n|\n|t:|1783570630\n|switch|p1a: Raichu|Raichu, L88, F|123/249\n|turn|15\n|inactive|Time left: 300 sec this turn | 300 sec total\n|\n|t:|1783570631\n|switch|p2a: Dusknoir|Dusknoir, L89, M|100/100\n|-item|p1a: Raichu|Heavy-Duty Boots|[from] ability: Frisk|[of] p2a: Dusknoir\n|move|p1a: Raichu|Thunderbolt|p2a: Dusknoir\n|-damage|p2a: Dusknoir|70/100\n|\n|-heal|p2a: Dusknoir|76/100|[from] item: Leftovers\n|upkeep\n|turn|16\n|inactive|Time left: 300 sec this turn | 300 sec total\n|\n|t:|1783570632\n|switch|p1a: Rayquaza|Rayquaza, L72|135/270\n|-ability|p1a: Rayquaza|Air Lock\n|move|p2a: Dusknoir|Poltergeist||[still]\n|-fail|p2a: Dusknoir\n|\n|-heal|p2a: Dusknoir|82/100|[from] item: Leftovers\n|upkeep\n|turn|17\n|inactive|Time left: 300 sec this turn | 300 sec total\n|\n|t:|1783570633\n|move|p1a: Rayquaza|Swords Dance|p1a: Rayquaza\n|-boost|p1a: Rayquaza|atk|2\n|move|p2a: Dusknoir|Will-O-Wisp|p1a: Rayquaza\n|-status|p1a: Rayquaza|brn\n|\n|-heal|p2a: Dusknoir|88/100|[from] item: Leftovers\n|-damage|p1a: Rayquaza|119/270 brn|[from] brn\n|upkeep\n|turn|18\n|inactive|Time left: 300 sec this turn | 300 sec total\n|\n|t:|1783570635\n|move|p2a: Dusknoir|Shadow Sneak|p1a: Rayquaza\n|-damage|p1a: Rayquaza|59/270 brn\n|move|p1a: Rayquaza|Swords Dance|p1a: Rayquaza\n|-boost|p1a: Rayquaza|atk|2\n|\n|-heal|p2a: Dusknoir|95/100|[from] item: Leftovers\n|-damage|p1a: Rayquaza|43/270 brn|[from] brn\n|upkeep\n|turn|19\n|inactive|Time left: 300 sec this turn | 300 sec total\n|\n|t:|1783570636\n|move|p2a: Dusknoir|Shadow Sneak|p1a: Rayquaza\n|-damage|p1a: Rayquaza|0 fnt\n|faint|p1a: Rayquaza\n|\n|-heal|p2a: Dusknoir|100/100|[from] item: Leftovers\n|upkeep\n|inactive|Time left: 300 sec this turn | 300 sec total | 5 sec grace\n|\n|t:|1783570637\n|switch|p1a: Haxorus|Haxorus, L77, F|244/244\n|-ability|p1a: Haxorus|Mold Breaker\n|turn|20\n|inactive|Time left: 300 sec this turn | 300 sec total\n|\n|t:|1783570638\n|move|p1a: Haxorus|Outrage|p2a: Dusknoir\n|-damage|p2a: Dusknoir|56/100\n|move|p2a: Dusknoir|Poltergeist|p1a: Haxorus\n|-activate|p1a: Haxorus|move: Poltergeist|Lum Berry\n|-damage|p1a: Haxorus|109/244\n|\n|-heal|p2a: Dusknoir|62/100|[from] item: Leftovers\n|upkeep\n|turn|21\n|inactive|Time left: 300 sec this turn | 300 sec total\n|\n|t:|1783570638\n|move|p1a: Haxorus|Outrage|p2a: Dusknoir|[from] lockedmove\n|-crit|p2a: Dusknoir\n|-damage|p2a: Dusknoir|0 fnt\n|faint|p2a: Dusknoir\n|-start|p1a: Haxorus|confusion|[fatigue]\n|-enditem|p1a: Haxorus|Lum Berry|[eat]\n|-end|p1a: Haxorus|confusion\n|\n|upkeep\n|\n|t:|1783570639\n|switch|p2a: Hitmonchan|Hitmonchan, L87, M|100/100\n|turn|22\n|inactive|Time left: 300 sec this turn | 300 sec total\n|\n|t:|1783570640\n|move|p1a: Haxorus|Outrage|p2a: Hitmonchan\n|-damage|p2a: Hitmonchan|28/100\n|move|p2a: Hitmonchan|Drain Punch|p1a: Haxorus\n|-damage|p1a: Haxorus|0 fnt\n|-heal|p2a: Hitmonchan|52/100|[from] drain|[of] p1a: Haxorus\n|faint|p1a: Haxorus\n|\n|-heal|p2a: Hitmonchan|58/100|[from] item: Leftovers\n|upkeep\n|inactive|Time left: 300 sec this turn | 300 sec total | 5 sec grace\n|\n|t:|1783570641\n|switch|p1a: Swanna|Swanna, L89, M|278/278\n|turn|23\n|inactive|Time left: 300 sec this turn | 300 sec total\n|\n|t:|1783570643\n|-terastallize|p2a: Hitmonchan|Steel\n|move|p1a: Swanna|Brave Bird|p2a: Hitmonchan\n|-resisted|p2a: Hitmonchan\n|-damage|p2a: Hitmonchan|28/100\n|-damage|p1a: Swanna|255/278|[from] Recoil\n|move|p2a: Hitmonchan|Drain Punch|p1a: Swanna\n|-resisted|p1a: Swanna\n|-damage|p1a: Swanna|186/278\n|-heal|p2a: Hitmonchan|43/100|[from] drain|[of] p1a: Swanna\n|\n|-heal|p2a: Hitmonchan|49/100|[from] item: Leftovers\n|upkeep\n|turn|24\n|inactive|Time left: 300 sec this turn | 300 sec total\n|\n|t:|1783570644\n|move|p1a: Swanna|Hydro Pump|p2a: Hitmonchan\n|-damage|p2a: Hitmonchan|7/100\n|move|p2a: Hitmonchan|Rapid Spin|p1a: Swanna\n|-damage|p1a: Swanna|137/278\n|-boost|p2a: Hitmonchan|spe|1\n|\n|-heal|p2a: Hitmonchan|13/100|[from] item: Leftovers\n|upkeep\n|turn|25\n|inactive|Time left: 300 sec this turn | 300 sec total\n|\n|t:|1783570645\n|move|p2a: Hitmonchan|Knock Off|p1a: Swanna\n|-damage|p1a: Swanna|36/278\n|-enditem|p1a: Swanna|Heavy-Duty Boots|[from] move: Knock Off|[of] p2a: Hitmonchan\n|move|p1a: Swanna|Brave Bird|p2a: Hitmonchan\n|-resisted|p2a: Hitmonchan\n|-damage|p2a: Hitmonchan|0 fnt\n|faint|p2a: Hitmonchan\n|-damage|p1a: Swanna|26/278|[from] Recoil\n|\n|upkeep\n|\n|t:|1783570646\n|switch|p2a: Basculin|Basculin-Blue-Striped, L86, M|91/100 par\n|turn|26\n|inactive|Time left: 300 sec this turn | 300 sec total\n|\n|t:|1783570646\n|-terastallize|p1a: Swanna|Ground\n|move|p2a: Basculin|Aqua Jet|p1a: Swanna\n|-supereffective|p1a: Swanna\n|-damage|p1a: Swanna|0 fnt\n|faint|p1a: Swanna\n|\n|upkeep\n|inactive|Time left: 300 sec this turn | 300 sec total | 5 sec grace\n|\n|t:|1783570647\n|switch|p1a: Raichu|Raichu, L88, F|123/249\n|turn|27\n|inactive|Time left: 300 sec this turn | 300 sec total\n|\n|t:|1783570648\n|move|p2a: Basculin|Aqua Jet|p1a: Raichu\n|-damage|p1a: Raichu|5/249\n|move|p1a: Raichu|Thunderbolt|p2a: Basculin\n|-supereffective|p2a: Basculin\n|-damage|p2a: Basculin|0 fnt\n|faint|p2a: Basculin\n|\n|win|p0x27420c0b", "uploadtime": 1783570648, "views": 0, "rating": 0, "private": 0, "password": null, "_winner": "p0x27420c0b", "_our_name": "p0x27420c0b"}