{"id": "battle-gen9randombattle-17", "formatid": "gen9randombattle", "format": "[Gen 9] Random Battle", "players": ["p0x017a511", "p0y017a48c"], "log": "|init|battle\n|title|p0x017a511 vs. p0y017a48c\n|j|\u2606p0x017a511\n|j|\u2606p0y017a48c\n|t:|1783534018\n|gametype|singles\n|player|p1|p0x017a511|101|\n|player|p2|p0y017a48c|266|\n|gen|9\n|tier|[Gen 9] Random Battle\n|rule|Species Clause: Limit one of each Pok\u00e9mon\n|rule|HP Percentage Mod: HP is shown in percentages\n|rule|Sleep Clause Mod: Limit one foe put to sleep\n|rule|Illusion Level Mod: Illusion disguises the Pok\u00e9mon's true level\n|\n|t:|1783534018\n|teamsize|p1|6\n|teamsize|p2|6\n|start\n|switch|p1a: Ditto|Ditto, L87|225/225\n|switch|p2a: Kricketune|Kricketune, L99, F|100/100\n|-transform|p1a: Ditto|p2a: Kricketune|[from] ability: Imposter\n|turn|1\n|inactive|Battle timer is ON: inactive players will automatically lose when time's up. (requested by p0y017a48c)\n|inactive|Time left: 300 sec this turn | 300 sec total | 60 sec grace\n|inactive|p0x017a511 also wants the timer to be on.\n|\n|t:|1783534019\n|move|p1a: Ditto|Sticky Web|p2a: Kricketune\n|-sidestart|p2: p0y017a48c|move: Sticky Web\n|move|p2a: Kricketune|Sticky Web|p1a: Ditto\n|-sidestart|p1: p0x017a511|move: Sticky Web\n|\n|upkeep\n|turn|2\n|inactive|Time left: 300 sec this turn | 300 sec total\n|\n|t:|1783534019\n|switch|p1a: Rotom|Rotom-Fan, L86|226/226\n|move|p2a: Kricketune|Knock Off|p1a: Rotom\n|-damage|p1a: Rotom|159/226\n|-enditem|p1a: Rotom|Heavy-Duty Boots|[from] move: Knock Off|[of] p2a: Kricketune\n|\n|upkeep\n|turn|3\n|inactive|Time left: 300 sec this turn | 300 sec total\n|\n|t:|1783534020\n|move|p1a: Rotom|Air Slash|p2a: Kricketune\n|-supereffective|p2a: Kricketune\n|-crit|p2a: Kricketune\n|-enditem|p2a: Kricketune|Focus Sash\n|-damage|p2a: Kricketune|1/100\n|move|p2a: Kricketune|Pounce|p1a: Rotom\n|-resisted|p1a: Rotom\n|-damage|p1a: Rotom|121/226\n|-unboost|p1a: Rotom|spe|1\n|\n|upkeep\n|turn|4\n|inactive|Time left: 300 sec this turn | 300 sec total\n|\n|t:|1783534021\n|move|p2a: Kricketune|Pounce|p1a: Rotom\n|-resisted|p1a: Rotom\n|-damage|p1a: Rotom|77/226\n|-unboost|p1a: Rotom|spe|1\n|move|p1a: Rotom|Volt Switch|p2a: Kricketune\n|-damage|p2a: Kricketune|0 fnt\n|faint|p2a: Kricketune\n|inactive|Time left: 300 sec this turn | 300 sec total | 5 sec grace\n|\n|t:|1783534021\n|switch|p1a: Regice|Regice, L88|284/284|[from] Volt Switch\n|\n|upkeep\n|\n|t:|1783534022\n|switch|p2a: Koraidon|Koraidon, L64|100/100\n|-activate|p2a: Koraidon|move: Sticky Web\n|-unboost|p2a: Koraidon|spe|1\n|-weather|SunnyDay|[from] ability: Orichalcum Pulse|[of] p2a: Koraidon\n|-activate|p2a: Koraidon|Orichalcum Pulse|[source]\n|turn|5\n|inactive|Time left: 300 sec this turn | 300 sec total\n|\n|t:|1783534023\n|move|p2a: Koraidon|Close Combat|p1a: Regice\n|-supereffective|p1a: Regice\n|-damage|p1a: Regice|0 fnt\n|-unboost|p2a: Koraidon|def|1\n|-unboost|p2a: Koraidon|spd|1\n|faint|p1a: Regice\n|\n|-weather|SunnyDay|[upkeep]\n|upkeep\n|inactive|Time left: 300 sec this turn | 300 sec total | 5 sec grace\n|\n|t:|1783534023\n|switch|p1a: Venomoth|Venomoth, L84, F|255/255\n|turn|6\n|inactive|Time left: 300 sec this turn | 300 sec total\n|\n|t:|1783534024\n|switch|p2a: Emboar|Emboar, L84, M|100/100\n|-activate|p2a: Emboar|move: Sticky Web\n|-unboost|p2a: Emboar|spe|1\n|move|p1a: Venomoth|Quiver Dance|p1a: Venomoth\n|-boost|p1a: Venomoth|spa|1\n|-boost|p1a: Venomoth|spd|1\n|-boost|p1a: Venomoth|spe|1\n|\n|-weather|SunnyDay|[upkeep]\n|upkeep\n|turn|7\n|inactive|Time left: 300 sec this turn | 300 sec total\n|\n|t:|1783534026\n|move|p1a: Venomoth|Sleep Powder|p2a: Emboar\n|-status|p2a: Emboar|slp|[from] move: Sleep Powder\n|cant|p2a: Emboar|slp\n|\n|-weather|SunnyDay|[upkeep]\n|upkeep\n|turn|8\n|inactive|Time left: 300 sec this turn | 300 sec total\n|\n|t:|1783534027\n|move|p1a: Venomoth|Sludge Wave|p2a: Emboar\n|-damage|p2a: Emboar|64/100 slp\n|cant|p2a: Emboar|slp\n|\n|-weather|SunnyDay|[upkeep]\n|upkeep\n|turn|9\n|inactive|Time left: 300 sec this turn | 300 sec total\n|\n|t:|1783534028\n|move|p1a: Venomoth|Sludge Wave|p2a: Emboar\n|-damage|p2a: Emboar|27/100 slp\n|-curestatus|p2a: Emboar|slp|[msg]\n|move|p2a: Emboar|Flare Blitz|p1a: Venomoth\n|-supereffective|p1a: Venomoth\n|-damage|p1a: Venomoth|0 fnt\n|faint|p1a: Venomoth\n|-damage|p2a: Emboar|0 fnt|[from] Recoil\n|faint|p2a: Emboar\n|\n|-weather|none\n|upkeep\n|inactive|Time left: 300 sec this turn | 300 sec total | 5 sec grace\n|\n|t:|1783534029\n|switch|p1a: Rotom|Rotom-Fan, L86|77/226\n|switch|p2a: Zapdos|Zapdos, L78|100/100\n|turn|10\n|inactive|Time left: 300 sec this turn | 300 sec total\n|\n|t:|1783534030\n|switch|p1a: Muk|Muk, L86, M|321/321\n|-activate|p1a: Muk|move: Sticky Web\n|-unboost|p1a: Muk|spe|1\n|move|p2a: Zapdos|Thunderbolt|p1a: Muk\n|-damage|p1a: Muk|224/321\n|\n|-heal|p1a: Muk|244/321|[from] item: Leftovers\n|upkeep\n|turn|11\n|inactive|Time left: 300 sec this turn | 300 sec total\n|\n|t:|1783534032\n|move|p2a: Zapdos|Hurricane|p1a: Muk\n|-damage|p1a: Muk|127/321\n|-start|p1a: Muk|confusion\n|-activate|p1a: Muk|confusion\n|move|p1a: Muk|Gunk Shot|p2a: Zapdos\n|-damage|p2a: Zapdos|45/100\n|-status|p2a: Zapdos|psn\n|\n|-heal|p1a: Muk|147/321|[from] item: Leftovers\n|-damage|p2a: Zapdos|32/100 psn|[from] psn\n|upkeep\n|turn|12\n|inactive|Time left: 300 sec this turn | 300 sec total\n|\n|t:|1783534033\n|move|p2a: Zapdos|Roost|p2a: Zapdos\n|-heal|p2a: Zapdos|82/100 psn\n|-singleturn|p2a: Zapdos|move: Roost\n|-activate|p1a: Muk|confusion\n|-damage|p1a: Muk|112/321|[from] confusion\n|\n|-heal|p1a: Muk|132/321|[from] item: Leftovers\n|-damage|p2a: Zapdos|70/100 psn|[from] psn\n|upkeep\n|turn|13\n|inactive|Time left: 300 sec this turn | 300 sec total\n|\n|t:|1783534034\n|move|p2a: Zapdos|Thunderbolt|p1a: Muk\n|-damage|p1a: Muk|39/321\n|-activate|p1a: Muk|confusion\n|-damage|p1a: Muk|1/321|[from] confusion\n|\n|-heal|p1a: Muk|21/321|[from] item: Leftovers\n|-damage|p2a: Zapdos|58/100 psn|[from] psn\n|upkeep\n|turn|14\n|inactive|Time left: 300 sec this turn | 300 sec total\n|\n|t:|1783534035\n|-end|p1a: Muk|confusion\n|move|p1a: Muk|Shadow Sneak|p2a: Zapdos\n|-crit|p2a: Zapdos\n|-damage|p2a: Zapdos|36/100 psn\n|move|p2a: Zapdos|Thunderbolt|p1a: Muk\n|-damage|p1a: Muk|0 fnt\n|faint|p1a: Muk\n|\n|-damage|p2a: Zapdos|24/100 psn|[from] psn\n|upkeep\n|inactive|Time left: 300 sec this turn | 300 sec total | 5 sec grace\n|\n|t:|1783534036\n|switch|p1a: Keldeo|Keldeo-Resolute, L79|273/273\n|-activate|p1a: Keldeo|move: Sticky Web\n|-unboost|p1a: Keldeo|spe|1\n|turn|15\n|inactive|Time left: 300 sec this turn | 300 sec total\n|\n|t:|1783534037\n|move|p2a: Zapdos|Thunderbolt|p1a: Keldeo\n|-supereffective|p1a: Keldeo\n|-damage|p1a: Keldeo|61/273\n|move|p1a: Keldeo|Secret Sword|p2a: Zapdos\n|-resisted|p2a: Zapdos\n|-damage|p2a: Zapdos|3/100 psn\n|\n|-heal|p1a: Keldeo|78/273|[from] item: Leftovers\n|-damage|p2a: Zapdos|0 fnt|[from] psn\n|faint|p2a: Zapdos\n|upkeep\n|\n|t:|1783534038\n|switch|p2a: Koraidon|Koraidon, L64|100/100\n|-activate|p2a: Koraidon|move: Sticky Web\n|-unboost|p2a: Koraidon|spe|1\n|-weather|SunnyDay|[from] ability: Orichalcum Pulse|[of] p2a: Koraidon\n|-activate|p2a: Koraidon|Orichalcum Pulse|[source]\n|turn|16\n|inactive|Time left: 300 sec this turn | 300 sec total\n|\n|t:|1783534039\n|move|p1a: Keldeo|Substitute|p1a: Keldeo\n|-start|p1a: Keldeo|Substitute\n|-damage|p1a: Keldeo|10/273\n|move|p2a: Koraidon|Outrage|p1a: Keldeo\n|-end|p1a: Keldeo|Substitute\n|\n|-weather|SunnyDay|[upkeep]\n|-heal|p1a: Keldeo|27/273|[from] item: Leftovers\n|upkeep\n|turn|17\n|inactive|Time left: 300 sec this turn | 300 sec total\n|\n|t:|1783534040\n|move|p1a: Keldeo|Secret Sword|p2a: Koraidon\n|-damage|p2a: Koraidon|53/100\n|move|p2a: Koraidon|Outrage|p1a: Keldeo|[from] lockedmove\n|-damage|p1a: Keldeo|0 fnt\n|faint|p1a: Keldeo\n|-start|p2a: Koraidon|confusion|[fatigue]\n|\n|-weather|SunnyDay|[upkeep]\n|upkeep\n|inactive|Time left: 300 sec this turn | 300 sec total | 5 sec grace\n|\n|t:|1783534041\n|switch|p1a: Rotom|Rotom-Fan, L86|77/226\n|turn|18\n|inactive|Time left: 300 sec this turn | 300 sec total\n|\n|t:|1783534042\n|move|p1a: Rotom|Air Slash|p2a: Koraidon\n|-supereffective|p2a: Koraidon\n|-damage|p2a: Koraidon|0 fnt\n|faint|p2a: Koraidon\n|\n|-weather|SunnyDay|[upkeep]\n|upkeep\n|\n|t:|1783534043\n|switch|p2a: Mamoswine|Mamoswine, L81, M|100/100\n|-activate|p2a: Mamoswine|move: Sticky Web\n|-unboost|p2a: Mamoswine|spe|1\n|turn|19\n|inactive|Time left: 300 sec this turn | 300 sec total\n|\n|t:|1783534044\n|-terastallize|p1a: Rotom|Steel\n|-terastallize|p2a: Mamoswine|Ice\n|move|p2a: Mamoswine|Ice Shard|p1a: Rotom\n|-resisted|p1a: Rotom\n|-damage|p1a: Rotom|34/226\n|move|p1a: Rotom|Air Slash|p2a: Mamoswine\n|-damage|p2a: Mamoswine|61/100\n|\n|-weather|SunnyDay|[upkeep]\n|upkeep\n|turn|20\n|inactive|Time left: 300 sec this turn | 300 sec total\n|\n|t:|1783534045\n|switch|p1a: Ditto|Ditto, L87|225/225\n|-activate|p1a: Ditto|move: Sticky Web\n|-unboost|p1a: Ditto|spe|1\n|-transform|p1a: Ditto|p2a: Mamoswine|[from] ability: Imposter\n|move|p2a: Mamoswine|Ice Shard|p1a: Ditto\n|-crit|p1a: Ditto\n|-damage|p1a: Ditto|133/225\n|\n|-weather|none\n|upkeep\n|-start|p1a: Ditto|typechange|Ice/Ground|[silent]\n|turn|21\n|inactive|Time left: 300 sec this turn | 300 sec total\n|\n|t:|1783534046\n|move|p2a: Mamoswine|Ice Shard|p1a: Ditto\n|-damage|p1a: Ditto|73/225\n|move|p1a: Ditto|Knock Off|p2a: Mamoswine\n|-damage|p2a: Mamoswine|32/100\n|-enditem|p2a: Mamoswine|Choice Band|[from] move: Knock Off|[of] p1a: Ditto\n|\n|upkeep\n|turn|22\n|inactive|Time left: 300 sec this turn | 300 sec total\n|\n|t:|1783534047\n|move|p1a: Ditto|Knock Off|p2a: Mamoswine\n|-damage|p2a: Mamoswine|12/100\n|move|p2a: Mamoswine|Earthquake|p1a: Ditto\n|-damage|p1a: Ditto|0 fnt\n|faint|p1a: Ditto\n|\n|upkeep\n|inactive|Time left: 300 sec this turn | 300 sec total | 5 sec grace\n|\n|t:|1783534048\n|switch|p1a: Rotom|Rotom-Fan, L86, tera:Steel|34/226\n|turn|23\n|inactive|Time left: 300 sec this turn | 300 sec total\n|\n|t:|1783534049\n|move|p2a: Mamoswine|Ice Shard|p1a: Rotom\n|-resisted|p1a: Rotom\n|-damage|p1a: Rotom|3/226\n|move|p1a: Rotom|Air Slash|p2a: Mamoswine\n|-damage|p2a: Mamoswine|0 fnt\n|faint|p2a: Mamoswine\n|\n|upkeep\n|\n|t:|1783534050\n|switch|p2a: Gastrodon|Gastrodon-East, L86, F|100/100\n|-activate|p2a: Gastrodon|move: Sticky Web\n|-unboost|p2a: Gastrodon|spe|1\n|turn|24\n|inactive|Time left: 300 sec this turn | 300 sec total\n|\n|t:|1783534051\n|move|p1a: Rotom|Air Slash|p2a: Gastrodon|[miss]\n|-miss|p1a: Rotom|p2a: Gastrodon\n|move|p2a: Gastrodon|Stealth Rock|p1a: Rotom\n|-sidestart|p1: p0x017a511|move: Stealth Rock\n|\n|upkeep\n|turn|25\n|inactive|Time left: 300 sec this turn | 300 sec total\n|\n|t:|1783534052\n|move|p1a: Rotom|Air Slash|p2a: Gastrodon\n|-damage|p2a: Gastrodon|73/100\n|cant|p2a: Gastrodon|flinch\n|\n|-heal|p2a: Gastrodon|79/100|[from] item: Leftovers\n|upkeep\n|turn|26\n|inactive|Time left: 300 sec this turn | 300 sec total\n|\n|t:|1783534053\n|move|p1a: Rotom|Air Slash|p2a: Gastrodon\n|-damage|p2a: Gastrodon|52/100\n|cant|p2a: Gastrodon|flinch\n|\n|-heal|p2a: Gastrodon|58/100|[from] item: Leftovers\n|upkeep\n|turn|27\n|inactive|Time left: 300 sec this turn | 300 sec total\n|\n|t:|1783534054\n|move|p1a: Rotom|Air Slash|p2a: Gastrodon\n|-damage|p2a: Gastrodon|32/100\n|move|p2a: Gastrodon|Recover|p2a: Gastrodon\n|-heal|p2a: Gastrodon|82/100\n|\n|-heal|p2a: Gastrodon|88/100|[from] item: Leftovers\n|upkeep\n|turn|28\n|inactive|Time left: 300 sec this turn | 300 sec total\n|\n|t:|1783534055\n|move|p1a: Rotom|Air Slash|p2a: Gastrodon\n|-damage|p2a: Gastrodon|62/100\n|move|p2a: Gastrodon|Recover|p2a: Gastrodon\n|-heal|p2a: Gastrodon|100/100\n|\n|upkeep\n|turn|29\n|inactive|Time left: 300 sec this turn | 300 sec total\n|\n|t:|1783534056\n|move|p1a: Rotom|Air Slash|p2a: Gastrodon\n|-damage|p2a: Gastrodon|75/100\n|cant|p2a: Gastrodon|flinch\n|\n|-heal|p2a: Gastrodon|81/100|[from] item: Leftovers\n|upkeep\n|turn|30\n|inactive|Time left: 300 sec this turn | 300 sec total\n|\n|t:|1783534057\n|move|p1a: Rotom|Air Slash|p2a: Gastrodon\n|-damage|p2a: Gastrodon|54/100\n|cant|p2a: Gastrodon|flinch\n|\n|-heal|p2a: Gastrodon|60/100|[from] item: Leftovers\n|upkeep\n|turn|31\n|inactive|Time left: 300 sec this turn | 300 sec total\n|\n|t:|1783534057\n|move|p1a: Rotom|Air Slash|p2a: Gastrodon\n|-damage|p2a: Gastrodon|33/100\n|move|p2a: Gastrodon|Recover|p2a: Gastrodon\n|-heal|p2a: Gastrodon|84/100\n|\n|-heal|p2a: Gastrodon|90/100|[from] item: Leftovers\n|upkeep\n|turn|32\n|inactive|Time left: 300 sec this turn | 300 sec total\n|\n|t:|1783534058\n|move|p1a: Rotom|Air Slash|p2a: Gastrodon\n|-damage|p2a: Gastrodon|62/100\n|cant|p2a: Gastrodon|flinch\n|\n|-heal|p2a: Gastrodon|68/100|[from] item: Leftovers\n|upkeep\n|turn|33\n|inactive|Time left: 300 sec this turn | 300 sec total\n|\n|t:|1783534059\n|move|p1a: Rotom|Air Slash|p2a: Gastrodon\n|-damage|p2a: Gastrodon|40/100\n|move|p2a: Gastrodon|Recover|p2a: Gastrodon\n|-heal|p2a: Gastrodon|91/100\n|\n|-heal|p2a: Gastrodon|97/100|[from] item: Leftovers\n|upkeep\n|turn|34\n|inactive|Time left: 300 sec this turn | 300 sec total\n|\n|t:|1783534060\n|move|p1a: Rotom|Air Slash|p2a: Gastrodon\n|-damage|p2a: Gastrodon|69/100\n|cant|p2a: Gastrodon|flinch\n|\n|-heal|p2a: Gastrodon|75/100|[from] item: Leftovers\n|upkeep\n|turn|35\n|inactive|Time left: 300 sec this turn | 300 sec total\n|\n|t:|1783534061\n|move|p1a: Rotom|Air Slash|p2a: Gastrodon\n|-damage|p2a: Gastrodon|47/100\n|cant|p2a: Gastrodon|flinch\n|\n|-heal|p2a: Gastrodon|53/100|[from] item: Leftovers\n|upkeep\n|turn|36\n|inactive|Time left: 300 sec this turn | 300 sec total\n|\n|t:|1783534062\n|move|p1a: Rotom|Air Slash|p2a: Gastrodon\n|-damage|p2a: Gastrodon|25/100\n|cant|p2a: Gastrodon|flinch\n|\n|-heal|p2a: Gastrodon|31/100|[from] item: Leftovers\n|upkeep\n|turn|37\n|inactive|Time left: 300 sec this turn | 300 sec total\n|\n|t:|1783534063\n|move|p1a: Rotom|Air Slash|p2a: Gastrodon\n|-damage|p2a: Gastrodon|2/100\n|move|p2a: Gastrodon|Recover|p2a: Gastrodon\n|-heal|p2a: Gastrodon|52/100\n|\n|-heal|p2a: Gastrodon|58/100|[from] item: Leftovers\n|upkeep\n|turn|38\n|inactive|Time left: 300 sec this turn | 300 sec total\n|\n|t:|1783534063\n|move|p1a: Rotom|Air Slash|p2a: Gastrodon\n|-damage|p2a: Gastrodon|30/100\n|cant|p2a: Gastrodon|flinch\n|\n|-heal|p2a: Gastrodon|36/100|[from] item: Leftovers\n|upkeep\n|turn|39\n|inactive|Time left: 300 sec this turn | 300 sec total\n|\n|t:|1783534064\n|move|p1a: Rotom|Air Slash|p2a: Gastrodon\n|-damage|p2a: Gastrodon|11/100\n|move|p2a: Gastrodon|Recover|p2a: Gastrodon\n|-heal|p2a: Gastrodon|61/100\n|\n|-heal|p2a: Gastrodon|67/100|[from] item: Leftovers\n|upkeep\n|turn|40\n|inactive|Time left: 300 sec this turn | 300 sec total\n|\n|t:|1783534065\n|move|p1a: Rotom|Air Slash|p2a: Gastrodon\n|-damage|p2a: Gastrodon|40/100\n|cant|p2a: Gastrodon|flinch\n|\n|-heal|p2a: Gastrodon|46/100|[from] item: Leftovers\n|upkeep\n|turn|41\n|inactive|Time left: 300 sec this turn | 300 sec total\n|\n|t:|1783534066\n|move|p1a: Rotom|Air Slash|p2a: Gastrodon\n|-damage|p2a: Gastrodon|18/100\n|cant|p2a: Gastrodon|flinch\n|\n|-heal|p2a: Gastrodon|24/100|[from] item: Leftovers\n|upkeep\n|turn|42\n|inactive|Time left: 300 sec this turn | 300 sec total\n|\n|t:|1783534067\n|move|p1a: Rotom|Air Slash|p2a: Gastrodon\n|-damage|p2a: Gastrodon|0 fnt\n|faint|p2a: Gastrodon\n|\n|win|p0x017a511", "uploadtime": 1783534067, "views": 0, "rating": 0, "private": 0, "password": null, "_winner": "p0x017a511", "_our_name": "p0x017a511"}