{"id": "battle-gen9randombattle-1674", "formatid": "gen9randombattle", "format": "[Gen 9] Random Battle", "players": ["p0x167416be", "p0y16749f96"], "log": "|init|battle\n|title|p0x167416be vs. p0y16749f96\n|j|\u2606p0x167416be\n|j|\u2606p0y16749f96\n|t:|1783558630\n|gametype|singles\n|player|p1|p0x167416be|266|\n|player|p2|p0y16749f96|266|\n|gen|9\n|tier|[Gen 9] Random Battle\n|rule|Species Clause: Limit one of each Pok\u00e9mon\n|rule|HP Percentage Mod: HP is shown in percentages\n|rule|Sleep Clause Mod: Limit one foe put to sleep\n|rule|Illusion Level Mod: Illusion disguises the Pok\u00e9mon's true level\n|\n|t:|1783558630\n|teamsize|p1|6\n|teamsize|p2|6\n|start\n|switch|p1a: Jolteon|Jolteon, L84, F|100/100\n|switch|p2a: Lapras|Lapras, L87, F|367/367\n|turn|1\n|inactive|Battle timer is ON: inactive players will automatically lose when time's up. (requested by p0y16749f96)\n|inactive|p0x167416be also wants the timer to be on.\n|\n|t:|1783558632\n|move|p1a: Jolteon|Thunderbolt|p2a: Lapras\n|-supereffective|p2a: Lapras\n|-damage|p2a: Lapras|167/367\n|move|p2a: Lapras|Icicle Spear|p1a: Jolteon\n|-damage|p1a: Jolteon|87/100\n|-damage|p1a: Jolteon|73/100\n|-damage|p1a: Jolteon|61/100\n|-damage|p1a: Jolteon|48/100\n|-damage|p1a: Jolteon|35/100\n|-hitcount|p1a: Jolteon|5\n|\n|-heal|p1a: Jolteon|41/100|[from] item: Leftovers\n|upkeep\n|turn|2\n|inactive|Time left: 300 sec this turn | 300 sec total\n|\n|t:|1783558633\n|switch|p2a: Glastrier|Glastrier, L86|312/312\n|move|p1a: Jolteon|Thunderbolt|p2a: Glastrier\n|-damage|p2a: Glastrier|222/312\n|-status|p2a: Glastrier|par\n|\n|-heal|p1a: Jolteon|47/100|[from] item: Leftovers\n|upkeep\n|turn|3\n|inactive|Time left: 300 sec this turn | 300 sec total\n|\n|t:|1783558634\n|switch|p1a: Veluza|Veluza, L85, F|100/100\n|move|p2a: Glastrier|Icicle Crash|p1a: Veluza\n|-resisted|p1a: Veluza\n|-damage|p1a: Veluza|77/100\n|\n|upkeep\n|turn|4\n|inactive|Time left: 300 sec this turn | 300 sec total\n|\n|t:|1783558635\n|move|p1a: Veluza|Psycho Cut|p2a: Glastrier\n|-damage|p2a: Glastrier|129/312 par\n|cant|p2a: Glastrier|par\n|\n|upkeep\n|turn|5\n|inactive|Time left: 300 sec this turn | 300 sec total\n|\n|t:|1783558636\n|move|p1a: Veluza|Psycho Cut|p2a: Glastrier\n|-crit|p2a: Glastrier\n|-damage|p2a: Glastrier|0 fnt\n|faint|p2a: Glastrier\n|\n|upkeep\n|inactive|Time left: 300 sec this turn | 300 sec total | 5 sec grace\n|\n|t:|1783558637\n|switch|p2a: Rotom|Rotom-Mow, L87|229/229\n|turn|6\n|inactive|Time left: 300 sec this turn | 300 sec total\n|\n|t:|1783558639\n|switch|p1a: Plusle|Plusle, L95, M|100/100\n|move|p2a: Rotom|Leaf Storm|p1a: Plusle\n|-damage|p1a: Plusle|39/100\n|-unboost|p2a: Rotom|spa|2\n|\n|upkeep\n|turn|7\n|inactive|Time left: 300 sec this turn | 300 sec total\n|\n|t:|1783558640\n|move|p1a: Plusle|Nasty Plot|p1a: Plusle\n|-boost|p1a: Plusle|spa|2\n|move|p2a: Rotom|Nasty Plot|p2a: Rotom\n|-boost|p2a: Rotom|spa|2\n|\n|upkeep\n|turn|8\n|inactive|Time left: 300 sec this turn | 300 sec total\n|\n|t:|1783558641\n|move|p1a: Plusle|Alluring Voice|p2a: Rotom\n|-damage|p2a: Rotom|78/229\n|-damage|p1a: Plusle|29/100|[from] item: Life Orb\n|move|p2a: Rotom|Leaf Storm|p1a: Plusle\n|-damage|p1a: Plusle|0 fnt\n|-unboost|p2a: Rotom|spa|2\n|faint|p1a: Plusle\n|\n|-heal|p2a: Rotom|92/229|[from] item: Leftovers\n|upkeep\n|\n|t:|1783558642\n|switch|p1a: Roaring Moon|Roaring Moon, L72|100/100\n|-enditem|p1a: Roaring Moon|Booster Energy\n|-activate|p1a: Roaring Moon|ability: Protosynthesis|[fromitem]\n|-start|p1a: Roaring Moon|protosynthesisatk\n|turn|9\n|inactive|Time left: 300 sec this turn | 300 sec total\n|\n|t:|1783558643\n|switch|p2a: Scream Tail|Scream Tail, L84|330/330\n|move|p1a: Roaring Moon|Outrage|p2a: Scream Tail\n|-immune|p2a: Scream Tail\n|\n|upkeep\n|turn|10\n|inactive|Time left: 300 sec this turn | 300 sec total\n|\n|t:|1783558644\n|-terastallize|p1a: Roaring Moon|Steel\n|move|p2a: Scream Tail|Play Rough|p1a: Roaring Moon|[miss]\n|-miss|p2a: Scream Tail|p1a: Roaring Moon\n|move|p1a: Roaring Moon|Dragon Dance|p1a: Roaring Moon\n|-boost|p1a: Roaring Moon|atk|1\n|-boost|p1a: Roaring Moon|spe|1\n|\n|upkeep\n|turn|11\n|inactive|Time left: 300 sec this turn | 300 sec total\n|\n|t:|1783558644\n|-end|p2a: Scream Tail|Protosynthesis|[silent]\n|switch|p2a: Lapras|Lapras, L87, F|167/367\n|move|p1a: Roaring Moon|Knock Off|p2a: Lapras\n|-damage|p2a: Lapras|0 fnt\n|-enditem|p2a: Lapras|Loaded Dice|[from] move: Knock Off|[of] p1a: Roaring Moon\n|faint|p2a: Lapras\n|\n|upkeep\n|inactive|Time left: 300 sec this turn | 300 sec total | 5 sec grace\n|\n|t:|1783558645\n|switch|p2a: Ursaring|Ursaring, L84, F|288/288\n|turn|12\n|inactive|Time left: 300 sec this turn | 300 sec total\n|\n|t:|1783558646\n|-terastallize|p2a: Ursaring|Ground\n|move|p1a: Roaring Moon|Outrage|p2a: Ursaring\n|-damage|p2a: Ursaring|113/288\n|move|p2a: Ursaring|Earthquake|p1a: Roaring Moon\n|-supereffective|p1a: Roaring Moon\n|-damage|p1a: Roaring Moon|0 fnt\n|faint|p1a: Roaring Moon\n|-end|p1a: Roaring Moon|Protosynthesis|[silent]\n|\n|upkeep\n|\n|t:|1783558647\n|switch|p1a: Mimikyu|Mimikyu, L79, F|100/100\n|turn|13\n|inactive|Time left: 300 sec this turn | 300 sec total\n|\n|t:|1783558648\n|move|p1a: Mimikyu|Swords Dance|p1a: Mimikyu\n|-boost|p1a: Mimikyu|atk|2\n|move|p2a: Ursaring|Rest|p2a: Ursaring\n|-status|p2a: Ursaring|slp|[from] move: Rest\n|-heal|p2a: Ursaring|288/288 slp|[silent]\n|\n|upkeep\n|turn|14\n|inactive|Time left: 300 sec this turn | 300 sec total\n|\n|t:|1783558649\n|move|p1a: Mimikyu|Play Rough|p2a: Ursaring|[miss]\n|-miss|p1a: Mimikyu|p2a: Ursaring\n|cant|p2a: Ursaring|slp\n|\n|upkeep\n|turn|15\n|inactive|Time left: 300 sec this turn | 300 sec total\n|\n|t:|1783558650\n|move|p1a: Mimikyu|Play Rough|p2a: Ursaring\n|-damage|p2a: Ursaring|123/288 slp\n|-damage|p1a: Mimikyu|91/100|[from] item: Life Orb\n|cant|p2a: Ursaring|slp\n|\n|upkeep\n|turn|16\n|inactive|Time left: 300 sec this turn | 300 sec total\n|\n|t:|1783558651\n|move|p1a: Mimikyu|Play Rough|p2a: Ursaring\n|-damage|p2a: Ursaring|0 fnt\n|faint|p2a: Ursaring\n|-damage|p1a: Mimikyu|81/100|[from] item: Life Orb\n|\n|upkeep\n|inactive|Time left: 300 sec this turn | 300 sec total | 5 sec grace\n|\n|t:|1783558652\n|switch|p2a: Rotom|Rotom-Mow, L87|92/229\n|turn|17\n|inactive|Time left: 300 sec this turn | 300 sec total\n|\n|t:|1783558654\n|move|p2a: Rotom|Will-O-Wisp|p1a: Mimikyu\n|-status|p1a: Mimikyu|brn\n|move|p1a: Mimikyu|Play Rough|p2a: Rotom|[miss]\n|-miss|p1a: Mimikyu|p2a: Rotom\n|\n|-heal|p2a: Rotom|106/229|[from] item: Leftovers\n|-damage|p1a: Mimikyu|75/100 brn|[from] brn\n|upkeep\n|turn|18\n|inactive|Time left: 300 sec this turn | 300 sec total\n|\n|t:|1783558655\n|move|p2a: Rotom|Thunderbolt|p1a: Mimikyu\n|-activate|p1a: Mimikyu|ability: Disguise\n|-damage|p1a: Mimikyu|75/100 brn\n|detailschange|p1a: Mimikyu|Mimikyu-Busted, L79, F\n|-damage|p1a: Mimikyu|63/100 brn|[from] pokemon: Mimikyu-Busted\n|move|p1a: Mimikyu|Play Rough|p2a: Rotom\n|-damage|p2a: Rotom|19/229\n|-damage|p1a: Mimikyu|53/100 brn|[from] item: Life Orb\n|\n|-heal|p2a: Rotom|33/229|[from] item: Leftovers\n|-damage|p1a: Mimikyu|47/100 brn|[from] brn\n|upkeep\n|turn|19\n|inactive|Time left: 300 sec this turn | 300 sec total\n|\n|t:|1783558656\n|switch|p2a: Scream Tail|Scream Tail, L84|330/330\n|move|p1a: Mimikyu|Shadow Sneak|p2a: Scream Tail\n|-supereffective|p2a: Scream Tail\n|-damage|p2a: Scream Tail|247/330\n|-damage|p1a: Mimikyu|37/100 brn|[from] item: Life Orb\n|\n|-heal|p2a: Scream Tail|267/330|[from] item: Leftovers\n|-damage|p1a: Mimikyu|31/100 brn|[from] brn\n|upkeep\n|turn|20\n|inactive|Time left: 300 sec this turn | 300 sec total\n|\n|t:|1783558657\n|move|p2a: Scream Tail|Play Rough|p1a: Mimikyu\n|-damage|p1a: Mimikyu|0 fnt\n|faint|p1a: Mimikyu\n|\n|-heal|p2a: Scream Tail|287/330|[from] item: Leftovers\n|upkeep\n|\n|t:|1783558658\n|switch|p1a: Veluza|Veluza, L85, F|77/100\n|turn|21\n|inactive|Time left: 300 sec this turn | 300 sec total\n|\n|t:|1783558659\n|move|p2a: Scream Tail|Play Rough|p1a: Veluza\n|-damage|p1a: Veluza|51/100\n|move|p1a: Veluza|Aqua Cutter|p2a: Scream Tail\n|-damage|p2a: Scream Tail|167/330\n|\n|-heal|p2a: Scream Tail|187/330|[from] item: Leftovers\n|upkeep\n|turn|22\n|inactive|Time left: 300 sec this turn | 300 sec total\n|\n|t:|1783558660\n|move|p2a: Scream Tail|Play Rough|p1a: Veluza\n|-damage|p1a: Veluza|23/100\n|-enditem|p1a: Veluza|Sitrus Berry|[eat]\n|-heal|p1a: Veluza|48/100|[from] item: Sitrus Berry\n|move|p1a: Veluza|Aqua Cutter|p2a: Scream Tail\n|-crit|p2a: Scream Tail\n|-damage|p2a: Scream Tail|31/330\n|\n|-heal|p2a: Scream Tail|51/330|[from] item: Leftovers\n|upkeep\n|turn|23\n|inactive|Time left: 300 sec this turn | 300 sec total\n|\n|t:|1783558661\n|move|p2a: Scream Tail|Wish|p2a: Scream Tail\n|move|p1a: Veluza|Night Slash|p2a: Scream Tail\n|-damage|p2a: Scream Tail|0 fnt\n|faint|p2a: Scream Tail\n|-end|p2a: Scream Tail|Protosynthesis|[silent]\n|\n|upkeep\n|inactive|Time left: 300 sec this turn | 300 sec total | 5 sec grace\n|\n|t:|1783558663\n|switch|p2a: Rotom|Rotom-Mow, L87|33/229\n|turn|24\n|inactive|Time left: 300 sec this turn | 300 sec total\n|\n|t:|1783558664\n|switch|p1a: Jolteon|Jolteon, L84, F|47/100\n|move|p2a: Rotom|Thunderbolt|p1a: Jolteon\n|-heal|p1a: Jolteon|72/100|[from] ability: Volt Absorb|[of] p2a: Rotom\n|\n|-heal|p2a: Rotom|198/229|[from] move: Wish|[wisher] Scream Tail\n|-heal|p1a: Jolteon|78/100|[from] item: Leftovers\n|-heal|p2a: Rotom|212/229|[from] item: Leftovers\n|upkeep\n|turn|25\n|inactive|Time left: 300 sec this turn | 300 sec total\n|\n|t:|1783558665\n|move|p1a: Jolteon|Calm Mind|p1a: Jolteon\n|-boost|p1a: Jolteon|spa|1\n|-boost|p1a: Jolteon|spd|1\n|move|p2a: Rotom|Nasty Plot|p2a: Rotom\n|-boost|p2a: Rotom|spa|2\n|\n|-heal|p1a: Jolteon|84/100|[from] item: Leftovers\n|-heal|p2a: Rotom|226/229|[from] item: Leftovers\n|upkeep\n|turn|26\n|inactive|Time left: 300 sec this turn | 300 sec total\n|\n|t:|1783558666\n|move|p1a: Jolteon|Substitute|p1a: Jolteon\n|-start|p1a: Jolteon|Substitute\n|-damage|p1a: Jolteon|59/100\n|move|p2a: Rotom|Nasty Plot|p2a: Rotom\n|-boost|p2a: Rotom|spa|2\n|\n|-heal|p1a: Jolteon|65/100|[from] item: Leftovers\n|-heal|p2a: Rotom|229/229|[from] item: Leftovers\n|upkeep\n|turn|27\n|inactive|Time left: 300 sec this turn | 300 sec total\n|\n|t:|1783558667\n|move|p1a: Jolteon|Calm Mind|p1a: Jolteon\n|-boost|p1a: Jolteon|spa|1\n|-boost|p1a: Jolteon|spd|1\n|move|p2a: Rotom|Nasty Plot|p2a: Rotom\n|-boost|p2a: Rotom|spa|2\n|\n|-heal|p1a: Jolteon|71/100|[from] item: Leftovers\n|upkeep\n|turn|28\n|inactive|Time left: 300 sec this turn | 300 sec total\n|\n|t:|1783558668\n|move|p1a: Jolteon|Calm Mind|p1a: Jolteon\n|-boost|p1a: Jolteon|spa|1\n|-boost|p1a: Jolteon|spd|1\n|move|p2a: Rotom|Leaf Storm|p1a: Jolteon\n|-end|p1a: Jolteon|Substitute\n|-unboost|p2a: Rotom|spa|2\n|\n|-heal|p1a: Jolteon|77/100|[from] item: Leftovers\n|upkeep\n|turn|29\n|inactive|Time left: 300 sec this turn | 300 sec total\n|\n|t:|1783558669\n|move|p1a: Jolteon|Substitute|p1a: Jolteon\n|-start|p1a: Jolteon|Substitute\n|-damage|p1a: Jolteon|53/100\n|move|p2a: Rotom|Leaf Storm|p1a: Jolteon\n|-end|p1a: Jolteon|Substitute\n|-unboost|p2a: Rotom|spa|2\n|\n|-heal|p1a: Jolteon|59/100|[from] item: Leftovers\n|upkeep\n|turn|30\n|inactive|Time left: 300 sec this turn | 300 sec total\n|\n|t:|1783558670\n|move|p1a: Jolteon|Tera Blast|p2a: Rotom\n|-damage|p2a: Rotom|91/229\n|move|p2a: Rotom|Leaf Storm|p1a: Jolteon\n|-damage|p1a: Jolteon|9/100\n|-unboost|p2a: Rotom|spa|2\n|\n|-heal|p1a: Jolteon|16/100|[from] item: Leftovers\n|-heal|p2a: Rotom|105/229|[from] item: Leftovers\n|upkeep\n|turn|31\n|inactive|Time left: 300 sec this turn | 300 sec total\n|\n|t:|1783558671\n|switch|p2a: Deoxys|Deoxys-Speed, L82|216/216\n|-ability|p2a: Deoxys|Pressure\n|move|p1a: Jolteon|Tera Blast|p2a: Deoxys\n|-damage|p2a: Deoxys|49/216\n|\n|-heal|p2a: Deoxys|62/216|[from] item: Leftovers\n|-heal|p1a: Jolteon|22/100|[from] item: Leftovers\n|upkeep\n|turn|32\n|inactive|Time left: 300 sec this turn | 300 sec total\n|\n|t:|1783558672\n|switch|p1a: Veluza|Veluza, L85, F|48/100\n|move|p2a: Deoxys|Knock Off|p1a: Veluza\n|-supereffective|p1a: Veluza\n|-damage|p1a: Veluza|16/100\n|\n|-heal|p2a: Deoxys|75/216|[from] item: Leftovers\n|upkeep\n|turn|33\n|inactive|Time left: 300 sec this turn | 300 sec total\n|\n|t:|1783558673\n|switch|p1a: Palafin|Palafin, L77, M|100/100\n|move|p2a: Deoxys|Knock Off|p1a: Palafin\n|-damage|p1a: Palafin|72/100\n|-enditem|p1a: Palafin|Leftovers|[from] move: Knock Off|[of] p2a: Deoxys\n|\n|-heal|p2a: Deoxys|88/216|[from] item: Leftovers\n|upkeep\n|turn|34\n|inactive|Time left: 300 sec this turn | 300 sec total\n|\n|t:|1783558674\n|move|p2a: Deoxys|Psycho Boost|p1a: Palafin\n|-damage|p1a: Palafin|0 fnt\n|-unboost|p2a: Deoxys|spa|2\n|faint|p1a: Palafin\n|\n|-heal|p2a: Deoxys|101/216|[from] item: Leftovers\n|upkeep\n|\n|t:|1783558675\n|switch|p1a: Jolteon|Jolteon, L84, F|22/100\n|turn|35\n|inactive|Time left: 300 sec this turn | 300 sec total\n|\n|t:|1783558676\n|move|p2a: Deoxys|Knock Off|p1a: Jolteon\n|-damage|p1a: Jolteon|0 fnt\n|-enditem|p1a: Jolteon|Leftovers|[from] move: Knock Off|[of] p2a: Deoxys\n|faint|p1a: Jolteon\n|\n|-heal|p2a: Deoxys|114/216|[from] item: Leftovers\n|upkeep\n|\n|t:|1783558677\n|switch|p1a: Veluza|Veluza, L85, F|16/100\n|turn|36\n|inactive|Time left: 300 sec this turn | 300 sec total\n|\n|t:|1783558678\n|move|p2a: Deoxys|Knock Off|p1a: Veluza\n|-supereffective|p1a: Veluza\n|-damage|p1a: Veluza|0 fnt\n|faint|p1a: Veluza\n|\n|win|p0y16749f96", "uploadtime": 1783558678, "views": 0, "rating": 0, "private": 0, "password": null, "_winner": "p0y16749f96", "_our_name": "p0y16749f96"}