{"id": "battle-gen9randombattle-1674", "formatid": "gen9randombattle", "format": "[Gen 9] Random Battle", "players": ["p0x1674d83b", "p0y1674d245"], "log": "|init|battle\n|title|p0x1674d83b vs. p0y1674d245\n|j|\u2606p0x1674d83b\n|j|\u2606p0y1674d245\n|t:|1783559422\n|gametype|singles\n|player|p1|p0x1674d83b|2|\n|player|p2|p0y1674d245|169|\n|gen|9\n|tier|[Gen 9] Random Battle\n|rule|Species Clause: Limit one of each Pok\u00e9mon\n|rule|HP Percentage Mod: HP is shown in percentages\n|rule|Sleep Clause Mod: Limit one foe put to sleep\n|rule|Illusion Level Mod: Illusion disguises the Pok\u00e9mon's true level\n|\n|t:|1783559422\n|teamsize|p1|6\n|teamsize|p2|6\n|start\n|switch|p1a: Azumarill|Azumarill, L82, M|298/298\n|switch|p2a: Cryogonal|Cryogonal, L89|100/100\n|turn|1\n|inactive|Battle timer is ON: inactive players will automatically lose when time's up. (requested by p0y1674d245)\n|inactive|Time left: 300 sec this turn | 300 sec total | 60 sec grace\n|inactive|p0x1674d83b also wants the timer to be on.\n|\n|t:|1783559424\n|move|p2a: Cryogonal|Freeze-Dry|p1a: Azumarill\n|-supereffective|p1a: Azumarill\n|-damage|p1a: Azumarill|130/298\n|move|p1a: Azumarill|Play Rough|p2a: Cryogonal\n|-damage|p2a: Cryogonal|13/100\n|\n|upkeep\n|turn|2\n|inactive|Time left: 300 sec this turn | 300 sec total\n|\n|t:|1783559425\n|switch|p1a: Arbok|Arbok, L87, F|246/246\n|-ability|p1a: Arbok|Intimidate|boost\n|-unboost|p2a: Cryogonal|atk|1\n|move|p2a: Cryogonal|Freeze-Dry|p1a: Arbok\n|-damage|p1a: Arbok|159/246\n|\n|-heal|p1a: Arbok|174/246|[from] item: Leftovers\n|upkeep\n|turn|3\n|inactive|Time left: 300 sec this turn | 300 sec total\n|\n|t:|1783559426\n|move|p2a: Cryogonal|Recover|p2a: Cryogonal\n|-heal|p2a: Cryogonal|64/100\n|move|p1a: Arbok|Gunk Shot|p2a: Cryogonal|[miss]\n|-miss|p1a: Arbok|p2a: Cryogonal\n|\n|-heal|p1a: Arbok|189/246|[from] item: Leftovers\n|upkeep\n|turn|4\n|inactive|Time left: 300 sec this turn | 300 sec total\n|\n|t:|1783559427\n|switch|p2a: Palossand|Palossand, L89, M|100/100\n|move|p1a: Arbok|Gunk Shot|p2a: Palossand\n|-resisted|p2a: Palossand\n|-damage|p2a: Palossand|91/100\n|-status|p2a: Palossand|psn\n|\n|-heal|p1a: Arbok|204/246|[from] item: Leftovers\n|-heal|p2a: Palossand|97/100 psn|[from] item: Leftovers\n|-damage|p2a: Palossand|85/100 psn|[from] psn\n|upkeep\n|turn|5\n|inactive|Time left: 300 sec this turn | 300 sec total\n|\n|t:|1783559428\n|switch|p1a: Azumarill|Azumarill, L82, M|130/298\n|move|p2a: Palossand|Earth Power|p1a: Azumarill\n|-damage|p1a: Azumarill|10/298\n|\n|-heal|p2a: Palossand|91/100 psn|[from] item: Leftovers\n|-damage|p2a: Palossand|79/100 psn|[from] psn\n|upkeep\n|turn|6\n|inactive|Time left: 300 sec this turn | 300 sec total\n|\n|t:|1783559429\n|switch|p2a: Wo-Chien|Wo-Chien, L83|100/100\n|-ability|p2a: Wo-Chien|Tablets of Ruin\n|move|p1a: Azumarill|Knock Off|p2a: Wo-Chien\n|-resisted|p2a: Wo-Chien\n|-damage|p2a: Wo-Chien|86/100\n|-enditem|p2a: Wo-Chien|Leftovers|[from] move: Knock Off|[of] p1a: Azumarill\n|\n|upkeep\n|turn|7\n|inactive|Time left: 300 sec this turn | 300 sec total\n|\n|t:|1783559430\n|switch|p1a: Ogerpon|Ogerpon-Hearthflame, L74, F|239/239\n|-ability|p1a: Ogerpon|Mold Breaker\n|move|p2a: Wo-Chien|Knock Off|p1a: Ogerpon\n|-crit|p1a: Ogerpon\n|-damage|p1a: Ogerpon|131/239\n|\n|upkeep\n|turn|8\n|inactive|Time left: 300 sec this turn | 300 sec total\n|\n|t:|1783559431\n|switch|p2a: Tentacruel|Tentacruel, L84, M|100/100\n|move|p1a: Ogerpon|Ivy Cudgel|p2a: Tentacruel|[anim] Ivy Cudgel Fire\n|-resisted|p2a: Tentacruel\n|-damage|p2a: Tentacruel|72/100\n|\n|-heal|p2a: Tentacruel|78/100|[from] item: Leftovers\n|upkeep\n|turn|9\n|inactive|Time left: 300 sec this turn | 300 sec total\n|\n|t:|1783559432\n|switch|p1a: Arbok|Arbok, L87, F|204/246\n|-ability|p1a: Arbok|Intimidate|boost\n|-unboost|p2a: Tentacruel|atk|1\n|move|p2a: Tentacruel|Sludge Bomb|p1a: Arbok\n|-resisted|p1a: Arbok\n|-damage|p1a: Arbok|164/246\n|\n|-heal|p2a: Tentacruel|84/100|[from] item: Leftovers\n|-heal|p1a: Arbok|179/246|[from] item: Leftovers\n|upkeep\n|turn|10\n|inactive|Time left: 300 sec this turn | 300 sec total\n|\n|t:|1783559433\n|move|p2a: Tentacruel|Surf|p1a: Arbok\n|-damage|p1a: Arbok|92/246\n|move|p1a: Arbok|Gunk Shot|p2a: Tentacruel\n|-resisted|p2a: Tentacruel\n|-damage|p2a: Tentacruel|53/100\n|\n|-heal|p2a: Tentacruel|60/100|[from] item: Leftovers\n|-heal|p1a: Arbok|107/246|[from] item: Leftovers\n|upkeep\n|turn|11\n|inactive|Time left: 300 sec this turn | 300 sec total\n|\n|t:|1783559434\n|move|p2a: Tentacruel|Surf|p1a: Arbok\n|-damage|p1a: Arbok|19/246\n|move|p1a: Arbok|Earthquake|p2a: Tentacruel\n|-supereffective|p2a: Tentacruel\n|-damage|p2a: Tentacruel|0 fnt\n|faint|p2a: Tentacruel\n|\n|-heal|p1a: Arbok|34/246|[from] item: Leftovers\n|upkeep\n|\n|t:|1783559435\n|switch|p2a: Greedent|Greedent, L86, M|100/100\n|turn|12\n|inactive|Time left: 300 sec this turn | 300 sec total\n|\n|t:|1783559436\n|move|p1a: Arbok|Gunk Shot|p2a: Greedent\n|-damage|p2a: Greedent|62/100\n|move|p2a: Greedent|Swords Dance|p2a: Greedent\n|-boost|p2a: Greedent|atk|2\n|\n|-heal|p1a: Arbok|49/246|[from] item: Leftovers\n|upkeep\n|turn|13\n|inactive|Time left: 300 sec this turn | 300 sec total\n|\n|t:|1783559437\n|move|p1a: Arbok|Gunk Shot|p2a: Greedent\n|-crit|p2a: Greedent\n|-damage|p2a: Greedent|13/100\n|-status|p2a: Greedent|psn\n|-enditem|p2a: Greedent|Sitrus Berry|[eat]\n|-heal|p2a: Greedent|38/100 psn|[from] item: Sitrus Berry\n|-heal|p2a: Greedent|71/100 psn|[from] ability: Cheek Pouch\n|move|p2a: Greedent|Double-Edge|p1a: Arbok\n|-damage|p1a: Arbok|0 fnt\n|faint|p1a: Arbok\n|-damage|p2a: Greedent|66/100 psn|[from] Recoil\n|\n|-damage|p2a: Greedent|54/100 psn|[from] psn\n|upkeep\n|inactive|Time left: 300 sec this turn | 300 sec total | 5 sec grace\n|\n|t:|1783559438\n|switch|p1a: Azumarill|Azumarill, L82, M|10/298\n|turn|14\n|inactive|Time left: 300 sec this turn | 300 sec total\n|\n|t:|1783559439\n|move|p1a: Azumarill|Liquidation|p2a: Greedent\n|-damage|p2a: Greedent|11/100 psn\n|move|p2a: Greedent|Double-Edge|p1a: Azumarill\n|-crit|p1a: Azumarill\n|-damage|p1a: Azumarill|0 fnt\n|faint|p1a: Azumarill\n|-damage|p2a: Greedent|10/100 psn|[from] Recoil\n|\n|-damage|p2a: Greedent|0 fnt|[from] psn\n|faint|p2a: Greedent\n|upkeep\n|inactive|Time left: 300 sec this turn | 300 sec total | 5 sec grace\n|\n|t:|1783559440\n|switch|p1a: Ogerpon|Ogerpon-Hearthflame, L74, F|131/239\n|switch|p2a: Palossand|Palossand, L89, M|79/100 psn\n|-ability|p1a: Ogerpon|Mold Breaker\n|turn|15\n|inactive|Time left: 300 sec this turn | 300 sec total\n|\n|t:|1783559441\n|move|p1a: Ogerpon|Horn Leech|p2a: Palossand\n|-supereffective|p2a: Palossand\n|-damage|p2a: Palossand|30/100 psn\n|-heal|p1a: Ogerpon|203/239|[from] drain|[of] p2a: Palossand\n|move|p2a: Palossand|Earth Power|p1a: Ogerpon\n|-damage|p1a: Ogerpon|94/239\n|\n|-heal|p2a: Palossand|36/100 psn|[from] item: Leftovers\n|-damage|p2a: Palossand|23/100 psn|[from] psn\n|upkeep\n|turn|16\n|inactive|Time left: 300 sec this turn | 300 sec total\n|\n|t:|1783559442\n|move|p1a: Ogerpon|Ivy Cudgel|p2a: Palossand|[anim] Ivy Cudgel Fire\n|-damage|p2a: Palossand|0 fnt\n|faint|p2a: Palossand\n|\n|upkeep\n|\n|t:|1783559444\n|switch|p2a: Comfey|Comfey, L85, M|100/100\n|turn|17\n|inactive|Time left: 300 sec this turn | 300 sec total\n|\n|t:|1783559445\n|move|p2a: Comfey|Calm Mind|p2a: Comfey\n|-boost|p2a: Comfey|spa|1\n|-boost|p2a: Comfey|spd|1\n|move|p1a: Ogerpon|Swords Dance|p1a: Ogerpon\n|-boost|p1a: Ogerpon|atk|2\n|\n|upkeep\n|turn|18\n|inactive|Time left: 300 sec this turn | 300 sec total\n|\n|t:|1783559446\n|-terastallize|p2a: Comfey|Ground\n|move|p2a: Comfey|Tera Blast|p1a: Ogerpon|[anim] Tera Blast Ground\n|-damage|p1a: Ogerpon|0 fnt\n|faint|p1a: Ogerpon\n|\n|upkeep\n|inactive|Time left: 300 sec this turn | 300 sec total | 5 sec grace\n|\n|t:|1783559446\n|switch|p1a: Hypno|Hypno, L95, F|315/315\n|turn|19\n|inactive|Time left: 300 sec this turn | 300 sec total\n|\n|t:|1783559447\n|move|p2a: Comfey|Calm Mind|p2a: Comfey\n|-boost|p2a: Comfey|spa|1\n|-boost|p2a: Comfey|spd|1\n|move|p1a: Hypno|Knock Off|p2a: Comfey\n|-damage|p2a: Comfey|72/100\n|-enditem|p2a: Comfey|Leftovers|[from] move: Knock Off|[of] p1a: Hypno\n|\n|upkeep\n|turn|20\n|inactive|Time left: 300 sec this turn | 300 sec total\n|\n|t:|1783559448\n|move|p2a: Comfey|Tera Blast|p1a: Hypno|[anim] Tera Blast Ground\n|-damage|p1a: Hypno|201/315\n|move|p1a: Hypno|Psychic Noise|p2a: Comfey\n|-damage|p2a: Comfey|57/100\n|-start|p2a: Comfey|move: Heal Block\n|\n|-heal|p1a: Hypno|220/315|[from] item: Leftovers\n|upkeep\n|turn|21\n|inactive|Time left: 300 sec this turn | 300 sec total\n|\n|t:|1783559449\n|move|p2a: Comfey|Tera Blast|p1a: Hypno|[anim] Tera Blast Ground\n|-damage|p1a: Hypno|111/315\n|move|p1a: Hypno|Knock Off|p2a: Comfey\n|-crit|p2a: Comfey\n|-damage|p2a: Comfey|28/100\n|\n|-heal|p1a: Hypno|130/315|[from] item: Leftovers\n|-end|p2a: Comfey|move: Heal Block\n|upkeep\n|turn|22\n|inactive|Time left: 300 sec this turn | 300 sec total\n|\n|t:|1783559450\n|move|p2a: Comfey|Draining Kiss|p1a: Hypno\n|-damage|p1a: Hypno|57/315\n|-heal|p2a: Comfey|52/100|[from] drain|[of] p1a: Hypno\n|move|p1a: Hypno|Psychic Noise|p2a: Comfey\n|-damage|p2a: Comfey|36/100\n|-start|p2a: Comfey|move: Heal Block\n|\n|-heal|p1a: Hypno|76/315|[from] item: Leftovers\n|upkeep\n|turn|23\n|inactive|Time left: 300 sec this turn | 300 sec total\n|\n|t:|1783559451\n|move|p2a: Comfey|Tera Blast|p1a: Hypno|[anim] Tera Blast Ground\n|-damage|p1a: Hypno|0 fnt\n|faint|p1a: Hypno\n|\n|-end|p2a: Comfey|move: Heal Block\n|upkeep\n|inactive|Time left: 300 sec this turn | 300 sec total | 5 sec grace\n|\n|t:|1783559452\n|switch|p1a: Eternatus|Eternatus, L69|308/308\n|-ability|p1a: Eternatus|Pressure\n|turn|24\n|inactive|Time left: 300 sec this turn | 300 sec total\n|\n|t:|1783559453\n|move|p2a: Comfey|Draining Kiss|p1a: Eternatus\n|-damage|p1a: Eternatus|196/308\n|-heal|p2a: Comfey|73/100|[from] drain|[of] p1a: Eternatus\n|-damage|p2a: Comfey|57/100|[from] item: Rocky Helmet|[of] p1a: Eternatus\n|move|p1a: Eternatus|Toxic|p2a: Comfey\n|-status|p2a: Comfey|tox\n|\n|-damage|p2a: Comfey|51/100 tox|[from] psn\n|upkeep\n|turn|25\n|inactive|Time left: 300 sec this turn | 300 sec total\n|\n|t:|1783559454\n|move|p2a: Comfey|Draining Kiss|p1a: Eternatus\n|-damage|p1a: Eternatus|87/308\n|-heal|p2a: Comfey|87/100 tox|[from] drain|[of] p1a: Eternatus\n|-damage|p2a: Comfey|71/100 tox|[from] item: Rocky Helmet|[of] p1a: Eternatus\n|move|p1a: Eternatus|Dynamax Cannon|p2a: Comfey\n|-damage|p2a: Comfey|52/100 tox\n|\n|-damage|p2a: Comfey|39/100 tox|[from] psn\n|upkeep\n|turn|26\n|inactive|Time left: 300 sec this turn | 300 sec total\n|\n|t:|1783559455\n|move|p2a: Comfey|Draining Kiss|p1a: Eternatus\n|-damage|p1a: Eternatus|0 fnt\n|-heal|p2a: Comfey|68/100 tox|[from] drain|[of] p1a: Eternatus\n|-damage|p2a: Comfey|52/100 tox|[from] item: Rocky Helmet|[of] p1a: Eternatus\n|faint|p1a: Eternatus\n|\n|-damage|p2a: Comfey|33/100 tox|[from] psn\n|upkeep\n|inactive|Time left: 300 sec this turn | 300 sec total | 5 sec grace\n|\n|t:|1783559456\n|switch|p1a: Palkia|Palkia-Origin, L72|249/249\n|-ability|p1a: Palkia|Pressure\n|turn|27\n|inactive|Time left: 300 sec this turn | 300 sec total\n|\n|t:|1783559457\n|-terastallize|p1a: Palkia|Dragon\n|move|p2a: Comfey|Draining Kiss|p1a: Palkia\n|-supereffective|p1a: Palkia\n|-damage|p1a: Palkia|61/249\n|-heal|p2a: Comfey|96/100 tox|[from] drain|[of] p1a: Palkia\n|move|p1a: Palkia|Spacial Rend|p2a: Comfey\n|-damage|p2a: Comfey|64/100 tox\n|\n|-damage|p2a: Comfey|39/100 tox|[from] psn\n|upkeep\n|turn|28\n|inactive|Time left: 300 sec this turn | 300 sec total\n|\n|t:|1783559457\n|move|p2a: Comfey|Draining Kiss|p1a: Palkia\n|-supereffective|p1a: Palkia\n|-damage|p1a: Palkia|0 fnt\n|-heal|p2a: Comfey|59/100 tox|[from] drain|[of] p1a: Palkia\n|faint|p1a: Palkia\n|\n|win|p0y1674d245", "uploadtime": 1783559457, "views": 0, "rating": 0, "private": 0, "password": null, "_winner": "p0y1674d245", "_our_name": "p0x1674d83b"}