{"id": "battle-gen9randombattle-889", "formatid": "gen9randombattle", "format": "[Gen 9] Random Battle", "players": ["p0x8898b60", "p0y88997b2"], "log": "|init|battle\n|title|p0x8898b60 vs. p0y88997b2\n|j|\u2606p0x8898b60\n|j|\u2606p0y88997b2\n|t:|1783550222\n|gametype|singles\n|player|p1|p0x8898b60|102|\n|player|p2|p0y88997b2|169|\n|gen|9\n|tier|[Gen 9] Random Battle\n|rule|Species Clause: Limit one of each Pok\u00e9mon\n|rule|HP Percentage Mod: HP is shown in percentages\n|rule|Sleep Clause Mod: Limit one foe put to sleep\n|rule|Illusion Level Mod: Illusion disguises the Pok\u00e9mon's true level\n|\n|t:|1783550222\n|teamsize|p1|6\n|teamsize|p2|6\n|start\n|switch|p1a: Zekrom|Zekrom, L71|100/100\n|switch|p2a: Ho-Oh|Ho-Oh, L71|268/268\n|-ability|p1a: Zekrom|Teravolt\n|turn|1\n|inactive|Battle timer is ON: inactive players will automatically lose when time's up. (requested by p0y88997b2)\n|inactive|p0x8898b60 also wants the timer to be on.\n|\n|t:|1783550223\n|switch|p2a: Ninetales|Ninetales-Alola, L78, M|242/242\n|-weather|Snowscape|[from] ability: Snow Warning|[of] p2a: Ninetales\n|move|p1a: Zekrom|Outrage|p2a: Ninetales\n|-immune|p2a: Ninetales\n|\n|-weather|Snowscape|[upkeep]\n|upkeep\n|turn|2\n|inactive|Time left: 300 sec this turn | 300 sec total\n|\n|t:|1783550224\n|move|p2a: Ninetales|Aurora Veil|p2a: Ninetales\n|-sidestart|p2: p0y88997b2|move: Aurora Veil\n|move|p1a: Zekrom|Dragon Dance|p1a: Zekrom\n|-boost|p1a: Zekrom|atk|1\n|-boost|p1a: Zekrom|spe|1\n|\n|-weather|Snowscape|[upkeep]\n|upkeep\n|turn|3\n|inactive|Time left: 300 sec this turn | 300 sec total\n|\n|t:|1783550225\n|move|p1a: Zekrom|Substitute|p1a: Zekrom\n|-start|p1a: Zekrom|Substitute\n|-damage|p1a: Zekrom|76/100\n|move|p2a: Ninetales|Moonblast|p1a: Zekrom\n|-supereffective|p1a: Zekrom\n|-end|p1a: Zekrom|Substitute\n|\n|-weather|Snowscape|[upkeep]\n|-heal|p1a: Zekrom|82/100|[from] item: Leftovers\n|upkeep\n|turn|4\n|inactive|Time left: 300 sec this turn | 300 sec total\n|\n|t:|1783550226\n|-terastallize|p1a: Zekrom|Fairy\n|move|p1a: Zekrom|Dragon Dance|p1a: Zekrom\n|-boost|p1a: Zekrom|atk|1\n|-boost|p1a: Zekrom|spe|1\n|move|p2a: Ninetales|Moonblast|p1a: Zekrom\n|-damage|p1a: Zekrom|48/100\n|\n|-weather|Snowscape|[upkeep]\n|-heal|p1a: Zekrom|55/100|[from] item: Leftovers\n|upkeep\n|turn|5\n|inactive|Time left: 300 sec this turn | 300 sec total\n|\n|t:|1783550226\n|move|p1a: Zekrom|Bolt Strike|p2a: Ninetales\n|-damage|p2a: Ninetales|124/242\n|move|p2a: Ninetales|Moonblast|p1a: Zekrom\n|-damage|p1a: Zekrom|20/100\n|\n|-weather|none\n|-heal|p1a: Zekrom|26/100|[from] item: Leftovers\n|upkeep\n|turn|6\n|inactive|Time left: 300 sec this turn | 300 sec total\n|\n|t:|1783550227\n|switch|p2a: Lurantis|Lurantis, L87, F|264/264\n|move|p1a: Zekrom|Bolt Strike|p2a: Lurantis\n|-resisted|p2a: Lurantis\n|-damage|p2a: Lurantis|199/264\n|-status|p2a: Lurantis|par\n|\n|-heal|p1a: Zekrom|32/100|[from] item: Leftovers\n|-heal|p2a: Lurantis|215/264 par|[from] item: Leftovers\n|upkeep\n|turn|7\n|inactive|Time left: 300 sec this turn | 300 sec total\n|\n|t:|1783550228\n|move|p1a: Zekrom|Substitute|p1a: Zekrom\n|-start|p1a: Zekrom|Substitute\n|-damage|p1a: Zekrom|7/100\n|move|p2a: Lurantis|Leaf Storm|p1a: Zekrom\n|-end|p1a: Zekrom|Substitute\n|-boost|p2a: Lurantis|spa|2\n|\n|-heal|p1a: Zekrom|14/100|[from] item: Leftovers\n|-heal|p2a: Lurantis|231/264 par|[from] item: Leftovers\n|upkeep\n|turn|8\n|inactive|Time left: 300 sec this turn | 300 sec total\n|\n|t:|1783550228\n|move|p1a: Zekrom|Outrage|p2a: Lurantis\n|-damage|p2a: Lurantis|104/264 par\n|move|p2a: Lurantis|Superpower|p1a: Zekrom\n|-resisted|p1a: Zekrom\n|-damage|p1a: Zekrom|0 fnt\n|-boost|p2a: Lurantis|atk|1\n|-boost|p2a: Lurantis|def|1\n|faint|p1a: Zekrom\n|\n|-heal|p2a: Lurantis|120/264 par|[from] item: Leftovers\n|upkeep\n|\n|t:|1783550229\n|switch|p1a: Dragonite|Dragonite, L74, F|100/100\n|turn|9\n|inactive|Time left: 300 sec this turn | 300 sec total\n|\n|t:|1783550230\n|move|p1a: Dragonite|Outrage|p2a: Lurantis\n|-damage|p2a: Lurantis|77/264 par\n|move|p2a: Lurantis|Synthesis|p2a: Lurantis\n|-heal|p2a: Lurantis|209/264 par\n|\n|-heal|p2a: Lurantis|225/264 par|[from] item: Leftovers\n|-sideend|p2: p0y88997b2|move: Aurora Veil\n|upkeep\n|turn|10\n|inactive|Time left: 300 sec this turn | 300 sec total\n|\n|t:|1783550231\n|move|p1a: Dragonite|Outrage|p2a: Lurantis|[from] lockedmove\n|-damage|p2a: Lurantis|146/264 par\n|-start|p1a: Dragonite|confusion|[fatigue]\n|cant|p2a: Lurantis|par\n|\n|-heal|p2a: Lurantis|162/264 par|[from] item: Leftovers\n|upkeep\n|turn|11\n|inactive|Time left: 300 sec this turn | 300 sec total\n|\n|t:|1783550232\n|-activate|p1a: Dragonite|confusion\n|move|p1a: Dragonite|Outrage|p2a: Lurantis\n|-damage|p2a: Lurantis|80/264 par\n|move|p2a: Lurantis|Superpower|p1a: Dragonite\n|-resisted|p1a: Dragonite\n|-damage|p1a: Dragonite|85/100\n|-boost|p2a: Lurantis|atk|1\n|-boost|p2a: Lurantis|def|1\n|\n|-heal|p2a: Lurantis|96/264 par|[from] item: Leftovers\n|upkeep\n|turn|12\n|inactive|Time left: 300 sec this turn | 300 sec total\n|\n|t:|1783550233\n|-end|p1a: Dragonite|confusion\n|move|p1a: Dragonite|Outrage|p2a: Lurantis|[from] lockedmove\n|-damage|p2a: Lurantis|29/264 par\n|move|p2a: Lurantis|Synthesis|p2a: Lurantis\n|-heal|p2a: Lurantis|161/264 par\n|\n|-heal|p2a: Lurantis|177/264 par|[from] item: Leftovers\n|upkeep\n|turn|13\n|inactive|Time left: 300 sec this turn | 300 sec total\n|\n|t:|1783550234\n|move|p1a: Dragonite|Outrage|p2a: Lurantis|[from] lockedmove\n|-damage|p2a: Lurantis|117/264 par\n|-start|p1a: Dragonite|confusion|[fatigue]\n|cant|p2a: Lurantis|par\n|\n|-heal|p2a: Lurantis|133/264 par|[from] item: Leftovers\n|upkeep\n|turn|14\n|inactive|Time left: 300 sec this turn | 300 sec total\n|\n|t:|1783550235\n|-activate|p1a: Dragonite|confusion\n|-damage|p1a: Dragonite|74/100|[from] confusion\n|cant|p2a: Lurantis|par\n|\n|-heal|p2a: Lurantis|149/264 par|[from] item: Leftovers\n|upkeep\n|turn|15\n|inactive|Time left: 300 sec this turn | 300 sec total\n|\n|t:|1783550236\n|switch|p1a: Wigglytuff|Wigglytuff, L96, F|100/100\n|move|p2a: Lurantis|Superpower|p1a: Wigglytuff\n|-damage|p1a: Wigglytuff|36/100\n|-boost|p2a: Lurantis|atk|1\n|-boost|p2a: Lurantis|def|1\n|\n|-heal|p1a: Wigglytuff|42/100|[from] item: Leftovers\n|-heal|p2a: Lurantis|165/264 par|[from] item: Leftovers\n|upkeep\n|turn|16\n|inactive|Time left: 300 sec this turn | 300 sec total\n|\n|t:|1783550238\n|move|p1a: Wigglytuff|Dazzling Gleam|p2a: Lurantis\n|-crit|p2a: Lurantis\n|-damage|p2a: Lurantis|35/264 par\n|move|p2a: Lurantis|Superpower|p1a: Wigglytuff\n|-damage|p1a: Wigglytuff|0 fnt\n|-boost|p2a: Lurantis|atk|1\n|-boost|p2a: Lurantis|def|1\n|faint|p1a: Wigglytuff\n|\n|-heal|p2a: Lurantis|51/264 par|[from] item: Leftovers\n|upkeep\n|\n|t:|1783550239\n|switch|p1a: Bruxish|Bruxish, L85, M|100/100\n|turn|17\n|inactive|Time left: 300 sec this turn | 300 sec total\n|\n|t:|1783550240\n|move|p1a: Bruxish|Psychic Fangs|p2a: Lurantis\n|-damage|p2a: Lurantis|0 fnt\n|faint|p2a: Lurantis\n|\n|upkeep\n|inactive|Time left: 300 sec this turn | 300 sec total | 5 sec grace\n|\n|t:|1783550241\n|switch|p2a: Ninetales|Ninetales-Alola, L78, M|124/242\n|-weather|Snowscape|[from] ability: Snow Warning|[of] p2a: Ninetales\n|turn|18\n|inactive|Time left: 300 sec this turn | 300 sec total\n|\n|t:|1783550242\n|move|p2a: Ninetales|Aurora Veil|p2a: Ninetales\n|-sidestart|p2: p0y88997b2|move: Aurora Veil\n|move|p1a: Bruxish|Psychic Fangs|p2a: Ninetales\n|-sideend|p2: p0y88997b2|move: Aurora Veil\n|-damage|p2a: Ninetales|0 fnt\n|faint|p2a: Ninetales\n|\n|-weather|Snowscape|[upkeep]\n|upkeep\n|inactive|Time left: 300 sec this turn | 300 sec total | 5 sec grace\n|\n|t:|1783550243\n|switch|p2a: Ho-Oh|Ho-Oh, L71|268/268\n|turn|19\n|inactive|Time left: 300 sec this turn | 300 sec total\n|\n|t:|1783550244\n|-terastallize|p2a: Ho-Oh|Steel\n|move|p1a: Bruxish|Psychic Fangs|p2a: Ho-Oh\n|-resisted|p2a: Ho-Oh\n|-damage|p2a: Ho-Oh|144/268\n|move|p2a: Ho-Oh|Sacred Fire|p1a: Bruxish\n|-resisted|p1a: Bruxish\n|-damage|p1a: Bruxish|79/100\n|-status|p1a: Bruxish|brn\n|\n|-weather|Snowscape|[upkeep]\n|-damage|p1a: Bruxish|73/100 brn|[from] brn\n|upkeep\n|turn|20\n|inactive|Time left: 300 sec this turn | 300 sec total\n|\n|t:|1783550245\n|move|p1a: Bruxish|Psychic Fangs|p2a: Ho-Oh\n|-resisted|p2a: Ho-Oh\n|-damage|p2a: Ho-Oh|80/268\n|move|p2a: Ho-Oh|Recover|p2a: Ho-Oh\n|-heal|p2a: Ho-Oh|214/268\n|\n|-weather|Snowscape|[upkeep]\n|-damage|p1a: Bruxish|67/100 brn|[from] brn\n|upkeep\n|turn|21\n|inactive|Time left: 300 sec this turn | 300 sec total\n|\n|t:|1783550246\n|move|p1a: Bruxish|Psychic Fangs|p2a: Ho-Oh\n|-resisted|p2a: Ho-Oh\n|-damage|p2a: Ho-Oh|156/268\n|move|p2a: Ho-Oh|Recover|p2a: Ho-Oh\n|-heal|p2a: Ho-Oh|268/268\n|\n|-weather|Snowscape|[upkeep]\n|-damage|p1a: Bruxish|62/100 brn|[from] brn\n|upkeep\n|turn|22\n|inactive|Time left: 300 sec this turn | 300 sec total\n|\n|t:|1783550248\n|move|p1a: Bruxish|Psychic Fangs|p2a: Ho-Oh\n|-resisted|p2a: Ho-Oh\n|-damage|p2a: Ho-Oh|208/268\n|move|p2a: Ho-Oh|Sacred Fire|p1a: Bruxish\n|-resisted|p1a: Bruxish\n|-damage|p1a: Bruxish|40/100 brn\n|\n|-weather|none\n|-damage|p1a: Bruxish|34/100 brn|[from] brn\n|upkeep\n|turn|23\n|inactive|Time left: 300 sec this turn | 300 sec total\n|\n|t:|1783550249\n|move|p1a: Bruxish|Psychic Fangs|p2a: Ho-Oh\n|-resisted|p2a: Ho-Oh\n|-damage|p2a: Ho-Oh|141/268\n|move|p2a: Ho-Oh|Sacred Fire|p1a: Bruxish\n|-resisted|p1a: Bruxish\n|-damage|p1a: Bruxish|11/100 brn\n|\n|-damage|p1a: Bruxish|5/100 brn|[from] brn\n|upkeep\n|turn|24\n|inactive|Time left: 300 sec this turn | 300 sec total\n|\n|t:|1783550250\n|move|p1a: Bruxish|Psychic Fangs|p2a: Ho-Oh\n|-resisted|p2a: Ho-Oh\n|-damage|p2a: Ho-Oh|74/268\n|move|p2a: Ho-Oh|Recover|p2a: Ho-Oh\n|-heal|p2a: Ho-Oh|208/268\n|\n|-damage|p1a: Bruxish|0 fnt|[from] brn\n|faint|p1a: Bruxish\n|upkeep\n|\n|t:|1783550251\n|switch|p1a: Pikachu|Pikachu-World, L93, F|100/100\n|turn|25\n|inactive|Time left: 300 sec this turn | 300 sec total\n|\n|t:|1783550252\n|switch|p2a: Toxicroak|Toxicroak, L84, F|277/277\n|move|p1a: Pikachu|Volt Tackle|p2a: Toxicroak\n|-damage|p2a: Toxicroak|39/277\n|-status|p2a: Toxicroak|par\n|-damage|p1a: Pikachu|64/100|[from] Recoil\n|\n|upkeep\n|turn|26\n|inactive|Time left: 300 sec this turn | 300 sec total\n|\n|t:|1783550254\n|move|p1a: Pikachu|Volt Tackle|p2a: Toxicroak\n|-damage|p2a: Toxicroak|0 fnt\n|faint|p2a: Toxicroak\n|-damage|p1a: Pikachu|58/100|[from] Recoil\n|\n|upkeep\n|inactive|Time left: 300 sec this turn | 300 sec total | 5 sec grace\n|\n|t:|1783550255\n|switch|p2a: Azelf|Azelf, L82|257/257\n|turn|27\n|inactive|Time left: 300 sec this turn | 300 sec total\n|\n|t:|1783550256\n|switch|p1a: Registeel|Registeel, L81|100/100\n|move|p2a: Azelf|Psychic|p1a: Registeel\n|-resisted|p1a: Registeel\n|-damage|p1a: Registeel|82/100\n|-damage|p2a: Azelf|232/257|[from] item: Life Orb\n|\n|upkeep\n|turn|28\n|inactive|Time left: 300 sec this turn | 300 sec total\n|\n|t:|1783550257\n|move|p2a: Azelf|Fire Blast|p1a: Registeel\n|-supereffective|p1a: Registeel\n|-damage|p1a: Registeel|19/100\n|-damage|p2a: Azelf|207/257|[from] item: Life Orb\n|move|p1a: Registeel|Iron Head|p2a: Azelf\n|-damage|p2a: Azelf|125/257\n|\n|upkeep\n|turn|29\n|inactive|Time left: 300 sec this turn | 300 sec total\n|\n|t:|1783550259\n|move|p2a: Azelf|Fire Blast|p1a: Registeel\n|-supereffective|p1a: Registeel\n|-damage|p1a: Registeel|0 fnt\n|faint|p1a: Registeel\n|-damage|p2a: Azelf|100/257|[from] item: Life Orb\n|\n|upkeep\n|\n|t:|1783550260\n|switch|p1a: Dragonite|Dragonite, L74, F|74/100\n|turn|30\n|inactive|Time left: 300 sec this turn | 300 sec total\n|\n|t:|1783550261\n|move|p2a: Azelf|Psychic|p1a: Dragonite\n|-damage|p1a: Dragonite|20/100\n|-damage|p2a: Azelf|75/257|[from] item: Life Orb\n|move|p1a: Dragonite|Dragon Dance|p1a: Dragonite\n|-boost|p1a: Dragonite|atk|1\n|-boost|p1a: Dragonite|spe|1\n|\n|upkeep\n|turn|31\n|inactive|Time left: 300 sec this turn | 300 sec total\n|\n|t:|1783550262\n|move|p1a: Dragonite|Outrage|p2a: Azelf\n|-damage|p2a: Azelf|0 fnt\n|faint|p2a: Azelf\n|\n|upkeep\n|inactive|Time left: 300 sec this turn | 300 sec total | 5 sec grace\n|\n|t:|1783550263\n|switch|p2a: Phione|Phione, L91|293/293\n|turn|32\n|inactive|Time left: 300 sec this turn | 300 sec total\n|\n|t:|1783550264\n|move|p1a: Dragonite|Outrage|p2a: Phione|[from] lockedmove\n|-damage|p2a: Phione|91/293\n|-start|p1a: Dragonite|confusion|[fatigue]\n|move|p2a: Phione|Ice Beam|p1a: Dragonite\n|-supereffective|p1a: Dragonite\n|-damage|p1a: Dragonite|0 fnt\n|faint|p1a: Dragonite\n|\n|-heal|p2a: Phione|109/293|[from] item: Leftovers\n|upkeep\n|\n|t:|1783550265\n|switch|p1a: Pikachu|Pikachu-World, L93, F|58/100\n|turn|33\n|inactive|Time left: 300 sec this turn | 300 sec total\n|\n|t:|1783550266\n|move|p1a: Pikachu|Volt Tackle|p2a: Phione\n|-supereffective|p2a: Phione\n|-damage|p2a: Phione|0 fnt\n|faint|p2a: Phione\n|-damage|p1a: Pikachu|41/100|[from] Recoil\n|\n|upkeep\n|inactive|Time left: 300 sec this turn | 300 sec total | 5 sec grace\n|\n|t:|1783550267\n|switch|p2a: Ho-Oh|Ho-Oh, L71, tera:Steel|268/268\n|turn|34\n|inactive|Time left: 300 sec this turn | 300 sec total\n|\n|t:|1783550268\n|move|p1a: Pikachu|Volt Tackle|p2a: Ho-Oh\n|-damage|p2a: Ho-Oh|19/268\n|-damage|p1a: Pikachu|3/100|[from] Recoil\n|move|p2a: Ho-Oh|Earthquake|p1a: Pikachu\n|-supereffective|p1a: Pikachu\n|-damage|p1a: Pikachu|0 fnt\n|faint|p1a: Pikachu\n|\n|win|p0y88997b2", "uploadtime": 1783550268, "views": 0, "rating": 0, "private": 0, "password": null, "_winner": "p0y88997b2", "_our_name": "p0y88997b2"}