{"id": "battle-gen9randombattle-2208", "formatid": "gen9randombattle", "format": "[Gen 9] Random Battle", "players": ["p0x22070442", "p0y2207cda7"], "log": "|init|battle\n|title|p0x22070442 vs. p0y2207cda7\n|j|\u2606p0x22070442\n|j|\u2606p0y2207cda7\n|t:|1783564648\n|gametype|singles\n|player|p1|p0x22070442|170|\n|player|p2|p0y2207cda7|1|\n|gen|9\n|tier|[Gen 9] Random Battle\n|rule|Species Clause: Limit one of each Pok\u00e9mon\n|rule|HP Percentage Mod: HP is shown in percentages\n|rule|Sleep Clause Mod: Limit one foe put to sleep\n|rule|Illusion Level Mod: Illusion disguises the Pok\u00e9mon's true level\n|\n|t:|1783564648\n|teamsize|p1|6\n|teamsize|p2|6\n|start\n|switch|p1a: Haxorus|Haxorus, L77, M|244/244\n|switch|p2a: Primarina|Primarina, L83, M|100/100\n|-ability|p1a: Haxorus|Mold Breaker\n|turn|1\n|inactive|Battle timer is ON: inactive players will automatically lose when time's up. (requested by p0y2207cda7)\n|inactive|Time left: 300 sec this turn | 300 sec total | 60 sec grace\n|inactive|p0x22070442 also wants the timer to be on.\n|\n|t:|1783564650\n|move|p1a: Haxorus|Swords Dance|p1a: Haxorus\n|-boost|p1a: Haxorus|atk|2\n|move|p2a: Primarina|Moonblast|p1a: Haxorus\n|-supereffective|p1a: Haxorus\n|-damage|p1a: Haxorus|0 fnt\n|faint|p1a: Haxorus\n|\n|upkeep\n|inactive|Time left: 300 sec this turn | 300 sec total | 65 sec grace\n|\n|t:|1783564651\n|switch|p1a: Maushold|Maushold, L76|238/238\n|turn|2\n|inactive|Time left: 300 sec this turn | 300 sec total\n|\n|t:|1783564652\n|-terastallize|p1a: Maushold|Normal\n|move|p1a: Maushold|Population Bomb|p2a: Primarina\n|-damage|p2a: Primarina|87/100\n|-damage|p2a: Primarina|75/100\n|-damage|p2a: Primarina|61/100\n|-damage|p2a: Primarina|48/100\n|-damage|p2a: Primarina|35/100\n|-damage|p2a: Primarina|21/100\n|-crit|p2a: Primarina\n|-damage|p2a: Primarina|3/100\n|-damage|p2a: Primarina|0 fnt\n|faint|p2a: Primarina\n|-hitcount|p2: Primarina|8\n|\n|upkeep\n|\n|t:|1783564653\n|switch|p2a: Zacian|Zacian-Crowned, L64|100/100\n|-ability|p2a: Zacian|Intrepid Sword|boost\n|-boost|p2a: Zacian|atk|1\n|turn|3\n|inactive|Time left: 300 sec this turn | 300 sec total\n|\n|t:|1783564654\n|switch|p1a: Sandy Shocks|Sandy Shocks, L80|267/267\n|move|p2a: Zacian|Close Combat|p1a: Sandy Shocks\n|-damage|p1a: Sandy Shocks|156/267\n|-unboost|p2a: Zacian|def|1\n|-unboost|p2a: Zacian|spd|1\n|\n|upkeep\n|turn|4\n|inactive|Time left: 300 sec this turn | 300 sec total\n|\n|t:|1783564656\n|switch|p2a: Virizion|Virizion, L82|100/100\n|move|p1a: Sandy Shocks|Earth Power|p2a: Virizion\n|-resisted|p2a: Virizion\n|-damage|p2a: Virizion|87/100\n|\n|upkeep\n|turn|5\n|inactive|Time left: 300 sec this turn | 300 sec total\n|\n|t:|1783564657\n|move|p2a: Virizion|Swords Dance|p2a: Virizion\n|-boost|p2a: Virizion|atk|2\n|move|p1a: Sandy Shocks|Earth Power|p2a: Virizion\n|-resisted|p2a: Virizion\n|-damage|p2a: Virizion|73/100\n|\n|upkeep\n|turn|6\n|inactive|Time left: 300 sec this turn | 300 sec total\n|\n|t:|1783564658\n|-end|p1a: Sandy Shocks|Protosynthesis|[silent]\n|switch|p1a: Mightyena|Mightyena, L96, F|290/290\n|-ability|p1a: Mightyena|Intimidate|boost\n|-unboost|p2a: Virizion|atk|1\n|move|p2a: Virizion|Leaf Blade|p1a: Mightyena\n|-damage|p1a: Mightyena|117/290\n|-damage|p2a: Virizion|63/100|[from] item: Life Orb\n|\n|upkeep\n|turn|7\n|inactive|Time left: 300 sec this turn | 300 sec total\n|\n|t:|1783564659\n|switch|p1a: Glimmora|Glimmora, L75, F|248/248\n|move|p2a: Virizion|Leaf Blade|p1a: Glimmora\n|-damage|p1a: Glimmora|61/248\n|-activate|p1a: Glimmora|ability: Toxic Debris\n|-sidestart|p2: p0y2207cda7|move: Toxic Spikes\n|-damage|p2a: Virizion|54/100|[from] item: Life Orb\n|\n|upkeep\n|turn|8\n|inactive|Time left: 300 sec this turn | 300 sec total\n|\n|t:|1783564660\n|move|p2a: Virizion|Leaf Blade|p1a: Glimmora\n|-damage|p1a: Glimmora|0 fnt\n|-activate|p1a: Glimmora|ability: Toxic Debris\n|-sidestart|p2: p0y2207cda7|move: Toxic Spikes\n|faint|p1a: Glimmora\n|-damage|p2a: Virizion|44/100|[from] item: Life Orb\n|\n|upkeep\n|inactive|Time left: 300 sec this turn | 300 sec total | 5 sec grace\n|\n|t:|1783564661\n|switch|p1a: Lokix|Lokix, L82, F|251/251\n|turn|9\n|inactive|Time left: 300 sec this turn | 300 sec total\n|\n|t:|1783564662\n|move|p1a: Lokix|First Impression|p2a: Virizion\n|-damage|p2a: Virizion|0 fnt\n|faint|p2a: Virizion\n|\n|upkeep\n|\n|t:|1783564662\n|switch|p2a: Zacian|Zacian-Crowned, L64|100/100\n|turn|10\n|inactive|Time left: 300 sec this turn | 300 sec total\n|\n|t:|1783564663\n|move|p2a: Zacian|Swords Dance|p2a: Zacian\n|-boost|p2a: Zacian|atk|2\n|move|p1a: Lokix|U-turn|p2a: Zacian\n|-resisted|p2a: Zacian\n|-damage|p2a: Zacian|81/100\n|inactive|Time left: 300 sec this turn | 300 sec total | 5 sec grace\n|\n|t:|1783564664\n|switch|p1a: Sandy Shocks|Sandy Shocks, L80|156/267|[from] U-turn\n|\n|upkeep\n|turn|11\n|inactive|Time left: 300 sec this turn | 300 sec total\n|\n|t:|1783564665\n|move|p2a: Zacian|Play Rough|p1a: Sandy Shocks\n|-damage|p1a: Sandy Shocks|11/267\n|move|p1a: Sandy Shocks|Earth Power|p2a: Zacian\n|-supereffective|p2a: Zacian\n|-damage|p2a: Zacian|0 fnt\n|faint|p2a: Zacian\n|\n|upkeep\n|\n|t:|1783564666\n|switch|p2a: Minior|Minior-Yellow, L79|100/100\n|-formechange|p2a: Minior|Minior-Meteor||[from] ability: Shields Down\n|turn|12\n|inactive|Time left: 300 sec this turn | 300 sec total\n|\n|t:|1783564667\n|-terastallize|p2a: Minior|Ground\n|move|p1a: Sandy Shocks|Volt Switch|p2a: Minior\n|-immune|p2a: Minior\n|move|p2a: Minior|Shell Smash|p2a: Minior\n|-unboost|p2a: Minior|def|1\n|-unboost|p2a: Minior|spd|1\n|-boost|p2a: Minior|atk|2\n|-boost|p2a: Minior|spa|2\n|-boost|p2a: Minior|spe|2\n|-enditem|p2a: Minior|White Herb\n|-clearnegativeboost|p2a: Minior|[silent]\n|\n|upkeep\n|turn|13\n|inactive|Time left: 300 sec this turn | 300 sec total\n|\n|t:|1783564668\n|move|p2a: Minior|Shell Smash|p2a: Minior\n|-unboost|p2a: Minior|def|1\n|-unboost|p2a: Minior|spd|1\n|-boost|p2a: Minior|atk|2\n|-boost|p2a: Minior|spa|2\n|-boost|p2a: Minior|spe|2\n|move|p1a: Sandy Shocks|Earth Power|p2a: Minior\n|-crit|p2a: Minior\n|-damage|p2a: Minior|0 fnt\n|faint|p2a: Minior\n|\n|upkeep\n|\n|t:|1783564668\n|switch|p2a: Mismagius|Mismagius, L86, F|100/100\n|turn|14\n|inactive|Time left: 300 sec this turn | 300 sec total\n|\n|t:|1783564669\n|move|p2a: Mismagius|Nasty Plot|p2a: Mismagius\n|-boost|p2a: Mismagius|spa|2\n|move|p1a: Sandy Shocks|Volt Switch|p2a: Mismagius\n|-damage|p2a: Mismagius|73/100\n|inactive|Time left: 300 sec this turn | 300 sec total | 5 sec grace\n|\n|t:|1783564670\n|-end|p1a: Sandy Shocks|Protosynthesis|[silent]\n|switch|p1a: Mightyena|Mightyena, L96, F|117/290|[from] Volt Switch\n|-ability|p1a: Mightyena|Intimidate|boost\n|-unboost|p2a: Mismagius|atk|1\n|\n|upkeep\n|turn|15\n|inactive|Time left: 300 sec this turn | 300 sec total\n|\n|t:|1783564671\n|move|p1a: Mightyena|Sucker Punch|p2a: Mismagius\n|-supereffective|p2a: Mismagius\n|-damage|p2a: Mismagius|0 fnt\n|faint|p2a: Mismagius\n|\n|upkeep\n|\n|t:|1783564672\n|switch|p2a: Feraligatr|Feraligatr, L79, M|100/100\n|-status|p2a: Feraligatr|tox\n|turn|16\n|inactive|Time left: 300 sec this turn | 300 sec total\n|\n|t:|1783564673\n|move|p1a: Mightyena|Crunch|p2a: Feraligatr\n|-damage|p2a: Feraligatr|65/100 tox\n|move|p2a: Feraligatr|Dragon Dance|p2a: Feraligatr\n|-boost|p2a: Feraligatr|atk|1\n|-boost|p2a: Feraligatr|spe|1\n|\n|-damage|p2a: Feraligatr|59/100 tox|[from] psn\n|upkeep\n|turn|17\n|inactive|Time left: 300 sec this turn | 300 sec total\n|\n|t:|1783564674\n|move|p1a: Mightyena|Sucker Punch||[still]\n|-fail|p1a: Mightyena\n|move|p2a: Feraligatr|Dragon Dance|p2a: Feraligatr\n|-boost|p2a: Feraligatr|atk|1\n|-boost|p2a: Feraligatr|spe|1\n|\n|-damage|p2a: Feraligatr|47/100 tox|[from] psn\n|upkeep\n|turn|18\n|inactive|Time left: 300 sec this turn | 300 sec total\n|\n|t:|1783564675\n|switch|p1a: Lokix|Lokix, L82, F|251/251\n|move|p2a: Feraligatr|Crunch|p1a: Lokix\n|-resisted|p1a: Lokix\n|-damage|p1a: Lokix|154/251\n|\n|-damage|p2a: Feraligatr|29/100 tox|[from] psn\n|upkeep\n|turn|19\n|inactive|Time left: 300 sec this turn | 300 sec total\n|\n|t:|1783564675\n|switch|p1a: Maushold|Maushold, L76, tera:Normal|238/238\n|move|p2a: Feraligatr|Ice Punch|p1a: Maushold\n|-damage|p1a: Maushold|37/238\n|\n|-damage|p2a: Feraligatr|5/100 tox|[from] psn\n|upkeep\n|turn|20\n|inactive|Time left: 300 sec this turn | 300 sec total\n|\n|t:|1783564676\n|move|p2a: Feraligatr|Dragon Dance|p2a: Feraligatr\n|-boost|p2a: Feraligatr|atk|1\n|-boost|p2a: Feraligatr|spe|1\n|move|p1a: Maushold|Bite|p2a: Feraligatr\n|-damage|p2a: Feraligatr|0 fnt\n|faint|p2a: Feraligatr\n|\n|win|p0x22070442", "uploadtime": 1783564676, "views": 0, "rating": 0, "private": 0, "password": null, "_winner": "p0x22070442", "_our_name": "p0x22070442"}