{"id": "battle-gen9randombattle-861", "formatid": "gen9randombattle", "format": "[Gen 9] Random Battle", "players": ["p0x86133b0", "p0y861768a"], "log": "|init|battle\n|title|p0x86133b0 vs. p0y861768a\n|j|\u2606p0x86133b0\n|j|\u2606p0y861768a\n|t:|1783549868\n|gametype|singles\n|player|p1|p0x86133b0|169|\n|player|p2|p0y861768a|169|\n|gen|9\n|tier|[Gen 9] Random Battle\n|rule|Species Clause: Limit one of each Pok\u00e9mon\n|rule|HP Percentage Mod: HP is shown in percentages\n|rule|Sleep Clause Mod: Limit one foe put to sleep\n|rule|Illusion Level Mod: Illusion disguises the Pok\u00e9mon's true level\n|\n|t:|1783549868\n|teamsize|p1|6\n|teamsize|p2|6\n|start\n|switch|p1a: Illumise|Illumise, L91, F|266/266\n|switch|p2a: Decidueye|Decidueye, L88, M|100/100\n|turn|1\n|inactive|Battle timer is ON: inactive players will automatically lose when time's up. (requested by p0y861768a)\n|inactive|Time left: 300 sec this turn | 300 sec total | 60 sec grace\n|inactive|p0x86133b0 also wants the timer to be on.\n|\n|t:|1783549869\n|switch|p1a: Moltres|Moltres-Galar, L79|271/271\n|move|p2a: Decidueye|Poltergeist|p1a: Moltres\n|-activate|p1a: Moltres|move: Poltergeist|Chesto Berry\n|-resisted|p1a: Moltres\n|-damage|p1a: Moltres|185/271\n|-damage|p2a: Decidueye|91/100|[from] item: Life Orb\n|\n|upkeep\n|turn|2\n|inactive|Time left: 300 sec this turn | 300 sec total\n|\n|t:|1783549870\n|switch|p2a: Iron Thorns|Iron Thorns, L83|100/100\n|-enditem|p2a: Iron Thorns|Booster Energy\n|-activate|p2a: Iron Thorns|ability: Quark Drive|[fromitem]\n|-start|p2a: Iron Thorns|quarkdriveatk\n|move|p1a: Moltres|Nasty Plot|p1a: Moltres\n|-boost|p1a: Moltres|spa|2\n|\n|upkeep\n|turn|3\n|inactive|Time left: 300 sec this turn | 300 sec total\n|\n|t:|1783549872\n|move|p1a: Moltres|Fiery Wrath|p2a: Iron Thorns\n|-damage|p2a: Iron Thorns|43/100\n|cant|p2a: Iron Thorns|flinch\n|\n|upkeep\n|turn|4\n|inactive|Time left: 300 sec this turn | 300 sec total\n|\n|t:|1783549873\n|move|p1a: Moltres|Fiery Wrath|p2a: Iron Thorns\n|-damage|p2a: Iron Thorns|0 fnt\n|faint|p2a: Iron Thorns\n|-end|p2a: Iron Thorns|Quark Drive|[silent]\n|\n|upkeep\n|\n|t:|1783549874\n|switch|p2a: Iron Leaves|Iron Leaves, L80|100/100\n|turn|5\n|inactive|Time left: 300 sec this turn | 300 sec total\n|\n|t:|1783549875\n|-terastallize|p2a: Iron Leaves|Fighting\n|move|p2a: Iron Leaves|Close Combat|p1a: Moltres\n|-damage|p1a: Moltres|0 fnt\n|-unboost|p2a: Iron Leaves|def|1\n|-unboost|p2a: Iron Leaves|spd|1\n|faint|p1a: Moltres\n|-damage|p2a: Iron Leaves|91/100|[from] item: Life Orb\n|\n|upkeep\n|inactive|Time left: 300 sec this turn | 300 sec total | 5 sec grace\n|\n|t:|1783549876\n|switch|p1a: Volcanion|Volcanion, L79|255/255\n|turn|6\n|inactive|Time left: 300 sec this turn | 300 sec total\n|\n|t:|1783549877\n|move|p2a: Iron Leaves|Leaf Blade|p1a: Volcanion\n|-damage|p1a: Volcanion|133/255\n|-damage|p2a: Iron Leaves|81/100|[from] item: Life Orb\n|move|p1a: Volcanion|Flame Charge|p2a: Iron Leaves\n|-damage|p2a: Iron Leaves|50/100\n|-boost|p1a: Volcanion|spe|1\n|\n|upkeep\n|turn|7\n|inactive|Time left: 300 sec this turn | 300 sec total\n|\n|t:|1783549879\n|move|p1a: Volcanion|Steam Eruption|p2a: Iron Leaves\n|-damage|p2a: Iron Leaves|0 fnt\n|faint|p2a: Iron Leaves\n|-end|p2a: Iron Leaves|Quark Drive|[silent]\n|\n|upkeep\n|\n|t:|1783549880\n|switch|p2a: Decidueye|Decidueye, L88, M|91/100\n|turn|8\n|inactive|Time left: 300 sec this turn | 300 sec total\n|\n|t:|1783549881\n|-terastallize|p1a: Volcanion|Fire\n|move|p1a: Volcanion|Flamethrower|p2a: Decidueye\n|-supereffective|p2a: Decidueye\n|-damage|p2a: Decidueye|7/100\n|-status|p2a: Decidueye|brn\n|move|p2a: Decidueye|Poltergeist|p1a: Volcanion\n|-activate|p1a: Volcanion|move: Poltergeist|Assault Vest\n|-damage|p1a: Volcanion|64/255\n|-damage|p2a: Decidueye|0 fnt|[from] item: Life Orb\n|faint|p2a: Decidueye\n|\n|upkeep\n|\n|t:|1783549882\n|switch|p2a: Kilowattrel|Kilowattrel, L83, M|100/100\n|turn|9\n|inactive|Time left: 300 sec this turn | 300 sec total\n|\n|t:|1783549883\n|move|p2a: Kilowattrel|Thunderbolt|p1a: Volcanion\n|-damage|p1a: Volcanion|0 fnt\n|faint|p1a: Volcanion\n|\n|upkeep\n|inactive|Time left: 300 sec this turn | 300 sec total | 5 sec grace\n|\n|t:|1783549883\n|switch|p1a: Whimsicott|Whimsicott, L84, M|238/238\n|turn|10\n|inactive|Time left: 300 sec this turn | 300 sec total\n|\n|t:|1783549884\n|move|p1a: Whimsicott|Encore|p2a: Kilowattrel\n|-start|p2a: Kilowattrel|Encore\n|move|p2a: Kilowattrel|Thunderbolt|p1a: Whimsicott\n|-resisted|p1a: Whimsicott\n|-damage|p1a: Whimsicott|184/238\n|-status|p1a: Whimsicott|par\n|\n|-heal|p1a: Whimsicott|198/238 par|[from] item: Leftovers\n|upkeep\n|turn|11\n|inactive|Time left: 300 sec this turn | 300 sec total\n|\n|t:|1783549886\n|switch|p2a: Bronzong|Bronzong, L88|100/100\n|cant|p1a: Whimsicott|par\n|\n|-heal|p1a: Whimsicott|212/238 par|[from] item: Leftovers\n|upkeep\n|turn|12\n|inactive|Time left: 300 sec this turn | 300 sec total\n|\n|t:|1783549887\n|switch|p1a: Sableye|Sableye, L88, F|231/231\n|move|p2a: Bronzong|Iron Head|p1a: Sableye\n|-crit|p1a: Sableye\n|-damage|p1a: Sableye|98/231\n|\n|-heal|p1a: Sableye|112/231|[from] item: Leftovers\n|upkeep\n|turn|13\n|inactive|Time left: 300 sec this turn | 300 sec total\n|\n|t:|1783549888\n|move|p1a: Sableye|Knock Off|p2a: Bronzong\n|-supereffective|p2a: Bronzong\n|-damage|p2a: Bronzong|49/100\n|-enditem|p2a: Bronzong|Leftovers|[from] move: Knock Off|[of] p1a: Sableye\n|move|p2a: Bronzong|Iron Head|p1a: Sableye\n|-damage|p1a: Sableye|19/231\n|\n|-heal|p1a: Sableye|33/231|[from] item: Leftovers\n|upkeep\n|turn|14\n|inactive|Time left: 300 sec this turn | 300 sec total\n|\n|t:|1783549889\n|move|p1a: Sableye|Recover|p1a: Sableye\n|-heal|p1a: Sableye|149/231\n|move|p2a: Bronzong|Iron Head|p1a: Sableye\n|-damage|p1a: Sableye|53/231\n|\n|-heal|p1a: Sableye|67/231|[from] item: Leftovers\n|upkeep\n|turn|15\n|inactive|Time left: 300 sec this turn | 300 sec total\n|\n|t:|1783549890\n|move|p1a: Sableye|Recover|p1a: Sableye\n|-heal|p1a: Sableye|183/231\n|move|p2a: Bronzong|Iron Head|p1a: Sableye\n|-damage|p1a: Sableye|84/231\n|\n|-heal|p1a: Sableye|98/231|[from] item: Leftovers\n|upkeep\n|turn|16\n|inactive|Time left: 300 sec this turn | 300 sec total\n|\n|t:|1783549891\n|move|p1a: Sableye|Recover|p1a: Sableye\n|-heal|p1a: Sableye|214/231\n|move|p2a: Bronzong|Iron Head|p1a: Sableye\n|-damage|p1a: Sableye|127/231\n|\n|-heal|p1a: Sableye|141/231|[from] item: Leftovers\n|upkeep\n|turn|17\n|inactive|Time left: 300 sec this turn | 300 sec total\n|\n|t:|1783549893\n|move|p1a: Sableye|Knock Off|p2a: Bronzong\n|-supereffective|p2a: Bronzong\n|-damage|p2a: Bronzong|12/100\n|move|p2a: Bronzong|Iron Head|p1a: Sableye\n|-damage|p1a: Sableye|48/231\n|\n|-heal|p1a: Sableye|62/231|[from] item: Leftovers\n|upkeep\n|turn|18\n|inactive|Time left: 300 sec this turn | 300 sec total\n|\n|t:|1783549894\n|move|p1a: Sableye|Recover|p1a: Sableye\n|-heal|p1a: Sableye|178/231\n|move|p2a: Bronzong|Iron Head|p1a: Sableye\n|-damage|p1a: Sableye|82/231\n|\n|-heal|p1a: Sableye|96/231|[from] item: Leftovers\n|upkeep\n|turn|19\n|inactive|Time left: 300 sec this turn | 300 sec total\n|\n|t:|1783549895\n|move|p1a: Sableye|Recover|p1a: Sableye\n|-heal|p1a: Sableye|212/231\n|move|p2a: Bronzong|Iron Head|p1a: Sableye\n|-damage|p1a: Sableye|124/231\n|\n|-heal|p1a: Sableye|138/231|[from] item: Leftovers\n|upkeep\n|turn|20\n|inactive|Time left: 300 sec this turn | 300 sec total\n|\n|t:|1783549896\n|move|p1a: Sableye|Recover|p1a: Sableye\n|-heal|p1a: Sableye|231/231\n|move|p2a: Bronzong|Iron Head|p1a: Sableye\n|-damage|p1a: Sableye|129/231\n|\n|-heal|p1a: Sableye|143/231|[from] item: Leftovers\n|upkeep\n|turn|21\n|inactive|Time left: 300 sec this turn | 300 sec total\n|\n|t:|1783549897\n|move|p1a: Sableye|Knock Off|p2a: Bronzong\n|-supereffective|p2a: Bronzong\n|-damage|p2a: Bronzong|0 fnt\n|faint|p2a: Bronzong\n|\n|-heal|p1a: Sableye|157/231|[from] item: Leftovers\n|upkeep\n|\n|t:|1783549898\n|switch|p2a: Kilowattrel|Kilowattrel, L83, M|100/100\n|turn|22\n|inactive|Time left: 300 sec this turn | 300 sec total\n|\n|t:|1783549899\n|move|p2a: Kilowattrel|Thunderbolt|p1a: Sableye\n|-damage|p1a: Sableye|39/231\n|move|p1a: Sableye|Knock Off|p2a: Kilowattrel\n|-damage|p2a: Kilowattrel|49/100\n|-enditem|p2a: Kilowattrel|Heavy-Duty Boots|[from] move: Knock Off|[of] p1a: Sableye\n|\n|-heal|p1a: Sableye|53/231|[from] item: Leftovers\n|upkeep\n|turn|23\n|inactive|Time left: 300 sec this turn | 300 sec total\n|\n|t:|1783549900\n|move|p1a: Sableye|Recover|p1a: Sableye\n|-heal|p1a: Sableye|169/231\n|move|p2a: Kilowattrel|Thunderbolt|p1a: Sableye\n|-damage|p1a: Sableye|42/231\n|\n|-heal|p1a: Sableye|56/231|[from] item: Leftovers\n|upkeep\n|turn|24\n|inactive|Time left: 300 sec this turn | 300 sec total\n|\n|t:|1783549901\n|move|p1a: Sableye|Recover|p1a: Sableye\n|-heal|p1a: Sableye|172/231\n|move|p2a: Kilowattrel|Hurricane|p1a: Sableye\n|-damage|p1a: Sableye|21/231\n|-start|p1a: Sableye|confusion\n|\n|-heal|p1a: Sableye|35/231|[from] item: Leftovers\n|upkeep\n|turn|25\n|inactive|Time left: 300 sec this turn | 300 sec total\n|\n|t:|1783549902\n|switch|p1a: Whimsicott|Whimsicott, L84, M|212/238 par\n|move|p2a: Kilowattrel|Hurricane|p1a: Whimsicott\n|-supereffective|p1a: Whimsicott\n|-damage|p1a: Whimsicott|0 fnt\n|faint|p1a: Whimsicott\n|\n|upkeep\n|inactive|Time left: 300 sec this turn | 300 sec total | 5 sec grace\n|\n|t:|1783549903\n|switch|p1a: Illumise|Illumise, L91, F|266/266\n|turn|26\n|inactive|Time left: 300 sec this turn | 300 sec total\n|\n|t:|1783549904\n|move|p2a: Kilowattrel|Hurricane|p1a: Illumise|[miss]\n|-miss|p2a: Kilowattrel|p1a: Illumise\n|move|p1a: Illumise|Bug Buzz|p2a: Kilowattrel\n|-resisted|p2a: Kilowattrel\n|-damage|p2a: Kilowattrel|23/100\n|\n|upkeep\n|turn|27\n|inactive|Time left: 300 sec this turn | 300 sec total\n|\n|t:|1783549905\n|move|p2a: Kilowattrel|Roost|p2a: Kilowattrel\n|-heal|p2a: Kilowattrel|73/100\n|-singleturn|p2a: Kilowattrel|move: Roost\n|move|p1a: Illumise|Bug Buzz|p2a: Kilowattrel\n|-damage|p2a: Kilowattrel|29/100\n|\n|upkeep\n|turn|28\n|inactive|Time left: 300 sec this turn | 300 sec total\n|\n|t:|1783549906\n|move|p2a: Kilowattrel|Hurricane|p1a: Illumise\n|-supereffective|p1a: Illumise\n|-damage|p1a: Illumise|44/266\n|-start|p1a: Illumise|confusion\n|-activate|p1a: Illumise|confusion\n|move|p1a: Illumise|Bug Buzz|p2a: Kilowattrel\n|-resisted|p2a: Kilowattrel\n|-damage|p2a: Kilowattrel|6/100\n|-unboost|p2a: Kilowattrel|spd|1\n|\n|upkeep\n|turn|29\n|inactive|Time left: 300 sec this turn | 300 sec total\n|\n|t:|1783549907\n|-end|p1a: Illumise|confusion\n|move|p1a: Illumise|Roost|p1a: Illumise\n|-heal|p1a: Illumise|177/266\n|-singleturn|p1a: Illumise|move: Roost\n|move|p2a: Kilowattrel|Roost|p2a: Kilowattrel\n|-heal|p2a: Kilowattrel|56/100\n|-singleturn|p2a: Kilowattrel|move: Roost\n|\n|upkeep\n|turn|30\n|inactive|Time left: 300 sec this turn | 300 sec total\n|\n|t:|1783549908\n|move|p1a: Illumise|Encore|p2a: Kilowattrel\n|-start|p2a: Kilowattrel|Encore\n|move|p2a: Kilowattrel|Roost|p2a: Kilowattrel\n|-heal|p2a: Kilowattrel|100/100\n|-singleturn|p2a: Kilowattrel|move: Roost\n|\n|upkeep\n|turn|31\n|inactive|Time left: 300 sec this turn | 300 sec total\n|\n|t:|1783549909\n|switch|p2a: Dewgong|Dewgong, L94, M|100/100\n|move|p1a: Illumise|Thunder Wave|p2a: Dewgong\n|-status|p2a: Dewgong|par\n|\n|upkeep\n|turn|32\n|inactive|Time left: 300 sec this turn | 300 sec total\n|\n|t:|1783549910\n|move|p1a: Illumise|Roost|p1a: Illumise\n|-heal|p1a: Illumise|266/266\n|-singleturn|p1a: Illumise|move: Roost\n|cant|p2a: Dewgong|par\n|\n|upkeep\n|turn|33\n|inactive|Time left: 300 sec this turn | 300 sec total\n|\n|t:|1783549911\n|move|p1a: Illumise|Bug Buzz|p2a: Dewgong\n|-damage|p2a: Dewgong|77/100 par\n|move|p2a: Dewgong|Triple Axel|p1a: Illumise\n|-damage|p1a: Illumise|245/266\n|-damage|p1a: Illumise|202/266\n|-damage|p1a: Illumise|136/266\n|-hitcount|p1a: Illumise|3\n|\n|upkeep\n|turn|34\n|inactive|Time left: 300 sec this turn | 300 sec total\n|\n|t:|1783549912\n|move|p1a: Illumise|Roost|p1a: Illumise\n|-heal|p1a: Illumise|266/266\n|-singleturn|p1a: Illumise|move: Roost\n|move|p2a: Dewgong|Triple Axel|p1a: Illumise|[miss]\n|-miss|p2a: Dewgong|p1a: Illumise\n|\n|upkeep\n|turn|35\n|inactive|Time left: 300 sec this turn | 300 sec total\n|\n|t:|1783549913\n|move|p1a: Illumise|Bug Buzz|p2a: Dewgong\n|-damage|p2a: Dewgong|53/100 par\n|-unboost|p2a: Dewgong|spd|1\n|cant|p2a: Dewgong|par\n|\n|upkeep\n|turn|36\n|inactive|Time left: 300 sec this turn | 300 sec total\n|\n|t:|1783549915\n|move|p1a: Illumise|Bug Buzz|p2a: Dewgong\n|-damage|p2a: Dewgong|15/100 par\n|-unboost|p2a: Dewgong|spd|1\n|move|p2a: Dewgong|Flip Turn|p1a: Illumise\n|-damage|p1a: Illumise|199/266\n|\n|t:|1783549916\n|switch|p2a: Kilowattrel|Kilowattrel, L83, M|100/100|[from] Flip Turn\n|\n|upkeep\n|turn|37\n|inactive|Time left: 300 sec this turn | 300 sec total\n|\n|t:|1783549917\n|move|p1a: Illumise|Roost|p1a: Illumise\n|-heal|p1a: Illumise|266/266\n|-singleturn|p1a: Illumise|move: Roost\n|move|p2a: Kilowattrel|Hurricane|p1a: Illumise|[miss]\n|-miss|p2a: Kilowattrel|p1a: Illumise\n|\n|upkeep\n|turn|38\n|inactive|Time left: 300 sec this turn | 300 sec total\n|\n|t:|1783549918\n|move|p2a: Kilowattrel|Hurricane|p1a: Illumise\n|-supereffective|p1a: Illumise\n|-damage|p1a: Illumise|20/266\n|-start|p1a: Illumise|confusion\n|-activate|p1a: Illumise|confusion\n|move|p1a: Illumise|Bug Buzz|p2a: Kilowattrel\n|-resisted|p2a: Kilowattrel\n|-damage|p2a: Kilowattrel|74/100\n|\n|upkeep\n|turn|39\n|inactive|Time left: 300 sec this turn | 300 sec total\n|\n|t:|1783549919\n|-activate|p1a: Illumise|confusion\n|move|p1a: Illumise|Roost|p1a: Illumise\n|-heal|p1a: Illumise|153/266\n|-singleturn|p1a: Illumise|move: Roost\n|move|p2a: Kilowattrel|Thunderbolt|p1a: Illumise\n|-damage|p1a: Illumise|57/266\n|\n|upkeep\n|turn|40\n|inactive|Time left: 300 sec this turn | 300 sec total\n|\n|t:|1783549920\n|-end|p1a: Illumise|confusion\n|move|p1a: Illumise|Roost|p1a: Illumise\n|-heal|p1a: Illumise|190/266\n|-singleturn|p1a: Illumise|move: Roost\n|move|p2a: Kilowattrel|Hurricane|p1a: Illumise\n|-supereffective|p1a: Illumise\n|-damage|p1a: Illumise|0 fnt\n|faint|p1a: Illumise\n|\n|upkeep\n|inactive|Time left: 300 sec this turn | 300 sec total | 5 sec grace\n|\n|t:|1783549920\n|switch|p1a: Sableye|Sableye, L88, F|35/231\n|turn|41\n|inactive|Time left: 300 sec this turn | 300 sec total\n|\n|t:|1783549921\n|move|p1a: Sableye|Encore|p2a: Kilowattrel\n|-start|p2a: Kilowattrel|Encore\n|move|p2a: Kilowattrel|Hurricane|p1a: Sableye|[miss]\n|-miss|p2a: Kilowattrel|p1a: Sableye\n|\n|-heal|p1a: Sableye|49/231|[from] item: Leftovers\n|upkeep\n|turn|42\n|inactive|Time left: 300 sec this turn | 300 sec total\n|\n|t:|1783549922\n|move|p2a: Kilowattrel|Hurricane|p1a: Sableye|[miss]\n|-miss|p2a: Kilowattrel|p1a: Sableye\n|move|p1a: Sableye|Knock Off|p2a: Kilowattrel\n|-damage|p2a: Kilowattrel|41/100\n|\n|-heal|p1a: Sableye|63/231|[from] item: Leftovers\n|upkeep\n|turn|43\n|inactive|Time left: 300 sec this turn | 300 sec total\n|\n|t:|1783549923\n|move|p2a: Kilowattrel|Hurricane|p1a: Sableye\n|-damage|p1a: Sableye|0 fnt\n|faint|p1a: Sableye\n|\n|-end|p2a: Kilowattrel|Encore\n|upkeep\n|inactive|Time left: 300 sec this turn | 300 sec total | 5 sec grace\n|\n|t:|1783549924\n|switch|p1a: Hawlucha|Hawlucha, L80, F|256/256\n|turn|44\n|inactive|Time left: 300 sec this turn | 300 sec total\n|\n|t:|1783549925\n|move|p2a: Kilowattrel|Thunderbolt|p1a: Hawlucha\n|-supereffective|p1a: Hawlucha\n|-damage|p1a: Hawlucha|0 fnt\n|faint|p1a: Hawlucha\n|\n|win|p0y861768a", "uploadtime": 1783549925, "views": 0, "rating": 0, "private": 0, "password": null, "_winner": "p0y861768a", "_our_name": "p0x86133b0"}