{"id": "battle-gen9randombattle-2594", "formatid": "gen9randombattle", "format": "[Gen 9] Random Battle", "players": ["p0x2594b586", "p0y2594f3a0"], "log": "|init|battle\n|title|p0x2594b586 vs. p0y2594f3a0\n|j|\u2606p0x2594b586\n|j|\u2606p0y2594f3a0\n|t:|1783569946\n|gametype|singles\n|player|p1|p0x2594b586|102|\n|player|p2|p0y2594f3a0|266|\n|gen|9\n|tier|[Gen 9] Random Battle\n|rule|Species Clause: Limit one of each Pok\u00e9mon\n|rule|HP Percentage Mod: HP is shown in percentages\n|rule|Sleep Clause Mod: Limit one foe put to sleep\n|rule|Illusion Level Mod: Illusion disguises the Pok\u00e9mon's true level\n|\n|t:|1783569946\n|teamsize|p1|6\n|teamsize|p2|6\n|start\n|switch|p1a: Drednaw|Drednaw, L81, M|100/100\n|switch|p2a: Milotic|Milotic, L83, F|293/293\n|turn|1\n|inactive|Battle timer is ON: inactive players will automatically lose when time's up. (requested by p0y2594f3a0)\n|inactive|p0x2594b586 also wants the timer to be on.\n|\n|t:|1783569948\n|move|p2a: Milotic|Scald|p1a: Drednaw\n|-crit|p1a: Drednaw\n|-damage|p1a: Drednaw|38/100\n|-status|p1a: Drednaw|brn\n|move|p1a: Drednaw|Shell Smash|p1a: Drednaw\n|-unboost|p1a: Drednaw|def|1\n|-unboost|p1a: Drednaw|spd|1\n|-boost|p1a: Drednaw|atk|2\n|-boost|p1a: Drednaw|spa|2\n|-boost|p1a: Drednaw|spe|2\n|-enditem|p1a: Drednaw|White Herb\n|-clearnegativeboost|p1a: Drednaw|[silent]\n|\n|-damage|p1a: Drednaw|31/100 brn|[from] brn\n|upkeep\n|turn|2\n|inactive|Time left: 300 sec this turn | 300 sec total\n|\n|t:|1783569949\n|move|p1a: Drednaw|Liquidation|p2a: Milotic\n|-resisted|p2a: Milotic\n|-damage|p2a: Milotic|243/293\n|move|p2a: Milotic|Scald|p1a: Drednaw\n|-damage|p1a: Drednaw|0 fnt\n|faint|p1a: Drednaw\n|\n|-heal|p2a: Milotic|261/293|[from] item: Leftovers\n|upkeep\n|\n|t:|1783569950\n|switch|p1a: Frosmoth|Frosmoth, L82, M|100/100\n|turn|3\n|inactive|Time left: 300 sec this turn | 300 sec total\n|\n|t:|1783569951\n|move|p1a: Frosmoth|Quiver Dance|p1a: Frosmoth\n|-boost|p1a: Frosmoth|spa|1\n|-boost|p1a: Frosmoth|spd|1\n|-boost|p1a: Frosmoth|spe|1\n|move|p2a: Milotic|Dragon Tail|p1a: Frosmoth|[miss]\n|-miss|p2a: Milotic|p1a: Frosmoth\n|\n|-heal|p2a: Milotic|279/293|[from] item: Leftovers\n|upkeep\n|turn|4\n|inactive|Time left: 300 sec this turn | 300 sec total\n|\n|t:|1783569952\n|move|p1a: Frosmoth|Quiver Dance|p1a: Frosmoth\n|-boost|p1a: Frosmoth|spa|1\n|-boost|p1a: Frosmoth|spd|1\n|-boost|p1a: Frosmoth|spe|1\n|move|p2a: Milotic|Dragon Tail|p1a: Frosmoth\n|-damage|p1a: Frosmoth|86/100\n|drag|p1a: Tauros|Tauros-Paldea-Aqua, L81, M|100/100\n|-ability|p1a: Tauros|Intimidate|boost\n|-unboost|p2a: Milotic|atk|1\n|-ability|p2a: Milotic|Competitive|boost\n|-boost|p2a: Milotic|spa|2\n|\n|-heal|p2a: Milotic|293/293|[from] item: Leftovers\n|upkeep\n|turn|5\n|inactive|Time left: 300 sec this turn | 300 sec total\n|\n|t:|1783569953\n|switch|p1a: Frosmoth|Frosmoth, L82, M|86/100\n|move|p2a: Milotic|Scald|p1a: Frosmoth\n|-damage|p1a: Frosmoth|51/100\n|-status|p1a: Frosmoth|brn\n|\n|-damage|p1a: Frosmoth|45/100 brn|[from] brn\n|upkeep\n|turn|6\n|inactive|Time left: 300 sec this turn | 300 sec total\n|\n|t:|1783569954\n|move|p2a: Milotic|Scald|p1a: Frosmoth\n|-damage|p1a: Frosmoth|9/100 brn\n|move|p1a: Frosmoth|Ice Beam|p2a: Milotic\n|-resisted|p2a: Milotic\n|-damage|p2a: Milotic|254/293\n|\n|-heal|p2a: Milotic|272/293|[from] item: Leftovers\n|-damage|p1a: Frosmoth|3/100 brn|[from] brn\n|upkeep\n|turn|7\n|inactive|Time left: 300 sec this turn | 300 sec total\n|\n|t:|1783569955\n|move|p2a: Milotic|Scald|p1a: Frosmoth\n|-damage|p1a: Frosmoth|0 fnt\n|faint|p1a: Frosmoth\n|\n|-heal|p2a: Milotic|290/293|[from] item: Leftovers\n|upkeep\n|\n|t:|1783569956\n|switch|p1a: Hypno|Hypno, L95, M|100/100\n|turn|8\n|inactive|Time left: 300 sec this turn | 300 sec total\n|\n|t:|1783569957\n|move|p2a: Milotic|Scald|p1a: Hypno\n|-damage|p1a: Hypno|59/100\n|-status|p1a: Hypno|brn\n|move|p1a: Hypno|Toxic|p2a: Milotic\n|-status|p2a: Milotic|tox\n|\n|-heal|p2a: Milotic|293/293 tox|[from] item: Leftovers\n|-heal|p1a: Hypno|65/100 brn|[from] item: Leftovers\n|-damage|p2a: Milotic|275/293 tox|[from] psn\n|-damage|p1a: Hypno|59/100 brn|[from] brn\n|upkeep\n|turn|9\n|inactive|Time left: 300 sec this turn | 300 sec total\n|\n|t:|1783569958\n|move|p2a: Milotic|Scald|p1a: Hypno\n|-damage|p1a: Hypno|22/100 brn\n|move|p1a: Hypno|Psychic Noise|p2a: Milotic\n|-damage|p2a: Milotic|217/293 tox\n|-start|p2a: Milotic|move: Heal Block\n|\n|-heal|p1a: Hypno|28/100 brn|[from] item: Leftovers\n|-damage|p2a: Milotic|181/293 tox|[from] psn\n|-damage|p1a: Hypno|22/100 brn|[from] brn\n|upkeep\n|turn|10\n|inactive|Time left: 300 sec this turn | 300 sec total\n|\n|t:|1783569959\n|move|p2a: Milotic|Scald|p1a: Hypno\n|-damage|p1a: Hypno|0 fnt\n|faint|p1a: Hypno\n|\n|-damage|p2a: Milotic|127/293 tox|[from] psn\n|-end|p2a: Milotic|move: Heal Block\n|upkeep\n|\n|t:|1783569960\n|switch|p1a: Tauros|Tauros-Paldea-Aqua, L81, M|100/100\n|-ability|p1a: Tauros|Intimidate|boost\n|-unboost|p2a: Milotic|atk|1\n|-ability|p2a: Milotic|Competitive|boost\n|-boost|p2a: Milotic|spa|2\n|turn|11\n|inactive|Time left: 300 sec this turn | 300 sec total\n|\n|t:|1783569961\n|move|p1a: Tauros|Close Combat|p2a: Milotic\n|-damage|p2a: Milotic|0 fnt\n|-unboost|p1a: Tauros|def|1\n|-unboost|p1a: Tauros|spd|1\n|faint|p2a: Milotic\n|-damage|p1a: Tauros|91/100|[from] item: Life Orb\n|\n|upkeep\n|inactive|Time left: 300 sec this turn | 300 sec total | 5 sec grace\n|\n|t:|1783569962\n|switch|p2a: Grumpig|Grumpig, L92, F|297/297\n|turn|12\n|inactive|Time left: 300 sec this turn | 300 sec total\n|\n|t:|1783569963\n|switch|p1a: Honchkrow|Honchkrow, L86, M|100/100\n|move|p2a: Grumpig|Nasty Plot|p2a: Grumpig\n|-boost|p2a: Grumpig|spa|2\n|\n|upkeep\n|turn|13\n|inactive|Time left: 300 sec this turn | 300 sec total\n|\n|t:|1783569964\n|-terastallize|p2a: Grumpig|Fighting\n|move|p2a: Grumpig|Focus Blast|p1a: Honchkrow\n|-damage|p1a: Honchkrow|0 fnt\n|faint|p1a: Honchkrow\n|\n|upkeep\n|\n|t:|1783569965\n|switch|p1a: Tauros|Tauros-Paldea-Aqua, L81, M|91/100\n|-ability|p1a: Tauros|Intimidate|boost\n|-unboost|p2a: Grumpig|atk|1\n|turn|14\n|inactive|Time left: 300 sec this turn | 300 sec total\n|\n|t:|1783569966\n|move|p1a: Tauros|Close Combat|p2a: Grumpig\n|-damage|p2a: Grumpig|109/297\n|-unboost|p1a: Tauros|def|1\n|-unboost|p1a: Tauros|spd|1\n|-damage|p1a: Tauros|81/100|[from] item: Life Orb\n|move|p2a: Grumpig|Psychic|p1a: Tauros\n|-supereffective|p1a: Tauros\n|-damage|p1a: Tauros|0 fnt\n|faint|p1a: Tauros\n|\n|-heal|p2a: Grumpig|127/297|[from] item: Leftovers\n|upkeep\n|\n|t:|1783569967\n|switch|p1a: Brute Bonnet|Brute Bonnet, L80|100/100\n|turn|15\n|inactive|Time left: 300 sec this turn | 300 sec total\n|\n|t:|1783569968\n|-terastallize|p1a: Brute Bonnet|Fighting\n|move|p2a: Grumpig|Focus Blast|p1a: Brute Bonnet\n|-damage|p1a: Brute Bonnet|11/100\n|move|p1a: Brute Bonnet|Spore|p2a: Grumpig\n|-status|p2a: Grumpig|slp|[from] move: Spore\n|\n|-heal|p2a: Grumpig|145/297 slp|[from] item: Leftovers\n|-heal|p1a: Brute Bonnet|17/100|[from] item: Leftovers\n|upkeep\n|turn|16\n|inactive|Time left: 300 sec this turn | 300 sec total\n|\n|t:|1783569969\n|switch|p2a: Chi-Yu|Chi-Yu, L77|211/211\n|-ability|p2a: Chi-Yu|Beads of Ruin\n|move|p1a: Brute Bonnet|Crunch|p2a: Chi-Yu\n|-resisted|p2a: Chi-Yu\n|-damage|p2a: Chi-Yu|160/211\n|\n|-heal|p1a: Brute Bonnet|23/100|[from] item: Leftovers\n|upkeep\n|turn|17\n|inactive|Time left: 300 sec this turn | 300 sec total\n|\n|t:|1783569970\n|move|p1a: Brute Bonnet|Sucker Punch|p2a: Chi-Yu\n|-resisted|p2a: Chi-Yu\n|-damage|p2a: Chi-Yu|115/211\n|move|p2a: Chi-Yu|Dark Pulse|p1a: Brute Bonnet\n|-resisted|p1a: Brute Bonnet\n|-damage|p1a: Brute Bonnet|0 fnt\n|faint|p1a: Brute Bonnet\n|-end|p1a: Brute Bonnet|Protosynthesis|[silent]\n|\n|win|p0y2594f3a0", "uploadtime": 1783569970, "views": 0, "rating": 0, "private": 0, "password": null, "_winner": "p0y2594f3a0", "_our_name": "p0y2594f3a0"}