{"id": "battle-gen9randombattle-2561", "formatid": "gen9randombattle", "format": "[Gen 9] Random Battle", "players": ["p0x256144bc", "p0y2561d5f9"], "log": "|init|battle\n|title|p0x256144bc vs. p0y2561d5f9\n|j|\u2606p0x256144bc\n|j|\u2606p0y2561d5f9\n|t:|1783569601\n|gametype|singles\n|player|p1|p0x256144bc|102|\n|player|p2|p0y2561d5f9|265|\n|gen|9\n|tier|[Gen 9] Random Battle\n|rule|Species Clause: Limit one of each Pok\u00e9mon\n|rule|HP Percentage Mod: HP is shown in percentages\n|rule|Sleep Clause Mod: Limit one foe put to sleep\n|rule|Illusion Level Mod: Illusion disguises the Pok\u00e9mon's true level\n|\n|t:|1783569601\n|teamsize|p1|6\n|teamsize|p2|6\n|start\n|switch|p1a: Blissey|Blissey, L85, F|572/572\n|switch|p2a: Drednaw|Drednaw, L81, M|100/100\n|turn|1\n|inactive|Battle timer is ON: inactive players will automatically lose when time's up. (requested by p0y2561d5f9)\n|inactive|Time left: 300 sec this turn | 300 sec total | 60 sec grace\n|inactive|p0x256144bc also wants the timer to be on.\n|\n|t:|1783569603\n|switch|p1a: Tauros|Tauros-Paldea-Blaze, L81, M|254/254\n|-ability|p1a: Tauros|Intimidate|boost\n|-unboost|p2a: Drednaw|atk|1\n|-enditem|p2a: Drednaw|White Herb\n|-clearnegativeboost|p2a: Drednaw|[silent]\n|move|p2a: Drednaw|Shell Smash|p2a: Drednaw\n|-unboost|p2a: Drednaw|def|1\n|-unboost|p2a: Drednaw|spd|1\n|-boost|p2a: Drednaw|atk|2\n|-boost|p2a: Drednaw|spa|2\n|-boost|p2a: Drednaw|spe|2\n|\n|upkeep\n|turn|2\n|inactive|Time left: 300 sec this turn | 300 sec total\n|\n|t:|1783569604\n|-terastallize|p1a: Tauros|Fighting\n|move|p2a: Drednaw|Liquidation|p1a: Tauros\n|-damage|p1a: Tauros|94/254\n|move|p1a: Tauros|Close Combat|p2a: Drednaw\n|-supereffective|p2a: Drednaw\n|-damage|p2a: Drednaw|0 fnt\n|-unboost|p1a: Tauros|def|1\n|-unboost|p1a: Tauros|spd|1\n|faint|p2a: Drednaw\n|\n|upkeep\n|\n|t:|1783569605\n|switch|p2a: Shaymin|Shaymin, L82|100/100\n|turn|3\n|inactive|Time left: 300 sec this turn | 300 sec total\n|\n|t:|1783569606\n|switch|p1a: Alcremie|Alcremie-Rainbow-Swirl, L90, F|263/263\n|move|p2a: Shaymin|Seed Flare|p1a: Alcremie\n|-damage|p1a: Alcremie|173/263\n|-unboost|p1a: Alcremie|spd|2\n|\n|-heal|p1a: Alcremie|189/263|[from] item: Leftovers\n|upkeep\n|turn|4\n|inactive|Time left: 300 sec this turn | 300 sec total\n|\n|t:|1783569608\n|switch|p1a: Squawkabilly|Squawkabilly-Yellow, L89, M|291/291\n|move|p2a: Shaymin|Seed Flare|p1a: Squawkabilly\n|-resisted|p1a: Squawkabilly\n|-damage|p1a: Squawkabilly|213/291\n|\n|upkeep\n|turn|5\n|inactive|Time left: 300 sec this turn | 300 sec total\n|\n|t:|1783569609\n|switch|p2a: Porygon2|Porygon2, L81|100/100\n|-ability|p2a: Porygon2|Download|boost\n|-boost|p2a: Porygon2|spa|1\n|move|p1a: Squawkabilly|Brave Bird|p2a: Porygon2\n|-damage|p2a: Porygon2|46/100\n|-damage|p1a: Squawkabilly|164/291|[from] Recoil\n|\n|upkeep\n|turn|6\n|inactive|Time left: 300 sec this turn | 300 sec total\n|\n|t:|1783569610\n|move|p1a: Squawkabilly|Double-Edge|p2a: Porygon2\n|-damage|p2a: Porygon2|0 fnt\n|faint|p2a: Porygon2\n|-damage|p1a: Squawkabilly|123/291|[from] Recoil\n|\n|upkeep\n|\n|t:|1783569611\n|switch|p2a: Mamoswine|Mamoswine, L81, F|100/100\n|turn|7\n|inactive|Time left: 300 sec this turn | 300 sec total\n|\n|t:|1783569612\n|switch|p1a: Tauros|Tauros-Paldea-Blaze, L81, M, tera:Fighting|94/254\n|-ability|p1a: Tauros|Intimidate|boost\n|-unboost|p2a: Mamoswine|atk|1\n|move|p2a: Mamoswine|Ice Shard|p1a: Tauros\n|-damage|p1a: Tauros|51/254\n|-damage|p2a: Mamoswine|91/100|[from] item: Life Orb\n|\n|upkeep\n|turn|8\n|inactive|Time left: 300 sec this turn | 300 sec total\n|\n|t:|1783569613\n|-terastallize|p2a: Mamoswine|Ice\n|move|p2a: Mamoswine|Ice Shard|p1a: Tauros\n|-damage|p1a: Tauros|0 fnt\n|faint|p1a: Tauros\n|-damage|p2a: Mamoswine|81/100|[from] item: Life Orb\n|\n|upkeep\n|inactive|Time left: 300 sec this turn | 300 sec total | 5 sec grace\n|\n|t:|1783569614\n|switch|p1a: Alcremie|Alcremie-Rainbow-Swirl, L90, F|189/263\n|turn|9\n|inactive|Time left: 300 sec this turn | 300 sec total\n|\n|t:|1783569615\n|move|p2a: Mamoswine|Icicle Crash|p1a: Alcremie\n|-damage|p1a: Alcremie|51/263\n|-damage|p2a: Mamoswine|71/100|[from] item: Life Orb\n|cant|p1a: Alcremie|flinch\n|\n|-heal|p1a: Alcremie|67/263|[from] item: Leftovers\n|upkeep\n|turn|10\n|inactive|Time left: 300 sec this turn | 300 sec total\n|\n|t:|1783569616\n|switch|p1a: Slowbro|Slowbro, L85, F|300/300\n|move|p2a: Mamoswine|Icicle Crash|p1a: Slowbro\n|-resisted|p1a: Slowbro\n|-damage|p1a: Slowbro|248/300\n|-damage|p2a: Mamoswine|61/100|[from] item: Life Orb\n|\n|upkeep\n|turn|11\n|inactive|Time left: 300 sec this turn | 300 sec total\n|\n|t:|1783569617\n|move|p2a: Mamoswine|Stealth Rock|p1a: Slowbro\n|-sidestart|p1: p0x256144bc|move: Stealth Rock\n|move|p1a: Slowbro|Scald|p2a: Mamoswine\n|-damage|p2a: Mamoswine|20/100\n|\n|upkeep\n|turn|12\n|inactive|Time left: 300 sec this turn | 300 sec total\n|\n|t:|1783569618\n|switch|p2a: Shaymin|Shaymin, L82|100/100\n|move|p1a: Slowbro|Psyshock|p2a: Shaymin\n|-damage|p2a: Shaymin|74/100\n|\n|-heal|p2a: Shaymin|80/100|[from] item: Leftovers\n|upkeep\n|turn|13\n|inactive|Time left: 300 sec this turn | 300 sec total\n|\n|t:|1783569619\n|switch|p1a: Squawkabilly|Squawkabilly-Yellow, L89, M|123/291\n|move|p2a: Shaymin|Seed Flare|p1a: Squawkabilly\n|-resisted|p1a: Squawkabilly\n|-damage|p1a: Squawkabilly|35/291\n|-unboost|p1a: Squawkabilly|spd|2\n|\n|-heal|p2a: Shaymin|86/100|[from] item: Leftovers\n|upkeep\n|turn|14\n|inactive|Time left: 300 sec this turn | 300 sec total\n|\n|t:|1783569620\n|move|p1a: Squawkabilly|Brave Bird|p2a: Shaymin|[miss]\n|-miss|p1a: Squawkabilly|p2a: Shaymin\n|move|p2a: Shaymin|Seed Flare|p1a: Squawkabilly\n|-resisted|p1a: Squawkabilly\n|-damage|p1a: Squawkabilly|0 fnt\n|faint|p1a: Squawkabilly\n|\n|-heal|p2a: Shaymin|92/100|[from] item: Leftovers\n|upkeep\n|inactive|Time left: 300 sec this turn | 300 sec total | 5 sec grace\n|\n|t:|1783569621\n|switch|p1a: Cryogonal|Cryogonal, L89|287/287\n|turn|15\n|inactive|Time left: 300 sec this turn | 300 sec total\n|\n|t:|1783569622\n|move|p1a: Cryogonal|Freeze-Dry|p2a: Shaymin\n|-supereffective|p2a: Shaymin\n|-damage|p2a: Shaymin|41/100\n|move|p2a: Shaymin|Leech Seed|p1a: Cryogonal\n|-start|p1a: Cryogonal|move: Leech Seed\n|\n|-heal|p2a: Shaymin|47/100|[from] item: Leftovers\n|-damage|p1a: Cryogonal|252/287|[from] Leech Seed|[of] p2a: Shaymin\n|-heal|p2a: Shaymin|59/100|[silent]\n|upkeep\n|turn|16\n|inactive|Time left: 300 sec this turn | 300 sec total\n|\n|t:|1783569623\n|move|p1a: Cryogonal|Freeze-Dry|p2a: Shaymin\n|-supereffective|p2a: Shaymin\n|-damage|p2a: Shaymin|10/100\n|move|p2a: Shaymin|Seed Flare|p1a: Cryogonal\n|-damage|p1a: Cryogonal|164/287\n|-unboost|p1a: Cryogonal|spd|2\n|\n|-heal|p2a: Shaymin|16/100|[from] item: Leftovers\n|-damage|p1a: Cryogonal|129/287|[from] Leech Seed|[of] p2a: Shaymin\n|-heal|p2a: Shaymin|28/100|[silent]\n|upkeep\n|turn|17\n|inactive|Time left: 300 sec this turn | 300 sec total\n|\n|t:|1783569624\n|switch|p2a: Mamoswine|Mamoswine, L81, F, tera:Ice|20/100\n|move|p1a: Cryogonal|Freeze-Dry|p2a: Mamoswine\n|-resisted|p2a: Mamoswine\n|-damage|p2a: Mamoswine|10/100\n|\n|-damage|p1a: Cryogonal|94/287|[from] Leech Seed|[of] p2a: Mamoswine\n|-heal|p2a: Mamoswine|21/100|[silent]\n|upkeep\n|turn|18\n|inactive|Time left: 300 sec this turn | 300 sec total\n|\n|t:|1783569625\n|move|p1a: Cryogonal|Recover|p1a: Cryogonal\n|-heal|p1a: Cryogonal|238/287\n|move|p2a: Mamoswine|Icicle Crash|p1a: Cryogonal\n|-resisted|p1a: Cryogonal\n|-damage|p1a: Cryogonal|120/287\n|-damage|p2a: Mamoswine|11/100|[from] item: Life Orb\n|\n|-damage|p1a: Cryogonal|85/287|[from] Leech Seed|[of] p2a: Mamoswine\n|-heal|p2a: Mamoswine|23/100|[silent]\n|upkeep\n|turn|19\n|inactive|Time left: 300 sec this turn | 300 sec total\n|\n|t:|1783569626\n|switch|p1a: Slowbro|Slowbro, L85, F|300/300\n|-damage|p1a: Slowbro|263/300|[from] Stealth Rock\n|move|p2a: Mamoswine|Icicle Crash|p1a: Slowbro\n|-resisted|p1a: Slowbro\n|-damage|p1a: Slowbro|193/300\n|-damage|p2a: Mamoswine|13/100|[from] item: Life Orb\n|\n|upkeep\n|turn|20\n|inactive|Time left: 300 sec this turn | 300 sec total\n|\n|t:|1783569627\n|move|p2a: Mamoswine|Icicle Crash|p1a: Slowbro\n|-resisted|p1a: Slowbro\n|-damage|p1a: Slowbro|120/300\n|-damage|p2a: Mamoswine|3/100|[from] item: Life Orb\n|cant|p1a: Slowbro|flinch\n|\n|upkeep\n|turn|21\n|inactive|Time left: 300 sec this turn | 300 sec total\n|\n|t:|1783569628\n|switch|p1a: Cryogonal|Cryogonal, L89|85/287\n|move|p2a: Mamoswine|Icicle Crash|p1a: Cryogonal\n|-resisted|p1a: Cryogonal\n|-damage|p1a: Cryogonal|0 fnt\n|faint|p1a: Cryogonal\n|-damage|p2a: Mamoswine|0 fnt|[from] item: Life Orb\n|faint|p2a: Mamoswine\n|\n|upkeep\n|inactive|Time left: 300 sec this turn | 300 sec total | 5 sec grace\n|\n|t:|1783569628\n|switch|p1a: Blissey|Blissey, L85, F|572/572\n|switch|p2a: Shaymin|Shaymin, L82|28/100\n|-damage|p1a: Blissey|501/572|[from] Stealth Rock\n|turn|22\n|inactive|Time left: 300 sec this turn | 300 sec total\n|\n|t:|1783569629\n|move|p2a: Shaymin|Leech Seed|p1a: Blissey\n|-start|p1a: Blissey|move: Leech Seed\n|move|p1a: Blissey|Seismic Toss|p2a: Shaymin\n|-damage|p2a: Shaymin|0 fnt\n|faint|p2a: Shaymin\n|\n|-heal|p1a: Blissey|536/572|[from] item: Leftovers\n|upkeep\n|\n|t:|1783569630\n|switch|p2a: Feraligatr|Feraligatr, L79, M|100/100\n|turn|23\n|inactive|Time left: 300 sec this turn | 300 sec total\n|\n|t:|1783569630\n|switch|p1a: Slowbro|Slowbro, L85, F|220/300\n|-damage|p1a: Slowbro|183/300|[from] Stealth Rock\n|move|p2a: Feraligatr|Dragon Dance|p2a: Feraligatr\n|-boost|p2a: Feraligatr|atk|1\n|-boost|p2a: Feraligatr|spe|1\n|\n|upkeep\n|turn|24\n|inactive|Time left: 300 sec this turn | 300 sec total\n|\n|t:|1783569631\n|switch|p1a: Alcremie|Alcremie-Rainbow-Swirl, L90, F|67/263\n|-damage|p1a: Alcremie|35/263|[from] Stealth Rock\n|move|p2a: Feraligatr|Crunch|p1a: Alcremie\n|-resisted|p1a: Alcremie\n|-damage|p1a: Alcremie|0 fnt\n|faint|p1a: Alcremie\n|\n|upkeep\n|inactive|Time left: 300 sec this turn | 300 sec total | 5 sec grace\n|\n|t:|1783569632\n|switch|p1a: Slowbro|Slowbro, L85, F|283/300\n|-damage|p1a: Slowbro|246/300|[from] Stealth Rock\n|turn|25\n|inactive|Time left: 300 sec this turn | 300 sec total\n|\n|t:|1783569632\n|move|p2a: Feraligatr|Dragon Dance|p2a: Feraligatr\n|-boost|p2a: Feraligatr|atk|1\n|-boost|p2a: Feraligatr|spe|1\n|move|p1a: Slowbro|Scald|p2a: Feraligatr\n|-resisted|p2a: Feraligatr\n|-damage|p2a: Feraligatr|83/100\n|-status|p2a: Feraligatr|brn\n|\n|-damage|p2a: Feraligatr|77/100 brn|[from] brn\n|upkeep\n|turn|26\n|inactive|Time left: 300 sec this turn | 300 sec total\n|\n|t:|1783569633\n|move|p2a: Feraligatr|Dragon Dance|p2a: Feraligatr\n|-boost|p2a: Feraligatr|atk|1\n|-boost|p2a: Feraligatr|spe|1\n|move|p1a: Slowbro|Slack Off|p1a: Slowbro\n|-heal|p1a: Slowbro|300/300\n|\n|-damage|p2a: Feraligatr|71/100 brn|[from] brn\n|upkeep\n|turn|27\n|inactive|Time left: 300 sec this turn | 300 sec total\n|\n|t:|1783569634\n|move|p2a: Feraligatr|Crunch|p1a: Slowbro\n|-supereffective|p1a: Slowbro\n|-damage|p1a: Slowbro|99/300\n|-damage|p2a: Feraligatr|54/100 brn|[from] item: Rocky Helmet|[of] p1a: Slowbro\n|move|p1a: Slowbro|Slack Off|p1a: Slowbro\n|-heal|p1a: Slowbro|249/300\n|\n|-damage|p2a: Feraligatr|48/100 brn|[from] brn\n|upkeep\n|turn|28\n|inactive|Time left: 300 sec this turn | 300 sec total\n|\n|t:|1783569635\n|move|p2a: Feraligatr|Crunch|p1a: Slowbro\n|-supereffective|p1a: Slowbro\n|-damage|p1a: Slowbro|54/300\n|-damage|p2a: Feraligatr|32/100 brn|[from] item: Rocky Helmet|[of] p1a: Slowbro\n|move|p1a: Slowbro|Slack Off|p1a: Slowbro\n|-heal|p1a: Slowbro|204/300\n|\n|-damage|p2a: Feraligatr|25/100 brn|[from] brn\n|upkeep\n|turn|29\n|inactive|Time left: 300 sec this turn | 300 sec total\n|\n|t:|1783569637\n|move|p2a: Feraligatr|Crunch|p1a: Slowbro\n|-supereffective|p1a: Slowbro\n|-damage|p1a: Slowbro|19/300\n|-damage|p2a: Feraligatr|9/100 brn|[from] item: Rocky Helmet|[of] p1a: Slowbro\n|move|p1a: Slowbro|Slack Off|p1a: Slowbro\n|-heal|p1a: Slowbro|169/300\n|\n|-damage|p2a: Feraligatr|3/100 brn|[from] brn\n|upkeep\n|turn|30\n|inactive|Time left: 300 sec this turn | 300 sec total\n|\n|t:|1783569638\n|switch|p1a: Blissey|Blissey, L85, F|536/572\n|-damage|p1a: Blissey|465/572|[from] Stealth Rock\n|move|p2a: Feraligatr|Crunch|p1a: Blissey\n|-damage|p1a: Blissey|136/572\n|\n|-heal|p1a: Blissey|171/572|[from] item: Leftovers\n|-damage|p2a: Feraligatr|0 fnt|[from] brn\n|faint|p2a: Feraligatr\n|upkeep\n|\n|t:|1783569639\n|switch|p2a: Exeggutor|Exeggutor-Alola, L89, F|100/100\n|turn|31\n|inactive|Time left: 300 sec this turn | 300 sec total\n|\n|t:|1783569640\n|move|p1a: Blissey|Soft-Boiled|p1a: Blissey\n|-heal|p1a: Blissey|457/572\n|move|p2a: Exeggutor|Wood Hammer|p1a: Blissey\n|-damage|p1a: Blissey|0 fnt\n|faint|p1a: Blissey\n|-damage|p2a: Exeggutor|52/100|[from] Recoil\n|\n|upkeep\n|inactive|Time left: 300 sec this turn | 300 sec total | 5 sec grace\n|\n|t:|1783569641\n|switch|p1a: Slowbro|Slowbro, L85, F|269/300\n|-damage|p1a: Slowbro|232/300|[from] Stealth Rock\n|turn|32\n|inactive|Time left: 300 sec this turn | 300 sec total\n|\n|t:|1783569641\n|move|p2a: Exeggutor|Wood Hammer|p1a: Slowbro\n|-supereffective|p1a: Slowbro\n|-damage|p1a: Slowbro|0 fnt\n|-damage|p2a: Exeggutor|36/100|[from] item: Rocky Helmet|[of] p1a: Slowbro\n|-enditem|p2a: Exeggutor|Sitrus Berry|[eat]\n|-heal|p2a: Exeggutor|61/100|[from] item: Sitrus Berry\n|faint|p1a: Slowbro\n|-damage|p2a: Exeggutor|36/100|[from] Recoil\n|\n|win|p0y2561d5f9", "uploadtime": 1783569641, "views": 0, "rating": 0, "private": 0, "password": null, "_winner": "p0y2561d5f9", "_our_name": "p0x256144bc"}