{"id": "battle-gen9randombattle-1242", "formatid": "gen9randombattle", "format": "[Gen 9] Random Battle", "players": ["p0x124253ac", "p0y1242c11f"], "log": "|init|battle\n|title|p0x124253ac vs. p0y1242c11f\n|j|\u2606p0x124253ac\n|j|\u2606p0y1242c11f\n|t:|1783554387\n|gametype|singles\n|player|p1|p0x124253ac|265|\n|player|p2|p0y1242c11f|266|\n|gen|9\n|tier|[Gen 9] Random Battle\n|rule|Species Clause: Limit one of each Pok\u00e9mon\n|rule|HP Percentage Mod: HP is shown in percentages\n|rule|Sleep Clause Mod: Limit one foe put to sleep\n|rule|Illusion Level Mod: Illusion disguises the Pok\u00e9mon's true level\n|\n|t:|1783554387\n|teamsize|p1|6\n|teamsize|p2|6\n|start\n|switch|p1a: Rhyperior|Rhyperior, L82, F|323/323\n|switch|p2a: Malamar|Malamar, L82, F|100/100\n|turn|1\n|inactive|Battle timer is ON: inactive players will automatically lose when time's up. (requested by p0x124253ac)\n|inactive|p0y1242c11f also wants the timer to be on.\n|\n|t:|1783554389\n|move|p2a: Malamar|Knock Off|p1a: Rhyperior\n|-damage|p1a: Rhyperior|251/323\n|-enditem|p1a: Rhyperior|Choice Band|[from] move: Knock Off|[of] p2a: Malamar\n|move|p1a: Rhyperior|Earthquake|p2a: Malamar\n|-damage|p2a: Malamar|54/100\n|\n|-heal|p2a: Malamar|60/100|[from] item: Leftovers\n|upkeep\n|turn|2\n|inactive|Time left: 300 sec this turn | 300 sec total\n|\n|t:|1783554390\n|move|p2a: Malamar|Superpower|p1a: Rhyperior\n|-supereffective|p1a: Rhyperior\n|-damage|p1a: Rhyperior|163/323\n|-boost|p2a: Malamar|atk|1\n|-boost|p2a: Malamar|def|1\n|move|p1a: Rhyperior|Megahorn|p2a: Malamar\n|-supereffective|p2a: Malamar\n|-damage|p2a: Malamar|0 fnt\n|faint|p2a: Malamar\n|\n|upkeep\n|\n|t:|1783554391\n|switch|p2a: Yanmega|Yanmega, L82, M|100/100\n|turn|3\n|inactive|Time left: 300 sec this turn | 300 sec total\n|\n|t:|1783554393\n|move|p2a: Yanmega|Protect|p2a: Yanmega\n|-singleturn|p2a: Yanmega|Protect\n|move|p1a: Rhyperior|Stone Edge|p2a: Yanmega\n|-activate|p2a: Yanmega|move: Protect\n|\n|-ability|p2a: Yanmega|Speed Boost|boost\n|-boost|p2a: Yanmega|spe|1\n|upkeep\n|turn|4\n|inactive|Time left: 300 sec this turn | 300 sec total\n|\n|t:|1783554394\n|move|p2a: Yanmega|Bug Buzz|p1a: Rhyperior\n|-damage|p1a: Rhyperior|9/323\n|move|p1a: Rhyperior|Stone Edge|p2a: Yanmega|[miss]\n|-miss|p1a: Rhyperior|p2a: Yanmega\n|\n|-ability|p2a: Yanmega|Speed Boost|boost\n|-boost|p2a: Yanmega|spe|1\n|upkeep\n|turn|5\n|inactive|Time left: 300 sec this turn | 300 sec total\n|\n|t:|1783554395\n|switch|p1a: Keldeo|Keldeo-Resolute, L79|273/273\n|move|p2a: Yanmega|Air Slash|p1a: Keldeo\n|-supereffective|p1a: Keldeo\n|-damage|p1a: Keldeo|97/273\n|\n|-heal|p1a: Keldeo|114/273|[from] item: Leftovers\n|-ability|p2a: Yanmega|Speed Boost|boost\n|-boost|p2a: Yanmega|spe|1\n|upkeep\n|turn|6\n|inactive|Time left: 300 sec this turn | 300 sec total\n|\n|t:|1783554396\n|switch|p1a: Kilowattrel|Kilowattrel, L83, F|252/252\n|move|p2a: Yanmega|Air Slash|p1a: Kilowattrel\n|-resisted|p1a: Kilowattrel\n|-damage|p1a: Kilowattrel|192/252\n|\n|-ability|p2a: Yanmega|Speed Boost|boost\n|-boost|p2a: Yanmega|spe|1\n|upkeep\n|turn|7\n|inactive|Time left: 300 sec this turn | 300 sec total\n|\n|t:|1783554397\n|move|p2a: Yanmega|Protect|p2a: Yanmega\n|-singleturn|p2a: Yanmega|Protect\n|move|p1a: Kilowattrel|Hurricane|p2a: Yanmega\n|-activate|p2a: Yanmega|move: Protect\n|\n|-ability|p2a: Yanmega|Speed Boost|boost\n|-boost|p2a: Yanmega|spe|1\n|upkeep\n|turn|8\n|inactive|Time left: 300 sec this turn | 300 sec total\n|\n|t:|1783554398\n|move|p2a: Yanmega|Air Slash|p1a: Kilowattrel\n|-resisted|p1a: Kilowattrel\n|-damage|p1a: Kilowattrel|132/252\n|move|p1a: Kilowattrel|Hurricane|p2a: Yanmega\n|-supereffective|p2a: Yanmega\n|-damage|p2a: Yanmega|0 fnt\n|faint|p2a: Yanmega\n|\n|upkeep\n|\n|t:|1783554398\n|switch|p2a: Chien-Pao|Chien-Pao, L72|100/100\n|-ability|p2a: Chien-Pao|Sword of Ruin\n|turn|9\n|inactive|Time left: 300 sec this turn | 300 sec total\n|\n|t:|1783554399\n|move|p2a: Chien-Pao|Ice Shard|p1a: Kilowattrel\n|-supereffective|p1a: Kilowattrel\n|-damage|p1a: Kilowattrel|0 fnt\n|faint|p1a: Kilowattrel\n|\n|upkeep\n|inactive|Time left: 300 sec this turn | 300 sec total | 5 sec grace\n|\n|t:|1783554400\n|switch|p1a: Urshifu|Urshifu, L74, M|270/270\n|turn|10\n|inactive|Time left: 300 sec this turn | 300 sec total\n|\n|t:|1783554401\n|switch|p2a: Okidogi|Okidogi, L77, M|100/100\n|move|p1a: Urshifu|Close Combat|p2a: Okidogi\n|-resisted|p2a: Okidogi\n|-damage|p2a: Okidogi|72/100\n|-unboost|p1a: Urshifu|def|1\n|-unboost|p1a: Urshifu|spd|1\n|\n|-heal|p2a: Okidogi|78/100|[from] item: Leftovers\n|upkeep\n|turn|11\n|inactive|Time left: 300 sec this turn | 300 sec total\n|\n|t:|1783554402\n|switch|p1a: Scizor|Scizor, L79, M|240/240\n|move|p2a: Okidogi|Bulk Up|p2a: Okidogi\n|-boost|p2a: Okidogi|atk|1\n|-boost|p2a: Okidogi|def|1\n|\n|-heal|p2a: Okidogi|84/100|[from] item: Leftovers\n|upkeep\n|turn|12\n|inactive|Time left: 300 sec this turn | 300 sec total\n|\n|t:|1783554403\n|move|p2a: Okidogi|Drain Punch|p1a: Scizor\n|-damage|p1a: Scizor|117/240\n|-heal|p2a: Okidogi|100/100|[from] drain|[of] p1a: Scizor\n|move|p1a: Scizor|Knock Off|p2a: Okidogi\n|-resisted|p2a: Okidogi\n|-damage|p2a: Okidogi|88/100\n|-enditem|p2a: Okidogi|Leftovers|[from] move: Knock Off|[of] p1a: Scizor\n|\n|upkeep\n|turn|13\n|inactive|Time left: 300 sec this turn | 300 sec total\n|\n|t:|1783554404\n|switch|p1a: Rhyperior|Rhyperior, L82, F|9/323\n|move|p2a: Okidogi|Drain Punch|p1a: Rhyperior\n|-supereffective|p1a: Rhyperior\n|-damage|p1a: Rhyperior|0 fnt\n|-heal|p2a: Okidogi|90/100|[from] drain|[of] p1a: Rhyperior\n|faint|p1a: Rhyperior\n|\n|upkeep\n|inactive|Time left: 300 sec this turn | 300 sec total | 5 sec grace\n|\n|t:|1783554405\n|switch|p1a: Keldeo|Keldeo-Resolute, L79|114/273\n|turn|14\n|inactive|Time left: 300 sec this turn | 300 sec total\n|\n|t:|1783554406\n|move|p1a: Keldeo|Substitute|p1a: Keldeo\n|-start|p1a: Keldeo|Substitute\n|-damage|p1a: Keldeo|46/273\n|move|p2a: Okidogi|Drain Punch|p1a: Keldeo\n|-end|p1a: Keldeo|Substitute\n|-heal|p2a: Okidogi|100/100|[from] drain|[of] p1a: Keldeo\n|\n|-heal|p1a: Keldeo|63/273|[from] item: Leftovers\n|upkeep\n|turn|15\n|inactive|Time left: 300 sec this turn | 300 sec total\n|\n|t:|1783554407\n|move|p1a: Keldeo|Surf|p2a: Okidogi\n|-damage|p2a: Okidogi|55/100\n|move|p2a: Okidogi|Drain Punch|p1a: Keldeo\n|-damage|p1a: Keldeo|0 fnt\n|-heal|p2a: Okidogi|68/100|[from] drain|[of] p1a: Keldeo\n|faint|p1a: Keldeo\n|\n|upkeep\n|inactive|Time left: 300 sec this turn | 300 sec total | 5 sec grace\n|\n|t:|1783554408\n|switch|p1a: Brute Bonnet|Brute Bonnet, L80|309/309\n|turn|16\n|inactive|Time left: 300 sec this turn | 300 sec total\n|\n|t:|1783554410\n|-terastallize|p1a: Brute Bonnet|Poison\n|move|p2a: Okidogi|Drain Punch|p1a: Brute Bonnet\n|-resisted|p1a: Brute Bonnet\n|-damage|p1a: Brute Bonnet|251/309\n|-heal|p2a: Okidogi|79/100|[from] drain|[of] p1a: Brute Bonnet\n|move|p1a: Brute Bonnet|Spore|p2a: Okidogi\n|-status|p2a: Okidogi|slp|[from] move: Spore\n|\n|-heal|p1a: Brute Bonnet|270/309|[from] item: Leftovers\n|upkeep\n|turn|17\n|inactive|Time left: 300 sec this turn | 300 sec total\n|\n|t:|1783554411\n|cant|p2a: Okidogi|slp\n|move|p1a: Brute Bonnet|Seed Bomb|p2a: Okidogi\n|-resisted|p2a: Okidogi\n|-damage|p2a: Okidogi|69/100 slp\n|\n|-heal|p1a: Brute Bonnet|289/309|[from] item: Leftovers\n|upkeep\n|turn|18\n|inactive|Time left: 300 sec this turn | 300 sec total\n|\n|t:|1783554412\n|cant|p2a: Okidogi|slp\n|move|p1a: Brute Bonnet|Spore|p2a: Okidogi\n|-fail|p2a: Okidogi|slp\n|\n|-heal|p1a: Brute Bonnet|308/309|[from] item: Leftovers\n|upkeep\n|turn|19\n|inactive|Time left: 300 sec this turn | 300 sec total\n|\n|t:|1783554413\n|-curestatus|p2a: Okidogi|slp|[msg]\n|move|p2a: Okidogi|Bulk Up|p2a: Okidogi\n|-boost|p2a: Okidogi|atk|1\n|-boost|p2a: Okidogi|def|1\n|move|p1a: Brute Bonnet|Spore|p2a: Okidogi\n|-status|p2a: Okidogi|slp|[from] move: Spore\n|\n|-heal|p1a: Brute Bonnet|309/309|[from] item: Leftovers\n|upkeep\n|turn|20\n|inactive|Time left: 300 sec this turn | 300 sec total\n|\n|t:|1783554414\n|cant|p2a: Okidogi|slp\n|move|p1a: Brute Bonnet|Crunch|p2a: Okidogi\n|-resisted|p2a: Okidogi\n|-damage|p2a: Okidogi|60/100 slp\n|\n|upkeep\n|turn|21\n|inactive|Time left: 300 sec this turn | 300 sec total\n|\n|t:|1783554415\n|cant|p2a: Okidogi|slp\n|move|p1a: Brute Bonnet|Spore|p2a: Okidogi\n|-fail|p2a: Okidogi|slp\n|\n|upkeep\n|turn|22\n|inactive|Time left: 300 sec this turn | 300 sec total\n|\n|t:|1783554416\n|-curestatus|p2a: Okidogi|slp|[msg]\n|move|p2a: Okidogi|Knock Off|p1a: Brute Bonnet\n|-damage|p1a: Brute Bonnet|169/309\n|-enditem|p1a: Brute Bonnet|Leftovers|[from] move: Knock Off|[of] p2a: Okidogi\n|move|p1a: Brute Bonnet|Spore|p2a: Okidogi\n|-status|p2a: Okidogi|slp|[from] move: Spore\n|\n|upkeep\n|turn|23\n|inactive|Time left: 300 sec this turn | 300 sec total\n|\n|t:|1783554417\n|cant|p2a: Okidogi|slp\n|move|p1a: Brute Bonnet|Crunch|p2a: Okidogi\n|-resisted|p2a: Okidogi\n|-damage|p2a: Okidogi|52/100 slp\n|-unboost|p2a: Okidogi|def|1\n|\n|upkeep\n|turn|24\n|inactive|Time left: 300 sec this turn | 300 sec total\n|\n|t:|1783554419\n|cant|p2a: Okidogi|slp\n|move|p1a: Brute Bonnet|Seed Bomb|p2a: Okidogi\n|-resisted|p2a: Okidogi\n|-crit|p2a: Okidogi\n|-damage|p2a: Okidogi|27/100 slp\n|\n|upkeep\n|turn|25\n|inactive|Time left: 300 sec this turn | 300 sec total\n|\n|t:|1783554420\n|cant|p2a: Okidogi|slp\n|move|p1a: Brute Bonnet|Spore|p2a: Okidogi\n|-fail|p2a: Okidogi|slp\n|\n|upkeep\n|turn|26\n|inactive|Time left: 300 sec this turn | 300 sec total\n|\n|t:|1783554421\n|-curestatus|p2a: Okidogi|slp|[msg]\n|move|p2a: Okidogi|Drain Punch|p1a: Brute Bonnet\n|-resisted|p1a: Brute Bonnet\n|-damage|p1a: Brute Bonnet|85/309\n|-heal|p2a: Okidogi|43/100|[from] drain|[of] p1a: Brute Bonnet\n|move|p1a: Brute Bonnet|Spore|p2a: Okidogi\n|-status|p2a: Okidogi|slp|[from] move: Spore\n|\n|upkeep\n|turn|27\n|inactive|Time left: 300 sec this turn | 300 sec total\n|\n|t:|1783554422\n|cant|p2a: Okidogi|slp\n|move|p1a: Brute Bonnet|Seed Bomb|p2a: Okidogi\n|-resisted|p2a: Okidogi\n|-damage|p2a: Okidogi|32/100 slp\n|\n|upkeep\n|turn|28\n|inactive|Time left: 300 sec this turn | 300 sec total\n|\n|t:|1783554423\n|cant|p2a: Okidogi|slp\n|move|p1a: Brute Bonnet|Seed Bomb|p2a: Okidogi\n|-resisted|p2a: Okidogi\n|-damage|p2a: Okidogi|20/100 slp\n|\n|upkeep\n|turn|29\n|inactive|Time left: 300 sec this turn | 300 sec total\n|\n|t:|1783554424\n|cant|p2a: Okidogi|slp\n|move|p1a: Brute Bonnet|Seed Bomb|p2a: Okidogi\n|-resisted|p2a: Okidogi\n|-damage|p2a: Okidogi|10/100 slp\n|\n|upkeep\n|turn|30\n|inactive|Time left: 300 sec this turn | 300 sec total\n|\n|t:|1783554425\n|-curestatus|p2a: Okidogi|slp|[msg]\n|move|p2a: Okidogi|Drain Punch|p1a: Brute Bonnet\n|-resisted|p1a: Brute Bonnet\n|-damage|p1a: Brute Bonnet|2/309\n|-heal|p2a: Okidogi|26/100|[from] drain|[of] p1a: Brute Bonnet\n|move|p1a: Brute Bonnet|Spore|p2a: Okidogi\n|-status|p2a: Okidogi|slp|[from] move: Spore\n|\n|upkeep\n|turn|31\n|inactive|Time left: 300 sec this turn | 300 sec total\n|\n|t:|1783554427\n|-end|p1a: Brute Bonnet|Protosynthesis|[silent]\n|switch|p1a: Urshifu|Urshifu, L74, M|270/270\n|cant|p2a: Okidogi|slp\n|\n|upkeep\n|turn|32\n|inactive|Time left: 300 sec this turn | 300 sec total\n|\n|t:|1783554428\n|move|p1a: Urshifu|Wicked Blow|p2a: Okidogi\n|-resisted|p2a: Okidogi\n|-crit|p2a: Okidogi\n|-damage|p2a: Okidogi|0 fnt\n|faint|p2a: Okidogi\n|\n|upkeep\n|\n|t:|1783554429\n|switch|p2a: Chien-Pao|Chien-Pao, L72|100/100\n|-ability|p2a: Chien-Pao|Sword of Ruin\n|turn|33\n|inactive|Time left: 300 sec this turn | 300 sec total\n|\n|t:|1783554430\n|switch|p1a: Brute Bonnet|Brute Bonnet, L80, tera:Poison|2/309\n|-terastallize|p2a: Chien-Pao|Fighting\n|move|p2a: Chien-Pao|Sacred Sword|p1a: Brute Bonnet\n|-resisted|p1a: Brute Bonnet\n|-damage|p1a: Brute Bonnet|0 fnt\n|faint|p1a: Brute Bonnet\n|-end|p1a: Brute Bonnet|Protosynthesis|[silent]\n|\n|upkeep\n|inactive|Time left: 300 sec this turn | 300 sec total | 5 sec grace\n|\n|t:|1783554430\n|switch|p1a: Scizor|Scizor, L79, M|117/240\n|turn|34\n|inactive|Time left: 300 sec this turn | 300 sec total\n|\n|t:|1783554431\n|move|p2a: Chien-Pao|Sacred Sword|p1a: Scizor\n|-damage|p1a: Scizor|0 fnt\n|faint|p1a: Scizor\n|\n|upkeep\n|inactive|Time left: 300 sec this turn | 300 sec total | 5 sec grace\n|\n|t:|1783554432\n|switch|p1a: Urshifu|Urshifu, L74, M|270/270\n|turn|35\n|inactive|Time left: 300 sec this turn | 300 sec total\n|\n|t:|1783554433\n|move|p1a: Urshifu|Sucker Punch|p2a: Chien-Pao\n|-resisted|p2a: Chien-Pao\n|-damage|p2a: Chien-Pao|69/100\n|move|p2a: Chien-Pao|Sacred Sword|p1a: Urshifu\n|-supereffective|p1a: Urshifu\n|-damage|p1a: Urshifu|0 fnt\n|faint|p1a: Urshifu\n|\n|win|p0y1242c11f", "uploadtime": 1783554433, "views": 0, "rating": 0, "private": 0, "password": null, "_winner": "p0y1242c11f", "_our_name": "p0x124253ac"}