{"id": "battle-gen9randombattle-2108", "formatid": "gen9randombattle", "format": "[Gen 9] Random Battle", "players": ["p0x210884dd", "p0y2108f8b1"], "log": "|init|battle\n|title|p0x210884dd vs. p0y2108f8b1\n|j|\u2606p0x210884dd\n|j|\u2606p0y2108f8b1\n|t:|1783563616\n|gametype|singles\n|player|p1|p0x210884dd|265|\n|player|p2|p0y2108f8b1|266|\n|gen|9\n|tier|[Gen 9] Random Battle\n|rule|Species Clause: Limit one of each Pok\u00e9mon\n|rule|HP Percentage Mod: HP is shown in percentages\n|rule|Sleep Clause Mod: Limit one foe put to sleep\n|rule|Illusion Level Mod: Illusion disguises the Pok\u00e9mon's true level\n|\n|t:|1783563616\n|teamsize|p1|6\n|teamsize|p2|6\n|start\n|switch|p1a: Raikou|Raikou, L81|278/278\n|switch|p2a: Crabominable|Crabominable, L90, F|100/100\n|-ability|p1a: Raikou|Pressure\n|turn|1\n|inactive|Battle timer is ON: inactive players will automatically lose when time's up. (requested by p0x210884dd)\n|inactive|p0y2108f8b1 also wants the timer to be on.\n|\n|t:|1783563617\n|move|p1a: Raikou|Scald|p2a: Crabominable\n|-damage|p2a: Crabominable|85/100\n|move|p2a: Crabominable|Earthquake|p1a: Raikou\n|-supereffective|p1a: Raikou\n|-damage|p1a: Raikou|22/278\n|\n|upkeep\n|turn|2\n|inactive|Time left: 300 sec this turn | 300 sec total\n|\n|t:|1783563618\n|move|p1a: Raikou|Scald|p2a: Crabominable\n|-damage|p2a: Crabominable|71/100\n|move|p2a: Crabominable|Drain Punch|p1a: Raikou\n|-damage|p1a: Raikou|0 fnt\n|-heal|p2a: Crabominable|75/100|[from] drain|[of] p1a: Raikou\n|faint|p1a: Raikou\n|\n|upkeep\n|inactive|Time left: 300 sec this turn | 300 sec total | 5 sec grace\n|\n|t:|1783563619\n|switch|p1a: Metagross|Metagross, L79|256/256\n|turn|3\n|inactive|Time left: 300 sec this turn | 300 sec total\n|\n|t:|1783563620\n|move|p1a: Metagross|Heavy Slam|p2a: Crabominable\n|-supereffective|p2a: Crabominable\n|-damage|p2a: Crabominable|7/100\n|move|p2a: Crabominable|Drain Punch|p1a: Metagross\n|-damage|p1a: Metagross|144/256\n|-heal|p2a: Crabominable|24/100|[from] drain|[of] p1a: Metagross\n|\n|upkeep\n|turn|4\n|inactive|Time left: 300 sec this turn | 300 sec total\n|\n|t:|1783563621\n|switch|p2a: Greninja|Greninja, L80, M|100/100\n|move|p1a: Metagross|Earthquake|p2a: Greninja\n|-damage|p2a: Greninja|60/100\n|\n|upkeep\n|turn|5\n|inactive|Time left: 300 sec this turn | 300 sec total\n|\n|t:|1783563622\n|switch|p1a: Mandibuzz|Mandibuzz, L85, F|326/326\n|move|p2a: Greninja|Hydro Pump|p1a: Mandibuzz\n|-damage|p1a: Mandibuzz|196/326\n|-damage|p2a: Greninja|50/100|[from] item: Life Orb\n|\n|upkeep\n|turn|6\n|inactive|Time left: 300 sec this turn | 300 sec total\n|\n|t:|1783563623\n|move|p2a: Greninja|Ice Beam|p1a: Mandibuzz\n|-supereffective|p1a: Mandibuzz\n|-damage|p1a: Mandibuzz|43/326\n|-damage|p2a: Greninja|40/100|[from] item: Life Orb\n|move|p1a: Mandibuzz|Knock Off|p2a: Greninja\n|-resisted|p2a: Greninja\n|-damage|p2a: Greninja|21/100\n|-enditem|p2a: Greninja|Life Orb|[from] move: Knock Off|[of] p1a: Mandibuzz\n|\n|upkeep\n|turn|7\n|inactive|Time left: 300 sec this turn | 300 sec total\n|\n|t:|1783563625\n|switch|p1a: Samurott|Samurott-Hisui, L77, F|265/265\n|move|p2a: Greninja|Dark Pulse|p1a: Samurott\n|-resisted|p1a: Samurott\n|-damage|p1a: Samurott|208/265\n|\n|upkeep\n|turn|8\n|inactive|Time left: 300 sec this turn | 300 sec total\n|\n|t:|1783563626\n|switch|p2a: Garchomp|Garchomp, L74, M|100/100\n|move|p1a: Samurott|Ceaseless Edge|p2a: Garchomp\n|-damage|p2a: Garchomp|48/100\n|-damage|p1a: Samurott|175/265|[from] ability: Rough Skin|[of] p2a: Garchomp\n|-damage|p1a: Samurott|131/265|[from] item: Rocky Helmet|[of] p2a: Garchomp\n|-sidestart|p2: p0y2108f8b1|Spikes\n|\n|upkeep\n|turn|9\n|inactive|Time left: 300 sec this turn | 300 sec total\n|\n|t:|1783563627\n|move|p2a: Garchomp|Outrage|p1a: Samurott\n|-damage|p1a: Samurott|0 fnt\n|faint|p1a: Samurott\n|\n|upkeep\n|inactive|Time left: 300 sec this turn | 300 sec total | 5 sec grace\n|\n|t:|1783563628\n|switch|p1a: Metagross|Metagross, L79|144/256\n|turn|10\n|inactive|Time left: 300 sec this turn | 300 sec total\n|\n|t:|1783563629\n|move|p2a: Garchomp|Outrage|p1a: Metagross|[from] lockedmove\n|-resisted|p1a: Metagross\n|-damage|p1a: Metagross|95/256\n|-start|p2a: Garchomp|confusion|[fatigue]\n|move|p1a: Metagross|Heavy Slam|p2a: Garchomp\n|-damage|p2a: Garchomp|0 fnt\n|-damage|p1a: Metagross|63/256|[from] ability: Rough Skin|[of] p2a: Garchomp\n|-damage|p1a: Metagross|21/256|[from] item: Rocky Helmet|[of] p2a: Garchomp\n|faint|p2a: Garchomp\n|\n|upkeep\n|\n|t:|1783563630\n|switch|p2a: Greninja|Greninja, L80, M|21/100\n|-damage|p2a: Greninja|9/100|[from] Spikes\n|turn|11\n|inactive|Time left: 300 sec this turn | 300 sec total\n|\n|t:|1783563631\n|move|p2a: Greninja|Dark Pulse|p1a: Metagross\n|-supereffective|p1a: Metagross\n|-damage|p1a: Metagross|0 fnt\n|faint|p1a: Metagross\n|-ability|p2a: Greninja|Battle Bond|boost\n|-boost|p2a: Greninja|atk|1\n|-boost|p2a: Greninja|spa|1\n|-boost|p2a: Greninja|spe|1\n|-activate|p2a: Greninja|ability: Battle Bond\n|\n|upkeep\n|inactive|Time left: 300 sec this turn | 300 sec total | 5 sec grace\n|\n|t:|1783563632\n|switch|p1a: Tornadus|Tornadus-Therian, L79, M|254/254\n|turn|12\n|inactive|Time left: 300 sec this turn | 300 sec total\n|\n|t:|1783563633\n|move|p2a: Greninja|Ice Beam|p1a: Tornadus\n|-supereffective|p1a: Tornadus\n|-damage|p1a: Tornadus|60/254\n|move|p1a: Tornadus|Grass Knot|p2a: Greninja\n|-supereffective|p2a: Greninja\n|-damage|p2a: Greninja|0 fnt\n|faint|p2a: Greninja\n|\n|upkeep\n|\n|t:|1783563634\n|switch|p2a: Meloetta|Meloetta, L82|100/100\n|-damage|p2a: Meloetta|88/100|[from] Spikes\n|turn|13\n|inactive|Time left: 300 sec this turn | 300 sec total\n|\n|t:|1783563635\n|switch|p1a: Sudowoodo|Sudowoodo, L94, F|284/284\n|move|p2a: Meloetta|Hyper Voice|p1a: Sudowoodo\n|-resisted|p1a: Sudowoodo\n|-damage|p1a: Sudowoodo|197/284\n|\n|-heal|p1a: Sudowoodo|214/284|[from] item: Leftovers\n|upkeep\n|turn|14\n|inactive|Time left: 300 sec this turn | 300 sec total\n|\n|t:|1783563636\n|move|p2a: Meloetta|Hyper Voice|p1a: Sudowoodo\n|-resisted|p1a: Sudowoodo\n|-damage|p1a: Sudowoodo|117/284\n|move|p1a: Sudowoodo|Head Smash|p2a: Meloetta\n|-damage|p2a: Meloetta|9/100\n|\n|-heal|p1a: Sudowoodo|134/284|[from] item: Leftovers\n|upkeep\n|turn|15\n|inactive|Time left: 300 sec this turn | 300 sec total\n|\n|t:|1783563637\n|move|p2a: Meloetta|Hyper Voice|p1a: Sudowoodo\n|-resisted|p1a: Sudowoodo\n|-damage|p1a: Sudowoodo|35/284\n|move|p1a: Sudowoodo|Earthquake|p2a: Meloetta\n|-damage|p2a: Meloetta|0 fnt\n|faint|p2a: Meloetta\n|\n|-heal|p1a: Sudowoodo|52/284|[from] item: Leftovers\n|upkeep\n|\n|t:|1783563638\n|switch|p2a: Regieleki|Regieleki, L79|100/100\n|-damage|p2a: Regieleki|88/100|[from] Spikes\n|turn|16\n|inactive|Time left: 300 sec this turn | 300 sec total\n|\n|t:|1783563639\n|switch|p1a: Mandibuzz|Mandibuzz, L85, F|43/326\n|move|p2a: Regieleki|Thunderbolt|p1a: Mandibuzz\n|-supereffective|p1a: Mandibuzz\n|-damage|p1a: Mandibuzz|0 fnt\n|faint|p1a: Mandibuzz\n|\n|upkeep\n|inactive|Time left: 300 sec this turn | 300 sec total | 5 sec grace\n|\n|t:|1783563640\n|switch|p1a: Tornadus|Tornadus-Therian, L79, M|144/254\n|turn|17\n|inactive|Time left: 300 sec this turn | 300 sec total\n|\n|t:|1783563641\n|switch|p1a: Sudowoodo|Sudowoodo, L94, F|52/284\n|-terastallize|p2a: Regieleki|Electric\n|move|p2a: Regieleki|Thunderbolt|p1a: Sudowoodo\n|-damage|p1a: Sudowoodo|0 fnt\n|faint|p1a: Sudowoodo\n|\n|upkeep\n|inactive|Time left: 300 sec this turn | 300 sec total | 5 sec grace\n|\n|t:|1783563642\n|switch|p1a: Tornadus|Tornadus-Therian, L79, M|228/254\n|turn|18\n|inactive|Time left: 300 sec this turn | 300 sec total\n|\n|t:|1783563642\n|-terastallize|p1a: Tornadus|Fire\n|move|p2a: Regieleki|Thunderbolt|p1a: Tornadus\n|-damage|p1a: Tornadus|30/254\n|move|p1a: Tornadus|Bleakwind Storm|p2a: Regieleki\n|-resisted|p2a: Regieleki\n|-damage|p2a: Regieleki|58/100\n|\n|upkeep\n|turn|19\n|inactive|Time left: 300 sec this turn | 300 sec total\n|\n|t:|1783563643\n|move|p2a: Regieleki|Thunderbolt|p1a: Tornadus\n|-damage|p1a: Tornadus|0 fnt\n|faint|p1a: Tornadus\n|\n|win|p0y2108f8b1", "uploadtime": 1783563643, "views": 0, "rating": 0, "private": 0, "password": null, "_winner": "p0y2108f8b1", "_our_name": "p0x210884dd"}