{"id": "battle-gen9randombattle-330", "formatid": "gen9randombattle", "format": "[Gen 9] Random Battle", "players": ["p0x3305732", "p0y3305118"], "log": "|init|battle\n|title|p0x3305732 vs. p0y3305118\n|j|\u2606p0x3305732\n|j|\u2606p0y3305118\n|t:|1783542902\n|gametype|singles\n|player|p1|p0x3305732|266|\n|player|p2|p0y3305118|1|\n|gen|9\n|tier|[Gen 9] Random Battle\n|rule|Species Clause: Limit one of each Pok\u00e9mon\n|rule|HP Percentage Mod: HP is shown in percentages\n|rule|Sleep Clause Mod: Limit one foe put to sleep\n|rule|Illusion Level Mod: Illusion disguises the Pok\u00e9mon's true level\n|\n|t:|1783542902\n|teamsize|p1|6\n|teamsize|p2|6\n|start\n|switch|p1a: Terapagos|Terapagos, L77, F|100/100\n|switch|p2a: Froslass|Froslass, L87, F|263/263\n|-activate|p1a: Terapagos|ability: Tera Shift\n|detailschange|p1a: Terapagos|Terapagos-Terastal, L77, F\n|-heal|p1a: Terapagos|100/100|[silent]\n|turn|1\n|inactive|Battle timer is ON: inactive players will automatically lose when time's up. (requested by p0x3305732)\n|inactive|Time left: 300 sec this turn | 300 sec total | 60 sec grace\n|inactive|p0y3305118 also wants the timer to be on.\n|\n|t:|1783542904\n|move|p2a: Froslass|Triple Axel|p1a: Terapagos\n|-activate|p1a: Terapagos|ability: Tera Shell\n|-resisted|p1a: Terapagos\n|-crit|p1a: Terapagos\n|-damage|p1a: Terapagos|96/100\n|-resisted|p1a: Terapagos\n|-damage|p1a: Terapagos|89/100\n|-resisted|p1a: Terapagos\n|-damage|p1a: Terapagos|78/100\n|-hitcount|p1a: Terapagos|3\n|move|p1a: Terapagos|Dark Pulse|p2a: Froslass\n|-supereffective|p2a: Froslass\n|-damage|p2a: Froslass|149/263\n|-start|p1a: Terapagos|Disable|Dark Pulse|[from] ability: Cursed Body|[of] p2a: Froslass\n|\n|upkeep\n|turn|2\n|inactive|Time left: 300 sec this turn | 300 sec total\n|\n|t:|1783542905\n|switch|p2a: Magcargo|Magcargo, L95, F|268/268\n|move|p1a: Terapagos|Calm Mind|p1a: Terapagos\n|-boost|p1a: Terapagos|spa|1\n|-boost|p1a: Terapagos|spd|1\n|\n|upkeep\n|turn|3\n|inactive|Time left: 300 sec this turn | 300 sec total\n|\n|t:|1783542906\n|move|p1a: Terapagos|Calm Mind|p1a: Terapagos\n|-boost|p1a: Terapagos|spa|1\n|-boost|p1a: Terapagos|spd|1\n|move|p2a: Magcargo|Shell Smash|p2a: Magcargo\n|-unboost|p2a: Magcargo|def|1\n|-unboost|p2a: Magcargo|spd|1\n|-boost|p2a: Magcargo|atk|2\n|-boost|p2a: Magcargo|spa|2\n|-boost|p2a: Magcargo|spe|2\n|\n|upkeep\n|turn|4\n|inactive|Time left: 300 sec this turn | 300 sec total\n|\n|t:|1783542907\n|move|p2a: Magcargo|Fire Blast|p1a: Terapagos|[miss]\n|-miss|p2a: Magcargo|p1a: Terapagos\n|move|p1a: Terapagos|Tera Starstorm|p2a: Magcargo\n|-resisted|p2a: Magcargo\n|-damage|p2a: Magcargo|103/268\n|\n|-end|p1a: Terapagos|Disable\n|upkeep\n|turn|5\n|inactive|Time left: 300 sec this turn | 300 sec total\n|\n|t:|1783542908\n|move|p2a: Magcargo|Power Gem|p1a: Terapagos\n|-damage|p1a: Terapagos|43/100\n|move|p1a: Terapagos|Dark Pulse|p2a: Magcargo\n|-damage|p2a: Magcargo|0 fnt\n|faint|p2a: Magcargo\n|\n|upkeep\n|inactive|Time left: 300 sec this turn | 300 sec total | 5 sec grace\n|\n|t:|1783542909\n|switch|p2a: Emboar|Emboar, L84, F|322/322\n|turn|6\n|inactive|Time left: 300 sec this turn | 300 sec total\n|\n|t:|1783542910\n|move|p2a: Emboar|Flare Blitz|p1a: Terapagos\n|-damage|p1a: Terapagos|0 fnt\n|faint|p1a: Terapagos\n|-damage|p2a: Emboar|284/322|[from] Recoil\n|\n|upkeep\n|\n|t:|1783542911\n|switch|p1a: Araquanid|Araquanid, L82, F|100/100\n|turn|7\n|inactive|Time left: 300 sec this turn | 300 sec total\n|\n|t:|1783542912\n|switch|p2a: Lunala|Lunala, L70|308/308\n|move|p1a: Araquanid|Sticky Web|p2a: Lunala\n|-sidestart|p2: p0y3305118|move: Sticky Web\n|\n|upkeep\n|turn|8\n|inactive|Time left: 300 sec this turn | 300 sec total\n|\n|t:|1783542913\n|switch|p1a: Florges|Florges-Yellow, L85, F|100/100\n|move|p2a: Lunala|Calm Mind|p2a: Lunala\n|-boost|p2a: Lunala|spa|1\n|-boost|p2a: Lunala|spd|1\n|\n|upkeep\n|turn|9\n|inactive|Time left: 300 sec this turn | 300 sec total\n|\n|t:|1783542915\n|move|p2a: Lunala|Calm Mind|p2a: Lunala\n|-boost|p2a: Lunala|spa|1\n|-boost|p2a: Lunala|spd|1\n|move|p1a: Florges|Calm Mind|p1a: Florges\n|-boost|p1a: Florges|spa|1\n|-boost|p1a: Florges|spd|1\n|\n|upkeep\n|turn|10\n|inactive|Time left: 300 sec this turn | 300 sec total\n|\n|t:|1783542916\n|move|p2a: Lunala|Calm Mind|p2a: Lunala\n|-boost|p2a: Lunala|spa|1\n|-boost|p2a: Lunala|spd|1\n|move|p1a: Florges|Calm Mind|p1a: Florges\n|-boost|p1a: Florges|spa|1\n|-boost|p1a: Florges|spd|1\n|\n|upkeep\n|turn|11\n|inactive|Time left: 300 sec this turn | 300 sec total\n|\n|t:|1783542917\n|move|p2a: Lunala|Calm Mind|p2a: Lunala\n|-boost|p2a: Lunala|spa|1\n|-boost|p2a: Lunala|spd|1\n|move|p1a: Florges|Calm Mind|p1a: Florges\n|-boost|p1a: Florges|spa|1\n|-boost|p1a: Florges|spd|1\n|\n|upkeep\n|turn|12\n|inactive|Time left: 300 sec this turn | 300 sec total\n|\n|t:|1783542918\n|move|p1a: Florges|Protect|p1a: Florges\n|-singleturn|p1a: Florges|Protect\n|move|p2a: Lunala|Moongeist Beam|p1a: Florges\n|-activate|p1a: Florges|move: Protect\n|\n|upkeep\n|turn|13\n|inactive|Time left: 300 sec this turn | 300 sec total\n|\n|t:|1783542919\n|move|p2a: Lunala|Calm Mind|p2a: Lunala\n|-boost|p2a: Lunala|spa|1\n|-boost|p2a: Lunala|spd|1\n|move|p1a: Florges|Moonblast|p2a: Lunala\n|-damage|p2a: Lunala|266/308\n|\n|-heal|p2a: Lunala|285/308|[from] item: Leftovers\n|upkeep\n|turn|14\n|inactive|Time left: 300 sec this turn | 300 sec total\n|\n|t:|1783542920\n|move|p1a: Florges|Protect|p1a: Florges\n|-singleturn|p1a: Florges|Protect\n|move|p2a: Lunala|Moongeist Beam|p1a: Florges\n|-activate|p1a: Florges|move: Protect\n|\n|-heal|p2a: Lunala|304/308|[from] item: Leftovers\n|upkeep\n|turn|15\n|inactive|Time left: 300 sec this turn | 300 sec total\n|\n|t:|1783542921\n|-terastallize|p1a: Florges|Steel\n|move|p2a: Lunala|Moongeist Beam|p1a: Florges\n|-damage|p1a: Florges|68/100\n|move|p1a: Florges|Moonblast|p2a: Lunala\n|-damage|p2a: Lunala|223/308\n|\n|-heal|p2a: Lunala|242/308|[from] item: Leftovers\n|-heal|p1a: Florges|74/100|[from] item: Leftovers\n|upkeep\n|turn|16\n|inactive|Time left: 300 sec this turn | 300 sec total\n|\n|t:|1783542922\n|move|p1a: Florges|Protect|p1a: Florges\n|-singleturn|p1a: Florges|Protect\n|move|p2a: Lunala|Moongeist Beam|p1a: Florges\n|-activate|p1a: Florges|move: Protect\n|\n|-heal|p2a: Lunala|261/308|[from] item: Leftovers\n|-heal|p1a: Florges|80/100|[from] item: Leftovers\n|upkeep\n|turn|17\n|inactive|Time left: 300 sec this turn | 300 sec total\n|\n|t:|1783542923\n|move|p2a: Lunala|Moongeist Beam|p1a: Florges\n|-damage|p1a: Florges|46/100\n|move|p1a: Florges|Wish|p1a: Florges\n|\n|-heal|p2a: Lunala|280/308|[from] item: Leftovers\n|-heal|p1a: Florges|52/100|[from] item: Leftovers\n|upkeep\n|turn|18\n|inactive|Time left: 300 sec this turn | 300 sec total\n|\n|t:|1783542924\n|move|p1a: Florges|Protect|p1a: Florges\n|-singleturn|p1a: Florges|Protect\n|move|p2a: Lunala|Moongeist Beam|p1a: Florges\n|-activate|p1a: Florges|move: Protect\n|\n|-heal|p1a: Florges|100/100|[from] move: Wish|[wisher] Florges\n|-heal|p2a: Lunala|299/308|[from] item: Leftovers\n|upkeep\n|turn|19\n|inactive|Time left: 300 sec this turn | 300 sec total\n|\n|t:|1783542926\n|move|p2a: Lunala|Moongeist Beam|p1a: Florges\n|-damage|p1a: Florges|66/100\n|move|p1a: Florges|Wish|p1a: Florges\n|\n|-heal|p2a: Lunala|308/308|[from] item: Leftovers\n|-heal|p1a: Florges|72/100|[from] item: Leftovers\n|upkeep\n|turn|20\n|inactive|Time left: 300 sec this turn | 300 sec total\n|\n|t:|1783542927\n|move|p1a: Florges|Protect|p1a: Florges\n|-singleturn|p1a: Florges|Protect\n|move|p2a: Lunala|Calm Mind|p2a: Lunala\n|-boost|p2a: Lunala|spa|1\n|-boost|p2a: Lunala|spd|1\n|\n|-heal|p1a: Florges|100/100|[from] move: Wish|[wisher] Florges\n|upkeep\n|turn|21\n|inactive|Time left: 300 sec this turn | 300 sec total\n|\n|t:|1783542928\n|move|p2a: Lunala|Moonblast|p1a: Florges\n|-resisted|p1a: Florges\n|-damage|p1a: Florges|88/100\n|move|p1a: Florges|Wish|p1a: Florges\n|\n|-heal|p1a: Florges|94/100|[from] item: Leftovers\n|upkeep\n|turn|22\n|inactive|Time left: 300 sec this turn | 300 sec total\n|\n|t:|1783542929\n|move|p2a: Lunala|Calm Mind|p2a: Lunala\n|-boost|p2a: Lunala|spa|0\n|-boost|p2a: Lunala|spd|0\n|move|p1a: Florges|Calm Mind|p1a: Florges\n|-boost|p1a: Florges|spa|1\n|-boost|p1a: Florges|spd|1\n|\n|-heal|p1a: Florges|100/100|[from] move: Wish|[wisher] Florges\n|upkeep\n|turn|23\n|inactive|Time left: 300 sec this turn | 300 sec total\n|\n|t:|1783542930\n|move|p2a: Lunala|Moongeist Beam|p1a: Florges\n|-damage|p1a: Florges|72/100\n|move|p1a: Florges|Moonblast|p2a: Lunala\n|-damage|p2a: Lunala|266/308\n|\n|-heal|p2a: Lunala|285/308|[from] item: Leftovers\n|-heal|p1a: Florges|78/100|[from] item: Leftovers\n|upkeep\n|turn|24\n|inactive|Time left: 300 sec this turn | 300 sec total\n|\n|t:|1783542931\n|move|p2a: Lunala|Moonblast|p1a: Florges\n|-resisted|p1a: Florges\n|-damage|p1a: Florges|68/100\n|move|p1a: Florges|Moonblast|p2a: Lunala\n|-damage|p2a: Lunala|195/308\n|-unboost|p2a: Lunala|spa|1\n|\n|-heal|p2a: Lunala|214/308|[from] item: Leftovers\n|-heal|p1a: Florges|74/100|[from] item: Leftovers\n|upkeep\n|turn|25\n|inactive|Time left: 300 sec this turn | 300 sec total\n|\n|t:|1783542933\n|move|p2a: Lunala|Moonblast|p1a: Florges\n|-resisted|p1a: Florges\n|-damage|p1a: Florges|65/100\n|move|p1a: Florges|Moonblast|p2a: Lunala\n|-damage|p2a: Lunala|127/308\n|-unboost|p2a: Lunala|spa|1\n|\n|-heal|p2a: Lunala|146/308|[from] item: Leftovers\n|-heal|p1a: Florges|71/100|[from] item: Leftovers\n|upkeep\n|turn|26\n|inactive|Time left: 300 sec this turn | 300 sec total\n|\n|t:|1783542934\n|move|p2a: Lunala|Moonlight|p2a: Lunala\n|-heal|p2a: Lunala|300/308\n|move|p1a: Florges|Moonblast|p2a: Lunala\n|-damage|p2a: Lunala|201/308\n|\n|-heal|p2a: Lunala|220/308|[from] item: Leftovers\n|-heal|p1a: Florges|77/100|[from] item: Leftovers\n|upkeep\n|turn|27\n|inactive|Time left: 300 sec this turn | 300 sec total\n|\n|t:|1783542935\n|move|p2a: Lunala|Moonlight|p2a: Lunala\n|-heal|p2a: Lunala|308/308\n|move|p1a: Florges|Moonblast|p2a: Lunala\n|-damage|p2a: Lunala|262/308\n|\n|-heal|p2a: Lunala|281/308|[from] item: Leftovers\n|-heal|p1a: Florges|83/100|[from] item: Leftovers\n|upkeep\n|turn|28\n|inactive|Time left: 300 sec this turn | 300 sec total\n|\n|t:|1783542936\n|move|p2a: Lunala|Moonblast|p1a: Florges\n|-resisted|p1a: Florges\n|-damage|p1a: Florges|75/100\n|move|p1a: Florges|Moonblast|p2a: Lunala\n|-damage|p2a: Lunala|193/308\n|\n|-heal|p2a: Lunala|212/308|[from] item: Leftovers\n|-heal|p1a: Florges|81/100|[from] item: Leftovers\n|upkeep\n|turn|29\n|inactive|Time left: 300 sec this turn | 300 sec total\n|\n|t:|1783542937\n|move|p2a: Lunala|Moonblast|p1a: Florges\n|-resisted|p1a: Florges\n|-damage|p1a: Florges|74/100\n|-unboost|p1a: Florges|spa|1\n|move|p1a: Florges|Moonblast|p2a: Lunala\n|-damage|p2a: Lunala|133/308\n|\n|-heal|p2a: Lunala|152/308|[from] item: Leftovers\n|-heal|p1a: Florges|80/100|[from] item: Leftovers\n|upkeep\n|turn|30\n|inactive|Time left: 300 sec this turn | 300 sec total\n|\n|t:|1783542938\n|move|p2a: Lunala|Moonlight|p2a: Lunala\n|-heal|p2a: Lunala|306/308\n|move|p1a: Florges|Calm Mind|p1a: Florges\n|-boost|p1a: Florges|spa|1\n|-boost|p1a: Florges|spd|1\n|\n|-heal|p2a: Lunala|308/308|[from] item: Leftovers\n|-heal|p1a: Florges|86/100|[from] item: Leftovers\n|upkeep\n|turn|31\n|inactive|Time left: 300 sec this turn | 300 sec total\n|\n|t:|1783542939\n|move|p2a: Lunala|Calm Mind|p2a: Lunala\n|-boost|p2a: Lunala|spa|1\n|-boost|p2a: Lunala|spd|0\n|move|p1a: Florges|Moonblast|p2a: Lunala\n|-damage|p2a: Lunala|262/308\n|\n|-heal|p2a: Lunala|281/308|[from] item: Leftovers\n|-heal|p1a: Florges|92/100|[from] item: Leftovers\n|upkeep\n|turn|32\n|inactive|Time left: 300 sec this turn | 300 sec total\n|\n|t:|1783542940\n|move|p2a: Lunala|Moonlight|p2a: Lunala\n|-heal|p2a: Lunala|308/308\n|move|p1a: Florges|Moonblast|p2a: Lunala\n|-damage|p2a: Lunala|266/308\n|-unboost|p2a: Lunala|spa|1\n|\n|-heal|p2a: Lunala|285/308|[from] item: Leftovers\n|-heal|p1a: Florges|98/100|[from] item: Leftovers\n|upkeep\n|turn|33\n|inactive|Time left: 300 sec this turn | 300 sec total\n|\n|t:|1783542941\n|move|p2a: Lunala|Moonlight|p2a: Lunala\n|-heal|p2a: Lunala|308/308\n|move|p1a: Florges|Moonblast|p2a: Lunala\n|-damage|p2a: Lunala|261/308\n|-unboost|p2a: Lunala|spa|1\n|\n|-heal|p2a: Lunala|280/308|[from] item: Leftovers\n|-heal|p1a: Florges|100/100|[from] item: Leftovers\n|upkeep\n|turn|34\n|inactive|Time left: 300 sec this turn | 300 sec total\n|\n|t:|1783542942\n|move|p2a: Lunala|Calm Mind|p2a: Lunala\n|-boost|p2a: Lunala|spa|1\n|-boost|p2a: Lunala|spd|0\n|move|p1a: Florges|Moonblast|p2a: Lunala\n|-damage|p2a: Lunala|192/308\n|\n|-heal|p2a: Lunala|211/308|[from] item: Leftovers\n|upkeep\n|turn|35\n|inactive|Time left: 300 sec this turn | 300 sec total\n|\n|t:|1783542943\n|move|p2a: Lunala|Moonlight|p2a: Lunala\n|-heal|p2a: Lunala|308/308\n|move|p1a: Florges|Moonblast|p2a: Lunala\n|-damage|p2a: Lunala|260/308\n|\n|-heal|p2a: Lunala|279/308|[from] item: Leftovers\n|upkeep\n|turn|36\n|inactive|Time left: 300 sec this turn | 300 sec total\n|\n|t:|1783542944\n|move|p2a: Lunala|Calm Mind|p2a: Lunala\n|-boost|p2a: Lunala|spa|1\n|-boost|p2a: Lunala|spd|0\n|move|p1a: Florges|Moonblast|p2a: Lunala\n|-damage|p2a: Lunala|188/308\n|\n|-heal|p2a: Lunala|207/308|[from] item: Leftovers\n|upkeep\n|turn|37\n|inactive|Time left: 300 sec this turn | 300 sec total\n|\n|t:|1783542945\n|move|p2a: Lunala|Moonlight|p2a: Lunala\n|-heal|p2a: Lunala|308/308\n|move|p1a: Florges|Moonblast|p2a: Lunala\n|-damage|p2a: Lunala|261/308\n|\n|-heal|p2a: Lunala|280/308|[from] item: Leftovers\n|upkeep\n|turn|38\n|inactive|Time left: 300 sec this turn | 300 sec total\n|\n|t:|1783542946\n|move|p2a: Lunala|Calm Mind|p2a: Lunala\n|-boost|p2a: Lunala|spa|1\n|-boost|p2a: Lunala|spd|0\n|move|p1a: Florges|Moonblast|p2a: Lunala\n|-damage|p2a: Lunala|190/308\n|-unboost|p2a: Lunala|spa|1\n|\n|-heal|p2a: Lunala|209/308|[from] item: Leftovers\n|upkeep\n|turn|39\n|inactive|Time left: 300 sec this turn | 300 sec total\n|\n|t:|1783542947\n|move|p2a: Lunala|Moonblast|p1a: Florges\n|-resisted|p1a: Florges\n|-damage|p1a: Florges|94/100\n|move|p1a: Florges|Moonblast|p2a: Lunala\n|-damage|p2a: Lunala|119/308\n|\n|-heal|p2a: Lunala|138/308|[from] item: Leftovers\n|-heal|p1a: Florges|99/100|[from] item: Leftovers\n|upkeep\n|turn|40\n|inactive|Time left: 300 sec this turn | 300 sec total\n|\n|t:|1783542948\n|move|p2a: Lunala|Moonlight|p2a: Lunala\n|-heal|p2a: Lunala|292/308\n|move|p1a: Florges|Moonblast|p2a: Lunala\n|-damage|p2a: Lunala|199/308\n|\n|-heal|p2a: Lunala|218/308|[from] item: Leftovers\n|-heal|p1a: Florges|100/100|[from] item: Leftovers\n|upkeep\n|turn|41\n|inactive|Time left: 300 sec this turn | 300 sec total\n|\n|t:|1783542948\n|move|p2a: Lunala|Moonblast|p1a: Florges\n|-resisted|p1a: Florges\n|-damage|p1a: Florges|93/100\n|-unboost|p1a: Florges|spa|1\n|move|p1a: Florges|Moonblast|p2a: Lunala\n|-damage|p2a: Lunala|139/308\n|\n|-heal|p2a: Lunala|158/308|[from] item: Leftovers\n|-heal|p1a: Florges|99/100|[from] item: Leftovers\n|upkeep\n|turn|42\n|inactive|Time left: 300 sec this turn | 300 sec total\n|\n|t:|1783542949\n|move|p2a: Lunala|Moonblast|p1a: Florges\n|-resisted|p1a: Florges\n|-damage|p1a: Florges|91/100\n|move|p1a: Florges|Moonblast|p2a: Lunala\n|-crit|p2a: Lunala\n|-damage|p2a: Lunala|0 fnt\n|faint|p2a: Lunala\n|\n|-heal|p1a: Florges|97/100|[from] item: Leftovers\n|upkeep\n|inactive|Time left: 300 sec this turn | 300 sec total | 5 sec grace\n|\n|t:|1783542950\n|switch|p2a: Emboar|Emboar, L84, F|284/322\n|-activate|p2a: Emboar|move: Sticky Web\n|-unboost|p2a: Emboar|spe|1\n|turn|43\n|inactive|Time left: 300 sec this turn | 300 sec total\n|\n|t:|1783542950\n|-terastallize|p2a: Emboar|Fire\n|move|p1a: Florges|Moonblast|p2a: Emboar\n|-resisted|p2a: Emboar\n|-damage|p2a: Emboar|114/322\n|move|p2a: Emboar|Flare Blitz|p1a: Florges\n|-supereffective|p1a: Florges\n|-damage|p1a: Florges|0 fnt\n|faint|p1a: Florges\n|-damage|p2a: Emboar|28/322|[from] Recoil\n|\n|upkeep\n|\n|t:|1783542951\n|switch|p1a: Koraidon|Koraidon, L64|100/100\n|-weather|SunnyDay|[from] ability: Orichalcum Pulse|[of] p1a: Koraidon\n|-activate|p1a: Koraidon|Orichalcum Pulse|[source]\n|turn|44\n|inactive|Time left: 300 sec this turn | 300 sec total\n|\n|t:|1783542952\n|move|p1a: Koraidon|Outrage|p2a: Emboar\n|-damage|p2a: Emboar|0 fnt\n|faint|p2a: Emboar\n|\n|-weather|SunnyDay|[upkeep]\n|upkeep\n|inactive|Time left: 300 sec this turn | 300 sec total | 5 sec grace\n|\n|t:|1783542953\n|switch|p2a: Gardevoir|Gardevoir, L83, F|249/249\n|-activate|p2a: Gardevoir|move: Sticky Web\n|-unboost|p2a: Gardevoir|spe|1\n|-ability|p2a: Gardevoir|Orichalcum Pulse|Trace|[from] ability: Trace|[of] p1a: Koraidon\n|-activate|p2a: Gardevoir|ability: Orichalcum Pulse\n|turn|45\n|inactive|Time left: 300 sec this turn | 300 sec total\n|\n|t:|1783542954\n|move|p1a: Koraidon|Outrage|p2a: Gardevoir|[from] lockedmove\n|-immune|p2a: Gardevoir\n|move|p2a: Gardevoir|Moonblast|p1a: Koraidon\n|-supereffective|p1a: Koraidon\n|-damage|p1a: Koraidon|0 fnt\n|faint|p1a: Koraidon\n|\n|-weather|SunnyDay|[upkeep]\n|upkeep\n|\n|t:|1783542954\n|switch|p1a: Klefki|Klefki, L84, F|100/100\n|turn|46\n|inactive|Time left: 300 sec this turn | 300 sec total\n|\n|t:|1783542956\n|move|p2a: Gardevoir|Moonblast|p1a: Klefki\n|-resisted|p1a: Klefki\n|-damage|p1a: Klefki|73/100\n|-unboost|p1a: Klefki|spa|1\n|move|p1a: Klefki|Play Rough|p2a: Gardevoir\n|-damage|p2a: Gardevoir|153/249\n|-unboost|p2a: Gardevoir|atk|1\n|\n|-weather|SunnyDay|[upkeep]\n|-heal|p1a: Klefki|79/100|[from] item: Leftovers\n|upkeep\n|turn|47\n|inactive|Time left: 300 sec this turn | 300 sec total\n|\n|t:|1783542957\n|move|p1a: Klefki|Thunder Wave|p2a: Gardevoir\n|-status|p2a: Gardevoir|par\n|move|p2a: Gardevoir|Moonblast|p1a: Klefki\n|-resisted|p1a: Klefki\n|-damage|p1a: Klefki|53/100\n|\n|-weather|SunnyDay|[upkeep]\n|-heal|p1a: Klefki|59/100|[from] item: Leftovers\n|upkeep\n|turn|48\n|inactive|Time left: 300 sec this turn | 300 sec total\n|\n|t:|1783542958\n|move|p1a: Klefki|Spikes|p2a: Gardevoir\n|-sidestart|p2: p0y3305118|Spikes\n|move|p2a: Gardevoir|Moonblast|p1a: Klefki\n|-resisted|p1a: Klefki\n|-damage|p1a: Klefki|34/100\n|\n|-weather|none\n|-heal|p1a: Klefki|40/100|[from] item: Leftovers\n|upkeep\n|turn|49\n|inactive|Time left: 300 sec this turn | 300 sec total\n|\n|t:|1783542960\n|move|p1a: Klefki|Play Rough|p2a: Gardevoir\n|-damage|p2a: Gardevoir|53/249 par\n|move|p2a: Gardevoir|Moonblast|p1a: Klefki\n|-resisted|p1a: Klefki\n|-damage|p1a: Klefki|16/100\n|\n|-heal|p1a: Klefki|22/100|[from] item: Leftovers\n|upkeep\n|turn|50\n|inactive|Time left: 300 sec this turn | 300 sec total\n|\n|t:|1783542961\n|move|p1a: Klefki|Play Rough|p2a: Gardevoir\n|-damage|p2a: Gardevoir|0 fnt\n|faint|p2a: Gardevoir\n|\n|-heal|p1a: Klefki|28/100|[from] item: Leftovers\n|upkeep\n|inactive|Time left: 300 sec this turn | 300 sec total | 5 sec grace\n|\n|t:|1783542962\n|switch|p2a: Froslass|Froslass, L87, F|149/263\n|-activate|p2a: Froslass|move: Sticky Web\n|-unboost|p2a: Froslass|spe|1\n|-damage|p2a: Froslass|117/263|[from] Spikes\n|turn|51\n|inactive|Time left: 300 sec this turn | 300 sec total\n|\n|t:|1783542963\n|move|p1a: Klefki|Play Rough|p2a: Froslass\n|-damage|p2a: Froslass|18/263\n|move|p2a: Froslass|Poltergeist|p1a: Klefki\n|-activate|p1a: Klefki|move: Poltergeist|Leftovers\n|-damage|p1a: Klefki|0 fnt\n|faint|p1a: Klefki\n|\n|upkeep\n|\n|t:|1783542965\n|switch|p1a: Kyurem|Kyurem-White, L73|100/100\n|-ability|p1a: Kyurem|Turboblaze\n|turn|52\n|inactive|Time left: 300 sec this turn | 300 sec total\n|\n|t:|1783542966\n|move|p1a: Kyurem|Ice Beam|p2a: Froslass\n|-resisted|p2a: Froslass\n|-damage|p2a: Froslass|0 fnt\n|-start|p1a: Kyurem|Disable|Ice Beam|[from] ability: Cursed Body|[of] p2a: Froslass\n|faint|p2a: Froslass\n|\n|upkeep\n|inactive|Time left: 300 sec this turn | 300 sec total | 5 sec grace\n|\n|t:|1783542967\n|switch|p2a: Regidrago|Regidrago, L77|435/435\n|-activate|p2a: Regidrago|move: Sticky Web\n|-unboost|p2a: Regidrago|spe|1\n|-damage|p2a: Regidrago|381/435|[from] Spikes\n|turn|53\n|inactive|Time left: 300 sec this turn | 300 sec total\n|\n|t:|1783542968\n|switch|p1a: Araquanid|Araquanid, L82, F|100/100\n|move|p2a: Regidrago|Dragon Claw|p1a: Araquanid\n|-damage|p1a: Araquanid|40/100\n|-damage|p2a: Regidrago|338/435|[from] item: Life Orb\n|\n|upkeep\n|turn|54\n|inactive|Time left: 300 sec this turn | 300 sec total\n|\n|t:|1783542969\n|move|p1a: Araquanid|Liquidation|p2a: Regidrago\n|-resisted|p2a: Regidrago\n|-damage|p2a: Regidrago|222/435\n|-unboost|p2a: Regidrago|def|1\n|move|p2a: Regidrago|Dragon Dance|p2a: Regidrago\n|-boost|p2a: Regidrago|atk|1\n|-boost|p2a: Regidrago|spe|1\n|\n|upkeep\n|turn|55\n|inactive|Time left: 300 sec this turn | 300 sec total\n|\n|t:|1783542970\n|move|p2a: Regidrago|Dragon Dance|p2a: Regidrago\n|-boost|p2a: Regidrago|atk|1\n|-boost|p2a: Regidrago|spe|1\n|move|p1a: Araquanid|Leech Life|p2a: Regidrago\n|-damage|p2a: Regidrago|74/435\n|-heal|p1a: Araquanid|70/100|[from] drain|[of] p2a: Regidrago\n|\n|upkeep\n|turn|56\n|inactive|Time left: 300 sec this turn | 300 sec total\n|\n|t:|1783542971\n|move|p2a: Regidrago|Dragon Dance|p2a: Regidrago\n|-boost|p2a: Regidrago|atk|1\n|-boost|p2a: Regidrago|spe|1\n|move|p1a: Araquanid|Leech Life|p2a: Regidrago\n|-damage|p2a: Regidrago|0 fnt\n|-heal|p1a: Araquanid|85/100|[from] drain|[of] p2a: Regidrago\n|faint|p2a: Regidrago\n|\n|win|p0x3305732", "uploadtime": 1783542971, "views": 0, "rating": 0, "private": 0, "password": null, "_winner": "p0x3305732", "_our_name": "p0y3305118"}