{"id": "battle-gen9randombattle-2471", "formatid": "gen9randombattle", "format": "[Gen 9] Random Battle", "players": ["p0x247178cb", "p0y24719b57"], "log": "|init|battle\n|title|p0x247178cb vs. p0y24719b57\n|j|\u2606p0x247178cb\n|j|\u2606p0y24719b57\n|t:|1783568654\n|gametype|singles\n|player|p1|p0x247178cb|266|\n|player|p2|p0y24719b57|102|\n|gen|9\n|tier|[Gen 9] Random Battle\n|rule|Species Clause: Limit one of each Pok\u00e9mon\n|rule|HP Percentage Mod: HP is shown in percentages\n|rule|Sleep Clause Mod: Limit one foe put to sleep\n|rule|Illusion Level Mod: Illusion disguises the Pok\u00e9mon's true level\n|\n|t:|1783568655\n|teamsize|p1|6\n|teamsize|p2|6\n|start\n|switch|p1a: Gardevoir|Gardevoir, L83, F|100/100\n|switch|p2a: Zebstrika|Zebstrika, L87, M, shiny|272/272\n|-ability|p1a: Gardevoir|Sap Sipper|Trace|[from] ability: Trace|[of] p2a: Zebstrika\n|turn|1\n|inactive|Battle timer is ON: inactive players will automatically lose when time's up. (requested by p0x247178cb)\n|inactive|Time left: 300 sec this turn | 300 sec total | 60 sec grace\n|\n|t:|1783568656\n|move|p2a: Zebstrika|Supercell Slam|p1a: Gardevoir\n|-damage|p1a: Gardevoir|22/100\n|-damage|p2a: Zebstrika|245/272|[from] item: Life Orb\n|move|p1a: Gardevoir|Moonblast|p2a: Zebstrika\n|-crit|p2a: Zebstrika\n|-damage|p2a: Zebstrika|0 fnt\n|faint|p2a: Zebstrika\n|-damage|p1a: Gardevoir|13/100|[from] item: Life Orb\n|\n|upkeep\n|inactive|Time left: 300 sec this turn | 300 sec total | 65 sec grace\n|inactive|p0y24719b57 also wants the timer to be on.\n|\n|t:|1783568657\n|switch|p2a: Golduck|Golduck, L90, F|290/290\n|-ability|p2a: Golduck|Cloud Nine\n|turn|2\n|inactive|Time left: 300 sec this turn | 300 sec total\n|\n|t:|1783568658\n|move|p2a: Golduck|Ice Beam|p1a: Gardevoir\n|-damage|p1a: Gardevoir|0 fnt\n|faint|p1a: Gardevoir\n|-damage|p2a: Golduck|261/290|[from] item: Life Orb\n|\n|upkeep\n|\n|t:|1783568659\n|switch|p1a: Electrode|Electrode-Hisui, L87|100/100\n|turn|3\n|inactive|Time left: 300 sec this turn | 300 sec total\n|\n|t:|1783568660\n|move|p1a: Electrode|Thunderbolt|p2a: Golduck\n|-supereffective|p2a: Golduck\n|-damage|p2a: Golduck|48/290\n|-damage|p1a: Electrode|91/100|[from] item: Life Orb\n|move|p2a: Golduck|Nasty Plot|p2a: Golduck\n|-boost|p2a: Golduck|spa|2\n|\n|upkeep\n|turn|4\n|inactive|Time left: 300 sec this turn | 300 sec total\n|\n|t:|1783568661\n|move|p1a: Electrode|Thunderbolt|p2a: Golduck\n|-supereffective|p2a: Golduck\n|-crit|p2a: Golduck\n|-damage|p2a: Golduck|0 fnt\n|faint|p2a: Golduck\n|-damage|p1a: Electrode|81/100|[from] item: Life Orb\n|\n|upkeep\n|inactive|Time left: 300 sec this turn | 300 sec total | 5 sec grace\n|\n|t:|1783568663\n|switch|p2a: Clawitzer|Clawitzer, L87, F|265/265\n|turn|5\n|inactive|Time left: 300 sec this turn | 300 sec total\n|\n|t:|1783568664\n|-terastallize|p2a: Clawitzer|Dragon\n|move|p1a: Electrode|Thunderbolt|p2a: Clawitzer\n|-resisted|p2a: Clawitzer\n|-damage|p2a: Clawitzer|214/265\n|-damage|p1a: Electrode|71/100|[from] item: Life Orb\n|move|p2a: Clawitzer|Dragon Pulse|p1a: Electrode\n|-damage|p1a: Electrode|0 fnt\n|faint|p1a: Electrode\n|\n|upkeep\n|\n|t:|1783568665\n|switch|p1a: Scrafty|Scrafty, L83, F|100/100\n|turn|6\n|inactive|Time left: 300 sec this turn | 300 sec total\n|\n|t:|1783568666\n|move|p2a: Clawitzer|Dragon Pulse|p1a: Scrafty\n|-damage|p1a: Scrafty|10/100\n|move|p1a: Scrafty|Drain Punch|p2a: Clawitzer\n|-damage|p2a: Clawitzer|139/265\n|-heal|p1a: Scrafty|25/100|[from] drain|[of] p2a: Clawitzer\n|\n|-heal|p1a: Scrafty|31/100|[from] item: Leftovers\n|upkeep\n|turn|7\n|inactive|Time left: 300 sec this turn | 300 sec total\n|\n|t:|1783568667\n|move|p2a: Clawitzer|Dragon Pulse|p1a: Scrafty\n|-damage|p1a: Scrafty|0 fnt\n|faint|p1a: Scrafty\n|\n|upkeep\n|\n|t:|1783568668\n|switch|p1a: Sandslash|Sandslash, L89, F|100/100\n|turn|8\n|inactive|Time left: 300 sec this turn | 300 sec total\n|\n|t:|1783568669\n|-terastallize|p1a: Sandslash|Steel\n|move|p1a: Sandslash|Earthquake|p2a: Clawitzer\n|-damage|p2a: Clawitzer|21/265\n|move|p2a: Clawitzer|Dragon Pulse|p1a: Sandslash\n|-resisted|p1a: Sandslash\n|-damage|p1a: Sandslash|40/100\n|\n|-heal|p1a: Sandslash|47/100|[from] item: Leftovers\n|upkeep\n|turn|9\n|inactive|Time left: 300 sec this turn | 300 sec total\n|\n|t:|1783568670\n|switch|p2a: Annihilape|Annihilape, L76, F|292/292\n|move|p1a: Sandslash|Rapid Spin|p2a: Annihilape\n|-immune|p2a: Annihilape\n|\n|-heal|p1a: Sandslash|53/100|[from] item: Leftovers\n|upkeep\n|turn|10\n|inactive|Time left: 300 sec this turn | 300 sec total\n|\n|t:|1783568671\n|switch|p1a: Chandelure|Chandelure, L83, F|100/100\n|move|p2a: Annihilape|Bulk Up|p2a: Annihilape\n|-boost|p2a: Annihilape|atk|1\n|-boost|p2a: Annihilape|def|1\n|\n|upkeep\n|turn|11\n|inactive|Time left: 300 sec this turn | 300 sec total\n|\n|t:|1783568672\n|move|p2a: Annihilape|Rage Fist|p1a: Chandelure\n|-supereffective|p1a: Chandelure\n|-damage|p1a: Chandelure|37/100\n|move|p1a: Chandelure|Pain Split|p2a: Annihilape\n|-sethp|p2a: Annihilape|188/292|[from] move: Pain Split|[silent]\n|-sethp|p1a: Chandelure|80/100|[from] move: Pain Split\n|\n|-heal|p2a: Annihilape|206/292|[from] item: Leftovers\n|upkeep\n|turn|12\n|inactive|Time left: 300 sec this turn | 300 sec total\n|\n|t:|1783568673\n|move|p2a: Annihilape|Rage Fist|p1a: Chandelure\n|-supereffective|p1a: Chandelure\n|-damage|p1a: Chandelure|11/100\n|move|p1a: Chandelure|Shadow Ball|p2a: Annihilape\n|-supereffective|p2a: Annihilape\n|-damage|p2a: Annihilape|0 fnt\n|faint|p2a: Annihilape\n|\n|upkeep\n|inactive|Time left: 300 sec this turn | 300 sec total | 5 sec grace\n|\n|t:|1783568674\n|switch|p2a: Toxicroak|Toxicroak, L84, F|277/277\n|turn|13\n|inactive|Time left: 300 sec this turn | 300 sec total\n|\n|t:|1783568674\n|move|p2a: Toxicroak|Gunk Shot|p1a: Chandelure\n|-resisted|p1a: Chandelure\n|-damage|p1a: Chandelure|0 fnt\n|faint|p1a: Chandelure\n|-damage|p2a: Toxicroak|250/277|[from] item: Life Orb\n|\n|upkeep\n|\n|t:|1783568675\n|switch|p1a: Salazzle|Salazzle, L83, F|100/100\n|turn|14\n|inactive|Time left: 300 sec this turn | 300 sec total\n|\n|t:|1783568676\n|move|p1a: Salazzle|Fire Blast|p2a: Toxicroak\n|-damage|p2a: Toxicroak|54/277\n|-status|p2a: Toxicroak|brn\n|move|p2a: Toxicroak|Close Combat|p1a: Salazzle\n|-resisted|p1a: Salazzle\n|-damage|p1a: Salazzle|78/100\n|-unboost|p2a: Toxicroak|def|1\n|-unboost|p2a: Toxicroak|spd|1\n|-damage|p2a: Toxicroak|27/277 brn|[from] item: Life Orb\n|\n|-damage|p2a: Toxicroak|10/277 brn|[from] brn\n|upkeep\n|turn|15\n|inactive|Time left: 300 sec this turn | 300 sec total\n|\n|t:|1783568677\n|move|p1a: Salazzle|Nasty Plot|p1a: Salazzle\n|-boost|p1a: Salazzle|spa|2\n|move|p2a: Toxicroak|Close Combat|p1a: Salazzle\n|-resisted|p1a: Salazzle\n|-damage|p1a: Salazzle|57/100\n|-unboost|p2a: Toxicroak|def|1\n|-unboost|p2a: Toxicroak|spd|1\n|-damage|p2a: Toxicroak|0 fnt|[from] item: Life Orb\n|faint|p2a: Toxicroak\n|\n|upkeep\n|inactive|Time left: 300 sec this turn | 300 sec total | 5 sec grace\n|\n|t:|1783568677\n|switch|p2a: Probopass|Probopass, L91, F|257/257\n|turn|16\n|inactive|Time left: 300 sec this turn | 300 sec total\n|\n|t:|1783568678\n|move|p1a: Salazzle|Fire Blast|p2a: Probopass\n|-damage|p2a: Probopass|109/257\n|move|p2a: Probopass|Rest|p2a: Probopass\n|-status|p2a: Probopass|slp|[from] move: Rest\n|-heal|p2a: Probopass|257/257 slp|[silent]\n|-enditem|p2a: Probopass|Chesto Berry|[eat]\n|-curestatus|p2a: Probopass|slp|[msg]\n|\n|upkeep\n|turn|17\n|inactive|Time left: 300 sec this turn | 300 sec total\n|\n|t:|1783568679\n|move|p1a: Salazzle|Fire Blast|p2a: Probopass\n|-damage|p2a: Probopass|115/257\n|move|p2a: Probopass|Iron Defense|p2a: Probopass\n|-boost|p2a: Probopass|def|2\n|\n|upkeep\n|turn|18\n|inactive|Time left: 300 sec this turn | 300 sec total\n|\n|t:|1783568680\n|switch|p2a: Clawitzer|Clawitzer, L87, F, tera:Dragon|21/265\n|move|p1a: Salazzle|Fire Blast|p2a: Clawitzer|[miss]\n|-miss|p1a: Salazzle|p2a: Clawitzer\n|\n|upkeep\n|turn|19\n|inactive|Time left: 300 sec this turn | 300 sec total\n|\n|t:|1783568681\n|move|p1a: Salazzle|Fire Blast|p2a: Clawitzer|[miss]\n|-miss|p1a: Salazzle|p2a: Clawitzer\n|move|p2a: Clawitzer|Aura Sphere|p1a: Salazzle\n|-resisted|p1a: Salazzle\n|-damage|p1a: Salazzle|12/100\n|\n|upkeep\n|turn|20\n|inactive|Time left: 300 sec this turn | 300 sec total\n|\n|t:|1783568682\n|move|p1a: Salazzle|Fire Blast|p2a: Clawitzer\n|-resisted|p2a: Clawitzer\n|-damage|p2a: Clawitzer|0 fnt\n|faint|p2a: Clawitzer\n|\n|upkeep\n|inactive|Time left: 300 sec this turn | 300 sec total | 5 sec grace\n|\n|t:|1783568683\n|switch|p2a: Probopass|Probopass, L91, F|115/257\n|turn|21\n|inactive|Time left: 300 sec this turn | 300 sec total\n|\n|t:|1783568684\n|move|p1a: Salazzle|Fire Blast|p2a: Probopass\n|-damage|p2a: Probopass|0 fnt\n|faint|p2a: Probopass\n|\n|win|p0x247178cb", "uploadtime": 1783568684, "views": 0, "rating": 0, "private": 0, "password": null, "_winner": "p0x247178cb", "_our_name": "p0y24719b57"}