{"id": "battle-gen9randombattle-34", "formatid": "gen9randombattle", "format": "[Gen 9] Random Battle", "players": ["p0x0342e29", "p0y034e84a"], "log": "|init|battle\n|title|p0x0342e29 vs. p0y034e84a\n|j|\u2606p0x0342e29\n|j|\u2606p0y034e84a\n|t:|1783539560\n|gametype|singles\n|player|p1|p0x0342e29|265|\n|player|p2|p0y034e84a|102|\n|gen|9\n|tier|[Gen 9] Random Battle\n|rule|Species Clause: Limit one of each Pok\u00e9mon\n|rule|HP Percentage Mod: HP is shown in percentages\n|rule|Sleep Clause Mod: Limit one foe put to sleep\n|rule|Illusion Level Mod: Illusion disguises the Pok\u00e9mon's true level\n|\n|t:|1783539560\n|teamsize|p1|6\n|teamsize|p2|6\n|start\n|switch|p1a: Kilowattrel|Kilowattrel, L83, F|219/219\n|switch|p2a: Sceptile|Sceptile, L87, M|100/100\n|turn|1\n|inactive|Battle timer is ON: inactive players will automatically lose when time's up. (requested by p0x0342e29)\n|inactive|p0y034e84a also wants the timer to be on.\n|\n|t:|1783539562\n|move|p2a: Sceptile|Rock Slide|p1a: Kilowattrel\n|-damage|p1a: Kilowattrel|128/219\n|replace|p1a: Zoroark|Zoroark-Hisui, L80, F\n|-end|p1a: Zoroark|Illusion\n|-hint|Illusion Level Mod is active, so this Pok\u00e9mon's true level was hidden.\n|-damage|p2a: Sceptile|91/100|[from] item: Life Orb\n|move|p1a: Zoroark|Hyper Voice|p2a: Sceptile\n|-damage|p2a: Sceptile|41/100\n|-damage|p1a: Zoroark|107/219|[from] item: Life Orb\n|\n|upkeep\n|turn|2\n|inactive|Time left: 300 sec this turn | 300 sec total\n|\n|t:|1783539563\n|switch|p1a: Heracross|Heracross, L80, F|259/259\n|move|p2a: Sceptile|Leaf Blade|p1a: Heracross\n|-resisted|p1a: Heracross\n|-damage|p1a: Heracross|193/259\n|-damage|p2a: Sceptile|32/100|[from] item: Life Orb\n|\n|upkeep\n|turn|3\n|inactive|Time left: 300 sec this turn | 300 sec total\n|\n|t:|1783539564\n|switch|p2a: Basculegion|Basculegion, L80, M|100/100\n|move|p1a: Heracross|Knock Off|p2a: Basculegion\n|-supereffective|p2a: Basculegion\n|-damage|p2a: Basculegion|40/100\n|-enditem|p2a: Basculegion|Assault Vest|[from] move: Knock Off|[of] p1a: Heracross\n|\n|upkeep\n|turn|4\n|inactive|Time left: 300 sec this turn | 300 sec total\n|\n|t:|1783539566\n|-terastallize|p2a: Basculegion|Water\n|move|p1a: Heracross|Knock Off|p2a: Basculegion\n|-damage|p2a: Basculegion|20/100\n|move|p2a: Basculegion|Wave Crash|p1a: Heracross\n|-damage|p1a: Heracross|0 fnt\n|faint|p1a: Heracross\n|-damage|p2a: Basculegion|0 fnt|[from] Recoil\n|faint|p2a: Basculegion\n|\n|upkeep\n|inactive|Time left: 300 sec this turn | 300 sec total | 5 sec grace\n|\n|t:|1783539567\n|switch|p1a: Reuniclus|Reuniclus, L88, M|337/337\n|switch|p2a: Galvantula|Galvantula, L82, F|100/100\n|turn|5\n|inactive|Time left: 300 sec this turn | 300 sec total\n|\n|t:|1783539568\n|move|p2a: Galvantula|Sticky Web|p1a: Reuniclus\n|-sidestart|p1: p0x0342e29|move: Sticky Web\n|move|p1a: Reuniclus|Psychic|p2a: Galvantula\n|-damage|p2a: Galvantula|8/100\n|\n|upkeep\n|turn|6\n|inactive|Time left: 300 sec this turn | 300 sec total\n|\n|t:|1783539569\n|move|p2a: Galvantula|Bug Buzz|p1a: Reuniclus\n|-supereffective|p1a: Reuniclus\n|-damage|p1a: Reuniclus|169/337\n|move|p1a: Reuniclus|Psychic|p2a: Galvantula\n|-damage|p2a: Galvantula|0 fnt\n|faint|p2a: Galvantula\n|\n|upkeep\n|\n|t:|1783539570\n|switch|p2a: Sceptile|Sceptile, L87, M|32/100\n|turn|7\n|inactive|Time left: 300 sec this turn | 300 sec total\n|\n|t:|1783539571\n|-terastallize|p1a: Reuniclus|Steel\n|move|p2a: Sceptile|Leaf Blade|p1a: Reuniclus\n|-resisted|p1a: Reuniclus\n|-crit|p1a: Reuniclus\n|-damage|p1a: Reuniclus|23/337\n|-damage|p2a: Sceptile|22/100|[from] item: Life Orb\n|move|p1a: Reuniclus|Recover|p1a: Reuniclus\n|-heal|p1a: Reuniclus|192/337\n|\n|upkeep\n|turn|8\n|inactive|Time left: 300 sec this turn | 300 sec total\n|\n|t:|1783539572\n|move|p2a: Sceptile|Earthquake|p1a: Reuniclus\n|-supereffective|p1a: Reuniclus\n|-damage|p1a: Reuniclus|0 fnt\n|faint|p1a: Reuniclus\n|-damage|p2a: Sceptile|12/100|[from] item: Life Orb\n|\n|upkeep\n|inactive|Time left: 300 sec this turn | 300 sec total | 5 sec grace\n|\n|t:|1783539573\n|switch|p1a: Lucario|Lucario, L84, F|255/255\n|-activate|p1a: Lucario|move: Sticky Web\n|-unboost|p1a: Lucario|spe|1\n|turn|9\n|inactive|Time left: 300 sec this turn | 300 sec total\n|\n|t:|1783539574\n|move|p1a: Lucario|Extreme Speed|p2a: Sceptile\n|-damage|p2a: Sceptile|0 fnt\n|faint|p2a: Sceptile\n|-damage|p1a: Lucario|230/255|[from] item: Life Orb\n|\n|upkeep\n|\n|t:|1783539575\n|switch|p2a: Seviper|Seviper, L93, M|100/100\n|turn|10\n|inactive|Time left: 300 sec this turn | 300 sec total\n|\n|t:|1783539576\n|switch|p1a: Kilowattrel|Kilowattrel, L83, F|252/252\n|move|p2a: Seviper|Earthquake|p1a: Kilowattrel\n|-immune|p1a: Kilowattrel\n|\n|upkeep\n|turn|11\n|inactive|Time left: 300 sec this turn | 300 sec total\n|\n|t:|1783539577\n|move|p1a: Kilowattrel|Hurricane|p2a: Seviper\n|-damage|p2a: Seviper|53/100\n|-start|p2a: Seviper|confusion\n|-activate|p2a: Seviper|confusion\n|move|p2a: Seviper|Gunk Shot|p1a: Kilowattrel\n|-damage|p1a: Kilowattrel|24/252\n|\n|-heal|p2a: Seviper|59/100|[from] item: Leftovers\n|upkeep\n|turn|12\n|inactive|Time left: 300 sec this turn | 300 sec total\n|\n|t:|1783539579\n|move|p1a: Kilowattrel|Thunderbolt|p2a: Seviper\n|-damage|p2a: Seviper|19/100\n|-end|p2a: Seviper|confusion\n|move|p2a: Seviper|Gunk Shot|p1a: Kilowattrel\n|-damage|p1a: Kilowattrel|0 fnt\n|faint|p1a: Kilowattrel\n|\n|-heal|p2a: Seviper|25/100|[from] item: Leftovers\n|upkeep\n|inactive|Time left: 300 sec this turn | 300 sec total | 5 sec grace\n|\n|t:|1783539580\n|switch|p1a: Regirock|Regirock, L83|268/268\n|-activate|p1a: Regirock|move: Sticky Web\n|-fail|p1a: Regirock|unboost|[from] ability: Clear Body|[of] p1a: Regirock\n|turn|13\n|inactive|Time left: 300 sec this turn | 300 sec total\n|\n|t:|1783539581\n|move|p2a: Seviper|Earthquake|p1a: Regirock\n|-supereffective|p1a: Regirock\n|-damage|p1a: Regirock|176/268\n|move|p1a: Regirock|Stone Edge|p2a: Seviper|[miss]\n|-miss|p1a: Regirock|p2a: Seviper\n|\n|-heal|p2a: Seviper|31/100|[from] item: Leftovers\n|upkeep\n|turn|14\n|inactive|Time left: 300 sec this turn | 300 sec total\n|\n|t:|1783539582\n|move|p2a: Seviper|Earthquake|p1a: Regirock\n|-supereffective|p1a: Regirock\n|-damage|p1a: Regirock|82/268\n|move|p1a: Regirock|Stone Edge|p2a: Seviper\n|-damage|p2a: Seviper|0 fnt\n|faint|p2a: Seviper\n|\n|upkeep\n|\n|t:|1783539583\n|switch|p2a: Deoxys|Deoxys-Defense, L84|100/100\n|-ability|p2a: Deoxys|Pressure\n|turn|15\n|inactive|Time left: 300 sec this turn | 300 sec total\n|\n|t:|1783539584\n|move|p2a: Deoxys|Psychic Noise|p1a: Regirock\n|-damage|p1a: Regirock|22/268\n|-start|p1a: Regirock|move: Heal Block\n|cant|p1a: Regirock|move: Heal Block|Rest\n|\n|upkeep\n|turn|16\n|inactive|Time left: 300 sec this turn | 300 sec total\n|\n|t:|1783539586\n|move|p2a: Deoxys|Spikes|p1a: Regirock\n|-sidestart|p1: p0x0342e29|Spikes\n|move|p1a: Regirock|Stone Edge|p2a: Deoxys\n|-crit|p2a: Deoxys\n|-damage|p2a: Deoxys|54/100\n|\n|-end|p1a: Regirock|move: Heal Block\n|upkeep\n|turn|17\n|inactive|Time left: 300 sec this turn | 300 sec total\n|\n|t:|1783539587\n|move|p2a: Deoxys|Knock Off|p1a: Regirock\n|-damage|p1a: Regirock|0 fnt\n|-enditem|p1a: Regirock|Chesto Berry|[from] move: Knock Off|[of] p2a: Deoxys\n|faint|p1a: Regirock\n|\n|upkeep\n|inactive|Time left: 300 sec this turn | 300 sec total | 5 sec grace\n|\n|t:|1783539588\n|switch|p1a: Lucario|Lucario, L84, F|107/219\n|-activate|p1a: Lucario|move: Sticky Web\n|-unboost|p1a: Lucario|spe|1\n|-damage|p1a: Lucario|80/219|[from] Spikes\n|turn|18\n|inactive|Time left: 300 sec this turn | 300 sec total\n|\n|t:|1783539589\n|move|p2a: Deoxys|Psychic Noise|p1a: Lucario\n|-damage|p1a: Lucario|0 fnt\n|replace|p1a: Zoroark|Zoroark-Hisui, L80, F\n|-end|p1a: Zoroark|Illusion\n|faint|p1a: Zoroark\n|\n|upkeep\n|inactive|Time left: 300 sec this turn | 300 sec total | 5 sec grace\n|\n|t:|1783539590\n|switch|p1a: Lucario|Lucario, L84, F|230/255\n|-activate|p1a: Lucario|move: Sticky Web\n|-unboost|p1a: Lucario|spe|1\n|-damage|p1a: Lucario|199/255|[from] Spikes\n|turn|19\n|inactive|Time left: 300 sec this turn | 300 sec total\n|\n|t:|1783539591\n|move|p2a: Deoxys|Psychic Noise|p1a: Lucario\n|-damage|p1a: Lucario|124/255\n|-start|p1a: Lucario|move: Heal Block\n|move|p1a: Lucario|Meteor Mash|p2a: Deoxys\n|-damage|p2a: Deoxys|19/100\n|-damage|p1a: Lucario|82/255|[from] item: Rocky Helmet|[of] p2a: Deoxys\n|-damage|p1a: Lucario|57/255|[from] item: Life Orb\n|\n|upkeep\n|turn|20\n|inactive|Time left: 300 sec this turn | 300 sec total\n|\n|t:|1783539593\n|move|p2a: Deoxys|Psychic Noise|p1a: Lucario\n|-damage|p1a: Lucario|0 fnt\n|faint|p1a: Lucario\n|\n|win|p0y034e84a", "uploadtime": 1783539593, "views": 0, "rating": 0, "private": 0, "password": null, "_winner": "p0y034e84a", "_our_name": "p0x0342e29"}