{"id": "battle-gen9randombattle-2329", "formatid": "gen9randombattle", "format": "[Gen 9] Random Battle", "players": ["p0x23292935", "p0y23292d1d"], "log": "|init|battle\n|title|p0x23292935 vs. p0y23292d1d\n|j|\u2606p0x23292935\n|j|\u2606p0y23292d1d\n|t:|1783566035\n|gametype|singles\n|player|p1|p0x23292935|102|\n|player|p2|p0y23292d1d|101|\n|gen|9\n|tier|[Gen 9] Random Battle\n|rule|Species Clause: Limit one of each Pok\u00e9mon\n|rule|HP Percentage Mod: HP is shown in percentages\n|rule|Sleep Clause Mod: Limit one foe put to sleep\n|rule|Illusion Level Mod: Illusion disguises the Pok\u00e9mon's true level\n|\n|t:|1783566035\n|teamsize|p1|6\n|teamsize|p2|6\n|start\n|switch|p1a: Polteageist|Polteageist-Antique, L78|222/222\n|switch|p2a: Hoopa|Hoopa-Unbound, L80|100/100\n|turn|1\n|inactive|Battle timer is ON: inactive players will automatically lose when time's up. (requested by p0y23292d1d)\n|inactive|Time left: 300 sec this turn | 300 sec total | 60 sec grace\n|\n|t:|1783566036\n|switch|p1a: Rhydon|Rhydon, L85, M|317/317\n|move|p2a: Hoopa|Hyperspace Fury|p1a: Rhydon\n|-damage|p1a: Rhydon|242/317\n|-unboost|p2a: Hoopa|def|1\n|\n|upkeep\n|turn|2\n|inactive|Time left: 300 sec this turn | 300 sec total\n|inactive|p0x23292935 also wants the timer to be on.\n|\n|t:|1783566037\n|move|p2a: Hoopa|Focus Blast|p1a: Rhydon|[miss]\n|-miss|p2a: Hoopa|p1a: Rhydon\n|move|p1a: Rhydon|Swords Dance|p1a: Rhydon\n|-boost|p1a: Rhydon|atk|2\n|\n|upkeep\n|turn|3\n|inactive|Time left: 300 sec this turn | 300 sec total\n|\n|t:|1783566038\n|move|p2a: Hoopa|Focus Blast|p1a: Rhydon|[miss]\n|-miss|p2a: Hoopa|p1a: Rhydon\n|move|p1a: Rhydon|Earthquake|p2a: Hoopa\n|-damage|p2a: Hoopa|0 fnt\n|faint|p2a: Hoopa\n|\n|upkeep\n|\n|t:|1783566039\n|switch|p2a: Lilligant|Lilligant-Hisui, L79, F|100/100\n|turn|4\n|inactive|Time left: 300 sec this turn | 300 sec total\n|\n|t:|1783566040\n|-terastallize|p1a: Rhydon|Flying\n|move|p2a: Lilligant|Leaf Blade|p1a: Rhydon\n|-resisted|p1a: Rhydon\n|-damage|p1a: Rhydon|197/317\n|-damage|p2a: Lilligant|90/100|[from] item: Life Orb\n|move|p1a: Rhydon|Earthquake|p2a: Lilligant\n|-resisted|p2a: Lilligant\n|-damage|p2a: Lilligant|27/100\n|\n|upkeep\n|turn|5\n|inactive|Time left: 300 sec this turn | 300 sec total\n|\n|t:|1783566041\n|move|p2a: Lilligant|Sleep Powder|p1a: Rhydon|[miss]\n|-miss|p2a: Lilligant|p1a: Rhydon\n|move|p1a: Rhydon|Earthquake|p2a: Lilligant\n|-resisted|p2a: Lilligant\n|-damage|p2a: Lilligant|0 fnt\n|faint|p2a: Lilligant\n|\n|upkeep\n|\n|t:|1783566042\n|switch|p2a: Dragalge|Dragalge, L88, M|100/100\n|turn|6\n|inactive|Time left: 300 sec this turn | 300 sec total\n|\n|t:|1783566043\n|move|p2a: Dragalge|Draco Meteor|p1a: Rhydon\n|-damage|p1a: Rhydon|0 fnt\n|-unboost|p2a: Dragalge|spa|2\n|faint|p1a: Rhydon\n|\n|upkeep\n|inactive|Time left: 300 sec this turn | 300 sec total | 5 sec grace\n|\n|t:|1783566044\n|switch|p1a: Polteageist|Polteageist-Antique, L78|222/222\n|turn|7\n|inactive|Time left: 300 sec this turn | 300 sec total\n|\n|t:|1783566046\n|switch|p2a: Rhyperior|Rhyperior, L82, F|100/100\n|move|p1a: Polteageist|Shell Smash|p1a: Polteageist\n|-unboost|p1a: Polteageist|def|1\n|-unboost|p1a: Polteageist|spd|1\n|-boost|p1a: Polteageist|atk|2\n|-boost|p1a: Polteageist|spa|2\n|-boost|p1a: Polteageist|spe|2\n|-enditem|p1a: Polteageist|White Herb\n|-clearnegativeboost|p1a: Polteageist|[silent]\n|\n|upkeep\n|turn|8\n|inactive|Time left: 300 sec this turn | 300 sec total\n|\n|t:|1783566046\n|-terastallize|p2a: Rhyperior|Ground\n|move|p1a: Polteageist|Stored Power|p2a: Rhyperior\n|-damage|p2a: Rhyperior|0 fnt\n|faint|p2a: Rhyperior\n|\n|upkeep\n|\n|t:|1783566048\n|switch|p2a: Volbeat|Volbeat, L90, M|100/100\n|turn|9\n|inactive|Time left: 300 sec this turn | 300 sec total\n|\n|t:|1783566049\n|move|p1a: Polteageist|Stored Power|p2a: Volbeat\n|-damage|p2a: Volbeat|24/100\n|move|p2a: Volbeat|Lunge|p1a: Polteageist\n|-resisted|p1a: Polteageist\n|-damage|p1a: Polteageist|170/222\n|-unboost|p1a: Polteageist|atk|1\n|\n|upkeep\n|turn|10\n|inactive|Time left: 300 sec this turn | 300 sec total\n|\n|t:|1783566050\n|move|p2a: Volbeat|Thunder Wave|p1a: Polteageist|[miss]\n|-miss|p2a: Volbeat|p1a: Polteageist\n|move|p1a: Polteageist|Shadow Ball|p2a: Volbeat\n|-damage|p2a: Volbeat|0 fnt\n|faint|p2a: Volbeat\n|\n|upkeep\n|\n|t:|1783566051\n|switch|p2a: Zamazenta|Zamazenta, L71|100/100\n|-ability|p2a: Zamazenta|Dauntless Shield|boost\n|-boost|p2a: Zamazenta|def|1\n|turn|11\n|inactive|Time left: 300 sec this turn | 300 sec total\n|\n|t:|1783566052\n|move|p1a: Polteageist|Stored Power|p2a: Zamazenta\n|-supereffective|p2a: Zamazenta\n|-damage|p2a: Zamazenta|0 fnt\n|faint|p2a: Zamazenta\n|\n|upkeep\n|\n|t:|1783566052\n|switch|p2a: Dragalge|Dragalge, L88, M|100/100\n|turn|12\n|inactive|Time left: 300 sec this turn | 300 sec total\n|\n|t:|1783566053\n|move|p1a: Polteageist|Stored Power|p2a: Dragalge\n|-supereffective|p2a: Dragalge\n|-damage|p2a: Dragalge|0 fnt\n|faint|p2a: Dragalge\n|\n|win|p0x23292935", "uploadtime": 1783566053, "views": 0, "rating": 0, "private": 0, "password": null, "_winner": "p0x23292935", "_our_name": "p0x23292935"}