{"id": "battle-gen9randombattle-2291", "formatid": "gen9randombattle", "format": "[Gen 9] Random Battle", "players": ["p0x229176e5", "p0y2291d273"], "log": "|init|battle\n|title|p0x229176e5 vs. p0y2291d273\n|j|\u2606p0x229176e5\n|j|\u2606p0y2291d273\n|t:|1783565613\n|gametype|singles\n|player|p1|p0x229176e5|101|\n|player|p2|p0y2291d273|2|\n|gen|9\n|tier|[Gen 9] Random Battle\n|rule|Species Clause: Limit one of each Pok\u00e9mon\n|rule|HP Percentage Mod: HP is shown in percentages\n|rule|Sleep Clause Mod: Limit one foe put to sleep\n|rule|Illusion Level Mod: Illusion disguises the Pok\u00e9mon's true level\n|\n|t:|1783565613\n|teamsize|p1|6\n|teamsize|p2|6\n|start\n|switch|p1a: Walking Wake|Walking Wake, L79|100/100\n|switch|p2a: Gholdengo|Gholdengo, L77|261/261\n|turn|1\n|inactive|Battle timer is ON: inactive players will automatically lose when time's up. (requested by p0y2291d273)\n|\n|t:|1783565615\n|move|p1a: Walking Wake|Flamethrower|p2a: Gholdengo\n|-supereffective|p2a: Gholdengo\n|-damage|p2a: Gholdengo|25/261\n|move|p2a: Gholdengo|Shadow Ball|p1a: Walking Wake\n|-damage|p1a: Walking Wake|62/100\n|\n|-heal|p2a: Gholdengo|41/261|[from] item: Leftovers\n|upkeep\n|turn|2\n|inactive|Time left: 300 sec this turn | 300 sec total\n|inactive|p0x229176e5 also wants the timer to be on.\n|\n|t:|1783565616\n|switch|p2a: Samurott|Samurott, L88, F|310/310\n|move|p1a: Walking Wake|Flamethrower|p2a: Samurott\n|-resisted|p2a: Samurott\n|-damage|p2a: Samurott|256/310\n|-status|p2a: Samurott|brn\n|\n|-damage|p2a: Samurott|237/310 brn|[from] brn\n|upkeep\n|turn|3\n|inactive|Time left: 300 sec this turn | 300 sec total\n|\n|t:|1783565617\n|-end|p1a: Walking Wake|Protosynthesis|[silent]\n|switch|p1a: Ninetales|Ninetales-Alola, L78, F|100/100\n|-weather|Snowscape|[from] ability: Snow Warning|[of] p1a: Ninetales\n|move|p2a: Samurott|Swords Dance|p2a: Samurott\n|-boost|p2a: Samurott|atk|2\n|\n|-weather|Snowscape|[upkeep]\n|-damage|p2a: Samurott|218/310 brn|[from] brn\n|upkeep\n|turn|4\n|inactive|Time left: 300 sec this turn | 300 sec total\n|\n|t:|1783565617\n|move|p1a: Ninetales|Aurora Veil|p1a: Ninetales\n|-sidestart|p1: p0x229176e5|move: Aurora Veil\n|move|p2a: Samurott|Swords Dance|p2a: Samurott\n|-boost|p2a: Samurott|atk|2\n|\n|-weather|Snowscape|[upkeep]\n|-damage|p2a: Samurott|199/310 brn|[from] brn\n|upkeep\n|turn|5\n|inactive|Time left: 300 sec this turn | 300 sec total\n|\n|t:|1783565618\n|move|p1a: Ninetales|Nasty Plot|p1a: Ninetales\n|-boost|p1a: Ninetales|spa|2\n|move|p2a: Samurott|Liquidation|p1a: Ninetales\n|-damage|p1a: Ninetales|70/100\n|-unboost|p1a: Ninetales|def|1\n|-damage|p2a: Samurott|168/310 brn|[from] item: Life Orb\n|\n|-weather|Snowscape|[upkeep]\n|-damage|p2a: Samurott|149/310 brn|[from] brn\n|upkeep\n|turn|6\n|inactive|Time left: 300 sec this turn | 300 sec total\n|\n|t:|1783565619\n|move|p2a: Samurott|Aqua Jet|p1a: Ninetales\n|-damage|p1a: Ninetales|49/100\n|-damage|p2a: Samurott|118/310 brn|[from] item: Life Orb\n|move|p1a: Ninetales|Moonblast|p2a: Samurott\n|-damage|p2a: Samurott|0 fnt\n|faint|p2a: Samurott\n|\n|-weather|Snowscape|[upkeep]\n|upkeep\n|inactive|Time left: 300 sec this turn | 300 sec total | 5 sec grace\n|\n|t:|1783565620\n|switch|p2a: Perrserker|Perrserker, L89, M|269/269\n|turn|7\n|inactive|Time left: 300 sec this turn | 300 sec total\n|\n|t:|1783565621\n|move|p1a: Ninetales|Moonblast|p2a: Perrserker\n|-resisted|p2a: Perrserker\n|-damage|p2a: Perrserker|175/269\n|move|p2a: Perrserker|Iron Head|p1a: Ninetales\n|-supereffective|p1a: Ninetales\n|-damage|p1a: Ninetales|0 fnt\n|faint|p1a: Ninetales\n|\n|-weather|none\n|upkeep\n|\n|t:|1783565622\n|switch|p1a: Walking Wake|Walking Wake, L79|62/100\n|turn|8\n|inactive|Time left: 300 sec this turn | 300 sec total\n|\n|t:|1783565623\n|switch|p2a: Gholdengo|Gholdengo, L77|41/261\n|move|p1a: Walking Wake|Hydro Pump|p2a: Gholdengo\n|-damage|p2a: Gholdengo|0 fnt\n|faint|p2a: Gholdengo\n|\n|upkeep\n|inactive|Time left: 300 sec this turn | 300 sec total | 5 sec grace\n|\n|t:|1783565624\n|switch|p2a: Calyrex|Calyrex-Ice, L72|263/263\n|-ability|p2a: Calyrex|As One\n|-ability|p2a: Calyrex|Unnerve\n|turn|9\n|inactive|Time left: 300 sec this turn | 300 sec total\n|\n|t:|1783565625\n|move|p1a: Walking Wake|Hydro Pump|p2a: Calyrex\n|-damage|p2a: Calyrex|103/263\n|move|p2a: Calyrex|Agility|p2a: Calyrex\n|-boost|p2a: Calyrex|spe|2\n|\n|upkeep\n|turn|10\n|inactive|Time left: 300 sec this turn | 300 sec total\n|\n|t:|1783565626\n|move|p2a: Calyrex|Glacial Lance|p1a: Walking Wake\n|-damage|p1a: Walking Wake|34/100\n|move|p1a: Walking Wake|Hydro Pump|p2a: Calyrex\n|-damage|p2a: Calyrex|0 fnt\n|faint|p2a: Calyrex\n|\n|upkeep\n|inactive|Time left: 300 sec this turn | 300 sec total | 5 sec grace\n|\n|t:|1783565627\n|switch|p2a: Deoxys|Deoxys-Attack, L72|191/191\n|-ability|p2a: Deoxys|Pressure\n|turn|11\n|inactive|Time left: 300 sec this turn | 300 sec total\n|\n|t:|1783565628\n|move|p2a: Deoxys|Psycho Boost|p1a: Walking Wake\n|-damage|p1a: Walking Wake|0 fnt\n|-unboost|p2a: Deoxys|spa|2\n|faint|p1a: Walking Wake\n|-end|p1a: Walking Wake|Protosynthesis|[silent]\n|-damage|p2a: Deoxys|172/191|[from] item: Life Orb\n|\n|-sideend|p1: p0x229176e5|move: Aurora Veil\n|upkeep\n|\n|t:|1783565629\n|switch|p1a: Keldeo|Keldeo-Resolute, L79|100/100\n|turn|12\n|inactive|Time left: 300 sec this turn | 300 sec total\n|\n|t:|1783565630\n|move|p2a: Deoxys|Psycho Boost|p1a: Keldeo\n|-supereffective|p1a: Keldeo\n|-damage|p1a: Keldeo|12/100\n|-unboost|p2a: Deoxys|spa|2\n|-damage|p2a: Deoxys|153/191|[from] item: Life Orb\n|move|p1a: Keldeo|Secret Sword|p2a: Deoxys\n|-resisted|p2a: Deoxys\n|-damage|p2a: Deoxys|0 fnt\n|faint|p2a: Deoxys\n|\n|upkeep\n|inactive|Time left: 300 sec this turn | 300 sec total | 5 sec grace\n|\n|t:|1783565631\n|switch|p2a: Sableye|Sableye, L88, F|231/231\n|turn|13\n|inactive|Time left: 300 sec this turn | 300 sec total\n|\n|t:|1783565632\n|move|p1a: Keldeo|Secret Sword|p2a: Sableye\n|-immune|p2a: Sableye\n|move|p2a: Sableye|Knock Off|p1a: Keldeo\n|-resisted|p1a: Keldeo\n|-damage|p1a: Keldeo|0 fnt\n|-enditem|p1a: Keldeo|Choice Specs|[from] move: Knock Off|[of] p2a: Sableye\n|faint|p1a: Keldeo\n|\n|upkeep\n|\n|t:|1783565633\n|switch|p1a: Flutter Mane|Flutter Mane, L74|100/100\n|turn|14\n|inactive|Time left: 300 sec this turn | 300 sec total\n|\n|t:|1783565634\n|-terastallize|p2a: Sableye|Poison\n|move|p1a: Flutter Mane|Moonblast|p2a: Sableye\n|-resisted|p2a: Sableye\n|-damage|p2a: Sableye|148/231\n|move|p2a: Sableye|Knock Off|p1a: Flutter Mane\n|-damage|p1a: Flutter Mane|32/100\n|-enditem|p1a: Flutter Mane|Choice Specs|[from] move: Knock Off|[of] p2a: Sableye\n|\n|-heal|p2a: Sableye|162/231|[from] item: Leftovers\n|upkeep\n|turn|15\n|inactive|Time left: 300 sec this turn | 300 sec total\n|\n|t:|1783565635\n|move|p1a: Flutter Mane|Psyshock|p2a: Sableye\n|-supereffective|p2a: Sableye\n|-damage|p2a: Sableye|42/231\n|move|p2a: Sableye|Knock Off|p1a: Flutter Mane\n|-damage|p1a: Flutter Mane|0 fnt\n|faint|p1a: Flutter Mane\n|-end|p1a: Flutter Mane|Protosynthesis|[silent]\n|\n|-heal|p2a: Sableye|56/231|[from] item: Leftovers\n|upkeep\n|\n|t:|1783565636\n|switch|p1a: Zangoose|Zangoose, L85, F|100/100\n|turn|16\n|inactive|Time left: 300 sec this turn | 300 sec total\n|\n|t:|1783565637\n|-terastallize|p1a: Zangoose|Normal\n|move|p1a: Zangoose|Quick Attack|p2a: Sableye\n|-damage|p2a: Sableye|0 fnt\n|faint|p2a: Sableye\n|\n|-status|p1a: Zangoose|tox|[from] item: Toxic Orb\n|upkeep\n|inactive|Time left: 300 sec this turn | 300 sec total | 5 sec grace\n|\n|t:|1783565638\n|switch|p2a: Perrserker|Perrserker, L89, M|175/269\n|turn|17\n|inactive|Time left: 300 sec this turn | 300 sec total\n|\n|t:|1783565639\n|move|p1a: Zangoose|Close Combat|p2a: Perrserker\n|-supereffective|p2a: Perrserker\n|-damage|p2a: Perrserker|0 fnt\n|-unboost|p1a: Zangoose|def|1\n|-unboost|p1a: Zangoose|spd|1\n|faint|p2a: Perrserker\n|\n|win|p0x229176e5", "uploadtime": 1783565639, "views": 0, "rating": 0, "private": 0, "password": null, "_winner": "p0x229176e5", "_our_name": "p0y2291d273"}