{"id": "battle-gen9randombattle-396", "formatid": "gen9randombattle", "format": "[Gen 9] Random Battle", "players": ["p0x3960905", "p0y396af0b"], "log": "|init|battle\n|title|p0x3960905 vs. p0y396af0b\n|j|\u2606p0x3960905\n|j|\u2606p0y396af0b\n|t:|1783544285\n|gametype|singles\n|player|p1|p0x3960905|102|\n|player|p2|p0y396af0b|169|\n|gen|9\n|tier|[Gen 9] Random Battle\n|rule|Species Clause: Limit one of each Pok\u00e9mon\n|rule|HP Percentage Mod: HP is shown in percentages\n|rule|Sleep Clause Mod: Limit one foe put to sleep\n|rule|Illusion Level Mod: Illusion disguises the Pok\u00e9mon's true level\n|\n|t:|1783544285\n|teamsize|p1|6\n|teamsize|p2|6\n|start\n|switch|p1a: Pelipper|Pelipper, L86, F|243/243\n|switch|p2a: Zebstrika|Zebstrika, L87, F|100/100\n|-weather|RainDance|[from] ability: Drizzle|[of] p1a: Pelipper\n|turn|1\n|inactive|Battle timer is ON: inactive players will automatically lose when time's up. (requested by p0y396af0b)\n|inactive|Time left: 300 sec this turn | 300 sec total | 60 sec grace\n|\n|t:|1783544286\n|switch|p1a: Porygon2|Porygon2, L81|270/270\n|-ability|p1a: Porygon2|Download|boost\n|-boost|p1a: Porygon2|spa|1\n|move|p2a: Zebstrika|Supercell Slam|p1a: Porygon2\n|-damage|p1a: Porygon2|175/270\n|-damage|p2a: Zebstrika|91/100|[from] item: Life Orb\n|\n|-weather|RainDance|[upkeep]\n|upkeep\n|turn|2\n|inactive|Time left: 300 sec this turn | 300 sec total\n|inactive|p0x3960905 also wants the timer to be on.\n|\n|t:|1783544287\n|move|p2a: Zebstrika|Supercell Slam|p1a: Porygon2\n|-damage|p1a: Porygon2|72/270\n|-damage|p2a: Zebstrika|81/100|[from] item: Life Orb\n|move|p1a: Porygon2|Ice Beam|p2a: Zebstrika\n|-damage|p2a: Zebstrika|38/100\n|\n|-weather|RainDance|[upkeep]\n|upkeep\n|turn|3\n|inactive|Time left: 300 sec this turn | 300 sec total\n|\n|t:|1783544288\n|switch|p1a: Crabominable|Crabominable, L90, F|321/321\n|move|p2a: Zebstrika|Supercell Slam|p1a: Crabominable|[miss]\n|-miss|p2a: Zebstrika|p1a: Crabominable\n|-damage|p2a: Zebstrika|0 fnt|[from] supercellslam\n|faint|p2a: Zebstrika\n|\n|-weather|RainDance|[upkeep]\n|upkeep\n|\n|t:|1783544289\n|switch|p2a: Articuno|Articuno-Galar, L84|100/100\n|turn|4\n|inactive|Time left: 300 sec this turn | 300 sec total\n|\n|t:|1783544290\n|move|p2a: Articuno|Hurricane|p1a: Crabominable\n|-supereffective|p1a: Crabominable\n|-damage|p1a: Crabominable|21/321\n|-start|p1a: Crabominable|confusion\n|-activate|p1a: Crabominable|confusion\n|move|p1a: Crabominable|Ice Hammer|p2a: Articuno\n|-supereffective|p2a: Articuno\n|-damage|p2a: Articuno|0 fnt\n|-unboost|p1a: Crabominable|spe|1\n|faint|p2a: Articuno\n|\n|-weather|RainDance|[upkeep]\n|upkeep\n|\n|t:|1783544290\n|switch|p2a: Toxicroak|Toxicroak, L84, M|100/100\n|turn|5\n|inactive|Time left: 300 sec this turn | 300 sec total\n|\n|t:|1783544292\n|move|p2a: Toxicroak|Knock Off|p1a: Crabominable\n|-resisted|p1a: Crabominable\n|-damage|p1a: Crabominable|0 fnt\n|-enditem|p1a: Crabominable|Choice Band|[from] move: Knock Off|[of] p2a: Toxicroak\n|faint|p1a: Crabominable\n|\n|-weather|none\n|upkeep\n|inactive|Time left: 300 sec this turn | 300 sec total | 5 sec grace\n|\n|t:|1783544293\n|switch|p1a: Pelipper|Pelipper, L86, F|243/243\n|-weather|RainDance|[from] ability: Drizzle|[of] p1a: Pelipper\n|turn|6\n|inactive|Time left: 300 sec this turn | 300 sec total\n|\n|t:|1783544294\n|-terastallize|p2a: Toxicroak|Dark\n|move|p2a: Toxicroak|Knock Off|p1a: Pelipper\n|-damage|p1a: Pelipper|84/243\n|-enditem|p1a: Pelipper|Heavy-Duty Boots|[from] move: Knock Off|[of] p2a: Toxicroak\n|move|p1a: Pelipper|Hurricane|p2a: Toxicroak\n|-damage|p2a: Toxicroak|46/100\n|\n|-weather|RainDance|[upkeep]\n|-heal|p2a: Toxicroak|58/100|[from] ability: Dry Skin\n|upkeep\n|turn|7\n|inactive|Time left: 300 sec this turn | 300 sec total\n|\n|t:|1783544295\n|switch|p1a: Dudunsparce|Dudunsparce, L83, M|343/343\n|move|p2a: Toxicroak|Knock Off|p1a: Dudunsparce\n|-damage|p1a: Dudunsparce|178/343\n|-ability|p1a: Dudunsparce|Rattled|boost\n|-boost|p1a: Dudunsparce|spe|1\n|-enditem|p1a: Dudunsparce|Leftovers|[from] move: Knock Off|[of] p2a: Toxicroak\n|\n|-weather|RainDance|[upkeep]\n|-heal|p2a: Toxicroak|71/100|[from] ability: Dry Skin\n|upkeep\n|turn|8\n|inactive|Time left: 300 sec this turn | 300 sec total\n|\n|t:|1783544296\n|move|p1a: Dudunsparce|Boomburst|p2a: Toxicroak\n|-damage|p2a: Toxicroak|13/100\n|move|p2a: Toxicroak|Knock Off|p1a: Dudunsparce\n|-damage|p1a: Dudunsparce|55/343\n|-ability|p1a: Dudunsparce|Rattled|boost\n|-boost|p1a: Dudunsparce|spe|1\n|\n|-weather|RainDance|[upkeep]\n|-heal|p2a: Toxicroak|25/100|[from] ability: Dry Skin\n|upkeep\n|turn|9\n|inactive|Time left: 300 sec this turn | 300 sec total\n|\n|t:|1783544298\n|move|p1a: Dudunsparce|Roost|p1a: Dudunsparce\n|-heal|p1a: Dudunsparce|227/343\n|-singleturn|p1a: Dudunsparce|move: Roost\n|move|p2a: Toxicroak|Knock Off|p1a: Dudunsparce\n|-damage|p1a: Dudunsparce|100/343\n|-ability|p1a: Dudunsparce|Rattled|boost\n|-boost|p1a: Dudunsparce|spe|1\n|\n|-weather|RainDance|[upkeep]\n|-heal|p2a: Toxicroak|37/100|[from] ability: Dry Skin\n|upkeep\n|turn|10\n|inactive|Time left: 300 sec this turn | 300 sec total\n|\n|t:|1783544299\n|switch|p2a: Cresselia|Cresselia, L80, F|100/100\n|move|p1a: Dudunsparce|Roost|p1a: Dudunsparce\n|-heal|p1a: Dudunsparce|272/343\n|-singleturn|p1a: Dudunsparce|move: Roost\n|\n|-weather|none\n|upkeep\n|turn|11\n|inactive|Time left: 300 sec this turn | 300 sec total\n|\n|t:|1783544300\n|move|p1a: Dudunsparce|Toxic|p2a: Cresselia\n|-status|p2a: Cresselia|tox\n|move|p2a: Cresselia|Calm Mind|p2a: Cresselia\n|-boost|p2a: Cresselia|spa|1\n|-boost|p2a: Cresselia|spd|1\n|\n|-damage|p2a: Cresselia|94/100 tox|[from] psn\n|upkeep\n|turn|12\n|inactive|Time left: 300 sec this turn | 300 sec total\n|\n|t:|1783544301\n|move|p1a: Dudunsparce|Boomburst|p2a: Cresselia\n|-damage|p2a: Cresselia|73/100 tox\n|move|p2a: Cresselia|Calm Mind|p2a: Cresselia\n|-boost|p2a: Cresselia|spa|1\n|-boost|p2a: Cresselia|spd|1\n|\n|-heal|p2a: Cresselia|79/100 tox|[from] item: Leftovers\n|-damage|p2a: Cresselia|66/100 tox|[from] psn\n|upkeep\n|turn|13\n|inactive|Time left: 300 sec this turn | 300 sec total\n|\n|t:|1783544302\n|move|p1a: Dudunsparce|Boomburst|p2a: Cresselia\n|-damage|p2a: Cresselia|50/100 tox\n|move|p2a: Cresselia|Moonlight|p2a: Cresselia\n|-heal|p2a: Cresselia|99/100 tox\n|\n|-heal|p2a: Cresselia|100/100 tox|[from] item: Leftovers\n|-damage|p2a: Cresselia|82/100 tox|[from] psn\n|upkeep\n|turn|14\n|inactive|Time left: 300 sec this turn | 300 sec total\n|\n|t:|1783544303\n|move|p1a: Dudunsparce|Boomburst|p2a: Cresselia\n|-damage|p2a: Cresselia|65/100 tox\n|move|p2a: Cresselia|Moonlight|p2a: Cresselia\n|-heal|p2a: Cresselia|100/100 tox\n|\n|-damage|p2a: Cresselia|76/100 tox|[from] psn\n|upkeep\n|turn|15\n|inactive|Time left: 300 sec this turn | 300 sec total\n|\n|t:|1783544304\n|move|p1a: Dudunsparce|Boomburst|p2a: Cresselia\n|-damage|p2a: Cresselia|60/100 tox\n|move|p2a: Cresselia|Moonlight|p2a: Cresselia\n|-heal|p2a: Cresselia|100/100 tox\n|\n|-damage|p2a: Cresselia|70/100 tox|[from] psn\n|upkeep\n|turn|16\n|inactive|Time left: 300 sec this turn | 300 sec total\n|\n|t:|1783544305\n|move|p1a: Dudunsparce|Boomburst|p2a: Cresselia\n|-damage|p2a: Cresselia|52/100 tox\n|move|p2a: Cresselia|Moonlight|p2a: Cresselia\n|-heal|p2a: Cresselia|100/100 tox\n|\n|-damage|p2a: Cresselia|63/100 tox|[from] psn\n|upkeep\n|turn|17\n|inactive|Time left: 300 sec this turn | 300 sec total\n|\n|t:|1783544306\n|move|p1a: Dudunsparce|Boomburst|p2a: Cresselia\n|-damage|p2a: Cresselia|45/100 tox\n|move|p2a: Cresselia|Moonlight|p2a: Cresselia\n|-heal|p2a: Cresselia|95/100 tox\n|\n|-heal|p2a: Cresselia|100/100 tox|[from] item: Leftovers\n|-damage|p2a: Cresselia|57/100 tox|[from] psn\n|upkeep\n|turn|18\n|inactive|Time left: 300 sec this turn | 300 sec total\n|\n|t:|1783544307\n|move|p1a: Dudunsparce|Boomburst|p2a: Cresselia\n|-damage|p2a: Cresselia|40/100 tox\n|move|p2a: Cresselia|Moonlight|p2a: Cresselia\n|-heal|p2a: Cresselia|90/100 tox\n|\n|-heal|p2a: Cresselia|96/100 tox|[from] item: Leftovers\n|-damage|p2a: Cresselia|47/100 tox|[from] psn\n|upkeep\n|turn|19\n|inactive|Time left: 300 sec this turn | 300 sec total\n|\n|t:|1783544308\n|switch|p2a: Suicune|Suicune, L82|100/100\n|-ability|p2a: Suicune|Pressure\n|move|p1a: Dudunsparce|Boomburst|p2a: Suicune\n|-damage|p2a: Suicune|63/100\n|\n|-heal|p2a: Suicune|69/100|[from] item: Leftovers\n|upkeep\n|turn|20\n|inactive|Time left: 300 sec this turn | 300 sec total\n|\n|t:|1783544309\n|move|p1a: Dudunsparce|Boomburst|p2a: Suicune\n|-damage|p2a: Suicune|29/100\n|move|p2a: Suicune|Calm Mind|p2a: Suicune\n|-boost|p2a: Suicune|spa|1\n|-boost|p2a: Suicune|spd|1\n|\n|-heal|p2a: Suicune|35/100|[from] item: Leftovers\n|upkeep\n|turn|21\n|inactive|Time left: 300 sec this turn | 300 sec total\n|\n|t:|1783544310\n|move|p2a: Suicune|Protect|p2a: Suicune\n|-singleturn|p2a: Suicune|Protect\n|move|p1a: Dudunsparce|Boomburst|p2a: Suicune\n|-activate|p2a: Suicune|move: Protect\n|\n|-heal|p2a: Suicune|41/100|[from] item: Leftovers\n|upkeep\n|turn|22\n|inactive|Time left: 300 sec this turn | 300 sec total\n|\n|t:|1783544311\n|move|p1a: Dudunsparce|Toxic|p2a: Suicune\n|-status|p2a: Suicune|tox\n|move|p2a: Suicune|Scald|p1a: Dudunsparce\n|-damage|p1a: Dudunsparce|146/343\n|\n|-heal|p2a: Suicune|47/100 tox|[from] item: Leftovers\n|-damage|p2a: Suicune|41/100 tox|[from] psn\n|upkeep\n|turn|23\n|inactive|Time left: 300 sec this turn | 300 sec total\n|\n|t:|1783544313\n|move|p1a: Dudunsparce|Roost|p1a: Dudunsparce\n|-heal|p1a: Dudunsparce|318/343\n|-singleturn|p1a: Dudunsparce|move: Roost\n|move|p2a: Suicune|Scald|p1a: Dudunsparce\n|-damage|p1a: Dudunsparce|180/343\n|\n|-heal|p2a: Suicune|47/100 tox|[from] item: Leftovers\n|-damage|p2a: Suicune|35/100 tox|[from] psn\n|upkeep\n|turn|24\n|inactive|Time left: 300 sec this turn | 300 sec total\n|\n|t:|1783544314\n|move|p1a: Dudunsparce|Roost|p1a: Dudunsparce\n|-heal|p1a: Dudunsparce|343/343\n|-singleturn|p1a: Dudunsparce|move: Roost\n|move|p2a: Suicune|Scald|p1a: Dudunsparce\n|-damage|p1a: Dudunsparce|208/343\n|\n|-heal|p2a: Suicune|41/100 tox|[from] item: Leftovers\n|-damage|p2a: Suicune|23/100 tox|[from] psn\n|upkeep\n|turn|25\n|inactive|Time left: 300 sec this turn | 300 sec total\n|\n|t:|1783544315\n|move|p1a: Dudunsparce|Roost|p1a: Dudunsparce\n|-heal|p1a: Dudunsparce|343/343\n|-singleturn|p1a: Dudunsparce|move: Roost\n|move|p2a: Suicune|Scald|p1a: Dudunsparce\n|-damage|p1a: Dudunsparce|213/343\n|-status|p1a: Dudunsparce|brn\n|\n|-heal|p2a: Suicune|29/100 tox|[from] item: Leftovers\n|-damage|p2a: Suicune|5/100 tox|[from] psn\n|-damage|p1a: Dudunsparce|192/343 brn|[from] brn\n|upkeep\n|turn|26\n|inactive|Time left: 300 sec this turn | 300 sec total\n|\n|t:|1783544317\n|move|p1a: Dudunsparce|Roost|p1a: Dudunsparce\n|-heal|p1a: Dudunsparce|343/343 brn\n|-singleturn|p1a: Dudunsparce|move: Roost\n|move|p2a: Suicune|Scald|p1a: Dudunsparce\n|-damage|p1a: Dudunsparce|204/343 brn\n|\n|-heal|p2a: Suicune|11/100 tox|[from] item: Leftovers\n|-damage|p2a: Suicune|0 fnt|[from] psn\n|faint|p2a: Suicune\n|-damage|p1a: Dudunsparce|183/343 brn|[from] brn\n|upkeep\n|\n|t:|1783544318\n|switch|p2a: Cresselia|Cresselia, L80, F|47/100 tox\n|turn|27\n|inactive|Time left: 300 sec this turn | 300 sec total\n|\n|t:|1783544319\n|move|p1a: Dudunsparce|Boomburst|p2a: Cresselia\n|-damage|p2a: Cresselia|10/100 tox\n|move|p2a: Cresselia|Moonlight|p2a: Cresselia\n|-heal|p2a: Cresselia|60/100 tox\n|\n|-heal|p2a: Cresselia|66/100 tox|[from] item: Leftovers\n|-damage|p2a: Cresselia|60/100 tox|[from] psn\n|-damage|p1a: Dudunsparce|162/343 brn|[from] brn\n|upkeep\n|turn|28\n|inactive|Time left: 300 sec this turn | 300 sec total\n|\n|t:|1783544320\n|move|p1a: Dudunsparce|Roost|p1a: Dudunsparce\n|-heal|p1a: Dudunsparce|334/343 brn\n|-singleturn|p1a: Dudunsparce|move: Roost\n|move|p2a: Cresselia|Moonlight|p2a: Cresselia\n|-heal|p2a: Cresselia|100/100 tox\n|\n|-damage|p2a: Cresselia|88/100 tox|[from] psn\n|-damage|p1a: Dudunsparce|313/343 brn|[from] brn\n|upkeep\n|turn|29\n|inactive|Time left: 300 sec this turn | 300 sec total\n|\n|t:|1783544321\n|move|p1a: Dudunsparce|Boomburst|p2a: Cresselia\n|-damage|p2a: Cresselia|53/100 tox\n|move|p2a: Cresselia|Psyshock|p1a: Dudunsparce\n|-damage|p1a: Dudunsparce|246/343 brn\n|\n|-heal|p2a: Cresselia|59/100 tox|[from] item: Leftovers\n|-damage|p2a: Cresselia|40/100 tox|[from] psn\n|-damage|p1a: Dudunsparce|225/343 brn|[from] brn\n|upkeep\n|turn|30\n|inactive|Time left: 300 sec this turn | 300 sec total\n|\n|t:|1783544322\n|switch|p2a: Toxicroak|Toxicroak, L84, M, tera:Dark|37/100\n|move|p1a: Dudunsparce|Earthquake|p2a: Toxicroak\n|-damage|p2a: Toxicroak|20/100\n|\n|-damage|p1a: Dudunsparce|204/343 brn|[from] brn\n|upkeep\n|turn|31\n|inactive|Time left: 300 sec this turn | 300 sec total\n|\n|t:|1783544323\n|move|p1a: Dudunsparce|Toxic|p2a: Toxicroak\n|-status|p2a: Toxicroak|tox\n|move|p2a: Toxicroak|Knock Off|p1a: Dudunsparce\n|-damage|p1a: Dudunsparce|84/343 brn\n|-ability|p1a: Dudunsparce|Rattled|boost\n|-boost|p1a: Dudunsparce|spe|1\n|\n|-damage|p2a: Toxicroak|14/100 tox|[from] psn\n|-damage|p1a: Dudunsparce|63/343 brn|[from] brn\n|upkeep\n|turn|32\n|inactive|Time left: 300 sec this turn | 300 sec total\n|\n|t:|1783544324\n|move|p1a: Dudunsparce|Earthquake|p2a: Toxicroak\n|-damage|p2a: Toxicroak|0 fnt\n|faint|p2a: Toxicroak\n|\n|-damage|p1a: Dudunsparce|42/343 brn|[from] brn\n|upkeep\n|\n|t:|1783544325\n|switch|p2a: Cresselia|Cresselia, L80, F|40/100 tox\n|turn|33\n|inactive|Time left: 300 sec this turn | 300 sec total\n|\n|t:|1783544326\n|move|p1a: Dudunsparce|Roost|p1a: Dudunsparce\n|-heal|p1a: Dudunsparce|214/343 brn\n|-singleturn|p1a: Dudunsparce|move: Roost\n|move|p2a: Cresselia|Calm Mind|p2a: Cresselia\n|-boost|p2a: Cresselia|spa|1\n|-boost|p2a: Cresselia|spd|1\n|\n|-heal|p2a: Cresselia|46/100 tox|[from] item: Leftovers\n|-damage|p2a: Cresselia|40/100 tox|[from] psn\n|-damage|p1a: Dudunsparce|193/343 brn|[from] brn\n|upkeep\n|turn|34\n|inactive|Time left: 300 sec this turn | 300 sec total\n|\n|t:|1783544327\n|switch|p1a: Munkidori|Munkidori, L79, M|269/269\n|move|p2a: Cresselia|Moonblast|p1a: Munkidori\n|-resisted|p1a: Munkidori\n|-damage|p1a: Munkidori|242/269\n|\n|-heal|p2a: Cresselia|46/100 tox|[from] item: Leftovers\n|-damage|p2a: Cresselia|34/100 tox|[from] psn\n|upkeep\n|turn|35\n|inactive|Time left: 300 sec this turn | 300 sec total\n|\n|t:|1783544329\n|move|p1a: Munkidori|Fake Out|p2a: Cresselia\n|-damage|p2a: Cresselia|28/100 tox\n|cant|p2a: Cresselia|flinch\n|\n|-heal|p2a: Cresselia|35/100 tox|[from] item: Leftovers\n|-damage|p2a: Cresselia|16/100 tox|[from] psn\n|upkeep\n|turn|36\n|inactive|Time left: 300 sec this turn | 300 sec total\n|\n|t:|1783544330\n|move|p1a: Munkidori|U-turn|p2a: Cresselia\n|-supereffective|p2a: Cresselia\n|-damage|p2a: Cresselia|0 fnt\n|faint|p2a: Cresselia\n|inactive|Time left: 300 sec this turn | 300 sec total | 5 sec grace\n|\n|t:|1783544330\n|switch|p1a: Sandy Shocks|Sandy Shocks, L80|267/267|[from] U-turn\n|\n|upkeep\n|\n|t:|1783544331\n|switch|p2a: Vaporeon|Vaporeon, L86, M|100/100\n|turn|37\n|inactive|Time left: 300 sec this turn | 300 sec total\n|\n|t:|1783544332\n|-terastallize|p1a: Sandy Shocks|Electric\n|move|p1a: Sandy Shocks|Thunderbolt|p2a: Vaporeon\n|-supereffective|p2a: Vaporeon\n|-damage|p2a: Vaporeon|30/100\n|-status|p2a: Vaporeon|par\n|move|p2a: Vaporeon|Scald|p1a: Sandy Shocks\n|-damage|p1a: Sandy Shocks|162/267\n|\n|-heal|p2a: Vaporeon|36/100 par|[from] item: Leftovers\n|upkeep\n|turn|38\n|inactive|Time left: 300 sec this turn | 300 sec total\n|\n|t:|1783544333\n|cant|p2a: Vaporeon|par\n|move|p1a: Sandy Shocks|Volt Switch|p2a: Vaporeon\n|-supereffective|p2a: Vaporeon\n|-crit|p2a: Vaporeon\n|-damage|p2a: Vaporeon|0 fnt\n|faint|p2a: Vaporeon\n|\n|win|p0x3960905", "uploadtime": 1783544333, "views": 0, "rating": 0, "private": 0, "password": null, "_winner": "p0x3960905", "_our_name": "p0x3960905"}