{"id": "battle-gen9randombattle-156", "formatid": "gen9randombattle", "format": "[Gen 9] Random Battle", "players": ["p0x156d0b6", "p0y156df47"], "log": "|init|battle\n|title|p0x156d0b6 vs. p0y156df47\n|j|\u2606p0x156d0b6\n|j|\u2606p0y156df47\n|t:|1783535542\n|gametype|singles\n|player|p1|p0x156d0b6|266|\n|player|p2|p0y156df47|266|\n|gen|9\n|tier|[Gen 9] Random Battle\n|rule|Species Clause: Limit one of each Pok\u00e9mon\n|rule|HP Percentage Mod: HP is shown in percentages\n|rule|Sleep Clause Mod: Limit one foe put to sleep\n|rule|Illusion Level Mod: Illusion disguises the Pok\u00e9mon's true level\n|\n|t:|1783535542\n|teamsize|p1|6\n|teamsize|p2|6\n|start\n|switch|p1a: Thundurus|Thundurus-Therian, L80, M|100/100\n|switch|p2a: Hippowdon|Hippowdon, L82, F|311/311\n|-weather|Sandstorm|[from] ability: Sand Stream|[of] p2a: Hippowdon\n|turn|1\n|inactive|Battle timer is ON: inactive players will automatically lose when time's up. (requested by p0x156d0b6)\n|inactive|Time left: 300 sec this turn | 300 sec total | 60 sec grace\n|inactive|p0y156df47 also wants the timer to be on.\n|\n|t:|1783535543\n|move|p1a: Thundurus|Nasty Plot|p1a: Thundurus\n|-boost|p1a: Thundurus|spa|2\n|move|p2a: Hippowdon|Stealth Rock|p1a: Thundurus\n|-sidestart|p1: p0x156d0b6|move: Stealth Rock\n|\n|-weather|Sandstorm|[upkeep]\n|-damage|p1a: Thundurus|94/100|[from] Sandstorm\n|upkeep\n|turn|2\n|inactive|Time left: 300 sec this turn | 300 sec total\n|\n|t:|1783535545\n|-terastallize|p1a: Thundurus|Flying\n|move|p1a: Thundurus|Tera Blast|p2a: Hippowdon|[anim] Tera Blast Flying\n|-damage|p2a: Hippowdon|0 fnt\n|faint|p2a: Hippowdon\n|\n|-weather|Sandstorm|[upkeep]\n|-damage|p1a: Thundurus|88/100|[from] Sandstorm\n|upkeep\n|inactive|Time left: 300 sec this turn | 300 sec total | 5 sec grace\n|\n|t:|1783535545\n|switch|p2a: Ogerpon|Ogerpon-Cornerstone, L76, F|247/247\n|turn|3\n|inactive|Time left: 300 sec this turn | 300 sec total\n|\n|t:|1783535547\n|switch|p1a: Perrserker|Perrserker, L89, M|100/100\n|-damage|p1a: Perrserker|95/100|[from] Stealth Rock\n|move|p2a: Ogerpon|Ivy Cudgel|p1a: Perrserker|[anim] Ivy Cudgel Rock\n|-resisted|p1a: Perrserker\n|-damage|p1a: Perrserker|75/100\n|\n|-weather|Sandstorm|[upkeep]\n|upkeep\n|turn|4\n|inactive|Time left: 300 sec this turn | 300 sec total\n|\n|t:|1783535548\n|move|p2a: Ogerpon|Swords Dance|p2a: Ogerpon\n|-boost|p2a: Ogerpon|atk|2\n|move|p1a: Perrserker|Iron Head|p2a: Ogerpon\n|-supereffective|p2a: Ogerpon\n|-ability|p2a: Ogerpon|Sturdy\n|-damage|p2a: Ogerpon|1/247\n|-damage|p1a: Perrserker|66/100|[from] item: Life Orb\n|\n|-weather|Sandstorm|[upkeep]\n|upkeep\n|turn|5\n|inactive|Time left: 300 sec this turn | 300 sec total\n|\n|t:|1783535549\n|move|p2a: Ogerpon|Superpower|p1a: Perrserker\n|-supereffective|p1a: Perrserker\n|-damage|p1a: Perrserker|0 fnt\n|-unboost|p2a: Ogerpon|atk|1\n|-unboost|p2a: Ogerpon|def|1\n|faint|p1a: Perrserker\n|\n|-weather|none\n|upkeep\n|\n|t:|1783535550\n|switch|p1a: Darkrai|Darkrai, L77|100/100\n|-damage|p1a: Darkrai|88/100|[from] Stealth Rock\n|turn|6\n|inactive|Time left: 300 sec this turn | 300 sec total\n|\n|t:|1783535551\n|move|p1a: Darkrai|Dark Pulse|p2a: Ogerpon\n|-damage|p2a: Ogerpon|0 fnt\n|faint|p2a: Ogerpon\n|\n|-heal|p1a: Darkrai|94/100|[from] item: Leftovers\n|upkeep\n|inactive|Time left: 300 sec this turn | 300 sec total | 5 sec grace\n|\n|t:|1783535552\n|switch|p2a: Espeon|Espeon, L84, M|246/246\n|turn|7\n|inactive|Time left: 300 sec this turn | 300 sec total\n|\n|t:|1783535553\n|move|p1a: Darkrai|Dark Pulse|p2a: Espeon\n|-supereffective|p2a: Espeon\n|-damage|p2a: Espeon|60/246\n|move|p2a: Espeon|Alluring Voice|p1a: Darkrai\n|-supereffective|p1a: Darkrai\n|-damage|p1a: Darkrai|3/100\n|\n|-heal|p1a: Darkrai|9/100|[from] item: Leftovers\n|upkeep\n|turn|8\n|inactive|Time left: 300 sec this turn | 300 sec total\n|\n|t:|1783535554\n|switch|p2a: Amoonguss|Amoonguss, L82, M|321/321\n|move|p1a: Darkrai|Dark Pulse|p2a: Amoonguss\n|-damage|p2a: Amoonguss|225/321\n|\n|-heal|p1a: Darkrai|15/100|[from] item: Leftovers\n|-heal|p2a: Amoonguss|245/321|[from] item: Leftovers\n|upkeep\n|turn|9\n|inactive|Time left: 300 sec this turn | 300 sec total\n|\n|t:|1783535555\n|move|p1a: Darkrai|Dark Pulse|p2a: Amoonguss\n|-damage|p2a: Amoonguss|151/321\n|move|p2a: Amoonguss|Giga Drain|p1a: Darkrai\n|-damage|p1a: Darkrai|0 fnt\n|-heal|p2a: Amoonguss|169/321|[from] drain|[of] p1a: Darkrai\n|faint|p1a: Darkrai\n|\n|-heal|p2a: Amoonguss|189/321|[from] item: Leftovers\n|upkeep\n|\n|t:|1783535556\n|switch|p1a: Thundurus|Thundurus-Therian, L80, M, tera:Flying|88/100\n|turn|10\n|inactive|Time left: 300 sec this turn | 300 sec total\n|\n|t:|1783535557\n|-terastallize|p2a: Amoonguss|Steel\n|move|p1a: Thundurus|Tera Blast|p2a: Amoonguss|[anim] Tera Blast Flying\n|-resisted|p2a: Amoonguss\n|-damage|p2a: Amoonguss|103/321\n|move|p2a: Amoonguss|Spore|p1a: Thundurus\n|-status|p1a: Thundurus|slp|[from] move: Spore\n|\n|-heal|p2a: Amoonguss|123/321|[from] item: Leftovers\n|upkeep\n|turn|11\n|inactive|Time left: 300 sec this turn | 300 sec total\n|\n|t:|1783535558\n|switch|p1a: Masquerain|Masquerain, L87, F|100/100\n|-ability|p1a: Masquerain|Intimidate|boost\n|-unboost|p2a: Amoonguss|atk|1\n|move|p2a: Amoonguss|Sludge Bomb|p1a: Masquerain\n|-damage|p1a: Masquerain|67/100\n|\n|-heal|p2a: Amoonguss|143/321|[from] item: Leftovers\n|upkeep\n|turn|12\n|inactive|Time left: 300 sec this turn | 300 sec total\n|\n|t:|1783535559\n|switch|p2a: Dewgong|Dewgong, L94, M|322/322\n|move|p1a: Masquerain|Sticky Web|p2a: Dewgong\n|-sidestart|p2: p0y156df47|move: Sticky Web\n|\n|upkeep\n|turn|13\n|inactive|Time left: 300 sec this turn | 300 sec total\n|\n|t:|1783535560\n|move|p1a: Masquerain|U-turn|p2a: Dewgong\n|-damage|p2a: Dewgong|262/322\n|\n|t:|1783535561\n|switch|p1a: Chimecho|Chimecho, L93, F|100/100|[from] U-turn\n|-damage|p1a: Chimecho|88/100|[from] Stealth Rock\n|move|p2a: Dewgong|Ice Beam|p1a: Chimecho\n|-damage|p1a: Chimecho|59/100\n|\n|-heal|p1a: Chimecho|65/100|[from] item: Leftovers\n|upkeep\n|turn|14\n|inactive|Time left: 300 sec this turn | 300 sec total\n|\n|t:|1783535562\n|move|p2a: Dewgong|Ice Beam|p1a: Chimecho\n|-damage|p1a: Chimecho|38/100\n|move|p1a: Chimecho|Recover|p1a: Chimecho\n|-heal|p1a: Chimecho|88/100\n|\n|-heal|p1a: Chimecho|94/100|[from] item: Leftovers\n|upkeep\n|turn|15\n|inactive|Time left: 300 sec this turn | 300 sec total\n|\n|t:|1783535563\n|move|p2a: Dewgong|Encore|p1a: Chimecho\n|-start|p1a: Chimecho|Encore\n|move|p1a: Chimecho|Recover|p1a: Chimecho\n|-heal|p1a: Chimecho|100/100\n|\n|upkeep\n|turn|16\n|inactive|Time left: 300 sec this turn | 300 sec total\n|\n|t:|1783535564\n|move|p2a: Dewgong|Ice Beam|p1a: Chimecho\n|-damage|p1a: Chimecho|72/100\n|move|p1a: Chimecho|Recover|p1a: Chimecho\n|-heal|p1a: Chimecho|100/100\n|\n|upkeep\n|turn|17\n|inactive|Time left: 300 sec this turn | 300 sec total\n|\n|t:|1783535565\n|move|p2a: Dewgong|Ice Beam|p1a: Chimecho\n|-damage|p1a: Chimecho|71/100\n|move|p1a: Chimecho|Recover|p1a: Chimecho\n|-heal|p1a: Chimecho|100/100\n|\n|-end|p1a: Chimecho|Encore\n|upkeep\n|turn|18\n|inactive|Time left: 300 sec this turn | 300 sec total\n|\n|t:|1783535566\n|move|p2a: Dewgong|Encore|p1a: Chimecho\n|-start|p1a: Chimecho|Encore\n|move|p1a: Chimecho|Recover||[still]\n|-fail|p1a: Chimecho|heal\n|\n|upkeep\n|turn|19\n|inactive|Time left: 300 sec this turn | 300 sec total\n|\n|t:|1783535567\n|move|p2a: Dewgong|Ice Beam|p1a: Chimecho\n|-damage|p1a: Chimecho|71/100\n|move|p1a: Chimecho|Recover|p1a: Chimecho\n|-heal|p1a: Chimecho|100/100\n|\n|upkeep\n|turn|20\n|inactive|Time left: 300 sec this turn | 300 sec total\n|\n|t:|1783535568\n|move|p2a: Dewgong|Ice Beam|p1a: Chimecho\n|-damage|p1a: Chimecho|69/100\n|move|p1a: Chimecho|Recover|p1a: Chimecho\n|-heal|p1a: Chimecho|100/100\n|\n|-end|p1a: Chimecho|Encore\n|upkeep\n|turn|21\n|inactive|Time left: 300 sec this turn | 300 sec total\n|\n|t:|1783535569\n|move|p2a: Dewgong|Encore|p1a: Chimecho\n|-start|p1a: Chimecho|Encore\n|move|p1a: Chimecho|Recover||[still]\n|-fail|p1a: Chimecho|heal\n|\n|-end|p1a: Chimecho|Encore\n|upkeep\n|turn|22\n|inactive|Time left: 300 sec this turn | 300 sec total\n|\n|t:|1783535570\n|move|p2a: Dewgong|Ice Beam|p1a: Chimecho\n|-crit|p1a: Chimecho\n|-damage|p1a: Chimecho|61/100\n|move|p1a: Chimecho|Cosmic Power|p1a: Chimecho\n|-boost|p1a: Chimecho|def|1\n|-boost|p1a: Chimecho|spd|1\n|\n|-heal|p1a: Chimecho|67/100|[from] item: Leftovers\n|upkeep\n|turn|23\n|inactive|Time left: 300 sec this turn | 300 sec total\n|\n|t:|1783535571\n|move|p2a: Dewgong|Encore|p1a: Chimecho\n|-start|p1a: Chimecho|Encore\n|move|p1a: Chimecho|Cosmic Power|p1a: Chimecho\n|-boost|p1a: Chimecho|def|1\n|-boost|p1a: Chimecho|spd|1\n|\n|-heal|p1a: Chimecho|73/100|[from] item: Leftovers\n|upkeep\n|turn|24\n|inactive|Time left: 300 sec this turn | 300 sec total\n|\n|t:|1783535572\n|switch|p2a: Amoonguss|Amoonguss, L82, M, tera:Steel|250/321\n|-activate|p2a: Amoonguss|move: Sticky Web\n|-unboost|p2a: Amoonguss|spe|1\n|move|p1a: Chimecho|Cosmic Power|p1a: Chimecho\n|-boost|p1a: Chimecho|def|1\n|-boost|p1a: Chimecho|spd|1\n|\n|-heal|p1a: Chimecho|79/100|[from] item: Leftovers\n|-heal|p2a: Amoonguss|270/321|[from] item: Leftovers\n|upkeep\n|turn|25\n|inactive|Time left: 300 sec this turn | 300 sec total\n|\n|t:|1783535573\n|move|p1a: Chimecho|Cosmic Power|p1a: Chimecho\n|-boost|p1a: Chimecho|def|1\n|-boost|p1a: Chimecho|spd|1\n|move|p2a: Amoonguss|Clear Smog|p1a: Chimecho\n|-damage|p1a: Chimecho|74/100\n|-clearboost|p1a: Chimecho\n|\n|-heal|p1a: Chimecho|80/100|[from] item: Leftovers\n|-heal|p2a: Amoonguss|290/321|[from] item: Leftovers\n|-end|p1a: Chimecho|Encore\n|upkeep\n|turn|26\n|inactive|Time left: 300 sec this turn | 300 sec total\n|\n|t:|1783535574\n|move|p1a: Chimecho|Cosmic Power|p1a: Chimecho\n|-boost|p1a: Chimecho|def|1\n|-boost|p1a: Chimecho|spd|1\n|move|p2a: Amoonguss|Sludge Bomb|p1a: Chimecho\n|-damage|p1a: Chimecho|63/100\n|\n|-heal|p1a: Chimecho|69/100|[from] item: Leftovers\n|-heal|p2a: Amoonguss|310/321|[from] item: Leftovers\n|upkeep\n|turn|27\n|inactive|Time left: 300 sec this turn | 300 sec total\n|\n|t:|1783535575\n|move|p1a: Chimecho|Cosmic Power|p1a: Chimecho\n|-boost|p1a: Chimecho|def|1\n|-boost|p1a: Chimecho|spd|1\n|move|p2a: Amoonguss|Clear Smog|p1a: Chimecho\n|-damage|p1a: Chimecho|61/100\n|-clearboost|p1a: Chimecho\n|\n|-heal|p1a: Chimecho|67/100|[from] item: Leftovers\n|-heal|p2a: Amoonguss|321/321|[from] item: Leftovers\n|upkeep\n|turn|28\n|inactive|Time left: 300 sec this turn | 300 sec total\n|\n|t:|1783535577\n|move|p1a: Chimecho|Cosmic Power|p1a: Chimecho\n|-boost|p1a: Chimecho|def|1\n|-boost|p1a: Chimecho|spd|1\n|move|p2a: Amoonguss|Sludge Bomb|p1a: Chimecho\n|-damage|p1a: Chimecho|50/100\n|\n|-heal|p1a: Chimecho|56/100|[from] item: Leftovers\n|upkeep\n|turn|29\n|inactive|Time left: 300 sec this turn | 300 sec total\n|\n|t:|1783535578\n|move|p1a: Chimecho|Cosmic Power|p1a: Chimecho\n|-boost|p1a: Chimecho|def|1\n|-boost|p1a: Chimecho|spd|1\n|move|p2a: Amoonguss|Sludge Bomb|p1a: Chimecho\n|-damage|p1a: Chimecho|42/100\n|\n|-heal|p1a: Chimecho|48/100|[from] item: Leftovers\n|upkeep\n|turn|30\n|inactive|Time left: 300 sec this turn | 300 sec total\n|\n|t:|1783535579\n|move|p1a: Chimecho|Stored Power|p2a: Amoonguss\n|-resisted|p2a: Amoonguss\n|-damage|p2a: Amoonguss|255/321\n|move|p2a: Amoonguss|Clear Smog|p1a: Chimecho\n|-damage|p1a: Chimecho|41/100\n|-clearboost|p1a: Chimecho\n|\n|-heal|p1a: Chimecho|47/100|[from] item: Leftovers\n|-heal|p2a: Amoonguss|275/321|[from] item: Leftovers\n|upkeep\n|turn|31\n|inactive|Time left: 300 sec this turn | 300 sec total\n|\n|t:|1783535581\n|move|p1a: Chimecho|Cosmic Power|p1a: Chimecho\n|-boost|p1a: Chimecho|def|1\n|-boost|p1a: Chimecho|spd|1\n|move|p2a: Amoonguss|Sludge Bomb|p1a: Chimecho\n|-damage|p1a: Chimecho|31/100\n|\n|-heal|p1a: Chimecho|37/100|[from] item: Leftovers\n|-heal|p2a: Amoonguss|295/321|[from] item: Leftovers\n|upkeep\n|turn|32\n|inactive|Time left: 300 sec this turn | 300 sec total\n|\n|t:|1783535582\n|move|p1a: Chimecho|Cosmic Power|p1a: Chimecho\n|-boost|p1a: Chimecho|def|1\n|-boost|p1a: Chimecho|spd|1\n|move|p2a: Amoonguss|Clear Smog|p1a: Chimecho\n|-damage|p1a: Chimecho|30/100\n|-clearboost|p1a: Chimecho\n|\n|-heal|p1a: Chimecho|36/100|[from] item: Leftovers\n|-heal|p2a: Amoonguss|315/321|[from] item: Leftovers\n|upkeep\n|turn|33\n|inactive|Time left: 300 sec this turn | 300 sec total\n|\n|t:|1783535583\n|move|p1a: Chimecho|Cosmic Power|p1a: Chimecho\n|-boost|p1a: Chimecho|def|1\n|-boost|p1a: Chimecho|spd|1\n|move|p2a: Amoonguss|Sludge Bomb|p1a: Chimecho\n|-damage|p1a: Chimecho|19/100\n|\n|-heal|p1a: Chimecho|26/100|[from] item: Leftovers\n|-heal|p2a: Amoonguss|321/321|[from] item: Leftovers\n|upkeep\n|turn|34\n|inactive|Time left: 300 sec this turn | 300 sec total\n|\n|t:|1783535584\n|move|p1a: Chimecho|Cosmic Power|p1a: Chimecho\n|-boost|p1a: Chimecho|def|1\n|-boost|p1a: Chimecho|spd|1\n|move|p2a: Amoonguss|Sludge Bomb|p1a: Chimecho\n|-damage|p1a: Chimecho|13/100\n|\n|-heal|p1a: Chimecho|19/100|[from] item: Leftovers\n|upkeep\n|turn|35\n|inactive|Time left: 300 sec this turn | 300 sec total\n|\n|t:|1783535586\n|move|p1a: Chimecho|Stored Power|p2a: Amoonguss\n|-resisted|p2a: Amoonguss\n|-damage|p2a: Amoonguss|249/321\n|move|p2a: Amoonguss|Clear Smog|p1a: Chimecho\n|-damage|p1a: Chimecho|12/100\n|-clearboost|p1a: Chimecho\n|\n|-heal|p1a: Chimecho|18/100|[from] item: Leftovers\n|-heal|p2a: Amoonguss|269/321|[from] item: Leftovers\n|upkeep\n|turn|36\n|inactive|Time left: 300 sec this turn | 300 sec total\n|\n|t:|1783535587\n|move|p1a: Chimecho|Cosmic Power|p1a: Chimecho\n|-boost|p1a: Chimecho|def|1\n|-boost|p1a: Chimecho|spd|1\n|move|p2a: Amoonguss|Sludge Bomb|p1a: Chimecho\n|-damage|p1a: Chimecho|2/100\n|\n|-heal|p1a: Chimecho|8/100|[from] item: Leftovers\n|-heal|p2a: Amoonguss|289/321|[from] item: Leftovers\n|upkeep\n|turn|37\n|inactive|Time left: 300 sec this turn | 300 sec total\n|\n|t:|1783535589\n|switch|p1a: Masquerain|Masquerain, L87, F|67/100\n|-ability|p1a: Masquerain|Intimidate|boost\n|-unboost|p2a: Amoonguss|atk|1\n|move|p2a: Amoonguss|Sludge Bomb|p1a: Masquerain\n|-damage|p1a: Masquerain|35/100\n|\n|-heal|p2a: Amoonguss|309/321|[from] item: Leftovers\n|upkeep\n|turn|38\n|inactive|Time left: 300 sec this turn | 300 sec total\n|\n|t:|1783535590\n|switch|p2a: Corviknight|Corviknight, L80, M|288/288\n|-ability|p2a: Corviknight|Pressure\n|move|p1a: Masquerain|Hurricane|p2a: Corviknight|[miss]\n|-miss|p1a: Masquerain|p2a: Corviknight\n|\n|upkeep\n|turn|39\n|inactive|Time left: 300 sec this turn | 300 sec total\n|\n|t:|1783535591\n|switch|p1a: Chimecho|Chimecho, L93, F|8/100\n|-damage|p1a: Chimecho|0 fnt|[from] Stealth Rock\n|faint|p1a: Chimecho\n|move|p2a: Corviknight|Brave Bird|p1: Chimecho|[notarget]\n|-fail|p2a: Corviknight\n|\n|upkeep\n|\n|t:|1783535592\n|switch|p1a: Thundurus|Thundurus-Therian, L80, M, tera:Flying|88/100 slp\n|turn|40\n|inactive|Time left: 300 sec this turn | 300 sec total\n|\n|t:|1783535593\n|cant|p1a: Thundurus|slp\n|move|p2a: Corviknight|Brave Bird|p1a: Thundurus\n|-damage|p1a: Thundurus|33/100 slp\n|-damage|p2a: Corviknight|241/288|[from] Recoil\n|\n|upkeep\n|turn|41\n|inactive|Time left: 300 sec this turn | 300 sec total\n|\n|t:|1783535594\n|cant|p1a: Thundurus|slp\n|move|p2a: Corviknight|Brave Bird|p1a: Thundurus\n|-damage|p1a: Thundurus|0 fnt\n|faint|p1a: Thundurus\n|-damage|p2a: Corviknight|213/288|[from] Recoil\n|\n|upkeep\n|\n|t:|1783535595\n|switch|p1a: Deoxys|Deoxys-Attack, L72|100/100\n|-damage|p1a: Deoxys|88/100|[from] Stealth Rock\n|-ability|p1a: Deoxys|Pressure\n|turn|42\n|inactive|Time left: 300 sec this turn | 300 sec total\n|\n|t:|1783535596\n|move|p1a: Deoxys|Knock Off|p2a: Corviknight\n|-crit|p2a: Corviknight\n|-damage|p2a: Corviknight|67/288\n|-damage|p1a: Deoxys|72/100|[from] item: Rocky Helmet|[of] p2a: Corviknight\n|-enditem|p2a: Corviknight|Rocky Helmet|[from] move: Knock Off|[of] p1a: Deoxys\n|-damage|p1a: Deoxys|62/100|[from] item: Life Orb\n|move|p2a: Corviknight|Brave Bird|p1a: Deoxys\n|-damage|p1a: Deoxys|0 fnt\n|faint|p1a: Deoxys\n|-damage|p2a: Corviknight|28/288|[from] Recoil\n|\n|upkeep\n|\n|t:|1783535597\n|switch|p1a: Masquerain|Masquerain, L87, F|35/100\n|-ability|p1a: Masquerain|Intimidate|boost\n|-unboost|p2a: Corviknight|atk|1\n|turn|43\n|inactive|Time left: 300 sec this turn | 300 sec total\n|\n|t:|1783535598\n|move|p1a: Masquerain|Hydro Pump|p2a: Corviknight\n|-damage|p2a: Corviknight|0 fnt\n|faint|p2a: Corviknight\n|\n|upkeep\n|inactive|Time left: 300 sec this turn | 300 sec total | 5 sec grace\n|\n|t:|1783535599\n|switch|p2a: Dewgong|Dewgong, L94, M|262/322\n|turn|44\n|inactive|Time left: 300 sec this turn | 300 sec total\n|\n|t:|1783535600\n|move|p1a: Masquerain|Hurricane|p2a: Dewgong\n|-damage|p2a: Dewgong|151/322\n|move|p2a: Dewgong|Ice Beam|p1a: Masquerain\n|-supereffective|p1a: Masquerain\n|-damage|p1a: Masquerain|0 fnt\n|faint|p1a: Masquerain\n|\n|win|p0y156df47", "uploadtime": 1783535600, "views": 0, "rating": 0, "private": 0, "password": null, "_winner": "p0y156df47", "_our_name": "p0y156df47"}