{"id": "battle-gen9randombattle-143", "formatid": "gen9randombattle", "format": "[Gen 9] Random Battle", "players": ["p0x143c36d", "p0y1438012"], "log": "|init|battle\n|title|p0x143c36d vs. p0y1438012\n|j|\u2606p0x143c36d\n|j|\u2606p0y1438012\n|t:|1783535403\n|gametype|singles\n|player|p1|p0x143c36d|1|\n|player|p2|p0y1438012|2|\n|gen|9\n|tier|[Gen 9] Random Battle\n|rule|Species Clause: Limit one of each Pok\u00e9mon\n|rule|HP Percentage Mod: HP is shown in percentages\n|rule|Sleep Clause Mod: Limit one foe put to sleep\n|rule|Illusion Level Mod: Illusion disguises the Pok\u00e9mon's true level\n|\n|t:|1783535403\n|teamsize|p1|6\n|teamsize|p2|6\n|start\n|switch|p1a: Araquanid|Araquanid, L82, F|246/246\n|switch|p2a: Moltres|Moltres-Galar, L79|100/100\n|turn|1\n|inactive|Battle timer is ON: inactive players will automatically lose when time's up. (requested by p0y1438012)\n|inactive|Time left: 300 sec this turn | 300 sec total | 60 sec grace\n|inactive|p0x143c36d also wants the timer to be on.\n|\n|t:|1783535405\n|move|p2a: Moltres|Hurricane|p1a: Araquanid\n|-supereffective|p1a: Araquanid\n|-damage|p1a: Araquanid|90/246\n|move|p1a: Araquanid|Sticky Web|p2a: Moltres\n|-sidestart|p2: p0y1438012|move: Sticky Web\n|\n|upkeep\n|turn|2\n|inactive|Time left: 300 sec this turn | 300 sec total\n|\n|t:|1783535406\n|move|p2a: Moltres|Nasty Plot|p2a: Moltres\n|-boost|p2a: Moltres|spa|2\n|move|p1a: Araquanid|Liquidation|p2a: Moltres\n|-damage|p2a: Moltres|46/100\n|-unboost|p2a: Moltres|def|1\n|-ability|p2a: Moltres|Berserk|boost\n|-boost|p2a: Moltres|spa|1\n|\n|upkeep\n|turn|3\n|inactive|Time left: 300 sec this turn | 300 sec total\n|\n|t:|1783535407\n|switch|p1a: Florges|Florges-White, L85, F|271/271\n|move|p2a: Moltres|Fiery Wrath|p1a: Florges\n|-resisted|p1a: Florges\n|-damage|p1a: Florges|208/271\n|\n|-heal|p1a: Florges|224/271|[from] item: Leftovers\n|upkeep\n|turn|4\n|inactive|Time left: 300 sec this turn | 300 sec total\n|\n|t:|1783535408\n|move|p2a: Moltres|Fiery Wrath|p1a: Florges\n|-resisted|p1a: Florges\n|-damage|p1a: Florges|152/271\n|move|p1a: Florges|Moonblast|p2a: Moltres\n|-supereffective|p2a: Moltres\n|-damage|p2a: Moltres|0 fnt\n|faint|p2a: Moltres\n|\n|-heal|p1a: Florges|168/271|[from] item: Leftovers\n|upkeep\n|\n|t:|1783535409\n|switch|p2a: Donphan|Donphan, L84, F|100/100\n|-activate|p2a: Donphan|move: Sticky Web\n|-unboost|p2a: Donphan|spe|1\n|turn|5\n|inactive|Time left: 300 sec this turn | 300 sec total\n|\n|t:|1783535411\n|move|p1a: Florges|Moonblast|p2a: Donphan\n|-damage|p2a: Donphan|44/100\n|move|p2a: Donphan|Rapid Spin|p1a: Florges\n|-damage|p1a: Florges|121/271\n|-boost|p2a: Donphan|spe|1\n|-sideend|p2: p0y1438012|Sticky Web|[from] move: Rapid Spin|[of] p2a: Donphan\n|\n|-heal|p1a: Florges|137/271|[from] item: Leftovers\n|-heal|p2a: Donphan|50/100|[from] item: Leftovers\n|upkeep\n|turn|6\n|inactive|Time left: 300 sec this turn | 300 sec total\n|\n|t:|1783535412\n|switch|p2a: Typhlosion|Typhlosion, L84, F|100/100\n|move|p1a: Florges|Moonblast|p2a: Typhlosion\n|-resisted|p2a: Typhlosion\n|-damage|p2a: Typhlosion|78/100\n|\n|-heal|p1a: Florges|153/271|[from] item: Leftovers\n|upkeep\n|turn|7\n|inactive|Time left: 300 sec this turn | 300 sec total\n|\n|t:|1783535413\n|move|p2a: Typhlosion|Eruption|p1a: Florges\n|-damage|p1a: Florges|18/271\n|move|p1a: Florges|Moonblast|p2a: Typhlosion\n|-resisted|p2a: Typhlosion\n|-damage|p2a: Typhlosion|54/100\n|\n|-heal|p1a: Florges|34/271|[from] item: Leftovers\n|upkeep\n|turn|8\n|inactive|Time left: 300 sec this turn | 300 sec total\n|\n|t:|1783535414\n|switch|p1a: Walking Wake|Walking Wake, L79|286/286\n|move|p2a: Typhlosion|Eruption|p1a: Walking Wake\n|-resisted|p1a: Walking Wake\n|-damage|p1a: Walking Wake|247/286\n|\n|upkeep\n|turn|9\n|inactive|Time left: 300 sec this turn | 300 sec total\n|\n|t:|1783535415\n|switch|p2a: Iron Crown|Iron Crown, L78|100/100\n|move|p1a: Walking Wake|Hydro Pump|p2a: Iron Crown\n|-damage|p2a: Iron Crown|41/100\n|\n|upkeep\n|turn|10\n|inactive|Time left: 300 sec this turn | 300 sec total\n|\n|t:|1783535416\n|move|p1a: Walking Wake|Hydro Pump|p2a: Iron Crown\n|-damage|p2a: Iron Crown|0 fnt\n|faint|p2a: Iron Crown\n|-end|p2a: Iron Crown|Quark Drive|[silent]\n|\n|upkeep\n|\n|t:|1783535417\n|switch|p2a: Skarmory|Skarmory, L80, M|100/100\n|turn|11\n|inactive|Time left: 300 sec this turn | 300 sec total\n|\n|t:|1783535418\n|move|p1a: Walking Wake|Hydro Pump|p2a: Skarmory|[miss]\n|-miss|p1a: Walking Wake|p2a: Skarmory\n|move|p2a: Skarmory|Spikes|p1a: Walking Wake\n|-sidestart|p1: p0x143c36d|Spikes\n|\n|upkeep\n|turn|12\n|inactive|Time left: 300 sec this turn | 300 sec total\n|\n|t:|1783535418\n|move|p1a: Walking Wake|Hydro Pump|p2a: Skarmory\n|-damage|p2a: Skarmory|8/100\n|move|p2a: Skarmory|Spikes|p1a: Walking Wake\n|-sidestart|p1: p0x143c36d|Spikes\n|\n|-heal|p2a: Skarmory|14/100|[from] item: Leftovers\n|upkeep\n|turn|13\n|inactive|Time left: 300 sec this turn | 300 sec total\n|\n|t:|1783535419\n|move|p1a: Walking Wake|Hydro Pump|p2a: Skarmory\n|-damage|p2a: Skarmory|0 fnt\n|faint|p2a: Skarmory\n|\n|upkeep\n|\n|t:|1783535420\n|switch|p2a: Donphan|Donphan, L84, F|50/100\n|turn|14\n|inactive|Time left: 300 sec this turn | 300 sec total\n|\n|t:|1783535421\n|-terastallize|p2a: Donphan|Water\n|move|p1a: Walking Wake|Hydro Pump|p2a: Donphan\n|-resisted|p2a: Donphan\n|-damage|p2a: Donphan|9/100\n|move|p2a: Donphan|Earthquake|p1a: Walking Wake\n|-damage|p1a: Walking Wake|118/286\n|\n|-heal|p2a: Donphan|15/100|[from] item: Leftovers\n|upkeep\n|turn|15\n|inactive|Time left: 300 sec this turn | 300 sec total\n|\n|t:|1783535421\n|move|p1a: Walking Wake|Hydro Pump|p2a: Donphan\n|-resisted|p2a: Donphan\n|-damage|p2a: Donphan|0 fnt\n|faint|p2a: Donphan\n|\n|upkeep\n|\n|t:|1783535422\n|switch|p2a: Typhlosion|Typhlosion, L84, F|54/100\n|turn|16\n|inactive|Time left: 300 sec this turn | 300 sec total\n|\n|t:|1783535423\n|move|p1a: Walking Wake|Hydro Pump|p2a: Typhlosion|[miss]\n|-miss|p1a: Walking Wake|p2a: Typhlosion\n|move|p2a: Typhlosion|Eruption|p1a: Walking Wake\n|-resisted|p1a: Walking Wake\n|-damage|p1a: Walking Wake|82/286\n|\n|upkeep\n|turn|17\n|inactive|Time left: 300 sec this turn | 300 sec total\n|\n|t:|1783535424\n|-activate|p1a: Walking Wake|move: Struggle\n|move|p1a: Walking Wake|Struggle|p2a: Typhlosion\n|-damage|p2a: Typhlosion|41/100\n|-damage|p1a: Walking Wake|10/286|[from] recoil\n|move|p2a: Typhlosion|Eruption|p1a: Walking Wake\n|-resisted|p1a: Walking Wake\n|-damage|p1a: Walking Wake|0 fnt\n|faint|p1a: Walking Wake\n|-end|p1a: Walking Wake|Protosynthesis|[silent]\n|\n|upkeep\n|inactive|Time left: 300 sec this turn | 300 sec total | 5 sec grace\n|\n|t:|1783535425\n|switch|p1a: Araquanid|Araquanid, L82, F|90/246\n|turn|18\n|inactive|Time left: 300 sec this turn | 300 sec total\n|\n|t:|1783535426\n|move|p2a: Typhlosion|Eruption|p1a: Araquanid\n|-damage|p1a: Araquanid|53/246\n|move|p1a: Araquanid|Liquidation|p2a: Typhlosion\n|-supereffective|p2a: Typhlosion\n|-damage|p2a: Typhlosion|0 fnt\n|faint|p2a: Typhlosion\n|\n|upkeep\n|\n|t:|1783535426\n|switch|p2a: Dugtrio|Dugtrio, L84, F|100/100\n|turn|19\n|inactive|Time left: 300 sec this turn | 300 sec total\n|\n|t:|1783535427\n|-terastallize|p1a: Araquanid|Water\n|move|p2a: Dugtrio|Sucker Punch|p1a: Araquanid\n|-damage|p1a: Araquanid|0 fnt\n|faint|p1a: Araquanid\n|-damage|p2a: Dugtrio|91/100|[from] item: Life Orb\n|\n|upkeep\n|inactive|Time left: 300 sec this turn | 300 sec total | 5 sec grace\n|\n|t:|1783535428\n|switch|p1a: Stonjourner|Stonjourner, L91, M|330/330\n|-damage|p1a: Stonjourner|275/330|[from] Spikes\n|turn|20\n|inactive|Time left: 300 sec this turn | 300 sec total\n|\n|t:|1783535429\n|move|p2a: Dugtrio|Earthquake|p1a: Stonjourner\n|-supereffective|p1a: Stonjourner\n|-damage|p1a: Stonjourner|103/330\n|-damage|p2a: Dugtrio|81/100|[from] item: Life Orb\n|move|p1a: Stonjourner|Earthquake|p2a: Dugtrio\n|-damage|p2a: Dugtrio|0 fnt\n|faint|p2a: Dugtrio\n|-damage|p1a: Stonjourner|70/330|[from] item: Life Orb\n|\n|win|p0x143c36d", "uploadtime": 1783535429, "views": 0, "rating": 0, "private": 0, "password": null, "_winner": "p0x143c36d", "_our_name": "p0x143c36d"}