{"id": "battle-gen9randombattle-108", "formatid": "gen9randombattle", "format": "[Gen 9] Random Battle", "players": ["p0x10864d1", "p0y108cdff"], "log": "|init|battle\n|title|p0x10864d1 vs. p0y108cdff\n|j|\u2606p0x10864d1\n|j|\u2606p0y108cdff\n|t:|1783540429\n|gametype|singles\n|player|p1|p0x10864d1|2|\n|player|p2|p0y108cdff|266|\n|gen|9\n|tier|[Gen 9] Random Battle\n|rule|Species Clause: Limit one of each Pok\u00e9mon\n|rule|HP Percentage Mod: HP is shown in percentages\n|rule|Sleep Clause Mod: Limit one foe put to sleep\n|rule|Illusion Level Mod: Illusion disguises the Pok\u00e9mon's true level\n|\n|t:|1783540429\n|teamsize|p1|6\n|teamsize|p2|6\n|start\n|switch|p1a: Cryogonal|Cryogonal, L89|100/100\n|switch|p2a: Porygon-Z|Porygon-Z, L83|277/277\n|turn|1\n|inactive|Battle timer is ON: inactive players will automatically lose when time's up. (requested by p0x10864d1)\n|inactive|Time left: 300 sec this turn | 300 sec total | 60 sec grace\n|inactive|p0y108cdff also wants the timer to be on.\n|\n|t:|1783540431\n|move|p1a: Cryogonal|Freeze-Dry|p2a: Porygon-Z\n|-damage|p2a: Porygon-Z|178/277\n|move|p2a: Porygon-Z|Nasty Plot|p2a: Porygon-Z\n|-boost|p2a: Porygon-Z|spa|2\n|\n|upkeep\n|turn|2\n|inactive|Time left: 300 sec this turn | 300 sec total\n|\n|t:|1783540432\n|move|p1a: Cryogonal|Freeze-Dry|p2a: Porygon-Z\n|-damage|p2a: Porygon-Z|88/277\n|move|p2a: Porygon-Z|Tera Blast|p1a: Cryogonal\n|-damage|p1a: Cryogonal|6/100\n|-damage|p2a: Porygon-Z|61/277|[from] item: Life Orb\n|\n|upkeep\n|turn|3\n|inactive|Time left: 300 sec this turn | 300 sec total\n|\n|t:|1783540433\n|switch|p2a: Dusknoir|Dusknoir, L89, M|225/225\n|-item|p1a: Cryogonal|Heavy-Duty Boots|[from] ability: Frisk|[of] p2a: Dusknoir\n|move|p1a: Cryogonal|Freeze-Dry|p2a: Dusknoir\n|-damage|p2a: Dusknoir|174/225\n|\n|-heal|p2a: Dusknoir|188/225|[from] item: Leftovers\n|upkeep\n|turn|4\n|inactive|Time left: 300 sec this turn | 300 sec total\n|\n|t:|1783540434\n|move|p2a: Dusknoir|Shadow Sneak|p1a: Cryogonal\n|-damage|p1a: Cryogonal|0 fnt\n|faint|p1a: Cryogonal\n|\n|-heal|p2a: Dusknoir|202/225|[from] item: Leftovers\n|upkeep\n|\n|t:|1783540435\n|switch|p1a: Magearna|Magearna-Original, L77|100/100\n|turn|5\n|inactive|Time left: 300 sec this turn | 300 sec total\n|\n|t:|1783540436\n|move|p1a: Magearna|Shift Gear|p1a: Magearna\n|-boost|p1a: Magearna|spe|2\n|-boost|p1a: Magearna|atk|1\n|move|p2a: Dusknoir|Poltergeist|p1a: Magearna\n|-activate|p1a: Magearna|move: Poltergeist|Leftovers\n|-damage|p1a: Magearna|57/100\n|\n|-heal|p1a: Magearna|63/100|[from] item: Leftovers\n|-heal|p2a: Dusknoir|216/225|[from] item: Leftovers\n|upkeep\n|turn|6\n|inactive|Time left: 300 sec this turn | 300 sec total\n|\n|t:|1783540437\n|move|p1a: Magearna|Calm Mind|p1a: Magearna\n|-boost|p1a: Magearna|spa|1\n|-boost|p1a: Magearna|spd|1\n|move|p2a: Dusknoir|Poltergeist|p1a: Magearna|[miss]\n|-miss|p2a: Dusknoir|p1a: Magearna\n|\n|-heal|p1a: Magearna|69/100|[from] item: Leftovers\n|-heal|p2a: Dusknoir|225/225|[from] item: Leftovers\n|upkeep\n|turn|7\n|inactive|Time left: 300 sec this turn | 300 sec total\n|\n|t:|1783540438\n|move|p1a: Magearna|Calm Mind|p1a: Magearna\n|-boost|p1a: Magearna|spa|1\n|-boost|p1a: Magearna|spd|1\n|move|p2a: Dusknoir|Poltergeist|p1a: Magearna|[miss]\n|-miss|p2a: Dusknoir|p1a: Magearna\n|\n|-heal|p1a: Magearna|75/100|[from] item: Leftovers\n|upkeep\n|turn|8\n|inactive|Time left: 300 sec this turn | 300 sec total\n|\n|t:|1783540439\n|move|p1a: Magearna|Flash Cannon|p2a: Dusknoir\n|-damage|p2a: Dusknoir|108/225\n|move|p2a: Dusknoir|Poltergeist|p1a: Magearna\n|-activate|p1a: Magearna|move: Poltergeist|Leftovers\n|-damage|p1a: Magearna|32/100\n|\n|-heal|p1a: Magearna|38/100|[from] item: Leftovers\n|-heal|p2a: Dusknoir|122/225|[from] item: Leftovers\n|upkeep\n|turn|9\n|inactive|Time left: 300 sec this turn | 300 sec total\n|\n|t:|1783540440\n|move|p1a: Magearna|Fleur Cannon|p2a: Dusknoir\n|-damage|p2a: Dusknoir|0 fnt\n|-unboost|p1a: Magearna|spa|2\n|faint|p2a: Dusknoir\n|-ability|p1a: Magearna|Soul-Heart|boost\n|-boost|p1a: Magearna|spa|1\n|\n|-heal|p1a: Magearna|44/100|[from] item: Leftovers\n|upkeep\n|inactive|Time left: 300 sec this turn | 300 sec total | 5 sec grace\n|\n|t:|1783540441\n|switch|p2a: Donphan|Donphan, L84, M|288/288\n|turn|10\n|inactive|Time left: 300 sec this turn | 300 sec total\n|\n|t:|1783540442\n|move|p1a: Magearna|Flash Cannon|p2a: Donphan\n|-damage|p2a: Donphan|177/288\n|move|p2a: Donphan|Earthquake|p1a: Magearna\n|-supereffective|p1a: Magearna\n|-damage|p1a: Magearna|0 fnt\n|faint|p1a: Magearna\n|\n|upkeep\n|\n|t:|1783540443\n|switch|p1a: Leafeon|Leafeon, L88, F|100/100\n|turn|11\n|inactive|Time left: 300 sec this turn | 300 sec total\n|\n|t:|1783540444\n|move|p1a: Leafeon|Swords Dance|p1a: Leafeon\n|-boost|p1a: Leafeon|atk|2\n|move|p2a: Donphan|Rapid Spin|p1a: Leafeon\n|-damage|p1a: Leafeon|88/100\n|-boost|p2a: Donphan|spe|1\n|\n|-heal|p1a: Leafeon|95/100|[from] item: Leftovers\n|upkeep\n|turn|12\n|inactive|Time left: 300 sec this turn | 300 sec total\n|\n|t:|1783540445\n|move|p1a: Leafeon|Leaf Blade|p2a: Donphan\n|-supereffective|p2a: Donphan\n|-crit|p2a: Donphan\n|-damage|p2a: Donphan|0 fnt\n|faint|p2a: Donphan\n|\n|-heal|p1a: Leafeon|100/100|[from] item: Leftovers\n|upkeep\n|inactive|Time left: 300 sec this turn | 300 sec total | 5 sec grace\n|\n|t:|1783540446\n|switch|p2a: Camerupt|Camerupt, L91, F|275/275\n|turn|13\n|inactive|Time left: 300 sec this turn | 300 sec total\n|\n|t:|1783540447\n|-terastallize|p1a: Leafeon|Normal\n|move|p1a: Leafeon|Double-Edge|p2a: Camerupt\n|-damage|p2a: Camerupt|0 fnt\n|faint|p2a: Camerupt\n|-damage|p1a: Leafeon|65/100|[from] Recoil\n|\n|-heal|p1a: Leafeon|71/100|[from] item: Leftovers\n|upkeep\n|inactive|Time left: 300 sec this turn | 300 sec total | 5 sec grace\n|\n|t:|1783540448\n|switch|p2a: Poliwrath|Poliwrath, L88, F|302/302\n|turn|14\n|inactive|Time left: 300 sec this turn | 300 sec total\n|\n|t:|1783540449\n|-terastallize|p2a: Poliwrath|Dark\n|move|p1a: Leafeon|Leaf Blade|p2a: Poliwrath\n|-damage|p2a: Poliwrath|109/302\n|move|p2a: Poliwrath|Close Combat|p1a: Leafeon\n|-supereffective|p1a: Leafeon\n|-damage|p1a: Leafeon|0 fnt\n|-unboost|p2a: Poliwrath|def|1\n|-unboost|p2a: Poliwrath|spd|1\n|faint|p1a: Leafeon\n|-damage|p2a: Poliwrath|79/302|[from] item: Life Orb\n|\n|upkeep\n|\n|t:|1783540450\n|switch|p1a: Fezandipiti|Fezandipiti, L82, M|100/100\n|turn|15\n|inactive|Time left: 300 sec this turn | 300 sec total\n|\n|t:|1783540451\n|switch|p2a: Suicune|Suicune, L82|298/298\n|-ability|p2a: Suicune|Pressure\n|move|p1a: Fezandipiti|Play Rough|p2a: Suicune|[miss]\n|-miss|p1a: Fezandipiti|p2a: Suicune\n|\n|upkeep\n|turn|16\n|inactive|Time left: 300 sec this turn | 300 sec total\n|\n|t:|1783540452\n|move|p1a: Fezandipiti|Swords Dance|p1a: Fezandipiti\n|-boost|p1a: Fezandipiti|atk|2\n|move|p2a: Suicune|Calm Mind|p2a: Suicune\n|-boost|p2a: Suicune|spa|1\n|-boost|p2a: Suicune|spd|1\n|\n|upkeep\n|turn|17\n|inactive|Time left: 300 sec this turn | 300 sec total\n|\n|t:|1783540453\n|move|p1a: Fezandipiti|Gunk Shot|p2a: Suicune\n|-damage|p2a: Suicune|112/298\n|-status|p2a: Suicune|psn\n|move|p2a: Suicune|Scald|p1a: Fezandipiti\n|-damage|p1a: Fezandipiti|68/100\n|\n|-heal|p1a: Fezandipiti|74/100|[from] item: Leftovers\n|-heal|p2a: Suicune|130/298 psn|[from] item: Leftovers\n|-damage|p2a: Suicune|93/298 psn|[from] psn\n|upkeep\n|turn|18\n|inactive|Time left: 300 sec this turn | 300 sec total\n|\n|t:|1783540454\n|move|p1a: Fezandipiti|Play Rough|p2a: Suicune\n|-damage|p2a: Suicune|0 fnt\n|faint|p2a: Suicune\n|\n|-heal|p1a: Fezandipiti|80/100|[from] item: Leftovers\n|upkeep\n|inactive|Time left: 300 sec this turn | 300 sec total | 5 sec grace\n|\n|t:|1783540455\n|switch|p2a: Poliwrath|Poliwrath, L88, F, tera:Dark|79/302\n|turn|19\n|inactive|Time left: 300 sec this turn | 300 sec total\n|\n|t:|1783540456\n|move|p1a: Fezandipiti|Play Rough|p2a: Poliwrath\n|-supereffective|p2a: Poliwrath\n|-damage|p2a: Poliwrath|0 fnt\n|faint|p2a: Poliwrath\n|\n|-heal|p1a: Fezandipiti|86/100|[from] item: Leftovers\n|upkeep\n|inactive|Time left: 300 sec this turn | 300 sec total | 5 sec grace\n|\n|t:|1783540457\n|switch|p2a: Porygon-Z|Porygon-Z, L83|61/277\n|turn|20\n|inactive|Time left: 300 sec this turn | 300 sec total\n|\n|t:|1783540458\n|move|p1a: Fezandipiti|Play Rough|p2a: Porygon-Z\n|-damage|p2a: Porygon-Z|0 fnt\n|faint|p2a: Porygon-Z\n|\n|win|p0x10864d1", "uploadtime": 1783540458, "views": 0, "rating": 0, "private": 0, "password": null, "_winner": "p0x10864d1", "_our_name": "p0y108cdff"}