{"id": "battle-gen9randombattle-432", "formatid": "gen9randombattle", "format": "[Gen 9] Random Battle", "players": ["p0x432dc74", "p0y43266e9"], "log": "|init|battle\n|title|p0x432dc74 vs. p0y43266e9\n|j|\u2606p0x432dc74\n|j|\u2606p0y43266e9\n|t:|1783544748\n|gametype|singles\n|player|p1|p0x432dc74|170|\n|player|p2|p0y43266e9|101|\n|gen|9\n|tier|[Gen 9] Random Battle\n|rule|Species Clause: Limit one of each Pok\u00e9mon\n|rule|HP Percentage Mod: HP is shown in percentages\n|rule|Sleep Clause Mod: Limit one foe put to sleep\n|rule|Illusion Level Mod: Illusion disguises the Pok\u00e9mon's true level\n|\n|t:|1783544748\n|teamsize|p1|6\n|teamsize|p2|6\n|start\n|switch|p1a: Dondozo|Dondozo, L78, F|100/100\n|switch|p2a: Hitmonchan|Hitmonchan, L87, M|229/229\n|turn|1\n|inactive|Battle timer is ON: inactive players will automatically lose when time's up. (requested by p0y43266e9)\n|inactive|p0x432dc74 also wants the timer to be on.\n|\n|t:|1783544750\n|move|p2a: Hitmonchan|Rapid Spin|p1a: Dondozo\n|-damage|p1a: Dondozo|90/100\n|-boost|p2a: Hitmonchan|spe|1\n|move|p1a: Dondozo|Wave Crash|p2a: Hitmonchan\n|-damage|p2a: Hitmonchan|111/229\n|-damage|p1a: Dondozo|79/100|[from] Recoil\n|\n|-heal|p2a: Hitmonchan|125/229|[from] item: Leftovers\n|-heal|p1a: Dondozo|85/100|[from] item: Leftovers\n|upkeep\n|turn|2\n|inactive|Time left: 300 sec this turn | 300 sec total\n|\n|t:|1783544751\n|move|p2a: Hitmonchan|Drain Punch|p1a: Dondozo\n|-damage|p1a: Dondozo|59/100\n|-heal|p2a: Hitmonchan|173/229|[from] drain|[of] p1a: Dondozo\n|move|p1a: Dondozo|Wave Crash|p2a: Hitmonchan\n|-damage|p2a: Hitmonchan|47/229\n|-damage|p1a: Dondozo|47/100|[from] Recoil\n|\n|-heal|p2a: Hitmonchan|61/229|[from] item: Leftovers\n|-heal|p1a: Dondozo|53/100|[from] item: Leftovers\n|upkeep\n|turn|3\n|inactive|Time left: 300 sec this turn | 300 sec total\n|\n|t:|1783544752\n|move|p2a: Hitmonchan|Drain Punch|p1a: Dondozo\n|-damage|p1a: Dondozo|27/100\n|-heal|p2a: Hitmonchan|109/229|[from] drain|[of] p1a: Dondozo\n|move|p1a: Dondozo|Wave Crash|p2a: Hitmonchan\n|-damage|p2a: Hitmonchan|0 fnt\n|faint|p2a: Hitmonchan\n|-damage|p1a: Dondozo|17/100|[from] Recoil\n|\n|-heal|p1a: Dondozo|23/100|[from] item: Leftovers\n|upkeep\n|inactive|Time left: 300 sec this turn | 300 sec total | 5 sec grace\n|\n|t:|1783544753\n|switch|p2a: Drednaw|Drednaw, L81, M|278/278\n|turn|4\n|inactive|Time left: 300 sec this turn | 300 sec total\n|\n|t:|1783544754\n|switch|p1a: Cobalion|Cobalion, L80|100/100\n|move|p2a: Drednaw|Shell Smash|p2a: Drednaw\n|-unboost|p2a: Drednaw|def|1\n|-unboost|p2a: Drednaw|spd|1\n|-boost|p2a: Drednaw|atk|2\n|-boost|p2a: Drednaw|spa|2\n|-boost|p2a: Drednaw|spe|2\n|-enditem|p2a: Drednaw|White Herb\n|-clearnegativeboost|p2a: Drednaw|[silent]\n|\n|upkeep\n|turn|5\n|inactive|Time left: 300 sec this turn | 300 sec total\n|\n|t:|1783544755\n|move|p2a: Drednaw|Liquidation|p1a: Cobalion\n|-crit|p1a: Cobalion\n|-damage|p1a: Cobalion|17/100\n|move|p1a: Cobalion|Aura Sphere|p2a: Drednaw\n|-supereffective|p2a: Drednaw\n|-damage|p2a: Drednaw|110/278\n|\n|-heal|p1a: Cobalion|23/100|[from] item: Leftovers\n|upkeep\n|turn|6\n|inactive|Time left: 300 sec this turn | 300 sec total\n|\n|t:|1783544756\n|move|p1a: Cobalion|Vacuum Wave|p2a: Drednaw\n|-supereffective|p2a: Drednaw\n|-damage|p2a: Drednaw|24/278\n|move|p2a: Drednaw|Crunch|p1a: Cobalion\n|-resisted|p1a: Cobalion\n|-damage|p1a: Cobalion|0 fnt\n|faint|p1a: Cobalion\n|\n|upkeep\n|\n|t:|1783544757\n|switch|p1a: Vaporeon|Vaporeon, L86, F|100/100\n|turn|7\n|inactive|Time left: 300 sec this turn | 300 sec total\n|\n|t:|1783544758\n|-terastallize|p2a: Drednaw|Dark\n|move|p2a: Drednaw|Crunch|p1a: Vaporeon\n|-damage|p1a: Vaporeon|0 fnt\n|faint|p1a: Vaporeon\n|\n|upkeep\n|\n|t:|1783544759\n|switch|p1a: Piloswine|Piloswine, L85, M|100/100\n|turn|8\n|inactive|Time left: 300 sec this turn | 300 sec total\n|\n|t:|1783544759\n|move|p1a: Piloswine|Ice Shard|p2a: Drednaw\n|-damage|p2a: Drednaw|0 fnt\n|faint|p2a: Drednaw\n|\n|upkeep\n|inactive|Time left: 300 sec this turn | 300 sec total | 5 sec grace\n|\n|t:|1783544761\n|switch|p2a: Typhlosion|Typhlosion, L84, F|267/267\n|turn|9\n|inactive|Time left: 300 sec this turn | 300 sec total\n|\n|t:|1783544762\n|move|p2a: Typhlosion|Scorching Sands|p1a: Piloswine\n|-damage|p1a: Piloswine|78/100\n|move|p1a: Piloswine|Earthquake|p2a: Typhlosion\n|-supereffective|p2a: Typhlosion\n|-damage|p2a: Typhlosion|25/267\n|\n|upkeep\n|turn|10\n|inactive|Time left: 300 sec this turn | 300 sec total\n|\n|t:|1783544763\n|move|p2a: Typhlosion|Scorching Sands|p1a: Piloswine\n|-damage|p1a: Piloswine|54/100\n|move|p1a: Piloswine|Earthquake|p2a: Typhlosion\n|-supereffective|p2a: Typhlosion\n|-damage|p2a: Typhlosion|0 fnt\n|faint|p2a: Typhlosion\n|\n|upkeep\n|inactive|Time left: 300 sec this turn | 300 sec total | 5 sec grace\n|\n|t:|1783544764\n|switch|p2a: Arceus|Arceus-Ground, L70|284/284\n|turn|11\n|inactive|Time left: 300 sec this turn | 300 sec total\n|\n|t:|1783544765\n|move|p2a: Arceus|Dragon Dance|p2a: Arceus\n|-boost|p2a: Arceus|atk|1\n|-boost|p2a: Arceus|spe|1\n|move|p1a: Piloswine|Icicle Crash|p2a: Arceus|[miss]\n|-miss|p1a: Piloswine|p2a: Arceus\n|\n|upkeep\n|turn|12\n|inactive|Time left: 300 sec this turn | 300 sec total\n|\n|t:|1783544766\n|move|p2a: Arceus|Earthquake|p1a: Piloswine\n|-damage|p1a: Piloswine|14/100\n|move|p1a: Piloswine|Icicle Crash|p2a: Arceus\n|-supereffective|p2a: Arceus\n|-damage|p2a: Arceus|104/284\n|\n|upkeep\n|turn|13\n|inactive|Time left: 300 sec this turn | 300 sec total\n|\n|t:|1783544767\n|move|p1a: Piloswine|Ice Shard|p2a: Arceus\n|-supereffective|p2a: Arceus\n|-damage|p2a: Arceus|18/284\n|move|p2a: Arceus|Earthquake|p1a: Piloswine\n|-crit|p1a: Piloswine\n|-damage|p1a: Piloswine|0 fnt\n|faint|p1a: Piloswine\n|\n|upkeep\n|\n|t:|1783544768\n|switch|p1a: Gumshoos|Gumshoos, L95, M|100/100\n|turn|14\n|inactive|Time left: 300 sec this turn | 300 sec total\n|\n|t:|1783544769\n|move|p2a: Arceus|Earthquake|p1a: Gumshoos\n|-damage|p1a: Gumshoos|37/100\n|move|p1a: Gumshoos|Double-Edge|p2a: Arceus\n|-damage|p2a: Arceus|0 fnt\n|faint|p2a: Arceus\n|-damage|p1a: Gumshoos|35/100|[from] Recoil\n|\n|upkeep\n|inactive|Time left: 300 sec this turn | 300 sec total | 5 sec grace\n|\n|t:|1783544771\n|switch|p2a: Hawlucha|Hawlucha, L80, F|256/256\n|turn|15\n|inactive|Time left: 300 sec this turn | 300 sec total\n|\n|t:|1783544772\n|switch|p1a: Spectrier|Spectrier, L75|100/100\n|move|p2a: Hawlucha|Brave Bird|p1a: Spectrier\n|-damage|p1a: Spectrier|38/100\n|-damage|p2a: Hawlucha|200/256|[from] Recoil\n|\n|-heal|p1a: Spectrier|44/100|[from] item: Leftovers\n|upkeep\n|turn|16\n|inactive|Time left: 300 sec this turn | 300 sec total\n|\n|t:|1783544773\n|move|p1a: Spectrier|Substitute|p1a: Spectrier\n|-start|p1a: Spectrier|Substitute\n|-damage|p1a: Spectrier|19/100\n|move|p2a: Hawlucha|Brave Bird|p1a: Spectrier\n|-end|p1a: Spectrier|Substitute\n|-damage|p2a: Hawlucha|178/256|[from] Recoil|[of] p1a: Spectrier\n|\n|-heal|p1a: Spectrier|26/100|[from] item: Leftovers\n|upkeep\n|turn|17\n|inactive|Time left: 300 sec this turn | 300 sec total\n|\n|t:|1783544774\n|switch|p2a: Victreebel|Victreebel, L90, F|290/290\n|move|p1a: Spectrier|Substitute|p1a: Spectrier\n|-start|p1a: Spectrier|Substitute\n|-damage|p1a: Spectrier|1/100\n|\n|-heal|p1a: Spectrier|7/100|[from] item: Leftovers\n|upkeep\n|turn|18\n|inactive|Time left: 300 sec this turn | 300 sec total\n|\n|t:|1783544775\n|move|p1a: Spectrier|Shadow Ball|p2a: Victreebel\n|-damage|p2a: Victreebel|191/290\n|move|p2a: Victreebel|Poison Jab|p1a: Spectrier\n|-resisted|p1a: Spectrier\n|-end|p1a: Spectrier|Substitute\n|-damage|p2a: Victreebel|162/290|[from] item: Life Orb\n|\n|-heal|p1a: Spectrier|13/100|[from] item: Leftovers\n|upkeep\n|turn|19\n|inactive|Time left: 300 sec this turn | 300 sec total\n|\n|t:|1783544776\n|move|p1a: Spectrier|Shadow Ball|p2a: Victreebel\n|-damage|p2a: Victreebel|51/290\n|move|p2a: Victreebel|Poison Jab|p1a: Spectrier\n|-resisted|p1a: Spectrier\n|-damage|p1a: Spectrier|0 fnt\n|faint|p1a: Spectrier\n|-damage|p2a: Victreebel|22/290|[from] item: Life Orb\n|\n|upkeep\n|\n|t:|1783544777\n|switch|p1a: Dondozo|Dondozo, L78, F|23/100\n|turn|20\n|inactive|Time left: 300 sec this turn | 300 sec total\n|\n|t:|1783544778\n|move|p2a: Victreebel|Poison Jab|p1a: Dondozo\n|-damage|p1a: Dondozo|0 fnt\n|faint|p1a: Dondozo\n|-damage|p2a: Victreebel|0 fnt|[from] item: Life Orb\n|faint|p2a: Victreebel\n|\n|upkeep\n|inactive|Time left: 300 sec this turn | 300 sec total | 5 sec grace\n|\n|t:|1783544779\n|switch|p2a: Hawlucha|Hawlucha, L80, F|178/256\n|switch|p1a: Gumshoos|Gumshoos, L95, M|35/100\n|turn|21\n|inactive|Time left: 300 sec this turn | 300 sec total\n|\n|t:|1783544780\n|move|p2a: Hawlucha|Close Combat|p1a: Gumshoos\n|-supereffective|p1a: Gumshoos\n|-damage|p1a: Gumshoos|0 fnt\n|-unboost|p2a: Hawlucha|def|1\n|-unboost|p2a: Hawlucha|spd|1\n|faint|p1a: Gumshoos\n|-enditem|p2a: Hawlucha|White Herb\n|-clearnegativeboost|p2a: Hawlucha|[silent]\n|\n|win|p0y43266e9", "uploadtime": 1783544780, "views": 0, "rating": 0, "private": 0, "password": null, "_winner": "p0y43266e9", "_our_name": "p0y43266e9"}