{"id": "battle-gen9randombattle-1996", "formatid": "gen9randombattle", "format": "[Gen 9] Random Battle", "players": ["p0x199697d7", "p0y19961db2"], "log": "|init|battle\n|title|p0x199697d7 vs. p0y19961db2\n|j|\u2606p0x199697d7\n|j|\u2606p0y19961db2\n|t:|1783562372\n|gametype|singles\n|player|p1|p0x199697d7|169|\n|player|p2|p0y19961db2|102|\n|gen|9\n|tier|[Gen 9] Random Battle\n|rule|Species Clause: Limit one of each Pok\u00e9mon\n|rule|HP Percentage Mod: HP is shown in percentages\n|rule|Sleep Clause Mod: Limit one foe put to sleep\n|rule|Illusion Level Mod: Illusion disguises the Pok\u00e9mon's true level\n|\n|t:|1783562372\n|teamsize|p1|6\n|teamsize|p2|6\n|start\n|switch|p1a: Kyurem|Kyurem, L77|319/319\n|switch|p2a: Golem|Golem, L87, M|100/100\n|-ability|p1a: Kyurem|Pressure\n|turn|1\n|inactive|Battle timer is ON: inactive players will automatically lose when time's up. (requested by p0y19961db2)\n|inactive|Time left: 300 sec this turn | 300 sec total | 60 sec grace\n|inactive|p0x199697d7 also wants the timer to be on.\n|\n|t:|1783562373\n|move|p1a: Kyurem|Freeze-Dry|p2a: Golem\n|-supereffective|p2a: Golem\n|-damage|p2a: Golem|38/100\n|-enditem|p2a: Golem|Weakness Policy\n|-boost|p2a: Golem|atk|2|[from] item: Weakness Policy\n|-boost|p2a: Golem|spa|2|[from] item: Weakness Policy\n|move|p2a: Golem|Stone Edge|p1a: Kyurem\n|-supereffective|p1a: Kyurem\n|-damage|p1a: Kyurem|0 fnt\n|faint|p1a: Kyurem\n|\n|upkeep\n|inactive|Time left: 300 sec this turn | 300 sec total | 65 sec grace\n|\n|t:|1783562374\n|switch|p1a: Mismagius|Mismagius, L86, F|243/243\n|turn|2\n|inactive|Time left: 300 sec this turn | 300 sec total\n|\n|t:|1783562374\n|move|p1a: Mismagius|Shadow Ball|p2a: Golem\n|-damage|p2a: Golem|0 fnt\n|faint|p2a: Golem\n|\n|upkeep\n|\n|t:|1783562375\n|switch|p2a: Rayquaza|Rayquaza, L72|100/100\n|-ability|p2a: Rayquaza|Air Lock\n|turn|3\n|inactive|Time left: 300 sec this turn | 300 sec total\n|\n|t:|1783562376\n|move|p1a: Mismagius|Shadow Ball|p2a: Rayquaza\n|-damage|p2a: Rayquaza|46/100\n|-unboost|p2a: Rayquaza|spd|1\n|move|p2a: Rayquaza|Dragon Ascent|p1a: Mismagius\n|-damage|p1a: Mismagius|0 fnt\n|-unboost|p2a: Rayquaza|def|1\n|-unboost|p2a: Rayquaza|spd|1\n|faint|p1a: Mismagius\n|\n|upkeep\n|inactive|Time left: 300 sec this turn | 300 sec total | 5 sec grace\n|\n|t:|1783562376\n|switch|p1a: Dragonite|Dragonite, L74, F|257/257\n|turn|4\n|inactive|Time left: 300 sec this turn | 300 sec total\n|\n|t:|1783562377\n|move|p2a: Rayquaza|Dragon Ascent|p1a: Dragonite\n|-damage|p1a: Dragonite|152/257\n|-unboost|p2a: Rayquaza|def|1\n|-unboost|p2a: Rayquaza|spd|1\n|move|p1a: Dragonite|Dragon Dance|p1a: Dragonite\n|-boost|p1a: Dragonite|atk|1\n|-boost|p1a: Dragonite|spe|1\n|\n|upkeep\n|turn|5\n|inactive|Time left: 300 sec this turn | 300 sec total\n|\n|t:|1783562378\n|switch|p2a: Electrode|Electrode, L92|100/100\n|move|p1a: Dragonite|Outrage|p2a: Electrode\n|-damage|p2a: Electrode|25/100\n|\n|upkeep\n|turn|6\n|inactive|Time left: 300 sec this turn | 300 sec total\n|\n|t:|1783562379\n|-terastallize|p2a: Electrode|Ice\n|move|p2a: Electrode|Tera Blast|p1a: Dragonite|[anim] Tera Blast Ice\n|-supereffective|p1a: Dragonite\n|-damage|p1a: Dragonite|0 fnt\n|faint|p1a: Dragonite\n|-damage|p2a: Electrode|15/100|[from] item: Life Orb\n|\n|upkeep\n|inactive|Time left: 300 sec this turn | 300 sec total | 5 sec grace\n|\n|t:|1783562380\n|switch|p1a: Registeel|Registeel, L81|262/262\n|turn|7\n|inactive|Time left: 300 sec this turn | 300 sec total\n|\n|t:|1783562381\n|move|p2a: Electrode|Volt Switch|p1a: Registeel\n|-damage|p1a: Registeel|196/262\n|-damage|p2a: Electrode|5/100|[from] item: Life Orb\n|\n|t:|1783562381\n|switch|p2a: Hypno|Hypno, L95, F|100/100|[from] Volt Switch\n|move|p1a: Registeel|Stealth Rock|p2a: Hypno\n|-sidestart|p2: p0y19961db2|move: Stealth Rock\n|\n|-heal|p1a: Registeel|212/262|[from] item: Leftovers\n|upkeep\n|turn|8\n|inactive|Time left: 300 sec this turn | 300 sec total\n|\n|t:|1783562382\n|move|p2a: Hypno|Focus Blast|p1a: Registeel\n|-supereffective|p1a: Registeel\n|-damage|p1a: Registeel|88/262\n|move|p1a: Registeel|Thunder Wave|p2a: Hypno\n|-status|p2a: Hypno|par\n|\n|-heal|p1a: Registeel|104/262|[from] item: Leftovers\n|upkeep\n|turn|9\n|inactive|Time left: 300 sec this turn | 300 sec total\n|\n|t:|1783562383\n|move|p1a: Registeel|Iron Head|p2a: Hypno\n|-damage|p2a: Hypno|80/100 par\n|cant|p2a: Hypno|flinch\n|\n|-heal|p1a: Registeel|120/262|[from] item: Leftovers\n|-heal|p2a: Hypno|86/100 par|[from] item: Leftovers\n|upkeep\n|turn|10\n|inactive|Time left: 300 sec this turn | 300 sec total\n|\n|t:|1783562384\n|move|p1a: Registeel|Iron Head|p2a: Hypno\n|-damage|p2a: Hypno|63/100 par\n|move|p2a: Hypno|Focus Blast|p1a: Registeel\n|-supereffective|p1a: Registeel\n|-damage|p1a: Registeel|2/262\n|\n|-heal|p1a: Registeel|18/262|[from] item: Leftovers\n|-heal|p2a: Hypno|69/100 par|[from] item: Leftovers\n|upkeep\n|turn|11\n|inactive|Time left: 300 sec this turn | 300 sec total\n|\n|t:|1783562385\n|move|p1a: Registeel|Iron Head|p2a: Hypno\n|-damage|p2a: Hypno|48/100 par\n|move|p2a: Hypno|Psychic Noise|p1a: Registeel\n|-resisted|p1a: Registeel\n|-damage|p1a: Registeel|0 fnt\n|faint|p1a: Registeel\n|\n|-heal|p2a: Hypno|54/100 par|[from] item: Leftovers\n|upkeep\n|inactive|Time left: 300 sec this turn | 300 sec total | 5 sec grace\n|\n|t:|1783562386\n|switch|p1a: Ursaring|Ursaring, L84, F|288/288\n|turn|12\n|inactive|Time left: 300 sec this turn | 300 sec total\n|\n|t:|1783562387\n|move|p1a: Ursaring|Swords Dance|p1a: Ursaring\n|-boost|p1a: Ursaring|atk|2\n|move|p2a: Hypno|Focus Blast|p1a: Ursaring\n|-supereffective|p1a: Ursaring\n|-damage|p1a: Ursaring|82/288\n|\n|-heal|p2a: Hypno|60/100 par|[from] item: Leftovers\n|-status|p1a: Ursaring|tox|[from] item: Toxic Orb\n|upkeep\n|turn|13\n|inactive|Time left: 300 sec this turn | 300 sec total\n|\n|t:|1783562388\n|move|p1a: Ursaring|Facade|p2a: Hypno\n|-damage|p2a: Hypno|0 fnt\n|faint|p2a: Hypno\n|\n|-damage|p1a: Ursaring|64/288 tox|[from] psn\n|upkeep\n|\n|t:|1783562389\n|switch|p2a: Pikachu|Pikachu-Hoenn, L93, F|100/100\n|-damage|p2a: Pikachu|88/100|[from] Stealth Rock\n|turn|14\n|inactive|Time left: 300 sec this turn | 300 sec total\n|\n|t:|1783562390\n|switch|p1a: Leafeon|Leafeon, L88, F|258/258\n|move|p2a: Pikachu|Surf|p1a: Leafeon\n|-resisted|p1a: Leafeon\n|-damage|p1a: Leafeon|196/258\n|\n|upkeep\n|turn|15\n|inactive|Time left: 300 sec this turn | 300 sec total\n|\n|t:|1783562391\n|move|p2a: Pikachu|Knock Off|p1a: Leafeon\n|-damage|p1a: Leafeon|118/258\n|-enditem|p1a: Leafeon|Life Orb|[from] move: Knock Off|[of] p2a: Pikachu\n|move|p1a: Leafeon|Synthesis|p1a: Leafeon\n|-heal|p1a: Leafeon|247/258\n|\n|upkeep\n|turn|16\n|inactive|Time left: 300 sec this turn | 300 sec total\n|\n|t:|1783562392\n|move|p2a: Pikachu|Play Rough|p1a: Leafeon\n|-damage|p1a: Leafeon|175/258\n|move|p1a: Leafeon|Swords Dance|p1a: Leafeon\n|-boost|p1a: Leafeon|atk|2\n|\n|upkeep\n|turn|17\n|inactive|Time left: 300 sec this turn | 300 sec total\n|\n|t:|1783562393\n|switch|p2a: Electrode|Electrode, L92, tera:Ice|5/100\n|-damage|p2a: Electrode|0 fnt|[from] Stealth Rock\n|faint|p2a: Electrode\n|move|p1a: Leafeon|Leaf Blade|p2: Electrode|[notarget]\n|-fail|p1a: Leafeon\n|\n|upkeep\n|\n|t:|1783562394\n|switch|p2a: Froslass|Froslass, L87, F|100/100\n|-damage|p2a: Froslass|76/100|[from] Stealth Rock\n|turn|18\n|inactive|Time left: 300 sec this turn | 300 sec total\n|\n|t:|1783562395\n|-terastallize|p1a: Leafeon|Normal\n|move|p2a: Froslass|Triple Axel|p1a: Leafeon\n|-damage|p1a: Leafeon|162/258\n|-damage|p1a: Leafeon|134/258\n|-damage|p1a: Leafeon|91/258\n|-hitcount|p1a: Leafeon|3\n|move|p1a: Leafeon|Synthesis|p1a: Leafeon\n|-heal|p1a: Leafeon|220/258\n|\n|upkeep\n|turn|19\n|inactive|Time left: 300 sec this turn | 300 sec total\n|\n|t:|1783562396\n|move|p2a: Froslass|Triple Axel|p1a: Leafeon\n|-damage|p1a: Leafeon|207/258\n|-damage|p1a: Leafeon|180/258\n|-damage|p1a: Leafeon|138/258\n|-hitcount|p1a: Leafeon|3\n|move|p1a: Leafeon|Synthesis|p1a: Leafeon\n|-heal|p1a: Leafeon|258/258\n|\n|upkeep\n|turn|20\n|inactive|Time left: 300 sec this turn | 300 sec total\n|\n|t:|1783562397\n|move|p2a: Froslass|Triple Axel|p1a: Leafeon\n|-damage|p1a: Leafeon|243/258\n|-damage|p1a: Leafeon|215/258\n|-damage|p1a: Leafeon|172/258\n|-hitcount|p1a: Leafeon|3\n|move|p1a: Leafeon|Swords Dance|p1a: Leafeon\n|-boost|p1a: Leafeon|atk|2\n|\n|upkeep\n|turn|21\n|inactive|Time left: 300 sec this turn | 300 sec total\n|\n|t:|1783562398\n|move|p2a: Froslass|Triple Axel|p1a: Leafeon\n|-damage|p1a: Leafeon|159/258\n|-damage|p1a: Leafeon|129/258\n|-damage|p1a: Leafeon|89/258\n|-hitcount|p1a: Leafeon|3\n|move|p1a: Leafeon|Synthesis|p1a: Leafeon\n|-heal|p1a: Leafeon|218/258\n|\n|upkeep\n|turn|22\n|inactive|Time left: 300 sec this turn | 300 sec total\n|\n|t:|1783562399\n|move|p2a: Froslass|Triple Axel|p1a: Leafeon\n|-damage|p1a: Leafeon|203/258\n|-damage|p1a: Leafeon|173/258\n|-damage|p1a: Leafeon|134/258\n|-hitcount|p1a: Leafeon|3\n|move|p1a: Leafeon|Synthesis|p1a: Leafeon\n|-heal|p1a: Leafeon|258/258\n|\n|upkeep\n|turn|23\n|inactive|Time left: 300 sec this turn | 300 sec total\n|\n|t:|1783562400\n|move|p2a: Froslass|Triple Axel|p1a: Leafeon\n|-damage|p1a: Leafeon|243/258\n|-damage|p1a: Leafeon|213/258\n|-damage|p1a: Leafeon|173/258\n|-hitcount|p1a: Leafeon|3\n|move|p1a: Leafeon|Leaf Blade|p2a: Froslass\n|-damage|p2a: Froslass|0 fnt\n|-start|p1a: Leafeon|Disable|Leaf Blade|[from] ability: Cursed Body|[of] p2a: Froslass\n|faint|p2a: Froslass\n|\n|upkeep\n|\n|t:|1783562401\n|switch|p2a: Pikachu|Pikachu-Hoenn, L93, F|88/100\n|-damage|p2a: Pikachu|75/100|[from] Stealth Rock\n|turn|24\n|inactive|Time left: 300 sec this turn | 300 sec total\n|\n|t:|1783562402\n|move|p2a: Pikachu|Volt Tackle|p1a: Leafeon\n|-damage|p1a: Leafeon|35/258\n|-damage|p2a: Pikachu|54/100|[from] Recoil\n|move|p1a: Leafeon|Double-Edge|p2a: Pikachu\n|-damage|p2a: Pikachu|0 fnt\n|faint|p2a: Pikachu\n|-damage|p1a: Leafeon|0 fnt|[from] Recoil\n|faint|p1a: Leafeon\n|\n|upkeep\n|inactive|Time left: 300 sec this turn | 300 sec total | 5 sec grace\n|\n|t:|1783562403\n|switch|p2a: Rayquaza|Rayquaza, L72|46/100\n|switch|p1a: Ursaring|Ursaring, L84, F|64/288 tox\n|-damage|p2a: Rayquaza|21/100|[from] Stealth Rock\n|-ability|p2a: Rayquaza|Air Lock\n|turn|25\n|inactive|Time left: 300 sec this turn | 300 sec total\n|\n|t:|1783562404\n|move|p2a: Rayquaza|Extreme Speed|p1a: Ursaring\n|-damage|p1a: Ursaring|0 fnt\n|faint|p1a: Ursaring\n|\n|win|p0y19961db2", "uploadtime": 1783562404, "views": 0, "rating": 0, "private": 0, "password": null, "_winner": "p0y19961db2", "_our_name": "p0x199697d7"}