{"id": "battle-gen9randombattle-2610", "formatid": "gen9randombattle", "format": "[Gen 9] Random Battle", "players": ["p0x2610d052", "p0y2610e7e9"], "log": "|init|battle\n|title|p0x2610d052 vs. p0y2610e7e9\n|j|\u2606p0x2610d052\n|j|\u2606p0y2610e7e9\n|t:|1783569160\n|gametype|singles\n|player|p1|p0x2610d052|265|\n|player|p2|p0y2610e7e9|102|\n|gen|9\n|tier|[Gen 9] Random Battle\n|rule|Species Clause: Limit one of each Pok\u00e9mon\n|rule|HP Percentage Mod: HP is shown in percentages\n|rule|Sleep Clause Mod: Limit one foe put to sleep\n|rule|Illusion Level Mod: Illusion disguises the Pok\u00e9mon's true level\n|\n|t:|1783569160\n|teamsize|p1|6\n|teamsize|p2|6\n|start\n|switch|p1a: Zangoose|Zangoose, L85, F|263/263\n|switch|p2a: Vaporeon|Vaporeon, L86, F|100/100\n|turn|1\n|inactive|Battle timer is ON: inactive players will automatically lose when time's up. (requested by p0y2610e7e9)\n|inactive|Time left: 300 sec this turn | 300 sec total | 60 sec grace\n|inactive|p0x2610d052 also wants the timer to be on.\n|\n|t:|1783569162\n|move|p1a: Zangoose|Swords Dance|p1a: Zangoose\n|-boost|p1a: Zangoose|atk|2\n|move|p2a: Vaporeon|Scald|p1a: Zangoose\n|-damage|p1a: Zangoose|145/263\n|\n|-status|p1a: Zangoose|tox|[from] item: Toxic Orb\n|upkeep\n|turn|2\n|inactive|Time left: 300 sec this turn | 300 sec total\n|\n|t:|1783569163\n|move|p2a: Vaporeon|Protect|p2a: Vaporeon\n|-singleturn|p2a: Vaporeon|Protect\n|move|p1a: Zangoose|Facade|p2a: Vaporeon\n|-activate|p2a: Vaporeon|move: Protect\n|\n|-damage|p1a: Zangoose|129/263 tox|[from] psn\n|upkeep\n|turn|3\n|inactive|Time left: 300 sec this turn | 300 sec total\n|\n|t:|1783569164\n|switch|p2a: Ceruledge|Ceruledge, L78, F|100/100\n|move|p1a: Zangoose|Facade|p2a: Ceruledge\n|-immune|p2a: Ceruledge\n|\n|-damage|p1a: Zangoose|97/263 tox|[from] psn\n|upkeep\n|turn|4\n|inactive|Time left: 300 sec this turn | 300 sec total\n|\n|t:|1783569165\n|switch|p2a: Iron Thorns|Iron Thorns, L83|100/100\n|-item|p2a: Iron Thorns|Air Balloon\n|move|p1a: Zangoose|Knock Off|p2a: Iron Thorns\n|-damage|p2a: Iron Thorns|29/100\n|-enditem|p2a: Iron Thorns|Air Balloon\n|\n|-damage|p1a: Zangoose|49/263 tox|[from] psn\n|upkeep\n|turn|5\n|inactive|Time left: 300 sec this turn | 300 sec total\n|\n|t:|1783569166\n|move|p1a: Zangoose|Facade|p2a: Iron Thorns\n|-resisted|p2a: Iron Thorns\n|-damage|p2a: Iron Thorns|0 fnt\n|faint|p2a: Iron Thorns\n|-end|p2a: Iron Thorns|Quark Drive|[silent]\n|\n|-damage|p1a: Zangoose|0 fnt|[from] psn\n|faint|p1a: Zangoose\n|upkeep\n|inactive|Time left: 300 sec this turn | 300 sec total | 5 sec grace\n|\n|t:|1783569167\n|switch|p1a: Iron Thorns|Iron Thorns, L83|302/302\n|switch|p2a: Vaporeon|Vaporeon, L86, F|100/100\n|-enditem|p1a: Iron Thorns|Booster Energy\n|-activate|p1a: Iron Thorns|ability: Quark Drive|[fromitem]\n|-start|p1a: Iron Thorns|quarkdriveatk\n|turn|6\n|inactive|Time left: 300 sec this turn | 300 sec total\n|\n|t:|1783569168\n|move|p1a: Iron Thorns|Wild Charge|p2a: Vaporeon\n|-supereffective|p2a: Vaporeon\n|-damage|p2a: Vaporeon|0 fnt\n|faint|p2a: Vaporeon\n|-damage|p1a: Iron Thorns|211/302|[from] Recoil\n|\n|upkeep\n|\n|t:|1783569169\n|switch|p2a: Kingdra|Kingdra, L84, M|100/100\n|turn|7\n|inactive|Time left: 300 sec this turn | 300 sec total\n|\n|t:|1783569170\n|move|p2a: Kingdra|Wave Crash|p1a: Iron Thorns\n|-supereffective|p1a: Iron Thorns\n|-damage|p1a: Iron Thorns|1/302\n|-damage|p2a: Kingdra|74/100|[from] Recoil\n|move|p1a: Iron Thorns|Wild Charge|p2a: Kingdra\n|-damage|p2a: Kingdra|23/100\n|-damage|p1a: Iron Thorns|0 fnt|[from] Recoil\n|faint|p1a: Iron Thorns\n|-end|p1a: Iron Thorns|Quark Drive|[silent]\n|\n|upkeep\n|inactive|Time left: 300 sec this turn | 300 sec total | 5 sec grace\n|\n|t:|1783569171\n|switch|p1a: Mimikyu|Mimikyu, L79, F|216/216\n|turn|8\n|inactive|Time left: 300 sec this turn | 300 sec total\n|\n|t:|1783569172\n|switch|p2a: Ceruledge|Ceruledge, L78, F|100/100\n|move|p1a: Mimikyu|Swords Dance|p1a: Mimikyu\n|-boost|p1a: Mimikyu|atk|2\n|\n|upkeep\n|turn|9\n|inactive|Time left: 300 sec this turn | 300 sec total\n|\n|t:|1783569173\n|move|p2a: Ceruledge|Shadow Sneak|p1a: Mimikyu\n|-activate|p1a: Mimikyu|ability: Disguise\n|-damage|p1a: Mimikyu|216/216\n|detailschange|p1a: Mimikyu|Mimikyu-Busted, L79, F\n|-damage|p1a: Mimikyu|189/216|[from] pokemon: Mimikyu-Busted\n|move|p1a: Mimikyu|Shadow Claw|p2a: Ceruledge\n|-supereffective|p2a: Ceruledge\n|-damage|p2a: Ceruledge|0 fnt\n|faint|p2a: Ceruledge\n|-damage|p1a: Mimikyu|168/216|[from] item: Life Orb\n|\n|upkeep\n|\n|t:|1783569174\n|switch|p2a: Calyrex|Calyrex-Ice, L72|100/100\n|-ability|p2a: Calyrex|As One\n|-ability|p2a: Calyrex|Unnerve\n|turn|10\n|inactive|Time left: 300 sec this turn | 300 sec total\n|\n|t:|1783569175\n|-terastallize|p2a: Calyrex|Ground\n|move|p1a: Mimikyu|Shadow Claw|p2a: Calyrex\n|-damage|p2a: Calyrex|53/100\n|-damage|p1a: Mimikyu|147/216|[from] item: Life Orb\n|move|p2a: Calyrex|Glacial Lance|p1a: Mimikyu\n|-damage|p1a: Mimikyu|0 fnt\n|faint|p1a: Mimikyu\n|-ability|p2a: Calyrex|Chilling Neigh|boost\n|-boost|p2a: Calyrex|atk|1\n|\n|upkeep\n|inactive|Time left: 300 sec this turn | 300 sec total | 5 sec grace\n|\n|t:|1783569176\n|switch|p1a: Breloom|Breloom, L83, M|235/235\n|turn|11\n|inactive|Time left: 300 sec this turn | 300 sec total\n|\n|t:|1783569176\n|switch|p2a: Goodra|Goodra, L85, M|100/100\n|move|p1a: Breloom|Bullet Seed|p2a: Goodra\n|-ability|p2a: Goodra|Sap Sipper|boost\n|-boost|p2a: Goodra|atk|1\n|\n|upkeep\n|turn|12\n|inactive|Time left: 300 sec this turn | 300 sec total\n|\n|t:|1783569177\n|-terastallize|p1a: Breloom|Fighting\n|move|p2a: Goodra|Sludge Bomb|p1a: Breloom\n|-damage|p1a: Breloom|139/235\n|-status|p1a: Breloom|psn\n|move|p1a: Breloom|Swords Dance|p1a: Breloom\n|-boost|p1a: Breloom|atk|2\n|\n|-damage|p1a: Breloom|110/235 psn|[from] psn\n|upkeep\n|turn|13\n|inactive|Time left: 300 sec this turn | 300 sec total\n|\n|t:|1783569179\n|switch|p2a: Kingdra|Kingdra, L84, M|23/100\n|move|p1a: Breloom|Mach Punch|p2a: Kingdra\n|-damage|p2a: Kingdra|0 fnt\n|faint|p2a: Kingdra\n|-damage|p1a: Breloom|87/235 psn|[from] item: Life Orb\n|\n|-damage|p1a: Breloom|58/235 psn|[from] psn\n|upkeep\n|\n|t:|1783569179\n|switch|p2a: Goodra|Goodra, L85, M|100/100\n|turn|14\n|inactive|Time left: 300 sec this turn | 300 sec total\n|\n|t:|1783569180\n|move|p1a: Breloom|Mach Punch|p2a: Goodra\n|-damage|p2a: Goodra|0 fnt\n|faint|p2a: Goodra\n|-damage|p1a: Breloom|35/235 psn|[from] item: Life Orb\n|\n|-damage|p1a: Breloom|6/235 psn|[from] psn\n|upkeep\n|\n|t:|1783569181\n|switch|p2a: Calyrex|Calyrex-Ice, L72, tera:Ground|53/100\n|-ability|p2a: Calyrex|As One\n|-ability|p2a: Calyrex|Unnerve\n|turn|15\n|inactive|Time left: 300 sec this turn | 300 sec total\n|\n|t:|1783569182\n|move|p1a: Breloom|Mach Punch|p2a: Calyrex\n|-damage|p2a: Calyrex|0 fnt\n|faint|p2a: Calyrex\n|-damage|p1a: Breloom|0 fnt|[from] item: Life Orb\n|faint|p1a: Breloom\n|\n|win|p0x2610d052", "uploadtime": 1783569182, "views": 0, "rating": 0, "private": 0, "password": null, "_winner": "p0x2610d052", "_our_name": "p0x2610d052"}