{"id": "battle-gen9randombattle-548", "formatid": "gen9randombattle", "format": "[Gen 9] Random Battle", "players": ["p0x54885fa", "p0y548138c"], "log": "|init|battle\n|title|p0x54885fa vs. p0y548138c\n|j|\u2606p0x54885fa\n|j|\u2606p0y548138c\n|t:|1783545418\n|gametype|singles\n|player|p1|p0x54885fa|2|\n|player|p2|p0y548138c|265|\n|gen|9\n|tier|[Gen 9] Random Battle\n|rule|Species Clause: Limit one of each Pok\u00e9mon\n|rule|HP Percentage Mod: HP is shown in percentages\n|rule|Sleep Clause Mod: Limit one foe put to sleep\n|rule|Illusion Level Mod: Illusion disguises the Pok\u00e9mon's true level\n|\n|t:|1783545418\n|teamsize|p1|6\n|teamsize|p2|6\n|start\n|switch|p1a: Granbull|Granbull, L88, F|302/302\n|switch|p2a: Sunflora|Sunflora, F|100/100\n|-ability|p1a: Granbull|Intimidate|boost\n|-unboost|p2a: Sunflora|atk|1\n|turn|1\n|inactive|Battle timer is ON: inactive players will automatically lose when time's up. (requested by p0y548138c)\n|inactive|Time left: 300 sec this turn | 300 sec total | 60 sec grace\n|\n|t:|1783545420\n|move|p1a: Granbull|Thunder Wave|p2a: Sunflora\n|-status|p2a: Sunflora|par\n|cant|p2a: Sunflora|par\n|\n|upkeep\n|turn|2\n|inactive|Time left: 300 sec this turn | 300 sec total\n|inactive|p0x54885fa also wants the timer to be on.\n|\n|t:|1783545421\n|move|p1a: Granbull|Play Rough|p2a: Sunflora\n|-damage|p2a: Sunflora|50/100 par\n|move|p2a: Sunflora|Solar Beam||[still]\n|-prepare|p2a: Sunflora|Solar Beam\n|\n|upkeep\n|turn|3\n|inactive|Time left: 300 sec this turn | 300 sec total\n|\n|t:|1783545422\n|switch|p1a: Kricketune|Kricketune, L99, M|312/312\n|move|p2a: Sunflora|Solar Beam|p1a: Kricketune|[from] lockedmove\n|-resisted|p1a: Kricketune\n|-crit|p1a: Kricketune\n|-damage|p1a: Kricketune|70/312\n|-damage|p2a: Sunflora|40/100 par|[from] item: Life Orb\n|\n|upkeep\n|turn|4\n|inactive|Time left: 300 sec this turn | 300 sec total\n|\n|t:|1783545423\n|switch|p2a: Fezandipiti|Fezandipiti, L82, M|100/100\n|move|p1a: Kricketune|Sticky Web|p2a: Fezandipiti\n|-sidestart|p2: p0y548138c|move: Sticky Web\n|\n|upkeep\n|turn|5\n|inactive|Time left: 300 sec this turn | 300 sec total\n|\n|t:|1783545424\n|switch|p1a: Glimmora|Glimmora, L75, F|248/248\n|move|p2a: Fezandipiti|Gunk Shot|p1a: Glimmora\n|-resisted|p1a: Glimmora\n|-damage|p1a: Glimmora|218/248\n|-activate|p1a: Glimmora|ability: Toxic Debris\n|-sidestart|p2: p0y548138c|move: Toxic Spikes\n|\n|upkeep\n|turn|6\n|inactive|Time left: 300 sec this turn | 300 sec total\n|\n|t:|1783545426\n|move|p2a: Fezandipiti|Swords Dance|p2a: Fezandipiti\n|-boost|p2a: Fezandipiti|atk|2\n|move|p1a: Glimmora|Meteor Beam||[still]\n|-prepare|p1a: Glimmora|Meteor Beam\n|-boost|p1a: Glimmora|spa|1\n|-enditem|p1a: Glimmora|Power Herb\n|-anim|p1a: Glimmora|Meteor Beam|p2a: Fezandipiti\n|-damage|p2a: Fezandipiti|43/100\n|\n|-heal|p2a: Fezandipiti|49/100|[from] item: Leftovers\n|upkeep\n|turn|7\n|inactive|Time left: 300 sec this turn | 300 sec total\n|\n|t:|1783545427\n|-terastallize|p2a: Fezandipiti|Ground\n|move|p2a: Fezandipiti|Tera Blast|p1a: Glimmora|[anim] Tera Blast Ground\n|-supereffective|p1a: Glimmora\n|-damage|p1a: Glimmora|0 fnt\n|-activate|p1a: Glimmora|ability: Toxic Debris\n|-sidestart|p2: p0y548138c|move: Toxic Spikes\n|faint|p1a: Glimmora\n|\n|-heal|p2a: Fezandipiti|56/100|[from] item: Leftovers\n|upkeep\n|inactive|Time left: 300 sec this turn | 300 sec total | 5 sec grace\n|\n|t:|1783545428\n|switch|p1a: Koraidon|Koraidon, L64|235/235\n|-weather|SunnyDay|[from] ability: Orichalcum Pulse|[of] p1a: Koraidon\n|-activate|p1a: Koraidon|Orichalcum Pulse|[source]\n|turn|8\n|inactive|Time left: 300 sec this turn | 300 sec total\n|\n|t:|1783545429\n|move|p1a: Koraidon|Outrage|p2a: Fezandipiti\n|-damage|p2a: Fezandipiti|0 fnt\n|faint|p2a: Fezandipiti\n|\n|-weather|SunnyDay|[upkeep]\n|upkeep\n|\n|t:|1783545430\n|switch|p2a: Toedscruel|Toedscruel, L87, M|100/100\n|-activate|p2a: Toedscruel|move: Sticky Web\n|-unboost|p2a: Toedscruel|spe|1\n|-status|p2a: Toedscruel|tox\n|turn|9\n|inactive|Time left: 300 sec this turn | 300 sec total\n|\n|t:|1783545431\n|move|p1a: Koraidon|Outrage|p2a: Toedscruel|[from] lockedmove\n|-damage|p2a: Toedscruel|19/100 tox\n|-start|p1a: Koraidon|confusion|[fatigue]\n|move|p2a: Toedscruel|Rapid Spin|p1a: Koraidon\n|-damage|p1a: Koraidon|205/235\n|-boost|p2a: Toedscruel|spe|1\n|-sideend|p2: p0y548138c|Toxic Spikes|[from] move: Rapid Spin|[of] p2a: Toedscruel\n|-sideend|p2: p0y548138c|Sticky Web|[from] move: Rapid Spin|[of] p2a: Toedscruel\n|\n|-weather|SunnyDay|[upkeep]\n|-damage|p2a: Toedscruel|13/100 tox|[from] psn\n|upkeep\n|turn|10\n|inactive|Time left: 300 sec this turn | 300 sec total\n|\n|t:|1783545432\n|switch|p1a: Kricketune|Kricketune, L99, M|70/312\n|move|p2a: Toedscruel|Earth Power|p1a: Kricketune\n|-resisted|p1a: Kricketune\n|-damage|p1a: Kricketune|15/312\n|\n|-weather|SunnyDay|[upkeep]\n|-damage|p2a: Toedscruel|1/100 tox|[from] psn\n|upkeep\n|turn|11\n|inactive|Time left: 300 sec this turn | 300 sec total\n|\n|t:|1783545433\n|move|p2a: Toedscruel|Earth Power|p1a: Kricketune\n|-resisted|p1a: Kricketune\n|-damage|p1a: Kricketune|0 fnt\n|faint|p1a: Kricketune\n|\n|-weather|SunnyDay|[upkeep]\n|-damage|p2a: Toedscruel|0 fnt|[from] psn\n|faint|p2a: Toedscruel\n|upkeep\n|inactive|Time left: 300 sec this turn | 300 sec total | 5 sec grace\n|\n|t:|1783545434\n|switch|p2a: Sunflora|Sunflora, F|40/100 par\n|switch|p1a: Koraidon|Koraidon, L64|205/235\n|-activate|p1a: Koraidon|ability: Orichalcum Pulse\n|turn|12\n|inactive|Time left: 300 sec this turn | 300 sec total\n|\n|t:|1783545435\n|move|p1a: Koraidon|Outrage|p2a: Sunflora\n|-damage|p2a: Sunflora|0 fnt\n|faint|p2a: Sunflora\n|\n|-weather|none\n|upkeep\n|\n|t:|1783545436\n|switch|p2a: Bisharp|Bisharp, L79, M|100/100\n|turn|13\n|inactive|Time left: 300 sec this turn | 300 sec total\n|\n|t:|1783545437\n|move|p1a: Koraidon|Outrage|p2a: Bisharp|[from] lockedmove\n|-resisted|p2a: Bisharp\n|-damage|p2a: Bisharp|80/100\n|-start|p1a: Koraidon|confusion|[fatigue]\n|move|p2a: Bisharp|Swords Dance|p2a: Bisharp\n|-boost|p2a: Bisharp|atk|2\n|\n|upkeep\n|turn|14\n|inactive|Time left: 300 sec this turn | 300 sec total\n|\n|t:|1783545437\n|switch|p1a: Magmortar|Magmortar, L88, M|275/275\n|move|p2a: Bisharp|Throat Chop|p1a: Magmortar\n|-damage|p1a: Magmortar|44/275\n|-start|p1a: Magmortar|Throat Chop|[silent]\n|-status|p2a: Bisharp|brn|[from] ability: Flame Body|[of] p1a: Magmortar\n|\n|-damage|p2a: Bisharp|74/100 brn|[from] brn\n|upkeep\n|turn|15\n|inactive|Time left: 300 sec this turn | 300 sec total\n|\n|t:|1783545438\n|move|p2a: Bisharp|Sucker Punch|p1a: Magmortar\n|-damage|p1a: Magmortar|0 fnt\n|faint|p1a: Magmortar\n|\n|-damage|p2a: Bisharp|68/100 brn|[from] brn\n|upkeep\n|inactive|Time left: 300 sec this turn | 300 sec total | 5 sec grace\n|\n|t:|1783545439\n|switch|p1a: Zekrom|Zekrom, L71|259/259\n|-ability|p1a: Zekrom|Teravolt\n|turn|16\n|inactive|Time left: 300 sec this turn | 300 sec total\n|\n|t:|1783545440\n|move|p1a: Zekrom|Dragon Dance|p1a: Zekrom\n|-boost|p1a: Zekrom|atk|1\n|-boost|p1a: Zekrom|spe|1\n|move|p2a: Bisharp|Throat Chop|p1a: Zekrom\n|-damage|p1a: Zekrom|178/259\n|-start|p1a: Zekrom|Throat Chop|[silent]\n|\n|-heal|p1a: Zekrom|194/259|[from] item: Leftovers\n|-damage|p2a: Bisharp|62/100 brn|[from] brn\n|upkeep\n|turn|17\n|inactive|Time left: 300 sec this turn | 300 sec total\n|\n|t:|1783545442\n|move|p1a: Zekrom|Dragon Dance|p1a: Zekrom\n|-boost|p1a: Zekrom|atk|1\n|-boost|p1a: Zekrom|spe|1\n|move|p2a: Bisharp|Throat Chop|p1a: Zekrom\n|-damage|p1a: Zekrom|113/259\n|\n|-heal|p1a: Zekrom|129/259|[from] item: Leftovers\n|-damage|p2a: Bisharp|56/100 brn|[from] brn\n|-end|p1a: Zekrom|Throat Chop|[silent]\n|upkeep\n|turn|18\n|inactive|Time left: 300 sec this turn | 300 sec total\n|\n|t:|1783545443\n|move|p1a: Zekrom|Bolt Strike|p2a: Bisharp\n|-damage|p2a: Bisharp|0 fnt\n|faint|p2a: Bisharp\n|\n|-heal|p1a: Zekrom|145/259|[from] item: Leftovers\n|upkeep\n|\n|t:|1783545444\n|switch|p2a: Hawlucha|Hawlucha, L80, M|100/100\n|turn|19\n|inactive|Time left: 300 sec this turn | 300 sec total\n|\n|t:|1783545445\n|move|p1a: Zekrom|Outrage|p2a: Hawlucha\n|-damage|p2a: Hawlucha|0 fnt\n|faint|p2a: Hawlucha\n|\n|-heal|p1a: Zekrom|161/259|[from] item: Leftovers\n|upkeep\n|\n|t:|1783545446\n|switch|p2a: Crawdaunt|Crawdaunt, L84, F|100/100\n|turn|20\n|inactive|Time left: 300 sec this turn | 300 sec total\n|\n|t:|1783545447\n|move|p1a: Zekrom|Outrage|p2a: Crawdaunt|[from] lockedmove\n|-damage|p2a: Crawdaunt|0 fnt\n|faint|p2a: Crawdaunt\n|-start|p1a: Zekrom|confusion|[fatigue]\n|\n|win|p0x54885fa", "uploadtime": 1783545447, "views": 0, "rating": 0, "private": 0, "password": null, "_winner": "p0x54885fa", "_our_name": "p0x54885fa"}