{"id": "battle-gen9randombattle-251", "formatid": "gen9randombattle", "format": "[Gen 9] Random Battle", "players": ["p0x25123c9", "p0y251f128"], "log": "|init|battle\n|title|p0x25123c9 vs. p0y251f128\n|j|\u2606p0x25123c9\n|j|\u2606p0y251f128\n|t:|1783542010\n|gametype|singles\n|player|p1|p0x25123c9|1|\n|player|p2|p0y251f128|2|\n|gen|9\n|tier|[Gen 9] Random Battle\n|rule|Species Clause: Limit one of each Pok\u00e9mon\n|rule|HP Percentage Mod: HP is shown in percentages\n|rule|Sleep Clause Mod: Limit one foe put to sleep\n|rule|Illusion Level Mod: Illusion disguises the Pok\u00e9mon's true level\n|\n|t:|1783542010\n|teamsize|p1|6\n|teamsize|p2|6\n|start\n|switch|p1a: Spidops|Spidops, L96, F|100/100\n|switch|p2a: Appletun|Appletun, L92, M|352/352\n|turn|1\n|inactive|Battle timer is ON: inactive players will automatically lose when time's up. (requested by p0x25123c9)\n|inactive|Time left: 300 sec this turn | 300 sec total | 60 sec grace\n|inactive|p0y251f128 also wants the timer to be on.\n|\n|t:|1783542011\n|move|p1a: Spidops|Sticky Web|p2a: Appletun\n|-sidestart|p2: p0y251f128|move: Sticky Web\n|move|p2a: Appletun|Apple Acid|p1a: Spidops\n|-resisted|p1a: Spidops\n|-damage|p1a: Spidops|84/100\n|-unboost|p1a: Spidops|spd|1\n|\n|upkeep\n|turn|2\n|inactive|Time left: 300 sec this turn | 300 sec total\n|\n|t:|1783542013\n|move|p1a: Spidops|Toxic Spikes|p2a: Appletun\n|-sidestart|p2: p0y251f128|move: Toxic Spikes\n|move|p2a: Appletun|Leech Seed|p1a: Spidops|[miss]\n|-miss|p2a: Appletun|p1a: Spidops\n|\n|upkeep\n|turn|3\n|inactive|Time left: 300 sec this turn | 300 sec total\n|\n|t:|1783542013\n|move|p1a: Spidops|Spikes|p2a: Appletun\n|-sidestart|p2: p0y251f128|Spikes\n|move|p2a: Appletun|Apple Acid|p1a: Spidops\n|-resisted|p1a: Spidops\n|-damage|p1a: Spidops|59/100\n|-unboost|p1a: Spidops|spd|1\n|\n|upkeep\n|turn|4\n|inactive|Time left: 300 sec this turn | 300 sec total\n|\n|t:|1783542014\n|switch|p1a: Espathra|Espathra, L80, F|100/100\n|move|p2a: Appletun|Apple Acid|p1a: Espathra\n|-damage|p1a: Espathra|52/100\n|-unboost|p1a: Espathra|spd|1\n|\n|-heal|p1a: Espathra|58/100|[from] item: Leftovers\n|upkeep\n|turn|5\n|inactive|Time left: 300 sec this turn | 300 sec total\n|\n|t:|1783542015\n|move|p1a: Espathra|Substitute|p1a: Espathra\n|-start|p1a: Espathra|Substitute\n|-damage|p1a: Espathra|34/100\n|move|p2a: Appletun|Apple Acid|p1a: Espathra\n|-end|p1a: Espathra|Substitute\n|\n|-heal|p1a: Espathra|40/100|[from] item: Leftovers\n|-ability|p1a: Espathra|Speed Boost|boost\n|-boost|p1a: Espathra|spe|1\n|upkeep\n|turn|6\n|inactive|Time left: 300 sec this turn | 300 sec total\n|\n|t:|1783542016\n|move|p1a: Espathra|Substitute|p1a: Espathra\n|-start|p1a: Espathra|Substitute\n|-damage|p1a: Espathra|15/100\n|move|p2a: Appletun|Apple Acid|p1a: Espathra\n|-end|p1a: Espathra|Substitute\n|\n|-heal|p1a: Espathra|21/100|[from] item: Leftovers\n|-ability|p1a: Espathra|Speed Boost|boost\n|-boost|p1a: Espathra|spe|1\n|upkeep\n|turn|7\n|inactive|Time left: 300 sec this turn | 300 sec total\n|\n|t:|1783542017\n|move|p1a: Espathra|Calm Mind|p1a: Espathra\n|-boost|p1a: Espathra|spa|1\n|-boost|p1a: Espathra|spd|1\n|move|p2a: Appletun|Apple Acid|p1a: Espathra\n|-damage|p1a: Espathra|0 fnt\n|faint|p1a: Espathra\n|\n|upkeep\n|\n|t:|1783542018\n|switch|p1a: Flapple|Flapple, L88, M|100/100\n|turn|8\n|inactive|Time left: 300 sec this turn | 300 sec total\n|\n|t:|1783542019\n|move|p1a: Flapple|Outrage|p2a: Appletun\n|-supereffective|p2a: Appletun\n|-damage|p2a: Appletun|0 fnt\n|faint|p2a: Appletun\n|\n|upkeep\n|inactive|Time left: 300 sec this turn | 300 sec total | 5 sec grace\n|\n|t:|1783542020\n|switch|p2a: Weavile|Weavile, L79, M|240/240\n|turn|9\n|inactive|Time left: 300 sec this turn | 300 sec total\n|\n|t:|1783542021\n|move|p2a: Weavile|Triple Axel|p1a: Flapple\n|-supereffective|p1a: Flapple\n|-damage|p1a: Flapple|67/100\n|-supereffective|p1a: Flapple\n|-damage|p1a: Flapple|0 fnt\n|faint|p1a: Flapple\n|-hitcount|p1: Flapple|2\n|\n|upkeep\n|\n|t:|1783542022\n|switch|p1a: Iron Hands|Iron Hands, L79|100/100\n|turn|10\n|inactive|Time left: 300 sec this turn | 300 sec total\n|\n|t:|1783542023\n|switch|p2a: Basculegion|Basculegion, L80, M|323/323\n|-activate|p2a: Basculegion|move: Sticky Web\n|-unboost|p2a: Basculegion|spe|1\n|-status|p2a: Basculegion|psn\n|-damage|p2a: Basculegion|283/323 psn|[from] Spikes\n|move|p1a: Iron Hands|Swords Dance|p1a: Iron Hands\n|-boost|p1a: Iron Hands|atk|2\n|\n|-damage|p2a: Basculegion|243/323 psn|[from] psn\n|upkeep\n|turn|11\n|inactive|Time left: 300 sec this turn | 300 sec total\n|\n|t:|1783542024\n|move|p1a: Iron Hands|Thunder Punch|p2a: Basculegion\n|-supereffective|p2a: Basculegion\n|-damage|p2a: Basculegion|0 fnt\n|faint|p2a: Basculegion\n|\n|upkeep\n|inactive|Time left: 300 sec this turn | 300 sec total | 5 sec grace\n|\n|t:|1783542025\n|switch|p2a: Girafarig|Girafarig, L89, F|269/269\n|-activate|p2a: Girafarig|move: Sticky Web\n|-unboost|p2a: Girafarig|spe|1\n|-status|p2a: Girafarig|psn\n|-damage|p2a: Girafarig|236/269 psn|[from] Spikes\n|turn|12\n|inactive|Time left: 300 sec this turn | 300 sec total\n|\n|t:|1783542026\n|move|p2a: Girafarig|Nasty Plot|p2a: Girafarig\n|-boost|p2a: Girafarig|spa|2\n|move|p1a: Iron Hands|Swords Dance|p1a: Iron Hands\n|-boost|p1a: Iron Hands|atk|2\n|\n|-damage|p2a: Girafarig|203/269 psn|[from] psn\n|upkeep\n|turn|13\n|inactive|Time left: 300 sec this turn | 300 sec total\n|\n|t:|1783542027\n|-terastallize|p2a: Girafarig|Psychic\n|move|p2a: Girafarig|Psyshock|p1a: Iron Hands\n|-supereffective|p1a: Iron Hands\n|-damage|p1a: Iron Hands|0 fnt\n|faint|p1a: Iron Hands\n|-end|p1a: Iron Hands|Quark Drive|[silent]\n|\n|-damage|p2a: Girafarig|170/269 psn|[from] psn\n|upkeep\n|\n|t:|1783542028\n|switch|p1a: Ting-Lu|Ting-Lu, L78|100/100\n|-ability|p1a: Ting-Lu|Vessel of Ruin\n|turn|14\n|inactive|Time left: 300 sec this turn | 300 sec total\n|\n|t:|1783542029\n|move|p2a: Girafarig|Dazzling Gleam|p1a: Ting-Lu\n|-supereffective|p1a: Ting-Lu\n|-damage|p1a: Ting-Lu|44/100\n|move|p1a: Ting-Lu|Payback|p2a: Girafarig\n|-supereffective|p2a: Girafarig\n|-damage|p2a: Girafarig|6/269 psn\n|\n|-heal|p1a: Ting-Lu|50/100|[from] item: Leftovers\n|-damage|p2a: Girafarig|0 fnt|[from] psn\n|faint|p2a: Girafarig\n|upkeep\n|inactive|Time left: 300 sec this turn | 300 sec total | 5 sec grace\n|\n|t:|1783542030\n|switch|p2a: Weavile|Weavile, L79, M|240/240\n|turn|15\n|inactive|Time left: 300 sec this turn | 300 sec total\n|\n|t:|1783542031\n|move|p2a: Weavile|Swords Dance|p2a: Weavile\n|-boost|p2a: Weavile|atk|2\n|move|p1a: Ting-Lu|Earthquake|p2a: Weavile\n|-damage|p2a: Weavile|101/240\n|\n|-heal|p1a: Ting-Lu|57/100|[from] item: Leftovers\n|upkeep\n|turn|16\n|inactive|Time left: 300 sec this turn | 300 sec total\n|\n|t:|1783542032\n|move|p2a: Weavile|Triple Axel|p1a: Ting-Lu\n|-supereffective|p1a: Ting-Lu\n|-damage|p1a: Ting-Lu|37/100\n|-supereffective|p1a: Ting-Lu\n|-damage|p1a: Ting-Lu|0 fnt\n|faint|p1a: Ting-Lu\n|-hitcount|p1: Ting-Lu|2\n|\n|upkeep\n|\n|t:|1783542033\n|switch|p1a: Spidops|Spidops, L96, F|59/100\n|turn|17\n|inactive|Time left: 300 sec this turn | 300 sec total\n|\n|t:|1783542034\n|move|p2a: Weavile|Knock Off|p1a: Spidops\n|-damage|p1a: Spidops|0 fnt\n|-enditem|p1a: Spidops|Heavy-Duty Boots|[from] move: Knock Off|[of] p2a: Weavile\n|faint|p1a: Spidops\n|\n|upkeep\n|\n|t:|1783542035\n|switch|p1a: Sandaconda|Sandaconda, L84, M|100/100\n|turn|18\n|inactive|Time left: 300 sec this turn | 300 sec total\n|\n|t:|1783542036\n|-terastallize|p1a: Sandaconda|Dragon\n|move|p2a: Weavile|Triple Axel|p1a: Sandaconda|[miss]\n|-miss|p2a: Weavile|p1a: Sandaconda\n|move|p1a: Sandaconda|Rock Blast|p2a: Weavile\n|-supereffective|p2a: Weavile\n|-damage|p2a: Weavile|53/240\n|-supereffective|p2a: Weavile\n|-damage|p2a: Weavile|1/240\n|-supereffective|p2a: Weavile\n|-damage|p2a: Weavile|0 fnt\n|faint|p2a: Weavile\n|-hitcount|p2: Weavile|3\n|\n|upkeep\n|inactive|Time left: 300 sec this turn | 300 sec total | 5 sec grace\n|\n|t:|1783542037\n|switch|p2a: Mamoswine|Mamoswine, L81, F|311/311\n|-activate|p2a: Mamoswine|move: Sticky Web\n|-unboost|p2a: Mamoswine|spe|1\n|-status|p2a: Mamoswine|psn\n|-damage|p2a: Mamoswine|273/311 psn|[from] Spikes\n|turn|19\n|inactive|Time left: 300 sec this turn | 300 sec total\n|\n|t:|1783542038\n|move|p1a: Sandaconda|Coil|p1a: Sandaconda\n|-boost|p1a: Sandaconda|atk|1\n|-boost|p1a: Sandaconda|def|1\n|-boost|p1a: Sandaconda|accuracy|1\n|move|p2a: Mamoswine|Icicle Crash|p1a: Sandaconda\n|-supereffective|p1a: Sandaconda\n|-damage|p1a: Sandaconda|45/100\n|-damage|p2a: Mamoswine|242/311 psn|[from] item: Life Orb\n|\n|-damage|p2a: Mamoswine|204/311 psn|[from] psn\n|upkeep\n|turn|20\n|inactive|Time left: 300 sec this turn | 300 sec total\n|\n|t:|1783542038\n|move|p1a: Sandaconda|Earthquake|p2a: Mamoswine\n|-damage|p2a: Mamoswine|11/311 psn\n|move|p2a: Mamoswine|Earthquake|p1a: Sandaconda\n|-damage|p1a: Sandaconda|10/100\n|-damage|p2a: Mamoswine|0 fnt|[from] item: Life Orb\n|faint|p2a: Mamoswine\n|\n|upkeep\n|inactive|Time left: 300 sec this turn | 300 sec total | 5 sec grace\n|\n|t:|1783542039\n|switch|p2a: Vigoroth|Vigoroth, L85, M|275/275\n|-activate|p2a: Vigoroth|move: Sticky Web\n|-unboost|p2a: Vigoroth|spe|1\n|-status|p2a: Vigoroth|psn\n|-damage|p2a: Vigoroth|241/275 psn|[from] Spikes\n|turn|21\n|inactive|Time left: 300 sec this turn | 300 sec total\n|\n|t:|1783542040\n|move|p1a: Sandaconda|Coil|p1a: Sandaconda\n|-boost|p1a: Sandaconda|atk|1\n|-boost|p1a: Sandaconda|def|1\n|-boost|p1a: Sandaconda|accuracy|1\n|move|p2a: Vigoroth|Body Slam|p1a: Sandaconda\n|-damage|p1a: Sandaconda|0 fnt\n|faint|p1a: Sandaconda\n|\n|win|p0y251f128", "uploadtime": 1783542040, "views": 0, "rating": 0, "private": 0, "password": null, "_winner": "p0y251f128", "_our_name": "p0y251f128"}