{"id": "battle-gen9randombattle-2666", "formatid": "gen9randombattle", "format": "[Gen 9] Random Battle", "players": ["p0x26664cec", "p0y26663c63"], "log": "|init|battle\n|title|p0x26664cec vs. p0y26663c63\n|j|\u2606p0x26664cec\n|j|\u2606p0y26663c63\n|t:|1783570771\n|gametype|singles\n|player|p1|p0x26664cec|266|\n|player|p2|p0y26663c63|1|\n|gen|9\n|tier|[Gen 9] Random Battle\n|rule|Species Clause: Limit one of each Pok\u00e9mon\n|rule|HP Percentage Mod: HP is shown in percentages\n|rule|Sleep Clause Mod: Limit one foe put to sleep\n|rule|Illusion Level Mod: Illusion disguises the Pok\u00e9mon's true level\n|\n|t:|1783570771\n|teamsize|p1|6\n|teamsize|p2|6\n|start\n|switch|p1a: Giratina|Giratina, L75|100/100\n|switch|p2a: Blissey|Blissey, L85, F|572/572\n|-ability|p1a: Giratina|Pressure\n|turn|1\n|inactive|Battle timer is ON: inactive players will automatically lose when time's up. (requested by p0y26663c63)\n|inactive|p0x26664cec also wants the timer to be on.\n|\n|t:|1783570772\n|switch|p2a: Hatterene|Hatterene, L85, F|236/236\n|move|p1a: Giratina|Calm Mind|p1a: Giratina\n|-boost|p1a: Giratina|spa|1\n|-boost|p1a: Giratina|spd|1\n|\n|upkeep\n|turn|2\n|inactive|Time left: 300 sec this turn | 300 sec total\n|\n|t:|1783570773\n|move|p1a: Giratina|Calm Mind|p1a: Giratina\n|-boost|p1a: Giratina|spa|1\n|-boost|p1a: Giratina|spd|1\n|move|p2a: Hatterene|Calm Mind|p2a: Hatterene\n|-boost|p2a: Hatterene|spa|1\n|-boost|p2a: Hatterene|spd|1\n|\n|upkeep\n|turn|3\n|inactive|Time left: 300 sec this turn | 300 sec total\n|\n|t:|1783570774\n|move|p1a: Giratina|Calm Mind|p1a: Giratina\n|-boost|p1a: Giratina|spa|1\n|-boost|p1a: Giratina|spd|1\n|move|p2a: Hatterene|Calm Mind|p2a: Hatterene\n|-boost|p2a: Hatterene|spa|1\n|-boost|p2a: Hatterene|spd|1\n|\n|upkeep\n|turn|4\n|inactive|Time left: 300 sec this turn | 300 sec total\n|\n|t:|1783570775\n|move|p1a: Giratina|Calm Mind|p1a: Giratina\n|-boost|p1a: Giratina|spa|1\n|-boost|p1a: Giratina|spd|1\n|move|p2a: Hatterene|Psyshock|p1a: Giratina\n|-crit|p1a: Giratina\n|-damage|p1a: Giratina|17/100\n|\n|-heal|p1a: Giratina|23/100|[from] item: Leftovers\n|upkeep\n|turn|5\n|inactive|Time left: 300 sec this turn | 300 sec total\n|\n|t:|1783570776\n|move|p1a: Giratina|Rest|p1a: Giratina\n|-status|p1a: Giratina|slp|[from] move: Rest\n|-heal|p1a: Giratina|100/100 slp|[silent]\n|move|p2a: Hatterene|Psyshock|p1a: Giratina\n|-damage|p1a: Giratina|39/100 slp\n|\n|-heal|p1a: Giratina|45/100 slp|[from] item: Leftovers\n|upkeep\n|turn|6\n|inactive|Time left: 300 sec this turn | 300 sec total\n|\n|t:|1783570777\n|cant|p1a: Giratina|slp\n|move|p2a: Hatterene|Psyshock|p1a: Giratina\n|-damage|p1a: Giratina|0 fnt\n|faint|p1a: Giratina\n|\n|upkeep\n|\n|t:|1783570778\n|switch|p1a: Barraskewda|Barraskewda, L81, F|100/100\n|turn|7\n|inactive|Time left: 300 sec this turn | 300 sec total\n|\n|t:|1783570779\n|move|p1a: Barraskewda|Waterfall|p2a: Hatterene\n|-damage|p2a: Hatterene|91/236\n|move|p2a: Hatterene|Draining Kiss|p1a: Barraskewda\n|-damage|p1a: Barraskewda|12/100\n|-heal|p2a: Hatterene|236/236|[from] drain|[of] p1a: Barraskewda\n|\n|upkeep\n|turn|8\n|inactive|Time left: 300 sec this turn | 300 sec total\n|\n|t:|1783570780\n|move|p1a: Barraskewda|Waterfall|p2a: Hatterene\n|-damage|p2a: Hatterene|100/236\n|move|p2a: Hatterene|Draining Kiss|p1a: Barraskewda\n|-damage|p1a: Barraskewda|0 fnt\n|-heal|p2a: Hatterene|120/236|[from] drain|[of] p1a: Barraskewda\n|faint|p1a: Barraskewda\n|\n|-heal|p2a: Hatterene|134/236|[from] item: Leftovers\n|upkeep\n|\n|t:|1783570781\n|switch|p1a: Crabominable|Crabominable, L90, F|100/100\n|turn|9\n|inactive|Time left: 300 sec this turn | 300 sec total\n|\n|t:|1783570782\n|move|p1a: Crabominable|Ice Hammer|p2a: Hatterene\n|-damage|p2a: Hatterene|0 fnt\n|-unboost|p1a: Crabominable|spe|1\n|faint|p2a: Hatterene\n|\n|upkeep\n|inactive|Time left: 300 sec this turn | 300 sec total | 5 sec grace\n|\n|t:|1783570783\n|switch|p2a: Golduck|Golduck, L90, F|290/290\n|-ability|p2a: Golduck|Cloud Nine\n|turn|10\n|inactive|Time left: 300 sec this turn | 300 sec total\n|\n|t:|1783570784\n|move|p2a: Golduck|Nasty Plot|p2a: Golduck\n|-boost|p2a: Golduck|spa|2\n|move|p1a: Crabominable|Drain Punch|p2a: Golduck\n|-damage|p2a: Golduck|139/290\n|\n|-heal|p2a: Golduck|157/290|[from] item: Leftovers\n|upkeep\n|turn|11\n|inactive|Time left: 300 sec this turn | 300 sec total\n|\n|t:|1783570785\n|move|p2a: Golduck|Hydro Pump|p1a: Crabominable\n|-damage|p1a: Crabominable|42/100\n|move|p1a: Crabominable|Drain Punch|p2a: Golduck\n|-damage|p2a: Golduck|7/290\n|-heal|p1a: Crabominable|65/100|[from] drain|[of] p2a: Golduck\n|\n|-heal|p2a: Golduck|25/290|[from] item: Leftovers\n|upkeep\n|turn|12\n|inactive|Time left: 300 sec this turn | 300 sec total\n|\n|t:|1783570787\n|move|p2a: Golduck|Hydro Pump|p1a: Crabominable\n|-damage|p1a: Crabominable|0 fnt\n|faint|p1a: Crabominable\n|\n|-heal|p2a: Golduck|43/290|[from] item: Leftovers\n|upkeep\n|\n|t:|1783570788\n|switch|p1a: Spectrier|Spectrier, L75|100/100\n|turn|13\n|inactive|Time left: 300 sec this turn | 300 sec total\n|\n|t:|1783570789\n|switch|p2a: Greedent|Greedent, L86, M|347/347\n|move|p1a: Spectrier|Shadow Ball|p2a: Greedent\n|-immune|p2a: Greedent\n|\n|upkeep\n|turn|14\n|inactive|Time left: 300 sec this turn | 300 sec total\n|\n|t:|1783570790\n|move|p1a: Spectrier|Substitute|p1a: Spectrier\n|-start|p1a: Spectrier|Substitute\n|-damage|p1a: Spectrier|76/100\n|move|p2a: Greedent|Swords Dance|p2a: Greedent\n|-boost|p2a: Greedent|atk|2\n|\n|-heal|p1a: Spectrier|82/100|[from] item: Leftovers\n|upkeep\n|turn|15\n|inactive|Time left: 300 sec this turn | 300 sec total\n|\n|t:|1783570791\n|move|p1a: Spectrier|Nasty Plot|p1a: Spectrier\n|-boost|p1a: Spectrier|spa|2\n|move|p2a: Greedent|Earthquake|p1a: Spectrier\n|-end|p1a: Spectrier|Substitute\n|\n|-heal|p1a: Spectrier|88/100|[from] item: Leftovers\n|upkeep\n|turn|16\n|inactive|Time left: 300 sec this turn | 300 sec total\n|\n|t:|1783570792\n|-terastallize|p2a: Greedent|Ground\n|move|p1a: Spectrier|Substitute|p1a: Spectrier\n|-start|p1a: Spectrier|Substitute\n|-damage|p1a: Spectrier|63/100\n|move|p2a: Greedent|Earthquake|p1a: Spectrier\n|-end|p1a: Spectrier|Substitute\n|\n|-heal|p1a: Spectrier|69/100|[from] item: Leftovers\n|upkeep\n|turn|17\n|inactive|Time left: 300 sec this turn | 300 sec total\n|\n|t:|1783570793\n|move|p1a: Spectrier|Substitute|p1a: Spectrier\n|-start|p1a: Spectrier|Substitute\n|-damage|p1a: Spectrier|45/100\n|move|p2a: Greedent|Earthquake|p1a: Spectrier\n|-end|p1a: Spectrier|Substitute\n|\n|-heal|p1a: Spectrier|51/100|[from] item: Leftovers\n|upkeep\n|turn|18\n|inactive|Time left: 300 sec this turn | 300 sec total\n|\n|t:|1783570794\n|move|p1a: Spectrier|Substitute|p1a: Spectrier\n|-start|p1a: Spectrier|Substitute\n|-damage|p1a: Spectrier|26/100\n|move|p2a: Greedent|Earthquake|p1a: Spectrier\n|-end|p1a: Spectrier|Substitute\n|\n|-heal|p1a: Spectrier|32/100|[from] item: Leftovers\n|upkeep\n|turn|19\n|inactive|Time left: 300 sec this turn | 300 sec total\n|\n|t:|1783570795\n|move|p1a: Spectrier|Shadow Ball|p2a: Greedent\n|-damage|p2a: Greedent|119/347\n|-enditem|p2a: Greedent|Sitrus Berry|[eat]\n|-heal|p2a: Greedent|205/347|[from] item: Sitrus Berry\n|-heal|p2a: Greedent|320/347|[from] ability: Cheek Pouch\n|move|p2a: Greedent|Earthquake|p1a: Spectrier\n|-damage|p1a: Spectrier|0 fnt\n|faint|p1a: Spectrier\n|\n|upkeep\n|\n|t:|1783570796\n|switch|p1a: Delibird|Delibird, F|100/100\n|turn|20\n|inactive|Time left: 300 sec this turn | 300 sec total\n|\n|t:|1783570797\n|move|p1a: Delibird|Ice Spinner|p2a: Greedent\n|-supereffective|p2a: Greedent\n|-damage|p2a: Greedent|102/347\n|move|p2a: Greedent|Body Slam|p1a: Delibird\n|-damage|p1a: Delibird|10/100\n|-status|p1a: Delibird|par\n|\n|upkeep\n|turn|21\n|inactive|Time left: 300 sec this turn | 300 sec total\n|\n|t:|1783570798\n|switch|p2a: Necrozma|Necrozma, L80|286/286\n|move|p1a: Delibird|Ice Shard|p2a: Necrozma\n|-damage|p2a: Necrozma|228/286\n|\n|-heal|p2a: Necrozma|245/286|[from] item: Leftovers\n|upkeep\n|turn|22\n|inactive|Time left: 300 sec this turn | 300 sec total\n|\n|t:|1783570799\n|move|p2a: Necrozma|Photon Geyser|p1a: Delibird\n|-damage|p1a: Delibird|0 fnt\n|faint|p1a: Delibird\n|\n|-heal|p2a: Necrozma|262/286|[from] item: Leftovers\n|upkeep\n|\n|t:|1783570800\n|switch|p1a: Regieleki|Regieleki, L79|100/100\n|turn|23\n|inactive|Time left: 300 sec this turn | 300 sec total\n|\n|t:|1783570800\n|move|p1a: Regieleki|Thunderbolt|p2a: Necrozma\n|-damage|p2a: Necrozma|130/286\n|move|p2a: Necrozma|Photon Geyser|p1a: Regieleki\n|-damage|p1a: Regieleki|33/100\n|\n|-heal|p2a: Necrozma|147/286|[from] item: Leftovers\n|upkeep\n|turn|24\n|inactive|Time left: 300 sec this turn | 300 sec total\n|\n|t:|1783570801\n|move|p1a: Regieleki|Thunderbolt|p2a: Necrozma\n|-damage|p2a: Necrozma|14/286\n|-status|p2a: Necrozma|par\n|move|p2a: Necrozma|Photon Geyser|p1a: Regieleki\n|-damage|p1a: Regieleki|0 fnt\n|faint|p1a: Regieleki\n|\n|win|p0y26663c63", "uploadtime": 1783570801, "views": 0, "rating": 0, "private": 0, "password": null, "_winner": "p0y26663c63", "_our_name": "p0y26663c63"}