{"id": "battle-gen9randombattle-2791", "formatid": "gen9randombattle", "format": "[Gen 9] Random Battle", "players": ["p0x279118dc", "p0y2791f3c2"], "log": "|init|battle\n|title|p0x279118dc vs. p0y2791f3c2\n|j|\u2606p0x279118dc\n|j|\u2606p0y2791f3c2\n|t:|1783571159\n|gametype|singles\n|player|p1|p0x279118dc|1|\n|player|p2|p0y2791f3c2|266|\n|gen|9\n|tier|[Gen 9] Random Battle\n|rule|Species Clause: Limit one of each Pok\u00e9mon\n|rule|HP Percentage Mod: HP is shown in percentages\n|rule|Sleep Clause Mod: Limit one foe put to sleep\n|rule|Illusion Level Mod: Illusion disguises the Pok\u00e9mon's true level\n|\n|t:|1783571159\n|teamsize|p1|6\n|teamsize|p2|6\n|start\n|switch|p1a: Sandaconda|Sandaconda, L84, F|100/100\n|switch|p2a: Okidogi|Okidogi, L77, M|262/262\n|turn|1\n|inactive|Battle timer is ON: inactive players will automatically lose when time's up. (requested by p0x279118dc)\n|inactive|Time left: 300 sec this turn | 300 sec total | 60 sec grace\n|inactive|p0y2791f3c2 also wants the timer to be on.\n|\n|t:|1783571161\n|move|p2a: Okidogi|Knock Off|p1a: Sandaconda\n|-damage|p1a: Sandaconda|79/100\n|-status|p1a: Sandaconda|tox|[from] ability: Toxic Chain|[of] p2a: Okidogi\n|-enditem|p1a: Sandaconda|Loaded Dice|[from] move: Knock Off|[of] p2a: Okidogi\n|move|p1a: Sandaconda|Coil|p1a: Sandaconda\n|-boost|p1a: Sandaconda|atk|1\n|-boost|p1a: Sandaconda|def|1\n|-boost|p1a: Sandaconda|accuracy|1\n|\n|-activate|p1a: Sandaconda|ability: Shed Skin\n|-curestatus|p1a: Sandaconda|tox|[msg]\n|upkeep\n|turn|2\n|inactive|Time left: 300 sec this turn | 300 sec total\n|\n|t:|1783571162\n|switch|p2a: Azelf|Azelf, L82|257/257\n|move|p1a: Sandaconda|Earthquake|p2a: Azelf\n|-immune|p2a: Azelf|[from] ability: Levitate\n|\n|upkeep\n|turn|3\n|inactive|Time left: 300 sec this turn | 300 sec total\n|\n|t:|1783571164\n|move|p2a: Azelf|Psychic|p1a: Sandaconda\n|-damage|p1a: Sandaconda|14/100\n|-damage|p2a: Azelf|232/257|[from] item: Life Orb\n|move|p1a: Sandaconda|Scale Shot|p2a: Azelf\n|-damage|p2a: Azelf|195/257\n|-damage|p2a: Azelf|161/257\n|-damage|p2a: Azelf|123/257\n|-hitcount|p2a: Azelf|3\n|-unboost|p1a: Sandaconda|def|1\n|-boost|p1a: Sandaconda|spe|1\n|\n|upkeep\n|turn|4\n|inactive|Time left: 300 sec this turn | 300 sec total\n|\n|t:|1783571165\n|move|p1a: Sandaconda|Scale Shot|p2a: Azelf\n|-damage|p2a: Azelf|90/257\n|-damage|p2a: Azelf|53/257\n|-hitcount|p2a: Azelf|2\n|-unboost|p1a: Sandaconda|def|1\n|-boost|p1a: Sandaconda|spe|1\n|move|p2a: Azelf|Fire Blast|p1a: Sandaconda\n|-damage|p1a: Sandaconda|0 fnt\n|faint|p1a: Sandaconda\n|-damage|p2a: Azelf|28/257|[from] item: Life Orb\n|\n|upkeep\n|\n|t:|1783571166\n|switch|p1a: Iron Thorns|Iron Thorns, L83|100/100\n|turn|5\n|inactive|Time left: 300 sec this turn | 300 sec total\n|\n|t:|1783571167\n|move|p2a: Azelf|Psychic|p1a: Iron Thorns\n|-damage|p1a: Iron Thorns|49/100\n|-damage|p2a: Azelf|3/257|[from] item: Life Orb\n|move|p1a: Iron Thorns|Ice Punch|p2a: Azelf\n|-damage|p2a: Azelf|0 fnt\n|faint|p2a: Azelf\n|\n|upkeep\n|inactive|Time left: 300 sec this turn | 300 sec total | 5 sec grace\n|\n|t:|1783571169\n|switch|p2a: Okidogi|Okidogi, L77, M|262/262\n|turn|6\n|inactive|Time left: 300 sec this turn | 300 sec total\n|\n|t:|1783571170\n|-end|p1a: Iron Thorns|Quark Drive|[silent]\n|switch|p1a: Magearna|Magearna, L77|100/100\n|move|p2a: Okidogi|Knock Off|p1a: Magearna\n|-resisted|p1a: Magearna\n|-damage|p1a: Magearna|87/100\n|-enditem|p1a: Magearna|Leftovers|[from] move: Knock Off|[of] p2a: Okidogi\n|\n|upkeep\n|turn|7\n|inactive|Time left: 300 sec this turn | 300 sec total\n|\n|t:|1783571171\n|move|p2a: Okidogi|High Horsepower|p1a: Magearna\n|-supereffective|p1a: Magearna\n|-damage|p1a: Magearna|34/100\n|move|p1a: Magearna|Shift Gear|p1a: Magearna\n|-boost|p1a: Magearna|spe|2\n|-boost|p1a: Magearna|atk|1\n|\n|upkeep\n|turn|8\n|inactive|Time left: 300 sec this turn | 300 sec total\n|\n|t:|1783571173\n|move|p1a: Magearna|Calm Mind|p1a: Magearna\n|-boost|p1a: Magearna|spa|1\n|-boost|p1a: Magearna|spd|1\n|move|p2a: Okidogi|High Horsepower|p1a: Magearna\n|-supereffective|p1a: Magearna\n|-damage|p1a: Magearna|0 fnt\n|faint|p1a: Magearna\n|\n|upkeep\n|\n|t:|1783571173\n|switch|p1a: Metagross|Metagross, L79|100/100\n|turn|9\n|inactive|Time left: 300 sec this turn | 300 sec total\n|\n|t:|1783571174\n|-terastallize|p2a: Okidogi|Dark\n|move|p2a: Okidogi|Knock Off|p1a: Metagross\n|-supereffective|p1a: Metagross\n|-damage|p1a: Metagross|35/100\n|-enditem|p1a: Metagross|Leftovers|[from] move: Knock Off|[of] p2a: Okidogi\n|move|p1a: Metagross|Earthquake|p2a: Okidogi\n|-damage|p2a: Okidogi|189/262\n|\n|upkeep\n|turn|10\n|inactive|Time left: 300 sec this turn | 300 sec total\n|\n|t:|1783571176\n|move|p2a: Okidogi|Knock Off|p1a: Metagross\n|-supereffective|p1a: Metagross\n|-damage|p1a: Metagross|0 fnt\n|faint|p1a: Metagross\n|\n|upkeep\n|\n|t:|1783571177\n|switch|p1a: Ogerpon|Ogerpon-Wellspring, L76, F|100/100\n|turn|11\n|inactive|Time left: 300 sec this turn | 300 sec total\n|\n|t:|1783571178\n|move|p1a: Ogerpon|Ivy Cudgel|p2a: Okidogi|[anim] Ivy Cudgel Water\n|-damage|p2a: Okidogi|69/262\n|move|p2a: Okidogi|Gunk Shot|p1a: Ogerpon\n|-supereffective|p1a: Ogerpon\n|-damage|p1a: Ogerpon|0 fnt\n|faint|p1a: Ogerpon\n|\n|upkeep\n|\n|t:|1783571179\n|switch|p1a: Iron Thorns|Iron Thorns, L83|49/100\n|turn|12\n|inactive|Time left: 300 sec this turn | 300 sec total\n|\n|t:|1783571180\n|-terastallize|p1a: Iron Thorns|Flying\n|move|p2a: Okidogi|Drain Punch|p1a: Iron Thorns\n|-resisted|p1a: Iron Thorns\n|-damage|p1a: Iron Thorns|37/100\n|-heal|p2a: Okidogi|86/262|[from] drain|[of] p1a: Iron Thorns\n|move|p1a: Iron Thorns|Earthquake|p2a: Okidogi\n|-damage|p2a: Okidogi|0 fnt\n|faint|p2a: Okidogi\n|\n|upkeep\n|inactive|Time left: 300 sec this turn | 300 sec total | 5 sec grace\n|\n|t:|1783571180\n|switch|p2a: Feraligatr|Feraligatr, L79, F|264/264\n|turn|13\n|inactive|Time left: 300 sec this turn | 300 sec total\n|\n|t:|1783571181\n|-end|p1a: Iron Thorns|Quark Drive|[silent]\n|switch|p1a: Toedscruel|Toedscruel, L87, M|100/100\n|move|p2a: Feraligatr|Liquidation|p1a: Toedscruel\n|-damage|p1a: Toedscruel|41/100\n|\n|upkeep\n|turn|14\n|inactive|Time left: 300 sec this turn | 300 sec total\n|\n|t:|1783571182\n|move|p1a: Toedscruel|Knock Off|p2a: Feraligatr\n|-damage|p2a: Feraligatr|212/264\n|-enditem|p2a: Feraligatr|Life Orb|[from] move: Knock Off|[of] p1a: Toedscruel\n|move|p2a: Feraligatr|Ice Punch|p1a: Toedscruel\n|-supereffective|p1a: Toedscruel\n|-damage|p1a: Toedscruel|0 fnt\n|faint|p1a: Toedscruel\n|\n|upkeep\n|\n|t:|1783571183\n|switch|p1a: Iron Thorns|Iron Thorns, L83, tera:Flying|37/100\n|turn|15\n|inactive|Time left: 300 sec this turn | 300 sec total\n|\n|t:|1783571183\n|move|p2a: Feraligatr|Ice Punch|p1a: Iron Thorns\n|-supereffective|p1a: Iron Thorns\n|-damage|p1a: Iron Thorns|2/100\n|move|p1a: Iron Thorns|Ice Punch|p2a: Feraligatr\n|-resisted|p2a: Feraligatr\n|-damage|p2a: Feraligatr|159/264\n|\n|upkeep\n|turn|16\n|inactive|Time left: 300 sec this turn | 300 sec total\n|\n|t:|1783571184\n|move|p2a: Feraligatr|Crunch|p1a: Iron Thorns\n|-damage|p1a: Iron Thorns|0 fnt\n|faint|p1a: Iron Thorns\n|-end|p1a: Iron Thorns|Quark Drive|[silent]\n|\n|win|p0y2791f3c2", "uploadtime": 1783571184, "views": 0, "rating": 0, "private": 0, "password": null, "_winner": "p0y2791f3c2", "_our_name": "p0y2791f3c2"}