{"id": "battle-gen9randombattle-712", "formatid": "gen9randombattle", "format": "[Gen 9] Random Battle", "players": ["p0x712ca04", "p0y712035d"], "log": "|init|battle\n|title|p0x712ca04 vs. p0y712035d\n|j|\u2606p0x712ca04\n|j|\u2606p0y712035d\n|t:|1783547370\n|gametype|singles\n|player|p1|p0x712ca04|266|\n|player|p2|p0y712035d|1|\n|gen|9\n|tier|[Gen 9] Random Battle\n|rule|Species Clause: Limit one of each Pok\u00e9mon\n|rule|HP Percentage Mod: HP is shown in percentages\n|rule|Sleep Clause Mod: Limit one foe put to sleep\n|rule|Illusion Level Mod: Illusion disguises the Pok\u00e9mon's true level\n|\n|t:|1783547370\n|teamsize|p1|6\n|teamsize|p2|6\n|start\n|switch|p1a: Volcarona|Volcarona, L77, M|257/257\n|switch|p2a: Honchkrow|Honchkrow, L86, M|100/100\n|turn|1\n|inactive|Battle timer is ON: inactive players will automatically lose when time's up. (requested by p0x712ca04)\n|\n|t:|1783547372\n|switch|p1a: Eiscue|Eiscue, L88, F|274/274\n|move|p2a: Honchkrow|Brave Bird|p1a: Eiscue\n|-activate|p1a: Eiscue|ability: Ice Face\n|-damage|p1a: Eiscue|274/274\n|detailschange|p1a: Eiscue|Eiscue-Noice, L88, F\n|\n|upkeep\n|turn|2\n|inactive|Time left: 300 sec this turn | 300 sec total\n|inactive|p0y712035d also wants the timer to be on.\n|\n|t:|1783547373\n|switch|p2a: Vaporeon|Vaporeon, L86, F|100/100\n|move|p1a: Eiscue|Ice Spinner|p2a: Vaporeon\n|-resisted|p2a: Vaporeon\n|-damage|p2a: Vaporeon|86/100\n|\n|-heal|p2a: Vaporeon|93/100|[from] item: Leftovers\n|upkeep\n|turn|3\n|inactive|Time left: 300 sec this turn | 300 sec total\n|\n|t:|1783547374\n|switch|p1a: Porygon-Z|Porygon-Z, L83|277/277\n|move|p2a: Vaporeon|Scald|p1a: Porygon-Z\n|-damage|p1a: Porygon-Z|172/277\n|\n|-heal|p2a: Vaporeon|99/100|[from] item: Leftovers\n|upkeep\n|turn|4\n|inactive|Time left: 300 sec this turn | 300 sec total\n|\n|t:|1783547375\n|move|p1a: Porygon-Z|Nasty Plot|p1a: Porygon-Z\n|-boost|p1a: Porygon-Z|spa|2\n|move|p2a: Vaporeon|Scald|p1a: Porygon-Z\n|-damage|p1a: Porygon-Z|51/277\n|\n|-heal|p2a: Vaporeon|100/100|[from] item: Leftovers\n|upkeep\n|turn|5\n|inactive|Time left: 300 sec this turn | 300 sec total\n|\n|t:|1783547376\n|move|p1a: Porygon-Z|Tri Attack|p2a: Vaporeon\n|-damage|p2a: Vaporeon|0 fnt\n|faint|p2a: Vaporeon\n|-damage|p1a: Porygon-Z|24/277|[from] item: Life Orb\n|\n|upkeep\n|\n|t:|1783547377\n|switch|p2a: Latios|Latios, L78, M|100/100\n|turn|6\n|inactive|Time left: 300 sec this turn | 300 sec total\n|\n|t:|1783547378\n|move|p2a: Latios|Luster Purge|p1a: Porygon-Z\n|-damage|p1a: Porygon-Z|0 fnt\n|faint|p1a: Porygon-Z\n|\n|upkeep\n|inactive|Time left: 300 sec this turn | 300 sec total | 5 sec grace\n|\n|t:|1783547379\n|switch|p1a: Arceus|Arceus-Dark, L71|288/288\n|turn|7\n|inactive|Time left: 300 sec this turn | 300 sec total\n|\n|t:|1783547380\n|move|p2a: Latios|Luster Purge|p1a: Arceus\n|-immune|p1a: Arceus\n|move|p1a: Arceus|Calm Mind|p1a: Arceus\n|-boost|p1a: Arceus|spa|1\n|-boost|p1a: Arceus|spd|1\n|\n|upkeep\n|turn|8\n|inactive|Time left: 300 sec this turn | 300 sec total\n|\n|t:|1783547381\n|switch|p2a: Honchkrow|Honchkrow, L86, M|100/100\n|move|p1a: Arceus|Judgment|p2a: Honchkrow\n|-resisted|p2a: Honchkrow\n|-damage|p2a: Honchkrow|67/100\n|\n|upkeep\n|turn|9\n|inactive|Time left: 300 sec this turn | 300 sec total\n|\n|t:|1783547382\n|move|p1a: Arceus|Judgment|p2a: Honchkrow\n|-resisted|p2a: Honchkrow\n|-damage|p2a: Honchkrow|28/100\n|move|p2a: Honchkrow|U-turn|p1a: Arceus\n|-supereffective|p1a: Arceus\n|-damage|p1a: Arceus|178/288\n|\n|t:|1783547383\n|switch|p2a: Raikou|Raikou, L81|100/100|[from] U-turn\n|-ability|p2a: Raikou|Pressure\n|\n|upkeep\n|turn|10\n|inactive|Time left: 300 sec this turn | 300 sec total\n|\n|t:|1783547384\n|move|p2a: Raikou|Calm Mind|p2a: Raikou\n|-boost|p2a: Raikou|spa|1\n|-boost|p2a: Raikou|spd|1\n|move|p1a: Arceus|Calm Mind|p1a: Arceus\n|-boost|p1a: Arceus|spa|1\n|-boost|p1a: Arceus|spd|1\n|\n|upkeep\n|turn|11\n|inactive|Time left: 300 sec this turn | 300 sec total\n|\n|t:|1783547385\n|move|p2a: Raikou|Calm Mind|p2a: Raikou\n|-boost|p2a: Raikou|spa|1\n|-boost|p2a: Raikou|spd|1\n|move|p1a: Arceus|Recover|p1a: Arceus\n|-heal|p1a: Arceus|288/288\n|\n|upkeep\n|turn|12\n|inactive|Time left: 300 sec this turn | 300 sec total\n|\n|t:|1783547386\n|move|p2a: Raikou|Thunderbolt|p1a: Arceus\n|-crit|p1a: Arceus\n|-damage|p1a: Arceus|0 fnt\n|faint|p1a: Arceus\n|\n|upkeep\n|inactive|Time left: 300 sec this turn | 300 sec total | 5 sec grace\n|\n|t:|1783547387\n|switch|p1a: Volcarona|Volcarona, L77, M|257/257\n|turn|13\n|inactive|Time left: 300 sec this turn | 300 sec total\n|\n|t:|1783547389\n|move|p2a: Raikou|Thunderbolt|p1a: Volcarona\n|-damage|p1a: Volcarona|65/257\n|-status|p1a: Volcarona|par\n|move|p1a: Volcarona|Quiver Dance|p1a: Volcarona\n|-boost|p1a: Volcarona|spa|1\n|-boost|p1a: Volcarona|spd|1\n|-boost|p1a: Volcarona|spe|1\n|\n|upkeep\n|turn|14\n|inactive|Time left: 300 sec this turn | 300 sec total\n|\n|t:|1783547390\n|move|p2a: Raikou|Thunderbolt|p1a: Volcarona\n|-damage|p1a: Volcarona|0 fnt\n|faint|p1a: Volcarona\n|\n|upkeep\n|inactive|Time left: 300 sec this turn | 300 sec total | 5 sec grace\n|\n|t:|1783547390\n|switch|p1a: Illumise|Illumise, L91, F|266/266\n|turn|15\n|inactive|Time left: 300 sec this turn | 300 sec total\n|\n|t:|1783547391\n|move|p2a: Raikou|Thunderbolt|p1a: Illumise\n|-damage|p1a: Illumise|62/266\n|-status|p1a: Illumise|par\n|cant|p1a: Illumise|par\n|\n|upkeep\n|turn|16\n|inactive|Time left: 300 sec this turn | 300 sec total\n|\n|t:|1783547392\n|move|p1a: Illumise|Roost|p1a: Illumise\n|-heal|p1a: Illumise|195/266 par\n|-singleturn|p1a: Illumise|move: Roost\n|move|p2a: Raikou|Thunderbolt|p1a: Illumise\n|-damage|p1a: Illumise|0 fnt\n|faint|p1a: Illumise\n|\n|upkeep\n|inactive|Time left: 300 sec this turn | 300 sec total | 5 sec grace\n|\n|t:|1783547393\n|switch|p1a: Eiscue|Eiscue-Noice, L88, F|274/274\n|turn|17\n|inactive|Time left: 300 sec this turn | 300 sec total\n|\n|t:|1783547394\n|-terastallize|p1a: Eiscue|Electric\n|move|p1a: Eiscue|Ice Spinner|p2a: Raikou\n|-damage|p2a: Raikou|63/100\n|move|p2a: Raikou|Thunderbolt|p1a: Eiscue\n|-resisted|p1a: Eiscue\n|-damage|p1a: Eiscue|133/274\n|-enditem|p1a: Eiscue|Sitrus Berry|[eat]\n|-heal|p1a: Eiscue|201/274|[from] item: Sitrus Berry\n|\n|upkeep\n|turn|18\n|inactive|Time left: 300 sec this turn | 300 sec total\n|\n|t:|1783547395\n|move|p1a: Eiscue|Ice Spinner|p2a: Raikou\n|-damage|p2a: Raikou|30/100\n|move|p2a: Raikou|Scald|p1a: Eiscue\n|-damage|p1a: Eiscue|24/274\n|\n|upkeep\n|turn|19\n|inactive|Time left: 300 sec this turn | 300 sec total\n|\n|t:|1783547396\n|move|p1a: Eiscue|Ice Spinner|p2a: Raikou\n|-damage|p2a: Raikou|0 fnt\n|faint|p2a: Raikou\n|\n|upkeep\n|\n|t:|1783547397\n|switch|p2a: Latios|Latios, L78, M|100/100\n|turn|20\n|inactive|Time left: 300 sec this turn | 300 sec total\n|\n|t:|1783547398\n|move|p1a: Eiscue|Ice Spinner|p2a: Latios\n|-supereffective|p2a: Latios\n|-damage|p2a: Latios|27/100\n|move|p2a: Latios|Flip Turn|p1a: Eiscue\n|-damage|p1a: Eiscue|0 fnt\n|faint|p1a: Eiscue\n|\n|t:|1783547398\n|switch|p2a: Mewtwo|Mewtwo, L72|100/100|[from] Flip Turn\n|-ability|p2a: Mewtwo|Unnerve\n|\n|upkeep\n|inactive|Time left: 300 sec this turn | 300 sec total | 10 sec grace\n|\n|t:|1783547399\n|switch|p1a: Magearna|Magearna, L77|250/250\n|turn|21\n|inactive|Time left: 300 sec this turn | 300 sec total\n|\n|t:|1783547400\n|move|p2a: Mewtwo|Nasty Plot|p2a: Mewtwo\n|-boost|p2a: Mewtwo|spa|2\n|move|p1a: Magearna|Flash Cannon|p2a: Mewtwo\n|-crit|p2a: Mewtwo\n|-damage|p2a: Mewtwo|43/100\n|\n|upkeep\n|turn|22\n|inactive|Time left: 300 sec this turn | 300 sec total\n|\n|t:|1783547401\n|-terastallize|p2a: Mewtwo|Psychic\n|move|p2a: Mewtwo|Fire Blast|p1a: Magearna\n|-supereffective|p1a: Magearna\n|-damage|p1a: Magearna|0 fnt\n|faint|p1a: Magearna\n|-damage|p2a: Mewtwo|33/100|[from] item: Life Orb\n|\n|win|p0y712035d", "uploadtime": 1783547402, "views": 0, "rating": 0, "private": 0, "password": null, "_winner": "p0y712035d", "_our_name": "p0x712ca04"}