{"id": "battle-gen9randombattle-161", "formatid": "gen9randombattle", "format": "[Gen 9] Random Battle", "players": ["p0x1618064", "p0y1618d69"], "log": "|init|battle\n|title|p0x1618064 vs. p0y1618d69\n|j|\u2606p0x1618064\n|j|\u2606p0y1618d69\n|t:|1783540996\n|gametype|singles\n|player|p1|p0x1618064|101|\n|player|p2|p0y1618d69|170|\n|gen|9\n|tier|[Gen 9] Random Battle\n|rule|Species Clause: Limit one of each Pok\u00e9mon\n|rule|HP Percentage Mod: HP is shown in percentages\n|rule|Sleep Clause Mod: Limit one foe put to sleep\n|rule|Illusion Level Mod: Illusion disguises the Pok\u00e9mon's true level\n|\n|t:|1783540996\n|teamsize|p1|6\n|teamsize|p2|6\n|start\n|switch|p1a: Venomoth|Venomoth, L84, F|100/100\n|switch|p2a: Clefable|Clefable, L83, M|293/293\n|turn|1\n|inactive|Battle timer is ON: inactive players will automatically lose when time's up. (requested by p0y1618d69)\n|inactive|p0x1618064 also wants the timer to be on.\n|\n|t:|1783540998\n|move|p1a: Venomoth|Quiver Dance|p1a: Venomoth\n|-boost|p1a: Venomoth|spa|1\n|-boost|p1a: Venomoth|spd|1\n|-boost|p1a: Venomoth|spe|1\n|move|p2a: Clefable|Fire Blast|p1a: Venomoth|[miss]\n|-miss|p2a: Clefable|p1a: Venomoth\n|\n|upkeep\n|turn|2\n|inactive|Time left: 300 sec this turn | 300 sec total\n|\n|t:|1783540999\n|move|p1a: Venomoth|Quiver Dance|p1a: Venomoth\n|-boost|p1a: Venomoth|spa|1\n|-boost|p1a: Venomoth|spd|1\n|-boost|p1a: Venomoth|spe|1\n|move|p2a: Clefable|Fire Blast|p1a: Venomoth\n|-supereffective|p1a: Venomoth\n|-damage|p1a: Venomoth|53/100\n|\n|upkeep\n|turn|3\n|inactive|Time left: 300 sec this turn | 300 sec total\n|\n|t:|1783541000\n|-terastallize|p2a: Clefable|Steel\n|move|p1a: Venomoth|Sleep Powder|p2a: Clefable\n|-status|p2a: Clefable|slp|[from] move: Sleep Powder\n|cant|p2a: Clefable|slp\n|\n|upkeep\n|turn|4\n|inactive|Time left: 300 sec this turn | 300 sec total\n|\n|t:|1783541001\n|move|p1a: Venomoth|Bug Buzz|p2a: Clefable\n|-resisted|p2a: Clefable\n|-damage|p2a: Clefable|123/293 slp\n|cant|p2a: Clefable|slp\n|\n|upkeep\n|turn|5\n|inactive|Time left: 300 sec this turn | 300 sec total\n|\n|t:|1783541003\n|move|p1a: Venomoth|Bug Buzz|p2a: Clefable\n|-resisted|p2a: Clefable\n|-damage|p2a: Clefable|0 fnt\n|faint|p2a: Clefable\n|\n|upkeep\n|inactive|Time left: 300 sec this turn | 300 sec total | 5 sec grace\n|\n|t:|1783541004\n|switch|p2a: Iron Hands|Iron Hands, L79|373/373\n|turn|6\n|inactive|Time left: 300 sec this turn | 300 sec total\n|\n|t:|1783541005\n|move|p1a: Venomoth|Sleep Powder|p2a: Iron Hands|[miss]\n|-miss|p1a: Venomoth|p2a: Iron Hands\n|move|p2a: Iron Hands|Thunder Punch|p1a: Venomoth\n|-damage|p1a: Venomoth|7/100\n|\n|upkeep\n|turn|7\n|inactive|Time left: 300 sec this turn | 300 sec total\n|\n|t:|1783541006\n|move|p1a: Venomoth|Sleep Powder|p2a: Iron Hands|[miss]\n|-miss|p1a: Venomoth|p2a: Iron Hands\n|move|p2a: Iron Hands|Thunder Punch|p1a: Venomoth\n|-damage|p1a: Venomoth|0 fnt\n|faint|p1a: Venomoth\n|\n|upkeep\n|\n|t:|1783541007\n|switch|p1a: Wyrdeer|Wyrdeer, L87, F|100/100\n|-ability|p1a: Wyrdeer|Intimidate|boost\n|-unboost|p2a: Iron Hands|atk|1\n|turn|8\n|inactive|Time left: 300 sec this turn | 300 sec total\n|\n|t:|1783541009\n|move|p1a: Wyrdeer|Psychic Noise|p2a: Iron Hands\n|-supereffective|p2a: Iron Hands\n|-damage|p2a: Iron Hands|161/373\n|-start|p2a: Iron Hands|move: Heal Block\n|move|p2a: Iron Hands|Swords Dance|p2a: Iron Hands\n|-boost|p2a: Iron Hands|atk|2\n|\n|upkeep\n|turn|9\n|inactive|Time left: 300 sec this turn | 300 sec total\n|\n|t:|1783541009\n|-end|p2a: Iron Hands|Quark Drive|[silent]\n|switch|p2a: Mabosstiff|Mabosstiff, L86, M|278/278\n|move|p1a: Wyrdeer|Psychic Noise|p2a: Mabosstiff\n|-immune|p2a: Mabosstiff\n|\n|upkeep\n|turn|10\n|inactive|Time left: 300 sec this turn | 300 sec total\n|\n|t:|1783541011\n|move|p2a: Mabosstiff|Crunch|p1a: Wyrdeer\n|-supereffective|p1a: Wyrdeer\n|-damage|p1a: Wyrdeer|0 fnt\n|faint|p1a: Wyrdeer\n|\n|upkeep\n|\n|t:|1783541012\n|switch|p1a: Hitmontop|Hitmontop, L88, M|100/100\n|turn|11\n|inactive|Time left: 300 sec this turn | 300 sec total\n|\n|t:|1783541013\n|move|p2a: Mabosstiff|Crunch|p1a: Hitmontop\n|-resisted|p1a: Hitmontop\n|-damage|p1a: Hitmontop|71/100\n|move|p1a: Hitmontop|Bulk Up|p1a: Hitmontop\n|-boost|p1a: Hitmontop|atk|1\n|-boost|p1a: Hitmontop|def|1\n|\n|-heal|p1a: Hitmontop|78/100|[from] item: Leftovers\n|upkeep\n|turn|12\n|inactive|Time left: 300 sec this turn | 300 sec total\n|\n|t:|1783541014\n|move|p2a: Mabosstiff|Crunch|p1a: Hitmontop\n|-resisted|p1a: Hitmontop\n|-damage|p1a: Hitmontop|56/100\n|move|p1a: Hitmontop|Rapid Spin|p2a: Mabosstiff\n|-damage|p2a: Mabosstiff|197/278\n|-boost|p1a: Hitmontop|spe|1\n|\n|-heal|p1a: Hitmontop|62/100|[from] item: Leftovers\n|upkeep\n|turn|13\n|inactive|Time left: 300 sec this turn | 300 sec total\n|\n|t:|1783541015\n|switch|p2a: Iron Hands|Iron Hands, L79|161/373\n|move|p1a: Hitmontop|Triple Axel|p2a: Iron Hands|[miss]\n|-miss|p1a: Hitmontop|p2a: Iron Hands\n|\n|-heal|p1a: Hitmontop|68/100|[from] item: Leftovers\n|-heal|p2a: Iron Hands|184/373|[from] item: Leftovers\n|upkeep\n|turn|14\n|inactive|Time left: 300 sec this turn | 300 sec total\n|\n|t:|1783541016\n|move|p1a: Hitmontop|Triple Axel|p2a: Iron Hands\n|-damage|p2a: Iron Hands|152/373\n|-damage|p2a: Iron Hands|94/373\n|-damage|p2a: Iron Hands|0 fnt\n|faint|p2a: Iron Hands\n|-end|p2a: Iron Hands|Quark Drive|[silent]\n|-hitcount|p2: Iron Hands|3\n|\n|-heal|p1a: Hitmontop|74/100|[from] item: Leftovers\n|upkeep\n|inactive|Time left: 300 sec this turn | 300 sec total | 5 sec grace\n|\n|t:|1783541017\n|switch|p2a: Malamar|Malamar, L82, F|275/275\n|turn|15\n|inactive|Time left: 300 sec this turn | 300 sec total\n|\n|t:|1783541018\n|-terastallize|p1a: Hitmontop|Ice\n|move|p1a: Hitmontop|Triple Axel|p2a: Malamar\n|-damage|p2a: Malamar|223/275\n|-damage|p2a: Malamar|126/275\n|-damage|p2a: Malamar|0 fnt\n|faint|p2a: Malamar\n|-hitcount|p2: Malamar|3\n|\n|-heal|p1a: Hitmontop|80/100|[from] item: Leftovers\n|upkeep\n|inactive|Time left: 300 sec this turn | 300 sec total | 5 sec grace\n|\n|t:|1783541019\n|switch|p2a: Volbeat|Volbeat, L90, M|263/263\n|turn|16\n|inactive|Time left: 300 sec this turn | 300 sec total\n|\n|t:|1783541020\n|move|p2a: Volbeat|Thunder Wave|p1a: Hitmontop|[miss]\n|-miss|p2a: Volbeat|p1a: Hitmontop\n|move|p1a: Hitmontop|Triple Axel|p2a: Volbeat\n|-damage|p2a: Volbeat|203/263\n|-damage|p2a: Volbeat|101/263\n|-damage|p2a: Volbeat|0 fnt\n|faint|p2a: Volbeat\n|-hitcount|p2: Volbeat|3\n|\n|-heal|p1a: Hitmontop|86/100|[from] item: Leftovers\n|upkeep\n|inactive|Time left: 300 sec this turn | 300 sec total | 5 sec grace\n|\n|t:|1783541021\n|switch|p2a: Mabosstiff|Mabosstiff, L86, M|197/278\n|turn|17\n|inactive|Time left: 300 sec this turn | 300 sec total\n|\n|t:|1783541022\n|move|p1a: Hitmontop|Triple Axel|p2a: Mabosstiff\n|-damage|p2a: Mabosstiff|142/278\n|-damage|p2a: Mabosstiff|48/278\n|-damage|p2a: Mabosstiff|0 fnt\n|faint|p2a: Mabosstiff\n|-hitcount|p2: Mabosstiff|3\n|\n|-heal|p1a: Hitmontop|92/100|[from] item: Leftovers\n|upkeep\n|inactive|Time left: 300 sec this turn | 300 sec total | 5 sec grace\n|\n|t:|1783541022\n|switch|p2a: Toedscruel|Toedscruel, L87, M|281/281\n|turn|18\n|inactive|Time left: 300 sec this turn | 300 sec total\n|\n|t:|1783541023\n|move|p1a: Hitmontop|Triple Axel|p2a: Toedscruel\n|-supereffective|p2a: Toedscruel\n|-damage|p2a: Toedscruel|37/281\n|-supereffective|p2a: Toedscruel\n|-damage|p2a: Toedscruel|0 fnt\n|faint|p2a: Toedscruel\n|-hitcount|p2: Toedscruel|2\n|\n|win|p0x1618064", "uploadtime": 1783541023, "views": 0, "rating": 0, "private": 0, "password": null, "_winner": "p0x1618064", "_our_name": "p0y1618d69"}