{"id": "battle-gen9randombattle-1715", "formatid": "gen9randombattle", "format": "[Gen 9] Random Battle", "players": ["p0x17159834", "p0y1715b66f"], "log": "|init|battle\n|title|p0x17159834 vs. p0y1715b66f\n|j|\u2606p0x17159834\n|j|\u2606p0y1715b66f\n|t:|1783559871\n|gametype|singles\n|player|p1|p0x17159834|2|\n|player|p2|p0y1715b66f|266|\n|gen|9\n|tier|[Gen 9] Random Battle\n|rule|Species Clause: Limit one of each Pok\u00e9mon\n|rule|HP Percentage Mod: HP is shown in percentages\n|rule|Sleep Clause Mod: Limit one foe put to sleep\n|rule|Illusion Level Mod: Illusion disguises the Pok\u00e9mon's true level\n|\n|t:|1783559871\n|teamsize|p1|6\n|teamsize|p2|6\n|start\n|switch|p1a: Iron Jugulis|Iron Jugulis, L77|271/271\n|switch|p2a: Ninetales|Ninetales, L85, F|100/100\n|-weather|SunnyDay|[from] ability: Drought|[of] p2a: Ninetales\n|turn|1\n|inactive|Battle timer is ON: inactive players will automatically lose when time's up. (requested by p0x17159834)\n|inactive|p0y1715b66f also wants the timer to be on.\n|\n|t:|1783559872\n|move|p2a: Ninetales|Nasty Plot|p2a: Ninetales\n|-boost|p2a: Ninetales|spa|2\n|move|p1a: Iron Jugulis|Dark Pulse|p2a: Ninetales\n|-damage|p2a: Ninetales|54/100\n|\n|-weather|SunnyDay|[upkeep]\n|upkeep\n|turn|2\n|inactive|Time left: 300 sec this turn | 300 sec total\n|\n|t:|1783559872\n|-end|p1a: Iron Jugulis|Quark Drive|[silent]\n|switch|p1a: Skeledirge|Skeledirge, L79, M|294/294\n|move|p2a: Ninetales|Fire Blast|p1a: Skeledirge\n|-resisted|p1a: Skeledirge\n|-damage|p1a: Skeledirge|192/294\n|\n|-weather|SunnyDay|[upkeep]\n|upkeep\n|turn|3\n|inactive|Time left: 300 sec this turn | 300 sec total\n|\n|t:|1783559873\n|move|p2a: Ninetales|Fire Blast|p1a: Skeledirge\n|-resisted|p1a: Skeledirge\n|-damage|p1a: Skeledirge|92/294\n|move|p1a: Skeledirge|Slack Off|p1a: Skeledirge\n|-heal|p1a: Skeledirge|239/294\n|\n|-weather|SunnyDay|[upkeep]\n|upkeep\n|turn|4\n|inactive|Time left: 300 sec this turn | 300 sec total\n|\n|t:|1783559874\n|move|p2a: Ninetales|Scorching Sands|p1a: Skeledirge\n|-supereffective|p1a: Skeledirge\n|-damage|p1a: Skeledirge|121/294\n|move|p1a: Skeledirge|Torch Song|p2a: Ninetales\n|-resisted|p2a: Ninetales\n|-damage|p2a: Ninetales|34/100\n|-boost|p1a: Skeledirge|spa|1\n|\n|-weather|SunnyDay|[upkeep]\n|upkeep\n|turn|5\n|inactive|Time left: 300 sec this turn | 300 sec total\n|\n|t:|1783559875\n|-terastallize|p2a: Ninetales|Fire\n|move|p2a: Ninetales|Fire Blast|p1a: Skeledirge|[miss]\n|-miss|p2a: Ninetales|p1a: Skeledirge\n|move|p1a: Skeledirge|Slack Off|p1a: Skeledirge\n|-heal|p1a: Skeledirge|268/294\n|\n|-weather|none\n|upkeep\n|turn|6\n|inactive|Time left: 300 sec this turn | 300 sec total\n|\n|t:|1783559876\n|move|p2a: Ninetales|Scorching Sands|p1a: Skeledirge\n|-supereffective|p1a: Skeledirge\n|-damage|p1a: Skeledirge|156/294\n|move|p1a: Skeledirge|Hex|p2a: Ninetales\n|-damage|p2a: Ninetales|2/100\n|\n|upkeep\n|turn|7\n|inactive|Time left: 300 sec this turn | 300 sec total\n|\n|t:|1783559877\n|move|p2a: Ninetales|Scorching Sands|p1a: Skeledirge\n|-supereffective|p1a: Skeledirge\n|-damage|p1a: Skeledirge|48/294\n|move|p1a: Skeledirge|Slack Off|p1a: Skeledirge\n|-heal|p1a: Skeledirge|195/294\n|\n|upkeep\n|turn|8\n|inactive|Time left: 300 sec this turn | 300 sec total\n|\n|t:|1783559878\n|move|p2a: Ninetales|Scorching Sands|p1a: Skeledirge\n|-supereffective|p1a: Skeledirge\n|-damage|p1a: Skeledirge|93/294\n|move|p1a: Skeledirge|Torch Song|p2a: Ninetales\n|-resisted|p2a: Ninetales\n|-damage|p2a: Ninetales|0 fnt\n|-boost|p1a: Skeledirge|spa|1\n|faint|p2a: Ninetales\n|\n|upkeep\n|\n|t:|1783559879\n|switch|p2a: Braviary|Braviary, L85, M|100/100\n|turn|9\n|inactive|Time left: 300 sec this turn | 300 sec total\n|\n|t:|1783559881\n|move|p2a: Braviary|Brave Bird|p1a: Skeledirge\n|-damage|p1a: Skeledirge|0 fnt\n|faint|p1a: Skeledirge\n|-damage|p2a: Braviary|90/100|[from] Recoil\n|\n|upkeep\n|inactive|Time left: 300 sec this turn | 300 sec total | 5 sec grace\n|\n|t:|1783559882\n|switch|p1a: Terrakion|Terrakion, L79|273/273\n|turn|10\n|inactive|Time left: 300 sec this turn | 300 sec total\n|\n|t:|1783559883\n|move|p1a: Terrakion|Stone Edge|p2a: Braviary|[miss]\n|-miss|p1a: Terrakion|p2a: Braviary\n|move|p2a: Braviary|Close Combat|p1a: Terrakion\n|-supereffective|p1a: Terrakion\n|-crit|p1a: Terrakion\n|-damage|p1a: Terrakion|0 fnt\n|-unboost|p2a: Braviary|def|1\n|-unboost|p2a: Braviary|spd|1\n|faint|p1a: Terrakion\n|\n|upkeep\n|inactive|Time left: 300 sec this turn | 300 sec total | 5 sec grace\n|\n|t:|1783559884\n|switch|p1a: Iron Jugulis|Iron Jugulis, L77|271/271\n|turn|11\n|inactive|Time left: 300 sec this turn | 300 sec total\n|\n|t:|1783559884\n|switch|p2a: Muk|Muk, L86, F|100/100\n|move|p1a: Iron Jugulis|Hurricane|p2a: Muk\n|-damage|p2a: Muk|67/100\n|\n|upkeep\n|turn|12\n|inactive|Time left: 300 sec this turn | 300 sec total\n|\n|t:|1783559886\n|move|p1a: Iron Jugulis|Hurricane|p2a: Muk|[miss]\n|-miss|p1a: Iron Jugulis|p2a: Muk\n|move|p2a: Muk|Poison Jab|p1a: Iron Jugulis\n|-damage|p1a: Iron Jugulis|175/271\n|\n|upkeep\n|turn|13\n|inactive|Time left: 300 sec this turn | 300 sec total\n|\n|t:|1783559887\n|move|p1a: Iron Jugulis|Hurricane|p2a: Muk\n|-damage|p2a: Muk|35/100\n|move|p2a: Muk|Poison Jab|p1a: Iron Jugulis\n|-damage|p1a: Iron Jugulis|76/271\n|-status|p1a: Iron Jugulis|psn|[from] ability: Poison Touch|[of] p2a: Muk\n|\n|-damage|p1a: Iron Jugulis|43/271 psn|[from] psn\n|upkeep\n|turn|14\n|inactive|Time left: 300 sec this turn | 300 sec total\n|\n|t:|1783559888\n|move|p1a: Iron Jugulis|Hurricane|p2a: Muk\n|-damage|p2a: Muk|0 fnt\n|faint|p2a: Muk\n|\n|-damage|p1a: Iron Jugulis|10/271 psn|[from] psn\n|upkeep\n|\n|t:|1783559889\n|switch|p2a: Grimmsnarl|Grimmsnarl, L83, M|100/100\n|turn|15\n|inactive|Time left: 300 sec this turn | 300 sec total\n|\n|t:|1783559890\n|move|p2a: Grimmsnarl|Light Screen|p2a: Grimmsnarl\n|-sidestart|p2: p0y1715b66f|move: Light Screen\n|move|p1a: Iron Jugulis|Hurricane|p2a: Grimmsnarl\n|-damage|p2a: Grimmsnarl|66/100\n|\n|-damage|p1a: Iron Jugulis|0 fnt|[from] psn\n|faint|p1a: Iron Jugulis\n|-end|p1a: Iron Jugulis|Quark Drive|[silent]\n|upkeep\n|inactive|Time left: 300 sec this turn | 300 sec total | 5 sec grace\n|\n|t:|1783559891\n|switch|p1a: Grafaiai|Grafaiai, L86, M|249/249\n|turn|16\n|inactive|Time left: 300 sec this turn | 300 sec total\n|\n|t:|1783559892\n|move|p2a: Grimmsnarl|Reflect|p2a: Grimmsnarl\n|-sidestart|p2: p0y1715b66f|Reflect\n|move|p1a: Grafaiai|Gunk Shot|p2a: Grimmsnarl|[miss]\n|-miss|p1a: Grafaiai|p2a: Grimmsnarl\n|\n|upkeep\n|turn|17\n|inactive|Time left: 300 sec this turn | 300 sec total\n|\n|t:|1783559893\n|move|p1a: Grafaiai|Swords Dance|p1a: Grafaiai\n|-boost|p1a: Grafaiai|atk|2\n|move|p2a: Grimmsnarl|Spirit Break|p1a: Grafaiai\n|-resisted|p1a: Grafaiai\n|-damage|p1a: Grafaiai|190/249\n|-unboost|p1a: Grafaiai|spa|1\n|\n|upkeep\n|turn|18\n|inactive|Time left: 300 sec this turn | 300 sec total\n|\n|t:|1783559894\n|move|p2a: Grimmsnarl|Parting Shot|p1a: Grafaiai\n|-unboost|p1a: Grafaiai|atk|1\n|-unboost|p1a: Grafaiai|spa|1\n|\n|t:|1783559895\n|switch|p2a: Braviary|Braviary, L85, M|90/100|[from] Parting Shot\n|move|p1a: Grafaiai|Gunk Shot|p2a: Braviary\n|-damage|p2a: Braviary|41/100\n|-status|p2a: Braviary|psn\n|-damage|p1a: Grafaiai|166/249|[from] item: Life Orb\n|\n|-damage|p2a: Braviary|28/100 psn|[from] psn\n|upkeep\n|turn|19\n|inactive|Time left: 300 sec this turn | 300 sec total\n|\n|t:|1783559896\n|move|p1a: Grafaiai|Gunk Shot|p2a: Braviary\n|-damage|p2a: Braviary|0 fnt\n|faint|p2a: Braviary\n|-damage|p1a: Grafaiai|142/249|[from] item: Life Orb\n|\n|upkeep\n|\n|t:|1783559897\n|switch|p2a: Flamigo|Flamigo, L82, M|100/100\n|turn|20\n|inactive|Time left: 300 sec this turn | 300 sec total\n|\n|t:|1783559898\n|move|p1a: Grafaiai|Gunk Shot|p2a: Flamigo|[miss]\n|-miss|p1a: Grafaiai|p2a: Flamigo\n|move|p2a: Flamigo|Close Combat|p1a: Grafaiai\n|-damage|p1a: Grafaiai|0 fnt\n|-unboost|p2a: Flamigo|def|1\n|-unboost|p2a: Flamigo|spd|1\n|faint|p1a: Grafaiai\n|-damage|p2a: Flamigo|91/100|[from] item: Life Orb\n|\n|upkeep\n|inactive|Time left: 300 sec this turn | 300 sec total | 5 sec grace\n|\n|t:|1783559899\n|switch|p1a: Delibird|Delibird, F|252/252\n|turn|21\n|inactive|Time left: 300 sec this turn | 300 sec total\n|\n|t:|1783559900\n|switch|p2a: Grimmsnarl|Grimmsnarl, L83, M|66/100\n|move|p1a: Delibird|Freeze-Dry|p2a: Grimmsnarl\n|-damage|p2a: Grimmsnarl|52/100\n|\n|upkeep\n|turn|22\n|inactive|Time left: 300 sec this turn | 300 sec total\n|\n|t:|1783559901\n|move|p1a: Delibird|Brave Bird|p2a: Grimmsnarl\n|-damage|p2a: Grimmsnarl|24/100\n|-damage|p1a: Delibird|225/252|[from] Recoil\n|move|p2a: Grimmsnarl|Spirit Break|p1a: Delibird\n|-damage|p1a: Delibird|95/252\n|-unboost|p1a: Delibird|spa|1\n|\n|-sideend|p2: p0y1715b66f|move: Light Screen\n|upkeep\n|turn|23\n|inactive|Time left: 300 sec this turn | 300 sec total\n|\n|t:|1783559902\n|move|p2a: Grimmsnarl|Light Screen|p2a: Grimmsnarl\n|-sidestart|p2: p0y1715b66f|move: Light Screen\n|move|p1a: Delibird|Brave Bird|p2a: Grimmsnarl\n|-damage|p2a: Grimmsnarl|0 fnt\n|faint|p2a: Grimmsnarl\n|-damage|p1a: Delibird|72/252|[from] Recoil\n|\n|-sideend|p2: p0y1715b66f|Reflect\n|upkeep\n|\n|t:|1783559903\n|switch|p2a: Uxie|Uxie, L83|100/100\n|turn|24\n|inactive|Time left: 300 sec this turn | 300 sec total\n|\n|t:|1783559904\n|move|p1a: Delibird|Brave Bird|p2a: Uxie\n|-damage|p2a: Uxie|67/100\n|-damage|p1a: Delibird|43/252|[from] Recoil\n|move|p2a: Uxie|Psychic Noise|p1a: Delibird\n|-damage|p1a: Delibird|0 fnt\n|faint|p1a: Delibird\n|\n|-heal|p2a: Uxie|73/100|[from] item: Leftovers\n|upkeep\n|inactive|Time left: 300 sec this turn | 300 sec total | 5 sec grace\n|\n|t:|1783559905\n|switch|p1a: Crawdaunt|Crawdaunt, L84, M|243/243\n|turn|25\n|inactive|Time left: 300 sec this turn | 300 sec total\n|\n|t:|1783559905\n|move|p2a: Uxie|Thunder Wave|p1a: Crawdaunt\n|-status|p1a: Crawdaunt|par\n|move|p1a: Crawdaunt|Dragon Dance|p1a: Crawdaunt\n|-boost|p1a: Crawdaunt|atk|1\n|-boost|p1a: Crawdaunt|spe|1\n|\n|-heal|p2a: Uxie|79/100|[from] item: Leftovers\n|upkeep\n|turn|26\n|inactive|Time left: 300 sec this turn | 300 sec total\n|\n|t:|1783559906\n|switch|p2a: Flamigo|Flamigo, L82, M|91/100\n|move|p1a: Crawdaunt|Crabhammer|p2a: Flamigo\n|-damage|p2a: Flamigo|0 fnt\n|faint|p2a: Flamigo\n|-damage|p1a: Crawdaunt|219/243 par|[from] item: Life Orb\n|\n|upkeep\n|\n|t:|1783559907\n|switch|p2a: Uxie|Uxie, L83|79/100\n|turn|27\n|inactive|Time left: 300 sec this turn | 300 sec total\n|\n|t:|1783559907\n|move|p2a: Uxie|Psychic Noise|p1a: Crawdaunt\n|-immune|p1a: Crawdaunt\n|move|p1a: Crawdaunt|Knock Off|p2a: Uxie\n|-supereffective|p2a: Uxie\n|-damage|p2a: Uxie|0 fnt\n|-enditem|p2a: Uxie|Leftovers|[from] move: Knock Off|[of] p1a: Crawdaunt\n|faint|p2a: Uxie\n|-damage|p1a: Crawdaunt|195/243 par|[from] item: Life Orb\n|\n|win|p0x17159834", "uploadtime": 1783559907, "views": 0, "rating": 0, "private": 0, "password": null, "_winner": "p0x17159834", "_our_name": "p0x17159834"}