{"id": "battle-gen9randombattle-128", "formatid": "gen9randombattle", "format": "[Gen 9] Random Battle", "players": ["p0x128c3f6", "p0y128f91a"], "log": "|init|battle\n|title|p0x128c3f6 vs. p0y128f91a\n|j|\u2606p0x128c3f6\n|j|\u2606p0y128f91a\n|t:|1783540962\n|gametype|singles\n|player|p1|p0x128c3f6|101|\n|player|p2|p0y128f91a|101|\n|gen|9\n|tier|[Gen 9] Random Battle\n|rule|Species Clause: Limit one of each Pok\u00e9mon\n|rule|HP Percentage Mod: HP is shown in percentages\n|rule|Sleep Clause Mod: Limit one foe put to sleep\n|rule|Illusion Level Mod: Illusion disguises the Pok\u00e9mon's true level\n|\n|t:|1783540962\n|teamsize|p1|6\n|teamsize|p2|6\n|start\n|switch|p1a: Meowstic|Meowstic-F, L89, F|277/277\n|switch|p2a: Camerupt|Camerupt, L91, F|100/100\n|turn|1\n|inactive|Battle timer is ON: inactive players will automatically lose when time's up. (requested by p0x128c3f6)\n|inactive|p0y128f91a also wants the timer to be on.\n|\n|t:|1783540964\n|move|p1a: Meowstic|Nasty Plot|p1a: Meowstic\n|-boost|p1a: Meowstic|spa|2\n|move|p2a: Camerupt|Stealth Rock|p1a: Meowstic\n|-sidestart|p1: p0x128c3f6|move: Stealth Rock\n|\n|upkeep\n|turn|2\n|inactive|Time left: 300 sec this turn | 300 sec total\n|\n|t:|1783540965\n|move|p1a: Meowstic|Psychic|p2a: Camerupt\n|-damage|p2a: Camerupt|4/100\n|-unboost|p2a: Camerupt|spd|1\n|-damage|p1a: Meowstic|250/277|[from] item: Life Orb\n|move|p2a: Camerupt|Earthquake|p1a: Meowstic\n|-damage|p1a: Meowstic|117/277\n|\n|-heal|p2a: Camerupt|10/100|[from] item: Leftovers\n|upkeep\n|turn|3\n|inactive|Time left: 300 sec this turn | 300 sec total\n|\n|t:|1783540966\n|move|p1a: Meowstic|Psychic|p2a: Camerupt\n|-damage|p2a: Camerupt|0 fnt\n|faint|p2a: Camerupt\n|-damage|p1a: Meowstic|90/277|[from] item: Life Orb\n|\n|upkeep\n|\n|t:|1783540968\n|switch|p2a: Ambipom|Ambipom, L84, M|100/100\n|turn|4\n|inactive|Time left: 300 sec this turn | 300 sec total\n|\n|t:|1783540969\n|move|p2a: Ambipom|Double-Edge|p1a: Meowstic\n|-damage|p1a: Meowstic|0 fnt\n|faint|p1a: Meowstic\n|-damage|p2a: Ambipom|89/100|[from] Recoil\n|\n|upkeep\n|inactive|Time left: 300 sec this turn | 300 sec total | 5 sec grace\n|\n|t:|1783540970\n|switch|p1a: Ariados|Ariados, L95, F|287/287\n|turn|5\n|inactive|Time left: 300 sec this turn | 300 sec total\n|\n|t:|1783540971\n|switch|p2a: Blaziken|Blaziken, L76, F|100/100\n|move|p1a: Ariados|Sticky Web|p2a: Blaziken\n|-sidestart|p2: p0y128f91a|move: Sticky Web\n|\n|upkeep\n|turn|6\n|inactive|Time left: 300 sec this turn | 300 sec total\n|\n|t:|1783540972\n|move|p2a: Blaziken|Flare Blitz|p1a: Ariados\n|-supereffective|p1a: Ariados\n|-crit|p1a: Ariados\n|-damage|p1a: Ariados|0 fnt\n|faint|p1a: Ariados\n|-damage|p2a: Blaziken|62/100|[from] Recoil\n|-damage|p2a: Blaziken|52/100|[from] item: Life Orb\n|\n|-ability|p2a: Blaziken|Speed Boost|boost\n|-boost|p2a: Blaziken|spe|1\n|upkeep\n|inactive|Time left: 300 sec this turn | 300 sec total | 5 sec grace\n|\n|t:|1783540973\n|switch|p1a: Torkoal|Torkoal, L88, M|266/266\n|-weather|SunnyDay|[from] ability: Drought|[of] p1a: Torkoal\n|turn|7\n|inactive|Time left: 300 sec this turn | 300 sec total\n|\n|t:|1783540974\n|move|p2a: Blaziken|Swords Dance|p2a: Blaziken\n|-boost|p2a: Blaziken|atk|2\n|move|p1a: Torkoal|Rapid Spin|p2a: Blaziken\n|-damage|p2a: Blaziken|32/100\n|-boost|p1a: Torkoal|spe|1\n|-sideend|p1: p0x128c3f6|Stealth Rock|[from] move: Rapid Spin|[of] p1a: Torkoal\n|\n|-weather|SunnyDay|[upkeep]\n|-ability|p2a: Blaziken|Speed Boost|boost\n|-boost|p2a: Blaziken|spe|1\n|upkeep\n|turn|8\n|inactive|Time left: 300 sec this turn | 300 sec total\n|\n|t:|1783540975\n|switch|p1a: Trevenant|Trevenant, L89, F|296/296\n|move|p2a: Blaziken|Close Combat|p1a: Trevenant\n|-immune|p1a: Trevenant\n|\n|-weather|SunnyDay|[upkeep]\n|-ability|p2a: Blaziken|Speed Boost|boost\n|-boost|p2a: Blaziken|spe|1\n|upkeep\n|turn|9\n|inactive|Time left: 300 sec this turn | 300 sec total\n|\n|t:|1783540976\n|move|p2a: Blaziken|Knock Off|p1a: Trevenant\n|-supereffective|p1a: Trevenant\n|-damage|p1a: Trevenant|0 fnt\n|-enditem|p1a: Trevenant|Life Orb|[from] move: Knock Off|[of] p2a: Blaziken\n|faint|p1a: Trevenant\n|-damage|p2a: Blaziken|23/100|[from] item: Life Orb\n|\n|-weather|SunnyDay|[upkeep]\n|-ability|p2a: Blaziken|Speed Boost|boost\n|-boost|p2a: Blaziken|spe|1\n|upkeep\n|inactive|Time left: 300 sec this turn | 300 sec total | 5 sec grace\n|\n|t:|1783540976\n|switch|p1a: Torkoal|Torkoal, L88, M|266/266\n|turn|10\n|inactive|Time left: 300 sec this turn | 300 sec total\n|\n|t:|1783540977\n|move|p2a: Blaziken|Close Combat|p1a: Torkoal\n|-damage|p1a: Torkoal|46/266\n|-unboost|p2a: Blaziken|def|1\n|-unboost|p2a: Blaziken|spd|1\n|-damage|p2a: Blaziken|13/100|[from] item: Life Orb\n|move|p1a: Torkoal|Solar Beam||[still]\n|-prepare|p1a: Torkoal|Solar Beam\n|-anim|p1a: Torkoal|Solar Beam|p2a: Blaziken\n|-resisted|p2a: Blaziken\n|-damage|p2a: Blaziken|0 fnt\n|faint|p2a: Blaziken\n|\n|-weather|SunnyDay|[upkeep]\n|upkeep\n|\n|t:|1783540977\n|switch|p2a: Primarina|Primarina, L83, M|100/100\n|-activate|p2a: Primarina|move: Sticky Web\n|-unboost|p2a: Primarina|spe|1\n|turn|11\n|inactive|Time left: 300 sec this turn | 300 sec total\n|\n|t:|1783540978\n|switch|p1a: Bruxish|Bruxish, L85, F|254/254\n|move|p2a: Primarina|Moonblast|p1a: Bruxish\n|-damage|p1a: Bruxish|23/254\n|-unboost|p1a: Bruxish|spa|1\n|\n|-weather|none\n|upkeep\n|turn|12\n|inactive|Time left: 300 sec this turn | 300 sec total\n|\n|t:|1783540979\n|move|p1a: Bruxish|Psychic Fangs|p2a: Primarina\n|-damage|p2a: Primarina|18/100\n|-damage|p1a: Bruxish|0 fnt|[from] item: Life Orb\n|faint|p1a: Bruxish\n|move|p2a: Primarina|Moonblast|p1: Bruxish|[notarget]\n|-fail|p2a: Primarina\n|\n|upkeep\n|inactive|Time left: 300 sec this turn | 300 sec total | 5 sec grace\n|\n|t:|1783540980\n|switch|p1a: Gastrodon|Gastrodon-East, L86, M|331/331\n|turn|13\n|inactive|Time left: 300 sec this turn | 300 sec total\n|\n|t:|1783540981\n|move|p1a: Gastrodon|Earthquake|p2a: Primarina\n|-damage|p2a: Primarina|0 fnt\n|faint|p2a: Primarina\n|\n|upkeep\n|\n|t:|1783540982\n|switch|p2a: Qwilfish|Qwilfish, L86, F|100/100\n|-activate|p2a: Qwilfish|move: Sticky Web\n|-unboost|p2a: Qwilfish|spe|1\n|-ability|p2a: Qwilfish|Intimidate|boost\n|-unboost|p1a: Gastrodon|atk|1\n|turn|14\n|inactive|Time left: 300 sec this turn | 300 sec total\n|\n|t:|1783540982\n|switch|p2a: Wigglytuff|Wigglytuff, L96, F|100/100\n|-activate|p2a: Wigglytuff|move: Sticky Web\n|-unboost|p2a: Wigglytuff|spe|1\n|-ability|p2a: Wigglytuff|Competitive|boost\n|-boost|p2a: Wigglytuff|spa|2\n|move|p1a: Gastrodon|Earthquake|p2a: Wigglytuff\n|-damage|p2a: Wigglytuff|80/100\n|\n|-heal|p2a: Wigglytuff|87/100|[from] item: Leftovers\n|upkeep\n|turn|15\n|inactive|Time left: 300 sec this turn | 300 sec total\n|\n|t:|1783540984\n|move|p1a: Gastrodon|Surf|p2a: Wigglytuff\n|-damage|p2a: Wigglytuff|56/100\n|move|p2a: Wigglytuff|Dazzling Gleam|p1a: Gastrodon\n|-damage|p1a: Gastrodon|109/331\n|\n|-heal|p1a: Gastrodon|129/331|[from] item: Leftovers\n|-heal|p2a: Wigglytuff|62/100|[from] item: Leftovers\n|upkeep\n|turn|16\n|inactive|Time left: 300 sec this turn | 300 sec total\n|\n|t:|1783540985\n|move|p1a: Gastrodon|Recover|p1a: Gastrodon\n|-heal|p1a: Gastrodon|295/331\n|move|p2a: Wigglytuff|Dazzling Gleam|p1a: Gastrodon\n|-damage|p1a: Gastrodon|85/331\n|\n|-heal|p1a: Gastrodon|105/331|[from] item: Leftovers\n|-heal|p2a: Wigglytuff|68/100|[from] item: Leftovers\n|upkeep\n|turn|17\n|inactive|Time left: 300 sec this turn | 300 sec total\n|\n|t:|1783540986\n|move|p1a: Gastrodon|Recover|p1a: Gastrodon\n|-heal|p1a: Gastrodon|271/331\n|move|p2a: Wigglytuff|Dazzling Gleam|p1a: Gastrodon\n|-damage|p1a: Gastrodon|79/331\n|\n|-heal|p1a: Gastrodon|99/331|[from] item: Leftovers\n|-heal|p2a: Wigglytuff|75/100|[from] item: Leftovers\n|upkeep\n|turn|18\n|inactive|Time left: 300 sec this turn | 300 sec total\n|\n|t:|1783540987\n|move|p1a: Gastrodon|Recover|p1a: Gastrodon\n|-heal|p1a: Gastrodon|265/331\n|move|p2a: Wigglytuff|Dazzling Gleam|p1a: Gastrodon\n|-damage|p1a: Gastrodon|43/331\n|\n|-heal|p1a: Gastrodon|63/331|[from] item: Leftovers\n|-heal|p2a: Wigglytuff|81/100|[from] item: Leftovers\n|upkeep\n|turn|19\n|inactive|Time left: 300 sec this turn | 300 sec total\n|\n|t:|1783540988\n|move|p1a: Gastrodon|Recover|p1a: Gastrodon\n|-heal|p1a: Gastrodon|229/331\n|move|p2a: Wigglytuff|Dazzling Gleam|p1a: Gastrodon\n|-damage|p1a: Gastrodon|12/331\n|\n|-heal|p1a: Gastrodon|32/331|[from] item: Leftovers\n|-heal|p2a: Wigglytuff|87/100|[from] item: Leftovers\n|upkeep\n|turn|20\n|inactive|Time left: 300 sec this turn | 300 sec total\n|\n|t:|1783540990\n|-terastallize|p1a: Gastrodon|Steel\n|move|p1a: Gastrodon|Recover|p1a: Gastrodon\n|-heal|p1a: Gastrodon|198/331\n|move|p2a: Wigglytuff|Dazzling Gleam|p1a: Gastrodon\n|-resisted|p1a: Gastrodon\n|-damage|p1a: Gastrodon|96/331\n|\n|-heal|p1a: Gastrodon|116/331|[from] item: Leftovers\n|-heal|p2a: Wigglytuff|93/100|[from] item: Leftovers\n|upkeep\n|turn|21\n|inactive|Time left: 300 sec this turn | 300 sec total\n|\n|t:|1783540991\n|move|p1a: Gastrodon|Recover|p1a: Gastrodon\n|-heal|p1a: Gastrodon|282/331\n|move|p2a: Wigglytuff|Fire Blast|p1a: Gastrodon\n|-supereffective|p1a: Gastrodon\n|-damage|p1a: Gastrodon|0 fnt\n|faint|p1a: Gastrodon\n|\n|-heal|p2a: Wigglytuff|99/100|[from] item: Leftovers\n|upkeep\n|inactive|Time left: 300 sec this turn | 300 sec total | 5 sec grace\n|\n|t:|1783540992\n|switch|p1a: Torkoal|Torkoal, L88, M|46/266\n|-weather|SunnyDay|[from] ability: Drought|[of] p1a: Torkoal\n|turn|22\n|inactive|Time left: 300 sec this turn | 300 sec total\n|\n|t:|1783540993\n|-terastallize|p2a: Wigglytuff|Poison\n|move|p2a: Wigglytuff|Dazzling Gleam|p1a: Torkoal\n|-resisted|p1a: Torkoal\n|-damage|p1a: Torkoal|0 fnt\n|faint|p1a: Torkoal\n|\n|win|p0y128f91a", "uploadtime": 1783540993, "views": 0, "rating": 0, "private": 0, "password": null, "_winner": "p0y128f91a", "_our_name": "p0x128c3f6"}