{"id": "battle-gen9randombattle-2285", "formatid": "gen9randombattle", "format": "[Gen 9] Random Battle", "players": ["p0x2285fbc4", "p0y2285b22a"], "log": "|init|battle\n|title|p0x2285fbc4 vs. p0y2285b22a\n|j|\u2606p0x2285fbc4\n|j|\u2606p0y2285b22a\n|t:|1783566483\n|gametype|singles\n|player|p1|p0x2285fbc4|265|\n|player|p2|p0y2285b22a|1|\n|gen|9\n|tier|[Gen 9] Random Battle\n|rule|Species Clause: Limit one of each Pok\u00e9mon\n|rule|HP Percentage Mod: HP is shown in percentages\n|rule|Sleep Clause Mod: Limit one foe put to sleep\n|rule|Illusion Level Mod: Illusion disguises the Pok\u00e9mon's true level\n|\n|t:|1783566483\n|teamsize|p1|6\n|teamsize|p2|6\n|start\n|switch|p1a: Gastrodon|Gastrodon-East, L86, F|100/100\n|switch|p2a: Excadrill|Excadrill, L79, M|303/303\n|-ability|p2a: Excadrill|Mold Breaker\n|turn|1\n|inactive|Battle timer is ON: inactive players will automatically lose when time's up. (requested by p0x2285fbc4)\n|inactive|Time left: 300 sec this turn | 300 sec total | 60 sec grace\n|inactive|p0y2285b22a also wants the timer to be on.\n|\n|t:|1783566484\n|move|p2a: Excadrill|Swords Dance|p2a: Excadrill\n|-boost|p2a: Excadrill|atk|2\n|move|p1a: Gastrodon|Earthquake|p2a: Excadrill\n|-supereffective|p2a: Excadrill\n|-damage|p2a: Excadrill|37/303\n|\n|-heal|p2a: Excadrill|55/303|[from] item: Leftovers\n|upkeep\n|turn|2\n|inactive|Time left: 300 sec this turn | 300 sec total\n|\n|t:|1783566486\n|move|p2a: Excadrill|Earthquake|p1a: Gastrodon\n|-damage|p1a: Gastrodon|9/100\n|move|p1a: Gastrodon|Earthquake|p2a: Excadrill\n|-supereffective|p2a: Excadrill\n|-damage|p2a: Excadrill|0 fnt\n|faint|p2a: Excadrill\n|\n|-heal|p1a: Gastrodon|15/100|[from] item: Leftovers\n|upkeep\n|inactive|Time left: 300 sec this turn | 300 sec total | 5 sec grace\n|\n|t:|1783566487\n|switch|p2a: Hitmontop|Hitmontop, L88, M|231/231\n|-ability|p2a: Hitmontop|Intimidate|boost\n|-unboost|p1a: Gastrodon|atk|1\n|turn|3\n|inactive|Time left: 300 sec this turn | 300 sec total\n|\n|t:|1783566488\n|switch|p1a: Brambleghast|Brambleghast, L88, M|100/100\n|move|p2a: Hitmontop|Stone Edge|p1a: Brambleghast\n|-damage|p1a: Brambleghast|44/100\n|\n|-heal|p1a: Brambleghast|50/100|[from] item: Leftovers\n|upkeep\n|turn|4\n|inactive|Time left: 300 sec this turn | 300 sec total\n|\n|t:|1783566489\n|move|p1a: Brambleghast|Strength Sap|p2a: Hitmontop\n|-unboost|p2a: Hitmontop|atk|1\n|-heal|p1a: Brambleghast|100/100\n|move|p2a: Hitmontop|Stone Edge|p1a: Brambleghast\n|-damage|p1a: Brambleghast|65/100\n|\n|-heal|p1a: Brambleghast|71/100|[from] item: Leftovers\n|upkeep\n|turn|5\n|inactive|Time left: 300 sec this turn | 300 sec total\n|\n|t:|1783566490\n|switch|p2a: Arceus|Arceus-Poison, L70|284/284\n|move|p1a: Brambleghast|Poltergeist|p2a: Arceus\n|-activate|p2a: Arceus|move: Poltergeist|Toxic Plate\n|-damage|p2a: Arceus|139/284\n|\n|-heal|p1a: Brambleghast|78/100|[from] item: Leftovers\n|upkeep\n|turn|6\n|inactive|Time left: 300 sec this turn | 300 sec total\n|\n|t:|1783566491\n|move|p2a: Arceus|Gunk Shot|p1a: Brambleghast\n|-damage|p1a: Brambleghast|18/100\n|move|p1a: Brambleghast|Poltergeist|p2a: Arceus\n|-activate|p2a: Arceus|move: Poltergeist|Toxic Plate\n|-damage|p2a: Arceus|6/284\n|\n|-heal|p1a: Brambleghast|24/100|[from] item: Leftovers\n|upkeep\n|turn|7\n|inactive|Time left: 300 sec this turn | 300 sec total\n|\n|t:|1783566492\n|move|p1a: Brambleghast|Strength Sap|p2a: Arceus\n|-unboost|p2a: Arceus|atk|1\n|-heal|p1a: Brambleghast|100/100\n|move|p2a: Arceus|Gunk Shot|p1a: Brambleghast\n|-damage|p1a: Brambleghast|59/100\n|\n|-heal|p1a: Brambleghast|65/100|[from] item: Leftovers\n|upkeep\n|turn|8\n|inactive|Time left: 300 sec this turn | 300 sec total\n|\n|t:|1783566494\n|move|p2a: Arceus|Gunk Shot|p1a: Brambleghast\n|-damage|p1a: Brambleghast|24/100\n|move|p1a: Brambleghast|Strength Sap|p2a: Arceus\n|-unboost|p2a: Arceus|atk|1\n|-heal|p1a: Brambleghast|82/100\n|\n|-heal|p1a: Brambleghast|88/100|[from] item: Leftovers\n|upkeep\n|turn|9\n|inactive|Time left: 300 sec this turn | 300 sec total\n|\n|t:|1783566495\n|move|p2a: Arceus|Gunk Shot|p1a: Brambleghast\n|-damage|p1a: Brambleghast|59/100\n|-status|p1a: Brambleghast|psn\n|move|p1a: Brambleghast|Poltergeist|p2a: Arceus\n|-activate|p2a: Arceus|move: Poltergeist|Toxic Plate\n|-damage|p2a: Arceus|0 fnt\n|faint|p2a: Arceus\n|\n|-heal|p1a: Brambleghast|65/100 psn|[from] item: Leftovers\n|-damage|p1a: Brambleghast|53/100 psn|[from] psn\n|upkeep\n|inactive|Time left: 300 sec this turn | 300 sec total | 5 sec grace\n|\n|t:|1783566496\n|switch|p2a: Basculin|Basculin, L86, F|261/261\n|turn|10\n|inactive|Time left: 300 sec this turn | 300 sec total\n|\n|t:|1783566497\n|switch|p1a: Gastrodon|Gastrodon-East, L86, F|15/100\n|move|p2a: Basculin|Wave Crash|p1a: Gastrodon\n|-ability|p1a: Gastrodon|Storm Drain|boost\n|-boost|p1a: Gastrodon|spa|1\n|\n|-heal|p1a: Gastrodon|21/100|[from] item: Leftovers\n|upkeep\n|turn|11\n|inactive|Time left: 300 sec this turn | 300 sec total\n|\n|t:|1783566498\n|switch|p2a: Hitmontop|Hitmontop, L88, M|231/231\n|-ability|p2a: Hitmontop|Intimidate|boost\n|-unboost|p1a: Gastrodon|atk|1\n|move|p1a: Gastrodon|Recover|p1a: Gastrodon\n|-heal|p1a: Gastrodon|71/100\n|\n|-heal|p1a: Gastrodon|77/100|[from] item: Leftovers\n|upkeep\n|turn|12\n|inactive|Time left: 300 sec this turn | 300 sec total\n|\n|t:|1783566499\n|move|p2a: Hitmontop|Earthquake|p1a: Gastrodon\n|-damage|p1a: Gastrodon|35/100\n|move|p1a: Gastrodon|Earthquake|p2a: Hitmontop\n|-damage|p2a: Hitmontop|171/231\n|\n|-heal|p1a: Gastrodon|41/100|[from] item: Leftovers\n|upkeep\n|turn|13\n|inactive|Time left: 300 sec this turn | 300 sec total\n|\n|t:|1783566500\n|switch|p1a: Rillaboom|Rillaboom, L79, F|100/100\n|-fieldstart|move: Grassy Terrain|[from] ability: Grassy Surge|[of] p1a: Rillaboom\n|move|p2a: Hitmontop|Earthquake|p1a: Rillaboom\n|-resisted|p1a: Rillaboom\n|-damage|p1a: Rillaboom|91/100\n|\n|-heal|p1a: Rillaboom|97/100|[from] Grassy Terrain\n|-heal|p2a: Hitmontop|185/231|[from] Grassy Terrain\n|upkeep\n|turn|14\n|inactive|Time left: 300 sec this turn | 300 sec total\n|\n|t:|1783566502\n|switch|p2a: Dusknoir|Dusknoir, L89, F|225/225\n|-item|p1a: Rillaboom|Choice Band|[from] ability: Frisk|[of] p2a: Dusknoir\n|move|p1a: Rillaboom|Wood Hammer|p2a: Dusknoir\n|-damage|p2a: Dusknoir|42/225\n|-damage|p1a: Rillaboom|76/100|[from] Recoil\n|\n|-heal|p1a: Rillaboom|82/100|[from] Grassy Terrain\n|-heal|p2a: Dusknoir|56/225|[from] Grassy Terrain\n|-heal|p2a: Dusknoir|70/225|[from] item: Leftovers\n|upkeep\n|turn|15\n|inactive|Time left: 300 sec this turn | 300 sec total\n|\n|t:|1783566503\n|move|p2a: Dusknoir|Shadow Sneak|p1a: Rillaboom\n|-damage|p1a: Rillaboom|66/100\n|move|p1a: Rillaboom|Wood Hammer|p2a: Dusknoir\n|-damage|p2a: Dusknoir|0 fnt\n|faint|p2a: Dusknoir\n|-damage|p1a: Rillaboom|58/100|[from] Recoil\n|\n|-heal|p1a: Rillaboom|64/100|[from] Grassy Terrain\n|upkeep\n|inactive|Time left: 300 sec this turn | 300 sec total | 5 sec grace\n|\n|t:|1783566504\n|switch|p2a: Tatsugiri|Tatsugiri, L87, F|260/260\n|turn|16\n|inactive|Time left: 300 sec this turn | 300 sec total\n|\n|t:|1783566505\n|move|p2a: Tatsugiri|Draco Meteor|p1a: Rillaboom\n|-damage|p1a: Rillaboom|0 fnt\n|-unboost|p2a: Tatsugiri|spa|2\n|faint|p1a: Rillaboom\n|\n|upkeep\n|\n|t:|1783566506\n|switch|p1a: Armarouge|Armarouge, L80, F|100/100\n|turn|17\n|inactive|Time left: 300 sec this turn | 300 sec total\n|\n|t:|1783566507\n|move|p2a: Tatsugiri|Nasty Plot|p2a: Tatsugiri\n|-boost|p2a: Tatsugiri|spa|2\n|move|p1a: Armarouge|Psyshock|p2a: Tatsugiri\n|-damage|p2a: Tatsugiri|148/260\n|\n|-heal|p2a: Tatsugiri|164/260|[from] Grassy Terrain\n|-fieldend|move: Grassy Terrain\n|upkeep\n|turn|18\n|inactive|Time left: 300 sec this turn | 300 sec total\n|\n|t:|1783566509\n|switch|p1a: Brambleghast|Brambleghast, L88, M|53/100 psn\n|move|p2a: Tatsugiri|Surf|p1a: Brambleghast\n|-resisted|p1a: Brambleghast\n|-damage|p1a: Brambleghast|23/100 psn\n|\n|-heal|p1a: Brambleghast|29/100 psn|[from] item: Leftovers\n|-damage|p1a: Brambleghast|17/100 psn|[from] psn\n|upkeep\n|turn|19\n|inactive|Time left: 300 sec this turn | 300 sec total\n|\n|t:|1783566510\n|move|p1a: Brambleghast|Power Whip|p2a: Tatsugiri\n|-damage|p2a: Tatsugiri|0 fnt\n|faint|p2a: Tatsugiri\n|\n|-heal|p1a: Brambleghast|23/100 psn|[from] item: Leftovers\n|-damage|p1a: Brambleghast|10/100 psn|[from] psn\n|upkeep\n|inactive|Time left: 300 sec this turn | 300 sec total | 5 sec grace\n|\n|t:|1783566511\n|switch|p2a: Basculin|Basculin, L86, F|261/261\n|turn|20\n|inactive|Time left: 300 sec this turn | 300 sec total\n|\n|t:|1783566512\n|switch|p1a: Gastrodon|Gastrodon-East, L86, F|41/100\n|move|p2a: Basculin|Wave Crash|p1a: Gastrodon\n|-ability|p1a: Gastrodon|Storm Drain|boost\n|-boost|p1a: Gastrodon|spa|1\n|\n|-heal|p1a: Gastrodon|47/100|[from] item: Leftovers\n|upkeep\n|turn|21\n|inactive|Time left: 300 sec this turn | 300 sec total\n|\n|t:|1783566513\n|switch|p2a: Hitmontop|Hitmontop, L88, M|185/231\n|-ability|p2a: Hitmontop|Intimidate|boost\n|-unboost|p1a: Gastrodon|atk|1\n|move|p1a: Gastrodon|Recover|p1a: Gastrodon\n|-heal|p1a: Gastrodon|97/100\n|\n|-heal|p1a: Gastrodon|100/100|[from] item: Leftovers\n|upkeep\n|turn|22\n|inactive|Time left: 300 sec this turn | 300 sec total\n|\n|t:|1783566514\n|move|p2a: Hitmontop|Earthquake|p1a: Gastrodon\n|-damage|p1a: Gastrodon|56/100\n|move|p1a: Gastrodon|Earthquake|p2a: Hitmontop\n|-damage|p2a: Hitmontop|130/231\n|\n|-heal|p1a: Gastrodon|62/100|[from] item: Leftovers\n|upkeep\n|turn|23\n|inactive|Time left: 300 sec this turn | 300 sec total\n|\n|t:|1783566515\n|move|p2a: Hitmontop|Earthquake|p1a: Gastrodon\n|-damage|p1a: Gastrodon|22/100\n|move|p1a: Gastrodon|Recover|p1a: Gastrodon\n|-heal|p1a: Gastrodon|72/100\n|\n|-heal|p1a: Gastrodon|78/100|[from] item: Leftovers\n|upkeep\n|turn|24\n|inactive|Time left: 300 sec this turn | 300 sec total\n|\n|t:|1783566516\n|move|p2a: Hitmontop|Earthquake|p1a: Gastrodon\n|-damage|p1a: Gastrodon|40/100\n|move|p1a: Gastrodon|Ice Beam|p2a: Hitmontop\n|-damage|p2a: Hitmontop|50/231\n|\n|-heal|p1a: Gastrodon|46/100|[from] item: Leftovers\n|upkeep\n|turn|25\n|inactive|Time left: 300 sec this turn | 300 sec total\n|\n|t:|1783566518\n|move|p2a: Hitmontop|Earthquake|p1a: Gastrodon\n|-damage|p1a: Gastrodon|2/100\n|move|p1a: Gastrodon|Earthquake|p2a: Hitmontop\n|-damage|p2a: Hitmontop|0 fnt\n|faint|p2a: Hitmontop\n|\n|-heal|p1a: Gastrodon|8/100|[from] item: Leftovers\n|upkeep\n|inactive|Time left: 300 sec this turn | 300 sec total | 5 sec grace\n|\n|t:|1783566519\n|switch|p2a: Basculin|Basculin, L86, F|261/261\n|turn|26\n|inactive|Time left: 300 sec this turn | 300 sec total\n|\n|t:|1783566520\n|move|p2a: Basculin|Double-Edge|p1a: Gastrodon\n|-damage|p1a: Gastrodon|0 fnt\n|faint|p1a: Gastrodon\n|-damage|p2a: Basculin|253/261|[from] Recoil\n|\n|upkeep\n|\n|t:|1783566521\n|switch|p1a: Magnezone|Magnezone, L85|100/100\n|turn|27\n|inactive|Time left: 300 sec this turn | 300 sec total\n|\n|t:|1783566522\n|-terastallize|p1a: Magnezone|Flying\n|move|p2a: Basculin|Double-Edge|p1a: Magnezone\n|-damage|p1a: Magnezone|61/100\n|-damage|p2a: Basculin|220/261|[from] Recoil\n|move|p1a: Magnezone|Volt Switch|p2a: Basculin\n|-supereffective|p2a: Basculin\n|-damage|p2a: Basculin|0 fnt\n|faint|p2a: Basculin\n|\n|win|p0x2285fbc4", "uploadtime": 1783566522, "views": 0, "rating": 0, "private": 0, "password": null, "_winner": "p0x2285fbc4", "_our_name": "p0y2285b22a"}