{"id": "battle-gen9randombattle-317", "formatid": "gen9randombattle", "format": "[Gen 9] Random Battle", "players": ["p0x317f331", "p0y317ab03"], "log": "|init|battle\n|title|p0x317f331 vs. p0y317ab03\n|j|\u2606p0x317f331\n|j|\u2606p0y317ab03\n|t:|1783543285\n|gametype|singles\n|player|p1|p0x317f331|170|\n|player|p2|p0y317ab03|266|\n|gen|9\n|tier|[Gen 9] Random Battle\n|rule|Species Clause: Limit one of each Pok\u00e9mon\n|rule|HP Percentage Mod: HP is shown in percentages\n|rule|Sleep Clause Mod: Limit one foe put to sleep\n|rule|Illusion Level Mod: Illusion disguises the Pok\u00e9mon's true level\n|\n|t:|1783543285\n|teamsize|p1|6\n|teamsize|p2|6\n|start\n|switch|p1a: Plusle|Plusle, L95, M|100/100\n|switch|p2a: Okidogi|Okidogi, L77, M|262/262\n|turn|1\n|inactive|Battle timer is ON: inactive players will automatically lose when time's up. (requested by p0x317f331)\n|inactive|Time left: 300 sec this turn | 300 sec total | 60 sec grace\n|inactive|p0y317ab03 also wants the timer to be on.\n|\n|t:|1783543287\n|switch|p1a: Krookodile|Krookodile, L79, M|100/100\n|-ability|p1a: Krookodile|Intimidate|boost\n|-unboost|p2a: Okidogi|atk|1\n|move|p2a: Okidogi|Drain Punch|p1a: Krookodile\n|-supereffective|p1a: Krookodile\n|-damage|p1a: Krookodile|58/100\n|-status|p1a: Krookodile|tox|[from] ability: Toxic Chain|[of] p2a: Okidogi\n|\n|-damage|p1a: Krookodile|52/100 tox|[from] psn\n|upkeep\n|turn|2\n|inactive|Time left: 300 sec this turn | 300 sec total\n|\n|t:|1783543289\n|switch|p2a: Eiscue|Eiscue, L88, F|274/274\n|move|p1a: Krookodile|Earthquake|p2a: Eiscue\n|-activate|p2a: Eiscue|ability: Ice Face\n|-damage|p2a: Eiscue|274/274\n|detailschange|p2a: Eiscue|Eiscue-Noice, L88, F\n|\n|-damage|p1a: Krookodile|39/100 tox|[from] psn\n|upkeep\n|turn|3\n|inactive|Time left: 300 sec this turn | 300 sec total\n|\n|t:|1783543290\n|move|p1a: Krookodile|Earthquake|p2a: Eiscue\n|-damage|p2a: Eiscue|154/274\n|move|p2a: Eiscue|Ice Spinner|p1a: Krookodile\n|-supereffective|p1a: Krookodile\n|-damage|p1a: Krookodile|0 fnt\n|faint|p1a: Krookodile\n|\n|upkeep\n|\n|t:|1783543291\n|switch|p1a: Salamence|Salamence, L77, M|100/100\n|turn|4\n|inactive|Time left: 300 sec this turn | 300 sec total\n|\n|t:|1783543293\n|-terastallize|p1a: Salamence|Steel\n|move|p2a: Eiscue|Ice Spinner|p1a: Salamence\n|-resisted|p1a: Salamence\n|-damage|p1a: Salamence|82/100\n|move|p1a: Salamence|Outrage|p2a: Eiscue\n|-damage|p2a: Eiscue|9/274\n|-enditem|p2a: Eiscue|Sitrus Berry|[eat]\n|-heal|p2a: Eiscue|77/274|[from] item: Sitrus Berry\n|\n|upkeep\n|turn|5\n|inactive|Time left: 300 sec this turn | 300 sec total\n|\n|t:|1783543294\n|switch|p2a: Avalugg|Avalugg, L88, F|310/310\n|move|p1a: Salamence|Outrage|p2a: Avalugg|[from] lockedmove\n|-damage|p2a: Avalugg|235/310\n|-start|p1a: Salamence|confusion|[fatigue]\n|\n|upkeep\n|turn|6\n|inactive|Time left: 300 sec this turn | 300 sec total\n|\n|t:|1783543295\n|switch|p1a: Raikou|Raikou, L81|100/100\n|-ability|p1a: Raikou|Pressure\n|move|p2a: Avalugg|Body Press|p1a: Raikou\n|-damage|p1a: Raikou|58/100\n|\n|upkeep\n|turn|7\n|inactive|Time left: 300 sec this turn | 300 sec total\n|\n|t:|1783543296\n|move|p1a: Raikou|Scald|p2a: Avalugg\n|-damage|p2a: Avalugg|138/310\n|move|p2a: Avalugg|Avalanche|p1a: Raikou\n|-damage|p1a: Raikou|0 fnt\n|faint|p1a: Raikou\n|\n|upkeep\n|\n|t:|1783543297\n|switch|p1a: Plusle|Plusle, L95, M|100/100\n|turn|8\n|inactive|Time left: 300 sec this turn | 300 sec total\n|\n|t:|1783543299\n|switch|p2a: Stantler|Stantler, L92, F|284/284\n|-ability|p2a: Stantler|Intimidate|boost\n|-unboost|p1a: Plusle|atk|1\n|move|p1a: Plusle|Thunderbolt|p2a: Stantler\n|-damage|p2a: Stantler|179/284\n|-damage|p1a: Plusle|91/100|[from] item: Life Orb\n|\n|upkeep\n|turn|9\n|inactive|Time left: 300 sec this turn | 300 sec total\n|\n|t:|1783543300\n|move|p1a: Plusle|Nasty Plot|p1a: Plusle\n|-boost|p1a: Plusle|spa|2\n|move|p2a: Stantler|Earthquake|p1a: Plusle\n|-supereffective|p1a: Plusle\n|-damage|p1a: Plusle|0 fnt\n|faint|p1a: Plusle\n|\n|upkeep\n|\n|t:|1783543301\n|switch|p1a: Salamence|Salamence, L77, M, tera:Steel|82/100\n|turn|10\n|inactive|Time left: 300 sec this turn | 300 sec total\n|\n|t:|1783543302\n|move|p2a: Stantler|Earthquake|p1a: Salamence\n|-supereffective|p1a: Salamence\n|-damage|p1a: Salamence|15/100\n|move|p1a: Salamence|Dragon Dance|p1a: Salamence\n|-boost|p1a: Salamence|atk|1\n|-boost|p1a: Salamence|spe|1\n|\n|upkeep\n|turn|11\n|inactive|Time left: 300 sec this turn | 300 sec total\n|\n|t:|1783543303\n|move|p1a: Salamence|Outrage|p2a: Stantler\n|-damage|p2a: Stantler|2/284\n|move|p2a: Stantler|Earthquake|p1a: Salamence\n|-supereffective|p1a: Salamence\n|-damage|p1a: Salamence|0 fnt\n|faint|p1a: Salamence\n|\n|upkeep\n|\n|t:|1783543304\n|switch|p1a: Maushold|Maushold-Four, L76|100/100\n|turn|12\n|inactive|Time left: 300 sec this turn | 300 sec total\n|\n|t:|1783543305\n|move|p1a: Maushold|Tidy Up|p1a: Maushold\n|-boost|p1a: Maushold|atk|1\n|-boost|p1a: Maushold|spe|1\n|move|p2a: Stantler|Body Slam|p1a: Maushold\n|-damage|p1a: Maushold|48/100\n|-status|p1a: Maushold|par\n|\n|upkeep\n|turn|13\n|inactive|Time left: 300 sec this turn | 300 sec total\n|\n|t:|1783543306\n|move|p2a: Stantler|Body Slam|p1a: Maushold\n|-damage|p1a: Maushold|0 fnt\n|faint|p1a: Maushold\n|\n|upkeep\n|\n|t:|1783543307\n|switch|p1a: Lokix|Lokix, L82, M|100/100\n|turn|14\n|inactive|Time left: 300 sec this turn | 300 sec total\n|\n|t:|1783543308\n|switch|p2a: Arcanine|Arcanine, L84, F|288/288\n|-ability|p2a: Arcanine|Intimidate|boost\n|-unboost|p1a: Lokix|atk|1\n|move|p1a: Lokix|First Impression|p2a: Arcanine\n|-resisted|p2a: Arcanine\n|-damage|p2a: Arcanine|212/288\n|\n|upkeep\n|turn|15\n|inactive|Time left: 300 sec this turn | 300 sec total\n|\n|t:|1783543310\n|move|p2a: Arcanine|Flare Blitz|p1a: Lokix\n|-supereffective|p1a: Lokix\n|-damage|p1a: Lokix|0 fnt\n|faint|p1a: Lokix\n|-damage|p2a: Arcanine|129/288|[from] Recoil\n|\n|win|p0y317ab03", "uploadtime": 1783543310, "views": 0, "rating": 0, "private": 0, "password": null, "_winner": "p0y317ab03", "_our_name": "p0y317ab03"}