{"id": "battle-gen9randombattle-864", "formatid": "gen9randombattle", "format": "[Gen 9] Random Battle", "players": ["p0x8646280", "p0y864988d"], "log": "|init|battle\n|title|p0x8646280 vs. p0y864988d\n|j|\u2606p0x8646280\n|j|\u2606p0y864988d\n|t:|1783549156\n|gametype|singles\n|player|p1|p0x8646280|266|\n|player|p2|p0y864988d|2|\n|gen|9\n|tier|[Gen 9] Random Battle\n|rule|Species Clause: Limit one of each Pok\u00e9mon\n|rule|HP Percentage Mod: HP is shown in percentages\n|rule|Sleep Clause Mod: Limit one foe put to sleep\n|rule|Illusion Level Mod: Illusion disguises the Pok\u00e9mon's true level\n|\n|t:|1783549156\n|teamsize|p1|6\n|teamsize|p2|6\n|start\n|switch|p1a: Zangoose|Zangoose, L85, M|100/100\n|switch|p2a: Decidueye|Decidueye-Hisui, L87, M|295/295\n|turn|1\n|inactive|Battle timer is ON: inactive players will automatically lose when time's up. (requested by p0y864988d)\n|inactive|p0x8646280 also wants the timer to be on.\n|\n|t:|1783549157\n|switch|p1a: Sunflora|Sunflora, F|100/100\n|move|p2a: Decidueye|Triple Arrows|p1a: Sunflora\n|-damage|p1a: Sunflora|60/100\n|\n|upkeep\n|turn|2\n|inactive|Time left: 300 sec this turn | 300 sec total\n|\n|t:|1783549158\n|move|p2a: Decidueye|Triple Arrows|p1a: Sunflora\n|-damage|p1a: Sunflora|20/100\n|move|p1a: Sunflora|Sludge Bomb|p2a: Decidueye\n|-supereffective|p2a: Decidueye\n|-damage|p2a: Decidueye|11/295\n|\n|-heal|p2a: Decidueye|29/295|[from] item: Leftovers\n|upkeep\n|turn|3\n|inactive|Time left: 300 sec this turn | 300 sec total\n|\n|t:|1783549159\n|move|p2a: Decidueye|Triple Arrows|p1a: Sunflora\n|-damage|p1a: Sunflora|0 fnt\n|faint|p1a: Sunflora\n|\n|-heal|p2a: Decidueye|47/295|[from] item: Leftovers\n|upkeep\n|\n|t:|1783549160\n|switch|p1a: Lucario|Lucario, L84, M|100/100\n|turn|4\n|inactive|Time left: 300 sec this turn | 300 sec total\n|\n|t:|1783549161\n|move|p1a: Lucario|Flash Cannon|p2a: Decidueye\n|-damage|p2a: Decidueye|0 fnt\n|faint|p2a: Decidueye\n|-damage|p1a: Lucario|91/100|[from] item: Life Orb\n|\n|upkeep\n|inactive|Time left: 300 sec this turn | 300 sec total | 5 sec grace\n|\n|t:|1783549162\n|switch|p2a: Ho-Oh|Ho-Oh, L71|268/268\n|turn|5\n|inactive|Time left: 300 sec this turn | 300 sec total\n|\n|t:|1783549163\n|switch|p1a: Zangoose|Zangoose, L85, M|100/100\n|move|p2a: Ho-Oh|Sacred Fire|p1a: Zangoose\n|-damage|p1a: Zangoose|56/100\n|-status|p1a: Zangoose|brn\n|\n|-damage|p1a: Zangoose|50/100 brn|[from] brn\n|upkeep\n|turn|6\n|inactive|Time left: 300 sec this turn | 300 sec total\n|\n|t:|1783549164\n|move|p1a: Zangoose|Knock Off|p2a: Ho-Oh\n|-damage|p2a: Ho-Oh|217/268\n|-enditem|p2a: Ho-Oh|Heavy-Duty Boots|[from] move: Knock Off|[of] p1a: Zangoose\n|move|p2a: Ho-Oh|Sacred Fire|p1a: Zangoose\n|-damage|p1a: Zangoose|2/100 brn\n|\n|-damage|p1a: Zangoose|0 fnt|[from] brn\n|faint|p1a: Zangoose\n|upkeep\n|\n|t:|1783549165\n|switch|p1a: Gumshoos|Gumshoos, L95, M|100/100\n|turn|7\n|inactive|Time left: 300 sec this turn | 300 sec total\n|\n|t:|1783549166\n|move|p2a: Ho-Oh|Sacred Fire|p1a: Gumshoos\n|-damage|p1a: Gumshoos|67/100\n|move|p1a: Gumshoos|Double-Edge|p2a: Ho-Oh\n|-damage|p2a: Ho-Oh|0 fnt\n|faint|p2a: Ho-Oh\n|-damage|p1a: Gumshoos|45/100|[from] Recoil\n|\n|upkeep\n|inactive|Time left: 300 sec this turn | 300 sec total | 5 sec grace\n|\n|t:|1783549167\n|switch|p2a: Zekrom|Zekrom, L71|259/259\n|-ability|p2a: Zekrom|Teravolt\n|turn|8\n|inactive|Time left: 300 sec this turn | 300 sec total\n|\n|t:|1783549168\n|move|p2a: Zekrom|Outrage|p1a: Gumshoos\n|-damage|p1a: Gumshoos|0 fnt\n|faint|p1a: Gumshoos\n|\n|upkeep\n|\n|t:|1783549169\n|switch|p1a: Lucario|Lucario, L84, M|91/100\n|turn|9\n|inactive|Time left: 300 sec this turn | 300 sec total\n|\n|t:|1783549170\n|move|p1a: Lucario|Nasty Plot|p1a: Lucario\n|-boost|p1a: Lucario|spa|2\n|move|p2a: Zekrom|Outrage|p1a: Lucario|[from] lockedmove\n|-resisted|p1a: Lucario\n|-damage|p1a: Lucario|60/100\n|-start|p2a: Zekrom|confusion|[fatigue]\n|\n|upkeep\n|turn|10\n|inactive|Time left: 300 sec this turn | 300 sec total\n|\n|t:|1783549171\n|switch|p2a: Clodsire|Clodsire, L81, M|343/343\n|move|p1a: Lucario|Focus Blast|p2a: Clodsire|[miss]\n|-miss|p1a: Lucario|p2a: Clodsire\n|\n|upkeep\n|turn|11\n|inactive|Time left: 300 sec this turn | 300 sec total\n|\n|t:|1783549173\n|move|p1a: Lucario|Flash Cannon|p2a: Clodsire\n|-damage|p2a: Clodsire|234/343\n|-unboost|p2a: Clodsire|spd|1\n|-damage|p1a: Lucario|50/100|[from] item: Life Orb\n|move|p2a: Clodsire|Earthquake|p1a: Lucario\n|-supereffective|p1a: Lucario\n|-damage|p1a: Lucario|0 fnt\n|faint|p1a: Lucario\n|\n|-heal|p2a: Clodsire|255/343|[from] item: Leftovers\n|upkeep\n|\n|t:|1783549174\n|switch|p1a: Banette|Banette, L93, M|100/100\n|turn|12\n|inactive|Time left: 300 sec this turn | 300 sec total\n|\n|t:|1783549176\n|switch|p2a: Scrafty|Scrafty, L83, F|244/244\n|-ability|p2a: Scrafty|Intimidate|boost\n|-unboost|p1a: Banette|atk|1\n|move|p1a: Banette|Poltergeist|p2a: Scrafty\n|-activate|p2a: Scrafty|move: Poltergeist|Leftovers\n|-resisted|p2a: Scrafty\n|-damage|p2a: Scrafty|187/244\n|-damage|p1a: Banette|90/100|[from] item: Life Orb\n|\n|-heal|p2a: Scrafty|202/244|[from] item: Leftovers\n|upkeep\n|turn|13\n|inactive|Time left: 300 sec this turn | 300 sec total\n|\n|t:|1783549177\n|switch|p1a: Scovillain|Scovillain, L91, M|100/100\n|move|p2a: Scrafty|Knock Off|p1a: Scovillain\n|-damage|p1a: Scovillain|55/100\n|-enditem|p1a: Scovillain|Leftovers|[from] move: Knock Off|[of] p2a: Scrafty\n|\n|-heal|p2a: Scrafty|217/244|[from] item: Leftovers\n|upkeep\n|turn|14\n|inactive|Time left: 300 sec this turn | 300 sec total\n|\n|t:|1783549178\n|move|p1a: Scovillain|Leech Seed|p2a: Scrafty\n|-start|p2a: Scrafty|move: Leech Seed\n|move|p2a: Scrafty|Dragon Dance|p2a: Scrafty\n|-boost|p2a: Scrafty|atk|1\n|-boost|p2a: Scrafty|spe|1\n|\n|-heal|p2a: Scrafty|232/244|[from] item: Leftovers\n|-damage|p2a: Scrafty|202/244|[from] Leech Seed|[of] p1a: Scovillain\n|-heal|p1a: Scovillain|67/100|[silent]\n|upkeep\n|turn|15\n|inactive|Time left: 300 sec this turn | 300 sec total\n|\n|t:|1783549179\n|move|p1a: Scovillain|Protect|p1a: Scovillain\n|-singleturn|p1a: Scovillain|Protect\n|move|p2a: Scrafty|Drain Punch|p1a: Scovillain\n|-activate|p1a: Scovillain|move: Protect\n|\n|-heal|p2a: Scrafty|217/244|[from] item: Leftovers\n|-damage|p2a: Scrafty|187/244|[from] Leech Seed|[of] p1a: Scovillain\n|-heal|p1a: Scovillain|78/100|[silent]\n|upkeep\n|turn|16\n|inactive|Time left: 300 sec this turn | 300 sec total\n|\n|t:|1783549180\n|move|p2a: Scrafty|Drain Punch|p1a: Scovillain\n|-damage|p1a: Scovillain|34/100\n|-heal|p2a: Scrafty|244/244|[from] drain|[of] p1a: Scovillain\n|move|p1a: Scovillain|Flamethrower|p2a: Scrafty\n|-damage|p2a: Scrafty|148/244\n|\n|-heal|p2a: Scrafty|163/244|[from] item: Leftovers\n|-damage|p2a: Scrafty|133/244|[from] Leech Seed|[of] p1a: Scovillain\n|-heal|p1a: Scovillain|45/100|[silent]\n|upkeep\n|turn|17\n|inactive|Time left: 300 sec this turn | 300 sec total\n|\n|t:|1783549181\n|move|p1a: Scovillain|Protect|p1a: Scovillain\n|-singleturn|p1a: Scovillain|Protect\n|move|p2a: Scrafty|Drain Punch|p1a: Scovillain\n|-activate|p1a: Scovillain|move: Protect\n|\n|-heal|p2a: Scrafty|148/244|[from] item: Leftovers\n|-damage|p2a: Scrafty|118/244|[from] Leech Seed|[of] p1a: Scovillain\n|-heal|p1a: Scovillain|56/100|[silent]\n|upkeep\n|turn|18\n|inactive|Time left: 300 sec this turn | 300 sec total\n|\n|t:|1783549182\n|move|p2a: Scrafty|Drain Punch|p1a: Scovillain\n|-damage|p1a: Scovillain|11/100\n|-heal|p2a: Scrafty|178/244|[from] drain|[of] p1a: Scovillain\n|move|p1a: Scovillain|Flamethrower|p2a: Scrafty\n|-damage|p2a: Scrafty|82/244\n|\n|-heal|p2a: Scrafty|97/244|[from] item: Leftovers\n|-damage|p2a: Scrafty|67/244|[from] Leech Seed|[of] p1a: Scovillain\n|-heal|p1a: Scovillain|22/100|[silent]\n|upkeep\n|turn|19\n|inactive|Time left: 300 sec this turn | 300 sec total\n|\n|t:|1783549183\n|move|p1a: Scovillain|Protect|p1a: Scovillain\n|-singleturn|p1a: Scovillain|Protect\n|move|p2a: Scrafty|Knock Off|p1a: Scovillain\n|-activate|p1a: Scovillain|move: Protect\n|\n|-heal|p2a: Scrafty|82/244|[from] item: Leftovers\n|-damage|p2a: Scrafty|52/244|[from] Leech Seed|[of] p1a: Scovillain\n|-heal|p1a: Scovillain|34/100|[silent]\n|upkeep\n|turn|20\n|inactive|Time left: 300 sec this turn | 300 sec total\n|\n|t:|1783549184\n|move|p1a: Scovillain|Protect||[still]\n|-fail|p1a: Scovillain\n|move|p2a: Scrafty|Knock Off|p1a: Scovillain\n|-damage|p1a: Scovillain|0 fnt\n|faint|p1a: Scovillain\n|\n|-heal|p2a: Scrafty|67/244|[from] item: Leftovers\n|upkeep\n|\n|t:|1783549185\n|switch|p1a: Banette|Banette, L93, M|90/100\n|turn|21\n|inactive|Time left: 300 sec this turn | 300 sec total\n|\n|t:|1783549186\n|move|p1a: Banette|Shadow Sneak|p2a: Scrafty\n|-resisted|p2a: Scrafty\n|-damage|p2a: Scrafty|36/244\n|-damage|p1a: Banette|80/100|[from] item: Life Orb\n|move|p2a: Scrafty|Knock Off|p1a: Banette\n|-supereffective|p1a: Banette\n|-damage|p1a: Banette|0 fnt\n|-enditem|p1a: Banette|Life Orb|[from] move: Knock Off|[of] p2a: Scrafty\n|faint|p1a: Banette\n|\n|win|p0y864988d", "uploadtime": 1783549186, "views": 0, "rating": 0, "private": 0, "password": null, "_winner": "p0y864988d", "_our_name": "p0y864988d"}