{"id": "battle-gen9randombattle-1273", "formatid": "gen9randombattle", "format": "[Gen 9] Random Battle", "players": ["p0x12738c1f", "p0y1273839e"], "log": "|init|battle\n|title|p0x12738c1f vs. p0y1273839e\n|j|\u2606p0x12738c1f\n|j|\u2606p0y1273839e\n|t:|1783554790\n|gametype|singles\n|player|p1|p0x12738c1f|169|\n|player|p2|p0y1273839e|101|\n|gen|9\n|tier|[Gen 9] Random Battle\n|rule|Species Clause: Limit one of each Pok\u00e9mon\n|rule|HP Percentage Mod: HP is shown in percentages\n|rule|Sleep Clause Mod: Limit one foe put to sleep\n|rule|Illusion Level Mod: Illusion disguises the Pok\u00e9mon's true level\n|\n|t:|1783554790\n|teamsize|p1|6\n|teamsize|p2|6\n|start\n|switch|p1a: Meowscarada|Meowscarada, L78, M|247/247\n|switch|p2a: Glimmora|Glimmora, L75, M|100/100\n|turn|1\n|inactive|Battle timer is ON: inactive players will automatically lose when time's up. (requested by p0x12738c1f)\n|inactive|p0y1273839e also wants the timer to be on.\n|\n|t:|1783554792\n|switch|p1a: Florges|Florges-Blue, L85, F|271/271\n|move|p2a: Glimmora|Meteor Beam||[still]\n|-prepare|p2a: Glimmora|Meteor Beam\n|-boost|p2a: Glimmora|spa|1\n|-enditem|p2a: Glimmora|Power Herb\n|-anim|p2a: Glimmora|Meteor Beam|p1a: Florges|[miss]\n|-miss|p2a: Glimmora|p1a: Florges\n|\n|upkeep\n|turn|2\n|inactive|Time left: 300 sec this turn | 300 sec total\n|\n|t:|1783554793\n|-terastallize|p1a: Florges|Ground\n|move|p1a: Florges|Tera Blast|p2a: Glimmora|[anim] Tera Blast Ground\n|-supereffective|p2a: Glimmora\n|-damage|p2a: Glimmora|0 fnt\n|faint|p2a: Glimmora\n|\n|upkeep\n|\n|t:|1783554794\n|switch|p2a: Araquanid|Araquanid, L82, F|100/100\n|turn|3\n|inactive|Time left: 300 sec this turn | 300 sec total\n|\n|t:|1783554795\n|switch|p1a: Ogerpon|Ogerpon-Wellspring, L76, F|247/247\n|move|p2a: Araquanid|Sticky Web|p1a: Ogerpon\n|-sidestart|p1: p0x12738c1f|move: Sticky Web\n|\n|upkeep\n|turn|4\n|inactive|Time left: 300 sec this turn | 300 sec total\n|\n|t:|1783554796\n|move|p1a: Ogerpon|Swords Dance|p1a: Ogerpon\n|-boost|p1a: Ogerpon|atk|2\n|move|p2a: Araquanid|Leech Life|p1a: Ogerpon\n|-supereffective|p1a: Ogerpon\n|-damage|p1a: Ogerpon|95/247\n|\n|upkeep\n|turn|5\n|inactive|Time left: 300 sec this turn | 300 sec total\n|\n|t:|1783554796\n|move|p1a: Ogerpon|Power Whip|p2a: Araquanid|[miss]\n|-miss|p1a: Ogerpon|p2a: Araquanid\n|move|p2a: Araquanid|Leech Life|p1a: Ogerpon\n|-supereffective|p1a: Ogerpon\n|-damage|p1a: Ogerpon|0 fnt\n|faint|p1a: Ogerpon\n|\n|upkeep\n|inactive|Time left: 300 sec this turn | 300 sec total | 5 sec grace\n|\n|t:|1783554797\n|switch|p1a: Flamigo|Flamigo, L82, F|269/269\n|turn|6\n|inactive|Time left: 300 sec this turn | 300 sec total\n|\n|t:|1783554798\n|switch|p2a: Dachsbun|Dachsbun, L92, F|100/100\n|move|p1a: Flamigo|Brave Bird|p2a: Dachsbun\n|-damage|p2a: Dachsbun|46/100\n|-damage|p1a: Flamigo|223/269|[from] Recoil\n|-damage|p1a: Flamigo|197/269|[from] item: Life Orb\n|\n|-heal|p2a: Dachsbun|52/100|[from] item: Leftovers\n|upkeep\n|turn|7\n|inactive|Time left: 300 sec this turn | 300 sec total\n|\n|t:|1783554799\n|switch|p1a: Florges|Florges-Blue, L85, F, tera:Ground|271/271\n|-activate|p1a: Florges|move: Sticky Web\n|-unboost|p1a: Florges|spe|1\n|move|p2a: Dachsbun|Play Rough|p1a: Florges\n|-damage|p1a: Florges|162/271\n|\n|-heal|p2a: Dachsbun|58/100|[from] item: Leftovers\n|-heal|p1a: Florges|178/271|[from] item: Leftovers\n|upkeep\n|turn|8\n|inactive|Time left: 300 sec this turn | 300 sec total\n|\n|t:|1783554800\n|move|p2a: Dachsbun|Play Rough|p1a: Florges\n|-damage|p1a: Florges|69/271\n|move|p1a: Florges|Synthesis|p1a: Florges\n|-heal|p1a: Florges|204/271\n|\n|-heal|p2a: Dachsbun|64/100|[from] item: Leftovers\n|-heal|p1a: Florges|220/271|[from] item: Leftovers\n|upkeep\n|turn|9\n|inactive|Time left: 300 sec this turn | 300 sec total\n|\n|t:|1783554800\n|move|p2a: Dachsbun|Play Rough|p1a: Florges\n|-damage|p1a: Florges|100/271\n|move|p1a: Florges|Moonblast|p2a: Dachsbun\n|-damage|p2a: Dachsbun|18/100\n|\n|-heal|p2a: Dachsbun|24/100|[from] item: Leftovers\n|-heal|p1a: Florges|116/271|[from] item: Leftovers\n|upkeep\n|turn|10\n|inactive|Time left: 300 sec this turn | 300 sec total\n|\n|t:|1783554801\n|move|p2a: Dachsbun|Play Rough|p1a: Florges\n|-damage|p1a: Florges|0 fnt\n|faint|p1a: Florges\n|\n|-heal|p2a: Dachsbun|30/100|[from] item: Leftovers\n|upkeep\n|inactive|Time left: 300 sec this turn | 300 sec total | 5 sec grace\n|\n|t:|1783554802\n|switch|p1a: Houndstone|Houndstone, L86, M|264/264\n|-activate|p1a: Houndstone|move: Sticky Web\n|-unboost|p1a: Houndstone|spe|1\n|turn|11\n|inactive|Time left: 300 sec this turn | 300 sec total\n|\n|t:|1783554803\n|switch|p2a: Meloetta|Meloetta, L82|100/100\n|move|p1a: Houndstone|Poltergeist|p2a: Meloetta\n|-immune|p2a: Meloetta\n|\n|upkeep\n|turn|12\n|inactive|Time left: 300 sec this turn | 300 sec total\n|\n|t:|1783554804\n|move|p2a: Meloetta|Calm Mind|p2a: Meloetta\n|-boost|p2a: Meloetta|spa|1\n|-boost|p2a: Meloetta|spd|1\n|move|p1a: Houndstone|Play Rough|p2a: Meloetta|[miss]\n|-miss|p1a: Houndstone|p2a: Meloetta\n|\n|upkeep\n|turn|13\n|inactive|Time left: 300 sec this turn | 300 sec total\n|\n|t:|1783554805\n|move|p2a: Meloetta|Psyshock|p1a: Houndstone\n|-damage|p1a: Houndstone|143/264\n|move|p1a: Houndstone|Play Rough|p2a: Meloetta\n|-damage|p2a: Meloetta|74/100\n|\n|-heal|p2a: Meloetta|80/100|[from] item: Leftovers\n|upkeep\n|turn|14\n|inactive|Time left: 300 sec this turn | 300 sec total\n|\n|t:|1783554806\n|move|p2a: Meloetta|Psyshock|p1a: Houndstone\n|-damage|p1a: Houndstone|0 fnt\n|faint|p1a: Houndstone\n|\n|-heal|p2a: Meloetta|86/100|[from] item: Leftovers\n|upkeep\n|inactive|Time left: 300 sec this turn | 300 sec total | 5 sec grace\n|\n|t:|1783554807\n|switch|p1a: Meowscarada|Meowscarada, L78, M|247/247\n|turn|15\n|inactive|Time left: 300 sec this turn | 300 sec total\n|\n|t:|1783554808\n|-terastallize|p2a: Meloetta|Fighting\n|move|p1a: Meowscarada|Knock Off|p2a: Meloetta\n|-start|p1a: Meowscarada|typechange|Dark|[from] ability: Protean\n|-resisted|p2a: Meloetta\n|-damage|p2a: Meloetta|66/100\n|-enditem|p2a: Meloetta|Leftovers|[from] move: Knock Off|[of] p1a: Meowscarada\n|move|p2a: Meloetta|Hyper Voice|p1a: Meowscarada\n|-damage|p1a: Meowscarada|31/247\n|\n|upkeep\n|turn|16\n|inactive|Time left: 300 sec this turn | 300 sec total\n|\n|t:|1783554809\n|move|p1a: Meowscarada|Flower Trick|p2a: Meloetta\n|-crit|p2a: Meloetta\n|-damage|p2a: Meloetta|41/100\n|move|p2a: Meloetta|Hyper Voice|p1a: Meowscarada\n|-damage|p1a: Meowscarada|0 fnt\n|faint|p1a: Meowscarada\n|\n|upkeep\n|inactive|Time left: 300 sec this turn | 300 sec total | 5 sec grace\n|\n|t:|1783554810\n|switch|p1a: Flamigo|Flamigo, L82, F|197/269\n|turn|17\n|inactive|Time left: 300 sec this turn | 300 sec total\n|\n|t:|1783554811\n|move|p2a: Meloetta|Hyper Voice|p1a: Flamigo\n|-damage|p1a: Flamigo|0 fnt\n|faint|p1a: Flamigo\n|\n|upkeep\n|inactive|Time left: 300 sec this turn | 300 sec total | 5 sec grace\n|\n|t:|1783554812\n|switch|p1a: Cinccino|Cinccino, L83, M|260/260\n|-activate|p1a: Cinccino|move: Sticky Web\n|-unboost|p1a: Cinccino|spe|1\n|turn|18\n|inactive|Time left: 300 sec this turn | 300 sec total\n|\n|t:|1783554813\n|move|p2a: Meloetta|Focus Blast|p1a: Cinccino\n|-supereffective|p1a: Cinccino\n|-damage|p1a: Cinccino|0 fnt\n|faint|p1a: Cinccino\n|\n|win|p0y1273839e", "uploadtime": 1783554813, "views": 0, "rating": 0, "private": 0, "password": null, "_winner": "p0y1273839e", "_our_name": "p0x12738c1f"}