{"id": "battle-gen9randombattle-271", "formatid": "gen9randombattle", "format": "[Gen 9] Random Battle", "players": ["p0x2711df4", "p0y271eae1"], "log": "|init|battle\n|title|p0x2711df4 vs. p0y271eae1\n|j|\u2606p0x2711df4\n|j|\u2606p0y271eae1\n|t:|1783542734\n|gametype|singles\n|player|p1|p0x2711df4|101|\n|player|p2|p0y271eae1|266|\n|gen|9\n|tier|[Gen 9] Random Battle\n|rule|Species Clause: Limit one of each Pok\u00e9mon\n|rule|HP Percentage Mod: HP is shown in percentages\n|rule|Sleep Clause Mod: Limit one foe put to sleep\n|rule|Illusion Level Mod: Illusion disguises the Pok\u00e9mon's true level\n|\n|t:|1783542734\n|teamsize|p1|6\n|teamsize|p2|6\n|start\n|switch|p1a: Luxray|Luxray, L88, F|100/100\n|switch|p2a: Volcanion|Volcanion, L79|256/256\n|turn|1\n|inactive|Battle timer is ON: inactive players will automatically lose when time's up. (requested by p0y271eae1)\n|inactive|p0x2711df4 also wants the timer to be on.\n|\n|t:|1783542735\n|-terastallize|p2a: Volcanion|Ground\n|move|p1a: Luxray|Supercell Slam|p2a: Volcanion\n|-immune|p2a: Volcanion\n|-damage|p1a: Luxray|51/100|[from] supercellslam\n|move|p2a: Volcanion|Earth Power|p1a: Luxray\n|-supereffective|p1a: Luxray\n|-crit|p1a: Luxray\n|-damage|p1a: Luxray|0 fnt\n|faint|p1a: Luxray\n|\n|upkeep\n|\n|t:|1783542736\n|switch|p1a: Porygon2|Porygon2, L81|100/100\n|-ability|p1a: Porygon2|Download|boost\n|-boost|p1a: Porygon2|spa|1\n|turn|2\n|inactive|Time left: 300 sec this turn | 300 sec total\n|\n|t:|1783542738\n|move|p2a: Volcanion|Steam Eruption|p1a: Porygon2\n|-crit|p1a: Porygon2\n|-damage|p1a: Porygon2|49/100\n|move|p1a: Porygon2|Ice Beam|p2a: Volcanion\n|-supereffective|p2a: Volcanion\n|-crit|p2a: Volcanion\n|-damage|p2a: Volcanion|0 fnt\n|faint|p2a: Volcanion\n|\n|upkeep\n|inactive|Time left: 300 sec this turn | 300 sec total | 5 sec grace\n|\n|t:|1783542739\n|switch|p2a: Maushold|Maushold, L76|238/238\n|turn|3\n|inactive|Time left: 300 sec this turn | 300 sec total\n|\n|t:|1783542740\n|-terastallize|p1a: Porygon2|Ghost\n|move|p2a: Maushold|Population Bomb|p1a: Porygon2\n|-immune|p1a: Porygon2\n|move|p1a: Porygon2|Tri Attack|p2a: Maushold\n|-damage|p2a: Maushold|76/238\n|-status|p2a: Maushold|par\n|\n|upkeep\n|turn|4\n|inactive|Time left: 300 sec this turn | 300 sec total\n|\n|t:|1783542741\n|switch|p2a: Spiritomb|Spiritomb, L89, M|234/234\n|move|p1a: Porygon2|Recover|p1a: Porygon2\n|-heal|p1a: Porygon2|99/100\n|\n|upkeep\n|turn|5\n|inactive|Time left: 300 sec this turn | 300 sec total\n|\n|t:|1783542742\n|switch|p1a: Scrafty|Scrafty, L83, F|100/100\n|move|p2a: Spiritomb|Poltergeist|p1a: Scrafty\n|-activate|p1a: Scrafty|move: Poltergeist|Leftovers\n|-resisted|p1a: Scrafty\n|-damage|p1a: Scrafty|71/100\n|\n|-heal|p1a: Scrafty|77/100|[from] item: Leftovers\n|upkeep\n|turn|6\n|inactive|Time left: 300 sec this turn | 300 sec total\n|\n|t:|1783542744\n|switch|p2a: Blastoise|Blastoise, L80, F|258/258\n|move|p1a: Scrafty|Knock Off|p2a: Blastoise\n|-damage|p2a: Blastoise|173/258\n|-enditem|p2a: Blastoise|White Herb|[from] move: Knock Off|[of] p1a: Scrafty\n|\n|-heal|p1a: Scrafty|83/100|[from] item: Leftovers\n|upkeep\n|turn|7\n|inactive|Time left: 300 sec this turn | 300 sec total\n|\n|t:|1783542745\n|move|p2a: Blastoise|Shell Smash|p2a: Blastoise\n|-unboost|p2a: Blastoise|def|1\n|-unboost|p2a: Blastoise|spd|1\n|-boost|p2a: Blastoise|atk|2\n|-boost|p2a: Blastoise|spa|2\n|-boost|p2a: Blastoise|spe|2\n|move|p1a: Scrafty|Drain Punch|p2a: Blastoise\n|-crit|p2a: Blastoise\n|-damage|p2a: Blastoise|26/258\n|-heal|p1a: Scrafty|100/100|[from] drain|[of] p2a: Blastoise\n|\n|upkeep\n|turn|8\n|inactive|Time left: 300 sec this turn | 300 sec total\n|\n|t:|1783542746\n|move|p2a: Blastoise|Hydro Pump|p1a: Scrafty\n|-damage|p1a: Scrafty|6/100\n|move|p1a: Scrafty|Drain Punch|p2a: Blastoise\n|-damage|p2a: Blastoise|0 fnt\n|-heal|p1a: Scrafty|11/100|[from] drain|[of] p2a: Blastoise\n|faint|p2a: Blastoise\n|\n|-heal|p1a: Scrafty|17/100|[from] item: Leftovers\n|upkeep\n|inactive|Time left: 300 sec this turn | 300 sec total | 5 sec grace\n|\n|t:|1783542747\n|switch|p2a: Necrozma|Necrozma-Dusk-Mane, L69|248/248\n|turn|9\n|inactive|Time left: 300 sec this turn | 300 sec total\n|\n|t:|1783542748\n|switch|p1a: Porygon2|Porygon2, L81, tera:Ghost|99/100\n|-ability|p1a: Porygon2|Download|boost\n|-boost|p1a: Porygon2|spa|1\n|move|p2a: Necrozma|Sunsteel Strike|p1a: Porygon2\n|-damage|p1a: Porygon2|73/100\n|\n|upkeep\n|turn|10\n|inactive|Time left: 300 sec this turn | 300 sec total\n|\n|t:|1783542749\n|move|p2a: Necrozma|Dragon Dance|p2a: Necrozma\n|-boost|p2a: Necrozma|atk|1\n|-boost|p2a: Necrozma|spe|1\n|move|p1a: Porygon2|Discharge|p2a: Necrozma\n|-damage|p2a: Necrozma|162/248\n|\n|upkeep\n|turn|11\n|inactive|Time left: 300 sec this turn | 300 sec total\n|\n|t:|1783542750\n|move|p2a: Necrozma|Sunsteel Strike|p1a: Porygon2\n|-damage|p1a: Porygon2|34/100\n|move|p1a: Porygon2|Discharge|p2a: Necrozma\n|-damage|p2a: Necrozma|80/248\n|-status|p2a: Necrozma|par\n|\n|upkeep\n|turn|12\n|inactive|Time left: 300 sec this turn | 300 sec total\n|\n|t:|1783542751\n|move|p1a: Porygon2|Discharge|p2a: Necrozma\n|-damage|p2a: Necrozma|0 fnt\n|faint|p2a: Necrozma\n|\n|upkeep\n|inactive|Time left: 300 sec this turn | 300 sec total | 5 sec grace\n|\n|t:|1783542752\n|switch|p2a: Electivire|Electivire, L84, F|263/263\n|turn|13\n|inactive|Time left: 300 sec this turn | 300 sec total\n|\n|t:|1783542753\n|switch|p1a: Garchomp|Garchomp, L74, F|100/100\n|move|p2a: Electivire|Supercell Slam|p1a: Garchomp\n|-immune|p1a: Garchomp\n|-damage|p2a: Electivire|132/263|[from] supercellslam\n|\n|upkeep\n|turn|14\n|inactive|Time left: 300 sec this turn | 300 sec total\n|\n|t:|1783542754\n|move|p2a: Electivire|Ice Punch|p1a: Garchomp\n|-supereffective|p1a: Garchomp\n|-damage|p1a: Garchomp|0 fnt\n|-damage|p2a: Electivire|100/263|[from] ability: Rough Skin|[of] p1a: Garchomp\n|-damage|p2a: Electivire|57/263|[from] item: Rocky Helmet|[of] p1a: Garchomp\n|faint|p1a: Garchomp\n|-damage|p2a: Electivire|31/263|[from] item: Life Orb\n|\n|upkeep\n|\n|t:|1783542755\n|switch|p1a: Mabosstiff|Mabosstiff, L86, F|100/100\n|turn|15\n|inactive|Time left: 300 sec this turn | 300 sec total\n|\n|t:|1783542756\n|move|p1a: Mabosstiff|Play Rough|p2a: Electivire\n|-damage|p2a: Electivire|0 fnt\n|faint|p2a: Electivire\n|\n|upkeep\n|inactive|Time left: 300 sec this turn | 300 sec total | 5 sec grace\n|\n|t:|1783542757\n|switch|p2a: Maushold|Maushold, L76|76/238 par\n|turn|16\n|inactive|Time left: 300 sec this turn | 300 sec total\n|\n|t:|1783542758\n|move|p1a: Mabosstiff|Play Rough|p2a: Maushold|[miss]\n|-miss|p1a: Mabosstiff|p2a: Maushold\n|cant|p2a: Maushold|par\n|\n|upkeep\n|turn|17\n|inactive|Time left: 300 sec this turn | 300 sec total\n|\n|t:|1783542759\n|move|p1a: Mabosstiff|Play Rough|p2a: Maushold\n|-damage|p2a: Maushold|0 fnt\n|faint|p2a: Maushold\n|\n|upkeep\n|inactive|Time left: 300 sec this turn | 300 sec total | 5 sec grace\n|\n|t:|1783542759\n|switch|p2a: Spiritomb|Spiritomb, L89, M|234/234\n|turn|18\n|inactive|Time left: 300 sec this turn | 300 sec total\n|\n|t:|1783542760\n|move|p2a: Spiritomb|Sucker Punch|p1a: Mabosstiff\n|-resisted|p1a: Mabosstiff\n|-damage|p1a: Mabosstiff|78/100\n|move|p1a: Mabosstiff|Play Rough|p2a: Spiritomb\n|-supereffective|p2a: Spiritomb\n|-damage|p2a: Spiritomb|110/234\n|\n|upkeep\n|turn|19\n|inactive|Time left: 300 sec this turn | 300 sec total\n|\n|t:|1783542761\n|move|p2a: Spiritomb|Sucker Punch|p1a: Mabosstiff\n|-resisted|p1a: Mabosstiff\n|-damage|p1a: Mabosstiff|59/100\n|move|p1a: Mabosstiff|Play Rough|p2a: Spiritomb\n|-supereffective|p2a: Spiritomb\n|-damage|p2a: Spiritomb|0 fnt\n|faint|p2a: Spiritomb\n|\n|win|p0x2711df4", "uploadtime": 1783542761, "views": 0, "rating": 0, "private": 0, "password": null, "_winner": "p0x2711df4", "_our_name": "p0y271eae1"}