{"id": "battle-gen9randombattle-1122", "formatid": "gen9randombattle", "format": "[Gen 9] Random Battle", "players": ["p0x1122522c", "p0y11221efd"], "log": "|init|battle\n|title|p0x1122522c vs. p0y11221efd\n|j|\u2606p0x1122522c\n|j|\u2606p0y11221efd\n|t:|1783552165\n|gametype|singles\n|player|p1|p0x1122522c|266|\n|player|p2|p0y11221efd|265|\n|gen|9\n|tier|[Gen 9] Random Battle\n|rule|Species Clause: Limit one of each Pok\u00e9mon\n|rule|HP Percentage Mod: HP is shown in percentages\n|rule|Sleep Clause Mod: Limit one foe put to sleep\n|rule|Illusion Level Mod: Illusion disguises the Pok\u00e9mon's true level\n|\n|t:|1783552165\n|teamsize|p1|6\n|teamsize|p2|6\n|start\n|switch|p1a: Mesprit|Mesprit, L85|275/275\n|switch|p2a: Pachirisu|Pachirisu, L96, F|100/100\n|turn|1\n|inactive|Battle timer is ON: inactive players will automatically lose when time's up. (requested by p0x1122522c)\n|inactive|p0y11221efd also wants the timer to be on.\n|\n|t:|1783552167\n|move|p2a: Pachirisu|Super Fang|p1a: Mesprit\n|-damage|p1a: Mesprit|138/275\n|move|p1a: Mesprit|Knock Off|p2a: Pachirisu\n|-damage|p2a: Pachirisu|69/100\n|-enditem|p2a: Pachirisu|Assault Vest|[from] move: Knock Off|[of] p1a: Mesprit\n|\n|upkeep\n|turn|2\n|inactive|Time left: 300 sec this turn | 300 sec total\n|\n|t:|1783552168\n|move|p2a: Pachirisu|Nuzzle|p1a: Mesprit\n|-damage|p1a: Mesprit|123/275\n|-status|p1a: Mesprit|par\n|move|p1a: Mesprit|Drain Punch|p2a: Pachirisu\n|-damage|p2a: Pachirisu|46/100\n|-heal|p1a: Mesprit|155/275 par|[from] drain|[of] p2a: Pachirisu\n|\n|upkeep\n|turn|3\n|inactive|Time left: 300 sec this turn | 300 sec total\n|\n|t:|1783552169\n|move|p2a: Pachirisu|U-turn|p1a: Mesprit\n|-supereffective|p1a: Mesprit\n|-damage|p1a: Mesprit|89/275 par\n|\n|t:|1783552170\n|switch|p2a: Leafeon|Leafeon, L88, M|100/100|[from] U-turn\n|move|p1a: Mesprit|Psychic Noise|p2a: Leafeon\n|-damage|p2a: Leafeon|61/100\n|-start|p2a: Leafeon|move: Heal Block\n|\n|upkeep\n|turn|4\n|inactive|Time left: 300 sec this turn | 300 sec total\n|\n|t:|1783552171\n|move|p2a: Leafeon|Leaf Blade|p1a: Mesprit\n|-damage|p1a: Mesprit|0 fnt\n|faint|p1a: Mesprit\n|\n|-end|p2a: Leafeon|move: Heal Block\n|upkeep\n|inactive|Time left: 300 sec this turn | 300 sec total | 5 sec grace\n|\n|t:|1783552172\n|switch|p1a: Glaceon|Glaceon, L94, M|275/275\n|turn|5\n|inactive|Time left: 300 sec this turn | 300 sec total\n|\n|t:|1783552174\n|move|p2a: Leafeon|Substitute|p2a: Leafeon\n|-start|p2a: Leafeon|Substitute\n|-damage|p2a: Leafeon|36/100\n|move|p1a: Glaceon|Freeze-Dry|p2a: Leafeon\n|-supereffective|p2a: Leafeon\n|-end|p2a: Leafeon|Substitute\n|\n|-heal|p2a: Leafeon|42/100|[from] item: Leftovers\n|upkeep\n|turn|6\n|inactive|Time left: 300 sec this turn | 300 sec total\n|\n|t:|1783552175\n|move|p2a: Leafeon|Leaf Blade|p1a: Glaceon\n|-damage|p1a: Glaceon|182/275\n|move|p1a: Glaceon|Freeze-Dry|p2a: Leafeon\n|-supereffective|p2a: Leafeon\n|-damage|p2a: Leafeon|0 fnt\n|faint|p2a: Leafeon\n|\n|upkeep\n|\n|t:|1783552176\n|switch|p2a: Polteageist|Polteageist, L78|100/100\n|turn|7\n|inactive|Time left: 300 sec this turn | 300 sec total\n|\n|t:|1783552177\n|move|p1a: Glaceon|Mud Shot|p2a: Polteageist\n|-damage|p2a: Polteageist|78/100\n|-unboost|p2a: Polteageist|spe|1\n|-start|p1a: Glaceon|Disable|Mud Shot|[from] ability: Cursed Body|[of] p2a: Polteageist\n|-enditem|p2a: Polteageist|White Herb\n|-clearnegativeboost|p2a: Polteageist|[silent]\n|move|p2a: Polteageist|Shell Smash|p2a: Polteageist\n|-unboost|p2a: Polteageist|def|1\n|-unboost|p2a: Polteageist|spd|1\n|-boost|p2a: Polteageist|atk|2\n|-boost|p2a: Polteageist|spa|2\n|-boost|p2a: Polteageist|spe|2\n|\n|upkeep\n|turn|8\n|inactive|Time left: 300 sec this turn | 300 sec total\n|\n|t:|1783552178\n|switch|p1a: Clefable|Clefable, L83, M|293/293\n|move|p2a: Polteageist|Stored Power|p1a: Clefable\n|-damage|p1a: Clefable|172/293\n|\n|-heal|p1a: Clefable|190/293|[from] item: Leftovers\n|upkeep\n|turn|9\n|inactive|Time left: 300 sec this turn | 300 sec total\n|\n|t:|1783552179\n|move|p2a: Polteageist|Stored Power|p1a: Clefable\n|-damage|p1a: Clefable|84/293\n|move|p1a: Clefable|Calm Mind|p1a: Clefable\n|-boost|p1a: Clefable|spa|1\n|-boost|p1a: Clefable|spd|1\n|\n|-heal|p1a: Clefable|102/293|[from] item: Leftovers\n|upkeep\n|turn|10\n|inactive|Time left: 300 sec this turn | 300 sec total\n|\n|t:|1783552180\n|move|p2a: Polteageist|Stored Power|p1a: Clefable\n|-crit|p1a: Clefable\n|-damage|p1a: Clefable|0 fnt\n|faint|p1a: Clefable\n|\n|upkeep\n|inactive|Time left: 300 sec this turn | 300 sec total | 5 sec grace\n|\n|t:|1783552181\n|switch|p1a: Glaceon|Glaceon, L94, M|182/275\n|turn|11\n|inactive|Time left: 300 sec this turn | 300 sec total\n|\n|t:|1783552182\n|move|p1a: Glaceon|Protect|p1a: Glaceon\n|-singleturn|p1a: Glaceon|Protect\n|move|p2a: Polteageist|Stored Power|p1a: Glaceon\n|-activate|p1a: Glaceon|move: Protect\n|\n|upkeep\n|turn|12\n|inactive|Time left: 300 sec this turn | 300 sec total\n|\n|t:|1783552183\n|move|p2a: Polteageist|Stored Power|p1a: Glaceon\n|-damage|p1a: Glaceon|0 fnt\n|faint|p1a: Glaceon\n|\n|upkeep\n|inactive|Time left: 300 sec this turn | 300 sec total | 5 sec grace\n|\n|t:|1783552184\n|switch|p1a: Medicham|Medicham, L86, F|243/243\n|turn|13\n|inactive|Time left: 300 sec this turn | 300 sec total\n|\n|t:|1783552185\n|move|p1a: Medicham|Bullet Punch|p2a: Polteageist\n|-damage|p2a: Polteageist|18/100\n|move|p2a: Polteageist|Shadow Ball|p1a: Medicham\n|-supereffective|p1a: Medicham\n|-damage|p1a: Medicham|0 fnt\n|faint|p1a: Medicham\n|\n|upkeep\n|inactive|Time left: 300 sec this turn | 300 sec total | 5 sec grace\n|\n|t:|1783552186\n|switch|p1a: Houndstone|Houndstone, L86, F|264/264\n|turn|14\n|inactive|Time left: 300 sec this turn | 300 sec total\n|\n|t:|1783552187\n|switch|p1a: Dragalge|Dragalge, L88, F|258/258\n|move|p2a: Polteageist|Shell Smash|p2a: Polteageist\n|-unboost|p2a: Polteageist|def|1\n|-unboost|p2a: Polteageist|spd|1\n|-boost|p2a: Polteageist|atk|2\n|-boost|p2a: Polteageist|spa|2\n|-boost|p2a: Polteageist|spe|2\n|\n|upkeep\n|turn|15\n|inactive|Time left: 300 sec this turn | 300 sec total\n|\n|t:|1783552188\n|move|p2a: Polteageist|Stored Power|p1a: Dragalge\n|-supereffective|p1a: Dragalge\n|-damage|p1a: Dragalge|0 fnt\n|faint|p1a: Dragalge\n|\n|upkeep\n|inactive|Time left: 300 sec this turn | 300 sec total | 5 sec grace\n|\n|t:|1783552189\n|switch|p1a: Houndstone|Houndstone, L86, F|264/264\n|turn|16\n|inactive|Time left: 300 sec this turn | 300 sec total\n|\n|t:|1783552190\n|-terastallize|p1a: Houndstone|Fighting\n|move|p2a: Polteageist|Stored Power|p1a: Houndstone\n|-supereffective|p1a: Houndstone\n|-damage|p1a: Houndstone|0 fnt\n|faint|p1a: Houndstone\n|\n|win|p0y11221efd", "uploadtime": 1783552190, "views": 0, "rating": 0, "private": 0, "password": null, "_winner": "p0y11221efd", "_our_name": "p0x1122522c"}