{"id": "battle-gen9randombattle-545", "formatid": "gen9randombattle", "format": "[Gen 9] Random Battle", "players": ["p0x545130b", "p0y545598d"], "log": "|init|battle\n|title|p0x545130b vs. p0y545598d\n|j|\u2606p0x545130b\n|j|\u2606p0y545598d\n|t:|1783546109\n|gametype|singles\n|player|p1|p0x545130b|1|\n|player|p2|p0y545598d|2|\n|gen|9\n|tier|[Gen 9] Random Battle\n|rule|Species Clause: Limit one of each Pok\u00e9mon\n|rule|HP Percentage Mod: HP is shown in percentages\n|rule|Sleep Clause Mod: Limit one foe put to sleep\n|rule|Illusion Level Mod: Illusion disguises the Pok\u00e9mon's true level\n|\n|t:|1783546109\n|teamsize|p1|6\n|teamsize|p2|6\n|start\n|switch|p1a: Zapdos|Zapdos, L78|268/268\n|switch|p2a: Ursaluna|Ursaluna, L79, F|100/100\n|turn|1\n|inactive|Battle timer is ON: inactive players will automatically lose when time's up. (requested by p0y545598d)\n|inactive|Time left: 300 sec this turn | 300 sec total | 60 sec grace\n|\n|t:|1783546110\n|move|p1a: Zapdos|Hurricane|p2a: Ursaluna\n|-damage|p2a: Ursaluna|60/100\n|move|p2a: Ursaluna|Swords Dance|p2a: Ursaluna\n|-boost|p2a: Ursaluna|atk|2\n|\n|-status|p2a: Ursaluna|brn|[from] item: Flame Orb\n|upkeep\n|turn|2\n|inactive|Time left: 300 sec this turn | 300 sec total\n|inactive|p0x545130b also wants the timer to be on.\n|\n|t:|1783546111\n|move|p1a: Zapdos|Hurricane|p2a: Ursaluna|[miss]\n|-miss|p1a: Zapdos|p2a: Ursaluna\n|move|p2a: Ursaluna|Facade|p1a: Zapdos\n|-damage|p1a: Zapdos|0 fnt\n|faint|p1a: Zapdos\n|\n|-damage|p2a: Ursaluna|54/100 brn|[from] brn\n|upkeep\n|inactive|Time left: 300 sec this turn | 300 sec total | 5 sec grace\n|\n|t:|1783546113\n|switch|p1a: Scovillain|Scovillain, L91, M|266/266\n|turn|3\n|inactive|Time left: 300 sec this turn | 300 sec total\n|\n|t:|1783546114\n|move|p1a: Scovillain|Energy Ball|p2a: Ursaluna\n|-supereffective|p2a: Ursaluna\n|-damage|p2a: Ursaluna|0 fnt\n|faint|p2a: Ursaluna\n|\n|upkeep\n|\n|t:|1783546115\n|switch|p2a: Emboar|Emboar, L84, M|100/100\n|turn|4\n|inactive|Time left: 300 sec this turn | 300 sec total\n|\n|t:|1783546116\n|move|p1a: Scovillain|Energy Ball|p2a: Emboar\n|-resisted|p2a: Emboar\n|-damage|p2a: Emboar|66/100\n|-unboost|p2a: Emboar|spd|1\n|move|p2a: Emboar|Flare Blitz|p1a: Scovillain\n|-damage|p1a: Scovillain|43/266\n|-damage|p2a: Emboar|43/100|[from] Recoil\n|\n|-heal|p2a: Emboar|49/100|[from] item: Leftovers\n|upkeep\n|turn|5\n|inactive|Time left: 300 sec this turn | 300 sec total\n|\n|t:|1783546117\n|move|p1a: Scovillain|Energy Ball|p2a: Emboar\n|-resisted|p2a: Emboar\n|-damage|p2a: Emboar|0 fnt\n|faint|p2a: Emboar\n|\n|upkeep\n|\n|t:|1783546118\n|switch|p2a: Flutter Mane|Flutter Mane, L74|100/100\n|turn|6\n|inactive|Time left: 300 sec this turn | 300 sec total\n|\n|t:|1783546120\n|switch|p1a: Lanturn|Lanturn, L89, M|367/367\n|move|p2a: Flutter Mane|Moonblast|p1a: Lanturn\n|-damage|p1a: Lanturn|210/367\n|\n|-heal|p1a: Lanturn|232/367|[from] item: Leftovers\n|upkeep\n|turn|7\n|inactive|Time left: 300 sec this turn | 300 sec total\n|\n|t:|1783546120\n|move|p2a: Flutter Mane|Moonblast|p1a: Lanturn\n|-damage|p1a: Lanturn|75/367\n|move|p1a: Lanturn|Thunder Wave|p2a: Flutter Mane\n|-status|p2a: Flutter Mane|par\n|\n|-heal|p1a: Lanturn|97/367|[from] item: Leftovers\n|upkeep\n|turn|8\n|inactive|Time left: 300 sec this turn | 300 sec total\n|\n|t:|1783546122\n|move|p1a: Lanturn|Thunderbolt|p2a: Flutter Mane\n|-damage|p2a: Flutter Mane|65/100 par\n|cant|p2a: Flutter Mane|par\n|\n|-heal|p1a: Lanturn|119/367|[from] item: Leftovers\n|upkeep\n|turn|9\n|inactive|Time left: 300 sec this turn | 300 sec total\n|\n|t:|1783546122\n|move|p1a: Lanturn|Thunderbolt|p2a: Flutter Mane\n|-damage|p2a: Flutter Mane|28/100 par\n|move|p2a: Flutter Mane|Moonblast|p1a: Lanturn\n|-damage|p1a: Lanturn|0 fnt\n|faint|p1a: Lanturn\n|\n|upkeep\n|inactive|Time left: 300 sec this turn | 300 sec total | 5 sec grace\n|\n|t:|1783546124\n|switch|p1a: Inteleon|Inteleon, L81, F|246/246\n|turn|10\n|inactive|Time left: 300 sec this turn | 300 sec total\n|\n|t:|1783546124\n|move|p1a: Inteleon|Scald|p2a: Flutter Mane\n|-damage|p2a: Flutter Mane|0 fnt\n|faint|p2a: Flutter Mane\n|-end|p2a: Flutter Mane|Protosynthesis|[silent]\n|\n|upkeep\n|\n|t:|1783546125\n|switch|p2a: Raichu|Raichu, L88, F|100/100\n|turn|11\n|inactive|Time left: 300 sec this turn | 300 sec total\n|\n|t:|1783546126\n|switch|p1a: Scovillain|Scovillain, L91, M|43/266\n|move|p2a: Raichu|Thunderbolt|p1a: Scovillain\n|-resisted|p1a: Scovillain\n|-damage|p1a: Scovillain|0 fnt\n|faint|p1a: Scovillain\n|-damage|p2a: Raichu|91/100|[from] item: Life Orb\n|\n|upkeep\n|inactive|Time left: 300 sec this turn | 300 sec total | 5 sec grace\n|\n|t:|1783546127\n|switch|p1a: Terrakion|Terrakion, L79|273/273\n|turn|12\n|inactive|Time left: 300 sec this turn | 300 sec total\n|\n|t:|1783546128\n|move|p2a: Raichu|Surf|p1a: Terrakion\n|-supereffective|p1a: Terrakion\n|-damage|p1a: Terrakion|94/273\n|-damage|p2a: Raichu|81/100|[from] item: Life Orb\n|move|p1a: Terrakion|Close Combat|p2a: Raichu\n|-damage|p2a: Raichu|0 fnt\n|-unboost|p1a: Terrakion|def|1\n|-unboost|p1a: Terrakion|spd|1\n|faint|p2a: Raichu\n|-damage|p1a: Terrakion|67/273|[from] item: Life Orb\n|\n|upkeep\n|\n|t:|1783546129\n|switch|p2a: Hatterene|Hatterene, L85, F|100/100\n|turn|13\n|inactive|Time left: 300 sec this turn | 300 sec total\n|\n|t:|1783546130\n|move|p1a: Terrakion|Stone Edge|p2a: Hatterene\n|-damage|p2a: Hatterene|43/100\n|-damage|p1a: Terrakion|40/273|[from] item: Life Orb\n|move|p2a: Hatterene|Draining Kiss|p1a: Terrakion\n|-supereffective|p1a: Terrakion\n|-damage|p1a: Terrakion|0 fnt\n|-heal|p2a: Hatterene|56/100|[from] drain|[of] p1a: Terrakion\n|faint|p1a: Terrakion\n|\n|-heal|p2a: Hatterene|62/100|[from] item: Leftovers\n|upkeep\n|inactive|Time left: 300 sec this turn | 300 sec total | 5 sec grace\n|\n|t:|1783546131\n|switch|p1a: Inteleon|Inteleon, L81, F|246/246\n|turn|14\n|inactive|Time left: 300 sec this turn | 300 sec total\n|\n|t:|1783546132\n|-terastallize|p1a: Inteleon|Water\n|move|p1a: Inteleon|Scald|p2a: Hatterene\n|-damage|p2a: Hatterene|0 fnt\n|faint|p2a: Hatterene\n|\n|upkeep\n|\n|t:|1783546133\n|switch|p2a: Volcarona|Volcarona, L77, F|100/100\n|turn|15\n|inactive|Time left: 300 sec this turn | 300 sec total\n|\n|t:|1783546133\n|-terastallize|p2a: Volcarona|Grass\n|move|p1a: Inteleon|Scald|p2a: Volcarona\n|-resisted|p2a: Volcarona\n|-damage|p2a: Volcarona|67/100\n|move|p2a: Volcarona|Quiver Dance|p2a: Volcarona\n|-boost|p2a: Volcarona|spa|1\n|-boost|p2a: Volcarona|spd|1\n|-boost|p2a: Volcarona|spe|1\n|\n|upkeep\n|turn|16\n|inactive|Time left: 300 sec this turn | 300 sec total\n|\n|t:|1783546135\n|switch|p1a: Moltres|Moltres-Galar, L79|271/271\n|move|p2a: Volcarona|Giga Drain|p1a: Moltres\n|-resisted|p1a: Moltres\n|-damage|p1a: Moltres|216/271\n|-heal|p2a: Volcarona|78/100|[from] drain|[of] p1a: Moltres\n|\n|upkeep\n|turn|17\n|inactive|Time left: 300 sec this turn | 300 sec total\n|\n|t:|1783546136\n|move|p2a: Volcarona|Quiver Dance|p2a: Volcarona\n|-boost|p2a: Volcarona|spa|1\n|-boost|p2a: Volcarona|spd|1\n|-boost|p2a: Volcarona|spe|1\n|move|p1a: Moltres|Hurricane|p2a: Volcarona\n|-supereffective|p2a: Volcarona\n|-damage|p2a: Volcarona|38/100\n|-start|p2a: Volcarona|confusion\n|\n|upkeep\n|turn|18\n|inactive|Time left: 300 sec this turn | 300 sec total\n|\n|t:|1783546137\n|-activate|p2a: Volcarona|confusion\n|move|p2a: Volcarona|Morning Sun|p2a: Volcarona\n|-heal|p2a: Volcarona|88/100\n|move|p1a: Moltres|Hurricane|p2a: Volcarona|[miss]\n|-miss|p1a: Moltres|p2a: Volcarona\n|\n|upkeep\n|turn|19\n|inactive|Time left: 300 sec this turn | 300 sec total\n|\n|t:|1783546138\n|-activate|p2a: Volcarona|confusion\n|move|p2a: Volcarona|Fire Blast|p1a: Moltres\n|-damage|p1a: Moltres|20/271\n|-ability|p1a: Moltres|Berserk|boost\n|-boost|p1a: Moltres|spa|1\n|move|p1a: Moltres|Hurricane|p2a: Volcarona\n|-supereffective|p2a: Volcarona\n|-damage|p2a: Volcarona|29/100\n|\n|upkeep\n|turn|20\n|inactive|Time left: 300 sec this turn | 300 sec total\n|\n|t:|1783546139\n|-activate|p2a: Volcarona|confusion\n|move|p2a: Volcarona|Giga Drain|p1a: Moltres\n|-resisted|p1a: Moltres\n|-damage|p1a: Moltres|0 fnt\n|-heal|p2a: Volcarona|33/100|[from] drain|[of] p1a: Moltres\n|faint|p1a: Moltres\n|\n|upkeep\n|inactive|Time left: 300 sec this turn | 300 sec total | 5 sec grace\n|\n|t:|1783546139\n|switch|p1a: Inteleon|Inteleon, L81, F, tera:Water|246/246\n|turn|21\n|inactive|Time left: 300 sec this turn | 300 sec total\n|\n|t:|1783546140\n|-end|p2a: Volcarona|confusion\n|move|p2a: Volcarona|Giga Drain|p1a: Inteleon\n|-supereffective|p1a: Inteleon\n|-damage|p1a: Inteleon|0 fnt\n|-heal|p2a: Volcarona|81/100|[from] drain|[of] p1a: Inteleon\n|faint|p1a: Inteleon\n|\n|win|p0y545598d", "uploadtime": 1783546140, "views": 0, "rating": 0, "private": 0, "password": null, "_winner": "p0y545598d", "_our_name": "p0x545130b"}