{"id": "battle-gen9randombattle-2702", "formatid": "gen9randombattle", "format": "[Gen 9] Random Battle", "players": ["p0x27024eba", "p0y27027f91"], "log": "|init|battle\n|title|p0x27024eba vs. p0y27027f91\n|j|\u2606p0x27024eba\n|j|\u2606p0y27027f91\n|t:|1783570180\n|gametype|singles\n|player|p1|p0x27024eba|2|\n|player|p2|p0y27027f91|265|\n|gen|9\n|tier|[Gen 9] Random Battle\n|rule|Species Clause: Limit one of each Pok\u00e9mon\n|rule|HP Percentage Mod: HP is shown in percentages\n|rule|Sleep Clause Mod: Limit one foe put to sleep\n|rule|Illusion Level Mod: Illusion disguises the Pok\u00e9mon's true level\n|\n|t:|1783570180\n|teamsize|p1|6\n|teamsize|p2|6\n|start\n|switch|p1a: Arceus|Arceus-Water, L71|100/100\n|switch|p2a: Glaceon|Glaceon, L94, M|275/275\n|turn|1\n|inactive|Battle timer is ON: inactive players will automatically lose when time's up. (requested by p0y27027f91)\n|inactive|p0x27024eba also wants the timer to be on.\n|\n|t:|1783570181\n|move|p1a: Arceus|Calm Mind|p1a: Arceus\n|-boost|p1a: Arceus|spa|1\n|-boost|p1a: Arceus|spd|1\n|move|p2a: Glaceon|Freeze-Dry|p1a: Arceus\n|-supereffective|p1a: Arceus\n|-damage|p1a: Arceus|50/100\n|\n|upkeep\n|turn|2\n|inactive|Time left: 300 sec this turn | 300 sec total\n|\n|t:|1783570182\n|move|p1a: Arceus|Recover|p1a: Arceus\n|-heal|p1a: Arceus|100/100\n|move|p2a: Glaceon|Freeze-Dry|p1a: Arceus\n|-supereffective|p1a: Arceus\n|-damage|p1a: Arceus|48/100\n|\n|upkeep\n|turn|3\n|inactive|Time left: 300 sec this turn | 300 sec total\n|\n|t:|1783570182\n|move|p1a: Arceus|Recover|p1a: Arceus\n|-heal|p1a: Arceus|98/100\n|move|p2a: Glaceon|Freeze-Dry|p1a: Arceus\n|-supereffective|p1a: Arceus\n|-damage|p1a: Arceus|48/100\n|\n|upkeep\n|turn|4\n|inactive|Time left: 300 sec this turn | 300 sec total\n|\n|t:|1783570183\n|move|p1a: Arceus|Recover|p1a: Arceus\n|-heal|p1a: Arceus|98/100\n|move|p2a: Glaceon|Freeze-Dry|p1a: Arceus\n|-supereffective|p1a: Arceus\n|-damage|p1a: Arceus|51/100\n|\n|upkeep\n|turn|5\n|inactive|Time left: 300 sec this turn | 300 sec total\n|\n|t:|1783570184\n|move|p1a: Arceus|Recover|p1a: Arceus\n|-heal|p1a: Arceus|100/100\n|move|p2a: Glaceon|Freeze-Dry|p1a: Arceus\n|-supereffective|p1a: Arceus\n|-damage|p1a: Arceus|48/100\n|\n|upkeep\n|turn|6\n|inactive|Time left: 300 sec this turn | 300 sec total\n|\n|t:|1783570184\n|move|p1a: Arceus|Recover|p1a: Arceus\n|-heal|p1a: Arceus|98/100\n|move|p2a: Glaceon|Freeze-Dry|p1a: Arceus\n|-supereffective|p1a: Arceus\n|-damage|p1a: Arceus|50/100\n|\n|upkeep\n|turn|7\n|inactive|Time left: 300 sec this turn | 300 sec total\n|\n|t:|1783570185\n|move|p1a: Arceus|Recover|p1a: Arceus\n|-heal|p1a: Arceus|99/100\n|move|p2a: Glaceon|Freeze-Dry|p1a: Arceus\n|-supereffective|p1a: Arceus\n|-damage|p1a: Arceus|50/100\n|\n|upkeep\n|turn|8\n|inactive|Time left: 300 sec this turn | 300 sec total\n|\n|t:|1783570186\n|move|p1a: Arceus|Recover|p1a: Arceus\n|-heal|p1a: Arceus|99/100\n|move|p2a: Glaceon|Freeze-Dry|p1a: Arceus\n|-supereffective|p1a: Arceus\n|-damage|p1a: Arceus|45/100\n|\n|upkeep\n|turn|9\n|inactive|Time left: 300 sec this turn | 300 sec total\n|\n|t:|1783570187\n|move|p1a: Arceus|Recover|p1a: Arceus\n|-heal|p1a: Arceus|95/100\n|move|p2a: Glaceon|Freeze-Dry|p1a: Arceus\n|-supereffective|p1a: Arceus\n|-crit|p1a: Arceus\n|-damage|p1a: Arceus|0 fnt\n|faint|p1a: Arceus\n|\n|upkeep\n|\n|t:|1783570188\n|switch|p1a: Ribombee|Ribombee, L83, F|100/100\n|turn|10\n|inactive|Time left: 300 sec this turn | 300 sec total\n|\n|t:|1783570189\n|move|p1a: Ribombee|Sticky Web|p2a: Glaceon\n|-sidestart|p2: p0y27027f91|move: Sticky Web\n|move|p2a: Glaceon|Freeze-Dry|p1a: Ribombee\n|-damage|p1a: Ribombee|45/100\n|\n|upkeep\n|turn|11\n|inactive|Time left: 300 sec this turn | 300 sec total\n|\n|t:|1783570190\n|move|p1a: Ribombee|Moonblast|p2a: Glaceon\n|-damage|p2a: Glaceon|194/275\n|move|p2a: Glaceon|Freeze-Dry|p1a: Ribombee\n|-damage|p1a: Ribombee|0 fnt\n|faint|p1a: Ribombee\n|\n|upkeep\n|\n|t:|1783570190\n|switch|p1a: Bellossom|Bellossom, L84, M|100/100\n|turn|12\n|inactive|Time left: 300 sec this turn | 300 sec total\n|\n|t:|1783570191\n|move|p2a: Glaceon|Freeze-Dry|p1a: Bellossom\n|-supereffective|p1a: Bellossom\n|-damage|p1a: Bellossom|18/100\n|move|p1a: Bellossom|Quiver Dance|p1a: Bellossom\n|-boost|p1a: Bellossom|spa|1\n|-boost|p1a: Bellossom|spd|1\n|-boost|p1a: Bellossom|spe|1\n|\n|-heal|p1a: Bellossom|24/100|[from] item: Leftovers\n|upkeep\n|turn|13\n|inactive|Time left: 300 sec this turn | 300 sec total\n|\n|t:|1783570192\n|move|p1a: Bellossom|Strength Sap|p2a: Glaceon\n|-unboost|p2a: Glaceon|atk|1\n|-heal|p1a: Bellossom|68/100\n|move|p2a: Glaceon|Freeze-Dry|p1a: Bellossom\n|-supereffective|p1a: Bellossom\n|-damage|p1a: Bellossom|17/100\n|\n|-heal|p1a: Bellossom|23/100|[from] item: Leftovers\n|upkeep\n|turn|14\n|inactive|Time left: 300 sec this turn | 300 sec total\n|\n|t:|1783570193\n|move|p1a: Bellossom|Strength Sap|p2a: Glaceon\n|-unboost|p2a: Glaceon|atk|1\n|-heal|p1a: Bellossom|53/100\n|move|p2a: Glaceon|Freeze-Dry|p1a: Bellossom\n|-supereffective|p1a: Bellossom\n|-damage|p1a: Bellossom|0 fnt\n|faint|p1a: Bellossom\n|\n|upkeep\n|\n|t:|1783570194\n|switch|p1a: Fezandipiti|Fezandipiti, L82, M|100/100\n|turn|15\n|inactive|Time left: 300 sec this turn | 300 sec total\n|\n|t:|1783570195\n|switch|p2a: Drifblim|Drifblim, L86, F|398/398\n|move|p1a: Fezandipiti|Swords Dance|p1a: Fezandipiti\n|-boost|p1a: Fezandipiti|atk|2\n|\n|upkeep\n|turn|16\n|inactive|Time left: 300 sec this turn | 300 sec total\n|\n|t:|1783570196\n|move|p1a: Fezandipiti|Gunk Shot|p2a: Drifblim|[miss]\n|-miss|p1a: Fezandipiti|p2a: Drifblim\n|move|p2a: Drifblim|Strength Sap|p1a: Fezandipiti\n|-unboost|p1a: Fezandipiti|atk|1\n|\n|upkeep\n|turn|17\n|inactive|Time left: 300 sec this turn | 300 sec total\n|\n|t:|1783570197\n|move|p1a: Fezandipiti|Swords Dance|p1a: Fezandipiti\n|-boost|p1a: Fezandipiti|atk|2\n|move|p2a: Drifblim|Defog|p1a: Fezandipiti\n|-unboost|p1a: Fezandipiti|evasion|1\n|-sideend|p2: p0y27027f91|Sticky Web|[from] move: Defog|[of] p2a: Drifblim\n|\n|upkeep\n|turn|18\n|inactive|Time left: 300 sec this turn | 300 sec total\n|\n|t:|1783570198\n|move|p1a: Fezandipiti|Play Rough|p2a: Drifblim\n|-damage|p2a: Drifblim|67/398\n|-status|p2a: Drifblim|tox|[from] ability: Toxic Chain|[of] p1a: Fezandipiti\n|move|p2a: Drifblim|Strength Sap|p1a: Fezandipiti\n|-unboost|p1a: Fezandipiti|atk|1\n|-heal|p2a: Drifblim|398/398 tox\n|\n|-damage|p2a: Drifblim|374/398 tox|[from] psn\n|upkeep\n|turn|19\n|inactive|Time left: 300 sec this turn | 300 sec total\n|\n|t:|1783570199\n|move|p1a: Fezandipiti|Play Rough|p2a: Drifblim\n|-damage|p2a: Drifblim|100/398 tox\n|-unboost|p2a: Drifblim|atk|1\n|move|p2a: Drifblim|Strength Sap|p1a: Fezandipiti\n|-unboost|p1a: Fezandipiti|atk|1\n|-heal|p2a: Drifblim|398/398 tox\n|\n|-damage|p2a: Drifblim|350/398 tox|[from] psn\n|upkeep\n|turn|20\n|inactive|Time left: 300 sec this turn | 300 sec total\n|\n|t:|1783570200\n|move|p1a: Fezandipiti|Swords Dance|p1a: Fezandipiti\n|-boost|p1a: Fezandipiti|atk|2\n|move|p2a: Drifblim|Strength Sap|p1a: Fezandipiti\n|-unboost|p1a: Fezandipiti|atk|1\n|-heal|p2a: Drifblim|398/398 tox\n|\n|-damage|p2a: Drifblim|326/398 tox|[from] psn\n|upkeep\n|turn|21\n|inactive|Time left: 300 sec this turn | 300 sec total\n|\n|t:|1783570201\n|move|p1a: Fezandipiti|Swords Dance|p1a: Fezandipiti\n|-boost|p1a: Fezandipiti|atk|2\n|move|p2a: Drifblim|Strength Sap|p1a: Fezandipiti\n|-unboost|p1a: Fezandipiti|atk|1\n|-heal|p2a: Drifblim|398/398 tox\n|\n|-damage|p2a: Drifblim|302/398 tox|[from] psn\n|upkeep\n|turn|22\n|inactive|Time left: 300 sec this turn | 300 sec total\n|\n|t:|1783570202\n|move|p1a: Fezandipiti|Play Rough|p2a: Drifblim\n|-damage|p2a: Drifblim|0 fnt\n|-damage|p1a: Fezandipiti|76/100|[from] ability: Aftermath|[of] p2a: Drifblim\n|faint|p2a: Drifblim\n|\n|-heal|p1a: Fezandipiti|82/100|[from] item: Leftovers\n|upkeep\n|inactive|Time left: 300 sec this turn | 300 sec total | 5 sec grace\n|\n|t:|1783570203\n|switch|p2a: Latios|Latios, L78, M|253/253\n|turn|23\n|inactive|Time left: 300 sec this turn | 300 sec total\n|\n|t:|1783570204\n|-terastallize|p2a: Latios|Steel\n|-terastallize|p1a: Fezandipiti|Ground\n|move|p2a: Latios|Psyshock|p1a: Fezandipiti\n|-damage|p1a: Fezandipiti|40/100\n|move|p1a: Fezandipiti|Play Rough|p2a: Latios\n|-resisted|p2a: Latios\n|-damage|p2a: Latios|123/253\n|\n|-heal|p1a: Fezandipiti|46/100|[from] item: Leftovers\n|upkeep\n|turn|24\n|inactive|Time left: 300 sec this turn | 300 sec total\n|\n|t:|1783570205\n|move|p2a: Latios|Draco Meteor|p1a: Fezandipiti\n|-damage|p1a: Fezandipiti|0 fnt\n|-unboost|p2a: Latios|spa|2\n|faint|p1a: Fezandipiti\n|\n|upkeep\n|\n|t:|1783570206\n|switch|p1a: Furret|Furret, L94, F|100/100\n|-item|p2a: Latios|Soul Dew|[from] ability: Frisk|[of] p1a: Furret\n|turn|25\n|inactive|Time left: 300 sec this turn | 300 sec total\n|\n|t:|1783570207\n|switch|p2a: Appletun|Appletun, L92, F|352/352\n|move|p1a: Furret|Knock Off|p2a: Appletun\n|-damage|p2a: Appletun|243/352\n|-enditem|p2a: Appletun|Leftovers|[from] move: Knock Off|[of] p1a: Furret\n|\n|upkeep\n|turn|26\n|inactive|Time left: 300 sec this turn | 300 sec total\n|\n|t:|1783570208\n|switch|p1a: Muk|Muk, L86, F|100/100\n|move|p2a: Appletun|Apple Acid|p1a: Muk\n|-resisted|p1a: Muk\n|-damage|p1a: Muk|85/100\n|-unboost|p1a: Muk|spd|1\n|\n|upkeep\n|turn|27\n|inactive|Time left: 300 sec this turn | 300 sec total\n|\n|t:|1783570209\n|switch|p2a: Latios|Latios, L78, M, tera:Steel|123/253\n|move|p1a: Muk|Gunk Shot|p2a: Latios\n|-immune|p2a: Latios\n|\n|upkeep\n|turn|28\n|inactive|Time left: 300 sec this turn | 300 sec total\n|\n|t:|1783570210\n|switch|p1a: Furret|Furret, L94, F|100/100\n|-item|p2a: Latios|Soul Dew|[from] ability: Frisk|[of] p1a: Furret\n|move|p2a: Latios|Recover|p2a: Latios\n|-heal|p2a: Latios|250/253\n|\n|upkeep\n|turn|29\n|inactive|Time left: 300 sec this turn | 300 sec total\n|\n|t:|1783570211\n|move|p1a: Furret|Knock Off|p2a: Latios\n|-damage|p2a: Latios|122/253\n|-enditem|p2a: Latios|Soul Dew|[from] move: Knock Off|[of] p1a: Furret\n|move|p2a: Latios|Recover|p2a: Latios\n|-heal|p2a: Latios|249/253\n|\n|upkeep\n|turn|30\n|inactive|Time left: 300 sec this turn | 300 sec total\n|\n|t:|1783570212\n|move|p1a: Furret|Knock Off|p2a: Latios\n|-damage|p2a: Latios|168/253\n|move|p2a: Latios|Calm Mind|p2a: Latios\n|-boost|p2a: Latios|spa|1\n|-boost|p2a: Latios|spd|1\n|\n|upkeep\n|turn|31\n|inactive|Time left: 300 sec this turn | 300 sec total\n|\n|t:|1783570213\n|move|p1a: Furret|Knock Off|p2a: Latios\n|-damage|p2a: Latios|93/253\n|move|p2a: Latios|Recover|p2a: Latios\n|-heal|p2a: Latios|220/253\n|\n|upkeep\n|turn|32\n|inactive|Time left: 300 sec this turn | 300 sec total\n|\n|t:|1783570214\n|move|p1a: Furret|Knock Off|p2a: Latios\n|-damage|p2a: Latios|138/253\n|move|p2a: Latios|Psyshock|p1a: Furret\n|-damage|p1a: Furret|53/100\n|\n|upkeep\n|turn|33\n|inactive|Time left: 300 sec this turn | 300 sec total\n|\n|t:|1783570215\n|move|p1a: Furret|Knock Off|p2a: Latios\n|-damage|p2a: Latios|55/253\n|move|p2a: Latios|Recover|p2a: Latios\n|-heal|p2a: Latios|182/253\n|\n|upkeep\n|turn|34\n|inactive|Time left: 300 sec this turn | 300 sec total\n|\n|t:|1783570216\n|move|p1a: Furret|Knock Off|p2a: Latios\n|-damage|p2a: Latios|98/253\n|move|p2a: Latios|Psyshock|p1a: Furret\n|-damage|p1a: Furret|1/100\n|\n|upkeep\n|turn|35\n|inactive|Time left: 300 sec this turn | 300 sec total\n|\n|t:|1783570217\n|move|p1a: Furret|Knock Off|p2a: Latios\n|-damage|p2a: Latios|14/253\n|move|p2a: Latios|Recover|p2a: Latios\n|-heal|p2a: Latios|141/253\n|\n|upkeep\n|turn|36\n|inactive|Time left: 300 sec this turn | 300 sec total\n|\n|t:|1783570218\n|move|p1a: Furret|Knock Off|p2a: Latios\n|-damage|p2a: Latios|58/253\n|move|p2a: Latios|Psyshock|p1a: Furret\n|-damage|p1a: Furret|0 fnt\n|faint|p1a: Furret\n|\n|upkeep\n|\n|t:|1783570219\n|switch|p1a: Muk|Muk, L86, F|85/100\n|turn|37\n|inactive|Time left: 300 sec this turn | 300 sec total\n|\n|t:|1783570220\n|move|p1a: Muk|Shadow Sneak|p2a: Latios\n|-damage|p2a: Latios|5/253\n|move|p2a: Latios|Psyshock|p1a: Muk\n|-supereffective|p1a: Muk\n|-damage|p1a: Muk|0 fnt\n|faint|p1a: Muk\n|\n|win|p0y27027f91", "uploadtime": 1783570220, "views": 0, "rating": 0, "private": 0, "password": null, "_winner": "p0y27027f91", "_our_name": "p0y27027f91"}