{"id": "battle-gen9randombattle-1200", "formatid": "gen9randombattle", "format": "[Gen 9] Random Battle", "players": ["p0x12005f9e", "p0y12000330"], "log": "|init|battle\n|title|p0x12005f9e vs. p0y12000330\n|j|\u2606p0x12005f9e\n|j|\u2606p0y12000330\n|t:|1783553015\n|gametype|singles\n|player|p1|p0x12005f9e|2|\n|player|p2|p0y12000330|1|\n|gen|9\n|tier|[Gen 9] Random Battle\n|rule|Species Clause: Limit one of each Pok\u00e9mon\n|rule|HP Percentage Mod: HP is shown in percentages\n|rule|Sleep Clause Mod: Limit one foe put to sleep\n|rule|Illusion Level Mod: Illusion disguises the Pok\u00e9mon's true level\n|\n|t:|1783553015\n|teamsize|p1|6\n|teamsize|p2|6\n|start\n|switch|p1a: Munkidori|Munkidori, L79, M|269/269\n|switch|p2a: Meloetta|Meloetta, L82|100/100\n|turn|1\n|inactive|Battle timer is ON: inactive players will automatically lose when time's up. (requested by p0x12005f9e)\n|inactive|p0y12000330 also wants the timer to be on.\n|\n|t:|1783553016\n|move|p1a: Munkidori|Psyshock|p2a: Meloetta\n|-resisted|p2a: Meloetta\n|-damage|p2a: Meloetta|75/100\n|-status|p2a: Meloetta|tox|[from] ability: Toxic Chain|[of] p1a: Munkidori\n|move|p2a: Meloetta|Knock Off|p1a: Munkidori\n|-supereffective|p1a: Munkidori\n|-damage|p1a: Munkidori|95/269\n|-enditem|p1a: Munkidori|Choice Specs|[from] move: Knock Off|[of] p2a: Meloetta\n|-damage|p2a: Meloetta|66/100 tox|[from] item: Life Orb\n|\n|-damage|p2a: Meloetta|60/100 tox|[from] psn\n|upkeep\n|turn|2\n|inactive|Time left: 300 sec this turn | 300 sec total\n|\n|t:|1783553018\n|move|p1a: Munkidori|Psyshock|p2a: Meloetta\n|-resisted|p2a: Meloetta\n|-damage|p2a: Meloetta|42/100 tox\n|move|p2a: Meloetta|Relic Song|p1a: Munkidori\n|-damage|p1a: Munkidori|0 fnt\n|faint|p1a: Munkidori\n|-formechange|p2a: Meloetta|Meloetta-Pirouette|[msg]\n|-damage|p2a: Meloetta|32/100 tox|[from] item: Life Orb\n|\n|-damage|p2a: Meloetta|20/100 tox|[from] psn\n|upkeep\n|inactive|Time left: 300 sec this turn | 300 sec total | 5 sec grace\n|\n|t:|1783553018\n|switch|p1a: Mamoswine|Mamoswine, L81, F|311/311\n|turn|3\n|inactive|Time left: 300 sec this turn | 300 sec total\n|\n|t:|1783553019\n|move|p1a: Mamoswine|Ice Shard|p2a: Meloetta\n|-damage|p2a: Meloetta|0 fnt\n|faint|p2a: Meloetta\n|\n|upkeep\n|\n|t:|1783553020\n|switch|p2a: Stonjourner|Stonjourner, L91, F|100/100\n|turn|4\n|inactive|Time left: 300 sec this turn | 300 sec total\n|\n|t:|1783553021\n|move|p1a: Mamoswine|Ice Shard|p2a: Stonjourner\n|-crit|p2a: Stonjourner\n|-damage|p2a: Stonjourner|78/100\n|move|p2a: Stonjourner|Stone Edge|p1a: Mamoswine\n|-damage|p1a: Mamoswine|87/311\n|-damage|p2a: Stonjourner|68/100|[from] item: Life Orb\n|\n|upkeep\n|turn|5\n|inactive|Time left: 300 sec this turn | 300 sec total\n|\n|t:|1783553022\n|move|p1a: Mamoswine|Ice Shard|p2a: Stonjourner\n|-damage|p2a: Stonjourner|53/100\n|move|p2a: Stonjourner|Stone Edge|p1a: Mamoswine\n|-damage|p1a: Mamoswine|0 fnt\n|faint|p1a: Mamoswine\n|-damage|p2a: Stonjourner|43/100|[from] item: Life Orb\n|\n|upkeep\n|inactive|Time left: 300 sec this turn | 300 sec total | 5 sec grace\n|\n|t:|1783553024\n|switch|p1a: Iron Jugulis|Iron Jugulis, L77|271/271\n|turn|6\n|inactive|Time left: 300 sec this turn | 300 sec total\n|\n|t:|1783553025\n|switch|p2a: Scrafty|Scrafty, L83, M|100/100\n|move|p1a: Iron Jugulis|Meteor Beam||[still]\n|-prepare|p1a: Iron Jugulis|Meteor Beam\n|-boost|p1a: Iron Jugulis|spa|1\n|-enditem|p1a: Iron Jugulis|Power Herb\n|-anim|p1a: Iron Jugulis|Meteor Beam|p2a: Scrafty\n|-resisted|p2a: Scrafty\n|-damage|p2a: Scrafty|78/100\n|\n|-heal|p2a: Scrafty|85/100|[from] item: Leftovers\n|upkeep\n|turn|7\n|inactive|Time left: 300 sec this turn | 300 sec total\n|\n|t:|1783553026\n|move|p1a: Iron Jugulis|Meteor Beam||[still]\n|-prepare|p1a: Iron Jugulis|Meteor Beam\n|-boost|p1a: Iron Jugulis|spa|1\n|move|p2a: Scrafty|Bulk Up|p2a: Scrafty\n|-boost|p2a: Scrafty|atk|1\n|-boost|p2a: Scrafty|def|1\n|\n|-heal|p2a: Scrafty|91/100|[from] item: Leftovers\n|upkeep\n|turn|8\n|inactive|Time left: 300 sec this turn | 300 sec total\n|\n|t:|1783553027\n|move|p1a: Iron Jugulis|Meteor Beam|p2a: Scrafty|[from] lockedmove\n|-resisted|p2a: Scrafty\n|-damage|p2a: Scrafty|64/100\n|move|p2a: Scrafty|Drain Punch|p1a: Iron Jugulis\n|-damage|p1a: Iron Jugulis|150/271\n|-heal|p2a: Scrafty|89/100|[from] drain|[of] p1a: Iron Jugulis\n|\n|-heal|p2a: Scrafty|96/100|[from] item: Leftovers\n|upkeep\n|turn|9\n|inactive|Time left: 300 sec this turn | 300 sec total\n|\n|t:|1783553028\n|move|p1a: Iron Jugulis|Hurricane|p2a: Scrafty|[miss]\n|-miss|p1a: Iron Jugulis|p2a: Scrafty\n|move|p2a: Scrafty|Drain Punch|p1a: Iron Jugulis\n|-damage|p1a: Iron Jugulis|21/271\n|-heal|p2a: Scrafty|100/100|[from] drain|[of] p1a: Iron Jugulis\n|\n|upkeep\n|turn|10\n|inactive|Time left: 300 sec this turn | 300 sec total\n|\n|t:|1783553029\n|-terastallize|p2a: Scrafty|Poison\n|move|p1a: Iron Jugulis|Hurricane|p2a: Scrafty\n|-damage|p2a: Scrafty|29/100\n|move|p2a: Scrafty|Drain Punch|p1a: Iron Jugulis\n|-damage|p1a: Iron Jugulis|0 fnt\n|-heal|p2a: Scrafty|33/100|[from] drain|[of] p1a: Iron Jugulis\n|faint|p1a: Iron Jugulis\n|-end|p1a: Iron Jugulis|Quark Drive|[silent]\n|\n|-heal|p2a: Scrafty|39/100|[from] item: Leftovers\n|upkeep\n|inactive|Time left: 300 sec this turn | 300 sec total | 5 sec grace\n|\n|t:|1783553030\n|switch|p1a: Smeargle|Smeargle, L95, F|258/258\n|turn|11\n|inactive|Time left: 300 sec this turn | 300 sec total\n|\n|t:|1783553031\n|move|p1a: Smeargle|Population Bomb|p2a: Scrafty\n|-damage|p2a: Scrafty|35/100\n|-damage|p2a: Scrafty|31/100\n|-damage|p2a: Scrafty|28/100\n|-damage|p2a: Scrafty|23/100\n|-damage|p2a: Scrafty|19/100\n|-damage|p2a: Scrafty|15/100\n|-damage|p2a: Scrafty|10/100\n|-damage|p2a: Scrafty|7/100\n|-damage|p2a: Scrafty|3/100\n|-damage|p2a: Scrafty|0 fnt\n|faint|p2a: Scrafty\n|-hitcount|p2: Scrafty|10\n|\n|upkeep\n|\n|t:|1783553032\n|switch|p2a: Brambleghast|Brambleghast, L88, M|100/100\n|turn|12\n|inactive|Time left: 300 sec this turn | 300 sec total\n|\n|t:|1783553033\n|switch|p1a: Decidueye|Decidueye, L88, M|281/281\n|move|p2a: Brambleghast|Power Whip|p1a: Decidueye\n|-resisted|p1a: Decidueye\n|-damage|p1a: Decidueye|190/281\n|\n|upkeep\n|turn|13\n|inactive|Time left: 300 sec this turn | 300 sec total\n|\n|t:|1783553034\n|switch|p1a: Smeargle|Smeargle, L95, F|258/258\n|move|p2a: Brambleghast|Poltergeist|p1a: Smeargle\n|-immune|p1a: Smeargle\n|\n|upkeep\n|turn|14\n|inactive|Time left: 300 sec this turn | 300 sec total\n|\n|t:|1783553035\n|move|p2a: Brambleghast|Power Whip|p1a: Smeargle|[miss]\n|-miss|p2a: Brambleghast|p1a: Smeargle\n|move|p1a: Smeargle|Shell Smash|p1a: Smeargle\n|-unboost|p1a: Smeargle|def|1\n|-unboost|p1a: Smeargle|spd|1\n|-boost|p1a: Smeargle|atk|2\n|-boost|p1a: Smeargle|spa|2\n|-boost|p1a: Smeargle|spe|2\n|\n|upkeep\n|turn|15\n|inactive|Time left: 300 sec this turn | 300 sec total\n|\n|t:|1783553036\n|move|p1a: Smeargle|Power Trip|p2a: Brambleghast\n|-supereffective|p2a: Brambleghast\n|-damage|p2a: Brambleghast|10/100\n|move|p2a: Brambleghast|Power Whip|p1a: Smeargle\n|-damage|p1a: Smeargle|0 fnt\n|faint|p1a: Smeargle\n|\n|-heal|p2a: Brambleghast|17/100|[from] item: Leftovers\n|upkeep\n|inactive|Time left: 300 sec this turn | 300 sec total | 5 sec grace\n|\n|t:|1783553037\n|switch|p1a: Glalie|Glalie, L96, F|309/309\n|turn|16\n|inactive|Time left: 300 sec this turn | 300 sec total\n|\n|t:|1783553038\n|move|p2a: Brambleghast|Poltergeist|p1a: Glalie\n|-activate|p1a: Glalie|move: Poltergeist|Heavy-Duty Boots\n|-damage|p1a: Glalie|162/309\n|move|p1a: Glalie|Freeze-Dry|p2a: Brambleghast\n|-supereffective|p2a: Brambleghast\n|-damage|p2a: Brambleghast|0 fnt\n|faint|p2a: Brambleghast\n|\n|upkeep\n|\n|t:|1783553039\n|switch|p2a: Rillaboom|Rillaboom, L79, M|100/100\n|-fieldstart|move: Grassy Terrain|[from] ability: Grassy Surge|[of] p2a: Rillaboom\n|turn|17\n|inactive|Time left: 300 sec this turn | 300 sec total\n|\n|t:|1783553040\n|move|p1a: Glalie|Freeze-Dry|p2a: Rillaboom\n|-supereffective|p2a: Rillaboom\n|-damage|p2a: Rillaboom|25/100\n|move|p2a: Rillaboom|Wood Hammer|p1a: Glalie\n|-damage|p1a: Glalie|0 fnt\n|faint|p1a: Glalie\n|-damage|p2a: Rillaboom|7/100|[from] Recoil\n|\n|-heal|p2a: Rillaboom|13/100|[from] Grassy Terrain\n|upkeep\n|inactive|Time left: 300 sec this turn | 300 sec total | 5 sec grace\n|\n|t:|1783553041\n|switch|p1a: Decidueye|Decidueye, L88, M|190/281\n|turn|18\n|inactive|Time left: 300 sec this turn | 300 sec total\n|\n|t:|1783553041\n|move|p2a: Rillaboom|Wood Hammer|p1a: Decidueye\n|-resisted|p1a: Decidueye\n|-damage|p1a: Decidueye|43/281\n|-damage|p2a: Rillaboom|0 fnt|[from] Recoil\n|faint|p2a: Rillaboom\n|move|p1a: Decidueye|Roost|p1a: Decidueye\n|-heal|p1a: Decidueye|184/281\n|-singleturn|p1a: Decidueye|move: Roost\n|\n|-heal|p1a: Decidueye|201/281|[from] Grassy Terrain\n|upkeep\n|\n|t:|1783553042\n|switch|p2a: Stonjourner|Stonjourner, L91, F|43/100\n|turn|19\n|inactive|Time left: 300 sec this turn | 300 sec total\n|\n|t:|1783553043\n|-terastallize|p1a: Decidueye|Ghost\n|move|p2a: Stonjourner|Heat Crash|p1a: Decidueye\n|-damage|p1a: Decidueye|28/281\n|-damage|p2a: Stonjourner|33/100|[from] item: Life Orb\n|move|p1a: Decidueye|Roost|p1a: Decidueye\n|-heal|p1a: Decidueye|169/281\n|\n|-heal|p2a: Stonjourner|39/100|[from] Grassy Terrain\n|-heal|p1a: Decidueye|186/281|[from] Grassy Terrain\n|upkeep\n|turn|20\n|inactive|Time left: 300 sec this turn | 300 sec total\n|\n|t:|1783553044\n|move|p2a: Stonjourner|Heat Crash|p1a: Decidueye\n|-damage|p1a: Decidueye|29/281\n|-damage|p2a: Stonjourner|29/100|[from] item: Life Orb\n|move|p1a: Decidueye|Roost|p1a: Decidueye\n|-heal|p1a: Decidueye|170/281\n|\n|-heal|p2a: Stonjourner|35/100|[from] Grassy Terrain\n|-heal|p1a: Decidueye|187/281|[from] Grassy Terrain\n|upkeep\n|turn|21\n|inactive|Time left: 300 sec this turn | 300 sec total\n|\n|t:|1783553045\n|move|p2a: Stonjourner|Heat Crash|p1a: Decidueye\n|-damage|p1a: Decidueye|14/281\n|-damage|p2a: Stonjourner|25/100|[from] item: Life Orb\n|move|p1a: Decidueye|Roost|p1a: Decidueye\n|-heal|p1a: Decidueye|155/281\n|\n|-heal|p2a: Stonjourner|31/100|[from] Grassy Terrain\n|-heal|p1a: Decidueye|172/281|[from] Grassy Terrain\n|-fieldend|move: Grassy Terrain\n|upkeep\n|turn|22\n|inactive|Time left: 300 sec this turn | 300 sec total\n|\n|t:|1783553046\n|move|p2a: Stonjourner|Heat Crash|p1a: Decidueye\n|-damage|p1a: Decidueye|0 fnt\n|faint|p1a: Decidueye\n|-damage|p2a: Stonjourner|21/100|[from] item: Life Orb\n|\n|win|p0y12000330", "uploadtime": 1783553046, "views": 0, "rating": 0, "private": 0, "password": null, "_winner": "p0y12000330", "_our_name": "p0x12005f9e"}