{"id": "battle-gen9randombattle-2357", "formatid": "gen9randombattle", "format": "[Gen 9] Random Battle", "players": ["p0x23578df9", "p0y235754d6"], "log": "|init|battle\n|title|p0x23578df9 vs. p0y235754d6\n|j|\u2606p0x23578df9\n|j|\u2606p0y235754d6\n|t:|1783567391\n|gametype|singles\n|player|p1|p0x23578df9|169|\n|player|p2|p0y235754d6|2|\n|gen|9\n|tier|[Gen 9] Random Battle\n|rule|Species Clause: Limit one of each Pok\u00e9mon\n|rule|HP Percentage Mod: HP is shown in percentages\n|rule|Sleep Clause Mod: Limit one foe put to sleep\n|rule|Illusion Level Mod: Illusion disguises the Pok\u00e9mon's true level\n|\n|t:|1783567391\n|teamsize|p1|6\n|teamsize|p2|6\n|start\n|switch|p1a: Oricorio|Oricorio-Pa'u, L87, M|272/272\n|switch|p2a: Flamigo|Flamigo, L82, F|100/100\n|turn|1\n|inactive|Battle timer is ON: inactive players will automatically lose when time's up. (requested by p0y235754d6)\n|inactive|Time left: 300 sec this turn | 300 sec total | 60 sec grace\n|inactive|p0x23578df9 also wants the timer to be on.\n|\n|t:|1783567393\n|switch|p2a: Gumshoos|Gumshoos, L95, F|100/100\n|move|p1a: Oricorio|Hurricane|p2a: Gumshoos\n|-damage|p2a: Gumshoos|56/100\n|-start|p2a: Gumshoos|confusion\n|\n|upkeep\n|turn|2\n|inactive|Time left: 300 sec this turn | 300 sec total\n|\n|t:|1783567394\n|move|p1a: Oricorio|Hurricane|p2a: Gumshoos\n|-damage|p2a: Gumshoos|13/100\n|-activate|p2a: Gumshoos|confusion\n|move|p2a: Gumshoos|Double-Edge|p1a: Oricorio\n|-damage|p1a: Oricorio|0 fnt\n|faint|p1a: Oricorio\n|-damage|p2a: Gumshoos|0 fnt|[from] Recoil\n|faint|p2a: Gumshoos\n|\n|upkeep\n|inactive|Time left: 300 sec this turn | 300 sec total | 5 sec grace\n|\n|t:|1783567394\n|switch|p1a: Golduck|Golduck, L90, F|290/290\n|switch|p2a: Exeggutor|Exeggutor-Alola, L89, M|100/100\n|-ability|p1a: Golduck|Cloud Nine\n|-item|p1a: Golduck|Leftovers|[from] ability: Frisk|[of] p2a: Exeggutor\n|turn|3\n|inactive|Time left: 300 sec this turn | 300 sec total\n|\n|t:|1783567396\n|move|p1a: Golduck|Ice Beam|p2a: Exeggutor\n|-supereffective|p2a: Exeggutor\n|-crit|p2a: Exeggutor\n|-damage|p2a: Exeggutor|0 fnt\n|faint|p2a: Exeggutor\n|\n|upkeep\n|\n|t:|1783567396\n|switch|p2a: Crawdaunt|Crawdaunt, L84, M|100/100\n|turn|4\n|inactive|Time left: 300 sec this turn | 300 sec total\n|\n|t:|1783567397\n|move|p1a: Golduck|Nasty Plot|p1a: Golduck\n|-boost|p1a: Golduck|spa|2\n|move|p2a: Crawdaunt|Dragon Dance|p2a: Crawdaunt\n|-boost|p2a: Crawdaunt|atk|1\n|-boost|p2a: Crawdaunt|spe|1\n|\n|upkeep\n|turn|5\n|inactive|Time left: 300 sec this turn | 300 sec total\n|\n|t:|1783567398\n|move|p2a: Crawdaunt|Knock Off|p1a: Golduck\n|-damage|p1a: Golduck|0 fnt\n|-enditem|p1a: Golduck|Leftovers|[from] move: Knock Off|[of] p2a: Crawdaunt\n|faint|p1a: Golduck\n|-damage|p2a: Crawdaunt|91/100|[from] item: Life Orb\n|\n|upkeep\n|inactive|Time left: 300 sec this turn | 300 sec total | 5 sec grace\n|\n|t:|1783567399\n|switch|p1a: Registeel|Registeel, L81|262/262\n|turn|6\n|inactive|Time left: 300 sec this turn | 300 sec total\n|\n|t:|1783567400\n|-terastallize|p1a: Registeel|Fighting\n|move|p2a: Crawdaunt|Crabhammer|p1a: Registeel\n|-damage|p1a: Registeel|51/262\n|-damage|p2a: Crawdaunt|81/100|[from] item: Life Orb\n|move|p1a: Registeel|Body Press|p2a: Crawdaunt\n|-supereffective|p2a: Crawdaunt\n|-damage|p2a: Crawdaunt|0 fnt\n|faint|p2a: Crawdaunt\n|\n|upkeep\n|\n|t:|1783567401\n|switch|p2a: Skeledirge|Skeledirge, L79, F|100/100\n|turn|7\n|inactive|Time left: 300 sec this turn | 300 sec total\n|\n|t:|1783567402\n|switch|p1a: Dudunsparce|Dudunsparce, L83, F|343/343\n|move|p2a: Skeledirge|Torch Song|p1a: Dudunsparce\n|-damage|p1a: Dudunsparce|243/343\n|-boost|p2a: Skeledirge|spa|1\n|\n|-heal|p1a: Dudunsparce|264/343|[from] item: Leftovers\n|upkeep\n|turn|8\n|inactive|Time left: 300 sec this turn | 300 sec total\n|\n|t:|1783567403\n|move|p2a: Skeledirge|Torch Song|p1a: Dudunsparce\n|-damage|p1a: Dudunsparce|119/343\n|-boost|p2a: Skeledirge|spa|1\n|move|p1a: Dudunsparce|Glare|p2a: Skeledirge\n|-status|p2a: Skeledirge|par\n|\n|-heal|p1a: Dudunsparce|140/343|[from] item: Leftovers\n|upkeep\n|turn|9\n|inactive|Time left: 300 sec this turn | 300 sec total\n|\n|t:|1783567404\n|move|p1a: Dudunsparce|Roost|p1a: Dudunsparce\n|-heal|p1a: Dudunsparce|312/343\n|-singleturn|p1a: Dudunsparce|move: Roost\n|cant|p2a: Skeledirge|par\n|\n|-heal|p1a: Dudunsparce|333/343|[from] item: Leftovers\n|upkeep\n|turn|10\n|inactive|Time left: 300 sec this turn | 300 sec total\n|\n|t:|1783567405\n|move|p1a: Dudunsparce|Earthquake|p2a: Skeledirge\n|-supereffective|p2a: Skeledirge\n|-damage|p2a: Skeledirge|55/100 par\n|cant|p2a: Skeledirge|par\n|\n|-heal|p1a: Dudunsparce|343/343|[from] item: Leftovers\n|upkeep\n|turn|11\n|inactive|Time left: 300 sec this turn | 300 sec total\n|\n|t:|1783567406\n|move|p1a: Dudunsparce|Earthquake|p2a: Skeledirge\n|-supereffective|p2a: Skeledirge\n|-damage|p2a: Skeledirge|7/100 par\n|move|p2a: Skeledirge|Slack Off|p2a: Skeledirge\n|-heal|p2a: Skeledirge|57/100 par\n|\n|upkeep\n|turn|12\n|inactive|Time left: 300 sec this turn | 300 sec total\n|\n|t:|1783567407\n|move|p1a: Dudunsparce|Earthquake|p2a: Skeledirge\n|-supereffective|p2a: Skeledirge\n|-damage|p2a: Skeledirge|9/100 par\n|move|p2a: Skeledirge|Slack Off|p2a: Skeledirge\n|-heal|p2a: Skeledirge|59/100 par\n|\n|upkeep\n|turn|13\n|inactive|Time left: 300 sec this turn | 300 sec total\n|\n|t:|1783567408\n|move|p1a: Dudunsparce|Earthquake|p2a: Skeledirge\n|-supereffective|p2a: Skeledirge\n|-damage|p2a: Skeledirge|9/100 par\n|cant|p2a: Skeledirge|par\n|\n|upkeep\n|turn|14\n|inactive|Time left: 300 sec this turn | 300 sec total\n|\n|t:|1783567409\n|move|p1a: Dudunsparce|Earthquake|p2a: Skeledirge\n|-supereffective|p2a: Skeledirge\n|-damage|p2a: Skeledirge|0 fnt\n|faint|p2a: Skeledirge\n|\n|upkeep\n|\n|t:|1783567410\n|switch|p2a: Flamigo|Flamigo, L82, F|100/100\n|turn|15\n|inactive|Time left: 300 sec this turn | 300 sec total\n|\n|t:|1783567411\n|move|p2a: Flamigo|Swords Dance|p2a: Flamigo\n|-boost|p2a: Flamigo|atk|2\n|move|p1a: Dudunsparce|Glare|p2a: Flamigo\n|-status|p2a: Flamigo|par\n|\n|upkeep\n|turn|16\n|inactive|Time left: 300 sec this turn | 300 sec total\n|\n|t:|1783567412\n|move|p1a: Dudunsparce|Headbutt|p2a: Flamigo\n|-damage|p2a: Flamigo|66/100 par\n|cant|p2a: Flamigo|flinch\n|\n|upkeep\n|turn|17\n|inactive|Time left: 300 sec this turn | 300 sec total\n|\n|t:|1783567413\n|move|p1a: Dudunsparce|Headbutt|p2a: Flamigo\n|-damage|p2a: Flamigo|31/100 par\n|move|p2a: Flamigo|Close Combat|p1a: Dudunsparce\n|-supereffective|p1a: Dudunsparce\n|-damage|p1a: Dudunsparce|0 fnt\n|-unboost|p2a: Flamigo|def|1\n|-unboost|p2a: Flamigo|spd|1\n|faint|p1a: Dudunsparce\n|-damage|p2a: Flamigo|21/100 par|[from] item: Life Orb\n|\n|upkeep\n|inactive|Time left: 300 sec this turn | 300 sec total | 5 sec grace\n|\n|t:|1783567414\n|switch|p1a: Excadrill|Excadrill, L79, M|303/303\n|-ability|p1a: Excadrill|Mold Breaker\n|turn|18\n|inactive|Time left: 300 sec this turn | 300 sec total\n|\n|t:|1783567415\n|move|p1a: Excadrill|Rapid Spin|p2a: Flamigo\n|-damage|p2a: Flamigo|0 fnt\n|-boost|p1a: Excadrill|spe|1\n|faint|p2a: Flamigo\n|\n|upkeep\n|\n|t:|1783567416\n|switch|p2a: Stonjourner|Stonjourner, L91, M|100/100\n|turn|19\n|inactive|Time left: 300 sec this turn | 300 sec total\n|\n|t:|1783567417\n|-terastallize|p2a: Stonjourner|Ground\n|move|p1a: Excadrill|Earthquake|p2a: Stonjourner\n|-damage|p2a: Stonjourner|76/100\n|move|p2a: Stonjourner|Earthquake|p1a: Excadrill\n|-supereffective|p1a: Excadrill\n|-damage|p1a: Excadrill|0 fnt\n|faint|p1a: Excadrill\n|-damage|p2a: Stonjourner|66/100|[from] item: Life Orb\n|\n|upkeep\n|inactive|Time left: 300 sec this turn | 300 sec total | 5 sec grace\n|\n|t:|1783567418\n|switch|p1a: Mesprit|Mesprit, L85|275/275\n|turn|20\n|inactive|Time left: 300 sec this turn | 300 sec total\n|\n|t:|1783567419\n|move|p1a: Mesprit|Psychic Noise|p2a: Stonjourner\n|-damage|p2a: Stonjourner|11/100\n|-start|p2a: Stonjourner|move: Heal Block\n|move|p2a: Stonjourner|Stealth Rock|p1a: Mesprit\n|-sidestart|p1: p0x23578df9|move: Stealth Rock\n|\n|upkeep\n|turn|21\n|inactive|Time left: 300 sec this turn | 300 sec total\n|\n|t:|1783567420\n|move|p1a: Mesprit|Knock Off|p2a: Stonjourner\n|-damage|p2a: Stonjourner|0 fnt\n|-enditem|p2a: Stonjourner|Life Orb|[from] move: Knock Off|[of] p1a: Mesprit\n|faint|p2a: Stonjourner\n|\n|win|p0x23578df9", "uploadtime": 1783567420, "views": 0, "rating": 0, "private": 0, "password": null, "_winner": "p0x23578df9", "_our_name": "p0x23578df9"}