{"id": "battle-gen9randombattle-81", "formatid": "gen9randombattle", "format": "[Gen 9] Random Battle", "players": ["p0x0817809", "p0y0811bb9"], "log": "|init|battle\n|title|p0x0817809 vs. p0y0811bb9\n|j|\u2606p0x0817809\n|j|\u2606p0y0811bb9\n|t:|1783540412\n|gametype|singles\n|player|p1|p0x0817809|170|\n|player|p2|p0y0811bb9|102|\n|gen|9\n|tier|[Gen 9] Random Battle\n|rule|Species Clause: Limit one of each Pok\u00e9mon\n|rule|HP Percentage Mod: HP is shown in percentages\n|rule|Sleep Clause Mod: Limit one foe put to sleep\n|rule|Illusion Level Mod: Illusion disguises the Pok\u00e9mon's true level\n|\n|t:|1783540412\n|teamsize|p1|6\n|teamsize|p2|6\n|start\n|switch|p1a: Scrafty|Scrafty, L83, M|244/244\n|switch|p2a: Lumineon|Lumineon, L93, F|100/100\n|-ability|p1a: Scrafty|Intimidate|boost\n|-unboost|p2a: Lumineon|atk|1\n|turn|1\n|inactive|Battle timer is ON: inactive players will automatically lose when time's up. (requested by p0y0811bb9)\n|inactive|Time left: 300 sec this turn | 300 sec total | 60 sec grace\n|inactive|p0x0817809 also wants the timer to be on.\n|\n|t:|1783540414\n|switch|p2a: Porygon2|Porygon2, L81|100/100\n|-ability|p2a: Porygon2|Download|boost\n|-boost|p2a: Porygon2|spa|1\n|move|p1a: Scrafty|Dragon Dance|p1a: Scrafty\n|-boost|p1a: Scrafty|atk|1\n|-boost|p1a: Scrafty|spe|1\n|\n|upkeep\n|turn|2\n|inactive|Time left: 300 sec this turn | 300 sec total\n|\n|t:|1783540415\n|move|p1a: Scrafty|Dragon Dance|p1a: Scrafty\n|-boost|p1a: Scrafty|atk|1\n|-boost|p1a: Scrafty|spe|1\n|move|p2a: Porygon2|Tri Attack|p1a: Scrafty\n|-damage|p1a: Scrafty|135/244\n|-status|p1a: Scrafty|frz\n|\n|-heal|p1a: Scrafty|150/244 frz|[from] item: Leftovers\n|upkeep\n|turn|3\n|inactive|Time left: 300 sec this turn | 300 sec total\n|\n|t:|1783540416\n|cant|p1a: Scrafty|frz\n|move|p2a: Porygon2|Tri Attack|p1a: Scrafty\n|-damage|p1a: Scrafty|56/244 frz\n|\n|-heal|p1a: Scrafty|71/244 frz|[from] item: Leftovers\n|upkeep\n|turn|4\n|inactive|Time left: 300 sec this turn | 300 sec total\n|\n|t:|1783540417\n|cant|p1a: Scrafty|frz\n|move|p2a: Porygon2|Tri Attack|p1a: Scrafty\n|-damage|p1a: Scrafty|0 fnt\n|faint|p1a: Scrafty\n|\n|upkeep\n|inactive|Time left: 300 sec this turn | 300 sec total | 5 sec grace\n|\n|t:|1783540418\n|switch|p1a: Polteageist|Polteageist-Antique, L78|222/222\n|turn|5\n|inactive|Time left: 300 sec this turn | 300 sec total\n|\n|t:|1783540420\n|move|p1a: Polteageist|Shell Smash|p1a: Polteageist\n|-unboost|p1a: Polteageist|def|1\n|-unboost|p1a: Polteageist|spd|1\n|-boost|p1a: Polteageist|atk|2\n|-boost|p1a: Polteageist|spa|2\n|-boost|p1a: Polteageist|spe|2\n|-enditem|p1a: Polteageist|White Herb\n|-clearnegativeboost|p1a: Polteageist|[silent]\n|move|p2a: Porygon2|Discharge|p1a: Polteageist\n|-damage|p1a: Polteageist|141/222\n|-status|p1a: Polteageist|par\n|\n|upkeep\n|turn|6\n|inactive|Time left: 300 sec this turn | 300 sec total\n|\n|t:|1783540421\n|move|p1a: Polteageist|Strength Sap|p2a: Porygon2\n|-unboost|p2a: Porygon2|atk|1\n|-heal|p1a: Polteageist|222/222 par\n|move|p2a: Porygon2|Ice Beam|p1a: Polteageist\n|-damage|p1a: Polteageist|136/222 par\n|-start|p2a: Porygon2|Disable|Ice Beam|[from] ability: Cursed Body|[of] p1a: Polteageist\n|\n|upkeep\n|turn|7\n|inactive|Time left: 300 sec this turn | 300 sec total\n|\n|t:|1783540422\n|switch|p2a: Zarude|Zarude-Dada, L77|100/100\n|move|p1a: Polteageist|Strength Sap|p2a: Zarude\n|-unboost|p2a: Zarude|atk|1\n|-heal|p1a: Polteageist|222/222 par\n|\n|upkeep\n|turn|8\n|inactive|Time left: 300 sec this turn | 300 sec total\n|\n|t:|1783540423\n|move|p2a: Zarude|Swords Dance|p2a: Zarude\n|-boost|p2a: Zarude|atk|2\n|move|p1a: Polteageist|Shadow Ball|p2a: Zarude\n|-resisted|p2a: Zarude\n|-crit|p2a: Zarude\n|-damage|p2a: Zarude|46/100\n|-unboost|p2a: Zarude|spd|1\n|\n|upkeep\n|turn|9\n|inactive|Time left: 300 sec this turn | 300 sec total\n|\n|t:|1783540424\n|-terastallize|p1a: Polteageist|Dark\n|move|p2a: Zarude|Power Whip|p1a: Polteageist\n|-damage|p1a: Polteageist|0 fnt\n|-start|p2a: Zarude|Disable|Power Whip|[from] ability: Cursed Body|[of] p1a: Polteageist\n|faint|p1a: Polteageist\n|-damage|p2a: Zarude|36/100|[from] item: Life Orb\n|\n|upkeep\n|inactive|Time left: 300 sec this turn | 300 sec total | 5 sec grace\n|\n|t:|1783540425\n|switch|p1a: Iron Moth|Iron Moth, L78|253/253\n|turn|10\n|inactive|Time left: 300 sec this turn | 300 sec total\n|\n|t:|1783540426\n|switch|p2a: Lycanroc|Lycanroc-Midnight, L89, F|100/100\n|move|p1a: Iron Moth|Sludge Wave|p2a: Lycanroc\n|-resisted|p2a: Lycanroc\n|-damage|p2a: Lycanroc|68/100\n|\n|upkeep\n|turn|11\n|inactive|Time left: 300 sec this turn | 300 sec total\n|\n|t:|1783540427\n|-end|p1a: Iron Moth|Quark Drive|[silent]\n|switch|p1a: Overqwil|Overqwil, L82, F|274/274\n|-ability|p1a: Overqwil|Intimidate|boost\n|-unboost|p2a: Lycanroc|atk|1\n|move|p2a: Lycanroc|Stone Edge|p1a: Overqwil\n|-damage|p1a: Overqwil|165/274\n|-damage|p2a: Lycanroc|58/100|[from] item: Life Orb\n|\n|upkeep\n|turn|12\n|inactive|Time left: 300 sec this turn | 300 sec total\n|\n|t:|1783540429\n|switch|p2a: Porygon2|Porygon2, L81|100/100\n|-ability|p2a: Porygon2|Download|boost\n|-boost|p2a: Porygon2|spa|1\n|move|p1a: Overqwil|Swords Dance|p1a: Overqwil\n|-boost|p1a: Overqwil|atk|2\n|\n|upkeep\n|turn|13\n|inactive|Time left: 300 sec this turn | 300 sec total\n|\n|t:|1783540430\n|move|p1a: Overqwil|Gunk Shot|p2a: Porygon2\n|-damage|p2a: Porygon2|33/100\n|move|p2a: Porygon2|Tri Attack|p1a: Overqwil\n|-damage|p1a: Overqwil|0 fnt\n|faint|p1a: Overqwil\n|\n|upkeep\n|inactive|Time left: 300 sec this turn | 300 sec total | 5 sec grace\n|\n|t:|1783540431\n|switch|p1a: Iron Moth|Iron Moth, L78|253/253\n|turn|14\n|inactive|Time left: 300 sec this turn | 300 sec total\n|\n|t:|1783540432\n|move|p1a: Iron Moth|Fiery Dance|p2a: Porygon2\n|-damage|p2a: Porygon2|0 fnt\n|faint|p2a: Porygon2\n|\n|upkeep\n|\n|t:|1783540433\n|switch|p2a: Lycanroc|Lycanroc-Midnight, L89, F|58/100\n|turn|15\n|inactive|Time left: 300 sec this turn | 300 sec total\n|\n|t:|1783540434\n|-end|p1a: Iron Moth|Quark Drive|[silent]\n|switch|p1a: Forretress|Forretress, L84, M|263/263\n|move|p2a: Lycanroc|Stone Edge|p1a: Forretress\n|-crit|p1a: Forretress\n|-damage|p1a: Forretress|76/263\n|-damage|p2a: Lycanroc|48/100|[from] item: Life Orb\n|\n|-heal|p1a: Forretress|92/263|[from] item: Leftovers\n|upkeep\n|turn|16\n|inactive|Time left: 300 sec this turn | 300 sec total\n|\n|t:|1783540435\n|move|p2a: Lycanroc|Stone Edge|p1a: Forretress\n|-damage|p1a: Forretress|0 fnt\n|faint|p1a: Forretress\n|-damage|p2a: Lycanroc|39/100|[from] item: Life Orb\n|\n|upkeep\n|inactive|Time left: 300 sec this turn | 300 sec total | 5 sec grace\n|\n|t:|1783540436\n|switch|p1a: Iron Moth|Iron Moth, L78|253/253\n|turn|17\n|inactive|Time left: 300 sec this turn | 300 sec total\n|\n|t:|1783540437\n|move|p1a: Iron Moth|Energy Ball|p2a: Lycanroc\n|-supereffective|p2a: Lycanroc\n|-crit|p2a: Lycanroc\n|-damage|p2a: Lycanroc|0 fnt\n|faint|p2a: Lycanroc\n|\n|upkeep\n|\n|t:|1783540438\n|switch|p2a: Virizion|Virizion, L82|100/100\n|turn|18\n|inactive|Time left: 300 sec this turn | 300 sec total\n|\n|t:|1783540439\n|-end|p1a: Iron Moth|Quark Drive|[silent]\n|switch|p1a: Arceus|Arceus, L68|276/276\n|move|p2a: Virizion|Swords Dance|p2a: Virizion\n|-boost|p2a: Virizion|atk|2\n|\n|upkeep\n|turn|19\n|inactive|Time left: 300 sec this turn | 300 sec total\n|\n|t:|1783540440\n|switch|p1a: Iron Moth|Iron Moth, L78|253/253\n|move|p2a: Virizion|Close Combat|p1a: Iron Moth\n|-resisted|p1a: Iron Moth\n|-damage|p1a: Iron Moth|54/253\n|-unboost|p2a: Virizion|def|1\n|-unboost|p2a: Virizion|spd|1\n|-damage|p2a: Virizion|91/100|[from] item: Life Orb\n|\n|upkeep\n|turn|20\n|inactive|Time left: 300 sec this turn | 300 sec total\n|\n|t:|1783540440\n|move|p2a: Virizion|Close Combat|p1a: Iron Moth\n|-resisted|p1a: Iron Moth\n|-damage|p1a: Iron Moth|0 fnt\n|-unboost|p2a: Virizion|def|1\n|-unboost|p2a: Virizion|spd|1\n|faint|p1a: Iron Moth\n|-end|p1a: Iron Moth|Quark Drive|[silent]\n|-damage|p2a: Virizion|81/100|[from] item: Life Orb\n|\n|upkeep\n|inactive|Time left: 300 sec this turn | 300 sec total | 5 sec grace\n|\n|t:|1783540441\n|switch|p1a: Arceus|Arceus, L68|276/276\n|turn|21\n|inactive|Time left: 300 sec this turn | 300 sec total\n|\n|t:|1783540442\n|-terastallize|p2a: Virizion|Rock\n|move|p1a: Arceus|Extreme Speed|p2a: Virizion\n|-resisted|p2a: Virizion\n|-damage|p2a: Virizion|44/100\n|-damage|p1a: Arceus|249/276|[from] item: Life Orb\n|move|p2a: Virizion|Close Combat|p1a: Arceus\n|-supereffective|p1a: Arceus\n|-damage|p1a: Arceus|0 fnt\n|-unboost|p2a: Virizion|def|1\n|-unboost|p2a: Virizion|spd|1\n|faint|p1a: Arceus\n|-damage|p2a: Virizion|34/100|[from] item: Life Orb\n|\n|win|p0y0811bb9", "uploadtime": 1783540442, "views": 0, "rating": 0, "private": 0, "password": null, "_winner": "p0y0811bb9", "_our_name": "p0x0817809"}