{"id": "battle-gen9randombattle-96", "formatid": "gen9randombattle", "format": "[Gen 9] Random Battle", "players": ["p0x096b134", "p0y09686af"], "log": "|init|battle\n|title|p0x096b134 vs. p0y09686af\n|j|\u2606p0x096b134\n|j|\u2606p0y09686af\n|t:|1783540297\n|gametype|singles\n|player|p1|p0x096b134|101|\n|player|p2|p0y09686af|1|\n|gen|9\n|tier|[Gen 9] Random Battle\n|rule|Species Clause: Limit one of each Pok\u00e9mon\n|rule|HP Percentage Mod: HP is shown in percentages\n|rule|Sleep Clause Mod: Limit one foe put to sleep\n|rule|Illusion Level Mod: Illusion disguises the Pok\u00e9mon's true level\n|\n|t:|1783540297\n|teamsize|p1|6\n|teamsize|p2|6\n|start\n|switch|p1a: Volbeat|Volbeat, L90, M|263/263\n|switch|p2a: Slither Wing|Slither Wing, L81|100/100\n|turn|1\n|inactive|Battle timer is ON: inactive players will automatically lose when time's up. (requested by p0y09686af)\n|inactive|Time left: 300 sec this turn | 300 sec total | 60 sec grace\n|inactive|p0x096b134 also wants the timer to be on.\n|\n|t:|1783540298\n|move|p1a: Volbeat|Thunder Wave|p2a: Slither Wing\n|-status|p2a: Slither Wing|par\n|cant|p2a: Slither Wing|par\n|\n|upkeep\n|turn|2\n|inactive|Time left: 300 sec this turn | 300 sec total\n|\n|t:|1783540300\n|move|p1a: Volbeat|U-turn|p2a: Slither Wing\n|-resisted|p2a: Slither Wing\n|-damage|p2a: Slither Wing|85/100 par\n|inactive|Time left: 300 sec this turn | 300 sec total | 5 sec grace\n|\n|t:|1783540301\n|switch|p1a: Typhlosion|Typhlosion-Hisui, L83, F|257/257|[from] U-turn\n|move|p2a: Slither Wing|U-turn|p1a: Typhlosion\n|-resisted|p1a: Typhlosion\n|-damage|p1a: Typhlosion|233/257\n|\n|t:|1783540302\n|-end|p2a: Slither Wing|Protosynthesis|[silent]\n|switch|p2a: Iron Bundle|Iron Bundle, L78|100/100|[from] U-turn\n|\n|-heal|p1a: Typhlosion|249/257|[from] item: Leftovers\n|upkeep\n|turn|3\n|inactive|Time left: 300 sec this turn | 300 sec total\n|\n|t:|1783540304\n|move|p2a: Iron Bundle|Hydro Pump|p1a: Typhlosion\n|-supereffective|p1a: Typhlosion\n|-damage|p1a: Typhlosion|9/257\n|move|p1a: Typhlosion|Fire Blast|p2a: Iron Bundle\n|-damage|p2a: Iron Bundle|0 fnt\n|faint|p2a: Iron Bundle\n|-end|p2a: Iron Bundle|Quark Drive|[silent]\n|\n|-heal|p1a: Typhlosion|25/257|[from] item: Leftovers\n|upkeep\n|\n|t:|1783540305\n|switch|p2a: Weavile|Weavile, L79, M|100/100\n|turn|4\n|inactive|Time left: 300 sec this turn | 300 sec total\n|\n|t:|1783540306\n|move|p2a: Weavile|Knock Off|p1a: Typhlosion\n|-supereffective|p1a: Typhlosion\n|-damage|p1a: Typhlosion|0 fnt\n|-enditem|p1a: Typhlosion|Leftovers|[from] move: Knock Off|[of] p2a: Weavile\n|faint|p1a: Typhlosion\n|\n|upkeep\n|inactive|Time left: 300 sec this turn | 300 sec total | 5 sec grace\n|\n|t:|1783540306\n|switch|p1a: Arceus|Arceus-Rock, L74|300/300\n|turn|5\n|inactive|Time left: 300 sec this turn | 300 sec total\n|\n|t:|1783540308\n|-terastallize|p2a: Weavile|Fighting\n|move|p2a: Weavile|Swords Dance|p2a: Weavile\n|-boost|p2a: Weavile|atk|2\n|move|p1a: Arceus|Stone Edge|p2a: Weavile\n|-resisted|p2a: Weavile\n|-damage|p2a: Weavile|70/100\n|\n|upkeep\n|turn|6\n|inactive|Time left: 300 sec this turn | 300 sec total\n|\n|t:|1783540309\n|move|p2a: Weavile|Low Kick|p1a: Arceus\n|-supereffective|p1a: Arceus\n|-damage|p1a: Arceus|0 fnt\n|faint|p1a: Arceus\n|\n|upkeep\n|inactive|Time left: 300 sec this turn | 300 sec total | 5 sec grace\n|\n|t:|1783540310\n|switch|p1a: Noivern|Noivern, L82, M|274/274\n|turn|7\n|inactive|Time left: 300 sec this turn | 300 sec total\n|\n|t:|1783540311\n|move|p1a: Noivern|Hurricane|p2a: Weavile|[miss]\n|-miss|p1a: Noivern|p2a: Weavile\n|move|p2a: Weavile|Triple Axel|p1a: Noivern\n|-supereffective|p1a: Noivern\n|-damage|p1a: Noivern|94/274\n|-hitcount|p1a: Noivern|1\n|\n|upkeep\n|turn|8\n|inactive|Time left: 300 sec this turn | 300 sec total\n|\n|t:|1783540312\n|move|p1a: Noivern|Hurricane|p2a: Weavile|[miss]\n|-miss|p1a: Noivern|p2a: Weavile\n|move|p2a: Weavile|Triple Axel|p1a: Noivern\n|-supereffective|p1a: Noivern\n|-damage|p1a: Noivern|0 fnt\n|faint|p1a: Noivern\n|-hitcount|p1: Noivern|1\n|\n|upkeep\n|inactive|Time left: 300 sec this turn | 300 sec total | 5 sec grace\n|\n|t:|1783540313\n|switch|p1a: Zebstrika|Zebstrika, L87, M|272/272\n|turn|9\n|inactive|Time left: 300 sec this turn | 300 sec total\n|\n|t:|1783540313\n|switch|p2a: Meganium|Meganium, L90, F|100/100\n|move|p1a: Zebstrika|Supercell Slam|p2a: Meganium\n|-resisted|p2a: Meganium\n|-damage|p2a: Meganium|80/100\n|-damage|p1a: Zebstrika|245/272|[from] item: Life Orb\n|\n|-heal|p2a: Meganium|87/100|[from] item: Leftovers\n|upkeep\n|turn|10\n|inactive|Time left: 300 sec this turn | 300 sec total\n|\n|t:|1783540314\n|move|p1a: Zebstrika|Overheat|p2a: Meganium\n|-supereffective|p2a: Meganium\n|-damage|p2a: Meganium|24/100\n|-unboost|p1a: Zebstrika|spa|2\n|-damage|p1a: Zebstrika|218/272|[from] item: Life Orb\n|move|p2a: Meganium|Knock Off|p1a: Zebstrika\n|-damage|p1a: Zebstrika|126/272\n|-enditem|p1a: Zebstrika|Life Orb|[from] move: Knock Off|[of] p2a: Meganium\n|\n|-heal|p2a: Meganium|30/100|[from] item: Leftovers\n|upkeep\n|turn|11\n|inactive|Time left: 300 sec this turn | 300 sec total\n|\n|t:|1783540315\n|move|p1a: Zebstrika|Volt Switch|p2a: Meganium\n|-resisted|p2a: Meganium\n|-damage|p2a: Meganium|26/100\n|inactive|Time left: 300 sec this turn | 300 sec total | 5 sec grace\n|\n|t:|1783540316\n|switch|p1a: Volbeat|Volbeat, L90, M|263/263|[from] Volt Switch\n|move|p2a: Meganium|Synthesis|p2a: Meganium\n|-heal|p2a: Meganium|76/100\n|\n|-heal|p2a: Meganium|82/100|[from] item: Leftovers\n|upkeep\n|turn|12\n|inactive|Time left: 300 sec this turn | 300 sec total\n|\n|t:|1783540317\n|move|p1a: Volbeat|U-turn|p2a: Meganium\n|-supereffective|p2a: Meganium\n|-damage|p2a: Meganium|40/100\n|inactive|Time left: 300 sec this turn | 300 sec total | 5 sec grace\n|\n|t:|1783540318\n|switch|p1a: Iron Leaves|Iron Leaves, L80|275/275|[from] U-turn\n|move|p2a: Meganium|Knock Off|p1a: Iron Leaves\n|-supereffective|p1a: Iron Leaves\n|-damage|p1a: Iron Leaves|117/275\n|-enditem|p1a: Iron Leaves|Choice Band|[from] move: Knock Off|[of] p2a: Meganium\n|\n|-heal|p2a: Meganium|47/100|[from] item: Leftovers\n|upkeep\n|turn|13\n|inactive|Time left: 300 sec this turn | 300 sec total\n|\n|t:|1783540319\n|switch|p2a: Toucannon|Toucannon, L88, F|100/100\n|move|p1a: Iron Leaves|Megahorn|p2a: Toucannon\n|-resisted|p2a: Toucannon\n|-damage|p2a: Toucannon|82/100\n|\n|upkeep\n|turn|14\n|inactive|Time left: 300 sec this turn | 300 sec total\n|\n|t:|1783540320\n|-singleturn|p2a: Toucannon|move: Beak Blast\n|move|p1a: Iron Leaves|Psyblade|p2a: Toucannon\n|-damage|p2a: Toucannon|43/100\n|-status|p1a: Iron Leaves|brn\n|move|p2a: Toucannon|Beak Blast|p1a: Iron Leaves\n|-supereffective|p1a: Iron Leaves\n|-damage|p1a: Iron Leaves|0 fnt\n|faint|p1a: Iron Leaves\n|-end|p1a: Iron Leaves|Quark Drive|[silent]\n|\n|upkeep\n|inactive|Time left: 300 sec this turn | 300 sec total | 5 sec grace\n|\n|t:|1783540321\n|switch|p1a: Zebstrika|Zebstrika, L87, M|126/272\n|turn|15\n|inactive|Time left: 300 sec this turn | 300 sec total\n|\n|t:|1783540322\n|switch|p2a: Meganium|Meganium, L90, F|47/100\n|move|p1a: Zebstrika|Supercell Slam|p2a: Meganium\n|-resisted|p2a: Meganium\n|-damage|p2a: Meganium|31/100\n|\n|-heal|p2a: Meganium|37/100|[from] item: Leftovers\n|upkeep\n|turn|16\n|inactive|Time left: 300 sec this turn | 300 sec total\n|\n|t:|1783540323\n|move|p1a: Zebstrika|Overheat|p2a: Meganium\n|-supereffective|p2a: Meganium\n|-damage|p2a: Meganium|0 fnt\n|-unboost|p1a: Zebstrika|spa|2\n|faint|p2a: Meganium\n|\n|upkeep\n|\n|t:|1783540324\n|switch|p2a: Weavile|Weavile, L79, M, tera:Fighting|70/100\n|turn|17\n|inactive|Time left: 300 sec this turn | 300 sec total\n|\n|t:|1783540325\n|move|p1a: Zebstrika|Supercell Slam|p2a: Weavile\n|-damage|p2a: Weavile|5/100\n|move|p2a: Weavile|Triple Axel|p1a: Zebstrika\n|-damage|p1a: Zebstrika|98/272\n|-damage|p1a: Zebstrika|40/272\n|-damage|p1a: Zebstrika|0 fnt\n|faint|p1a: Zebstrika\n|-hitcount|p1: Zebstrika|3\n|\n|upkeep\n|inactive|Time left: 300 sec this turn | 300 sec total | 5 sec grace\n|\n|t:|1783540326\n|switch|p1a: Volbeat|Volbeat, L90, M|263/263\n|turn|18\n|inactive|Time left: 300 sec this turn | 300 sec total\n|\n|t:|1783540327\n|switch|p2a: Toucannon|Toucannon, L88, F|43/100\n|move|p1a: Volbeat|Thunder Wave|p2a: Toucannon\n|-status|p2a: Toucannon|par\n|\n|upkeep\n|turn|19\n|inactive|Time left: 300 sec this turn | 300 sec total\n|\n|t:|1783540328\n|-terastallize|p1a: Volbeat|Water\n|-singleturn|p2a: Toucannon|move: Beak Blast\n|move|p1a: Volbeat|U-turn|p2a: Toucannon\n|-resisted|p2a: Toucannon\n|-damage|p2a: Toucannon|30/100 par\n|-status|p1a: Volbeat|brn\n|move|p2a: Toucannon|Beak Blast|p1a: Volbeat\n|-damage|p1a: Volbeat|127/263 brn\n|\n|-damage|p1a: Volbeat|111/263 brn|[from] brn\n|upkeep\n|turn|20\n|inactive|Time left: 300 sec this turn | 300 sec total\n|\n|t:|1783540329\n|-singleturn|p2a: Toucannon|move: Beak Blast\n|move|p1a: Volbeat|Roost|p1a: Volbeat\n|-heal|p1a: Volbeat|243/263 brn\n|cant|p2a: Toucannon|par\n|\n|-damage|p1a: Volbeat|227/263 brn|[from] brn\n|upkeep\n|turn|21\n|inactive|Time left: 300 sec this turn | 300 sec total\n|\n|t:|1783540330\n|-singleturn|p2a: Toucannon|move: Beak Blast\n|move|p1a: Volbeat|Encore|p2a: Toucannon\n|-start|p2a: Toucannon|Encore\n|move|p2a: Toucannon|Beak Blast|p1a: Volbeat\n|-damage|p1a: Volbeat|88/263 brn\n|\n|-damage|p1a: Volbeat|72/263 brn|[from] brn\n|upkeep\n|turn|22\n|inactive|Time left: 300 sec this turn | 300 sec total\n|\n|t:|1783540331\n|-singleturn|p2a: Toucannon|move: Beak Blast\n|move|p1a: Volbeat|Roost|p1a: Volbeat\n|-heal|p1a: Volbeat|204/263 brn\n|cant|p2a: Toucannon|par\n|\n|-damage|p1a: Volbeat|188/263 brn|[from] brn\n|upkeep\n|turn|23\n|inactive|Time left: 300 sec this turn | 300 sec total\n|\n|t:|1783540332\n|-singleturn|p2a: Toucannon|move: Beak Blast\n|move|p1a: Volbeat|Roost|p1a: Volbeat\n|-heal|p1a: Volbeat|263/263 brn\n|cant|p2a: Toucannon|par\n|\n|-damage|p1a: Volbeat|247/263 brn|[from] brn\n|-end|p2a: Toucannon|Encore\n|upkeep\n|turn|24\n|inactive|Time left: 300 sec this turn | 300 sec total\n|\n|t:|1783540333\n|-singleturn|p2a: Toucannon|move: Beak Blast\n|move|p1a: Volbeat|U-turn|p2a: Toucannon\n|-resisted|p2a: Toucannon\n|-damage|p2a: Toucannon|24/100 par\n|move|p2a: Toucannon|Beak Blast|p1a: Volbeat\n|-damage|p1a: Volbeat|105/263 brn\n|\n|-damage|p1a: Volbeat|89/263 brn|[from] brn\n|upkeep\n|turn|25\n|inactive|Time left: 300 sec this turn | 300 sec total\n|\n|t:|1783540334\n|-singleturn|p2a: Toucannon|move: Beak Blast\n|move|p1a: Volbeat|Roost|p1a: Volbeat\n|-heal|p1a: Volbeat|221/263 brn\n|move|p2a: Toucannon|Beak Blast|p1a: Volbeat\n|-damage|p1a: Volbeat|73/263 brn\n|\n|-damage|p1a: Volbeat|57/263 brn|[from] brn\n|upkeep\n|turn|26\n|inactive|Time left: 300 sec this turn | 300 sec total\n|\n|t:|1783540335\n|-singleturn|p2a: Toucannon|move: Beak Blast\n|move|p1a: Volbeat|Roost|p1a: Volbeat\n|-heal|p1a: Volbeat|189/263 brn\n|move|p2a: Toucannon|Beak Blast|p1a: Volbeat\n|-damage|p1a: Volbeat|53/263 brn\n|\n|-damage|p1a: Volbeat|37/263 brn|[from] brn\n|upkeep\n|turn|27\n|inactive|Time left: 300 sec this turn | 300 sec total\n|\n|t:|1783540336\n|-singleturn|p2a: Toucannon|move: Beak Blast\n|move|p1a: Volbeat|Roost|p1a: Volbeat\n|-heal|p1a: Volbeat|169/263 brn\n|cant|p2a: Toucannon|par\n|\n|-damage|p1a: Volbeat|153/263 brn|[from] brn\n|upkeep\n|turn|28\n|inactive|Time left: 300 sec this turn | 300 sec total\n|\n|t:|1783540337\n|-singleturn|p2a: Toucannon|move: Beak Blast\n|move|p1a: Volbeat|Roost|p1a: Volbeat\n|-heal|p1a: Volbeat|263/263 brn\n|cant|p2a: Toucannon|par\n|\n|-damage|p1a: Volbeat|247/263 brn|[from] brn\n|upkeep\n|turn|29\n|inactive|Time left: 300 sec this turn | 300 sec total\n|\n|t:|1783540338\n|-singleturn|p2a: Toucannon|move: Beak Blast\n|move|p1a: Volbeat|Encore|p2a: Toucannon\n|-start|p2a: Toucannon|Encore\n|move|p2a: Toucannon|Beak Blast|p1a: Volbeat\n|-damage|p1a: Volbeat|111/263 brn\n|\n|-damage|p1a: Volbeat|95/263 brn|[from] brn\n|upkeep\n|turn|30\n|inactive|Time left: 300 sec this turn | 300 sec total\n|\n|t:|1783540339\n|-singleturn|p2a: Toucannon|move: Beak Blast\n|move|p1a: Volbeat|Roost|p1a: Volbeat\n|-heal|p1a: Volbeat|227/263 brn\n|move|p2a: Toucannon|Beak Blast|p1a: Volbeat\n|-damage|p1a: Volbeat|85/263 brn\n|\n|-damage|p1a: Volbeat|69/263 brn|[from] brn\n|upkeep\n|turn|31\n|inactive|Time left: 300 sec this turn | 300 sec total\n|\n|t:|1783540340\n|-singleturn|p2a: Toucannon|move: Beak Blast\n|move|p1a: Volbeat|U-turn|p2a: Toucannon\n|-resisted|p2a: Toucannon\n|-damage|p2a: Toucannon|18/100 par\n|move|p2a: Toucannon|Beak Blast|p1a: Volbeat\n|-damage|p1a: Volbeat|0 fnt\n|faint|p1a: Volbeat\n|\n|win|p0y09686af", "uploadtime": 1783540340, "views": 0, "rating": 0, "private": 0, "password": null, "_winner": "p0y09686af", "_our_name": "p0x096b134"}