{"id": "battle-gen9randombattle-1182", "formatid": "gen9randombattle", "format": "[Gen 9] Random Battle", "players": ["p0x1182770f", "p0y1182e9d2"], "log": "|init|battle\n|title|p0x1182770f vs. p0y1182e9d2\n|j|\u2606p0x1182770f\n|j|\u2606p0y1182e9d2\n|t:|1783552812\n|gametype|singles\n|player|p1|p0x1182770f|102|\n|player|p2|p0y1182e9d2|265|\n|gen|9\n|tier|[Gen 9] Random Battle\n|rule|Species Clause: Limit one of each Pok\u00e9mon\n|rule|HP Percentage Mod: HP is shown in percentages\n|rule|Sleep Clause Mod: Limit one foe put to sleep\n|rule|Illusion Level Mod: Illusion disguises the Pok\u00e9mon's true level\n|\n|t:|1783552812\n|teamsize|p1|6\n|teamsize|p2|6\n|start\n|switch|p1a: Breloom|Breloom, L83, M|235/235\n|switch|p2a: Phione|Phione, L91|100/100\n|turn|1\n|inactive|Battle timer is ON: inactive players will automatically lose when time's up. (requested by p0x1182770f)\n|inactive|p0y1182e9d2 also wants the timer to be on.\n|\n|t:|1783552814\n|move|p2a: Phione|Scald|p1a: Breloom\n|-resisted|p1a: Breloom\n|-damage|p1a: Breloom|181/235\n|move|p1a: Breloom|Bullet Seed|p2a: Phione\n|-supereffective|p2a: Phione\n|-damage|p2a: Phione|57/100\n|-supereffective|p2a: Phione\n|-damage|p2a: Phione|14/100\n|-supereffective|p2a: Phione\n|-damage|p2a: Phione|0 fnt\n|faint|p2a: Phione\n|-hitcount|p2: Phione|3\n|-damage|p1a: Breloom|158/235|[from] item: Life Orb\n|\n|upkeep\n|\n|t:|1783552815\n|switch|p2a: Jirachi|Jirachi, L80|100/100\n|turn|2\n|inactive|Time left: 300 sec this turn | 300 sec total\n|\n|t:|1783552817\n|switch|p1a: Mightyena|Mightyena, L96, M|290/290\n|-ability|p1a: Mightyena|Intimidate|boost\n|-unboost|p2a: Jirachi|atk|1\n|move|p2a: Jirachi|Iron Head|p1a: Mightyena\n|-damage|p1a: Mightyena|230/290\n|\n|-heal|p1a: Mightyena|248/290|[from] item: Leftovers\n|upkeep\n|turn|3\n|inactive|Time left: 300 sec this turn | 300 sec total\n|\n|t:|1783552818\n|move|p2a: Jirachi|Stealth Rock|p1a: Mightyena\n|-sidestart|p1: p0x1182770f|move: Stealth Rock\n|move|p1a: Mightyena|Throat Chop|p2a: Jirachi\n|-supereffective|p2a: Jirachi\n|-damage|p2a: Jirachi|38/100\n|-start|p2a: Jirachi|Throat Chop|[silent]\n|\n|-heal|p2a: Jirachi|44/100|[from] item: Leftovers\n|-heal|p1a: Mightyena|266/290|[from] item: Leftovers\n|upkeep\n|turn|4\n|inactive|Time left: 300 sec this turn | 300 sec total\n|\n|t:|1783552819\n|switch|p2a: Avalugg|Avalugg-Hisui, L90, M|100/100\n|move|p1a: Mightyena|Throat Chop|p2a: Avalugg\n|-damage|p2a: Avalugg|83/100\n|-start|p2a: Avalugg|Throat Chop|[silent]\n|\n|-heal|p1a: Mightyena|284/290|[from] item: Leftovers\n|upkeep\n|turn|5\n|inactive|Time left: 300 sec this turn | 300 sec total\n|\n|t:|1783552820\n|switch|p1a: Groudon|Groudon, L72|263/263\n|-damage|p1a: Groudon|247/263|[from] Stealth Rock\n|-weather|SunnyDay|[from] ability: Drought|[of] p1a: Groudon\n|move|p2a: Avalugg|Stone Edge|p1a: Groudon\n|-resisted|p1a: Groudon\n|-damage|p1a: Groudon|188/263\n|\n|-weather|SunnyDay|[upkeep]\n|-heal|p1a: Groudon|204/263|[from] item: Leftovers\n|-end|p2a: Avalugg|Throat Chop|[silent]\n|upkeep\n|turn|6\n|inactive|Time left: 300 sec this turn | 300 sec total\n|\n|t:|1783552821\n|move|p1a: Groudon|Swords Dance|p1a: Groudon\n|-boost|p1a: Groudon|atk|2\n|move|p2a: Avalugg|Avalanche|p1a: Groudon\n|-supereffective|p1a: Groudon\n|-damage|p1a: Groudon|70/263\n|\n|-weather|SunnyDay|[upkeep]\n|-heal|p1a: Groudon|86/263|[from] item: Leftovers\n|upkeep\n|turn|7\n|inactive|Time left: 300 sec this turn | 300 sec total\n|\n|t:|1783552822\n|-terastallize|p2a: Avalugg|Flying\n|move|p1a: Groudon|Precipice Blades|p2a: Avalugg\n|-immune|p2a: Avalugg\n|move|p2a: Avalugg|Avalanche|p1a: Groudon\n|-supereffective|p1a: Groudon\n|-damage|p1a: Groudon|0 fnt\n|faint|p1a: Groudon\n|\n|-weather|SunnyDay|[upkeep]\n|upkeep\n|inactive|Time left: 300 sec this turn | 300 sec total | 5 sec grace\n|\n|t:|1783552823\n|switch|p1a: Rotom|Rotom-Frost, L87|229/229\n|turn|8\n|inactive|Time left: 300 sec this turn | 300 sec total\n|\n|t:|1783552824\n|switch|p2a: Chansey|Chansey, L85, F|100/100\n|move|p1a: Rotom|Thunderbolt|p2a: Chansey\n|-damage|p2a: Chansey|90/100\n|\n|-weather|SunnyDay|[upkeep]\n|upkeep\n|turn|9\n|inactive|Time left: 300 sec this turn | 300 sec total\n|\n|t:|1783552824\n|move|p1a: Rotom|Nasty Plot|p1a: Rotom\n|-boost|p1a: Rotom|spa|2\n|move|p2a: Chansey|Seismic Toss|p1a: Rotom\n|-damage|p1a: Rotom|144/229\n|\n|-weather|none\n|upkeep\n|turn|10\n|inactive|Time left: 300 sec this turn | 300 sec total\n|\n|t:|1783552825\n|move|p1a: Rotom|Thunderbolt|p2a: Chansey\n|-damage|p2a: Chansey|67/100\n|move|p2a: Chansey|Seismic Toss|p1a: Rotom\n|-damage|p1a: Rotom|59/229\n|\n|upkeep\n|turn|11\n|inactive|Time left: 300 sec this turn | 300 sec total\n|\n|t:|1783552826\n|move|p1a: Rotom|Thunderbolt|p2a: Chansey\n|-damage|p2a: Chansey|47/100\n|move|p2a: Chansey|Seismic Toss|p1a: Rotom\n|-damage|p1a: Rotom|0 fnt\n|faint|p1a: Rotom\n|\n|upkeep\n|inactive|Time left: 300 sec this turn | 300 sec total | 5 sec grace\n|\n|t:|1783552827\n|switch|p1a: Breloom|Breloom, L83, M|158/235\n|-damage|p1a: Breloom|144/235|[from] Stealth Rock\n|turn|12\n|inactive|Time left: 300 sec this turn | 300 sec total\n|\n|t:|1783552828\n|switch|p2a: Avalugg|Avalugg-Hisui, L90, M, tera:Flying|83/100\n|move|p1a: Breloom|Spore|p2a: Avalugg\n|-status|p2a: Avalugg|slp|[from] move: Spore\n|\n|upkeep\n|turn|13\n|inactive|Time left: 300 sec this turn | 300 sec total\n|\n|t:|1783552829\n|move|p1a: Breloom|Rock Tomb|p2a: Avalugg\n|-supereffective|p2a: Avalugg\n|-damage|p2a: Avalugg|46/100 slp\n|-unboost|p2a: Avalugg|spe|1\n|-damage|p1a: Breloom|121/235|[from] item: Life Orb\n|cant|p2a: Avalugg|slp\n|\n|upkeep\n|turn|14\n|inactive|Time left: 300 sec this turn | 300 sec total\n|\n|t:|1783552830\n|move|p1a: Breloom|Rock Tomb|p2a: Avalugg\n|-supereffective|p2a: Avalugg\n|-damage|p2a: Avalugg|15/100 slp\n|-unboost|p2a: Avalugg|spe|1\n|-damage|p1a: Breloom|98/235|[from] item: Life Orb\n|cant|p2a: Avalugg|slp\n|\n|upkeep\n|turn|15\n|inactive|Time left: 300 sec this turn | 300 sec total\n|\n|t:|1783552831\n|switch|p2a: Jirachi|Jirachi, L80|44/100\n|move|p1a: Breloom|Bullet Seed|p2a: Jirachi\n|-resisted|p2a: Jirachi\n|-damage|p2a: Jirachi|33/100\n|-resisted|p2a: Jirachi\n|-damage|p2a: Jirachi|23/100\n|-resisted|p2a: Jirachi\n|-damage|p2a: Jirachi|13/100\n|-hitcount|p2a: Jirachi|3\n|-damage|p1a: Breloom|75/235|[from] item: Life Orb\n|\n|-heal|p2a: Jirachi|19/100|[from] item: Leftovers\n|upkeep\n|turn|16\n|inactive|Time left: 300 sec this turn | 300 sec total\n|\n|t:|1783552832\n|move|p1a: Breloom|Mach Punch|p2a: Jirachi\n|-damage|p2a: Jirachi|0 fnt\n|faint|p2a: Jirachi\n|-damage|p1a: Breloom|52/235|[from] item: Life Orb\n|\n|upkeep\n|\n|t:|1783552833\n|switch|p2a: Deoxys|Deoxys-Speed, L82|100/100\n|-ability|p2a: Deoxys|Pressure\n|turn|17\n|inactive|Time left: 300 sec this turn | 300 sec total\n|\n|t:|1783552834\n|move|p2a: Deoxys|Superpower|p1a: Breloom\n|-damage|p1a: Breloom|0 fnt\n|-unboost|p2a: Deoxys|atk|1\n|-unboost|p2a: Deoxys|def|1\n|faint|p1a: Breloom\n|-damage|p2a: Deoxys|91/100|[from] item: Life Orb\n|\n|upkeep\n|inactive|Time left: 300 sec this turn | 300 sec total | 5 sec grace\n|\n|t:|1783552835\n|switch|p1a: Mightyena|Mightyena, L96, M|284/290\n|-damage|p1a: Mightyena|248/290|[from] Stealth Rock\n|-ability|p1a: Mightyena|Intimidate|boost\n|-unboost|p2a: Deoxys|atk|1\n|turn|18\n|inactive|Time left: 300 sec this turn | 300 sec total\n|\n|t:|1783552836\n|switch|p2a: Avalugg|Avalugg-Hisui, L90, M, tera:Flying|15/100 slp\n|move|p1a: Mightyena|Throat Chop|p2a: Avalugg\n|-damage|p2a: Avalugg|0 fnt\n|faint|p2a: Avalugg\n|\n|-heal|p1a: Mightyena|266/290|[from] item: Leftovers\n|upkeep\n|\n|t:|1783552837\n|switch|p2a: Chansey|Chansey, L85, F|47/100\n|turn|19\n|inactive|Time left: 300 sec this turn | 300 sec total\n|\n|t:|1783552838\n|move|p1a: Mightyena|Throat Chop|p2a: Chansey\n|-damage|p2a: Chansey|5/100\n|-start|p2a: Chansey|Throat Chop|[silent]\n|move|p2a: Chansey|Soft-Boiled|p2a: Chansey\n|-heal|p2a: Chansey|55/100\n|\n|-heal|p1a: Mightyena|284/290|[from] item: Leftovers\n|upkeep\n|turn|20\n|inactive|Time left: 300 sec this turn | 300 sec total\n|\n|t:|1783552839\n|move|p1a: Mightyena|Throat Chop|p2a: Chansey\n|-crit|p2a: Chansey\n|-damage|p2a: Chansey|0 fnt\n|faint|p2a: Chansey\n|\n|-heal|p1a: Mightyena|290/290|[from] item: Leftovers\n|upkeep\n|\n|t:|1783552840\n|switch|p2a: Cinccino|Cinccino, L83, F|100/100\n|turn|21\n|inactive|Time left: 300 sec this turn | 300 sec total\n|\n|t:|1783552841\n|move|p2a: Cinccino|Tail Slap|p1a: Mightyena\n|-damage|p1a: Mightyena|251/290\n|-damage|p1a: Mightyena|212/290\n|-damage|p1a: Mightyena|169/290\n|-damage|p1a: Mightyena|126/290\n|-damage|p1a: Mightyena|87/290\n|-hitcount|p1a: Mightyena|5\n|move|p1a: Mightyena|Throat Chop|p2a: Cinccino\n|-damage|p2a: Cinccino|46/100\n|-start|p2a: Cinccino|Throat Chop|[silent]\n|\n|-heal|p1a: Mightyena|105/290|[from] item: Leftovers\n|upkeep\n|turn|22\n|inactive|Time left: 300 sec this turn | 300 sec total\n|\n|t:|1783552842\n|switch|p2a: Deoxys|Deoxys-Speed, L82|91/100\n|-ability|p2a: Deoxys|Pressure\n|move|p1a: Mightyena|Sucker Punch||[still]\n|-fail|p1a: Mightyena\n|\n|-heal|p1a: Mightyena|123/290|[from] item: Leftovers\n|upkeep\n|turn|23\n|inactive|Time left: 300 sec this turn | 300 sec total\n|\n|t:|1783552843\n|move|p2a: Deoxys|Superpower|p1a: Mightyena\n|-supereffective|p1a: Mightyena\n|-damage|p1a: Mightyena|0 fnt\n|-unboost|p2a: Deoxys|atk|1\n|-unboost|p2a: Deoxys|def|1\n|faint|p1a: Mightyena\n|-damage|p2a: Deoxys|81/100|[from] item: Life Orb\n|\n|upkeep\n|inactive|Time left: 300 sec this turn | 300 sec total | 5 sec grace\n|\n|t:|1783552844\n|switch|p1a: Rabsca|Rabsca, L91, M|284/284\n|turn|24\n|inactive|Time left: 300 sec this turn | 300 sec total\n|\n|t:|1783552845\n|-terastallize|p1a: Rabsca|Steel\n|move|p2a: Deoxys|Superpower|p1a: Rabsca\n|-supereffective|p1a: Rabsca\n|-damage|p1a: Rabsca|146/284\n|-unboost|p2a: Deoxys|atk|1\n|-unboost|p2a: Deoxys|def|1\n|-damage|p2a: Deoxys|71/100|[from] item: Life Orb\n|move|p1a: Rabsca|Bug Buzz|p2a: Deoxys\n|-supereffective|p2a: Deoxys\n|-damage|p2a: Deoxys|0 fnt\n|faint|p2a: Deoxys\n|\n|upkeep\n|\n|t:|1783552846\n|switch|p2a: Cinccino|Cinccino, L83, F|46/100\n|turn|25\n|inactive|Time left: 300 sec this turn | 300 sec total\n|\n|t:|1783552847\n|move|p2a: Cinccino|Bullet Seed|p1a: Rabsca\n|-resisted|p1a: Rabsca\n|-damage|p1a: Rabsca|135/284\n|-resisted|p1a: Rabsca\n|-damage|p1a: Rabsca|123/284\n|-resisted|p1a: Rabsca\n|-damage|p1a: Rabsca|110/284\n|-resisted|p1a: Rabsca\n|-damage|p1a: Rabsca|98/284\n|-hitcount|p1a: Rabsca|4\n|move|p1a: Rabsca|Psychic|p2a: Cinccino\n|-damage|p2a: Cinccino|0 fnt\n|faint|p2a: Cinccino\n|\n|win|p0x1182770f", "uploadtime": 1783552847, "views": 0, "rating": 0, "private": 0, "password": null, "_winner": "p0x1182770f", "_our_name": "p0x1182770f"}