{"id": "battle-gen9randombattle-191", "formatid": "gen9randombattle", "format": "[Gen 9] Random Battle", "players": ["p0x191cf24", "p0y19112ba"], "log": "|init|battle\n|title|p0x191cf24 vs. p0y19112ba\n|j|\u2606p0x191cf24\n|j|\u2606p0y19112ba\n|t:|1783535977\n|gametype|singles\n|player|p1|p0x191cf24|2|\n|player|p2|p0y19112ba|101|\n|gen|9\n|tier|[Gen 9] Random Battle\n|rule|Species Clause: Limit one of each Pok\u00e9mon\n|rule|HP Percentage Mod: HP is shown in percentages\n|rule|Sleep Clause Mod: Limit one foe put to sleep\n|rule|Illusion Level Mod: Illusion disguises the Pok\u00e9mon's true level\n|\n|t:|1783535977\n|teamsize|p1|6\n|teamsize|p2|6\n|start\n|switch|p1a: Scyther|Scyther, L82, F|100/100\n|switch|p2a: Weezing|Weezing, L88, F|258/258\n|turn|1\n|inactive|Battle timer is ON: inactive players will automatically lose when time's up. (requested by p0y19112ba)\n|inactive|p0x191cf24 also wants the timer to be on.\n|\n|t:|1783535979\n|move|p1a: Scyther|Swords Dance|p1a: Scyther\n|-boost|p1a: Scyther|atk|2\n|move|p2a: Weezing|Fire Blast|p1a: Scyther\n|-supereffective|p1a: Scyther\n|-damage|p1a: Scyther|59/100\n|\n|upkeep\n|turn|2\n|inactive|Time left: 300 sec this turn | 300 sec total\n|\n|t:|1783535980\n|move|p1a: Scyther|Dual Wingbeat|p2a: Weezing|[miss]\n|-miss|p1a: Scyther|p2a: Weezing\n|move|p2a: Weezing|Fire Blast|p1a: Scyther\n|-supereffective|p1a: Scyther\n|-damage|p1a: Scyther|16/100\n|\n|upkeep\n|turn|3\n|inactive|Time left: 300 sec this turn | 300 sec total\n|\n|t:|1783535981\n|move|p1a: Scyther|Dual Wingbeat|p2a: Weezing\n|-damage|p2a: Weezing|149/258\n|-damage|p2a: Weezing|53/258\n|-hitcount|p2a: Weezing|2\n|move|p2a: Weezing|Fire Blast|p1a: Scyther\n|-supereffective|p1a: Scyther\n|-damage|p1a: Scyther|0 fnt\n|faint|p1a: Scyther\n|\n|-heal|p2a: Weezing|69/258|[from] item: Leftovers\n|upkeep\n|\n|t:|1783535982\n|switch|p1a: Stonjourner|Stonjourner, L91, F|100/100\n|turn|4\n|inactive|Time left: 300 sec this turn | 300 sec total\n|\n|t:|1783535983\n|move|p1a: Stonjourner|Heat Crash|p2a: Weezing\n|-damage|p2a: Weezing|0 fnt\n|faint|p2a: Weezing\n|-damage|p1a: Stonjourner|90/100|[from] item: Life Orb\n|\n|upkeep\n|inactive|Time left: 300 sec this turn | 300 sec total | 5 sec grace\n|\n|t:|1783535984\n|switch|p2a: Flapple|Flapple, L88, M|266/266\n|turn|5\n|inactive|Time left: 300 sec this turn | 300 sec total\n|\n|t:|1783535985\n|move|p1a: Stonjourner|Stone Edge|p2a: Flapple|[miss]\n|-miss|p1a: Stonjourner|p2a: Flapple\n|move|p2a: Flapple|Outrage|p1a: Stonjourner|[miss]\n|-miss|p2a: Flapple|p1a: Stonjourner\n|\n|upkeep\n|turn|6\n|inactive|Time left: 300 sec this turn | 300 sec total\n|\n|t:|1783535986\n|move|p1a: Stonjourner|Stone Edge|p2a: Flapple\n|-damage|p2a: Flapple|58/266\n|-damage|p1a: Stonjourner|80/100|[from] item: Life Orb\n|move|p2a: Flapple|Outrage|p1a: Stonjourner\n|-damage|p1a: Stonjourner|7/100\n|\n|upkeep\n|turn|7\n|inactive|Time left: 300 sec this turn | 300 sec total\n|\n|t:|1783535987\n|move|p1a: Stonjourner|Earthquake|p2a: Flapple\n|-resisted|p2a: Flapple\n|-damage|p2a: Flapple|0 fnt\n|faint|p2a: Flapple\n|-damage|p1a: Stonjourner|0 fnt|[from] item: Life Orb\n|faint|p1a: Stonjourner\n|\n|upkeep\n|inactive|Time left: 300 sec this turn | 300 sec total | 5 sec grace\n|\n|t:|1783535988\n|switch|p1a: Dudunsparce|Dudunsparce-Three-Segment, L83, F|100/100\n|switch|p2a: Mew|Mew, L82|298/298\n|turn|8\n|inactive|Time left: 300 sec this turn | 300 sec total\n|\n|t:|1783535989\n|move|p2a: Mew|Swords Dance|p2a: Mew\n|-boost|p2a: Mew|atk|2\n|move|p1a: Dudunsparce|Boomburst|p2a: Mew\n|-damage|p2a: Mew|180/298\n|\n|upkeep\n|turn|9\n|inactive|Time left: 300 sec this turn | 300 sec total\n|\n|t:|1783535990\n|move|p2a: Mew|Psychic Fangs|p1a: Dudunsparce\n|-damage|p1a: Dudunsparce|28/100\n|-damage|p2a: Mew|151/298|[from] item: Life Orb\n|move|p1a: Dudunsparce|Boomburst|p2a: Mew\n|-damage|p2a: Mew|21/298\n|\n|-heal|p1a: Dudunsparce|35/100|[from] item: Leftovers\n|upkeep\n|turn|10\n|inactive|Time left: 300 sec this turn | 300 sec total\n|\n|t:|1783535991\n|move|p2a: Mew|Leech Life|p1a: Dudunsparce\n|-damage|p1a: Dudunsparce|0 fnt\n|-heal|p2a: Mew|80/298|[from] drain|[of] p1a: Dudunsparce\n|faint|p1a: Dudunsparce\n|-damage|p2a: Mew|51/298|[from] item: Life Orb\n|\n|upkeep\n|\n|t:|1783535992\n|switch|p1a: Iron Leaves|Iron Leaves, L80|100/100\n|turn|11\n|inactive|Time left: 300 sec this turn | 300 sec total\n|\n|t:|1783535993\n|move|p1a: Iron Leaves|Leaf Blade|p2a: Mew\n|-damage|p2a: Mew|0 fnt\n|faint|p2a: Mew\n|\n|upkeep\n|inactive|Time left: 300 sec this turn | 300 sec total | 5 sec grace\n|\n|t:|1783535994\n|switch|p2a: Shiftry|Shiftry, L89, M|305/305\n|turn|12\n|inactive|Time left: 300 sec this turn | 300 sec total\n|\n|t:|1783535995\n|-terastallize|p1a: Iron Leaves|Fighting\n|move|p1a: Iron Leaves|Leaf Blade|p2a: Shiftry\n|-resisted|p2a: Shiftry\n|-damage|p2a: Shiftry|205/305\n|move|p2a: Shiftry|Knock Off|p1a: Iron Leaves\n|-resisted|p1a: Iron Leaves\n|-damage|p1a: Iron Leaves|78/100\n|-enditem|p1a: Iron Leaves|Choice Band|[from] move: Knock Off|[of] p2a: Shiftry\n|\n|upkeep\n|turn|13\n|inactive|Time left: 300 sec this turn | 300 sec total\n|\n|t:|1783535996\n|move|p1a: Iron Leaves|Close Combat|p2a: Shiftry\n|-supereffective|p2a: Shiftry\n|-damage|p2a: Shiftry|0 fnt\n|-unboost|p1a: Iron Leaves|def|1\n|-unboost|p1a: Iron Leaves|spd|1\n|faint|p2a: Shiftry\n|\n|upkeep\n|inactive|Time left: 300 sec this turn | 300 sec total | 5 sec grace\n|\n|t:|1783535996\n|switch|p2a: Lycanroc|Lycanroc, L86, M|269/269\n|turn|14\n|inactive|Time left: 300 sec this turn | 300 sec total\n|\n|t:|1783535997\n|move|p2a: Lycanroc|Psychic Fangs|p1a: Iron Leaves\n|-supereffective|p1a: Iron Leaves\n|-damage|p1a: Iron Leaves|0 fnt\n|faint|p1a: Iron Leaves\n|-end|p1a: Iron Leaves|Quark Drive|[silent]\n|\n|upkeep\n|\n|t:|1783535998\n|switch|p1a: Brambleghast|Brambleghast, L88, M|100/100\n|turn|15\n|inactive|Time left: 300 sec this turn | 300 sec total\n|\n|t:|1783535999\n|-terastallize|p2a: Lycanroc|Fighting\n|move|p2a: Lycanroc|Psychic Fangs|p1a: Brambleghast\n|-damage|p1a: Brambleghast|49/100\n|move|p1a: Brambleghast|Power Whip|p2a: Lycanroc\n|-damage|p2a: Lycanroc|83/269\n|\n|-heal|p1a: Brambleghast|55/100|[from] item: Leftovers\n|upkeep\n|turn|16\n|inactive|Time left: 300 sec this turn | 300 sec total\n|\n|t:|1783536000\n|move|p2a: Lycanroc|Psychic Fangs|p1a: Brambleghast\n|-damage|p1a: Brambleghast|1/100\n|move|p1a: Brambleghast|Poltergeist|p2a: Lycanroc\n|-activate|p2a: Lycanroc|move: Poltergeist|Choice Band\n|-damage|p2a: Lycanroc|0 fnt\n|faint|p2a: Lycanroc\n|\n|-heal|p1a: Brambleghast|7/100|[from] item: Leftovers\n|upkeep\n|inactive|Time left: 300 sec this turn | 300 sec total | 5 sec grace\n|\n|t:|1783536001\n|switch|p2a: Feraligatr|Feraligatr, L79, F|264/264\n|turn|17\n|inactive|Time left: 300 sec this turn | 300 sec total\n|\n|t:|1783536002\n|move|p1a: Brambleghast|Power Whip|p2a: Feraligatr\n|-supereffective|p2a: Feraligatr\n|-damage|p2a: Feraligatr|0 fnt\n|faint|p2a: Feraligatr\n|\n|win|p0x191cf24", "uploadtime": 1783536002, "views": 0, "rating": 0, "private": 0, "password": null, "_winner": "p0x191cf24", "_our_name": "p0y19112ba"}