{"id": "battle-gen9randombattle-2286", "formatid": "gen9randombattle", "format": "[Gen 9] Random Battle", "players": ["p0x22860a41", "p0y22866bcf"], "log": "|init|battle\n|title|p0x22860a41 vs. p0y22866bcf\n|j|\u2606p0x22860a41\n|j|\u2606p0y22866bcf\n|t:|1783566491\n|gametype|singles\n|player|p1|p0x22860a41|2|\n|player|p2|p0y22866bcf|170|\n|gen|9\n|tier|[Gen 9] Random Battle\n|rule|Species Clause: Limit one of each Pok\u00e9mon\n|rule|HP Percentage Mod: HP is shown in percentages\n|rule|Sleep Clause Mod: Limit one foe put to sleep\n|rule|Illusion Level Mod: Illusion disguises the Pok\u00e9mon's true level\n|\n|t:|1783566491\n|teamsize|p1|6\n|teamsize|p2|6\n|start\n|switch|p1a: Hypno|Hypno, L95, M|100/100\n|switch|p2a: Slither Wing|Slither Wing, L81|270/270\n|turn|1\n|inactive|Battle timer is ON: inactive players will automatically lose when time's up. (requested by p0y22866bcf)\n|inactive|p0x22860a41 also wants the timer to be on.\n|\n|t:|1783566493\n|move|p1a: Hypno|Psychic Noise|p2a: Slither Wing\n|-supereffective|p2a: Slither Wing\n|-damage|p2a: Slither Wing|126/270\n|-start|p2a: Slither Wing|move: Heal Block\n|move|p2a: Slither Wing|U-turn|p1a: Hypno\n|-supereffective|p1a: Hypno\n|-damage|p1a: Hypno|41/100\n|inactive|Time left: 300 sec this turn | 300 sec total | 65 sec grace\n|\n|t:|1783566494\n|-end|p2a: Slither Wing|Protosynthesis|[silent]\n|switch|p2a: Zacian|Zacian-Crowned, L64|225/225|[from] U-turn\n|-ability|p2a: Zacian|Intrepid Sword|boost\n|-boost|p2a: Zacian|atk|1\n|\n|-heal|p1a: Hypno|47/100|[from] item: Leftovers\n|upkeep\n|turn|2\n|inactive|Time left: 300 sec this turn | 300 sec total\n|\n|t:|1783566496\n|move|p2a: Zacian|Swords Dance|p2a: Zacian\n|-boost|p2a: Zacian|atk|2\n|move|p1a: Hypno|Psychic Noise|p2a: Zacian\n|-resisted|p2a: Zacian\n|-damage|p2a: Zacian|179/225\n|-start|p2a: Zacian|move: Heal Block\n|\n|-heal|p1a: Hypno|53/100|[from] item: Leftovers\n|upkeep\n|turn|3\n|inactive|Time left: 300 sec this turn | 300 sec total\n|\n|t:|1783566497\n|move|p1a: Hypno|Protect|p1a: Hypno\n|-singleturn|p1a: Hypno|Protect\n|move|p2a: Zacian|Play Rough|p1a: Hypno\n|-activate|p1a: Hypno|move: Protect\n|\n|-heal|p1a: Hypno|59/100|[from] item: Leftovers\n|-end|p2a: Zacian|move: Heal Block\n|upkeep\n|turn|4\n|inactive|Time left: 300 sec this turn | 300 sec total\n|\n|t:|1783566498\n|move|p1a: Hypno|Protect||[still]\n|-fail|p1a: Hypno\n|move|p2a: Zacian|Behemoth Blade|p1a: Hypno\n|-damage|p1a: Hypno|0 fnt\n|faint|p1a: Hypno\n|\n|upkeep\n|\n|t:|1783566499\n|switch|p1a: Electivire|Electivire, L84, M|100/100\n|turn|5\n|inactive|Time left: 300 sec this turn | 300 sec total\n|\n|t:|1783566500\n|move|p2a: Zacian|Play Rough|p1a: Electivire\n|-damage|p1a: Electivire|2/100\n|move|p1a: Electivire|Earthquake|p2a: Zacian\n|-supereffective|p2a: Zacian\n|-damage|p2a: Zacian|0 fnt\n|faint|p2a: Zacian\n|-damage|p1a: Electivire|0 fnt|[from] item: Life Orb\n|faint|p1a: Electivire\n|\n|upkeep\n|inactive|Time left: 300 sec this turn | 300 sec total | 5 sec grace\n|\n|t:|1783566501\n|switch|p2a: Arceus|Arceus-Rock, L74|300/300\n|switch|p1a: Misdreavus|Misdreavus, L90, F|100/100\n|turn|6\n|inactive|Time left: 300 sec this turn | 300 sec total\n|\n|t:|1783566503\n|move|p2a: Arceus|Calm Mind|p2a: Arceus\n|-boost|p2a: Arceus|spa|1\n|-boost|p2a: Arceus|spd|1\n|move|p1a: Misdreavus|Calm Mind|p1a: Misdreavus\n|-boost|p1a: Misdreavus|spa|1\n|-boost|p1a: Misdreavus|spd|1\n|\n|upkeep\n|turn|7\n|inactive|Time left: 300 sec this turn | 300 sec total\n|\n|t:|1783566504\n|move|p2a: Arceus|Calm Mind|p2a: Arceus\n|-boost|p2a: Arceus|spa|1\n|-boost|p2a: Arceus|spd|1\n|move|p1a: Misdreavus|Calm Mind|p1a: Misdreavus\n|-boost|p1a: Misdreavus|spa|1\n|-boost|p1a: Misdreavus|spd|1\n|\n|upkeep\n|turn|8\n|inactive|Time left: 300 sec this turn | 300 sec total\n|\n|t:|1783566505\n|move|p2a: Arceus|Calm Mind|p2a: Arceus\n|-boost|p2a: Arceus|spa|1\n|-boost|p2a: Arceus|spd|1\n|move|p1a: Misdreavus|Calm Mind|p1a: Misdreavus\n|-boost|p1a: Misdreavus|spa|1\n|-boost|p1a: Misdreavus|spd|1\n|\n|upkeep\n|turn|9\n|inactive|Time left: 300 sec this turn | 300 sec total\n|\n|t:|1783566506\n|move|p2a: Arceus|Calm Mind|p2a: Arceus\n|-boost|p2a: Arceus|spa|1\n|-boost|p2a: Arceus|spd|1\n|move|p1a: Misdreavus|Calm Mind|p1a: Misdreavus\n|-boost|p1a: Misdreavus|spa|1\n|-boost|p1a: Misdreavus|spd|1\n|\n|upkeep\n|turn|10\n|inactive|Time left: 300 sec this turn | 300 sec total\n|\n|t:|1783566507\n|move|p2a: Arceus|Judgment|p1a: Misdreavus\n|-damage|p1a: Misdreavus|69/100\n|move|p1a: Misdreavus|Shadow Ball|p2a: Arceus\n|-damage|p2a: Arceus|227/300\n|\n|upkeep\n|turn|11\n|inactive|Time left: 300 sec this turn | 300 sec total\n|\n|t:|1783566508\n|move|p2a: Arceus|Judgment|p1a: Misdreavus\n|-damage|p1a: Misdreavus|38/100\n|move|p1a: Misdreavus|Shadow Ball|p2a: Arceus\n|-damage|p2a: Arceus|142/300\n|\n|upkeep\n|turn|12\n|inactive|Time left: 300 sec this turn | 300 sec total\n|\n|t:|1783566509\n|move|p2a: Arceus|Judgment|p1a: Misdreavus\n|-damage|p1a: Misdreavus|9/100\n|move|p1a: Misdreavus|Shadow Ball|p2a: Arceus\n|-damage|p2a: Arceus|58/300\n|\n|upkeep\n|turn|13\n|inactive|Time left: 300 sec this turn | 300 sec total\n|\n|t:|1783566510\n|move|p2a: Arceus|Judgment|p1a: Misdreavus\n|-damage|p1a: Misdreavus|0 fnt\n|faint|p1a: Misdreavus\n|\n|upkeep\n|\n|t:|1783566511\n|switch|p1a: Hitmontop|Hitmontop, L88, M|100/100\n|turn|14\n|inactive|Time left: 300 sec this turn | 300 sec total\n|\n|t:|1783566512\n|move|p2a: Arceus|Fire Blast|p1a: Hitmontop|[miss]\n|-miss|p2a: Arceus|p1a: Hitmontop\n|move|p1a: Hitmontop|Triple Axel|p2a: Arceus\n|-damage|p2a: Arceus|39/300\n|-damage|p2a: Arceus|0 fnt\n|faint|p2a: Arceus\n|-hitcount|p2: Arceus|2\n|\n|upkeep\n|inactive|Time left: 300 sec this turn | 300 sec total | 5 sec grace\n|\n|t:|1783566513\n|switch|p2a: Copperajah|Copperajah, L86, F|350/350\n|turn|15\n|inactive|Time left: 300 sec this turn | 300 sec total\n|\n|t:|1783566514\n|-terastallize|p2a: Copperajah|Fairy\n|move|p1a: Hitmontop|Close Combat|p2a: Copperajah\n|-resisted|p2a: Copperajah\n|-damage|p2a: Copperajah|273/350\n|-unboost|p1a: Hitmontop|def|1\n|-unboost|p1a: Hitmontop|spd|1\n|move|p2a: Copperajah|Play Rough|p1a: Hitmontop\n|-supereffective|p1a: Hitmontop\n|-damage|p1a: Hitmontop|0 fnt\n|faint|p1a: Hitmontop\n|\n|upkeep\n|\n|t:|1783566516\n|switch|p1a: Latias|Latias, L79, F|100/100\n|turn|16\n|inactive|Time left: 300 sec this turn | 300 sec total\n|\n|t:|1783566517\n|-terastallize|p1a: Latias|Steel\n|move|p1a: Latias|Calm Mind|p1a: Latias\n|-boost|p1a: Latias|spa|1\n|-boost|p1a: Latias|spd|1\n|move|p2a: Copperajah|Play Rough|p1a: Latias\n|-resisted|p1a: Latias\n|-damage|p1a: Latias|58/100\n|\n|upkeep\n|turn|17\n|inactive|Time left: 300 sec this turn | 300 sec total\n|\n|t:|1783566518\n|move|p1a: Latias|Psyshock|p2a: Copperajah\n|-damage|p2a: Copperajah|101/350\n|move|p2a: Copperajah|Play Rough|p1a: Latias\n|-resisted|p1a: Latias\n|-damage|p1a: Latias|12/100\n|\n|upkeep\n|turn|18\n|inactive|Time left: 300 sec this turn | 300 sec total\n|\n|t:|1783566520\n|move|p1a: Latias|Recover|p1a: Latias\n|-heal|p1a: Latias|62/100\n|move|p2a: Copperajah|Iron Head|p1a: Latias\n|-resisted|p1a: Latias\n|-damage|p1a: Latias|24/100\n|\n|upkeep\n|turn|19\n|inactive|Time left: 300 sec this turn | 300 sec total\n|\n|t:|1783566521\n|move|p1a: Latias|Psyshock|p2a: Copperajah\n|-damage|p2a: Copperajah|0 fnt\n|faint|p2a: Copperajah\n|\n|upkeep\n|inactive|Time left: 300 sec this turn | 300 sec total | 5 sec grace\n|\n|t:|1783566522\n|switch|p2a: Mienshao|Mienshao, L83, F|244/244\n|turn|20\n|inactive|Time left: 300 sec this turn | 300 sec total\n|\n|t:|1783566523\n|move|p2a: Mienshao|Knock Off|p1a: Latias\n|-damage|p1a: Latias|0 fnt\n|-enditem|p1a: Latias|Soul Dew|[from] move: Knock Off|[of] p2a: Mienshao\n|faint|p1a: Latias\n|-damage|p2a: Mienshao|220/244|[from] item: Life Orb\n|\n|upkeep\n|\n|t:|1783566523\n|switch|p1a: Morpeko|Morpeko, L88, F|100/100\n|turn|21\n|inactive|Time left: 300 sec this turn | 300 sec total\n|\n|t:|1783566524\n|move|p1a: Morpeko|Protect|p1a: Morpeko\n|-singleturn|p1a: Morpeko|Protect\n|move|p2a: Mienshao|Close Combat|p1a: Morpeko\n|-activate|p1a: Morpeko|move: Protect\n|\n|-formechange|p1a: Morpeko|Morpeko-Hangry||[from] ability: Hunger Switch\n|upkeep\n|turn|22\n|inactive|Time left: 300 sec this turn | 300 sec total\n|\n|t:|1783566525\n|move|p1a: Morpeko|Protect||[still]\n|-fail|p1a: Morpeko\n|move|p2a: Mienshao|Close Combat|p1a: Morpeko\n|-supereffective|p1a: Morpeko\n|-damage|p1a: Morpeko|0 fnt\n|-unboost|p2a: Mienshao|def|1\n|-unboost|p2a: Mienshao|spd|1\n|faint|p1a: Morpeko\n|-damage|p2a: Mienshao|196/244|[from] item: Life Orb\n|\n|win|p0y22866bcf", "uploadtime": 1783566525, "views": 0, "rating": 0, "private": 0, "password": null, "_winner": "p0y22866bcf", "_our_name": "p0y22866bcf"}