{"id": "battle-gen9randombattle-1525", "formatid": "gen9randombattle", "format": "[Gen 9] Random Battle", "players": ["p0x15252d6d", "p0y15254e18"], "log": "|init|battle\n|title|p0x15252d6d vs. p0y15254e18\n|j|\u2606p0x15252d6d\n|j|\u2606p0y15254e18\n|t:|1783556819\n|gametype|singles\n|player|p1|p0x15252d6d|169|\n|player|p2|p0y15254e18|2|\n|gen|9\n|tier|[Gen 9] Random Battle\n|rule|Species Clause: Limit one of each Pok\u00e9mon\n|rule|HP Percentage Mod: HP is shown in percentages\n|rule|Sleep Clause Mod: Limit one foe put to sleep\n|rule|Illusion Level Mod: Illusion disguises the Pok\u00e9mon's true level\n|\n|t:|1783556819\n|teamsize|p1|6\n|teamsize|p2|6\n|start\n|switch|p1a: Slowbro|Slowbro-Galar, L87, F|100/100\n|switch|p2a: Gallade|Gallade, L80, M|240/240\n|turn|1\n|inactive|Battle timer is ON: inactive players will automatically lose when time's up. (requested by p0x15252d6d)\n|inactive|Time left: 300 sec this turn | 300 sec total | 60 sec grace\n|inactive|p0y15254e18 also wants the timer to be on.\n|\n|t:|1783556821\n|-terastallize|p2a: Gallade|Dark\n|move|p2a: Gallade|Night Slash|p1a: Slowbro\n|-supereffective|p1a: Slowbro\n|-damage|p1a: Slowbro|8/100\n|-damage|p2a: Gallade|216/240|[from] item: Life Orb\n|move|p1a: Slowbro|Psychic|p2a: Gallade\n|-immune|p2a: Gallade\n|\n|-heal|p1a: Slowbro|15/100|[from] item: Leftovers\n|upkeep\n|turn|2\n|inactive|Time left: 300 sec this turn | 300 sec total\n|\n|t:|1783556822\n|switch|p1a: Dedenne|Dedenne, L88, F|100/100\n|move|p2a: Gallade|Sacred Sword|p1a: Dedenne\n|-resisted|p1a: Dedenne\n|-damage|p1a: Dedenne|48/100\n|-enditem|p1a: Dedenne|Sitrus Berry|[eat]\n|-heal|p1a: Dedenne|73/100|[from] item: Sitrus Berry\n|-heal|p1a: Dedenne|100/100|[from] ability: Cheek Pouch\n|-damage|p2a: Gallade|192/240|[from] item: Life Orb\n|\n|upkeep\n|turn|3\n|inactive|Time left: 300 sec this turn | 300 sec total\n|\n|t:|1783556823\n|move|p1a: Dedenne|Dazzling Gleam|p2a: Gallade\n|-supereffective|p2a: Gallade\n|-damage|p2a: Gallade|46/240\n|move|p2a: Gallade|Psycho Cut|p1a: Dedenne\n|-damage|p1a: Dedenne|21/100\n|-damage|p2a: Gallade|22/240|[from] item: Life Orb\n|\n|upkeep\n|turn|4\n|inactive|Time left: 300 sec this turn | 300 sec total\n|\n|t:|1783556824\n|switch|p2a: Iron Hands|Iron Hands, L79|373/373\n|move|p1a: Dedenne|Thunderbolt|p2a: Iron Hands\n|-resisted|p2a: Iron Hands\n|-damage|p2a: Iron Hands|311/373\n|\n|-heal|p2a: Iron Hands|334/373|[from] item: Leftovers\n|upkeep\n|turn|5\n|inactive|Time left: 300 sec this turn | 300 sec total\n|\n|t:|1783556826\n|move|p1a: Dedenne|Super Fang|p2a: Iron Hands\n|-damage|p2a: Iron Hands|167/373\n|move|p2a: Iron Hands|Drain Punch|p1a: Dedenne\n|-resisted|p1a: Dedenne\n|-damage|p1a: Dedenne|0 fnt\n|-heal|p2a: Iron Hands|194/373|[from] drain|[of] p1a: Dedenne\n|faint|p1a: Dedenne\n|\n|-heal|p2a: Iron Hands|217/373|[from] item: Leftovers\n|upkeep\n|\n|t:|1783556827\n|switch|p1a: Slowbro|Slowbro-Galar, L87, F|48/100\n|turn|6\n|inactive|Time left: 300 sec this turn | 300 sec total\n|\n|t:|1783556828\n|-end|p2a: Iron Hands|Quark Drive|[silent]\n|switch|p2a: Tinkaton|Tinkaton, L82, F|274/274\n|-ability|p2a: Tinkaton|Mold Breaker\n|move|p1a: Slowbro|Psychic|p2a: Tinkaton\n|-resisted|p2a: Tinkaton\n|-damage|p2a: Tinkaton|225/274\n|\n|-heal|p2a: Tinkaton|242/274|[from] item: Leftovers\n|-heal|p1a: Slowbro|54/100|[from] item: Leftovers\n|upkeep\n|turn|7\n|inactive|Time left: 300 sec this turn | 300 sec total\n|\n|t:|1783556829\n|switch|p1a: Cloyster|Cloyster, L80, M|100/100\n|move|p2a: Tinkaton|Knock Off|p1a: Cloyster\n|-damage|p1a: Cloyster|85/100\n|-enditem|p1a: Cloyster|White Herb|[from] move: Knock Off|[of] p2a: Tinkaton\n|\n|-heal|p2a: Tinkaton|259/274|[from] item: Leftovers\n|upkeep\n|turn|8\n|inactive|Time left: 300 sec this turn | 300 sec total\n|\n|t:|1783556830\n|move|p2a: Tinkaton|Thunder Wave|p1a: Cloyster\n|-status|p1a: Cloyster|par\n|cant|p1a: Cloyster|par\n|\n|-heal|p2a: Tinkaton|274/274|[from] item: Leftovers\n|upkeep\n|turn|9\n|inactive|Time left: 300 sec this turn | 300 sec total\n|\n|t:|1783556831\n|move|p2a: Tinkaton|Gigaton Hammer|p1a: Cloyster\n|-damage|p1a: Cloyster|45/100 par\n|cant|p1a: Cloyster|par\n|\n|upkeep\n|turn|10\n|inactive|Time left: 300 sec this turn | 300 sec total\n|\n|t:|1783556833\n|move|p2a: Tinkaton|Play Rough|p1a: Cloyster\n|-damage|p1a: Cloyster|25/100 par\n|move|p1a: Cloyster|Shell Smash|p1a: Cloyster\n|-unboost|p1a: Cloyster|def|1\n|-unboost|p1a: Cloyster|spd|1\n|-boost|p1a: Cloyster|atk|2\n|-boost|p1a: Cloyster|spa|2\n|-boost|p1a: Cloyster|spe|2\n|\n|upkeep\n|turn|11\n|inactive|Time left: 300 sec this turn | 300 sec total\n|\n|t:|1783556834\n|move|p2a: Tinkaton|Gigaton Hammer|p1a: Cloyster\n|-damage|p1a: Cloyster|0 fnt\n|faint|p1a: Cloyster\n|\n|upkeep\n|\n|t:|1783556835\n|switch|p1a: Oricorio|Oricorio-Sensu, L85, F|100/100\n|turn|12\n|inactive|Time left: 300 sec this turn | 300 sec total\n|\n|t:|1783556836\n|move|p1a: Oricorio|Quiver Dance|p1a: Oricorio\n|-boost|p1a: Oricorio|spa|1\n|-boost|p1a: Oricorio|spd|1\n|-boost|p1a: Oricorio|spe|1\n|move|p2a: Tinkaton|Knock Off|p1a: Oricorio\n|-supereffective|p1a: Oricorio\n|-damage|p1a: Oricorio|55/100\n|-enditem|p1a: Oricorio|Heavy-Duty Boots|[from] move: Knock Off|[of] p2a: Tinkaton\n|\n|upkeep\n|turn|13\n|inactive|Time left: 300 sec this turn | 300 sec total\n|\n|t:|1783556837\n|move|p1a: Oricorio|Roost|p1a: Oricorio\n|-heal|p1a: Oricorio|100/100\n|-singleturn|p1a: Oricorio|move: Roost\n|move|p2a: Tinkaton|Gigaton Hammer|p1a: Oricorio\n|-crit|p1a: Oricorio\n|-damage|p1a: Oricorio|18/100\n|\n|upkeep\n|turn|14\n|inactive|Time left: 300 sec this turn | 300 sec total\n|\n|t:|1783556837\n|move|p1a: Oricorio|Roost|p1a: Oricorio\n|-heal|p1a: Oricorio|68/100\n|-singleturn|p1a: Oricorio|move: Roost\n|move|p2a: Tinkaton|Knock Off|p1a: Oricorio\n|-supereffective|p1a: Oricorio\n|-damage|p1a: Oricorio|34/100\n|\n|upkeep\n|turn|15\n|inactive|Time left: 300 sec this turn | 300 sec total\n|\n|t:|1783556838\n|move|p1a: Oricorio|Roost|p1a: Oricorio\n|-heal|p1a: Oricorio|84/100\n|-singleturn|p1a: Oricorio|move: Roost\n|move|p2a: Tinkaton|Gigaton Hammer|p1a: Oricorio\n|-damage|p1a: Oricorio|29/100\n|\n|upkeep\n|turn|16\n|inactive|Time left: 300 sec this turn | 300 sec total\n|\n|t:|1783556839\n|move|p1a: Oricorio|Roost|p1a: Oricorio\n|-heal|p1a: Oricorio|79/100\n|-singleturn|p1a: Oricorio|move: Roost\n|move|p2a: Tinkaton|Play Rough|p1a: Oricorio|[miss]\n|-miss|p2a: Tinkaton|p1a: Oricorio\n|\n|upkeep\n|turn|17\n|inactive|Time left: 300 sec this turn | 300 sec total\n|\n|t:|1783556840\n|move|p1a: Oricorio|Quiver Dance|p1a: Oricorio\n|-boost|p1a: Oricorio|spa|1\n|-boost|p1a: Oricorio|spd|1\n|-boost|p1a: Oricorio|spe|1\n|move|p2a: Tinkaton|Gigaton Hammer|p1a: Oricorio\n|-damage|p1a: Oricorio|25/100\n|\n|upkeep\n|turn|18\n|inactive|Time left: 300 sec this turn | 300 sec total\n|\n|t:|1783556841\n|move|p1a: Oricorio|Roost|p1a: Oricorio\n|-heal|p1a: Oricorio|75/100\n|-singleturn|p1a: Oricorio|move: Roost\n|move|p2a: Tinkaton|Play Rough|p1a: Oricorio\n|-damage|p1a: Oricorio|43/100\n|\n|upkeep\n|turn|19\n|inactive|Time left: 300 sec this turn | 300 sec total\n|\n|t:|1783556842\n|move|p1a: Oricorio|Roost|p1a: Oricorio\n|-heal|p1a: Oricorio|93/100\n|-singleturn|p1a: Oricorio|move: Roost\n|move|p2a: Tinkaton|Gigaton Hammer|p1a: Oricorio\n|-damage|p1a: Oricorio|30/100\n|\n|upkeep\n|turn|20\n|inactive|Time left: 300 sec this turn | 300 sec total\n|\n|t:|1783556843\n|move|p1a: Oricorio|Roost|p1a: Oricorio\n|-heal|p1a: Oricorio|80/100\n|-singleturn|p1a: Oricorio|move: Roost\n|move|p2a: Tinkaton|Play Rough|p1a: Oricorio\n|-damage|p1a: Oricorio|46/100\n|\n|upkeep\n|turn|21\n|inactive|Time left: 300 sec this turn | 300 sec total\n|\n|t:|1783556844\n|move|p1a: Oricorio|Roost|p1a: Oricorio\n|-heal|p1a: Oricorio|96/100\n|-singleturn|p1a: Oricorio|move: Roost\n|move|p2a: Tinkaton|Gigaton Hammer|p1a: Oricorio\n|-damage|p1a: Oricorio|34/100\n|\n|upkeep\n|turn|22\n|inactive|Time left: 300 sec this turn | 300 sec total\n|\n|t:|1783556845\n|move|p1a: Oricorio|Revelation Dance|p2a: Tinkaton\n|-damage|p2a: Tinkaton|106/274\n|move|p2a: Tinkaton|Play Rough|p1a: Oricorio|[miss]\n|-miss|p2a: Tinkaton|p1a: Oricorio\n|\n|-heal|p2a: Tinkaton|123/274|[from] item: Leftovers\n|upkeep\n|turn|23\n|inactive|Time left: 300 sec this turn | 300 sec total\n|\n|t:|1783556846\n|move|p1a: Oricorio|Revelation Dance|p2a: Tinkaton\n|-damage|p2a: Tinkaton|0 fnt\n|faint|p2a: Tinkaton\n|\n|upkeep\n|inactive|Time left: 300 sec this turn | 300 sec total | 5 sec grace\n|\n|t:|1783556847\n|switch|p2a: Cetitan|Cetitan, L82, F|413/413\n|turn|24\n|inactive|Time left: 300 sec this turn | 300 sec total\n|\n|t:|1783556848\n|-terastallize|p1a: Oricorio|Fighting\n|move|p2a: Cetitan|Ice Shard|p1a: Oricorio\n|-damage|p1a: Oricorio|10/100\n|-damage|p2a: Cetitan|372/413|[from] item: Life Orb\n|move|p1a: Oricorio|Revelation Dance|p2a: Cetitan\n|-supereffective|p2a: Cetitan\n|-damage|p2a: Cetitan|0 fnt\n|faint|p2a: Cetitan\n|\n|upkeep\n|inactive|Time left: 300 sec this turn | 300 sec total | 5 sec grace\n|\n|t:|1783556849\n|switch|p2a: Dipplin|Dipplin, L88, M|284/284\n|turn|25\n|inactive|Time left: 300 sec this turn | 300 sec total\n|\n|t:|1783556850\n|move|p2a: Dipplin|Sucker Punch|p1a: Oricorio\n|-resisted|p1a: Oricorio\n|-damage|p1a: Oricorio|0 fnt\n|faint|p1a: Oricorio\n|\n|upkeep\n|\n|t:|1783556851\n|switch|p1a: Slowbro|Slowbro-Galar, L87, F|87/100\n|turn|26\n|inactive|Time left: 300 sec this turn | 300 sec total\n|\n|t:|1783556852\n|move|p2a: Dipplin|Dragon Pulse|p1a: Slowbro\n|-damage|p1a: Slowbro|50/100\n|move|p1a: Slowbro|Shell Side Arm|p2a: Dipplin|[anim] Shell Side Arm Special\n|-supereffective|p2a: Dipplin\n|-damage|p2a: Dipplin|144/284\n|-hint|Special Shell Side Arm\n|\n|-heal|p1a: Slowbro|56/100|[from] item: Leftovers\n|upkeep\n|turn|27\n|inactive|Time left: 300 sec this turn | 300 sec total\n|\n|t:|1783556853\n|move|p2a: Dipplin|Recover|p2a: Dipplin\n|-heal|p2a: Dipplin|284/284\n|move|p1a: Slowbro|Shell Side Arm|p2a: Dipplin|[anim] Shell Side Arm Special\n|-supereffective|p2a: Dipplin\n|-damage|p2a: Dipplin|144/284\n|-hint|Special Shell Side Arm\n|\n|-heal|p1a: Slowbro|62/100|[from] item: Leftovers\n|upkeep\n|turn|28\n|inactive|Time left: 300 sec this turn | 300 sec total\n|\n|t:|1783556854\n|move|p2a: Dipplin|Recover|p2a: Dipplin\n|-heal|p2a: Dipplin|284/284\n|move|p1a: Slowbro|Shell Side Arm|p2a: Dipplin|[anim] Shell Side Arm Special\n|-supereffective|p2a: Dipplin\n|-damage|p2a: Dipplin|132/284\n|-hint|Special Shell Side Arm\n|\n|-heal|p1a: Slowbro|69/100|[from] item: Leftovers\n|upkeep\n|turn|29\n|inactive|Time left: 300 sec this turn | 300 sec total\n|\n|t:|1783556855\n|move|p2a: Dipplin|Recover|p2a: Dipplin\n|-heal|p2a: Dipplin|274/284\n|move|p1a: Slowbro|Shell Side Arm|p2a: Dipplin|[anim] Shell Side Arm Special\n|-supereffective|p2a: Dipplin\n|-damage|p2a: Dipplin|136/284\n|-hint|Special Shell Side Arm\n|\n|-heal|p1a: Slowbro|75/100|[from] item: Leftovers\n|upkeep\n|turn|30\n|inactive|Time left: 300 sec this turn | 300 sec total\n|\n|t:|1783556856\n|move|p2a: Dipplin|Recover|p2a: Dipplin\n|-heal|p2a: Dipplin|278/284\n|move|p1a: Slowbro|Shell Side Arm|p2a: Dipplin|[anim] Shell Side Arm Special\n|-supereffective|p2a: Dipplin\n|-damage|p2a: Dipplin|126/284\n|-hint|Special Shell Side Arm\n|\n|-heal|p1a: Slowbro|81/100|[from] item: Leftovers\n|upkeep\n|turn|31\n|inactive|Time left: 300 sec this turn | 300 sec total\n|\n|t:|1783556858\n|move|p2a: Dipplin|Recover|p2a: Dipplin\n|-heal|p2a: Dipplin|268/284\n|move|p1a: Slowbro|Shell Side Arm|p2a: Dipplin|[anim] Shell Side Arm Special\n|-supereffective|p2a: Dipplin\n|-damage|p2a: Dipplin|128/284\n|-hint|Special Shell Side Arm\n|-status|p2a: Dipplin|psn\n|\n|-heal|p1a: Slowbro|87/100|[from] item: Leftovers\n|-damage|p2a: Dipplin|93/284 psn|[from] psn\n|upkeep\n|turn|32\n|inactive|Time left: 300 sec this turn | 300 sec total\n|\n|t:|1783556859\n|move|p2a: Dipplin|Recover|p2a: Dipplin\n|-heal|p2a: Dipplin|235/284 psn\n|move|p1a: Slowbro|Shell Side Arm|p2a: Dipplin|[anim] Shell Side Arm Special\n|-supereffective|p2a: Dipplin\n|-damage|p2a: Dipplin|101/284 psn\n|-hint|Special Shell Side Arm\n|\n|-heal|p1a: Slowbro|93/100|[from] item: Leftovers\n|-damage|p2a: Dipplin|66/284 psn|[from] psn\n|upkeep\n|turn|33\n|inactive|Time left: 300 sec this turn | 300 sec total\n|\n|t:|1783556860\n|move|p2a: Dipplin|Recover|p2a: Dipplin\n|-heal|p2a: Dipplin|208/284 psn\n|move|p1a: Slowbro|Shell Side Arm|p2a: Dipplin|[anim] Shell Side Arm Special\n|-supereffective|p2a: Dipplin\n|-damage|p2a: Dipplin|76/284 psn\n|-hint|Special Shell Side Arm\n|\n|-heal|p1a: Slowbro|99/100|[from] item: Leftovers\n|-damage|p2a: Dipplin|41/284 psn|[from] psn\n|upkeep\n|turn|34\n|inactive|Time left: 300 sec this turn | 300 sec total\n|\n|t:|1783556861\n|move|p2a: Dipplin|Recover|p2a: Dipplin\n|-heal|p2a: Dipplin|183/284 psn\n|move|p1a: Slowbro|Shell Side Arm|p2a: Dipplin|[anim] Shell Side Arm Special\n|-supereffective|p2a: Dipplin\n|-damage|p2a: Dipplin|27/284 psn\n|-hint|Special Shell Side Arm\n|\n|-heal|p1a: Slowbro|100/100|[from] item: Leftovers\n|-damage|p2a: Dipplin|0 fnt|[from] psn\n|faint|p2a: Dipplin\n|upkeep\n|inactive|Time left: 300 sec this turn | 300 sec total | 5 sec grace\n|\n|t:|1783556862\n|switch|p2a: Gallade|Gallade, L80, M, tera:Dark|22/240\n|turn|35\n|inactive|Time left: 300 sec this turn | 300 sec total\n|\n|t:|1783556863\n|switch|p1a: Weezing|Weezing, L88, F|100/100\n|move|p2a: Gallade|Night Slash|p1a: Weezing\n|-damage|p1a: Weezing|53/100\n|-damage|p2a: Gallade|0 fnt|[from] item: Life Orb\n|faint|p2a: Gallade\n|\n|-heal|p1a: Weezing|59/100|[from] item: Leftovers\n|upkeep\n|inactive|Time left: 300 sec this turn | 300 sec total | 5 sec grace\n|\n|t:|1783556864\n|switch|p2a: Iron Hands|Iron Hands, L79|217/373\n|turn|36\n|inactive|Time left: 300 sec this turn | 300 sec total\n|\n|t:|1783556865\n|move|p1a: Weezing|Gunk Shot|p2a: Iron Hands\n|-damage|p2a: Iron Hands|97/373\n|-status|p2a: Iron Hands|psn\n|move|p2a: Iron Hands|Swords Dance|p2a: Iron Hands\n|-boost|p2a: Iron Hands|atk|2\n|\n|-heal|p1a: Weezing|66/100|[from] item: Leftovers\n|-heal|p2a: Iron Hands|120/373 psn|[from] item: Leftovers\n|-damage|p2a: Iron Hands|74/373 psn|[from] psn\n|upkeep\n|turn|37\n|inactive|Time left: 300 sec this turn | 300 sec total\n|\n|t:|1783556866\n|move|p1a: Weezing|Fire Blast|p2a: Iron Hands\n|-damage|p2a: Iron Hands|0 fnt\n|faint|p2a: Iron Hands\n|-end|p2a: Iron Hands|Quark Drive|[silent]\n|\n|-heal|p1a: Weezing|72/100|[from] item: Leftovers\n|upkeep\n|inactive|Time left: 300 sec this turn | 300 sec total | 5 sec grace\n|\n|t:|1783556867\n|switch|p2a: Glimmora|Glimmora, L75, F|248/248\n|turn|38\n|inactive|Time left: 300 sec this turn | 300 sec total\n|\n|t:|1783556868\n|switch|p1a: Latias|Latias, L79, F|100/100\n|move|p2a: Glimmora|Earth Power|p1a: Latias\n|-immune|p1a: Latias|[from] ability: Levitate\n|\n|upkeep\n|turn|39\n|inactive|Time left: 300 sec this turn | 300 sec total\n|\n|t:|1783556869\n|move|p1a: Latias|Psyshock|p2a: Glimmora\n|-supereffective|p2a: Glimmora\n|-damage|p2a: Glimmora|12/248\n|move|p2a: Glimmora|Mortal Spin|p1a: Latias\n|-damage|p1a: Latias|93/100\n|-status|p1a: Latias|psn\n|\n|-damage|p1a: Latias|81/100 psn|[from] psn\n|upkeep\n|turn|40\n|inactive|Time left: 300 sec this turn | 300 sec total\n|\n|t:|1783556871\n|move|p1a: Latias|Psyshock|p2a: Glimmora\n|-supereffective|p2a: Glimmora\n|-damage|p2a: Glimmora|0 fnt\n|faint|p2a: Glimmora\n|\n|win|p0x15252d6d", "uploadtime": 1783556871, "views": 0, "rating": 0, "private": 0, "password": null, "_winner": "p0x15252d6d", "_our_name": "p0y15254e18"}