{"id": "battle-gen9randombattle-76", "formatid": "gen9randombattle", "format": "[Gen 9] Random Battle", "players": ["p0x07589db", "p0y0754d8b"], "log": "|init|battle\n|title|p0x07589db vs. p0y0754d8b\n|j|\u2606p0x07589db\n|j|\u2606p0y0754d8b\n|t:|1783540061\n|gametype|singles\n|player|p1|p0x07589db|102|\n|player|p2|p0y0754d8b|170|\n|gen|9\n|tier|[Gen 9] Random Battle\n|rule|Species Clause: Limit one of each Pok\u00e9mon\n|rule|HP Percentage Mod: HP is shown in percentages\n|rule|Sleep Clause Mod: Limit one foe put to sleep\n|rule|Illusion Level Mod: Illusion disguises the Pok\u00e9mon's true level\n|\n|t:|1783540061\n|teamsize|p1|6\n|teamsize|p2|6\n|start\n|switch|p1a: Gumshoos|Gumshoos, L95, F|100/100\n|switch|p2a: Dewgong|Dewgong, L94, M|322/322\n|turn|1\n|inactive|Battle timer is ON: inactive players will automatically lose when time's up. (requested by p0x07589db)\n|inactive|Time left: 300 sec this turn | 300 sec total | 60 sec grace\n|inactive|p0y0754d8b also wants the timer to be on.\n|\n|t:|1783540062\n|move|p2a: Dewgong|Ice Beam|p1a: Gumshoos\n|-damage|p1a: Gumshoos|66/100\n|move|p1a: Gumshoos|Double-Edge|p2a: Dewgong\n|-damage|p2a: Dewgong|42/322\n|-damage|p1a: Gumshoos|37/100|[from] Recoil\n|\n|upkeep\n|turn|2\n|inactive|Time left: 300 sec this turn | 300 sec total\n|\n|t:|1783540064\n|move|p2a: Dewgong|Ice Beam|p1a: Gumshoos\n|-damage|p1a: Gumshoos|5/100\n|move|p1a: Gumshoos|Double-Edge|p2a: Dewgong\n|-damage|p2a: Dewgong|0 fnt\n|faint|p2a: Dewgong\n|-damage|p1a: Gumshoos|1/100|[from] Recoil\n|\n|upkeep\n|inactive|Time left: 300 sec this turn | 300 sec total | 5 sec grace\n|\n|t:|1783540065\n|switch|p2a: Rhydon|Rhydon, L85, F|317/317\n|turn|3\n|inactive|Time left: 300 sec this turn | 300 sec total\n|\n|t:|1783540066\n|switch|p1a: Dragonite|Dragonite, L74, M|100/100\n|move|p2a: Rhydon|Stealth Rock|p1a: Dragonite\n|-sidestart|p1: p0x07589db|move: Stealth Rock\n|\n|upkeep\n|turn|4\n|inactive|Time left: 300 sec this turn | 300 sec total\n|\n|t:|1783540067\n|move|p1a: Dragonite|Dragon Dance|p1a: Dragonite\n|-boost|p1a: Dragonite|atk|1\n|-boost|p1a: Dragonite|spe|1\n|move|p2a: Rhydon|Stone Edge|p1a: Dragonite|[miss]\n|-miss|p2a: Rhydon|p1a: Dragonite\n|\n|upkeep\n|turn|5\n|inactive|Time left: 300 sec this turn | 300 sec total\n|\n|t:|1783540068\n|move|p1a: Dragonite|Outrage|p2a: Rhydon\n|-damage|p2a: Rhydon|209/317\n|move|p2a: Rhydon|Stone Edge|p1a: Dragonite|[miss]\n|-miss|p2a: Rhydon|p1a: Dragonite\n|\n|upkeep\n|turn|6\n|inactive|Time left: 300 sec this turn | 300 sec total\n|\n|t:|1783540069\n|switch|p2a: Wigglytuff|Wigglytuff, L96, F|424/424\n|move|p1a: Dragonite|Outrage|p2a: Wigglytuff|[from] lockedmove\n|-immune|p2a: Wigglytuff\n|-start|p1a: Dragonite|confusion|[fatigue]\n|\n|upkeep\n|turn|7\n|inactive|Time left: 300 sec this turn | 300 sec total\n|\n|t:|1783540071\n|-activate|p1a: Dragonite|confusion\n|move|p1a: Dragonite|Iron Head|p2a: Wigglytuff\n|-supereffective|p2a: Wigglytuff\n|-damage|p2a: Wigglytuff|168/424\n|move|p2a: Wigglytuff|Alluring Voice|p1a: Dragonite\n|-supereffective|p1a: Dragonite\n|-damage|p1a: Dragonite|59/100\n|\n|-heal|p2a: Wigglytuff|194/424|[from] item: Leftovers\n|upkeep\n|turn|8\n|inactive|Time left: 300 sec this turn | 300 sec total\n|\n|t:|1783540072\n|-activate|p1a: Dragonite|confusion\n|move|p1a: Dragonite|Iron Head|p2a: Wigglytuff\n|-supereffective|p2a: Wigglytuff\n|-damage|p2a: Wigglytuff|0 fnt\n|faint|p2a: Wigglytuff\n|\n|upkeep\n|inactive|Time left: 300 sec this turn | 300 sec total | 5 sec grace\n|\n|t:|1783540073\n|switch|p2a: Misdreavus|Misdreavus, L90, F|254/254\n|turn|9\n|inactive|Time left: 300 sec this turn | 300 sec total\n|\n|t:|1783540074\n|-activate|p1a: Dragonite|confusion\n|-damage|p1a: Dragonite|40/100|[from] confusion\n|move|p2a: Misdreavus|Shadow Ball|p1a: Dragonite\n|-damage|p1a: Dragonite|8/100\n|\n|upkeep\n|turn|10\n|inactive|Time left: 300 sec this turn | 300 sec total\n|\n|t:|1783540075\n|switch|p1a: Meganium|Meganium, L90, M|100/100\n|-damage|p1a: Meganium|88/100|[from] Stealth Rock\n|move|p2a: Misdreavus|Calm Mind|p2a: Misdreavus\n|-boost|p2a: Misdreavus|spa|1\n|-boost|p2a: Misdreavus|spd|1\n|\n|-heal|p1a: Meganium|94/100|[from] item: Leftovers\n|upkeep\n|turn|11\n|inactive|Time left: 300 sec this turn | 300 sec total\n|\n|t:|1783540076\n|move|p2a: Misdreavus|Shadow Ball|p1a: Meganium\n|-damage|p1a: Meganium|57/100\n|move|p1a: Meganium|Leech Seed|p2a: Misdreavus\n|-start|p2a: Misdreavus|move: Leech Seed\n|\n|-heal|p1a: Meganium|63/100|[from] item: Leftovers\n|-damage|p2a: Misdreavus|223/254|[from] Leech Seed|[of] p1a: Meganium\n|-heal|p1a: Meganium|74/100|[silent]\n|upkeep\n|turn|12\n|inactive|Time left: 300 sec this turn | 300 sec total\n|\n|t:|1783540077\n|move|p2a: Misdreavus|Will-O-Wisp|p1a: Meganium\n|-status|p1a: Meganium|brn\n|move|p1a: Meganium|Knock Off|p2a: Misdreavus\n|-supereffective|p2a: Misdreavus\n|-damage|p2a: Misdreavus|168/254\n|-enditem|p2a: Misdreavus|Eviolite|[from] move: Knock Off|[of] p1a: Meganium\n|\n|-heal|p1a: Meganium|80/100 brn|[from] item: Leftovers\n|-damage|p2a: Misdreavus|137/254|[from] Leech Seed|[of] p1a: Meganium\n|-heal|p1a: Meganium|91/100 brn|[silent]\n|-damage|p1a: Meganium|85/100 brn|[from] brn\n|upkeep\n|turn|13\n|inactive|Time left: 300 sec this turn | 300 sec total\n|\n|t:|1783540078\n|move|p2a: Misdreavus|Draining Kiss|p1a: Meganium\n|-damage|p1a: Meganium|67/100 brn\n|-heal|p2a: Misdreavus|176/254|[from] drain|[of] p1a: Meganium\n|move|p1a: Meganium|Energy Ball|p2a: Misdreavus\n|-damage|p2a: Misdreavus|112/254\n|\n|-heal|p1a: Meganium|73/100 brn|[from] item: Leftovers\n|-damage|p2a: Misdreavus|81/254|[from] Leech Seed|[of] p1a: Meganium\n|-heal|p1a: Meganium|84/100 brn|[silent]\n|-damage|p1a: Meganium|77/100 brn|[from] brn\n|upkeep\n|turn|14\n|inactive|Time left: 300 sec this turn | 300 sec total\n|\n|t:|1783540079\n|move|p2a: Misdreavus|Shadow Ball|p1a: Meganium\n|-damage|p1a: Meganium|38/100 brn\n|move|p1a: Meganium|Energy Ball|p2a: Misdreavus\n|-damage|p2a: Misdreavus|15/254\n|\n|-heal|p1a: Meganium|44/100 brn|[from] item: Leftovers\n|-damage|p2a: Misdreavus|0 fnt|[from] Leech Seed|[of] p1a: Meganium\n|-heal|p1a: Meganium|49/100 brn|[silent]\n|faint|p2a: Misdreavus\n|-damage|p1a: Meganium|43/100 brn|[from] brn\n|upkeep\n|inactive|Time left: 300 sec this turn | 300 sec total | 5 sec grace\n|\n|t:|1783540080\n|switch|p2a: Crabominable|Crabominable, L90, M|321/321\n|turn|15\n|inactive|Time left: 300 sec this turn | 300 sec total\n|\n|t:|1783540081\n|move|p1a: Meganium|Synthesis|p1a: Meganium\n|-heal|p1a: Meganium|93/100 brn\n|move|p2a: Crabominable|Drain Punch|p1a: Meganium\n|-damage|p1a: Meganium|55/100 brn\n|\n|-heal|p1a: Meganium|61/100 brn|[from] item: Leftovers\n|-damage|p1a: Meganium|55/100 brn|[from] brn\n|upkeep\n|turn|16\n|inactive|Time left: 300 sec this turn | 300 sec total\n|\n|t:|1783540082\n|move|p1a: Meganium|Leech Seed|p2a: Crabominable\n|-start|p2a: Crabominable|move: Leech Seed\n|move|p2a: Crabominable|Ice Hammer|p1a: Meganium|[miss]\n|-miss|p2a: Crabominable|p1a: Meganium\n|\n|-heal|p1a: Meganium|61/100 brn|[from] item: Leftovers\n|-damage|p2a: Crabominable|281/321|[from] Leech Seed|[of] p1a: Meganium\n|-heal|p1a: Meganium|75/100 brn|[silent]\n|-damage|p1a: Meganium|68/100 brn|[from] brn\n|upkeep\n|turn|17\n|inactive|Time left: 300 sec this turn | 300 sec total\n|\n|t:|1783540083\n|move|p1a: Meganium|Energy Ball|p2a: Crabominable\n|-damage|p2a: Crabominable|200/321\n|move|p2a: Crabominable|Ice Hammer|p1a: Meganium\n|-supereffective|p1a: Meganium\n|-damage|p1a: Meganium|0 fnt\n|-unboost|p2a: Crabominable|spe|1\n|faint|p1a: Meganium\n|\n|upkeep\n|\n|t:|1783540084\n|switch|p1a: Enamorus|Enamorus-Therian, L83, F|100/100\n|-damage|p1a: Enamorus|76/100|[from] Stealth Rock\n|turn|18\n|inactive|Time left: 300 sec this turn | 300 sec total\n|\n|t:|1783540085\n|-terastallize|p2a: Crabominable|Water\n|move|p1a: Enamorus|Moonblast|p2a: Crabominable\n|-damage|p2a: Crabominable|104/321\n|move|p2a: Crabominable|Ice Hammer|p1a: Enamorus\n|-supereffective|p1a: Enamorus\n|-damage|p1a: Enamorus|0 fnt\n|-unboost|p2a: Crabominable|spe|1\n|faint|p1a: Enamorus\n|\n|upkeep\n|\n|t:|1783540086\n|switch|p1a: Hitmonlee|Hitmonlee, L85, M|100/100\n|-damage|p1a: Hitmonlee|94/100|[from] Stealth Rock\n|turn|19\n|inactive|Time left: 300 sec this turn | 300 sec total\n|\n|t:|1783540087\n|move|p1a: Hitmonlee|Close Combat|p2a: Crabominable\n|-damage|p2a: Crabominable|0 fnt\n|-unboost|p1a: Hitmonlee|def|1\n|-unboost|p1a: Hitmonlee|spd|1\n|faint|p2a: Crabominable\n|-enditem|p1a: Hitmonlee|White Herb\n|-clearnegativeboost|p1a: Hitmonlee|[silent]\n|\n|upkeep\n|inactive|Time left: 300 sec this turn | 300 sec total | 5 sec grace\n|\n|t:|1783540087\n|switch|p2a: Rhydon|Rhydon, L85, F|209/317\n|turn|20\n|inactive|Time left: 300 sec this turn | 300 sec total\n|\n|t:|1783540088\n|move|p1a: Hitmonlee|Swords Dance|p1a: Hitmonlee\n|-boost|p1a: Hitmonlee|atk|2\n|move|p2a: Rhydon|Earthquake|p1a: Hitmonlee\n|-damage|p1a: Hitmonlee|1/100\n|\n|upkeep\n|turn|21\n|inactive|Time left: 300 sec this turn | 300 sec total\n|\n|t:|1783540089\n|move|p1a: Hitmonlee|Close Combat|p2a: Rhydon\n|-supereffective|p2a: Rhydon\n|-damage|p2a: Rhydon|0 fnt\n|-unboost|p1a: Hitmonlee|def|1\n|-unboost|p1a: Hitmonlee|spd|1\n|faint|p2a: Rhydon\n|\n|upkeep\n|inactive|Time left: 300 sec this turn | 300 sec total | 5 sec grace\n|\n|t:|1783540090\n|switch|p2a: Raging Bolt|Raging Bolt, L78|323/323\n|turn|22\n|inactive|Time left: 300 sec this turn | 300 sec total\n|\n|t:|1783540091\n|move|p2a: Raging Bolt|Thunderclap|p1a: Hitmonlee\n|-damage|p1a: Hitmonlee|0 fnt\n|faint|p1a: Hitmonlee\n|\n|upkeep\n|\n|t:|1783540092\n|switch|p1a: Cetitan|Cetitan, L82, M|100/100\n|-damage|p1a: Cetitan|76/100|[from] Stealth Rock\n|turn|23\n|inactive|Time left: 300 sec this turn | 300 sec total\n|\n|t:|1783540093\n|move|p1a: Cetitan|Icicle Crash|p2a: Raging Bolt|[miss]\n|-miss|p1a: Cetitan|p2a: Raging Bolt\n|move|p2a: Raging Bolt|Thunderbolt|p1a: Cetitan\n|-damage|p1a: Cetitan|34/100\n|\n|upkeep\n|turn|24\n|inactive|Time left: 300 sec this turn | 300 sec total\n|\n|t:|1783540094\n|move|p2a: Raging Bolt|Thunderclap|p1a: Cetitan\n|-damage|p1a: Cetitan|3/100\n|move|p1a: Cetitan|Icicle Crash|p2a: Raging Bolt\n|-supereffective|p2a: Raging Bolt\n|-damage|p2a: Raging Bolt|0 fnt\n|faint|p2a: Raging Bolt\n|-end|p2a: Raging Bolt|Protosynthesis|[silent]\n|\n|win|p0x07589db", "uploadtime": 1783540094, "views": 0, "rating": 0, "private": 0, "password": null, "_winner": "p0x07589db", "_our_name": "p0y0754d8b"}