{"id": "battle-gen9randombattle-1252", "formatid": "gen9randombattle", "format": "[Gen 9] Random Battle", "players": ["p0x1252a2ae", "p0y1252a92a"], "log": "|init|battle\n|title|p0x1252a2ae vs. p0y1252a92a\n|j|\u2606p0x1252a2ae\n|j|\u2606p0y1252a92a\n|t:|1783553638\n|gametype|singles\n|player|p1|p0x1252a2ae|1|\n|player|p2|p0y1252a92a|169|\n|gen|9\n|tier|[Gen 9] Random Battle\n|rule|Species Clause: Limit one of each Pok\u00e9mon\n|rule|HP Percentage Mod: HP is shown in percentages\n|rule|Sleep Clause Mod: Limit one foe put to sleep\n|rule|Illusion Level Mod: Illusion disguises the Pok\u00e9mon's true level\n|\n|t:|1783553638\n|teamsize|p1|6\n|teamsize|p2|6\n|start\n|switch|p1a: Bronzong|Bronzong, L88|261/261\n|switch|p2a: Avalugg|Avalugg-Hisui, L90, F|100/100\n|turn|1\n|inactive|Battle timer is ON: inactive players will automatically lose when time's up. (requested by p0y1252a92a)\n|inactive|Time left: 300 sec this turn | 300 sec total | 60 sec grace\n|\n|t:|1783553640\n|switch|p2a: Ampharos|Ampharos, L88, F|100/100\n|move|p1a: Bronzong|Iron Head|p2a: Ampharos\n|-resisted|p2a: Ampharos\n|-damage|p2a: Ampharos|86/100\n|\n|upkeep\n|turn|2\n|inactive|Time left: 300 sec this turn | 300 sec total\n|inactive|p0x1252a2ae also wants the timer to be on.\n|\n|t:|1783553641\n|move|p2a: Ampharos|Thunderbolt|p1a: Bronzong\n|-damage|p1a: Bronzong|164/261\n|move|p1a: Bronzong|Psychic|p2a: Ampharos\n|-damage|p2a: Ampharos|67/100\n|\n|-heal|p1a: Bronzong|180/261|[from] item: Leftovers\n|upkeep\n|turn|3\n|inactive|Time left: 300 sec this turn | 300 sec total\n|\n|t:|1783553643\n|move|p2a: Ampharos|Thunderbolt|p1a: Bronzong\n|-damage|p1a: Bronzong|89/261\n|move|p1a: Bronzong|Earthquake|p2a: Ampharos\n|-supereffective|p2a: Ampharos\n|-damage|p2a: Ampharos|21/100\n|\n|-heal|p1a: Bronzong|105/261|[from] item: Leftovers\n|upkeep\n|turn|4\n|inactive|Time left: 300 sec this turn | 300 sec total\n|\n|t:|1783553644\n|switch|p1a: Rotom|Rotom, L88|231/231\n|move|p2a: Ampharos|Thunderbolt|p1a: Rotom\n|-resisted|p1a: Rotom\n|-damage|p1a: Rotom|170/231\n|\n|upkeep\n|turn|5\n|inactive|Time left: 300 sec this turn | 300 sec total\n|\n|t:|1783553645\n|move|p1a: Rotom|Shadow Ball|p2a: Ampharos\n|-damage|p2a: Ampharos|0 fnt\n|faint|p2a: Ampharos\n|-damage|p1a: Rotom|147/231|[from] item: Life Orb\n|\n|upkeep\n|\n|t:|1783553646\n|switch|p2a: Ariados|Ariados, L95, F|100/100\n|turn|6\n|inactive|Time left: 300 sec this turn | 300 sec total\n|\n|t:|1783553647\n|move|p1a: Rotom|Will-O-Wisp|p2a: Ariados\n|-status|p2a: Ariados|brn\n|move|p2a: Ariados|Sticky Web|p1a: Rotom\n|-sidestart|p1: p0x1252a2ae|move: Sticky Web\n|\n|-damage|p2a: Ariados|95/100 brn|[from] brn\n|upkeep\n|turn|7\n|inactive|Time left: 300 sec this turn | 300 sec total\n|\n|t:|1783553648\n|move|p1a: Rotom|Nasty Plot|p1a: Rotom\n|-boost|p1a: Rotom|spa|2\n|move|p2a: Ariados|Megahorn|p1a: Rotom\n|-resisted|p1a: Rotom\n|-damage|p1a: Rotom|110/231\n|\n|-damage|p2a: Ariados|89/100 brn|[from] brn\n|upkeep\n|turn|8\n|inactive|Time left: 300 sec this turn | 300 sec total\n|\n|t:|1783553649\n|move|p2a: Ariados|Sucker Punch|p1a: Rotom\n|-supereffective|p1a: Rotom\n|-damage|p1a: Rotom|41/231\n|move|p1a: Rotom|Thunderbolt|p2a: Ariados\n|-damage|p2a: Ariados|0 fnt\n|faint|p2a: Ariados\n|-damage|p1a: Rotom|18/231|[from] item: Life Orb\n|\n|upkeep\n|\n|t:|1783553650\n|switch|p2a: Hippowdon|Hippowdon, L82, M|100/100\n|-weather|Sandstorm|[from] ability: Sand Stream|[of] p2a: Hippowdon\n|turn|9\n|inactive|Time left: 300 sec this turn | 300 sec total\n|\n|t:|1783553651\n|-terastallize|p1a: Rotom|Ghost\n|move|p1a: Rotom|Shadow Ball|p2a: Hippowdon\n|-damage|p2a: Hippowdon|0 fnt\n|faint|p2a: Hippowdon\n|-damage|p1a: Rotom|0 fnt|[from] item: Life Orb\n|faint|p1a: Rotom\n|\n|-weather|Sandstorm|[upkeep]\n|upkeep\n|inactive|Time left: 300 sec this turn | 300 sec total | 5 sec grace\n|\n|t:|1783553652\n|switch|p1a: Weezing|Weezing-Galar, L86, M|252/252\n|switch|p2a: Seviper|Seviper, L93, F|100/100\n|turn|10\n|inactive|Time left: 300 sec this turn | 300 sec total\n|\n|t:|1783553653\n|move|p2a: Seviper|Flamethrower|p1a: Weezing\n|-damage|p1a: Weezing|131/252\n|-damage|p2a: Seviper|91/100|[from] item: Life Orb\n|move|p1a: Weezing|Defog|p2a: Seviper\n|-unboost|p2a: Seviper|evasion|1\n|-sideend|p1: p0x1252a2ae|Sticky Web|[from] move: Defog|[of] p1a: Weezing\n|\n|-weather|Sandstorm|[upkeep]\n|-damage|p2a: Seviper|85/100|[from] Sandstorm\n|-damage|p1a: Weezing|116/252|[from] Sandstorm\n|-heal|p1a: Weezing|131/252|[from] item: Leftovers\n|upkeep\n|turn|11\n|inactive|Time left: 300 sec this turn | 300 sec total\n|\n|t:|1783553654\n|move|p2a: Seviper|Flamethrower|p1a: Weezing\n|-damage|p1a: Weezing|21/252\n|-damage|p2a: Seviper|75/100|[from] item: Life Orb\n|move|p1a: Weezing|Pain Split|p2a: Seviper\n|-sethp|p2a: Seviper|41/100|[from] move: Pain Split|[silent]\n|-sethp|p1a: Weezing|117/252|[from] move: Pain Split\n|\n|-weather|Sandstorm|[upkeep]\n|-damage|p2a: Seviper|35/100|[from] Sandstorm\n|-damage|p1a: Weezing|102/252|[from] Sandstorm\n|-heal|p1a: Weezing|117/252|[from] item: Leftovers\n|upkeep\n|turn|12\n|inactive|Time left: 300 sec this turn | 300 sec total\n|\n|t:|1783553655\n|switch|p1a: Bronzong|Bronzong, L88|105/261\n|move|p2a: Seviper|Flamethrower|p1a: Bronzong\n|-supereffective|p1a: Bronzong\n|-damage|p1a: Bronzong|0 fnt\n|faint|p1a: Bronzong\n|-damage|p2a: Seviper|26/100|[from] item: Life Orb\n|\n|-weather|Sandstorm|[upkeep]\n|-damage|p2a: Seviper|20/100|[from] Sandstorm\n|upkeep\n|inactive|Time left: 300 sec this turn | 300 sec total | 5 sec grace\n|\n|t:|1783553656\n|switch|p1a: Chien-Pao|Chien-Pao, L72|234/234\n|-ability|p1a: Chien-Pao|Sword of Ruin\n|turn|13\n|inactive|Time left: 300 sec this turn | 300 sec total\n|\n|t:|1783553657\n|switch|p2a: Avalugg|Avalugg-Hisui, L90, F|100/100\n|move|p1a: Chien-Pao|Sacred Sword|p2a: Avalugg\n|-supereffective|p2a: Avalugg\n|-damage|p2a: Avalugg|24/100\n|\n|-weather|none\n|upkeep\n|turn|14\n|inactive|Time left: 300 sec this turn | 300 sec total\n|\n|t:|1783553658\n|-terastallize|p2a: Avalugg|Ghost\n|move|p1a: Chien-Pao|Sacred Sword|p2a: Avalugg\n|-immune|p2a: Avalugg\n|move|p2a: Avalugg|Recover|p2a: Avalugg\n|-heal|p2a: Avalugg|74/100\n|\n|upkeep\n|turn|15\n|inactive|Time left: 300 sec this turn | 300 sec total\n|\n|t:|1783553659\n|switch|p1a: Necrozma|Necrozma, L80|286/286\n|move|p2a: Avalugg|Stone Edge|p1a: Necrozma|[miss]\n|-miss|p2a: Avalugg|p1a: Necrozma\n|\n|upkeep\n|turn|16\n|inactive|Time left: 300 sec this turn | 300 sec total\n|\n|t:|1783553660\n|move|p1a: Necrozma|Photon Geyser|p2a: Avalugg\n|-damage|p2a: Avalugg|14/100\n|move|p2a: Avalugg|Avalanche|p1a: Necrozma\n|-damage|p1a: Necrozma|106/286\n|\n|upkeep\n|turn|17\n|inactive|Time left: 300 sec this turn | 300 sec total\n|\n|t:|1783553661\n|move|p1a: Necrozma|Photon Geyser|p2a: Avalugg\n|-damage|p2a: Avalugg|0 fnt\n|faint|p2a: Avalugg\n|\n|upkeep\n|\n|t:|1783553662\n|switch|p2a: Seviper|Seviper, L93, F|20/100\n|turn|18\n|inactive|Time left: 300 sec this turn | 300 sec total\n|\n|t:|1783553663\n|move|p2a: Seviper|Gunk Shot|p1a: Necrozma|[miss]\n|-miss|p2a: Seviper|p1a: Necrozma\n|move|p1a: Necrozma|Knock Off|p2a: Seviper\n|-damage|p2a: Seviper|0 fnt\n|-enditem|p2a: Seviper|Life Orb|[from] move: Knock Off|[of] p1a: Necrozma\n|faint|p2a: Seviper\n|\n|upkeep\n|\n|t:|1783553664\n|switch|p2a: Dondozo|Dondozo, L78, F|100/100\n|turn|19\n|inactive|Time left: 300 sec this turn | 300 sec total\n|\n|t:|1783553665\n|move|p1a: Necrozma|Photon Geyser|p2a: Dondozo\n|-damage|p2a: Dondozo|59/100\n|move|p2a: Dondozo|Curse|p2a: Dondozo\n|-unboost|p2a: Dondozo|spe|1\n|-boost|p2a: Dondozo|atk|1\n|-boost|p2a: Dondozo|def|1\n|\n|-heal|p2a: Dondozo|65/100|[from] item: Leftovers\n|upkeep\n|turn|20\n|inactive|Time left: 300 sec this turn | 300 sec total\n|\n|t:|1783553666\n|move|p1a: Necrozma|Photon Geyser|p2a: Dondozo\n|-damage|p2a: Dondozo|21/100\n|move|p2a: Dondozo|Rest|p2a: Dondozo\n|-status|p2a: Dondozo|slp|[from] move: Rest\n|-heal|p2a: Dondozo|100/100 slp|[silent]\n|\n|upkeep\n|turn|21\n|inactive|Time left: 300 sec this turn | 300 sec total\n|\n|t:|1783553668\n|move|p1a: Necrozma|Photon Geyser|p2a: Dondozo\n|-damage|p2a: Dondozo|55/100 slp\n|cant|p2a: Dondozo|slp\n|move|p2a: Dondozo|Sleep Talk|p2a: Dondozo\n|move|p2a: Dondozo|Wave Crash|p1a: Necrozma|[from] move: Sleep Talk\n|-damage|p1a: Necrozma|0 fnt\n|faint|p1a: Necrozma\n|-damage|p2a: Dondozo|45/100 slp|[from] Recoil\n|\n|-heal|p2a: Dondozo|51/100 slp|[from] item: Leftovers\n|upkeep\n|inactive|Time left: 300 sec this turn | 300 sec total | 5 sec grace\n|\n|t:|1783553669\n|switch|p1a: Weezing|Weezing-Galar, L86, M|117/252\n|turn|22\n|inactive|Time left: 300 sec this turn | 300 sec total\n|\n|t:|1783553670\n|move|p1a: Weezing|Strange Steam|p2a: Dondozo\n|-damage|p2a: Dondozo|16/100 slp\n|cant|p2a: Dondozo|slp\n|move|p2a: Dondozo|Sleep Talk|p2a: Dondozo\n|move|p2a: Dondozo|Rest||[from] move: Sleep Talk|[still]\n|-fail|p2a: Dondozo\n|\n|-heal|p1a: Weezing|132/252|[from] item: Leftovers\n|-heal|p2a: Dondozo|22/100 slp|[from] item: Leftovers\n|upkeep\n|turn|23\n|inactive|Time left: 300 sec this turn | 300 sec total\n|\n|t:|1783553671\n|move|p1a: Weezing|Strange Steam|p2a: Dondozo\n|-damage|p2a: Dondozo|0 fnt\n|faint|p2a: Dondozo\n|\n|win|p0x1252a2ae", "uploadtime": 1783553671, "views": 0, "rating": 0, "private": 0, "password": null, "_winner": "p0x1252a2ae", "_our_name": "p0x1252a2ae"}