{"id": "battle-gen9randombattle-2069", "formatid": "gen9randombattle", "format": "[Gen 9] Random Battle", "players": ["p0x2069fef0", "p0y20693a5a"], "log": "|init|battle\n|title|p0x2069fef0 vs. p0y20693a5a\n|j|\u2606p0x2069fef0\n|j|\u2606p0y20693a5a\n|t:|1783563158\n|gametype|singles\n|player|p1|p0x2069fef0|265|\n|player|p2|p0y20693a5a|265|\n|gen|9\n|tier|[Gen 9] Random Battle\n|rule|Species Clause: Limit one of each Pok\u00e9mon\n|rule|HP Percentage Mod: HP is shown in percentages\n|rule|Sleep Clause Mod: Limit one foe put to sleep\n|rule|Illusion Level Mod: Illusion disguises the Pok\u00e9mon's true level\n|\n|t:|1783563158\n|teamsize|p1|6\n|teamsize|p2|6\n|start\n|switch|p1a: Magcargo|Magcargo, L95, M|100/100\n|switch|p2a: Chien-Pao|Chien-Pao, L72|234/234\n|-ability|p2a: Chien-Pao|Sword of Ruin\n|turn|1\n|inactive|Battle timer is ON: inactive players will automatically lose when time's up. (requested by p0x2069fef0)\n|inactive|Time left: 300 sec this turn | 300 sec total | 60 sec grace\n|inactive|p0y20693a5a also wants the timer to be on.\n|\n|t:|1783563159\n|switch|p2a: Quagsire|Quagsire, L84, M|297/297\n|move|p1a: Magcargo|Power Gem|p2a: Quagsire\n|-resisted|p2a: Quagsire\n|-damage|p2a: Quagsire|231/297\n|\n|-heal|p2a: Quagsire|249/297|[from] item: Leftovers\n|upkeep\n|turn|2\n|inactive|Time left: 300 sec this turn | 300 sec total\n|\n|t:|1783563160\n|move|p1a: Magcargo|Stealth Rock|p2a: Quagsire\n|-sidestart|p2: p0y20693a5a|move: Stealth Rock\n|move|p2a: Quagsire|Earthquake|p1a: Magcargo\n|-supereffective|p1a: Magcargo\n|-damage|p1a: Magcargo|2/100\n|\n|-heal|p2a: Quagsire|267/297|[from] item: Leftovers\n|upkeep\n|turn|3\n|inactive|Time left: 300 sec this turn | 300 sec total\n|\n|t:|1783563161\n|move|p1a: Magcargo|Recover|p1a: Magcargo\n|-heal|p1a: Magcargo|52/100\n|move|p2a: Quagsire|Earthquake|p1a: Magcargo\n|-supereffective|p1a: Magcargo\n|-damage|p1a: Magcargo|0 fnt\n|faint|p1a: Magcargo\n|\n|-heal|p2a: Quagsire|285/297|[from] item: Leftovers\n|upkeep\n|\n|t:|1783563162\n|switch|p1a: Ambipom|Ambipom, L84, M|100/100\n|turn|4\n|inactive|Time left: 300 sec this turn | 300 sec total\n|\n|t:|1783563163\n|-terastallize|p1a: Ambipom|Ice\n|move|p1a: Ambipom|Triple Axel|p2a: Quagsire\n|-damage|p2a: Quagsire|236/297\n|-damage|p2a: Quagsire|133/297\n|-crit|p2a: Quagsire\n|-damage|p2a: Quagsire|0 fnt\n|faint|p2a: Quagsire\n|-hitcount|p2: Quagsire|3\n|\n|upkeep\n|inactive|Time left: 300 sec this turn | 300 sec total | 5 sec grace\n|\n|t:|1783563164\n|switch|p2a: Magmortar|Magmortar, L88, M|275/275\n|turn|5\n|inactive|Time left: 300 sec this turn | 300 sec total\n|\n|t:|1783563165\n|move|p1a: Ambipom|Triple Axel|p2a: Magmortar\n|-resisted|p2a: Magmortar\n|-crit|p2a: Magmortar\n|-damage|p2a: Magmortar|231/275\n|-resisted|p2a: Magmortar\n|-damage|p2a: Magmortar|175/275\n|-resisted|p2a: Magmortar\n|-damage|p2a: Magmortar|88/275\n|-status|p1a: Ambipom|brn|[from] ability: Flame Body|[of] p2a: Magmortar\n|-hitcount|p2a: Magmortar|3\n|move|p2a: Magmortar|Fire Blast|p1a: Ambipom\n|-supereffective|p1a: Ambipom\n|-damage|p1a: Ambipom|0 fnt\n|faint|p1a: Ambipom\n|\n|upkeep\n|\n|t:|1783563166\n|switch|p1a: Passimian|Passimian, L83, F|100/100\n|turn|6\n|inactive|Time left: 300 sec this turn | 300 sec total\n|\n|t:|1783563167\n|move|p1a: Passimian|Earthquake|p2a: Magmortar\n|-supereffective|p2a: Magmortar\n|-damage|p2a: Magmortar|0 fnt\n|faint|p2a: Magmortar\n|\n|upkeep\n|inactive|Time left: 300 sec this turn | 300 sec total | 5 sec grace\n|\n|t:|1783563168\n|switch|p2a: Bombirdier|Bombirdier, L85, M|258/258\n|turn|7\n|inactive|Time left: 300 sec this turn | 300 sec total\n|\n|t:|1783563169\n|switch|p1a: Sandy Shocks|Sandy Shocks, L80|100/100\n|move|p2a: Bombirdier|Brave Bird|p1a: Sandy Shocks\n|-resisted|p1a: Sandy Shocks\n|-damage|p1a: Sandy Shocks|77/100\n|-damage|p2a: Bombirdier|237/258|[from] Recoil\n|\n|upkeep\n|turn|8\n|inactive|Time left: 300 sec this turn | 300 sec total\n|\n|t:|1783563170\n|switch|p2a: Koraidon|Koraidon, L64|235/235\n|-damage|p2a: Koraidon|221/235|[from] Stealth Rock\n|-weather|SunnyDay|[from] ability: Orichalcum Pulse|[of] p2a: Koraidon\n|-activate|p1a: Sandy Shocks|ability: Protosynthesis\n|-start|p1a: Sandy Shocks|protosynthesisspa\n|-activate|p2a: Koraidon|Orichalcum Pulse|[source]\n|move|p1a: Sandy Shocks|Thunderbolt|p2a: Koraidon\n|-resisted|p2a: Koraidon\n|-damage|p2a: Koraidon|147/235\n|\n|-weather|SunnyDay|[upkeep]\n|upkeep\n|turn|9\n|inactive|Time left: 300 sec this turn | 300 sec total\n|\n|t:|1783563171\n|move|p2a: Koraidon|Flare Blitz|p1a: Sandy Shocks\n|-damage|p1a: Sandy Shocks|32/100\n|-damage|p2a: Koraidon|107/235|[from] Recoil\n|move|p1a: Sandy Shocks|Earth Power|p2a: Koraidon\n|-damage|p2a: Koraidon|0 fnt\n|faint|p2a: Koraidon\n|\n|-weather|SunnyDay|[upkeep]\n|upkeep\n|inactive|Time left: 300 sec this turn | 300 sec total | 5 sec grace\n|\n|t:|1783563172\n|switch|p2a: Chien-Pao|Chien-Pao, L72|234/234\n|-ability|p2a: Chien-Pao|Sword of Ruin\n|turn|10\n|inactive|Time left: 300 sec this turn | 300 sec total\n|\n|t:|1783563173\n|-end|p1a: Sandy Shocks|Protosynthesis|[silent]\n|switch|p1a: Passimian|Passimian, L83, F|100/100\n|move|p2a: Chien-Pao|Throat Chop|p1a: Passimian\n|-resisted|p1a: Passimian\n|-damage|p1a: Passimian|85/100\n|-start|p1a: Passimian|Throat Chop|[silent]\n|\n|-weather|SunnyDay|[upkeep]\n|upkeep\n|turn|11\n|inactive|Time left: 300 sec this turn | 300 sec total\n|\n|t:|1783563174\n|switch|p2a: Sudowoodo|Sudowoodo, L94, F|284/284\n|-damage|p2a: Sudowoodo|249/284|[from] Stealth Rock\n|move|p1a: Passimian|Close Combat|p2a: Sudowoodo\n|-supereffective|p2a: Sudowoodo\n|-damage|p2a: Sudowoodo|39/284\n|-unboost|p1a: Passimian|def|1\n|-unboost|p1a: Passimian|spd|1\n|\n|-weather|SunnyDay|[upkeep]\n|-heal|p2a: Sudowoodo|56/284|[from] item: Leftovers\n|-end|p1a: Passimian|Throat Chop|[silent]\n|upkeep\n|turn|12\n|inactive|Time left: 300 sec this turn | 300 sec total\n|\n|t:|1783563175\n|move|p1a: Passimian|Close Combat|p2a: Sudowoodo\n|-supereffective|p2a: Sudowoodo\n|-crit|p2a: Sudowoodo\n|-damage|p2a: Sudowoodo|0 fnt\n|-unboost|p1a: Passimian|def|1\n|-unboost|p1a: Passimian|spd|1\n|faint|p2a: Sudowoodo\n|\n|-weather|none\n|upkeep\n|inactive|Time left: 300 sec this turn | 300 sec total | 5 sec grace\n|\n|t:|1783563177\n|switch|p2a: Bombirdier|Bombirdier, L85, M|237/258\n|turn|13\n|inactive|Time left: 300 sec this turn | 300 sec total\n|\n|t:|1783563178\n|move|p1a: Passimian|Close Combat|p2a: Bombirdier\n|-crit|p2a: Bombirdier\n|-damage|p2a: Bombirdier|0 fnt\n|-unboost|p1a: Passimian|def|1\n|-unboost|p1a: Passimian|spd|1\n|faint|p2a: Bombirdier\n|\n|upkeep\n|inactive|Time left: 300 sec this turn | 300 sec total | 5 sec grace\n|\n|t:|1783563178\n|switch|p2a: Chien-Pao|Chien-Pao, L72|234/234\n|-ability|p2a: Chien-Pao|Sword of Ruin\n|turn|14\n|inactive|Time left: 300 sec this turn | 300 sec total\n|\n|t:|1783563179\n|move|p1a: Passimian|Close Combat|p2a: Chien-Pao\n|-supereffective|p2a: Chien-Pao\n|-damage|p2a: Chien-Pao|0 fnt\n|-unboost|p1a: Passimian|def|1\n|-unboost|p1a: Passimian|spd|1\n|faint|p2a: Chien-Pao\n|\n|win|p0x2069fef0", "uploadtime": 1783563179, "views": 0, "rating": 0, "private": 0, "password": null, "_winner": "p0x2069fef0", "_our_name": "p0y20693a5a"}