{"id": "battle-gen9randombattle-225", "formatid": "gen9randombattle", "format": "[Gen 9] Random Battle", "players": ["p0x225e3ef", "p0y22534e8"], "log": "|init|battle\n|title|p0x225e3ef vs. p0y22534e8\n|j|\u2606p0x225e3ef\n|j|\u2606p0y22534e8\n|t:|1783541708\n|gametype|singles\n|player|p1|p0x225e3ef|1|\n|player|p2|p0y22534e8|265|\n|gen|9\n|tier|[Gen 9] Random Battle\n|rule|Species Clause: Limit one of each Pok\u00e9mon\n|rule|HP Percentage Mod: HP is shown in percentages\n|rule|Sleep Clause Mod: Limit one foe put to sleep\n|rule|Illusion Level Mod: Illusion disguises the Pok\u00e9mon's true level\n|\n|t:|1783541708\n|teamsize|p1|6\n|teamsize|p2|6\n|start\n|switch|p1a: Flygon|Flygon, L82, F|100/100\n|switch|p2a: Persian|Persian-Alola, L86, M|252/252\n|turn|1\n|inactive|Battle timer is ON: inactive players will automatically lose when time's up. (requested by p0y22534e8)\n|inactive|p0x225e3ef also wants the timer to be on.\n|\n|t:|1783541710\n|move|p2a: Persian|Nasty Plot|p2a: Persian\n|-boost|p2a: Persian|spa|2\n|move|p1a: Flygon|Dragon Dance|p1a: Flygon\n|-boost|p1a: Flygon|atk|1\n|-boost|p1a: Flygon|spe|1\n|\n|upkeep\n|turn|2\n|inactive|Time left: 300 sec this turn | 300 sec total\n|\n|t:|1783541711\n|move|p1a: Flygon|Outrage|p2a: Persian\n|-damage|p2a: Persian|134/252\n|move|p2a: Persian|Dark Pulse|p1a: Flygon\n|-damage|p1a: Flygon|28/100\n|-damage|p2a: Persian|109/252|[from] item: Life Orb\n|\n|upkeep\n|turn|3\n|inactive|Time left: 300 sec this turn | 300 sec total\n|\n|t:|1783541713\n|switch|p2a: Primarina|Primarina, L83, M|268/268\n|move|p1a: Flygon|Outrage|p2a: Primarina|[from] lockedmove\n|-immune|p2a: Primarina\n|-start|p1a: Flygon|confusion|[fatigue]\n|-enditem|p1a: Flygon|Lum Berry|[eat]\n|-end|p1a: Flygon|confusion\n|\n|upkeep\n|turn|4\n|inactive|Time left: 300 sec this turn | 300 sec total\n|\n|t:|1783541714\n|move|p1a: Flygon|Earthquake|p2a: Primarina\n|-damage|p2a: Primarina|87/268\n|move|p2a: Primarina|Psychic Noise|p1a: Flygon\n|-damage|p1a: Flygon|0 fnt\n|faint|p1a: Flygon\n|\n|-heal|p2a: Primarina|103/268|[from] item: Leftovers\n|upkeep\n|\n|t:|1783541715\n|switch|p1a: Necrozma|Necrozma-Dawn-Wings, L76|100/100\n|turn|5\n|inactive|Time left: 300 sec this turn | 300 sec total\n|\n|t:|1783541716\n|switch|p2a: Mabosstiff|Mabosstiff, L86, M|278/278\n|move|p1a: Necrozma|Moongeist Beam|p2a: Mabosstiff\n|-resisted|p2a: Mabosstiff\n|-damage|p2a: Mabosstiff|209/278\n|\n|upkeep\n|turn|6\n|inactive|Time left: 300 sec this turn | 300 sec total\n|\n|t:|1783541718\n|-terastallize|p1a: Necrozma|Fairy\n|move|p2a: Mabosstiff|Crunch|p1a: Necrozma\n|-resisted|p1a: Necrozma\n|-damage|p1a: Necrozma|75/100\n|move|p1a: Necrozma|Calm Mind|p1a: Necrozma\n|-boost|p1a: Necrozma|spa|1\n|-boost|p1a: Necrozma|spd|1\n|\n|-heal|p1a: Necrozma|81/100|[from] item: Leftovers\n|upkeep\n|turn|7\n|inactive|Time left: 300 sec this turn | 300 sec total\n|\n|t:|1783541719\n|move|p2a: Mabosstiff|Crunch|p1a: Necrozma\n|-resisted|p1a: Necrozma\n|-damage|p1a: Necrozma|54/100\n|move|p1a: Necrozma|Moongeist Beam|p2a: Mabosstiff\n|-resisted|p2a: Mabosstiff\n|-damage|p2a: Mabosstiff|98/278\n|\n|-heal|p1a: Necrozma|60/100|[from] item: Leftovers\n|upkeep\n|turn|8\n|inactive|Time left: 300 sec this turn | 300 sec total\n|\n|t:|1783541720\n|move|p2a: Mabosstiff|Crunch|p1a: Necrozma\n|-resisted|p1a: Necrozma\n|-damage|p1a: Necrozma|32/100\n|move|p1a: Necrozma|Moongeist Beam|p2a: Mabosstiff\n|-resisted|p2a: Mabosstiff\n|-damage|p2a: Mabosstiff|0 fnt\n|faint|p2a: Mabosstiff\n|\n|-heal|p1a: Necrozma|39/100|[from] item: Leftovers\n|upkeep\n|inactive|Time left: 300 sec this turn | 300 sec total | 5 sec grace\n|\n|t:|1783541721\n|switch|p2a: Koraidon|Koraidon, L64|235/235\n|-weather|SunnyDay|[from] ability: Orichalcum Pulse|[of] p2a: Koraidon\n|-activate|p2a: Koraidon|Orichalcum Pulse|[source]\n|turn|9\n|inactive|Time left: 300 sec this turn | 300 sec total\n|\n|t:|1783541722\n|switch|p1a: Poliwrath|Poliwrath, L88, M|100/100\n|move|p2a: Koraidon|Flare Blitz|p1a: Poliwrath\n|-resisted|p1a: Poliwrath\n|-damage|p1a: Poliwrath|71/100\n|-damage|p2a: Koraidon|205/235|[from] Recoil\n|\n|-weather|SunnyDay|[upkeep]\n|-heal|p1a: Poliwrath|77/100|[from] item: Leftovers\n|upkeep\n|turn|10\n|inactive|Time left: 300 sec this turn | 300 sec total\n|\n|t:|1783541723\n|switch|p2a: Primarina|Primarina, L83, M|103/268\n|move|p1a: Poliwrath|Drain Punch|p2a: Primarina\n|-resisted|p2a: Primarina\n|-damage|p2a: Primarina|58/268\n|-heal|p1a: Poliwrath|84/100|[from] drain|[of] p2a: Primarina\n|\n|-weather|SunnyDay|[upkeep]\n|-heal|p1a: Poliwrath|90/100|[from] item: Leftovers\n|-heal|p2a: Primarina|74/268|[from] item: Leftovers\n|upkeep\n|turn|11\n|inactive|Time left: 300 sec this turn | 300 sec total\n|\n|t:|1783541725\n|move|p1a: Poliwrath|Drain Punch|p2a: Primarina\n|-resisted|p2a: Primarina\n|-damage|p2a: Primarina|26/268\n|-heal|p1a: Poliwrath|98/100|[from] drain|[of] p2a: Primarina\n|move|p2a: Primarina|Moonblast|p1a: Poliwrath\n|-supereffective|p1a: Poliwrath\n|-damage|p1a: Poliwrath|25/100\n|\n|-weather|SunnyDay|[upkeep]\n|-heal|p1a: Poliwrath|31/100|[from] item: Leftovers\n|-heal|p2a: Primarina|42/268|[from] item: Leftovers\n|upkeep\n|turn|12\n|inactive|Time left: 300 sec this turn | 300 sec total\n|\n|t:|1783541726\n|move|p1a: Poliwrath|Drain Punch|p2a: Primarina\n|-resisted|p2a: Primarina\n|-damage|p2a: Primarina|0 fnt\n|-heal|p1a: Poliwrath|38/100|[from] drain|[of] p2a: Primarina\n|faint|p2a: Primarina\n|\n|-weather|SunnyDay|[upkeep]\n|-heal|p1a: Poliwrath|44/100|[from] item: Leftovers\n|upkeep\n|inactive|Time left: 300 sec this turn | 300 sec total | 5 sec grace\n|\n|t:|1783541727\n|switch|p2a: Toucannon|Toucannon, L88, M|284/284\n|turn|13\n|inactive|Time left: 300 sec this turn | 300 sec total\n|\n|t:|1783541728\n|-singleturn|p2a: Toucannon|move: Beak Blast\n|move|p1a: Poliwrath|Drain Punch|p2a: Toucannon\n|-damage|p2a: Toucannon|185/284\n|-heal|p1a: Poliwrath|60/100|[from] drain|[of] p2a: Toucannon\n|-status|p1a: Poliwrath|brn\n|move|p2a: Toucannon|Beak Blast|p1a: Poliwrath\n|-supereffective|p1a: Poliwrath\n|-damage|p1a: Poliwrath|0 fnt\n|faint|p1a: Poliwrath\n|\n|-weather|none\n|upkeep\n|\n|t:|1783541729\n|switch|p1a: Regieleki|Regieleki, L79|100/100\n|turn|14\n|inactive|Time left: 300 sec this turn | 300 sec total\n|\n|t:|1783541730\n|switch|p2a: Koraidon|Koraidon, L64|205/235\n|-weather|SunnyDay|[from] ability: Orichalcum Pulse|[of] p2a: Koraidon\n|-activate|p2a: Koraidon|Orichalcum Pulse|[source]\n|move|p1a: Regieleki|Thunderbolt|p2a: Koraidon\n|-resisted|p2a: Koraidon\n|-damage|p2a: Koraidon|119/235\n|\n|-weather|SunnyDay|[upkeep]\n|upkeep\n|turn|15\n|inactive|Time left: 300 sec this turn | 300 sec total\n|\n|t:|1783541731\n|move|p1a: Regieleki|Thunderbolt|p2a: Koraidon\n|-resisted|p2a: Koraidon\n|-damage|p2a: Koraidon|41/235\n|move|p2a: Koraidon|Close Combat|p1a: Regieleki\n|-damage|p1a: Regieleki|0 fnt\n|-unboost|p2a: Koraidon|def|1\n|-unboost|p2a: Koraidon|spd|1\n|faint|p1a: Regieleki\n|\n|-weather|SunnyDay|[upkeep]\n|upkeep\n|\n|t:|1783541732\n|switch|p1a: Necrozma|Necrozma-Dawn-Wings, L76, tera:Fairy|39/100\n|turn|16\n|inactive|Time left: 300 sec this turn | 300 sec total\n|\n|t:|1783541733\n|move|p2a: Koraidon|Close Combat|p1a: Necrozma\n|-resisted|p1a: Necrozma\n|-damage|p1a: Necrozma|5/100\n|-unboost|p2a: Koraidon|def|1\n|-unboost|p2a: Koraidon|spd|1\n|move|p1a: Necrozma|Moonlight|p1a: Necrozma\n|-heal|p1a: Necrozma|72/100\n|\n|-weather|SunnyDay|[upkeep]\n|-heal|p1a: Necrozma|78/100|[from] item: Leftovers\n|upkeep\n|turn|17\n|inactive|Time left: 300 sec this turn | 300 sec total\n|\n|t:|1783541734\n|move|p2a: Koraidon|Close Combat|p1a: Necrozma\n|-resisted|p1a: Necrozma\n|-damage|p1a: Necrozma|46/100\n|-unboost|p2a: Koraidon|def|1\n|-unboost|p2a: Koraidon|spd|1\n|move|p1a: Necrozma|Calm Mind|p1a: Necrozma\n|-boost|p1a: Necrozma|spa|1\n|-boost|p1a: Necrozma|spd|1\n|\n|-weather|SunnyDay|[upkeep]\n|-heal|p1a: Necrozma|52/100|[from] item: Leftovers\n|upkeep\n|turn|18\n|inactive|Time left: 300 sec this turn | 300 sec total\n|\n|t:|1783541735\n|move|p2a: Koraidon|Close Combat|p1a: Necrozma\n|-resisted|p1a: Necrozma\n|-damage|p1a: Necrozma|17/100\n|-unboost|p2a: Koraidon|def|1\n|-unboost|p2a: Koraidon|spd|1\n|move|p1a: Necrozma|Moonlight|p1a: Necrozma\n|-heal|p1a: Necrozma|84/100\n|\n|-weather|none\n|-heal|p1a: Necrozma|90/100|[from] item: Leftovers\n|upkeep\n|turn|19\n|inactive|Time left: 300 sec this turn | 300 sec total\n|\n|t:|1783541736\n|switch|p2a: Persian|Persian-Alola, L86, M|109/252\n|move|p1a: Necrozma|Calm Mind|p1a: Necrozma\n|-boost|p1a: Necrozma|spa|1\n|-boost|p1a: Necrozma|spd|1\n|\n|-heal|p1a: Necrozma|96/100|[from] item: Leftovers\n|upkeep\n|turn|20\n|inactive|Time left: 300 sec this turn | 300 sec total\n|\n|t:|1783541736\n|move|p2a: Persian|Thunderbolt|p1a: Necrozma\n|-damage|p1a: Necrozma|85/100\n|-damage|p2a: Persian|84/252|[from] item: Life Orb\n|move|p1a: Necrozma|Moongeist Beam|p2a: Persian\n|-resisted|p2a: Persian\n|-damage|p2a: Persian|0 fnt\n|faint|p2a: Persian\n|\n|-heal|p1a: Necrozma|92/100|[from] item: Leftovers\n|upkeep\n|inactive|Time left: 300 sec this turn | 300 sec total | 5 sec grace\n|\n|t:|1783541737\n|switch|p2a: Koraidon|Koraidon, L64|41/235\n|-weather|SunnyDay|[from] ability: Orichalcum Pulse|[of] p2a: Koraidon\n|-activate|p2a: Koraidon|Orichalcum Pulse|[source]\n|turn|21\n|inactive|Time left: 300 sec this turn | 300 sec total\n|\n|t:|1783541738\n|-terastallize|p2a: Koraidon|Fire\n|move|p2a: Koraidon|Flare Blitz|p1a: Necrozma\n|-damage|p1a: Necrozma|0 fnt\n|faint|p1a: Necrozma\n|-damage|p2a: Koraidon|0 fnt|[from] Recoil\n|faint|p2a: Koraidon\n|\n|-weather|SunnyDay|[upkeep]\n|upkeep\n|inactive|Time left: 300 sec this turn | 300 sec total | 5 sec grace\n|\n|t:|1783541738\n|switch|p2a: Toucannon|Toucannon, L88, M|185/284\n|switch|p1a: Cetitan|Cetitan, L82, M|100/100\n|turn|22\n|inactive|Time left: 300 sec this turn | 300 sec total\n|\n|t:|1783541739\n|switch|p2a: Skarmory|Skarmory, L80, F|235/235\n|move|p1a: Cetitan|Icicle Crash|p2a: Skarmory\n|-damage|p2a: Skarmory|110/235\n|\n|-weather|SunnyDay|[upkeep]\n|-heal|p2a: Skarmory|124/235|[from] item: Leftovers\n|upkeep\n|turn|23\n|inactive|Time left: 300 sec this turn | 300 sec total\n|\n|t:|1783541740\n|move|p1a: Cetitan|Icicle Crash|p2a: Skarmory\n|-damage|p2a: Skarmory|3/235\n|move|p2a: Skarmory|Roost|p2a: Skarmory\n|-heal|p2a: Skarmory|121/235\n|-singleturn|p2a: Skarmory|move: Roost\n|\n|-weather|SunnyDay|[upkeep]\n|-heal|p2a: Skarmory|135/235|[from] item: Leftovers\n|upkeep\n|turn|24\n|inactive|Time left: 300 sec this turn | 300 sec total\n|\n|t:|1783541741\n|move|p1a: Cetitan|Icicle Crash|p2a: Skarmory\n|-damage|p2a: Skarmory|18/235\n|move|p2a: Skarmory|Roost|p2a: Skarmory\n|-heal|p2a: Skarmory|136/235\n|-singleturn|p2a: Skarmory|move: Roost\n|\n|-weather|SunnyDay|[upkeep]\n|-heal|p2a: Skarmory|150/235|[from] item: Leftovers\n|upkeep\n|turn|25\n|inactive|Time left: 300 sec this turn | 300 sec total\n|\n|t:|1783541742\n|move|p1a: Cetitan|Icicle Crash|p2a: Skarmory\n|-damage|p2a: Skarmory|37/235\n|move|p2a: Skarmory|Roost|p2a: Skarmory\n|-heal|p2a: Skarmory|155/235\n|-singleturn|p2a: Skarmory|move: Roost\n|\n|-weather|none\n|-heal|p2a: Skarmory|169/235|[from] item: Leftovers\n|upkeep\n|turn|26\n|inactive|Time left: 300 sec this turn | 300 sec total\n|\n|t:|1783541742\n|move|p1a: Cetitan|Icicle Crash|p2a: Skarmory\n|-damage|p2a: Skarmory|59/235\n|move|p2a: Skarmory|Iron Defense|p2a: Skarmory\n|-boost|p2a: Skarmory|def|2\n|\n|-heal|p2a: Skarmory|73/235|[from] item: Leftovers\n|upkeep\n|turn|27\n|inactive|Time left: 300 sec this turn | 300 sec total\n|\n|t:|1783541743\n|move|p1a: Cetitan|Icicle Crash|p2a: Skarmory\n|-damage|p2a: Skarmory|17/235\n|move|p2a: Skarmory|Roost|p2a: Skarmory\n|-heal|p2a: Skarmory|135/235\n|-singleturn|p2a: Skarmory|move: Roost\n|\n|-heal|p2a: Skarmory|149/235|[from] item: Leftovers\n|upkeep\n|turn|28\n|inactive|Time left: 300 sec this turn | 300 sec total\n|\n|t:|1783541744\n|move|p1a: Cetitan|Icicle Crash|p2a: Skarmory\n|-damage|p2a: Skarmory|87/235\n|move|p2a: Skarmory|Body Press|p1a: Cetitan\n|-supereffective|p1a: Cetitan\n|-damage|p1a: Cetitan|16/100\n|\n|-heal|p2a: Skarmory|101/235|[from] item: Leftovers\n|upkeep\n|turn|29\n|inactive|Time left: 300 sec this turn | 300 sec total\n|\n|t:|1783541746\n|move|p1a: Cetitan|Icicle Crash|p2a: Skarmory|[miss]\n|-miss|p1a: Cetitan|p2a: Skarmory\n|move|p2a: Skarmory|Roost|p2a: Skarmory\n|-heal|p2a: Skarmory|219/235\n|-singleturn|p2a: Skarmory|move: Roost\n|\n|-heal|p2a: Skarmory|233/235|[from] item: Leftovers\n|upkeep\n|turn|30\n|inactive|Time left: 300 sec this turn | 300 sec total\n|\n|t:|1783541747\n|move|p1a: Cetitan|Ice Shard|p2a: Skarmory\n|-damage|p2a: Skarmory|210/235\n|-damage|p1a: Cetitan|6/100|[from] item: Life Orb\n|move|p2a: Skarmory|Iron Defense|p2a: Skarmory\n|-boost|p2a: Skarmory|def|2\n|\n|-heal|p2a: Skarmory|224/235|[from] item: Leftovers\n|upkeep\n|turn|31\n|inactive|Time left: 300 sec this turn | 300 sec total\n|\n|t:|1783541747\n|move|p1a: Cetitan|Icicle Crash|p2a: Skarmory\n|-damage|p2a: Skarmory|185/235\n|move|p2a: Skarmory|Body Press|p1a: Cetitan\n|-supereffective|p1a: Cetitan\n|-damage|p1a: Cetitan|0 fnt\n|faint|p1a: Cetitan\n|\n|-heal|p2a: Skarmory|199/235|[from] item: Leftovers\n|upkeep\n|\n|t:|1783541748\n|switch|p1a: Chansey|Chansey, L85, F|100/100\n|turn|32\n|inactive|Time left: 300 sec this turn | 300 sec total\n|\n|t:|1783541749\n|move|p2a: Skarmory|Body Press|p1a: Chansey\n|-supereffective|p1a: Chansey\n|-damage|p1a: Chansey|0 fnt\n|faint|p1a: Chansey\n|\n|win|p0y22534e8", "uploadtime": 1783541749, "views": 0, "rating": 0, "private": 0, "password": null, "_winner": "p0y22534e8", "_our_name": "p0y22534e8"}