{"id": "battle-gen9randombattle-2908", "formatid": "gen9randombattle", "format": "[Gen 9] Random Battle", "players": ["p0x2908518c", "p0y290824ca"], "log": "|init|battle\n|title|p0x2908518c vs. p0y290824ca\n|j|\u2606p0x2908518c\n|j|\u2606p0y290824ca\n|t:|1783573493\n|gametype|singles\n|player|p1|p0x2908518c|101|\n|player|p2|p0y290824ca|1|\n|gen|9\n|tier|[Gen 9] Random Battle\n|rule|Species Clause: Limit one of each Pok\u00e9mon\n|rule|HP Percentage Mod: HP is shown in percentages\n|rule|Sleep Clause Mod: Limit one foe put to sleep\n|rule|Illusion Level Mod: Illusion disguises the Pok\u00e9mon's true level\n|\n|t:|1783573493\n|teamsize|p1|6\n|teamsize|p2|6\n|start\n|switch|p1a: Alcremie|Alcremie, L90, F|100/100\n|switch|p2a: Squawkabilly|Squawkabilly-Blue, L85, M|278/278\n|turn|1\n|inactive|Battle timer is ON: inactive players will automatically lose when time's up. (requested by p0x2908518c)\n|inactive|Time left: 300 sec this turn | 300 sec total | 60 sec grace\n|inactive|p0y290824ca also wants the timer to be on.\n|\n|t:|1783573494\n|move|p2a: Squawkabilly|Brave Bird|p1a: Alcremie\n|-damage|p1a: Alcremie|43/100\n|-damage|p2a: Squawkabilly|228/278|[from] Recoil\n|move|p1a: Alcremie|Alluring Voice|p2a: Squawkabilly\n|-crit|p2a: Squawkabilly\n|-damage|p2a: Squawkabilly|0 fnt\n|faint|p2a: Squawkabilly\n|\n|-heal|p1a: Alcremie|50/100|[from] item: Leftovers\n|upkeep\n|inactive|Time left: 300 sec this turn | 300 sec total | 65 sec grace\n|\n|t:|1783573495\n|switch|p2a: Blastoise|Blastoise, L80, M|258/258\n|turn|2\n|inactive|Time left: 300 sec this turn | 300 sec total\n|\n|t:|1783573496\n|move|p2a: Blastoise|Shell Smash|p2a: Blastoise\n|-unboost|p2a: Blastoise|def|1\n|-unboost|p2a: Blastoise|spd|1\n|-boost|p2a: Blastoise|atk|2\n|-boost|p2a: Blastoise|spa|2\n|-boost|p2a: Blastoise|spe|2\n|-enditem|p2a: Blastoise|White Herb\n|-clearnegativeboost|p2a: Blastoise|[silent]\n|move|p1a: Alcremie|Alluring Voice|p2a: Blastoise\n|-damage|p2a: Blastoise|150/258\n|-start|p2a: Blastoise|confusion\n|\n|-heal|p1a: Alcremie|56/100|[from] item: Leftovers\n|upkeep\n|turn|3\n|inactive|Time left: 300 sec this turn | 300 sec total\n|\n|t:|1783573497\n|-activate|p2a: Blastoise|confusion\n|-damage|p2a: Blastoise|117/258|[from] confusion\n|move|p1a: Alcremie|Alluring Voice|p2a: Blastoise\n|-damage|p2a: Blastoise|21/258\n|\n|-heal|p1a: Alcremie|62/100|[from] item: Leftovers\n|upkeep\n|turn|4\n|inactive|Time left: 300 sec this turn | 300 sec total\n|\n|t:|1783573498\n|-activate|p2a: Blastoise|confusion\n|move|p2a: Blastoise|Hydro Pump|p1a: Alcremie\n|-damage|p1a: Alcremie|0 fnt\n|faint|p1a: Alcremie\n|\n|upkeep\n|\n|t:|1783573499\n|switch|p1a: Avalugg|Avalugg-Hisui, L90, M|100/100\n|turn|5\n|inactive|Time left: 300 sec this turn | 300 sec total\n|\n|t:|1783573500\n|-activate|p2a: Blastoise|confusion\n|move|p2a: Blastoise|Hydro Pump|p1a: Avalugg\n|-supereffective|p1a: Avalugg\n|-ability|p1a: Avalugg|Sturdy\n|-damage|p1a: Avalugg|1/100\n|move|p1a: Avalugg|Stone Edge|p2a: Blastoise\n|-damage|p2a: Blastoise|0 fnt\n|faint|p2a: Blastoise\n|\n|upkeep\n|inactive|Time left: 300 sec this turn | 300 sec total | 5 sec grace\n|\n|t:|1783573501\n|switch|p2a: Manaphy|Manaphy, L78|284/284\n|turn|6\n|inactive|Time left: 300 sec this turn | 300 sec total\n|\n|t:|1783573502\n|switch|p1a: Arceus|Arceus-Electric, L70|100/100\n|move|p2a: Manaphy|Tail Glow|p2a: Manaphy\n|-boost|p2a: Manaphy|spa|3\n|\n|upkeep\n|turn|7\n|inactive|Time left: 300 sec this turn | 300 sec total\n|\n|t:|1783573503\n|move|p1a: Arceus|Calm Mind|p1a: Arceus\n|-boost|p1a: Arceus|spa|1\n|-boost|p1a: Arceus|spd|1\n|move|p2a: Manaphy|Surf|p1a: Arceus\n|-damage|p1a: Arceus|53/100\n|\n|upkeep\n|turn|8\n|inactive|Time left: 300 sec this turn | 300 sec total\n|\n|t:|1783573504\n|switch|p2a: Decidueye|Decidueye-Hisui, L87, M|295/295\n|move|p1a: Arceus|Judgment|p2a: Decidueye\n|-resisted|p2a: Decidueye\n|-damage|p2a: Decidueye|223/295\n|\n|-heal|p2a: Decidueye|241/295|[from] item: Leftovers\n|upkeep\n|turn|9\n|inactive|Time left: 300 sec this turn | 300 sec total\n|\n|t:|1783573505\n|move|p1a: Arceus|Ice Beam|p2a: Decidueye\n|-supereffective|p2a: Decidueye\n|-damage|p2a: Decidueye|105/295\n|move|p2a: Decidueye|Triple Arrows|p1a: Arceus\n|-damage|p1a: Arceus|16/100\n|\n|-heal|p2a: Decidueye|123/295|[from] item: Leftovers\n|upkeep\n|turn|10\n|inactive|Time left: 300 sec this turn | 300 sec total\n|\n|t:|1783573507\n|move|p1a: Arceus|Ice Beam|p2a: Decidueye\n|-supereffective|p2a: Decidueye\n|-damage|p2a: Decidueye|0 fnt\n|faint|p2a: Decidueye\n|\n|upkeep\n|inactive|Time left: 300 sec this turn | 300 sec total | 5 sec grace\n|\n|t:|1783573508\n|switch|p2a: Arceus|Arceus-Dark, L71|288/288\n|turn|11\n|inactive|Time left: 300 sec this turn | 300 sec total\n|\n|t:|1783573509\n|move|p2a: Arceus|Judgment|p1a: Arceus\n|-damage|p1a: Arceus|0 fnt\n|faint|p1a: Arceus\n|\n|upkeep\n|\n|t:|1783573509\n|switch|p1a: Urshifu|Urshifu-Rapid-Strike, L75, F|100/100\n|turn|12\n|inactive|Time left: 300 sec this turn | 300 sec total\n|\n|t:|1783573511\n|-terastallize|p2a: Arceus|Poison\n|move|p2a: Arceus|Sludge Bomb|p1a: Urshifu\n|-damage|p1a: Urshifu|57/100\n|-status|p1a: Urshifu|psn\n|move|p1a: Urshifu|Swords Dance|p1a: Urshifu\n|-boost|p1a: Urshifu|atk|2\n|\n|-damage|p1a: Urshifu|45/100 psn|[from] psn\n|upkeep\n|turn|13\n|inactive|Time left: 300 sec this turn | 300 sec total\n|\n|t:|1783573512\n|move|p2a: Arceus|Sludge Bomb|p1a: Urshifu\n|-damage|p1a: Urshifu|0 fnt\n|faint|p1a: Urshifu\n|\n|upkeep\n|\n|t:|1783573513\n|switch|p1a: Terapagos|Terapagos, L77, M|100/100\n|-activate|p1a: Terapagos|ability: Tera Shift\n|detailschange|p1a: Terapagos|Terapagos-Terastal, L77, M\n|-heal|p1a: Terapagos|100/100|[silent]\n|turn|14\n|inactive|Time left: 300 sec this turn | 300 sec total\n|\n|t:|1783573514\n|move|p2a: Arceus|Calm Mind|p2a: Arceus\n|-boost|p2a: Arceus|spa|1\n|-boost|p2a: Arceus|spd|1\n|move|p1a: Terapagos|Calm Mind|p1a: Terapagos\n|-boost|p1a: Terapagos|spa|1\n|-boost|p1a: Terapagos|spd|1\n|\n|upkeep\n|turn|15\n|inactive|Time left: 300 sec this turn | 300 sec total\n|\n|t:|1783573515\n|move|p2a: Arceus|Calm Mind|p2a: Arceus\n|-boost|p2a: Arceus|spa|1\n|-boost|p2a: Arceus|spd|1\n|move|p1a: Terapagos|Calm Mind|p1a: Terapagos\n|-boost|p1a: Terapagos|spa|1\n|-boost|p1a: Terapagos|spd|1\n|\n|upkeep\n|turn|16\n|inactive|Time left: 300 sec this turn | 300 sec total\n|\n|t:|1783573515\n|move|p2a: Arceus|Judgment|p1a: Terapagos\n|-activate|p1a: Terapagos|ability: Tera Shell\n|-resisted|p1a: Terapagos\n|-damage|p1a: Terapagos|82/100\n|move|p1a: Terapagos|Rapid Spin|p2a: Arceus\n|-damage|p2a: Arceus|251/288\n|-boost|p1a: Terapagos|spe|1\n|\n|upkeep\n|turn|17\n|inactive|Time left: 300 sec this turn | 300 sec total\n|\n|t:|1783573517\n|move|p1a: Terapagos|Tera Starstorm|p2a: Arceus\n|-damage|p2a: Arceus|143/288\n|move|p2a: Arceus|Sludge Bomb|p1a: Terapagos\n|-damage|p1a: Terapagos|56/100\n|\n|upkeep\n|turn|18\n|inactive|Time left: 300 sec this turn | 300 sec total\n|\n|t:|1783573518\n|move|p1a: Terapagos|Tera Starstorm|p2a: Arceus\n|-damage|p2a: Arceus|32/288\n|move|p2a: Arceus|Recover|p2a: Arceus\n|-heal|p2a: Arceus|176/288\n|\n|upkeep\n|turn|19\n|inactive|Time left: 300 sec this turn | 300 sec total\n|\n|t:|1783573519\n|move|p1a: Terapagos|Tera Starstorm|p2a: Arceus\n|-damage|p2a: Arceus|77/288\n|move|p2a: Arceus|Recover|p2a: Arceus\n|-heal|p2a: Arceus|221/288\n|\n|upkeep\n|turn|20\n|inactive|Time left: 300 sec this turn | 300 sec total\n|\n|t:|1783573520\n|move|p1a: Terapagos|Tera Starstorm|p2a: Arceus\n|-damage|p2a: Arceus|112/288\n|move|p2a: Arceus|Judgment|p1a: Terapagos\n|-damage|p1a: Terapagos|18/100\n|\n|upkeep\n|turn|21\n|inactive|Time left: 300 sec this turn | 300 sec total\n|\n|t:|1783573521\n|move|p1a: Terapagos|Tera Starstorm|p2a: Arceus\n|-damage|p2a: Arceus|12/288\n|move|p2a: Arceus|Sludge Bomb|p1a: Terapagos\n|-damage|p1a: Terapagos|0 fnt\n|faint|p1a: Terapagos\n|\n|upkeep\n|\n|t:|1783573522\n|switch|p1a: Dachsbun|Dachsbun, L92, F|100/100\n|turn|22\n|inactive|Time left: 300 sec this turn | 300 sec total\n|\n|t:|1783573523\n|move|p1a: Dachsbun|Play Rough|p2a: Arceus\n|-resisted|p2a: Arceus\n|-damage|p2a: Arceus|0 fnt\n|faint|p2a: Arceus\n|\n|upkeep\n|inactive|Time left: 300 sec this turn | 300 sec total | 5 sec grace\n|\n|t:|1783573524\n|switch|p2a: Manaphy|Manaphy, L78|284/284\n|turn|23\n|inactive|Time left: 300 sec this turn | 300 sec total\n|\n|t:|1783573525\n|move|p1a: Dachsbun|Yawn|p2a: Manaphy\n|-start|p2a: Manaphy|move: Yawn|[of] p1a: Dachsbun\n|move|p2a: Manaphy|Tail Glow|p2a: Manaphy\n|-boost|p2a: Manaphy|spa|3\n|\n|upkeep\n|turn|24\n|inactive|Time left: 300 sec this turn | 300 sec total\n|\n|t:|1783573526\n|move|p1a: Dachsbun|Protect|p1a: Dachsbun\n|-singleturn|p1a: Dachsbun|Protect\n|move|p2a: Manaphy|Surf|p1a: Dachsbun\n|-activate|p1a: Dachsbun|move: Protect\n|\n|-end|p2a: Manaphy|move: Yawn|[silent]\n|-status|p2a: Manaphy|slp\n|upkeep\n|turn|25\n|inactive|Time left: 300 sec this turn | 300 sec total\n|\n|t:|1783573527\n|move|p1a: Dachsbun|Play Rough|p2a: Manaphy\n|-damage|p2a: Manaphy|184/284 slp\n|cant|p2a: Manaphy|slp\n|\n|-heal|p2a: Manaphy|201/284 slp|[from] item: Leftovers\n|upkeep\n|turn|26\n|inactive|Time left: 300 sec this turn | 300 sec total\n|\n|t:|1783573528\n|move|p1a: Dachsbun|Play Rough|p2a: Manaphy\n|-damage|p2a: Manaphy|111/284 slp\n|cant|p2a: Manaphy|slp\n|\n|-heal|p2a: Manaphy|128/284 slp|[from] item: Leftovers\n|upkeep\n|turn|27\n|inactive|Time left: 300 sec this turn | 300 sec total\n|\n|t:|1783573529\n|move|p1a: Dachsbun|Play Rough|p2a: Manaphy\n|-damage|p2a: Manaphy|37/284 slp\n|-unboost|p2a: Manaphy|atk|1\n|cant|p2a: Manaphy|slp\n|\n|-heal|p2a: Manaphy|54/284 slp|[from] item: Leftovers\n|upkeep\n|turn|28\n|inactive|Time left: 300 sec this turn | 300 sec total\n|\n|t:|1783573530\n|move|p1a: Dachsbun|Play Rough|p2a: Manaphy\n|-damage|p2a: Manaphy|0 fnt\n|faint|p2a: Manaphy\n|\n|upkeep\n|inactive|Time left: 300 sec this turn | 300 sec total | 5 sec grace\n|\n|t:|1783573531\n|switch|p2a: Infernape|Infernape, L82, F|259/259\n|turn|29\n|inactive|Time left: 300 sec this turn | 300 sec total\n|\n|t:|1783573532\n|move|p1a: Dachsbun|Play Rough|p2a: Infernape\n|-damage|p2a: Infernape|136/259\n|move|p2a: Infernape|Gunk Shot|p1a: Dachsbun|[miss]\n|-miss|p2a: Infernape|p1a: Dachsbun\n|\n|upkeep\n|turn|30\n|inactive|Time left: 300 sec this turn | 300 sec total\n|\n|t:|1783573533\n|-terastallize|p1a: Dachsbun|Steel\n|move|p1a: Dachsbun|Play Rough|p2a: Infernape|[miss]\n|-miss|p1a: Dachsbun|p2a: Infernape\n|move|p2a: Infernape|Overheat|p1a: Dachsbun\n|-ability|p1a: Dachsbun|Well-Baked Body|boost\n|-boost|p1a: Dachsbun|def|2\n|\n|upkeep\n|turn|31\n|inactive|Time left: 300 sec this turn | 300 sec total\n|\n|t:|1783573534\n|move|p1a: Dachsbun|Play Rough|p2a: Infernape\n|-damage|p2a: Infernape|12/259\n|move|p2a: Infernape|Gunk Shot|p1a: Dachsbun\n|-immune|p1a: Dachsbun\n|\n|upkeep\n|turn|32\n|inactive|Time left: 300 sec this turn | 300 sec total\n|\n|t:|1783573535\n|move|p1a: Dachsbun|Play Rough|p2a: Infernape\n|-damage|p2a: Infernape|0 fnt\n|faint|p2a: Infernape\n|\n|win|p0x2908518c", "uploadtime": 1783573535, "views": 0, "rating": 0, "private": 0, "password": null, "_winner": "p0x2908518c", "_our_name": "p0y290824ca"}