{"id": "battle-gen9randombattle-2043", "formatid": "gen9randombattle", "format": "[Gen 9] Random Battle", "players": ["p0x20430e0f", "p0y20431663"], "log": "|init|battle\n|title|p0x20430e0f vs. p0y20431663\n|j|\u2606p0x20430e0f\n|j|\u2606p0y20431663\n|t:|1783562888\n|gametype|singles\n|player|p1|p0x20430e0f|101|\n|player|p2|p0y20431663|101|\n|gen|9\n|tier|[Gen 9] Random Battle\n|rule|Species Clause: Limit one of each Pok\u00e9mon\n|rule|HP Percentage Mod: HP is shown in percentages\n|rule|Sleep Clause Mod: Limit one foe put to sleep\n|rule|Illusion Level Mod: Illusion disguises the Pok\u00e9mon's true level\n|\n|t:|1783562888\n|teamsize|p1|6\n|teamsize|p2|6\n|start\n|switch|p1a: Vivillon|Vivillon-Sun, L83, M|100/100\n|switch|p2a: Iron Leaves|Iron Leaves, L80|275/275\n|turn|1\n|inactive|Battle timer is ON: inactive players will automatically lose when time's up. (requested by p0y20431663)\n|inactive|p0x20430e0f also wants the timer to be on.\n|\n|t:|1783562890\n|move|p2a: Iron Leaves|Psyblade|p1a: Vivillon\n|-damage|p1a: Vivillon|29/100\n|-damage|p2a: Iron Leaves|248/275|[from] item: Life Orb\n|move|p1a: Vivillon|Bug Buzz|p2a: Iron Leaves\n|-supereffective|p2a: Iron Leaves\n|-damage|p2a: Iron Leaves|0 fnt\n|faint|p2a: Iron Leaves\n|-end|p2a: Iron Leaves|Quark Drive|[silent]\n|\n|upkeep\n|inactive|Time left: 300 sec this turn | 300 sec total | 65 sec grace\n|\n|t:|1783562891\n|switch|p2a: Ambipom|Ambipom, L84, M|263/263\n|turn|2\n|inactive|Time left: 300 sec this turn | 300 sec total\n|\n|t:|1783562892\n|switch|p1a: Alomomola|Alomomola, L87, F|100/100\n|move|p2a: Ambipom|Triple Axel|p1a: Alomomola\n|-resisted|p1a: Alomomola\n|-damage|p1a: Alomomola|96/100\n|-damage|p2a: Ambipom|220/263|[from] item: Rocky Helmet|[of] p1a: Alomomola\n|-resisted|p1a: Alomomola\n|-damage|p1a: Alomomola|88/100\n|-damage|p2a: Ambipom|177/263|[from] item: Rocky Helmet|[of] p1a: Alomomola\n|-resisted|p1a: Alomomola\n|-damage|p1a: Alomomola|76/100\n|-damage|p2a: Ambipom|134/263|[from] item: Rocky Helmet|[of] p1a: Alomomola\n|-hitcount|p1a: Alomomola|3\n|\n|upkeep\n|turn|3\n|inactive|Time left: 300 sec this turn | 300 sec total\n|\n|t:|1783562893\n|move|p2a: Ambipom|Triple Axel|p1a: Alomomola\n|-resisted|p1a: Alomomola\n|-damage|p1a: Alomomola|72/100\n|-damage|p2a: Ambipom|91/263|[from] item: Rocky Helmet|[of] p1a: Alomomola\n|-hitcount|p1a: Alomomola|1\n|move|p1a: Alomomola|Flip Turn|p2a: Ambipom\n|-damage|p2a: Ambipom|21/263\n|\n|t:|1783562894\n|switch|p1a: Mesprit|Mesprit, L85|100/100|[from] Flip Turn\n|\n|upkeep\n|turn|4\n|inactive|Time left: 300 sec this turn | 300 sec total\n|\n|t:|1783562896\n|move|p2a: Ambipom|Triple Axel|p1a: Mesprit\n|-damage|p1a: Mesprit|89/100\n|-damage|p1a: Mesprit|69/100\n|-damage|p1a: Mesprit|39/100\n|-hitcount|p1a: Mesprit|3\n|move|p1a: Mesprit|Thunderbolt|p2a: Ambipom\n|-damage|p2a: Ambipom|0 fnt\n|faint|p2a: Ambipom\n|\n|-heal|p1a: Mesprit|45/100|[from] item: Leftovers\n|upkeep\n|inactive|Time left: 300 sec this turn | 300 sec total | 5 sec grace\n|\n|t:|1783562897\n|switch|p2a: Vivillon|Vivillon-Continental, L83, F|268/268\n|turn|5\n|inactive|Time left: 300 sec this turn | 300 sec total\n|\n|t:|1783562898\n|move|p2a: Vivillon|Quiver Dance|p2a: Vivillon\n|-boost|p2a: Vivillon|spa|1\n|-boost|p2a: Vivillon|spd|1\n|-boost|p2a: Vivillon|spe|1\n|move|p1a: Mesprit|Thunderbolt|p2a: Vivillon\n|-supereffective|p2a: Vivillon\n|-damage|p2a: Vivillon|126/268\n|\n|-heal|p1a: Mesprit|51/100|[from] item: Leftovers\n|upkeep\n|turn|6\n|inactive|Time left: 300 sec this turn | 300 sec total\n|\n|t:|1783562899\n|move|p2a: Vivillon|Bug Buzz|p1a: Mesprit\n|-supereffective|p1a: Mesprit\n|-damage|p1a: Mesprit|0 fnt\n|faint|p1a: Mesprit\n|\n|upkeep\n|\n|t:|1783562900\n|switch|p1a: Froslass|Froslass, L87, F|100/100\n|turn|7\n|inactive|Time left: 300 sec this turn | 300 sec total\n|\n|t:|1783562901\n|move|p2a: Vivillon|Sleep Powder|p1a: Froslass\n|-status|p1a: Froslass|slp|[from] move: Sleep Powder\n|cant|p1a: Froslass|slp\n|\n|upkeep\n|turn|8\n|inactive|Time left: 300 sec this turn | 300 sec total\n|\n|t:|1783562902\n|move|p2a: Vivillon|Hurricane|p1a: Froslass|[miss]\n|-miss|p2a: Vivillon|p1a: Froslass\n|cant|p1a: Froslass|slp\n|\n|upkeep\n|turn|9\n|inactive|Time left: 300 sec this turn | 300 sec total\n|\n|t:|1783562903\n|move|p2a: Vivillon|Hurricane|p1a: Froslass\n|-damage|p1a: Froslass|27/100 slp\n|cant|p1a: Froslass|slp\n|\n|upkeep\n|turn|10\n|inactive|Time left: 300 sec this turn | 300 sec total\n|\n|t:|1783562904\n|move|p2a: Vivillon|Hurricane|p1a: Froslass\n|-damage|p1a: Froslass|0 fnt\n|-start|p2a: Vivillon|Disable|Hurricane|[from] ability: Cursed Body|[of] p1a: Froslass\n|faint|p1a: Froslass\n|\n|upkeep\n|\n|t:|1783562904\n|switch|p1a: Tatsugiri|Tatsugiri, L87, M|100/100\n|turn|11\n|inactive|Time left: 300 sec this turn | 300 sec total\n|\n|t:|1783562905\n|-terastallize|p1a: Tatsugiri|Water\n|move|p2a: Vivillon|Sleep Powder|p1a: Tatsugiri\n|-status|p1a: Tatsugiri|slp|[from] move: Sleep Powder\n|cant|p1a: Tatsugiri|slp\n|\n|upkeep\n|turn|12\n|inactive|Time left: 300 sec this turn | 300 sec total\n|\n|t:|1783562906\n|move|p2a: Vivillon|Bug Buzz|p1a: Tatsugiri\n|-damage|p1a: Tatsugiri|52/100 slp\n|-curestatus|p1a: Tatsugiri|slp|[msg]\n|move|p1a: Tatsugiri|Surf|p2a: Vivillon\n|-damage|p2a: Vivillon|0 fnt\n|faint|p2a: Vivillon\n|\n|upkeep\n|inactive|Time left: 300 sec this turn | 300 sec total | 5 sec grace\n|\n|t:|1783562907\n|switch|p2a: Serperior|Serperior, L79, F|248/248\n|turn|13\n|inactive|Time left: 300 sec this turn | 300 sec total\n|\n|t:|1783562908\n|switch|p1a: Rabsca|Rabsca, L91, F|100/100\n|move|p2a: Serperior|Leaf Storm|p1a: Rabsca\n|-resisted|p1a: Rabsca\n|-damage|p1a: Rabsca|87/100\n|-boost|p2a: Serperior|spa|2\n|\n|upkeep\n|turn|14\n|inactive|Time left: 300 sec this turn | 300 sec total\n|\n|t:|1783562909\n|-terastallize|p2a: Serperior|Rock\n|move|p2a: Serperior|Tera Blast|p1a: Rabsca|[anim] Tera Blast Rock\n|-supereffective|p1a: Rabsca\n|-damage|p1a: Rabsca|14/100\n|move|p1a: Rabsca|Bug Buzz|p2a: Serperior\n|-damage|p2a: Serperior|128/248\n|\n|-heal|p2a: Serperior|143/248|[from] item: Leftovers\n|upkeep\n|turn|15\n|inactive|Time left: 300 sec this turn | 300 sec total\n|\n|t:|1783562910\n|move|p2a: Serperior|Leaf Storm|p1a: Rabsca\n|-resisted|p1a: Rabsca\n|-crit|p1a: Rabsca\n|-damage|p1a: Rabsca|0 fnt\n|-boost|p2a: Serperior|spa|2\n|faint|p1a: Rabsca\n|\n|-heal|p2a: Serperior|158/248|[from] item: Leftovers\n|upkeep\n|\n|t:|1783562911\n|switch|p1a: Vivillon|Vivillon-Sun, L83, M|29/100\n|turn|16\n|inactive|Time left: 300 sec this turn | 300 sec total\n|\n|t:|1783562912\n|move|p2a: Serperior|Leaf Storm|p1a: Vivillon\n|-resisted|p1a: Vivillon\n|-damage|p1a: Vivillon|0 fnt\n|-boost|p2a: Serperior|spa|2\n|faint|p1a: Vivillon\n|\n|-heal|p2a: Serperior|173/248|[from] item: Leftovers\n|upkeep\n|\n|t:|1783562913\n|switch|p1a: Tatsugiri|Tatsugiri, L87, M, tera:Water|52/100\n|turn|17\n|inactive|Time left: 300 sec this turn | 300 sec total\n|\n|t:|1783562914\n|switch|p1a: Alomomola|Alomomola, L87, F|100/100\n|move|p2a: Serperior|Tera Blast|p1a: Alomomola|[anim] Tera Blast Rock\n|-damage|p1a: Alomomola|13/100\n|\n|-heal|p2a: Serperior|188/248|[from] item: Leftovers\n|upkeep\n|turn|18\n|inactive|Time left: 300 sec this turn | 300 sec total\n|\n|t:|1783562915\n|move|p1a: Alomomola|Protect|p1a: Alomomola\n|-singleturn|p1a: Alomomola|Protect\n|move|p2a: Serperior|Tera Blast|p1a: Alomomola|[anim] Tera Blast Rock\n|-activate|p1a: Alomomola|move: Protect\n|\n|-heal|p2a: Serperior|203/248|[from] item: Leftovers\n|upkeep\n|turn|19\n|inactive|Time left: 300 sec this turn | 300 sec total\n|\n|t:|1783562916\n|move|p1a: Alomomola|Protect|p1a: Alomomola\n|-singleturn|p1a: Alomomola|Protect\n|move|p2a: Serperior|Tera Blast|p1a: Alomomola|[anim] Tera Blast Rock\n|-activate|p1a: Alomomola|move: Protect\n|\n|-heal|p2a: Serperior|218/248|[from] item: Leftovers\n|upkeep\n|turn|20\n|inactive|Time left: 300 sec this turn | 300 sec total\n|\n|t:|1783562917\n|move|p1a: Alomomola|Protect||[still]\n|-fail|p1a: Alomomola\n|move|p2a: Serperior|Tera Blast|p1a: Alomomola|[anim] Tera Blast Rock\n|-damage|p1a: Alomomola|0 fnt\n|faint|p1a: Alomomola\n|\n|-heal|p2a: Serperior|233/248|[from] item: Leftovers\n|upkeep\n|\n|t:|1783562918\n|switch|p1a: Tatsugiri|Tatsugiri, L87, M, tera:Water|52/100\n|turn|21\n|inactive|Time left: 300 sec this turn | 300 sec total\n|\n|t:|1783562919\n|move|p2a: Serperior|Tera Blast|p1a: Tatsugiri|[anim] Tera Blast Rock\n|-damage|p1a: Tatsugiri|0 fnt\n|faint|p1a: Tatsugiri\n|\n|win|p0y20431663", "uploadtime": 1783562919, "views": 0, "rating": 0, "private": 0, "password": null, "_winner": "p0y20431663", "_our_name": "p0y20431663"}