{"id": "battle-gen9randombattle-2019", "formatid": "gen9randombattle", "format": "[Gen 9] Random Battle", "players": ["p0x2019bf80", "p0y20199b57"], "log": "|init|battle\n|title|p0x2019bf80 vs. p0y20199b57\n|j|\u2606p0x2019bf80\n|j|\u2606p0y20199b57\n|t:|1783563396\n|gametype|singles\n|player|p1|p0x2019bf80|101|\n|player|p2|p0y20199b57|2|\n|gen|9\n|tier|[Gen 9] Random Battle\n|rule|Species Clause: Limit one of each Pok\u00e9mon\n|rule|HP Percentage Mod: HP is shown in percentages\n|rule|Sleep Clause Mod: Limit one foe put to sleep\n|rule|Illusion Level Mod: Illusion disguises the Pok\u00e9mon's true level\n|\n|t:|1783563396\n|teamsize|p1|6\n|teamsize|p2|6\n|start\n|switch|p1a: Lugia|Lugia, L73|100/100\n|switch|p2a: Pincurchin|Pincurchin, M|258/258\n|-fieldstart|move: Electric Terrain|[from] ability: Electric Surge|[of] p2a: Pincurchin\n|turn|1\n|inactive|Battle timer is ON: inactive players will automatically lose when time's up. (requested by p0y20199b57)\n|inactive|p0x2019bf80 also wants the timer to be on.\n|\n|t:|1783563398\n|move|p1a: Lugia|Calm Mind|p1a: Lugia\n|-boost|p1a: Lugia|spa|1\n|-boost|p1a: Lugia|spd|1\n|move|p2a: Pincurchin|Zing Zap|p1a: Lugia\n|-supereffective|p1a: Lugia\n|-damage|p1a: Lugia|51/100\n|\n|upkeep\n|turn|2\n|inactive|Time left: 300 sec this turn | 300 sec total\n|\n|t:|1783563399\n|move|p1a: Lugia|Recover|p1a: Lugia\n|-heal|p1a: Lugia|100/100\n|move|p2a: Pincurchin|Zing Zap|p1a: Lugia\n|-supereffective|p1a: Lugia\n|-crit|p1a: Lugia\n|-damage|p1a: Lugia|26/100\n|\n|upkeep\n|turn|3\n|inactive|Time left: 300 sec this turn | 300 sec total\n|\n|t:|1783563400\n|move|p1a: Lugia|Recover|p1a: Lugia\n|-heal|p1a: Lugia|76/100\n|move|p2a: Pincurchin|Zing Zap|p1a: Lugia\n|-supereffective|p1a: Lugia\n|-damage|p1a: Lugia|0 fnt\n|faint|p1a: Lugia\n|\n|upkeep\n|\n|t:|1783563401\n|switch|p1a: Oranguru|Oranguru, L92, M|100/100\n|turn|4\n|inactive|Time left: 300 sec this turn | 300 sec total\n|\n|t:|1783563402\n|move|p1a: Oranguru|Nasty Plot|p1a: Oranguru\n|-boost|p1a: Oranguru|spa|2\n|move|p2a: Pincurchin|Zing Zap|p1a: Oranguru\n|-damage|p1a: Oranguru|53/100\n|\n|upkeep\n|turn|5\n|inactive|Time left: 300 sec this turn | 300 sec total\n|\n|t:|1783563403\n|-terastallize|p1a: Oranguru|Normal\n|move|p1a: Oranguru|Hyper Voice|p2a: Pincurchin\n|-damage|p2a: Pincurchin|0 fnt\n|faint|p2a: Pincurchin\n|-damage|p1a: Oranguru|43/100|[from] item: Life Orb\n|\n|-fieldend|move: Electric Terrain\n|upkeep\n|inactive|Time left: 300 sec this turn | 300 sec total | 5 sec grace\n|\n|t:|1783563404\n|switch|p2a: Sandslash|Sandslash-Alola, L88, F|275/275\n|turn|6\n|inactive|Time left: 300 sec this turn | 300 sec total\n|\n|t:|1783563405\n|move|p2a: Sandslash|Triple Axel|p1a: Oranguru\n|-damage|p1a: Oranguru|35/100\n|-damage|p1a: Oranguru|20/100\n|-damage|p1a: Oranguru|0 fnt\n|faint|p1a: Oranguru\n|-hitcount|p1: Oranguru|3\n|\n|upkeep\n|\n|t:|1783563406\n|switch|p1a: Terrakion|Terrakion, L79|100/100\n|turn|7\n|inactive|Time left: 300 sec this turn | 300 sec total\n|\n|t:|1783563407\n|-terastallize|p2a: Sandslash|Ground\n|move|p1a: Terrakion|Close Combat|p2a: Sandslash\n|-damage|p2a: Sandslash|113/275\n|-unboost|p1a: Terrakion|def|1\n|-unboost|p1a: Terrakion|spd|1\n|move|p2a: Sandslash|Earthquake|p1a: Terrakion\n|-supereffective|p1a: Terrakion\n|-damage|p1a: Terrakion|0 fnt\n|faint|p1a: Terrakion\n|\n|-heal|p2a: Sandslash|130/275|[from] item: Leftovers\n|upkeep\n|\n|t:|1783563408\n|switch|p1a: Duraludon|Duraludon, L82, M|100/100\n|turn|8\n|inactive|Time left: 300 sec this turn | 300 sec total\n|\n|t:|1783563409\n|move|p1a: Duraludon|Draco Meteor|p2a: Sandslash\n|-damage|p2a: Sandslash|0 fnt\n|-unboost|p1a: Duraludon|spa|2\n|faint|p2a: Sandslash\n|\n|upkeep\n|inactive|Time left: 300 sec this turn | 300 sec total | 5 sec grace\n|\n|t:|1783563410\n|switch|p2a: Mudsdale|Mudsdale, L83, M|302/302\n|turn|9\n|inactive|Time left: 300 sec this turn | 300 sec total\n|\n|t:|1783563411\n|switch|p1a: Hawlucha|Hawlucha, L80, M|100/100\n|move|p2a: Mudsdale|Earthquake|p1a: Hawlucha\n|-immune|p1a: Hawlucha\n|\n|upkeep\n|turn|10\n|inactive|Time left: 300 sec this turn | 300 sec total\n|\n|t:|1783563412\n|move|p1a: Hawlucha|Swords Dance|p1a: Hawlucha\n|-boost|p1a: Hawlucha|atk|2\n|move|p2a: Mudsdale|Heavy Slam|p1a: Hawlucha\n|-crit|p1a: Hawlucha\n|-damage|p1a: Hawlucha|25/100\n|\n|upkeep\n|turn|11\n|inactive|Time left: 300 sec this turn | 300 sec total\n|\n|t:|1783563413\n|move|p1a: Hawlucha|Close Combat|p2a: Mudsdale\n|-damage|p2a: Mudsdale|88/302\n|-unboost|p1a: Hawlucha|def|1\n|-unboost|p1a: Hawlucha|spd|1\n|-ability|p2a: Mudsdale|Stamina|boost\n|-boost|p2a: Mudsdale|def|1\n|-enditem|p1a: Hawlucha|White Herb\n|-clearnegativeboost|p1a: Hawlucha|[silent]\n|move|p2a: Mudsdale|Heavy Slam|p1a: Hawlucha\n|-damage|p1a: Hawlucha|0 fnt\n|faint|p1a: Hawlucha\n|\n|-heal|p2a: Mudsdale|106/302|[from] item: Leftovers\n|upkeep\n|\n|t:|1783563414\n|switch|p1a: Duraludon|Duraludon, L82, M|100/100\n|turn|12\n|inactive|Time left: 300 sec this turn | 300 sec total\n|\n|t:|1783563415\n|move|p1a: Duraludon|Flash Cannon|p2a: Mudsdale\n|-damage|p2a: Mudsdale|0 fnt\n|faint|p2a: Mudsdale\n|\n|upkeep\n|inactive|Time left: 300 sec this turn | 300 sec total | 5 sec grace\n|\n|t:|1783563416\n|switch|p2a: Mandibuzz|Mandibuzz, L85, F, shiny|326/326\n|turn|13\n|inactive|Time left: 300 sec this turn | 300 sec total\n|\n|t:|1783563417\n|move|p1a: Duraludon|Flash Cannon|p2a: Mandibuzz\n|-damage|p2a: Mandibuzz|232/326\n|move|p2a: Mandibuzz|Knock Off|p1a: Duraludon\n|-damage|p1a: Duraludon|83/100\n|-enditem|p1a: Duraludon|Eviolite|[from] move: Knock Off|[of] p2a: Mandibuzz\n|\n|upkeep\n|turn|14\n|inactive|Time left: 300 sec this turn | 300 sec total\n|\n|t:|1783563418\n|move|p1a: Duraludon|Thunder Wave|p2a: Mandibuzz|[miss]\n|-miss|p1a: Duraludon|p2a: Mandibuzz\n|move|p2a: Mandibuzz|Roost|p2a: Mandibuzz\n|-heal|p2a: Mandibuzz|326/326\n|-singleturn|p2a: Mandibuzz|move: Roost\n|\n|upkeep\n|turn|15\n|inactive|Time left: 300 sec this turn | 300 sec total\n|\n|t:|1783563419\n|move|p1a: Duraludon|Flash Cannon|p2a: Mandibuzz\n|-damage|p2a: Mandibuzz|241/326\n|move|p2a: Mandibuzz|Brave Bird|p1a: Duraludon\n|-resisted|p1a: Duraludon\n|-damage|p1a: Duraludon|66/100\n|-damage|p2a: Mandibuzz|227/326|[from] Recoil\n|\n|upkeep\n|turn|16\n|inactive|Time left: 300 sec this turn | 300 sec total\n|\n|t:|1783563420\n|move|p1a: Duraludon|Thunder Wave|p2a: Mandibuzz\n|-status|p2a: Mandibuzz|par\n|cant|p2a: Mandibuzz|par\n|\n|upkeep\n|turn|17\n|inactive|Time left: 300 sec this turn | 300 sec total\n|\n|t:|1783563421\n|move|p1a: Duraludon|Flash Cannon|p2a: Mandibuzz\n|-damage|p2a: Mandibuzz|133/326 par\n|move|p2a: Mandibuzz|Roost|p2a: Mandibuzz\n|-heal|p2a: Mandibuzz|296/326 par\n|-singleturn|p2a: Mandibuzz|move: Roost\n|\n|upkeep\n|turn|18\n|inactive|Time left: 300 sec this turn | 300 sec total\n|\n|t:|1783563422\n|move|p1a: Duraludon|Flash Cannon|p2a: Mandibuzz\n|-damage|p2a: Mandibuzz|214/326 par\n|move|p2a: Mandibuzz|Roost|p2a: Mandibuzz\n|-heal|p2a: Mandibuzz|326/326 par\n|-singleturn|p2a: Mandibuzz|move: Roost\n|\n|upkeep\n|turn|19\n|inactive|Time left: 300 sec this turn | 300 sec total\n|\n|t:|1783563423\n|move|p1a: Duraludon|Flash Cannon|p2a: Mandibuzz\n|-damage|p2a: Mandibuzz|235/326 par\n|move|p2a: Mandibuzz|Knock Off|p1a: Duraludon\n|-damage|p1a: Duraludon|47/100\n|\n|upkeep\n|turn|20\n|inactive|Time left: 300 sec this turn | 300 sec total\n|\n|t:|1783563424\n|switch|p1a: Regieleki|Regieleki, L79|100/100\n|move|p2a: Mandibuzz|Roost|p2a: Mandibuzz\n|-heal|p2a: Mandibuzz|326/326 par\n|-singleturn|p2a: Mandibuzz|move: Roost\n|\n|upkeep\n|turn|21\n|inactive|Time left: 300 sec this turn | 300 sec total\n|\n|t:|1783563426\n|switch|p2a: Pikachu|Pikachu-Partner, L93, F|216/216\n|move|p1a: Regieleki|Thunderbolt|p2a: Pikachu\n|-ability|p2a: Pikachu|Lightning Rod|boost\n|-boost|p2a: Pikachu|spa|1\n|\n|upkeep\n|turn|22\n|inactive|Time left: 300 sec this turn | 300 sec total\n|\n|t:|1783563427\n|move|p1a: Regieleki|Rapid Spin|p2a: Pikachu\n|-damage|p2a: Pikachu|161/216\n|-boost|p1a: Regieleki|spe|1\n|move|p2a: Pikachu|Surf|p1a: Regieleki\n|-damage|p1a: Regieleki|12/100\n|\n|upkeep\n|turn|23\n|inactive|Time left: 300 sec this turn | 300 sec total\n|\n|t:|1783563428\n|move|p1a: Regieleki|Explosion|p2a: Pikachu\n|-damage|p2a: Pikachu|0 fnt\n|faint|p1a: Regieleki\n|faint|p2a: Pikachu\n|\n|upkeep\n|inactive|Time left: 300 sec this turn | 300 sec total | 5 sec grace\n|\n|t:|1783563429\n|switch|p1a: Duraludon|Duraludon, L82, M|47/100\n|switch|p2a: Swanna|Swanna, L89, M|278/278\n|turn|24\n|inactive|Time left: 300 sec this turn | 300 sec total\n|\n|t:|1783563430\n|move|p2a: Swanna|Hydro Pump|p1a: Duraludon\n|-resisted|p1a: Duraludon\n|-damage|p1a: Duraludon|11/100\n|move|p1a: Duraludon|Thunder Wave|p2a: Swanna\n|-status|p2a: Swanna|par\n|\n|upkeep\n|turn|25\n|inactive|Time left: 300 sec this turn | 300 sec total\n|\n|t:|1783563431\n|move|p1a: Duraludon|Draco Meteor|p2a: Swanna\n|-damage|p2a: Swanna|82/278 par\n|-unboost|p1a: Duraludon|spa|2\n|cant|p2a: Swanna|par\n|\n|upkeep\n|turn|26\n|inactive|Time left: 300 sec this turn | 300 sec total\n|\n|t:|1783563432\n|move|p1a: Duraludon|Draco Meteor|p2a: Swanna\n|-damage|p2a: Swanna|0 fnt\n|-unboost|p1a: Duraludon|spa|2\n|faint|p2a: Swanna\n|\n|upkeep\n|inactive|Time left: 300 sec this turn | 300 sec total | 5 sec grace\n|\n|t:|1783563433\n|switch|p2a: Mandibuzz|Mandibuzz, L85, F, shiny|326/326 par\n|turn|27\n|inactive|Time left: 300 sec this turn | 300 sec total\n|\n|t:|1783563434\n|move|p1a: Duraludon|Thunder Wave|p2a: Mandibuzz\n|-fail|p2a: Mandibuzz|par\n|move|p2a: Mandibuzz|Brave Bird|p1a: Duraludon\n|-resisted|p1a: Duraludon\n|-damage|p1a: Duraludon|0 fnt\n|faint|p1a: Duraludon\n|-damage|p2a: Mandibuzz|317/326 par|[from] Recoil\n|\n|win|p0y20199b57", "uploadtime": 1783563434, "views": 0, "rating": 0, "private": 0, "password": null, "_winner": "p0y20199b57", "_our_name": "p0y20199b57"}