{"id": "battle-gen9randombattle-2750", "formatid": "gen9randombattle", "format": "[Gen 9] Random Battle", "players": ["p0x27507375", "p0y2750e11d"], "log": "|init|battle\n|title|p0x27507375 vs. p0y2750e11d\n|j|\u2606p0x27507375\n|j|\u2606p0y2750e11d\n|t:|1783571699\n|gametype|singles\n|player|p1|p0x27507375|169|\n|player|p2|p0y2750e11d|2|\n|gen|9\n|tier|[Gen 9] Random Battle\n|rule|Species Clause: Limit one of each Pok\u00e9mon\n|rule|HP Percentage Mod: HP is shown in percentages\n|rule|Sleep Clause Mod: Limit one foe put to sleep\n|rule|Illusion Level Mod: Illusion disguises the Pok\u00e9mon's true level\n|\n|t:|1783571699\n|teamsize|p1|6\n|teamsize|p2|6\n|start\n|switch|p1a: Gouging Fire|Gouging Fire, L74|277/277\n|switch|p2a: Beartic|Beartic, L91, F|100/100\n|turn|1\n|inactive|Battle timer is ON: inactive players will automatically lose when time's up. (requested by p0x27507375)\n|inactive|p0y2750e11d also wants the timer to be on.\n|\n|t:|1783571700\n|move|p1a: Gouging Fire|Outrage|p2a: Beartic\n|-damage|p2a: Beartic|65/100\n|move|p2a: Beartic|Icicle Crash|p1a: Gouging Fire\n|-damage|p1a: Gouging Fire|166/277\n|\n|upkeep\n|turn|2\n|inactive|Time left: 300 sec this turn | 300 sec total\n|\n|t:|1783571701\n|switch|p2a: Cresselia|Cresselia, L80, F|100/100\n|move|p1a: Gouging Fire|Outrage|p2a: Cresselia|[from] lockedmove\n|-damage|p2a: Cresselia|69/100\n|-start|p1a: Gouging Fire|confusion|[fatigue]\n|\n|-heal|p2a: Cresselia|75/100|[from] item: Leftovers\n|upkeep\n|turn|3\n|inactive|Time left: 300 sec this turn | 300 sec total\n|\n|t:|1783571702\n|-end|p1a: Gouging Fire|Protosynthesis|[silent]\n|switch|p1a: Yanmega|Yanmega, L82, F|275/275\n|move|p2a: Cresselia|Calm Mind|p2a: Cresselia\n|-boost|p2a: Cresselia|spa|1\n|-boost|p2a: Cresselia|spd|1\n|\n|-heal|p2a: Cresselia|81/100|[from] item: Leftovers\n|upkeep\n|turn|4\n|inactive|Time left: 300 sec this turn | 300 sec total\n|\n|t:|1783571703\n|move|p1a: Yanmega|Protect|p1a: Yanmega\n|-singleturn|p1a: Yanmega|Protect\n|move|p2a: Cresselia|Calm Mind|p2a: Cresselia\n|-boost|p2a: Cresselia|spa|1\n|-boost|p2a: Cresselia|spd|1\n|\n|-heal|p2a: Cresselia|87/100|[from] item: Leftovers\n|-ability|p1a: Yanmega|Speed Boost|boost\n|-boost|p1a: Yanmega|spe|1\n|upkeep\n|turn|5\n|inactive|Time left: 300 sec this turn | 300 sec total\n|\n|t:|1783571704\n|move|p1a: Yanmega|Air Slash|p2a: Cresselia\n|-damage|p2a: Cresselia|76/100\n|cant|p2a: Cresselia|flinch\n|\n|-heal|p2a: Cresselia|82/100|[from] item: Leftovers\n|-ability|p1a: Yanmega|Speed Boost|boost\n|-boost|p1a: Yanmega|spe|1\n|upkeep\n|turn|6\n|inactive|Time left: 300 sec this turn | 300 sec total\n|\n|t:|1783571705\n|move|p1a: Yanmega|Protect|p1a: Yanmega\n|-singleturn|p1a: Yanmega|Protect\n|move|p2a: Cresselia|Moonblast|p1a: Yanmega\n|-activate|p1a: Yanmega|move: Protect\n|\n|-heal|p2a: Cresselia|88/100|[from] item: Leftovers\n|-ability|p1a: Yanmega|Speed Boost|boost\n|-boost|p1a: Yanmega|spe|1\n|upkeep\n|turn|7\n|inactive|Time left: 300 sec this turn | 300 sec total\n|\n|t:|1783571706\n|move|p1a: Yanmega|Air Slash|p2a: Cresselia\n|-damage|p2a: Cresselia|76/100\n|move|p2a: Cresselia|Moonblast|p1a: Yanmega\n|-damage|p1a: Yanmega|134/275\n|\n|-heal|p2a: Cresselia|82/100|[from] item: Leftovers\n|-ability|p1a: Yanmega|Speed Boost|boost\n|-boost|p1a: Yanmega|spe|1\n|upkeep\n|turn|8\n|inactive|Time left: 300 sec this turn | 300 sec total\n|\n|t:|1783571707\n|move|p1a: Yanmega|Protect|p1a: Yanmega\n|-singleturn|p1a: Yanmega|Protect\n|move|p2a: Cresselia|Moonblast|p1a: Yanmega\n|-activate|p1a: Yanmega|move: Protect\n|\n|-heal|p2a: Cresselia|88/100|[from] item: Leftovers\n|-ability|p1a: Yanmega|Speed Boost|boost\n|-boost|p1a: Yanmega|spe|1\n|upkeep\n|turn|9\n|inactive|Time left: 300 sec this turn | 300 sec total\n|\n|t:|1783571708\n|move|p1a: Yanmega|Protect||[still]\n|-fail|p1a: Yanmega\n|move|p2a: Cresselia|Moonblast|p1a: Yanmega\n|-damage|p1a: Yanmega|0 fnt\n|faint|p1a: Yanmega\n|\n|-heal|p2a: Cresselia|95/100|[from] item: Leftovers\n|upkeep\n|inactive|Time left: 300 sec this turn | 300 sec total | 5 sec grace\n|\n|t:|1783571709\n|switch|p1a: Brambleghast|Brambleghast, L88, F|240/240\n|turn|10\n|inactive|Time left: 300 sec this turn | 300 sec total\n|\n|t:|1783571711\n|move|p1a: Brambleghast|Poltergeist|p2a: Cresselia\n|-activate|p2a: Cresselia|move: Poltergeist|Leftovers\n|-supereffective|p2a: Cresselia\n|-damage|p2a: Cresselia|9/100\n|move|p2a: Cresselia|Psyshock|p1a: Brambleghast\n|-damage|p1a: Brambleghast|89/240\n|\n|-heal|p2a: Cresselia|15/100|[from] item: Leftovers\n|upkeep\n|turn|11\n|inactive|Time left: 300 sec this turn | 300 sec total\n|\n|t:|1783571711\n|move|p1a: Brambleghast|Poltergeist|p2a: Cresselia\n|-activate|p2a: Cresselia|move: Poltergeist|Leftovers\n|-supereffective|p2a: Cresselia\n|-damage|p2a: Cresselia|0 fnt\n|faint|p2a: Cresselia\n|\n|upkeep\n|\n|t:|1783571712\n|switch|p2a: Leafeon|Leafeon, L88, M|100/100\n|turn|12\n|inactive|Time left: 300 sec this turn | 300 sec total\n|\n|t:|1783571714\n|move|p2a: Leafeon|Knock Off|p1a: Brambleghast\n|-supereffective|p1a: Brambleghast\n|-damage|p1a: Brambleghast|0 fnt\n|-enditem|p1a: Brambleghast|Heavy-Duty Boots|[from] move: Knock Off|[of] p2a: Leafeon\n|faint|p1a: Brambleghast\n|-damage|p2a: Leafeon|91/100|[from] item: Life Orb\n|\n|upkeep\n|inactive|Time left: 300 sec this turn | 300 sec total | 5 sec grace\n|\n|t:|1783571714\n|switch|p1a: Salazzle|Salazzle, L83, F|249/249\n|turn|13\n|inactive|Time left: 300 sec this turn | 300 sec total\n|\n|t:|1783571715\n|switch|p2a: Volcanion|Volcanion, L79|100/100\n|move|p1a: Salazzle|Flamethrower|p2a: Volcanion\n|-resisted|p2a: Volcanion\n|-damage|p2a: Volcanion|91/100\n|\n|upkeep\n|turn|14\n|inactive|Time left: 300 sec this turn | 300 sec total\n|\n|t:|1783571716\n|move|p1a: Salazzle|Protect|p1a: Salazzle\n|-singleturn|p1a: Salazzle|Protect\n|move|p2a: Volcanion|Steam Eruption|p1a: Salazzle\n|-activate|p1a: Salazzle|move: Protect\n|\n|upkeep\n|turn|15\n|inactive|Time left: 300 sec this turn | 300 sec total\n|\n|t:|1783571717\n|move|p1a: Salazzle|Substitute|p1a: Salazzle\n|-start|p1a: Salazzle|Substitute\n|-damage|p1a: Salazzle|187/249\n|move|p2a: Volcanion|Steam Eruption|p1a: Salazzle\n|-supereffective|p1a: Salazzle\n|-crit|p1a: Salazzle\n|-end|p1a: Salazzle|Substitute\n|\n|-heal|p1a: Salazzle|202/249|[from] item: Leftovers\n|upkeep\n|turn|16\n|inactive|Time left: 300 sec this turn | 300 sec total\n|\n|t:|1783571718\n|move|p1a: Salazzle|Substitute|p1a: Salazzle\n|-start|p1a: Salazzle|Substitute\n|-damage|p1a: Salazzle|140/249\n|move|p2a: Volcanion|Steam Eruption|p1a: Salazzle\n|-supereffective|p1a: Salazzle\n|-end|p1a: Salazzle|Substitute\n|\n|-heal|p1a: Salazzle|155/249|[from] item: Leftovers\n|upkeep\n|turn|17\n|inactive|Time left: 300 sec this turn | 300 sec total\n|\n|t:|1783571720\n|move|p1a: Salazzle|Protect|p1a: Salazzle\n|-singleturn|p1a: Salazzle|Protect\n|move|p2a: Volcanion|Steam Eruption|p1a: Salazzle\n|-activate|p1a: Salazzle|move: Protect\n|\n|-heal|p1a: Salazzle|170/249|[from] item: Leftovers\n|upkeep\n|turn|18\n|inactive|Time left: 300 sec this turn | 300 sec total\n|\n|t:|1783571721\n|move|p1a: Salazzle|Toxic|p2a: Volcanion\n|-status|p2a: Volcanion|tox\n|move|p2a: Volcanion|Steam Eruption|p1a: Salazzle|[miss]\n|-miss|p2a: Volcanion|p1a: Salazzle\n|\n|-heal|p1a: Salazzle|185/249|[from] item: Leftovers\n|-damage|p2a: Volcanion|84/100 tox|[from] psn\n|upkeep\n|turn|19\n|inactive|Time left: 300 sec this turn | 300 sec total\n|\n|t:|1783571722\n|move|p1a: Salazzle|Protect|p1a: Salazzle\n|-singleturn|p1a: Salazzle|Protect\n|move|p2a: Volcanion|Steam Eruption|p1a: Salazzle\n|-activate|p1a: Salazzle|move: Protect\n|\n|-heal|p1a: Salazzle|200/249|[from] item: Leftovers\n|-damage|p2a: Volcanion|72/100 tox|[from] psn\n|upkeep\n|turn|20\n|inactive|Time left: 300 sec this turn | 300 sec total\n|\n|t:|1783571723\n|move|p1a: Salazzle|Substitute|p1a: Salazzle\n|-start|p1a: Salazzle|Substitute\n|-damage|p1a: Salazzle|138/249\n|move|p2a: Volcanion|Steam Eruption|p1a: Salazzle\n|-supereffective|p1a: Salazzle\n|-end|p1a: Salazzle|Substitute\n|\n|-heal|p1a: Salazzle|153/249|[from] item: Leftovers\n|-damage|p2a: Volcanion|53/100 tox|[from] psn\n|upkeep\n|turn|21\n|inactive|Time left: 300 sec this turn | 300 sec total\n|\n|t:|1783571724\n|move|p1a: Salazzle|Substitute|p1a: Salazzle\n|-start|p1a: Salazzle|Substitute\n|-damage|p1a: Salazzle|91/249\n|move|p2a: Volcanion|Steam Eruption|p1a: Salazzle\n|-supereffective|p1a: Salazzle\n|-end|p1a: Salazzle|Substitute\n|\n|-heal|p1a: Salazzle|106/249|[from] item: Leftovers\n|-damage|p2a: Volcanion|28/100 tox|[from] psn\n|upkeep\n|turn|22\n|inactive|Time left: 300 sec this turn | 300 sec total\n|\n|t:|1783571725\n|move|p1a: Salazzle|Toxic|p2a: Volcanion\n|-fail|p2a: Volcanion|tox\n|move|p2a: Volcanion|Flamethrower|p1a: Salazzle\n|-resisted|p1a: Salazzle\n|-damage|p1a: Salazzle|40/249\n|\n|-heal|p1a: Salazzle|55/249|[from] item: Leftovers\n|-damage|p2a: Volcanion|0 fnt|[from] psn\n|faint|p2a: Volcanion\n|upkeep\n|\n|t:|1783571726\n|switch|p2a: Darkrai|Darkrai, L77|100/100\n|turn|23\n|inactive|Time left: 300 sec this turn | 300 sec total\n|\n|t:|1783571727\n|move|p1a: Salazzle|Flamethrower|p2a: Darkrai\n|-damage|p2a: Darkrai|49/100\n|move|p2a: Darkrai|Nasty Plot|p2a: Darkrai\n|-boost|p2a: Darkrai|spa|2\n|\n|-heal|p1a: Salazzle|70/249|[from] item: Leftovers\n|-heal|p2a: Darkrai|55/100|[from] item: Leftovers\n|upkeep\n|turn|24\n|inactive|Time left: 300 sec this turn | 300 sec total\n|\n|t:|1783571728\n|move|p1a: Salazzle|Flamethrower|p2a: Darkrai\n|-damage|p2a: Darkrai|7/100\n|move|p2a: Darkrai|Dark Pulse|p1a: Salazzle\n|-damage|p1a: Salazzle|0 fnt\n|faint|p1a: Salazzle\n|\n|-heal|p2a: Darkrai|13/100|[from] item: Leftovers\n|upkeep\n|inactive|Time left: 300 sec this turn | 300 sec total | 5 sec grace\n|\n|t:|1783571729\n|switch|p1a: Fezandipiti|Fezandipiti, L82, M|278/278\n|turn|25\n|inactive|Time left: 300 sec this turn | 300 sec total\n|\n|t:|1783571730\n|move|p2a: Darkrai|Sludge Bomb|p1a: Fezandipiti\n|-damage|p1a: Fezandipiti|166/278\n|move|p1a: Fezandipiti|Moonblast|p2a: Darkrai\n|-supereffective|p2a: Darkrai\n|-damage|p2a: Darkrai|0 fnt\n|faint|p2a: Darkrai\n|\n|-heal|p1a: Fezandipiti|183/278|[from] item: Leftovers\n|upkeep\n|\n|t:|1783571730\n|switch|p2a: Beartic|Beartic, L91, F|65/100\n|turn|26\n|inactive|Time left: 300 sec this turn | 300 sec total\n|\n|t:|1783571731\n|move|p1a: Fezandipiti|Gunk Shot|p2a: Beartic\n|-damage|p2a: Beartic|26/100\n|move|p2a: Beartic|Swords Dance|p2a: Beartic\n|-boost|p2a: Beartic|atk|2\n|\n|-heal|p1a: Fezandipiti|200/278|[from] item: Leftovers\n|upkeep\n|turn|27\n|inactive|Time left: 300 sec this turn | 300 sec total\n|\n|t:|1783571732\n|move|p1a: Fezandipiti|Gunk Shot|p2a: Beartic|[miss]\n|-miss|p1a: Fezandipiti|p2a: Beartic\n|move|p2a: Beartic|Icicle Crash|p1a: Fezandipiti\n|-damage|p1a: Fezandipiti|0 fnt\n|faint|p1a: Fezandipiti\n|\n|upkeep\n|inactive|Time left: 300 sec this turn | 300 sec total | 5 sec grace\n|\n|t:|1783571733\n|switch|p1a: Gouging Fire|Gouging Fire, L74|166/277\n|turn|28\n|inactive|Time left: 300 sec this turn | 300 sec total\n|\n|t:|1783571734\n|-terastallize|p2a: Beartic|Fighting\n|move|p1a: Gouging Fire|Outrage|p2a: Beartic\n|-damage|p2a: Beartic|0 fnt\n|faint|p2a: Beartic\n|\n|upkeep\n|\n|t:|1783571735\n|switch|p2a: Leafeon|Leafeon, L88, M|91/100\n|turn|29\n|inactive|Time left: 300 sec this turn | 300 sec total\n|\n|t:|1783571736\n|move|p2a: Leafeon|Swords Dance|p2a: Leafeon\n|-boost|p2a: Leafeon|atk|2\n|move|p1a: Gouging Fire|Outrage|p2a: Leafeon|[from] lockedmove\n|-damage|p2a: Leafeon|58/100\n|-start|p1a: Gouging Fire|confusion|[fatigue]\n|\n|upkeep\n|turn|30\n|inactive|Time left: 300 sec this turn | 300 sec total\n|\n|t:|1783571737\n|move|p2a: Leafeon|Knock Off|p1a: Gouging Fire\n|-damage|p1a: Gouging Fire|0 fnt\n|-enditem|p1a: Gouging Fire|Heavy-Duty Boots|[from] move: Knock Off|[of] p2a: Leafeon\n|faint|p1a: Gouging Fire\n|-end|p1a: Gouging Fire|Protosynthesis|[silent]\n|-damage|p2a: Leafeon|49/100|[from] item: Life Orb\n|\n|upkeep\n|inactive|Time left: 300 sec this turn | 300 sec total | 5 sec grace\n|\n|t:|1783571738\n|switch|p1a: Hatterene|Hatterene, L85, F|236/236\n|turn|31\n|inactive|Time left: 300 sec this turn | 300 sec total\n|\n|t:|1783571739\n|-terastallize|p1a: Hatterene|Steel\n|move|p2a: Leafeon|Knock Off|p1a: Hatterene\n|-damage|p1a: Hatterene|27/236\n|-enditem|p1a: Hatterene|Leftovers|[from] move: Knock Off|[of] p2a: Leafeon\n|-damage|p2a: Leafeon|39/100|[from] item: Life Orb\n|move|p1a: Hatterene|Mystical Fire|p2a: Leafeon\n|-supereffective|p2a: Leafeon\n|-damage|p2a: Leafeon|0 fnt\n|faint|p2a: Leafeon\n|\n|upkeep\n|\n|t:|1783571740\n|switch|p2a: Honchkrow|Honchkrow, L86, M|100/100\n|turn|32\n|inactive|Time left: 300 sec this turn | 300 sec total\n|\n|t:|1783571741\n|move|p2a: Honchkrow|Brave Bird|p1a: Hatterene\n|-resisted|p1a: Hatterene\n|-damage|p1a: Hatterene|0 fnt\n|faint|p1a: Hatterene\n|-damage|p2a: Honchkrow|98/100|[from] Recoil\n|\n|win|p0y2750e11d", "uploadtime": 1783571741, "views": 0, "rating": 0, "private": 0, "password": null, "_winner": "p0y2750e11d", "_our_name": "p0x27507375"}