{"id": "battle-gen9randombattle-1477", "formatid": "gen9randombattle", "format": "[Gen 9] Random Battle", "players": ["p0x1477caaa", "p0y1477b2d8"], "log": "|init|battle\n|title|p0x1477caaa vs. p0y1477b2d8\n|j|\u2606p0x1477caaa\n|j|\u2606p0y1477b2d8\n|t:|1783557188\n|gametype|singles\n|player|p1|p0x1477caaa|265|\n|player|p2|p0y1477b2d8|265|\n|gen|9\n|tier|[Gen 9] Random Battle\n|rule|Species Clause: Limit one of each Pok\u00e9mon\n|rule|HP Percentage Mod: HP is shown in percentages\n|rule|Sleep Clause Mod: Limit one foe put to sleep\n|rule|Illusion Level Mod: Illusion disguises the Pok\u00e9mon's true level\n|\n|t:|1783557188\n|teamsize|p1|6\n|teamsize|p2|6\n|start\n|switch|p1a: Sudowoodo|Sudowoodo, L94, M|100/100\n|switch|p2a: Flapple|Flapple, L88, M|266/266\n|turn|1\n|inactive|Battle timer is ON: inactive players will automatically lose when time's up. (requested by p0x1477caaa)\n|inactive|Time left: 300 sec this turn | 300 sec total | 60 sec grace\n|inactive|p0y1477b2d8 also wants the timer to be on.\n|\n|t:|1783557190\n|move|p2a: Flapple|Outrage|p1a: Sudowoodo\n|-damage|p1a: Sudowoodo|37/100\n|move|p1a: Sudowoodo|Head Smash|p2a: Flapple\n|-damage|p2a: Flapple|64/266\n|\n|-heal|p1a: Sudowoodo|43/100|[from] item: Leftovers\n|upkeep\n|turn|2\n|inactive|Time left: 300 sec this turn | 300 sec total\n|\n|t:|1783557191\n|move|p1a: Sudowoodo|Sucker Punch|p2a: Flapple\n|-damage|p2a: Flapple|0 fnt\n|faint|p2a: Flapple\n|\n|-heal|p1a: Sudowoodo|49/100|[from] item: Leftovers\n|upkeep\n|inactive|Time left: 300 sec this turn | 300 sec total | 5 sec grace\n|\n|t:|1783557192\n|switch|p2a: Magnezone|Magnezone, L85|258/258\n|turn|3\n|inactive|Time left: 300 sec this turn | 300 sec total\n|\n|t:|1783557193\n|switch|p1a: Arbok|Arbok, L87, M|100/100\n|-ability|p1a: Arbok|Intimidate|boost\n|-unboost|p2a: Magnezone|atk|1\n|move|p2a: Magnezone|Flash Cannon|p1a: Arbok\n|-damage|p1a: Arbok|56/100\n|\n|-heal|p1a: Arbok|62/100|[from] item: Leftovers\n|upkeep\n|turn|4\n|inactive|Time left: 300 sec this turn | 300 sec total\n|\n|t:|1783557195\n|move|p2a: Magnezone|Flash Cannon|p1a: Arbok\n|-damage|p1a: Arbok|15/100\n|move|p1a: Arbok|Earthquake|p2a: Magnezone\n|-supereffective|p2a: Magnezone\n|-damage|p2a: Magnezone|22/258\n|\n|-heal|p1a: Arbok|21/100|[from] item: Leftovers\n|upkeep\n|turn|5\n|inactive|Time left: 300 sec this turn | 300 sec total\n|\n|t:|1783557196\n|move|p1a: Arbok|Sucker Punch|p2a: Magnezone\n|-crit|p2a: Magnezone\n|-damage|p2a: Magnezone|0 fnt\n|faint|p2a: Magnezone\n|\n|-heal|p1a: Arbok|27/100|[from] item: Leftovers\n|upkeep\n|inactive|Time left: 300 sec this turn | 300 sec total | 5 sec grace\n|\n|t:|1783557197\n|switch|p2a: Zangoose|Zangoose, L85, M|263/263\n|turn|6\n|inactive|Time left: 300 sec this turn | 300 sec total\n|\n|t:|1783557198\n|switch|p1a: Sudowoodo|Sudowoodo, L94, M|49/100\n|move|p2a: Zangoose|Swords Dance|p2a: Zangoose\n|-boost|p2a: Zangoose|atk|2\n|\n|-heal|p1a: Sudowoodo|55/100|[from] item: Leftovers\n|-status|p2a: Zangoose|tox|[from] item: Toxic Orb\n|upkeep\n|turn|7\n|inactive|Time left: 300 sec this turn | 300 sec total\n|\n|t:|1783557199\n|switch|p1a: Arbok|Arbok, L87, M|27/100\n|-ability|p1a: Arbok|Intimidate|boost\n|-unboost|p2a: Zangoose|atk|1\n|move|p2a: Zangoose|Facade|p1a: Arbok\n|-damage|p1a: Arbok|0 fnt\n|faint|p1a: Arbok\n|\n|-damage|p2a: Zangoose|247/263 tox|[from] psn\n|upkeep\n|\n|t:|1783557200\n|switch|p1a: Oricorio|Oricorio-Pa'u, L87, F|100/100\n|turn|8\n|inactive|Time left: 300 sec this turn | 300 sec total\n|\n|t:|1783557201\n|-terastallize|p1a: Oricorio|Fighting\n|move|p1a: Oricorio|Revelation Dance|p2a: Zangoose\n|-supereffective|p2a: Zangoose\n|-damage|p2a: Zangoose|0 fnt\n|faint|p2a: Zangoose\n|\n|upkeep\n|inactive|Time left: 300 sec this turn | 300 sec total | 5 sec grace\n|\n|t:|1783557202\n|switch|p2a: Bronzong|Bronzong, L88|261/261\n|turn|9\n|inactive|Time left: 300 sec this turn | 300 sec total\n|\n|t:|1783557203\n|move|p1a: Oricorio|Quiver Dance|p1a: Oricorio\n|-boost|p1a: Oricorio|spa|1\n|-boost|p1a: Oricorio|spd|1\n|-boost|p1a: Oricorio|spe|1\n|move|p2a: Bronzong|Iron Defense|p2a: Bronzong\n|-boost|p2a: Bronzong|def|2\n|\n|upkeep\n|turn|10\n|inactive|Time left: 300 sec this turn | 300 sec total\n|\n|t:|1783557203\n|move|p1a: Oricorio|Revelation Dance|p2a: Bronzong\n|-damage|p2a: Bronzong|146/261\n|move|p2a: Bronzong|Body Press|p1a: Oricorio\n|-damage|p1a: Oricorio|42/100\n|\n|upkeep\n|turn|11\n|inactive|Time left: 300 sec this turn | 300 sec total\n|\n|t:|1783557204\n|move|p1a: Oricorio|Revelation Dance|p2a: Bronzong\n|-crit|p2a: Bronzong\n|-damage|p2a: Bronzong|0 fnt\n|faint|p2a: Bronzong\n|\n|upkeep\n|inactive|Time left: 300 sec this turn | 300 sec total | 5 sec grace\n|\n|t:|1783557205\n|switch|p2a: Kleavor|Kleavor, L78, M|237/237\n|turn|12\n|inactive|Time left: 300 sec this turn | 300 sec total\n|\n|t:|1783557206\n|move|p1a: Oricorio|Roost|p1a: Oricorio\n|-heal|p1a: Oricorio|92/100\n|move|p2a: Kleavor|Stone Axe|p1a: Oricorio\n|-resisted|p1a: Oricorio\n|-damage|p1a: Oricorio|66/100\n|-sidestart|p1: p0x1477caaa|move: Stealth Rock\n|\n|upkeep\n|turn|13\n|inactive|Time left: 300 sec this turn | 300 sec total\n|\n|t:|1783557207\n|move|p1a: Oricorio|Hurricane|p2a: Kleavor\n|-damage|p2a: Kleavor|0 fnt\n|faint|p2a: Kleavor\n|\n|upkeep\n|inactive|Time left: 300 sec this turn | 300 sec total | 5 sec grace\n|\n|t:|1783557207\n|switch|p2a: Meowscarada|Meowscarada, L78, F|247/247\n|turn|14\n|inactive|Time left: 300 sec this turn | 300 sec total\n|\n|t:|1783557208\n|-terastallize|p2a: Meowscarada|Grass\n|move|p1a: Oricorio|Revelation Dance|p2a: Meowscarada\n|-damage|p2a: Meowscarada|52/247\n|move|p2a: Meowscarada|U-turn|p1a: Oricorio\n|-resisted|p1a: Oricorio\n|-damage|p1a: Oricorio|57/100\n|\n|upkeep\n|turn|15\n|inactive|Time left: 300 sec this turn | 300 sec total\n|\n|t:|1783557209\n|move|p1a: Oricorio|Revelation Dance|p2a: Meowscarada\n|-damage|p2a: Meowscarada|0 fnt\n|faint|p2a: Meowscarada\n|\n|win|p0x1477caaa", "uploadtime": 1783557209, "views": 0, "rating": 0, "private": 0, "password": null, "_winner": "p0x1477caaa", "_our_name": "p0y1477b2d8"}