{"id": "battle-gen9randombattle-2362", "formatid": "gen9randombattle", "format": "[Gen 9] Random Battle", "players": ["p0x23625c3e", "p0y23629c39"], "log": "|init|battle\n|title|p0x23625c3e vs. p0y23629c39\n|j|\u2606p0x23625c3e\n|j|\u2606p0y23629c39\n|t:|1783567456\n|gametype|singles\n|player|p1|p0x23625c3e|266|\n|player|p2|p0y23629c39|2|\n|gen|9\n|tier|[Gen 9] Random Battle\n|rule|Species Clause: Limit one of each Pok\u00e9mon\n|rule|HP Percentage Mod: HP is shown in percentages\n|rule|Sleep Clause Mod: Limit one foe put to sleep\n|rule|Illusion Level Mod: Illusion disguises the Pok\u00e9mon's true level\n|\n|t:|1783567456\n|teamsize|p1|6\n|teamsize|p2|6\n|start\n|switch|p1a: Tsareena|Tsareena, L87, F|267/267\n|switch|p2a: Muk|Muk-Alola, L82, F|100/100\n|turn|1\n|inactive|Battle timer is ON: inactive players will automatically lose when time's up. (requested by p0x23625c3e)\n|inactive|p0y23629c39 also wants the timer to be on.\n|\n|t:|1783567458\n|move|p1a: Tsareena|High Jump Kick|p2a: Muk|[miss]\n|-miss|p1a: Tsareena|p2a: Muk\n|-damage|p1a: Tsareena|134/267|[from] highjumpkick\n|move|p2a: Muk|Poison Jab|p1a: Tsareena\n|-supereffective|p1a: Tsareena\n|-damage|p1a: Tsareena|0 fnt\n|faint|p1a: Tsareena\n|\n|upkeep\n|inactive|Time left: 300 sec this turn | 300 sec total | 65 sec grace\n|\n|t:|1783567459\n|switch|p1a: Excadrill|Excadrill, L79, M|303/303\n|-ability|p1a: Excadrill|Mold Breaker\n|turn|2\n|inactive|Time left: 300 sec this turn | 300 sec total\n|\n|t:|1783567461\n|-terastallize|p2a: Muk|Fighting\n|move|p1a: Excadrill|Earthquake|p2a: Muk\n|-damage|p2a: Muk|50/100\n|move|p2a: Muk|Drain Punch|p1a: Excadrill\n|-supereffective|p1a: Excadrill\n|-damage|p1a: Excadrill|61/303\n|-heal|p2a: Muk|90/100|[from] drain|[of] p1a: Excadrill\n|\n|-heal|p1a: Excadrill|79/303|[from] item: Leftovers\n|upkeep\n|turn|3\n|inactive|Time left: 300 sec this turn | 300 sec total\n|\n|t:|1783567462\n|move|p1a: Excadrill|Iron Head|p2a: Muk\n|-damage|p2a: Muk|55/100\n|cant|p2a: Muk|flinch\n|\n|-heal|p1a: Excadrill|97/303|[from] item: Leftovers\n|upkeep\n|turn|4\n|inactive|Time left: 300 sec this turn | 300 sec total\n|\n|t:|1783567463\n|move|p1a: Excadrill|Earthquake|p2a: Muk\n|-damage|p2a: Muk|12/100\n|move|p2a: Muk|Drain Punch|p1a: Excadrill\n|-supereffective|p1a: Excadrill\n|-damage|p1a: Excadrill|0 fnt\n|-heal|p2a: Muk|28/100|[from] drain|[of] p1a: Excadrill\n|faint|p1a: Excadrill\n|\n|upkeep\n|inactive|Time left: 300 sec this turn | 300 sec total | 5 sec grace\n|\n|t:|1783567464\n|switch|p1a: Carbink|Carbink, L90|236/236\n|turn|5\n|inactive|Time left: 300 sec this turn | 300 sec total\n|\n|t:|1783567465\n|switch|p2a: Vespiquen|Vespiquen, L99, F|100/100\n|-ability|p2a: Vespiquen|Pressure\n|move|p1a: Carbink|Moonblast|p2a: Vespiquen\n|-damage|p2a: Vespiquen|81/100\n|\n|upkeep\n|turn|6\n|inactive|Time left: 300 sec this turn | 300 sec total\n|\n|t:|1783567466\n|move|p1a: Carbink|Rock Polish|p1a: Carbink\n|-boost|p1a: Carbink|spe|2\n|move|p2a: Vespiquen|Toxic Spikes|p1a: Carbink\n|-sidestart|p1: p0x23625c3e|move: Toxic Spikes\n|\n|upkeep\n|turn|7\n|inactive|Time left: 300 sec this turn | 300 sec total\n|\n|t:|1783567467\n|move|p1a: Carbink|Iron Defense|p1a: Carbink\n|-boost|p1a: Carbink|def|2\n|move|p2a: Vespiquen|Spikes|p1a: Carbink\n|-sidestart|p1: p0x23625c3e|Spikes\n|\n|upkeep\n|turn|8\n|inactive|Time left: 300 sec this turn | 300 sec total\n|\n|t:|1783567468\n|move|p1a: Carbink|Moonblast|p2a: Vespiquen\n|-damage|p2a: Vespiquen|62/100\n|move|p2a: Vespiquen|Spikes|p1a: Carbink\n|-sidestart|p1: p0x23625c3e|Spikes\n|\n|upkeep\n|turn|9\n|inactive|Time left: 300 sec this turn | 300 sec total\n|\n|t:|1783567469\n|move|p1a: Carbink|Rock Polish|p1a: Carbink\n|-boost|p1a: Carbink|spe|2\n|move|p2a: Vespiquen|Roost|p2a: Vespiquen\n|-heal|p2a: Vespiquen|100/100\n|-singleturn|p2a: Vespiquen|move: Roost\n|\n|upkeep\n|turn|10\n|inactive|Time left: 300 sec this turn | 300 sec total\n|\n|t:|1783567470\n|move|p1a: Carbink|Moonblast|p2a: Vespiquen\n|-damage|p2a: Vespiquen|80/100\n|-unboost|p2a: Vespiquen|spa|1\n|move|p2a: Vespiquen|Spikes|p1a: Carbink\n|-sidestart|p1: p0x23625c3e|Spikes\n|\n|upkeep\n|turn|11\n|inactive|Time left: 300 sec this turn | 300 sec total\n|\n|t:|1783567471\n|move|p1a: Carbink|Moonblast|p2a: Vespiquen\n|-damage|p2a: Vespiquen|60/100\n|-unboost|p2a: Vespiquen|spa|1\n|move|p2a: Vespiquen|Roost|p2a: Vespiquen\n|-heal|p2a: Vespiquen|100/100\n|-singleturn|p2a: Vespiquen|move: Roost\n|\n|upkeep\n|turn|12\n|inactive|Time left: 300 sec this turn | 300 sec total\n|\n|t:|1783567472\n|move|p1a: Carbink|Body Press|p2a: Vespiquen\n|-resisted|p2a: Vespiquen\n|-damage|p2a: Vespiquen|88/100\n|move|p2a: Vespiquen|Toxic Spikes|p1a: Carbink\n|-sidestart|p1: p0x23625c3e|move: Toxic Spikes\n|\n|upkeep\n|turn|13\n|inactive|Time left: 300 sec this turn | 300 sec total\n|\n|t:|1783567473\n|move|p1a: Carbink|Iron Defense|p1a: Carbink\n|-boost|p1a: Carbink|def|2\n|move|p2a: Vespiquen|Roost|p2a: Vespiquen\n|-heal|p2a: Vespiquen|100/100\n|-singleturn|p2a: Vespiquen|move: Roost\n|\n|upkeep\n|turn|14\n|inactive|Time left: 300 sec this turn | 300 sec total\n|\n|t:|1783567474\n|move|p1a: Carbink|Body Press|p2a: Vespiquen\n|-resisted|p2a: Vespiquen\n|-damage|p2a: Vespiquen|82/100\n|move|p2a: Vespiquen|Hurricane|p1a: Carbink\n|-resisted|p1a: Carbink\n|-damage|p1a: Carbink|215/236\n|\n|-heal|p1a: Carbink|229/236|[from] item: Leftovers\n|upkeep\n|turn|15\n|inactive|Time left: 300 sec this turn | 300 sec total\n|\n|t:|1783567475\n|move|p1a: Carbink|Moonblast|p2a: Vespiquen\n|-damage|p2a: Vespiquen|62/100\n|-unboost|p2a: Vespiquen|spa|1\n|move|p2a: Vespiquen|Roost|p2a: Vespiquen\n|-heal|p2a: Vespiquen|100/100\n|-singleturn|p2a: Vespiquen|move: Roost\n|\n|-heal|p1a: Carbink|236/236|[from] item: Leftovers\n|upkeep\n|turn|16\n|inactive|Time left: 300 sec this turn | 300 sec total\n|\n|t:|1783567475\n|move|p1a: Carbink|Body Press|p2a: Vespiquen\n|-resisted|p2a: Vespiquen\n|-damage|p2a: Vespiquen|84/100\n|move|p2a: Vespiquen|Roost|p2a: Vespiquen\n|-heal|p2a: Vespiquen|100/100\n|-singleturn|p2a: Vespiquen|move: Roost\n|\n|upkeep\n|turn|17\n|inactive|Time left: 300 sec this turn | 300 sec total\n|\n|t:|1783567476\n|move|p1a: Carbink|Moonblast|p2a: Vespiquen\n|-damage|p2a: Vespiquen|81/100\n|move|p2a: Vespiquen|Roost|p2a: Vespiquen\n|-heal|p2a: Vespiquen|100/100\n|-singleturn|p2a: Vespiquen|move: Roost\n|\n|upkeep\n|turn|18\n|inactive|Time left: 300 sec this turn | 300 sec total\n|\n|t:|1783567477\n|move|p1a: Carbink|Body Press|p2a: Vespiquen\n|-resisted|p2a: Vespiquen\n|-damage|p2a: Vespiquen|83/100\n|move|p2a: Vespiquen|Roost|p2a: Vespiquen\n|-heal|p2a: Vespiquen|100/100\n|-singleturn|p2a: Vespiquen|move: Roost\n|\n|upkeep\n|turn|19\n|inactive|Time left: 300 sec this turn | 300 sec total\n|\n|t:|1783567478\n|move|p1a: Carbink|Body Press|p2a: Vespiquen\n|-resisted|p2a: Vespiquen\n|-damage|p2a: Vespiquen|82/100\n|move|p2a: Vespiquen|Hurricane|p1a: Carbink\n|-resisted|p1a: Carbink\n|-damage|p1a: Carbink|218/236\n|\n|-heal|p1a: Carbink|232/236|[from] item: Leftovers\n|upkeep\n|turn|20\n|inactive|Time left: 300 sec this turn | 300 sec total\n|\n|t:|1783567479\n|move|p1a: Carbink|Body Press|p2a: Vespiquen\n|-resisted|p2a: Vespiquen\n|-damage|p2a: Vespiquen|63/100\n|move|p2a: Vespiquen|Roost|p2a: Vespiquen\n|-heal|p2a: Vespiquen|100/100\n|-singleturn|p2a: Vespiquen|move: Roost\n|\n|-heal|p1a: Carbink|236/236|[from] item: Leftovers\n|upkeep\n|turn|21\n|inactive|Time left: 300 sec this turn | 300 sec total\n|\n|t:|1783567480\n|move|p1a: Carbink|Body Press|p2a: Vespiquen\n|-resisted|p2a: Vespiquen\n|-damage|p2a: Vespiquen|81/100\n|move|p2a: Vespiquen|Hurricane|p1a: Carbink|[miss]\n|-miss|p2a: Vespiquen|p1a: Carbink\n|\n|upkeep\n|turn|22\n|inactive|Time left: 300 sec this turn | 300 sec total\n|\n|t:|1783567481\n|move|p1a: Carbink|Moonblast|p2a: Vespiquen\n|-damage|p2a: Vespiquen|63/100\n|move|p2a: Vespiquen|Hurricane|p1a: Carbink\n|-resisted|p1a: Carbink\n|-damage|p1a: Carbink|219/236\n|\n|-heal|p1a: Carbink|233/236|[from] item: Leftovers\n|upkeep\n|turn|23\n|inactive|Time left: 300 sec this turn | 300 sec total\n|\n|t:|1783567483\n|move|p1a: Carbink|Moonblast|p2a: Vespiquen\n|-damage|p2a: Vespiquen|44/100\n|-unboost|p2a: Vespiquen|spa|1\n|move|p2a: Vespiquen|Hurricane|p1a: Carbink\n|-resisted|p1a: Carbink\n|-damage|p1a: Carbink|219/236\n|\n|-heal|p1a: Carbink|233/236|[from] item: Leftovers\n|upkeep\n|turn|24\n|inactive|Time left: 300 sec this turn | 300 sec total\n|\n|t:|1783567484\n|move|p1a: Carbink|Moonblast|p2a: Vespiquen\n|-damage|p2a: Vespiquen|24/100\n|move|p2a: Vespiquen|Hurricane|p1a: Carbink\n|-resisted|p1a: Carbink\n|-damage|p1a: Carbink|220/236\n|\n|-heal|p1a: Carbink|234/236|[from] item: Leftovers\n|upkeep\n|turn|25\n|inactive|Time left: 300 sec this turn | 300 sec total\n|\n|t:|1783567485\n|move|p1a: Carbink|Moonblast|p2a: Vespiquen\n|-damage|p2a: Vespiquen|5/100\n|-unboost|p2a: Vespiquen|spa|1\n|move|p2a: Vespiquen|Hurricane|p1a: Carbink|[miss]\n|-miss|p2a: Vespiquen|p1a: Carbink\n|\n|-heal|p1a: Carbink|236/236|[from] item: Leftovers\n|upkeep\n|turn|26\n|inactive|Time left: 300 sec this turn | 300 sec total\n|\n|t:|1783567486\n|move|p1a: Carbink|Moonblast|p2a: Vespiquen\n|-crit|p2a: Vespiquen\n|-damage|p2a: Vespiquen|0 fnt\n|faint|p2a: Vespiquen\n|\n|upkeep\n|\n|t:|1783567487\n|switch|p2a: Ampharos|Ampharos, L88, F|100/100\n|turn|27\n|inactive|Time left: 300 sec this turn | 300 sec total\n|\n|t:|1783567488\n|move|p1a: Carbink|Body Press|p2a: Ampharos\n|-damage|p2a: Ampharos|3/100\n|-status|p1a: Carbink|par|[from] ability: Static|[of] p2a: Ampharos\n|move|p2a: Ampharos|Thunderbolt|p1a: Carbink\n|-damage|p1a: Carbink|128/236 par\n|\n|-heal|p1a: Carbink|142/236 par|[from] item: Leftovers\n|upkeep\n|turn|28\n|inactive|Time left: 300 sec this turn | 300 sec total\n|\n|t:|1783567489\n|move|p1a: Carbink|Moonblast|p2a: Ampharos\n|-damage|p2a: Ampharos|0 fnt\n|faint|p2a: Ampharos\n|\n|-heal|p1a: Carbink|156/236 par|[from] item: Leftovers\n|upkeep\n|\n|t:|1783567490\n|switch|p2a: Kyogre|Kyogre, L71|100/100\n|-weather|RainDance|[from] ability: Drizzle|[of] p2a: Kyogre\n|turn|29\n|inactive|Time left: 300 sec this turn | 300 sec total\n|\n|t:|1783567491\n|switch|p2a: Muk|Muk-Alola, L82, F, tera:Fighting|28/100\n|move|p1a: Carbink|Body Press|p2a: Muk\n|-damage|p2a: Muk|0 fnt\n|faint|p2a: Muk\n|\n|-weather|RainDance|[upkeep]\n|-heal|p1a: Carbink|170/236 par|[from] item: Leftovers\n|upkeep\n|\n|t:|1783567492\n|switch|p2a: Kyogre|Kyogre, L71|100/100\n|turn|30\n|inactive|Time left: 300 sec this turn | 300 sec total\n|\n|t:|1783567493\n|move|p1a: Carbink|Rock Polish|p1a: Carbink\n|-boost|p1a: Carbink|spe|2\n|move|p2a: Kyogre|Origin Pulse|p1a: Carbink\n|-supereffective|p1a: Carbink\n|-damage|p1a: Carbink|0 fnt\n|faint|p1a: Carbink\n|\n|-weather|RainDance|[upkeep]\n|upkeep\n|inactive|Time left: 300 sec this turn | 300 sec total | 5 sec grace\n|\n|t:|1783567493\n|switch|p1a: Noctowl|Noctowl, L95, M|344/344\n|turn|31\n|inactive|Time left: 300 sec this turn | 300 sec total\n|\n|t:|1783567494\n|move|p1a: Noctowl|Nasty Plot|p1a: Noctowl\n|-boost|p1a: Noctowl|spa|2\n|move|p2a: Kyogre|Calm Mind|p2a: Kyogre\n|-boost|p2a: Kyogre|spa|1\n|-boost|p2a: Kyogre|spd|1\n|\n|-weather|RainDance|[upkeep]\n|upkeep\n|turn|32\n|inactive|Time left: 300 sec this turn | 300 sec total\n|\n|t:|1783567495\n|move|p1a: Noctowl|Hurricane|p2a: Kyogre\n|-damage|p2a: Kyogre|42/100\n|-start|p2a: Kyogre|confusion\n|-activate|p2a: Kyogre|confusion\n|move|p2a: Kyogre|Origin Pulse|p1a: Noctowl|[miss]\n|-miss|p2a: Kyogre|p1a: Noctowl\n|\n|-weather|RainDance|[upkeep]\n|-heal|p2a: Kyogre|48/100|[from] item: Leftovers\n|upkeep\n|turn|33\n|inactive|Time left: 300 sec this turn | 300 sec total\n|\n|t:|1783567497\n|move|p1a: Noctowl|Hurricane|p2a: Kyogre\n|-damage|p2a: Kyogre|0 fnt\n|faint|p2a: Kyogre\n|\n|-weather|none\n|upkeep\n|\n|t:|1783567497\n|switch|p2a: Piloswine|Piloswine, L85, M|100/100\n|turn|34\n|inactive|Time left: 300 sec this turn | 300 sec total\n|\n|t:|1783567498\n|-terastallize|p1a: Noctowl|Normal\n|move|p1a: Noctowl|Hyper Voice|p2a: Piloswine\n|-damage|p2a: Piloswine|14/100\n|move|p2a: Piloswine|Icicle Crash|p1a: Noctowl\n|-crit|p1a: Noctowl\n|-damage|p1a: Noctowl|170/344\n|\n|upkeep\n|turn|35\n|inactive|Time left: 300 sec this turn | 300 sec total\n|\n|t:|1783567499\n|move|p2a: Piloswine|Ice Shard|p1a: Noctowl\n|-damage|p1a: Noctowl|113/344\n|move|p1a: Noctowl|Hyper Voice|p2a: Piloswine\n|-damage|p2a: Piloswine|0 fnt\n|faint|p2a: Piloswine\n|\n|upkeep\n|\n|t:|1783567500\n|switch|p2a: Samurott|Samurott-Hisui, L77, M|100/100\n|turn|36\n|inactive|Time left: 300 sec this turn | 300 sec total\n|\n|t:|1783567501\n|move|p2a: Samurott|Sucker Punch|p1a: Noctowl\n|-damage|p1a: Noctowl|0 fnt\n|faint|p1a: Noctowl\n|\n|upkeep\n|inactive|Time left: 300 sec this turn | 300 sec total | 5 sec grace\n|\n|t:|1783567502\n|switch|p1a: Exeggutor|Exeggutor-Alola, L89, F|314/314\n|-status|p1a: Exeggutor|tox\n|-damage|p1a: Exeggutor|236/314 tox|[from] Spikes\n|-item|p2a: Samurott|Choice Band|[from] ability: Frisk|[of] p1a: Exeggutor\n|turn|37\n|inactive|Time left: 300 sec this turn | 300 sec total\n|\n|t:|1783567503\n|move|p2a: Samurott|Sucker Punch|p1a: Exeggutor\n|-damage|p1a: Exeggutor|142/314 tox\n|move|p1a: Exeggutor|Giga Drain|p2a: Samurott\n|-supereffective|p2a: Samurott\n|-damage|p2a: Samurott|0 fnt\n|-heal|p1a: Exeggutor|275/314 tox|[from] drain|[of] p2a: Samurott\n|faint|p2a: Samurott\n|\n|win|p0x23625c3e", "uploadtime": 1783567503, "views": 0, "rating": 0, "private": 0, "password": null, "_winner": "p0x23625c3e", "_our_name": "p0x23625c3e"}