{"id": "battle-gen9randombattle-746", "formatid": "gen9randombattle", "format": "[Gen 9] Random Battle", "players": ["p0x74683f4", "p0y7461cf0"], "log": "|init|battle\n|title|p0x74683f4 vs. p0y7461cf0\n|j|\u2606p0x74683f4\n|j|\u2606p0y7461cf0\n|t:|1783548466\n|gametype|singles\n|player|p1|p0x74683f4|102|\n|player|p2|p0y7461cf0|2|\n|gen|9\n|tier|[Gen 9] Random Battle\n|rule|Species Clause: Limit one of each Pok\u00e9mon\n|rule|HP Percentage Mod: HP is shown in percentages\n|rule|Sleep Clause Mod: Limit one foe put to sleep\n|rule|Illusion Level Mod: Illusion disguises the Pok\u00e9mon's true level\n|\n|t:|1783548466\n|teamsize|p1|6\n|teamsize|p2|6\n|start\n|switch|p1a: Chesnaught|Chesnaught, L84, M|285/285\n|switch|p2a: Gouging Fire|Gouging Fire, L74|100/100\n|turn|1\n|inactive|Battle timer is ON: inactive players will automatically lose when time's up. (requested by p0x74683f4)\n|inactive|p0y7461cf0 also wants the timer to be on.\n|\n|t:|1783548467\n|move|p2a: Gouging Fire|Dragon Dance|p2a: Gouging Fire\n|-boost|p2a: Gouging Fire|atk|1\n|-boost|p2a: Gouging Fire|spe|1\n|move|p1a: Chesnaught|Iron Defense|p1a: Chesnaught\n|-boost|p1a: Chesnaught|def|2\n|\n|upkeep\n|turn|2\n|inactive|Time left: 300 sec this turn | 300 sec total\n|\n|t:|1783548469\n|move|p2a: Gouging Fire|Dragon Dance|p2a: Gouging Fire\n|-boost|p2a: Gouging Fire|atk|1\n|-boost|p2a: Gouging Fire|spe|1\n|move|p1a: Chesnaught|Body Press|p2a: Gouging Fire\n|-damage|p2a: Gouging Fire|37/100\n|\n|upkeep\n|turn|3\n|inactive|Time left: 300 sec this turn | 300 sec total\n|\n|t:|1783548470\n|-terastallize|p2a: Gouging Fire|Fairy\n|move|p2a: Gouging Fire|Heat Crash|p1a: Chesnaught\n|-supereffective|p1a: Chesnaught\n|-damage|p1a: Chesnaught|109/285\n|move|p1a: Chesnaught|Body Press|p2a: Gouging Fire\n|-resisted|p2a: Gouging Fire\n|-crit|p2a: Gouging Fire\n|-damage|p2a: Gouging Fire|0 fnt\n|faint|p2a: Gouging Fire\n|-end|p2a: Gouging Fire|Protosynthesis|[silent]\n|\n|-heal|p1a: Chesnaught|126/285|[from] item: Leftovers\n|upkeep\n|\n|t:|1783548471\n|switch|p2a: Dedenne|Dedenne, L88, F|100/100\n|turn|4\n|inactive|Time left: 300 sec this turn | 300 sec total\n|\n|t:|1783548473\n|move|p2a: Dedenne|Dazzling Gleam|p1a: Chesnaught\n|-supereffective|p1a: Chesnaught\n|-damage|p1a: Chesnaught|0 fnt\n|faint|p1a: Chesnaught\n|\n|upkeep\n|inactive|Time left: 300 sec this turn | 300 sec total | 5 sec grace\n|\n|t:|1783548474\n|switch|p1a: Bellossom|Bellossom, L84, F|263/263\n|turn|5\n|inactive|Time left: 300 sec this turn | 300 sec total\n|\n|t:|1783548475\n|switch|p2a: Gogoat|Gogoat, L88, F|100/100\n|move|p1a: Bellossom|Quiver Dance|p1a: Bellossom\n|-boost|p1a: Bellossom|spa|1\n|-boost|p1a: Bellossom|spd|1\n|-boost|p1a: Bellossom|spe|1\n|\n|upkeep\n|turn|6\n|inactive|Time left: 300 sec this turn | 300 sec total\n|\n|t:|1783548476\n|move|p1a: Bellossom|Quiver Dance|p1a: Bellossom\n|-boost|p1a: Bellossom|spa|1\n|-boost|p1a: Bellossom|spd|1\n|-boost|p1a: Bellossom|spe|1\n|move|p2a: Gogoat|Bulk Up|p2a: Gogoat\n|-boost|p2a: Gogoat|atk|1\n|-boost|p2a: Gogoat|def|1\n|\n|upkeep\n|turn|7\n|inactive|Time left: 300 sec this turn | 300 sec total\n|\n|t:|1783548477\n|-terastallize|p1a: Bellossom|Poison\n|move|p1a: Bellossom|Sludge Bomb|p2a: Gogoat\n|-supereffective|p2a: Gogoat\n|-damage|p2a: Gogoat|0 fnt\n|faint|p2a: Gogoat\n|\n|upkeep\n|\n|t:|1783548478\n|switch|p2a: Bisharp|Bisharp, L79, M|100/100\n|turn|8\n|inactive|Time left: 300 sec this turn | 300 sec total\n|\n|t:|1783548479\n|move|p1a: Bellossom|Quiver Dance|p1a: Bellossom\n|-boost|p1a: Bellossom|spa|1\n|-boost|p1a: Bellossom|spd|1\n|-boost|p1a: Bellossom|spe|1\n|move|p2a: Bisharp|Swords Dance|p2a: Bisharp\n|-boost|p2a: Bisharp|atk|2\n|\n|upkeep\n|turn|9\n|inactive|Time left: 300 sec this turn | 300 sec total\n|\n|t:|1783548480\n|move|p1a: Bellossom|Giga Drain|p2a: Bisharp\n|-resisted|p2a: Bisharp\n|-damage|p2a: Bisharp|69/100\n|move|p2a: Bisharp|Throat Chop|p1a: Bellossom\n|-damage|p1a: Bellossom|98/263\n|-start|p1a: Bellossom|Throat Chop|[silent]\n|\n|-heal|p1a: Bellossom|114/263|[from] item: Leftovers\n|upkeep\n|turn|10\n|inactive|Time left: 300 sec this turn | 300 sec total\n|\n|t:|1783548481\n|move|p1a: Bellossom|Strength Sap|p2a: Bisharp\n|-unboost|p2a: Bisharp|atk|1\n|-ability|p2a: Bisharp|Defiant|boost\n|-boost|p2a: Bisharp|atk|2\n|-heal|p1a: Bellossom|263/263\n|move|p2a: Bisharp|Throat Chop|p1a: Bellossom\n|-damage|p1a: Bellossom|58/263\n|\n|-heal|p1a: Bellossom|74/263|[from] item: Leftovers\n|-end|p1a: Bellossom|Throat Chop|[silent]\n|upkeep\n|turn|11\n|inactive|Time left: 300 sec this turn | 300 sec total\n|\n|t:|1783548483\n|move|p1a: Bellossom|Strength Sap|p2a: Bisharp\n|-unboost|p2a: Bisharp|atk|1\n|-ability|p2a: Bisharp|Defiant|boost\n|-boost|p2a: Bisharp|atk|2\n|-heal|p1a: Bellossom|263/263\n|move|p2a: Bisharp|Iron Head|p1a: Bellossom\n|-damage|p1a: Bellossom|26/263\n|\n|-heal|p1a: Bellossom|42/263|[from] item: Leftovers\n|upkeep\n|turn|12\n|inactive|Time left: 300 sec this turn | 300 sec total\n|\n|t:|1783548484\n|move|p1a: Bellossom|Giga Drain|p2a: Bisharp\n|-resisted|p2a: Bisharp\n|-damage|p2a: Bisharp|37/100\n|-heal|p1a: Bellossom|80/263|[from] drain|[of] p2a: Bisharp\n|move|p2a: Bisharp|Throat Chop|p1a: Bellossom\n|-damage|p1a: Bellossom|0 fnt\n|faint|p1a: Bellossom\n|\n|upkeep\n|inactive|Time left: 300 sec this turn | 300 sec total | 5 sec grace\n|\n|t:|1783548485\n|switch|p1a: Moltres|Moltres, L81|278/278\n|turn|13\n|inactive|Time left: 300 sec this turn | 300 sec total\n|\n|t:|1783548486\n|move|p2a: Bisharp|Sucker Punch|p1a: Moltres\n|-damage|p1a: Moltres|29/278\n|move|p1a: Moltres|Scorching Sands|p2a: Bisharp\n|-supereffective|p2a: Bisharp\n|-damage|p2a: Bisharp|0 fnt\n|faint|p2a: Bisharp\n|\n|upkeep\n|\n|t:|1783548487\n|switch|p2a: Dedenne|Dedenne, L88, F|100/100\n|turn|14\n|inactive|Time left: 300 sec this turn | 300 sec total\n|\n|t:|1783548488\n|switch|p1a: Wyrdeer|Wyrdeer, L87, M|321/321\n|-ability|p1a: Wyrdeer|Intimidate|boost\n|-unboost|p2a: Dedenne|atk|1\n|move|p2a: Dedenne|Dazzling Gleam|p1a: Wyrdeer\n|-damage|p1a: Wyrdeer|227/321\n|\n|-heal|p1a: Wyrdeer|247/321|[from] item: Leftovers\n|upkeep\n|turn|15\n|inactive|Time left: 300 sec this turn | 300 sec total\n|\n|t:|1783548489\n|move|p2a: Dedenne|U-turn|p1a: Wyrdeer\n|-supereffective|p1a: Wyrdeer\n|-damage|p1a: Wyrdeer|195/321\n|\n|t:|1783548490\n|switch|p2a: Chimecho|Chimecho, L93, F|100/100|[from] U-turn\n|move|p1a: Wyrdeer|Earthquake|p2a: Chimecho\n|-immune|p2a: Chimecho|[from] ability: Levitate\n|\n|-heal|p1a: Wyrdeer|215/321|[from] item: Leftovers\n|upkeep\n|turn|16\n|inactive|Time left: 300 sec this turn | 300 sec total\n|\n|t:|1783548491\n|move|p2a: Chimecho|Cosmic Power|p2a: Chimecho\n|-boost|p2a: Chimecho|def|1\n|-boost|p2a: Chimecho|spd|1\n|move|p1a: Wyrdeer|Megahorn|p2a: Chimecho\n|-supereffective|p2a: Chimecho\n|-damage|p2a: Chimecho|60/100\n|\n|-heal|p2a: Chimecho|66/100|[from] item: Leftovers\n|-heal|p1a: Wyrdeer|235/321|[from] item: Leftovers\n|upkeep\n|turn|17\n|inactive|Time left: 300 sec this turn | 300 sec total\n|\n|t:|1783548492\n|move|p2a: Chimecho|Cosmic Power|p2a: Chimecho\n|-boost|p2a: Chimecho|def|1\n|-boost|p2a: Chimecho|spd|1\n|move|p1a: Wyrdeer|Megahorn|p2a: Chimecho\n|-supereffective|p2a: Chimecho\n|-damage|p2a: Chimecho|31/100\n|\n|-heal|p2a: Chimecho|37/100|[from] item: Leftovers\n|-heal|p1a: Wyrdeer|255/321|[from] item: Leftovers\n|upkeep\n|turn|18\n|inactive|Time left: 300 sec this turn | 300 sec total\n|\n|t:|1783548493\n|move|p2a: Chimecho|Recover|p2a: Chimecho\n|-heal|p2a: Chimecho|87/100\n|move|p1a: Wyrdeer|Megahorn|p2a: Chimecho\n|-supereffective|p2a: Chimecho\n|-damage|p2a: Chimecho|53/100\n|\n|-heal|p2a: Chimecho|59/100|[from] item: Leftovers\n|-heal|p1a: Wyrdeer|275/321|[from] item: Leftovers\n|upkeep\n|turn|19\n|inactive|Time left: 300 sec this turn | 300 sec total\n|\n|t:|1783548494\n|move|p2a: Chimecho|Cosmic Power|p2a: Chimecho\n|-boost|p2a: Chimecho|def|1\n|-boost|p2a: Chimecho|spd|1\n|move|p1a: Wyrdeer|Thunder Wave|p2a: Chimecho\n|-status|p2a: Chimecho|par\n|\n|-heal|p1a: Wyrdeer|295/321|[from] item: Leftovers\n|-heal|p2a: Chimecho|65/100 par|[from] item: Leftovers\n|upkeep\n|turn|20\n|inactive|Time left: 300 sec this turn | 300 sec total\n|\n|t:|1783548495\n|move|p1a: Wyrdeer|Megahorn|p2a: Chimecho\n|-supereffective|p2a: Chimecho\n|-damage|p2a: Chimecho|39/100 par\n|move|p2a: Chimecho|Stored Power|p1a: Wyrdeer\n|-resisted|p1a: Wyrdeer\n|-damage|p1a: Wyrdeer|191/321\n|\n|-heal|p1a: Wyrdeer|211/321|[from] item: Leftovers\n|-heal|p2a: Chimecho|45/100 par|[from] item: Leftovers\n|upkeep\n|turn|21\n|inactive|Time left: 300 sec this turn | 300 sec total\n|\n|t:|1783548497\n|move|p1a: Wyrdeer|Megahorn|p2a: Chimecho\n|-supereffective|p2a: Chimecho\n|-damage|p2a: Chimecho|19/100 par\n|cant|p2a: Chimecho|par\n|\n|-heal|p1a: Wyrdeer|231/321|[from] item: Leftovers\n|-heal|p2a: Chimecho|26/100 par|[from] item: Leftovers\n|upkeep\n|turn|22\n|inactive|Time left: 300 sec this turn | 300 sec total\n|\n|t:|1783548498\n|move|p1a: Wyrdeer|Megahorn|p2a: Chimecho\n|-supereffective|p2a: Chimecho\n|-damage|p2a: Chimecho|1/100 par\n|move|p2a: Chimecho|Recover|p2a: Chimecho\n|-heal|p2a: Chimecho|51/100 par\n|\n|-heal|p1a: Wyrdeer|251/321|[from] item: Leftovers\n|-heal|p2a: Chimecho|57/100 par|[from] item: Leftovers\n|upkeep\n|turn|23\n|inactive|Time left: 300 sec this turn | 300 sec total\n|\n|t:|1783548499\n|move|p1a: Wyrdeer|Megahorn|p2a: Chimecho\n|-supereffective|p2a: Chimecho\n|-damage|p2a: Chimecho|32/100 par\n|cant|p2a: Chimecho|par\n|\n|-heal|p1a: Wyrdeer|271/321|[from] item: Leftovers\n|-heal|p2a: Chimecho|38/100 par|[from] item: Leftovers\n|upkeep\n|turn|24\n|inactive|Time left: 300 sec this turn | 300 sec total\n|\n|t:|1783548500\n|move|p1a: Wyrdeer|Megahorn|p2a: Chimecho\n|-supereffective|p2a: Chimecho\n|-crit|p2a: Chimecho\n|-damage|p2a: Chimecho|0 fnt\n|faint|p2a: Chimecho\n|\n|-heal|p1a: Wyrdeer|291/321|[from] item: Leftovers\n|upkeep\n|\n|t:|1783548502\n|switch|p2a: Malamar|Malamar, L82, F|100/100\n|turn|25\n|inactive|Time left: 300 sec this turn | 300 sec total\n|\n|t:|1783548503\n|move|p2a: Malamar|Knock Off|p1a: Wyrdeer\n|-supereffective|p1a: Wyrdeer\n|-damage|p1a: Wyrdeer|75/321\n|-enditem|p1a: Wyrdeer|Leftovers|[from] move: Knock Off|[of] p2a: Malamar\n|move|p1a: Wyrdeer|Megahorn|p2a: Malamar\n|-supereffective|p2a: Malamar\n|-damage|p2a: Malamar|0 fnt\n|faint|p2a: Malamar\n|\n|upkeep\n|\n|t:|1783548504\n|switch|p2a: Dedenne|Dedenne, L88, F|100/100\n|turn|26\n|inactive|Time left: 300 sec this turn | 300 sec total\n|\n|t:|1783548504\n|switch|p1a: Illumise|Illumise, L91, F|266/266\n|move|p2a: Dedenne|Thunderbolt|p1a: Illumise\n|-damage|p1a: Illumise|182/266\n|\n|upkeep\n|turn|27\n|inactive|Time left: 300 sec this turn | 300 sec total\n|\n|t:|1783548506\n|move|p1a: Illumise|Roost|p1a: Illumise\n|-heal|p1a: Illumise|266/266\n|-singleturn|p1a: Illumise|move: Roost\n|move|p2a: Dedenne|Dazzling Gleam|p1a: Illumise\n|-damage|p1a: Illumise|194/266\n|\n|upkeep\n|turn|28\n|inactive|Time left: 300 sec this turn | 300 sec total\n|\n|t:|1783548507\n|move|p2a: Dedenne|Dazzling Gleam|p1a: Illumise\n|-damage|p1a: Illumise|119/266\n|move|p1a: Illumise|Bug Buzz|p2a: Dedenne\n|-resisted|p2a: Dedenne\n|-damage|p2a: Dedenne|79/100\n|\n|upkeep\n|turn|29\n|inactive|Time left: 300 sec this turn | 300 sec total\n|\n|t:|1783548508\n|move|p1a: Illumise|Roost|p1a: Illumise\n|-heal|p1a: Illumise|252/266\n|-singleturn|p1a: Illumise|move: Roost\n|move|p2a: Dedenne|Thunderbolt|p1a: Illumise\n|-damage|p1a: Illumise|168/266\n|\n|upkeep\n|turn|30\n|inactive|Time left: 300 sec this turn | 300 sec total\n|\n|t:|1783548509\n|move|p1a: Illumise|Roost|p1a: Illumise\n|-heal|p1a: Illumise|266/266\n|-singleturn|p1a: Illumise|move: Roost\n|move|p2a: Dedenne|Dazzling Gleam|p1a: Illumise\n|-damage|p1a: Illumise|187/266\n|\n|upkeep\n|turn|31\n|inactive|Time left: 300 sec this turn | 300 sec total\n|\n|t:|1783548510\n|move|p2a: Dedenne|Thunderbolt|p1a: Illumise\n|-damage|p1a: Illumise|94/266\n|move|p1a: Illumise|Bug Buzz|p2a: Dedenne\n|-resisted|p2a: Dedenne\n|-damage|p2a: Dedenne|60/100\n|\n|upkeep\n|turn|32\n|inactive|Time left: 300 sec this turn | 300 sec total\n|\n|t:|1783548511\n|move|p1a: Illumise|Roost|p1a: Illumise\n|-heal|p1a: Illumise|227/266\n|-singleturn|p1a: Illumise|move: Roost\n|move|p2a: Dedenne|U-turn|p1a: Illumise\n|-damage|p1a: Illumise|189/266\n|\n|upkeep\n|turn|33\n|inactive|Time left: 300 sec this turn | 300 sec total\n|\n|t:|1783548512\n|move|p1a: Illumise|Encore|p2a: Dedenne\n|-start|p2a: Dedenne|Encore\n|move|p2a: Dedenne|U-turn|p1a: Illumise\n|-damage|p1a: Illumise|150/266\n|\n|upkeep\n|turn|34\n|inactive|Time left: 300 sec this turn | 300 sec total\n|\n|t:|1783548513\n|switch|p1a: Moltres|Moltres, L81|29/278\n|move|p2a: Dedenne|U-turn|p1a: Moltres\n|-resisted|p1a: Moltres\n|-damage|p1a: Moltres|20/278\n|\n|upkeep\n|turn|35\n|inactive|Time left: 300 sec this turn | 300 sec total\n|\n|t:|1783548514\n|move|p2a: Dedenne|U-turn|p1a: Moltres\n|-resisted|p1a: Moltres\n|-damage|p1a: Moltres|10/278\n|move|p1a: Moltres|Fire Blast|p2a: Dedenne\n|-damage|p2a: Dedenne|4/100\n|-status|p2a: Dedenne|brn\n|-enditem|p2a: Dedenne|Sitrus Berry|[eat]\n|-heal|p2a: Dedenne|28/100 brn|[from] item: Sitrus Berry\n|-heal|p2a: Dedenne|62/100 brn|[from] ability: Cheek Pouch\n|\n|-damage|p2a: Dedenne|56/100 brn|[from] brn\n|-end|p2a: Dedenne|Encore\n|upkeep\n|turn|36\n|inactive|Time left: 300 sec this turn | 300 sec total\n|\n|t:|1783548515\n|move|p2a: Dedenne|Dazzling Gleam|p1a: Moltres\n|-resisted|p1a: Moltres\n|-damage|p1a: Moltres|0 fnt\n|faint|p1a: Moltres\n|\n|-damage|p2a: Dedenne|50/100 brn|[from] brn\n|upkeep\n|inactive|Time left: 300 sec this turn | 300 sec total | 5 sec grace\n|\n|t:|1783548516\n|switch|p1a: Staraptor|Staraptor, L79, F|263/263\n|turn|37\n|inactive|Time left: 300 sec this turn | 300 sec total\n|\n|t:|1783548517\n|move|p1a: Staraptor|Quick Attack|p2a: Dedenne\n|-damage|p2a: Dedenne|19/100 brn\n|move|p2a: Dedenne|Thunderbolt|p1a: Staraptor\n|-supereffective|p1a: Staraptor\n|-damage|p1a: Staraptor|0 fnt\n|faint|p1a: Staraptor\n|\n|-damage|p2a: Dedenne|12/100 brn|[from] brn\n|upkeep\n|inactive|Time left: 300 sec this turn | 300 sec total | 5 sec grace\n|\n|t:|1783548518\n|switch|p1a: Illumise|Illumise, L91, F|150/266\n|turn|38\n|inactive|Time left: 300 sec this turn | 300 sec total\n|\n|t:|1783548518\n|move|p2a: Dedenne|Thunderbolt|p1a: Illumise\n|-damage|p1a: Illumise|65/266\n|move|p1a: Illumise|Bug Buzz|p2a: Dedenne\n|-resisted|p2a: Dedenne\n|-damage|p2a: Dedenne|0 fnt\n|faint|p2a: Dedenne\n|\n|win|p0x74683f4", "uploadtime": 1783548518, "views": 0, "rating": 0, "private": 0, "password": null, "_winner": "p0x74683f4", "_our_name": "p0x74683f4"}