{"id": "battle-gen9randombattle-903", "formatid": "gen9randombattle", "format": "[Gen 9] Random Battle", "players": ["p0x9037aa7", "p0y9039efd"], "log": "|init|battle\n|title|p0x9037aa7 vs. p0y9039efd\n|j|\u2606p0x9037aa7\n|j|\u2606p0y9039efd\n|t:|1783549638\n|gametype|singles\n|player|p1|p0x9037aa7|2|\n|player|p2|p0y9039efd|1|\n|gen|9\n|tier|[Gen 9] Random Battle\n|rule|Species Clause: Limit one of each Pok\u00e9mon\n|rule|HP Percentage Mod: HP is shown in percentages\n|rule|Sleep Clause Mod: Limit one foe put to sleep\n|rule|Illusion Level Mod: Illusion disguises the Pok\u00e9mon's true level\n|\n|t:|1783549638\n|teamsize|p1|6\n|teamsize|p2|6\n|start\n|switch|p1a: Scovillain|Scovillain, L91, M|266/266\n|switch|p2a: Hitmonlee|Hitmonlee, L85, M|100/100\n|turn|1\n|inactive|Battle timer is ON: inactive players will automatically lose when time's up. (requested by p0x9037aa7)\n|inactive|p0y9039efd also wants the timer to be on.\n|\n|t:|1783549640\n|move|p1a: Scovillain|Protect|p1a: Scovillain\n|-singleturn|p1a: Scovillain|Protect\n|move|p2a: Hitmonlee|Close Combat|p1a: Scovillain\n|-activate|p1a: Scovillain|move: Protect\n|\n|upkeep\n|turn|2\n|inactive|Time left: 300 sec this turn | 300 sec total\n|\n|t:|1783549641\n|switch|p1a: Flygon|Flygon, L82, M|265/265\n|move|p2a: Hitmonlee|Close Combat|p1a: Flygon\n|-damage|p1a: Flygon|82/265\n|-unboost|p2a: Hitmonlee|def|1\n|-unboost|p2a: Hitmonlee|spd|1\n|-enditem|p2a: Hitmonlee|White Herb\n|-clearnegativeboost|p2a: Hitmonlee|[silent]\n|\n|upkeep\n|turn|3\n|inactive|Time left: 300 sec this turn | 300 sec total\n|\n|t:|1783549642\n|move|p2a: Hitmonlee|Knock Off|p1a: Flygon\n|-damage|p1a: Flygon|0 fnt\n|-enditem|p1a: Flygon|Choice Band|[from] move: Knock Off|[of] p2a: Hitmonlee\n|faint|p1a: Flygon\n|\n|upkeep\n|inactive|Time left: 300 sec this turn | 300 sec total | 5 sec grace\n|\n|t:|1783549643\n|switch|p1a: Staraptor|Staraptor, L79, M|263/263\n|turn|4\n|inactive|Time left: 300 sec this turn | 300 sec total\n|\n|t:|1783549644\n|move|p2a: Hitmonlee|Close Combat|p1a: Staraptor\n|-damage|p1a: Staraptor|83/263\n|-unboost|p2a: Hitmonlee|def|1\n|-unboost|p2a: Hitmonlee|spd|1\n|move|p1a: Staraptor|Brave Bird|p2a: Hitmonlee\n|-supereffective|p2a: Hitmonlee\n|-damage|p2a: Hitmonlee|0 fnt\n|faint|p2a: Hitmonlee\n|-damage|p1a: Staraptor|9/263|[from] Recoil\n|\n|upkeep\n|\n|t:|1783549645\n|switch|p2a: Golem|Golem, L87, M|100/100\n|turn|5\n|inactive|Time left: 300 sec this turn | 300 sec total\n|\n|t:|1783549646\n|move|p1a: Staraptor|Brave Bird|p2a: Golem\n|-resisted|p2a: Golem\n|-damage|p2a: Golem|68/100\n|-damage|p1a: Staraptor|0 fnt|[from] Recoil\n|faint|p1a: Staraptor\n|move|p2a: Golem|Rock Polish|p2a: Golem\n|-boost|p2a: Golem|spe|2\n|\n|upkeep\n|inactive|Time left: 300 sec this turn | 300 sec total | 5 sec grace\n|\n|t:|1783549647\n|switch|p1a: Copperajah|Copperajah, L86, F|349/349\n|turn|6\n|inactive|Time left: 300 sec this turn | 300 sec total\n|\n|t:|1783549648\n|move|p2a: Golem|Earthquake|p1a: Copperajah\n|-supereffective|p1a: Copperajah\n|-damage|p1a: Copperajah|29/349\n|move|p1a: Copperajah|Earthquake|p2a: Golem\n|-supereffective|p2a: Golem\n|-damage|p2a: Golem|0 fnt\n|faint|p2a: Golem\n|\n|upkeep\n|\n|t:|1783549649\n|switch|p2a: Gardevoir|Gardevoir, L83, M|100/100\n|-ability|p2a: Gardevoir|Heavy Metal|Trace|[from] ability: Trace|[of] p1a: Copperajah\n|turn|7\n|inactive|Time left: 300 sec this turn | 300 sec total\n|\n|t:|1783549650\n|move|p2a: Gardevoir|Mystical Fire|p1a: Copperajah\n|-supereffective|p1a: Copperajah\n|-crit|p1a: Copperajah\n|-damage|p1a: Copperajah|0 fnt\n|faint|p1a: Copperajah\n|-damage|p2a: Gardevoir|91/100|[from] item: Life Orb\n|\n|upkeep\n|inactive|Time left: 300 sec this turn | 300 sec total | 5 sec grace\n|\n|t:|1783549651\n|switch|p1a: Chi-Yu|Chi-Yu, L77|211/211\n|-ability|p1a: Chi-Yu|Beads of Ruin\n|turn|8\n|inactive|Time left: 300 sec this turn | 300 sec total\n|\n|t:|1783549652\n|move|p1a: Chi-Yu|Overheat|p2a: Gardevoir\n|-damage|p2a: Gardevoir|0 fnt\n|-unboost|p1a: Chi-Yu|spa|2\n|faint|p2a: Gardevoir\n|\n|upkeep\n|\n|t:|1783549653\n|switch|p2a: Urshifu|Urshifu-Rapid-Strike, L75, F|100/100\n|turn|9\n|inactive|Time left: 300 sec this turn | 300 sec total\n|\n|t:|1783549654\n|switch|p1a: Umbreon|Umbreon, L84, M|297/297\n|move|p2a: Urshifu|Swords Dance|p2a: Urshifu\n|-boost|p2a: Urshifu|atk|2\n|\n|upkeep\n|turn|10\n|inactive|Time left: 300 sec this turn | 300 sec total\n|\n|t:|1783549655\n|-terastallize|p2a: Urshifu|Water\n|move|p2a: Urshifu|Surging Strikes|p1a: Umbreon\n|-crit|p1a: Umbreon\n|-damage|p1a: Umbreon|164/297\n|-crit|p1a: Umbreon\n|-damage|p1a: Umbreon|52/297\n|-crit|p1a: Umbreon\n|-damage|p1a: Umbreon|0 fnt\n|faint|p1a: Umbreon\n|-hitcount|p1: Umbreon|3\n|-damage|p2a: Urshifu|91/100|[from] item: Life Orb\n|\n|upkeep\n|inactive|Time left: 300 sec this turn | 300 sec total | 5 sec grace\n|\n|t:|1783549657\n|switch|p1a: Chi-Yu|Chi-Yu, L77|211/211\n|-ability|p1a: Chi-Yu|Beads of Ruin\n|turn|11\n|inactive|Time left: 300 sec this turn | 300 sec total\n|\n|t:|1783549658\n|-terastallize|p1a: Chi-Yu|Dark\n|move|p2a: Urshifu|Aqua Jet|p1a: Chi-Yu\n|-damage|p1a: Chi-Yu|47/211\n|-damage|p2a: Urshifu|81/100|[from] item: Life Orb\n|move|p1a: Chi-Yu|Dark Pulse|p2a: Urshifu\n|-damage|p2a: Urshifu|0 fnt\n|faint|p2a: Urshifu\n|\n|upkeep\n|\n|t:|1783549659\n|switch|p2a: Dipplin|Dipplin, L88, F|100/100\n|turn|12\n|inactive|Time left: 300 sec this turn | 300 sec total\n|\n|t:|1783549660\n|move|p1a: Chi-Yu|Dark Pulse|p2a: Dipplin\n|-damage|p2a: Dipplin|43/100\n|cant|p2a: Dipplin|flinch\n|\n|upkeep\n|turn|13\n|inactive|Time left: 300 sec this turn | 300 sec total\n|\n|t:|1783549661\n|switch|p2a: Iron Treads|Iron Treads, L77|100/100\n|move|p1a: Chi-Yu|Dark Pulse|p2a: Iron Treads\n|-damage|p2a: Iron Treads|16/100\n|\n|upkeep\n|turn|14\n|inactive|Time left: 300 sec this turn | 300 sec total\n|\n|t:|1783549662\n|switch|p1a: Scovillain|Scovillain, L91, M|266/266\n|move|p2a: Iron Treads|Earthquake|p1a: Scovillain\n|-damage|p1a: Scovillain|157/266\n|\n|-heal|p1a: Scovillain|173/266|[from] item: Leftovers\n|upkeep\n|turn|15\n|inactive|Time left: 300 sec this turn | 300 sec total\n|\n|t:|1783549663\n|move|p2a: Iron Treads|Knock Off|p1a: Scovillain\n|-damage|p1a: Scovillain|98/266\n|-enditem|p1a: Scovillain|Leftovers|[from] move: Knock Off|[of] p2a: Iron Treads\n|move|p1a: Scovillain|Flamethrower|p2a: Iron Treads\n|-supereffective|p2a: Iron Treads\n|-damage|p2a: Iron Treads|0 fnt\n|faint|p2a: Iron Treads\n|-end|p2a: Iron Treads|Quark Drive|[silent]\n|\n|upkeep\n|\n|t:|1783549664\n|switch|p2a: Dipplin|Dipplin, L88, F|43/100\n|turn|16\n|inactive|Time left: 300 sec this turn | 300 sec total\n|\n|t:|1783549665\n|move|p1a: Scovillain|Flamethrower|p2a: Dipplin\n|-damage|p2a: Dipplin|11/100\n|move|p2a: Dipplin|Recover|p2a: Dipplin\n|-heal|p2a: Dipplin|61/100\n|\n|upkeep\n|turn|17\n|inactive|Time left: 300 sec this turn | 300 sec total\n|\n|t:|1783549666\n|move|p1a: Scovillain|Flamethrower|p2a: Dipplin\n|-damage|p2a: Dipplin|33/100\n|move|p2a: Dipplin|Recover|p2a: Dipplin\n|-heal|p2a: Dipplin|83/100\n|\n|upkeep\n|turn|18\n|inactive|Time left: 300 sec this turn | 300 sec total\n|\n|t:|1783549667\n|move|p1a: Scovillain|Flamethrower|p2a: Dipplin\n|-crit|p2a: Dipplin\n|-damage|p2a: Dipplin|42/100\n|move|p2a: Dipplin|Recover|p2a: Dipplin\n|-heal|p2a: Dipplin|92/100\n|\n|upkeep\n|turn|19\n|inactive|Time left: 300 sec this turn | 300 sec total\n|\n|t:|1783549668\n|move|p1a: Scovillain|Flamethrower|p2a: Dipplin\n|-damage|p2a: Dipplin|61/100\n|-status|p2a: Dipplin|brn\n|move|p2a: Dipplin|Recover|p2a: Dipplin\n|-heal|p2a: Dipplin|100/100 brn\n|\n|-damage|p2a: Dipplin|95/100 brn|[from] brn\n|upkeep\n|turn|20\n|inactive|Time left: 300 sec this turn | 300 sec total\n|\n|t:|1783549668\n|move|p1a: Scovillain|Flamethrower|p2a: Dipplin\n|-damage|p2a: Dipplin|64/100 brn\n|move|p2a: Dipplin|Dragon Pulse|p1a: Scovillain\n|-damage|p1a: Scovillain|0 fnt\n|faint|p1a: Scovillain\n|\n|-damage|p2a: Dipplin|58/100 brn|[from] brn\n|upkeep\n|inactive|Time left: 300 sec this turn | 300 sec total | 5 sec grace\n|\n|t:|1783549669\n|switch|p1a: Chi-Yu|Chi-Yu, L77, tera:Dark|47/211\n|-ability|p1a: Chi-Yu|Beads of Ruin\n|turn|21\n|inactive|Time left: 300 sec this turn | 300 sec total\n|\n|t:|1783549670\n|move|p1a: Chi-Yu|Overheat|p2a: Dipplin|[miss]\n|-miss|p1a: Chi-Yu|p2a: Dipplin\n|move|p2a: Dipplin|Giga Drain|p1a: Chi-Yu\n|-damage|p1a: Chi-Yu|0 fnt\n|-heal|p2a: Dipplin|66/100 brn|[from] drain|[of] p1a: Chi-Yu\n|faint|p1a: Chi-Yu\n|\n|win|p0y9039efd", "uploadtime": 1783549670, "views": 0, "rating": 0, "private": 0, "password": null, "_winner": "p0y9039efd", "_our_name": "p0x9037aa7"}