{"id": "battle-gen9randombattle-1127", "formatid": "gen9randombattle", "format": "[Gen 9] Random Battle", "players": ["p0x11270062", "p0y1127c2d9"], "log": "|init|battle\n|title|p0x11270062 vs. p0y1127c2d9\n|j|\u2606p0x11270062\n|j|\u2606p0y1127c2d9\n|t:|1783553029\n|gametype|singles\n|player|p1|p0x11270062|1|\n|player|p2|p0y1127c2d9|169|\n|gen|9\n|tier|[Gen 9] Random Battle\n|rule|Species Clause: Limit one of each Pok\u00e9mon\n|rule|HP Percentage Mod: HP is shown in percentages\n|rule|Sleep Clause Mod: Limit one foe put to sleep\n|rule|Illusion Level Mod: Illusion disguises the Pok\u00e9mon's true level\n|\n|t:|1783553029\n|teamsize|p1|6\n|teamsize|p2|6\n|start\n|switch|p1a: Indeedee|Indeedee, L84, M|100/100\n|switch|p2a: Scizor|Scizor, L79, F|240/240\n|-fieldstart|move: Psychic Terrain|[from] ability: Psychic Surge|[of] p1a: Indeedee\n|turn|1\n|inactive|Battle timer is ON: inactive players will automatically lose when time's up. (requested by p0x11270062)\n|inactive|Time left: 300 sec this turn | 300 sec total | 60 sec grace\n|inactive|p0y1127c2d9 also wants the timer to be on.\n|\n|t:|1783553030\n|switch|p1a: Reshiram|Reshiram, L76|100/100\n|-ability|p1a: Reshiram|Turboblaze\n|move|p2a: Scizor|Knock Off|p1a: Reshiram\n|-damage|p1a: Reshiram|63/100\n|-enditem|p1a: Reshiram|Heavy-Duty Boots|[from] move: Knock Off|[of] p2a: Scizor\n|-damage|p2a: Scizor|216/240|[from] item: Life Orb\n|\n|upkeep\n|turn|2\n|inactive|Time left: 300 sec this turn | 300 sec total\n|\n|t:|1783553031\n|switch|p2a: Dunsparce|Dunsparce, L86, M|312/312\n|move|p1a: Reshiram|Blue Flare|p2a: Dunsparce\n|-damage|p2a: Dunsparce|176/312\n|\n|upkeep\n|turn|3\n|inactive|Time left: 300 sec this turn | 300 sec total\n|\n|t:|1783553032\n|move|p1a: Reshiram|Blue Flare|p2a: Dunsparce\n|-damage|p2a: Dunsparce|52/312\n|move|p2a: Dunsparce|Roost|p2a: Dunsparce\n|-heal|p2a: Dunsparce|208/312\n|-singleturn|p2a: Dunsparce|move: Roost\n|\n|upkeep\n|turn|4\n|inactive|Time left: 300 sec this turn | 300 sec total\n|\n|t:|1783553033\n|move|p1a: Reshiram|Blue Flare|p2a: Dunsparce\n|-damage|p2a: Dunsparce|72/312\n|move|p2a: Dunsparce|Roost|p2a: Dunsparce\n|-heal|p2a: Dunsparce|228/312\n|-singleturn|p2a: Dunsparce|move: Roost\n|\n|upkeep\n|turn|5\n|inactive|Time left: 300 sec this turn | 300 sec total\n|\n|t:|1783553034\n|move|p1a: Reshiram|Blue Flare|p2a: Dunsparce\n|-damage|p2a: Dunsparce|107/312\n|move|p2a: Dunsparce|Roost|p2a: Dunsparce\n|-heal|p2a: Dunsparce|263/312\n|-singleturn|p2a: Dunsparce|move: Roost\n|\n|-fieldend|move: Psychic Terrain\n|upkeep\n|turn|6\n|inactive|Time left: 300 sec this turn | 300 sec total\n|\n|t:|1783553035\n|move|p1a: Reshiram|Blue Flare|p2a: Dunsparce|[miss]\n|-miss|p1a: Reshiram|p2a: Dunsparce\n|move|p2a: Dunsparce|Body Slam|p1a: Reshiram\n|-damage|p1a: Reshiram|36/100\n|-status|p1a: Reshiram|par\n|\n|upkeep\n|turn|7\n|inactive|Time left: 300 sec this turn | 300 sec total\n|\n|t:|1783553037\n|move|p2a: Dunsparce|Earthquake|p1a: Reshiram\n|-supereffective|p1a: Reshiram\n|-damage|p1a: Reshiram|0 fnt\n|faint|p1a: Reshiram\n|\n|upkeep\n|\n|t:|1783553038\n|switch|p1a: Indeedee|Indeedee, L84, M|100/100\n|-fieldstart|move: Psychic Terrain|[from] ability: Psychic Surge|[of] p1a: Indeedee\n|turn|8\n|inactive|Time left: 300 sec this turn | 300 sec total\n|\n|t:|1783553039\n|move|p1a: Indeedee|Calm Mind|p1a: Indeedee\n|-boost|p1a: Indeedee|spa|1\n|-boost|p1a: Indeedee|spd|1\n|move|p2a: Dunsparce|Body Slam|p1a: Indeedee\n|-damage|p1a: Indeedee|55/100\n|-status|p1a: Indeedee|par\n|\n|upkeep\n|turn|9\n|inactive|Time left: 300 sec this turn | 300 sec total\n|\n|t:|1783553040\n|move|p2a: Dunsparce|Body Slam|p1a: Indeedee\n|-damage|p1a: Indeedee|9/100 par\n|move|p1a: Indeedee|Expanding Force|p2a: Dunsparce\n|-damage|p2a: Dunsparce|0 fnt\n|faint|p2a: Dunsparce\n|-damage|p1a: Indeedee|0 fnt|[from] item: Life Orb\n|faint|p1a: Indeedee\n|\n|upkeep\n|inactive|Time left: 300 sec this turn | 300 sec total | 5 sec grace\n|\n|t:|1783553041\n|switch|p1a: Sandslash|Sandslash-Alola, L88, F|100/100\n|switch|p2a: Whiscash|Whiscash, L88, M|337/337\n|turn|10\n|inactive|Time left: 300 sec this turn | 300 sec total\n|\n|t:|1783553043\n|move|p1a: Sandslash|Knock Off|p2a: Whiscash\n|-damage|p2a: Whiscash|256/337\n|-enditem|p2a: Whiscash|Leftovers|[from] move: Knock Off|[of] p1a: Sandslash\n|move|p2a: Whiscash|Earthquake|p1a: Sandslash\n|-supereffective|p1a: Sandslash\n|-damage|p1a: Sandslash|47/100\n|\n|upkeep\n|turn|11\n|inactive|Time left: 300 sec this turn | 300 sec total\n|\n|t:|1783553044\n|move|p1a: Sandslash|Triple Axel|p2a: Whiscash\n|-damage|p2a: Whiscash|229/337\n|-damage|p2a: Whiscash|175/337\n|-damage|p2a: Whiscash|93/337\n|-hitcount|p2a: Whiscash|3\n|move|p2a: Whiscash|Earthquake|p1a: Sandslash\n|-supereffective|p1a: Sandslash\n|-damage|p1a: Sandslash|0 fnt\n|faint|p1a: Sandslash\n|\n|upkeep\n|\n|t:|1783553045\n|switch|p1a: Glalie|Glalie, L96, M|100/100\n|turn|12\n|inactive|Time left: 300 sec this turn | 300 sec total\n|\n|t:|1783553046\n|switch|p2a: Scizor|Scizor, L79, F|216/240\n|move|p1a: Glalie|Freeze-Dry|p2a: Scizor\n|-resisted|p2a: Scizor\n|-damage|p2a: Scizor|168/240\n|\n|-fieldend|move: Psychic Terrain\n|upkeep\n|turn|13\n|inactive|Time left: 300 sec this turn | 300 sec total\n|\n|t:|1783553047\n|move|p2a: Scizor|Bullet Punch|p1a: Glalie\n|-supereffective|p1a: Glalie\n|-damage|p1a: Glalie|47/100\n|-damage|p2a: Scizor|144/240|[from] item: Life Orb\n|move|p1a: Glalie|Earthquake|p2a: Scizor\n|-crit|p2a: Scizor\n|-damage|p2a: Scizor|39/240\n|\n|upkeep\n|turn|14\n|inactive|Time left: 300 sec this turn | 300 sec total\n|\n|t:|1783553048\n|-terastallize|p1a: Glalie|Ghost\n|move|p2a: Scizor|Bullet Punch|p1a: Glalie\n|-damage|p1a: Glalie|19/100\n|-damage|p2a: Scizor|15/240|[from] item: Life Orb\n|move|p1a: Glalie|Freeze-Dry|p2a: Scizor\n|-resisted|p2a: Scizor\n|-damage|p2a: Scizor|0 fnt\n|faint|p2a: Scizor\n|\n|upkeep\n|inactive|Time left: 300 sec this turn | 300 sec total | 5 sec grace\n|\n|t:|1783553049\n|switch|p2a: Latios|Latios, L78, M|253/253\n|turn|15\n|inactive|Time left: 300 sec this turn | 300 sec total\n|\n|t:|1783553050\n|switch|p1a: Regigigas|Regigigas, L84|100/100\n|-start|p1a: Regigigas|ability: Slow Start\n|move|p2a: Latios|Luster Purge|p1a: Regigigas\n|-damage|p1a: Regigigas|60/100\n|\n|-heal|p1a: Regigigas|66/100|[from] item: Leftovers\n|upkeep\n|turn|16\n|inactive|Time left: 300 sec this turn | 300 sec total\n|\n|t:|1783553051\n|move|p2a: Latios|Luster Purge|p1a: Regigigas\n|-damage|p1a: Regigigas|26/100\n|move|p1a: Regigigas|Knock Off|p2a: Latios\n|-supereffective|p2a: Latios\n|-damage|p2a: Latios|131/253\n|-enditem|p2a: Latios|Choice Specs|[from] move: Knock Off|[of] p1a: Regigigas\n|\n|-heal|p1a: Regigigas|32/100|[from] item: Leftovers\n|upkeep\n|turn|17\n|inactive|Time left: 300 sec this turn | 300 sec total\n|\n|t:|1783553052\n|move|p1a: Regigigas|Protect|p1a: Regigigas\n|-singleturn|p1a: Regigigas|Protect\n|move|p2a: Latios|Aura Sphere|p1a: Regigigas\n|-activate|p1a: Regigigas|move: Protect\n|\n|-heal|p1a: Regigigas|38/100|[from] item: Leftovers\n|upkeep\n|turn|18\n|inactive|Time left: 300 sec this turn | 300 sec total\n|\n|t:|1783553053\n|move|p2a: Latios|Luster Purge|p1a: Regigigas\n|-damage|p1a: Regigigas|11/100\n|-unboost|p1a: Regigigas|spd|1\n|move|p1a: Regigigas|Body Slam|p2a: Latios\n|-damage|p2a: Latios|55/253\n|\n|-heal|p1a: Regigigas|17/100|[from] item: Leftovers\n|upkeep\n|turn|19\n|inactive|Time left: 300 sec this turn | 300 sec total\n|\n|t:|1783553054\n|switch|p1a: Tropius|Tropius, L91, M|100/100\n|move|p2a: Latios|Luster Purge|p1a: Tropius\n|-damage|p1a: Tropius|71/100\n|-unboost|p1a: Tropius|spd|1\n|\n|upkeep\n|turn|20\n|inactive|Time left: 300 sec this turn | 300 sec total\n|\n|t:|1783553055\n|move|p2a: Latios|Luster Purge|p1a: Tropius\n|-damage|p1a: Tropius|25/100\n|-enditem|p1a: Tropius|Sitrus Berry|[eat]\n|-heal|p1a: Tropius|50/100|[from] item: Sitrus Berry\n|move|p1a: Tropius|Leech Seed|p2a: Latios\n|-start|p2a: Latios|move: Leech Seed\n|\n|-damage|p2a: Latios|24/253|[from] Leech Seed|[of] p1a: Tropius\n|-heal|p1a: Tropius|60/100|[silent]\n|-item|p1a: Tropius|Sitrus Berry|[from] ability: Harvest\n|upkeep\n|turn|21\n|inactive|Time left: 300 sec this turn | 300 sec total\n|\n|t:|1783553057\n|switch|p2a: Toucannon|Toucannon, L88, F|284/284\n|move|p1a: Tropius|Protect||[still]\n|-fail|p1a: Tropius\n|\n|upkeep\n|turn|22\n|inactive|Time left: 300 sec this turn | 300 sec total\n|\n|t:|1783553058\n|-singleturn|p2a: Toucannon|move: Beak Blast\n|move|p1a: Tropius|Protect|p1a: Tropius\n|-singleturn|p1a: Tropius|Protect\n|move|p2a: Toucannon|Beak Blast|p1a: Tropius\n|-activate|p1a: Tropius|move: Protect\n|\n|upkeep\n|turn|23\n|inactive|Time left: 300 sec this turn | 300 sec total\n|\n|t:|1783553059\n|-singleturn|p2a: Toucannon|move: Beak Blast\n|move|p1a: Tropius|Substitute|p1a: Tropius\n|-start|p1a: Tropius|Substitute\n|-damage|p1a: Tropius|35/100\n|-enditem|p1a: Tropius|Sitrus Berry|[eat]\n|-heal|p1a: Tropius|60/100|[from] item: Sitrus Berry\n|move|p2a: Toucannon|Beak Blast|p1a: Tropius\n|-supereffective|p1a: Tropius\n|-end|p1a: Tropius|Substitute\n|\n|-item|p1a: Tropius|Sitrus Berry|[from] ability: Harvest\n|upkeep\n|turn|24\n|inactive|Time left: 300 sec this turn | 300 sec total\n|\n|t:|1783553060\n|-singleturn|p2a: Toucannon|move: Beak Blast\n|move|p1a: Tropius|Protect|p1a: Tropius\n|-singleturn|p1a: Tropius|Protect\n|move|p2a: Toucannon|Beak Blast|p1a: Tropius\n|-activate|p1a: Tropius|move: Protect\n|\n|upkeep\n|turn|25\n|inactive|Time left: 300 sec this turn | 300 sec total\n|\n|t:|1783553061\n|-singleturn|p2a: Toucannon|move: Beak Blast\n|move|p1a: Tropius|Substitute|p1a: Tropius\n|-start|p1a: Tropius|Substitute\n|-damage|p1a: Tropius|35/100\n|-enditem|p1a: Tropius|Sitrus Berry|[eat]\n|-heal|p1a: Tropius|60/100|[from] item: Sitrus Berry\n|move|p2a: Toucannon|Beak Blast|p1a: Tropius\n|-supereffective|p1a: Tropius\n|-end|p1a: Tropius|Substitute\n|\n|-item|p1a: Tropius|Sitrus Berry|[from] ability: Harvest\n|upkeep\n|turn|26\n|inactive|Time left: 300 sec this turn | 300 sec total\n|\n|t:|1783553062\n|-singleturn|p2a: Toucannon|move: Beak Blast\n|move|p1a: Tropius|Protect|p1a: Tropius\n|-singleturn|p1a: Tropius|Protect\n|move|p2a: Toucannon|Beak Blast|p1a: Tropius\n|-activate|p1a: Tropius|move: Protect\n|\n|upkeep\n|turn|27\n|inactive|Time left: 300 sec this turn | 300 sec total\n|\n|t:|1783553063\n|-singleturn|p2a: Toucannon|move: Beak Blast\n|move|p1a: Tropius|Substitute|p1a: Tropius\n|-start|p1a: Tropius|Substitute\n|-damage|p1a: Tropius|35/100\n|-enditem|p1a: Tropius|Sitrus Berry|[eat]\n|-heal|p1a: Tropius|60/100|[from] item: Sitrus Berry\n|move|p2a: Toucannon|Beak Blast|p1a: Tropius\n|-supereffective|p1a: Tropius\n|-end|p1a: Tropius|Substitute\n|\n|-item|p1a: Tropius|Sitrus Berry|[from] ability: Harvest\n|upkeep\n|turn|28\n|inactive|Time left: 300 sec this turn | 300 sec total\n|\n|t:|1783553064\n|-singleturn|p2a: Toucannon|move: Beak Blast\n|move|p1a: Tropius|Protect|p1a: Tropius\n|-singleturn|p1a: Tropius|Protect\n|move|p2a: Toucannon|Beak Blast|p1a: Tropius\n|-activate|p1a: Tropius|move: Protect\n|\n|upkeep\n|turn|29\n|inactive|Time left: 300 sec this turn | 300 sec total\n|\n|t:|1783553065\n|-singleturn|p2a: Toucannon|move: Beak Blast\n|move|p1a: Tropius|Substitute|p1a: Tropius\n|-start|p1a: Tropius|Substitute\n|-damage|p1a: Tropius|35/100\n|-enditem|p1a: Tropius|Sitrus Berry|[eat]\n|-heal|p1a: Tropius|60/100|[from] item: Sitrus Berry\n|move|p2a: Toucannon|Beak Blast|p1a: Tropius\n|-supereffective|p1a: Tropius\n|-end|p1a: Tropius|Substitute\n|\n|upkeep\n|turn|30\n|inactive|Time left: 300 sec this turn | 300 sec total\n|\n|t:|1783553066\n|-singleturn|p2a: Toucannon|move: Beak Blast\n|move|p1a: Tropius|Protect|p1a: Tropius\n|-singleturn|p1a: Tropius|Protect\n|move|p2a: Toucannon|Beak Blast|p1a: Tropius\n|-activate|p1a: Tropius|move: Protect\n|\n|upkeep\n|turn|31\n|inactive|Time left: 300 sec this turn | 300 sec total\n|\n|t:|1783553067\n|-singleturn|p2a: Toucannon|move: Beak Blast\n|move|p1a: Tropius|Air Slash|p2a: Toucannon\n|-damage|p2a: Toucannon|197/284\n|move|p2a: Toucannon|Beak Blast|p1a: Tropius\n|-supereffective|p1a: Tropius\n|-damage|p1a: Tropius|0 fnt\n|faint|p1a: Tropius\n|\n|upkeep\n|\n|t:|1783553068\n|switch|p1a: Regigigas|Regigigas, L84|17/100\n|-start|p1a: Regigigas|ability: Slow Start\n|turn|32\n|inactive|Time left: 300 sec this turn | 300 sec total\n|\n|t:|1783553069\n|move|p1a: Regigigas|Protect|p1a: Regigigas\n|-singleturn|p1a: Regigigas|Protect\n|move|p2a: Toucannon|Bullet Seed|p1a: Regigigas\n|-activate|p1a: Regigigas|move: Protect\n|\n|-heal|p1a: Regigigas|23/100|[from] item: Leftovers\n|upkeep\n|turn|33\n|inactive|Time left: 300 sec this turn | 300 sec total\n|\n|t:|1783553071\n|move|p1a: Regigigas|Protect||[still]\n|-fail|p1a: Regigigas\n|move|p2a: Toucannon|Bullet Seed|p1a: Regigigas\n|-damage|p1a: Regigigas|17/100\n|-damage|p1a: Regigigas|11/100\n|-damage|p1a: Regigigas|5/100\n|-damage|p1a: Regigigas|0 fnt\n|faint|p1a: Regigigas\n|-end|p1a: Regigigas|Slow Start|[silent]\n|-hitcount|p1: Regigigas|4\n|\n|upkeep\n|\n|t:|1783553071\n|switch|p1a: Glalie|Glalie, L96, M, tera:Ghost|19/100\n|turn|34\n|inactive|Time left: 300 sec this turn | 300 sec total\n|\n|t:|1783553072\n|-terastallize|p2a: Toucannon|Steel\n|-singleturn|p2a: Toucannon|move: Beak Blast\n|move|p1a: Glalie|Freeze-Dry|p2a: Toucannon\n|-resisted|p2a: Toucannon\n|-damage|p2a: Toucannon|152/284\n|move|p2a: Toucannon|Beak Blast|p1a: Glalie\n|-damage|p1a: Glalie|0 fnt\n|faint|p1a: Glalie\n|\n|win|p0y1127c2d9", "uploadtime": 1783553072, "views": 0, "rating": 0, "private": 0, "password": null, "_winner": "p0y1127c2d9", "_our_name": "p0y1127c2d9"}