{"id": "battle-gen9randombattle-172", "formatid": "gen9randombattle", "format": "[Gen 9] Random Battle", "players": ["p0x1724d6f", "p0y172e2cb"], "log": "|init|battle\n|title|p0x1724d6f vs. p0y172e2cb\n|j|\u2606p0x1724d6f\n|j|\u2606p0y172e2cb\n|t:|1783535756\n|gametype|singles\n|player|p1|p0x1724d6f|1|\n|player|p2|p0y172e2cb|101|\n|gen|9\n|tier|[Gen 9] Random Battle\n|rule|Species Clause: Limit one of each Pok\u00e9mon\n|rule|HP Percentage Mod: HP is shown in percentages\n|rule|Sleep Clause Mod: Limit one foe put to sleep\n|rule|Illusion Level Mod: Illusion disguises the Pok\u00e9mon's true level\n|\n|t:|1783535756\n|teamsize|p1|6\n|teamsize|p2|6\n|start\n|switch|p1a: Dragapult|Dragapult, L77, M|100/100\n|switch|p2a: Salamence|Salamence, L77, M|273/273\n|turn|1\n|inactive|Battle timer is ON: inactive players will automatically lose when time's up. (requested by p0y172e2cb)\n|inactive|p0x1724d6f also wants the timer to be on.\n|\n|t:|1783535757\n|-terastallize|p2a: Salamence|Steel\n|move|p1a: Dragapult|Draco Meteor|p2a: Salamence\n|-resisted|p2a: Salamence\n|-damage|p2a: Salamence|174/273\n|-unboost|p1a: Dragapult|spa|2\n|move|p2a: Salamence|Outrage|p1a: Dragapult\n|-supereffective|p1a: Dragapult\n|-damage|p1a: Dragapult|0 fnt\n|faint|p1a: Dragapult\n|-ability|p2a: Salamence|Moxie|boost\n|-boost|p2a: Salamence|atk|1\n|\n|upkeep\n|\n|t:|1783535758\n|switch|p1a: Azelf|Azelf, L82|100/100\n|turn|2\n|inactive|Time left: 300 sec this turn | 300 sec total\n|\n|t:|1783535759\n|move|p1a: Azelf|Fire Blast|p2a: Salamence\n|-supereffective|p2a: Salamence\n|-damage|p2a: Salamence|0 fnt\n|faint|p2a: Salamence\n|\n|upkeep\n|inactive|Time left: 300 sec this turn | 300 sec total | 5 sec grace\n|\n|t:|1783535760\n|switch|p2a: Barraskewda|Barraskewda, L81, M|231/231\n|turn|3\n|inactive|Time left: 300 sec this turn | 300 sec total\n|\n|t:|1783535761\n|move|p2a: Barraskewda|Waterfall|p1a: Azelf\n|-damage|p1a: Azelf|36/100\n|cant|p1a: Azelf|flinch\n|\n|upkeep\n|turn|4\n|inactive|Time left: 300 sec this turn | 300 sec total\n|\n|t:|1783535762\n|switch|p1a: Haxorus|Haxorus, L77, M|100/100\n|-ability|p1a: Haxorus|Mold Breaker\n|move|p2a: Barraskewda|Waterfall|p1a: Haxorus\n|-resisted|p1a: Haxorus\n|-damage|p1a: Haxorus|71/100\n|\n|upkeep\n|turn|5\n|inactive|Time left: 300 sec this turn | 300 sec total\n|\n|t:|1783535763\n|move|p2a: Barraskewda|Waterfall|p1a: Haxorus\n|-resisted|p1a: Haxorus\n|-crit|p1a: Haxorus\n|-damage|p1a: Haxorus|21/100\n|move|p1a: Haxorus|Swords Dance|p1a: Haxorus\n|-boost|p1a: Haxorus|atk|2\n|\n|upkeep\n|turn|6\n|inactive|Time left: 300 sec this turn | 300 sec total\n|\n|t:|1783535765\n|switch|p1a: Scrafty|Scrafty, L83, F|100/100\n|move|p2a: Barraskewda|Waterfall|p1a: Scrafty\n|-damage|p1a: Scrafty|53/100\n|\n|-heal|p1a: Scrafty|59/100|[from] item: Leftovers\n|upkeep\n|turn|7\n|inactive|Time left: 300 sec this turn | 300 sec total\n|\n|t:|1783535766\n|move|p2a: Barraskewda|Waterfall|p1a: Scrafty\n|-damage|p1a: Scrafty|14/100\n|cant|p1a: Scrafty|flinch\n|\n|-heal|p1a: Scrafty|20/100|[from] item: Leftovers\n|upkeep\n|turn|8\n|inactive|Time left: 300 sec this turn | 300 sec total\n|\n|t:|1783535767\n|switch|p1a: Bronzong|Bronzong, L88|100/100\n|move|p2a: Barraskewda|Waterfall|p1a: Bronzong\n|-damage|p1a: Bronzong|59/100\n|\n|-heal|p1a: Bronzong|65/100|[from] item: Leftovers\n|upkeep\n|turn|9\n|inactive|Time left: 300 sec this turn | 300 sec total\n|\n|t:|1783535768\n|move|p2a: Barraskewda|Waterfall|p1a: Bronzong\n|-damage|p1a: Bronzong|24/100\n|move|p1a: Bronzong|Iron Defense|p1a: Bronzong\n|-boost|p1a: Bronzong|def|2\n|\n|-heal|p1a: Bronzong|30/100|[from] item: Leftovers\n|upkeep\n|turn|10\n|inactive|Time left: 300 sec this turn | 300 sec total\n|\n|t:|1783535769\n|move|p2a: Barraskewda|Waterfall|p1a: Bronzong\n|-damage|p1a: Bronzong|10/100\n|move|p1a: Bronzong|Body Press|p2a: Barraskewda\n|-damage|p2a: Barraskewda|38/231\n|\n|-heal|p1a: Bronzong|16/100|[from] item: Leftovers\n|upkeep\n|turn|11\n|inactive|Time left: 300 sec this turn | 300 sec total\n|\n|t:|1783535770\n|move|p2a: Barraskewda|Waterfall|p1a: Bronzong\n|-damage|p1a: Bronzong|0 fnt\n|faint|p1a: Bronzong\n|\n|upkeep\n|\n|t:|1783535771\n|switch|p1a: Persian|Persian, L92, F|100/100\n|turn|12\n|inactive|Time left: 300 sec this turn | 300 sec total\n|\n|t:|1783535772\n|move|p2a: Barraskewda|Waterfall|p1a: Persian\n|-damage|p1a: Persian|31/100\n|move|p1a: Persian|U-turn|p2a: Barraskewda\n|-damage|p2a: Barraskewda|0 fnt\n|faint|p2a: Barraskewda\n|\n|t:|1783535772\n|switch|p1a: Azelf|Azelf, L82|36/100|[from] U-turn\n|\n|upkeep\n|inactive|Time left: 300 sec this turn | 300 sec total | 10 sec grace\n|\n|t:|1783535773\n|switch|p2a: Greninja|Greninja, L80, M|246/246\n|turn|13\n|inactive|Time left: 300 sec this turn | 300 sec total\n|\n|t:|1783535774\n|move|p2a: Greninja|Hydro Pump|p1a: Azelf\n|-start|p2a: Greninja|typechange|Water|[from] ability: Protean\n|-damage|p1a: Azelf|0 fnt\n|faint|p1a: Azelf\n|-damage|p2a: Greninja|222/246|[from] item: Life Orb\n|\n|upkeep\n|\n|t:|1783535775\n|switch|p1a: Persian|Persian, L92, F|31/100\n|turn|14\n|inactive|Time left: 300 sec this turn | 300 sec total\n|\n|t:|1783535776\n|switch|p2a: Oinkologne|Oinkologne-F, L92, F|361/361\n|move|p1a: Persian|Double-Edge|p2a: Oinkologne\n|-damage|p2a: Oinkologne|175/361\n|-damage|p1a: Persian|8/100|[from] Recoil\n|\n|-heal|p2a: Oinkologne|197/361|[from] item: Leftovers\n|upkeep\n|turn|15\n|inactive|Time left: 300 sec this turn | 300 sec total\n|\n|t:|1783535777\n|move|p1a: Persian|Double-Edge|p2a: Oinkologne\n|-damage|p2a: Oinkologne|11/361\n|-damage|p1a: Persian|0 fnt|[from] Recoil\n|faint|p1a: Persian\n|move|p2a: Oinkologne|Body Slam|p1: Persian|[notarget]\n|-fail|p2a: Oinkologne\n|\n|-heal|p2a: Oinkologne|33/361|[from] item: Leftovers\n|upkeep\n|\n|t:|1783535778\n|switch|p1a: Haxorus|Haxorus, L77, M|21/100\n|-ability|p1a: Haxorus|Mold Breaker\n|turn|16\n|inactive|Time left: 300 sec this turn | 300 sec total\n|\n|t:|1783535779\n|move|p1a: Haxorus|Scale Shot|p2a: Oinkologne|[miss]\n|-miss|p1a: Haxorus|p2a: Oinkologne\n|move|p2a: Oinkologne|Body Slam|p1a: Haxorus\n|-damage|p1a: Haxorus|0 fnt\n|faint|p1a: Haxorus\n|\n|-heal|p2a: Oinkologne|55/361|[from] item: Leftovers\n|upkeep\n|\n|t:|1783535780\n|switch|p1a: Scrafty|Scrafty, L83, F|20/100\n|turn|17\n|inactive|Time left: 300 sec this turn | 300 sec total\n|\n|t:|1783535781\n|-terastallize|p1a: Scrafty|Poison\n|move|p2a: Oinkologne|Body Slam|p1a: Scrafty\n|-damage|p1a: Scrafty|0 fnt\n|faint|p1a: Scrafty\n|\n|win|p0y172e2cb", "uploadtime": 1783535781, "views": 0, "rating": 0, "private": 0, "password": null, "_winner": "p0y172e2cb", "_our_name": "p0y172e2cb"}