{"id": "battle-gen9randombattle-2851", "formatid": "gen9randombattle", "format": "[Gen 9] Random Battle", "players": ["p0x28516aab", "p0y28518395"], "log": "|init|battle\n|title|p0x28516aab vs. p0y28518395\n|j|\u2606p0x28516aab\n|j|\u2606p0y28518395\n|t:|1783572842\n|gametype|singles\n|player|p1|p0x28516aab|101|\n|player|p2|p0y28518395|266|\n|gen|9\n|tier|[Gen 9] Random Battle\n|rule|Species Clause: Limit one of each Pok\u00e9mon\n|rule|HP Percentage Mod: HP is shown in percentages\n|rule|Sleep Clause Mod: Limit one foe put to sleep\n|rule|Illusion Level Mod: Illusion disguises the Pok\u00e9mon's true level\n|\n|t:|1783572842\n|teamsize|p1|6\n|teamsize|p2|6\n|start\n|switch|p1a: Arceus|Arceus-Grass, L73|100/100\n|switch|p2a: Hitmonlee|Hitmonlee, L85, M|223/223\n|turn|1\n|inactive|Battle timer is ON: inactive players will automatically lose when time's up. (requested by p0y28518395)\n|inactive|p0x28516aab also wants the timer to be on.\n|\n|t:|1783572844\n|move|p1a: Arceus|Calm Mind|p1a: Arceus\n|-boost|p1a: Arceus|spa|1\n|-boost|p1a: Arceus|spd|1\n|move|p2a: Hitmonlee|High Jump Kick|p1a: Arceus\n|-damage|p1a: Arceus|8/100\n|\n|upkeep\n|turn|2\n|inactive|Time left: 300 sec this turn | 300 sec total\n|\n|t:|1783572845\n|move|p1a: Arceus|Judgment|p2a: Hitmonlee\n|-damage|p2a: Hitmonlee|90/223\n|move|p2a: Hitmonlee|High Jump Kick|p1a: Arceus\n|-damage|p1a: Arceus|0 fnt\n|faint|p1a: Arceus\n|\n|upkeep\n|\n|t:|1783572846\n|switch|p1a: Regidrago|Regidrago, L77|100/100\n|turn|3\n|inactive|Time left: 300 sec this turn | 300 sec total\n|\n|t:|1783572847\n|move|p1a: Regidrago|Dragon Energy|p2a: Hitmonlee\n|-damage|p2a: Hitmonlee|0 fnt\n|faint|p2a: Hitmonlee\n|\n|upkeep\n|inactive|Time left: 300 sec this turn | 300 sec total | 5 sec grace\n|\n|t:|1783572848\n|switch|p2a: Magearna|Magearna-Original, L77|250/250\n|turn|4\n|inactive|Time left: 300 sec this turn | 300 sec total\n|\n|t:|1783572849\n|switch|p1a: Drednaw|Drednaw, L81, F|100/100\n|move|p2a: Magearna|Shift Gear|p2a: Magearna\n|-boost|p2a: Magearna|spe|2\n|-boost|p2a: Magearna|atk|1\n|\n|upkeep\n|turn|5\n|inactive|Time left: 300 sec this turn | 300 sec total\n|\n|t:|1783572850\n|move|p2a: Magearna|Iron Head|p1a: Drednaw\n|-damage|p1a: Drednaw|64/100\n|move|p1a: Drednaw|Shell Smash|p1a: Drednaw\n|-unboost|p1a: Drednaw|def|1\n|-unboost|p1a: Drednaw|spd|1\n|-boost|p1a: Drednaw|atk|2\n|-boost|p1a: Drednaw|spa|2\n|-boost|p1a: Drednaw|spe|2\n|-enditem|p1a: Drednaw|White Herb\n|-clearnegativeboost|p1a: Drednaw|[silent]\n|\n|upkeep\n|turn|6\n|inactive|Time left: 300 sec this turn | 300 sec total\n|\n|t:|1783572851\n|move|p1a: Drednaw|Earthquake|p2a: Magearna\n|-supereffective|p2a: Magearna\n|-damage|p2a: Magearna|0 fnt\n|faint|p2a: Magearna\n|\n|upkeep\n|inactive|Time left: 300 sec this turn | 300 sec total | 5 sec grace\n|\n|t:|1783572852\n|switch|p2a: Flapple|Flapple, L88, F|266/266\n|turn|7\n|inactive|Time left: 300 sec this turn | 300 sec total\n|\n|t:|1783572853\n|move|p1a: Drednaw|Stone Edge|p2a: Flapple\n|-damage|p2a: Flapple|25/266\n|move|p2a: Flapple|Grav Apple|p1a: Drednaw|[miss]\n|-miss|p2a: Flapple|p1a: Drednaw\n|\n|upkeep\n|turn|8\n|inactive|Time left: 300 sec this turn | 300 sec total\n|\n|t:|1783572854\n|move|p1a: Drednaw|Liquidation|p2a: Flapple\n|-resisted|p2a: Flapple\n|-damage|p2a: Flapple|0 fnt\n|faint|p2a: Flapple\n|\n|upkeep\n|inactive|Time left: 300 sec this turn | 300 sec total | 5 sec grace\n|\n|t:|1783572855\n|switch|p2a: Granbull|Granbull, L88, F|302/302\n|-ability|p2a: Granbull|Intimidate|boost\n|-unboost|p1a: Drednaw|atk|1\n|turn|9\n|inactive|Time left: 300 sec this turn | 300 sec total\n|\n|t:|1783572856\n|-terastallize|p1a: Drednaw|Water\n|move|p1a: Drednaw|Liquidation|p2a: Granbull\n|-damage|p2a: Granbull|84/302\n|move|p2a: Granbull|Earthquake|p1a: Drednaw\n|-damage|p1a: Drednaw|33/100\n|\n|-heal|p2a: Granbull|102/302|[from] item: Leftovers\n|upkeep\n|turn|10\n|inactive|Time left: 300 sec this turn | 300 sec total\n|\n|t:|1783572857\n|move|p1a: Drednaw|Liquidation|p2a: Granbull\n|-damage|p2a: Granbull|0 fnt\n|faint|p2a: Granbull\n|\n|upkeep\n|inactive|Time left: 300 sec this turn | 300 sec total | 5 sec grace\n|\n|t:|1783572858\n|switch|p2a: Passimian|Passimian, L83, M|302/302\n|turn|11\n|inactive|Time left: 300 sec this turn | 300 sec total\n|\n|t:|1783572859\n|move|p1a: Drednaw|Liquidation|p2a: Passimian\n|-damage|p2a: Passimian|108/302\n|move|p2a: Passimian|Drain Punch|p1a: Drednaw\n|-damage|p1a: Drednaw|1/100\n|-heal|p2a: Passimian|152/302|[from] drain|[of] p1a: Drednaw\n|\n|-heal|p2a: Passimian|170/302|[from] item: Leftovers\n|upkeep\n|turn|12\n|inactive|Time left: 300 sec this turn | 300 sec total\n|\n|t:|1783572860\n|move|p1a: Drednaw|Liquidation|p2a: Passimian\n|-damage|p2a: Passimian|0 fnt\n|faint|p2a: Passimian\n|\n|upkeep\n|inactive|Time left: 300 sec this turn | 300 sec total | 5 sec grace\n|\n|t:|1783572861\n|switch|p2a: Espathra|Espathra, L80, M|283/283\n|turn|13\n|inactive|Time left: 300 sec this turn | 300 sec total\n|\n|t:|1783572862\n|move|p1a: Drednaw|Liquidation|p2a: Espathra\n|-damage|p2a: Espathra|21/283\n|move|p2a: Espathra|Stored Power|p1a: Drednaw\n|-damage|p1a: Drednaw|0 fnt\n|faint|p1a: Drednaw\n|\n|-heal|p2a: Espathra|38/283|[from] item: Leftovers\n|-ability|p2a: Espathra|Speed Boost|boost\n|-boost|p2a: Espathra|spe|1\n|upkeep\n|\n|t:|1783572862\n|switch|p1a: Inteleon|Inteleon, L81, F|100/100\n|turn|14\n|inactive|Time left: 300 sec this turn | 300 sec total\n|\n|t:|1783572863\n|-terastallize|p2a: Espathra|Fairy\n|move|p2a: Espathra|Stored Power|p1a: Inteleon\n|-damage|p1a: Inteleon|77/100\n|move|p1a: Inteleon|Scald|p2a: Espathra\n|-damage|p2a: Espathra|0 fnt\n|faint|p2a: Espathra\n|\n|win|p0x28516aab", "uploadtime": 1783572863, "views": 0, "rating": 0, "private": 0, "password": null, "_winner": "p0x28516aab", "_our_name": "p0y28518395"}