{"id": "battle-gen9randombattle-2312", "formatid": "gen9randombattle", "format": "[Gen 9] Random Battle", "players": ["p0x23129921", "p0y2312519d"], "log": "|init|battle\n|title|p0x23129921 vs. p0y2312519d\n|j|\u2606p0x23129921\n|j|\u2606p0y2312519d\n|t:|1783566845\n|gametype|singles\n|player|p1|p0x23129921|1|\n|player|p2|p0y2312519d|101|\n|gen|9\n|tier|[Gen 9] Random Battle\n|rule|Species Clause: Limit one of each Pok\u00e9mon\n|rule|HP Percentage Mod: HP is shown in percentages\n|rule|Sleep Clause Mod: Limit one foe put to sleep\n|rule|Illusion Level Mod: Illusion disguises the Pok\u00e9mon's true level\n|\n|t:|1783566845\n|teamsize|p1|6\n|teamsize|p2|6\n|start\n|switch|p1a: Volbeat|Volbeat, L90, M|100/100\n|switch|p2a: Komala|Komala, L87, M|255/255\n|-ability|p2a: Komala|Comatose\n|turn|1\n|inactive|Battle timer is ON: inactive players will automatically lose when time's up. (requested by p0y2312519d)\n|inactive|p0x23129921 also wants the timer to be on.\n|\n|t:|1783566847\n|move|p1a: Volbeat|U-turn|p2a: Komala\n|-damage|p2a: Komala|177/255\n|\n|t:|1783566848\n|switch|p1a: Krookodile|Krookodile, L79, M|100/100|[from] U-turn\n|-ability|p1a: Krookodile|Intimidate|boost\n|-unboost|p2a: Komala|atk|1\n|move|p2a: Komala|Rapid Spin|p1a: Krookodile\n|-damage|p1a: Krookodile|83/100\n|-boost|p2a: Komala|spe|1\n|\n|-heal|p1a: Krookodile|89/100|[from] item: Leftovers\n|upkeep\n|turn|2\n|inactive|Time left: 300 sec this turn | 300 sec total\n|\n|t:|1783566849\n|move|p2a: Komala|Body Slam|p1a: Krookodile\n|-damage|p1a: Krookodile|59/100\n|move|p1a: Krookodile|Earthquake|p2a: Komala\n|-crit|p2a: Komala\n|-damage|p2a: Komala|0 fnt\n|faint|p2a: Komala\n|\n|-heal|p1a: Krookodile|65/100|[from] item: Leftovers\n|upkeep\n|inactive|Time left: 300 sec this turn | 300 sec total | 5 sec grace\n|\n|t:|1783566850\n|switch|p2a: Weezing|Weezing-Galar, L86, F|252/252\n|turn|3\n|inactive|Time left: 300 sec this turn | 300 sec total\n|\n|t:|1783566851\n|switch|p1a: Pincurchin|Pincurchin, M|100/100\n|-fieldstart|move: Electric Terrain|[from] ability: Electric Surge|[of] p1a: Pincurchin\n|move|p2a: Weezing|Strange Steam|p1a: Pincurchin|[miss]\n|-miss|p2a: Weezing|p1a: Pincurchin\n|\n|upkeep\n|turn|4\n|inactive|Time left: 300 sec this turn | 300 sec total\n|\n|t:|1783566852\n|move|p2a: Weezing|Gunk Shot|p1a: Pincurchin\n|-damage|p1a: Pincurchin|62/100\n|move|p1a: Pincurchin|Zing Zap|p2a: Weezing\n|-damage|p2a: Weezing|125/252\n|\n|-heal|p2a: Weezing|140/252|[from] item: Leftovers\n|-heal|p1a: Pincurchin|68/100|[from] item: Leftovers\n|upkeep\n|turn|5\n|inactive|Time left: 300 sec this turn | 300 sec total\n|\n|t:|1783566853\n|move|p2a: Weezing|Strange Steam|p1a: Pincurchin\n|-damage|p1a: Pincurchin|40/100\n|-start|p1a: Pincurchin|confusion\n|-activate|p1a: Pincurchin|confusion\n|move|p1a: Pincurchin|Zing Zap|p2a: Weezing\n|-crit|p2a: Weezing\n|-damage|p2a: Weezing|0 fnt\n|faint|p2a: Weezing\n|\n|-heal|p1a: Pincurchin|46/100|[from] item: Leftovers\n|upkeep\n|inactive|Time left: 300 sec this turn | 300 sec total | 5 sec grace\n|\n|t:|1783566854\n|switch|p2a: Gurdurr|Gurdurr, L85, M|283/283\n|turn|6\n|inactive|Time left: 300 sec this turn | 300 sec total\n|\n|t:|1783566856\n|switch|p1a: Krookodile|Krookodile, L79, M|65/100\n|-ability|p1a: Krookodile|Intimidate|boost\n|-unboost|p2a: Gurdurr|atk|1\n|move|p2a: Gurdurr|Bulk Up|p2a: Gurdurr\n|-boost|p2a: Gurdurr|atk|1\n|-boost|p2a: Gurdurr|def|1\n|\n|-heal|p1a: Krookodile|71/100|[from] item: Leftovers\n|upkeep\n|turn|7\n|inactive|Time left: 300 sec this turn | 300 sec total\n|\n|t:|1783566857\n|move|p1a: Krookodile|Bulk Up|p1a: Krookodile\n|-boost|p1a: Krookodile|atk|1\n|-boost|p1a: Krookodile|def|1\n|move|p2a: Gurdurr|Bulk Up|p2a: Gurdurr\n|-boost|p2a: Gurdurr|atk|1\n|-boost|p2a: Gurdurr|def|1\n|\n|-heal|p1a: Krookodile|77/100|[from] item: Leftovers\n|-fieldend|move: Electric Terrain\n|upkeep\n|turn|8\n|inactive|Time left: 300 sec this turn | 300 sec total\n|\n|t:|1783566858\n|move|p1a: Krookodile|Bulk Up|p1a: Krookodile\n|-boost|p1a: Krookodile|atk|1\n|-boost|p1a: Krookodile|def|1\n|move|p2a: Gurdurr|Drain Punch|p1a: Krookodile\n|-supereffective|p1a: Krookodile\n|-damage|p1a: Krookodile|19/100\n|\n|-heal|p1a: Krookodile|25/100|[from] item: Leftovers\n|upkeep\n|turn|9\n|inactive|Time left: 300 sec this turn | 300 sec total\n|\n|t:|1783566859\n|-terastallize|p1a: Krookodile|Poison\n|move|p1a: Krookodile|Knock Off|p2a: Gurdurr\n|-resisted|p2a: Gurdurr\n|-damage|p2a: Gurdurr|250/283\n|-enditem|p2a: Gurdurr|Eviolite|[from] move: Knock Off|[of] p1a: Krookodile\n|move|p2a: Gurdurr|Knock Off|p1a: Krookodile\n|-damage|p1a: Krookodile|0 fnt\n|-enditem|p1a: Krookodile|Leftovers|[from] move: Knock Off|[of] p2a: Gurdurr\n|faint|p1a: Krookodile\n|\n|upkeep\n|\n|t:|1783566860\n|switch|p1a: Pincurchin|Pincurchin, M|46/100\n|-fieldstart|move: Electric Terrain|[from] ability: Electric Surge|[of] p1a: Pincurchin\n|turn|10\n|inactive|Time left: 300 sec this turn | 300 sec total\n|\n|t:|1783566861\n|move|p2a: Gurdurr|Knock Off|p1a: Pincurchin\n|-damage|p1a: Pincurchin|10/100\n|-enditem|p1a: Pincurchin|Leftovers|[from] move: Knock Off|[of] p2a: Gurdurr\n|move|p1a: Pincurchin|Recover|p1a: Pincurchin\n|-heal|p1a: Pincurchin|60/100\n|\n|upkeep\n|turn|11\n|inactive|Time left: 300 sec this turn | 300 sec total\n|\n|t:|1783566862\n|move|p2a: Gurdurr|Bulk Up|p2a: Gurdurr\n|-boost|p2a: Gurdurr|atk|1\n|-boost|p2a: Gurdurr|def|1\n|move|p1a: Pincurchin|Recover|p1a: Pincurchin\n|-heal|p1a: Pincurchin|100/100\n|\n|upkeep\n|turn|12\n|inactive|Time left: 300 sec this turn | 300 sec total\n|\n|t:|1783566863\n|move|p2a: Gurdurr|Knock Off|p1a: Pincurchin\n|-damage|p1a: Pincurchin|66/100\n|move|p1a: Pincurchin|Recover|p1a: Pincurchin\n|-heal|p1a: Pincurchin|100/100\n|\n|upkeep\n|turn|13\n|inactive|Time left: 300 sec this turn | 300 sec total\n|\n|t:|1783566864\n|move|p2a: Gurdurr|Drain Punch|p1a: Pincurchin\n|-damage|p1a: Pincurchin|47/100\n|-heal|p2a: Gurdurr|283/283|[from] drain|[of] p1a: Pincurchin\n|move|p1a: Pincurchin|Recover|p1a: Pincurchin\n|-heal|p1a: Pincurchin|97/100\n|\n|upkeep\n|turn|14\n|inactive|Time left: 300 sec this turn | 300 sec total\n|\n|t:|1783566865\n|move|p2a: Gurdurr|Drain Punch|p1a: Pincurchin\n|-damage|p1a: Pincurchin|47/100\n|move|p1a: Pincurchin|Recover|p1a: Pincurchin\n|-heal|p1a: Pincurchin|97/100\n|\n|-fieldend|move: Electric Terrain\n|upkeep\n|turn|15\n|inactive|Time left: 300 sec this turn | 300 sec total\n|\n|t:|1783566865\n|move|p2a: Gurdurr|Knock Off|p1a: Pincurchin\n|-damage|p1a: Pincurchin|64/100\n|move|p1a: Pincurchin|Recover|p1a: Pincurchin\n|-heal|p1a: Pincurchin|100/100\n|\n|upkeep\n|turn|16\n|inactive|Time left: 300 sec this turn | 300 sec total\n|\n|t:|1783566866\n|move|p2a: Gurdurr|Drain Punch|p1a: Pincurchin\n|-damage|p1a: Pincurchin|43/100\n|move|p1a: Pincurchin|Recover|p1a: Pincurchin\n|-heal|p1a: Pincurchin|93/100\n|\n|upkeep\n|turn|17\n|inactive|Time left: 300 sec this turn | 300 sec total\n|\n|t:|1783566867\n|move|p2a: Gurdurr|Drain Punch|p1a: Pincurchin\n|-damage|p1a: Pincurchin|43/100\n|move|p1a: Pincurchin|Recover|p1a: Pincurchin\n|-heal|p1a: Pincurchin|93/100\n|\n|upkeep\n|turn|18\n|inactive|Time left: 300 sec this turn | 300 sec total\n|\n|t:|1783566868\n|move|p2a: Gurdurr|Drain Punch|p1a: Pincurchin\n|-damage|p1a: Pincurchin|38/100\n|move|p1a: Pincurchin|Curse|p1a: Pincurchin\n|-unboost|p1a: Pincurchin|spe|1\n|-boost|p1a: Pincurchin|atk|1\n|-boost|p1a: Pincurchin|def|1\n|\n|upkeep\n|turn|19\n|inactive|Time left: 300 sec this turn | 300 sec total\n|\n|t:|1783566869\n|move|p2a: Gurdurr|Knock Off|p1a: Pincurchin\n|-damage|p1a: Pincurchin|18/100\n|move|p1a: Pincurchin|Zing Zap|p2a: Gurdurr\n|-damage|p2a: Gurdurr|211/283\n|\n|upkeep\n|turn|20\n|inactive|Time left: 300 sec this turn | 300 sec total\n|\n|t:|1783566870\n|move|p2a: Gurdurr|Drain Punch|p1a: Pincurchin\n|-damage|p1a: Pincurchin|0 fnt\n|-heal|p2a: Gurdurr|234/283|[from] drain|[of] p1a: Pincurchin\n|faint|p1a: Pincurchin\n|\n|upkeep\n|\n|t:|1783566871\n|switch|p1a: Volbeat|Volbeat, L90, M|100/100\n|turn|21\n|inactive|Time left: 300 sec this turn | 300 sec total\n|\n|t:|1783566872\n|move|p1a: Volbeat|Encore|p2a: Gurdurr\n|-start|p2a: Gurdurr|Encore\n|move|p2a: Gurdurr|Drain Punch|p1a: Volbeat\n|-resisted|p1a: Volbeat\n|-damage|p1a: Volbeat|66/100\n|-heal|p2a: Gurdurr|280/283|[from] drain|[of] p1a: Volbeat\n|\n|upkeep\n|turn|22\n|inactive|Time left: 300 sec this turn | 300 sec total\n|\n|t:|1783566873\n|switch|p1a: Mewtwo|Mewtwo, L72|100/100\n|-ability|p1a: Mewtwo|Unnerve\n|move|p2a: Gurdurr|Drain Punch|p1a: Mewtwo\n|-resisted|p1a: Mewtwo\n|-damage|p1a: Mewtwo|63/100\n|-heal|p2a: Gurdurr|283/283|[from] drain|[of] p1a: Mewtwo\n|\n|upkeep\n|turn|23\n|inactive|Time left: 300 sec this turn | 300 sec total\n|\n|t:|1783566874\n|move|p1a: Mewtwo|Nasty Plot|p1a: Mewtwo\n|-boost|p1a: Mewtwo|spa|2\n|move|p2a: Gurdurr|Drain Punch|p1a: Mewtwo\n|-resisted|p1a: Mewtwo\n|-damage|p1a: Mewtwo|29/100\n|\n|-end|p2a: Gurdurr|Encore\n|upkeep\n|turn|24\n|inactive|Time left: 300 sec this turn | 300 sec total\n|\n|t:|1783566875\n|move|p1a: Mewtwo|Fire Blast|p2a: Gurdurr\n|-damage|p2a: Gurdurr|0 fnt\n|faint|p2a: Gurdurr\n|-damage|p1a: Mewtwo|19/100|[from] item: Life Orb\n|\n|upkeep\n|inactive|Time left: 300 sec this turn | 300 sec total | 5 sec grace\n|\n|t:|1783566876\n|switch|p2a: Grimmsnarl|Grimmsnarl, L83, M|293/293\n|turn|25\n|inactive|Time left: 300 sec this turn | 300 sec total\n|\n|t:|1783566877\n|move|p2a: Grimmsnarl|Sucker Punch|p1a: Mewtwo\n|-supereffective|p1a: Mewtwo\n|-crit|p1a: Mewtwo\n|-damage|p1a: Mewtwo|0 fnt\n|faint|p1a: Mewtwo\n|\n|upkeep\n|\n|t:|1783566878\n|switch|p1a: Crawdaunt|Crawdaunt, L84, M|100/100\n|turn|26\n|inactive|Time left: 300 sec this turn | 300 sec total\n|\n|t:|1783566879\n|move|p2a: Grimmsnarl|Spirit Break|p1a: Crawdaunt\n|-supereffective|p1a: Crawdaunt\n|-damage|p1a: Crawdaunt|26/100\n|-unboost|p1a: Crawdaunt|spa|1\n|move|p1a: Crawdaunt|Crabhammer|p2a: Grimmsnarl\n|-damage|p2a: Grimmsnarl|23/293\n|-damage|p1a: Crawdaunt|16/100|[from] item: Life Orb\n|\n|-heal|p2a: Grimmsnarl|41/293|[from] item: Leftovers\n|upkeep\n|turn|27\n|inactive|Time left: 300 sec this turn | 300 sec total\n|\n|t:|1783566880\n|move|p1a: Crawdaunt|Aqua Jet|p2a: Grimmsnarl\n|-damage|p2a: Grimmsnarl|0 fnt\n|faint|p2a: Grimmsnarl\n|-damage|p1a: Crawdaunt|6/100|[from] item: Life Orb\n|\n|upkeep\n|inactive|Time left: 300 sec this turn | 300 sec total | 5 sec grace\n|\n|t:|1783566881\n|switch|p2a: Iron Treads|Iron Treads, L77|265/265\n|turn|28\n|inactive|Time left: 300 sec this turn | 300 sec total\n|\n|t:|1783566882\n|move|p1a: Crawdaunt|Aqua Jet|p2a: Iron Treads\n|-supereffective|p2a: Iron Treads\n|-damage|p2a: Iron Treads|109/265\n|-damage|p1a: Crawdaunt|0 fnt|[from] item: Life Orb\n|faint|p1a: Crawdaunt\n|move|p2a: Iron Treads|Volt Switch|p1: Crawdaunt|[notarget]\n|-fail|p2a: Iron Treads\n|\n|-heal|p2a: Iron Treads|125/265|[from] item: Leftovers\n|upkeep\n|\n|t:|1783566882\n|switch|p1a: Virizion|Virizion, L82|100/100\n|turn|29\n|inactive|Time left: 300 sec this turn | 300 sec total\n|\n|t:|1783566883\n|move|p1a: Virizion|Swords Dance|p1a: Virizion\n|-boost|p1a: Virizion|atk|2\n|move|p2a: Iron Treads|Volt Switch|p1a: Virizion\n|-resisted|p1a: Virizion\n|-damage|p1a: Virizion|96/100\n|inactive|Time left: 300 sec this turn | 300 sec total | 5 sec grace\n|\n|t:|1783566885\n|-end|p2a: Iron Treads|Quark Drive|[silent]\n|switch|p2a: Piloswine|Piloswine, L85, F|309/309|[from] Volt Switch\n|\n|upkeep\n|turn|30\n|inactive|Time left: 300 sec this turn | 300 sec total\n|\n|t:|1783566886\n|switch|p1a: Volbeat|Volbeat, L90, M|66/100\n|-terastallize|p2a: Piloswine|Poison\n|move|p2a: Piloswine|Icicle Crash|p1a: Volbeat\n|-damage|p1a: Volbeat|28/100\n|\n|upkeep\n|turn|31\n|inactive|Time left: 300 sec this turn | 300 sec total\n|\n|t:|1783566887\n|move|p1a: Volbeat|Roost|p1a: Volbeat\n|-heal|p1a: Volbeat|78/100\n|-singleturn|p1a: Volbeat|move: Roost\n|move|p2a: Piloswine|Icicle Crash|p1a: Volbeat|[miss]\n|-miss|p2a: Piloswine|p1a: Volbeat\n|\n|upkeep\n|turn|32\n|inactive|Time left: 300 sec this turn | 300 sec total\n|\n|t:|1783566888\n|move|p1a: Volbeat|Thunder Wave|p2a: Piloswine\n|-status|p2a: Piloswine|par\n|move|p2a: Piloswine|Icicle Crash|p1a: Volbeat\n|-damage|p1a: Volbeat|40/100\n|\n|upkeep\n|turn|33\n|inactive|Time left: 300 sec this turn | 300 sec total\n|\n|t:|1783566889\n|move|p1a: Volbeat|Roost|p1a: Volbeat\n|-heal|p1a: Volbeat|90/100\n|-singleturn|p1a: Volbeat|move: Roost\n|cant|p2a: Piloswine|par\n|\n|upkeep\n|turn|34\n|inactive|Time left: 300 sec this turn | 300 sec total\n|\n|t:|1783566890\n|move|p1a: Volbeat|Roost|p1a: Volbeat\n|-heal|p1a: Volbeat|100/100\n|-singleturn|p1a: Volbeat|move: Roost\n|move|p2a: Piloswine|Icicle Crash|p1a: Volbeat\n|-damage|p1a: Volbeat|65/100\n|\n|upkeep\n|turn|35\n|inactive|Time left: 300 sec this turn | 300 sec total\n|\n|t:|1783566890\n|move|p1a: Volbeat|Roost|p1a: Volbeat\n|-heal|p1a: Volbeat|100/100\n|-singleturn|p1a: Volbeat|move: Roost\n|move|p2a: Piloswine|Icicle Crash|p1a: Volbeat\n|-damage|p1a: Volbeat|63/100\n|\n|upkeep\n|turn|36\n|inactive|Time left: 300 sec this turn | 300 sec total\n|\n|t:|1783566891\n|move|p1a: Volbeat|Roost|p1a: Volbeat\n|-heal|p1a: Volbeat|100/100\n|-singleturn|p1a: Volbeat|move: Roost\n|move|p2a: Piloswine|Icicle Crash|p1a: Volbeat\n|-damage|p1a: Volbeat|59/100\n|\n|upkeep\n|turn|37\n|inactive|Time left: 300 sec this turn | 300 sec total\n|\n|t:|1783566892\n|move|p1a: Volbeat|Roost|p1a: Volbeat\n|-heal|p1a: Volbeat|100/100\n|-singleturn|p1a: Volbeat|move: Roost\n|move|p2a: Piloswine|Icicle Crash|p1a: Volbeat\n|-damage|p1a: Volbeat|65/100\n|\n|upkeep\n|turn|38\n|inactive|Time left: 300 sec this turn | 300 sec total\n|\n|t:|1783566894\n|move|p1a: Volbeat|Roost|p1a: Volbeat\n|-heal|p1a: Volbeat|100/100\n|-singleturn|p1a: Volbeat|move: Roost\n|move|p2a: Piloswine|Icicle Crash|p1a: Volbeat\n|-damage|p1a: Volbeat|65/100\n|\n|upkeep\n|turn|39\n|inactive|Time left: 300 sec this turn | 300 sec total\n|\n|t:|1783566894\n|move|p1a: Volbeat|Roost|p1a: Volbeat\n|-heal|p1a: Volbeat|100/100\n|-singleturn|p1a: Volbeat|move: Roost\n|move|p2a: Piloswine|Icicle Crash|p1a: Volbeat|[miss]\n|-miss|p2a: Piloswine|p1a: Volbeat\n|\n|upkeep\n|turn|40\n|inactive|Time left: 300 sec this turn | 300 sec total\n|\n|t:|1783566895\n|move|p1a: Volbeat|U-turn|p2a: Piloswine\n|-resisted|p2a: Piloswine\n|-damage|p2a: Piloswine|285/309 par\n|\n|t:|1783566896\n|switch|p1a: Virizion|Virizion, L82|96/100|[from] U-turn\n|move|p2a: Piloswine|Icicle Crash|p1a: Virizion|[miss]\n|-miss|p2a: Piloswine|p1a: Virizion\n|\n|upkeep\n|turn|41\n|inactive|Time left: 300 sec this turn | 300 sec total\n|\n|t:|1783566897\n|move|p1a: Virizion|Swords Dance|p1a: Virizion\n|-boost|p1a: Virizion|atk|2\n|move|p2a: Piloswine|Icicle Crash|p1a: Virizion\n|-supereffective|p1a: Virizion\n|-damage|p1a: Virizion|20/100\n|\n|upkeep\n|turn|42\n|inactive|Time left: 300 sec this turn | 300 sec total\n|\n|t:|1783566899\n|move|p2a: Piloswine|Ice Shard|p1a: Virizion\n|-supereffective|p1a: Virizion\n|-damage|p1a: Virizion|0 fnt\n|faint|p1a: Virizion\n|\n|upkeep\n|\n|t:|1783566900\n|switch|p1a: Volbeat|Volbeat, L90, M|100/100\n|turn|43\n|inactive|Time left: 300 sec this turn | 300 sec total\n|\n|t:|1783566901\n|move|p1a: Volbeat|U-turn|p2a: Piloswine\n|-resisted|p2a: Piloswine\n|-damage|p2a: Piloswine|262/309 par\n|move|p2a: Piloswine|Icicle Crash|p1a: Volbeat\n|-damage|p1a: Volbeat|60/100\n|\n|upkeep\n|turn|44\n|inactive|Time left: 300 sec this turn | 300 sec total\n|\n|t:|1783566902\n|move|p1a: Volbeat|U-turn|p2a: Piloswine\n|-resisted|p2a: Piloswine\n|-damage|p2a: Piloswine|237/309 par\n|move|p2a: Piloswine|Icicle Crash|p1a: Volbeat\n|-damage|p1a: Volbeat|21/100\n|\n|upkeep\n|turn|45\n|inactive|Time left: 300 sec this turn | 300 sec total\n|\n|t:|1783566903\n|move|p1a: Volbeat|Thunder Wave|p2a: Piloswine\n|-fail|p2a: Piloswine|par\n|move|p2a: Piloswine|Icicle Crash|p1a: Volbeat\n|-damage|p1a: Volbeat|0 fnt\n|faint|p1a: Volbeat\n|\n|win|p0y2312519d", "uploadtime": 1783566903, "views": 0, "rating": 0, "private": 0, "password": null, "_winner": "p0y2312519d", "_our_name": "p0y2312519d"}