{"id": "battle-gen9randombattle-1554", "formatid": "gen9randombattle", "format": "[Gen 9] Random Battle", "players": ["p0x1554a1e2", "p0y1554a8ef"], "log": "|init|battle\n|title|p0x1554a1e2 vs. p0y1554a8ef\n|j|\u2606p0x1554a1e2\n|j|\u2606p0y1554a8ef\n|t:|1783557163\n|gametype|singles\n|player|p1|p0x1554a1e2|101|\n|player|p2|p0y1554a8ef|102|\n|gen|9\n|tier|[Gen 9] Random Battle\n|rule|Species Clause: Limit one of each Pok\u00e9mon\n|rule|HP Percentage Mod: HP is shown in percentages\n|rule|Sleep Clause Mod: Limit one foe put to sleep\n|rule|Illusion Level Mod: Illusion disguises the Pok\u00e9mon's true level\n|\n|t:|1783557163\n|teamsize|p1|6\n|teamsize|p2|6\n|start\n|switch|p1a: Cinccino|Cinccino, L83, M|100/100\n|switch|p2a: Regigigas|Regigigas, L84|322/322\n|-start|p2a: Regigigas|ability: Slow Start\n|turn|1\n|inactive|Battle timer is ON: inactive players will automatically lose when time's up. (requested by p0x1554a1e2)\n|inactive|Time left: 300 sec this turn | 300 sec total | 60 sec grace\n|inactive|p0y1554a8ef also wants the timer to be on.\n|\n|t:|1783557164\n|switch|p1a: Brute Bonnet|Brute Bonnet, L80|100/100\n|move|p2a: Regigigas|Knock Off|p1a: Brute Bonnet\n|-resisted|p1a: Brute Bonnet\n|-damage|p1a: Brute Bonnet|93/100\n|-enditem|p1a: Brute Bonnet|Leftovers|[from] move: Knock Off|[of] p2a: Regigigas\n|\n|upkeep\n|turn|2\n|inactive|Time left: 300 sec this turn | 300 sec total\n|\n|t:|1783557166\n|move|p1a: Brute Bonnet|Spore|p2a: Regigigas\n|-status|p2a: Regigigas|slp|[from] move: Spore\n|cant|p2a: Regigigas|slp\n|\n|upkeep\n|turn|3\n|inactive|Time left: 300 sec this turn | 300 sec total\n|\n|t:|1783557167\n|move|p1a: Brute Bonnet|Crunch|p2a: Regigigas\n|-damage|p2a: Regigigas|241/322 slp\n|cant|p2a: Regigigas|slp\n|\n|-heal|p2a: Regigigas|261/322 slp|[from] item: Leftovers\n|upkeep\n|turn|4\n|inactive|Time left: 300 sec this turn | 300 sec total\n|\n|t:|1783557168\n|move|p1a: Brute Bonnet|Crunch|p2a: Regigigas\n|-damage|p2a: Regigigas|185/322 slp\n|-curestatus|p2a: Regigigas|slp|[msg]\n|move|p2a: Regigigas|Body Slam|p1a: Brute Bonnet\n|-damage|p1a: Brute Bonnet|73/100\n|-status|p1a: Brute Bonnet|par\n|\n|-heal|p2a: Regigigas|205/322|[from] item: Leftovers\n|upkeep\n|turn|5\n|inactive|Time left: 300 sec this turn | 300 sec total\n|\n|t:|1783557169\n|move|p2a: Regigigas|Body Slam|p1a: Brute Bonnet\n|-damage|p1a: Brute Bonnet|54/100 par\n|cant|p1a: Brute Bonnet|par\n|\n|-heal|p2a: Regigigas|225/322|[from] item: Leftovers\n|-end|p2a: Regigigas|Slow Start\n|upkeep\n|turn|6\n|inactive|Time left: 300 sec this turn | 300 sec total\n|\n|t:|1783557171\n|move|p2a: Regigigas|Body Slam|p1a: Brute Bonnet\n|-damage|p1a: Brute Bonnet|15/100 par\n|cant|p1a: Brute Bonnet|par\n|\n|-heal|p2a: Regigigas|245/322|[from] item: Leftovers\n|upkeep\n|turn|7\n|inactive|Time left: 300 sec this turn | 300 sec total\n|\n|t:|1783557172\n|move|p2a: Regigigas|Body Slam|p1a: Brute Bonnet\n|-damage|p1a: Brute Bonnet|0 fnt\n|faint|p1a: Brute Bonnet\n|-end|p1a: Brute Bonnet|Protosynthesis|[silent]\n|\n|-heal|p2a: Regigigas|265/322|[from] item: Leftovers\n|upkeep\n|\n|t:|1783557173\n|switch|p1a: Glimmora|Glimmora, L75, M|100/100\n|-item|p1a: Glimmora|Air Balloon\n|turn|8\n|inactive|Time left: 300 sec this turn | 300 sec total\n|\n|t:|1783557174\n|move|p2a: Regigigas|Body Slam|p1a: Glimmora\n|-resisted|p1a: Glimmora\n|-damage|p1a: Glimmora|71/100\n|-activate|p1a: Glimmora|ability: Toxic Debris\n|-sidestart|p2: p0y1554a8ef|move: Toxic Spikes\n|-enditem|p1a: Glimmora|Air Balloon\n|move|p1a: Glimmora|Spikes|p2a: Regigigas\n|-sidestart|p2: p0y1554a8ef|Spikes\n|\n|-heal|p2a: Regigigas|285/322|[from] item: Leftovers\n|upkeep\n|turn|9\n|inactive|Time left: 300 sec this turn | 300 sec total\n|\n|t:|1783557175\n|move|p2a: Regigigas|Body Slam|p1a: Glimmora\n|-resisted|p1a: Glimmora\n|-damage|p1a: Glimmora|44/100\n|-activate|p1a: Glimmora|ability: Toxic Debris\n|-sidestart|p2: p0y1554a8ef|move: Toxic Spikes\n|move|p1a: Glimmora|Sludge Wave|p2a: Regigigas\n|-damage|p2a: Regigigas|195/322\n|\n|-heal|p2a: Regigigas|215/322|[from] item: Leftovers\n|upkeep\n|turn|10\n|inactive|Time left: 300 sec this turn | 300 sec total\n|\n|t:|1783557176\n|move|p2a: Regigigas|Body Slam|p1a: Glimmora\n|-resisted|p1a: Glimmora\n|-damage|p1a: Glimmora|16/100\n|move|p1a: Glimmora|Sludge Wave|p2a: Regigigas\n|-damage|p2a: Regigigas|131/322\n|\n|-heal|p2a: Regigigas|151/322|[from] item: Leftovers\n|upkeep\n|turn|11\n|inactive|Time left: 300 sec this turn | 300 sec total\n|\n|t:|1783557177\n|move|p2a: Regigigas|Body Slam|p1a: Glimmora\n|-resisted|p1a: Glimmora\n|-damage|p1a: Glimmora|0 fnt\n|faint|p1a: Glimmora\n|\n|-heal|p2a: Regigigas|171/322|[from] item: Leftovers\n|upkeep\n|\n|t:|1783557178\n|switch|p1a: Primarina|Primarina, L83, M|100/100\n|turn|12\n|inactive|Time left: 300 sec this turn | 300 sec total\n|\n|t:|1783557179\n|move|p2a: Regigigas|Body Slam|p1a: Primarina\n|-damage|p1a: Primarina|40/100\n|-status|p1a: Primarina|par\n|cant|p1a: Primarina|par\n|\n|-heal|p2a: Regigigas|191/322|[from] item: Leftovers\n|upkeep\n|turn|13\n|inactive|Time left: 300 sec this turn | 300 sec total\n|\n|t:|1783557180\n|switch|p1a: Lunala|Lunala, L70|100/100\n|move|p2a: Regigigas|Body Slam|p1a: Lunala\n|-immune|p1a: Lunala\n|\n|-heal|p2a: Regigigas|211/322|[from] item: Leftovers\n|upkeep\n|turn|14\n|inactive|Time left: 300 sec this turn | 300 sec total\n|\n|t:|1783557182\n|move|p2a: Regigigas|Knock Off|p1a: Lunala\n|-supereffective|p1a: Lunala\n|-damage|p1a: Lunala|23/100\n|-enditem|p1a: Lunala|Leftovers|[from] move: Knock Off|[of] p2a: Regigigas\n|move|p1a: Lunala|Calm Mind|p1a: Lunala\n|-boost|p1a: Lunala|spa|1\n|-boost|p1a: Lunala|spd|1\n|\n|-heal|p2a: Regigigas|231/322|[from] item: Leftovers\n|upkeep\n|turn|15\n|inactive|Time left: 300 sec this turn | 300 sec total\n|\n|t:|1783557183\n|-terastallize|p1a: Lunala|Fighting\n|move|p2a: Regigigas|Knock Off|p1a: Lunala\n|-resisted|p1a: Lunala\n|-damage|p1a: Lunala|11/100\n|move|p1a: Lunala|Moonlight|p1a: Lunala\n|-heal|p1a: Lunala|61/100\n|\n|-heal|p2a: Regigigas|251/322|[from] item: Leftovers\n|upkeep\n|turn|16\n|inactive|Time left: 300 sec this turn | 300 sec total\n|\n|t:|1783557184\n|move|p2a: Regigigas|Body Slam|p1a: Lunala\n|-damage|p1a: Lunala|12/100\n|-status|p1a: Lunala|par\n|move|p1a: Lunala|Moonlight|p1a: Lunala\n|-heal|p1a: Lunala|62/100 par\n|\n|-heal|p2a: Regigigas|271/322|[from] item: Leftovers\n|upkeep\n|turn|17\n|inactive|Time left: 300 sec this turn | 300 sec total\n|\n|t:|1783557185\n|move|p2a: Regigigas|Body Slam|p1a: Lunala\n|-damage|p1a: Lunala|13/100 par\n|cant|p1a: Lunala|par\n|\n|-heal|p2a: Regigigas|291/322|[from] item: Leftovers\n|upkeep\n|turn|18\n|inactive|Time left: 300 sec this turn | 300 sec total\n|\n|t:|1783557186\n|move|p2a: Regigigas|Body Slam|p1a: Lunala\n|-damage|p1a: Lunala|0 fnt\n|faint|p1a: Lunala\n|\n|-heal|p2a: Regigigas|311/322|[from] item: Leftovers\n|upkeep\n|\n|t:|1783557187\n|switch|p1a: Primarina|Primarina, L83, M|40/100 par\n|turn|19\n|inactive|Time left: 300 sec this turn | 300 sec total\n|\n|t:|1783557188\n|move|p2a: Regigigas|Body Slam|p1a: Primarina\n|-damage|p1a: Primarina|0 fnt\n|faint|p1a: Primarina\n|\n|-heal|p2a: Regigigas|322/322|[from] item: Leftovers\n|upkeep\n|\n|t:|1783557189\n|switch|p1a: Lumineon|Lumineon, L93, M|100/100\n|turn|20\n|inactive|Time left: 300 sec this turn | 300 sec total\n|\n|t:|1783557190\n|move|p1a: Lumineon|Ice Beam|p2a: Regigigas\n|-damage|p2a: Regigigas|258/322\n|-damage|p1a: Lumineon|91/100|[from] item: Life Orb\n|move|p2a: Regigigas|Body Slam|p1a: Lumineon\n|-damage|p1a: Lumineon|41/100\n|-status|p1a: Lumineon|par\n|\n|-heal|p2a: Regigigas|278/322|[from] item: Leftovers\n|upkeep\n|turn|21\n|inactive|Time left: 300 sec this turn | 300 sec total\n|\n|t:|1783557191\n|move|p2a: Regigigas|Body Slam|p1a: Lumineon\n|-damage|p1a: Lumineon|0 fnt\n|faint|p1a: Lumineon\n|\n|-heal|p2a: Regigigas|298/322|[from] item: Leftovers\n|upkeep\n|\n|t:|1783557192\n|switch|p1a: Cinccino|Cinccino, L83, M|100/100\n|turn|22\n|inactive|Time left: 300 sec this turn | 300 sec total\n|\n|t:|1783557193\n|move|p1a: Cinccino|Bullet Seed|p2a: Regigigas\n|-damage|p2a: Regigigas|276/322\n|-damage|p2a: Regigigas|255/322\n|-damage|p2a: Regigigas|235/322\n|-damage|p2a: Regigigas|215/322\n|-hitcount|p2a: Regigigas|4\n|move|p2a: Regigigas|Body Slam|p1a: Cinccino\n|-damage|p1a: Cinccino|30/100\n|\n|-heal|p2a: Regigigas|235/322|[from] item: Leftovers\n|upkeep\n|turn|23\n|inactive|Time left: 300 sec this turn | 300 sec total\n|\n|t:|1783557194\n|move|p1a: Cinccino|U-turn|p2a: Regigigas\n|-damage|p2a: Regigigas|192/322\n|move|p2a: Regigigas|Body Slam|p1a: Cinccino\n|-damage|p1a: Cinccino|0 fnt\n|faint|p1a: Cinccino\n|\n|win|p0y1554a8ef", "uploadtime": 1783557194, "views": 0, "rating": 0, "private": 0, "password": null, "_winner": "p0y1554a8ef", "_our_name": "p0y1554a8ef"}