{"id": "battle-gen9randombattle-2640", "formatid": "gen9randombattle", "format": "[Gen 9] Random Battle", "players": ["p0x26405bbd", "p0y2640154a"], "log": "|init|battle\n|title|p0x26405bbd vs. p0y2640154a\n|j|\u2606p0x26405bbd\n|j|\u2606p0y2640154a\n|t:|1783569471\n|gametype|singles\n|player|p1|p0x26405bbd|101|\n|player|p2|p0y2640154a|101|\n|gen|9\n|tier|[Gen 9] Random Battle\n|rule|Species Clause: Limit one of each Pok\u00e9mon\n|rule|HP Percentage Mod: HP is shown in percentages\n|rule|Sleep Clause Mod: Limit one foe put to sleep\n|rule|Illusion Level Mod: Illusion disguises the Pok\u00e9mon's true level\n|\n|t:|1783569471\n|teamsize|p1|6\n|teamsize|p2|6\n|start\n|switch|p1a: Illumise|Illumise, L91, F|100/100\n|switch|p2a: Ambipom|Ambipom, L84, F|263/263\n|turn|1\n|inactive|Battle timer is ON: inactive players will automatically lose when time's up. (requested by p0y2640154a)\n|inactive|p0x26405bbd also wants the timer to be on.\n|\n|t:|1783569472\n|switch|p1a: Lapras|Lapras, L87, F|100/100\n|move|p2a: Ambipom|Triple Axel|p1a: Lapras\n|-resisted|p1a: Lapras\n|-damage|p1a: Lapras|98/100\n|-resisted|p1a: Lapras\n|-damage|p1a: Lapras|93/100\n|-resisted|p1a: Lapras\n|-damage|p1a: Lapras|87/100\n|-hitcount|p1a: Lapras|3\n|\n|upkeep\n|turn|2\n|inactive|Time left: 300 sec this turn | 300 sec total\n|\n|t:|1783569473\n|move|p2a: Ambipom|Triple Axel|p1a: Lapras\n|-resisted|p1a: Lapras\n|-damage|p1a: Lapras|84/100\n|-resisted|p1a: Lapras\n|-damage|p1a: Lapras|80/100\n|-resisted|p1a: Lapras\n|-damage|p1a: Lapras|73/100\n|-hitcount|p1a: Lapras|3\n|move|p1a: Lapras|Ice Beam|p2a: Ambipom\n|-damage|p2a: Ambipom|79/263\n|\n|upkeep\n|turn|3\n|inactive|Time left: 300 sec this turn | 300 sec total\n|\n|t:|1783569474\n|switch|p2a: Alcremie|Alcremie, L90, F|263/263\n|move|p1a: Lapras|Ice Beam|p2a: Alcremie\n|-damage|p2a: Alcremie|170/263\n|-status|p2a: Alcremie|frz\n|\n|-heal|p2a: Alcremie|186/263 frz|[from] item: Leftovers\n|upkeep\n|turn|4\n|inactive|Time left: 300 sec this turn | 300 sec total\n|\n|t:|1783569475\n|cant|p2a: Alcremie|frz\n|move|p1a: Lapras|Ice Beam|p2a: Alcremie\n|-damage|p2a: Alcremie|93/263 frz\n|\n|-heal|p2a: Alcremie|109/263 frz|[from] item: Leftovers\n|upkeep\n|turn|5\n|inactive|Time left: 300 sec this turn | 300 sec total\n|\n|t:|1783569476\n|cant|p2a: Alcremie|frz\n|move|p1a: Lapras|Ice Beam|p2a: Alcremie\n|-damage|p2a: Alcremie|3/263 frz\n|\n|-heal|p2a: Alcremie|19/263 frz|[from] item: Leftovers\n|upkeep\n|turn|6\n|inactive|Time left: 300 sec this turn | 300 sec total\n|\n|t:|1783569477\n|cant|p2a: Alcremie|frz\n|move|p1a: Lapras|Ice Beam|p2a: Alcremie\n|-damage|p2a: Alcremie|0 fnt\n|faint|p2a: Alcremie\n|\n|upkeep\n|inactive|Time left: 300 sec this turn | 300 sec total | 5 sec grace\n|\n|t:|1783569478\n|switch|p2a: Iron Valiant|Iron Valiant, L78|244/244\n|turn|7\n|inactive|Time left: 300 sec this turn | 300 sec total\n|\n|t:|1783569479\n|move|p2a: Iron Valiant|Close Combat|p1a: Lapras\n|-supereffective|p1a: Lapras\n|-damage|p1a: Lapras|0 fnt\n|-unboost|p2a: Iron Valiant|def|1\n|-unboost|p2a: Iron Valiant|spd|1\n|faint|p1a: Lapras\n|-damage|p2a: Iron Valiant|220/244|[from] item: Life Orb\n|\n|upkeep\n|\n|t:|1783569480\n|switch|p1a: Flareon|Flareon, L90, F|100/100\n|turn|8\n|inactive|Time left: 300 sec this turn | 300 sec total\n|\n|t:|1783569482\n|move|p2a: Iron Valiant|Close Combat|p1a: Flareon\n|-damage|p1a: Flareon|19/100\n|-unboost|p2a: Iron Valiant|def|1\n|-unboost|p2a: Iron Valiant|spd|1\n|-damage|p2a: Iron Valiant|196/244|[from] item: Life Orb\n|move|p1a: Flareon|Trailblaze|p2a: Iron Valiant\n|-damage|p2a: Iron Valiant|95/244\n|-boost|p1a: Flareon|spe|1\n|\n|-status|p1a: Flareon|tox|[from] item: Toxic Orb\n|upkeep\n|turn|9\n|inactive|Time left: 300 sec this turn | 300 sec total\n|\n|t:|1783569483\n|-end|p2a: Iron Valiant|Quark Drive|[silent]\n|switch|p2a: Arbok|Arbok, L87, M|246/246\n|-ability|p2a: Arbok|Intimidate|boost\n|-unboost|p1a: Flareon|atk|1\n|move|p1a: Flareon|Facade|p2a: Arbok\n|-damage|p2a: Arbok|77/246\n|\n|-heal|p2a: Arbok|92/246|[from] item: Leftovers\n|-damage|p1a: Flareon|13/100 tox|[from] psn\n|upkeep\n|turn|10\n|inactive|Time left: 300 sec this turn | 300 sec total\n|\n|t:|1783569484\n|move|p1a: Flareon|Facade|p2a: Arbok\n|-damage|p2a: Arbok|0 fnt\n|faint|p2a: Arbok\n|\n|-damage|p1a: Flareon|1/100 tox|[from] psn\n|upkeep\n|inactive|Time left: 300 sec this turn | 300 sec total | 5 sec grace\n|\n|t:|1783569485\n|switch|p2a: Scovillain|Scovillain, L91, F|266/266\n|turn|11\n|inactive|Time left: 300 sec this turn | 300 sec total\n|\n|t:|1783569485\n|move|p2a: Scovillain|Flamethrower|p1a: Flareon\n|-resisted|p1a: Flareon\n|-damage|p1a: Flareon|0 fnt\n|faint|p1a: Flareon\n|\n|upkeep\n|\n|t:|1783569486\n|switch|p1a: Tauros|Tauros-Paldea-Aqua, L81, M|100/100\n|turn|12\n|inactive|Time left: 300 sec this turn | 300 sec total\n|\n|t:|1783569487\n|move|p2a: Scovillain|Flamethrower|p1a: Tauros\n|-resisted|p1a: Tauros\n|-damage|p1a: Tauros|71/100\n|move|p1a: Tauros|Liquidation|p2a: Scovillain\n|-damage|p2a: Scovillain|164/266\n|\n|upkeep\n|turn|13\n|inactive|Time left: 300 sec this turn | 300 sec total\n|\n|t:|1783569488\n|move|p2a: Scovillain|Flamethrower|p1a: Tauros\n|-resisted|p1a: Tauros\n|-damage|p1a: Tauros|43/100\n|-status|p1a: Tauros|brn\n|-enditem|p1a: Tauros|Sitrus Berry|[eat]\n|-heal|p1a: Tauros|68/100 brn|[from] item: Sitrus Berry\n|move|p1a: Tauros|Bulk Up|p1a: Tauros\n|-boost|p1a: Tauros|atk|1\n|-boost|p1a: Tauros|def|1\n|\n|-damage|p1a: Tauros|62/100 brn|[from] brn\n|upkeep\n|turn|14\n|inactive|Time left: 300 sec this turn | 300 sec total\n|\n|t:|1783569489\n|move|p2a: Scovillain|Flamethrower|p1a: Tauros\n|-resisted|p1a: Tauros\n|-damage|p1a: Tauros|33/100 brn\n|move|p1a: Tauros|Close Combat|p2a: Scovillain\n|-damage|p2a: Scovillain|59/266\n|-unboost|p1a: Tauros|def|1\n|-unboost|p1a: Tauros|spd|1\n|\n|-damage|p1a: Tauros|27/100 brn|[from] brn\n|-activate|p1a: Tauros|ability: Cud Chew\n|-enditem|p1a: Tauros|Sitrus Berry|[eat]\n|-heal|p1a: Tauros|52/100 brn|[from] item: Sitrus Berry\n|upkeep\n|turn|15\n|inactive|Time left: 300 sec this turn | 300 sec total\n|\n|t:|1783569490\n|move|p2a: Scovillain|Flamethrower|p1a: Tauros\n|-resisted|p1a: Tauros\n|-damage|p1a: Tauros|6/100 brn\n|move|p1a: Tauros|Liquidation|p2a: Scovillain\n|-damage|p2a: Scovillain|0 fnt\n|faint|p2a: Scovillain\n|\n|-damage|p1a: Tauros|0 fnt|[from] brn\n|faint|p1a: Tauros\n|upkeep\n|inactive|Time left: 300 sec this turn | 300 sec total | 5 sec grace\n|\n|t:|1783569491\n|switch|p1a: Corviknight|Corviknight, L80, M|100/100\n|switch|p2a: Ambipom|Ambipom, L84, F|79/263\n|turn|16\n|inactive|Time left: 300 sec this turn | 300 sec total\n|\n|t:|1783569492\n|move|p2a: Ambipom|Triple Axel|p1a: Corviknight\n|-damage|p1a: Corviknight|90/100\n|-crit|p1a: Corviknight\n|-damage|p1a: Corviknight|59/100\n|-damage|p1a: Corviknight|30/100\n|-hitcount|p1a: Corviknight|3\n|move|p1a: Corviknight|Body Press|p2a: Ambipom\n|-supereffective|p2a: Ambipom\n|-damage|p2a: Ambipom|0 fnt\n|faint|p2a: Ambipom\n|\n|-heal|p1a: Corviknight|36/100|[from] item: Leftovers\n|upkeep\n|inactive|Time left: 300 sec this turn | 300 sec total | 5 sec grace\n|\n|t:|1783569493\n|switch|p2a: Iron Valiant|Iron Valiant, L78|95/244\n|turn|17\n|inactive|Time left: 300 sec this turn | 300 sec total\n|\n|t:|1783569494\n|move|p2a: Iron Valiant|Close Combat|p1a: Corviknight\n|-damage|p1a: Corviknight|0 fnt\n|-unboost|p2a: Iron Valiant|def|1\n|-unboost|p2a: Iron Valiant|spd|1\n|faint|p1a: Corviknight\n|-damage|p2a: Iron Valiant|71/244|[from] item: Life Orb\n|\n|upkeep\n|\n|t:|1783569495\n|switch|p1a: Illumise|Illumise, L91, F|100/100\n|turn|18\n|inactive|Time left: 300 sec this turn | 300 sec total\n|\n|t:|1783569496\n|move|p1a: Illumise|Thunder Wave|p2a: Iron Valiant\n|-status|p2a: Iron Valiant|par\n|move|p2a: Iron Valiant|Calm Mind|p2a: Iron Valiant\n|-boost|p2a: Iron Valiant|spa|1\n|-boost|p2a: Iron Valiant|spd|1\n|\n|upkeep\n|turn|19\n|inactive|Time left: 300 sec this turn | 300 sec total\n|\n|t:|1783569497\n|switch|p1a: Iron Treads|Iron Treads, L77|100/100\n|cant|p2a: Iron Valiant|par\n|\n|upkeep\n|turn|20\n|inactive|Time left: 300 sec this turn | 300 sec total\n|\n|t:|1783569498\n|move|p1a: Iron Treads|Earthquake|p2a: Iron Valiant\n|-damage|p2a: Iron Valiant|0 fnt\n|faint|p2a: Iron Valiant\n|-end|p2a: Iron Valiant|Quark Drive|[silent]\n|\n|upkeep\n|inactive|Time left: 300 sec this turn | 300 sec total | 5 sec grace\n|\n|t:|1783569499\n|switch|p2a: Skuntank|Skuntank, L84, F|310/310\n|turn|21\n|inactive|Time left: 300 sec this turn | 300 sec total\n|\n|t:|1783569499\n|-terastallize|p2a: Skuntank|Dark\n|move|p1a: Iron Treads|Earthquake|p2a: Skuntank\n|-damage|p2a: Skuntank|180/310\n|move|p2a: Skuntank|Knock Off|p1a: Iron Treads\n|-damage|p1a: Iron Treads|61/100\n|-enditem|p1a: Iron Treads|Leftovers|[from] move: Knock Off|[of] p2a: Skuntank\n|\n|-heal|p2a: Skuntank|199/310|[from] item: Leftovers\n|upkeep\n|turn|22\n|inactive|Time left: 300 sec this turn | 300 sec total\n|\n|t:|1783569500\n|move|p1a: Iron Treads|Earthquake|p2a: Skuntank\n|-damage|p2a: Skuntank|73/310\n|move|p2a: Skuntank|Gunk Shot|p1a: Iron Treads\n|-immune|p1a: Iron Treads\n|\n|-heal|p2a: Skuntank|92/310|[from] item: Leftovers\n|upkeep\n|turn|23\n|inactive|Time left: 300 sec this turn | 300 sec total\n|\n|t:|1783569501\n|move|p1a: Iron Treads|Earthquake|p2a: Skuntank\n|-damage|p2a: Skuntank|0 fnt\n|faint|p2a: Skuntank\n|\n|win|p0x26405bbd", "uploadtime": 1783569501, "views": 0, "rating": 0, "private": 0, "password": null, "_winner": "p0x26405bbd", "_our_name": "p0y2640154a"}