{"id": "battle-gen9randombattle-181", "formatid": "gen9randombattle", "format": "[Gen 9] Random Battle", "players": ["p0x1815818", "p0y1819378"], "log": "|init|battle\n|title|p0x1815818 vs. p0y1819378\n|j|\u2606p0x1815818\n|j|\u2606p0y1819378\n|t:|1783535335\n|gametype|singles\n|player|p1|p0x1815818|2|\n|player|p2|p0y1819378|102|\n|gen|9\n|tier|[Gen 9] Random Battle\n|rule|Species Clause: Limit one of each Pok\u00e9mon\n|rule|HP Percentage Mod: HP is shown in percentages\n|rule|Sleep Clause Mod: Limit one foe put to sleep\n|rule|Illusion Level Mod: Illusion disguises the Pok\u00e9mon's true level\n|\n|t:|1783535335\n|teamsize|p1|6\n|teamsize|p2|6\n|start\n|switch|p1a: Lunala|Lunala, L70|308/308\n|switch|p2a: Gothitelle|Gothitelle, L90, M|100/100\n|turn|1\n|inactive|Battle timer is ON: inactive players will automatically lose when time's up. (requested by p0y1819378)\n|inactive|Time left: 300 sec this turn | 300 sec total | 60 sec grace\n|inactive|p0x1815818 also wants the timer to be on.\n|\n|t:|1783535337\n|move|p1a: Lunala|Calm Mind|p1a: Lunala\n|-boost|p1a: Lunala|spa|1\n|-boost|p1a: Lunala|spd|1\n|move|p2a: Gothitelle|Calm Mind|p2a: Gothitelle\n|-boost|p2a: Gothitelle|spa|1\n|-boost|p2a: Gothitelle|spd|1\n|\n|upkeep\n|turn|2\n|inactive|Time left: 300 sec this turn | 300 sec total\n|\n|t:|1783535338\n|move|p1a: Lunala|Moongeist Beam|p2a: Gothitelle\n|-supereffective|p2a: Gothitelle\n|-damage|p2a: Gothitelle|43/100\n|move|p2a: Gothitelle|Calm Mind|p2a: Gothitelle\n|-boost|p2a: Gothitelle|spa|1\n|-boost|p2a: Gothitelle|spd|1\n|\n|-heal|p2a: Gothitelle|49/100|[from] item: Leftovers\n|upkeep\n|turn|3\n|inactive|Time left: 300 sec this turn | 300 sec total\n|\n|t:|1783535339\n|move|p1a: Lunala|Moongeist Beam|p2a: Gothitelle\n|-supereffective|p2a: Gothitelle\n|-damage|p2a: Gothitelle|5/100\n|move|p2a: Gothitelle|Calm Mind|p2a: Gothitelle\n|-boost|p2a: Gothitelle|spa|1\n|-boost|p2a: Gothitelle|spd|1\n|\n|-heal|p2a: Gothitelle|12/100|[from] item: Leftovers\n|upkeep\n|turn|4\n|inactive|Time left: 300 sec this turn | 300 sec total\n|\n|t:|1783535340\n|switch|p2a: Smeargle|Smeargle, L95, M|100/100\n|move|p1a: Lunala|Moongeist Beam|p2a: Smeargle\n|-immune|p2a: Smeargle\n|\n|upkeep\n|turn|5\n|inactive|Time left: 300 sec this turn | 300 sec total\n|\n|t:|1783535341\n|move|p2a: Smeargle|Spore|p1a: Lunala\n|-status|p1a: Lunala|slp|[from] move: Spore\n|cant|p1a: Lunala|slp\n|\n|upkeep\n|turn|6\n|inactive|Time left: 300 sec this turn | 300 sec total\n|\n|t:|1783535342\n|move|p2a: Smeargle|Shell Smash|p2a: Smeargle\n|-unboost|p2a: Smeargle|def|1\n|-unboost|p2a: Smeargle|spd|1\n|-boost|p2a: Smeargle|atk|2\n|-boost|p2a: Smeargle|spa|2\n|-boost|p2a: Smeargle|spe|2\n|-curestatus|p1a: Lunala|slp|[msg]\n|move|p1a: Lunala|Focus Blast|p2a: Smeargle\n|-supereffective|p2a: Smeargle\n|-damage|p2a: Smeargle|0 fnt\n|faint|p2a: Smeargle\n|\n|upkeep\n|\n|t:|1783535343\n|switch|p2a: Hitmonchan|Hitmonchan, L87, M|100/100\n|turn|7\n|inactive|Time left: 300 sec this turn | 300 sec total\n|\n|t:|1783535344\n|move|p2a: Hitmonchan|Knock Off|p1a: Lunala\n|-supereffective|p1a: Lunala\n|-damage|p1a: Lunala|90/308\n|-enditem|p1a: Lunala|Leftovers|[from] move: Knock Off|[of] p2a: Hitmonchan\n|-damage|p2a: Hitmonchan|91/100|[from] item: Life Orb\n|move|p1a: Lunala|Moongeist Beam|p2a: Hitmonchan\n|-damage|p2a: Hitmonchan|33/100\n|\n|upkeep\n|turn|8\n|inactive|Time left: 300 sec this turn | 300 sec total\n|\n|t:|1783535345\n|move|p2a: Hitmonchan|Ice Punch|p1a: Lunala\n|-damage|p1a: Lunala|0 fnt\n|faint|p1a: Lunala\n|-damage|p2a: Hitmonchan|24/100|[from] item: Life Orb\n|\n|upkeep\n|inactive|Time left: 300 sec this turn | 300 sec total | 5 sec grace\n|\n|t:|1783535346\n|switch|p1a: Rampardos|Rampardos, L90, M|321/321\n|turn|9\n|inactive|Time left: 300 sec this turn | 300 sec total\n|\n|t:|1783535347\n|move|p1a: Rampardos|Rock Slide|p2a: Hitmonchan\n|-resisted|p2a: Hitmonchan\n|-damage|p2a: Hitmonchan|0 fnt\n|faint|p2a: Hitmonchan\n|\n|upkeep\n|\n|t:|1783535348\n|switch|p2a: Swampert|Swampert, L83, M|100/100\n|turn|10\n|inactive|Time left: 300 sec this turn | 300 sec total\n|\n|t:|1783535349\n|switch|p1a: Gurdurr|Gurdurr, L85, F|283/283\n|move|p2a: Swampert|Earthquake|p1a: Gurdurr\n|-crit|p1a: Gurdurr\n|-damage|p1a: Gurdurr|156/283\n|\n|upkeep\n|turn|11\n|inactive|Time left: 300 sec this turn | 300 sec total\n|\n|t:|1783535350\n|move|p2a: Swampert|Earthquake|p1a: Gurdurr\n|-damage|p1a: Gurdurr|71/283\n|move|p1a: Gurdurr|Drain Punch|p2a: Swampert\n|-damage|p2a: Swampert|69/100\n|-heal|p1a: Gurdurr|119/283|[from] drain|[of] p2a: Swampert\n|\n|-heal|p2a: Swampert|75/100|[from] item: Leftovers\n|upkeep\n|turn|12\n|inactive|Time left: 300 sec this turn | 300 sec total\n|\n|t:|1783535351\n|move|p2a: Swampert|Earthquake|p1a: Gurdurr\n|-damage|p1a: Gurdurr|40/283\n|move|p1a: Gurdurr|Drain Punch|p2a: Swampert\n|-damage|p2a: Swampert|46/100\n|-heal|p1a: Gurdurr|84/283|[from] drain|[of] p2a: Swampert\n|\n|-heal|p2a: Swampert|51/100|[from] item: Leftovers\n|upkeep\n|turn|13\n|inactive|Time left: 300 sec this turn | 300 sec total\n|\n|t:|1783535353\n|move|p2a: Swampert|Earthquake|p1a: Gurdurr\n|-damage|p1a: Gurdurr|5/283\n|move|p1a: Gurdurr|Drain Punch|p2a: Swampert\n|-damage|p2a: Swampert|21/100\n|-heal|p1a: Gurdurr|52/283|[from] drain|[of] p2a: Swampert\n|\n|-heal|p2a: Swampert|27/100|[from] item: Leftovers\n|upkeep\n|turn|14\n|inactive|Time left: 300 sec this turn | 300 sec total\n|\n|t:|1783535354\n|switch|p1a: Necrozma|Necrozma-Dusk-Mane, L69|248/248\n|move|p2a: Swampert|Earthquake|p1a: Necrozma\n|-supereffective|p1a: Necrozma\n|-damage|p1a: Necrozma|103/248\n|-enditem|p1a: Necrozma|Weakness Policy\n|-boost|p1a: Necrozma|atk|2|[from] item: Weakness Policy\n|-boost|p1a: Necrozma|spa|2|[from] item: Weakness Policy\n|\n|-heal|p2a: Swampert|33/100|[from] item: Leftovers\n|upkeep\n|turn|15\n|inactive|Time left: 300 sec this turn | 300 sec total\n|\n|t:|1783535355\n|move|p2a: Swampert|Earthquake|p1a: Necrozma\n|-supereffective|p1a: Necrozma\n|-damage|p1a: Necrozma|0 fnt\n|faint|p1a: Necrozma\n|\n|-heal|p2a: Swampert|39/100|[from] item: Leftovers\n|upkeep\n|inactive|Time left: 300 sec this turn | 300 sec total | 5 sec grace\n|\n|t:|1783535357\n|switch|p1a: Rampardos|Rampardos, L90, M|321/321\n|turn|16\n|inactive|Time left: 300 sec this turn | 300 sec total\n|\n|t:|1783535358\n|switch|p2a: Gothitelle|Gothitelle, L90, M|12/100\n|move|p1a: Rampardos|Earthquake|p2a: Gothitelle\n|-damage|p2a: Gothitelle|0 fnt\n|faint|p2a: Gothitelle\n|\n|upkeep\n|\n|t:|1783535359\n|switch|p2a: Bastiodon|Bastiodon, L89, M|100/100\n|turn|17\n|inactive|Time left: 300 sec this turn | 300 sec total\n|\n|t:|1783535360\n|switch|p1a: Rhydon|Rhydon, L85, M|317/317\n|-terastallize|p2a: Bastiodon|Fighting\n|move|p2a: Bastiodon|Body Press|p1a: Rhydon\n|-supereffective|p1a: Rhydon\n|-damage|p1a: Rhydon|165/317\n|\n|upkeep\n|turn|18\n|inactive|Time left: 300 sec this turn | 300 sec total\n|\n|t:|1783535361\n|move|p1a: Rhydon|Stealth Rock|p2a: Bastiodon\n|-sidestart|p2: p0y1819378|move: Stealth Rock\n|move|p2a: Bastiodon|Body Press|p1a: Rhydon\n|-supereffective|p1a: Rhydon\n|-damage|p1a: Rhydon|19/317\n|\n|upkeep\n|turn|19\n|inactive|Time left: 300 sec this turn | 300 sec total\n|\n|t:|1783535362\n|move|p1a: Rhydon|Earthquake|p2a: Bastiodon\n|-damage|p2a: Bastiodon|72/100\n|move|p2a: Bastiodon|Body Press|p1a: Rhydon\n|-supereffective|p1a: Rhydon\n|-damage|p1a: Rhydon|0 fnt\n|faint|p1a: Rhydon\n|\n|upkeep\n|inactive|Time left: 300 sec this turn | 300 sec total | 5 sec grace\n|\n|t:|1783535363\n|switch|p1a: Gurdurr|Gurdurr, L85, F|52/283\n|turn|20\n|inactive|Time left: 300 sec this turn | 300 sec total\n|\n|t:|1783535364\n|move|p1a: Gurdurr|Knock Off|p2a: Bastiodon\n|-resisted|p2a: Bastiodon\n|-damage|p2a: Bastiodon|63/100\n|-enditem|p2a: Bastiodon|Chesto Berry|[from] move: Knock Off|[of] p1a: Gurdurr\n|move|p2a: Bastiodon|Body Press|p1a: Gurdurr\n|-damage|p1a: Gurdurr|0 fnt\n|faint|p1a: Gurdurr\n|\n|upkeep\n|inactive|Time left: 300 sec this turn | 300 sec total | 5 sec grace\n|\n|t:|1783535365\n|switch|p1a: Feraligatr|Feraligatr, L79, F|264/264\n|turn|21\n|inactive|Time left: 300 sec this turn | 300 sec total\n|\n|t:|1783535366\n|move|p1a: Feraligatr|Liquidation|p2a: Bastiodon\n|-damage|p2a: Bastiodon|29/100\n|move|p2a: Bastiodon|Iron Defense|p2a: Bastiodon\n|-boost|p2a: Bastiodon|def|2\n|\n|upkeep\n|turn|22\n|inactive|Time left: 300 sec this turn | 300 sec total\n|\n|t:|1783535367\n|move|p1a: Feraligatr|Liquidation|p2a: Bastiodon\n|-damage|p2a: Bastiodon|11/100\n|move|p2a: Bastiodon|Iron Defense|p2a: Bastiodon\n|-boost|p2a: Bastiodon|def|2\n|\n|upkeep\n|turn|23\n|inactive|Time left: 300 sec this turn | 300 sec total\n|\n|t:|1783535368\n|move|p1a: Feraligatr|Liquidation|p2a: Bastiodon\n|-damage|p2a: Bastiodon|1/100\n|move|p2a: Bastiodon|Body Press|p1a: Feraligatr\n|-damage|p1a: Feraligatr|0 fnt\n|faint|p1a: Feraligatr\n|\n|upkeep\n|inactive|Time left: 300 sec this turn | 300 sec total | 5 sec grace\n|\n|t:|1783535370\n|switch|p1a: Rampardos|Rampardos, L90, M|321/321\n|turn|24\n|inactive|Time left: 300 sec this turn | 300 sec total\n|\n|t:|1783535371\n|-terastallize|p1a: Rampardos|Rock\n|move|p1a: Rampardos|Rock Slide|p2a: Bastiodon\n|-resisted|p2a: Bastiodon\n|-damage|p2a: Bastiodon|0 fnt\n|faint|p2a: Bastiodon\n|\n|upkeep\n|\n|t:|1783535372\n|switch|p2a: Cinccino|Cinccino, L83, M|100/100\n|-damage|p2a: Cinccino|88/100|[from] Stealth Rock\n|turn|25\n|inactive|Time left: 300 sec this turn | 300 sec total\n|\n|t:|1783535373\n|move|p2a: Cinccino|Bullet Seed|p1a: Rampardos\n|-supereffective|p1a: Rampardos\n|-damage|p1a: Rampardos|257/321\n|-supereffective|p1a: Rampardos\n|-damage|p1a: Rampardos|191/321\n|-supereffective|p1a: Rampardos\n|-damage|p1a: Rampardos|129/321\n|-supereffective|p1a: Rampardos\n|-damage|p1a: Rampardos|71/321\n|-hitcount|p1a: Rampardos|4\n|move|p1a: Rampardos|Rock Slide|p2a: Cinccino\n|-damage|p2a: Cinccino|0 fnt\n|faint|p2a: Cinccino\n|\n|upkeep\n|\n|t:|1783535374\n|switch|p2a: Swampert|Swampert, L83, M|39/100\n|-damage|p2a: Swampert|33/100|[from] Stealth Rock\n|turn|26\n|inactive|Time left: 300 sec this turn | 300 sec total\n|\n|t:|1783535375\n|move|p1a: Rampardos|Rock Slide|p2a: Swampert\n|-resisted|p2a: Swampert\n|-damage|p2a: Swampert|0 fnt\n|faint|p2a: Swampert\n|\n|win|p0x1815818", "uploadtime": 1783535375, "views": 0, "rating": 0, "private": 0, "password": null, "_winner": "p0x1815818", "_our_name": "p0x1815818"}