{"id": "battle-gen9randombattle-138", "formatid": "gen9randombattle", "format": "[Gen 9] Random Battle", "players": ["p0x138437e", "p0y138d226"], "log": "|init|battle\n|title|p0x138437e vs. p0y138d226\n|j|\u2606p0x138437e\n|j|\u2606p0y138d226\n|t:|1783541102\n|gametype|singles\n|player|p1|p0x138437e|2|\n|player|p2|p0y138d226|102|\n|gen|9\n|tier|[Gen 9] Random Battle\n|rule|Species Clause: Limit one of each Pok\u00e9mon\n|rule|HP Percentage Mod: HP is shown in percentages\n|rule|Sleep Clause Mod: Limit one foe put to sleep\n|rule|Illusion Level Mod: Illusion disguises the Pok\u00e9mon's true level\n|\n|t:|1783541102\n|teamsize|p1|6\n|teamsize|p2|6\n|start\n|switch|p1a: Spidops|Spidops, L96, F|271/271\n|switch|p2a: Gothitelle|Gothitelle, L90, M|100/100\n|turn|1\n|inactive|Battle timer is ON: inactive players will automatically lose when time's up. (requested by p0y138d226)\n|inactive|Time left: 300 sec this turn | 300 sec total | 60 sec grace\n|inactive|p0x138437e also wants the timer to be on.\n|\n|t:|1783541104\n|move|p2a: Gothitelle|Dark Pulse|p1a: Spidops\n|-damage|p1a: Spidops|210/271\n|cant|p1a: Spidops|flinch\n|\n|upkeep\n|turn|2\n|inactive|Time left: 300 sec this turn | 300 sec total\n|\n|t:|1783541105\n|move|p2a: Gothitelle|Dark Pulse|p1a: Spidops\n|-damage|p1a: Spidops|156/271\n|move|p1a: Spidops|Sticky Web|p2a: Gothitelle\n|-sidestart|p2: p0y138d226|move: Sticky Web\n|\n|upkeep\n|turn|3\n|inactive|Time left: 300 sec this turn | 300 sec total\n|\n|t:|1783541106\n|move|p2a: Gothitelle|Dark Pulse|p1a: Spidops\n|-damage|p1a: Spidops|96/271\n|cant|p1a: Spidops|flinch\n|\n|upkeep\n|turn|4\n|inactive|Time left: 300 sec this turn | 300 sec total\n|\n|t:|1783541108\n|move|p2a: Gothitelle|Calm Mind|p2a: Gothitelle\n|-boost|p2a: Gothitelle|spa|1\n|-boost|p2a: Gothitelle|spd|1\n|move|p1a: Spidops|Knock Off|p2a: Gothitelle\n|-supereffective|p2a: Gothitelle\n|-damage|p2a: Gothitelle|52/100\n|-enditem|p2a: Gothitelle|Leftovers|[from] move: Knock Off|[of] p1a: Spidops\n|\n|upkeep\n|turn|5\n|inactive|Time left: 300 sec this turn | 300 sec total\n|\n|t:|1783541109\n|move|p2a: Gothitelle|Psychic Noise|p1a: Spidops\n|-damage|p1a: Spidops|0 fnt\n|faint|p1a: Spidops\n|\n|upkeep\n|inactive|Time left: 300 sec this turn | 300 sec total | 5 sec grace\n|\n|t:|1783541110\n|switch|p1a: Krookodile|Krookodile, L79, F|280/280\n|-ability|p1a: Krookodile|Intimidate|boost\n|-unboost|p2a: Gothitelle|atk|1\n|turn|6\n|inactive|Time left: 300 sec this turn | 300 sec total\n|\n|t:|1783541111\n|move|p1a: Krookodile|Knock Off|p2a: Gothitelle\n|-supereffective|p2a: Gothitelle\n|-damage|p2a: Gothitelle|0 fnt\n|faint|p2a: Gothitelle\n|-damage|p1a: Krookodile|252/280|[from] item: Life Orb\n|\n|upkeep\n|\n|t:|1783541112\n|switch|p2a: Lumineon|Lumineon, L93, F|100/100\n|turn|7\n|inactive|Time left: 300 sec this turn | 300 sec total\n|\n|t:|1783541114\n|switch|p1a: Arceus|Arceus-Ice, L72|291/291\n|move|p2a: Lumineon|Hydro Pump|p1a: Arceus\n|-damage|p1a: Arceus|185/291\n|\n|upkeep\n|turn|8\n|inactive|Time left: 300 sec this turn | 300 sec total\n|\n|t:|1783541115\n|move|p2a: Lumineon|Hydro Pump|p1a: Arceus|[miss]\n|-miss|p2a: Lumineon|p1a: Arceus\n|move|p1a: Arceus|Recover|p1a: Arceus\n|-heal|p1a: Arceus|291/291\n|\n|upkeep\n|turn|9\n|inactive|Time left: 300 sec this turn | 300 sec total\n|\n|t:|1783541116\n|move|p2a: Lumineon|Encore|p1a: Arceus\n|-start|p1a: Arceus|Encore\n|move|p1a: Arceus|Recover||[still]\n|-fail|p1a: Arceus|heal\n|\n|upkeep\n|turn|10\n|inactive|Time left: 300 sec this turn | 300 sec total\n|\n|t:|1783541117\n|switch|p1a: Toucannon|Toucannon, L88, F|284/284\n|move|p2a: Lumineon|Hydro Pump|p1a: Toucannon\n|-damage|p1a: Toucannon|155/284\n|\n|upkeep\n|turn|11\n|inactive|Time left: 300 sec this turn | 300 sec total\n|\n|t:|1783541118\n|-singleturn|p1a: Toucannon|move: Beak Blast\n|move|p2a: Lumineon|Ice Beam|p1a: Toucannon\n|-supereffective|p1a: Toucannon\n|-damage|p1a: Toucannon|23/284\n|move|p1a: Toucannon|Beak Blast|p2a: Lumineon\n|-damage|p2a: Lumineon|54/100\n|\n|upkeep\n|turn|12\n|inactive|Time left: 300 sec this turn | 300 sec total\n|\n|t:|1783541119\n|switch|p1a: Arceus|Arceus-Ice, L72|291/291\n|move|p2a: Lumineon|Ice Beam|p1a: Arceus\n|-resisted|p1a: Arceus\n|-damage|p1a: Arceus|265/291\n|\n|upkeep\n|turn|13\n|inactive|Time left: 300 sec this turn | 300 sec total\n|\n|t:|1783541121\n|move|p2a: Lumineon|Hydro Pump|p1a: Arceus\n|-damage|p1a: Arceus|156/291\n|move|p1a: Arceus|Calm Mind|p1a: Arceus\n|-boost|p1a: Arceus|spa|1\n|-boost|p1a: Arceus|spd|1\n|\n|upkeep\n|turn|14\n|inactive|Time left: 300 sec this turn | 300 sec total\n|\n|t:|1783541122\n|move|p2a: Lumineon|Encore|p1a: Arceus\n|-start|p1a: Arceus|Encore\n|move|p1a: Arceus|Calm Mind|p1a: Arceus\n|-boost|p1a: Arceus|spa|1\n|-boost|p1a: Arceus|spd|1\n|\n|upkeep\n|turn|15\n|inactive|Time left: 300 sec this turn | 300 sec total\n|\n|t:|1783541123\n|move|p2a: Lumineon|Hydro Pump|p1a: Arceus|[miss]\n|-miss|p2a: Lumineon|p1a: Arceus\n|move|p1a: Arceus|Calm Mind|p1a: Arceus\n|-boost|p1a: Arceus|spa|1\n|-boost|p1a: Arceus|spd|1\n|\n|upkeep\n|turn|16\n|inactive|Time left: 300 sec this turn | 300 sec total\n|\n|t:|1783541124\n|move|p2a: Lumineon|Hydro Pump|p1a: Arceus\n|-damage|p1a: Arceus|117/291\n|move|p1a: Arceus|Calm Mind|p1a: Arceus\n|-boost|p1a: Arceus|spa|1\n|-boost|p1a: Arceus|spd|1\n|\n|-end|p1a: Arceus|Encore\n|upkeep\n|turn|17\n|inactive|Time left: 300 sec this turn | 300 sec total\n|\n|t:|1783541125\n|move|p2a: Lumineon|Encore|p1a: Arceus\n|-start|p1a: Arceus|Encore\n|move|p1a: Arceus|Calm Mind|p1a: Arceus\n|-boost|p1a: Arceus|spa|1\n|-boost|p1a: Arceus|spd|1\n|\n|upkeep\n|turn|18\n|inactive|Time left: 300 sec this turn | 300 sec total\n|\n|t:|1783541126\n|switch|p2a: Roaring Moon|Roaring Moon, L72|100/100\n|-activate|p2a: Roaring Moon|move: Sticky Web\n|-unboost|p2a: Roaring Moon|spe|1\n|move|p1a: Arceus|Calm Mind|p1a: Arceus\n|-boost|p1a: Arceus|spa|1\n|-boost|p1a: Arceus|spd|1\n|\n|upkeep\n|turn|19\n|inactive|Time left: 300 sec this turn | 300 sec total\n|\n|t:|1783541127\n|move|p1a: Arceus|Calm Mind|p1a: Arceus\n|-boost|p1a: Arceus|spa|0\n|-boost|p1a: Arceus|spd|0\n|move|p2a: Roaring Moon|Outrage|p1a: Arceus\n|-damage|p1a: Arceus|2/291\n|\n|-end|p1a: Arceus|Encore\n|upkeep\n|turn|20\n|inactive|Time left: 300 sec this turn | 300 sec total\n|\n|t:|1783541128\n|move|p1a: Arceus|Recover|p1a: Arceus\n|-heal|p1a: Arceus|148/291\n|move|p2a: Roaring Moon|Outrage|p1a: Arceus|[from] lockedmove\n|-damage|p1a: Arceus|31/291\n|-start|p2a: Roaring Moon|confusion|[fatigue]\n|-enditem|p2a: Roaring Moon|Lum Berry|[eat]\n|-end|p2a: Roaring Moon|confusion\n|\n|upkeep\n|turn|21\n|inactive|Time left: 300 sec this turn | 300 sec total\n|\n|t:|1783541129\n|move|p1a: Arceus|Judgment|p2a: Roaring Moon\n|-supereffective|p2a: Roaring Moon\n|-damage|p2a: Roaring Moon|0 fnt\n|faint|p2a: Roaring Moon\n|-end|p2a: Roaring Moon|Protosynthesis|[silent]\n|\n|upkeep\n|\n|t:|1783541130\n|switch|p2a: Lumineon|Lumineon, L93, F|54/100\n|turn|22\n|inactive|Time left: 300 sec this turn | 300 sec total\n|\n|t:|1783541131\n|move|p2a: Lumineon|U-turn|p1a: Arceus\n|-damage|p1a: Arceus|0 fnt\n|faint|p1a: Arceus\n|\n|t:|1783541132\n|switch|p2a: Greninja|Greninja, L80, M|100/100|[from] U-turn\n|-activate|p2a: Greninja|move: Sticky Web\n|-unboost|p2a: Greninja|spe|1\n|\n|upkeep\n|inactive|Time left: 300 sec this turn | 300 sec total | 10 sec grace\n|\n|t:|1783541133\n|switch|p1a: Vigoroth|Vigoroth, L85, F|275/275\n|turn|23\n|inactive|Time left: 300 sec this turn | 300 sec total\n|\n|t:|1783541134\n|move|p1a: Vigoroth|Bulk Up|p1a: Vigoroth\n|-boost|p1a: Vigoroth|atk|1\n|-boost|p1a: Vigoroth|def|1\n|move|p2a: Greninja|Hydro Pump|p1a: Vigoroth\n|-start|p2a: Greninja|typechange|Water|[from] ability: Protean\n|-damage|p1a: Vigoroth|142/275\n|-damage|p2a: Greninja|91/100|[from] item: Life Orb\n|\n|upkeep\n|turn|24\n|inactive|Time left: 300 sec this turn | 300 sec total\n|\n|t:|1783541135\n|move|p1a: Vigoroth|Slack Off|p1a: Vigoroth\n|-heal|p1a: Vigoroth|275/275\n|move|p2a: Greninja|Hydro Pump|p1a: Vigoroth|[miss]\n|-miss|p2a: Greninja|p1a: Vigoroth\n|\n|upkeep\n|turn|25\n|inactive|Time left: 300 sec this turn | 300 sec total\n|\n|t:|1783541136\n|move|p1a: Vigoroth|Body Slam|p2a: Greninja\n|-damage|p2a: Greninja|32/100\n|move|p2a: Greninja|Hydro Pump|p1a: Vigoroth\n|-crit|p1a: Vigoroth\n|-damage|p1a: Vigoroth|57/275\n|-damage|p2a: Greninja|22/100|[from] item: Life Orb\n|\n|upkeep\n|turn|26\n|inactive|Time left: 300 sec this turn | 300 sec total\n|\n|t:|1783541138\n|move|p1a: Vigoroth|Slack Off|p1a: Vigoroth\n|-heal|p1a: Vigoroth|195/275\n|move|p2a: Greninja|Hydro Pump|p1a: Vigoroth\n|-damage|p1a: Vigoroth|66/275\n|-damage|p2a: Greninja|12/100|[from] item: Life Orb\n|\n|upkeep\n|turn|27\n|inactive|Time left: 300 sec this turn | 300 sec total\n|\n|t:|1783541139\n|move|p1a: Vigoroth|Slack Off|p1a: Vigoroth\n|-heal|p1a: Vigoroth|204/275\n|move|p2a: Greninja|Hydro Pump|p1a: Vigoroth\n|-damage|p1a: Vigoroth|74/275\n|-damage|p2a: Greninja|3/100|[from] item: Life Orb\n|\n|upkeep\n|turn|28\n|inactive|Time left: 300 sec this turn | 300 sec total\n|\n|t:|1783541140\n|move|p1a: Vigoroth|Slack Off|p1a: Vigoroth\n|-heal|p1a: Vigoroth|212/275\n|move|p2a: Greninja|Hydro Pump|p1a: Vigoroth\n|-damage|p1a: Vigoroth|83/275\n|-damage|p2a: Greninja|0 fnt|[from] item: Life Orb\n|faint|p2a: Greninja\n|\n|upkeep\n|\n|t:|1783541141\n|switch|p2a: Lumineon|Lumineon, L93, F|54/100\n|turn|29\n|inactive|Time left: 300 sec this turn | 300 sec total\n|\n|t:|1783541143\n|move|p2a: Lumineon|Hydro Pump|p1a: Vigoroth\n|-damage|p1a: Vigoroth|0 fnt\n|faint|p1a: Vigoroth\n|\n|upkeep\n|inactive|Time left: 300 sec this turn | 300 sec total | 5 sec grace\n|\n|t:|1783541144\n|switch|p1a: Uxie|Uxie, L83|260/260\n|turn|30\n|inactive|Time left: 300 sec this turn | 300 sec total\n|\n|t:|1783541145\n|move|p2a: Lumineon|Ice Beam|p1a: Uxie\n|-damage|p1a: Uxie|212/260\n|move|p1a: Uxie|Psychic Noise|p2a: Lumineon\n|-damage|p2a: Lumineon|32/100\n|-start|p2a: Lumineon|move: Heal Block\n|\n|-heal|p1a: Uxie|228/260|[from] item: Leftovers\n|upkeep\n|turn|31\n|inactive|Time left: 300 sec this turn | 300 sec total\n|\n|t:|1783541146\n|move|p2a: Lumineon|Hydro Pump|p1a: Uxie\n|-damage|p1a: Uxie|147/260\n|move|p1a: Uxie|Psychic Noise|p2a: Lumineon\n|-damage|p2a: Lumineon|11/100\n|\n|-heal|p1a: Uxie|163/260|[from] item: Leftovers\n|-end|p2a: Lumineon|move: Heal Block\n|upkeep\n|turn|32\n|inactive|Time left: 300 sec this turn | 300 sec total\n|\n|t:|1783541147\n|move|p2a: Lumineon|U-turn|p1a: Uxie\n|-supereffective|p1a: Uxie\n|-damage|p1a: Uxie|97/260\n|\n|t:|1783541149\n|switch|p2a: Scream Tail|Scream Tail, L84|100/100|[from] U-turn\n|-activate|p2a: Scream Tail|move: Sticky Web\n|-unboost|p2a: Scream Tail|spe|1\n|move|p1a: Uxie|U-turn|p2a: Scream Tail\n|-damage|p2a: Scream Tail|89/100\n|inactive|Time left: 300 sec this turn | 300 sec total | 10 sec grace\n|\n|t:|1783541150\n|switch|p1a: Krookodile|Krookodile, L79, F|252/280|[from] U-turn\n|-ability|p1a: Krookodile|Intimidate|boost\n|-unboost|p2a: Scream Tail|atk|1\n|\n|-heal|p2a: Scream Tail|95/100|[from] item: Leftovers\n|upkeep\n|turn|33\n|inactive|Time left: 300 sec this turn | 300 sec total\n|\n|t:|1783541151\n|move|p1a: Krookodile|Earthquake|p2a: Scream Tail\n|-damage|p2a: Scream Tail|53/100\n|-damage|p1a: Krookodile|224/280|[from] item: Life Orb\n|move|p2a: Scream Tail|Play Rough|p1a: Krookodile\n|-supereffective|p1a: Krookodile\n|-damage|p1a: Krookodile|122/280\n|\n|-heal|p2a: Scream Tail|59/100|[from] item: Leftovers\n|upkeep\n|turn|34\n|inactive|Time left: 300 sec this turn | 300 sec total\n|\n|t:|1783541152\n|move|p1a: Krookodile|Earthquake|p2a: Scream Tail\n|-damage|p2a: Scream Tail|19/100\n|-damage|p1a: Krookodile|94/280|[from] item: Life Orb\n|move|p2a: Scream Tail|Play Rough|p1a: Krookodile\n|-supereffective|p1a: Krookodile\n|-damage|p1a: Krookodile|0 fnt\n|faint|p1a: Krookodile\n|\n|-heal|p2a: Scream Tail|25/100|[from] item: Leftovers\n|upkeep\n|inactive|Time left: 300 sec this turn | 300 sec total | 5 sec grace\n|\n|t:|1783541154\n|switch|p1a: Toucannon|Toucannon, L88, F|23/284\n|turn|35\n|inactive|Time left: 300 sec this turn | 300 sec total\n|\n|t:|1783541155\n|move|p1a: Toucannon|Roost|p1a: Toucannon\n|-heal|p1a: Toucannon|165/284\n|-singleturn|p1a: Toucannon|move: Roost\n|move|p2a: Scream Tail|Play Rough|p1a: Toucannon\n|-damage|p1a: Toucannon|110/284\n|\n|-heal|p2a: Scream Tail|31/100|[from] item: Leftovers\n|upkeep\n|turn|36\n|inactive|Time left: 300 sec this turn | 300 sec total\n|\n|t:|1783541156\n|move|p1a: Toucannon|Roost|p1a: Toucannon\n|-heal|p1a: Toucannon|252/284\n|-singleturn|p1a: Toucannon|move: Roost\n|move|p2a: Scream Tail|Wish|p2a: Scream Tail\n|\n|-heal|p2a: Scream Tail|37/100|[from] item: Leftovers\n|upkeep\n|turn|37\n|inactive|Time left: 300 sec this turn | 300 sec total\n|\n|t:|1783541157\n|move|p2a: Scream Tail|Protect|p2a: Scream Tail\n|-singleturn|p2a: Scream Tail|Protect\n|move|p1a: Toucannon|Knock Off|p2a: Scream Tail\n|-activate|p2a: Scream Tail|move: Protect\n|\n|-heal|p2a: Scream Tail|87/100|[from] move: Wish|[wisher] Scream Tail\n|-heal|p2a: Scream Tail|93/100|[from] item: Leftovers\n|upkeep\n|turn|38\n|inactive|Time left: 300 sec this turn | 300 sec total\n|\n|t:|1783541158\n|move|p1a: Toucannon|Knock Off|p2a: Scream Tail\n|-damage|p2a: Scream Tail|69/100\n|-enditem|p2a: Scream Tail|Leftovers|[from] move: Knock Off|[of] p1a: Toucannon\n|move|p2a: Scream Tail|Wish|p2a: Scream Tail\n|\n|upkeep\n|turn|39\n|inactive|Time left: 300 sec this turn | 300 sec total\n|\n|t:|1783541159\n|move|p1a: Toucannon|Knock Off|p2a: Scream Tail\n|-damage|p2a: Scream Tail|53/100\n|move|p2a: Scream Tail|Thunder Wave|p1a: Toucannon\n|-status|p1a: Toucannon|par\n|\n|-heal|p2a: Scream Tail|100/100|[from] move: Wish|[wisher] Scream Tail\n|upkeep\n|turn|40\n|inactive|Time left: 300 sec this turn | 300 sec total\n|\n|t:|1783541160\n|-end|p2a: Scream Tail|Protosynthesis|[silent]\n|switch|p2a: Lumineon|Lumineon, L93, F|11/100\n|-singleturn|p1a: Toucannon|move: Beak Blast\n|cant|p1a: Toucannon|par\n|\n|upkeep\n|turn|41\n|inactive|Time left: 300 sec this turn | 300 sec total\n|\n|t:|1783541161\n|-singleturn|p1a: Toucannon|move: Beak Blast\n|move|p2a: Lumineon|Ice Beam|p1a: Toucannon\n|-supereffective|p1a: Toucannon\n|-damage|p1a: Toucannon|114/284 par\n|cant|p1a: Toucannon|par\n|\n|upkeep\n|turn|42\n|inactive|Time left: 300 sec this turn | 300 sec total\n|\n|t:|1783541162\n|-terastallize|p1a: Toucannon|Steel\n|move|p2a: Lumineon|Ice Beam|p1a: Toucannon\n|-resisted|p1a: Toucannon\n|-damage|p1a: Toucannon|79/284 par\n|cant|p1a: Toucannon|par\n|\n|upkeep\n|turn|43\n|inactive|Time left: 300 sec this turn | 300 sec total\n|\n|t:|1783541163\n|move|p2a: Lumineon|Encore|p1a: Toucannon\n|-start|p1a: Toucannon|Encore\n|move|p1a: Toucannon|Knock Off|p2a: Lumineon\n|-damage|p2a: Lumineon|0 fnt\n|-enditem|p2a: Lumineon|Heavy-Duty Boots|[from] move: Knock Off|[of] p1a: Toucannon\n|faint|p2a: Lumineon\n|\n|upkeep\n|\n|t:|1783541164\n|switch|p2a: Froslass|Froslass, L87, F|100/100\n|-activate|p2a: Froslass|move: Sticky Web\n|-unboost|p2a: Froslass|spe|1\n|turn|44\n|inactive|Time left: 300 sec this turn | 300 sec total\n|\n|t:|1783541165\n|-terastallize|p2a: Froslass|Ice\n|move|p2a: Froslass|Poltergeist|p1a: Toucannon\n|-activate|p1a: Toucannon|move: Poltergeist|Heavy-Duty Boots\n|-damage|p1a: Toucannon|0 fnt\n|faint|p1a: Toucannon\n|\n|upkeep\n|inactive|Time left: 300 sec this turn | 300 sec total | 5 sec grace\n|\n|t:|1783541166\n|switch|p1a: Uxie|Uxie, L83|97/260\n|turn|45\n|inactive|Time left: 300 sec this turn | 300 sec total\n|\n|t:|1783541167\n|move|p1a: Uxie|U-turn|p2a: Froslass\n|-damage|p2a: Froslass|84/100\n|move|p2a: Froslass|Triple Axel|p1a: Uxie\n|-damage|p1a: Uxie|77/260\n|-damage|p1a: Uxie|39/260\n|-damage|p1a: Uxie|0 fnt\n|faint|p1a: Uxie\n|-hitcount|p1: Uxie|3\n|\n|win|p0y138d226", "uploadtime": 1783541167, "views": 0, "rating": 0, "private": 0, "password": null, "_winner": "p0y138d226", "_our_name": "p0x138437e"}