{"id": "battle-gen9randombattle-1868", "formatid": "gen9randombattle", "format": "[Gen 9] Random Battle", "players": ["p0x1868bff3", "p0y18680e20"], "log": "|init|battle\n|title|p0x1868bff3 vs. p0y18680e20\n|j|\u2606p0x1868bff3\n|j|\u2606p0y18680e20\n|t:|1783561618\n|gametype|singles\n|player|p1|p0x1868bff3|169|\n|player|p2|p0y18680e20|2|\n|gen|9\n|tier|[Gen 9] Random Battle\n|rule|Species Clause: Limit one of each Pok\u00e9mon\n|rule|HP Percentage Mod: HP is shown in percentages\n|rule|Sleep Clause Mod: Limit one foe put to sleep\n|rule|Illusion Level Mod: Illusion disguises the Pok\u00e9mon's true level\n|\n|t:|1783561618\n|teamsize|p1|6\n|teamsize|p2|6\n|start\n|switch|p1a: Chi-Yu|Chi-Yu, L77|211/211\n|switch|p2a: Enamorus|Enamorus-Therian, L83, F|100/100\n|-ability|p1a: Chi-Yu|Beads of Ruin\n|turn|1\n|inactive|Battle timer is ON: inactive players will automatically lose when time's up. (requested by p0y18680e20)\n|inactive|Time left: 300 sec this turn | 300 sec total | 60 sec grace\n|inactive|p0x1868bff3 also wants the timer to be on.\n|\n|t:|1783561619\n|move|p1a: Chi-Yu|Overheat|p2a: Enamorus\n|-damage|p2a: Enamorus|0 fnt\n|-unboost|p1a: Chi-Yu|spa|2\n|faint|p2a: Enamorus\n|\n|upkeep\n|\n|t:|1783561620\n|switch|p2a: Golem|Golem, L87, M|100/100\n|turn|2\n|inactive|Time left: 300 sec this turn | 300 sec total\n|\n|t:|1783561621\n|switch|p1a: Porygon2|Porygon2, L81|270/270\n|-ability|p1a: Porygon2|Download|boost\n|-boost|p1a: Porygon2|spa|1\n|move|p2a: Golem|Earthquake|p1a: Porygon2\n|-damage|p1a: Porygon2|179/270\n|\n|upkeep\n|turn|3\n|inactive|Time left: 300 sec this turn | 300 sec total\n|\n|t:|1783561622\n|move|p1a: Porygon2|Tera Blast|p2a: Golem\n|-resisted|p2a: Golem\n|-damage|p2a: Golem|73/100\n|move|p2a: Golem|Earthquake|p1a: Porygon2\n|-damage|p1a: Porygon2|86/270\n|\n|upkeep\n|turn|4\n|inactive|Time left: 300 sec this turn | 300 sec total\n|\n|t:|1783561623\n|move|p1a: Porygon2|Recover|p1a: Porygon2\n|-heal|p1a: Porygon2|221/270\n|move|p2a: Golem|Earthquake|p1a: Porygon2\n|-damage|p1a: Porygon2|128/270\n|\n|upkeep\n|turn|5\n|inactive|Time left: 300 sec this turn | 300 sec total\n|\n|t:|1783561624\n|move|p1a: Porygon2|Recover|p1a: Porygon2\n|-heal|p1a: Porygon2|263/270\n|move|p2a: Golem|Earthquake|p1a: Porygon2\n|-damage|p1a: Porygon2|176/270\n|\n|upkeep\n|turn|6\n|inactive|Time left: 300 sec this turn | 300 sec total\n|\n|t:|1783561625\n|move|p1a: Porygon2|Shadow Ball|p2a: Golem\n|-damage|p2a: Golem|34/100\n|move|p2a: Golem|Earthquake|p1a: Porygon2\n|-damage|p1a: Porygon2|86/270\n|\n|upkeep\n|turn|7\n|inactive|Time left: 300 sec this turn | 300 sec total\n|\n|t:|1783561626\n|move|p1a: Porygon2|Recover|p1a: Porygon2\n|-heal|p1a: Porygon2|221/270\n|move|p2a: Golem|Earthquake|p1a: Porygon2\n|-damage|p1a: Porygon2|131/270\n|\n|upkeep\n|turn|8\n|inactive|Time left: 300 sec this turn | 300 sec total\n|\n|t:|1783561627\n|switch|p2a: Grafaiai|Grafaiai, L86, M|100/100\n|move|p1a: Porygon2|Shadow Ball|p2a: Grafaiai\n|-immune|p2a: Grafaiai\n|\n|upkeep\n|turn|9\n|inactive|Time left: 300 sec this turn | 300 sec total\n|\n|t:|1783561628\n|move|p2a: Grafaiai|Gunk Shot|p1a: Porygon2\n|-damage|p1a: Porygon2|46/270\n|-status|p1a: Porygon2|psn\n|move|p1a: Porygon2|Recover|p1a: Porygon2\n|-heal|p1a: Porygon2|181/270 psn\n|\n|-damage|p1a: Porygon2|148/270 psn|[from] psn\n|upkeep\n|turn|10\n|inactive|Time left: 300 sec this turn | 300 sec total\n|\n|t:|1783561630\n|move|p2a: Grafaiai|Super Fang|p1a: Porygon2\n|-damage|p1a: Porygon2|74/270 psn\n|move|p1a: Porygon2|Recover|p1a: Porygon2\n|-heal|p1a: Porygon2|209/270 psn\n|\n|-damage|p1a: Porygon2|176/270 psn|[from] psn\n|upkeep\n|turn|11\n|inactive|Time left: 300 sec this turn | 300 sec total\n|\n|t:|1783561631\n|move|p2a: Grafaiai|Super Fang|p1a: Porygon2\n|-damage|p1a: Porygon2|88/270 psn\n|move|p1a: Porygon2|Recover|p1a: Porygon2\n|-heal|p1a: Porygon2|223/270 psn\n|\n|-damage|p1a: Porygon2|190/270 psn|[from] psn\n|upkeep\n|turn|12\n|inactive|Time left: 300 sec this turn | 300 sec total\n|\n|t:|1783561632\n|move|p2a: Grafaiai|Super Fang|p1a: Porygon2\n|-damage|p1a: Porygon2|95/270 psn\n|move|p1a: Porygon2|Recover|p1a: Porygon2\n|-heal|p1a: Porygon2|230/270 psn\n|\n|-damage|p1a: Porygon2|197/270 psn|[from] psn\n|upkeep\n|turn|13\n|inactive|Time left: 300 sec this turn | 300 sec total\n|\n|t:|1783561632\n|move|p2a: Grafaiai|Super Fang|p1a: Porygon2\n|-damage|p1a: Porygon2|99/270 psn\n|move|p1a: Porygon2|Recover|p1a: Porygon2\n|-heal|p1a: Porygon2|234/270 psn\n|\n|-damage|p1a: Porygon2|201/270 psn|[from] psn\n|upkeep\n|turn|14\n|inactive|Time left: 300 sec this turn | 300 sec total\n|\n|t:|1783561634\n|move|p2a: Grafaiai|Super Fang|p1a: Porygon2\n|-damage|p1a: Porygon2|101/270 psn\n|move|p1a: Porygon2|Tera Blast|p2a: Grafaiai\n|-damage|p2a: Grafaiai|60/100\n|\n|-damage|p1a: Porygon2|68/270 psn|[from] psn\n|upkeep\n|turn|15\n|inactive|Time left: 300 sec this turn | 300 sec total\n|\n|t:|1783561634\n|move|p2a: Grafaiai|Gunk Shot|p1a: Porygon2\n|-damage|p1a: Porygon2|0 fnt\n|faint|p1a: Porygon2\n|\n|upkeep\n|inactive|Time left: 300 sec this turn | 300 sec total | 5 sec grace\n|\n|t:|1783561635\n|switch|p1a: Chi-Yu|Chi-Yu, L77|211/211\n|-ability|p1a: Chi-Yu|Beads of Ruin\n|turn|16\n|inactive|Time left: 300 sec this turn | 300 sec total\n|\n|t:|1783561636\n|move|p2a: Grafaiai|Knock Off|p1a: Chi-Yu\n|-resisted|p1a: Chi-Yu\n|-damage|p1a: Chi-Yu|173/211\n|-status|p1a: Chi-Yu|psn|[from] ability: Poison Touch|[of] p2a: Grafaiai\n|-enditem|p1a: Chi-Yu|Choice Specs|[from] move: Knock Off|[of] p2a: Grafaiai\n|move|p1a: Chi-Yu|Flamethrower|p2a: Grafaiai\n|-damage|p2a: Grafaiai|16/100\n|\n|-damage|p1a: Chi-Yu|147/211 psn|[from] psn\n|upkeep\n|turn|17\n|inactive|Time left: 300 sec this turn | 300 sec total\n|\n|t:|1783561638\n|move|p2a: Grafaiai|Gunk Shot|p1a: Chi-Yu|[miss]\n|-miss|p2a: Grafaiai|p1a: Chi-Yu\n|move|p1a: Chi-Yu|Flamethrower|p2a: Grafaiai\n|-damage|p2a: Grafaiai|0 fnt\n|faint|p2a: Grafaiai\n|\n|-damage|p1a: Chi-Yu|121/211 psn|[from] psn\n|upkeep\n|\n|t:|1783561639\n|switch|p2a: Slither Wing|Slither Wing, L81|100/100\n|turn|18\n|inactive|Time left: 300 sec this turn | 300 sec total\n|\n|t:|1783561640\n|move|p2a: Slither Wing|Earthquake|p1a: Chi-Yu\n|-supereffective|p1a: Chi-Yu\n|-damage|p1a: Chi-Yu|0 fnt\n|faint|p1a: Chi-Yu\n|\n|upkeep\n|inactive|Time left: 300 sec this turn | 300 sec total | 5 sec grace\n|\n|t:|1783561641\n|switch|p1a: Iron Valiant|Iron Valiant, L78|244/244\n|turn|19\n|inactive|Time left: 300 sec this turn | 300 sec total\n|\n|t:|1783561642\n|move|p2a: Slither Wing|Earthquake|p1a: Iron Valiant\n|-damage|p1a: Iron Valiant|158/244\n|move|p1a: Iron Valiant|Spirit Break|p2a: Slither Wing\n|-supereffective|p2a: Slither Wing\n|-damage|p2a: Slither Wing|8/100\n|-unboost|p2a: Slither Wing|spa|1\n|-damage|p1a: Iron Valiant|134/244|[from] item: Life Orb\n|\n|upkeep\n|turn|20\n|inactive|Time left: 300 sec this turn | 300 sec total\n|\n|t:|1783561643\n|move|p2a: Slither Wing|Earthquake|p1a: Iron Valiant\n|-damage|p1a: Iron Valiant|40/244\n|move|p1a: Iron Valiant|Knock Off|p2a: Slither Wing\n|-resisted|p2a: Slither Wing\n|-damage|p2a: Slither Wing|0 fnt\n|-enditem|p2a: Slither Wing|Choice Scarf|[from] move: Knock Off|[of] p1a: Iron Valiant\n|faint|p2a: Slither Wing\n|-end|p2a: Slither Wing|Protosynthesis|[silent]\n|-damage|p1a: Iron Valiant|16/244|[from] item: Life Orb\n|\n|upkeep\n|\n|t:|1783561644\n|switch|p2a: Alomomola|Alomomola, L87, F|100/100\n|turn|21\n|inactive|Time left: 300 sec this turn | 300 sec total\n|\n|t:|1783561645\n|-end|p1a: Iron Valiant|Quark Drive|[silent]\n|switch|p1a: Clawitzer|Clawitzer, L87, M|265/265\n|move|p2a: Alomomola|Wish|p2a: Alomomola\n|\n|upkeep\n|turn|22\n|inactive|Time left: 300 sec this turn | 300 sec total\n|\n|t:|1783561646\n|move|p2a: Alomomola|Flip Turn|p1a: Clawitzer\n|-resisted|p1a: Clawitzer\n|-damage|p1a: Clawitzer|235/265\n|\n|t:|1783561647\n|switch|p2a: Cacturne|Cacturne, L92, M|100/100|[from] Flip Turn\n|move|p1a: Clawitzer|Dark Pulse|p2a: Cacturne\n|-resisted|p2a: Cacturne\n|-damage|p2a: Cacturne|69/100\n|\n|-heal|p2a: Cacturne|100/100|[from] move: Wish|[wisher] Alomomola\n|upkeep\n|turn|23\n|inactive|Time left: 300 sec this turn | 300 sec total\n|\n|t:|1783561648\n|switch|p1a: Iron Valiant|Iron Valiant, L78|16/244\n|move|p2a: Cacturne|Knock Off|p1a: Iron Valiant\n|-resisted|p1a: Iron Valiant\n|-damage|p1a: Iron Valiant|0 fnt\n|-enditem|p1a: Iron Valiant|Life Orb|[from] move: Knock Off|[of] p2a: Cacturne\n|faint|p1a: Iron Valiant\n|-end|p1a: Iron Valiant|Quark Drive|[silent]\n|-damage|p2a: Cacturne|91/100|[from] item: Life Orb\n|\n|upkeep\n|inactive|Time left: 300 sec this turn | 300 sec total | 5 sec grace\n|\n|t:|1783561649\n|switch|p1a: Gothitelle|Gothitelle, L90, F|272/272\n|turn|24\n|inactive|Time left: 300 sec this turn | 300 sec total\n|\n|t:|1783561650\n|-terastallize|p1a: Gothitelle|Dark\n|move|p1a: Gothitelle|Focus Blast|p2a: Cacturne\n|-supereffective|p2a: Cacturne\n|-damage|p2a: Cacturne|5/100\n|-unboost|p2a: Cacturne|spd|1\n|move|p2a: Cacturne|Knock Off|p1a: Gothitelle\n|-resisted|p1a: Gothitelle\n|-damage|p1a: Gothitelle|197/272\n|-enditem|p1a: Gothitelle|Choice Scarf|[from] move: Knock Off|[of] p2a: Cacturne\n|-damage|p2a: Cacturne|0 fnt|[from] item: Life Orb\n|faint|p2a: Cacturne\n|\n|upkeep\n|\n|t:|1783561651\n|switch|p2a: Alomomola|Alomomola, L87, F|100/100\n|turn|25\n|inactive|Time left: 300 sec this turn | 300 sec total\n|\n|t:|1783561652\n|switch|p1a: Clawitzer|Clawitzer, L87, M|235/265\n|move|p2a: Alomomola|Wish|p2a: Alomomola\n|\n|upkeep\n|turn|26\n|inactive|Time left: 300 sec this turn | 300 sec total\n|\n|t:|1783561653\n|move|p2a: Alomomola|Scald|p1a: Clawitzer\n|-resisted|p1a: Clawitzer\n|-damage|p1a: Clawitzer|211/265\n|move|p1a: Clawitzer|Dark Pulse|p2a: Alomomola\n|-crit|p2a: Alomomola\n|-damage|p2a: Alomomola|21/100\n|\n|-heal|p2a: Alomomola|71/100|[from] move: Wish|[wisher] Alomomola\n|upkeep\n|turn|27\n|inactive|Time left: 300 sec this turn | 300 sec total\n|\n|t:|1783561654\n|move|p2a: Alomomola|Protect|p2a: Alomomola\n|-singleturn|p2a: Alomomola|Protect\n|move|p1a: Clawitzer|Dark Pulse|p2a: Alomomola\n|-activate|p2a: Alomomola|move: Protect\n|\n|upkeep\n|turn|28\n|inactive|Time left: 300 sec this turn | 300 sec total\n|\n|t:|1783561655\n|move|p2a: Alomomola|Wish|p2a: Alomomola\n|move|p1a: Clawitzer|Dark Pulse|p2a: Alomomola\n|-damage|p2a: Alomomola|10/100\n|\n|upkeep\n|turn|29\n|inactive|Time left: 300 sec this turn | 300 sec total\n|\n|t:|1783561656\n|move|p2a: Alomomola|Protect|p2a: Alomomola\n|-singleturn|p2a: Alomomola|Protect\n|move|p1a: Clawitzer|Dark Pulse|p2a: Alomomola\n|-activate|p2a: Alomomola|move: Protect\n|\n|-heal|p2a: Alomomola|60/100|[from] move: Wish|[wisher] Alomomola\n|upkeep\n|turn|30\n|inactive|Time left: 300 sec this turn | 300 sec total\n|\n|t:|1783561657\n|move|p2a: Alomomola|Wish|p2a: Alomomola\n|move|p1a: Clawitzer|Dark Pulse|p2a: Alomomola\n|-damage|p2a: Alomomola|5/100\n|\n|upkeep\n|turn|31\n|inactive|Time left: 300 sec this turn | 300 sec total\n|\n|t:|1783561658\n|move|p2a: Alomomola|Protect|p2a: Alomomola\n|-singleturn|p2a: Alomomola|Protect\n|move|p1a: Clawitzer|Dark Pulse|p2a: Alomomola\n|-activate|p2a: Alomomola|move: Protect\n|\n|-heal|p2a: Alomomola|55/100|[from] move: Wish|[wisher] Alomomola\n|upkeep\n|turn|32\n|inactive|Time left: 300 sec this turn | 300 sec total\n|\n|t:|1783561658\n|move|p2a: Alomomola|Wish|p2a: Alomomola\n|move|p1a: Clawitzer|Dark Pulse|p2a: Alomomola\n|-damage|p2a: Alomomola|0 fnt\n|faint|p2a: Alomomola\n|\n|upkeep\n|\n|t:|1783561659\n|switch|p2a: Golem|Golem, L87, M|34/100\n|turn|33\n|inactive|Time left: 300 sec this turn | 300 sec total\n|\n|t:|1783561660\n|-terastallize|p2a: Golem|Steel\n|move|p1a: Clawitzer|Dark Pulse|p2a: Golem\n|-damage|p2a: Golem|0 fnt\n|faint|p2a: Golem\n|\n|win|p0x1868bff3", "uploadtime": 1783561660, "views": 0, "rating": 0, "private": 0, "password": null, "_winner": "p0x1868bff3", "_our_name": "p0x1868bff3"}