{"id": "battle-gen9randombattle-1324", "formatid": "gen9randombattle", "format": "[Gen 9] Random Battle", "players": ["p0x1324afbe", "p0y13247aad"], "log": "|init|battle\n|title|p0x1324afbe vs. p0y13247aad\n|j|\u2606p0x1324afbe\n|j|\u2606p0y13247aad\n|t:|1783555381\n|gametype|singles\n|player|p1|p0x1324afbe|265|\n|player|p2|p0y13247aad|169|\n|gen|9\n|tier|[Gen 9] Random Battle\n|rule|Species Clause: Limit one of each Pok\u00e9mon\n|rule|HP Percentage Mod: HP is shown in percentages\n|rule|Sleep Clause Mod: Limit one foe put to sleep\n|rule|Illusion Level Mod: Illusion disguises the Pok\u00e9mon's true level\n|\n|t:|1783555381\n|teamsize|p1|6\n|teamsize|p2|6\n|start\n|switch|p1a: Klawf|Klawf, L90, M|100/100\n|switch|p2a: Passimian|Passimian, L83, M|302/302\n|turn|1\n|inactive|Battle timer is ON: inactive players will automatically lose when time's up. (requested by p0x1324afbe)\n|inactive|Time left: 300 sec this turn | 300 sec total | 60 sec grace\n|\n|t:|1783555382\n|move|p2a: Passimian|Close Combat|p1a: Klawf\n|-supereffective|p1a: Klawf\n|-damage|p1a: Klawf|17/100\n|-unboost|p2a: Passimian|def|1\n|-unboost|p2a: Passimian|spd|1\n|move|p1a: Klawf|Stealth Rock|p2a: Passimian\n|-sidestart|p2: p0y13247aad|move: Stealth Rock\n|\n|upkeep\n|turn|2\n|inactive|Time left: 300 sec this turn | 300 sec total\n|inactive|p0y13247aad also wants the timer to be on.\n|\n|t:|1783555383\n|switch|p1a: Oricorio|Oricorio-Sensu, L85, F|100/100\n|move|p2a: Passimian|Close Combat|p1a: Oricorio\n|-immune|p1a: Oricorio\n|\n|upkeep\n|turn|3\n|inactive|Time left: 300 sec this turn | 300 sec total\n|\n|t:|1783555384\n|switch|p2a: Gouging Fire|Gouging Fire, L74|277/277\n|move|p1a: Oricorio|Quiver Dance|p1a: Oricorio\n|-boost|p1a: Oricorio|spa|1\n|-boost|p1a: Oricorio|spd|1\n|-boost|p1a: Oricorio|spe|1\n|\n|upkeep\n|turn|4\n|inactive|Time left: 300 sec this turn | 300 sec total\n|\n|t:|1783555384\n|move|p1a: Oricorio|Revelation Dance|p2a: Gouging Fire\n|-damage|p2a: Gouging Fire|108/277\n|move|p2a: Gouging Fire|Outrage|p1a: Oricorio\n|-damage|p1a: Oricorio|49/100\n|\n|upkeep\n|turn|5\n|inactive|Time left: 300 sec this turn | 300 sec total\n|\n|t:|1783555385\n|move|p1a: Oricorio|Revelation Dance|p2a: Gouging Fire\n|-damage|p2a: Gouging Fire|0 fnt\n|faint|p2a: Gouging Fire\n|-end|p2a: Gouging Fire|Protosynthesis|[silent]\n|\n|upkeep\n|inactive|Time left: 300 sec this turn | 300 sec total | 5 sec grace\n|\n|t:|1783555386\n|switch|p2a: Skuntank|Skuntank, L84, M|310/310\n|-damage|p2a: Skuntank|272/310|[from] Stealth Rock\n|turn|6\n|inactive|Time left: 300 sec this turn | 300 sec total\n|\n|t:|1783555387\n|move|p1a: Oricorio|Hurricane|p2a: Skuntank|[miss]\n|-miss|p1a: Oricorio|p2a: Skuntank\n|move|p2a: Skuntank|Knock Off|p1a: Oricorio\n|-supereffective|p1a: Oricorio\n|-damage|p1a: Oricorio|0 fnt\n|-enditem|p1a: Oricorio|Heavy-Duty Boots|[from] move: Knock Off|[of] p2a: Skuntank\n|faint|p1a: Oricorio\n|-damage|p2a: Skuntank|241/310|[from] item: Life Orb\n|\n|upkeep\n|\n|t:|1783555388\n|switch|p1a: Klawf|Klawf, L90, M|50/100\n|turn|7\n|inactive|Time left: 300 sec this turn | 300 sec total\n|\n|t:|1783555389\n|move|p2a: Skuntank|Gunk Shot|p1a: Klawf\n|-resisted|p1a: Klawf\n|-damage|p1a: Klawf|26/100\n|-damage|p2a: Skuntank|210/310|[from] item: Life Orb\n|move|p1a: Klawf|Stone Edge|p2a: Skuntank\n|-damage|p2a: Skuntank|25/310\n|-damage|p1a: Klawf|16/100|[from] item: Life Orb\n|\n|upkeep\n|turn|8\n|inactive|Time left: 300 sec this turn | 300 sec total\n|\n|t:|1783555391\n|switch|p1a: Greninja|Greninja, L80, M|100/100\n|move|p2a: Skuntank|Knock Off|p1a: Greninja\n|-resisted|p1a: Greninja\n|-damage|p1a: Greninja|66/100\n|-enditem|p1a: Greninja|Life Orb|[from] move: Knock Off|[of] p2a: Skuntank\n|-damage|p2a: Skuntank|0 fnt|[from] item: Life Orb\n|faint|p2a: Skuntank\n|\n|upkeep\n|inactive|Time left: 300 sec this turn | 300 sec total | 5 sec grace\n|\n|t:|1783555392\n|switch|p2a: Passimian|Passimian, L83, M|302/302\n|-damage|p2a: Passimian|284/302|[from] Stealth Rock\n|turn|9\n|inactive|Time left: 300 sec this turn | 300 sec total\n|\n|t:|1783555393\n|switch|p1a: Hypno|Hypno, L95, F|100/100\n|move|p2a: Passimian|Close Combat|p1a: Hypno\n|-resisted|p1a: Hypno\n|-damage|p1a: Hypno|76/100\n|-unboost|p2a: Passimian|def|1\n|-unboost|p2a: Passimian|spd|1\n|\n|-heal|p1a: Hypno|82/100|[from] item: Leftovers\n|upkeep\n|turn|10\n|inactive|Time left: 300 sec this turn | 300 sec total\n|\n|t:|1783555394\n|switch|p2a: Gliscor|Gliscor, L76, F|239/239\n|-damage|p2a: Gliscor|210/239|[from] Stealth Rock\n|move|p1a: Hypno|Psychic Noise|p2a: Gliscor\n|-crit|p2a: Gliscor\n|-damage|p2a: Gliscor|47/239\n|-start|p2a: Gliscor|move: Heal Block\n|\n|-heal|p1a: Hypno|88/100|[from] item: Leftovers\n|-status|p2a: Gliscor|tox|[from] item: Toxic Orb\n|upkeep\n|turn|11\n|inactive|Time left: 300 sec this turn | 300 sec total\n|\n|t:|1783555396\n|move|p2a: Gliscor|Protect|p2a: Gliscor\n|-singleturn|p2a: Gliscor|Protect\n|move|p1a: Hypno|Psychic Noise|p2a: Gliscor\n|-activate|p2a: Gliscor|move: Protect\n|\n|-heal|p1a: Hypno|94/100|[from] item: Leftovers\n|-end|p2a: Gliscor|move: Heal Block\n|upkeep\n|turn|12\n|inactive|Time left: 300 sec this turn | 300 sec total\n|\n|t:|1783555397\n|move|p2a: Gliscor|Toxic|p1a: Hypno\n|-status|p1a: Hypno|tox\n|move|p1a: Hypno|Psychic Noise|p2a: Gliscor\n|-damage|p2a: Gliscor|0 fnt\n|faint|p2a: Gliscor\n|\n|-heal|p1a: Hypno|99/100 tox|[from] item: Leftovers\n|-damage|p1a: Hypno|94/100 tox|[from] psn\n|upkeep\n|inactive|Time left: 300 sec this turn | 300 sec total | 5 sec grace\n|\n|t:|1783555398\n|switch|p2a: Glalie|Glalie, L96, F|309/309\n|turn|13\n|inactive|Time left: 300 sec this turn | 300 sec total\n|\n|t:|1783555399\n|move|p2a: Glalie|Spikes|p1a: Hypno\n|-sidestart|p1: p0x1324afbe|Spikes\n|move|p1a: Hypno|Focus Blast|p2a: Glalie|[miss]\n|-miss|p1a: Hypno|p2a: Glalie\n|\n|-heal|p1a: Hypno|99/100 tox|[from] item: Leftovers\n|-damage|p1a: Hypno|88/100 tox|[from] psn\n|upkeep\n|turn|14\n|inactive|Time left: 300 sec this turn | 300 sec total\n|\n|t:|1783555400\n|move|p2a: Glalie|Spikes|p1a: Hypno\n|-sidestart|p1: p0x1324afbe|Spikes\n|move|p1a: Hypno|Toxic|p2a: Glalie\n|-status|p2a: Glalie|tox\n|\n|-heal|p1a: Hypno|94/100 tox|[from] item: Leftovers\n|-damage|p2a: Glalie|290/309 tox|[from] psn\n|-damage|p1a: Hypno|76/100 tox|[from] psn\n|upkeep\n|turn|15\n|inactive|Time left: 300 sec this turn | 300 sec total\n|\n|t:|1783555401\n|move|p2a: Glalie|Earthquake|p1a: Hypno\n|-damage|p1a: Hypno|50/100 tox\n|move|p1a: Hypno|Psychic Noise|p2a: Glalie\n|-damage|p2a: Glalie|211/309 tox\n|-start|p2a: Glalie|move: Heal Block\n|\n|-heal|p1a: Hypno|56/100 tox|[from] item: Leftovers\n|-damage|p2a: Glalie|173/309 tox|[from] psn\n|-damage|p1a: Hypno|32/100 tox|[from] psn\n|upkeep\n|turn|16\n|inactive|Time left: 300 sec this turn | 300 sec total\n|\n|t:|1783555402\n|switch|p1a: Malamar|Malamar, L82, M|100/100\n|-damage|p1a: Malamar|84/100|[from] Spikes\n|move|p2a: Glalie|Spikes|p1a: Malamar\n|-sidestart|p1: p0x1324afbe|Spikes\n|\n|-heal|p1a: Malamar|90/100|[from] item: Leftovers\n|-damage|p2a: Glalie|116/309 tox|[from] psn\n|-end|p2a: Glalie|move: Heal Block\n|upkeep\n|turn|17\n|inactive|Time left: 300 sec this turn | 300 sec total\n|\n|t:|1783555404\n|move|p2a: Glalie|Freeze-Dry|p1a: Malamar\n|-damage|p1a: Malamar|56/100\n|move|p1a: Malamar|Superpower|p2a: Glalie\n|-supereffective|p2a: Glalie\n|-damage|p2a: Glalie|0 fnt\n|-boost|p1a: Malamar|atk|1\n|-boost|p1a: Malamar|def|1\n|faint|p2a: Glalie\n|\n|-heal|p1a: Malamar|63/100|[from] item: Leftovers\n|upkeep\n|inactive|Time left: 300 sec this turn | 300 sec total | 5 sec grace\n|\n|t:|1783555405\n|switch|p2a: Passimian|Passimian, L83, M|284/302\n|-damage|p2a: Passimian|266/302|[from] Stealth Rock\n|turn|18\n|inactive|Time left: 300 sec this turn | 300 sec total\n|\n|t:|1783555406\n|move|p2a: Passimian|Earthquake|p1a: Malamar\n|-damage|p1a: Malamar|43/100\n|move|p1a: Malamar|Superpower|p2a: Passimian\n|-crit|p2a: Passimian\n|-damage|p2a: Passimian|98/302\n|-boost|p1a: Malamar|atk|1\n|-boost|p1a: Malamar|def|1\n|\n|-heal|p1a: Malamar|49/100|[from] item: Leftovers\n|upkeep\n|turn|19\n|inactive|Time left: 300 sec this turn | 300 sec total\n|\n|t:|1783555407\n|-terastallize|p2a: Passimian|Poison\n|move|p2a: Passimian|Earthquake|p1a: Malamar\n|-crit|p1a: Malamar\n|-damage|p1a: Malamar|0 fnt\n|faint|p1a: Malamar\n|\n|upkeep\n|\n|t:|1783555408\n|switch|p1a: Chansey|Chansey, L85, F|100/100\n|-damage|p1a: Chansey|75/100|[from] Spikes\n|turn|20\n|inactive|Time left: 300 sec this turn | 300 sec total\n|\n|t:|1783555409\n|move|p2a: Passimian|Earthquake|p1a: Chansey\n|-damage|p1a: Chansey|40/100\n|move|p1a: Chansey|Soft-Boiled|p1a: Chansey\n|-heal|p1a: Chansey|90/100\n|\n|upkeep\n|turn|21\n|inactive|Time left: 300 sec this turn | 300 sec total\n|\n|t:|1783555410\n|move|p2a: Passimian|Earthquake|p1a: Chansey\n|-damage|p1a: Chansey|59/100\n|move|p1a: Chansey|Thunder Wave|p2a: Passimian|[miss]\n|-miss|p1a: Chansey|p2a: Passimian\n|\n|upkeep\n|turn|22\n|inactive|Time left: 300 sec this turn | 300 sec total\n|\n|t:|1783555411\n|move|p2a: Passimian|Earthquake|p1a: Chansey\n|-damage|p1a: Chansey|25/100\n|move|p1a: Chansey|Soft-Boiled|p1a: Chansey\n|-heal|p1a: Chansey|75/100\n|\n|upkeep\n|turn|23\n|inactive|Time left: 300 sec this turn | 300 sec total\n|\n|t:|1783555413\n|move|p2a: Passimian|Earthquake|p1a: Chansey\n|-damage|p1a: Chansey|40/100\n|move|p1a: Chansey|Soft-Boiled|p1a: Chansey\n|-heal|p1a: Chansey|90/100\n|\n|upkeep\n|turn|24\n|inactive|Time left: 300 sec this turn | 300 sec total\n|\n|t:|1783555414\n|move|p2a: Passimian|Earthquake|p1a: Chansey\n|-crit|p1a: Chansey\n|-damage|p1a: Chansey|37/100\n|move|p1a: Chansey|Seismic Toss|p2a: Passimian\n|-damage|p2a: Passimian|13/302\n|\n|upkeep\n|turn|25\n|inactive|Time left: 300 sec this turn | 300 sec total\n|\n|t:|1783555415\n|move|p2a: Passimian|Earthquake|p1a: Chansey\n|-damage|p1a: Chansey|6/100\n|move|p1a: Chansey|Seismic Toss|p2a: Passimian\n|-damage|p2a: Passimian|0 fnt\n|faint|p2a: Passimian\n|\n|upkeep\n|inactive|Time left: 300 sec this turn | 300 sec total | 5 sec grace\n|\n|t:|1783555416\n|switch|p2a: Luvdisc|Luvdisc, F|247/247\n|turn|26\n|inactive|Time left: 300 sec this turn | 300 sec total\n|\n|t:|1783555417\n|move|p2a: Luvdisc|Flip Turn|p1a: Chansey\n|-damage|p1a: Chansey|0 fnt\n|faint|p1a: Chansey\n|\n|upkeep\n|\n|t:|1783555418\n|switch|p1a: Greninja|Greninja, L80, M|66/100\n|-damage|p1a: Greninja|41/100|[from] Spikes\n|turn|27\n|inactive|Time left: 300 sec this turn | 300 sec total\n|\n|t:|1783555419\n|move|p2a: Luvdisc|Surf|p1a: Greninja\n|-resisted|p1a: Greninja\n|-damage|p1a: Greninja|22/100\n|move|p1a: Greninja|Hydro Pump|p2a: Luvdisc\n|-start|p1a: Greninja|typechange|Water|[from] ability: Protean\n|-resisted|p2a: Luvdisc\n|-damage|p2a: Luvdisc|189/247\n|\n|upkeep\n|turn|28\n|inactive|Time left: 300 sec this turn | 300 sec total\n|\n|t:|1783555420\n|move|p2a: Luvdisc|Surf|p1a: Greninja\n|-resisted|p1a: Greninja\n|-damage|p1a: Greninja|3/100\n|move|p1a: Greninja|Gunk Shot|p2a: Luvdisc\n|-damage|p2a: Luvdisc|97/247\n|\n|upkeep\n|turn|29\n|inactive|Time left: 300 sec this turn | 300 sec total\n|\n|t:|1783555421\n|-terastallize|p1a: Greninja|Poison\n|move|p2a: Luvdisc|Flip Turn|p1a: Greninja\n|-damage|p1a: Greninja|0 fnt\n|faint|p1a: Greninja\n|\n|upkeep\n|\n|t:|1783555422\n|switch|p1a: Klawf|Klawf, L90, M|49/100\n|-damage|p1a: Klawf|24/100|[from] Spikes\n|turn|30\n|inactive|Time left: 300 sec this turn | 300 sec total\n|\n|t:|1783555423\n|switch|p1a: Hypno|Hypno, L95, F|32/100 tox\n|-damage|p1a: Hypno|7/100 tox|[from] Spikes\n|move|p2a: Luvdisc|Surf|p1a: Hypno\n|-damage|p1a: Hypno|0 fnt\n|faint|p1a: Hypno\n|\n|upkeep\n|\n|t:|1783555424\n|switch|p1a: Klawf|Klawf, L90, M|57/100\n|-damage|p1a: Klawf|32/100|[from] Spikes\n|turn|31\n|inactive|Time left: 300 sec this turn | 300 sec total\n|\n|t:|1783555424\n|move|p2a: Luvdisc|Surf|p1a: Klawf\n|-supereffective|p1a: Klawf\n|-crit|p1a: Klawf\n|-damage|p1a: Klawf|0 fnt\n|faint|p1a: Klawf\n|\n|win|p0y13247aad", "uploadtime": 1783555424, "views": 0, "rating": 0, "private": 0, "password": null, "_winner": "p0y13247aad", "_our_name": "p0y13247aad"}