{"id": "battle-gen9randombattle-868", "formatid": "gen9randombattle", "format": "[Gen 9] Random Battle", "players": ["p0x8681ea6", "p0y868c37a"], "log": "|init|battle\n|title|p0x8681ea6 vs. p0y868c37a\n|j|\u2606p0x8681ea6\n|j|\u2606p0y868c37a\n|t:|1783549194\n|gametype|singles\n|player|p1|p0x8681ea6|1|\n|player|p2|p0y868c37a|1|\n|gen|9\n|tier|[Gen 9] Random Battle\n|rule|Species Clause: Limit one of each Pok\u00e9mon\n|rule|HP Percentage Mod: HP is shown in percentages\n|rule|Sleep Clause Mod: Limit one foe put to sleep\n|rule|Illusion Level Mod: Illusion disguises the Pok\u00e9mon's true level\n|\n|t:|1783549194\n|teamsize|p1|6\n|teamsize|p2|6\n|start\n|switch|p1a: Cloyster|Cloyster, L80, M|211/211\n|switch|p2a: Flareon|Flareon, L90, M|100/100\n|turn|1\n|inactive|Battle timer is ON: inactive players will automatically lose when time's up. (requested by p0x8681ea6)\n|\n|t:|1783549195\n|move|p2a: Flareon|Will-O-Wisp|p1a: Cloyster\n|-status|p1a: Cloyster|brn\n|move|p1a: Cloyster|Shell Smash|p1a: Cloyster\n|-unboost|p1a: Cloyster|def|1\n|-unboost|p1a: Cloyster|spd|1\n|-boost|p1a: Cloyster|atk|2\n|-boost|p1a: Cloyster|spa|2\n|-boost|p1a: Cloyster|spe|2\n|-enditem|p1a: Cloyster|White Herb\n|-clearnegativeboost|p1a: Cloyster|[silent]\n|\n|-damage|p1a: Cloyster|198/211 brn|[from] brn\n|-status|p2a: Flareon|tox|[from] item: Toxic Orb\n|upkeep\n|turn|2\n|inactive|Time left: 300 sec this turn | 300 sec total\n|inactive|p0y868c37a also wants the timer to be on.\n|\n|t:|1783549197\n|-terastallize|p2a: Flareon|Normal\n|move|p1a: Cloyster|Icicle Spear|p2a: Flareon\n|-damage|p2a: Flareon|89/100 tox\n|-damage|p2a: Flareon|79/100 tox\n|-damage|p2a: Flareon|67/100 tox\n|-damage|p2a: Flareon|56/100 tox\n|-damage|p2a: Flareon|45/100 tox\n|-hitcount|p2a: Flareon|5\n|move|p2a: Flareon|Facade|p1a: Cloyster\n|-damage|p1a: Cloyster|15/211 brn\n|\n|-damage|p2a: Flareon|39/100 tox|[from] psn\n|-damage|p1a: Cloyster|2/211 brn|[from] brn\n|upkeep\n|turn|3\n|inactive|Time left: 300 sec this turn | 300 sec total\n|\n|t:|1783549198\n|switch|p2a: Orthworm|Orthworm, L88, M|100/100\n|move|p1a: Cloyster|Icicle Spear|p2a: Orthworm\n|-resisted|p2a: Orthworm\n|-damage|p2a: Orthworm|98/100\n|-resisted|p2a: Orthworm\n|-damage|p2a: Orthworm|95/100\n|-resisted|p2a: Orthworm\n|-damage|p2a: Orthworm|92/100\n|-resisted|p2a: Orthworm\n|-damage|p2a: Orthworm|89/100\n|-resisted|p2a: Orthworm\n|-damage|p2a: Orthworm|86/100\n|-hitcount|p2a: Orthworm|5\n|\n|-heal|p2a: Orthworm|92/100|[from] item: Leftovers\n|-damage|p1a: Cloyster|0 fnt|[from] brn\n|faint|p1a: Cloyster\n|upkeep\n|inactive|Time left: 300 sec this turn | 300 sec total | 5 sec grace\n|\n|t:|1783549199\n|switch|p1a: Torterra|Torterra, L78, F|276/276\n|turn|4\n|inactive|Time left: 300 sec this turn | 300 sec total\n|\n|t:|1783549200\n|move|p2a: Orthworm|Body Press|p1a: Torterra\n|-damage|p1a: Torterra|191/276\n|move|p1a: Torterra|Shell Smash|p1a: Torterra\n|-unboost|p1a: Torterra|def|1\n|-unboost|p1a: Torterra|spd|1\n|-boost|p1a: Torterra|atk|2\n|-boost|p1a: Torterra|spa|2\n|-boost|p1a: Torterra|spe|2\n|\n|-heal|p2a: Orthworm|98/100|[from] item: Leftovers\n|upkeep\n|turn|5\n|inactive|Time left: 300 sec this turn | 300 sec total\n|\n|t:|1783549201\n|move|p1a: Torterra|Rock Blast|p2a: Orthworm\n|-resisted|p2a: Orthworm\n|-damage|p2a: Orthworm|94/100\n|-resisted|p2a: Orthworm\n|-damage|p2a: Orthworm|90/100\n|-resisted|p2a: Orthworm\n|-damage|p2a: Orthworm|85/100\n|-resisted|p2a: Orthworm\n|-damage|p2a: Orthworm|81/100\n|-resisted|p2a: Orthworm\n|-damage|p2a: Orthworm|77/100\n|-hitcount|p2a: Orthworm|5\n|move|p2a: Orthworm|Body Press|p1a: Torterra\n|-damage|p1a: Torterra|62/276\n|\n|-heal|p2a: Orthworm|83/100|[from] item: Leftovers\n|upkeep\n|turn|6\n|inactive|Time left: 300 sec this turn | 300 sec total\n|\n|t:|1783549202\n|move|p1a: Torterra|Bullet Seed|p2a: Orthworm\n|-resisted|p2a: Orthworm\n|-damage|p2a: Orthworm|75/100\n|-resisted|p2a: Orthworm\n|-damage|p2a: Orthworm|66/100\n|-resisted|p2a: Orthworm\n|-damage|p2a: Orthworm|56/100\n|-resisted|p2a: Orthworm\n|-damage|p2a: Orthworm|47/100\n|-resisted|p2a: Orthworm\n|-damage|p2a: Orthworm|38/100\n|-hitcount|p2a: Orthworm|5\n|move|p2a: Orthworm|Body Press|p1a: Torterra\n|-damage|p1a: Torterra|0 fnt\n|faint|p1a: Torterra\n|\n|-heal|p2a: Orthworm|44/100|[from] item: Leftovers\n|upkeep\n|inactive|Time left: 300 sec this turn | 300 sec total | 5 sec grace\n|\n|t:|1783549203\n|switch|p1a: Masquerain|Masquerain, L87, F|264/264\n|-ability|p1a: Masquerain|Intimidate|boost\n|-unboost|p2a: Orthworm|atk|1\n|turn|7\n|inactive|Time left: 300 sec this turn | 300 sec total\n|\n|t:|1783549205\n|switch|p2a: Squawkabilly|Squawkabilly, L85, F|100/100\n|move|p1a: Masquerain|Quiver Dance|p1a: Masquerain\n|-boost|p1a: Masquerain|spa|1\n|-boost|p1a: Masquerain|spd|1\n|-boost|p1a: Masquerain|spe|1\n|\n|-status|p2a: Squawkabilly|brn|[from] item: Flame Orb\n|upkeep\n|turn|8\n|inactive|Time left: 300 sec this turn | 300 sec total\n|\n|t:|1783549206\n|move|p1a: Masquerain|Hurricane|p2a: Squawkabilly\n|-damage|p2a: Squawkabilly|0 fnt\n|faint|p2a: Squawkabilly\n|\n|upkeep\n|\n|t:|1783549207\n|switch|p2a: Zebstrika|Zebstrika, L87, M|100/100\n|turn|9\n|inactive|Time left: 300 sec this turn | 300 sec total\n|\n|t:|1783549208\n|switch|p1a: Sandaconda|Sandaconda, L84, M|258/258\n|move|p2a: Zebstrika|Supercell Slam|p1a: Sandaconda\n|-immune|p1a: Sandaconda\n|-damage|p2a: Zebstrika|50/100|[from] supercellslam\n|\n|upkeep\n|turn|10\n|inactive|Time left: 300 sec this turn | 300 sec total\n|\n|t:|1783549209\n|switch|p2a: Orthworm|Orthworm, L88, M|44/100\n|move|p1a: Sandaconda|Coil|p1a: Sandaconda\n|-boost|p1a: Sandaconda|atk|1\n|-boost|p1a: Sandaconda|def|1\n|-boost|p1a: Sandaconda|accuracy|1\n|\n|-heal|p2a: Orthworm|50/100|[from] item: Leftovers\n|upkeep\n|turn|11\n|inactive|Time left: 300 sec this turn | 300 sec total\n|\n|t:|1783549210\n|move|p1a: Sandaconda|Coil|p1a: Sandaconda\n|-boost|p1a: Sandaconda|atk|1\n|-boost|p1a: Sandaconda|def|1\n|-boost|p1a: Sandaconda|accuracy|1\n|move|p2a: Orthworm|Heavy Slam|p1a: Sandaconda\n|-damage|p1a: Sandaconda|219/258\n|\n|-heal|p1a: Sandaconda|235/258|[from] item: Leftovers\n|-heal|p2a: Orthworm|57/100|[from] item: Leftovers\n|upkeep\n|turn|12\n|inactive|Time left: 300 sec this turn | 300 sec total\n|\n|t:|1783549211\n|move|p1a: Sandaconda|Glare|p2a: Orthworm\n|-status|p2a: Orthworm|par\n|cant|p2a: Orthworm|par\n|\n|-heal|p1a: Sandaconda|251/258|[from] item: Leftovers\n|-heal|p2a: Orthworm|63/100 par|[from] item: Leftovers\n|upkeep\n|turn|13\n|inactive|Time left: 300 sec this turn | 300 sec total\n|\n|t:|1783549212\n|move|p1a: Sandaconda|Coil|p1a: Sandaconda\n|-boost|p1a: Sandaconda|atk|1\n|-boost|p1a: Sandaconda|def|1\n|-boost|p1a: Sandaconda|accuracy|1\n|move|p2a: Orthworm|Spikes|p1a: Sandaconda\n|-sidestart|p1: p0x8681ea6|Spikes\n|\n|-heal|p1a: Sandaconda|258/258|[from] item: Leftovers\n|-heal|p2a: Orthworm|69/100 par|[from] item: Leftovers\n|upkeep\n|turn|14\n|inactive|Time left: 300 sec this turn | 300 sec total\n|\n|t:|1783549213\n|move|p1a: Sandaconda|Stone Edge|p2a: Orthworm\n|-resisted|p2a: Orthworm\n|-damage|p2a: Orthworm|47/100 par\n|move|p2a: Orthworm|Spikes|p1a: Sandaconda\n|-sidestart|p1: p0x8681ea6|Spikes\n|\n|-heal|p2a: Orthworm|54/100 par|[from] item: Leftovers\n|upkeep\n|turn|15\n|inactive|Time left: 300 sec this turn | 300 sec total\n|\n|t:|1783549215\n|move|p1a: Sandaconda|Coil|p1a: Sandaconda\n|-boost|p1a: Sandaconda|atk|1\n|-boost|p1a: Sandaconda|def|1\n|-boost|p1a: Sandaconda|accuracy|1\n|cant|p2a: Orthworm|par\n|\n|-heal|p2a: Orthworm|60/100 par|[from] item: Leftovers\n|upkeep\n|turn|16\n|inactive|Time left: 300 sec this turn | 300 sec total\n|\n|t:|1783549216\n|move|p1a: Sandaconda|Stone Edge|p2a: Orthworm\n|-resisted|p2a: Orthworm\n|-crit|p2a: Orthworm\n|-damage|p2a: Orthworm|19/100 par\n|move|p2a: Orthworm|Spikes|p1a: Sandaconda\n|-sidestart|p1: p0x8681ea6|Spikes\n|\n|-heal|p2a: Orthworm|25/100 par|[from] item: Leftovers\n|upkeep\n|turn|17\n|inactive|Time left: 300 sec this turn | 300 sec total\n|\n|t:|1783549217\n|move|p1a: Sandaconda|Stone Edge|p2a: Orthworm\n|-resisted|p2a: Orthworm\n|-crit|p2a: Orthworm\n|-damage|p2a: Orthworm|0 fnt\n|faint|p2a: Orthworm\n|\n|upkeep\n|\n|t:|1783549217\n|switch|p2a: Meloetta|Meloetta, L82|100/100\n|turn|18\n|inactive|Time left: 300 sec this turn | 300 sec total\n|\n|t:|1783549218\n|move|p2a: Meloetta|Relic Song|p1a: Sandaconda\n|-damage|p1a: Sandaconda|118/258\n|-formechange|p2a: Meloetta|Meloetta-Pirouette|[msg]\n|-damage|p2a: Meloetta|91/100|[from] item: Life Orb\n|move|p1a: Sandaconda|Earthquake|p2a: Meloetta\n|-damage|p2a: Meloetta|0 fnt\n|faint|p2a: Meloetta\n|\n|-heal|p1a: Sandaconda|134/258|[from] item: Leftovers\n|upkeep\n|\n|t:|1783549219\n|switch|p2a: Zebstrika|Zebstrika, L87, M|50/100\n|turn|19\n|inactive|Time left: 300 sec this turn | 300 sec total\n|\n|t:|1783549220\n|-terastallize|p1a: Sandaconda|Dragon\n|move|p2a: Zebstrika|Overheat|p1a: Sandaconda\n|-resisted|p1a: Sandaconda\n|-damage|p1a: Sandaconda|66/258\n|-unboost|p2a: Zebstrika|spa|2\n|-damage|p2a: Zebstrika|41/100|[from] item: Life Orb\n|move|p1a: Sandaconda|Earthquake|p2a: Zebstrika\n|-supereffective|p2a: Zebstrika\n|-damage|p2a: Zebstrika|0 fnt\n|faint|p2a: Zebstrika\n|\n|-heal|p1a: Sandaconda|82/258|[from] item: Leftovers\n|upkeep\n|\n|t:|1783549221\n|switch|p2a: Flareon|Flareon, L90, M, tera:Normal|39/100 tox\n|turn|20\n|inactive|Time left: 300 sec this turn | 300 sec total\n|\n|t:|1783549222\n|move|p2a: Flareon|Facade|p1a: Sandaconda\n|-damage|p1a: Sandaconda|0 fnt\n|faint|p1a: Sandaconda\n|\n|-damage|p2a: Flareon|32/100 tox|[from] psn\n|upkeep\n|inactive|Time left: 300 sec this turn | 300 sec total | 5 sec grace\n|\n|t:|1783549223\n|switch|p1a: Masquerain|Masquerain, L87, F|264/264\n|-ability|p1a: Masquerain|Intimidate|boost\n|-unboost|p2a: Flareon|atk|1\n|turn|21\n|inactive|Time left: 300 sec this turn | 300 sec total\n|\n|t:|1783549224\n|move|p1a: Masquerain|Hurricane|p2a: Flareon\n|-damage|p2a: Flareon|0 fnt\n|faint|p2a: Flareon\n|\n|upkeep\n|\n|t:|1783549225\n|switch|p2a: Salamence|Salamence, L77, F|100/100\n|turn|22\n|inactive|Time left: 300 sec this turn | 300 sec total\n|\n|t:|1783549227\n|move|p2a: Salamence|Dragon Dance|p2a: Salamence\n|-boost|p2a: Salamence|atk|1\n|-boost|p2a: Salamence|spe|1\n|move|p1a: Masquerain|Hurricane|p2a: Salamence\n|-damage|p2a: Salamence|48/100\n|\n|upkeep\n|turn|23\n|inactive|Time left: 300 sec this turn | 300 sec total\n|\n|t:|1783549228\n|move|p2a: Salamence|Dual Wingbeat|p1a: Masquerain\n|-supereffective|p1a: Masquerain\n|-damage|p1a: Masquerain|82/264\n|-supereffective|p1a: Masquerain\n|-damage|p1a: Masquerain|0 fnt\n|faint|p1a: Masquerain\n|-ability|p2a: Salamence|Moxie|boost\n|-boost|p2a: Salamence|atk|1\n|-hitcount|p1: Masquerain|2\n|\n|upkeep\n|inactive|Time left: 300 sec this turn | 300 sec total | 5 sec grace\n|\n|t:|1783549229\n|switch|p1a: Froslass|Froslass, L87, F|263/263\n|-damage|p1a: Froslass|198/263|[from] Spikes\n|turn|24\n|inactive|Time left: 300 sec this turn | 300 sec total\n|\n|t:|1783549230\n|move|p2a: Salamence|Outrage|p1a: Froslass\n|-damage|p1a: Froslass|0 fnt\n|-start|p2a: Salamence|Disable|Outrage|[from] ability: Cursed Body|[of] p1a: Froslass\n|faint|p1a: Froslass\n|-ability|p2a: Salamence|Moxie|boost\n|-boost|p2a: Salamence|atk|1\n|\n|upkeep\n|inactive|Time left: 300 sec this turn | 300 sec total | 5 sec grace\n|\n|t:|1783549230\n|switch|p1a: Iron Thorns|Iron Thorns, L83|302/302\n|-damage|p1a: Iron Thorns|227/302|[from] Spikes\n|-enditem|p1a: Iron Thorns|Booster Energy\n|-activate|p1a: Iron Thorns|ability: Quark Drive|[fromitem]\n|-start|p1a: Iron Thorns|quarkdriveatk\n|turn|25\n|inactive|Time left: 300 sec this turn | 300 sec total\n|\n|t:|1783549231\n|cant|p2a: Salamence|Disable|Outrage\n|move|p1a: Iron Thorns|Ice Punch|p2a: Salamence\n|-supereffective|p2a: Salamence\n|-damage|p2a: Salamence|0 fnt\n|faint|p2a: Salamence\n|\n|win|p0x8681ea6", "uploadtime": 1783549231, "views": 0, "rating": 0, "private": 0, "password": null, "_winner": "p0x8681ea6", "_our_name": "p0x8681ea6"}