{"id": "battle-gen9randombattle-2176", "formatid": "gen9randombattle", "format": "[Gen 9] Random Battle", "players": ["p0x21768264", "p0y2176f476"], "log": "|init|battle\n|title|p0x21768264 vs. p0y2176f476\n|j|\u2606p0x21768264\n|j|\u2606p0y2176f476\n|t:|1783564336\n|gametype|singles\n|player|p1|p0x21768264|170|\n|player|p2|p0y2176f476|266|\n|gen|9\n|tier|[Gen 9] Random Battle\n|rule|Species Clause: Limit one of each Pok\u00e9mon\n|rule|HP Percentage Mod: HP is shown in percentages\n|rule|Sleep Clause Mod: Limit one foe put to sleep\n|rule|Illusion Level Mod: Illusion disguises the Pok\u00e9mon's true level\n|\n|t:|1783564336\n|teamsize|p1|6\n|teamsize|p2|6\n|start\n|switch|p1a: Glastrier|Glastrier, L86|100/100\n|switch|p2a: Hypno|Hypno, L95, M|315/315\n|turn|1\n|inactive|Battle timer is ON: inactive players will automatically lose when time's up. (requested by p0y2176f476)\n|inactive|p0x21768264 also wants the timer to be on.\n|\n|t:|1783564338\n|switch|p2a: Conkeldurr|Conkeldurr, L80, F|299/299\n|move|p1a: Glastrier|Heavy Slam|p2a: Conkeldurr\n|-damage|p2a: Conkeldurr|130/299\n|\n|-status|p2a: Conkeldurr|brn|[from] item: Flame Orb\n|upkeep\n|turn|2\n|inactive|Time left: 300 sec this turn | 300 sec total\n|\n|t:|1783564339\n|-terastallize|p1a: Glastrier|Fighting\n|move|p2a: Conkeldurr|Close Combat|p1a: Glastrier\n|-damage|p1a: Glastrier|45/100\n|-unboost|p2a: Conkeldurr|def|1\n|-unboost|p2a: Conkeldurr|spd|1\n|move|p1a: Glastrier|Heavy Slam|p2a: Conkeldurr\n|-damage|p2a: Conkeldurr|0 fnt\n|faint|p2a: Conkeldurr\n|-ability|p1a: Glastrier|Chilling Neigh|boost\n|-boost|p1a: Glastrier|atk|1\n|\n|upkeep\n|inactive|Time left: 300 sec this turn | 300 sec total | 5 sec grace\n|\n|t:|1783564340\n|switch|p2a: Zacian|Zacian-Crowned, L64|225/225\n|-ability|p2a: Zacian|Intrepid Sword|boost\n|-boost|p2a: Zacian|atk|1\n|turn|3\n|inactive|Time left: 300 sec this turn | 300 sec total\n|\n|t:|1783564341\n|move|p2a: Zacian|Play Rough|p1a: Glastrier\n|-supereffective|p1a: Glastrier\n|-damage|p1a: Glastrier|0 fnt\n|faint|p1a: Glastrier\n|\n|upkeep\n|\n|t:|1783564342\n|switch|p1a: Milotic|Milotic, L83, F|100/100\n|turn|4\n|inactive|Time left: 300 sec this turn | 300 sec total\n|\n|t:|1783564344\n|move|p2a: Zacian|Swords Dance|p2a: Zacian\n|-boost|p2a: Zacian|atk|2\n|move|p1a: Milotic|Scald|p2a: Zacian\n|-damage|p2a: Zacian|129/225\n|-status|p2a: Zacian|brn\n|\n|-damage|p2a: Zacian|115/225 brn|[from] brn\n|upkeep\n|turn|5\n|inactive|Time left: 300 sec this turn | 300 sec total\n|\n|t:|1783564345\n|move|p2a: Zacian|Play Rough|p1a: Milotic\n|-damage|p1a: Milotic|64/100\n|move|p1a: Milotic|Scald|p2a: Zacian\n|-damage|p2a: Zacian|24/225 brn\n|\n|-heal|p1a: Milotic|70/100|[from] item: Leftovers\n|-damage|p2a: Zacian|10/225 brn|[from] brn\n|upkeep\n|turn|6\n|inactive|Time left: 300 sec this turn | 300 sec total\n|\n|t:|1783564346\n|move|p2a: Zacian|Close Combat|p1a: Milotic\n|-damage|p1a: Milotic|39/100\n|-unboost|p2a: Zacian|def|1\n|-unboost|p2a: Zacian|spd|1\n|move|p1a: Milotic|Recover|p1a: Milotic\n|-heal|p1a: Milotic|89/100\n|\n|-heal|p1a: Milotic|95/100|[from] item: Leftovers\n|-damage|p2a: Zacian|0 fnt|[from] brn\n|faint|p2a: Zacian\n|upkeep\n|inactive|Time left: 300 sec this turn | 300 sec total | 5 sec grace\n|\n|t:|1783564347\n|switch|p2a: Arceus|Arceus-Fairy, L69|280/280\n|turn|7\n|inactive|Time left: 300 sec this turn | 300 sec total\n|\n|t:|1783564348\n|move|p2a: Arceus|Calm Mind|p2a: Arceus\n|-boost|p2a: Arceus|spa|1\n|-boost|p2a: Arceus|spd|1\n|move|p1a: Milotic|Scald|p2a: Arceus\n|-damage|p2a: Arceus|223/280\n|\n|-heal|p1a: Milotic|100/100|[from] item: Leftovers\n|upkeep\n|turn|8\n|inactive|Time left: 300 sec this turn | 300 sec total\n|\n|t:|1783564349\n|move|p2a: Arceus|Calm Mind|p2a: Arceus\n|-boost|p2a: Arceus|spa|1\n|-boost|p2a: Arceus|spd|1\n|move|p1a: Milotic|Ice Beam|p2a: Arceus\n|-damage|p2a: Arceus|189/280\n|-status|p2a: Arceus|frz\n|\n|upkeep\n|turn|9\n|inactive|Time left: 300 sec this turn | 300 sec total\n|\n|t:|1783564350\n|switch|p1a: Tsareena|Tsareena, L87, F|100/100\n|-curestatus|p2a: Arceus|frz|[msg]\n|move|p2a: Arceus|Judgment|p1a: Tsareena\n|-damage|p1a: Tsareena|30/100\n|\n|upkeep\n|turn|10\n|inactive|Time left: 300 sec this turn | 300 sec total\n|\n|t:|1783564351\n|move|p2a: Arceus|Judgment|p1a: Tsareena\n|-damage|p1a: Tsareena|0 fnt\n|faint|p1a: Tsareena\n|\n|upkeep\n|\n|t:|1783564352\n|switch|p1a: Iron Leaves|Iron Leaves, L80|100/100\n|turn|11\n|inactive|Time left: 300 sec this turn | 300 sec total\n|\n|t:|1783564353\n|move|p1a: Iron Leaves|Leaf Blade|p2a: Arceus\n|-damage|p2a: Arceus|33/280\n|move|p2a: Arceus|Recover|p2a: Arceus\n|-heal|p2a: Arceus|173/280\n|\n|upkeep\n|turn|12\n|inactive|Time left: 300 sec this turn | 300 sec total\n|\n|t:|1783564353\n|-terastallize|p2a: Arceus|Steel\n|move|p1a: Iron Leaves|Leaf Blade|p2a: Arceus\n|-resisted|p2a: Arceus\n|-damage|p2a: Arceus|95/280\n|move|p2a: Arceus|Recover|p2a: Arceus\n|-heal|p2a: Arceus|235/280\n|\n|upkeep\n|turn|13\n|inactive|Time left: 300 sec this turn | 300 sec total\n|\n|t:|1783564354\n|-end|p1a: Iron Leaves|Quark Drive|[silent]\n|switch|p1a: Milotic|Milotic, L83, F|100/100\n|move|p2a: Arceus|Judgment|p1a: Milotic\n|-damage|p1a: Milotic|42/100\n|\n|-heal|p1a: Milotic|48/100|[from] item: Leftovers\n|upkeep\n|turn|14\n|inactive|Time left: 300 sec this turn | 300 sec total\n|\n|t:|1783564355\n|switch|p1a: Iron Leaves|Iron Leaves, L80|100/100\n|move|p2a: Arceus|Judgment|p1a: Iron Leaves\n|-damage|p1a: Iron Leaves|33/100\n|\n|upkeep\n|turn|15\n|inactive|Time left: 300 sec this turn | 300 sec total\n|\n|t:|1783564356\n|switch|p2a: Hypno|Hypno, L95, M|315/315\n|move|p1a: Iron Leaves|Close Combat|p2a: Hypno\n|-resisted|p2a: Hypno\n|-damage|p2a: Hypno|235/315\n|-unboost|p1a: Iron Leaves|def|1\n|-unboost|p1a: Iron Leaves|spd|1\n|\n|-heal|p2a: Hypno|254/315|[from] item: Leftovers\n|upkeep\n|turn|16\n|inactive|Time left: 300 sec this turn | 300 sec total\n|\n|t:|1783564357\n|move|p1a: Iron Leaves|Close Combat|p2a: Hypno\n|-resisted|p2a: Hypno\n|-damage|p2a: Hypno|179/315\n|-unboost|p1a: Iron Leaves|def|1\n|-unboost|p1a: Iron Leaves|spd|1\n|move|p2a: Hypno|Knock Off|p1a: Iron Leaves\n|-supereffective|p1a: Iron Leaves\n|-crit|p1a: Iron Leaves\n|-damage|p1a: Iron Leaves|0 fnt\n|-enditem|p1a: Iron Leaves|Choice Band|[from] move: Knock Off|[of] p2a: Hypno\n|faint|p1a: Iron Leaves\n|-end|p1a: Iron Leaves|Quark Drive|[silent]\n|\n|-heal|p2a: Hypno|198/315|[from] item: Leftovers\n|upkeep\n|\n|t:|1783564357\n|switch|p1a: Crawdaunt|Crawdaunt, L84, F|100/100\n|turn|17\n|inactive|Time left: 300 sec this turn | 300 sec total\n|\n|t:|1783564358\n|move|p2a: Hypno|Thunder Wave|p1a: Crawdaunt\n|-status|p1a: Crawdaunt|par\n|move|p1a: Crawdaunt|Dragon Dance|p1a: Crawdaunt\n|-boost|p1a: Crawdaunt|atk|1\n|-boost|p1a: Crawdaunt|spe|1\n|\n|-heal|p2a: Hypno|217/315|[from] item: Leftovers\n|upkeep\n|turn|18\n|inactive|Time left: 300 sec this turn | 300 sec total\n|\n|t:|1783564359\n|move|p2a: Hypno|Encore|p1a: Crawdaunt\n|-start|p1a: Crawdaunt|Encore\n|cant|p1a: Crawdaunt|par\n|\n|-heal|p2a: Hypno|236/315|[from] item: Leftovers\n|upkeep\n|turn|19\n|inactive|Time left: 300 sec this turn | 300 sec total\n|\n|t:|1783564360\n|move|p2a: Hypno|Knock Off|p1a: Crawdaunt\n|-resisted|p1a: Crawdaunt\n|-damage|p1a: Crawdaunt|86/100 par\n|-enditem|p1a: Crawdaunt|Life Orb|[from] move: Knock Off|[of] p2a: Hypno\n|move|p1a: Crawdaunt|Dragon Dance|p1a: Crawdaunt\n|-boost|p1a: Crawdaunt|atk|1\n|-boost|p1a: Crawdaunt|spe|1\n|\n|-heal|p2a: Hypno|255/315|[from] item: Leftovers\n|upkeep\n|turn|20\n|inactive|Time left: 300 sec this turn | 300 sec total\n|\n|t:|1783564360\n|switch|p2a: Arceus|Arceus-Fairy, L69, tera:Steel|235/280\n|move|p1a: Crawdaunt|Dragon Dance|p1a: Crawdaunt\n|-boost|p1a: Crawdaunt|atk|1\n|-boost|p1a: Crawdaunt|spe|1\n|\n|-end|p1a: Crawdaunt|Encore\n|upkeep\n|turn|21\n|inactive|Time left: 300 sec this turn | 300 sec total\n|\n|t:|1783564361\n|switch|p1a: Milotic|Milotic, L83, F|48/100\n|move|p2a: Arceus|Judgment|p1a: Milotic\n|-damage|p1a: Milotic|21/100\n|\n|-heal|p1a: Milotic|27/100|[from] item: Leftovers\n|upkeep\n|turn|22\n|inactive|Time left: 300 sec this turn | 300 sec total\n|\n|t:|1783564362\n|move|p2a: Arceus|Judgment|p1a: Milotic\n|-damage|p1a: Milotic|0 fnt\n|faint|p1a: Milotic\n|\n|upkeep\n|\n|t:|1783564363\n|switch|p1a: Plusle|Plusle, L95, M|100/100\n|turn|23\n|inactive|Time left: 300 sec this turn | 300 sec total\n|\n|t:|1783564363\n|switch|p2a: Quagsire|Quagsire, L84, F|297/297\n|move|p1a: Plusle|Nasty Plot|p1a: Plusle\n|-boost|p1a: Plusle|spa|2\n|\n|upkeep\n|turn|24\n|inactive|Time left: 300 sec this turn | 300 sec total\n|\n|t:|1783564364\n|switch|p2a: Mightyena|Mightyena, L96, F|290/290\n|-ability|p2a: Mightyena|Intimidate|boost\n|-unboost|p1a: Plusle|atk|1\n|move|p1a: Plusle|Grass Knot|p2a: Mightyena\n|-damage|p2a: Mightyena|195/290\n|-damage|p1a: Plusle|91/100|[from] item: Life Orb\n|\n|upkeep\n|turn|25\n|inactive|Time left: 300 sec this turn | 300 sec total\n|\n|t:|1783564365\n|switch|p2a: Quagsire|Quagsire, L84, F|297/297\n|move|p1a: Plusle|Thunderbolt|p2a: Quagsire\n|-immune|p2a: Quagsire\n|\n|upkeep\n|turn|26\n|inactive|Time left: 300 sec this turn | 300 sec total\n|\n|t:|1783564366\n|switch|p2a: Mightyena|Mightyena, L96, F|195/290\n|-ability|p2a: Mightyena|Intimidate|boost\n|-unboost|p1a: Plusle|atk|1\n|move|p1a: Plusle|Grass Knot|p2a: Mightyena\n|-damage|p2a: Mightyena|92/290\n|-damage|p1a: Plusle|81/100|[from] item: Life Orb\n|\n|upkeep\n|turn|27\n|inactive|Time left: 300 sec this turn | 300 sec total\n|\n|t:|1783564367\n|move|p2a: Mightyena|Sucker Punch|p1a: Plusle\n|-damage|p1a: Plusle|33/100\n|move|p1a: Plusle|Thunderbolt|p2a: Mightyena\n|-damage|p2a: Mightyena|0 fnt\n|faint|p2a: Mightyena\n|-damage|p1a: Plusle|23/100|[from] item: Life Orb\n|\n|upkeep\n|inactive|Time left: 300 sec this turn | 300 sec total | 5 sec grace\n|\n|t:|1783564369\n|switch|p2a: Hypno|Hypno, L95, M|255/315\n|turn|28\n|inactive|Time left: 300 sec this turn | 300 sec total\n|\n|t:|1783564370\n|switch|p1a: Crawdaunt|Crawdaunt, L84, F|86/100 par\n|move|p2a: Hypno|Knock Off|p1a: Crawdaunt\n|-resisted|p1a: Crawdaunt\n|-damage|p1a: Crawdaunt|75/100 par\n|\n|-heal|p2a: Hypno|274/315|[from] item: Leftovers\n|upkeep\n|turn|29\n|inactive|Time left: 300 sec this turn | 300 sec total\n|\n|t:|1783564371\n|switch|p2a: Arceus|Arceus-Fairy, L69, tera:Steel|235/280\n|move|p1a: Crawdaunt|Knock Off|p2a: Arceus\n|-damage|p2a: Arceus|133/280\n|\n|upkeep\n|turn|30\n|inactive|Time left: 300 sec this turn | 300 sec total\n|\n|t:|1783564372\n|move|p2a: Arceus|Judgment|p1a: Crawdaunt\n|-supereffective|p1a: Crawdaunt\n|-damage|p1a: Crawdaunt|0 fnt\n|faint|p1a: Crawdaunt\n|\n|upkeep\n|\n|t:|1783564373\n|switch|p1a: Plusle|Plusle, L95, M|23/100\n|turn|31\n|inactive|Time left: 300 sec this turn | 300 sec total\n|\n|t:|1783564374\n|move|p1a: Plusle|Thunderbolt|p2a: Arceus\n|-damage|p2a: Arceus|0 fnt\n|faint|p2a: Arceus\n|-damage|p1a: Plusle|14/100|[from] item: Life Orb\n|\n|upkeep\n|inactive|Time left: 300 sec this turn | 300 sec total | 5 sec grace\n|\n|t:|1783564375\n|switch|p2a: Hypno|Hypno, L95, M|274/315\n|turn|32\n|inactive|Time left: 300 sec this turn | 300 sec total\n|\n|t:|1783564376\n|move|p1a: Plusle|Nasty Plot|p1a: Plusle\n|-boost|p1a: Plusle|spa|2\n|move|p2a: Hypno|Psychic Noise|p1a: Plusle\n|-damage|p1a: Plusle|0 fnt\n|faint|p1a: Plusle\n|\n|win|p0y2176f476", "uploadtime": 1783564376, "views": 0, "rating": 0, "private": 0, "password": null, "_winner": "p0y2176f476", "_our_name": "p0y2176f476"}