{"id": "battle-gen9randombattle-544", "formatid": "gen9randombattle", "format": "[Gen 9] Random Battle", "players": ["p0x544f598", "p0y544d436"], "log": "|init|battle\n|title|p0x544f598 vs. p0y544d436\n|j|\u2606p0x544f598\n|j|\u2606p0y544d436\n|t:|1783546104\n|gametype|singles\n|player|p1|p0x544f598|170|\n|player|p2|p0y544d436|102|\n|gen|9\n|tier|[Gen 9] Random Battle\n|rule|Species Clause: Limit one of each Pok\u00e9mon\n|rule|HP Percentage Mod: HP is shown in percentages\n|rule|Sleep Clause Mod: Limit one foe put to sleep\n|rule|Illusion Level Mod: Illusion disguises the Pok\u00e9mon's true level\n|\n|t:|1783546104\n|teamsize|p1|6\n|teamsize|p2|6\n|start\n|switch|p1a: Sneasler|Sneasler, L74, F|100/100\n|switch|p2a: Eelektross|Eelektross, L87, F|290/290\n|turn|1\n|inactive|Battle timer is ON: inactive players will automatically lose when time's up. (requested by p0x544f598)\n|inactive|Time left: 300 sec this turn | 300 sec total | 60 sec grace\n|inactive|p0y544d436 also wants the timer to be on.\n|\n|t:|1783546106\n|move|p1a: Sneasler|Dire Claw|p2a: Eelektross\n|-damage|p2a: Eelektross|169/290\n|move|p2a: Eelektross|Supercell Slam|p1a: Sneasler\n|-damage|p1a: Sneasler|23/100\n|\n|-heal|p2a: Eelektross|187/290|[from] item: Leftovers\n|upkeep\n|turn|2\n|inactive|Time left: 300 sec this turn | 300 sec total\n|\n|t:|1783546107\n|move|p1a: Sneasler|Dire Claw|p2a: Eelektross\n|-damage|p2a: Eelektross|46/290\n|move|p2a: Eelektross|Fire Punch|p1a: Sneasler\n|-damage|p1a: Sneasler|0 fnt\n|faint|p1a: Sneasler\n|\n|-heal|p2a: Eelektross|64/290|[from] item: Leftovers\n|upkeep\n|\n|t:|1783546108\n|switch|p1a: Iron Jugulis|Iron Jugulis, L77|100/100\n|turn|3\n|inactive|Time left: 300 sec this turn | 300 sec total\n|\n|t:|1783546109\n|switch|p2a: Keldeo|Keldeo-Resolute, L79|273/273\n|move|p1a: Iron Jugulis|Dark Pulse|p2a: Keldeo\n|-resisted|p2a: Keldeo\n|-damage|p2a: Keldeo|212/273\n|-ability|p2a: Keldeo|Justified|boost\n|-boost|p2a: Keldeo|atk|1\n|\n|-heal|p2a: Keldeo|229/273|[from] item: Leftovers\n|upkeep\n|turn|4\n|inactive|Time left: 300 sec this turn | 300 sec total\n|\n|t:|1783546110\n|-end|p1a: Iron Jugulis|Quark Drive|[silent]\n|switch|p1a: Froslass|Froslass, L87, F|100/100\n|move|p2a: Keldeo|Calm Mind|p2a: Keldeo\n|-boost|p2a: Keldeo|spa|1\n|-boost|p2a: Keldeo|spd|1\n|\n|-heal|p2a: Keldeo|246/273|[from] item: Leftovers\n|upkeep\n|turn|5\n|inactive|Time left: 300 sec this turn | 300 sec total\n|\n|t:|1783546112\n|move|p1a: Froslass|Poltergeist|p2a: Keldeo\n|-activate|p2a: Keldeo|move: Poltergeist|Leftovers\n|-damage|p2a: Keldeo|138/273\n|move|p2a: Keldeo|Hydro Pump|p1a: Froslass\n|-damage|p1a: Froslass|23/100\n|\n|-heal|p2a: Keldeo|155/273|[from] item: Leftovers\n|upkeep\n|turn|6\n|inactive|Time left: 300 sec this turn | 300 sec total\n|\n|t:|1783546113\n|move|p1a: Froslass|Poltergeist|p2a: Keldeo\n|-activate|p2a: Keldeo|move: Poltergeist|Leftovers\n|-damage|p2a: Keldeo|50/273\n|move|p2a: Keldeo|Hydro Pump|p1a: Froslass|[miss]\n|-miss|p2a: Keldeo|p1a: Froslass\n|\n|-heal|p2a: Keldeo|67/273|[from] item: Leftovers\n|upkeep\n|turn|7\n|inactive|Time left: 300 sec this turn | 300 sec total\n|\n|t:|1783546114\n|move|p1a: Froslass|Poltergeist|p2a: Keldeo\n|-activate|p2a: Keldeo|move: Poltergeist|Leftovers\n|-damage|p2a: Keldeo|0 fnt\n|faint|p2a: Keldeo\n|\n|upkeep\n|inactive|Time left: 300 sec this turn | 300 sec total | 5 sec grace\n|\n|t:|1783546115\n|switch|p2a: Kyogre|Kyogre, L71|259/259\n|-weather|RainDance|[from] ability: Drizzle|[of] p2a: Kyogre\n|turn|8\n|inactive|Time left: 300 sec this turn | 300 sec total\n|\n|t:|1783546116\n|move|p2a: Kyogre|Water Spout|p1a: Froslass\n|-damage|p1a: Froslass|0 fnt\n|faint|p1a: Froslass\n|\n|-weather|RainDance|[upkeep]\n|upkeep\n|\n|t:|1783546117\n|switch|p1a: Electrode|Electrode, L92|100/100\n|turn|9\n|inactive|Time left: 300 sec this turn | 300 sec total\n|\n|t:|1783546118\n|move|p1a: Electrode|Thunderbolt|p2a: Kyogre\n|-supereffective|p2a: Kyogre\n|-damage|p2a: Kyogre|41/259\n|-damage|p1a: Electrode|90/100|[from] item: Life Orb\n|move|p2a: Kyogre|Water Spout|p1a: Electrode\n|-damage|p1a: Electrode|75/100\n|\n|-weather|RainDance|[upkeep]\n|upkeep\n|turn|10\n|inactive|Time left: 300 sec this turn | 300 sec total\n|\n|t:|1783546119\n|switch|p2a: Leavanny|Leavanny, L86, M|269/269\n|move|p1a: Electrode|Volt Switch|p2a: Leavanny\n|-resisted|p2a: Leavanny\n|-damage|p2a: Leavanny|222/269\n|-damage|p1a: Electrode|65/100|[from] item: Life Orb\n|\n|t:|1783546120\n|switch|p1a: Iron Jugulis|Iron Jugulis, L77|100/100|[from] Volt Switch\n|\n|-weather|RainDance|[upkeep]\n|upkeep\n|turn|11\n|inactive|Time left: 300 sec this turn | 300 sec total\n|\n|t:|1783546121\n|switch|p2a: Eelektross|Eelektross, L87, F|64/290\n|move|p1a: Iron Jugulis|Hurricane|p2a: Eelektross\n|-resisted|p2a: Eelektross\n|-damage|p2a: Eelektross|0 fnt\n|faint|p2a: Eelektross\n|\n|-weather|RainDance|[upkeep]\n|upkeep\n|inactive|Time left: 300 sec this turn | 300 sec total | 5 sec grace\n|\n|t:|1783546122\n|switch|p2a: Kyogre|Kyogre, L71|41/259\n|turn|12\n|inactive|Time left: 300 sec this turn | 300 sec total\n|\n|t:|1783546123\n|move|p2a: Kyogre|Origin Pulse|p1a: Iron Jugulis\n|-damage|p1a: Iron Jugulis|29/100\n|move|p1a: Iron Jugulis|Hurricane|p2a: Kyogre\n|-damage|p2a: Kyogre|0 fnt\n|faint|p2a: Kyogre\n|\n|-weather|none\n|upkeep\n|inactive|Time left: 300 sec this turn | 300 sec total | 5 sec grace\n|\n|t:|1783546124\n|switch|p2a: Scovillain|Scovillain, L91, F|266/266\n|turn|13\n|inactive|Time left: 300 sec this turn | 300 sec total\n|\n|t:|1783546125\n|move|p2a: Scovillain|Flamethrower|p1a: Iron Jugulis\n|-damage|p1a: Iron Jugulis|0 fnt\n|faint|p1a: Iron Jugulis\n|-end|p1a: Iron Jugulis|Quark Drive|[silent]\n|\n|upkeep\n|\n|t:|1783546126\n|switch|p1a: Indeedee|Indeedee-F, L90, F|100/100\n|-fieldstart|move: Psychic Terrain|[from] ability: Psychic Surge|[of] p1a: Indeedee\n|turn|14\n|inactive|Time left: 300 sec this turn | 300 sec total\n|\n|t:|1783546127\n|move|p2a: Scovillain|Flamethrower|p1a: Indeedee\n|-damage|p1a: Indeedee|62/100\n|move|p1a: Indeedee|Calm Mind|p1a: Indeedee\n|-boost|p1a: Indeedee|spa|1\n|-boost|p1a: Indeedee|spd|1\n|\n|upkeep\n|turn|15\n|inactive|Time left: 300 sec this turn | 300 sec total\n|\n|t:|1783546128\n|move|p2a: Scovillain|Flamethrower|p1a: Indeedee\n|-damage|p1a: Indeedee|37/100\n|move|p1a: Indeedee|Psyshock|p2a: Scovillain\n|-damage|p2a: Scovillain|3/266\n|-damage|p1a: Indeedee|27/100|[from] item: Life Orb\n|\n|upkeep\n|turn|16\n|inactive|Time left: 300 sec this turn | 300 sec total\n|\n|t:|1783546129\n|move|p2a: Scovillain|Flamethrower|p1a: Indeedee\n|-damage|p1a: Indeedee|4/100\n|move|p1a: Indeedee|Hyper Voice|p2a: Scovillain\n|-damage|p2a: Scovillain|0 fnt\n|faint|p2a: Scovillain\n|-damage|p1a: Indeedee|0 fnt|[from] item: Life Orb\n|faint|p1a: Indeedee\n|\n|upkeep\n|inactive|Time left: 300 sec this turn | 300 sec total | 5 sec grace\n|\n|t:|1783546130\n|switch|p1a: Copperajah|Copperajah, L86, F|100/100\n|switch|p2a: Tornadus|Tornadus, L82, M|263/263\n|turn|17\n|inactive|Time left: 300 sec this turn | 300 sec total\n|\n|t:|1783546131\n|-terastallize|p2a: Tornadus|Flying\n|move|p2a: Tornadus|Bleakwind Storm|p1a: Copperajah\n|-resisted|p1a: Copperajah\n|-damage|p1a: Copperajah|63/100\n|move|p1a: Copperajah|Iron Head|p2a: Tornadus\n|-damage|p2a: Tornadus|49/263\n|\n|upkeep\n|turn|18\n|inactive|Time left: 300 sec this turn | 300 sec total\n|\n|t:|1783546132\n|switch|p1a: Electrode|Electrode, L92|65/100\n|move|p2a: Tornadus|Bleakwind Storm|p1a: Electrode\n|-resisted|p1a: Electrode\n|-damage|p1a: Electrode|20/100\n|\n|-fieldend|move: Psychic Terrain\n|upkeep\n|turn|19\n|inactive|Time left: 300 sec this turn | 300 sec total\n|\n|t:|1783546133\n|switch|p2a: Leavanny|Leavanny, L86, M|222/269\n|-terastallize|p1a: Electrode|Ice\n|move|p1a: Electrode|Tera Blast|p2a: Leavanny|[anim] Tera Blast Ice\n|-supereffective|p2a: Leavanny\n|-damage|p2a: Leavanny|0 fnt\n|faint|p2a: Leavanny\n|-damage|p1a: Electrode|10/100|[from] item: Life Orb\n|\n|upkeep\n|inactive|Time left: 300 sec this turn | 300 sec total | 5 sec grace\n|\n|t:|1783546134\n|switch|p2a: Tornadus|Tornadus, L82, M, tera:Flying|49/263\n|turn|20\n|inactive|Time left: 300 sec this turn | 300 sec total\n|\n|t:|1783546135\n|move|p1a: Electrode|Tera Blast|p2a: Tornadus|[anim] Tera Blast Ice\n|-supereffective|p2a: Tornadus\n|-damage|p2a: Tornadus|0 fnt\n|faint|p2a: Tornadus\n|-damage|p1a: Electrode|0 fnt|[from] item: Life Orb\n|faint|p1a: Electrode\n|\n|win|p0x544f598", "uploadtime": 1783546135, "views": 0, "rating": 0, "private": 0, "password": null, "_winner": "p0x544f598", "_our_name": "p0y544d436"}