{"id": "battle-gen9randombattle-276", "formatid": "gen9randombattle", "format": "[Gen 9] Random Battle", "players": ["p0x27699f4", "p0y27676c7"], "log": "|init|battle\n|title|p0x27699f4 vs. p0y27676c7\n|j|\u2606p0x27699f4\n|j|\u2606p0y27676c7\n|t:|1783542786\n|gametype|singles\n|player|p1|p0x27699f4|169|\n|player|p2|p0y27676c7|1|\n|gen|9\n|tier|[Gen 9] Random Battle\n|rule|Species Clause: Limit one of each Pok\u00e9mon\n|rule|HP Percentage Mod: HP is shown in percentages\n|rule|Sleep Clause Mod: Limit one foe put to sleep\n|rule|Illusion Level Mod: Illusion disguises the Pok\u00e9mon's true level\n|\n|t:|1783542786\n|teamsize|p1|6\n|teamsize|p2|6\n|start\n|switch|p1a: Seviper|Seviper, L93, F|100/100\n|switch|p2a: Avalugg|Avalugg-Hisui, L90, F|317/317\n|turn|1\n|inactive|Battle timer is ON: inactive players will automatically lose when time's up. (requested by p0x27699f4)\n|inactive|Time left: 300 sec this turn | 300 sec total | 60 sec grace\n|inactive|p0y27676c7 also wants the timer to be on.\n|\n|t:|1783542787\n|move|p1a: Seviper|Swords Dance|p1a: Seviper\n|-boost|p1a: Seviper|atk|2\n|move|p2a: Avalugg|Stone Edge|p1a: Seviper\n|-damage|p1a: Seviper|43/100\n|\n|-heal|p1a: Seviper|49/100|[from] item: Leftovers\n|upkeep\n|turn|2\n|inactive|Time left: 300 sec this turn | 300 sec total\n|\n|t:|1783542789\n|move|p1a: Seviper|Earthquake|p2a: Avalugg\n|-supereffective|p2a: Avalugg\n|-damage|p2a: Avalugg|137/317\n|move|p2a: Avalugg|Avalanche|p1a: Seviper\n|-damage|p1a: Seviper|0 fnt\n|faint|p1a: Seviper\n|\n|upkeep\n|\n|t:|1783542790\n|switch|p1a: Keldeo|Keldeo-Resolute, L79|100/100\n|turn|3\n|inactive|Time left: 300 sec this turn | 300 sec total\n|\n|t:|1783542791\n|switch|p2a: Conkeldurr|Conkeldurr, L80, M|299/299\n|move|p1a: Keldeo|Surf|p2a: Conkeldurr\n|-damage|p2a: Conkeldurr|151/299\n|\n|-status|p2a: Conkeldurr|brn|[from] item: Flame Orb\n|upkeep\n|turn|4\n|inactive|Time left: 300 sec this turn | 300 sec total\n|\n|t:|1783542792\n|switch|p2a: Miraidon|Miraidon, L65|238/238\n|-fieldstart|move: Electric Terrain|[from] ability: Hadron Engine|[of] p2a: Miraidon\n|move|p1a: Keldeo|Surf|p2a: Miraidon\n|-resisted|p2a: Miraidon\n|-damage|p2a: Miraidon|185/238\n|\n|upkeep\n|turn|5\n|inactive|Time left: 300 sec this turn | 300 sec total\n|\n|t:|1783542794\n|move|p1a: Keldeo|Substitute|p1a: Keldeo\n|-start|p1a: Keldeo|Substitute\n|-damage|p1a: Keldeo|76/100\n|move|p2a: Miraidon|Electro Drift|p1a: Keldeo\n|-supereffective|p1a: Keldeo\n|-end|p1a: Keldeo|Substitute\n|\n|-heal|p1a: Keldeo|82/100|[from] item: Leftovers\n|upkeep\n|turn|6\n|inactive|Time left: 300 sec this turn | 300 sec total\n|\n|t:|1783542795\n|switch|p1a: Exeggutor|Exeggutor, L89, M|100/100\n|move|p2a: Miraidon|Electro Drift|p1a: Exeggutor\n|-resisted|p1a: Exeggutor\n|-damage|p1a: Exeggutor|65/100\n|\n|upkeep\n|turn|7\n|inactive|Time left: 300 sec this turn | 300 sec total\n|\n|t:|1783542796\n|move|p2a: Miraidon|Electro Drift|p1a: Exeggutor\n|-resisted|p1a: Exeggutor\n|-damage|p1a: Exeggutor|25/100\n|-enditem|p1a: Exeggutor|Sitrus Berry|[eat]\n|-heal|p1a: Exeggutor|50/100|[from] item: Sitrus Berry\n|move|p1a: Exeggutor|Psychic|p2a: Miraidon\n|-damage|p2a: Miraidon|44/238\n|\n|upkeep\n|turn|8\n|inactive|Time left: 300 sec this turn | 300 sec total\n|\n|t:|1783542797\n|move|p2a: Miraidon|Electro Drift|p1a: Exeggutor\n|-resisted|p1a: Exeggutor\n|-damage|p1a: Exeggutor|12/100\n|move|p1a: Exeggutor|Psychic|p2a: Miraidon\n|-damage|p2a: Miraidon|0 fnt\n|faint|p2a: Miraidon\n|\n|-fieldend|move: Electric Terrain\n|upkeep\n|inactive|Time left: 300 sec this turn | 300 sec total | 5 sec grace\n|\n|t:|1783542798\n|switch|p2a: Kyogre|Kyogre, L71|259/259\n|-weather|RainDance|[from] ability: Drizzle|[of] p2a: Kyogre\n|turn|9\n|inactive|Time left: 300 sec this turn | 300 sec total\n|\n|t:|1783542800\n|switch|p1a: Keldeo|Keldeo-Resolute, L79|82/100\n|move|p2a: Kyogre|Origin Pulse|p1a: Keldeo\n|-resisted|p1a: Keldeo\n|-damage|p1a: Keldeo|50/100\n|\n|-weather|RainDance|[upkeep]\n|-heal|p1a: Keldeo|56/100|[from] item: Leftovers\n|upkeep\n|turn|10\n|inactive|Time left: 300 sec this turn | 300 sec total\n|\n|t:|1783542801\n|move|p1a: Keldeo|Calm Mind|p1a: Keldeo\n|-boost|p1a: Keldeo|spa|1\n|-boost|p1a: Keldeo|spd|1\n|move|p2a: Kyogre|Thunder|p1a: Keldeo\n|-supereffective|p1a: Keldeo\n|-damage|p1a: Keldeo|13/100\n|\n|-weather|RainDance|[upkeep]\n|-heal|p1a: Keldeo|19/100|[from] item: Leftovers\n|upkeep\n|turn|11\n|inactive|Time left: 300 sec this turn | 300 sec total\n|\n|t:|1783542802\n|move|p1a: Keldeo|Secret Sword|p2a: Kyogre\n|-damage|p2a: Kyogre|100/259\n|move|p2a: Kyogre|Thunder|p1a: Keldeo\n|-supereffective|p1a: Keldeo\n|-damage|p1a: Keldeo|0 fnt\n|faint|p1a: Keldeo\n|\n|-weather|RainDance|[upkeep]\n|-heal|p2a: Kyogre|116/259|[from] item: Leftovers\n|upkeep\n|\n|t:|1783542803\n|switch|p1a: Grafaiai|Grafaiai, L86, F|100/100\n|turn|12\n|inactive|Time left: 300 sec this turn | 300 sec total\n|\n|t:|1783542803\n|switch|p2a: Avalugg|Avalugg-Hisui, L90, F|137/317\n|move|p1a: Grafaiai|Low Kick|p2a: Avalugg\n|-supereffective|p2a: Avalugg\n|-damage|p2a: Avalugg|0 fnt\n|faint|p2a: Avalugg\n|-damage|p1a: Grafaiai|91/100|[from] item: Life Orb\n|\n|-weather|RainDance|[upkeep]\n|upkeep\n|inactive|Time left: 300 sec this turn | 300 sec total | 5 sec grace\n|\n|t:|1783542804\n|switch|p2a: Vespiquen|Vespiquen, L99, F|299/299\n|-ability|p2a: Vespiquen|Pressure\n|turn|13\n|inactive|Time left: 300 sec this turn | 300 sec total\n|\n|t:|1783542805\n|move|p1a: Grafaiai|Swords Dance|p1a: Grafaiai\n|-boost|p1a: Grafaiai|atk|2\n|move|p2a: Vespiquen|Hurricane|p1a: Grafaiai\n|-damage|p1a: Grafaiai|25/100\n|\n|-weather|none\n|upkeep\n|turn|14\n|inactive|Time left: 300 sec this turn | 300 sec total\n|\n|t:|1783542806\n|move|p1a: Grafaiai|Gunk Shot|p2a: Vespiquen\n|-damage|p2a: Vespiquen|25/299\n|-damage|p1a: Grafaiai|16/100|[from] item: Life Orb\n|move|p2a: Vespiquen|Hurricane|p1a: Grafaiai\n|-damage|p1a: Grafaiai|0 fnt\n|faint|p1a: Grafaiai\n|\n|upkeep\n|\n|t:|1783542807\n|switch|p1a: Spectrier|Spectrier, L75|100/100\n|turn|15\n|inactive|Time left: 300 sec this turn | 300 sec total\n|\n|t:|1783542808\n|switch|p2a: Volbeat|Volbeat, L90, M|263/263\n|move|p1a: Spectrier|Shadow Ball|p2a: Volbeat\n|-damage|p2a: Volbeat|166/263\n|\n|upkeep\n|turn|16\n|inactive|Time left: 300 sec this turn | 300 sec total\n|\n|t:|1783542808\n|move|p2a: Volbeat|Thunder Wave|p1a: Spectrier\n|-status|p1a: Spectrier|par\n|move|p1a: Spectrier|Nasty Plot|p1a: Spectrier\n|-boost|p1a: Spectrier|spa|2\n|\n|upkeep\n|turn|17\n|inactive|Time left: 300 sec this turn | 300 sec total\n|\n|t:|1783542809\n|move|p2a: Volbeat|Encore|p1a: Spectrier\n|-start|p1a: Spectrier|Encore\n|move|p1a: Spectrier|Nasty Plot|p1a: Spectrier\n|-boost|p1a: Spectrier|spa|2\n|\n|upkeep\n|turn|18\n|inactive|Time left: 300 sec this turn | 300 sec total\n|\n|t:|1783542810\n|switch|p2a: Kyogre|Kyogre, L71|116/259\n|-weather|RainDance|[from] ability: Drizzle|[of] p2a: Kyogre\n|move|p1a: Spectrier|Nasty Plot|p1a: Spectrier\n|-boost|p1a: Spectrier|spa|2\n|\n|-weather|RainDance|[upkeep]\n|-heal|p2a: Kyogre|132/259|[from] item: Leftovers\n|upkeep\n|turn|19\n|inactive|Time left: 300 sec this turn | 300 sec total\n|\n|t:|1783542811\n|switch|p1a: Exeggutor|Exeggutor, L89, M|12/100\n|move|p2a: Kyogre|Origin Pulse|p1a: Exeggutor\n|-resisted|p1a: Exeggutor\n|-damage|p1a: Exeggutor|0 fnt\n|faint|p1a: Exeggutor\n|\n|-weather|RainDance|[upkeep]\n|-heal|p2a: Kyogre|148/259|[from] item: Leftovers\n|upkeep\n|\n|t:|1783542812\n|switch|p1a: Spectrier|Spectrier, L75|100/100 par\n|turn|20\n|inactive|Time left: 300 sec this turn | 300 sec total\n|\n|t:|1783542813\n|move|p2a: Kyogre|Origin Pulse|p1a: Spectrier\n|-damage|p1a: Spectrier|19/100 par\n|move|p1a: Spectrier|Nasty Plot|p1a: Spectrier\n|-boost|p1a: Spectrier|spa|2\n|\n|-weather|RainDance|[upkeep]\n|-heal|p2a: Kyogre|164/259|[from] item: Leftovers\n|-heal|p1a: Spectrier|25/100 par|[from] item: Leftovers\n|upkeep\n|turn|21\n|inactive|Time left: 300 sec this turn | 300 sec total\n|\n|t:|1783542814\n|move|p2a: Kyogre|Ice Beam|p1a: Spectrier\n|-damage|p1a: Spectrier|0 fnt\n|faint|p1a: Spectrier\n|\n|-weather|RainDance|[upkeep]\n|-heal|p2a: Kyogre|180/259|[from] item: Leftovers\n|upkeep\n|\n|t:|1783542815\n|switch|p1a: Cinderace|Cinderace, L77, M|100/100\n|turn|22\n|inactive|Time left: 300 sec this turn | 300 sec total\n|\n|t:|1783542816\n|move|p1a: Cinderace|U-turn|p2a: Kyogre\n|-start|p1a: Cinderace|typechange|Bug|[from] ability: Libero\n|-damage|p2a: Kyogre|95/259\n|move|p2a: Kyogre|Origin Pulse|p1a: Cinderace|[miss]\n|-miss|p2a: Kyogre|p1a: Cinderace\n|\n|-weather|none\n|-heal|p2a: Kyogre|111/259|[from] item: Leftovers\n|upkeep\n|turn|23\n|inactive|Time left: 300 sec this turn | 300 sec total\n|\n|t:|1783542817\n|switch|p2a: Vespiquen|Vespiquen, L99, F|25/299\n|-ability|p2a: Vespiquen|Pressure\n|move|p1a: Cinderace|U-turn|p2a: Vespiquen\n|-resisted|p2a: Vespiquen\n|-damage|p2a: Vespiquen|0 fnt\n|faint|p2a: Vespiquen\n|\n|upkeep\n|inactive|Time left: 300 sec this turn | 300 sec total | 5 sec grace\n|\n|t:|1783542818\n|switch|p2a: Conkeldurr|Conkeldurr, L80, M|151/299 brn\n|turn|24\n|inactive|Time left: 300 sec this turn | 300 sec total\n|\n|t:|1783542819\n|-terastallize|p2a: Conkeldurr|Normal\n|move|p1a: Cinderace|Pyro Ball|p2a: Conkeldurr\n|-damage|p2a: Conkeldurr|66/299 brn\n|move|p2a: Conkeldurr|Facade|p1a: Cinderace\n|-damage|p1a: Cinderace|0 fnt\n|faint|p1a: Cinderace\n|\n|win|p0y27676c7", "uploadtime": 1783542819, "views": 0, "rating": 0, "private": 0, "password": null, "_winner": "p0y27676c7", "_our_name": "p0y27676c7"}