{"id": "battle-gen9randombattle-697", "formatid": "gen9randombattle", "format": "[Gen 9] Random Battle", "players": ["p0x697d07b", "p0y697f59f"], "log": "|init|battle\n|title|p0x697d07b vs. p0y697f59f\n|j|\u2606p0x697d07b\n|j|\u2606p0y697f59f\n|t:|1783547900\n|gametype|singles\n|player|p1|p0x697d07b|101|\n|player|p2|p0y697f59f|169|\n|gen|9\n|tier|[Gen 9] Random Battle\n|rule|Species Clause: Limit one of each Pok\u00e9mon\n|rule|HP Percentage Mod: HP is shown in percentages\n|rule|Sleep Clause Mod: Limit one foe put to sleep\n|rule|Illusion Level Mod: Illusion disguises the Pok\u00e9mon's true level\n|\n|t:|1783547900\n|teamsize|p1|6\n|teamsize|p2|6\n|start\n|switch|p1a: Glimmora|Glimmora, L75, M|248/248\n|switch|p2a: Scizor|Scizor, L79, F|100/100\n|turn|1\n|inactive|Battle timer is ON: inactive players will automatically lose when time's up. (requested by p0x697d07b)\n|inactive|p0y697f59f also wants the timer to be on.\n|\n|t:|1783547902\n|move|p2a: Scizor|Bullet Punch|p1a: Glimmora\n|-supereffective|p1a: Glimmora\n|-damage|p1a: Glimmora|14/248\n|-activate|p1a: Glimmora|ability: Toxic Debris\n|-sidestart|p2: p0y697f59f|move: Toxic Spikes\n|move|p1a: Glimmora|Stealth Rock|p2a: Scizor\n|-sidestart|p2: p0y697f59f|move: Stealth Rock\n|\n|upkeep\n|turn|2\n|inactive|Time left: 300 sec this turn | 300 sec total\n|\n|t:|1783547903\n|move|p2a: Scizor|Bullet Punch|p1a: Glimmora\n|-supereffective|p1a: Glimmora\n|-damage|p1a: Glimmora|0 fnt\n|-activate|p1a: Glimmora|ability: Toxic Debris\n|-sidestart|p2: p0y697f59f|move: Toxic Spikes\n|faint|p1a: Glimmora\n|\n|upkeep\n|inactive|Time left: 300 sec this turn | 300 sec total | 5 sec grace\n|\n|t:|1783547904\n|switch|p1a: Sudowoodo|Sudowoodo, L94, M|284/284\n|turn|3\n|inactive|Time left: 300 sec this turn | 300 sec total\n|\n|t:|1783547905\n|move|p2a: Scizor|Bullet Punch|p1a: Sudowoodo\n|-supereffective|p1a: Sudowoodo\n|-damage|p1a: Sudowoodo|128/284\n|move|p1a: Sudowoodo|Head Smash|p2a: Scizor\n|-damage|p2a: Scizor|0 fnt\n|faint|p2a: Scizor\n|\n|upkeep\n|\n|t:|1783547906\n|switch|p2a: Luxray|Luxray, L88, F|100/100\n|-status|p2a: Luxray|tox\n|-damage|p2a: Luxray|88/100 tox|[from] Stealth Rock\n|turn|4\n|inactive|Time left: 300 sec this turn | 300 sec total\n|\n|t:|1783547907\n|move|p2a: Luxray|Supercell Slam|p1a: Sudowoodo\n|-damage|p1a: Sudowoodo|0 fnt\n|faint|p1a: Sudowoodo\n|\n|-damage|p2a: Luxray|82/100 tox|[from] psn\n|upkeep\n|inactive|Time left: 300 sec this turn | 300 sec total | 5 sec grace\n|\n|t:|1783547908\n|switch|p1a: Hoopa|Hoopa-Unbound, L80|259/259\n|turn|5\n|inactive|Time left: 300 sec this turn | 300 sec total\n|\n|t:|1783547909\n|move|p1a: Hoopa|Hyperspace Fury|p2a: Luxray\n|-damage|p2a: Luxray|3/100 tox\n|-unboost|p1a: Hoopa|def|1\n|move|p2a: Luxray|Facade|p1a: Hoopa\n|-damage|p1a: Hoopa|0 fnt\n|faint|p1a: Hoopa\n|\n|-damage|p2a: Luxray|0 fnt|[from] psn\n|faint|p2a: Luxray\n|upkeep\n|inactive|Time left: 300 sec this turn | 300 sec total | 5 sec grace\n|\n|t:|1783547910\n|switch|p1a: Bellossom|Bellossom, L84, M|263/263\n|switch|p2a: Articuno|Articuno, L86|100/100\n|-ability|p2a: Articuno|Pressure\n|turn|6\n|inactive|Time left: 300 sec this turn | 300 sec total\n|\n|t:|1783547912\n|move|p2a: Articuno|Freeze-Dry|p1a: Bellossom\n|-supereffective|p1a: Bellossom\n|-damage|p1a: Bellossom|129/263\n|move|p1a: Bellossom|Quiver Dance|p1a: Bellossom\n|-boost|p1a: Bellossom|spa|1\n|-boost|p1a: Bellossom|spd|1\n|-boost|p1a: Bellossom|spe|1\n|\n|-heal|p1a: Bellossom|145/263|[from] item: Leftovers\n|upkeep\n|turn|7\n|inactive|Time left: 300 sec this turn | 300 sec total\n|\n|t:|1783547913\n|move|p1a: Bellossom|Strength Sap|p2a: Articuno\n|-unboost|p2a: Articuno|atk|1\n|-heal|p1a: Bellossom|263/263\n|move|p2a: Articuno|Brave Bird|p1a: Bellossom\n|-supereffective|p1a: Bellossom\n|-damage|p1a: Bellossom|113/263\n|-damage|p2a: Articuno|84/100|[from] Recoil\n|\n|-heal|p1a: Bellossom|129/263|[from] item: Leftovers\n|upkeep\n|turn|8\n|inactive|Time left: 300 sec this turn | 300 sec total\n|\n|t:|1783547914\n|move|p1a: Bellossom|Strength Sap|p2a: Articuno\n|-unboost|p2a: Articuno|atk|1\n|-heal|p1a: Bellossom|259/263\n|move|p2a: Articuno|Brave Bird|p1a: Bellossom\n|-supereffective|p1a: Bellossom\n|-damage|p1a: Bellossom|145/263\n|-damage|p2a: Articuno|71/100|[from] Recoil\n|\n|-heal|p1a: Bellossom|161/263|[from] item: Leftovers\n|upkeep\n|turn|9\n|inactive|Time left: 300 sec this turn | 300 sec total\n|\n|t:|1783547915\n|move|p1a: Bellossom|Quiver Dance|p1a: Bellossom\n|-boost|p1a: Bellossom|spa|1\n|-boost|p1a: Bellossom|spd|1\n|-boost|p1a: Bellossom|spe|1\n|move|p2a: Articuno|Brave Bird|p1a: Bellossom\n|-supereffective|p1a: Bellossom\n|-damage|p1a: Bellossom|51/263\n|-damage|p2a: Articuno|58/100|[from] Recoil\n|\n|-heal|p1a: Bellossom|67/263|[from] item: Leftovers\n|upkeep\n|turn|10\n|inactive|Time left: 300 sec this turn | 300 sec total\n|\n|t:|1783547916\n|move|p1a: Bellossom|Strength Sap|p2a: Articuno\n|-unboost|p2a: Articuno|atk|1\n|-heal|p1a: Bellossom|164/263\n|move|p2a: Articuno|Brave Bird|p1a: Bellossom\n|-supereffective|p1a: Bellossom\n|-damage|p1a: Bellossom|72/263\n|-damage|p2a: Articuno|48/100|[from] Recoil\n|\n|-heal|p1a: Bellossom|88/263|[from] item: Leftovers\n|upkeep\n|turn|11\n|inactive|Time left: 300 sec this turn | 300 sec total\n|\n|t:|1783547917\n|-terastallize|p1a: Bellossom|Fairy\n|move|p1a: Bellossom|Moonblast|p2a: Articuno\n|-damage|p2a: Articuno|0 fnt\n|faint|p2a: Articuno\n|\n|-heal|p1a: Bellossom|104/263|[from] item: Leftovers\n|upkeep\n|\n|t:|1783547917\n|switch|p2a: Vigoroth|Vigoroth, L85, M|100/100\n|-status|p2a: Vigoroth|tox\n|-damage|p2a: Vigoroth|88/100 tox|[from] Stealth Rock\n|turn|12\n|inactive|Time left: 300 sec this turn | 300 sec total\n|\n|t:|1783547918\n|move|p1a: Bellossom|Giga Drain|p2a: Vigoroth\n|-damage|p2a: Vigoroth|36/100 tox\n|-heal|p1a: Bellossom|176/263|[from] drain|[of] p2a: Vigoroth\n|move|p2a: Vigoroth|Body Slam|p1a: Bellossom\n|-damage|p1a: Bellossom|98/263\n|\n|-heal|p1a: Bellossom|114/263|[from] item: Leftovers\n|-damage|p2a: Vigoroth|30/100 tox|[from] psn\n|upkeep\n|turn|13\n|inactive|Time left: 300 sec this turn | 300 sec total\n|\n|t:|1783547919\n|move|p1a: Bellossom|Giga Drain|p2a: Vigoroth\n|-damage|p2a: Vigoroth|0 fnt\n|-heal|p1a: Bellossom|154/263|[from] drain|[of] p2a: Vigoroth\n|faint|p2a: Vigoroth\n|\n|-heal|p1a: Bellossom|170/263|[from] item: Leftovers\n|upkeep\n|\n|t:|1783547920\n|switch|p2a: Slither Wing|Slither Wing, L81|100/100\n|turn|14\n|inactive|Time left: 300 sec this turn | 300 sec total\n|\n|t:|1783547921\n|-terastallize|p2a: Slither Wing|Steel\n|move|p1a: Bellossom|Moonblast|p2a: Slither Wing\n|-resisted|p2a: Slither Wing\n|-damage|p2a: Slither Wing|68/100\n|move|p2a: Slither Wing|U-turn|p1a: Bellossom\n|-resisted|p1a: Bellossom\n|-damage|p1a: Bellossom|126/263\n|\n|t:|1783547922\n|-end|p2a: Slither Wing|Protosynthesis|[silent]\n|switch|p2a: Gallade|Gallade, L80, M|100/100|[from] U-turn\n|-status|p2a: Gallade|tox\n|-damage|p2a: Gallade|94/100 tox|[from] Stealth Rock\n|\n|-heal|p1a: Bellossom|142/263|[from] item: Leftovers\n|-damage|p2a: Gallade|88/100 tox|[from] psn\n|upkeep\n|turn|15\n|inactive|Time left: 300 sec this turn | 300 sec total\n|\n|t:|1783547923\n|switch|p2a: Slither Wing|Slither Wing, L81, tera:Steel|68/100\n|move|p1a: Bellossom|Moonblast|p2a: Slither Wing\n|-resisted|p2a: Slither Wing\n|-damage|p2a: Slither Wing|35/100\n|\n|-heal|p1a: Bellossom|158/263|[from] item: Leftovers\n|upkeep\n|turn|16\n|inactive|Time left: 300 sec this turn | 300 sec total\n|\n|t:|1783547924\n|move|p1a: Bellossom|Quiver Dance|p1a: Bellossom\n|-boost|p1a: Bellossom|spa|1\n|-boost|p1a: Bellossom|spd|1\n|-boost|p1a: Bellossom|spe|1\n|move|p2a: Slither Wing|Morning Sun|p2a: Slither Wing\n|-heal|p2a: Slither Wing|85/100\n|\n|-heal|p1a: Bellossom|174/263|[from] item: Leftovers\n|upkeep\n|turn|17\n|inactive|Time left: 300 sec this turn | 300 sec total\n|\n|t:|1783547925\n|move|p1a: Bellossom|Quiver Dance|p1a: Bellossom\n|-boost|p1a: Bellossom|spa|1\n|-boost|p1a: Bellossom|spd|1\n|-boost|p1a: Bellossom|spe|1\n|move|p2a: Slither Wing|Morning Sun|p2a: Slither Wing\n|-heal|p2a: Slither Wing|100/100\n|\n|-heal|p1a: Bellossom|190/263|[from] item: Leftovers\n|upkeep\n|turn|18\n|inactive|Time left: 300 sec this turn | 300 sec total\n|\n|t:|1783547926\n|move|p1a: Bellossom|Giga Drain|p2a: Slither Wing\n|-resisted|p2a: Slither Wing\n|-damage|p2a: Slither Wing|66/100\n|-heal|p1a: Bellossom|237/263|[from] drain|[of] p2a: Slither Wing\n|move|p2a: Slither Wing|Morning Sun|p2a: Slither Wing\n|-heal|p2a: Slither Wing|100/100\n|\n|-heal|p1a: Bellossom|253/263|[from] item: Leftovers\n|upkeep\n|turn|19\n|inactive|Time left: 300 sec this turn | 300 sec total\n|\n|t:|1783547927\n|move|p1a: Bellossom|Moonblast|p2a: Slither Wing\n|-resisted|p2a: Slither Wing\n|-damage|p2a: Slither Wing|57/100\n|move|p2a: Slither Wing|Morning Sun|p2a: Slither Wing\n|-heal|p2a: Slither Wing|100/100\n|\n|-heal|p1a: Bellossom|263/263|[from] item: Leftovers\n|upkeep\n|turn|20\n|inactive|Time left: 300 sec this turn | 300 sec total\n|\n|t:|1783547928\n|move|p1a: Bellossom|Giga Drain|p2a: Slither Wing\n|-resisted|p2a: Slither Wing\n|-damage|p2a: Slither Wing|61/100\n|move|p2a: Slither Wing|Morning Sun|p2a: Slither Wing\n|-heal|p2a: Slither Wing|100/100\n|\n|upkeep\n|turn|21\n|inactive|Time left: 300 sec this turn | 300 sec total\n|\n|t:|1783547929\n|move|p1a: Bellossom|Giga Drain|p2a: Slither Wing\n|-resisted|p2a: Slither Wing\n|-damage|p2a: Slither Wing|66/100\n|move|p2a: Slither Wing|Morning Sun|p2a: Slither Wing\n|-heal|p2a: Slither Wing|100/100\n|\n|upkeep\n|turn|22\n|inactive|Time left: 300 sec this turn | 300 sec total\n|\n|t:|1783547930\n|move|p1a: Bellossom|Giga Drain|p2a: Slither Wing\n|-resisted|p2a: Slither Wing\n|-damage|p2a: Slither Wing|61/100\n|move|p2a: Slither Wing|Morning Sun|p2a: Slither Wing\n|-heal|p2a: Slither Wing|100/100\n|\n|upkeep\n|turn|23\n|inactive|Time left: 300 sec this turn | 300 sec total\n|\n|t:|1783547931\n|move|p1a: Bellossom|Giga Drain|p2a: Slither Wing\n|-resisted|p2a: Slither Wing\n|-damage|p2a: Slither Wing|62/100\n|move|p2a: Slither Wing|Will-O-Wisp|p1a: Bellossom|[miss]\n|-miss|p2a: Slither Wing|p1a: Bellossom\n|\n|upkeep\n|turn|24\n|inactive|Time left: 300 sec this turn | 300 sec total\n|\n|t:|1783547932\n|move|p1a: Bellossom|Moonblast|p2a: Slither Wing\n|-resisted|p2a: Slither Wing\n|-damage|p2a: Slither Wing|16/100\n|-unboost|p2a: Slither Wing|spa|1\n|move|p2a: Slither Wing|Morning Sun|p2a: Slither Wing\n|-heal|p2a: Slither Wing|66/100\n|\n|upkeep\n|turn|25\n|inactive|Time left: 300 sec this turn | 300 sec total\n|\n|t:|1783547933\n|move|p1a: Bellossom|Giga Drain|p2a: Slither Wing\n|-resisted|p2a: Slither Wing\n|-damage|p2a: Slither Wing|30/100\n|move|p2a: Slither Wing|Close Combat|p1a: Bellossom\n|-resisted|p1a: Bellossom\n|-damage|p1a: Bellossom|190/263\n|-unboost|p2a: Slither Wing|def|1\n|-unboost|p2a: Slither Wing|spd|1\n|\n|-heal|p1a: Bellossom|206/263|[from] item: Leftovers\n|upkeep\n|turn|26\n|inactive|Time left: 300 sec this turn | 300 sec total\n|\n|t:|1783547935\n|move|p1a: Bellossom|Moonblast|p2a: Slither Wing\n|-resisted|p2a: Slither Wing\n|-damage|p2a: Slither Wing|0 fnt\n|faint|p2a: Slither Wing\n|-end|p2a: Slither Wing|Protosynthesis|[silent]\n|\n|-heal|p1a: Bellossom|222/263|[from] item: Leftovers\n|upkeep\n|\n|t:|1783547936\n|switch|p2a: Gallade|Gallade, L80, M|88/100 tox\n|-damage|p2a: Gallade|82/100 tox|[from] Stealth Rock\n|turn|27\n|inactive|Time left: 300 sec this turn | 300 sec total\n|\n|t:|1783547937\n|move|p1a: Bellossom|Giga Drain|p2a: Gallade\n|-damage|p2a: Gallade|8/100 tox\n|-heal|p1a: Bellossom|263/263|[from] drain|[of] p2a: Gallade\n|move|p2a: Gallade|Sacred Sword|p1a: Bellossom\n|-resisted|p1a: Bellossom\n|-damage|p1a: Bellossom|148/263\n|\n|-heal|p1a: Bellossom|164/263|[from] item: Leftovers\n|-damage|p2a: Gallade|2/100 tox|[from] psn\n|upkeep\n|turn|28\n|inactive|Time left: 300 sec this turn | 300 sec total\n|\n|t:|1783547938\n|switch|p1a: Bisharp|Bisharp, L79, F|232/232\n|move|p2a: Gallade|Sacred Sword|p1a: Bisharp\n|-supereffective|p1a: Bisharp\n|-damage|p1a: Bisharp|0 fnt\n|faint|p1a: Bisharp\n|\n|-damage|p2a: Gallade|0 fnt|[from] psn\n|faint|p2a: Gallade\n|\n|win|p0x697d07b", "uploadtime": 1783547938, "views": 0, "rating": 0, "private": 0, "password": null, "_winner": "p0x697d07b", "_our_name": "p0x697d07b"}