{"id": "battle-gen9randombattle-1238", "formatid": "gen9randombattle", "format": "[Gen 9] Random Battle", "players": ["p0x12381ff9", "p0y12384dbe"], "log": "|init|battle\n|title|p0x12381ff9 vs. p0y12384dbe\n|j|\u2606p0x12381ff9\n|j|\u2606p0y12384dbe\n|t:|1783553480\n|gametype|singles\n|player|p1|p0x12381ff9|265|\n|player|p2|p0y12384dbe|101|\n|gen|9\n|tier|[Gen 9] Random Battle\n|rule|Species Clause: Limit one of each Pok\u00e9mon\n|rule|HP Percentage Mod: HP is shown in percentages\n|rule|Sleep Clause Mod: Limit one foe put to sleep\n|rule|Illusion Level Mod: Illusion disguises the Pok\u00e9mon's true level\n|\n|t:|1783553480\n|teamsize|p1|6\n|teamsize|p2|6\n|start\n|switch|p1a: Zekrom|Zekrom, L71|259/259\n|switch|p2a: Porygon-Z|Porygon-Z, L83|100/100\n|-ability|p1a: Zekrom|Teravolt\n|turn|1\n|inactive|Battle timer is ON: inactive players will automatically lose when time's up. (requested by p0x12381ff9)\n|inactive|p0y12384dbe also wants the timer to be on.\n|\n|t:|1783553482\n|move|p2a: Porygon-Z|Tera Blast|p1a: Zekrom\n|-damage|p1a: Zekrom|46/259\n|-damage|p2a: Porygon-Z|91/100|[from] item: Life Orb\n|move|p1a: Zekrom|Outrage|p2a: Porygon-Z\n|-damage|p2a: Porygon-Z|33/100\n|\n|-heal|p1a: Zekrom|62/259|[from] item: Leftovers\n|upkeep\n|turn|2\n|inactive|Time left: 300 sec this turn | 300 sec total\n|\n|t:|1783553483\n|move|p2a: Porygon-Z|Shadow Ball|p1a: Zekrom\n|-damage|p1a: Zekrom|0 fnt\n|faint|p1a: Zekrom\n|-damage|p2a: Porygon-Z|23/100|[from] item: Life Orb\n|\n|upkeep\n|inactive|Time left: 300 sec this turn | 300 sec total | 5 sec grace\n|\n|t:|1783553484\n|switch|p1a: Vikavolt|Vikavolt, L83, M|263/263\n|turn|3\n|inactive|Time left: 300 sec this turn | 300 sec total\n|\n|t:|1783553485\n|move|p2a: Porygon-Z|Tera Blast|p1a: Vikavolt\n|-damage|p1a: Vikavolt|52/263\n|-damage|p2a: Porygon-Z|13/100|[from] item: Life Orb\n|move|p1a: Vikavolt|Sticky Web|p2a: Porygon-Z\n|-sidestart|p2: p0y12384dbe|move: Sticky Web\n|\n|upkeep\n|turn|4\n|inactive|Time left: 300 sec this turn | 300 sec total\n|\n|t:|1783553486\n|switch|p1a: Jirachi|Jirachi, L80|291/291\n|move|p2a: Porygon-Z|Tera Blast|p1a: Jirachi\n|-resisted|p1a: Jirachi\n|-damage|p1a: Jirachi|197/291\n|-damage|p2a: Porygon-Z|4/100|[from] item: Life Orb\n|\n|-heal|p1a: Jirachi|215/291|[from] item: Leftovers\n|upkeep\n|turn|5\n|inactive|Time left: 300 sec this turn | 300 sec total\n|\n|t:|1783553488\n|switch|p2a: Honchkrow|Honchkrow, L86, M|100/100\n|move|p1a: Jirachi|Body Slam|p2a: Honchkrow\n|-damage|p2a: Honchkrow|74/100\n|-status|p2a: Honchkrow|par\n|\n|-heal|p1a: Jirachi|233/291|[from] item: Leftovers\n|upkeep\n|turn|6\n|inactive|Time left: 300 sec this turn | 300 sec total\n|\n|t:|1783553489\n|switch|p2a: Sandy Shocks|Sandy Shocks, L80|100/100\n|move|p1a: Jirachi|Iron Head|p2a: Sandy Shocks\n|-resisted|p2a: Sandy Shocks\n|-damage|p2a: Sandy Shocks|86/100\n|\n|-heal|p1a: Jirachi|251/291|[from] item: Leftovers\n|upkeep\n|turn|7\n|inactive|Time left: 300 sec this turn | 300 sec total\n|\n|t:|1783553490\n|move|p2a: Sandy Shocks|Earth Power|p1a: Jirachi\n|-supereffective|p1a: Jirachi\n|-damage|p1a: Jirachi|41/291\n|move|p1a: Jirachi|Stealth Rock|p2a: Sandy Shocks\n|-sidestart|p2: p0y12384dbe|move: Stealth Rock\n|\n|-heal|p1a: Jirachi|59/291|[from] item: Leftovers\n|upkeep\n|turn|8\n|inactive|Time left: 300 sec this turn | 300 sec total\n|\n|t:|1783553491\n|switch|p1a: Vikavolt|Vikavolt, L83, M|52/263\n|move|p2a: Sandy Shocks|Thunderbolt|p1a: Vikavolt\n|-resisted|p1a: Vikavolt\n|-damage|p1a: Vikavolt|0 fnt\n|faint|p1a: Vikavolt\n|\n|upkeep\n|inactive|Time left: 300 sec this turn | 300 sec total | 5 sec grace\n|\n|t:|1783553492\n|switch|p1a: Okidogi|Okidogi, L77, M|262/262\n|turn|9\n|inactive|Time left: 300 sec this turn | 300 sec total\n|\n|t:|1783553493\n|move|p2a: Sandy Shocks|Earth Power|p1a: Okidogi\n|-supereffective|p1a: Okidogi\n|-damage|p1a: Okidogi|38/262\n|move|p1a: Okidogi|Knock Off|p2a: Sandy Shocks\n|-damage|p2a: Sandy Shocks|60/100\n|-enditem|p2a: Sandy Shocks|Heavy-Duty Boots|[from] move: Knock Off|[of] p1a: Okidogi\n|\n|-heal|p1a: Okidogi|54/262|[from] item: Leftovers\n|upkeep\n|turn|10\n|inactive|Time left: 300 sec this turn | 300 sec total\n|\n|t:|1783553494\n|switch|p1a: Urshifu|Urshifu, L74, F|270/270\n|move|p2a: Sandy Shocks|Earth Power|p1a: Urshifu\n|-damage|p1a: Urshifu|125/270\n|\n|upkeep\n|turn|11\n|inactive|Time left: 300 sec this turn | 300 sec total\n|\n|t:|1783553495\n|move|p1a: Urshifu|Close Combat|p2a: Sandy Shocks\n|-damage|p2a: Sandy Shocks|12/100\n|-unboost|p1a: Urshifu|def|1\n|-unboost|p1a: Urshifu|spd|1\n|move|p2a: Sandy Shocks|Thunderbolt|p1a: Urshifu\n|-damage|p1a: Urshifu|0 fnt\n|faint|p1a: Urshifu\n|\n|upkeep\n|inactive|Time left: 300 sec this turn | 300 sec total | 5 sec grace\n|\n|t:|1783553497\n|switch|p1a: Mandibuzz|Mandibuzz, L85, F|326/326\n|turn|12\n|inactive|Time left: 300 sec this turn | 300 sec total\n|\n|t:|1783553498\n|move|p2a: Sandy Shocks|Thunderbolt|p1a: Mandibuzz\n|-supereffective|p1a: Mandibuzz\n|-damage|p1a: Mandibuzz|144/326\n|move|p1a: Mandibuzz|Foul Play|p2a: Sandy Shocks\n|-damage|p2a: Sandy Shocks|0 fnt\n|faint|p2a: Sandy Shocks\n|-end|p2a: Sandy Shocks|Protosynthesis|[silent]\n|\n|upkeep\n|\n|t:|1783553499\n|switch|p2a: Honchkrow|Honchkrow, L86, M|74/100 par\n|turn|13\n|inactive|Time left: 300 sec this turn | 300 sec total\n|\n|t:|1783553500\n|move|p1a: Mandibuzz|Roost|p1a: Mandibuzz\n|-heal|p1a: Mandibuzz|307/326\n|-singleturn|p1a: Mandibuzz|move: Roost\n|cant|p2a: Honchkrow|par\n|\n|upkeep\n|turn|14\n|inactive|Time left: 300 sec this turn | 300 sec total\n|\n|t:|1783553501\n|move|p1a: Mandibuzz|Foul Play|p2a: Honchkrow\n|-resisted|p2a: Honchkrow\n|-damage|p2a: Honchkrow|45/100 par\n|move|p2a: Honchkrow|Brave Bird|p1a: Mandibuzz\n|-damage|p1a: Mandibuzz|169/326\n|-damage|p2a: Honchkrow|30/100 par|[from] Recoil\n|\n|upkeep\n|turn|15\n|inactive|Time left: 300 sec this turn | 300 sec total\n|\n|t:|1783553502\n|move|p1a: Mandibuzz|Roost|p1a: Mandibuzz\n|-heal|p1a: Mandibuzz|326/326\n|-singleturn|p1a: Mandibuzz|move: Roost\n|move|p2a: Honchkrow|Heat Wave|p1a: Mandibuzz\n|-damage|p1a: Mandibuzz|256/326\n|\n|upkeep\n|turn|16\n|inactive|Time left: 300 sec this turn | 300 sec total\n|\n|t:|1783553503\n|move|p1a: Mandibuzz|Foul Play|p2a: Honchkrow\n|-resisted|p2a: Honchkrow\n|-damage|p2a: Honchkrow|0 fnt\n|faint|p2a: Honchkrow\n|\n|upkeep\n|\n|t:|1783553504\n|switch|p2a: Luvdisc|Luvdisc, M|100/100\n|turn|17\n|inactive|Time left: 300 sec this turn | 300 sec total\n|\n|t:|1783553505\n|move|p2a: Luvdisc|Whirlpool|p1a: Mandibuzz|[miss]\n|-miss|p2a: Luvdisc|p1a: Mandibuzz\n|move|p1a: Mandibuzz|Toxic|p2a: Luvdisc\n|-status|p2a: Luvdisc|tox\n|\n|-damage|p2a: Luvdisc|94/100 tox|[from] psn\n|upkeep\n|turn|18\n|inactive|Time left: 300 sec this turn | 300 sec total\n|\n|t:|1783553506\n|move|p2a: Luvdisc|Whirlpool|p1a: Mandibuzz\n|-damage|p1a: Mandibuzz|229/326\n|-activate|p1a: Mandibuzz|move: Whirlpool|[of] p2a: Luvdisc\n|move|p1a: Mandibuzz|Roost|p1a: Mandibuzz\n|-heal|p1a: Mandibuzz|326/326\n|-singleturn|p1a: Mandibuzz|move: Roost\n|\n|-damage|p2a: Luvdisc|82/100 tox|[from] psn\n|-damage|p1a: Mandibuzz|286/326|[from] move: Whirlpool|[partiallytrapped]\n|upkeep\n|turn|19\n|inactive|Time left: 300 sec this turn | 300 sec total\n|\n|t:|1783553507\n|switch|p2a: Dragalge|Dragalge, L88, F|100/100\n|-activate|p2a: Dragalge|move: Sticky Web\n|-unboost|p2a: Dragalge|spe|1\n|-damage|p2a: Dragalge|88/100|[from] Stealth Rock\n|move|p1a: Mandibuzz|Foul Play|p2a: Dragalge\n|-damage|p2a: Dragalge|65/100\n|\n|-heal|p2a: Dragalge|71/100|[from] item: Leftovers\n|-end|p1a: Mandibuzz|Whirlpool|[partiallytrapped]|[silent]\n|upkeep\n|turn|20\n|inactive|Time left: 300 sec this turn | 300 sec total\n|\n|t:|1783553508\n|move|p1a: Mandibuzz|Foul Play|p2a: Dragalge\n|-damage|p2a: Dragalge|49/100\n|move|p2a: Dragalge|Sludge Wave|p1a: Mandibuzz\n|-damage|p1a: Mandibuzz|142/326\n|\n|-heal|p2a: Dragalge|55/100|[from] item: Leftovers\n|upkeep\n|turn|21\n|inactive|Time left: 300 sec this turn | 300 sec total\n|\n|t:|1783553509\n|move|p1a: Mandibuzz|Roost|p1a: Mandibuzz\n|-heal|p1a: Mandibuzz|305/326\n|-singleturn|p1a: Mandibuzz|move: Roost\n|move|p2a: Dragalge|Focus Blast|p1a: Mandibuzz\n|-supereffective|p1a: Mandibuzz\n|-damage|p1a: Mandibuzz|119/326\n|\n|-heal|p2a: Dragalge|61/100|[from] item: Leftovers\n|upkeep\n|turn|22\n|inactive|Time left: 300 sec this turn | 300 sec total\n|\n|t:|1783553510\n|move|p1a: Mandibuzz|Roost|p1a: Mandibuzz\n|-heal|p1a: Mandibuzz|282/326\n|-singleturn|p1a: Mandibuzz|move: Roost\n|move|p2a: Dragalge|Sludge Wave|p1a: Mandibuzz\n|-damage|p1a: Mandibuzz|146/326\n|\n|-heal|p2a: Dragalge|67/100|[from] item: Leftovers\n|upkeep\n|turn|23\n|inactive|Time left: 300 sec this turn | 300 sec total\n|\n|t:|1783553511\n|move|p1a: Mandibuzz|Roost|p1a: Mandibuzz\n|-heal|p1a: Mandibuzz|309/326\n|-singleturn|p1a: Mandibuzz|move: Roost\n|move|p2a: Dragalge|Sludge Wave|p1a: Mandibuzz\n|-damage|p1a: Mandibuzz|181/326\n|\n|-heal|p2a: Dragalge|73/100|[from] item: Leftovers\n|upkeep\n|turn|24\n|inactive|Time left: 300 sec this turn | 300 sec total\n|\n|t:|1783553512\n|move|p1a: Mandibuzz|Roost|p1a: Mandibuzz\n|-heal|p1a: Mandibuzz|326/326\n|-singleturn|p1a: Mandibuzz|move: Roost\n|move|p2a: Dragalge|Sludge Wave|p1a: Mandibuzz\n|-crit|p1a: Mandibuzz\n|-damage|p1a: Mandibuzz|106/326\n|\n|-heal|p2a: Dragalge|80/100|[from] item: Leftovers\n|upkeep\n|turn|25\n|inactive|Time left: 300 sec this turn | 300 sec total\n|\n|t:|1783553512\n|move|p1a: Mandibuzz|Roost|p1a: Mandibuzz\n|-heal|p1a: Mandibuzz|269/326\n|-singleturn|p1a: Mandibuzz|move: Roost\n|move|p2a: Dragalge|Focus Blast|p1a: Mandibuzz|[miss]\n|-miss|p2a: Dragalge|p1a: Mandibuzz\n|\n|-heal|p2a: Dragalge|86/100|[from] item: Leftovers\n|upkeep\n|turn|26\n|inactive|Time left: 300 sec this turn | 300 sec total\n|\n|t:|1783553513\n|switch|p1a: Jirachi|Jirachi, L80|59/291\n|move|p2a: Dragalge|Focus Blast|p1a: Jirachi\n|-damage|p1a: Jirachi|0 fnt\n|faint|p1a: Jirachi\n|\n|-heal|p2a: Dragalge|92/100|[from] item: Leftovers\n|upkeep\n|inactive|Time left: 300 sec this turn | 300 sec total | 5 sec grace\n|\n|t:|1783553514\n|switch|p1a: Mandibuzz|Mandibuzz, L85, F|269/326\n|turn|27\n|inactive|Time left: 300 sec this turn | 300 sec total\n|\n|t:|1783553515\n|move|p1a: Mandibuzz|Foul Play|p2a: Dragalge\n|-damage|p2a: Dragalge|69/100\n|move|p2a: Dragalge|Sludge Wave|p1a: Mandibuzz\n|-damage|p1a: Mandibuzz|129/326\n|\n|-heal|p2a: Dragalge|76/100|[from] item: Leftovers\n|upkeep\n|turn|28\n|inactive|Time left: 300 sec this turn | 300 sec total\n|\n|t:|1783553516\n|-terastallize|p1a: Mandibuzz|Steel\n|move|p1a: Mandibuzz|Foul Play|p2a: Dragalge\n|-damage|p2a: Dragalge|51/100\n|move|p2a: Dragalge|Sludge Wave|p1a: Mandibuzz\n|-immune|p1a: Mandibuzz\n|\n|-heal|p2a: Dragalge|57/100|[from] item: Leftovers\n|upkeep\n|turn|29\n|inactive|Time left: 300 sec this turn | 300 sec total\n|\n|t:|1783553517\n|-terastallize|p2a: Dragalge|Fighting\n|move|p1a: Mandibuzz|Foul Play|p2a: Dragalge\n|-resisted|p2a: Dragalge\n|-damage|p2a: Dragalge|44/100\n|move|p2a: Dragalge|Focus Blast|p1a: Mandibuzz\n|-supereffective|p1a: Mandibuzz\n|-damage|p1a: Mandibuzz|0 fnt\n|faint|p1a: Mandibuzz\n|\n|-heal|p2a: Dragalge|50/100|[from] item: Leftovers\n|upkeep\n|inactive|Time left: 300 sec this turn | 300 sec total | 5 sec grace\n|\n|t:|1783553518\n|switch|p1a: Okidogi|Okidogi, L77, M|54/262\n|turn|30\n|inactive|Time left: 300 sec this turn | 300 sec total\n|\n|t:|1783553518\n|move|p1a: Okidogi|Drain Punch|p2a: Dragalge\n|-damage|p2a: Dragalge|19/100\n|-heal|p1a: Okidogi|95/262|[from] drain|[of] p2a: Dragalge\n|move|p2a: Dragalge|Draco Meteor|p1a: Okidogi\n|-damage|p1a: Okidogi|0 fnt\n|-unboost|p2a: Dragalge|spa|2\n|faint|p1a: Okidogi\n|\n|win|p0y12384dbe", "uploadtime": 1783553518, "views": 0, "rating": 0, "private": 0, "password": null, "_winner": "p0y12384dbe", "_our_name": "p0x12381ff9"}