{"id": "battle-gen9randombattle-404", "formatid": "gen9randombattle", "format": "[Gen 9] Random Battle", "players": ["p0x40400c2", "p0y4049404"], "log": "|init|battle\n|title|p0x40400c2 vs. p0y4049404\n|j|\u2606p0x40400c2\n|j|\u2606p0y4049404\n|t:|1783543774\n|gametype|singles\n|player|p1|p0x40400c2|265|\n|player|p2|p0y4049404|169|\n|gen|9\n|tier|[Gen 9] Random Battle\n|rule|Species Clause: Limit one of each Pok\u00e9mon\n|rule|HP Percentage Mod: HP is shown in percentages\n|rule|Sleep Clause Mod: Limit one foe put to sleep\n|rule|Illusion Level Mod: Illusion disguises the Pok\u00e9mon's true level\n|\n|t:|1783543774\n|teamsize|p1|6\n|teamsize|p2|6\n|start\n|switch|p1a: Sylveon|Sylveon, L85, M|100/100\n|switch|p2a: Sudowoodo|Sudowoodo, L94, F|284/284\n|turn|1\n|inactive|Battle timer is ON: inactive players will automatically lose when time's up. (requested by p0y4049404)\n|inactive|p0x40400c2 also wants the timer to be on.\n|\n|t:|1783543775\n|move|p1a: Sylveon|Hyper Voice|p2a: Sudowoodo\n|-damage|p2a: Sudowoodo|146/284\n|move|p2a: Sudowoodo|Head Smash|p1a: Sylveon\n|-damage|p1a: Sylveon|16/100\n|\n|-heal|p1a: Sylveon|22/100|[from] item: Leftovers\n|-heal|p2a: Sudowoodo|163/284|[from] item: Leftovers\n|upkeep\n|turn|2\n|inactive|Time left: 300 sec this turn | 300 sec total\n|\n|t:|1783543776\n|move|p1a: Sylveon|Hyper Voice|p2a: Sudowoodo\n|-damage|p2a: Sudowoodo|9/284\n|move|p2a: Sudowoodo|Wood Hammer|p1a: Sylveon\n|-damage|p1a: Sylveon|0 fnt\n|faint|p1a: Sylveon\n|\n|-heal|p2a: Sudowoodo|26/284|[from] item: Leftovers\n|upkeep\n|\n|t:|1783543777\n|switch|p1a: Emboar|Emboar, L84, F|100/100\n|turn|3\n|inactive|Time left: 300 sec this turn | 300 sec total\n|\n|t:|1783543778\n|move|p2a: Sudowoodo|Sucker Punch|p1a: Emboar\n|-resisted|p1a: Emboar\n|-damage|p1a: Emboar|89/100\n|move|p1a: Emboar|Flare Blitz|p2a: Sudowoodo\n|-resisted|p2a: Sudowoodo\n|-damage|p2a: Sudowoodo|0 fnt\n|faint|p2a: Sudowoodo\n|-damage|p1a: Emboar|87/100|[from] Recoil\n|\n|upkeep\n|inactive|Time left: 300 sec this turn | 300 sec total | 5 sec grace\n|\n|t:|1783543778\n|switch|p2a: Feraligatr|Feraligatr, L79, F|264/264\n|turn|4\n|inactive|Time left: 300 sec this turn | 300 sec total\n|\n|t:|1783543779\n|switch|p1a: Goodra|Goodra, L85, F|100/100\n|move|p2a: Feraligatr|Liquidation|p1a: Goodra\n|-resisted|p1a: Goodra\n|-damage|p1a: Goodra|69/100\n|\n|upkeep\n|turn|5\n|inactive|Time left: 300 sec this turn | 300 sec total\n|\n|t:|1783543781\n|move|p1a: Goodra|Power Whip|p2a: Feraligatr|[miss]\n|-miss|p1a: Goodra|p2a: Feraligatr\n|move|p2a: Feraligatr|Dragon Dance|p2a: Feraligatr\n|-boost|p2a: Feraligatr|atk|1\n|-boost|p2a: Feraligatr|spe|1\n|\n|upkeep\n|turn|6\n|inactive|Time left: 300 sec this turn | 300 sec total\n|\n|t:|1783543782\n|switch|p1a: Regice|Regice, L88|100/100\n|move|p2a: Feraligatr|Ice Punch|p1a: Regice\n|-resisted|p1a: Regice\n|-damage|p1a: Regice|82/100\n|\n|upkeep\n|turn|7\n|inactive|Time left: 300 sec this turn | 300 sec total\n|\n|t:|1783543783\n|-terastallize|p1a: Regice|Electric\n|move|p2a: Feraligatr|Liquidation|p1a: Regice\n|-damage|p1a: Regice|18/100\n|move|p1a: Regice|Thunderbolt|p2a: Feraligatr\n|-supereffective|p2a: Feraligatr\n|-damage|p2a: Feraligatr|16/264\n|\n|upkeep\n|turn|8\n|inactive|Time left: 300 sec this turn | 300 sec total\n|\n|t:|1783543784\n|move|p2a: Feraligatr|Liquidation|p1a: Regice\n|-damage|p1a: Regice|0 fnt\n|faint|p1a: Regice\n|\n|upkeep\n|\n|t:|1783543785\n|switch|p1a: Emboar|Emboar, L84, F|87/100\n|turn|9\n|inactive|Time left: 300 sec this turn | 300 sec total\n|\n|t:|1783543786\n|move|p1a: Emboar|Sucker Punch|p2a: Feraligatr\n|-damage|p2a: Feraligatr|0 fnt\n|faint|p2a: Feraligatr\n|\n|upkeep\n|inactive|Time left: 300 sec this turn | 300 sec total | 5 sec grace\n|\n|t:|1783543787\n|switch|p2a: Enamorus|Enamorus, L79, F|247/247\n|turn|10\n|inactive|Time left: 300 sec this turn | 300 sec total\n|\n|t:|1783543788\n|move|p2a: Enamorus|Superpower|p1a: Emboar\n|-damage|p1a: Emboar|56/100\n|-boost|p2a: Enamorus|atk|1\n|-boost|p2a: Enamorus|def|1\n|move|p1a: Emboar|Flare Blitz|p2a: Enamorus\n|-damage|p2a: Enamorus|91/247\n|-status|p2a: Enamorus|brn\n|-damage|p1a: Emboar|40/100|[from] Recoil\n|\n|-heal|p2a: Enamorus|106/247 brn|[from] item: Leftovers\n|-damage|p2a: Enamorus|91/247 brn|[from] brn\n|upkeep\n|turn|11\n|inactive|Time left: 300 sec this turn | 300 sec total\n|\n|t:|1783543790\n|move|p2a: Enamorus|Zen Headbutt|p1a: Emboar\n|-supereffective|p1a: Emboar\n|-damage|p1a: Emboar|7/100\n|move|p1a: Emboar|Flare Blitz|p2a: Enamorus\n|-crit|p2a: Enamorus\n|-damage|p2a: Enamorus|0 fnt\n|faint|p2a: Enamorus\n|-damage|p1a: Emboar|0 fnt|[from] Recoil\n|faint|p1a: Emboar\n|\n|upkeep\n|inactive|Time left: 300 sec this turn | 300 sec total | 5 sec grace\n|\n|t:|1783543791\n|switch|p2a: Muk|Muk, L86, M|321/321\n|switch|p1a: Donphan|Donphan, L84, F|100/100\n|turn|12\n|inactive|Time left: 300 sec this turn | 300 sec total\n|\n|t:|1783543792\n|-terastallize|p2a: Muk|Dark\n|move|p2a: Muk|Knock Off|p1a: Donphan\n|-damage|p1a: Donphan|55/100\n|-status|p1a: Donphan|psn|[from] ability: Poison Touch|[of] p2a: Muk\n|-enditem|p1a: Donphan|Assault Vest|[from] move: Knock Off|[of] p2a: Muk\n|move|p1a: Donphan|Earthquake|p2a: Muk\n|-damage|p2a: Muk|174/321\n|\n|-damage|p1a: Donphan|42/100 psn|[from] psn\n|upkeep\n|turn|13\n|inactive|Time left: 300 sec this turn | 300 sec total\n|\n|t:|1783543793\n|move|p2a: Muk|Knock Off|p1a: Donphan\n|-damage|p1a: Donphan|10/100 psn\n|move|p1a: Donphan|Earthquake|p2a: Muk\n|-damage|p2a: Muk|47/321\n|\n|-damage|p1a: Donphan|0 fnt|[from] psn\n|faint|p1a: Donphan\n|upkeep\n|\n|t:|1783543795\n|switch|p1a: Zebstrika|Zebstrika, L87, M|100/100\n|turn|14\n|inactive|Time left: 300 sec this turn | 300 sec total\n|\n|t:|1783543796\n|move|p1a: Zebstrika|Volt Switch|p2a: Muk\n|-damage|p2a: Muk|0 fnt\n|faint|p2a: Muk\n|-damage|p1a: Zebstrika|91/100|[from] item: Life Orb\n|\n|t:|1783543797\n|switch|p1a: Goodra|Goodra, L85, F|69/100|[from] Volt Switch\n|\n|upkeep\n|inactive|Time left: 300 sec this turn | 300 sec total | 10 sec grace\n|\n|t:|1783543798\n|switch|p2a: Infernape|Infernape, L82, M|259/259\n|turn|15\n|inactive|Time left: 300 sec this turn | 300 sec total\n|\n|t:|1783543799\n|move|p2a: Infernape|Stone Edge|p1a: Goodra\n|-damage|p1a: Goodra|32/100\n|-damage|p2a: Infernape|234/259|[from] item: Life Orb\n|move|p1a: Goodra|Draco Meteor|p2a: Infernape|[miss]\n|-miss|p1a: Goodra|p2a: Infernape\n|\n|upkeep\n|turn|16\n|inactive|Time left: 300 sec this turn | 300 sec total\n|\n|t:|1783543800\n|switch|p1a: Zebstrika|Zebstrika, L87, M|91/100\n|move|p2a: Infernape|Stone Edge|p1a: Zebstrika\n|-damage|p1a: Zebstrika|52/100\n|-damage|p2a: Infernape|209/259|[from] item: Life Orb\n|\n|upkeep\n|turn|17\n|inactive|Time left: 300 sec this turn | 300 sec total\n|\n|t:|1783543801\n|switch|p2a: Phione|Phione, L91|293/293\n|move|p1a: Zebstrika|High Horsepower|p2a: Phione\n|-crit|p2a: Phione\n|-damage|p2a: Phione|146/293\n|-damage|p1a: Zebstrika|42/100|[from] item: Life Orb\n|\n|-heal|p2a: Phione|164/293|[from] item: Leftovers\n|upkeep\n|turn|18\n|inactive|Time left: 300 sec this turn | 300 sec total\n|\n|t:|1783543802\n|switch|p2a: Infernape|Infernape, L82, M|209/259\n|move|p1a: Zebstrika|Supercell Slam|p2a: Infernape\n|-damage|p2a: Infernape|36/259\n|-damage|p1a: Zebstrika|32/100|[from] item: Life Orb\n|\n|upkeep\n|turn|19\n|inactive|Time left: 300 sec this turn | 300 sec total\n|\n|t:|1783543804\n|move|p2a: Infernape|Mach Punch|p1a: Zebstrika\n|-damage|p1a: Zebstrika|9/100\n|-damage|p2a: Infernape|11/259|[from] item: Life Orb\n|move|p1a: Zebstrika|Supercell Slam|p2a: Infernape\n|-damage|p2a: Infernape|0 fnt\n|faint|p2a: Infernape\n|-damage|p1a: Zebstrika|0 fnt|[from] item: Life Orb\n|faint|p1a: Zebstrika\n|\n|upkeep\n|inactive|Time left: 300 sec this turn | 300 sec total | 5 sec grace\n|\n|t:|1783543805\n|switch|p1a: Goodra|Goodra, L85, F|32/100\n|switch|p2a: Phione|Phione, L91|164/293\n|turn|20\n|inactive|Time left: 300 sec this turn | 300 sec total\n|\n|t:|1783543806\n|move|p2a: Phione|Scald|p1a: Goodra\n|-resisted|p1a: Goodra\n|-damage|p1a: Goodra|25/100\n|move|p1a: Goodra|Power Whip|p2a: Phione\n|-supereffective|p2a: Phione\n|-damage|p2a: Phione|0 fnt\n|faint|p2a: Phione\n|\n|win|p0x40400c2", "uploadtime": 1783543806, "views": 0, "rating": 0, "private": 0, "password": null, "_winner": "p0x40400c2", "_our_name": "p0y4049404"}