{"id": "battle-gen9randombattle-1436", "formatid": "gen9randombattle", "format": "[Gen 9] Random Battle", "players": ["p0x14362d13", "p0y143604b4"], "log": "|init|battle\n|title|p0x14362d13 vs. p0y143604b4\n|j|\u2606p0x14362d13\n|j|\u2606p0y143604b4\n|t:|1783555805\n|gametype|singles\n|player|p1|p0x14362d13|266|\n|player|p2|p0y143604b4|266|\n|gen|9\n|tier|[Gen 9] Random Battle\n|rule|Species Clause: Limit one of each Pok\u00e9mon\n|rule|HP Percentage Mod: HP is shown in percentages\n|rule|Sleep Clause Mod: Limit one foe put to sleep\n|rule|Illusion Level Mod: Illusion disguises the Pok\u00e9mon's true level\n|\n|t:|1783555805\n|teamsize|p1|6\n|teamsize|p2|6\n|start\n|switch|p1a: Suicune|Suicune, L82|100/100\n|switch|p2a: Exeggutor|Exeggutor, L89, F|314/314\n|-ability|p1a: Suicune|Pressure\n|turn|1\n|inactive|Battle timer is ON: inactive players will automatically lose when time's up. (requested by p0x14362d13)\n|inactive|Time left: 300 sec this turn | 300 sec total | 60 sec grace\n|\n|t:|1783555807\n|move|p1a: Suicune|Calm Mind|p1a: Suicune\n|-boost|p1a: Suicune|spa|1\n|-boost|p1a: Suicune|spd|1\n|move|p2a: Exeggutor|Calm Mind|p2a: Exeggutor\n|-boost|p2a: Exeggutor|spa|1\n|-boost|p2a: Exeggutor|spd|1\n|\n|upkeep\n|turn|2\n|inactive|Time left: 300 sec this turn | 300 sec total\n|inactive|p0y143604b4 also wants the timer to be on.\n|\n|t:|1783555808\n|move|p1a: Suicune|Calm Mind|p1a: Suicune\n|-boost|p1a: Suicune|spa|1\n|-boost|p1a: Suicune|spd|1\n|move|p2a: Exeggutor|Calm Mind|p2a: Exeggutor\n|-boost|p2a: Exeggutor|spa|1\n|-boost|p2a: Exeggutor|spd|1\n|\n|upkeep\n|turn|3\n|inactive|Time left: 300 sec this turn | 300 sec total\n|\n|t:|1783555809\n|move|p1a: Suicune|Ice Beam|p2a: Exeggutor\n|-supereffective|p2a: Exeggutor\n|-damage|p2a: Exeggutor|190/314\n|move|p2a: Exeggutor|Psyshock|p1a: Suicune\n|-damage|p1a: Suicune|37/100\n|\n|-heal|p1a: Suicune|43/100|[from] item: Leftovers\n|upkeep\n|turn|4\n|inactive|Time left: 300 sec this turn | 300 sec total\n|\n|t:|1783555810\n|move|p1a: Suicune|Ice Beam|p2a: Exeggutor\n|-supereffective|p2a: Exeggutor\n|-crit|p2a: Exeggutor\n|-damage|p2a: Exeggutor|0 fnt\n|faint|p2a: Exeggutor\n|\n|-heal|p1a: Suicune|49/100|[from] item: Leftovers\n|upkeep\n|inactive|Time left: 300 sec this turn | 300 sec total | 5 sec grace\n|\n|t:|1783555811\n|switch|p2a: Heracross|Heracross, L80, F|259/259\n|turn|5\n|inactive|Time left: 300 sec this turn | 300 sec total\n|\n|t:|1783555812\n|move|p2a: Heracross|Close Combat|p1a: Suicune\n|-damage|p1a: Suicune|10/100\n|-unboost|p2a: Heracross|def|1\n|-unboost|p2a: Heracross|spd|1\n|move|p1a: Suicune|Scald|p2a: Heracross\n|-damage|p2a: Heracross|27/259\n|\n|-heal|p1a: Suicune|16/100|[from] item: Leftovers\n|upkeep\n|turn|6\n|inactive|Time left: 300 sec this turn | 300 sec total\n|\n|t:|1783555813\n|switch|p1a: Espathra|Espathra, L80, F|100/100\n|move|p2a: Heracross|Close Combat|p1a: Espathra\n|-resisted|p1a: Espathra\n|-damage|p1a: Espathra|63/100\n|-unboost|p2a: Heracross|def|1\n|-unboost|p2a: Heracross|spd|1\n|\n|upkeep\n|turn|7\n|inactive|Time left: 300 sec this turn | 300 sec total\n|\n|t:|1783555814\n|move|p2a: Heracross|Close Combat|p1a: Espathra\n|-resisted|p1a: Espathra\n|-damage|p1a: Espathra|27/100\n|-unboost|p2a: Heracross|def|1\n|-unboost|p2a: Heracross|spd|1\n|move|p1a: Espathra|Lumina Crash|p2a: Heracross\n|-supereffective|p2a: Heracross\n|-damage|p2a: Heracross|0 fnt\n|faint|p2a: Heracross\n|\n|-ability|p1a: Espathra|Speed Boost|boost\n|-boost|p1a: Espathra|spe|1\n|upkeep\n|inactive|Time left: 300 sec this turn | 300 sec total | 5 sec grace\n|\n|t:|1783555815\n|switch|p2a: Samurott|Samurott-Hisui, L77, M|265/265\n|turn|8\n|inactive|Time left: 300 sec this turn | 300 sec total\n|\n|t:|1783555816\n|switch|p1a: Mabosstiff|Mabosstiff, L86, F|100/100\n|move|p2a: Samurott|Ceaseless Edge|p1a: Mabosstiff\n|-resisted|p1a: Mabosstiff\n|-damage|p1a: Mabosstiff|78/100\n|-sidestart|p1: p0x14362d13|Spikes\n|\n|upkeep\n|turn|9\n|inactive|Time left: 300 sec this turn | 300 sec total\n|\n|t:|1783555817\n|move|p1a: Mabosstiff|Play Rough|p2a: Samurott\n|-supereffective|p2a: Samurott\n|-damage|p2a: Samurott|5/265\n|-unboost|p2a: Samurott|atk|1\n|move|p2a: Samurott|Ceaseless Edge|p1a: Mabosstiff\n|-resisted|p1a: Mabosstiff\n|-crit|p1a: Mabosstiff\n|-damage|p1a: Mabosstiff|42/100\n|-sidestart|p1: p0x14362d13|Spikes\n|\n|upkeep\n|turn|10\n|inactive|Time left: 300 sec this turn | 300 sec total\n|\n|t:|1783555817\n|move|p1a: Mabosstiff|Play Rough|p2a: Samurott\n|-supereffective|p2a: Samurott\n|-damage|p2a: Samurott|0 fnt\n|faint|p2a: Samurott\n|\n|upkeep\n|inactive|Time left: 300 sec this turn | 300 sec total | 5 sec grace\n|\n|t:|1783555818\n|switch|p2a: Oricorio|Oricorio, L84, F|263/263\n|turn|11\n|inactive|Time left: 300 sec this turn | 300 sec total\n|\n|t:|1783555819\n|move|p2a: Oricorio|Quiver Dance|p2a: Oricorio\n|-boost|p2a: Oricorio|spa|1\n|-boost|p2a: Oricorio|spd|1\n|-boost|p2a: Oricorio|spe|1\n|move|p1a: Mabosstiff|Play Rough|p2a: Oricorio\n|-resisted|p2a: Oricorio\n|-damage|p2a: Oricorio|190/263\n|\n|upkeep\n|turn|12\n|inactive|Time left: 300 sec this turn | 300 sec total\n|\n|t:|1783555820\n|move|p2a: Oricorio|Quiver Dance|p2a: Oricorio\n|-boost|p2a: Oricorio|spa|1\n|-boost|p2a: Oricorio|spd|1\n|-boost|p2a: Oricorio|spe|1\n|move|p1a: Mabosstiff|Play Rough|p2a: Oricorio\n|-resisted|p2a: Oricorio\n|-damage|p2a: Oricorio|115/263\n|\n|upkeep\n|turn|13\n|inactive|Time left: 300 sec this turn | 300 sec total\n|\n|t:|1783555821\n|switch|p1a: Suicune|Suicune, L82|16/100\n|-damage|p1a: Suicune|0 fnt|[from] Spikes\n|faint|p1a: Suicune\n|move|p2a: Oricorio|Revelation Dance|p1: Suicune|[notarget]\n|-fail|p2a: Oricorio\n|\n|upkeep\n|\n|t:|1783555821\n|switch|p1a: Espathra|Espathra, L80, F|27/100\n|-damage|p1a: Espathra|10/100|[from] Spikes\n|turn|14\n|inactive|Time left: 300 sec this turn | 300 sec total\n|\n|t:|1783555822\n|move|p2a: Oricorio|Revelation Dance|p1a: Espathra\n|-damage|p1a: Espathra|0 fnt\n|faint|p1a: Espathra\n|\n|upkeep\n|\n|t:|1783555823\n|switch|p1a: Sableye|Sableye, L88, M|100/100\n|-damage|p1a: Sableye|84/100|[from] Spikes\n|turn|15\n|inactive|Time left: 300 sec this turn | 300 sec total\n|\n|t:|1783555824\n|move|p1a: Sableye|Thunder Wave|p2a: Oricorio\n|-status|p2a: Oricorio|par\n|move|p2a: Oricorio|Revelation Dance|p1a: Sableye\n|-damage|p1a: Sableye|0 fnt\n|faint|p1a: Sableye\n|\n|upkeep\n|\n|t:|1783555825\n|switch|p1a: Kleavor|Kleavor, L78, F|100/100\n|-damage|p1a: Kleavor|84/100|[from] Spikes\n|turn|16\n|inactive|Time left: 300 sec this turn | 300 sec total\n|\n|t:|1783555826\n|move|p1a: Kleavor|Stone Axe|p2a: Oricorio\n|-supereffective|p2a: Oricorio\n|-damage|p2a: Oricorio|0 fnt\n|-sidestart|p2: p0y143604b4|move: Stealth Rock\n|faint|p2a: Oricorio\n|\n|upkeep\n|inactive|Time left: 300 sec this turn | 300 sec total | 5 sec grace\n|\n|t:|1783555827\n|switch|p2a: Barraskewda|Barraskewda, L81, F|231/231\n|-damage|p2a: Barraskewda|203/231|[from] Stealth Rock\n|turn|17\n|inactive|Time left: 300 sec this turn | 300 sec total\n|\n|t:|1783555828\n|-terastallize|p1a: Kleavor|Rock\n|move|p2a: Barraskewda|Waterfall|p1a: Kleavor\n|-supereffective|p1a: Kleavor\n|-damage|p1a: Kleavor|0 fnt\n|faint|p1a: Kleavor\n|\n|upkeep\n|\n|t:|1783555829\n|switch|p1a: Ogerpon|Ogerpon-Hearthflame, L74, F|100/100\n|-damage|p1a: Ogerpon|84/100|[from] Spikes\n|-ability|p1a: Ogerpon|Mold Breaker\n|turn|18\n|inactive|Time left: 300 sec this turn | 300 sec total\n|\n|t:|1783555830\n|-terastallize|p2a: Barraskewda|Water\n|move|p2a: Barraskewda|Waterfall|p1a: Ogerpon\n|-damage|p1a: Ogerpon|0 fnt\n|faint|p1a: Ogerpon\n|\n|upkeep\n|\n|t:|1783555831\n|switch|p1a: Mabosstiff|Mabosstiff, L86, F|42/100\n|-damage|p1a: Mabosstiff|25/100|[from] Spikes\n|turn|19\n|inactive|Time left: 300 sec this turn | 300 sec total\n|\n|t:|1783555832\n|move|p2a: Barraskewda|Waterfall|p1a: Mabosstiff\n|-damage|p1a: Mabosstiff|0 fnt\n|faint|p1a: Mabosstiff\n|\n|win|p0y143604b4", "uploadtime": 1783555832, "views": 0, "rating": 0, "private": 0, "password": null, "_winner": "p0y143604b4", "_our_name": "p0y143604b4"}