{"id": "battle-gen9randombattle-763", "formatid": "gen9randombattle", "format": "[Gen 9] Random Battle", "players": ["p0x7632a83", "p0y7630180"], "log": "|init|battle\n|title|p0x7632a83 vs. p0y7630180\n|j|\u2606p0x7632a83\n|j|\u2606p0y7630180\n|t:|1783547973\n|gametype|singles\n|player|p1|p0x7632a83|266|\n|player|p2|p0y7630180|102|\n|gen|9\n|tier|[Gen 9] Random Battle\n|rule|Species Clause: Limit one of each Pok\u00e9mon\n|rule|HP Percentage Mod: HP is shown in percentages\n|rule|Sleep Clause Mod: Limit one foe put to sleep\n|rule|Illusion Level Mod: Illusion disguises the Pok\u00e9mon's true level\n|\n|t:|1783547973\n|teamsize|p1|6\n|teamsize|p2|6\n|start\n|switch|p1a: Oricorio|Oricorio-Sensu, L85, M|100/100\n|switch|p2a: Gouging Fire|Gouging Fire, L74|277/277\n|turn|1\n|inactive|Battle timer is ON: inactive players will automatically lose when time's up. (requested by p0y7630180)\n|inactive|p0x7632a83 also wants the timer to be on.\n|\n|t:|1783547975\n|move|p1a: Oricorio|Quiver Dance|p1a: Oricorio\n|-boost|p1a: Oricorio|spa|1\n|-boost|p1a: Oricorio|spd|1\n|-boost|p1a: Oricorio|spe|1\n|move|p2a: Gouging Fire|Outrage|p1a: Oricorio\n|-damage|p1a: Oricorio|47/100\n|\n|upkeep\n|turn|2\n|inactive|Time left: 300 sec this turn | 300 sec total\n|\n|t:|1783547976\n|switch|p1a: Clefable|Clefable, L83, F|100/100\n|move|p2a: Gouging Fire|Outrage|p1a: Clefable|[from] lockedmove\n|-immune|p1a: Clefable\n|-start|p2a: Gouging Fire|confusion|[fatigue]\n|\n|upkeep\n|turn|3\n|inactive|Time left: 300 sec this turn | 300 sec total\n|\n|t:|1783547977\n|-end|p2a: Gouging Fire|Protosynthesis|[silent]\n|switch|p2a: Toucannon|Toucannon, L88, M|284/284\n|move|p1a: Clefable|Moonblast|p2a: Toucannon\n|-damage|p2a: Toucannon|146/284\n|\n|upkeep\n|turn|4\n|inactive|Time left: 300 sec this turn | 300 sec total\n|\n|t:|1783547978\n|move|p2a: Toucannon|Roost|p2a: Toucannon\n|-heal|p2a: Toucannon|284/284\n|-singleturn|p2a: Toucannon|move: Roost\n|move|p1a: Clefable|Moonblast|p2a: Toucannon\n|-damage|p2a: Toucannon|138/284\n|-unboost|p2a: Toucannon|spa|1\n|\n|upkeep\n|turn|5\n|inactive|Time left: 300 sec this turn | 300 sec total\n|\n|t:|1783547979\n|-singleturn|p2a: Toucannon|move: Beak Blast\n|move|p1a: Clefable|Moonblast|p2a: Toucannon\n|-damage|p2a: Toucannon|4/284\n|move|p2a: Toucannon|Beak Blast|p1a: Clefable\n|-damage|p1a: Clefable|50/100\n|\n|upkeep\n|turn|6\n|inactive|Time left: 300 sec this turn | 300 sec total\n|\n|t:|1783547981\n|move|p2a: Toucannon|Roost|p2a: Toucannon\n|-heal|p2a: Toucannon|146/284\n|-singleturn|p2a: Toucannon|move: Roost\n|move|p1a: Clefable|Moonblast|p2a: Toucannon\n|-damage|p2a: Toucannon|17/284\n|-unboost|p2a: Toucannon|spa|1\n|\n|upkeep\n|turn|7\n|inactive|Time left: 300 sec this turn | 300 sec total\n|\n|t:|1783547982\n|move|p2a: Toucannon|U-turn|p1a: Clefable\n|-resisted|p1a: Clefable\n|-damage|p1a: Clefable|38/100\n|inactive|Time left: 300 sec this turn | 300 sec total | 5 sec grace\n|\n|t:|1783547983\n|switch|p2a: Charizard|Charizard, L85, F|271/271|[from] U-turn\n|move|p1a: Clefable|Moonlight|p1a: Clefable\n|-heal|p1a: Clefable|88/100\n|\n|upkeep\n|turn|8\n|inactive|Time left: 300 sec this turn | 300 sec total\n|\n|t:|1783547984\n|move|p2a: Charizard|Dragon Dance|p2a: Charizard\n|-boost|p2a: Charizard|atk|1\n|-boost|p2a: Charizard|spe|1\n|move|p1a: Clefable|Moonblast|p2a: Charizard\n|-resisted|p2a: Charizard\n|-damage|p2a: Charizard|207/271\n|\n|upkeep\n|turn|9\n|inactive|Time left: 300 sec this turn | 300 sec total\n|\n|t:|1783547985\n|move|p2a: Charizard|Dragon Dance|p2a: Charizard\n|-boost|p2a: Charizard|atk|1\n|-boost|p2a: Charizard|spe|1\n|move|p1a: Clefable|Moonlight|p1a: Clefable\n|-heal|p1a: Clefable|100/100\n|\n|upkeep\n|turn|10\n|inactive|Time left: 300 sec this turn | 300 sec total\n|\n|t:|1783547986\n|move|p2a: Charizard|Flare Blitz|p1a: Clefable\n|-crit|p1a: Clefable\n|-damage|p1a: Clefable|0 fnt\n|faint|p1a: Clefable\n|-damage|p2a: Charizard|110/271|[from] Recoil\n|\n|upkeep\n|\n|t:|1783547987\n|switch|p1a: Toucannon|Toucannon, L88, F|100/100\n|turn|11\n|inactive|Time left: 300 sec this turn | 300 sec total\n|\n|t:|1783547987\n|move|p2a: Charizard|Flare Blitz|p1a: Toucannon\n|-damage|p1a: Toucannon|6/100\n|-damage|p2a: Charizard|22/271|[from] Recoil\n|move|p1a: Toucannon|Boomburst|p2a: Charizard\n|-damage|p2a: Charizard|0 fnt\n|faint|p2a: Charizard\n|\n|upkeep\n|inactive|Time left: 300 sec this turn | 300 sec total | 5 sec grace\n|\n|t:|1783547988\n|switch|p2a: Gouging Fire|Gouging Fire, L74|277/277\n|turn|12\n|inactive|Time left: 300 sec this turn | 300 sec total\n|\n|t:|1783547989\n|-singleturn|p1a: Toucannon|move: Beak Blast\n|move|p2a: Gouging Fire|Outrage|p1a: Toucannon\n|-damage|p1a: Toucannon|0 fnt\n|faint|p1a: Toucannon\n|\n|upkeep\n|\n|t:|1783547989\n|switch|p1a: Glaceon|Glaceon, L94, F|100/100\n|turn|13\n|inactive|Time left: 300 sec this turn | 300 sec total\n|\n|t:|1783547990\n|move|p2a: Gouging Fire|Outrage|p1a: Glaceon|[from] lockedmove\n|-damage|p1a: Glaceon|71/100\n|-start|p2a: Gouging Fire|confusion|[fatigue]\n|move|p1a: Glaceon|Freeze-Dry|p2a: Gouging Fire\n|-damage|p2a: Gouging Fire|157/277\n|\n|upkeep\n|turn|14\n|inactive|Time left: 300 sec this turn | 300 sec total\n|\n|t:|1783547991\n|-end|p2a: Gouging Fire|Protosynthesis|[silent]\n|switch|p2a: Iron Crown|Iron Crown, L78|268/268\n|move|p1a: Glaceon|Freeze-Dry|p2a: Iron Crown\n|-resisted|p2a: Iron Crown\n|-damage|p2a: Iron Crown|219/268\n|\n|-heal|p2a: Iron Crown|235/268|[from] item: Leftovers\n|upkeep\n|turn|15\n|inactive|Time left: 300 sec this turn | 300 sec total\n|\n|t:|1783547992\n|move|p1a: Glaceon|Protect|p1a: Glaceon\n|-singleturn|p1a: Glaceon|Protect\n|move|p2a: Iron Crown|Calm Mind|p2a: Iron Crown\n|-boost|p2a: Iron Crown|spa|1\n|-boost|p2a: Iron Crown|spd|1\n|\n|-heal|p2a: Iron Crown|251/268|[from] item: Leftovers\n|upkeep\n|turn|16\n|inactive|Time left: 300 sec this turn | 300 sec total\n|\n|t:|1783547992\n|move|p1a: Glaceon|Protect||[still]\n|-fail|p1a: Glaceon\n|move|p2a: Iron Crown|Tachyon Cutter|p1a: Glaceon\n|-supereffective|p1a: Glaceon\n|-damage|p1a: Glaceon|20/100\n|-supereffective|p1a: Glaceon\n|-damage|p1a: Glaceon|0 fnt\n|faint|p1a: Glaceon\n|-hitcount|p1: Glaceon|2\n|\n|-heal|p2a: Iron Crown|267/268|[from] item: Leftovers\n|upkeep\n|\n|t:|1783547993\n|switch|p1a: Oricorio|Oricorio-Sensu, L85, M|47/100\n|turn|17\n|inactive|Time left: 300 sec this turn | 300 sec total\n|\n|t:|1783547994\n|move|p1a: Oricorio|Roost|p1a: Oricorio\n|-heal|p1a: Oricorio|97/100\n|-singleturn|p1a: Oricorio|move: Roost\n|move|p2a: Iron Crown|Tachyon Cutter|p1a: Oricorio\n|-damage|p1a: Oricorio|60/100\n|-damage|p1a: Oricorio|22/100\n|-hitcount|p1a: Oricorio|2\n|\n|-heal|p2a: Iron Crown|268/268|[from] item: Leftovers\n|upkeep\n|turn|18\n|inactive|Time left: 300 sec this turn | 300 sec total\n|\n|t:|1783547995\n|move|p1a: Oricorio|Revelation Dance|p2a: Iron Crown\n|-supereffective|p2a: Iron Crown\n|-damage|p2a: Iron Crown|148/268\n|move|p2a: Iron Crown|Tachyon Cutter|p1a: Oricorio\n|-damage|p1a: Oricorio|0 fnt\n|faint|p1a: Oricorio\n|-hitcount|p1: Oricorio|1\n|\n|-heal|p2a: Iron Crown|164/268|[from] item: Leftovers\n|upkeep\n|\n|t:|1783547996\n|switch|p1a: Plusle|Plusle, L95, F|100/100\n|turn|19\n|inactive|Time left: 300 sec this turn | 300 sec total\n|\n|t:|1783547997\n|-terastallize|p1a: Plusle|Electric\n|move|p1a: Plusle|Nasty Plot|p1a: Plusle\n|-boost|p1a: Plusle|spa|2\n|move|p2a: Iron Crown|Psyshock|p1a: Plusle\n|-damage|p1a: Plusle|27/100\n|\n|-heal|p2a: Iron Crown|180/268|[from] item: Leftovers\n|upkeep\n|turn|20\n|inactive|Time left: 300 sec this turn | 300 sec total\n|\n|t:|1783547998\n|-end|p2a: Iron Crown|Quark Drive|[silent]\n|switch|p2a: Flygon|Flygon, L82, F|265/265\n|move|p1a: Plusle|Thunderbolt|p2a: Flygon\n|-immune|p2a: Flygon\n|\n|upkeep\n|turn|21\n|inactive|Time left: 300 sec this turn | 300 sec total\n|\n|t:|1783548000\n|move|p2a: Flygon|Earthquake|p1a: Plusle\n|-supereffective|p1a: Plusle\n|-damage|p1a: Plusle|0 fnt\n|faint|p1a: Plusle\n|\n|upkeep\n|\n|t:|1783548001\n|switch|p1a: Annihilape|Annihilape, L76, F|100/100\n|turn|22\n|inactive|Time left: 300 sec this turn | 300 sec total\n|\n|t:|1783548002\n|-terastallize|p2a: Flygon|Ground\n|move|p2a: Flygon|Earthquake|p1a: Annihilape\n|-damage|p1a: Annihilape|47/100\n|move|p1a: Annihilape|Bulk Up|p1a: Annihilape\n|-boost|p1a: Annihilape|atk|1\n|-boost|p1a: Annihilape|def|1\n|\n|upkeep\n|turn|23\n|inactive|Time left: 300 sec this turn | 300 sec total\n|\n|t:|1783548003\n|move|p2a: Flygon|Earthquake|p1a: Annihilape\n|-damage|p1a: Annihilape|11/100\n|move|p1a: Annihilape|Rest|p1a: Annihilape\n|-status|p1a: Annihilape|slp|[from] move: Rest\n|-heal|p1a: Annihilape|100/100 slp|[silent]\n|-enditem|p1a: Annihilape|Chesto Berry|[eat]\n|-curestatus|p1a: Annihilape|slp|[msg]\n|\n|upkeep\n|turn|24\n|inactive|Time left: 300 sec this turn | 300 sec total\n|\n|t:|1783548004\n|switch|p2a: Slowbro|Slowbro, L85, M|300/300\n|move|p1a: Annihilape|Bulk Up|p1a: Annihilape\n|-boost|p1a: Annihilape|atk|1\n|-boost|p1a: Annihilape|def|1\n|\n|upkeep\n|turn|25\n|inactive|Time left: 300 sec this turn | 300 sec total\n|\n|t:|1783548005\n|move|p1a: Annihilape|Rage Fist|p2a: Slowbro\n|-supereffective|p2a: Slowbro\n|-damage|p2a: Slowbro|0 fnt\n|faint|p2a: Slowbro\n|\n|upkeep\n|inactive|Time left: 300 sec this turn | 300 sec total | 5 sec grace\n|\n|t:|1783548006\n|switch|p2a: Gouging Fire|Gouging Fire, L74|157/277\n|turn|26\n|inactive|Time left: 300 sec this turn | 300 sec total\n|\n|t:|1783548007\n|move|p1a: Annihilape|Drain Punch|p2a: Gouging Fire\n|-damage|p2a: Gouging Fire|22/277\n|move|p2a: Gouging Fire|Morning Sun|p2a: Gouging Fire\n|-heal|p2a: Gouging Fire|160/277\n|\n|upkeep\n|turn|27\n|inactive|Time left: 300 sec this turn | 300 sec total\n|\n|t:|1783548008\n|move|p1a: Annihilape|Drain Punch|p2a: Gouging Fire\n|-damage|p2a: Gouging Fire|25/277\n|move|p2a: Gouging Fire|Morning Sun|p2a: Gouging Fire\n|-heal|p2a: Gouging Fire|163/277\n|\n|upkeep\n|turn|28\n|inactive|Time left: 300 sec this turn | 300 sec total\n|\n|t:|1783548009\n|move|p1a: Annihilape|Bulk Up|p1a: Annihilape\n|-boost|p1a: Annihilape|atk|1\n|-boost|p1a: Annihilape|def|1\n|move|p2a: Gouging Fire|Morning Sun|p2a: Gouging Fire\n|-heal|p2a: Gouging Fire|277/277\n|\n|upkeep\n|turn|29\n|inactive|Time left: 300 sec this turn | 300 sec total\n|\n|t:|1783548010\n|move|p1a: Annihilape|Drain Punch|p2a: Gouging Fire\n|-damage|p2a: Gouging Fire|124/277\n|move|p2a: Gouging Fire|Morning Sun|p2a: Gouging Fire\n|-heal|p2a: Gouging Fire|262/277\n|\n|upkeep\n|turn|30\n|inactive|Time left: 300 sec this turn | 300 sec total\n|\n|t:|1783548011\n|move|p1a: Annihilape|Drain Punch|p2a: Gouging Fire\n|-damage|p2a: Gouging Fire|99/277\n|move|p2a: Gouging Fire|Morning Sun|p2a: Gouging Fire\n|-heal|p2a: Gouging Fire|237/277\n|\n|upkeep\n|turn|31\n|inactive|Time left: 300 sec this turn | 300 sec total\n|\n|t:|1783548013\n|move|p1a: Annihilape|Drain Punch|p2a: Gouging Fire\n|-damage|p2a: Gouging Fire|57/277\n|move|p2a: Gouging Fire|Morning Sun|p2a: Gouging Fire\n|-heal|p2a: Gouging Fire|195/277\n|\n|upkeep\n|turn|32\n|inactive|Time left: 300 sec this turn | 300 sec total\n|\n|t:|1783548014\n|move|p1a: Annihilape|Drain Punch|p2a: Gouging Fire\n|-damage|p2a: Gouging Fire|39/277\n|move|p2a: Gouging Fire|Morning Sun|p2a: Gouging Fire\n|-heal|p2a: Gouging Fire|177/277\n|\n|upkeep\n|turn|33\n|inactive|Time left: 300 sec this turn | 300 sec total\n|\n|t:|1783548015\n|move|p1a: Annihilape|Drain Punch|p2a: Gouging Fire\n|-damage|p2a: Gouging Fire|18/277\n|move|p2a: Gouging Fire|Dragon Dance|p2a: Gouging Fire\n|-boost|p2a: Gouging Fire|atk|1\n|-boost|p2a: Gouging Fire|spe|1\n|\n|upkeep\n|turn|34\n|inactive|Time left: 300 sec this turn | 300 sec total\n|\n|t:|1783548016\n|move|p2a: Gouging Fire|Outrage|p1a: Annihilape\n|-damage|p1a: Annihilape|75/100\n|move|p1a: Annihilape|Drain Punch|p2a: Gouging Fire\n|-damage|p2a: Gouging Fire|0 fnt\n|-heal|p1a: Annihilape|78/100|[from] drain|[of] p2a: Gouging Fire\n|faint|p2a: Gouging Fire\n|-end|p2a: Gouging Fire|Protosynthesis|[silent]\n|\n|upkeep\n|inactive|Time left: 300 sec this turn | 300 sec total | 5 sec grace\n|\n|t:|1783548017\n|switch|p2a: Iron Crown|Iron Crown, L78|180/268\n|turn|35\n|inactive|Time left: 300 sec this turn | 300 sec total\n|\n|t:|1783548018\n|move|p2a: Iron Crown|Psyshock|p1a: Annihilape\n|-supereffective|p1a: Annihilape\n|-damage|p1a: Annihilape|49/100\n|move|p1a: Annihilape|Drain Punch|p2a: Iron Crown\n|-damage|p2a: Iron Crown|0 fnt\n|-heal|p1a: Annihilape|80/100|[from] drain|[of] p2a: Iron Crown\n|faint|p2a: Iron Crown\n|-end|p2a: Iron Crown|Quark Drive|[silent]\n|\n|upkeep\n|inactive|Time left: 300 sec this turn | 300 sec total | 5 sec grace\n|\n|t:|1783548019\n|switch|p2a: Flygon|Flygon, L82, F, tera:Ground|265/265\n|turn|36\n|inactive|Time left: 300 sec this turn | 300 sec total\n|\n|t:|1783548020\n|move|p2a: Flygon|Stone Edge|p1a: Annihilape|[miss]\n|-miss|p2a: Flygon|p1a: Annihilape\n|move|p1a: Annihilape|Drain Punch|p2a: Flygon\n|-damage|p2a: Flygon|49/265\n|-heal|p1a: Annihilape|100/100|[from] drain|[of] p2a: Flygon\n|\n|upkeep\n|turn|37\n|inactive|Time left: 300 sec this turn | 300 sec total\n|\n|t:|1783548021\n|move|p2a: Flygon|Stone Edge|p1a: Annihilape|[miss]\n|-miss|p2a: Flygon|p1a: Annihilape\n|move|p1a: Annihilape|Drain Punch|p2a: Flygon\n|-damage|p2a: Flygon|0 fnt\n|faint|p2a: Flygon\n|\n|upkeep\n|inactive|Time left: 300 sec this turn | 300 sec total | 5 sec grace\n|\n|t:|1783548022\n|switch|p2a: Toucannon|Toucannon, L88, M|17/284\n|turn|38\n|inactive|Time left: 300 sec this turn | 300 sec total\n|\n|t:|1783548023\n|move|p1a: Annihilape|Drain Punch|p2a: Toucannon\n|-damage|p2a: Toucannon|0 fnt\n|faint|p2a: Toucannon\n|\n|win|p0x7632a83", "uploadtime": 1783548023, "views": 0, "rating": 0, "private": 0, "password": null, "_winner": "p0x7632a83", "_our_name": "p0y7630180"}