{"id": "battle-gen9randombattle-1701", "formatid": "gen9randombattle", "format": "[Gen 9] Random Battle", "players": ["p0x1701260e", "p0y170199ad"], "log": "|init|battle\n|title|p0x1701260e vs. p0y170199ad\n|j|\u2606p0x1701260e\n|j|\u2606p0y170199ad\n|t:|1783559721\n|gametype|singles\n|player|p1|p0x1701260e|1|\n|player|p2|p0y170199ad|169|\n|gen|9\n|tier|[Gen 9] Random Battle\n|rule|Species Clause: Limit one of each Pok\u00e9mon\n|rule|HP Percentage Mod: HP is shown in percentages\n|rule|Sleep Clause Mod: Limit one foe put to sleep\n|rule|Illusion Level Mod: Illusion disguises the Pok\u00e9mon's true level\n|\n|t:|1783559721\n|teamsize|p1|6\n|teamsize|p2|6\n|start\n|switch|p1a: Charizard|Charizard, L85, M|100/100\n|switch|p2a: Rillaboom|Rillaboom, L79, F|288/288\n|-fieldstart|move: Grassy Terrain|[from] ability: Grassy Surge|[of] p2a: Rillaboom\n|turn|1\n|inactive|Battle timer is ON: inactive players will automatically lose when time's up. (requested by p0y170199ad)\n|inactive|p0x1701260e also wants the timer to be on.\n|\n|t:|1783559723\n|switch|p2a: Incineroar|Incineroar, L82, F|290/290\n|-ability|p2a: Incineroar|Intimidate|boost\n|-unboost|p1a: Charizard|atk|1\n|move|p1a: Charizard|Swords Dance|p1a: Charizard\n|-boost|p1a: Charizard|atk|2\n|\n|upkeep\n|turn|2\n|inactive|Time left: 300 sec this turn | 300 sec total\n|\n|t:|1783559724\n|-terastallize|p1a: Charizard|Dragon\n|move|p1a: Charizard|Outrage|p2a: Incineroar\n|-damage|p2a: Incineroar|109/290\n|move|p2a: Incineroar|Knock Off|p1a: Charizard\n|-damage|p1a: Charizard|55/100\n|-enditem|p1a: Charizard|Heavy-Duty Boots|[from] move: Knock Off|[of] p2a: Incineroar\n|\n|-heal|p1a: Charizard|61/100|[from] Grassy Terrain\n|-heal|p2a: Incineroar|127/290|[from] Grassy Terrain\n|upkeep\n|turn|3\n|inactive|Time left: 300 sec this turn | 300 sec total\n|\n|t:|1783559726\n|switch|p2a: Ribombee|Ribombee, L83, F|235/235\n|move|p1a: Charizard|Outrage|p2a: Ribombee|[from] lockedmove\n|-immune|p2a: Ribombee\n|-start|p1a: Charizard|confusion|[fatigue]\n|\n|-heal|p1a: Charizard|67/100|[from] Grassy Terrain\n|upkeep\n|turn|4\n|inactive|Time left: 300 sec this turn | 300 sec total\n|\n|t:|1783559727\n|switch|p1a: Milotic|Milotic, L83, F|100/100\n|move|p2a: Ribombee|Sticky Web|p1a: Milotic\n|-sidestart|p1: p0x1701260e|move: Sticky Web\n|\n|upkeep\n|turn|5\n|inactive|Time left: 300 sec this turn | 300 sec total\n|\n|t:|1783559728\n|switch|p2a: Munkidori|Munkidori, L79, M|269/269\n|move|p1a: Milotic|Scald|p2a: Munkidori\n|-damage|p2a: Munkidori|206/269\n|\n|-heal|p2a: Munkidori|222/269|[from] Grassy Terrain\n|-fieldend|move: Grassy Terrain\n|upkeep\n|turn|6\n|inactive|Time left: 300 sec this turn | 300 sec total\n|\n|t:|1783559729\n|move|p2a: Munkidori|Sludge Wave|p1a: Milotic\n|-crit|p1a: Milotic\n|-damage|p1a: Milotic|54/100\n|move|p1a: Milotic|Scald|p2a: Munkidori\n|-damage|p2a: Munkidori|159/269\n|\n|-heal|p1a: Milotic|61/100|[from] item: Leftovers\n|upkeep\n|turn|7\n|inactive|Time left: 300 sec this turn | 300 sec total\n|\n|t:|1783559730\n|move|p2a: Munkidori|Sludge Wave|p1a: Milotic\n|-damage|p1a: Milotic|31/100\n|move|p1a: Milotic|Scald|p2a: Munkidori\n|-damage|p2a: Munkidori|95/269\n|\n|-heal|p1a: Milotic|37/100|[from] item: Leftovers\n|upkeep\n|turn|8\n|inactive|Time left: 300 sec this turn | 300 sec total\n|\n|t:|1783559731\n|move|p2a: Munkidori|Psychic Noise|p1a: Milotic\n|-damage|p1a: Milotic|12/100\n|-start|p1a: Milotic|move: Heal Block\n|cant|p1a: Milotic|move: Heal Block|Recover\n|\n|upkeep\n|turn|9\n|inactive|Time left: 300 sec this turn | 300 sec total\n|\n|t:|1783559732\n|move|p2a: Munkidori|U-turn|p1a: Milotic\n|-damage|p1a: Milotic|0 fnt\n|faint|p1a: Milotic\n|inactive|Time left: 300 sec this turn | 300 sec total | 5 sec grace\n|\n|t:|1783559733\n|switch|p2a: Clawitzer|Clawitzer, L87, F|265/265|[from] U-turn\n|\n|upkeep\n|\n|t:|1783559734\n|switch|p1a: Glalie|Glalie, L96, M|100/100\n|turn|10\n|inactive|Time left: 300 sec this turn | 300 sec total\n|\n|t:|1783559735\n|move|p1a: Glalie|Freeze-Dry|p2a: Clawitzer\n|-supereffective|p2a: Clawitzer\n|-damage|p2a: Clawitzer|155/265\n|move|p2a: Clawitzer|Dark Pulse|p1a: Glalie\n|-damage|p1a: Glalie|66/100\n|\n|upkeep\n|turn|11\n|inactive|Time left: 300 sec this turn | 300 sec total\n|\n|t:|1783559737\n|move|p1a: Glalie|Freeze-Dry|p2a: Clawitzer\n|-supereffective|p2a: Clawitzer\n|-damage|p2a: Clawitzer|39/265\n|move|p2a: Clawitzer|Water Pulse|p1a: Glalie\n|-damage|p1a: Glalie|33/100\n|-start|p1a: Glalie|confusion\n|\n|upkeep\n|turn|12\n|inactive|Time left: 300 sec this turn | 300 sec total\n|\n|t:|1783559738\n|-activate|p1a: Glalie|confusion\n|move|p1a: Glalie|Earthquake|p2a: Clawitzer\n|-damage|p2a: Clawitzer|0 fnt\n|faint|p2a: Clawitzer\n|\n|upkeep\n|inactive|Time left: 300 sec this turn | 300 sec total | 5 sec grace\n|\n|t:|1783559739\n|switch|p2a: Rillaboom|Rillaboom, L79, F|288/288\n|-fieldstart|move: Grassy Terrain|[from] ability: Grassy Surge|[of] p2a: Rillaboom\n|turn|13\n|inactive|Time left: 300 sec this turn | 300 sec total\n|\n|t:|1783559740\n|-end|p1a: Glalie|confusion\n|move|p1a: Glalie|Freeze-Dry|p2a: Rillaboom\n|-supereffective|p2a: Rillaboom\n|-damage|p2a: Rillaboom|84/288\n|move|p2a: Rillaboom|Wood Hammer|p1a: Glalie\n|-damage|p1a: Glalie|0 fnt\n|faint|p1a: Glalie\n|-damage|p2a: Rillaboom|51/288|[from] Recoil\n|\n|-heal|p2a: Rillaboom|69/288|[from] Grassy Terrain\n|upkeep\n|\n|t:|1783559741\n|switch|p1a: Zekrom|Zekrom, L71|100/100\n|-activate|p1a: Zekrom|move: Sticky Web\n|-unboost|p1a: Zekrom|spe|1\n|-ability|p1a: Zekrom|Teravolt\n|turn|14\n|inactive|Time left: 300 sec this turn | 300 sec total\n|\n|t:|1783559742\n|move|p2a: Rillaboom|Wood Hammer|p1a: Zekrom\n|-resisted|p1a: Zekrom\n|-damage|p1a: Zekrom|53/100\n|-damage|p2a: Rillaboom|28/288|[from] Recoil\n|move|p1a: Zekrom|Outrage|p2a: Rillaboom\n|-damage|p2a: Rillaboom|0 fnt\n|faint|p2a: Rillaboom\n|\n|-heal|p1a: Zekrom|59/100|[from] Grassy Terrain\n|-heal|p1a: Zekrom|65/100|[from] item: Leftovers\n|upkeep\n|inactive|Time left: 300 sec this turn | 300 sec total | 5 sec grace\n|\n|t:|1783559743\n|switch|p2a: Ribombee|Ribombee, L83, F|235/235\n|turn|15\n|inactive|Time left: 300 sec this turn | 300 sec total\n|\n|t:|1783559744\n|move|p2a: Ribombee|Moonblast|p1a: Zekrom\n|-supereffective|p1a: Zekrom\n|-damage|p1a: Zekrom|0 fnt\n|faint|p1a: Zekrom\n|\n|upkeep\n|\n|t:|1783559745\n|switch|p1a: Manaphy|Manaphy, L78|100/100\n|-activate|p1a: Manaphy|move: Sticky Web\n|-unboost|p1a: Manaphy|spe|1\n|turn|16\n|inactive|Time left: 300 sec this turn | 300 sec total\n|\n|t:|1783559746\n|switch|p2a: Pawmot|Pawmot, L80, F|243/243\n|move|p1a: Manaphy|Tail Glow|p1a: Manaphy\n|-boost|p1a: Manaphy|spa|3\n|\n|upkeep\n|turn|17\n|inactive|Time left: 300 sec this turn | 300 sec total\n|\n|t:|1783559747\n|switch|p1a: Charizard|Charizard, L85, M, tera:Dragon|67/100\n|-activate|p1a: Charizard|move: Sticky Web\n|-unboost|p1a: Charizard|spe|1\n|move|p2a: Pawmot|Double Shock|p1a: Charizard\n|-resisted|p1a: Charizard\n|-damage|p1a: Charizard|30/100\n|-start|p2a: Pawmot|typechange|???/Fighting|[from] move: Double Shock\n|-damage|p2a: Pawmot|219/243|[from] item: Life Orb\n|\n|-heal|p2a: Pawmot|234/243|[from] Grassy Terrain\n|-heal|p1a: Charizard|36/100|[from] Grassy Terrain\n|-fieldend|move: Grassy Terrain\n|upkeep\n|turn|18\n|inactive|Time left: 300 sec this turn | 300 sec total\n|\n|t:|1783559748\n|move|p2a: Pawmot|Close Combat|p1a: Charizard\n|-damage|p1a: Charizard|0 fnt\n|-unboost|p2a: Pawmot|def|1\n|-unboost|p2a: Pawmot|spd|1\n|faint|p1a: Charizard\n|-damage|p2a: Pawmot|210/243|[from] item: Life Orb\n|\n|upkeep\n|\n|t:|1783559748\n|switch|p1a: Klefki|Klefki, L84, F|100/100\n|-activate|p1a: Klefki|move: Sticky Web\n|-unboost|p1a: Klefki|spe|1\n|turn|19\n|inactive|Time left: 300 sec this turn | 300 sec total\n|\n|t:|1783559749\n|-terastallize|p2a: Pawmot|Electric\n|move|p2a: Pawmot|Double Shock|p1a: Klefki\n|-damage|p1a: Klefki|31/100\n|-start|p2a: Pawmot|typechange|Electric|[from] move: Double Shock\n|-damage|p2a: Pawmot|186/243|[from] item: Life Orb\n|move|p1a: Klefki|Play Rough|p2a: Pawmot\n|-damage|p2a: Pawmot|33/243\n|\n|-heal|p1a: Klefki|37/100|[from] item: Leftovers\n|upkeep\n|turn|20\n|inactive|Time left: 300 sec this turn | 300 sec total\n|\n|t:|1783559750\n|move|p1a: Klefki|Magnet Rise|p1a: Klefki\n|-start|p1a: Klefki|Magnet Rise\n|move|p2a: Pawmot|Double Shock|p1a: Klefki\n|-damage|p1a: Klefki|0 fnt\n|-start|p2a: Pawmot|typechange|Electric|[from] move: Double Shock\n|faint|p1a: Klefki\n|-damage|p2a: Pawmot|9/243|[from] item: Life Orb\n|\n|upkeep\n|\n|t:|1783559751\n|switch|p1a: Manaphy|Manaphy, L78|100/100\n|-activate|p1a: Manaphy|move: Sticky Web\n|-unboost|p1a: Manaphy|spe|1\n|turn|21\n|inactive|Time left: 300 sec this turn | 300 sec total\n|\n|t:|1783559751\n|move|p2a: Pawmot|Double Shock|p1a: Manaphy\n|-supereffective|p1a: Manaphy\n|-damage|p1a: Manaphy|0 fnt\n|-start|p2a: Pawmot|typechange|Electric|[from] move: Double Shock\n|faint|p1a: Manaphy\n|-damage|p2a: Pawmot|0 fnt|[from] item: Life Orb\n|faint|p2a: Pawmot\n|\n|win|p0y170199ad", "uploadtime": 1783559751, "views": 0, "rating": 0, "private": 0, "password": null, "_winner": "p0y170199ad", "_our_name": "p0y170199ad"}