{"id": "battle-gen9randombattle-762", "formatid": "gen9randombattle", "format": "[Gen 9] Random Battle", "players": ["p0x762a615", "p0y7626128"], "log": "|init|battle\n|title|p0x762a615 vs. p0y7626128\n|j|\u2606p0x762a615\n|j|\u2606p0y7626128\n|t:|1783548698\n|gametype|singles\n|player|p1|p0x762a615|169|\n|player|p2|p0y7626128|170|\n|gen|9\n|tier|[Gen 9] Random Battle\n|rule|Species Clause: Limit one of each Pok\u00e9mon\n|rule|HP Percentage Mod: HP is shown in percentages\n|rule|Sleep Clause Mod: Limit one foe put to sleep\n|rule|Illusion Level Mod: Illusion disguises the Pok\u00e9mon's true level\n|\n|t:|1783548698\n|teamsize|p1|6\n|teamsize|p2|6\n|start\n|switch|p1a: Wigglytuff|Wigglytuff, L96, F|424/424\n|switch|p2a: Regigigas|Regigigas, L84|100/100\n|-start|p2a: Regigigas|ability: Slow Start\n|turn|1\n|inactive|Battle timer is ON: inactive players will automatically lose when time's up. (requested by p0y7626128)\n|inactive|Time left: 300 sec this turn | 300 sec total | 60 sec grace\n|inactive|p0x762a615 also wants the timer to be on.\n|\n|t:|1783548700\n|move|p1a: Wigglytuff|Thunder Wave|p2a: Regigigas\n|-status|p2a: Regigigas|par\n|cant|p2a: Regigigas|par\n|\n|upkeep\n|turn|2\n|inactive|Time left: 300 sec this turn | 300 sec total\n|\n|t:|1783548702\n|switch|p1a: Squawkabilly|Squawkabilly, L85, F|278/278\n|move|p2a: Regigigas|Knock Off|p1a: Squawkabilly\n|-damage|p1a: Squawkabilly|199/278\n|-enditem|p1a: Squawkabilly|Flame Orb|[from] move: Knock Off|[of] p2a: Regigigas\n|\n|upkeep\n|turn|3\n|inactive|Time left: 300 sec this turn | 300 sec total\n|\n|t:|1783548703\n|switch|p1a: Masquerain|Masquerain, L87, M|264/264\n|-ability|p1a: Masquerain|Intimidate|boost\n|-unboost|p2a: Regigigas|atk|1\n|move|p2a: Regigigas|Knock Off|p1a: Masquerain\n|-damage|p1a: Masquerain|217/264\n|-enditem|p1a: Masquerain|Heavy-Duty Boots|[from] move: Knock Off|[of] p2a: Regigigas\n|\n|upkeep\n|turn|4\n|inactive|Time left: 300 sec this turn | 300 sec total\n|\n|t:|1783548705\n|switch|p2a: Crawdaunt|Crawdaunt, L84, M|100/100\n|move|p1a: Masquerain|Quiver Dance|p1a: Masquerain\n|-boost|p1a: Masquerain|spa|1\n|-boost|p1a: Masquerain|spd|1\n|-boost|p1a: Masquerain|spe|1\n|\n|upkeep\n|turn|5\n|inactive|Time left: 300 sec this turn | 300 sec total\n|\n|t:|1783548706\n|-terastallize|p2a: Crawdaunt|Water\n|move|p1a: Masquerain|Bug Buzz|p2a: Crawdaunt\n|-damage|p2a: Crawdaunt|12/100\n|move|p2a: Crawdaunt|Crabhammer|p1a: Masquerain\n|-damage|p1a: Masquerain|0 fnt\n|faint|p1a: Masquerain\n|-damage|p2a: Crawdaunt|3/100|[from] item: Life Orb\n|\n|upkeep\n|inactive|Time left: 300 sec this turn | 300 sec total | 5 sec grace\n|\n|t:|1783548707\n|switch|p1a: Squawkabilly|Squawkabilly, L85, F|199/278\n|turn|6\n|inactive|Time left: 300 sec this turn | 300 sec total\n|\n|t:|1783548708\n|switch|p2a: Solgaleo|Solgaleo, L74|100/100\n|move|p1a: Squawkabilly|Brave Bird|p2a: Solgaleo\n|-resisted|p2a: Solgaleo\n|-damage|p2a: Solgaleo|79/100\n|-damage|p1a: Squawkabilly|153/278|[from] item: Rocky Helmet|[of] p2a: Solgaleo\n|-damage|p1a: Squawkabilly|130/278|[from] Recoil\n|\n|upkeep\n|turn|7\n|inactive|Time left: 300 sec this turn | 300 sec total\n|\n|t:|1783548710\n|switch|p1a: Dondozo|Dondozo, L78, M|362/362\n|move|p2a: Solgaleo|Sunsteel Strike|p1a: Dondozo\n|-resisted|p1a: Dondozo\n|-damage|p1a: Dondozo|314/362\n|\n|-heal|p1a: Dondozo|336/362|[from] item: Leftovers\n|upkeep\n|turn|8\n|inactive|Time left: 300 sec this turn | 300 sec total\n|\n|t:|1783548711\n|move|p2a: Solgaleo|Knock Off|p1a: Dondozo\n|-damage|p1a: Dondozo|272/362\n|-enditem|p1a: Dondozo|Leftovers|[from] move: Knock Off|[of] p2a: Solgaleo\n|move|p1a: Dondozo|Wave Crash|p2a: Solgaleo\n|-damage|p2a: Solgaleo|42/100\n|-damage|p1a: Dondozo|212/362|[from] item: Rocky Helmet|[of] p2a: Solgaleo\n|-damage|p1a: Dondozo|172/362|[from] Recoil\n|\n|upkeep\n|turn|9\n|inactive|Time left: 300 sec this turn | 300 sec total\n|\n|t:|1783548712\n|move|p2a: Solgaleo|Morning Sun|p2a: Solgaleo\n|-heal|p2a: Solgaleo|92/100\n|move|p1a: Dondozo|Curse|p1a: Dondozo\n|-unboost|p1a: Dondozo|spe|1\n|-boost|p1a: Dondozo|atk|1\n|-boost|p1a: Dondozo|def|1\n|\n|upkeep\n|turn|10\n|inactive|Time left: 300 sec this turn | 300 sec total\n|\n|t:|1783548713\n|switch|p2a: Lurantis|Lurantis, L87, F|100/100\n|move|p1a: Dondozo|Rest|p1a: Dondozo\n|-status|p1a: Dondozo|slp|[from] move: Rest\n|-heal|p1a: Dondozo|362/362 slp|[silent]\n|\n|upkeep\n|turn|11\n|inactive|Time left: 300 sec this turn | 300 sec total\n|\n|t:|1783548714\n|switch|p1a: Squawkabilly|Squawkabilly, L85, F|130/278\n|move|p2a: Lurantis|Leaf Storm|p1a: Squawkabilly\n|-resisted|p1a: Squawkabilly\n|-damage|p1a: Squawkabilly|37/278\n|-boost|p2a: Lurantis|spa|2\n|\n|upkeep\n|turn|12\n|inactive|Time left: 300 sec this turn | 300 sec total\n|\n|t:|1783548715\n|move|p1a: Squawkabilly|Brave Bird|p2a: Lurantis\n|-supereffective|p2a: Lurantis\n|-damage|p2a: Lurantis|7/100\n|-damage|p1a: Squawkabilly|0 fnt|[from] Recoil\n|faint|p1a: Squawkabilly\n|move|p2a: Lurantis|Synthesis|p2a: Lurantis\n|-heal|p2a: Lurantis|57/100\n|\n|-heal|p2a: Lurantis|63/100|[from] item: Leftovers\n|upkeep\n|inactive|Time left: 300 sec this turn | 300 sec total | 5 sec grace\n|\n|t:|1783548716\n|switch|p1a: Wigglytuff|Wigglytuff, L96, F|424/424\n|turn|13\n|inactive|Time left: 300 sec this turn | 300 sec total\n|\n|t:|1783548718\n|move|p1a: Wigglytuff|Alluring Voice|p2a: Lurantis\n|-damage|p2a: Lurantis|30/100\n|move|p2a: Lurantis|Leaf Storm|p1a: Wigglytuff\n|-damage|p1a: Wigglytuff|115/424\n|-boost|p2a: Lurantis|spa|2\n|\n|-heal|p1a: Wigglytuff|141/424|[from] item: Leftovers\n|-heal|p2a: Lurantis|36/100|[from] item: Leftovers\n|upkeep\n|turn|14\n|inactive|Time left: 300 sec this turn | 300 sec total\n|\n|t:|1783548719\n|move|p1a: Wigglytuff|Alluring Voice|p2a: Lurantis\n|-damage|p2a: Lurantis|1/100\n|move|p2a: Lurantis|Leaf Storm|p1a: Wigglytuff\n|-damage|p1a: Wigglytuff|0 fnt\n|-boost|p2a: Lurantis|spa|2\n|faint|p1a: Wigglytuff\n|\n|-heal|p2a: Lurantis|7/100|[from] item: Leftovers\n|upkeep\n|inactive|Time left: 300 sec this turn | 300 sec total | 5 sec grace\n|\n|t:|1783548720\n|switch|p1a: Diancie|Diancie, L82|216/216\n|turn|15\n|inactive|Time left: 300 sec this turn | 300 sec total\n|\n|t:|1783548721\n|switch|p2a: Solgaleo|Solgaleo, L74|92/100\n|move|p1a: Diancie|Diamond Storm|p2a: Solgaleo\n|-resisted|p2a: Solgaleo\n|-damage|p2a: Solgaleo|76/100\n|\n|upkeep\n|turn|16\n|inactive|Time left: 300 sec this turn | 300 sec total\n|\n|t:|1783548722\n|switch|p1a: Umbreon|Umbreon, L84, M|297/297\n|move|p2a: Solgaleo|Sunsteel Strike|p1a: Umbreon\n|-damage|p1a: Umbreon|201/297\n|\n|-heal|p1a: Umbreon|219/297|[from] item: Leftovers\n|upkeep\n|turn|17\n|inactive|Time left: 300 sec this turn | 300 sec total\n|\n|t:|1783548723\n|move|p2a: Solgaleo|Sunsteel Strike|p1a: Umbreon\n|-damage|p1a: Umbreon|126/297\n|move|p1a: Umbreon|Foul Play|p2a: Solgaleo\n|-supereffective|p2a: Solgaleo\n|-damage|p2a: Solgaleo|7/100\n|-damage|p1a: Umbreon|77/297|[from] item: Rocky Helmet|[of] p2a: Solgaleo\n|\n|-heal|p1a: Umbreon|95/297|[from] item: Leftovers\n|upkeep\n|turn|18\n|inactive|Time left: 300 sec this turn | 300 sec total\n|\n|t:|1783548724\n|move|p2a: Solgaleo|Sunsteel Strike|p1a: Umbreon\n|-damage|p1a: Umbreon|8/297\n|move|p1a: Umbreon|Foul Play|p2a: Solgaleo\n|-supereffective|p2a: Solgaleo\n|-damage|p2a: Solgaleo|0 fnt\n|-damage|p1a: Umbreon|0 fnt|[from] item: Rocky Helmet|[of] p2a: Solgaleo\n|faint|p2a: Solgaleo\n|faint|p1a: Umbreon\n|\n|upkeep\n|inactive|Time left: 300 sec this turn | 300 sec total | 5 sec grace\n|\n|t:|1783548726\n|switch|p2a: Scizor|Scizor, L79, M|100/100\n|switch|p1a: Diancie|Diancie, L82|216/216\n|turn|19\n|inactive|Time left: 300 sec this turn | 300 sec total\n|\n|t:|1783548727\n|-terastallize|p1a: Diancie|Fairy\n|move|p2a: Scizor|Bullet Punch|p1a: Diancie\n|-supereffective|p1a: Diancie\n|-damage|p1a: Diancie|78/216\n|move|p1a: Diancie|Diamond Storm|p2a: Scizor\n|-damage|p2a: Scizor|55/100\n|\n|-heal|p1a: Diancie|91/216|[from] item: Leftovers\n|upkeep\n|turn|20\n|inactive|Time left: 300 sec this turn | 300 sec total\n|\n|t:|1783548728\n|switch|p1a: Dondozo|Dondozo, L78, M|362/362 slp\n|move|p2a: Scizor|Bullet Punch|p1a: Dondozo\n|-resisted|p1a: Dondozo\n|-damage|p1a: Dondozo|314/362 slp\n|\n|upkeep\n|turn|21\n|inactive|Time left: 300 sec this turn | 300 sec total\n|\n|t:|1783548729\n|move|p2a: Scizor|Bullet Punch|p1a: Dondozo\n|-resisted|p1a: Dondozo\n|-damage|p1a: Dondozo|267/362 slp\n|cant|p1a: Dondozo|slp\n|move|p1a: Dondozo|Sleep Talk|p1a: Dondozo\n|move|p1a: Dondozo|Rest||[from] move: Sleep Talk|[still]\n|-fail|p1a: Dondozo\n|\n|upkeep\n|turn|22\n|inactive|Time left: 300 sec this turn | 300 sec total\n|\n|t:|1783548730\n|switch|p2a: Lurantis|Lurantis, L87, F|7/100\n|cant|p1a: Dondozo|slp\n|move|p1a: Dondozo|Sleep Talk|p1a: Dondozo\n|move|p1a: Dondozo|Rest||[from] move: Sleep Talk|[still]\n|-fail|p1a: Dondozo\n|\n|-heal|p2a: Lurantis|13/100|[from] item: Leftovers\n|upkeep\n|turn|23\n|inactive|Time left: 300 sec this turn | 300 sec total\n|\n|t:|1783548731\n|switch|p1a: Diancie|Diancie, L82, tera:Fairy|91/216\n|move|p2a: Lurantis|Synthesis|p2a: Lurantis\n|-heal|p2a: Lurantis|63/100\n|\n|-heal|p1a: Diancie|104/216|[from] item: Leftovers\n|-heal|p2a: Lurantis|69/100|[from] item: Leftovers\n|upkeep\n|turn|24\n|inactive|Time left: 300 sec this turn | 300 sec total\n|\n|t:|1783548732\n|move|p1a: Diancie|Calm Mind|p1a: Diancie\n|-boost|p1a: Diancie|spa|1\n|-boost|p1a: Diancie|spd|1\n|move|p2a: Lurantis|Leaf Storm|p1a: Diancie\n|-damage|p1a: Diancie|52/216\n|-boost|p2a: Lurantis|spa|2\n|\n|-heal|p1a: Diancie|65/216|[from] item: Leftovers\n|-heal|p2a: Lurantis|75/100|[from] item: Leftovers\n|upkeep\n|turn|25\n|inactive|Time left: 300 sec this turn | 300 sec total\n|\n|t:|1783548732\n|move|p1a: Diancie|Draining Kiss|p2a: Lurantis\n|-damage|p2a: Lurantis|27/100\n|-heal|p1a: Diancie|161/216|[from] drain|[of] p2a: Lurantis\n|move|p2a: Lurantis|Synthesis|p2a: Lurantis\n|-heal|p2a: Lurantis|77/100\n|\n|-heal|p1a: Diancie|174/216|[from] item: Leftovers\n|-heal|p2a: Lurantis|83/100|[from] item: Leftovers\n|upkeep\n|turn|26\n|inactive|Time left: 300 sec this turn | 300 sec total\n|\n|t:|1783548733\n|move|p1a: Diancie|Calm Mind|p1a: Diancie\n|-boost|p1a: Diancie|spa|1\n|-boost|p1a: Diancie|spd|1\n|move|p2a: Lurantis|Synthesis|p2a: Lurantis\n|-heal|p2a: Lurantis|100/100\n|\n|-heal|p1a: Diancie|187/216|[from] item: Leftovers\n|upkeep\n|turn|27\n|inactive|Time left: 300 sec this turn | 300 sec total\n|\n|t:|1783548734\n|move|p1a: Diancie|Draining Kiss|p2a: Lurantis\n|-damage|p2a: Lurantis|43/100\n|-heal|p1a: Diancie|216/216|[from] drain|[of] p2a: Lurantis\n|move|p2a: Lurantis|Synthesis|p2a: Lurantis\n|-heal|p2a: Lurantis|93/100\n|\n|-heal|p2a: Lurantis|99/100|[from] item: Leftovers\n|upkeep\n|turn|28\n|inactive|Time left: 300 sec this turn | 300 sec total\n|\n|t:|1783548735\n|move|p1a: Diancie|Draining Kiss|p2a: Lurantis\n|-damage|p2a: Lurantis|44/100\n|move|p2a: Lurantis|Synthesis|p2a: Lurantis\n|-heal|p2a: Lurantis|94/100\n|\n|-heal|p2a: Lurantis|99/100|[from] item: Leftovers\n|upkeep\n|turn|29\n|inactive|Time left: 300 sec this turn | 300 sec total\n|\n|t:|1783548735\n|move|p1a: Diancie|Draining Kiss|p2a: Lurantis\n|-damage|p2a: Lurantis|40/100\n|move|p2a: Lurantis|Synthesis|p2a: Lurantis\n|-heal|p2a: Lurantis|90/100\n|\n|-heal|p2a: Lurantis|96/100|[from] item: Leftovers\n|upkeep\n|turn|30\n|inactive|Time left: 300 sec this turn | 300 sec total\n|\n|t:|1783548736\n|move|p1a: Diancie|Draining Kiss|p2a: Lurantis\n|-damage|p2a: Lurantis|38/100\n|move|p2a: Lurantis|Synthesis|p2a: Lurantis\n|-heal|p2a: Lurantis|88/100\n|\n|-heal|p2a: Lurantis|94/100|[from] item: Leftovers\n|upkeep\n|turn|31\n|inactive|Time left: 300 sec this turn | 300 sec total\n|\n|t:|1783548737\n|move|p1a: Diancie|Draining Kiss|p2a: Lurantis\n|-damage|p2a: Lurantis|36/100\n|move|p2a: Lurantis|Leaf Storm|p1a: Diancie\n|-damage|p1a: Diancie|129/216\n|-boost|p2a: Lurantis|spa|2\n|\n|-heal|p1a: Diancie|142/216|[from] item: Leftovers\n|-heal|p2a: Lurantis|42/100|[from] item: Leftovers\n|upkeep\n|turn|32\n|inactive|Time left: 300 sec this turn | 300 sec total\n|\n|t:|1783548738\n|switch|p2a: Crawdaunt|Crawdaunt, L84, M, tera:Water|3/100\n|move|p1a: Diancie|Draining Kiss|p2a: Crawdaunt\n|-damage|p2a: Crawdaunt|0 fnt\n|-heal|p1a: Diancie|146/216|[from] drain|[of] p2a: Crawdaunt\n|faint|p2a: Crawdaunt\n|\n|-heal|p1a: Diancie|159/216|[from] item: Leftovers\n|upkeep\n|\n|t:|1783548739\n|switch|p2a: Scizor|Scizor, L79, M|55/100\n|turn|33\n|inactive|Time left: 300 sec this turn | 300 sec total\n|\n|t:|1783548740\n|move|p2a: Scizor|Bullet Punch|p1a: Diancie\n|-supereffective|p1a: Diancie\n|-damage|p1a: Diancie|21/216\n|move|p1a: Diancie|Earth Power|p2a: Scizor\n|-damage|p2a: Scizor|0 fnt\n|faint|p2a: Scizor\n|\n|-heal|p1a: Diancie|34/216|[from] item: Leftovers\n|upkeep\n|\n|t:|1783548740\n|switch|p2a: Dewgong|Dewgong, L94, F|100/100\n|turn|34\n|inactive|Time left: 300 sec this turn | 300 sec total\n|\n|t:|1783548741\n|switch|p1a: Dondozo|Dondozo, L78, M|267/362 slp\n|move|p2a: Dewgong|Flip Turn|p1a: Dondozo\n|-resisted|p1a: Dondozo\n|-damage|p1a: Dondozo|241/362 slp\n|\n|t:|1783548742\n|switch|p2a: Lurantis|Lurantis, L87, F|42/100|[from] Flip Turn\n|\n|-heal|p2a: Lurantis|48/100|[from] item: Leftovers\n|upkeep\n|turn|35\n|inactive|Time left: 300 sec this turn | 300 sec total\n|\n|t:|1783548743\n|move|p2a: Lurantis|Leaf Storm|p1a: Dondozo\n|-supereffective|p1a: Dondozo\n|-damage|p1a: Dondozo|0 fnt\n|-boost|p2a: Lurantis|spa|2\n|faint|p1a: Dondozo\n|\n|-heal|p2a: Lurantis|54/100|[from] item: Leftovers\n|upkeep\n|inactive|Time left: 300 sec this turn | 300 sec total | 5 sec grace\n|\n|t:|1783548744\n|switch|p1a: Diancie|Diancie, L82, tera:Fairy|34/216\n|turn|36\n|inactive|Time left: 300 sec this turn | 300 sec total\n|\n|t:|1783548745\n|move|p1a: Diancie|Draining Kiss|p2a: Lurantis\n|-damage|p2a: Lurantis|26/100\n|-heal|p1a: Diancie|90/216|[from] drain|[of] p2a: Lurantis\n|move|p2a: Lurantis|Leaf Storm|p1a: Diancie\n|-damage|p1a: Diancie|0 fnt\n|-boost|p2a: Lurantis|spa|2\n|faint|p1a: Diancie\n|\n|win|p0y7626128", "uploadtime": 1783548745, "views": 0, "rating": 0, "private": 0, "password": null, "_winner": "p0y7626128", "_our_name": "p0x762a615"}