{"id": "battle-gen9randombattle-2698", "formatid": "gen9randombattle", "format": "[Gen 9] Random Battle", "players": ["p0x2698668c", "p0y26982b2d"], "log": "|init|battle\n|title|p0x2698668c vs. p0y26982b2d\n|j|\u2606p0x2698668c\n|j|\u2606p0y26982b2d\n|t:|1783571101\n|gametype|singles\n|player|p1|p0x2698668c|266|\n|player|p2|p0y26982b2d|2|\n|gen|9\n|tier|[Gen 9] Random Battle\n|rule|Species Clause: Limit one of each Pok\u00e9mon\n|rule|HP Percentage Mod: HP is shown in percentages\n|rule|Sleep Clause Mod: Limit one foe put to sleep\n|rule|Illusion Level Mod: Illusion disguises the Pok\u00e9mon's true level\n|\n|t:|1783571101\n|teamsize|p1|6\n|teamsize|p2|6\n|start\n|switch|p1a: Weezing|Weezing-Galar, L86, F|252/252\n|switch|p2a: Hitmonchan|Hitmonchan, L87, M|100/100\n|turn|1\n|inactive|Battle timer is ON: inactive players will automatically lose when time's up. (requested by p0y26982b2d)\n|inactive|Time left: 300 sec this turn | 300 sec total | 60 sec grace\n|inactive|p0x2698668c also wants the timer to be on.\n|\n|t:|1783571103\n|move|p2a: Hitmonchan|Bulk Up|p2a: Hitmonchan\n|-boost|p2a: Hitmonchan|atk|1\n|-boost|p2a: Hitmonchan|def|1\n|move|p1a: Weezing|Strange Steam|p2a: Hitmonchan\n|-supereffective|p2a: Hitmonchan\n|-damage|p2a: Hitmonchan|32/100\n|\n|-heal|p2a: Hitmonchan|38/100|[from] item: Leftovers\n|upkeep\n|turn|2\n|inactive|Time left: 300 sec this turn | 300 sec total\n|\n|t:|1783571104\n|-terastallize|p2a: Hitmonchan|Steel\n|move|p2a: Hitmonchan|Knock Off|p1a: Weezing\n|-resisted|p1a: Weezing\n|-damage|p1a: Weezing|206/252\n|-enditem|p1a: Weezing|Leftovers|[from] move: Knock Off|[of] p2a: Hitmonchan\n|move|p1a: Weezing|Strange Steam|p2a: Hitmonchan\n|-resisted|p2a: Hitmonchan\n|-damage|p2a: Hitmonchan|22/100\n|-start|p2a: Hitmonchan|confusion\n|\n|-heal|p2a: Hitmonchan|28/100|[from] item: Leftovers\n|upkeep\n|turn|3\n|inactive|Time left: 300 sec this turn | 300 sec total\n|\n|t:|1783571105\n|-activate|p2a: Hitmonchan|confusion\n|-damage|p2a: Hitmonchan|15/100|[from] confusion\n|move|p1a: Weezing|Will-O-Wisp|p2a: Hitmonchan\n|-status|p2a: Hitmonchan|brn\n|\n|-heal|p2a: Hitmonchan|21/100 brn|[from] item: Leftovers\n|-damage|p2a: Hitmonchan|15/100 brn|[from] brn\n|upkeep\n|turn|4\n|inactive|Time left: 300 sec this turn | 300 sec total\n|\n|t:|1783571106\n|-activate|p2a: Hitmonchan|confusion\n|-damage|p2a: Hitmonchan|1/100 brn|[from] confusion\n|move|p1a: Weezing|Strange Steam|p2a: Hitmonchan\n|-resisted|p2a: Hitmonchan\n|-damage|p2a: Hitmonchan|0 fnt\n|faint|p2a: Hitmonchan\n|\n|upkeep\n|\n|t:|1783571107\n|switch|p2a: Spidops|Spidops, L96, F|100/100\n|turn|5\n|inactive|Time left: 300 sec this turn | 300 sec total\n|\n|t:|1783571109\n|move|p1a: Weezing|Strange Steam|p2a: Spidops\n|-damage|p2a: Spidops|70/100\n|move|p2a: Spidops|Sticky Web|p1a: Weezing\n|-sidestart|p1: p0x2698668c|move: Sticky Web\n|\n|upkeep\n|turn|6\n|inactive|Time left: 300 sec this turn | 300 sec total\n|\n|t:|1783571110\n|switch|p2a: Magcargo|Magcargo, L95, F|100/100\n|move|p1a: Weezing|Defog|p2a: Magcargo\n|-unboost|p2a: Magcargo|evasion|1\n|-sideend|p1: p0x2698668c|Sticky Web|[from] move: Defog|[of] p1a: Weezing\n|\n|upkeep\n|turn|7\n|inactive|Time left: 300 sec this turn | 300 sec total\n|\n|t:|1783571111\n|switch|p1a: Alomomola|Alomomola, L87, M|429/429\n|move|p2a: Magcargo|Lava Plume|p1a: Alomomola\n|-resisted|p1a: Alomomola\n|-damage|p1a: Alomomola|345/429\n|\n|upkeep\n|turn|8\n|inactive|Time left: 300 sec this turn | 300 sec total\n|\n|t:|1783571112\n|move|p1a: Alomomola|Scald|p2a: Magcargo\n|-supereffective|p2a: Magcargo\n|-damage|p2a: Magcargo|32/100\n|move|p2a: Magcargo|Lava Plume|p1a: Alomomola\n|-resisted|p1a: Alomomola\n|-damage|p1a: Alomomola|262/429\n|-status|p1a: Alomomola|brn\n|\n|-damage|p1a: Alomomola|236/429 brn|[from] brn\n|upkeep\n|turn|9\n|inactive|Time left: 300 sec this turn | 300 sec total\n|\n|t:|1783571113\n|move|p1a: Alomomola|Scald|p2a: Magcargo\n|-supereffective|p2a: Magcargo\n|-damage|p2a: Magcargo|0 fnt\n|faint|p2a: Magcargo\n|\n|-damage|p1a: Alomomola|210/429 brn|[from] brn\n|upkeep\n|\n|t:|1783571114\n|switch|p2a: Spidops|Spidops, L96, F|70/100\n|turn|10\n|inactive|Time left: 300 sec this turn | 300 sec total\n|\n|t:|1783571115\n|move|p1a: Alomomola|Flip Turn|p2a: Spidops\n|-damage|p2a: Spidops|62/100\n|inactive|Time left: 300 sec this turn | 300 sec total | 5 sec grace\n|\n|t:|1783571116\n|switch|p1a: Weezing|Weezing-Galar, L86, F|206/252|[from] Flip Turn\n|move|p2a: Spidops|Sticky Web|p1a: Weezing\n|-sidestart|p1: p0x2698668c|move: Sticky Web\n|\n|upkeep\n|turn|11\n|inactive|Time left: 300 sec this turn | 300 sec total\n|\n|t:|1783571117\n|move|p1a: Weezing|Defog|p2a: Spidops\n|-unboost|p2a: Spidops|evasion|1\n|-sideend|p1: p0x2698668c|Sticky Web|[from] move: Defog|[of] p1a: Weezing\n|move|p2a: Spidops|Sticky Web|p1a: Weezing\n|-sidestart|p1: p0x2698668c|move: Sticky Web\n|\n|upkeep\n|turn|12\n|inactive|Time left: 300 sec this turn | 300 sec total\n|\n|t:|1783571118\n|move|p1a: Weezing|Defog|p2a: Spidops\n|-unboost|p2a: Spidops|evasion|1\n|-sideend|p1: p0x2698668c|Sticky Web|[from] move: Defog|[of] p1a: Weezing\n|move|p2a: Spidops|Knock Off|p1a: Weezing\n|-resisted|p1a: Weezing\n|-damage|p1a: Weezing|186/252\n|\n|upkeep\n|turn|13\n|inactive|Time left: 300 sec this turn | 300 sec total\n|\n|t:|1783571119\n|move|p1a: Weezing|Strange Steam|p2a: Spidops\n|-crit|p2a: Spidops\n|-damage|p2a: Spidops|19/100\n|move|p2a: Spidops|Sticky Web|p1a: Weezing\n|-sidestart|p1: p0x2698668c|move: Sticky Web\n|\n|upkeep\n|turn|14\n|inactive|Time left: 300 sec this turn | 300 sec total\n|\n|t:|1783571119\n|move|p1a: Weezing|Defog|p2a: Spidops\n|-unboost|p2a: Spidops|evasion|1\n|-sideend|p1: p0x2698668c|Sticky Web|[from] move: Defog|[of] p1a: Weezing\n|move|p2a: Spidops|Sticky Web|p1a: Weezing\n|-sidestart|p1: p0x2698668c|move: Sticky Web\n|\n|upkeep\n|turn|15\n|inactive|Time left: 300 sec this turn | 300 sec total\n|\n|t:|1783571120\n|switch|p2a: Corviknight|Corviknight, L80, F|100/100\n|-ability|p2a: Corviknight|Pressure\n|move|p1a: Weezing|Defog|p2a: Corviknight\n|-unboost|p2a: Corviknight|evasion|1\n|-sideend|p1: p0x2698668c|Sticky Web|[from] move: Defog|[of] p1a: Weezing\n|\n|upkeep\n|turn|16\n|inactive|Time left: 300 sec this turn | 300 sec total\n|\n|t:|1783571121\n|move|p2a: Corviknight|Brave Bird|p1a: Weezing\n|-damage|p1a: Weezing|99/252\n|-damage|p2a: Corviknight|90/100|[from] Recoil\n|move|p1a: Weezing|Will-O-Wisp|p2a: Corviknight\n|-status|p2a: Corviknight|brn\n|\n|-heal|p2a: Corviknight|97/100 brn|[from] item: Leftovers\n|-damage|p2a: Corviknight|90/100 brn|[from] brn\n|upkeep\n|turn|17\n|inactive|Time left: 300 sec this turn | 300 sec total\n|\n|t:|1783571122\n|move|p2a: Corviknight|Brave Bird|p1a: Weezing\n|-damage|p1a: Weezing|57/252\n|-damage|p2a: Corviknight|86/100 brn|[from] Recoil\n|move|p1a: Weezing|Strange Steam|p2a: Corviknight\n|-resisted|p2a: Corviknight\n|-damage|p2a: Corviknight|69/100 brn\n|-start|p2a: Corviknight|confusion\n|\n|-heal|p2a: Corviknight|75/100 brn|[from] item: Leftovers\n|-damage|p2a: Corviknight|69/100 brn|[from] brn\n|upkeep\n|turn|18\n|inactive|Time left: 300 sec this turn | 300 sec total\n|\n|t:|1783571123\n|-activate|p2a: Corviknight|confusion\n|move|p2a: Corviknight|Roost|p2a: Corviknight\n|-heal|p2a: Corviknight|100/100 brn\n|-singleturn|p2a: Corviknight|move: Roost\n|move|p1a: Weezing|Strange Steam|p2a: Corviknight\n|-resisted|p2a: Corviknight\n|-damage|p2a: Corviknight|84/100 brn\n|\n|-heal|p2a: Corviknight|90/100 brn|[from] item: Leftovers\n|-damage|p2a: Corviknight|84/100 brn|[from] brn\n|upkeep\n|turn|19\n|inactive|Time left: 300 sec this turn | 300 sec total\n|\n|t:|1783571124\n|switch|p1a: Regieleki|Regieleki, L79|256/256\n|-end|p2a: Corviknight|confusion\n|move|p2a: Corviknight|Roost|p2a: Corviknight\n|-heal|p2a: Corviknight|100/100 brn\n|-singleturn|p2a: Corviknight|move: Roost\n|\n|-damage|p2a: Corviknight|94/100 brn|[from] brn\n|upkeep\n|turn|20\n|inactive|Time left: 300 sec this turn | 300 sec total\n|\n|t:|1783571125\n|switch|p2a: Blissey|Blissey, L85, F|100/100\n|move|p1a: Regieleki|Thunderbolt|p2a: Blissey\n|-damage|p2a: Blissey|84/100\n|-status|p2a: Blissey|par\n|\n|-heal|p2a: Blissey|90/100 par|[from] item: Leftovers\n|upkeep\n|turn|21\n|inactive|Time left: 300 sec this turn | 300 sec total\n|\n|t:|1783571126\n|move|p1a: Regieleki|Rapid Spin|p2a: Blissey\n|-crit|p2a: Blissey\n|-damage|p2a: Blissey|66/100 par\n|-boost|p1a: Regieleki|spe|1\n|cant|p2a: Blissey|par\n|\n|-heal|p2a: Blissey|72/100 par|[from] item: Leftovers\n|upkeep\n|turn|22\n|inactive|Time left: 300 sec this turn | 300 sec total\n|\n|t:|1783571127\n|move|p1a: Regieleki|Thunderbolt|p2a: Blissey\n|-crit|p2a: Blissey\n|-damage|p2a: Blissey|46/100 par\n|cant|p2a: Blissey|par\n|\n|-heal|p2a: Blissey|53/100 par|[from] item: Leftovers\n|upkeep\n|turn|23\n|inactive|Time left: 300 sec this turn | 300 sec total\n|\n|t:|1783571128\n|move|p1a: Regieleki|Rapid Spin|p2a: Blissey\n|-damage|p2a: Blissey|37/100 par\n|-boost|p1a: Regieleki|spe|1\n|move|p2a: Blissey|Heal Bell|p2a: Blissey\n|-activate|p2a: Blissey|move: Heal Bell\n|-curestatus|p2a: Blissey|par|[msg]\n|-curestatus|p2: Corviknight|brn|[msg]\n|\n|-heal|p2a: Blissey|43/100|[from] item: Leftovers\n|upkeep\n|turn|24\n|inactive|Time left: 300 sec this turn | 300 sec total\n|\n|t:|1783571129\n|move|p1a: Regieleki|Rapid Spin|p2a: Blissey\n|-damage|p2a: Blissey|28/100\n|-boost|p1a: Regieleki|spe|1\n|move|p2a: Blissey|Soft-Boiled|p2a: Blissey\n|-heal|p2a: Blissey|78/100\n|\n|-heal|p2a: Blissey|84/100|[from] item: Leftovers\n|upkeep\n|turn|25\n|inactive|Time left: 300 sec this turn | 300 sec total\n|\n|t:|1783571130\n|move|p1a: Regieleki|Rapid Spin|p2a: Blissey\n|-damage|p2a: Blissey|68/100\n|-boost|p1a: Regieleki|spe|1\n|move|p2a: Blissey|Seismic Toss|p1a: Regieleki\n|-damage|p1a: Regieleki|171/256\n|\n|-heal|p2a: Blissey|74/100|[from] item: Leftovers\n|upkeep\n|turn|26\n|inactive|Time left: 300 sec this turn | 300 sec total\n|\n|t:|1783571131\n|move|p1a: Regieleki|Thunderbolt|p2a: Blissey\n|-damage|p2a: Blissey|57/100\n|move|p2a: Blissey|Seismic Toss|p1a: Regieleki\n|-damage|p1a: Regieleki|86/256\n|\n|-heal|p2a: Blissey|63/100|[from] item: Leftovers\n|upkeep\n|turn|27\n|inactive|Time left: 300 sec this turn | 300 sec total\n|\n|t:|1783571132\n|move|p1a: Regieleki|Thunderbolt|p2a: Blissey\n|-damage|p2a: Blissey|48/100\n|move|p2a: Blissey|Soft-Boiled|p2a: Blissey\n|-heal|p2a: Blissey|98/100\n|\n|-heal|p2a: Blissey|100/100|[from] item: Leftovers\n|upkeep\n|turn|28\n|inactive|Time left: 300 sec this turn | 300 sec total\n|\n|t:|1783571133\n|move|p1a: Regieleki|Thunderbolt|p2a: Blissey\n|-damage|p2a: Blissey|85/100\n|move|p2a: Blissey|Seismic Toss|p1a: Regieleki\n|-damage|p1a: Regieleki|1/256\n|\n|-heal|p2a: Blissey|91/100|[from] item: Leftovers\n|upkeep\n|turn|29\n|inactive|Time left: 300 sec this turn | 300 sec total\n|\n|t:|1783571134\n|move|p1a: Regieleki|Explosion|p2a: Blissey\n|-damage|p2a: Blissey|13/100\n|faint|p1a: Regieleki\n|move|p2a: Blissey|Seismic Toss|p1: Regieleki|[notarget]\n|-fail|p2a: Blissey\n|\n|-heal|p2a: Blissey|20/100|[from] item: Leftovers\n|upkeep\n|inactive|Time left: 300 sec this turn | 300 sec total | 5 sec grace\n|\n|t:|1783571135\n|switch|p1a: Weezing|Weezing-Galar, L86, F|57/252\n|turn|30\n|inactive|Time left: 300 sec this turn | 300 sec total\n|\n|t:|1783571136\n|move|p1a: Weezing|Gunk Shot|p2a: Blissey\n|-damage|p2a: Blissey|0 fnt\n|faint|p2a: Blissey\n|\n|upkeep\n|\n|t:|1783571137\n|switch|p2a: Corviknight|Corviknight, L80, F|94/100\n|-ability|p2a: Corviknight|Pressure\n|turn|31\n|inactive|Time left: 300 sec this turn | 300 sec total\n|\n|t:|1783571138\n|switch|p1a: Alomomola|Alomomola, L87, M|353/429 brn\n|move|p2a: Corviknight|Brave Bird|p1a: Alomomola\n|-damage|p1a: Alomomola|235/429 brn\n|-damage|p2a: Corviknight|81/100|[from] Recoil\n|\n|-heal|p2a: Corviknight|87/100|[from] item: Leftovers\n|-damage|p1a: Alomomola|209/429 brn|[from] brn\n|upkeep\n|turn|32\n|inactive|Time left: 300 sec this turn | 300 sec total\n|\n|t:|1783571139\n|move|p1a: Alomomola|Flip Turn|p2a: Corviknight\n|-damage|p2a: Corviknight|78/100\n|inactive|Time left: 300 sec this turn | 300 sec total | 5 sec grace\n|\n|t:|1783571140\n|switch|p1a: Glaceon|Glaceon, L94, F|275/275|[from] Flip Turn\n|move|p2a: Corviknight|Brave Bird|p1a: Glaceon\n|-damage|p1a: Glaceon|188/275\n|-damage|p2a: Corviknight|68/100|[from] Recoil\n|\n|-heal|p2a: Corviknight|74/100|[from] item: Leftovers\n|upkeep\n|turn|33\n|inactive|Time left: 300 sec this turn | 300 sec total\n|\n|t:|1783571141\n|move|p1a: Glaceon|Calm Mind|p1a: Glaceon\n|-boost|p1a: Glaceon|spa|1\n|-boost|p1a: Glaceon|spd|1\n|move|p2a: Corviknight|Roost|p2a: Corviknight\n|-heal|p2a: Corviknight|100/100\n|-singleturn|p2a: Corviknight|move: Roost\n|\n|upkeep\n|turn|34\n|inactive|Time left: 300 sec this turn | 300 sec total\n|\n|t:|1783571142\n|move|p1a: Glaceon|Freeze-Dry|p2a: Corviknight\n|-damage|p2a: Corviknight|37/100\n|move|p2a: Corviknight|Body Press|p1a: Glaceon\n|-supereffective|p1a: Glaceon\n|-damage|p1a: Glaceon|102/275\n|\n|-heal|p2a: Corviknight|43/100|[from] item: Leftovers\n|upkeep\n|turn|35\n|inactive|Time left: 300 sec this turn | 300 sec total\n|\n|t:|1783571143\n|switch|p2a: Spidops|Spidops, L96, F|19/100\n|move|p1a: Glaceon|Freeze-Dry|p2a: Spidops\n|-damage|p2a: Spidops|0 fnt\n|faint|p2a: Spidops\n|\n|upkeep\n|\n|t:|1783571143\n|switch|p2a: Arceus|Arceus-Poison, L70|100/100\n|turn|36\n|inactive|Time left: 300 sec this turn | 300 sec total\n|\n|t:|1783571144\n|move|p2a: Arceus|Swords Dance|p2a: Arceus\n|-boost|p2a: Arceus|atk|2\n|move|p1a: Glaceon|Freeze-Dry|p2a: Arceus\n|-damage|p2a: Arceus|41/100\n|-status|p2a: Arceus|frz\n|\n|upkeep\n|turn|37\n|inactive|Time left: 300 sec this turn | 300 sec total\n|\n|t:|1783571145\n|cant|p2a: Arceus|frz\n|move|p1a: Glaceon|Freeze-Dry|p2a: Arceus\n|-damage|p2a: Arceus|0 fnt\n|faint|p2a: Arceus\n|\n|upkeep\n|\n|t:|1783571146\n|switch|p2a: Corviknight|Corviknight, L80, F|43/100\n|-ability|p2a: Corviknight|Pressure\n|turn|38\n|inactive|Time left: 300 sec this turn | 300 sec total\n|\n|t:|1783571147\n|-terastallize|p1a: Glaceon|Water\n|move|p1a: Glaceon|Freeze-Dry|p2a: Corviknight\n|-damage|p2a: Corviknight|0 fnt\n|faint|p2a: Corviknight\n|\n|win|p0x2698668c", "uploadtime": 1783571147, "views": 0, "rating": 0, "private": 0, "password": null, "_winner": "p0x2698668c", "_our_name": "p0x2698668c"}