{"id": "battle-gen9randombattle-2694", "formatid": "gen9randombattle", "format": "[Gen 9] Random Battle", "players": ["p0x26943075", "p0y2694c834"], "log": "|init|battle\n|title|p0x26943075 vs. p0y2694c834\n|j|\u2606p0x26943075\n|j|\u2606p0y2694c834\n|t:|1783570077\n|gametype|singles\n|player|p1|p0x26943075|102|\n|player|p2|p0y2694c834|265|\n|gen|9\n|tier|[Gen 9] Random Battle\n|rule|Species Clause: Limit one of each Pok\u00e9mon\n|rule|HP Percentage Mod: HP is shown in percentages\n|rule|Sleep Clause Mod: Limit one foe put to sleep\n|rule|Illusion Level Mod: Illusion disguises the Pok\u00e9mon's true level\n|\n|t:|1783570077\n|teamsize|p1|6\n|teamsize|p2|6\n|start\n|switch|p1a: Slaking|Slaking, L84, F|389/389\n|switch|p2a: Ditto|Ditto, L87|100/100\n|-transform|p2a: Ditto|p1a: Slaking|[from] ability: Imposter\n|turn|1\n|inactive|Battle timer is ON: inactive players will automatically lose when time's up. (requested by p0x26943075)\n|inactive|p0y2694c834 also wants the timer to be on.\n|\n|t:|1783570079\n|switch|p2a: Goodra|Goodra-Hisui, L82, M|100/100\n|move|p1a: Slaking|Giga Impact|p2a: Goodra\n|-resisted|p2a: Goodra\n|-damage|p2a: Goodra|61/100\n|-mustrecharge|p1a: Slaking\n|\n|upkeep\n|turn|2\n|inactive|Time left: 300 sec this turn | 300 sec total\n|\n|t:|1783570080\n|cant|p1a: Slaking|recharge\n|move|p2a: Goodra|Fire Blast|p1a: Slaking|[miss]\n|-miss|p2a: Goodra|p1a: Slaking\n|\n|upkeep\n|turn|3\n|inactive|Time left: 300 sec this turn | 300 sec total\n|\n|t:|1783570081\n|move|p1a: Slaking|Giga Impact|p2a: Goodra\n|-resisted|p2a: Goodra\n|-damage|p2a: Goodra|22/100\n|-mustrecharge|p1a: Slaking\n|move|p2a: Goodra|Fire Blast|p1a: Slaking\n|-damage|p1a: Slaking|287/389\n|\n|upkeep\n|turn|4\n|inactive|Time left: 300 sec this turn | 300 sec total\n|\n|t:|1783570082\n|cant|p1a: Slaking|recharge\n|move|p2a: Goodra|Draco Meteor|p1a: Slaking\n|-crit|p1a: Slaking\n|-damage|p1a: Slaking|13/389\n|-unboost|p2a: Goodra|spa|2\n|\n|upkeep\n|turn|5\n|inactive|Time left: 300 sec this turn | 300 sec total\n|\n|t:|1783570083\n|move|p1a: Slaking|Giga Impact|p2a: Goodra\n|-resisted|p2a: Goodra\n|-damage|p2a: Goodra|0 fnt\n|-mustrecharge|p1a: Slaking\n|faint|p2a: Goodra\n|\n|upkeep\n|\n|t:|1783570084\n|switch|p2a: Cryogonal|Cryogonal, L89|100/100\n|turn|6\n|inactive|Time left: 300 sec this turn | 300 sec total\n|\n|t:|1783570085\n|cant|p1a: Slaking|recharge\n|move|p2a: Cryogonal|Rapid Spin|p1a: Slaking\n|-damage|p1a: Slaking|0 fnt\n|-boost|p2a: Cryogonal|spe|1\n|faint|p1a: Slaking\n|\n|upkeep\n|inactive|Time left: 300 sec this turn | 300 sec total | 5 sec grace\n|\n|t:|1783570086\n|switch|p1a: Metagross|Metagross, L79|256/256\n|turn|7\n|inactive|Time left: 300 sec this turn | 300 sec total\n|\n|t:|1783570087\n|move|p2a: Cryogonal|Ice Beam|p1a: Metagross\n|-resisted|p1a: Metagross\n|-damage|p1a: Metagross|206/256\n|move|p1a: Metagross|Heavy Slam|p2a: Cryogonal\n|-supereffective|p2a: Cryogonal\n|-damage|p2a: Cryogonal|12/100\n|\n|-heal|p1a: Metagross|222/256|[from] item: Leftovers\n|upkeep\n|turn|8\n|inactive|Time left: 300 sec this turn | 300 sec total\n|\n|t:|1783570088\n|switch|p2a: Entei|Entei, L78|100/100\n|move|p1a: Metagross|Heavy Slam|p2a: Entei\n|-resisted|p2a: Entei\n|-damage|p2a: Entei|88/100\n|\n|-heal|p1a: Metagross|238/256|[from] item: Leftovers\n|upkeep\n|turn|9\n|inactive|Time left: 300 sec this turn | 300 sec total\n|\n|t:|1783570089\n|-terastallize|p1a: Metagross|Water\n|move|p2a: Entei|Sacred Fire|p1a: Metagross\n|-resisted|p1a: Metagross\n|-damage|p1a: Metagross|171/256\n|move|p1a: Metagross|Earthquake|p2a: Entei\n|-supereffective|p2a: Entei\n|-damage|p2a: Entei|28/100\n|\n|-heal|p1a: Metagross|187/256|[from] item: Leftovers\n|upkeep\n|turn|10\n|inactive|Time left: 300 sec this turn | 300 sec total\n|\n|t:|1783570090\n|move|p2a: Entei|Sacred Fire|p1a: Metagross\n|-resisted|p1a: Metagross\n|-damage|p1a: Metagross|128/256\n|-status|p1a: Metagross|brn\n|move|p1a: Metagross|Earthquake|p2a: Entei\n|-supereffective|p2a: Entei\n|-damage|p2a: Entei|0 fnt\n|faint|p2a: Entei\n|\n|-heal|p1a: Metagross|144/256 brn|[from] item: Leftovers\n|-damage|p1a: Metagross|128/256 brn|[from] brn\n|upkeep\n|\n|t:|1783570090\n|switch|p2a: Venomoth|Venomoth, L84, F|100/100\n|turn|11\n|inactive|Time left: 300 sec this turn | 300 sec total\n|\n|t:|1783570091\n|switch|p1a: Slowking|Slowking-Galar, L85, F|300/300\n|move|p2a: Venomoth|Quiver Dance|p2a: Venomoth\n|-boost|p2a: Venomoth|spa|1\n|-boost|p2a: Venomoth|spd|1\n|-boost|p2a: Venomoth|spe|1\n|\n|upkeep\n|turn|12\n|inactive|Time left: 300 sec this turn | 300 sec total\n|\n|t:|1783570092\n|move|p2a: Venomoth|Sleep Powder|p1a: Slowking\n|-status|p1a: Slowking|slp|[from] move: Sleep Powder\n|cant|p1a: Slowking|slp\n|\n|upkeep\n|turn|13\n|inactive|Time left: 300 sec this turn | 300 sec total\n|\n|t:|1783570092\n|move|p2a: Venomoth|Quiver Dance|p2a: Venomoth\n|-boost|p2a: Venomoth|spa|1\n|-boost|p2a: Venomoth|spd|1\n|-boost|p2a: Venomoth|spe|1\n|-curestatus|p1a: Slowking|slp|[msg]\n|move|p1a: Slowking|Psyshock|p2a: Venomoth\n|-supereffective|p2a: Venomoth\n|-damage|p2a: Venomoth|0 fnt\n|faint|p2a: Venomoth\n|\n|upkeep\n|\n|t:|1783570093\n|switch|p2a: Sandslash|Sandslash, L89, M|100/100\n|turn|14\n|inactive|Time left: 300 sec this turn | 300 sec total\n|\n|t:|1783570094\n|switch|p1a: Ludicolo|Ludicolo, L90, F|290/290\n|move|p2a: Sandslash|Earthquake|p1a: Ludicolo\n|-resisted|p1a: Ludicolo\n|-damage|p1a: Ludicolo|225/290\n|\n|upkeep\n|turn|15\n|inactive|Time left: 300 sec this turn | 300 sec total\n|\n|t:|1783570095\n|switch|p2a: Cryogonal|Cryogonal, L89|12/100\n|move|p1a: Ludicolo|Giga Drain|p2a: Cryogonal\n|-damage|p2a: Cryogonal|0 fnt\n|-heal|p1a: Ludicolo|242/290|[from] drain|[of] p2a: Cryogonal\n|faint|p2a: Cryogonal\n|-damage|p1a: Ludicolo|213/290|[from] item: Life Orb\n|\n|upkeep\n|\n|t:|1783570095\n|switch|p2a: Sandslash|Sandslash, L89, M|100/100\n|turn|16\n|inactive|Time left: 300 sec this turn | 300 sec total\n|\n|t:|1783570096\n|-terastallize|p2a: Sandslash|Dragon\n|move|p1a: Ludicolo|Giga Drain|p2a: Sandslash\n|-resisted|p2a: Sandslash\n|-damage|p2a: Sandslash|75/100\n|-heal|p1a: Ludicolo|249/290|[from] drain|[of] p2a: Sandslash\n|-damage|p1a: Ludicolo|220/290|[from] item: Life Orb\n|move|p2a: Sandslash|Knock Off|p1a: Ludicolo\n|-damage|p1a: Ludicolo|138/290\n|-enditem|p1a: Ludicolo|Life Orb|[from] move: Knock Off|[of] p2a: Sandslash\n|\n|-heal|p2a: Sandslash|81/100|[from] item: Leftovers\n|upkeep\n|turn|17\n|inactive|Time left: 300 sec this turn | 300 sec total\n|\n|t:|1783570097\n|move|p1a: Ludicolo|Ice Beam|p2a: Sandslash\n|-supereffective|p2a: Sandslash\n|-damage|p2a: Sandslash|11/100\n|move|p2a: Sandslash|Stone Edge|p1a: Ludicolo|[miss]\n|-miss|p2a: Sandslash|p1a: Ludicolo\n|\n|-heal|p2a: Sandslash|17/100|[from] item: Leftovers\n|upkeep\n|turn|18\n|inactive|Time left: 300 sec this turn | 300 sec total\n|\n|t:|1783570098\n|switch|p2a: Ditto|Ditto, L87|100/100\n|-transform|p2a: Ditto|p1a: Ludicolo|[from] ability: Imposter\n|move|p1a: Ludicolo|Giga Drain|p2a: Ditto\n|-damage|p2a: Ditto|66/100\n|-heal|p1a: Ludicolo|177/290|[from] drain|[of] p2a: Ditto\n|\n|upkeep\n|turn|19\n|inactive|Time left: 300 sec this turn | 300 sec total\n|\n|t:|1783570099\n|move|p2a: Ditto|Ice Beam|p1a: Ludicolo\n|-damage|p1a: Ludicolo|126/290\n|move|p1a: Ludicolo|Giga Drain|p2a: Ditto\n|-damage|p2a: Ditto|33/100\n|-heal|p1a: Ludicolo|163/290|[from] drain|[of] p2a: Ditto\n|\n|upkeep\n|turn|20\n|inactive|Time left: 300 sec this turn | 300 sec total\n|\n|t:|1783570100\n|move|p2a: Ditto|Ice Beam|p1a: Ludicolo\n|-damage|p1a: Ludicolo|112/290\n|move|p1a: Ludicolo|Giga Drain|p2a: Ditto\n|-damage|p2a: Ditto|0 fnt\n|-heal|p1a: Ludicolo|149/290|[from] drain|[of] p2a: Ditto\n|faint|p2a: Ditto\n|\n|upkeep\n|\n|t:|1783570101\n|switch|p2a: Sandslash|Sandslash, L89, M, tera:Dragon|17/100\n|turn|21\n|inactive|Time left: 300 sec this turn | 300 sec total\n|\n|t:|1783570101\n|move|p1a: Ludicolo|Ice Beam|p2a: Sandslash\n|-supereffective|p2a: Sandslash\n|-damage|p2a: Sandslash|0 fnt\n|faint|p2a: Sandslash\n|\n|win|p0x26943075", "uploadtime": 1783570101, "views": 0, "rating": 0, "private": 0, "password": null, "_winner": "p0x26943075", "_our_name": "p0x26943075"}