{"id": "battle-gen9randombattle-1197", "formatid": "gen9randombattle", "format": "[Gen 9] Random Battle", "players": ["p0x11971666", "p0y1197b032"], "log": "|init|battle\n|title|p0x11971666 vs. p0y1197b032\n|j|\u2606p0x11971666\n|j|\u2606p0y1197b032\n|t:|1783552985\n|gametype|singles\n|player|p1|p0x11971666|170|\n|player|p2|p0y1197b032|2|\n|gen|9\n|tier|[Gen 9] Random Battle\n|rule|Species Clause: Limit one of each Pok\u00e9mon\n|rule|HP Percentage Mod: HP is shown in percentages\n|rule|Sleep Clause Mod: Limit one foe put to sleep\n|rule|Illusion Level Mod: Illusion disguises the Pok\u00e9mon's true level\n|\n|t:|1783552985\n|teamsize|p1|6\n|teamsize|p2|6\n|start\n|switch|p1a: Ting-Lu|Ting-Lu, L78|370/370\n|switch|p2a: Umbreon|Umbreon, L84, M|100/100\n|-ability|p1a: Ting-Lu|Vessel of Ruin\n|turn|1\n|inactive|Battle timer is ON: inactive players will automatically lose when time's up. (requested by p0x11971666)\n|inactive|p0y1197b032 also wants the timer to be on.\n|\n|t:|1783552987\n|move|p2a: Umbreon|Toxic|p1a: Ting-Lu\n|-status|p1a: Ting-Lu|tox\n|move|p1a: Ting-Lu|Spikes|p2a: Umbreon\n|-sidestart|p2: p0y1197b032|Spikes\n|\n|-damage|p1a: Ting-Lu|347/370 tox|[from] psn\n|upkeep\n|turn|2\n|inactive|Time left: 300 sec this turn | 300 sec total\n|\n|t:|1783552988\n|switch|p2a: Sandslash|Sandslash, L89, M|100/100\n|-damage|p2a: Sandslash|88/100|[from] Spikes\n|move|p1a: Ting-Lu|Spikes|p2a: Sandslash\n|-sidestart|p2: p0y1197b032|Spikes\n|\n|-heal|p2a: Sandslash|94/100|[from] item: Leftovers\n|-heal|p1a: Ting-Lu|370/370 tox|[from] item: Leftovers\n|-damage|p1a: Ting-Lu|324/370 tox|[from] psn\n|upkeep\n|turn|3\n|inactive|Time left: 300 sec this turn | 300 sec total\n|\n|t:|1783552989\n|switch|p1a: Lilligant|Lilligant, L86, F|261/261\n|move|p2a: Sandslash|Rapid Spin|p1a: Lilligant\n|-damage|p1a: Lilligant|216/261\n|-boost|p2a: Sandslash|spe|1\n|-sideend|p2: p0y1197b032|Spikes|[from] move: Rapid Spin|[of] p2a: Sandslash\n|\n|-heal|p2a: Sandslash|100/100|[from] item: Leftovers\n|upkeep\n|turn|4\n|inactive|Time left: 300 sec this turn | 300 sec total\n|\n|t:|1783552990\n|switch|p2a: Hydrapple|Hydrapple, L83, M|100/100\n|move|p1a: Lilligant|Giga Drain|p2a: Hydrapple\n|-resisted|p2a: Hydrapple\n|-damage|p2a: Hydrapple|89/100\n|-heal|p1a: Lilligant|234/261|[from] drain|[of] p2a: Hydrapple\n|-damage|p1a: Lilligant|208/261|[from] item: Life Orb\n|\n|upkeep\n|turn|5\n|inactive|Time left: 300 sec this turn | 300 sec total\n|\n|t:|1783552991\n|move|p1a: Lilligant|Quiver Dance|p1a: Lilligant\n|-boost|p1a: Lilligant|spa|1\n|-boost|p1a: Lilligant|spd|1\n|-boost|p1a: Lilligant|spe|1\n|move|p2a: Hydrapple|Fickle Beam|p1a: Lilligant\n|-damage|p1a: Lilligant|93/261\n|\n|upkeep\n|turn|6\n|inactive|Time left: 300 sec this turn | 300 sec total\n|\n|t:|1783552992\n|move|p1a: Lilligant|Quiver Dance|p1a: Lilligant\n|-boost|p1a: Lilligant|spa|1\n|-boost|p1a: Lilligant|spd|1\n|-boost|p1a: Lilligant|spe|1\n|move|p2a: Hydrapple|Fickle Beam|p1a: Lilligant\n|-damage|p1a: Lilligant|15/261\n|\n|upkeep\n|turn|7\n|inactive|Time left: 300 sec this turn | 300 sec total\n|\n|t:|1783552993\n|move|p1a: Lilligant|Sleep Powder|p2a: Hydrapple\n|-immune|p2a: Hydrapple\n|move|p2a: Hydrapple|Fickle Beam|p1a: Lilligant\n|-damage|p1a: Lilligant|0 fnt\n|faint|p1a: Lilligant\n|\n|upkeep\n|inactive|Time left: 300 sec this turn | 300 sec total | 5 sec grace\n|\n|t:|1783552994\n|switch|p1a: Torkoal|Torkoal, L88, F|266/266\n|-weather|SunnyDay|[from] ability: Drought|[of] p1a: Torkoal\n|turn|8\n|inactive|Time left: 300 sec this turn | 300 sec total\n|\n|t:|1783552995\n|switch|p1a: Flareon|Flareon, L90, F|263/263\n|move|p2a: Hydrapple|Fickle Beam|p1a: Flareon\n|-damage|p1a: Flareon|136/263\n|\n|-weather|SunnyDay|[upkeep]\n|-status|p1a: Flareon|tox|[from] item: Toxic Orb\n|upkeep\n|turn|9\n|inactive|Time left: 300 sec this turn | 300 sec total\n|\n|t:|1783552997\n|move|p1a: Flareon|Flare Blitz|p2a: Hydrapple\n|-damage|p2a: Hydrapple|0 fnt\n|faint|p2a: Hydrapple\n|-damage|p1a: Flareon|45/263 tox|[from] Recoil\n|\n|-weather|SunnyDay|[upkeep]\n|-damage|p1a: Flareon|29/263 tox|[from] psn\n|upkeep\n|\n|t:|1783552998\n|switch|p2a: Sneasler|Sneasler, L74, M|100/100\n|turn|10\n|inactive|Time left: 300 sec this turn | 300 sec total\n|\n|t:|1783552999\n|switch|p1a: Solgaleo|Solgaleo, L74|325/325\n|move|p2a: Sneasler|Close Combat|p1a: Solgaleo\n|-damage|p1a: Solgaleo|148/325\n|-unboost|p2a: Sneasler|def|1\n|-unboost|p2a: Sneasler|spd|1\n|\n|-weather|SunnyDay|[upkeep]\n|upkeep\n|turn|11\n|inactive|Time left: 300 sec this turn | 300 sec total\n|\n|t:|1783553000\n|move|p2a: Sneasler|Close Combat|p1a: Solgaleo\n|-damage|p1a: Solgaleo|0 fnt\n|-unboost|p2a: Sneasler|def|1\n|-unboost|p2a: Sneasler|spd|1\n|faint|p1a: Solgaleo\n|\n|-weather|SunnyDay|[upkeep]\n|upkeep\n|inactive|Time left: 300 sec this turn | 300 sec total | 5 sec grace\n|\n|t:|1783553001\n|switch|p1a: Iron Leaves|Iron Leaves, L80|275/275\n|turn|12\n|inactive|Time left: 300 sec this turn | 300 sec total\n|\n|t:|1783553002\n|switch|p2a: Umbreon|Umbreon, L84, M|100/100\n|move|p1a: Iron Leaves|Psyblade|p2a: Umbreon\n|-immune|p2a: Umbreon\n|\n|-weather|none\n|upkeep\n|turn|13\n|inactive|Time left: 300 sec this turn | 300 sec total\n|\n|t:|1783553003\n|-terastallize|p1a: Iron Leaves|Fighting\n|move|p1a: Iron Leaves|Close Combat|p2a: Umbreon\n|-supereffective|p2a: Umbreon\n|-crit|p2a: Umbreon\n|-damage|p2a: Umbreon|0 fnt\n|-unboost|p1a: Iron Leaves|def|1\n|-unboost|p1a: Iron Leaves|spd|1\n|faint|p2a: Umbreon\n|-damage|p1a: Iron Leaves|248/275|[from] item: Life Orb\n|\n|upkeep\n|\n|t:|1783553004\n|switch|p2a: Sneasler|Sneasler, L74, M|100/100\n|turn|14\n|inactive|Time left: 300 sec this turn | 300 sec total\n|\n|t:|1783553004\n|move|p2a: Sneasler|Close Combat|p1a: Iron Leaves\n|-damage|p1a: Iron Leaves|0 fnt\n|-unboost|p2a: Sneasler|def|1\n|-unboost|p2a: Sneasler|spd|1\n|faint|p1a: Iron Leaves\n|-end|p1a: Iron Leaves|Quark Drive|[silent]\n|\n|upkeep\n|inactive|Time left: 300 sec this turn | 300 sec total | 5 sec grace\n|\n|t:|1783553005\n|switch|p1a: Torkoal|Torkoal, L88, F|266/266\n|-weather|SunnyDay|[from] ability: Drought|[of] p1a: Torkoal\n|turn|15\n|inactive|Time left: 300 sec this turn | 300 sec total\n|\n|t:|1783553006\n|switch|p2a: Florges|Florges-Blue, L85, F|100/100\n|move|p1a: Torkoal|Fire Blast|p2a: Florges\n|-damage|p2a: Florges|63/100\n|\n|-weather|SunnyDay|[upkeep]\n|-heal|p2a: Florges|69/100|[from] item: Leftovers\n|upkeep\n|turn|16\n|inactive|Time left: 300 sec this turn | 300 sec total\n|\n|t:|1783553007\n|move|p2a: Florges|Calm Mind|p2a: Florges\n|-boost|p2a: Florges|spa|1\n|-boost|p2a: Florges|spd|1\n|move|p1a: Torkoal|Earthquake|p2a: Florges\n|-damage|p2a: Florges|39/100\n|\n|-weather|SunnyDay|[upkeep]\n|-heal|p2a: Florges|45/100|[from] item: Leftovers\n|upkeep\n|turn|17\n|inactive|Time left: 300 sec this turn | 300 sec total\n|\n|t:|1783553008\n|move|p2a: Florges|Wish|p2a: Florges\n|move|p1a: Torkoal|Earthquake|p2a: Florges\n|-damage|p2a: Florges|15/100\n|\n|-weather|SunnyDay|[upkeep]\n|-heal|p2a: Florges|21/100|[from] item: Leftovers\n|upkeep\n|turn|18\n|inactive|Time left: 300 sec this turn | 300 sec total\n|\n|t:|1783553009\n|move|p2a: Florges|Protect|p2a: Florges\n|-singleturn|p2a: Florges|Protect\n|move|p1a: Torkoal|Earthquake|p2a: Florges\n|-activate|p2a: Florges|move: Protect\n|\n|-weather|SunnyDay|[upkeep]\n|-heal|p2a: Florges|71/100|[from] move: Wish|[wisher] Florges\n|-heal|p2a: Florges|77/100|[from] item: Leftovers\n|upkeep\n|turn|19\n|inactive|Time left: 300 sec this turn | 300 sec total\n|\n|t:|1783553010\n|move|p2a: Florges|Moonblast|p1a: Torkoal\n|-resisted|p1a: Torkoal\n|-damage|p1a: Torkoal|161/266\n|move|p1a: Torkoal|Earthquake|p2a: Florges\n|-damage|p2a: Florges|46/100\n|\n|-weather|none\n|-heal|p2a: Florges|52/100|[from] item: Leftovers\n|upkeep\n|turn|20\n|inactive|Time left: 300 sec this turn | 300 sec total\n|\n|t:|1783553011\n|move|p2a: Florges|Moonblast|p1a: Torkoal\n|-resisted|p1a: Torkoal\n|-damage|p1a: Torkoal|70/266\n|move|p1a: Torkoal|Earthquake|p2a: Florges\n|-damage|p2a: Florges|19/100\n|\n|-heal|p2a: Florges|25/100|[from] item: Leftovers\n|upkeep\n|turn|21\n|inactive|Time left: 300 sec this turn | 300 sec total\n|\n|t:|1783553012\n|move|p2a: Florges|Moonblast|p1a: Torkoal\n|-resisted|p1a: Torkoal\n|-damage|p1a: Torkoal|0 fnt\n|faint|p1a: Torkoal\n|\n|-heal|p2a: Florges|31/100|[from] item: Leftovers\n|upkeep\n|inactive|Time left: 300 sec this turn | 300 sec total | 5 sec grace\n|\n|t:|1783553013\n|switch|p1a: Ting-Lu|Ting-Lu, L78|324/370 tox\n|-ability|p1a: Ting-Lu|Vessel of Ruin\n|turn|22\n|inactive|Time left: 300 sec this turn | 300 sec total\n|\n|t:|1783553014\n|move|p2a: Florges|Moonblast|p1a: Ting-Lu\n|-supereffective|p1a: Ting-Lu\n|-damage|p1a: Ting-Lu|22/370 tox\n|-unboost|p1a: Ting-Lu|spa|1\n|move|p1a: Ting-Lu|Earthquake|p2a: Florges\n|-damage|p2a: Florges|0 fnt\n|faint|p2a: Florges\n|\n|-heal|p1a: Ting-Lu|45/370 tox|[from] item: Leftovers\n|-damage|p1a: Ting-Lu|22/370 tox|[from] psn\n|upkeep\n|\n|t:|1783553014\n|switch|p2a: Sandslash|Sandslash, L89, M|100/100\n|turn|23\n|inactive|Time left: 300 sec this turn | 300 sec total\n|\n|t:|1783553015\n|-terastallize|p2a: Sandslash|Water\n|move|p2a: Sandslash|Spikes|p1a: Ting-Lu\n|-sidestart|p1: p0x11971666|Spikes\n|move|p1a: Ting-Lu|Spikes|p2a: Sandslash\n|-sidestart|p2: p0y1197b032|Spikes\n|\n|-heal|p1a: Ting-Lu|45/370 tox|[from] item: Leftovers\n|-damage|p1a: Ting-Lu|0 fnt|[from] psn\n|faint|p1a: Ting-Lu\n|upkeep\n|inactive|Time left: 300 sec this turn | 300 sec total | 5 sec grace\n|\n|t:|1783553016\n|switch|p1a: Flareon|Flareon, L90, F|29/263 tox\n|-damage|p1a: Flareon|0 fnt|[from] Spikes\n|faint|p1a: Flareon\n|\n|win|p0y1197b032", "uploadtime": 1783553016, "views": 0, "rating": 0, "private": 0, "password": null, "_winner": "p0y1197b032", "_our_name": "p0x11971666"}