{"id": "battle-gen9randombattle-593", "formatid": "gen9randombattle", "format": "[Gen 9] Random Battle", "players": ["p0x5938e59", "p0y59333a1"], "log": "|init|battle\n|title|p0x5938e59 vs. p0y59333a1\n|j|\u2606p0x5938e59\n|j|\u2606p0y59333a1\n|t:|1783545954\n|gametype|singles\n|player|p1|p0x5938e59|266|\n|player|p2|p0y59333a1|101|\n|gen|9\n|tier|[Gen 9] Random Battle\n|rule|Species Clause: Limit one of each Pok\u00e9mon\n|rule|HP Percentage Mod: HP is shown in percentages\n|rule|Sleep Clause Mod: Limit one foe put to sleep\n|rule|Illusion Level Mod: Illusion disguises the Pok\u00e9mon's true level\n|\n|t:|1783545954\n|teamsize|p1|6\n|teamsize|p2|6\n|start\n|switch|p1a: Malamar|Malamar, L82, M|275/275\n|switch|p2a: Kricketune|Kricketune, L99, F|100/100\n|turn|1\n|inactive|Battle timer is ON: inactive players will automatically lose when time's up. (requested by p0x5938e59)\n|inactive|p0y59333a1 also wants the timer to be on.\n|\n|t:|1783545955\n|-terastallize|p1a: Malamar|Fighting\n|move|p2a: Kricketune|Sticky Web|p1a: Malamar\n|-sidestart|p1: p0x5938e59|move: Sticky Web\n|move|p1a: Malamar|Superpower|p2a: Kricketune\n|-resisted|p2a: Kricketune\n|-damage|p2a: Kricketune|77/100\n|-boost|p1a: Malamar|atk|1\n|-boost|p1a: Malamar|def|1\n|\n|upkeep\n|turn|2\n|inactive|Time left: 300 sec this turn | 300 sec total\n|\n|t:|1783545956\n|switch|p2a: Flamigo|Flamigo, L82, F|100/100\n|move|p1a: Malamar|Superpower|p2a: Flamigo\n|-resisted|p2a: Flamigo\n|-damage|p2a: Flamigo|62/100\n|-boost|p1a: Malamar|atk|1\n|-boost|p1a: Malamar|def|1\n|\n|upkeep\n|turn|3\n|inactive|Time left: 300 sec this turn | 300 sec total\n|\n|t:|1783545957\n|move|p2a: Flamigo|Brave Bird|p1a: Malamar\n|-supereffective|p1a: Malamar\n|-crit|p1a: Malamar\n|-damage|p1a: Malamar|0 fnt\n|faint|p1a: Malamar\n|-damage|p2a: Flamigo|28/100|[from] Recoil\n|-damage|p2a: Flamigo|18/100|[from] item: Life Orb\n|\n|upkeep\n|inactive|Time left: 300 sec this turn | 300 sec total | 5 sec grace\n|\n|t:|1783545958\n|switch|p1a: Cryogonal|Cryogonal, L89|287/287\n|turn|4\n|inactive|Time left: 300 sec this turn | 300 sec total\n|\n|t:|1783545960\n|move|p1a: Cryogonal|Rapid Spin|p2a: Flamigo\n|-damage|p2a: Flamigo|7/100\n|-boost|p1a: Cryogonal|spe|1\n|-sideend|p1: p0x5938e59|Sticky Web|[from] move: Rapid Spin|[of] p1a: Cryogonal\n|move|p2a: Flamigo|Close Combat|p1a: Cryogonal\n|-supereffective|p1a: Cryogonal\n|-damage|p1a: Cryogonal|0 fnt\n|-unboost|p2a: Flamigo|def|1\n|-unboost|p2a: Flamigo|spd|1\n|faint|p1a: Cryogonal\n|-damage|p2a: Flamigo|0 fnt|[from] item: Life Orb\n|faint|p2a: Flamigo\n|\n|upkeep\n|inactive|Time left: 300 sec this turn | 300 sec total | 5 sec grace\n|\n|t:|1783545961\n|switch|p1a: Haxorus|Haxorus, L77, F|244/244\n|switch|p2a: Kricketune|Kricketune, L99, F|77/100\n|-ability|p1a: Haxorus|Mold Breaker\n|turn|5\n|inactive|Time left: 300 sec this turn | 300 sec total\n|\n|t:|1783545962\n|move|p1a: Haxorus|Outrage|p2a: Kricketune\n|-damage|p2a: Kricketune|18/100\n|move|p2a: Kricketune|Sticky Web|p1a: Haxorus\n|-sidestart|p1: p0x5938e59|move: Sticky Web\n|\n|upkeep\n|turn|6\n|inactive|Time left: 300 sec this turn | 300 sec total\n|\n|t:|1783545963\n|switch|p2a: Hippowdon|Hippowdon, L82, F|100/100\n|-weather|Sandstorm|[from] ability: Sand Stream|[of] p2a: Hippowdon\n|move|p1a: Haxorus|Outrage|p2a: Hippowdon|[from] lockedmove\n|-damage|p2a: Hippowdon|64/100\n|\n|-weather|Sandstorm|[upkeep]\n|-damage|p1a: Haxorus|229/244|[from] Sandstorm\n|-heal|p2a: Hippowdon|70/100|[from] item: Leftovers\n|upkeep\n|turn|7\n|inactive|Time left: 300 sec this turn | 300 sec total\n|\n|t:|1783545964\n|move|p1a: Haxorus|Outrage|p2a: Hippowdon|[from] lockedmove\n|-damage|p2a: Hippowdon|34/100\n|-start|p1a: Haxorus|confusion|[fatigue]\n|-enditem|p1a: Haxorus|Lum Berry|[eat]\n|-end|p1a: Haxorus|confusion\n|move|p2a: Hippowdon|Slack Off|p2a: Hippowdon\n|-heal|p2a: Hippowdon|84/100\n|\n|-weather|Sandstorm|[upkeep]\n|-damage|p1a: Haxorus|214/244|[from] Sandstorm\n|-heal|p2a: Hippowdon|90/100|[from] item: Leftovers\n|upkeep\n|turn|8\n|inactive|Time left: 300 sec this turn | 300 sec total\n|\n|t:|1783545966\n|move|p1a: Haxorus|Outrage|p2a: Hippowdon\n|-damage|p2a: Hippowdon|49/100\n|move|p2a: Hippowdon|Earthquake|p1a: Haxorus\n|-damage|p1a: Haxorus|85/244\n|\n|-weather|Sandstorm|[upkeep]\n|-damage|p1a: Haxorus|70/244|[from] Sandstorm\n|-heal|p2a: Hippowdon|55/100|[from] item: Leftovers\n|upkeep\n|turn|9\n|inactive|Time left: 300 sec this turn | 300 sec total\n|\n|t:|1783545967\n|move|p1a: Haxorus|Outrage|p2a: Hippowdon|[from] lockedmove\n|-damage|p2a: Hippowdon|14/100\n|-start|p1a: Haxorus|confusion|[fatigue]\n|move|p2a: Hippowdon|Slack Off|p2a: Hippowdon\n|-heal|p2a: Hippowdon|64/100\n|\n|-weather|Sandstorm|[upkeep]\n|-damage|p1a: Haxorus|55/244|[from] Sandstorm\n|-heal|p2a: Hippowdon|71/100|[from] item: Leftovers\n|upkeep\n|turn|10\n|inactive|Time left: 300 sec this turn | 300 sec total\n|\n|t:|1783545968\n|-activate|p1a: Haxorus|confusion\n|-damage|p1a: Haxorus|19/244|[from] confusion\n|move|p2a: Hippowdon|Slack Off|p2a: Hippowdon\n|-heal|p2a: Hippowdon|100/100\n|\n|-weather|none\n|upkeep\n|turn|11\n|inactive|Time left: 300 sec this turn | 300 sec total\n|\n|t:|1783545969\n|-end|p1a: Haxorus|confusion\n|move|p1a: Haxorus|Outrage|p2a: Hippowdon\n|-damage|p2a: Hippowdon|58/100\n|move|p2a: Hippowdon|Stone Edge|p1a: Haxorus\n|-crit|p1a: Haxorus\n|-damage|p1a: Haxorus|0 fnt\n|faint|p1a: Haxorus\n|\n|-heal|p2a: Hippowdon|64/100|[from] item: Leftovers\n|upkeep\n|inactive|Time left: 300 sec this turn | 300 sec total | 5 sec grace\n|\n|t:|1783545970\n|switch|p1a: Floatzel|Floatzel, L86, F|286/286\n|-activate|p1a: Floatzel|move: Sticky Web\n|-unboost|p1a: Floatzel|spe|1\n|turn|12\n|inactive|Time left: 300 sec this turn | 300 sec total\n|\n|t:|1783545971\n|switch|p2a: Lilligant|Lilligant, L86, F|100/100\n|move|p1a: Floatzel|Wave Crash|p2a: Lilligant\n|-resisted|p2a: Lilligant\n|-damage|p2a: Lilligant|55/100\n|-damage|p1a: Floatzel|247/286|[from] Recoil\n|\n|upkeep\n|turn|13\n|inactive|Time left: 300 sec this turn | 300 sec total\n|\n|t:|1783545972\n|switch|p1a: Flutter Mane|Flutter Mane, L74|203/203\n|-activate|p1a: Flutter Mane|move: Sticky Web\n|-unboost|p1a: Flutter Mane|spe|1\n|move|p2a: Lilligant|Giga Drain|p1a: Flutter Mane\n|-damage|p1a: Flutter Mane|112/203\n|-heal|p2a: Lilligant|73/100|[from] drain|[of] p1a: Flutter Mane\n|-damage|p2a: Lilligant|63/100|[from] item: Life Orb\n|\n|upkeep\n|turn|14\n|inactive|Time left: 300 sec this turn | 300 sec total\n|\n|t:|1783545974\n|move|p2a: Lilligant|Quiver Dance|p2a: Lilligant\n|-boost|p2a: Lilligant|spa|1\n|-boost|p2a: Lilligant|spd|1\n|-boost|p2a: Lilligant|spe|1\n|move|p1a: Flutter Mane|Moonblast|p2a: Lilligant\n|-damage|p2a: Lilligant|25/100\n|-damage|p1a: Flutter Mane|92/203|[from] item: Life Orb\n|\n|upkeep\n|turn|15\n|inactive|Time left: 300 sec this turn | 300 sec total\n|\n|t:|1783545975\n|move|p2a: Lilligant|Giga Drain|p1a: Flutter Mane\n|-damage|p1a: Flutter Mane|0 fnt\n|-heal|p2a: Lilligant|43/100|[from] drain|[of] p1a: Flutter Mane\n|faint|p1a: Flutter Mane\n|-end|p1a: Flutter Mane|Protosynthesis|[silent]\n|-damage|p2a: Lilligant|33/100|[from] item: Life Orb\n|\n|upkeep\n|inactive|Time left: 300 sec this turn | 300 sec total | 5 sec grace\n|\n|t:|1783545976\n|switch|p1a: Pawmot|Pawmot, L80, F|243/243\n|-activate|p1a: Pawmot|move: Sticky Web\n|-unboost|p1a: Pawmot|spe|1\n|turn|16\n|inactive|Time left: 300 sec this turn | 300 sec total\n|\n|t:|1783545977\n|move|p2a: Lilligant|Giga Drain|p1a: Pawmot\n|-damage|p1a: Pawmot|0 fnt\n|-heal|p2a: Lilligant|79/100|[from] drain|[of] p1a: Pawmot\n|faint|p1a: Pawmot\n|-damage|p2a: Lilligant|69/100|[from] item: Life Orb\n|\n|upkeep\n|inactive|Time left: 300 sec this turn | 300 sec total | 5 sec grace\n|\n|t:|1783545978\n|switch|p1a: Floatzel|Floatzel, L86, F|247/286\n|-activate|p1a: Floatzel|move: Sticky Web\n|-unboost|p1a: Floatzel|spe|1\n|turn|17\n|inactive|Time left: 300 sec this turn | 300 sec total\n|\n|t:|1783545979\n|move|p2a: Lilligant|Giga Drain|p1a: Floatzel\n|-supereffective|p1a: Floatzel\n|-damage|p1a: Floatzel|0 fnt\n|-heal|p2a: Lilligant|100/100|[from] drain|[of] p1a: Floatzel\n|faint|p1a: Floatzel\n|-damage|p2a: Lilligant|91/100|[from] item: Life Orb\n|\n|win|p0y59333a1", "uploadtime": 1783545979, "views": 0, "rating": 0, "private": 0, "password": null, "_winner": "p0y59333a1", "_our_name": "p0x5938e59"}