{"id": "battle-gen9randombattle-569", "formatid": "gen9randombattle", "format": "[Gen 9] Random Battle", "players": ["p0x56977be", "p0y5694535"], "log": "|init|battle\n|title|p0x56977be vs. p0y5694535\n|j|\u2606p0x56977be\n|j|\u2606p0y5694535\n|t:|1783545669\n|gametype|singles\n|player|p1|p0x56977be|169|\n|player|p2|p0y5694535|265|\n|gen|9\n|tier|[Gen 9] Random Battle\n|rule|Species Clause: Limit one of each Pok\u00e9mon\n|rule|HP Percentage Mod: HP is shown in percentages\n|rule|Sleep Clause Mod: Limit one foe put to sleep\n|rule|Illusion Level Mod: Illusion disguises the Pok\u00e9mon's true level\n|\n|t:|1783545669\n|teamsize|p1|6\n|teamsize|p2|6\n|start\n|switch|p1a: Rayquaza|Rayquaza, L72|270/270\n|switch|p2a: Scizor|Scizor, L79, M|100/100\n|-ability|p1a: Rayquaza|Air Lock\n|turn|1\n|inactive|Battle timer is ON: inactive players will automatically lose when time's up. (requested by p0y5694535)\n|inactive|Time left: 300 sec this turn | 300 sec total | 60 sec grace\n|inactive|p0x56977be also wants the timer to be on.\n|\n|t:|1783545670\n|move|p1a: Rayquaza|Swords Dance|p1a: Rayquaza\n|-boost|p1a: Rayquaza|atk|2\n|move|p2a: Scizor|Swords Dance|p2a: Scizor\n|-boost|p2a: Scizor|atk|2\n|\n|upkeep\n|turn|2\n|inactive|Time left: 300 sec this turn | 300 sec total\n|\n|t:|1783545671\n|switch|p1a: Tauros|Tauros-Paldea-Aqua, L81, M|254/254\n|-ability|p1a: Tauros|Intimidate|boost\n|-unboost|p2a: Scizor|atk|1\n|-terastallize|p2a: Scizor|Steel\n|move|p2a: Scizor|Bullet Punch|p1a: Tauros\n|-resisted|p1a: Tauros\n|-damage|p1a: Tauros|170/254\n|-damage|p2a: Scizor|90/100|[from] item: Life Orb\n|\n|upkeep\n|turn|3\n|inactive|Time left: 300 sec this turn | 300 sec total\n|\n|t:|1783545672\n|switch|p2a: Basculegion|Basculegion-F, L83, F|100/100\n|move|p1a: Tauros|Close Combat|p2a: Basculegion\n|-immune|p2a: Basculegion\n|\n|upkeep\n|turn|4\n|inactive|Time left: 300 sec this turn | 300 sec total\n|\n|t:|1783545673\n|move|p1a: Tauros|Bulk Up|p1a: Tauros\n|-boost|p1a: Tauros|atk|1\n|-boost|p1a: Tauros|def|1\n|move|p2a: Basculegion|Shadow Ball|p1a: Tauros\n|-damage|p1a: Tauros|0 fnt\n|faint|p1a: Tauros\n|\n|upkeep\n|inactive|Time left: 300 sec this turn | 300 sec total | 5 sec grace\n|\n|t:|1783545674\n|switch|p1a: Oinkologne|Oinkologne, L92, M|352/352\n|turn|5\n|inactive|Time left: 300 sec this turn | 300 sec total\n|\n|t:|1783545675\n|switch|p2a: Arboliva|Arboliva, L91, F|100/100\n|move|p1a: Oinkologne|Lash Out|p2a: Arboliva\n|-damage|p2a: Arboliva|79/100\n|-fieldstart|move: Grassy Terrain|[from] ability: Seed Sower|[of] p2a: Arboliva\n|\n|-heal|p2a: Arboliva|85/100|[from] Grassy Terrain\n|-heal|p2a: Arboliva|92/100|[from] item: Leftovers\n|upkeep\n|turn|6\n|inactive|Time left: 300 sec this turn | 300 sec total\n|\n|t:|1783545677\n|move|p1a: Oinkologne|High Horsepower|p2a: Arboliva\n|-resisted|p2a: Arboliva\n|-damage|p2a: Arboliva|78/100\n|move|p2a: Arboliva|Energy Ball|p1a: Oinkologne\n|-damage|p1a: Oinkologne|189/352\n|\n|-heal|p1a: Oinkologne|211/352|[from] Grassy Terrain\n|-heal|p1a: Oinkologne|233/352|[from] item: Leftovers\n|-heal|p2a: Arboliva|84/100|[from] Grassy Terrain\n|-heal|p2a: Arboliva|90/100|[from] item: Leftovers\n|upkeep\n|turn|7\n|inactive|Time left: 300 sec this turn | 300 sec total\n|\n|t:|1783545678\n|move|p1a: Oinkologne|Lash Out|p2a: Arboliva\n|-damage|p2a: Arboliva|70/100\n|move|p2a: Arboliva|Energy Ball|p1a: Oinkologne\n|-damage|p1a: Oinkologne|65/352\n|\n|-heal|p1a: Oinkologne|87/352|[from] Grassy Terrain\n|-heal|p1a: Oinkologne|109/352|[from] item: Leftovers\n|-heal|p2a: Arboliva|77/100|[from] Grassy Terrain\n|-heal|p2a: Arboliva|83/100|[from] item: Leftovers\n|upkeep\n|turn|8\n|inactive|Time left: 300 sec this turn | 300 sec total\n|\n|t:|1783545680\n|move|p1a: Oinkologne|Double-Edge|p2a: Arboliva\n|-damage|p2a: Arboliva|36/100\n|-damage|p1a: Oinkologne|64/352|[from] Recoil\n|move|p2a: Arboliva|Hyper Voice|p1a: Oinkologne\n|-damage|p1a: Oinkologne|0 fnt\n|faint|p1a: Oinkologne\n|\n|-heal|p2a: Arboliva|43/100|[from] Grassy Terrain\n|-heal|p2a: Arboliva|49/100|[from] item: Leftovers\n|upkeep\n|inactive|Time left: 300 sec this turn | 300 sec total | 5 sec grace\n|\n|t:|1783545680\n|switch|p1a: Rayquaza|Rayquaza, L72|270/270\n|-ability|p1a: Rayquaza|Air Lock\n|turn|9\n|inactive|Time left: 300 sec this turn | 300 sec total\n|\n|t:|1783545682\n|switch|p2a: Cloyster|Cloyster, L80, M|100/100\n|move|p1a: Rayquaza|Dragon Ascent|p2a: Cloyster\n|-damage|p2a: Cloyster|63/100\n|-unboost|p1a: Rayquaza|def|1\n|-unboost|p1a: Rayquaza|spd|1\n|\n|-heal|p2a: Cloyster|69/100|[from] Grassy Terrain\n|-fieldend|move: Grassy Terrain\n|upkeep\n|turn|10\n|inactive|Time left: 300 sec this turn | 300 sec total\n|\n|t:|1783545683\n|switch|p1a: Duraludon|Duraludon, L82, F|249/249\n|move|p2a: Cloyster|Shell Smash|p2a: Cloyster\n|-unboost|p2a: Cloyster|def|1\n|-unboost|p2a: Cloyster|spd|1\n|-boost|p2a: Cloyster|atk|2\n|-boost|p2a: Cloyster|spa|2\n|-boost|p2a: Cloyster|spe|2\n|-enditem|p2a: Cloyster|White Herb\n|-clearnegativeboost|p2a: Cloyster|[silent]\n|\n|upkeep\n|turn|11\n|inactive|Time left: 300 sec this turn | 300 sec total\n|\n|t:|1783545684\n|move|p2a: Cloyster|Icicle Spear|p1a: Duraludon\n|-damage|p1a: Duraludon|222/249\n|-damage|p1a: Duraludon|194/249\n|-damage|p1a: Duraludon|164/249\n|-damage|p1a: Duraludon|134/249\n|-damage|p1a: Duraludon|104/249\n|-hitcount|p1a: Duraludon|5\n|move|p1a: Duraludon|Flash Cannon|p2a: Cloyster\n|-damage|p2a: Cloyster|0 fnt\n|faint|p2a: Cloyster\n|\n|upkeep\n|\n|t:|1783545685\n|switch|p2a: Basculegion|Basculegion-F, L83, F|100/100\n|turn|12\n|inactive|Time left: 300 sec this turn | 300 sec total\n|\n|t:|1783545686\n|move|p1a: Duraludon|Thunder Wave|p2a: Basculegion\n|-status|p2a: Basculegion|par\n|move|p2a: Basculegion|Shadow Ball|p1a: Duraludon\n|-damage|p1a: Duraludon|0 fnt\n|faint|p1a: Duraludon\n|\n|upkeep\n|inactive|Time left: 300 sec this turn | 300 sec total | 5 sec grace\n|\n|t:|1783545687\n|switch|p1a: Sudowoodo|Sudowoodo, L94, F|284/284\n|turn|13\n|inactive|Time left: 300 sec this turn | 300 sec total\n|\n|t:|1783545687\n|switch|p2a: Arboliva|Arboliva, L91, F|49/100\n|move|p1a: Sudowoodo|Head Smash|p2a: Arboliva|[miss]\n|-miss|p1a: Sudowoodo|p2a: Arboliva\n|\n|-heal|p2a: Arboliva|55/100|[from] item: Leftovers\n|upkeep\n|turn|14\n|inactive|Time left: 300 sec this turn | 300 sec total\n|\n|t:|1783545689\n|switch|p1a: Rayquaza|Rayquaza, L72|270/270\n|-ability|p1a: Rayquaza|Air Lock\n|move|p2a: Arboliva|Strength Sap|p1a: Rayquaza\n|-unboost|p1a: Rayquaza|atk|1\n|-heal|p2a: Arboliva|100/100\n|\n|upkeep\n|turn|15\n|inactive|Time left: 300 sec this turn | 300 sec total\n|\n|t:|1783545690\n|move|p1a: Rayquaza|Swords Dance|p1a: Rayquaza\n|-boost|p1a: Rayquaza|atk|2\n|move|p2a: Arboliva|Hyper Voice|p1a: Rayquaza\n|-damage|p1a: Rayquaza|113/270\n|\n|upkeep\n|turn|16\n|inactive|Time left: 300 sec this turn | 300 sec total\n|\n|t:|1783545691\n|switch|p2a: Iron Crown|Iron Crown, L78|100/100\n|move|p1a: Rayquaza|Dragon Ascent|p2a: Iron Crown\n|-resisted|p2a: Iron Crown\n|-damage|p2a: Iron Crown|66/100\n|-unboost|p1a: Rayquaza|def|1\n|-unboost|p1a: Rayquaza|spd|1\n|\n|upkeep\n|turn|17\n|inactive|Time left: 300 sec this turn | 300 sec total\n|\n|t:|1783545692\n|switch|p1a: Kyogre|Kyogre, L71|259/259\n|-weather|RainDance|[from] ability: Drizzle|[of] p1a: Kyogre\n|move|p2a: Iron Crown|Tachyon Cutter|p1a: Kyogre\n|-resisted|p1a: Kyogre\n|-damage|p1a: Kyogre|226/259\n|-resisted|p1a: Kyogre\n|-damage|p1a: Kyogre|192/259\n|-hitcount|p1a: Kyogre|2\n|\n|-weather|RainDance|[upkeep]\n|upkeep\n|turn|18\n|inactive|Time left: 300 sec this turn | 300 sec total\n|\n|t:|1783545692\n|-end|p2a: Iron Crown|Quark Drive|[silent]\n|switch|p2a: Arboliva|Arboliva, L91, F|100/100\n|move|p1a: Kyogre|Thunder|p2a: Arboliva\n|-resisted|p2a: Arboliva\n|-damage|p2a: Arboliva|90/100\n|-status|p2a: Arboliva|par\n|-fieldstart|move: Grassy Terrain|[from] ability: Seed Sower|[of] p2a: Arboliva\n|\n|-weather|RainDance|[upkeep]\n|-heal|p1a: Kyogre|208/259|[from] Grassy Terrain\n|-heal|p2a: Arboliva|96/100 par|[from] Grassy Terrain\n|-heal|p2a: Arboliva|100/100 par|[from] item: Leftovers\n|upkeep\n|turn|19\n|inactive|Time left: 300 sec this turn | 300 sec total\n|\n|t:|1783545693\n|switch|p1a: Rayquaza|Rayquaza, L72|113/270\n|-ability|p1a: Rayquaza|Air Lock\n|move|p2a: Arboliva|Hyper Voice|p1a: Rayquaza\n|-damage|p1a: Rayquaza|0 fnt\n|faint|p1a: Rayquaza\n|\n|-weather|RainDance|[upkeep]\n|upkeep\n|inactive|Time left: 300 sec this turn | 300 sec total | 5 sec grace\n|\n|t:|1783545694\n|switch|p1a: Sudowoodo|Sudowoodo, L94, F|284/284\n|turn|20\n|inactive|Time left: 300 sec this turn | 300 sec total\n|\n|t:|1783545695\n|move|p1a: Sudowoodo|Head Smash|p2a: Arboliva\n|-damage|p2a: Arboliva|39/100 par\n|move|p2a: Arboliva|Energy Ball|p1a: Sudowoodo\n|-supereffective|p1a: Sudowoodo\n|-damage|p1a: Sudowoodo|0 fnt\n|faint|p1a: Sudowoodo\n|\n|-weather|RainDance|[upkeep]\n|-heal|p2a: Arboliva|46/100 par|[from] Grassy Terrain\n|-heal|p2a: Arboliva|52/100 par|[from] item: Leftovers\n|upkeep\n|inactive|Time left: 300 sec this turn | 300 sec total | 5 sec grace\n|\n|t:|1783545696\n|switch|p1a: Kyogre|Kyogre, L71|208/259\n|turn|21\n|inactive|Time left: 300 sec this turn | 300 sec total\n|\n|t:|1783545697\n|move|p1a: Kyogre|Ice Beam|p2a: Arboliva\n|-supereffective|p2a: Arboliva\n|-damage|p2a: Arboliva|19/100 par\n|move|p2a: Arboliva|Energy Ball|p1a: Kyogre\n|-supereffective|p1a: Kyogre\n|-damage|p1a: Kyogre|0 fnt\n|faint|p1a: Kyogre\n|\n|win|p0y5694535", "uploadtime": 1783545697, "views": 0, "rating": 0, "private": 0, "password": null, "_winner": "p0y5694535", "_our_name": "p0x56977be"}