{"id": "battle-gen9randombattle-472", "formatid": "gen9randombattle", "format": "[Gen 9] Random Battle", "players": ["p0x47289ef", "p0y472eece"], "log": "|init|battle\n|title|p0x47289ef vs. p0y472eece\n|j|\u2606p0x47289ef\n|j|\u2606p0y472eece\n|t:|1783544533\n|gametype|singles\n|player|p1|p0x47289ef|170|\n|player|p2|p0y472eece|1|\n|gen|9\n|tier|[Gen 9] Random Battle\n|rule|Species Clause: Limit one of each Pok\u00e9mon\n|rule|HP Percentage Mod: HP is shown in percentages\n|rule|Sleep Clause Mod: Limit one foe put to sleep\n|rule|Illusion Level Mod: Illusion disguises the Pok\u00e9mon's true level\n|\n|t:|1783544533\n|teamsize|p1|6\n|teamsize|p2|6\n|start\n|switch|p1a: Venomoth|Venomoth, L84, M|100/100\n|switch|p2a: Klefki|Klefki, L84, M|233/233\n|turn|1\n|inactive|Battle timer is ON: inactive players will automatically lose when time's up. (requested by p0x47289ef)\n|inactive|Time left: 300 sec this turn | 300 sec total | 60 sec grace\n|inactive|p0y472eece also wants the timer to be on.\n|\n|t:|1783544534\n|move|p2a: Klefki|Spikes|p1a: Venomoth\n|-sidestart|p1: p0x47289ef|Spikes\n|move|p1a: Venomoth|Quiver Dance|p1a: Venomoth\n|-boost|p1a: Venomoth|spa|1\n|-boost|p1a: Venomoth|spd|1\n|-boost|p1a: Venomoth|spe|1\n|\n|upkeep\n|turn|2\n|inactive|Time left: 300 sec this turn | 300 sec total\n|\n|t:|1783544535\n|switch|p2a: Mandibuzz|Mandibuzz, L85, F|326/326\n|move|p1a: Venomoth|Quiver Dance|p1a: Venomoth\n|-boost|p1a: Venomoth|spa|1\n|-boost|p1a: Venomoth|spd|1\n|-boost|p1a: Venomoth|spe|1\n|\n|upkeep\n|turn|3\n|inactive|Time left: 300 sec this turn | 300 sec total\n|\n|t:|1783544536\n|move|p1a: Venomoth|Quiver Dance|p1a: Venomoth\n|-boost|p1a: Venomoth|spa|1\n|-boost|p1a: Venomoth|spd|1\n|-boost|p1a: Venomoth|spe|1\n|move|p2a: Mandibuzz|Brave Bird|p1a: Venomoth\n|-supereffective|p1a: Venomoth\n|-damage|p1a: Venomoth|0 fnt\n|faint|p1a: Venomoth\n|-damage|p2a: Mandibuzz|242/326|[from] Recoil\n|\n|upkeep\n|\n|t:|1783544537\n|switch|p1a: Kricketune|Kricketune, L99, M|100/100\n|turn|4\n|inactive|Time left: 300 sec this turn | 300 sec total\n|\n|t:|1783544538\n|move|p2a: Mandibuzz|Brave Bird|p1a: Kricketune\n|-supereffective|p1a: Kricketune\n|-damage|p1a: Kricketune|16/100\n|-damage|p2a: Mandibuzz|155/326|[from] Recoil\n|move|p1a: Kricketune|Sticky Web|p2a: Mandibuzz\n|-sidestart|p2: p0y472eece|move: Sticky Web\n|\n|upkeep\n|turn|5\n|inactive|Time left: 300 sec this turn | 300 sec total\n|\n|t:|1783544539\n|switch|p1a: Ampharos|Ampharos, L88, M|100/100\n|-damage|p1a: Ampharos|88/100|[from] Spikes\n|move|p2a: Mandibuzz|Foul Play|p1a: Ampharos\n|-damage|p1a: Ampharos|59/100\n|\n|upkeep\n|turn|6\n|inactive|Time left: 300 sec this turn | 300 sec total\n|\n|t:|1783544540\n|move|p2a: Mandibuzz|Roost|p2a: Mandibuzz\n|-heal|p2a: Mandibuzz|318/326\n|-singleturn|p2a: Mandibuzz|move: Roost\n|move|p1a: Ampharos|Discharge|p2a: Mandibuzz\n|-damage|p2a: Mandibuzz|216/326\n|\n|upkeep\n|turn|7\n|inactive|Time left: 300 sec this turn | 300 sec total\n|\n|t:|1783544541\n|move|p2a: Mandibuzz|Roost|p2a: Mandibuzz\n|-heal|p2a: Mandibuzz|326/326\n|-singleturn|p2a: Mandibuzz|move: Roost\n|move|p1a: Ampharos|Discharge|p2a: Mandibuzz\n|-damage|p2a: Mandibuzz|230/326\n|-status|p2a: Mandibuzz|par\n|\n|upkeep\n|turn|8\n|inactive|Time left: 300 sec this turn | 300 sec total\n|\n|t:|1783544542\n|move|p1a: Ampharos|Discharge|p2a: Mandibuzz\n|-supereffective|p2a: Mandibuzz\n|-damage|p2a: Mandibuzz|42/326 par\n|cant|p2a: Mandibuzz|par\n|\n|upkeep\n|turn|9\n|inactive|Time left: 300 sec this turn | 300 sec total\n|\n|t:|1783544543\n|switch|p2a: Raichu|Raichu, L88, F|249/249\n|-activate|p2a: Raichu|move: Sticky Web\n|-unboost|p2a: Raichu|spe|1\n|move|p1a: Ampharos|Discharge|p2a: Raichu\n|-ability|p2a: Raichu|Lightning Rod|boost\n|-boost|p2a: Raichu|spa|1\n|\n|upkeep\n|turn|10\n|inactive|Time left: 300 sec this turn | 300 sec total\n|\n|t:|1783544544\n|move|p2a: Raichu|Thunderbolt|p1a: Ampharos\n|-resisted|p1a: Ampharos\n|-damage|p1a: Ampharos|37/100\n|-damage|p2a: Raichu|225/249|[from] item: Life Orb\n|move|p1a: Ampharos|Dragon Tail|p2a: Raichu\n|-damage|p2a: Raichu|175/249\n|drag|p2a: Klefki|Klefki, L84, M|233/233\n|-activate|p2a: Klefki|move: Sticky Web\n|-unboost|p2a: Klefki|spe|1\n|\n|upkeep\n|turn|11\n|inactive|Time left: 300 sec this turn | 300 sec total\n|\n|t:|1783544546\n|switch|p2a: Raichu|Raichu, L88, F|175/249\n|-activate|p2a: Raichu|move: Sticky Web\n|-unboost|p2a: Raichu|spe|1\n|move|p1a: Ampharos|Discharge|p2a: Raichu\n|-ability|p2a: Raichu|Lightning Rod|boost\n|-boost|p2a: Raichu|spa|1\n|\n|upkeep\n|turn|12\n|inactive|Time left: 300 sec this turn | 300 sec total\n|\n|t:|1783544547\n|move|p2a: Raichu|Thunderbolt|p1a: Ampharos\n|-resisted|p1a: Ampharos\n|-damage|p1a: Ampharos|17/100\n|-damage|p2a: Raichu|151/249|[from] item: Life Orb\n|move|p1a: Ampharos|Dragon Tail|p2a: Raichu\n|-damage|p2a: Raichu|100/249\n|drag|p2a: Wugtrio|Wugtrio, L91, M|212/212\n|-activate|p2a: Wugtrio|move: Sticky Web\n|-unboost|p2a: Wugtrio|spe|1\n|\n|upkeep\n|turn|13\n|inactive|Time left: 300 sec this turn | 300 sec total\n|\n|t:|1783544549\n|switch|p1a: Brute Bonnet|Brute Bonnet, L80|100/100\n|-damage|p1a: Brute Bonnet|88/100|[from] Spikes\n|move|p2a: Wugtrio|Liquidation|p1a: Brute Bonnet\n|-resisted|p1a: Brute Bonnet\n|-damage|p1a: Brute Bonnet|64/100\n|-unboost|p1a: Brute Bonnet|def|1\n|\n|-heal|p1a: Brute Bonnet|70/100|[from] item: Leftovers\n|upkeep\n|turn|14\n|inactive|Time left: 300 sec this turn | 300 sec total\n|\n|t:|1783544550\n|move|p2a: Wugtrio|Liquidation|p1a: Brute Bonnet\n|-resisted|p1a: Brute Bonnet\n|-damage|p1a: Brute Bonnet|34/100\n|move|p1a: Brute Bonnet|Crunch|p2a: Wugtrio\n|-damage|p2a: Wugtrio|89/212\n|-ability|p2a: Wugtrio|Gooey\n|-unboost|p1a: Brute Bonnet|spe|1\n|\n|-heal|p1a: Brute Bonnet|40/100|[from] item: Leftovers\n|upkeep\n|turn|15\n|inactive|Time left: 300 sec this turn | 300 sec total\n|\n|t:|1783544552\n|move|p1a: Brute Bonnet|Sucker Punch|p2a: Wugtrio\n|-damage|p2a: Wugtrio|0 fnt\n|-ability|p2a: Wugtrio|Gooey\n|-unboost|p1a: Brute Bonnet|spe|1\n|faint|p2a: Wugtrio\n|\n|-heal|p1a: Brute Bonnet|46/100|[from] item: Leftovers\n|upkeep\n|inactive|Time left: 300 sec this turn | 300 sec total | 5 sec grace\n|\n|t:|1783544553\n|switch|p2a: Dodrio|Dodrio, L85, F|241/241\n|turn|16\n|inactive|Time left: 300 sec this turn | 300 sec total\n|\n|t:|1783544554\n|move|p1a: Brute Bonnet|Sucker Punch|p2a: Dodrio\n|-damage|p2a: Dodrio|145/241\n|move|p2a: Dodrio|Brave Bird|p1a: Brute Bonnet\n|-supereffective|p1a: Brute Bonnet\n|-damage|p1a: Brute Bonnet|0 fnt\n|faint|p1a: Brute Bonnet\n|-end|p1a: Brute Bonnet|Protosynthesis|[silent]\n|-damage|p2a: Dodrio|98/241|[from] Recoil\n|\n|upkeep\n|\n|t:|1783544555\n|switch|p1a: Delphox|Delphox, L84, M|100/100\n|turn|17\n|inactive|Time left: 300 sec this turn | 300 sec total\n|\n|t:|1783544556\n|move|p2a: Dodrio|Brave Bird|p1a: Delphox\n|-damage|p1a: Delphox|9/100\n|-damage|p2a: Dodrio|18/241|[from] Recoil\n|move|p1a: Delphox|Fire Blast|p2a: Dodrio\n|-damage|p2a: Dodrio|0 fnt\n|faint|p2a: Dodrio\n|\n|upkeep\n|inactive|Time left: 300 sec this turn | 300 sec total | 5 sec grace\n|\n|t:|1783544557\n|switch|p2a: Dragalge|Dragalge, L88, M|258/258\n|-activate|p2a: Dragalge|move: Sticky Web\n|-unboost|p2a: Dragalge|spe|1\n|turn|18\n|inactive|Time left: 300 sec this turn | 300 sec total\n|\n|t:|1783544558\n|move|p1a: Delphox|Psyshock|p2a: Dragalge\n|-supereffective|p2a: Dragalge\n|-damage|p2a: Dragalge|84/258\n|move|p2a: Dragalge|Sludge Wave|p1a: Delphox\n|-damage|p1a: Delphox|0 fnt\n|faint|p1a: Delphox\n|\n|-heal|p2a: Dragalge|100/258|[from] item: Leftovers\n|upkeep\n|\n|t:|1783544559\n|switch|p1a: Kricketune|Kricketune, L99, M|16/100\n|turn|19\n|inactive|Time left: 300 sec this turn | 300 sec total\n|\n|t:|1783544560\n|move|p1a: Kricketune|Knock Off|p2a: Dragalge\n|-damage|p2a: Dragalge|13/258\n|-enditem|p2a: Dragalge|Leftovers|[from] move: Knock Off|[of] p1a: Kricketune\n|move|p2a: Dragalge|Sludge Wave|p1a: Kricketune\n|-damage|p1a: Kricketune|0 fnt\n|faint|p1a: Kricketune\n|\n|upkeep\n|\n|t:|1783544561\n|switch|p1a: Ampharos|Ampharos, L88, M|17/100\n|-damage|p1a: Ampharos|4/100|[from] Spikes\n|turn|20\n|inactive|Time left: 300 sec this turn | 300 sec total\n|\n|t:|1783544562\n|switch|p2a: Raichu|Raichu, L88, F|100/249\n|-activate|p2a: Raichu|move: Sticky Web\n|-unboost|p2a: Raichu|spe|1\n|move|p1a: Ampharos|Dazzling Gleam|p2a: Raichu\n|-damage|p2a: Raichu|21/249\n|\n|upkeep\n|turn|21\n|inactive|Time left: 300 sec this turn | 300 sec total\n|\n|t:|1783544564\n|move|p2a: Raichu|Thunderbolt|p1a: Ampharos\n|-resisted|p1a: Ampharos\n|-damage|p1a: Ampharos|0 fnt\n|faint|p1a: Ampharos\n|-damage|p2a: Raichu|0 fnt|[from] item: Life Orb\n|faint|p2a: Raichu\n|\n|upkeep\n|inactive|Time left: 300 sec this turn | 300 sec total | 5 sec grace\n|\n|t:|1783544565\n|switch|p2a: Dragalge|Dragalge, L88, M|13/258\n|switch|p1a: Ditto|Ditto, L87|100/100\n|-damage|p1a: Ditto|88/100|[from] Spikes\n|-transform|p1a: Ditto|p2a: Dragalge|[from] ability: Imposter\n|-activate|p2a: Dragalge|move: Sticky Web\n|-unboost|p2a: Dragalge|spe|1\n|turn|22\n|inactive|Time left: 300 sec this turn | 300 sec total\n|\n|t:|1783544566\n|move|p1a: Ditto|Sludge Wave|p2a: Dragalge\n|-resisted|p2a: Dragalge\n|-damage|p2a: Dragalge|0 fnt\n|faint|p2a: Dragalge\n|\n|upkeep\n|inactive|Time left: 300 sec this turn | 300 sec total | 5 sec grace\n|\n|t:|1783544567\n|switch|p2a: Klefki|Klefki, L84, M|233/233\n|-activate|p2a: Klefki|move: Sticky Web\n|-unboost|p2a: Klefki|spe|1\n|turn|23\n|inactive|Time left: 300 sec this turn | 300 sec total\n|\n|t:|1783544568\n|-terastallize|p1a: Ditto|Steel\n|move|p1a: Ditto|Sludge Wave|p2a: Klefki\n|-immune|p2a: Klefki\n|move|p2a: Klefki|Play Rough|p1a: Ditto\n|-resisted|p1a: Ditto\n|-damage|p1a: Ditto|72/100\n|\n|upkeep\n|turn|24\n|inactive|Time left: 300 sec this turn | 300 sec total\n|\n|t:|1783544569\n|move|p2a: Klefki|Thunder Wave|p1a: Ditto\n|-status|p1a: Ditto|par\n|cant|p1a: Ditto|par\n|\n|upkeep\n|turn|25\n|inactive|Time left: 300 sec this turn | 300 sec total\n|\n|t:|1783544570\n|move|p2a: Klefki|Play Rough|p1a: Ditto\n|-resisted|p1a: Ditto\n|-damage|p1a: Ditto|55/100 par\n|cant|p1a: Ditto|par\n|\n|upkeep\n|turn|26\n|inactive|Time left: 300 sec this turn | 300 sec total\n|\n|t:|1783544570\n|move|p2a: Klefki|Play Rough|p1a: Ditto\n|-resisted|p1a: Ditto\n|-damage|p1a: Ditto|39/100 par\n|move|p1a: Ditto|Sludge Wave|p2a: Klefki\n|-immune|p2a: Klefki\n|\n|upkeep\n|turn|27\n|inactive|Time left: 300 sec this turn | 300 sec total\n|\n|t:|1783544571\n|move|p2a: Klefki|Play Rough|p1a: Ditto\n|-resisted|p1a: Ditto\n|-damage|p1a: Ditto|23/100 par\n|move|p1a: Ditto|Sludge Wave|p2a: Klefki\n|-immune|p2a: Klefki\n|\n|upkeep\n|turn|28\n|inactive|Time left: 300 sec this turn | 300 sec total\n|\n|t:|1783544572\n|move|p2a: Klefki|Play Rough|p1a: Ditto\n|-resisted|p1a: Ditto\n|-damage|p1a: Ditto|6/100 par\n|move|p1a: Ditto|Sludge Wave|p2a: Klefki\n|-immune|p2a: Klefki\n|\n|upkeep\n|turn|29\n|inactive|Time left: 300 sec this turn | 300 sec total\n|\n|t:|1783544572\n|-terastallize|p2a: Klefki|Water\n|move|p2a: Klefki|Play Rough|p1a: Ditto\n|-resisted|p1a: Ditto\n|-damage|p1a: Ditto|0 fnt\n|faint|p1a: Ditto\n|\n|win|p0y472eece", "uploadtime": 1783544572, "views": 0, "rating": 0, "private": 0, "password": null, "_winner": "p0y472eece", "_our_name": "p0y472eece"}