{"id": "battle-gen9randombattle-2994", "formatid": "gen9randombattle", "format": "[Gen 9] Random Battle", "players": ["p0x2994cc7d", "p0y29941d38"], "log": "|init|battle\n|title|p0x2994cc7d vs. p0y29941d38\n|j|\u2606p0x2994cc7d\n|j|\u2606p0y29941d38\n|t:|1783573457\n|gametype|singles\n|player|p1|p0x2994cc7d|169|\n|player|p2|p0y29941d38|170|\n|gen|9\n|tier|[Gen 9] Random Battle\n|rule|Species Clause: Limit one of each Pok\u00e9mon\n|rule|HP Percentage Mod: HP is shown in percentages\n|rule|Sleep Clause Mod: Limit one foe put to sleep\n|rule|Illusion Level Mod: Illusion disguises the Pok\u00e9mon's true level\n|\n|t:|1783573457\n|teamsize|p1|6\n|teamsize|p2|6\n|start\n|switch|p1a: Infernape|Infernape, L82, M|259/259\n|switch|p2a: Donphan|Donphan, L84, M|100/100\n|turn|1\n|inactive|Battle timer is ON: inactive players will automatically lose when time's up. (requested by p0y29941d38)\n|inactive|Time left: 300 sec this turn | 300 sec total | 60 sec grace\n|inactive|p0x2994cc7d also wants the timer to be on.\n|\n|t:|1783573459\n|switch|p1a: Masquerain|Masquerain, L87, M|264/264\n|-ability|p1a: Masquerain|Intimidate|boost\n|-unboost|p2a: Donphan|atk|1\n|move|p2a: Donphan|Earthquake|p1a: Masquerain\n|-immune|p1a: Masquerain\n|\n|upkeep\n|turn|2\n|inactive|Time left: 300 sec this turn | 300 sec total\n|\n|t:|1783573460\n|switch|p2a: Arbok|Arbok, L87, F|100/100\n|-ability|p2a: Arbok|Intimidate|boost\n|-unboost|p1a: Masquerain|atk|1\n|move|p1a: Masquerain|Sticky Web|p2a: Arbok\n|-sidestart|p2: p0y29941d38|move: Sticky Web\n|\n|upkeep\n|turn|3\n|inactive|Time left: 300 sec this turn | 300 sec total\n|\n|t:|1783573461\n|switch|p1a: Glastrier|Glastrier, L86|311/311\n|move|p2a: Arbok|Gunk Shot|p1a: Glastrier|[miss]\n|-miss|p2a: Arbok|p1a: Glastrier\n|\n|upkeep\n|turn|4\n|inactive|Time left: 300 sec this turn | 300 sec total\n|\n|t:|1783573462\n|move|p2a: Arbok|Coil|p2a: Arbok\n|-boost|p2a: Arbok|atk|1\n|-boost|p2a: Arbok|def|1\n|-boost|p2a: Arbok|accuracy|1\n|move|p1a: Glastrier|Icicle Crash|p2a: Arbok\n|-damage|p2a: Arbok|44/100\n|\n|-heal|p2a: Arbok|50/100|[from] item: Leftovers\n|upkeep\n|turn|5\n|inactive|Time left: 300 sec this turn | 300 sec total\n|\n|t:|1783573463\n|move|p2a: Arbok|Coil|p2a: Arbok\n|-boost|p2a: Arbok|atk|1\n|-boost|p2a: Arbok|def|1\n|-boost|p2a: Arbok|accuracy|1\n|move|p1a: Glastrier|Icicle Crash|p2a: Arbok|[miss]\n|-miss|p1a: Glastrier|p2a: Arbok\n|\n|-heal|p2a: Arbok|56/100|[from] item: Leftovers\n|upkeep\n|turn|6\n|inactive|Time left: 300 sec this turn | 300 sec total\n|\n|t:|1783573464\n|move|p2a: Arbok|Gunk Shot|p1a: Glastrier\n|-damage|p1a: Glastrier|136/311\n|move|p1a: Glastrier|Icicle Crash|p2a: Arbok\n|-damage|p2a: Arbok|11/100\n|\n|-heal|p2a: Arbok|17/100|[from] item: Leftovers\n|upkeep\n|turn|7\n|inactive|Time left: 300 sec this turn | 300 sec total\n|\n|t:|1783573465\n|move|p2a: Arbok|Gunk Shot|p1a: Glastrier\n|-damage|p1a: Glastrier|0 fnt\n|faint|p1a: Glastrier\n|\n|-heal|p2a: Arbok|23/100|[from] item: Leftovers\n|upkeep\n|inactive|Time left: 300 sec this turn | 300 sec total | 5 sec grace\n|\n|t:|1783573466\n|switch|p1a: Lumineon|Lumineon, L93, M|279/279\n|turn|8\n|inactive|Time left: 300 sec this turn | 300 sec total\n|\n|t:|1783573467\n|move|p1a: Lumineon|Ice Beam|p2a: Arbok\n|-crit|p2a: Arbok\n|-damage|p2a: Arbok|0 fnt\n|faint|p2a: Arbok\n|\n|upkeep\n|\n|t:|1783573468\n|switch|p2a: Galvantula|Galvantula, L82, F|100/100\n|turn|9\n|inactive|Time left: 300 sec this turn | 300 sec total\n|\n|t:|1783573470\n|switch|p1a: Zekrom|Zekrom, L71|259/259\n|-ability|p1a: Zekrom|Teravolt\n|move|p2a: Galvantula|Thunder|p1a: Zekrom\n|-resisted|p1a: Zekrom\n|-damage|p1a: Zekrom|230/259\n|\n|-heal|p1a: Zekrom|246/259|[from] item: Leftovers\n|upkeep\n|turn|10\n|inactive|Time left: 300 sec this turn | 300 sec total\n|\n|t:|1783573471\n|move|p2a: Galvantula|Sticky Web|p1a: Zekrom\n|-sidestart|p1: p0x2994cc7d|move: Sticky Web\n|move|p1a: Zekrom|Outrage|p2a: Galvantula\n|-damage|p2a: Galvantula|27/100\n|\n|-heal|p1a: Zekrom|259/259|[from] item: Leftovers\n|upkeep\n|turn|11\n|inactive|Time left: 300 sec this turn | 300 sec total\n|\n|t:|1783573472\n|switch|p2a: Donphan|Donphan, L84, M|100/100\n|-activate|p2a: Donphan|move: Sticky Web\n|-unboost|p2a: Donphan|spe|1\n|move|p1a: Zekrom|Outrage|p2a: Donphan|[from] lockedmove\n|-damage|p2a: Donphan|67/100\n|-start|p1a: Zekrom|confusion|[fatigue]\n|\n|upkeep\n|turn|12\n|inactive|Time left: 300 sec this turn | 300 sec total\n|\n|t:|1783573473\n|switch|p1a: Masquerain|Masquerain, L87, M|264/264\n|-ability|p1a: Masquerain|Intimidate|boost\n|-unboost|p2a: Donphan|atk|1\n|move|p2a: Donphan|Rapid Spin|p1a: Masquerain\n|-damage|p1a: Masquerain|229/264\n|-boost|p2a: Donphan|spe|1\n|-sideend|p2: p0y29941d38|Sticky Web|[from] move: Rapid Spin|[of] p2a: Donphan\n|\n|upkeep\n|turn|13\n|inactive|Time left: 300 sec this turn | 300 sec total\n|\n|t:|1783573474\n|switch|p2a: Komala|Komala, L87, F|100/100\n|-ability|p2a: Komala|Comatose\n|move|p1a: Masquerain|Sticky Web|p2a: Komala\n|-sidestart|p2: p0y29941d38|move: Sticky Web\n|\n|upkeep\n|turn|14\n|inactive|Time left: 300 sec this turn | 300 sec total\n|\n|t:|1783573475\n|move|p1a: Masquerain|Hurricane|p2a: Komala\n|-damage|p2a: Komala|54/100\n|move|p2a: Komala|Body Slam|p1a: Masquerain\n|-damage|p1a: Masquerain|27/264\n|\n|upkeep\n|turn|15\n|inactive|Time left: 300 sec this turn | 300 sec total\n|\n|t:|1783573476\n|switch|p1a: Zekrom|Zekrom, L71|259/259\n|-activate|p1a: Zekrom|move: Sticky Web\n|-unboost|p1a: Zekrom|spe|1\n|-ability|p1a: Zekrom|Teravolt\n|move|p2a: Komala|Body Slam|p1a: Zekrom\n|-damage|p1a: Zekrom|99/259\n|\n|-heal|p1a: Zekrom|115/259|[from] item: Leftovers\n|upkeep\n|turn|16\n|inactive|Time left: 300 sec this turn | 300 sec total\n|\n|t:|1783573477\n|move|p2a: Komala|Body Slam|p1a: Zekrom\n|-damage|p1a: Zekrom|0 fnt\n|faint|p1a: Zekrom\n|\n|upkeep\n|inactive|Time left: 300 sec this turn | 300 sec total | 5 sec grace\n|\n|t:|1783573477\n|switch|p1a: Swalot|Swalot, L90, F|326/326\n|-activate|p1a: Swalot|move: Sticky Web\n|-unboost|p1a: Swalot|spe|1\n|turn|17\n|inactive|Time left: 300 sec this turn | 300 sec total\n|\n|t:|1783573478\n|move|p2a: Komala|Body Slam|p1a: Swalot\n|-damage|p1a: Swalot|172/326\n|move|p1a: Swalot|Swords Dance|p1a: Swalot\n|-boost|p1a: Swalot|atk|2\n|\n|-heal|p1a: Swalot|192/326|[from] item: Leftovers\n|upkeep\n|turn|18\n|inactive|Time left: 300 sec this turn | 300 sec total\n|\n|t:|1783573479\n|move|p2a: Komala|Body Slam|p1a: Swalot\n|-damage|p1a: Swalot|32/326\n|move|p1a: Swalot|Knock Off|p2a: Komala\n|-damage|p2a: Komala|0 fnt\n|-enditem|p2a: Komala|Choice Band|[from] move: Knock Off|[of] p1a: Swalot\n|faint|p2a: Komala\n|\n|-heal|p1a: Swalot|52/326|[from] item: Leftovers\n|upkeep\n|\n|t:|1783573480\n|switch|p2a: Gouging Fire|Gouging Fire, L74|100/100\n|turn|19\n|inactive|Time left: 300 sec this turn | 300 sec total\n|\n|t:|1783573481\n|move|p2a: Gouging Fire|Outrage|p1a: Swalot\n|-damage|p1a: Swalot|0 fnt\n|faint|p1a: Swalot\n|\n|upkeep\n|inactive|Time left: 300 sec this turn | 300 sec total | 5 sec grace\n|\n|t:|1783573482\n|switch|p1a: Lumineon|Lumineon, L93, M|279/279\n|turn|20\n|inactive|Time left: 300 sec this turn | 300 sec total\n|\n|t:|1783573483\n|-terastallize|p1a: Lumineon|Steel\n|move|p1a: Lumineon|Hydro Pump|p2a: Gouging Fire|[miss]\n|-miss|p1a: Lumineon|p2a: Gouging Fire\n|move|p2a: Gouging Fire|Outrage|p1a: Lumineon|[from] lockedmove\n|-resisted|p1a: Lumineon\n|-damage|p1a: Lumineon|219/279\n|-start|p2a: Gouging Fire|confusion|[fatigue]\n|\n|upkeep\n|turn|21\n|inactive|Time left: 300 sec this turn | 300 sec total\n|\n|t:|1783573483\n|move|p1a: Lumineon|Hydro Pump|p2a: Gouging Fire\n|-damage|p2a: Gouging Fire|55/100\n|-activate|p2a: Gouging Fire|confusion\n|move|p2a: Gouging Fire|Heat Crash|p1a: Lumineon\n|-supereffective|p1a: Lumineon\n|-damage|p1a: Lumineon|0 fnt\n|faint|p1a: Lumineon\n|\n|upkeep\n|inactive|Time left: 300 sec this turn | 300 sec total | 5 sec grace\n|\n|t:|1783573484\n|switch|p1a: Infernape|Infernape, L82, M|259/259\n|-activate|p1a: Infernape|move: Sticky Web\n|-unboost|p1a: Infernape|spe|1\n|turn|22\n|inactive|Time left: 300 sec this turn | 300 sec total\n|\n|t:|1783573485\n|-activate|p2a: Gouging Fire|confusion\n|move|p2a: Gouging Fire|Outrage|p1a: Infernape\n|-damage|p1a: Infernape|127/259\n|move|p1a: Infernape|Close Combat|p2a: Gouging Fire\n|-damage|p2a: Gouging Fire|4/100\n|-unboost|p1a: Infernape|def|1\n|-unboost|p1a: Infernape|spd|1\n|-damage|p1a: Infernape|102/259|[from] item: Life Orb\n|\n|upkeep\n|turn|23\n|inactive|Time left: 300 sec this turn | 300 sec total\n|\n|t:|1783573487\n|-end|p2a: Gouging Fire|confusion\n|move|p2a: Gouging Fire|Outrage|p1a: Infernape|[from] lockedmove\n|-damage|p1a: Infernape|0 fnt\n|faint|p1a: Infernape\n|-start|p2a: Gouging Fire|confusion|[fatigue]\n|\n|upkeep\n|inactive|Time left: 300 sec this turn | 300 sec total | 5 sec grace\n|\n|t:|1783573488\n|switch|p1a: Masquerain|Masquerain, L87, M|27/264\n|-ability|p1a: Masquerain|Intimidate|boost\n|-unboost|p2a: Gouging Fire|atk|1\n|turn|24\n|inactive|Time left: 300 sec this turn | 300 sec total\n|\n|t:|1783573489\n|move|p1a: Masquerain|Hurricane|p2a: Gouging Fire\n|-damage|p2a: Gouging Fire|0 fnt\n|faint|p2a: Gouging Fire\n|-end|p2a: Gouging Fire|Protosynthesis|[silent]\n|\n|upkeep\n|\n|t:|1783573489\n|switch|p2a: Galvantula|Galvantula, L82, F|27/100\n|turn|25\n|inactive|Time left: 300 sec this turn | 300 sec total\n|\n|t:|1783573490\n|-terastallize|p2a: Galvantula|Electric\n|move|p2a: Galvantula|Volt Switch|p1a: Masquerain\n|-supereffective|p1a: Masquerain\n|-damage|p1a: Masquerain|0 fnt\n|faint|p1a: Masquerain\n|\n|win|p0y29941d38", "uploadtime": 1783573490, "views": 0, "rating": 0, "private": 0, "password": null, "_winner": "p0y29941d38", "_our_name": "p0x2994cc7d"}