{"id": "battle-gen9randombattle-1474", "formatid": "gen9randombattle", "format": "[Gen 9] Random Battle", "players": ["p0x14749f36", "p0y14740d70"], "log": "|init|battle\n|title|p0x14749f36 vs. p0y14740d70\n|j|\u2606p0x14749f36\n|j|\u2606p0y14740d70\n|t:|1783556258\n|gametype|singles\n|player|p1|p0x14749f36|266|\n|player|p2|p0y14740d70|101|\n|gen|9\n|tier|[Gen 9] Random Battle\n|rule|Species Clause: Limit one of each Pok\u00e9mon\n|rule|HP Percentage Mod: HP is shown in percentages\n|rule|Sleep Clause Mod: Limit one foe put to sleep\n|rule|Illusion Level Mod: Illusion disguises the Pok\u00e9mon's true level\n|\n|t:|1783556258\n|teamsize|p1|6\n|teamsize|p2|6\n|start\n|switch|p1a: Mudsdale|Mudsdale, L83, M|302/302\n|switch|p2a: Emboar|Emboar, L84, M|100/100\n|turn|1\n|inactive|Battle timer is ON: inactive players will automatically lose when time's up. (requested by p0x14749f36)\n|inactive|p0y14740d70 also wants the timer to be on.\n|\n|t:|1783556259\n|move|p2a: Emboar|Flare Blitz|p1a: Mudsdale\n|-crit|p1a: Mudsdale\n|-damage|p1a: Mudsdale|44/302\n|-ability|p1a: Mudsdale|Stamina|boost\n|-boost|p1a: Mudsdale|def|1\n|-damage|p2a: Emboar|74/100|[from] Recoil\n|move|p1a: Mudsdale|Earthquake|p2a: Emboar\n|-supereffective|p2a: Emboar\n|-damage|p2a: Emboar|0 fnt\n|faint|p2a: Emboar\n|\n|-heal|p1a: Mudsdale|62/302|[from] item: Leftovers\n|upkeep\n|\n|t:|1783556260\n|switch|p2a: Gardevoir|Gardevoir, L83, M|100/100\n|-ability|p2a: Gardevoir|Stamina|Trace|[from] ability: Trace|[of] p1a: Mudsdale\n|turn|2\n|inactive|Time left: 300 sec this turn | 300 sec total\n|\n|t:|1783556261\n|switch|p1a: Heatran|Heatran, L79, M|273/273\n|move|p2a: Gardevoir|Mystical Fire|p1a: Heatran\n|-start|p1a: Heatran|ability: Flash Fire\n|\n|upkeep\n|turn|3\n|inactive|Time left: 300 sec this turn | 300 sec total\n|\n|t:|1783556262\n|switch|p2a: Pelipper|Pelipper, L86, F|100/100\n|-weather|RainDance|[from] ability: Drizzle|[of] p2a: Pelipper\n|move|p1a: Heatran|Lava Plume|p2a: Pelipper\n|-resisted|p2a: Pelipper\n|-damage|p2a: Pelipper|84/100\n|\n|-weather|RainDance|[upkeep]\n|upkeep\n|turn|4\n|inactive|Time left: 300 sec this turn | 300 sec total\n|\n|t:|1783556264\n|move|p1a: Heatran|Magma Storm|p2a: Pelipper\n|-resisted|p2a: Pelipper\n|-crit|p2a: Pelipper\n|-damage|p2a: Pelipper|54/100\n|-activate|p2a: Pelipper|move: Magma Storm|[of] p1a: Heatran\n|move|p2a: Pelipper|Hydro Pump|p1a: Heatran\n|-supereffective|p1a: Heatran\n|-damage|p1a: Heatran|63/273\n|\n|-weather|RainDance|[upkeep]\n|-damage|p2a: Pelipper|41/100|[from] move: Magma Storm|[partiallytrapped]\n|upkeep\n|turn|5\n|inactive|Time left: 300 sec this turn | 300 sec total\n|\n|t:|1783556265\n|move|p1a: Heatran|Heavy Slam|p2a: Pelipper\n|-resisted|p2a: Pelipper\n|-damage|p2a: Pelipper|21/100\n|move|p2a: Pelipper|Roost|p2a: Pelipper\n|-heal|p2a: Pelipper|72/100\n|-singleturn|p2a: Pelipper|move: Roost\n|\n|-weather|RainDance|[upkeep]\n|-damage|p2a: Pelipper|59/100|[from] move: Magma Storm|[partiallytrapped]\n|upkeep\n|turn|6\n|inactive|Time left: 300 sec this turn | 300 sec total\n|\n|t:|1783556266\n|move|p1a: Heatran|Lava Plume|p2a: Pelipper\n|-resisted|p2a: Pelipper\n|-damage|p2a: Pelipper|43/100\n|move|p2a: Pelipper|Roost|p2a: Pelipper\n|-heal|p2a: Pelipper|94/100\n|-singleturn|p2a: Pelipper|move: Roost\n|\n|-weather|RainDance|[upkeep]\n|-damage|p2a: Pelipper|81/100|[from] move: Magma Storm|[partiallytrapped]\n|upkeep\n|turn|7\n|inactive|Time left: 300 sec this turn | 300 sec total\n|\n|t:|1783556267\n|move|p1a: Heatran|Heavy Slam|p2a: Pelipper\n|-resisted|p2a: Pelipper\n|-damage|p2a: Pelipper|61/100\n|move|p2a: Pelipper|Hydro Pump|p1a: Heatran\n|-supereffective|p1a: Heatran\n|-damage|p1a: Heatran|0 fnt\n|faint|p1a: Heatran\n|\n|-weather|none\n|-end|p2a: Pelipper|Magma Storm|[partiallytrapped]|[silent]\n|upkeep\n|inactive|Time left: 300 sec this turn | 300 sec total | 5 sec grace\n|\n|t:|1783556268\n|switch|p1a: Hatterene|Hatterene, L85, F|236/236\n|turn|8\n|inactive|Time left: 300 sec this turn | 300 sec total\n|\n|t:|1783556269\n|move|p2a: Pelipper|Hurricane|p1a: Hatterene\n|-damage|p1a: Hatterene|131/236\n|-start|p1a: Hatterene|confusion\n|-activate|p1a: Hatterene|confusion\n|move|p1a: Hatterene|Psychic|p2a: Pelipper\n|-damage|p2a: Pelipper|0 fnt\n|faint|p2a: Pelipper\n|\n|-heal|p1a: Hatterene|145/236|[from] item: Leftovers\n|upkeep\n|\n|t:|1783556270\n|switch|p2a: Urshifu|Urshifu-Rapid-Strike, L75, F|100/100\n|turn|9\n|inactive|Time left: 300 sec this turn | 300 sec total\n|\n|t:|1783556271\n|switch|p1a: Mudsdale|Mudsdale, L83, M|62/302\n|move|p2a: Urshifu|Surging Strikes|p1a: Mudsdale\n|-supereffective|p1a: Mudsdale\n|-crit|p1a: Mudsdale\n|-damage|p1a: Mudsdale|0 fnt\n|faint|p1a: Mudsdale\n|-hitcount|p1: Mudsdale|1\n|\n|upkeep\n|inactive|Time left: 300 sec this turn | 300 sec total | 5 sec grace\n|\n|t:|1783556272\n|switch|p1a: Thundurus|Thundurus-Therian, L80, M|258/258\n|turn|10\n|inactive|Time left: 300 sec this turn | 300 sec total\n|\n|t:|1783556273\n|switch|p2a: Gardevoir|Gardevoir, L83, M|100/100\n|-ability|p2a: Gardevoir|Volt Absorb|Trace|[from] ability: Trace|[of] p1a: Thundurus\n|move|p1a: Thundurus|Thunderbolt|p2a: Gardevoir\n|-immune|p2a: Gardevoir|[from] ability: Volt Absorb\n|\n|upkeep\n|turn|11\n|inactive|Time left: 300 sec this turn | 300 sec total\n|\n|t:|1783556274\n|switch|p1a: Snorlax|Snorlax, L82, F|397/397\n|move|p2a: Gardevoir|Moonblast|p1a: Snorlax\n|-damage|p1a: Snorlax|297/397\n|\n|upkeep\n|turn|12\n|inactive|Time left: 300 sec this turn | 300 sec total\n|\n|t:|1783556275\n|move|p2a: Gardevoir|Moonblast|p1a: Snorlax\n|-damage|p1a: Snorlax|189/397\n|-unboost|p1a: Snorlax|spa|1\n|move|p1a: Snorlax|Body Slam|p2a: Gardevoir\n|-damage|p2a: Gardevoir|54/100\n|\n|upkeep\n|turn|13\n|inactive|Time left: 300 sec this turn | 300 sec total\n|\n|t:|1783556276\n|move|p2a: Gardevoir|Moonblast|p1a: Snorlax\n|-damage|p1a: Snorlax|81/397\n|move|p1a: Snorlax|Body Slam|p2a: Gardevoir\n|-damage|p2a: Gardevoir|10/100\n|\n|upkeep\n|turn|14\n|inactive|Time left: 300 sec this turn | 300 sec total\n|\n|t:|1783556277\n|-terastallize|p1a: Snorlax|Poison\n|move|p2a: Gardevoir|Moonblast|p1a: Snorlax\n|-resisted|p1a: Snorlax\n|-damage|p1a: Snorlax|33/397\n|-unboost|p1a: Snorlax|spa|1\n|move|p1a: Snorlax|Rest|p1a: Snorlax\n|-status|p1a: Snorlax|slp|[from] move: Rest\n|-heal|p1a: Snorlax|397/397 slp|[silent]\n|-enditem|p1a: Snorlax|Chesto Berry|[eat]\n|-curestatus|p1a: Snorlax|slp|[msg]\n|\n|upkeep\n|turn|15\n|inactive|Time left: 300 sec this turn | 300 sec total\n|\n|t:|1783556279\n|move|p2a: Gardevoir|Moonblast|p1a: Snorlax\n|-resisted|p1a: Snorlax\n|-damage|p1a: Snorlax|343/397\n|move|p1a: Snorlax|Body Slam|p2a: Gardevoir\n|-damage|p2a: Gardevoir|0 fnt\n|faint|p2a: Gardevoir\n|\n|upkeep\n|\n|t:|1783556279\n|switch|p2a: Urshifu|Urshifu-Rapid-Strike, L75, F|100/100\n|turn|16\n|inactive|Time left: 300 sec this turn | 300 sec total\n|\n|t:|1783556280\n|move|p2a: Urshifu|Surging Strikes|p1a: Snorlax\n|-crit|p1a: Snorlax\n|-damage|p1a: Snorlax|258/397\n|-crit|p1a: Snorlax\n|-damage|p1a: Snorlax|174/397\n|-crit|p1a: Snorlax\n|-damage|p1a: Snorlax|90/397\n|-hitcount|p1a: Snorlax|3\n|move|p1a: Snorlax|Body Slam|p2a: Urshifu\n|-damage|p2a: Urshifu|68/100\n|\n|upkeep\n|turn|17\n|inactive|Time left: 300 sec this turn | 300 sec total\n|\n|t:|1783556281\n|move|p2a: Urshifu|Surging Strikes|p1a: Snorlax\n|-crit|p1a: Snorlax\n|-damage|p1a: Snorlax|12/397\n|-crit|p1a: Snorlax\n|-damage|p1a: Snorlax|0 fnt\n|faint|p1a: Snorlax\n|-hitcount|p1: Snorlax|2\n|\n|upkeep\n|inactive|Time left: 300 sec this turn | 300 sec total | 5 sec grace\n|\n|t:|1783556283\n|switch|p1a: Thundurus|Thundurus-Therian, L80, M|258/258\n|turn|18\n|inactive|Time left: 300 sec this turn | 300 sec total\n|\n|t:|1783556283\n|move|p1a: Thundurus|Thunderbolt|p2a: Urshifu\n|-supereffective|p2a: Urshifu\n|-damage|p2a: Urshifu|0 fnt\n|faint|p2a: Urshifu\n|\n|upkeep\n|\n|t:|1783556285\n|switch|p2a: Lycanroc|Lycanroc-Dusk, L81, F|100/100\n|turn|19\n|inactive|Time left: 300 sec this turn | 300 sec total\n|\n|t:|1783556286\n|move|p2a: Lycanroc|Stone Edge|p1a: Thundurus\n|-supereffective|p1a: Thundurus\n|-damage|p1a: Thundurus|0 fnt\n|faint|p1a: Thundurus\n|\n|upkeep\n|inactive|Time left: 300 sec this turn | 300 sec total | 5 sec grace\n|\n|t:|1783556287\n|switch|p1a: Regigigas|Regigigas, L84|322/322\n|-start|p1a: Regigigas|ability: Slow Start\n|turn|20\n|inactive|Time left: 300 sec this turn | 300 sec total\n|\n|t:|1783556288\n|move|p2a: Lycanroc|Stone Edge|p1a: Regigigas\n|-damage|p1a: Regigigas|168/322\n|move|p1a: Regigigas|Knock Off|p2a: Lycanroc\n|-damage|p2a: Lycanroc|73/100\n|-enditem|p2a: Lycanroc|Choice Band|[from] move: Knock Off|[of] p1a: Regigigas\n|\n|-heal|p1a: Regigigas|188/322|[from] item: Leftovers\n|upkeep\n|turn|21\n|inactive|Time left: 300 sec this turn | 300 sec total\n|\n|t:|1783556289\n|move|p2a: Lycanroc|Close Combat|p1a: Regigigas\n|-supereffective|p1a: Regigigas\n|-damage|p1a: Regigigas|0 fnt\n|-unboost|p2a: Lycanroc|def|1\n|-unboost|p2a: Lycanroc|spd|1\n|faint|p1a: Regigigas\n|-end|p1a: Regigigas|Slow Start|[silent]\n|\n|upkeep\n|inactive|Time left: 300 sec this turn | 300 sec total | 5 sec grace\n|\n|t:|1783556290\n|switch|p1a: Hatterene|Hatterene, L85, F|145/236\n|turn|22\n|inactive|Time left: 300 sec this turn | 300 sec total\n|\n|t:|1783556291\n|-terastallize|p2a: Lycanroc|Fighting\n|move|p2a: Lycanroc|Stone Edge|p1a: Hatterene\n|-damage|p1a: Hatterene|40/236\n|move|p1a: Hatterene|Draining Kiss|p2a: Lycanroc\n|-supereffective|p2a: Lycanroc\n|-damage|p2a: Lycanroc|0 fnt\n|-heal|p1a: Hatterene|178/236|[from] drain|[of] p2a: Lycanroc\n|faint|p2a: Lycanroc\n|\n|-heal|p1a: Hatterene|192/236|[from] item: Leftovers\n|upkeep\n|\n|t:|1783556292\n|switch|p2a: Palossand|Palossand, L89, F|100/100\n|turn|23\n|inactive|Time left: 300 sec this turn | 300 sec total\n|\n|t:|1783556293\n|move|p2a: Palossand|Shadow Ball|p1a: Hatterene\n|-supereffective|p1a: Hatterene\n|-damage|p1a: Hatterene|34/236\n|move|p1a: Hatterene|Mystical Fire|p2a: Palossand\n|-damage|p2a: Palossand|75/100\n|-unboost|p2a: Palossand|spa|1\n|\n|-heal|p2a: Palossand|81/100|[from] item: Leftovers\n|-heal|p1a: Hatterene|48/236|[from] item: Leftovers\n|upkeep\n|turn|24\n|inactive|Time left: 300 sec this turn | 300 sec total\n|\n|t:|1783556294\n|move|p2a: Palossand|Shadow Ball|p1a: Hatterene\n|-supereffective|p1a: Hatterene\n|-damage|p1a: Hatterene|0 fnt\n|faint|p1a: Hatterene\n|\n|win|p0y14740d70", "uploadtime": 1783556294, "views": 0, "rating": 0, "private": 0, "password": null, "_winner": "p0y14740d70", "_our_name": "p0x14749f36"}