{"id": "battle-gen9randombattle-1037", "formatid": "gen9randombattle", "format": "[Gen 9] Random Battle", "players": ["p0x10378989", "p0y1037555b"], "log": "|init|battle\n|title|p0x10378989 vs. p0y1037555b\n|j|\u2606p0x10378989\n|j|\u2606p0y1037555b\n|t:|1783551920\n|gametype|singles\n|player|p1|p0x10378989|101|\n|player|p2|p0y1037555b|2|\n|gen|9\n|tier|[Gen 9] Random Battle\n|rule|Species Clause: Limit one of each Pok\u00e9mon\n|rule|HP Percentage Mod: HP is shown in percentages\n|rule|Sleep Clause Mod: Limit one foe put to sleep\n|rule|Illusion Level Mod: Illusion disguises the Pok\u00e9mon's true level\n|\n|t:|1783551920\n|teamsize|p1|6\n|teamsize|p2|6\n|start\n|switch|p1a: Sunflora|Sunflora, F|100/100\n|switch|p2a: Delibird|Delibird, M|252/252\n|turn|1\n|inactive|Battle timer is ON: inactive players will automatically lose when time's up. (requested by p0y1037555b)\n|inactive|p0x10378989 also wants the timer to be on.\n|\n|t:|1783551922\n|switch|p2a: Hariyama|Hariyama, L87, F|392/392\n|move|p1a: Sunflora|Solar Beam||[still]\n|-prepare|p1a: Sunflora|Solar Beam\n|\n|-status|p2a: Hariyama|brn|[from] item: Flame Orb\n|upkeep\n|turn|2\n|inactive|Time left: 300 sec this turn | 300 sec total\n|\n|t:|1783551924\n|-terastallize|p2a: Hariyama|Normal\n|move|p2a: Hariyama|Facade|p1a: Sunflora\n|-damage|p1a: Sunflora|0 fnt\n|faint|p1a: Sunflora\n|\n|-damage|p2a: Hariyama|368/392 brn|[from] brn\n|upkeep\n|\n|t:|1783551925\n|switch|p1a: Urshifu|Urshifu, L74, F|100/100\n|turn|3\n|inactive|Time left: 300 sec this turn | 300 sec total\n|\n|t:|1783551926\n|switch|p2a: Tauros|Tauros-Paldea-Aqua, L81, M|254/254\n|-ability|p2a: Tauros|Intimidate|boost\n|-unboost|p1a: Urshifu|atk|1\n|move|p1a: Urshifu|Close Combat|p2a: Tauros\n|-damage|p2a: Tauros|145/254\n|-unboost|p1a: Urshifu|def|1\n|-unboost|p1a: Urshifu|spd|1\n|\n|upkeep\n|turn|4\n|inactive|Time left: 300 sec this turn | 300 sec total\n|\n|t:|1783551927\n|switch|p1a: Hoopa|Hoopa, L85|100/100\n|move|p2a: Tauros|Close Combat|p1a: Hoopa\n|-immune|p1a: Hoopa\n|\n|upkeep\n|turn|5\n|inactive|Time left: 300 sec this turn | 300 sec total\n|\n|t:|1783551928\n|switch|p2a: Shaymin|Shaymin, L82|298/298\n|move|p1a: Hoopa|Psychic|p2a: Shaymin\n|-damage|p2a: Shaymin|174/298\n|\n|-heal|p2a: Shaymin|192/298|[from] item: Leftovers\n|upkeep\n|turn|6\n|inactive|Time left: 300 sec this turn | 300 sec total\n|\n|t:|1783551929\n|move|p1a: Hoopa|Psychic|p2a: Shaymin\n|-damage|p2a: Shaymin|54/298\n|move|p2a: Shaymin|Seed Flare|p1a: Hoopa\n|-damage|p1a: Hoopa|65/100\n|\n|-heal|p2a: Shaymin|72/298|[from] item: Leftovers\n|upkeep\n|turn|7\n|inactive|Time left: 300 sec this turn | 300 sec total\n|\n|t:|1783551930\n|switch|p2a: Regice|Regice, L88|284/284\n|move|p1a: Hoopa|Psychic|p2a: Regice\n|-damage|p2a: Regice|218/284\n|\n|upkeep\n|turn|8\n|inactive|Time left: 300 sec this turn | 300 sec total\n|\n|t:|1783551931\n|move|p1a: Hoopa|Psychic|p2a: Regice\n|-damage|p2a: Regice|149/284\n|move|p2a: Regice|Ice Beam|p1a: Hoopa\n|-crit|p1a: Hoopa\n|-damage|p1a: Hoopa|26/100\n|\n|upkeep\n|turn|9\n|inactive|Time left: 300 sec this turn | 300 sec total\n|\n|t:|1783551932\n|move|p1a: Hoopa|Psychic|p2a: Regice\n|-damage|p2a: Regice|73/284\n|move|p2a: Regice|Ice Beam|p1a: Hoopa\n|-damage|p1a: Hoopa|0 fnt\n|faint|p1a: Hoopa\n|\n|upkeep\n|\n|t:|1783551933\n|switch|p1a: Medicham|Medicham, L86, M|100/100\n|turn|10\n|inactive|Time left: 300 sec this turn | 300 sec total\n|\n|t:|1783551934\n|move|p1a: Medicham|Close Combat|p2a: Regice\n|-supereffective|p2a: Regice\n|-damage|p2a: Regice|0 fnt\n|-unboost|p1a: Medicham|def|1\n|-unboost|p1a: Medicham|spd|1\n|faint|p2a: Regice\n|\n|upkeep\n|inactive|Time left: 300 sec this turn | 300 sec total | 5 sec grace\n|\n|t:|1783551935\n|switch|p2a: Kyogre|Kyogre, L71|259/259\n|-weather|RainDance|[from] ability: Drizzle|[of] p2a: Kyogre\n|turn|11\n|inactive|Time left: 300 sec this turn | 300 sec total\n|\n|t:|1783551936\n|-terastallize|p1a: Medicham|Fighting\n|move|p1a: Medicham|Close Combat|p2a: Kyogre\n|-damage|p2a: Kyogre|0 fnt\n|-unboost|p1a: Medicham|def|1\n|-unboost|p1a: Medicham|spd|1\n|faint|p2a: Kyogre\n|\n|-weather|RainDance|[upkeep]\n|upkeep\n|inactive|Time left: 300 sec this turn | 300 sec total | 5 sec grace\n|\n|t:|1783551937\n|switch|p2a: Tauros|Tauros-Paldea-Aqua, L81, M|145/254\n|-ability|p2a: Tauros|Intimidate|boost\n|-unboost|p1a: Medicham|atk|1\n|turn|12\n|inactive|Time left: 300 sec this turn | 300 sec total\n|\n|t:|1783551938\n|move|p2a: Tauros|Aqua Jet|p1a: Medicham\n|-damage|p1a: Medicham|4/100\n|move|p1a: Medicham|Close Combat|p2a: Tauros\n|-damage|p2a: Tauros|7/254\n|-unboost|p1a: Medicham|def|1\n|-unboost|p1a: Medicham|spd|1\n|\n|-weather|RainDance|[upkeep]\n|upkeep\n|turn|13\n|inactive|Time left: 300 sec this turn | 300 sec total\n|\n|t:|1783551939\n|move|p2a: Tauros|Aqua Jet|p1a: Medicham\n|-crit|p1a: Medicham\n|-damage|p1a: Medicham|0 fnt\n|faint|p1a: Medicham\n|\n|-weather|RainDance|[upkeep]\n|upkeep\n|\n|t:|1783551940\n|switch|p1a: Avalugg|Avalugg, L88, F|100/100\n|turn|14\n|inactive|Time left: 300 sec this turn | 300 sec total\n|\n|t:|1783551941\n|move|p2a: Tauros|Aqua Jet|p1a: Avalugg\n|-damage|p1a: Avalugg|84/100\n|move|p1a: Avalugg|Body Press|p2a: Tauros\n|-damage|p2a: Tauros|0 fnt\n|faint|p2a: Tauros\n|\n|-weather|RainDance|[upkeep]\n|upkeep\n|inactive|Time left: 300 sec this turn | 300 sec total | 5 sec grace\n|\n|t:|1783551942\n|switch|p2a: Shaymin|Shaymin, L82|72/298\n|turn|15\n|inactive|Time left: 300 sec this turn | 300 sec total\n|\n|t:|1783551943\n|move|p2a: Shaymin|Seed Flare|p1a: Avalugg\n|-damage|p1a: Avalugg|24/100\n|move|p1a: Avalugg|Avalanche|p2a: Shaymin\n|-supereffective|p2a: Shaymin\n|-damage|p2a: Shaymin|0 fnt\n|faint|p2a: Shaymin\n|\n|-weather|none\n|upkeep\n|inactive|Time left: 300 sec this turn | 300 sec total | 5 sec grace\n|\n|t:|1783551944\n|switch|p2a: Hariyama|Hariyama, L87, F, tera:Normal|368/392 brn\n|turn|16\n|inactive|Time left: 300 sec this turn | 300 sec total\n|\n|t:|1783551945\n|move|p2a: Hariyama|Facade|p1a: Avalugg\n|-damage|p1a: Avalugg|0 fnt\n|faint|p1a: Avalugg\n|\n|-damage|p2a: Hariyama|344/392 brn|[from] brn\n|upkeep\n|\n|t:|1783551946\n|switch|p1a: Urshifu|Urshifu, L74, F|100/100\n|turn|17\n|inactive|Time left: 300 sec this turn | 300 sec total\n|\n|t:|1783551947\n|switch|p2a: Delibird|Delibird, M|252/252\n|move|p1a: Urshifu|Close Combat|p2a: Delibird\n|-damage|p2a: Delibird|0 fnt\n|-unboost|p1a: Urshifu|def|1\n|-unboost|p1a: Urshifu|spd|1\n|faint|p2a: Delibird\n|\n|upkeep\n|inactive|Time left: 300 sec this turn | 300 sec total | 5 sec grace\n|\n|t:|1783551948\n|switch|p2a: Hariyama|Hariyama, L87, F, tera:Normal|344/392 brn\n|turn|18\n|inactive|Time left: 300 sec this turn | 300 sec total\n|\n|t:|1783551949\n|move|p1a: Urshifu|Close Combat|p2a: Hariyama\n|-supereffective|p2a: Hariyama\n|-damage|p2a: Hariyama|0 fnt\n|-unboost|p1a: Urshifu|def|1\n|-unboost|p1a: Urshifu|spd|1\n|faint|p2a: Hariyama\n|\n|win|p0x10378989", "uploadtime": 1783551949, "views": 0, "rating": 0, "private": 0, "password": null, "_winner": "p0x10378989", "_our_name": "p0y1037555b"}