{"id": "battle-gen9randombattle-2342", "formatid": "gen9randombattle", "format": "[Gen 9] Random Battle", "players": ["p0x234266d9", "p0y2342734d"], "log": "|init|battle\n|title|p0x234266d9 vs. p0y2342734d\n|j|\u2606p0x234266d9\n|j|\u2606p0y2342734d\n|t:|1783567186\n|gametype|singles\n|player|p1|p0x234266d9|265|\n|player|p2|p0y2342734d|101|\n|gen|9\n|tier|[Gen 9] Random Battle\n|rule|Species Clause: Limit one of each Pok\u00e9mon\n|rule|HP Percentage Mod: HP is shown in percentages\n|rule|Sleep Clause Mod: Limit one foe put to sleep\n|rule|Illusion Level Mod: Illusion disguises the Pok\u00e9mon's true level\n|\n|t:|1783567186\n|teamsize|p1|6\n|teamsize|p2|6\n|start\n|switch|p1a: Hoopa|Hoopa-Unbound, L80|100/100\n|switch|p2a: Iron Boulder|Iron Boulder, L77|265/265\n|turn|1\n|inactive|Battle timer is ON: inactive players will automatically lose when time's up. (requested by p0y2342734d)\n|inactive|p0x234266d9 also wants the timer to be on.\n|\n|t:|1783567187\n|move|p2a: Iron Boulder|Mighty Cleave|p1a: Hoopa\n|-damage|p1a: Hoopa|34/100\n|-damage|p2a: Iron Boulder|239/265|[from] item: Life Orb\n|move|p1a: Hoopa|Hyperspace Fury|p2a: Iron Boulder\n|-supereffective|p2a: Iron Boulder\n|-damage|p2a: Iron Boulder|0 fnt\n|-unboost|p1a: Hoopa|def|1\n|faint|p2a: Iron Boulder\n|-end|p2a: Iron Boulder|Quark Drive|[silent]\n|\n|upkeep\n|inactive|Time left: 300 sec this turn | 300 sec total | 65 sec grace\n|\n|t:|1783567188\n|switch|p2a: Tinkaton|Tinkaton, L82, F|274/274\n|-ability|p2a: Tinkaton|Mold Breaker\n|turn|2\n|inactive|Time left: 300 sec this turn | 300 sec total\n|\n|t:|1783567189\n|switch|p1a: Pelipper|Pelipper, L86, M|100/100\n|-weather|RainDance|[from] ability: Drizzle|[of] p1a: Pelipper\n|move|p2a: Tinkaton|Swords Dance|p2a: Tinkaton\n|-boost|p2a: Tinkaton|atk|2\n|\n|-weather|RainDance|[upkeep]\n|upkeep\n|turn|3\n|inactive|Time left: 300 sec this turn | 300 sec total\n|\n|t:|1783567190\n|-terastallize|p1a: Pelipper|Water\n|move|p2a: Tinkaton|Play Rough|p1a: Pelipper\n|-damage|p1a: Pelipper|46/100\n|move|p1a: Pelipper|Weather Ball|p2a: Tinkaton\n|-damage|p2a: Tinkaton|0 fnt\n|faint|p2a: Tinkaton\n|\n|-weather|RainDance|[upkeep]\n|upkeep\n|inactive|Time left: 300 sec this turn | 300 sec total | 5 sec grace\n|\n|t:|1783567191\n|switch|p2a: Rayquaza|Rayquaza, L72|270/270\n|-ability|p2a: Rayquaza|Air Lock\n|turn|4\n|inactive|Time left: 300 sec this turn | 300 sec total\n|\n|t:|1783567192\n|move|p2a: Rayquaza|Swords Dance|p2a: Rayquaza\n|-boost|p2a: Rayquaza|atk|2\n|move|p1a: Pelipper|Weather Ball|p2a: Rayquaza\n|-damage|p2a: Rayquaza|209/270\n|\n|-weather|RainDance|[upkeep]\n|upkeep\n|turn|5\n|inactive|Time left: 300 sec this turn | 300 sec total\n|\n|t:|1783567192\n|move|p2a: Rayquaza|Scale Shot|p1a: Pelipper\n|-damage|p1a: Pelipper|26/100\n|-damage|p1a: Pelipper|6/100\n|-damage|p1a: Pelipper|0 fnt\n|faint|p1a: Pelipper\n|-hitcount|p1: Pelipper|3\n|-unboost|p2a: Rayquaza|def|1\n|-boost|p2a: Rayquaza|spe|1\n|\n|-weather|RainDance|[upkeep]\n|upkeep\n|\n|t:|1783567193\n|switch|p1a: Dialga|Dialga, L73|100/100\n|-ability|p1a: Dialga|Pressure\n|turn|6\n|inactive|Time left: 300 sec this turn | 300 sec total\n|\n|t:|1783567194\n|move|p2a: Rayquaza|Earthquake|p1a: Dialga\n|-supereffective|p1a: Dialga\n|-crit|p1a: Dialga\n|-damage|p1a: Dialga|0 fnt\n|faint|p1a: Dialga\n|\n|-weather|none\n|upkeep\n|\n|t:|1783567195\n|switch|p1a: Flygon|Flygon, L82, M|100/100\n|turn|7\n|inactive|Time left: 300 sec this turn | 300 sec total\n|\n|t:|1783567196\n|switch|p1a: Hoopa|Hoopa-Unbound, L80|34/100\n|move|p2a: Rayquaza|Scale Shot|p1a: Hoopa\n|-damage|p1a: Hoopa|5/100\n|-damage|p1a: Hoopa|0 fnt\n|faint|p1a: Hoopa\n|-hitcount|p1: Hoopa|2\n|-unboost|p2a: Rayquaza|def|1\n|-boost|p2a: Rayquaza|spe|1\n|\n|upkeep\n|\n|t:|1783567197\n|switch|p1a: Lucario|Lucario, L84, M|100/100\n|turn|8\n|inactive|Time left: 300 sec this turn | 300 sec total\n|\n|t:|1783567198\n|move|p1a: Lucario|Extreme Speed|p2a: Rayquaza\n|-damage|p2a: Rayquaza|13/270\n|move|p2a: Rayquaza|Dragon Ascent|p1a: Lucario\n|-damage|p1a: Lucario|0 fnt\n|-unboost|p2a: Rayquaza|def|1\n|-unboost|p2a: Rayquaza|spd|1\n|faint|p1a: Lucario\n|\n|upkeep\n|\n|t:|1783567199\n|switch|p1a: Rampardos|Rampardos, L90, M|100/100\n|turn|9\n|inactive|Time left: 300 sec this turn | 300 sec total\n|\n|t:|1783567200\n|switch|p1a: Flygon|Flygon, L82, M|100/100\n|move|p2a: Rayquaza|Earthquake|p1a: Flygon\n|-immune|p1a: Flygon|[from] ability: Levitate\n|\n|upkeep\n|turn|10\n|inactive|Time left: 300 sec this turn | 300 sec total\n|\n|t:|1783567201\n|switch|p1a: Rampardos|Rampardos, L90, M|100/100\n|move|p2a: Rayquaza|Dragon Ascent|p1a: Rampardos\n|-resisted|p1a: Rampardos\n|-damage|p1a: Rampardos|46/100\n|-unboost|p2a: Rayquaza|def|1\n|-unboost|p2a: Rayquaza|spd|1\n|\n|upkeep\n|turn|11\n|inactive|Time left: 300 sec this turn | 300 sec total\n|\n|t:|1783567202\n|move|p2a: Rayquaza|Dragon Ascent|p1a: Rampardos\n|-resisted|p1a: Rampardos\n|-damage|p1a: Rampardos|0 fnt\n|-unboost|p2a: Rayquaza|def|1\n|-unboost|p2a: Rayquaza|spd|1\n|faint|p1a: Rampardos\n|\n|upkeep\n|\n|t:|1783567203\n|switch|p1a: Flygon|Flygon, L82, M|100/100\n|turn|12\n|inactive|Time left: 300 sec this turn | 300 sec total\n|\n|t:|1783567204\n|move|p2a: Rayquaza|Dragon Ascent|p1a: Flygon\n|-damage|p1a: Flygon|0 fnt\n|-unboost|p2a: Rayquaza|def|1\n|-unboost|p2a: Rayquaza|spd|1\n|faint|p1a: Flygon\n|\n|win|p0y2342734d", "uploadtime": 1783567204, "views": 0, "rating": 0, "private": 0, "password": null, "_winner": "p0y2342734d", "_our_name": "p0y2342734d"}