{"id": "battle-gen9randombattle-2139", "formatid": "gen9randombattle", "format": "[Gen 9] Random Battle", "players": ["p0x21395f63", "p0y2139724f"], "log": "|init|battle\n|title|p0x21395f63 vs. p0y2139724f\n|j|\u2606p0x21395f63\n|j|\u2606p0y2139724f\n|t:|1783563955\n|gametype|singles\n|player|p1|p0x21395f63|170|\n|player|p2|p0y2139724f|102|\n|gen|9\n|tier|[Gen 9] Random Battle\n|rule|Species Clause: Limit one of each Pok\u00e9mon\n|rule|HP Percentage Mod: HP is shown in percentages\n|rule|Sleep Clause Mod: Limit one foe put to sleep\n|rule|Illusion Level Mod: Illusion disguises the Pok\u00e9mon's true level\n|\n|t:|1783563955\n|teamsize|p1|6\n|teamsize|p2|6\n|start\n|switch|p1a: Bastiodon|Bastiodon, L89, M|252/252\n|switch|p2a: Kyogre|Kyogre, L71|100/100\n|-weather|RainDance|[from] ability: Drizzle|[of] p2a: Kyogre\n|turn|1\n|inactive|Battle timer is ON: inactive players will automatically lose when time's up. (requested by p0y2139724f)\n|inactive|Time left: 300 sec this turn | 300 sec total | 60 sec grace\n|inactive|p0x21395f63 also wants the timer to be on.\n|\n|t:|1783563956\n|-terastallize|p1a: Bastiodon|Fighting\n|move|p2a: Kyogre|Origin Pulse|p1a: Bastiodon\n|-damage|p1a: Bastiodon|137/252\n|move|p1a: Bastiodon|Body Press|p2a: Kyogre\n|-damage|p2a: Kyogre|37/100\n|\n|-weather|RainDance|[upkeep]\n|-heal|p2a: Kyogre|43/100|[from] item: Leftovers\n|upkeep\n|turn|2\n|inactive|Time left: 300 sec this turn | 300 sec total\n|\n|t:|1783563957\n|switch|p2a: Flutter Mane|Flutter Mane, L74|100/100\n|move|p1a: Bastiodon|Body Press|p2a: Flutter Mane\n|-immune|p2a: Flutter Mane\n|\n|-weather|RainDance|[upkeep]\n|upkeep\n|turn|3\n|inactive|Time left: 300 sec this turn | 300 sec total\n|\n|t:|1783563958\n|switch|p1a: Toxapex|Toxapex, L82, M|216/216\n|move|p2a: Flutter Mane|Moonblast|p1a: Toxapex\n|-resisted|p1a: Toxapex\n|-damage|p1a: Toxapex|168/216\n|-damage|p2a: Flutter Mane|91/100|[from] item: Life Orb\n|\n|-weather|RainDance|[upkeep]\n|-heal|p1a: Toxapex|181/216|[from] item: Leftovers\n|upkeep\n|turn|4\n|inactive|Time left: 300 sec this turn | 300 sec total\n|\n|t:|1783563959\n|-end|p2a: Flutter Mane|Protosynthesis|[silent]\n|switch|p2a: Kyogre|Kyogre, L71|43/100\n|move|p1a: Toxapex|Liquidation|p2a: Kyogre\n|-resisted|p2a: Kyogre\n|-damage|p2a: Kyogre|22/100\n|\n|-weather|RainDance|[upkeep]\n|-heal|p2a: Kyogre|28/100|[from] item: Leftovers\n|-heal|p1a: Toxapex|194/216|[from] item: Leftovers\n|upkeep\n|turn|5\n|inactive|Time left: 300 sec this turn | 300 sec total\n|\n|t:|1783563960\n|move|p2a: Kyogre|Thunder|p1a: Toxapex\n|-supereffective|p1a: Toxapex\n|-damage|p1a: Toxapex|80/216\n|-status|p1a: Toxapex|par\n|cant|p1a: Toxapex|par\n|\n|-weather|none\n|-heal|p2a: Kyogre|34/100|[from] item: Leftovers\n|-heal|p1a: Toxapex|93/216 par|[from] item: Leftovers\n|upkeep\n|turn|6\n|inactive|Time left: 300 sec this turn | 300 sec total\n|\n|t:|1783563961\n|switch|p1a: Luxray|Luxray, L88, F|284/284\n|-ability|p1a: Luxray|Intimidate|boost\n|-unboost|p2a: Kyogre|atk|1\n|move|p2a: Kyogre|Thunder|p1a: Luxray|[miss]\n|-miss|p2a: Kyogre|p1a: Luxray\n|\n|-heal|p2a: Kyogre|41/100|[from] item: Leftovers\n|upkeep\n|turn|7\n|inactive|Time left: 300 sec this turn | 300 sec total\n|\n|t:|1783563962\n|switch|p2a: Dunsparce|Dunsparce, L86, M|100/100\n|move|p1a: Luxray|Wild Charge|p2a: Dunsparce\n|-crit|p2a: Dunsparce\n|-damage|p2a: Dunsparce|56/100\n|-damage|p1a: Luxray|249/284|[from] Recoil\n|\n|upkeep\n|turn|8\n|inactive|Time left: 300 sec this turn | 300 sec total\n|\n|t:|1783563964\n|switch|p1a: Sinistcha|Sinistcha-Masterpiece, L83|254/254\n|move|p2a: Dunsparce|Roost|p2a: Dunsparce\n|-heal|p2a: Dunsparce|100/100\n|-singleturn|p2a: Dunsparce|move: Roost\n|\n|upkeep\n|turn|9\n|inactive|Time left: 300 sec this turn | 300 sec total\n|\n|t:|1783563965\n|move|p1a: Sinistcha|Calm Mind|p1a: Sinistcha\n|-boost|p1a: Sinistcha|spa|1\n|-boost|p1a: Sinistcha|spd|1\n|move|p2a: Dunsparce|Coil|p2a: Dunsparce\n|-boost|p2a: Dunsparce|atk|1\n|-boost|p2a: Dunsparce|def|1\n|-boost|p2a: Dunsparce|accuracy|1\n|\n|upkeep\n|turn|10\n|inactive|Time left: 300 sec this turn | 300 sec total\n|\n|t:|1783563966\n|move|p1a: Sinistcha|Matcha Gotcha|p2a: Dunsparce|[miss]\n|-miss|p1a: Sinistcha|p2a: Dunsparce\n|move|p2a: Dunsparce|Coil|p2a: Dunsparce\n|-boost|p2a: Dunsparce|atk|1\n|-boost|p2a: Dunsparce|def|1\n|-boost|p2a: Dunsparce|accuracy|1\n|\n|upkeep\n|turn|11\n|inactive|Time left: 300 sec this turn | 300 sec total\n|\n|t:|1783563967\n|move|p1a: Sinistcha|Calm Mind|p1a: Sinistcha\n|-boost|p1a: Sinistcha|spa|1\n|-boost|p1a: Sinistcha|spd|1\n|move|p2a: Dunsparce|Coil|p2a: Dunsparce\n|-boost|p2a: Dunsparce|atk|1\n|-boost|p2a: Dunsparce|def|1\n|-boost|p2a: Dunsparce|accuracy|1\n|\n|upkeep\n|turn|12\n|inactive|Time left: 300 sec this turn | 300 sec total\n|\n|t:|1783563968\n|move|p1a: Sinistcha|Matcha Gotcha|p2a: Dunsparce\n|-damage|p2a: Dunsparce|47/100\n|-status|p2a: Dunsparce|brn\n|move|p2a: Dunsparce|Roost|p2a: Dunsparce\n|-heal|p2a: Dunsparce|97/100 brn\n|-singleturn|p2a: Dunsparce|move: Roost\n|\n|-damage|p2a: Dunsparce|91/100 brn|[from] brn\n|upkeep\n|turn|13\n|inactive|Time left: 300 sec this turn | 300 sec total\n|\n|t:|1783563969\n|move|p1a: Sinistcha|Matcha Gotcha|p2a: Dunsparce\n|-damage|p2a: Dunsparce|41/100 brn\n|move|p2a: Dunsparce|Roost|p2a: Dunsparce\n|-heal|p2a: Dunsparce|91/100 brn\n|-singleturn|p2a: Dunsparce|move: Roost\n|\n|-damage|p2a: Dunsparce|85/100 brn|[from] brn\n|upkeep\n|turn|14\n|inactive|Time left: 300 sec this turn | 300 sec total\n|\n|t:|1783563970\n|move|p1a: Sinistcha|Matcha Gotcha|p2a: Dunsparce\n|-damage|p2a: Dunsparce|33/100 brn\n|move|p2a: Dunsparce|Roost|p2a: Dunsparce\n|-heal|p2a: Dunsparce|83/100 brn\n|-singleturn|p2a: Dunsparce|move: Roost\n|\n|-damage|p2a: Dunsparce|77/100 brn|[from] brn\n|upkeep\n|turn|15\n|inactive|Time left: 300 sec this turn | 300 sec total\n|\n|t:|1783563971\n|move|p1a: Sinistcha|Matcha Gotcha|p2a: Dunsparce\n|-damage|p2a: Dunsparce|23/100 brn\n|move|p2a: Dunsparce|Roost|p2a: Dunsparce\n|-heal|p2a: Dunsparce|73/100 brn\n|-singleturn|p2a: Dunsparce|move: Roost\n|\n|-damage|p2a: Dunsparce|67/100 brn|[from] brn\n|upkeep\n|turn|16\n|inactive|Time left: 300 sec this turn | 300 sec total\n|\n|t:|1783563972\n|move|p1a: Sinistcha|Matcha Gotcha|p2a: Dunsparce\n|-damage|p2a: Dunsparce|12/100 brn\n|move|p2a: Dunsparce|Roost|p2a: Dunsparce\n|-heal|p2a: Dunsparce|62/100 brn\n|-singleturn|p2a: Dunsparce|move: Roost\n|\n|-damage|p2a: Dunsparce|56/100 brn|[from] brn\n|upkeep\n|turn|17\n|inactive|Time left: 300 sec this turn | 300 sec total\n|\n|t:|1783563973\n|move|p1a: Sinistcha|Matcha Gotcha|p2a: Dunsparce\n|-damage|p2a: Dunsparce|4/100 brn\n|move|p2a: Dunsparce|Roost|p2a: Dunsparce\n|-heal|p2a: Dunsparce|54/100 brn\n|-singleturn|p2a: Dunsparce|move: Roost\n|\n|-damage|p2a: Dunsparce|48/100 brn|[from] brn\n|upkeep\n|turn|18\n|inactive|Time left: 300 sec this turn | 300 sec total\n|\n|t:|1783563974\n|move|p1a: Sinistcha|Matcha Gotcha|p2a: Dunsparce\n|-damage|p2a: Dunsparce|0 fnt\n|faint|p2a: Dunsparce\n|\n|upkeep\n|\n|t:|1783563975\n|switch|p2a: Koraidon|Koraidon, L64|100/100\n|-weather|SunnyDay|[from] ability: Orichalcum Pulse|[of] p2a: Koraidon\n|-activate|p2a: Koraidon|Orichalcum Pulse|[source]\n|turn|19\n|inactive|Time left: 300 sec this turn | 300 sec total\n|\n|t:|1783563976\n|-terastallize|p2a: Koraidon|Fire\n|move|p2a: Koraidon|Flare Blitz|p1a: Sinistcha\n|-supereffective|p1a: Sinistcha\n|-damage|p1a: Sinistcha|0 fnt\n|faint|p1a: Sinistcha\n|-damage|p2a: Koraidon|65/100|[from] Recoil\n|\n|-weather|SunnyDay|[upkeep]\n|upkeep\n|inactive|Time left: 300 sec this turn | 300 sec total | 5 sec grace\n|\n|t:|1783563977\n|switch|p1a: Donphan|Donphan, L84, M|288/288\n|turn|20\n|inactive|Time left: 300 sec this turn | 300 sec total\n|\n|t:|1783563977\n|move|p2a: Koraidon|Flare Blitz|p1a: Donphan\n|-damage|p1a: Donphan|47/288\n|-damage|p2a: Koraidon|31/100|[from] Recoil\n|move|p1a: Donphan|Earthquake|p2a: Koraidon\n|-supereffective|p2a: Koraidon\n|-crit|p2a: Koraidon\n|-damage|p2a: Koraidon|0 fnt\n|faint|p2a: Koraidon\n|\n|-weather|SunnyDay|[upkeep]\n|upkeep\n|\n|t:|1783563979\n|switch|p2a: Flutter Mane|Flutter Mane, L74|91/100\n|-activate|p2a: Flutter Mane|ability: Protosynthesis\n|-start|p2a: Flutter Mane|protosynthesisspa\n|turn|21\n|inactive|Time left: 300 sec this turn | 300 sec total\n|\n|t:|1783563979\n|switch|p1a: Luxray|Luxray, L88, F|249/284\n|-ability|p1a: Luxray|Intimidate|boost\n|-unboost|p2a: Flutter Mane|atk|1\n|move|p2a: Flutter Mane|Moonblast|p1a: Luxray\n|-damage|p1a: Luxray|139/284\n|-unboost|p1a: Luxray|spa|1\n|-damage|p2a: Flutter Mane|81/100|[from] item: Life Orb\n|\n|-weather|SunnyDay|[upkeep]\n|upkeep\n|turn|22\n|inactive|Time left: 300 sec this turn | 300 sec total\n|\n|t:|1783563980\n|-end|p2a: Flutter Mane|Protosynthesis|[silent]\n|switch|p2a: Tinkaton|Tinkaton, L82, F|100/100\n|-ability|p2a: Tinkaton|Mold Breaker\n|move|p1a: Luxray|Wild Charge|p2a: Tinkaton\n|-damage|p2a: Tinkaton|47/100\n|-damage|p1a: Luxray|102/284|[from] Recoil\n|\n|-weather|SunnyDay|[upkeep]\n|-heal|p2a: Tinkaton|53/100|[from] item: Leftovers\n|upkeep\n|turn|23\n|inactive|Time left: 300 sec this turn | 300 sec total\n|\n|t:|1783563981\n|move|p2a: Tinkaton|Stealth Rock|p1a: Luxray\n|-sidestart|p1: p0x21395f63|move: Stealth Rock\n|move|p1a: Luxray|Wild Charge|p2a: Tinkaton\n|-damage|p2a: Tinkaton|0 fnt\n|faint|p2a: Tinkaton\n|-damage|p1a: Luxray|66/284|[from] Recoil\n|\n|-weather|none\n|upkeep\n|\n|t:|1783563982\n|switch|p2a: Flutter Mane|Flutter Mane, L74|81/100\n|turn|24\n|inactive|Time left: 300 sec this turn | 300 sec total\n|\n|t:|1783563983\n|switch|p1a: Toxapex|Toxapex, L82, M|165/216 par\n|-damage|p1a: Toxapex|138/216 par|[from] Stealth Rock\n|move|p2a: Flutter Mane|Shadow Ball|p1a: Toxapex\n|-damage|p1a: Toxapex|52/216 par\n|-damage|p2a: Flutter Mane|71/100|[from] item: Life Orb\n|\n|-heal|p1a: Toxapex|65/216 par|[from] item: Leftovers\n|upkeep\n|turn|25\n|inactive|Time left: 300 sec this turn | 300 sec total\n|\n|t:|1783563984\n|move|p2a: Flutter Mane|Shadow Ball|p1a: Toxapex\n|-damage|p1a: Toxapex|0 fnt\n|faint|p1a: Toxapex\n|-damage|p2a: Flutter Mane|61/100|[from] item: Life Orb\n|\n|upkeep\n|inactive|Time left: 300 sec this turn | 300 sec total | 5 sec grace\n|\n|t:|1783563985\n|switch|p1a: Groudon|Groudon, L72|263/263\n|-damage|p1a: Groudon|247/263|[from] Stealth Rock\n|-weather|SunnyDay|[from] ability: Drought|[of] p1a: Groudon\n|-activate|p2a: Flutter Mane|ability: Protosynthesis\n|-start|p2a: Flutter Mane|protosynthesisspa\n|turn|26\n|inactive|Time left: 300 sec this turn | 300 sec total\n|\n|t:|1783563986\n|move|p2a: Flutter Mane|Moonblast|p1a: Groudon\n|-damage|p1a: Groudon|44/263\n|-unboost|p1a: Groudon|spa|1\n|-damage|p2a: Flutter Mane|51/100|[from] item: Life Orb\n|move|p1a: Groudon|Heat Crash|p2a: Flutter Mane\n|-damage|p2a: Flutter Mane|0 fnt\n|faint|p2a: Flutter Mane\n|-end|p2a: Flutter Mane|Protosynthesis|[silent]\n|\n|-weather|SunnyDay|[upkeep]\n|-heal|p1a: Groudon|60/263|[from] item: Leftovers\n|upkeep\n|\n|t:|1783563987\n|switch|p2a: Cramorant|Cramorant, L86, F|100/100\n|turn|27\n|inactive|Time left: 300 sec this turn | 300 sec total\n|\n|t:|1783563988\n|switch|p1a: Luxray|Luxray, L88, F|66/284\n|-damage|p1a: Luxray|31/284|[from] Stealth Rock\n|-ability|p1a: Luxray|Intimidate|boost\n|-unboost|p2a: Cramorant|atk|1\n|move|p2a: Cramorant|Surf|p1a: Luxray\n|-formechange|p2a: Cramorant|Cramorant-Gulping|\n|-damage|p1a: Luxray|1/284\n|\n|-weather|SunnyDay|[upkeep]\n|upkeep\n|turn|28\n|inactive|Time left: 300 sec this turn | 300 sec total\n|\n|t:|1783563989\n|move|p2a: Cramorant|Brave Bird|p1a: Luxray\n|-resisted|p1a: Luxray\n|-damage|p1a: Luxray|0 fnt\n|faint|p1a: Luxray\n|-damage|p2a: Cramorant|99/100|[from] Recoil\n|\n|-weather|SunnyDay|[upkeep]\n|upkeep\n|inactive|Time left: 300 sec this turn | 300 sec total | 5 sec grace\n|\n|t:|1783563990\n|switch|p1a: Bastiodon|Bastiodon, L89, M, tera:Fighting|137/252\n|-damage|p1a: Bastiodon|122/252|[from] Stealth Rock\n|turn|29\n|inactive|Time left: 300 sec this turn | 300 sec total\n|\n|t:|1783563991\n|move|p2a: Cramorant|Brave Bird|p1a: Bastiodon\n|-supereffective|p1a: Bastiodon\n|-damage|p1a: Bastiodon|24/252\n|-damage|p2a: Cramorant|88/100|[from] Recoil\n|move|p1a: Bastiodon|Rest|p1a: Bastiodon\n|-status|p1a: Bastiodon|slp|[from] move: Rest\n|-heal|p1a: Bastiodon|252/252 slp|[silent]\n|-enditem|p1a: Bastiodon|Chesto Berry|[eat]\n|-curestatus|p1a: Bastiodon|slp|[msg]\n|\n|-weather|SunnyDay|[upkeep]\n|upkeep\n|turn|30\n|inactive|Time left: 300 sec this turn | 300 sec total\n|\n|t:|1783563992\n|move|p2a: Cramorant|Brave Bird|p1a: Bastiodon\n|-supereffective|p1a: Bastiodon\n|-damage|p1a: Bastiodon|150/252\n|-damage|p2a: Cramorant|75/100|[from] Recoil\n|move|p1a: Bastiodon|Iron Defense|p1a: Bastiodon\n|-boost|p1a: Bastiodon|def|2\n|\n|-weather|none\n|upkeep\n|turn|31\n|inactive|Time left: 300 sec this turn | 300 sec total\n|\n|t:|1783563993\n|move|p2a: Cramorant|Surf|p1a: Bastiodon\n|-damage|p1a: Bastiodon|84/252\n|move|p1a: Bastiodon|Body Press|p2a: Cramorant\n|-resisted|p2a: Cramorant\n|-damage|p2a: Cramorant|4/100\n|-damage|p1a: Bastiodon|21/252|[from] ability: Gulp Missile|[of] p2a: Cramorant\n|-unboost|p1a: Bastiodon|def|1\n|-formechange|p2a: Cramorant|Cramorant|\n|\n|upkeep\n|turn|32\n|inactive|Time left: 300 sec this turn | 300 sec total\n|\n|t:|1783563994\n|move|p2a: Cramorant|Surf|p1a: Bastiodon\n|-formechange|p2a: Cramorant|Cramorant-Gorging|\n|-damage|p1a: Bastiodon|0 fnt\n|faint|p1a: Bastiodon\n|\n|upkeep\n|inactive|Time left: 300 sec this turn | 300 sec total | 5 sec grace\n|\n|t:|1783563995\n|switch|p1a: Groudon|Groudon, L72|60/263\n|-damage|p1a: Groudon|44/263|[from] Stealth Rock\n|-weather|SunnyDay|[from] ability: Drought|[of] p1a: Groudon\n|turn|33\n|inactive|Time left: 300 sec this turn | 300 sec total\n|\n|t:|1783563996\n|move|p2a: Cramorant|Surf|p1a: Groudon\n|-supereffective|p1a: Groudon\n|-damage|p1a: Groudon|0 fnt\n|faint|p1a: Groudon\n|\n|-weather|SunnyDay|[upkeep]\n|upkeep\n|inactive|Time left: 300 sec this turn | 300 sec total | 5 sec grace\n|\n|t:|1783563996\n|switch|p1a: Donphan|Donphan, L84, M|47/288\n|-damage|p1a: Donphan|29/288|[from] Stealth Rock\n|turn|34\n|inactive|Time left: 300 sec this turn | 300 sec total\n|\n|t:|1783563997\n|move|p2a: Cramorant|Defog|p1a: Donphan\n|-unboost|p1a: Donphan|evasion|1\n|-sideend|p1: p0x21395f63|Stealth Rock|[from] move: Defog|[of] p2a: Cramorant\n|move|p1a: Donphan|Knock Off|p2a: Cramorant\n|-damage|p2a: Cramorant|0 fnt\n|-damage|p1a: Donphan|0 fnt|[from] ability: Gulp Missile|[of] p2a: Cramorant\n|-formechange|p2a: Cramorant|Cramorant|\n|faint|p2a: Cramorant\n|faint|p1a: Donphan\n|\n|win|p0y2139724f", "uploadtime": 1783563997, "views": 0, "rating": 0, "private": 0, "password": null, "_winner": "p0y2139724f", "_our_name": "p0x21395f63"}