{"id": "battle-gen9randombattle-2658", "formatid": "gen9randombattle", "format": "[Gen 9] Random Battle", "players": ["p0x2658b4da", "p0y2658f587"], "log": "|init|battle\n|title|p0x2658b4da vs. p0y2658f587\n|j|\u2606p0x2658b4da\n|j|\u2606p0y2658f587\n|t:|1783569669\n|gametype|singles\n|player|p1|p0x2658b4da|266|\n|player|p2|p0y2658f587|266|\n|gen|9\n|tier|[Gen 9] Random Battle\n|rule|Species Clause: Limit one of each Pok\u00e9mon\n|rule|HP Percentage Mod: HP is shown in percentages\n|rule|Sleep Clause Mod: Limit one foe put to sleep\n|rule|Illusion Level Mod: Illusion disguises the Pok\u00e9mon's true level\n|\n|t:|1783569669\n|teamsize|p1|6\n|teamsize|p2|6\n|start\n|switch|p1a: Drednaw|Drednaw, L81, M|278/278\n|switch|p2a: Landorus|Landorus, L75, M|100/100\n|turn|1\n|inactive|Battle timer is ON: inactive players will automatically lose when time's up. (requested by p0x2658b4da)\n|inactive|p0y2658f587 also wants the timer to be on.\n|\n|t:|1783569670\n|-terastallize|p1a: Drednaw|Dark\n|move|p2a: Landorus|Earth Power|p1a: Drednaw\n|-damage|p1a: Drednaw|87/278\n|move|p1a: Drednaw|Shell Smash|p1a: Drednaw\n|-unboost|p1a: Drednaw|def|1\n|-unboost|p1a: Drednaw|spd|1\n|-boost|p1a: Drednaw|atk|2\n|-boost|p1a: Drednaw|spa|2\n|-boost|p1a: Drednaw|spe|2\n|-enditem|p1a: Drednaw|White Herb\n|-clearnegativeboost|p1a: Drednaw|[silent]\n|\n|upkeep\n|turn|2\n|inactive|Time left: 300 sec this turn | 300 sec total\n|\n|t:|1783569670\n|switch|p2a: Abomasnow|Abomasnow, L84, F|100/100\n|-weather|Snowscape|[from] ability: Snow Warning|[of] p2a: Abomasnow\n|move|p1a: Drednaw|Crunch|p2a: Abomasnow\n|-damage|p2a: Abomasnow|28/100\n|\n|-weather|Snowscape|[upkeep]\n|upkeep\n|turn|3\n|inactive|Time left: 300 sec this turn | 300 sec total\n|\n|t:|1783569671\n|move|p1a: Drednaw|Crunch|p2a: Abomasnow\n|-damage|p2a: Abomasnow|0 fnt\n|faint|p2a: Abomasnow\n|\n|-weather|Snowscape|[upkeep]\n|upkeep\n|\n|t:|1783569672\n|switch|p2a: Pecharunt|Pecharunt, L77|100/100\n|turn|4\n|inactive|Time left: 300 sec this turn | 300 sec total\n|\n|t:|1783569673\n|-terastallize|p2a: Pecharunt|Dark\n|move|p1a: Drednaw|Crunch|p2a: Pecharunt\n|-resisted|p2a: Pecharunt\n|-damage|p2a: Pecharunt|66/100\n|-unboost|p2a: Pecharunt|def|1\n|move|p2a: Pecharunt|Malignant Chain|p1a: Drednaw\n|-damage|p1a: Drednaw|0 fnt\n|faint|p1a: Drednaw\n|\n|-weather|Snowscape|[upkeep]\n|-heal|p2a: Pecharunt|72/100|[from] item: Leftovers\n|upkeep\n|inactive|Time left: 300 sec this turn | 300 sec total | 5 sec grace\n|\n|t:|1783569674\n|switch|p1a: Dragalge|Dragalge, L88, M|258/258\n|turn|5\n|inactive|Time left: 300 sec this turn | 300 sec total\n|\n|t:|1783569675\n|move|p2a: Pecharunt|Parting Shot|p1a: Dragalge\n|-unboost|p1a: Dragalge|atk|1\n|-unboost|p1a: Dragalge|spa|1\n|\n|t:|1783569676\n|switch|p2a: Araquanid|Araquanid, L82, F|100/100|[from] Parting Shot\n|move|p1a: Dragalge|Draco Meteor|p2a: Araquanid\n|-damage|p2a: Araquanid|34/100\n|-unboost|p1a: Dragalge|spa|2\n|\n|-weather|Snowscape|[upkeep]\n|upkeep\n|turn|6\n|inactive|Time left: 300 sec this turn | 300 sec total\n|\n|t:|1783569677\n|move|p1a: Dragalge|Draco Meteor|p2a: Araquanid\n|-damage|p2a: Araquanid|0 fnt\n|-unboost|p1a: Dragalge|spa|2\n|faint|p2a: Araquanid\n|\n|-weather|none\n|upkeep\n|\n|t:|1783569677\n|switch|p2a: Blastoise|Blastoise, L80, F|100/100\n|turn|7\n|inactive|Time left: 300 sec this turn | 300 sec total\n|\n|t:|1783569678\n|switch|p1a: Glalie|Glalie, L96, F|309/309\n|move|p2a: Blastoise|Shell Smash|p2a: Blastoise\n|-unboost|p2a: Blastoise|def|1\n|-unboost|p2a: Blastoise|spd|1\n|-boost|p2a: Blastoise|atk|2\n|-boost|p2a: Blastoise|spa|2\n|-boost|p2a: Blastoise|spe|2\n|-enditem|p2a: Blastoise|White Herb\n|-clearnegativeboost|p2a: Blastoise|[silent]\n|\n|upkeep\n|turn|8\n|inactive|Time left: 300 sec this turn | 300 sec total\n|\n|t:|1783569679\n|move|p2a: Blastoise|Hydro Pump|p1a: Glalie\n|-damage|p1a: Glalie|111/309\n|move|p1a: Glalie|Freeze-Dry|p2a: Blastoise\n|-supereffective|p2a: Blastoise\n|-damage|p2a: Blastoise|40/100\n|\n|upkeep\n|turn|9\n|inactive|Time left: 300 sec this turn | 300 sec total\n|\n|t:|1783569680\n|move|p2a: Blastoise|Hydro Pump|p1a: Glalie\n|-damage|p1a: Glalie|0 fnt\n|faint|p1a: Glalie\n|\n|upkeep\n|inactive|Time left: 300 sec this turn | 300 sec total | 5 sec grace\n|\n|t:|1783569681\n|switch|p1a: Dragalge|Dragalge, L88, M|258/258\n|turn|10\n|inactive|Time left: 300 sec this turn | 300 sec total\n|\n|t:|1783569682\n|move|p2a: Blastoise|Earthquake|p1a: Dragalge\n|-supereffective|p1a: Dragalge\n|-damage|p1a: Dragalge|30/258\n|move|p1a: Dragalge|Sludge Wave|p2a: Blastoise\n|-damage|p2a: Blastoise|0 fnt\n|faint|p2a: Blastoise\n|\n|upkeep\n|\n|t:|1783569683\n|switch|p2a: Pecharunt|Pecharunt, L77, tera:Dark|72/100\n|turn|11\n|inactive|Time left: 300 sec this turn | 300 sec total\n|\n|t:|1783569684\n|move|p2a: Pecharunt|Shadow Ball|p1a: Dragalge\n|-damage|p1a: Dragalge|0 fnt\n|faint|p1a: Dragalge\n|\n|-heal|p2a: Pecharunt|78/100|[from] item: Leftovers\n|upkeep\n|inactive|Time left: 300 sec this turn | 300 sec total | 5 sec grace\n|\n|t:|1783569685\n|switch|p1a: Iron Jugulis|Iron Jugulis, L77|271/271\n|turn|12\n|inactive|Time left: 300 sec this turn | 300 sec total\n|\n|t:|1783569686\n|move|p1a: Iron Jugulis|Meteor Beam||[still]\n|-prepare|p1a: Iron Jugulis|Meteor Beam\n|-boost|p1a: Iron Jugulis|spa|1\n|-enditem|p1a: Iron Jugulis|Power Herb\n|-anim|p1a: Iron Jugulis|Meteor Beam|p2a: Pecharunt\n|-damage|p2a: Pecharunt|27/100\n|move|p2a: Pecharunt|Malignant Chain|p1a: Iron Jugulis\n|-damage|p1a: Iron Jugulis|177/271\n|-status|p1a: Iron Jugulis|tox\n|-start|p1a: Iron Jugulis|confusion|[from] ability: Poison Puppeteer|[of] p2a: Pecharunt\n|\n|-heal|p2a: Pecharunt|33/100|[from] item: Leftovers\n|-damage|p1a: Iron Jugulis|161/271 tox|[from] psn\n|upkeep\n|turn|13\n|inactive|Time left: 300 sec this turn | 300 sec total\n|\n|t:|1783569687\n|-activate|p1a: Iron Jugulis|confusion\n|-damage|p1a: Iron Jugulis|141/271 tox|[from] confusion\n|move|p2a: Pecharunt|Recover|p2a: Pecharunt\n|-heal|p2a: Pecharunt|83/100\n|\n|-heal|p2a: Pecharunt|89/100|[from] item: Leftovers\n|-damage|p1a: Iron Jugulis|109/271 tox|[from] psn\n|upkeep\n|turn|14\n|inactive|Time left: 300 sec this turn | 300 sec total\n|\n|t:|1783569688\n|-activate|p1a: Iron Jugulis|confusion\n|move|p1a: Iron Jugulis|Hurricane|p2a: Pecharunt|[miss]\n|-miss|p1a: Iron Jugulis|p2a: Pecharunt\n|move|p2a: Pecharunt|Recover|p2a: Pecharunt\n|-heal|p2a: Pecharunt|100/100\n|\n|-damage|p1a: Iron Jugulis|61/271 tox|[from] psn\n|upkeep\n|turn|15\n|inactive|Time left: 300 sec this turn | 300 sec total\n|\n|t:|1783569689\n|-end|p1a: Iron Jugulis|confusion\n|move|p1a: Iron Jugulis|Hurricane|p2a: Pecharunt|[miss]\n|-miss|p1a: Iron Jugulis|p2a: Pecharunt\n|move|p2a: Pecharunt|Recover||[still]\n|-fail|p2a: Pecharunt|heal\n|\n|-damage|p1a: Iron Jugulis|0 fnt|[from] psn\n|faint|p1a: Iron Jugulis\n|-end|p1a: Iron Jugulis|Quark Drive|[silent]\n|upkeep\n|inactive|Time left: 300 sec this turn | 300 sec total | 5 sec grace\n|\n|t:|1783569690\n|switch|p1a: Moltres|Moltres, L81|278/278\n|turn|16\n|inactive|Time left: 300 sec this turn | 300 sec total\n|\n|t:|1783569691\n|move|p1a: Moltres|Fire Blast|p2a: Pecharunt\n|-damage|p2a: Pecharunt|47/100\n|move|p2a: Pecharunt|Parting Shot|p1a: Moltres\n|-unboost|p1a: Moltres|atk|1\n|-unboost|p1a: Moltres|spa|1\n|\n|t:|1783569692\n|switch|p2a: Landorus|Landorus, L75, M|100/100|[from] Parting Shot\n|\n|upkeep\n|turn|17\n|inactive|Time left: 300 sec this turn | 300 sec total\n|\n|t:|1783569693\n|switch|p1a: Haxorus|Haxorus, L77, M|244/244\n|-ability|p1a: Haxorus|Mold Breaker\n|move|p2a: Landorus|Rock Slide|p1a: Haxorus\n|-damage|p1a: Haxorus|141/244\n|\n|upkeep\n|turn|18\n|inactive|Time left: 300 sec this turn | 300 sec total\n|\n|t:|1783569694\n|switch|p1a: Moltres|Moltres, L81|278/278\n|move|p2a: Landorus|Earth Power|p1a: Moltres\n|-immune|p1a: Moltres\n|\n|upkeep\n|turn|19\n|inactive|Time left: 300 sec this turn | 300 sec total\n|\n|t:|1783569695\n|switch|p1a: Haxorus|Haxorus, L77, M|141/244\n|-ability|p1a: Haxorus|Mold Breaker\n|move|p2a: Landorus|Rock Slide|p1a: Haxorus\n|-damage|p1a: Haxorus|46/244\n|\n|upkeep\n|turn|20\n|inactive|Time left: 300 sec this turn | 300 sec total\n|\n|t:|1783569696\n|move|p2a: Landorus|Rock Slide|p1a: Haxorus\n|-damage|p1a: Haxorus|0 fnt\n|faint|p1a: Haxorus\n|\n|upkeep\n|inactive|Time left: 300 sec this turn | 300 sec total | 5 sec grace\n|\n|t:|1783569697\n|switch|p1a: Moltres|Moltres, L81|278/278\n|turn|21\n|inactive|Time left: 300 sec this turn | 300 sec total\n|\n|t:|1783569698\n|move|p2a: Landorus|Rock Slide|p1a: Moltres\n|-supereffective|p1a: Moltres\n|-damage|p1a: Moltres|0 fnt\n|faint|p1a: Moltres\n|\n|win|p0y2658f587", "uploadtime": 1783569698, "views": 0, "rating": 0, "private": 0, "password": null, "_winner": "p0y2658f587", "_our_name": "p0x2658b4da"}