{"id": "battle-gen9randombattle-2449", "formatid": "gen9randombattle", "format": "[Gen 9] Random Battle", "players": ["p0x2449a7cf", "p0y24492885"], "log": "|init|battle\n|title|p0x2449a7cf vs. p0y24492885\n|j|\u2606p0x2449a7cf\n|j|\u2606p0y24492885\n|t:|1783567410\n|gametype|singles\n|player|p1|p0x2449a7cf|170|\n|player|p2|p0y24492885|265|\n|gen|9\n|tier|[Gen 9] Random Battle\n|rule|Species Clause: Limit one of each Pok\u00e9mon\n|rule|HP Percentage Mod: HP is shown in percentages\n|rule|Sleep Clause Mod: Limit one foe put to sleep\n|rule|Illusion Level Mod: Illusion disguises the Pok\u00e9mon's true level\n|\n|t:|1783567410\n|teamsize|p1|6\n|teamsize|p2|6\n|start\n|switch|p1a: Rayquaza|Rayquaza, L72|270/270\n|switch|p2a: Heatran|Heatran, L79, F|100/100\n|-ability|p1a: Rayquaza|Air Lock\n|-item|p2a: Heatran|Air Balloon\n|turn|1\n|inactive|Battle timer is ON: inactive players will automatically lose when time's up. (requested by p0x2449a7cf)\n|inactive|p0y24492885 also wants the timer to be on.\n|\n|t:|1783567412\n|move|p1a: Rayquaza|Swords Dance|p1a: Rayquaza\n|-boost|p1a: Rayquaza|atk|2\n|move|p2a: Heatran|Lava Plume|p1a: Rayquaza\n|-resisted|p1a: Rayquaza\n|-damage|p1a: Rayquaza|212/270\n|-status|p1a: Rayquaza|brn\n|\n|-damage|p1a: Rayquaza|196/270 brn|[from] brn\n|upkeep\n|turn|2\n|inactive|Time left: 300 sec this turn | 300 sec total\n|\n|t:|1783567413\n|move|p1a: Rayquaza|Extreme Speed|p2a: Heatran\n|-resisted|p2a: Heatran\n|-damage|p2a: Heatran|91/100\n|-enditem|p2a: Heatran|Air Balloon\n|move|p2a: Heatran|Stealth Rock|p1a: Rayquaza\n|-sidestart|p1: p0x2449a7cf|move: Stealth Rock\n|\n|-damage|p1a: Rayquaza|180/270 brn|[from] brn\n|upkeep\n|turn|3\n|inactive|Time left: 300 sec this turn | 300 sec total\n|\n|t:|1783567414\n|switch|p2a: Furret|Furret, L94, F|100/100\n|-item|p1a: Rayquaza|Heavy-Duty Boots|[from] ability: Frisk|[of] p2a: Furret\n|move|p1a: Rayquaza|Earthquake|p2a: Furret\n|-damage|p2a: Furret|75/100\n|\n|-damage|p1a: Rayquaza|164/270 brn|[from] brn\n|upkeep\n|turn|4\n|inactive|Time left: 300 sec this turn | 300 sec total\n|\n|t:|1783567415\n|move|p2a: Furret|Double-Edge|p1a: Rayquaza\n|-damage|p1a: Rayquaza|0 fnt\n|faint|p1a: Rayquaza\n|-damage|p2a: Furret|58/100|[from] Recoil\n|-damage|p2a: Furret|48/100|[from] item: Life Orb\n|\n|upkeep\n|inactive|Time left: 300 sec this turn | 300 sec total | 5 sec grace\n|\n|t:|1783567416\n|switch|p1a: Copperajah|Copperajah, L86, M|350/350\n|-damage|p1a: Copperajah|329/350|[from] Stealth Rock\n|turn|5\n|inactive|Time left: 300 sec this turn | 300 sec total\n|\n|t:|1783567417\n|switch|p2a: Groudon|Groudon, L72|100/100\n|-weather|SunnyDay|[from] ability: Drought|[of] p2a: Groudon\n|move|p1a: Copperajah|Iron Head|p2a: Groudon\n|-crit|p2a: Groudon\n|-damage|p2a: Groudon|10/100\n|\n|-weather|SunnyDay|[upkeep]\n|-heal|p2a: Groudon|16/100|[from] item: Leftovers\n|upkeep\n|turn|6\n|inactive|Time left: 300 sec this turn | 300 sec total\n|\n|t:|1783567418\n|move|p2a: Groudon|Precipice Blades|p1a: Copperajah\n|-supereffective|p1a: Copperajah\n|-damage|p1a: Copperajah|35/350\n|move|p1a: Copperajah|Rock Slide|p2a: Groudon\n|-resisted|p2a: Groudon\n|-damage|p2a: Groudon|0 fnt\n|faint|p2a: Groudon\n|\n|-weather|SunnyDay|[upkeep]\n|upkeep\n|\n|t:|1783567419\n|switch|p2a: Meganium|Meganium, L90, M|100/100\n|turn|7\n|inactive|Time left: 300 sec this turn | 300 sec total\n|\n|t:|1783567420\n|switch|p1a: Farigiraf|Farigiraf, L90, F|362/362\n|-damage|p1a: Farigiraf|317/362|[from] Stealth Rock\n|move|p2a: Meganium|Swords Dance|p2a: Meganium\n|-boost|p2a: Meganium|atk|2\n|\n|-weather|SunnyDay|[upkeep]\n|-heal|p1a: Farigiraf|339/362|[from] item: Leftovers\n|upkeep\n|turn|8\n|inactive|Time left: 300 sec this turn | 300 sec total\n|\n|t:|1783567421\n|move|p1a: Farigiraf|Protect|p1a: Farigiraf\n|-singleturn|p1a: Farigiraf|Protect\n|move|p2a: Meganium|Knock Off|p1a: Farigiraf\n|-activate|p1a: Farigiraf|move: Protect\n|\n|-weather|SunnyDay|[upkeep]\n|-heal|p1a: Farigiraf|361/362|[from] item: Leftovers\n|upkeep\n|turn|9\n|inactive|Time left: 300 sec this turn | 300 sec total\n|\n|t:|1783567422\n|move|p2a: Meganium|Knock Off|p1a: Farigiraf\n|-supereffective|p1a: Farigiraf\n|-damage|p1a: Farigiraf|39/362\n|-enditem|p1a: Farigiraf|Leftovers|[from] move: Knock Off|[of] p2a: Meganium\n|move|p1a: Farigiraf|Wish|p1a: Farigiraf\n|\n|-weather|none\n|upkeep\n|turn|10\n|inactive|Time left: 300 sec this turn | 300 sec total\n|\n|t:|1783567424\n|move|p1a: Farigiraf|Protect|p1a: Farigiraf\n|-singleturn|p1a: Farigiraf|Protect\n|move|p2a: Meganium|Swords Dance|p2a: Meganium\n|-boost|p2a: Meganium|atk|2\n|\n|-heal|p1a: Farigiraf|220/362|[from] move: Wish|[wisher] Farigiraf\n|upkeep\n|turn|11\n|inactive|Time left: 300 sec this turn | 300 sec total\n|\n|t:|1783567425\n|switch|p1a: Copperajah|Copperajah, L86, M|35/350\n|-damage|p1a: Copperajah|14/350|[from] Stealth Rock\n|move|p2a: Meganium|Earthquake|p1a: Copperajah\n|-supereffective|p1a: Copperajah\n|-damage|p1a: Copperajah|0 fnt\n|faint|p1a: Copperajah\n|\n|upkeep\n|inactive|Time left: 300 sec this turn | 300 sec total | 5 sec grace\n|\n|t:|1783567426\n|switch|p1a: Staraptor|Staraptor, L79, F|263/263\n|-damage|p1a: Staraptor|198/263|[from] Stealth Rock\n|turn|12\n|inactive|Time left: 300 sec this turn | 300 sec total\n|\n|t:|1783567427\n|-terastallize|p2a: Meganium|Steel\n|move|p1a: Staraptor|Brave Bird|p2a: Meganium\n|-resisted|p2a: Meganium\n|-damage|p2a: Meganium|67/100\n|-damage|p1a: Staraptor|166/263|[from] Recoil\n|move|p2a: Meganium|Knock Off|p1a: Staraptor\n|-damage|p1a: Staraptor|0 fnt\n|-enditem|p1a: Staraptor|Choice Band|[from] move: Knock Off|[of] p2a: Meganium\n|faint|p1a: Staraptor\n|\n|-heal|p2a: Meganium|74/100|[from] item: Leftovers\n|upkeep\n|inactive|Time left: 300 sec this turn | 300 sec total | 5 sec grace\n|\n|t:|1783567428\n|switch|p1a: Spiritomb|Spiritomb, L89, M|234/234\n|-damage|p1a: Spiritomb|205/234|[from] Stealth Rock\n|turn|13\n|inactive|Time left: 300 sec this turn | 300 sec total\n|\n|t:|1783567429\n|-terastallize|p1a: Spiritomb|Steel\n|move|p2a: Meganium|Petal Blizzard|p1a: Spiritomb\n|-resisted|p1a: Spiritomb\n|-damage|p1a: Spiritomb|82/234\n|move|p1a: Spiritomb|Foul Play|p2a: Meganium\n|-damage|p2a: Meganium|0 fnt\n|faint|p2a: Meganium\n|\n|-heal|p1a: Spiritomb|96/234|[from] item: Leftovers\n|upkeep\n|\n|t:|1783567430\n|switch|p2a: Heatran|Heatran, L79, F|91/100\n|turn|14\n|inactive|Time left: 300 sec this turn | 300 sec total\n|\n|t:|1783567431\n|switch|p1a: Garganacl|Garganacl, L80, M|291/291\n|-damage|p1a: Garganacl|255/291|[from] Stealth Rock\n|move|p2a: Heatran|Earth Power|p1a: Garganacl\n|-supereffective|p1a: Garganacl\n|-damage|p1a: Garganacl|119/291\n|\n|-heal|p1a: Garganacl|137/291|[from] item: Leftovers\n|upkeep\n|turn|15\n|inactive|Time left: 300 sec this turn | 300 sec total\n|\n|t:|1783567432\n|move|p1a: Garganacl|Protect|p1a: Garganacl\n|-singleturn|p1a: Garganacl|Protect\n|move|p2a: Heatran|Earth Power|p1a: Garganacl\n|-activate|p1a: Garganacl|move: Protect\n|\n|-heal|p1a: Garganacl|155/291|[from] item: Leftovers\n|upkeep\n|turn|16\n|inactive|Time left: 300 sec this turn | 300 sec total\n|\n|t:|1783567433\n|move|p2a: Heatran|Earth Power|p1a: Garganacl\n|-supereffective|p1a: Garganacl\n|-damage|p1a: Garganacl|15/291\n|move|p1a: Garganacl|Earthquake|p2a: Heatran\n|-supereffective|p2a: Heatran\n|-damage|p2a: Heatran|0 fnt\n|faint|p2a: Heatran\n|\n|-heal|p1a: Garganacl|33/291|[from] item: Leftovers\n|upkeep\n|\n|t:|1783567434\n|switch|p2a: Scizor|Scizor, L79, F|100/100\n|turn|17\n|inactive|Time left: 300 sec this turn | 300 sec total\n|\n|t:|1783567435\n|move|p1a: Garganacl|Protect|p1a: Garganacl\n|-singleturn|p1a: Garganacl|Protect\n|move|p2a: Scizor|Knock Off|p1a: Garganacl\n|-activate|p1a: Garganacl|move: Protect\n|\n|-heal|p1a: Garganacl|51/291|[from] item: Leftovers\n|upkeep\n|turn|18\n|inactive|Time left: 300 sec this turn | 300 sec total\n|\n|t:|1783567436\n|move|p1a: Garganacl|Protect|p1a: Garganacl\n|-singleturn|p1a: Garganacl|Protect\n|move|p2a: Scizor|Knock Off|p1a: Garganacl\n|-activate|p1a: Garganacl|move: Protect\n|\n|-heal|p1a: Garganacl|69/291|[from] item: Leftovers\n|upkeep\n|turn|19\n|inactive|Time left: 300 sec this turn | 300 sec total\n|\n|t:|1783567437\n|move|p2a: Scizor|Knock Off|p1a: Garganacl\n|-damage|p1a: Garganacl|0 fnt\n|-enditem|p1a: Garganacl|Leftovers|[from] move: Knock Off|[of] p2a: Scizor\n|faint|p1a: Garganacl\n|\n|upkeep\n|inactive|Time left: 300 sec this turn | 300 sec total | 5 sec grace\n|\n|t:|1783567438\n|switch|p1a: Farigiraf|Farigiraf, L90, F|220/362\n|-damage|p1a: Farigiraf|175/362|[from] Stealth Rock\n|turn|20\n|inactive|Time left: 300 sec this turn | 300 sec total\n|\n|t:|1783567439\n|move|p1a: Farigiraf|Wish|p1a: Farigiraf\n|move|p2a: Scizor|Knock Off|p1a: Farigiraf\n|-supereffective|p1a: Farigiraf\n|-damage|p1a: Farigiraf|13/362\n|\n|upkeep\n|turn|21\n|inactive|Time left: 300 sec this turn | 300 sec total\n|\n|t:|1783567440\n|move|p1a: Farigiraf|Protect|p1a: Farigiraf\n|-singleturn|p1a: Farigiraf|Protect\n|move|p2a: Scizor|Knock Off|p1a: Farigiraf\n|-activate|p1a: Farigiraf|move: Protect\n|\n|-heal|p1a: Farigiraf|194/362|[from] move: Wish|[wisher] Farigiraf\n|upkeep\n|turn|22\n|inactive|Time left: 300 sec this turn | 300 sec total\n|\n|t:|1783567441\n|move|p1a: Farigiraf|Wish|p1a: Farigiraf\n|move|p2a: Scizor|Knock Off|p1a: Farigiraf\n|-supereffective|p1a: Farigiraf\n|-damage|p1a: Farigiraf|20/362\n|\n|upkeep\n|turn|23\n|inactive|Time left: 300 sec this turn | 300 sec total\n|\n|t:|1783567442\n|move|p1a: Farigiraf|Protect|p1a: Farigiraf\n|-singleturn|p1a: Farigiraf|Protect\n|move|p2a: Scizor|Knock Off|p1a: Farigiraf\n|-activate|p1a: Farigiraf|move: Protect\n|\n|-heal|p1a: Farigiraf|201/362|[from] move: Wish|[wisher] Farigiraf\n|upkeep\n|turn|24\n|inactive|Time left: 300 sec this turn | 300 sec total\n|\n|t:|1783567443\n|move|p1a: Farigiraf|Wish|p1a: Farigiraf\n|move|p2a: Scizor|Knock Off|p1a: Farigiraf\n|-supereffective|p1a: Farigiraf\n|-damage|p1a: Farigiraf|43/362\n|\n|upkeep\n|turn|25\n|inactive|Time left: 300 sec this turn | 300 sec total\n|\n|t:|1783567444\n|move|p1a: Farigiraf|Protect|p1a: Farigiraf\n|-singleturn|p1a: Farigiraf|Protect\n|move|p2a: Scizor|Knock Off|p1a: Farigiraf\n|-activate|p1a: Farigiraf|move: Protect\n|\n|-heal|p1a: Farigiraf|224/362|[from] move: Wish|[wisher] Farigiraf\n|upkeep\n|turn|26\n|inactive|Time left: 300 sec this turn | 300 sec total\n|\n|t:|1783567444\n|move|p1a: Farigiraf|Wish|p1a: Farigiraf\n|move|p2a: Scizor|Knock Off|p1a: Farigiraf\n|-supereffective|p1a: Farigiraf\n|-damage|p1a: Farigiraf|52/362\n|\n|upkeep\n|turn|27\n|inactive|Time left: 300 sec this turn | 300 sec total\n|\n|t:|1783567445\n|move|p1a: Farigiraf|Protect|p1a: Farigiraf\n|-singleturn|p1a: Farigiraf|Protect\n|move|p2a: Scizor|Knock Off|p1a: Farigiraf\n|-activate|p1a: Farigiraf|move: Protect\n|\n|-heal|p1a: Farigiraf|233/362|[from] move: Wish|[wisher] Farigiraf\n|upkeep\n|turn|28\n|inactive|Time left: 300 sec this turn | 300 sec total\n|\n|t:|1783567446\n|move|p1a: Farigiraf|Wish|p1a: Farigiraf\n|move|p2a: Scizor|Knock Off|p1a: Farigiraf\n|-supereffective|p1a: Farigiraf\n|-damage|p1a: Farigiraf|63/362\n|\n|upkeep\n|turn|29\n|inactive|Time left: 300 sec this turn | 300 sec total\n|\n|t:|1783567447\n|move|p1a: Farigiraf|Protect|p1a: Farigiraf\n|-singleturn|p1a: Farigiraf|Protect\n|move|p2a: Scizor|Knock Off|p1a: Farigiraf\n|-activate|p1a: Farigiraf|move: Protect\n|\n|-heal|p1a: Farigiraf|244/362|[from] move: Wish|[wisher] Farigiraf\n|upkeep\n|turn|30\n|inactive|Time left: 300 sec this turn | 300 sec total\n|\n|t:|1783567448\n|move|p1a: Farigiraf|Wish|p1a: Farigiraf\n|move|p2a: Scizor|Knock Off|p1a: Farigiraf\n|-supereffective|p1a: Farigiraf\n|-crit|p1a: Farigiraf\n|-damage|p1a: Farigiraf|4/362\n|\n|upkeep\n|turn|31\n|inactive|Time left: 300 sec this turn | 300 sec total\n|\n|t:|1783567449\n|move|p1a: Farigiraf|Protect|p1a: Farigiraf\n|-singleturn|p1a: Farigiraf|Protect\n|move|p2a: Scizor|Knock Off|p1a: Farigiraf\n|-activate|p1a: Farigiraf|move: Protect\n|\n|-heal|p1a: Farigiraf|185/362|[from] move: Wish|[wisher] Farigiraf\n|upkeep\n|turn|32\n|inactive|Time left: 300 sec this turn | 300 sec total\n|\n|t:|1783567450\n|move|p1a: Farigiraf|Wish|p1a: Farigiraf\n|move|p2a: Scizor|Knock Off|p1a: Farigiraf\n|-supereffective|p1a: Farigiraf\n|-damage|p1a: Farigiraf|13/362\n|\n|upkeep\n|turn|33\n|inactive|Time left: 300 sec this turn | 300 sec total\n|\n|t:|1783567451\n|move|p1a: Farigiraf|Protect|p1a: Farigiraf\n|-singleturn|p1a: Farigiraf|Protect\n|move|p2a: Scizor|Knock Off|p1a: Farigiraf\n|-activate|p1a: Farigiraf|move: Protect\n|\n|-heal|p1a: Farigiraf|194/362|[from] move: Wish|[wisher] Farigiraf\n|upkeep\n|turn|34\n|inactive|Time left: 300 sec this turn | 300 sec total\n|\n|t:|1783567452\n|move|p1a: Farigiraf|Wish|p1a: Farigiraf\n|move|p2a: Scizor|Knock Off|p1a: Farigiraf\n|-supereffective|p1a: Farigiraf\n|-damage|p1a: Farigiraf|16/362\n|\n|upkeep\n|turn|35\n|inactive|Time left: 300 sec this turn | 300 sec total\n|\n|t:|1783567453\n|move|p1a: Farigiraf|Protect|p1a: Farigiraf\n|-singleturn|p1a: Farigiraf|Protect\n|move|p2a: Scizor|Knock Off|p1a: Farigiraf\n|-activate|p1a: Farigiraf|move: Protect\n|\n|-heal|p1a: Farigiraf|197/362|[from] move: Wish|[wisher] Farigiraf\n|upkeep\n|turn|36\n|inactive|Time left: 300 sec this turn | 300 sec total\n|\n|t:|1783567454\n|move|p1a: Farigiraf|Wish|p1a: Farigiraf\n|move|p2a: Scizor|Knock Off|p1a: Farigiraf\n|-supereffective|p1a: Farigiraf\n|-damage|p1a: Farigiraf|25/362\n|\n|upkeep\n|turn|37\n|inactive|Time left: 300 sec this turn | 300 sec total\n|\n|t:|1783567455\n|move|p1a: Farigiraf|Protect|p1a: Farigiraf\n|-singleturn|p1a: Farigiraf|Protect\n|move|p2a: Scizor|Knock Off|p1a: Farigiraf\n|-activate|p1a: Farigiraf|move: Protect\n|\n|-heal|p1a: Farigiraf|206/362|[from] move: Wish|[wisher] Farigiraf\n|upkeep\n|turn|38\n|inactive|Time left: 300 sec this turn | 300 sec total\n|\n|t:|1783567455\n|move|p1a: Farigiraf|Wish|p1a: Farigiraf\n|move|p2a: Scizor|Knock Off|p1a: Farigiraf\n|-supereffective|p1a: Farigiraf\n|-damage|p1a: Farigiraf|30/362\n|\n|upkeep\n|turn|39\n|inactive|Time left: 300 sec this turn | 300 sec total\n|\n|t:|1783567456\n|move|p1a: Farigiraf|Protect|p1a: Farigiraf\n|-singleturn|p1a: Farigiraf|Protect\n|move|p2a: Scizor|Knock Off|p1a: Farigiraf\n|-activate|p1a: Farigiraf|move: Protect\n|\n|-heal|p1a: Farigiraf|211/362|[from] move: Wish|[wisher] Farigiraf\n|upkeep\n|turn|40\n|inactive|Time left: 300 sec this turn | 300 sec total\n|\n|t:|1783567457\n|move|p1a: Farigiraf|Wish|p1a: Farigiraf\n|move|p2a: Scizor|Knock Off|p1a: Farigiraf\n|-supereffective|p1a: Farigiraf\n|-damage|p1a: Farigiraf|49/362\n|\n|upkeep\n|turn|41\n|inactive|Time left: 300 sec this turn | 300 sec total\n|\n|t:|1783567458\n|move|p1a: Farigiraf|Protect|p1a: Farigiraf\n|-singleturn|p1a: Farigiraf|Protect\n|move|p2a: Scizor|Knock Off|p1a: Farigiraf\n|-activate|p1a: Farigiraf|move: Protect\n|\n|-heal|p1a: Farigiraf|230/362|[from] move: Wish|[wisher] Farigiraf\n|upkeep\n|turn|42\n|inactive|Time left: 300 sec this turn | 300 sec total\n|\n|t:|1783567459\n|move|p1a: Farigiraf|Wish|p1a: Farigiraf\n|move|p2a: Scizor|Knock Off|p1a: Farigiraf\n|-supereffective|p1a: Farigiraf\n|-damage|p1a: Farigiraf|70/362\n|\n|upkeep\n|turn|43\n|inactive|Time left: 300 sec this turn | 300 sec total\n|\n|t:|1783567460\n|move|p1a: Farigiraf|Protect|p1a: Farigiraf\n|-singleturn|p1a: Farigiraf|Protect\n|move|p2a: Scizor|Knock Off|p1a: Farigiraf\n|-activate|p1a: Farigiraf|move: Protect\n|\n|-heal|p1a: Farigiraf|251/362|[from] move: Wish|[wisher] Farigiraf\n|upkeep\n|turn|44\n|inactive|Time left: 300 sec this turn | 300 sec total\n|\n|t:|1783567461\n|move|p1a: Farigiraf|Wish|p1a: Farigiraf\n|move|p2a: Scizor|Knock Off|p1a: Farigiraf\n|-supereffective|p1a: Farigiraf\n|-damage|p1a: Farigiraf|85/362\n|\n|upkeep\n|turn|45\n|inactive|Time left: 300 sec this turn | 300 sec total\n|\n|t:|1783567462\n|move|p1a: Farigiraf|Protect|p1a: Farigiraf\n|-singleturn|p1a: Farigiraf|Protect\n|move|p2a: Scizor|Knock Off|p1a: Farigiraf\n|-activate|p1a: Farigiraf|move: Protect\n|\n|-heal|p1a: Farigiraf|266/362|[from] move: Wish|[wisher] Farigiraf\n|upkeep\n|turn|46\n|inactive|Time left: 300 sec this turn | 300 sec total\n|\n|t:|1783567463\n|move|p1a: Farigiraf|Wish|p1a: Farigiraf\n|move|p2a: Scizor|Knock Off|p1a: Farigiraf\n|-supereffective|p1a: Farigiraf\n|-damage|p1a: Farigiraf|84/362\n|\n|upkeep\n|turn|47\n|inactive|Time left: 300 sec this turn | 300 sec total\n|\n|t:|1783567464\n|move|p1a: Farigiraf|Protect|p1a: Farigiraf\n|-singleturn|p1a: Farigiraf|Protect\n|move|p2a: Scizor|Knock Off|p1a: Farigiraf\n|-activate|p1a: Farigiraf|move: Protect\n|\n|-heal|p1a: Farigiraf|265/362|[from] move: Wish|[wisher] Farigiraf\n|upkeep\n|turn|48\n|inactive|Time left: 300 sec this turn | 300 sec total\n|\n|t:|1783567465\n|move|p1a: Farigiraf|Wish|p1a: Farigiraf\n|move|p2a: Scizor|Knock Off|p1a: Farigiraf\n|-supereffective|p1a: Farigiraf\n|-damage|p1a: Farigiraf|79/362\n|\n|upkeep\n|turn|49\n|inactive|Time left: 300 sec this turn | 300 sec total\n|\n|t:|1783567466\n|switch|p1a: Spiritomb|Spiritomb, L89, M, tera:Steel|96/234\n|-damage|p1a: Spiritomb|82/234|[from] Stealth Rock\n|-activate|p2a: Scizor|move: Struggle\n|move|p2a: Scizor|Struggle|p1a: Spiritomb\n|-damage|p1a: Spiritomb|12/234\n|-damage|p2a: Scizor|75/100|[from] recoil\n|\n|-heal|p1a: Spiritomb|193/234|[from] move: Wish|[wisher] Farigiraf\n|-heal|p1a: Spiritomb|207/234|[from] item: Leftovers\n|upkeep\n|turn|50\n|inactive|Time left: 300 sec this turn | 300 sec total\n|\n|t:|1783567467\n|switch|p2a: Furret|Furret, L94, F|48/100\n|-item|p1a: Spiritomb|Leftovers|[from] ability: Frisk|[of] p2a: Furret\n|move|p1a: Spiritomb|Toxic|p2a: Furret\n|-status|p2a: Furret|tox\n|\n|-heal|p1a: Spiritomb|221/234|[from] item: Leftovers\n|-damage|p2a: Furret|42/100 tox|[from] psn\n|upkeep\n|turn|51\n|inactive|Time left: 300 sec this turn | 300 sec total\n|\n|t:|1783567469\n|move|p2a: Furret|Brick Break|p1a: Spiritomb\n|-supereffective|p1a: Spiritomb\n|-damage|p1a: Spiritomb|96/234\n|-damage|p2a: Furret|32/100 tox|[from] item: Life Orb\n|move|p1a: Spiritomb|Toxic|p2a: Furret\n|-fail|p2a: Furret|tox\n|\n|-heal|p1a: Spiritomb|110/234|[from] item: Leftovers\n|-damage|p2a: Furret|20/100 tox|[from] psn\n|upkeep\n|turn|52\n|inactive|Time left: 300 sec this turn | 300 sec total\n|\n|t:|1783567470\n|switch|p1a: Farigiraf|Farigiraf, L90, F|79/362\n|-damage|p1a: Farigiraf|34/362|[from] Stealth Rock\n|move|p2a: Furret|Brick Break|p1a: Farigiraf\n|-damage|p1a: Farigiraf|0 fnt\n|faint|p1a: Farigiraf\n|-damage|p2a: Furret|10/100 tox|[from] item: Life Orb\n|\n|-damage|p2a: Furret|0 fnt|[from] psn\n|faint|p2a: Furret\n|upkeep\n|inactive|Time left: 300 sec this turn | 300 sec total | 5 sec grace\n|\n|t:|1783567471\n|switch|p2a: Scizor|Scizor, L79, F|75/100\n|switch|p1a: Spiritomb|Spiritomb, L89, M, tera:Steel|110/234\n|-damage|p1a: Spiritomb|96/234|[from] Stealth Rock\n|turn|53\n|inactive|Time left: 300 sec this turn | 300 sec total\n|\n|t:|1783567471\n|move|p2a: Scizor|Close Combat|p1a: Spiritomb\n|-supereffective|p1a: Spiritomb\n|-damage|p1a: Spiritomb|0 fnt\n|-unboost|p2a: Scizor|def|1\n|-unboost|p2a: Scizor|spd|1\n|faint|p1a: Spiritomb\n|\n|win|p0y24492885", "uploadtime": 1783567471, "views": 0, "rating": 0, "private": 0, "password": null, "_winner": "p0y24492885", "_our_name": "p0x2449a7cf"}