{"id": "battle-gen9randombattle-2616", "formatid": "gen9randombattle", "format": "[Gen 9] Random Battle", "players": ["p0x261647ee", "p0y26162e9c"], "log": "|init|battle\n|title|p0x261647ee vs. p0y26162e9c\n|j|\u2606p0x261647ee\n|j|\u2606p0y26162e9c\n|t:|1783570199\n|gametype|singles\n|player|p1|p0x261647ee|1|\n|player|p2|p0y26162e9c|170|\n|gen|9\n|tier|[Gen 9] Random Battle\n|rule|Species Clause: Limit one of each Pok\u00e9mon\n|rule|HP Percentage Mod: HP is shown in percentages\n|rule|Sleep Clause Mod: Limit one foe put to sleep\n|rule|Illusion Level Mod: Illusion disguises the Pok\u00e9mon's true level\n|\n|t:|1783570199\n|teamsize|p1|6\n|teamsize|p2|6\n|start\n|switch|p1a: Zebstrika|Zebstrika, L87, F|272/272\n|switch|p2a: Kricketune|Kricketune, L99, M|100/100\n|turn|1\n|inactive|Battle timer is ON: inactive players will automatically lose when time's up. (requested by p0x261647ee)\n|inactive|p0y26162e9c also wants the timer to be on.\n|\n|t:|1783570201\n|move|p1a: Zebstrika|Supercell Slam|p2a: Kricketune\n|-damage|p2a: Kricketune|38/100\n|-damage|p1a: Zebstrika|245/272|[from] item: Life Orb\n|move|p2a: Kricketune|Sticky Web|p1a: Zebstrika\n|-sidestart|p1: p0x261647ee|move: Sticky Web\n|\n|upkeep\n|turn|2\n|inactive|Time left: 300 sec this turn | 300 sec total\n|\n|t:|1783570202\n|switch|p2a: Iron Hands|Iron Hands, L79|100/100\n|move|p1a: Zebstrika|Supercell Slam|p2a: Iron Hands\n|-resisted|p2a: Iron Hands\n|-damage|p2a: Iron Hands|82/100\n|-damage|p1a: Zebstrika|218/272|[from] item: Life Orb\n|\n|upkeep\n|turn|3\n|inactive|Time left: 300 sec this turn | 300 sec total\n|\n|t:|1783570203\n|move|p1a: Zebstrika|High Horsepower|p2a: Iron Hands\n|-supereffective|p2a: Iron Hands\n|-damage|p2a: Iron Hands|36/100\n|-damage|p1a: Zebstrika|191/272|[from] item: Life Orb\n|move|p2a: Iron Hands|Drain Punch|p1a: Zebstrika\n|-damage|p1a: Zebstrika|65/272\n|-heal|p2a: Iron Hands|53/100|[from] drain|[of] p1a: Zebstrika\n|\n|upkeep\n|turn|4\n|inactive|Time left: 300 sec this turn | 300 sec total\n|\n|t:|1783570204\n|-terastallize|p1a: Zebstrika|Ground\n|move|p1a: Zebstrika|High Horsepower|p2a: Iron Hands\n|-supereffective|p2a: Iron Hands\n|-damage|p2a: Iron Hands|0 fnt\n|faint|p2a: Iron Hands\n|-end|p2a: Iron Hands|Quark Drive|[silent]\n|-damage|p1a: Zebstrika|38/272|[from] item: Life Orb\n|\n|upkeep\n|\n|t:|1783570205\n|switch|p2a: Volbeat|Volbeat, L90, M|100/100\n|turn|5\n|inactive|Time left: 300 sec this turn | 300 sec total\n|\n|t:|1783570206\n|move|p1a: Zebstrika|Supercell Slam|p2a: Volbeat\n|-damage|p2a: Volbeat|40/100\n|-damage|p1a: Zebstrika|11/272|[from] item: Life Orb\n|move|p2a: Volbeat|Lunge|p1a: Zebstrika\n|-damage|p1a: Zebstrika|0 fnt\n|faint|p1a: Zebstrika\n|\n|upkeep\n|inactive|Time left: 300 sec this turn | 300 sec total | 5 sec grace\n|\n|t:|1783570207\n|switch|p1a: Tsareena|Tsareena, L87, F|267/267\n|-activate|p1a: Tsareena|move: Sticky Web\n|-unboost|p1a: Tsareena|spe|1\n|turn|6\n|inactive|Time left: 300 sec this turn | 300 sec total\n|\n|t:|1783570208\n|move|p2a: Volbeat|Lunge|p1a: Tsareena\n|-supereffective|p1a: Tsareena\n|-damage|p1a: Tsareena|121/267\n|-unboost|p1a: Tsareena|atk|1\n|move|p1a: Tsareena|Rapid Spin|p2a: Volbeat\n|-damage|p2a: Volbeat|27/100\n|-boost|p1a: Tsareena|spe|1\n|-sideend|p1: p0x261647ee|Sticky Web|[from] move: Rapid Spin|[of] p1a: Tsareena\n|\n|upkeep\n|turn|7\n|inactive|Time left: 300 sec this turn | 300 sec total\n|\n|t:|1783570209\n|switch|p1a: Bronzong|Bronzong, L88|261/261\n|move|p2a: Volbeat|Lunge|p1a: Bronzong\n|-damage|p1a: Bronzong|194/261\n|-unboost|p1a: Bronzong|atk|1\n|\n|-heal|p1a: Bronzong|210/261|[from] item: Leftovers\n|upkeep\n|turn|8\n|inactive|Time left: 300 sec this turn | 300 sec total\n|\n|t:|1783570210\n|move|p2a: Volbeat|Roost|p2a: Volbeat\n|-heal|p2a: Volbeat|78/100\n|-singleturn|p2a: Volbeat|move: Roost\n|move|p1a: Bronzong|Psychic|p2a: Volbeat\n|-damage|p2a: Volbeat|47/100\n|\n|-heal|p1a: Bronzong|226/261|[from] item: Leftovers\n|upkeep\n|turn|9\n|inactive|Time left: 300 sec this turn | 300 sec total\n|\n|t:|1783570211\n|move|p2a: Volbeat|Roost|p2a: Volbeat\n|-heal|p2a: Volbeat|97/100\n|-singleturn|p2a: Volbeat|move: Roost\n|move|p1a: Bronzong|Stealth Rock|p2a: Volbeat\n|-sidestart|p2: p0y26162e9c|move: Stealth Rock\n|\n|-heal|p1a: Bronzong|242/261|[from] item: Leftovers\n|upkeep\n|turn|10\n|inactive|Time left: 300 sec this turn | 300 sec total\n|\n|t:|1783570212\n|switch|p1a: Articuno|Articuno, L86|295/295\n|-ability|p1a: Articuno|Pressure\n|move|p2a: Volbeat|Lunge|p1a: Articuno\n|-resisted|p1a: Articuno\n|-damage|p1a: Articuno|259/295\n|-unboost|p1a: Articuno|atk|1\n|\n|upkeep\n|turn|11\n|inactive|Time left: 300 sec this turn | 300 sec total\n|\n|t:|1783570213\n|move|p2a: Volbeat|Lunge|p1a: Articuno\n|-resisted|p1a: Articuno\n|-damage|p1a: Articuno|224/295\n|-unboost|p1a: Articuno|atk|1\n|move|p1a: Articuno|Freeze-Dry|p2a: Volbeat\n|-damage|p2a: Volbeat|71/100\n|\n|upkeep\n|turn|12\n|inactive|Time left: 300 sec this turn | 300 sec total\n|\n|t:|1783570214\n|move|p2a: Volbeat|Thunder Wave|p1a: Articuno\n|-status|p1a: Articuno|par\n|move|p1a: Articuno|Haze|p1a: Articuno\n|-clearallboost\n|\n|upkeep\n|turn|13\n|inactive|Time left: 300 sec this turn | 300 sec total\n|\n|t:|1783570215\n|move|p2a: Volbeat|Lunge|p1a: Articuno\n|-resisted|p1a: Articuno\n|-damage|p1a: Articuno|189/295 par\n|-unboost|p1a: Articuno|atk|1\n|move|p1a: Articuno|Brave Bird|p2a: Volbeat\n|-supereffective|p2a: Volbeat\n|-damage|p2a: Volbeat|7/100\n|-damage|p1a: Articuno|134/295 par|[from] Recoil\n|\n|upkeep\n|turn|14\n|inactive|Time left: 300 sec this turn | 300 sec total\n|\n|t:|1783570216\n|move|p2a: Volbeat|Roost|p2a: Volbeat\n|-heal|p2a: Volbeat|57/100\n|-singleturn|p2a: Volbeat|move: Roost\n|cant|p1a: Articuno|par\n|\n|upkeep\n|turn|15\n|inactive|Time left: 300 sec this turn | 300 sec total\n|\n|t:|1783570217\n|move|p2a: Volbeat|Lunge|p1a: Articuno\n|-resisted|p1a: Articuno\n|-damage|p1a: Articuno|96/295 par\n|-unboost|p1a: Articuno|atk|1\n|move|p1a: Articuno|Roost|p1a: Articuno\n|-heal|p1a: Articuno|244/295 par\n|-singleturn|p1a: Articuno|move: Roost\n|\n|upkeep\n|turn|16\n|inactive|Time left: 300 sec this turn | 300 sec total\n|\n|t:|1783570218\n|switch|p1a: Swalot|Swalot, L90, F|326/326\n|move|p2a: Volbeat|Roost|p2a: Volbeat\n|-heal|p2a: Volbeat|100/100\n|-singleturn|p2a: Volbeat|move: Roost\n|\n|upkeep\n|turn|17\n|inactive|Time left: 300 sec this turn | 300 sec total\n|\n|t:|1783570219\n|move|p2a: Volbeat|Lunge|p1a: Swalot\n|-resisted|p1a: Swalot\n|-damage|p1a: Swalot|284/326\n|-unboost|p1a: Swalot|atk|1\n|move|p1a: Swalot|Sludge Bomb|p2a: Volbeat\n|-damage|p2a: Volbeat|69/100\n|\n|-heal|p1a: Swalot|304/326|[from] item: Leftovers\n|upkeep\n|turn|18\n|inactive|Time left: 300 sec this turn | 300 sec total\n|\n|t:|1783570220\n|move|p2a: Volbeat|Thunder Wave|p1a: Swalot|[miss]\n|-miss|p2a: Volbeat|p1a: Swalot\n|move|p1a: Swalot|Knock Off|p2a: Volbeat\n|-damage|p2a: Volbeat|53/100\n|-enditem|p2a: Volbeat|Heavy-Duty Boots|[from] move: Knock Off|[of] p1a: Swalot\n|\n|-heal|p1a: Swalot|324/326|[from] item: Leftovers\n|upkeep\n|turn|19\n|inactive|Time left: 300 sec this turn | 300 sec total\n|\n|t:|1783570221\n|move|p2a: Volbeat|Roost|p2a: Volbeat\n|-heal|p2a: Volbeat|100/100\n|-singleturn|p2a: Volbeat|move: Roost\n|move|p1a: Swalot|Sludge Bomb|p2a: Volbeat\n|-damage|p2a: Volbeat|67/100\n|\n|-heal|p1a: Swalot|326/326|[from] item: Leftovers\n|upkeep\n|turn|20\n|inactive|Time left: 300 sec this turn | 300 sec total\n|\n|t:|1783570222\n|move|p2a: Volbeat|Lunge|p1a: Swalot\n|-resisted|p1a: Swalot\n|-crit|p1a: Swalot\n|-damage|p1a: Swalot|269/326\n|-unboost|p1a: Swalot|atk|1\n|move|p1a: Swalot|Sludge Bomb|p2a: Volbeat\n|-damage|p2a: Volbeat|33/100\n|\n|-heal|p1a: Swalot|289/326|[from] item: Leftovers\n|upkeep\n|turn|21\n|inactive|Time left: 300 sec this turn | 300 sec total\n|\n|t:|1783570223\n|switch|p1a: Articuno|Articuno, L86|244/295 par\n|-ability|p1a: Articuno|Pressure\n|move|p2a: Volbeat|Roost|p2a: Volbeat\n|-heal|p2a: Volbeat|83/100\n|-singleturn|p2a: Volbeat|move: Roost\n|\n|upkeep\n|turn|22\n|inactive|Time left: 300 sec this turn | 300 sec total\n|\n|t:|1783570224\n|move|p2a: Volbeat|Lunge|p1a: Articuno\n|-resisted|p1a: Articuno\n|-damage|p1a: Articuno|208/295 par\n|-unboost|p1a: Articuno|atk|1\n|move|p1a: Articuno|Brave Bird|p2a: Volbeat\n|-supereffective|p2a: Volbeat\n|-damage|p2a: Volbeat|18/100\n|-damage|p1a: Articuno|152/295 par|[from] Recoil\n|\n|upkeep\n|turn|23\n|inactive|Time left: 300 sec this turn | 300 sec total\n|\n|t:|1783570225\n|move|p2a: Volbeat|Roost|p2a: Volbeat\n|-heal|p2a: Volbeat|69/100\n|-singleturn|p2a: Volbeat|move: Roost\n|move|p1a: Articuno|Roost|p1a: Articuno\n|-heal|p1a: Articuno|295/295 par\n|-singleturn|p1a: Articuno|move: Roost\n|\n|upkeep\n|turn|24\n|inactive|Time left: 300 sec this turn | 300 sec total\n|\n|t:|1783570226\n|move|p2a: Volbeat|Lunge|p1a: Articuno\n|-resisted|p1a: Articuno\n|-damage|p1a: Articuno|256/295 par\n|-unboost|p1a: Articuno|atk|1\n|move|p1a: Articuno|Freeze-Dry|p2a: Volbeat\n|-damage|p2a: Volbeat|40/100\n|\n|upkeep\n|turn|25\n|inactive|Time left: 300 sec this turn | 300 sec total\n|\n|t:|1783570227\n|move|p2a: Volbeat|Roost|p2a: Volbeat\n|-heal|p2a: Volbeat|90/100\n|-singleturn|p2a: Volbeat|move: Roost\n|move|p1a: Articuno|Brave Bird|p2a: Volbeat\n|-supereffective|p2a: Volbeat\n|-damage|p2a: Volbeat|40/100\n|-damage|p1a: Articuno|212/295 par|[from] Recoil\n|\n|upkeep\n|turn|26\n|inactive|Time left: 300 sec this turn | 300 sec total\n|\n|t:|1783570228\n|move|p2a: Volbeat|Lunge|p1a: Articuno\n|-resisted|p1a: Articuno\n|-damage|p1a: Articuno|175/295 par\n|-unboost|p1a: Articuno|atk|1\n|cant|p1a: Articuno|par\n|\n|upkeep\n|turn|27\n|inactive|Time left: 300 sec this turn | 300 sec total\n|\n|t:|1783570229\n|switch|p1a: Swalot|Swalot, L90, F|289/326\n|move|p2a: Volbeat|Lunge|p1a: Swalot\n|-resisted|p1a: Swalot\n|-damage|p1a: Swalot|250/326\n|-unboost|p1a: Swalot|atk|1\n|\n|-heal|p1a: Swalot|270/326|[from] item: Leftovers\n|upkeep\n|turn|28\n|inactive|Time left: 300 sec this turn | 300 sec total\n|\n|t:|1783570230\n|move|p2a: Volbeat|Lunge|p1a: Swalot\n|-resisted|p1a: Swalot\n|-damage|p1a: Swalot|232/326\n|-unboost|p1a: Swalot|atk|1\n|move|p1a: Swalot|Sludge Bomb|p2a: Volbeat\n|-damage|p2a: Volbeat|9/100\n|\n|-heal|p1a: Swalot|252/326|[from] item: Leftovers\n|upkeep\n|turn|29\n|inactive|Time left: 300 sec this turn | 300 sec total\n|\n|t:|1783570231\n|switch|p1a: Articuno|Articuno, L86|175/295 par\n|-ability|p1a: Articuno|Pressure\n|move|p2a: Volbeat|Lunge|p1a: Articuno\n|-resisted|p1a: Articuno\n|-damage|p1a: Articuno|137/295 par\n|-unboost|p1a: Articuno|atk|1\n|\n|upkeep\n|turn|30\n|inactive|Time left: 300 sec this turn | 300 sec total\n|\n|t:|1783570232\n|move|p2a: Volbeat|Lunge|p1a: Articuno\n|-resisted|p1a: Articuno\n|-damage|p1a: Articuno|103/295 par\n|-unboost|p1a: Articuno|atk|1\n|move|p1a: Articuno|Roost|p1a: Articuno\n|-heal|p1a: Articuno|251/295 par\n|-singleturn|p1a: Articuno|move: Roost\n|\n|upkeep\n|turn|31\n|inactive|Time left: 300 sec this turn | 300 sec total\n|\n|t:|1783570233\n|switch|p2a: Reshiram|Reshiram, L76|100/100\n|-ability|p2a: Reshiram|Turboblaze\n|move|p1a: Articuno|Freeze-Dry|p2a: Reshiram\n|-damage|p2a: Reshiram|77/100\n|\n|upkeep\n|turn|32\n|inactive|Time left: 300 sec this turn | 300 sec total\n|\n|t:|1783570234\n|switch|p1a: Scream Tail|Scream Tail, L84|330/330\n|move|p2a: Reshiram|Blue Flare|p1a: Scream Tail\n|-damage|p1a: Scream Tail|192/330\n|\n|-heal|p1a: Scream Tail|212/330|[from] item: Leftovers\n|upkeep\n|turn|33\n|inactive|Time left: 300 sec this turn | 300 sec total\n|\n|t:|1783570235\n|move|p1a: Scream Tail|Wish|p1a: Scream Tail\n|move|p2a: Reshiram|Blue Flare|p1a: Scream Tail|[miss]\n|-miss|p2a: Reshiram|p1a: Scream Tail\n|\n|-heal|p1a: Scream Tail|232/330|[from] item: Leftovers\n|upkeep\n|turn|34\n|inactive|Time left: 300 sec this turn | 300 sec total\n|\n|t:|1783570236\n|move|p1a: Scream Tail|Play Rough|p2a: Reshiram\n|-damage|p2a: Reshiram|51/100\n|move|p2a: Reshiram|Blue Flare|p1a: Scream Tail\n|-damage|p1a: Scream Tail|91/330\n|-status|p1a: Scream Tail|brn\n|\n|-heal|p1a: Scream Tail|256/330 brn|[from] move: Wish|[wisher] Scream Tail\n|-heal|p1a: Scream Tail|276/330 brn|[from] item: Leftovers\n|-damage|p1a: Scream Tail|256/330 brn|[from] brn\n|upkeep\n|turn|35\n|inactive|Time left: 300 sec this turn | 300 sec total\n|\n|t:|1783570237\n|move|p1a: Scream Tail|Wish|p1a: Scream Tail\n|move|p2a: Reshiram|Blue Flare|p1a: Scream Tail\n|-damage|p1a: Scream Tail|115/330 brn\n|\n|-heal|p1a: Scream Tail|135/330 brn|[from] item: Leftovers\n|-damage|p1a: Scream Tail|115/330 brn|[from] brn\n|upkeep\n|turn|36\n|inactive|Time left: 300 sec this turn | 300 sec total\n|\n|t:|1783570238\n|move|p1a: Scream Tail|Protect|p1a: Scream Tail\n|-singleturn|p1a: Scream Tail|Protect\n|move|p2a: Reshiram|Blue Flare|p1a: Scream Tail\n|-activate|p1a: Scream Tail|move: Protect\n|\n|-heal|p1a: Scream Tail|280/330 brn|[from] move: Wish|[wisher] Scream Tail\n|-heal|p1a: Scream Tail|300/330 brn|[from] item: Leftovers\n|-damage|p1a: Scream Tail|280/330 brn|[from] brn\n|upkeep\n|turn|37\n|inactive|Time left: 300 sec this turn | 300 sec total\n|\n|t:|1783570239\n|move|p1a: Scream Tail|Wish|p1a: Scream Tail\n|move|p2a: Reshiram|Blue Flare|p1a: Scream Tail\n|-damage|p1a: Scream Tail|141/330 brn\n|\n|-heal|p1a: Scream Tail|161/330 brn|[from] item: Leftovers\n|-damage|p1a: Scream Tail|141/330 brn|[from] brn\n|upkeep\n|turn|38\n|inactive|Time left: 300 sec this turn | 300 sec total\n|\n|t:|1783570241\n|move|p1a: Scream Tail|Protect|p1a: Scream Tail\n|-singleturn|p1a: Scream Tail|Protect\n|move|p2a: Reshiram|Blue Flare|p1a: Scream Tail\n|-activate|p1a: Scream Tail|move: Protect\n|\n|-heal|p1a: Scream Tail|306/330 brn|[from] move: Wish|[wisher] Scream Tail\n|-heal|p1a: Scream Tail|326/330 brn|[from] item: Leftovers\n|-damage|p1a: Scream Tail|306/330 brn|[from] brn\n|upkeep\n|turn|39\n|inactive|Time left: 300 sec this turn | 300 sec total\n|\n|t:|1783570242\n|move|p1a: Scream Tail|Wish|p1a: Scream Tail\n|move|p2a: Reshiram|Blue Flare|p1a: Scream Tail\n|-damage|p1a: Scream Tail|174/330 brn\n|\n|-heal|p1a: Scream Tail|194/330 brn|[from] item: Leftovers\n|-damage|p1a: Scream Tail|174/330 brn|[from] brn\n|upkeep\n|turn|40\n|inactive|Time left: 300 sec this turn | 300 sec total\n|\n|t:|1783570243\n|move|p1a: Scream Tail|Play Rough|p2a: Reshiram\n|-damage|p2a: Reshiram|38/100\n|move|p2a: Reshiram|Earth Power|p1a: Scream Tail\n|-damage|p1a: Scream Tail|114/330 brn\n|\n|-heal|p1a: Scream Tail|279/330 brn|[from] move: Wish|[wisher] Scream Tail\n|-heal|p1a: Scream Tail|299/330 brn|[from] item: Leftovers\n|-damage|p1a: Scream Tail|279/330 brn|[from] brn\n|upkeep\n|turn|41\n|inactive|Time left: 300 sec this turn | 300 sec total\n|\n|t:|1783570244\n|move|p1a: Scream Tail|Wish|p1a: Scream Tail\n|move|p2a: Reshiram|Earth Power|p1a: Scream Tail\n|-damage|p1a: Scream Tail|215/330 brn\n|\n|-heal|p1a: Scream Tail|235/330 brn|[from] item: Leftovers\n|-damage|p1a: Scream Tail|215/330 brn|[from] brn\n|upkeep\n|turn|42\n|inactive|Time left: 300 sec this turn | 300 sec total\n|\n|t:|1783570245\n|switch|p2a: Quaquaval|Quaquaval, L79, F|100/100\n|-damage|p2a: Quaquaval|94/100|[from] Stealth Rock\n|move|p1a: Scream Tail|Play Rough|p2a: Quaquaval\n|-supereffective|p2a: Quaquaval\n|-damage|p2a: Quaquaval|62/100\n|\n|-heal|p1a: Scream Tail|330/330 brn|[from] move: Wish|[wisher] Scream Tail\n|-heal|p2a: Quaquaval|68/100|[from] item: Leftovers\n|-damage|p1a: Scream Tail|310/330 brn|[from] brn\n|upkeep\n|turn|43\n|inactive|Time left: 300 sec this turn | 300 sec total\n|\n|t:|1783570246\n|move|p1a: Scream Tail|Wish|p1a: Scream Tail\n|move|p2a: Quaquaval|Swords Dance|p2a: Quaquaval\n|-boost|p2a: Quaquaval|atk|2\n|\n|-heal|p1a: Scream Tail|330/330 brn|[from] item: Leftovers\n|-heal|p2a: Quaquaval|74/100|[from] item: Leftovers\n|-damage|p1a: Scream Tail|310/330 brn|[from] brn\n|upkeep\n|turn|44\n|inactive|Time left: 300 sec this turn | 300 sec total\n|\n|t:|1783570247\n|move|p1a: Scream Tail|Encore|p2a: Quaquaval\n|-start|p2a: Quaquaval|Encore\n|move|p2a: Quaquaval|Swords Dance|p2a: Quaquaval\n|-boost|p2a: Quaquaval|atk|2\n|\n|-heal|p1a: Scream Tail|330/330 brn|[from] move: Wish|[wisher] Scream Tail\n|-heal|p2a: Quaquaval|80/100|[from] item: Leftovers\n|-damage|p1a: Scream Tail|310/330 brn|[from] brn\n|upkeep\n|turn|45\n|inactive|Time left: 300 sec this turn | 300 sec total\n|\n|t:|1783570248\n|-end|p1a: Scream Tail|Protosynthesis|[silent]\n|switch|p1a: Articuno|Articuno, L86|251/295 par\n|-ability|p1a: Articuno|Pressure\n|move|p2a: Quaquaval|Swords Dance|p2a: Quaquaval\n|-boost|p2a: Quaquaval|atk|2\n|\n|-heal|p2a: Quaquaval|86/100|[from] item: Leftovers\n|upkeep\n|turn|46\n|inactive|Time left: 300 sec this turn | 300 sec total\n|\n|t:|1783570249\n|switch|p2a: Pachirisu|Pachirisu, L96, M|100/100\n|move|p1a: Articuno|Haze|p1a: Articuno\n|-clearallboost\n|\n|upkeep\n|turn|47\n|inactive|Time left: 300 sec this turn | 300 sec total\n|\n|t:|1783570250\n|move|p2a: Pachirisu|Super Fang|p1a: Articuno\n|-damage|p1a: Articuno|126/295 par\n|move|p1a: Articuno|Roost|p1a: Articuno\n|-heal|p1a: Articuno|274/295 par\n|-singleturn|p1a: Articuno|move: Roost\n|\n|upkeep\n|turn|48\n|inactive|Time left: 300 sec this turn | 300 sec total\n|\n|t:|1783570251\n|move|p2a: Pachirisu|Super Fang|p1a: Articuno\n|-damage|p1a: Articuno|137/295 par\n|move|p1a: Articuno|Brave Bird|p2a: Pachirisu\n|-resisted|p2a: Pachirisu\n|-damage|p2a: Pachirisu|77/100\n|-damage|p1a: Articuno|116/295 par|[from] Recoil\n|\n|upkeep\n|turn|49\n|inactive|Time left: 300 sec this turn | 300 sec total\n|\n|t:|1783570252\n|move|p2a: Pachirisu|Super Fang|p1a: Articuno\n|-damage|p1a: Articuno|58/295 par\n|move|p1a: Articuno|Roost|p1a: Articuno\n|-heal|p1a: Articuno|206/295 par\n|-singleturn|p1a: Articuno|move: Roost\n|\n|upkeep\n|turn|50\n|inactive|Time left: 300 sec this turn | 300 sec total\n|\n|t:|1783570252\n|move|p2a: Pachirisu|Discharge|p1a: Articuno\n|-supereffective|p1a: Articuno\n|-damage|p1a: Articuno|102/295 par\n|move|p1a: Articuno|Roost|p1a: Articuno\n|-heal|p1a: Articuno|250/295 par\n|-singleturn|p1a: Articuno|move: Roost\n|\n|upkeep\n|turn|51\n|inactive|Time left: 300 sec this turn | 300 sec total\n|\n|t:|1783570253\n|move|p2a: Pachirisu|Super Fang|p1a: Articuno\n|-damage|p1a: Articuno|125/295 par\n|move|p1a: Articuno|Brave Bird|p2a: Pachirisu\n|-resisted|p2a: Pachirisu\n|-damage|p2a: Pachirisu|55/100\n|-damage|p1a: Articuno|106/295 par|[from] Recoil\n|\n|upkeep\n|turn|52\n|inactive|Time left: 300 sec this turn | 300 sec total\n|\n|t:|1783570254\n|move|p2a: Pachirisu|Discharge|p1a: Articuno\n|-supereffective|p1a: Articuno\n|-damage|p1a: Articuno|14/295 par\n|move|p1a: Articuno|Roost|p1a: Articuno\n|-heal|p1a: Articuno|162/295 par\n|-singleturn|p1a: Articuno|move: Roost\n|\n|upkeep\n|turn|53\n|inactive|Time left: 300 sec this turn | 300 sec total\n|\n|t:|1783570255\n|move|p2a: Pachirisu|Super Fang|p1a: Articuno\n|-damage|p1a: Articuno|81/295 par\n|move|p1a: Articuno|Roost|p1a: Articuno\n|-heal|p1a: Articuno|229/295 par\n|-singleturn|p1a: Articuno|move: Roost\n|\n|upkeep\n|turn|54\n|inactive|Time left: 300 sec this turn | 300 sec total\n|\n|t:|1783570256\n|move|p2a: Pachirisu|Super Fang|p1a: Articuno\n|-damage|p1a: Articuno|115/295 par\n|cant|p1a: Articuno|par\n|\n|upkeep\n|turn|55\n|inactive|Time left: 300 sec this turn | 300 sec total\n|\n|t:|1783570257\n|move|p2a: Pachirisu|Discharge|p1a: Articuno\n|-supereffective|p1a: Articuno\n|-damage|p1a: Articuno|23/295 par\n|move|p1a: Articuno|Freeze-Dry|p2a: Pachirisu\n|-damage|p2a: Pachirisu|29/100\n|\n|upkeep\n|turn|56\n|inactive|Time left: 300 sec this turn | 300 sec total\n|\n|t:|1783570258\n|move|p2a: Pachirisu|Discharge|p1a: Articuno\n|-supereffective|p1a: Articuno\n|-damage|p1a: Articuno|0 fnt\n|faint|p1a: Articuno\n|\n|upkeep\n|inactive|Time left: 300 sec this turn | 300 sec total | 5 sec grace\n|\n|t:|1783570259\n|switch|p1a: Swalot|Swalot, L90, F|252/326\n|turn|57\n|inactive|Time left: 300 sec this turn | 300 sec total\n|\n|t:|1783570259\n|move|p2a: Pachirisu|Discharge|p1a: Swalot\n|-damage|p1a: Swalot|189/326\n|move|p1a: Swalot|Sludge Bomb|p2a: Pachirisu\n|-damage|p2a: Pachirisu|0 fnt\n|faint|p2a: Pachirisu\n|\n|-heal|p1a: Swalot|209/326|[from] item: Leftovers\n|upkeep\n|\n|t:|1783570260\n|switch|p2a: Quaquaval|Quaquaval, L79, F|86/100\n|-damage|p2a: Quaquaval|80/100|[from] Stealth Rock\n|turn|58\n|inactive|Time left: 300 sec this turn | 300 sec total\n|\n|t:|1783570261\n|move|p2a: Quaquaval|Swords Dance|p2a: Quaquaval\n|-boost|p2a: Quaquaval|atk|2\n|move|p1a: Swalot|Sludge Bomb|p2a: Quaquaval\n|-damage|p2a: Quaquaval|37/100\n|\n|-heal|p2a: Quaquaval|43/100|[from] item: Leftovers\n|-heal|p1a: Swalot|229/326|[from] item: Leftovers\n|upkeep\n|turn|59\n|inactive|Time left: 300 sec this turn | 300 sec total\n|\n|t:|1783570262\n|move|p2a: Quaquaval|Aqua Step|p1a: Swalot\n|-damage|p1a: Swalot|64/326\n|-boost|p2a: Quaquaval|spe|1\n|move|p1a: Swalot|Sludge Bomb|p2a: Quaquaval\n|-damage|p2a: Quaquaval|5/100\n|\n|-heal|p2a: Quaquaval|11/100|[from] item: Leftovers\n|-heal|p1a: Swalot|84/326|[from] item: Leftovers\n|upkeep\n|turn|60\n|inactive|Time left: 300 sec this turn | 300 sec total\n|\n|t:|1783570264\n|move|p2a: Quaquaval|Aqua Step|p1a: Swalot\n|-damage|p1a: Swalot|0 fnt\n|-boost|p2a: Quaquaval|spe|1\n|faint|p1a: Swalot\n|-ability|p2a: Quaquaval|Moxie|boost\n|-boost|p2a: Quaquaval|atk|1\n|\n|-heal|p2a: Quaquaval|17/100|[from] item: Leftovers\n|upkeep\n|inactive|Time left: 300 sec this turn | 300 sec total | 5 sec grace\n|\n|t:|1783570265\n|switch|p1a: Scream Tail|Scream Tail, L84|310/330 brn\n|turn|61\n|inactive|Time left: 300 sec this turn | 300 sec total\n|\n|t:|1783570265\n|move|p2a: Quaquaval|Roost|p2a: Quaquaval\n|-heal|p2a: Quaquaval|67/100\n|-singleturn|p2a: Quaquaval|move: Roost\n|move|p1a: Scream Tail|Encore|p2a: Quaquaval\n|-start|p2a: Quaquaval|Encore\n|\n|-heal|p2a: Quaquaval|73/100|[from] item: Leftovers\n|-heal|p1a: Scream Tail|330/330 brn|[from] item: Leftovers\n|-damage|p1a: Scream Tail|310/330 brn|[from] brn\n|upkeep\n|turn|62\n|inactive|Time left: 300 sec this turn | 300 sec total\n|\n|t:|1783570266\n|-end|p1a: Scream Tail|Protosynthesis|[silent]\n|switch|p1a: Tsareena|Tsareena, L87, F|121/267\n|move|p2a: Quaquaval|Roost|p2a: Quaquaval\n|-heal|p2a: Quaquaval|100/100\n|-singleturn|p2a: Quaquaval|move: Roost\n|\n|upkeep\n|turn|63\n|inactive|Time left: 300 sec this turn | 300 sec total\n|\n|t:|1783570268\n|move|p2a: Quaquaval|Roost||[still]\n|-fail|p2a: Quaquaval|heal\n|move|p1a: Tsareena|Power Whip|p2a: Quaquaval\n|-supereffective|p2a: Quaquaval\n|-damage|p2a: Quaquaval|0 fnt\n|faint|p2a: Quaquaval\n|\n|upkeep\n|\n|t:|1783570269\n|switch|p2a: Kricketune|Kricketune, L99, M|38/100\n|-damage|p2a: Kricketune|13/100|[from] Stealth Rock\n|turn|64\n|inactive|Time left: 300 sec this turn | 300 sec total\n|\n|t:|1783570270\n|switch|p1a: Bronzong|Bronzong, L88|242/261\n|move|p2a: Kricketune|Pounce|p1a: Bronzong\n|-damage|p1a: Bronzong|163/261\n|-unboost|p1a: Bronzong|spe|1\n|\n|-heal|p1a: Bronzong|179/261|[from] item: Leftovers\n|upkeep\n|turn|65\n|inactive|Time left: 300 sec this turn | 300 sec total\n|\n|t:|1783570271\n|move|p2a: Kricketune|Knock Off|p1a: Bronzong\n|-supereffective|p1a: Bronzong\n|-damage|p1a: Bronzong|37/261\n|-enditem|p1a: Bronzong|Leftovers|[from] move: Knock Off|[of] p2a: Kricketune\n|move|p1a: Bronzong|Earthquake|p2a: Kricketune\n|-resisted|p2a: Kricketune\n|-damage|p2a: Kricketune|0 fnt\n|faint|p2a: Kricketune\n|\n|upkeep\n|\n|t:|1783570272\n|switch|p2a: Reshiram|Reshiram, L76|38/100\n|-ability|p2a: Reshiram|Turboblaze\n|turn|66\n|inactive|Time left: 300 sec this turn | 300 sec total\n|\n|t:|1783570273\n|move|p2a: Reshiram|Earth Power|p1a: Bronzong\n|-supereffective|p1a: Bronzong\n|-damage|p1a: Bronzong|0 fnt\n|faint|p1a: Bronzong\n|\n|upkeep\n|inactive|Time left: 300 sec this turn | 300 sec total | 5 sec grace\n|\n|t:|1783570274\n|switch|p1a: Tsareena|Tsareena, L87, F|121/267\n|turn|67\n|inactive|Time left: 300 sec this turn | 300 sec total\n|\n|t:|1783570275\n|move|p2a: Reshiram|Will-O-Wisp|p1a: Tsareena|[miss]\n|-miss|p2a: Reshiram|p1a: Tsareena\n|move|p1a: Tsareena|High Jump Kick|p2a: Reshiram\n|-damage|p2a: Reshiram|0 fnt\n|faint|p2a: Reshiram\n|\n|upkeep\n|\n|t:|1783570276\n|switch|p2a: Volbeat|Volbeat, L90, M|9/100\n|-damage|p2a: Volbeat|0 fnt|[from] Stealth Rock\n|faint|p2a: Volbeat\n|\n|win|p0x261647ee", "uploadtime": 1783570276, "views": 0, "rating": 0, "private": 0, "password": null, "_winner": "p0x261647ee", "_our_name": "p0x261647ee"}