{"id": "battle-gen9randombattle-1720", "formatid": "gen9randombattle", "format": "[Gen 9] Random Battle", "players": ["p0x1720a4bb", "p0y172064e6"], "log": "|init|battle\n|title|p0x1720a4bb vs. p0y172064e6\n|j|\u2606p0x1720a4bb\n|j|\u2606p0y172064e6\n|t:|1783559113\n|gametype|singles\n|player|p1|p0x1720a4bb|266|\n|player|p2|p0y172064e6|2|\n|gen|9\n|tier|[Gen 9] Random Battle\n|rule|Species Clause: Limit one of each Pok\u00e9mon\n|rule|HP Percentage Mod: HP is shown in percentages\n|rule|Sleep Clause Mod: Limit one foe put to sleep\n|rule|Illusion Level Mod: Illusion disguises the Pok\u00e9mon's true level\n|\n|t:|1783559113\n|teamsize|p1|6\n|teamsize|p2|6\n|start\n|switch|p1a: Serperior|Serperior, L79, M|100/100\n|switch|p2a: Porygon-Z|Porygon-Z, L83|277/277\n|turn|1\n|inactive|Battle timer is ON: inactive players will automatically lose when time's up. (requested by p0x1720a4bb)\n|inactive|Time left: 300 sec this turn | 300 sec total | 60 sec grace\n|inactive|p0y172064e6 also wants the timer to be on.\n|\n|t:|1783559115\n|move|p2a: Porygon-Z|Tri Attack|p1a: Serperior\n|-damage|p1a: Serperior|42/100\n|move|p1a: Serperior|Leaf Storm|p2a: Porygon-Z\n|-damage|p2a: Porygon-Z|120/277\n|-boost|p1a: Serperior|spa|2\n|-damage|p1a: Serperior|33/100|[from] item: Life Orb\n|\n|upkeep\n|turn|2\n|inactive|Time left: 300 sec this turn | 300 sec total\n|\n|t:|1783559116\n|-terastallize|p1a: Serperior|Rock\n|move|p2a: Porygon-Z|Tri Attack|p1a: Serperior\n|-resisted|p1a: Serperior\n|-damage|p1a: Serperior|3/100\n|move|p1a: Serperior|Synthesis|p1a: Serperior\n|-heal|p1a: Serperior|53/100\n|\n|upkeep\n|turn|3\n|inactive|Time left: 300 sec this turn | 300 sec total\n|\n|t:|1783559117\n|move|p2a: Porygon-Z|Tri Attack|p1a: Serperior\n|-resisted|p1a: Serperior\n|-damage|p1a: Serperior|25/100\n|move|p1a: Serperior|Synthesis|p1a: Serperior\n|-heal|p1a: Serperior|75/100\n|\n|upkeep\n|turn|4\n|inactive|Time left: 300 sec this turn | 300 sec total\n|\n|t:|1783559118\n|move|p2a: Porygon-Z|Tri Attack|p1a: Serperior\n|-resisted|p1a: Serperior\n|-damage|p1a: Serperior|44/100\n|move|p1a: Serperior|Leaf Storm|p2a: Porygon-Z\n|-damage|p2a: Porygon-Z|0 fnt\n|-boost|p1a: Serperior|spa|2\n|faint|p2a: Porygon-Z\n|-damage|p1a: Serperior|34/100|[from] item: Life Orb\n|\n|upkeep\n|inactive|Time left: 300 sec this turn | 300 sec total | 5 sec grace\n|\n|t:|1783559119\n|switch|p2a: Skarmory|Skarmory, L80, M|235/235\n|turn|5\n|inactive|Time left: 300 sec this turn | 300 sec total\n|\n|t:|1783559121\n|move|p1a: Serperior|Tera Blast|p2a: Skarmory|[anim] Tera Blast Rock\n|-ability|p2a: Skarmory|Sturdy\n|-damage|p2a: Skarmory|1/235\n|-damage|p1a: Serperior|25/100|[from] item: Life Orb\n|move|p2a: Skarmory|Body Press|p1a: Serperior\n|-supereffective|p1a: Serperior\n|-damage|p1a: Serperior|0 fnt\n|faint|p1a: Serperior\n|\n|-heal|p2a: Skarmory|15/235|[from] item: Leftovers\n|upkeep\n|\n|t:|1783559122\n|switch|p1a: Salamence|Salamence, L77, F|100/100\n|-ability|p1a: Salamence|Intimidate|boost\n|-unboost|p2a: Skarmory|atk|1\n|turn|6\n|inactive|Time left: 300 sec this turn | 300 sec total\n|\n|t:|1783559123\n|move|p1a: Salamence|Outrage|p2a: Skarmory\n|-resisted|p2a: Skarmory\n|-damage|p2a: Skarmory|0 fnt\n|faint|p2a: Skarmory\n|\n|upkeep\n|inactive|Time left: 300 sec this turn | 300 sec total | 5 sec grace\n|\n|t:|1783559124\n|switch|p2a: Fezandipiti|Fezandipiti, L82, M|278/278\n|turn|7\n|inactive|Time left: 300 sec this turn | 300 sec total\n|\n|t:|1783559125\n|move|p2a: Fezandipiti|Swords Dance|p2a: Fezandipiti\n|-boost|p2a: Fezandipiti|atk|2\n|move|p1a: Salamence|Outrage|p2a: Fezandipiti|[from] lockedmove\n|-immune|p2a: Fezandipiti\n|\n|upkeep\n|turn|8\n|inactive|Time left: 300 sec this turn | 300 sec total\n|\n|t:|1783559126\n|move|p2a: Fezandipiti|Play Rough|p1a: Salamence|[miss]\n|-miss|p2a: Fezandipiti|p1a: Salamence\n|move|p1a: Salamence|Earthquake|p2a: Fezandipiti\n|-supereffective|p2a: Fezandipiti\n|-crit|p2a: Fezandipiti\n|-damage|p2a: Fezandipiti|34/278\n|\n|-heal|p2a: Fezandipiti|51/278|[from] item: Leftovers\n|upkeep\n|turn|9\n|inactive|Time left: 300 sec this turn | 300 sec total\n|\n|t:|1783559127\n|move|p2a: Fezandipiti|Play Rough|p1a: Salamence\n|-supereffective|p1a: Salamence\n|-damage|p1a: Salamence|0 fnt\n|faint|p1a: Salamence\n|\n|-heal|p2a: Fezandipiti|68/278|[from] item: Leftovers\n|upkeep\n|\n|t:|1783559128\n|switch|p1a: Scizor|Scizor, L79, M|100/100\n|turn|10\n|inactive|Time left: 300 sec this turn | 300 sec total\n|\n|t:|1783559129\n|move|p1a: Scizor|Bullet Punch|p2a: Fezandipiti\n|-supereffective|p2a: Fezandipiti\n|-damage|p2a: Fezandipiti|0 fnt\n|faint|p2a: Fezandipiti\n|\n|upkeep\n|inactive|Time left: 300 sec this turn | 300 sec total | 5 sec grace\n|\n|t:|1783559129\n|switch|p2a: Krookodile|Krookodile, L79, M|280/280\n|-ability|p2a: Krookodile|Intimidate|boost\n|-unboost|p1a: Scizor|atk|1\n|turn|11\n|inactive|Time left: 300 sec this turn | 300 sec total\n|\n|t:|1783559130\n|switch|p1a: Alomomola|Alomomola, L87, M|100/100\n|move|p2a: Krookodile|Bulk Up|p2a: Krookodile\n|-boost|p2a: Krookodile|atk|1\n|-boost|p2a: Krookodile|def|1\n|\n|upkeep\n|turn|12\n|inactive|Time left: 300 sec this turn | 300 sec total\n|\n|t:|1783559131\n|move|p2a: Krookodile|Bulk Up|p2a: Krookodile\n|-boost|p2a: Krookodile|atk|1\n|-boost|p2a: Krookodile|def|1\n|move|p1a: Alomomola|Scald|p2a: Krookodile\n|-supereffective|p2a: Krookodile\n|-damage|p2a: Krookodile|166/280\n|-status|p2a: Krookodile|brn\n|\n|-heal|p2a: Krookodile|183/280 brn|[from] item: Leftovers\n|-damage|p2a: Krookodile|166/280 brn|[from] brn\n|upkeep\n|turn|13\n|inactive|Time left: 300 sec this turn | 300 sec total\n|\n|t:|1783559132\n|move|p2a: Krookodile|Gunk Shot|p1a: Alomomola|[miss]\n|-miss|p2a: Krookodile|p1a: Alomomola\n|move|p1a: Alomomola|Scald|p2a: Krookodile\n|-supereffective|p2a: Krookodile\n|-damage|p2a: Krookodile|34/280 brn\n|\n|-heal|p2a: Krookodile|51/280 brn|[from] item: Leftovers\n|-damage|p2a: Krookodile|34/280 brn|[from] brn\n|upkeep\n|turn|14\n|inactive|Time left: 300 sec this turn | 300 sec total\n|\n|t:|1783559133\n|move|p2a: Krookodile|Knock Off|p1a: Alomomola\n|-damage|p1a: Alomomola|73/100\n|-enditem|p1a: Alomomola|Heavy-Duty Boots|[from] move: Knock Off|[of] p2a: Krookodile\n|move|p1a: Alomomola|Flip Turn|p2a: Krookodile\n|-supereffective|p2a: Krookodile\n|-damage|p2a: Krookodile|0 fnt\n|faint|p2a: Krookodile\n|\n|t:|1783559135\n|switch|p1a: Scizor|Scizor, L79, M|100/100|[from] Flip Turn\n|\n|upkeep\n|inactive|Time left: 300 sec this turn | 300 sec total | 10 sec grace\n|\n|t:|1783559136\n|switch|p2a: Arceus|Arceus-Water, L71|288/288\n|turn|15\n|inactive|Time left: 300 sec this turn | 300 sec total\n|\n|t:|1783559137\n|switch|p1a: Qwilfish|Qwilfish, L86, M|100/100\n|-ability|p1a: Qwilfish|Intimidate|boost\n|-unboost|p2a: Arceus|atk|1\n|move|p2a: Arceus|Will-O-Wisp|p1a: Qwilfish\n|-status|p1a: Qwilfish|brn\n|\n|-damage|p1a: Qwilfish|95/100 brn|[from] brn\n|upkeep\n|turn|16\n|inactive|Time left: 300 sec this turn | 300 sec total\n|\n|t:|1783559138\n|switch|p2a: Torterra|Torterra, L78, M|276/276\n|move|p1a: Qwilfish|Spikes|p2a: Torterra\n|-sidestart|p2: p0y172064e6|Spikes\n|\n|-heal|p1a: Qwilfish|100/100 brn|[from] item: Leftovers\n|-damage|p1a: Qwilfish|95/100 brn|[from] brn\n|upkeep\n|turn|17\n|inactive|Time left: 300 sec this turn | 300 sec total\n|\n|t:|1783559139\n|move|p1a: Qwilfish|Taunt|p2a: Torterra\n|-start|p2a: Torterra|move: Taunt\n|cant|p2a: Torterra|move: Taunt|Shell Smash\n|\n|-heal|p1a: Qwilfish|100/100 brn|[from] item: Leftovers\n|-damage|p1a: Qwilfish|95/100 brn|[from] brn\n|upkeep\n|turn|18\n|inactive|Time left: 300 sec this turn | 300 sec total\n|\n|t:|1783559140\n|switch|p1a: Scizor|Scizor, L79, M|100/100\n|move|p2a: Torterra|Bullet Seed|p1a: Scizor\n|-resisted|p1a: Scizor\n|-damage|p1a: Scizor|98/100\n|-resisted|p1a: Scizor\n|-damage|p1a: Scizor|95/100\n|-resisted|p1a: Scizor\n|-damage|p1a: Scizor|93/100\n|-resisted|p1a: Scizor\n|-damage|p1a: Scizor|90/100\n|-hitcount|p1a: Scizor|4\n|\n|upkeep\n|turn|19\n|inactive|Time left: 300 sec this turn | 300 sec total\n|\n|t:|1783559141\n|move|p1a: Scizor|U-turn|p2a: Torterra\n|-supereffective|p2a: Torterra\n|-damage|p2a: Torterra|58/276\n|\n|t:|1783559142\n|switch|p1a: Duraludon|Duraludon, L82, F|100/100|[from] U-turn\n|move|p2a: Torterra|Bullet Seed|p1a: Duraludon\n|-resisted|p1a: Duraludon\n|-damage|p1a: Duraludon|98/100\n|-resisted|p1a: Duraludon\n|-damage|p1a: Duraludon|96/100\n|-resisted|p1a: Duraludon\n|-damage|p1a: Duraludon|94/100\n|-resisted|p1a: Duraludon\n|-damage|p1a: Duraludon|92/100\n|-hitcount|p1a: Duraludon|4\n|\n|-end|p2a: Torterra|move: Taunt\n|upkeep\n|turn|20\n|inactive|Time left: 300 sec this turn | 300 sec total\n|\n|t:|1783559142\n|move|p1a: Duraludon|Flash Cannon|p2a: Torterra\n|-damage|p2a: Torterra|0 fnt\n|faint|p2a: Torterra\n|\n|upkeep\n|inactive|Time left: 300 sec this turn | 300 sec total | 5 sec grace\n|\n|t:|1783559143\n|switch|p2a: Arceus|Arceus-Water, L71|288/288\n|-damage|p2a: Arceus|252/288|[from] Spikes\n|turn|21\n|inactive|Time left: 300 sec this turn | 300 sec total\n|\n|t:|1783559144\n|switch|p1a: Qwilfish|Qwilfish, L86, M|95/100 brn\n|-ability|p1a: Qwilfish|Intimidate|boost\n|-unboost|p2a: Arceus|atk|1\n|move|p2a: Arceus|Judgment|p1a: Qwilfish\n|-resisted|p1a: Qwilfish\n|-damage|p1a: Qwilfish|67/100 brn\n|\n|-heal|p1a: Qwilfish|73/100 brn|[from] item: Leftovers\n|-damage|p1a: Qwilfish|67/100 brn|[from] brn\n|upkeep\n|turn|22\n|inactive|Time left: 300 sec this turn | 300 sec total\n|\n|t:|1783559145\n|move|p2a: Arceus|Judgment|p1a: Qwilfish\n|-resisted|p1a: Qwilfish\n|-damage|p1a: Qwilfish|37/100 brn\n|move|p1a: Qwilfish|Gunk Shot|p2a: Arceus|[miss]\n|-miss|p1a: Qwilfish|p2a: Arceus\n|\n|-heal|p1a: Qwilfish|43/100 brn|[from] item: Leftovers\n|-damage|p1a: Qwilfish|37/100 brn|[from] brn\n|upkeep\n|turn|23\n|inactive|Time left: 300 sec this turn | 300 sec total\n|\n|t:|1783559146\n|move|p2a: Arceus|Judgment|p1a: Qwilfish\n|-resisted|p1a: Qwilfish\n|-damage|p1a: Qwilfish|8/100 brn\n|move|p1a: Qwilfish|Gunk Shot|p2a: Arceus\n|-damage|p2a: Arceus|197/288\n|\n|-heal|p1a: Qwilfish|14/100 brn|[from] item: Leftovers\n|-damage|p1a: Qwilfish|8/100 brn|[from] brn\n|upkeep\n|turn|24\n|inactive|Time left: 300 sec this turn | 300 sec total\n|\n|t:|1783559147\n|move|p2a: Arceus|Ice Beam|p1a: Qwilfish\n|-resisted|p1a: Qwilfish\n|-damage|p1a: Qwilfish|0 fnt\n|faint|p1a: Qwilfish\n|\n|upkeep\n|\n|t:|1783559148\n|switch|p1a: Duraludon|Duraludon, L82, F|92/100\n|turn|25\n|inactive|Time left: 300 sec this turn | 300 sec total\n|\n|t:|1783559149\n|move|p2a: Arceus|Recover|p2a: Arceus\n|-heal|p2a: Arceus|288/288\n|move|p1a: Duraludon|Body Press|p2a: Arceus\n|-damage|p2a: Arceus|231/288\n|\n|upkeep\n|turn|26\n|inactive|Time left: 300 sec this turn | 300 sec total\n|\n|t:|1783559150\n|move|p2a: Arceus|Will-O-Wisp|p1a: Duraludon\n|-status|p1a: Duraludon|brn\n|move|p1a: Duraludon|Thunder Wave|p2a: Arceus\n|-status|p2a: Arceus|par\n|\n|-damage|p1a: Duraludon|86/100 brn|[from] brn\n|upkeep\n|turn|27\n|inactive|Time left: 300 sec this turn | 300 sec total\n|\n|t:|1783559151\n|switch|p1a: Alomomola|Alomomola, L87, M|100/100\n|cant|p2a: Arceus|par\n|\n|upkeep\n|turn|28\n|inactive|Time left: 300 sec this turn | 300 sec total\n|\n|t:|1783559152\n|move|p1a: Alomomola|Protect|p1a: Alomomola\n|-singleturn|p1a: Alomomola|Protect\n|move|p2a: Arceus|Will-O-Wisp|p1a: Alomomola\n|-activate|p1a: Alomomola|move: Protect\n|\n|upkeep\n|turn|29\n|inactive|Time left: 300 sec this turn | 300 sec total\n|\n|t:|1783559153\n|move|p1a: Alomomola|Wish|p1a: Alomomola\n|cant|p2a: Arceus|par\n|\n|upkeep\n|turn|30\n|inactive|Time left: 300 sec this turn | 300 sec total\n|\n|t:|1783559154\n|move|p1a: Alomomola|Flip Turn|p2a: Arceus\n|-resisted|p2a: Arceus\n|-damage|p2a: Arceus|206/288 par\n|\n|t:|1783559155\n|switch|p1a: Duraludon|Duraludon, L82, F|86/100 brn|[from] Flip Turn\n|move|p2a: Arceus|Will-O-Wisp|p1a: Duraludon\n|-fail|p1a: Duraludon|brn\n|\n|-heal|p1a: Duraludon|100/100 brn|[from] move: Wish|[wisher] Alomomola\n|-damage|p1a: Duraludon|94/100 brn|[from] brn\n|upkeep\n|turn|31\n|inactive|Time left: 300 sec this turn | 300 sec total\n|\n|t:|1783559156\n|move|p1a: Duraludon|Draco Meteor|p2a: Arceus\n|-damage|p2a: Arceus|76/288 par\n|-unboost|p1a: Duraludon|spa|2\n|cant|p2a: Arceus|par\n|\n|-damage|p1a: Duraludon|88/100 brn|[from] brn\n|upkeep\n|turn|32\n|inactive|Time left: 300 sec this turn | 300 sec total\n|\n|t:|1783559157\n|switch|p1a: Scizor|Scizor, L79, M|90/100\n|move|p2a: Arceus|Recover|p2a: Arceus\n|-heal|p2a: Arceus|220/288 par\n|\n|upkeep\n|turn|33\n|inactive|Time left: 300 sec this turn | 300 sec total\n|\n|t:|1783559158\n|move|p1a: Scizor|Close Combat|p2a: Arceus\n|-damage|p2a: Arceus|91/288 par\n|-unboost|p1a: Scizor|def|1\n|-unboost|p1a: Scizor|spd|1\n|move|p2a: Arceus|Recover|p2a: Arceus\n|-heal|p2a: Arceus|235/288 par\n|\n|upkeep\n|turn|34\n|inactive|Time left: 300 sec this turn | 300 sec total\n|\n|t:|1783559159\n|move|p1a: Scizor|Close Combat|p2a: Arceus\n|-damage|p2a: Arceus|93/288 par\n|-unboost|p1a: Scizor|def|1\n|-unboost|p1a: Scizor|spd|1\n|move|p2a: Arceus|Judgment|p1a: Scizor\n|-damage|p1a: Scizor|0 fnt\n|faint|p1a: Scizor\n|\n|upkeep\n|\n|t:|1783559160\n|switch|p1a: Duraludon|Duraludon, L82, F|88/100 brn\n|turn|35\n|inactive|Time left: 300 sec this turn | 300 sec total\n|\n|t:|1783559162\n|-terastallize|p2a: Arceus|Steel\n|move|p1a: Duraludon|Draco Meteor|p2a: Arceus\n|-resisted|p2a: Arceus\n|-damage|p2a: Arceus|19/288 par\n|-unboost|p1a: Duraludon|spa|2\n|move|p2a: Arceus|Recover|p2a: Arceus\n|-heal|p2a: Arceus|163/288 par\n|\n|-damage|p1a: Duraludon|82/100 brn|[from] brn\n|upkeep\n|turn|36\n|inactive|Time left: 300 sec this turn | 300 sec total\n|\n|t:|1783559163\n|switch|p1a: Alomomola|Alomomola, L87, M|100/100\n|move|p2a: Arceus|Recover|p2a: Arceus\n|-heal|p2a: Arceus|288/288 par\n|\n|upkeep\n|turn|37\n|inactive|Time left: 300 sec this turn | 300 sec total\n|\n|t:|1783559164\n|move|p1a: Alomomola|Scald|p2a: Arceus\n|-damage|p2a: Arceus|245/288 par\n|move|p2a: Arceus|Will-O-Wisp|p1a: Alomomola\n|-status|p1a: Alomomola|brn\n|\n|-damage|p1a: Alomomola|94/100 brn|[from] brn\n|upkeep\n|turn|38\n|inactive|Time left: 300 sec this turn | 300 sec total\n|\n|t:|1783559165\n|move|p1a: Alomomola|Wish|p1a: Alomomola\n|move|p2a: Arceus|Recover|p2a: Arceus\n|-heal|p2a: Arceus|288/288 par\n|\n|-damage|p1a: Alomomola|88/100 brn|[from] brn\n|upkeep\n|turn|39\n|inactive|Time left: 300 sec this turn | 300 sec total\n|\n|t:|1783559166\n|move|p1a: Alomomola|Flip Turn|p2a: Arceus\n|-damage|p2a: Arceus|262/288 par\n|\n|t:|1783559167\n|switch|p1a: Duraludon|Duraludon, L82, F|82/100 brn|[from] Flip Turn\n|move|p2a: Arceus|Judgment|p1a: Duraludon\n|-resisted|p1a: Duraludon\n|-damage|p1a: Duraludon|61/100 brn\n|\n|-heal|p1a: Duraludon|100/100 brn|[from] move: Wish|[wisher] Alomomola\n|-damage|p1a: Duraludon|94/100 brn|[from] brn\n|upkeep\n|turn|40\n|inactive|Time left: 300 sec this turn | 300 sec total\n|\n|t:|1783559168\n|switch|p1a: Alomomola|Alomomola, L87, M|100/100 brn\n|move|p2a: Arceus|Ice Beam|p1a: Alomomola\n|-resisted|p1a: Alomomola\n|-damage|p1a: Alomomola|91/100 brn\n|\n|-damage|p1a: Alomomola|85/100 brn|[from] brn\n|upkeep\n|turn|41\n|inactive|Time left: 300 sec this turn | 300 sec total\n|\n|t:|1783559169\n|move|p1a: Alomomola|Wish|p1a: Alomomola\n|move|p2a: Arceus|Recover|p2a: Arceus\n|-heal|p2a: Arceus|288/288 par\n|\n|-damage|p1a: Alomomola|79/100 brn|[from] brn\n|upkeep\n|turn|42\n|inactive|Time left: 300 sec this turn | 300 sec total\n|\n|t:|1783559170\n|move|p1a: Alomomola|Scald|p2a: Arceus\n|-damage|p2a: Arceus|242/288 par\n|cant|p2a: Arceus|par\n|\n|-heal|p1a: Alomomola|100/100 brn|[from] move: Wish|[wisher] Alomomola\n|-damage|p1a: Alomomola|94/100 brn|[from] brn\n|upkeep\n|turn|43\n|inactive|Time left: 300 sec this turn | 300 sec total\n|\n|t:|1783559171\n|move|p1a: Alomomola|Scald|p2a: Arceus\n|-damage|p2a: Arceus|200/288 par\n|cant|p2a: Arceus|par\n|\n|-damage|p1a: Alomomola|88/100 brn|[from] brn\n|upkeep\n|turn|44\n|inactive|Time left: 300 sec this turn | 300 sec total\n|\n|t:|1783559172\n|move|p1a: Alomomola|Wish|p1a: Alomomola\n|cant|p2a: Arceus|par\n|\n|-damage|p1a: Alomomola|82/100 brn|[from] brn\n|upkeep\n|turn|45\n|inactive|Time left: 300 sec this turn | 300 sec total\n|\n|t:|1783559173\n|move|p1a: Alomomola|Scald|p2a: Arceus\n|-damage|p2a: Arceus|154/288 par\n|move|p2a: Arceus|Recover|p2a: Arceus\n|-heal|p2a: Arceus|288/288 par\n|\n|-heal|p1a: Alomomola|100/100 brn|[from] move: Wish|[wisher] Alomomola\n|-damage|p1a: Alomomola|94/100 brn|[from] brn\n|upkeep\n|turn|46\n|inactive|Time left: 300 sec this turn | 300 sec total\n|\n|t:|1783559175\n|move|p1a: Alomomola|Wish|p1a: Alomomola\n|move|p2a: Arceus|Ice Beam|p1a: Alomomola\n|-resisted|p1a: Alomomola\n|-damage|p1a: Alomomola|84/100 brn\n|\n|-damage|p1a: Alomomola|78/100 brn|[from] brn\n|upkeep\n|turn|47\n|inactive|Time left: 300 sec this turn | 300 sec total\n|\n|t:|1783559176\n|move|p1a: Alomomola|Scald|p2a: Arceus\n|-damage|p2a: Arceus|246/288 par\n|move|p2a: Arceus|Ice Beam|p1a: Alomomola\n|-resisted|p1a: Alomomola\n|-damage|p1a: Alomomola|68/100 brn\n|\n|-heal|p1a: Alomomola|100/100 brn|[from] move: Wish|[wisher] Alomomola\n|-damage|p1a: Alomomola|94/100 brn|[from] brn\n|upkeep\n|turn|48\n|inactive|Time left: 300 sec this turn | 300 sec total\n|\n|t:|1783559177\n|move|p1a: Alomomola|Scald|p2a: Arceus\n|-damage|p2a: Arceus|203/288 par\n|move|p2a: Arceus|Judgment|p1a: Alomomola\n|-resisted|p1a: Alomomola\n|-damage|p1a: Alomomola|77/100 brn\n|\n|-damage|p1a: Alomomola|71/100 brn|[from] brn\n|upkeep\n|turn|49\n|inactive|Time left: 300 sec this turn | 300 sec total\n|\n|t:|1783559178\n|move|p1a: Alomomola|Wish|p1a: Alomomola\n|move|p2a: Arceus|Judgment|p1a: Alomomola\n|-resisted|p1a: Alomomola\n|-damage|p1a: Alomomola|53/100 brn\n|\n|-damage|p1a: Alomomola|47/100 brn|[from] brn\n|upkeep\n|turn|50\n|inactive|Time left: 300 sec this turn | 300 sec total\n|\n|t:|1783559179\n|move|p1a: Alomomola|Scald|p2a: Arceus\n|-damage|p2a: Arceus|158/288 par\n|move|p2a: Arceus|Ice Beam|p1a: Alomomola\n|-resisted|p1a: Alomomola\n|-damage|p1a: Alomomola|38/100 brn\n|\n|-heal|p1a: Alomomola|88/100 brn|[from] move: Wish|[wisher] Alomomola\n|-damage|p1a: Alomomola|82/100 brn|[from] brn\n|upkeep\n|turn|51\n|inactive|Time left: 300 sec this turn | 300 sec total\n|\n|t:|1783559180\n|move|p1a: Alomomola|Scald|p2a: Arceus\n|-damage|p2a: Arceus|113/288 par\n|move|p2a: Arceus|Ice Beam|p1a: Alomomola\n|-resisted|p1a: Alomomola\n|-damage|p1a: Alomomola|71/100 brn\n|\n|-damage|p1a: Alomomola|65/100 brn|[from] brn\n|upkeep\n|turn|52\n|inactive|Time left: 300 sec this turn | 300 sec total\n|\n|t:|1783559181\n|move|p1a: Alomomola|Flip Turn|p2a: Arceus\n|-damage|p2a: Arceus|87/288 par\n|\n|t:|1783559182\n|switch|p1a: Duraludon|Duraludon, L82, F|94/100 brn|[from] Flip Turn\n|move|p2a: Arceus|Ice Beam|p1a: Duraludon\n|-damage|p1a: Duraludon|74/100 brn\n|\n|-damage|p1a: Duraludon|68/100 brn|[from] brn\n|upkeep\n|turn|53\n|inactive|Time left: 300 sec this turn | 300 sec total\n|\n|t:|1783559183\n|move|p1a: Duraludon|Body Press|p2a: Arceus\n|-supereffective|p2a: Arceus\n|-damage|p2a: Arceus|34/288 par\n|move|p2a: Arceus|Judgment|p1a: Duraludon\n|-resisted|p1a: Duraludon\n|-damage|p1a: Duraludon|46/100 brn\n|\n|-damage|p1a: Duraludon|40/100 brn|[from] brn\n|upkeep\n|turn|54\n|inactive|Time left: 300 sec this turn | 300 sec total\n|\n|t:|1783559184\n|move|p1a: Duraludon|Flash Cannon|p2a: Arceus\n|-resisted|p2a: Arceus\n|-damage|p2a: Arceus|0 fnt\n|faint|p2a: Arceus\n|\n|win|p0x1720a4bb", "uploadtime": 1783559184, "views": 0, "rating": 0, "private": 0, "password": null, "_winner": "p0x1720a4bb", "_our_name": "p0y172064e6"}