{"id": "battle-gen9randombattle-2377", "formatid": "gen9randombattle", "format": "[Gen 9] Random Battle", "players": ["p0x23771c2a", "p0y23778076"], "log": "|init|battle\n|title|p0x23771c2a vs. p0y23778076\n|j|\u2606p0x23771c2a\n|j|\u2606p0y23778076\n|t:|1783567612\n|gametype|singles\n|player|p1|p0x23771c2a|170|\n|player|p2|p0y23778076|266|\n|gen|9\n|tier|[Gen 9] Random Battle\n|rule|Species Clause: Limit one of each Pok\u00e9mon\n|rule|HP Percentage Mod: HP is shown in percentages\n|rule|Sleep Clause Mod: Limit one foe put to sleep\n|rule|Illusion Level Mod: Illusion disguises the Pok\u00e9mon's true level\n|\n|t:|1783567612\n|teamsize|p1|6\n|teamsize|p2|6\n|start\n|switch|p1a: Jumpluff|Jumpluff, L87, M|100/100\n|switch|p2a: Leavanny|Leavanny, L86, F|269/269\n|turn|1\n|inactive|Battle timer is ON: inactive players will automatically lose when time's up. (requested by p0y23778076)\n|inactive|p0x23771c2a also wants the timer to be on.\n|\n|t:|1783567614\n|move|p1a: Jumpluff|Acrobatics|p2a: Leavanny\n|-supereffective|p2a: Leavanny\n|-enditem|p2a: Leavanny|Focus Sash\n|-damage|p2a: Leavanny|1/269\n|move|p2a: Leavanny|Sticky Web|p1a: Jumpluff\n|-sidestart|p1: p0x23771c2a|move: Sticky Web\n|\n|upkeep\n|turn|2\n|inactive|Time left: 300 sec this turn | 300 sec total\n|\n|t:|1783567615\n|move|p1a: Jumpluff|Acrobatics|p2a: Leavanny\n|-supereffective|p2a: Leavanny\n|-damage|p2a: Leavanny|0 fnt\n|faint|p2a: Leavanny\n|\n|upkeep\n|inactive|Time left: 300 sec this turn | 300 sec total | 5 sec grace\n|\n|t:|1783567616\n|switch|p2a: Porygon-Z|Porygon-Z, L83|277/277\n|turn|3\n|inactive|Time left: 300 sec this turn | 300 sec total\n|\n|t:|1783567617\n|move|p1a: Jumpluff|Acrobatics|p2a: Porygon-Z\n|-damage|p2a: Porygon-Z|178/277\n|move|p2a: Porygon-Z|Tri Attack|p1a: Jumpluff\n|-damage|p1a: Jumpluff|23/100\n|-status|p1a: Jumpluff|brn\n|\n|-damage|p1a: Jumpluff|17/100 brn|[from] brn\n|upkeep\n|turn|4\n|inactive|Time left: 300 sec this turn | 300 sec total\n|\n|t:|1783567618\n|move|p1a: Jumpluff|Strength Sap|p2a: Porygon-Z\n|-unboost|p2a: Porygon-Z|atk|1\n|-heal|p1a: Jumpluff|68/100 brn\n|move|p2a: Porygon-Z|Tri Attack|p1a: Jumpluff\n|-damage|p1a: Jumpluff|0 fnt\n|faint|p1a: Jumpluff\n|\n|upkeep\n|\n|t:|1783567619\n|switch|p1a: Florges|Florges-Orange, L85, F|100/100\n|-activate|p1a: Florges|move: Sticky Web\n|-unboost|p1a: Florges|spe|1\n|turn|5\n|inactive|Time left: 300 sec this turn | 300 sec total\n|\n|t:|1783567619\n|move|p2a: Porygon-Z|Tri Attack|p1a: Florges\n|-damage|p1a: Florges|45/100\n|move|p1a: Florges|Calm Mind|p1a: Florges\n|-boost|p1a: Florges|spa|1\n|-boost|p1a: Florges|spd|1\n|\n|-heal|p1a: Florges|51/100|[from] item: Leftovers\n|upkeep\n|turn|6\n|inactive|Time left: 300 sec this turn | 300 sec total\n|\n|t:|1783567620\n|move|p2a: Porygon-Z|Tri Attack|p1a: Florges\n|-damage|p1a: Florges|16/100\n|move|p1a: Florges|Moonblast|p2a: Porygon-Z\n|-damage|p2a: Porygon-Z|0 fnt\n|faint|p2a: Porygon-Z\n|\n|-heal|p1a: Florges|22/100|[from] item: Leftovers\n|upkeep\n|inactive|Time left: 300 sec this turn | 300 sec total | 5 sec grace\n|\n|t:|1783567621\n|switch|p2a: Kyogre|Kyogre, L71|259/259\n|-weather|RainDance|[from] ability: Drizzle|[of] p2a: Kyogre\n|turn|7\n|inactive|Time left: 300 sec this turn | 300 sec total\n|\n|t:|1783567622\n|move|p2a: Kyogre|Water Spout|p1a: Florges\n|-damage|p1a: Florges|0 fnt\n|faint|p1a: Florges\n|\n|-weather|RainDance|[upkeep]\n|upkeep\n|\n|t:|1783567622\n|switch|p1a: Kingambit|Kingambit, L74, F|100/100\n|-activate|p1a: Kingambit|move: Sticky Web\n|-unboost|p1a: Kingambit|spe|1\n|-activate|p1a: Kingambit|ability: Supreme Overlord\n|-start|p1a: Kingambit|fallen2|[silent]\n|turn|8\n|inactive|Time left: 300 sec this turn | 300 sec total\n|\n|t:|1783567623\n|move|p1a: Kingambit|Sucker Punch|p2a: Kyogre\n|-crit|p2a: Kyogre\n|-damage|p2a: Kyogre|97/259\n|move|p2a: Kyogre|Water Spout|p1a: Kingambit\n|-damage|p1a: Kingambit|62/100\n|\n|-weather|RainDance|[upkeep]\n|-heal|p1a: Kingambit|68/100|[from] item: Leftovers\n|upkeep\n|turn|9\n|inactive|Time left: 300 sec this turn | 300 sec total\n|\n|t:|1783567624\n|switch|p2a: Kingambit|Kingambit, L74, F|270/270\n|-activate|p2a: Kingambit|ability: Supreme Overlord\n|-start|p2a: Kingambit|fallen2|[silent]\n|move|p1a: Kingambit|Kowtow Cleave|p2a: Kingambit\n|-resisted|p2a: Kingambit\n|-damage|p2a: Kingambit|222/270\n|\n|-weather|RainDance|[upkeep]\n|-heal|p2a: Kingambit|238/270|[from] item: Leftovers\n|-heal|p1a: Kingambit|73/100|[from] item: Leftovers\n|upkeep\n|turn|10\n|inactive|Time left: 300 sec this turn | 300 sec total\n|\n|t:|1783567625\n|move|p2a: Kingambit|Swords Dance|p2a: Kingambit\n|-boost|p2a: Kingambit|atk|2\n|move|p1a: Kingambit|Swords Dance|p1a: Kingambit\n|-boost|p1a: Kingambit|atk|2\n|\n|-weather|RainDance|[upkeep]\n|-heal|p2a: Kingambit|254/270|[from] item: Leftovers\n|-heal|p1a: Kingambit|79/100|[from] item: Leftovers\n|upkeep\n|turn|11\n|inactive|Time left: 300 sec this turn | 300 sec total\n|\n|t:|1783567626\n|move|p2a: Kingambit|Iron Head|p1a: Kingambit\n|-resisted|p1a: Kingambit\n|-damage|p1a: Kingambit|47/100\n|move|p1a: Kingambit|Swords Dance|p1a: Kingambit\n|-boost|p1a: Kingambit|atk|2\n|\n|-weather|none\n|-heal|p2a: Kingambit|270/270|[from] item: Leftovers\n|-heal|p1a: Kingambit|53/100|[from] item: Leftovers\n|upkeep\n|turn|12\n|inactive|Time left: 300 sec this turn | 300 sec total\n|\n|t:|1783567627\n|move|p2a: Kingambit|Iron Head|p1a: Kingambit\n|-resisted|p1a: Kingambit\n|-damage|p1a: Kingambit|19/100\n|cant|p1a: Kingambit|flinch\n|\n|-heal|p1a: Kingambit|25/100|[from] item: Leftovers\n|upkeep\n|turn|13\n|inactive|Time left: 300 sec this turn | 300 sec total\n|\n|t:|1783567628\n|move|p1a: Kingambit|Sucker Punch|p2a: Kingambit\n|-resisted|p2a: Kingambit\n|-damage|p2a: Kingambit|146/270\n|move|p2a: Kingambit|Kowtow Cleave|p1a: Kingambit\n|-resisted|p1a: Kingambit\n|-damage|p1a: Kingambit|0 fnt\n|faint|p1a: Kingambit\n|-end|p1a: Kingambit|fallen2|[silent]\n|\n|-heal|p2a: Kingambit|162/270|[from] item: Leftovers\n|upkeep\n|\n|t:|1783567629\n|switch|p1a: Honchkrow|Honchkrow, L86, M|100/100\n|turn|14\n|inactive|Time left: 300 sec this turn | 300 sec total\n|\n|t:|1783567630\n|move|p1a: Honchkrow|Heat Wave|p2a: Kingambit\n|-supereffective|p2a: Kingambit\n|-damage|p2a: Kingambit|0 fnt\n|faint|p2a: Kingambit\n|-end|p2a: Kingambit|fallen2|[silent]\n|-ability|p1a: Honchkrow|Moxie|boost\n|-boost|p1a: Honchkrow|atk|1\n|\n|upkeep\n|inactive|Time left: 300 sec this turn | 300 sec total | 5 sec grace\n|\n|t:|1783567631\n|switch|p2a: Hypno|Hypno, L95, M|315/315\n|turn|15\n|inactive|Time left: 300 sec this turn | 300 sec total\n|\n|t:|1783567632\n|move|p2a: Hypno|Toxic|p1a: Honchkrow|[miss]\n|-miss|p2a: Hypno|p1a: Honchkrow\n|move|p1a: Honchkrow|Brave Bird|p2a: Hypno\n|-damage|p2a: Hypno|45/315\n|-damage|p1a: Honchkrow|72/100|[from] Recoil\n|\n|-heal|p2a: Hypno|64/315|[from] item: Leftovers\n|upkeep\n|turn|16\n|inactive|Time left: 300 sec this turn | 300 sec total\n|\n|t:|1783567633\n|move|p2a: Hypno|Toxic|p1a: Honchkrow\n|-status|p1a: Honchkrow|tox\n|move|p1a: Honchkrow|Brave Bird|p2a: Hypno\n|-damage|p2a: Hypno|0 fnt\n|faint|p2a: Hypno\n|-ability|p1a: Honchkrow|Moxie|boost\n|-boost|p1a: Honchkrow|atk|1\n|-damage|p1a: Honchkrow|65/100 tox|[from] Recoil\n|\n|-damage|p1a: Honchkrow|59/100 tox|[from] psn\n|upkeep\n|inactive|Time left: 300 sec this turn | 300 sec total | 5 sec grace\n|\n|t:|1783567634\n|switch|p2a: Solgaleo|Solgaleo, L74|325/325\n|turn|17\n|inactive|Time left: 300 sec this turn | 300 sec total\n|\n|t:|1783567635\n|-terastallize|p2a: Solgaleo|Water\n|move|p1a: Honchkrow|Sucker Punch|p2a: Solgaleo\n|-damage|p2a: Solgaleo|145/325\n|move|p2a: Solgaleo|Sunsteel Strike|p1a: Honchkrow\n|-damage|p1a: Honchkrow|7/100 tox\n|\n|-heal|p2a: Solgaleo|165/325|[from] item: Leftovers\n|-damage|p1a: Honchkrow|0 fnt|[from] psn\n|faint|p1a: Honchkrow\n|upkeep\n|\n|t:|1783567635\n|switch|p1a: Toxtricity|Toxtricity, L82, F|100/100\n|-activate|p1a: Toxtricity|move: Sticky Web\n|-unboost|p1a: Toxtricity|spe|1\n|turn|18\n|inactive|Time left: 300 sec this turn | 300 sec total\n|\n|t:|1783567636\n|-terastallize|p1a: Toxtricity|Normal\n|move|p2a: Solgaleo|Morning Sun|p2a: Solgaleo\n|-heal|p2a: Solgaleo|325/325\n|move|p1a: Toxtricity|Overdrive|p2a: Solgaleo\n|-supereffective|p2a: Solgaleo\n|-damage|p2a: Solgaleo|83/325\n|\n|-heal|p2a: Solgaleo|103/325|[from] item: Leftovers\n|upkeep\n|turn|19\n|inactive|Time left: 300 sec this turn | 300 sec total\n|\n|t:|1783567637\n|move|p2a: Solgaleo|Morning Sun|p2a: Solgaleo\n|-heal|p2a: Solgaleo|265/325\n|move|p1a: Toxtricity|Overdrive|p2a: Solgaleo\n|-supereffective|p2a: Solgaleo\n|-damage|p2a: Solgaleo|0 fnt\n|faint|p2a: Solgaleo\n|\n|upkeep\n|inactive|Time left: 300 sec this turn | 300 sec total | 5 sec grace\n|\n|t:|1783567638\n|switch|p2a: Kyogre|Kyogre, L71|97/259\n|-weather|RainDance|[from] ability: Drizzle|[of] p2a: Kyogre\n|turn|20\n|inactive|Time left: 300 sec this turn | 300 sec total\n|\n|t:|1783567639\n|move|p2a: Kyogre|Ice Beam|p1a: Toxtricity\n|-damage|p1a: Toxtricity|72/100\n|move|p1a: Toxtricity|Overdrive|p2a: Kyogre\n|-supereffective|p2a: Kyogre\n|-damage|p2a: Kyogre|0 fnt\n|faint|p2a: Kyogre\n|\n|win|p0x23771c2a", "uploadtime": 1783567639, "views": 0, "rating": 0, "private": 0, "password": null, "_winner": "p0x23771c2a", "_our_name": "p0y23778076"}