{"id": "battle-gen9randombattle-56", "formatid": "gen9randombattle", "format": "[Gen 9] Random Battle", "players": ["p0x056c754", "p0y056c7e6"], "log": "|init|battle\n|title|p0x056c754 vs. p0y056c7e6\n|j|\u2606p0x056c754\n|j|\u2606p0y056c7e6\n|t:|1783539839\n|gametype|singles\n|player|p1|p0x056c754|1|\n|player|p2|p0y056c7e6|1|\n|gen|9\n|tier|[Gen 9] Random Battle\n|rule|Species Clause: Limit one of each Pok\u00e9mon\n|rule|HP Percentage Mod: HP is shown in percentages\n|rule|Sleep Clause Mod: Limit one foe put to sleep\n|rule|Illusion Level Mod: Illusion disguises the Pok\u00e9mon's true level\n|\n|t:|1783539840\n|teamsize|p1|6\n|teamsize|p2|6\n|start\n|switch|p1a: Banette|Banette, L93, M|100/100\n|switch|p2a: Wyrdeer|Wyrdeer, L87, M|321/321\n|-ability|p2a: Wyrdeer|Intimidate|boost\n|-unboost|p1a: Banette|atk|1\n|turn|1\n|inactive|Battle timer is ON: inactive players will automatically lose when time's up. (requested by p0x056c754)\n|inactive|Time left: 300 sec this turn | 300 sec total | 60 sec grace\n|inactive|p0y056c7e6 also wants the timer to be on.\n|\n|t:|1783539841\n|switch|p1a: Landorus|Landorus-Therian, L76, M|100/100\n|-ability|p1a: Landorus|Intimidate|boost\n|-unboost|p2a: Wyrdeer|atk|1\n|move|p2a: Wyrdeer|Megahorn|p1a: Landorus\n|-resisted|p1a: Landorus\n|-damage|p1a: Landorus|88/100\n|\n|-heal|p1a: Landorus|94/100|[from] item: Leftovers\n|upkeep\n|turn|2\n|inactive|Time left: 300 sec this turn | 300 sec total\n|\n|t:|1783539842\n|switch|p2a: Minior|Minior-Orange, L79|224/224\n|-formechange|p2a: Minior|Minior-Meteor||[from] ability: Shields Down\n|move|p1a: Landorus|Earthquake|p2a: Minior\n|-immune|p2a: Minior\n|\n|-heal|p1a: Landorus|99/100|[from] item: Leftovers\n|upkeep\n|turn|3\n|inactive|Time left: 300 sec this turn | 300 sec total\n|\n|t:|1783539843\n|move|p1a: Landorus|Stone Edge|p2a: Minior\n|-supereffective|p2a: Minior\n|-damage|p2a: Minior|56/224\n|move|p2a: Minior|Shell Smash|p2a: Minior\n|-unboost|p2a: Minior|def|1\n|-unboost|p2a: Minior|spd|1\n|-boost|p2a: Minior|atk|2\n|-boost|p2a: Minior|spa|2\n|-boost|p2a: Minior|spe|2\n|-enditem|p2a: Minior|White Herb\n|-clearnegativeboost|p2a: Minior|[silent]\n|\n|-heal|p1a: Landorus|100/100|[from] item: Leftovers\n|-formechange|p2a: Minior|Minior-Orange||[from] ability: Shields Down\n|upkeep\n|turn|4\n|inactive|Time left: 300 sec this turn | 300 sec total\n|\n|t:|1783539844\n|switch|p1a: Bronzong|Bronzong, L88|100/100\n|move|p2a: Minior|Acrobatics|p1a: Bronzong\n|-resisted|p1a: Bronzong\n|-damage|p1a: Bronzong|71/100\n|\n|-heal|p1a: Bronzong|78/100|[from] item: Leftovers\n|upkeep\n|turn|5\n|inactive|Time left: 300 sec this turn | 300 sec total\n|\n|t:|1783539846\n|move|p2a: Minior|Acrobatics|p1a: Bronzong\n|-resisted|p1a: Bronzong\n|-damage|p1a: Bronzong|46/100\n|move|p1a: Bronzong|Iron Head|p2a: Minior\n|-supereffective|p2a: Minior\n|-damage|p2a: Minior|0 fnt\n|faint|p2a: Minior\n|\n|-heal|p1a: Bronzong|53/100|[from] item: Leftovers\n|upkeep\n|inactive|Time left: 300 sec this turn | 300 sec total | 5 sec grace\n|\n|t:|1783539846\n|switch|p2a: Dragapult|Dragapult, L77, M|262/262\n|turn|6\n|inactive|Time left: 300 sec this turn | 300 sec total\n|\n|t:|1783539847\n|move|p2a: Dragapult|Shadow Ball|p1a: Bronzong\n|-supereffective|p1a: Bronzong\n|-damage|p1a: Bronzong|0 fnt\n|faint|p1a: Bronzong\n|\n|upkeep\n|\n|t:|1783539848\n|switch|p1a: Vikavolt|Vikavolt, L83, F|100/100\n|turn|7\n|inactive|Time left: 300 sec this turn | 300 sec total\n|\n|t:|1783539849\n|move|p2a: Dragapult|Shadow Ball|p1a: Vikavolt\n|-damage|p1a: Vikavolt|50/100\n|move|p1a: Vikavolt|Sticky Web|p2a: Dragapult\n|-sidestart|p2: p0y056c7e6|move: Sticky Web\n|\n|upkeep\n|turn|8\n|inactive|Time left: 300 sec this turn | 300 sec total\n|\n|t:|1783539850\n|switch|p1a: Skuntank|Skuntank, L84, M|100/100\n|move|p2a: Dragapult|Shadow Ball|p1a: Skuntank\n|-resisted|p1a: Skuntank\n|-damage|p1a: Skuntank|78/100\n|-unboost|p1a: Skuntank|spd|1\n|\n|-heal|p1a: Skuntank|84/100|[from] item: Leftovers\n|upkeep\n|turn|9\n|inactive|Time left: 300 sec this turn | 300 sec total\n|\n|t:|1783539851\n|move|p2a: Dragapult|Shadow Ball|p1a: Skuntank\n|-resisted|p1a: Skuntank\n|-damage|p1a: Skuntank|52/100\n|-unboost|p1a: Skuntank|spd|1\n|move|p1a: Skuntank|Knock Off|p2a: Dragapult\n|-supereffective|p2a: Dragapult\n|-damage|p2a: Dragapult|14/262\n|-enditem|p2a: Dragapult|Choice Specs|[from] move: Knock Off|[of] p1a: Skuntank\n|\n|-heal|p1a: Skuntank|59/100|[from] item: Leftovers\n|upkeep\n|turn|10\n|inactive|Time left: 300 sec this turn | 300 sec total\n|\n|t:|1783539853\n|switch|p1a: Landorus|Landorus-Therian, L76, M|100/100\n|-ability|p1a: Landorus|Intimidate|boost\n|-unboost|p2a: Dragapult|atk|1\n|move|p2a: Dragapult|Draco Meteor|p1a: Landorus\n|-damage|p1a: Landorus|45/100\n|-unboost|p2a: Dragapult|spa|2\n|\n|-heal|p1a: Landorus|51/100|[from] item: Leftovers\n|upkeep\n|turn|11\n|inactive|Time left: 300 sec this turn | 300 sec total\n|\n|t:|1783539854\n|move|p2a: Dragapult|U-turn|p1a: Landorus\n|-resisted|p1a: Landorus\n|-damage|p1a: Landorus|45/100\n|inactive|Time left: 300 sec this turn | 300 sec total | 5 sec grace\n|\n|t:|1783539855\n|switch|p2a: Leafeon|Leafeon, L88, M|258/258|[from] U-turn\n|-activate|p2a: Leafeon|move: Sticky Web\n|-unboost|p2a: Leafeon|spe|1\n|move|p1a: Landorus|Stealth Rock|p2a: Leafeon\n|-sidestart|p2: p0y056c7e6|move: Stealth Rock\n|\n|-heal|p1a: Landorus|51/100|[from] item: Leftovers\n|upkeep\n|turn|12\n|inactive|Time left: 300 sec this turn | 300 sec total\n|\n|t:|1783539856\n|switch|p1a: Skuntank|Skuntank, L84, M|59/100\n|move|p2a: Leafeon|Swords Dance|p2a: Leafeon\n|-boost|p2a: Leafeon|atk|2\n|\n|-heal|p1a: Skuntank|65/100|[from] item: Leftovers\n|upkeep\n|turn|13\n|inactive|Time left: 300 sec this turn | 300 sec total\n|\n|t:|1783539857\n|move|p1a: Skuntank|Gunk Shot|p2a: Leafeon\n|-supereffective|p2a: Leafeon\n|-damage|p2a: Leafeon|94/258\n|-status|p2a: Leafeon|psn\n|move|p2a: Leafeon|Leaf Blade|p1a: Skuntank\n|-resisted|p1a: Skuntank\n|-damage|p1a: Skuntank|3/100\n|-damage|p2a: Leafeon|69/258 psn|[from] item: Life Orb\n|\n|-heal|p1a: Skuntank|9/100|[from] item: Leftovers\n|-damage|p2a: Leafeon|37/258 psn|[from] psn\n|upkeep\n|turn|14\n|inactive|Time left: 300 sec this turn | 300 sec total\n|\n|t:|1783539858\n|move|p1a: Skuntank|Knock Off|p2a: Leafeon\n|-damage|p2a: Leafeon|0 fnt\n|-enditem|p2a: Leafeon|Life Orb|[from] move: Knock Off|[of] p1a: Skuntank\n|faint|p2a: Leafeon\n|\n|-heal|p1a: Skuntank|15/100|[from] item: Leftovers\n|upkeep\n|inactive|Time left: 300 sec this turn | 300 sec total | 5 sec grace\n|\n|t:|1783539859\n|switch|p2a: Mamoswine|Mamoswine, L81, F|311/311\n|-activate|p2a: Mamoswine|move: Sticky Web\n|-unboost|p2a: Mamoswine|spe|1\n|-damage|p2a: Mamoswine|273/311|[from] Stealth Rock\n|turn|15\n|inactive|Time left: 300 sec this turn | 300 sec total\n|\n|t:|1783539860\n|move|p2a: Mamoswine|Ice Shard|p1a: Skuntank\n|-crit|p1a: Skuntank\n|-damage|p1a: Skuntank|0 fnt\n|faint|p1a: Skuntank\n|-damage|p2a: Mamoswine|242/311|[from] item: Life Orb\n|\n|upkeep\n|\n|t:|1783539861\n|switch|p1a: Vikavolt|Vikavolt, L83, F|50/100\n|turn|16\n|inactive|Time left: 300 sec this turn | 300 sec total\n|\n|t:|1783539862\n|move|p1a: Vikavolt|Energy Ball|p2a: Mamoswine\n|-supereffective|p2a: Mamoswine\n|-damage|p2a: Mamoswine|0 fnt\n|faint|p2a: Mamoswine\n|\n|upkeep\n|inactive|Time left: 300 sec this turn | 300 sec total | 5 sec grace\n|\n|t:|1783539863\n|switch|p2a: Skuntank|Skuntank, L84, F|310/310\n|-activate|p2a: Skuntank|move: Sticky Web\n|-unboost|p2a: Skuntank|spe|1\n|-damage|p2a: Skuntank|272/310|[from] Stealth Rock\n|turn|17\n|inactive|Time left: 300 sec this turn | 300 sec total\n|\n|t:|1783539864\n|switch|p1a: Landorus|Landorus-Therian, L76, M|51/100\n|-ability|p1a: Landorus|Intimidate|boost\n|-unboost|p2a: Skuntank|atk|1\n|move|p2a: Skuntank|Knock Off|p1a: Landorus\n|-damage|p1a: Landorus|13/100\n|-enditem|p1a: Landorus|Leftovers|[from] move: Knock Off|[of] p2a: Skuntank\n|-damage|p2a: Skuntank|241/310|[from] item: Life Orb\n|\n|upkeep\n|turn|18\n|inactive|Time left: 300 sec this turn | 300 sec total\n|\n|t:|1783539865\n|switch|p2a: Dragapult|Dragapult, L77, M|14/262\n|-activate|p2a: Dragapult|move: Sticky Web\n|-unboost|p2a: Dragapult|spe|1\n|-damage|p2a: Dragapult|0 fnt|[from] Stealth Rock\n|faint|p2a: Dragapult\n|move|p1a: Landorus|Earthquake|p2: Dragapult|[notarget]\n|-fail|p1a: Landorus\n|\n|upkeep\n|inactive|Time left: 300 sec this turn | 300 sec total | 5 sec grace\n|\n|t:|1783539866\n|switch|p2a: Wyrdeer|Wyrdeer, L87, M|321/321\n|-activate|p2a: Wyrdeer|move: Sticky Web\n|-unboost|p2a: Wyrdeer|spe|1\n|-damage|p2a: Wyrdeer|281/321|[from] Stealth Rock\n|-ability|p2a: Wyrdeer|Intimidate|boost\n|-unboost|p1a: Landorus|atk|1\n|turn|19\n|inactive|Time left: 300 sec this turn | 300 sec total\n|\n|t:|1783539867\n|move|p1a: Landorus|Earthquake|p2a: Wyrdeer\n|-damage|p2a: Wyrdeer|191/321\n|move|p2a: Wyrdeer|Psychic Noise|p1a: Landorus\n|-damage|p1a: Landorus|0 fnt\n|faint|p1a: Landorus\n|\n|-heal|p2a: Wyrdeer|211/321|[from] item: Leftovers\n|upkeep\n|\n|t:|1783539868\n|switch|p1a: Vikavolt|Vikavolt, L83, F|50/100\n|turn|20\n|inactive|Time left: 300 sec this turn | 300 sec total\n|\n|t:|1783539869\n|switch|p2a: Skuntank|Skuntank, L84, F|241/310\n|-activate|p2a: Skuntank|move: Sticky Web\n|-unboost|p2a: Skuntank|spe|1\n|-damage|p2a: Skuntank|203/310|[from] Stealth Rock\n|move|p1a: Vikavolt|Bug Buzz|p2a: Skuntank\n|-damage|p2a: Skuntank|28/310\n|\n|upkeep\n|turn|21\n|inactive|Time left: 300 sec this turn | 300 sec total\n|\n|t:|1783539870\n|move|p2a: Skuntank|Fire Blast|p1a: Vikavolt|[miss]\n|-miss|p2a: Skuntank|p1a: Vikavolt\n|move|p1a: Vikavolt|Bug Buzz|p2a: Skuntank\n|-damage|p2a: Skuntank|0 fnt\n|faint|p2a: Skuntank\n|\n|upkeep\n|inactive|Time left: 300 sec this turn | 300 sec total | 5 sec grace\n|\n|t:|1783539871\n|switch|p2a: Wyrdeer|Wyrdeer, L87, M|211/321\n|-activate|p2a: Wyrdeer|move: Sticky Web\n|-unboost|p2a: Wyrdeer|spe|1\n|-damage|p2a: Wyrdeer|171/321|[from] Stealth Rock\n|-ability|p2a: Wyrdeer|Intimidate|boost\n|-unboost|p1a: Vikavolt|atk|1\n|turn|22\n|inactive|Time left: 300 sec this turn | 300 sec total\n|\n|t:|1783539873\n|-terastallize|p2a: Wyrdeer|Ground\n|move|p1a: Vikavolt|Bug Buzz|p2a: Wyrdeer\n|-damage|p2a: Wyrdeer|18/321\n|move|p2a: Wyrdeer|Thunder Wave|p1a: Vikavolt|[miss]\n|-miss|p2a: Wyrdeer|p1a: Vikavolt\n|\n|-heal|p2a: Wyrdeer|38/321|[from] item: Leftovers\n|upkeep\n|turn|23\n|inactive|Time left: 300 sec this turn | 300 sec total\n|\n|t:|1783539874\n|-terastallize|p1a: Vikavolt|Electric\n|move|p1a: Vikavolt|Bug Buzz|p2a: Wyrdeer\n|-damage|p2a: Wyrdeer|0 fnt\n|faint|p2a: Wyrdeer\n|\n|win|p0x056c754", "uploadtime": 1783539874, "views": 0, "rating": 0, "private": 0, "password": null, "_winner": "p0x056c754", "_our_name": "p0y056c7e6"}