{"id": "battle-gen9randombattle-357", "formatid": "gen9randombattle", "format": "[Gen 9] Random Battle", "players": ["p0x3570836", "p0y3577d0d"], "log": "|init|battle\n|title|p0x3570836 vs. p0y3577d0d\n|j|\u2606p0x3570836\n|j|\u2606p0y3577d0d\n|t:|1783543283\n|gametype|singles\n|player|p1|p0x3570836|2|\n|player|p2|p0y3577d0d|2|\n|gen|9\n|tier|[Gen 9] Random Battle\n|rule|Species Clause: Limit one of each Pok\u00e9mon\n|rule|HP Percentage Mod: HP is shown in percentages\n|rule|Sleep Clause Mod: Limit one foe put to sleep\n|rule|Illusion Level Mod: Illusion disguises the Pok\u00e9mon's true level\n|\n|t:|1783543283\n|teamsize|p1|6\n|teamsize|p2|6\n|start\n|switch|p1a: Primarina|Primarina, L83, F|235/235\n|switch|p2a: Electivire|Electivire, L84, F|100/100\n|turn|1\n|inactive|Battle timer is ON: inactive players will automatically lose when time's up. (requested by p0x3570836)\n|inactive|p0y3577d0d also wants the timer to be on.\n|\n|t:|1783543285\n|switch|p1a: Chesnaught|Chesnaught, L84, F|285/285\n|move|p2a: Electivire|Supercell Slam|p1a: Chesnaught\n|-resisted|p1a: Chesnaught\n|-damage|p1a: Chesnaught|205/285\n|-damage|p2a: Electivire|84/100|[from] item: Rocky Helmet|[of] p1a: Chesnaught\n|\n|upkeep\n|turn|2\n|inactive|Time left: 300 sec this turn | 300 sec total\n|\n|t:|1783543286\n|switch|p2a: Espathra|Espathra, L80, M|100/100\n|move|p1a: Chesnaught|Spikes|p2a: Espathra\n|-sidestart|p2: p0y3577d0d|Spikes\n|\n|upkeep\n|turn|3\n|inactive|Time left: 300 sec this turn | 300 sec total\n|\n|t:|1783543286\n|switch|p1a: Incineroar|Incineroar, L82, F|290/290\n|-ability|p1a: Incineroar|Intimidate|boost\n|-unboost|p2a: Espathra|atk|1\n|move|p2a: Espathra|Calm Mind|p2a: Espathra\n|-boost|p2a: Espathra|spa|1\n|-boost|p2a: Espathra|spd|1\n|\n|-ability|p2a: Espathra|Speed Boost|boost\n|-boost|p2a: Espathra|spe|1\n|upkeep\n|turn|4\n|inactive|Time left: 300 sec this turn | 300 sec total\n|\n|t:|1783543287\n|move|p2a: Espathra|Protect|p2a: Espathra\n|-singleturn|p2a: Espathra|Protect\n|move|p1a: Incineroar|Knock Off|p2a: Espathra\n|-activate|p2a: Espathra|move: Protect\n|\n|-ability|p2a: Espathra|Speed Boost|boost\n|-boost|p2a: Espathra|spe|1\n|upkeep\n|turn|5\n|inactive|Time left: 300 sec this turn | 300 sec total\n|\n|t:|1783543288\n|-terastallize|p2a: Espathra|Fairy\n|move|p2a: Espathra|Calm Mind|p2a: Espathra\n|-boost|p2a: Espathra|spa|1\n|-boost|p2a: Espathra|spd|1\n|move|p1a: Incineroar|Knock Off|p2a: Espathra\n|-resisted|p2a: Espathra\n|-damage|p2a: Espathra|71/100\n|-enditem|p2a: Espathra|Leftovers|[from] move: Knock Off|[of] p1a: Incineroar\n|\n|-ability|p2a: Espathra|Speed Boost|boost\n|-boost|p2a: Espathra|spe|1\n|upkeep\n|turn|6\n|inactive|Time left: 300 sec this turn | 300 sec total\n|\n|t:|1783543288\n|move|p2a: Espathra|Dazzling Gleam|p1a: Incineroar\n|-damage|p1a: Incineroar|172/290\n|move|p1a: Incineroar|U-turn|p2a: Espathra\n|-resisted|p2a: Espathra\n|-damage|p2a: Espathra|58/100\n|inactive|Time left: 300 sec this turn | 300 sec total | 5 sec grace\n|\n|t:|1783543289\n|switch|p1a: Chesnaught|Chesnaught, L84, F|205/285|[from] U-turn\n|\n|-ability|p2a: Espathra|Speed Boost|boost\n|-boost|p2a: Espathra|spe|1\n|upkeep\n|turn|7\n|inactive|Time left: 300 sec this turn | 300 sec total\n|\n|t:|1783543290\n|switch|p1a: Incineroar|Incineroar, L82, F|172/290\n|-ability|p1a: Incineroar|Intimidate|boost\n|-unboost|p2a: Espathra|atk|1\n|move|p2a: Espathra|Stored Power|p1a: Incineroar\n|-immune|p1a: Incineroar\n|\n|-ability|p2a: Espathra|Speed Boost|boost\n|-boost|p2a: Espathra|spe|1\n|upkeep\n|turn|8\n|inactive|Time left: 300 sec this turn | 300 sec total\n|\n|t:|1783543291\n|move|p1a: Incineroar|Fake Out|p2a: Espathra\n|-damage|p2a: Espathra|43/100\n|cant|p2a: Espathra|flinch\n|\n|-ability|p2a: Espathra|Speed Boost|boost\n|-boost|p2a: Espathra|spe|1\n|upkeep\n|turn|9\n|inactive|Time left: 300 sec this turn | 300 sec total\n|\n|t:|1783543292\n|move|p2a: Espathra|Dazzling Gleam|p1a: Incineroar\n|-damage|p1a: Incineroar|66/290\n|move|p1a: Incineroar|U-turn|p2a: Espathra\n|-resisted|p2a: Espathra\n|-damage|p2a: Espathra|31/100\n|inactive|Time left: 300 sec this turn | 300 sec total | 5 sec grace\n|\n|t:|1783543293\n|switch|p1a: Primarina|Primarina, L83, F|268/268|[from] U-turn\n|\n|upkeep\n|turn|10\n|inactive|Time left: 300 sec this turn | 300 sec total\n|\n|t:|1783543294\n|-terastallize|p1a: Primarina|Steel\n|move|p2a: Espathra|Stored Power|p1a: Primarina\n|-resisted|p1a: Primarina\n|-damage|p1a: Primarina|88/268\n|move|p1a: Primarina|Sparkling Aria|p2a: Espathra\n|-crit|p2a: Espathra\n|-damage|p2a: Espathra|0 fnt\n|faint|p2a: Espathra\n|\n|-heal|p1a: Primarina|104/268|[from] item: Leftovers\n|upkeep\n|\n|t:|1783543295\n|switch|p2a: Sandaconda|Sandaconda, L84, M|100/100\n|-damage|p2a: Sandaconda|88/100|[from] Spikes\n|turn|11\n|inactive|Time left: 300 sec this turn | 300 sec total\n|\n|t:|1783543297\n|switch|p1a: Chesnaught|Chesnaught, L84, F|205/285\n|move|p2a: Sandaconda|Earthquake|p1a: Chesnaught\n|-resisted|p1a: Chesnaught\n|-damage|p1a: Chesnaught|161/285\n|\n|-heal|p2a: Sandaconda|94/100|[from] item: Leftovers\n|upkeep\n|turn|12\n|inactive|Time left: 300 sec this turn | 300 sec total\n|\n|t:|1783543298\n|move|p2a: Sandaconda|Coil|p2a: Sandaconda\n|-boost|p2a: Sandaconda|atk|1\n|-boost|p2a: Sandaconda|def|1\n|-boost|p2a: Sandaconda|accuracy|1\n|move|p1a: Chesnaught|Wood Hammer|p2a: Sandaconda\n|-supereffective|p2a: Sandaconda\n|-damage|p2a: Sandaconda|35/100\n|-damage|p1a: Chesnaught|111/285|[from] Recoil\n|\n|-heal|p2a: Sandaconda|42/100|[from] item: Leftovers\n|upkeep\n|turn|13\n|inactive|Time left: 300 sec this turn | 300 sec total\n|\n|t:|1783543299\n|move|p2a: Sandaconda|Rest|p2a: Sandaconda\n|-status|p2a: Sandaconda|slp|[from] move: Rest\n|-heal|p2a: Sandaconda|100/100 slp|[silent]\n|move|p1a: Chesnaught|Wood Hammer|p2a: Sandaconda\n|-supereffective|p2a: Sandaconda\n|-damage|p2a: Sandaconda|42/100 slp\n|-damage|p1a: Chesnaught|61/285|[from] Recoil\n|\n|-heal|p2a: Sandaconda|48/100 slp|[from] item: Leftovers\n|upkeep\n|turn|14\n|inactive|Time left: 300 sec this turn | 300 sec total\n|\n|t:|1783543300\n|cant|p2a: Sandaconda|slp\n|move|p1a: Chesnaught|Wood Hammer|p2a: Sandaconda\n|-supereffective|p2a: Sandaconda\n|-damage|p2a: Sandaconda|0 fnt\n|faint|p2a: Sandaconda\n|-damage|p1a: Chesnaught|21/285|[from] Recoil\n|\n|upkeep\n|\n|t:|1783543301\n|switch|p2a: Spectrier|Spectrier, L75|100/100\n|-damage|p2a: Spectrier|88/100|[from] Spikes\n|turn|15\n|inactive|Time left: 300 sec this turn | 300 sec total\n|\n|t:|1783543302\n|switch|p1a: Primarina|Primarina, L83, F, tera:Steel|104/268\n|move|p2a: Spectrier|Nasty Plot|p2a: Spectrier\n|-boost|p2a: Spectrier|spa|2\n|\n|-heal|p1a: Primarina|120/268|[from] item: Leftovers\n|upkeep\n|turn|16\n|inactive|Time left: 300 sec this turn | 300 sec total\n|\n|t:|1783543303\n|switch|p1a: Chesnaught|Chesnaught, L84, F|21/285\n|move|p2a: Spectrier|Dark Pulse|p1a: Chesnaught\n|-resisted|p1a: Chesnaught\n|-damage|p1a: Chesnaught|0 fnt\n|faint|p1a: Chesnaught\n|-ability|p2a: Spectrier|Grim Neigh|boost\n|-boost|p2a: Spectrier|spa|1\n|-damage|p2a: Spectrier|78/100|[from] item: Life Orb\n|\n|upkeep\n|inactive|Time left: 300 sec this turn | 300 sec total | 5 sec grace\n|\n|t:|1783543304\n|switch|p1a: Electrode|Electrode, L92|260/260\n|turn|17\n|inactive|Time left: 300 sec this turn | 300 sec total\n|\n|t:|1783543305\n|move|p1a: Electrode|Volt Switch|p2a: Spectrier\n|-damage|p2a: Spectrier|37/100\n|-damage|p1a: Electrode|234/260|[from] item: Life Orb\n|inactive|Time left: 300 sec this turn | 300 sec total | 5 sec grace\n|\n|t:|1783543306\n|switch|p1a: Incineroar|Incineroar, L82, F|66/290|[from] Volt Switch\n|-ability|p1a: Incineroar|Intimidate|boost\n|-unboost|p2a: Spectrier|atk|1\n|move|p2a: Spectrier|Shadow Ball|p1a: Incineroar\n|-resisted|p1a: Incineroar\n|-damage|p1a: Incineroar|0 fnt\n|faint|p1a: Incineroar\n|-ability|p2a: Spectrier|Grim Neigh|boost\n|-boost|p2a: Spectrier|spa|1\n|-damage|p2a: Spectrier|27/100|[from] item: Life Orb\n|\n|upkeep\n|inactive|Time left: 300 sec this turn | 300 sec total | 10 sec grace\n|\n|t:|1783543307\n|switch|p1a: Electrode|Electrode, L92|234/260\n|turn|18\n|inactive|Time left: 300 sec this turn | 300 sec total\n|\n|t:|1783543308\n|switch|p2a: Electivire|Electivire, L84, F|84/100\n|-damage|p2a: Electivire|72/100|[from] Spikes\n|move|p1a: Electrode|Volt Switch|p2a: Electivire\n|-ability|p2a: Electivire|Motor Drive|boost\n|-boost|p2a: Electivire|spe|1\n|\n|upkeep\n|turn|19\n|inactive|Time left: 300 sec this turn | 300 sec total\n|\n|t:|1783543309\n|move|p1a: Electrode|Tera Blast|p2a: Electivire\n|-damage|p2a: Electivire|43/100\n|-damage|p1a: Electrode|208/260|[from] item: Life Orb\n|move|p2a: Electivire|Earthquake|p1a: Electrode\n|-supereffective|p1a: Electrode\n|-damage|p1a: Electrode|0 fnt\n|faint|p1a: Electrode\n|\n|upkeep\n|inactive|Time left: 300 sec this turn | 300 sec total | 5 sec grace\n|\n|t:|1783543311\n|switch|p1a: Primarina|Primarina, L83, F|235/235\n|-start|p1a: Primarina|typechange|Steel|[silent]\n|turn|20\n|inactive|Time left: 300 sec this turn | 300 sec total\n|\n|t:|1783543312\n|switch|p1a: Primarina|Primarina, L83, F, tera:Steel|120/268\n|move|p2a: Electivire|Earthquake|p1a: Primarina\n|-supereffective|p1a: Primarina\n|-damage|p1a: Primarina|0 fnt\n|faint|p1a: Primarina\n|\n|upkeep\n|inactive|Time left: 300 sec this turn | 300 sec total | 5 sec grace\n|\n|t:|1783543313\n|switch|p1a: Minun|Minun, L95, M|235/235\n|turn|21\n|inactive|Time left: 300 sec this turn | 300 sec total\n|\n|t:|1783543314\n|move|p2a: Electivire|Earthquake|p1a: Minun\n|-damage|p1a: Minun|58/235\n|replace|p1a: Zoroark|Zoroark, L83, M\n|-end|p1a: Zoroark|Illusion\n|-hint|Illusion Level Mod is active, so this Pok\u00e9mon's true level was hidden.\n|move|p1a: Zoroark|Dark Pulse|p2a: Electivire\n|-damage|p2a: Electivire|0 fnt\n|faint|p2a: Electivire\n|-damage|p1a: Zoroark|35/235|[from] item: Life Orb\n|\n|upkeep\n|\n|t:|1783543315\n|switch|p2a: Chien-Pao|Chien-Pao, L72|100/100\n|-ability|p2a: Chien-Pao|Sword of Ruin\n|turn|22\n|inactive|Time left: 300 sec this turn | 300 sec total\n|\n|t:|1783543316\n|move|p2a: Chien-Pao|Throat Chop|p1a: Zoroark\n|-resisted|p1a: Zoroark\n|-damage|p1a: Zoroark|0 fnt\n|faint|p1a: Zoroark\n|\n|upkeep\n|inactive|Time left: 300 sec this turn | 300 sec total | 5 sec grace\n|\n|t:|1783543317\n|switch|p1a: Minun|Minun, L95, M|268/268\n|turn|23\n|inactive|Time left: 300 sec this turn | 300 sec total\n|\n|t:|1783543318\n|move|p2a: Chien-Pao|Throat Chop|p1a: Minun\n|-damage|p1a: Minun|136/268\n|-start|p1a: Minun|Throat Chop|[silent]\n|move|p1a: Minun|Thunderbolt|p2a: Chien-Pao\n|-crit|p2a: Chien-Pao\n|-damage|p2a: Chien-Pao|0 fnt\n|faint|p2a: Chien-Pao\n|-damage|p1a: Minun|110/268|[from] item: Life Orb\n|\n|upkeep\n|\n|t:|1783543320\n|switch|p2a: Spectrier|Spectrier, L75|27/100\n|-damage|p2a: Spectrier|15/100|[from] Spikes\n|turn|24\n|inactive|Time left: 300 sec this turn | 300 sec total\n|\n|t:|1783543321\n|move|p2a: Spectrier|Shadow Ball|p1a: Minun\n|-damage|p1a: Minun|0 fnt\n|faint|p1a: Minun\n|-damage|p2a: Spectrier|5/100|[from] item: Life Orb\n|\n|win|p0y3577d0d", "uploadtime": 1783543321, "views": 0, "rating": 0, "private": 0, "password": null, "_winner": "p0y3577d0d", "_our_name": "p0x3570836"}