{"id": "battle-gen9randombattle-9", "formatid": "gen9randombattle", "format": "[Gen 9] Random Battle", "players": ["p0x009e06b", "p0y009b848"], "log": "|init|battle\n|title|p0x009e06b vs. p0y009b848\n|j|\u2606p0x009e06b\n|j|\u2606p0y009b848\n|t:|1783533937\n|gametype|singles\n|player|p1|p0x009e06b|2|\n|player|p2|p0y009b848|1|\n|gen|9\n|tier|[Gen 9] Random Battle\n|rule|Species Clause: Limit one of each Pok\u00e9mon\n|rule|HP Percentage Mod: HP is shown in percentages\n|rule|Sleep Clause Mod: Limit one foe put to sleep\n|rule|Illusion Level Mod: Illusion disguises the Pok\u00e9mon's true level\n|\n|t:|1783533937\n|teamsize|p1|6\n|teamsize|p2|6\n|start\n|switch|p1a: Banette|Banette, L93, M|270/270\n|switch|p2a: Regieleki|Regieleki, L79|100/100\n|turn|1\n|inactive|Battle timer is ON: inactive players will automatically lose when time's up. (requested by p0y009b848)\n|inactive|Time left: 300 sec this turn | 300 sec total | 60 sec grace\n|inactive|p0x009e06b also wants the timer to be on.\n|\n|t:|1783533938\n|move|p2a: Regieleki|Volt Switch|p1a: Banette\n|-damage|p1a: Banette|140/270\n|\n|t:|1783533939\n|switch|p2a: Persian|Persian, L92, F|100/100|[from] Volt Switch\n|move|p1a: Banette|Poltergeist|p2a: Persian\n|-immune|p2a: Persian\n|\n|upkeep\n|turn|2\n|inactive|Time left: 300 sec this turn | 300 sec total\n|\n|t:|1783533940\n|switch|p1a: Arboliva|Arboliva, L91, M|290/290\n|move|p2a: Persian|Knock Off|p1a: Arboliva\n|-damage|p1a: Arboliva|231/290\n|-fieldstart|move: Grassy Terrain|[from] ability: Seed Sower|[of] p1a: Arboliva\n|-enditem|p1a: Arboliva|Leftovers|[from] move: Knock Off|[of] p2a: Persian\n|\n|-heal|p1a: Arboliva|249/290|[from] Grassy Terrain\n|upkeep\n|turn|3\n|inactive|Time left: 300 sec this turn | 300 sec total\n|\n|t:|1783533941\n|switch|p2a: Lucario|Lucario, L84, F|100/100\n|move|p1a: Arboliva|Energy Ball|p2a: Lucario\n|-resisted|p2a: Lucario\n|-damage|p2a: Lucario|60/100\n|\n|-heal|p2a: Lucario|66/100|[from] Grassy Terrain\n|-heal|p1a: Arboliva|267/290|[from] Grassy Terrain\n|upkeep\n|turn|4\n|inactive|Time left: 300 sec this turn | 300 sec total\n|\n|t:|1783533943\n|move|p2a: Lucario|Close Combat|p1a: Arboliva\n|-supereffective|p1a: Arboliva\n|-damage|p1a: Arboliva|0 fnt\n|-unboost|p2a: Lucario|def|1\n|-unboost|p2a: Lucario|spd|1\n|faint|p1a: Arboliva\n|-damage|p2a: Lucario|57/100|[from] item: Life Orb\n|\n|-heal|p2a: Lucario|62/100|[from] Grassy Terrain\n|upkeep\n|inactive|Time left: 300 sec this turn | 300 sec total | 5 sec grace\n|\n|t:|1783533944\n|switch|p1a: Toucannon|Toucannon, L88, M|284/284\n|turn|5\n|inactive|Time left: 300 sec this turn | 300 sec total\n|\n|t:|1783533945\n|-singleturn|p1a: Toucannon|move: Beak Blast\n|move|p2a: Lucario|Close Combat|p1a: Toucannon\n|-damage|p1a: Toucannon|85/284\n|-status|p2a: Lucario|brn\n|-unboost|p2a: Lucario|def|1\n|-unboost|p2a: Lucario|spd|1\n|-damage|p2a: Lucario|53/100 brn|[from] item: Life Orb\n|move|p1a: Toucannon|Beak Blast|p2a: Lucario\n|-damage|p2a: Lucario|0 fnt\n|faint|p2a: Lucario\n|\n|upkeep\n|\n|t:|1783533946\n|switch|p2a: Quaquaval|Quaquaval, L79, M|100/100\n|turn|6\n|inactive|Time left: 300 sec this turn | 300 sec total\n|\n|t:|1783533947\n|switch|p1a: Sceptile|Sceptile, L87, M|264/264\n|move|p2a: Quaquaval|Aqua Step|p1a: Sceptile\n|-resisted|p1a: Sceptile\n|-damage|p1a: Sceptile|210/264\n|-boost|p2a: Quaquaval|spe|1\n|\n|-heal|p1a: Sceptile|226/264|[from] Grassy Terrain\n|-fieldend|move: Grassy Terrain\n|upkeep\n|turn|7\n|inactive|Time left: 300 sec this turn | 300 sec total\n|\n|t:|1783533947\n|-terastallize|p2a: Quaquaval|Steel\n|move|p2a: Quaquaval|Swords Dance|p2a: Quaquaval\n|-boost|p2a: Quaquaval|atk|2\n|move|p1a: Sceptile|Giga Drain|p2a: Quaquaval\n|-resisted|p2a: Quaquaval\n|-damage|p2a: Quaquaval|76/100\n|-heal|p1a: Sceptile|259/264|[from] drain|[of] p2a: Quaquaval\n|-damage|p1a: Sceptile|233/264|[from] item: Life Orb\n|\n|-heal|p2a: Quaquaval|82/100|[from] item: Leftovers\n|upkeep\n|turn|8\n|inactive|Time left: 300 sec this turn | 300 sec total\n|\n|t:|1783533949\n|switch|p1a: Swalot|Swalot, L90, M|326/326\n|move|p2a: Quaquaval|Close Combat|p1a: Swalot\n|-resisted|p1a: Swalot\n|-damage|p1a: Swalot|186/326\n|-unboost|p2a: Quaquaval|def|1\n|-unboost|p2a: Quaquaval|spd|1\n|\n|-heal|p2a: Quaquaval|88/100|[from] item: Leftovers\n|-heal|p1a: Swalot|206/326|[from] item: Leftovers\n|upkeep\n|turn|9\n|inactive|Time left: 300 sec this turn | 300 sec total\n|\n|t:|1783533950\n|move|p2a: Quaquaval|Aqua Step|p1a: Swalot\n|-damage|p1a: Swalot|29/326\n|-boost|p2a: Quaquaval|spe|1\n|move|p1a: Swalot|Earthquake|p2a: Quaquaval\n|-supereffective|p2a: Quaquaval\n|-damage|p2a: Quaquaval|0 fnt\n|faint|p2a: Quaquaval\n|\n|-heal|p1a: Swalot|49/326|[from] item: Leftovers\n|upkeep\n|\n|t:|1783533951\n|switch|p2a: Persian|Persian, L92, F|100/100\n|turn|10\n|inactive|Time left: 300 sec this turn | 300 sec total\n|\n|t:|1783533952\n|move|p1a: Swalot|Protect|p1a: Swalot\n|-singleturn|p1a: Swalot|Protect\n|move|p2a: Persian|Double-Edge|p1a: Swalot\n|-activate|p1a: Swalot|move: Protect\n|\n|-heal|p1a: Swalot|69/326|[from] item: Leftovers\n|upkeep\n|turn|11\n|inactive|Time left: 300 sec this turn | 300 sec total\n|\n|t:|1783533953\n|switch|p1a: Banette|Banette, L93, M|140/270\n|move|p2a: Persian|Double-Edge|p1a: Banette\n|-immune|p1a: Banette\n|\n|upkeep\n|turn|12\n|inactive|Time left: 300 sec this turn | 300 sec total\n|\n|t:|1783533954\n|move|p2a: Persian|Knock Off|p1a: Banette\n|-supereffective|p1a: Banette\n|-damage|p1a: Banette|0 fnt\n|-enditem|p1a: Banette|Life Orb|[from] move: Knock Off|[of] p2a: Persian\n|faint|p1a: Banette\n|\n|upkeep\n|inactive|Time left: 300 sec this turn | 300 sec total | 5 sec grace\n|\n|t:|1783533955\n|switch|p1a: Sceptile|Sceptile, L87, M|233/264\n|turn|13\n|inactive|Time left: 300 sec this turn | 300 sec total\n|\n|t:|1783533956\n|move|p2a: Persian|Knock Off|p1a: Sceptile\n|-damage|p1a: Sceptile|160/264\n|-enditem|p1a: Sceptile|Life Orb|[from] move: Knock Off|[of] p2a: Persian\n|move|p1a: Sceptile|Giga Drain|p2a: Persian\n|-damage|p2a: Persian|66/100\n|-heal|p1a: Sceptile|207/264|[from] drain|[of] p2a: Persian\n|\n|upkeep\n|turn|14\n|inactive|Time left: 300 sec this turn | 300 sec total\n|\n|t:|1783533957\n|move|p2a: Persian|U-turn|p1a: Sceptile\n|-supereffective|p1a: Sceptile\n|-damage|p1a: Sceptile|101/264\n|\n|t:|1783533958\n|switch|p2a: Deoxys|Deoxys-Speed, L82|100/100|[from] U-turn\n|-ability|p2a: Deoxys|Pressure\n|move|p1a: Sceptile|Giga Drain|p2a: Deoxys\n|-crit|p2a: Deoxys\n|-damage|p2a: Deoxys|38/100\n|-heal|p1a: Sceptile|169/264|[from] drain|[of] p2a: Deoxys\n|\n|upkeep\n|turn|15\n|inactive|Time left: 300 sec this turn | 300 sec total\n|\n|t:|1783533959\n|move|p2a: Deoxys|Psycho Boost|p1a: Sceptile\n|-damage|p1a: Sceptile|0 fnt\n|-unboost|p2a: Deoxys|spa|2\n|faint|p1a: Sceptile\n|-damage|p2a: Deoxys|28/100|[from] item: Life Orb\n|\n|upkeep\n|inactive|Time left: 300 sec this turn | 300 sec total | 5 sec grace\n|\n|t:|1783533960\n|switch|p1a: Electrode|Electrode, L92|260/260\n|turn|16\n|inactive|Time left: 300 sec this turn | 300 sec total\n|\n|t:|1783533961\n|switch|p2a: Dugtrio|Dugtrio, L84, M|100/100\n|move|p1a: Electrode|Volt Switch|p2a: Dugtrio\n|-immune|p2a: Dugtrio\n|\n|upkeep\n|turn|17\n|inactive|Time left: 300 sec this turn | 300 sec total\n|\n|t:|1783533962\n|move|p1a: Electrode|Explosion|p2a: Dugtrio\n|-damage|p2a: Dugtrio|0 fnt\n|faint|p1a: Electrode\n|faint|p2a: Dugtrio\n|\n|upkeep\n|inactive|Time left: 300 sec this turn | 300 sec total | 5 sec grace\n|\n|t:|1783533963\n|switch|p1a: Swalot|Swalot, L90, M|69/326\n|switch|p2a: Deoxys|Deoxys-Speed, L82|28/100\n|-ability|p2a: Deoxys|Pressure\n|turn|18\n|inactive|Time left: 300 sec this turn | 300 sec total\n|\n|t:|1783533964\n|move|p1a: Swalot|Protect|p1a: Swalot\n|-singleturn|p1a: Swalot|Protect\n|move|p2a: Deoxys|Knock Off|p1a: Swalot\n|-activate|p1a: Swalot|move: Protect\n|\n|-heal|p1a: Swalot|89/326|[from] item: Leftovers\n|upkeep\n|turn|19\n|inactive|Time left: 300 sec this turn | 300 sec total\n|\n|t:|1783533965\n|move|p1a: Swalot|Protect|p1a: Swalot\n|-singleturn|p1a: Swalot|Protect\n|move|p2a: Deoxys|Psycho Boost|p1a: Swalot\n|-activate|p1a: Swalot|move: Protect\n|\n|-heal|p1a: Swalot|109/326|[from] item: Leftovers\n|upkeep\n|turn|20\n|inactive|Time left: 300 sec this turn | 300 sec total\n|\n|t:|1783533966\n|switch|p1a: Toucannon|Toucannon, L88, M|85/284\n|move|p2a: Deoxys|Psycho Boost|p1a: Toucannon\n|-damage|p1a: Toucannon|0 fnt\n|-unboost|p2a: Deoxys|spa|2\n|faint|p1a: Toucannon\n|-damage|p2a: Deoxys|18/100|[from] item: Life Orb\n|\n|upkeep\n|inactive|Time left: 300 sec this turn | 300 sec total | 5 sec grace\n|\n|t:|1783533967\n|switch|p1a: Swalot|Swalot, L90, M|109/326\n|turn|21\n|inactive|Time left: 300 sec this turn | 300 sec total\n|\n|t:|1783533968\n|-terastallize|p1a: Swalot|Ground\n|move|p1a: Swalot|Protect|p1a: Swalot\n|-singleturn|p1a: Swalot|Protect\n|move|p2a: Deoxys|Knock Off|p1a: Swalot\n|-activate|p1a: Swalot|move: Protect\n|\n|-heal|p1a: Swalot|129/326|[from] item: Leftovers\n|upkeep\n|turn|22\n|inactive|Time left: 300 sec this turn | 300 sec total\n|\n|t:|1783533969\n|move|p2a: Deoxys|Knock Off|p1a: Swalot\n|-damage|p1a: Swalot|42/326\n|-enditem|p1a: Swalot|Leftovers|[from] move: Knock Off|[of] p2a: Deoxys\n|-damage|p2a: Deoxys|8/100|[from] item: Life Orb\n|move|p1a: Swalot|Toxic|p2a: Deoxys\n|-status|p2a: Deoxys|tox\n|\n|-damage|p2a: Deoxys|2/100 tox|[from] psn\n|upkeep\n|turn|23\n|inactive|Time left: 300 sec this turn | 300 sec total\n|\n|t:|1783533970\n|move|p1a: Swalot|Protect|p1a: Swalot\n|-singleturn|p1a: Swalot|Protect\n|move|p2a: Deoxys|Knock Off|p1a: Swalot\n|-activate|p1a: Swalot|move: Protect\n|\n|-damage|p2a: Deoxys|0 fnt|[from] psn\n|faint|p2a: Deoxys\n|upkeep\n|\n|t:|1783533971\n|switch|p2a: Regieleki|Regieleki, L79|100/100\n|turn|24\n|inactive|Time left: 300 sec this turn | 300 sec total\n|\n|t:|1783533971\n|move|p1a: Swalot|Protect||[still]\n|-fail|p1a: Swalot\n|move|p2a: Regieleki|Tera Blast|p1a: Swalot\n|-damage|p1a: Swalot|0 fnt\n|faint|p1a: Swalot\n|\n|win|p0y009b848", "uploadtime": 1783533971, "views": 0, "rating": 0, "private": 0, "password": null, "_winner": "p0y009b848", "_our_name": "p0x009e06b"}