{"id": "battle-gen9randombattle-1961", "formatid": "gen9randombattle", "format": "[Gen 9] Random Battle", "players": ["p0x19611c3d", "p0y1961ec1c"], "log": "|init|battle\n|title|p0x19611c3d vs. p0y1961ec1c\n|j|\u2606p0x19611c3d\n|j|\u2606p0y1961ec1c\n|t:|1783562679\n|gametype|singles\n|player|p1|p0x19611c3d|170|\n|player|p2|p0y1961ec1c|266|\n|gen|9\n|tier|[Gen 9] Random Battle\n|rule|Species Clause: Limit one of each Pok\u00e9mon\n|rule|HP Percentage Mod: HP is shown in percentages\n|rule|Sleep Clause Mod: Limit one foe put to sleep\n|rule|Illusion Level Mod: Illusion disguises the Pok\u00e9mon's true level\n|\n|t:|1783562679\n|teamsize|p1|6\n|teamsize|p2|6\n|start\n|switch|p1a: Tyranitar|Tyranitar, L78, M|100/100\n|switch|p2a: Regieleki|Regieleki, L79|256/256\n|-weather|Sandstorm|[from] ability: Sand Stream|[of] p1a: Tyranitar\n|turn|1\n|inactive|Battle timer is ON: inactive players will automatically lose when time's up. (requested by p0y1961ec1c)\n|\n|t:|1783562680\n|move|p2a: Regieleki|Volt Switch|p1a: Tyranitar\n|-damage|p1a: Tyranitar|75/100\n|inactive|Time left: 300 sec this turn | 300 sec total | 65 sec grace\n|inactive|p0x19611c3d also wants the timer to be on.\n|\n|t:|1783562682\n|switch|p2a: Sandaconda|Sandaconda, L84, M|258/258|[from] Volt Switch\n|move|p1a: Tyranitar|Knock Off|p2a: Sandaconda\n|-damage|p2a: Sandaconda|176/258\n|-enditem|p2a: Sandaconda|Leftovers|[from] move: Knock Off|[of] p1a: Tyranitar\n|\n|-weather|Sandstorm|[upkeep]\n|-heal|p1a: Tyranitar|81/100|[from] item: Leftovers\n|upkeep\n|turn|2\n|inactive|Time left: 300 sec this turn | 300 sec total\n|\n|t:|1783562683\n|switch|p1a: Heatran|Heatran, L79, F|100/100\n|-item|p1a: Heatran|Air Balloon\n|move|p2a: Sandaconda|Earthquake|p1a: Heatran\n|-immune|p1a: Heatran\n|\n|-weather|Sandstorm|[upkeep]\n|upkeep\n|turn|3\n|inactive|Time left: 300 sec this turn | 300 sec total\n|\n|t:|1783562684\n|move|p2a: Sandaconda|Glare|p1a: Heatran\n|-status|p1a: Heatran|par\n|move|p1a: Heatran|Stealth Rock|p2a: Sandaconda\n|-sidestart|p2: p0y1961ec1c|move: Stealth Rock\n|\n|-weather|Sandstorm|[upkeep]\n|upkeep\n|turn|4\n|inactive|Time left: 300 sec this turn | 300 sec total\n|\n|t:|1783562685\n|move|p2a: Sandaconda|Stone Edge|p1a: Heatran\n|-damage|p1a: Heatran|77/100 par\n|-enditem|p1a: Heatran|Air Balloon\n|move|p1a: Heatran|Lava Plume|p2a: Sandaconda\n|-damage|p2a: Sandaconda|61/258\n|-status|p2a: Sandaconda|brn\n|\n|-weather|Sandstorm|[upkeep]\n|-damage|p2a: Sandaconda|45/258 brn|[from] brn\n|upkeep\n|turn|5\n|inactive|Time left: 300 sec this turn | 300 sec total\n|\n|t:|1783562686\n|switch|p1a: Basculegion|Basculegion, L80, M|100/100\n|move|p2a: Sandaconda|Rest|p2a: Sandaconda\n|-status|p2a: Sandaconda|slp|[from] move: Rest\n|-heal|p2a: Sandaconda|258/258 slp|[silent]\n|\n|-weather|none\n|-activate|p2a: Sandaconda|ability: Shed Skin\n|-curestatus|p2a: Sandaconda|slp|[msg]\n|upkeep\n|turn|6\n|inactive|Time left: 300 sec this turn | 300 sec total\n|\n|t:|1783562687\n|move|p1a: Basculegion|Wave Crash|p2a: Sandaconda\n|-supereffective|p2a: Sandaconda\n|-damage|p2a: Sandaconda|0 fnt\n|faint|p2a: Sandaconda\n|-damage|p1a: Basculegion|74/100|[from] Recoil\n|\n|upkeep\n|inactive|Time left: 300 sec this turn | 300 sec total | 5 sec grace\n|\n|t:|1783562688\n|switch|p2a: Serperior|Serperior, L79, F|248/248\n|-damage|p2a: Serperior|217/248|[from] Stealth Rock\n|turn|7\n|inactive|Time left: 300 sec this turn | 300 sec total\n|\n|t:|1783562689\n|switch|p1a: Solgaleo|Solgaleo, L74|100/100\n|move|p2a: Serperior|Leaf Storm|p1a: Solgaleo\n|-resisted|p1a: Solgaleo\n|-damage|p1a: Solgaleo|82/100\n|-boost|p2a: Serperior|spa|2\n|\n|-heal|p2a: Serperior|232/248|[from] item: Leftovers\n|-heal|p1a: Solgaleo|88/100|[from] item: Leftovers\n|upkeep\n|turn|8\n|inactive|Time left: 300 sec this turn | 300 sec total\n|\n|t:|1783562690\n|move|p2a: Serperior|Leaf Storm|p1a: Solgaleo\n|-resisted|p1a: Solgaleo\n|-damage|p1a: Solgaleo|53/100\n|-boost|p2a: Serperior|spa|2\n|move|p1a: Solgaleo|Knock Off|p2a: Serperior\n|-damage|p2a: Serperior|162/248\n|-enditem|p2a: Serperior|Leftovers|[from] move: Knock Off|[of] p1a: Solgaleo\n|\n|-heal|p1a: Solgaleo|59/100|[from] item: Leftovers\n|upkeep\n|turn|9\n|inactive|Time left: 300 sec this turn | 300 sec total\n|\n|t:|1783562692\n|move|p2a: Serperior|Leaf Storm|p1a: Solgaleo|[miss]\n|-miss|p2a: Serperior|p1a: Solgaleo\n|move|p1a: Solgaleo|Sunsteel Strike|p2a: Serperior\n|-damage|p2a: Serperior|62/248\n|\n|-heal|p1a: Solgaleo|65/100|[from] item: Leftovers\n|upkeep\n|turn|10\n|inactive|Time left: 300 sec this turn | 300 sec total\n|\n|t:|1783562693\n|move|p2a: Serperior|Leaf Storm|p1a: Solgaleo\n|-resisted|p1a: Solgaleo\n|-damage|p1a: Solgaleo|17/100\n|-boost|p2a: Serperior|spa|2\n|move|p1a: Solgaleo|Sunsteel Strike|p2a: Serperior\n|-damage|p2a: Serperior|0 fnt\n|faint|p2a: Serperior\n|\n|-heal|p1a: Solgaleo|23/100|[from] item: Leftovers\n|upkeep\n|inactive|Time left: 300 sec this turn | 300 sec total | 5 sec grace\n|\n|t:|1783562694\n|switch|p2a: Swalot|Swalot, L90, F|326/326\n|-damage|p2a: Swalot|286/326|[from] Stealth Rock\n|turn|11\n|inactive|Time left: 300 sec this turn | 300 sec total\n|\n|t:|1783562695\n|move|p1a: Solgaleo|Morning Sun|p1a: Solgaleo\n|-heal|p1a: Solgaleo|73/100\n|move|p2a: Swalot|Swords Dance|p2a: Swalot\n|-boost|p2a: Swalot|atk|2\n|\n|-heal|p1a: Solgaleo|79/100|[from] item: Leftovers\n|-heal|p2a: Swalot|306/326|[from] item: Leftovers\n|upkeep\n|turn|12\n|inactive|Time left: 300 sec this turn | 300 sec total\n|\n|t:|1783562696\n|switch|p1a: Mandibuzz|Mandibuzz, L85, F|100/100\n|move|p2a: Swalot|Knock Off|p1a: Mandibuzz\n|-resisted|p1a: Mandibuzz\n|-damage|p1a: Mandibuzz|85/100\n|-enditem|p1a: Mandibuzz|Heavy-Duty Boots|[from] move: Knock Off|[of] p2a: Swalot\n|\n|-heal|p2a: Swalot|326/326|[from] item: Leftovers\n|upkeep\n|turn|13\n|inactive|Time left: 300 sec this turn | 300 sec total\n|\n|t:|1783562697\n|move|p1a: Mandibuzz|Foul Play|p2a: Swalot\n|-damage|p2a: Swalot|154/326\n|move|p2a: Swalot|Gunk Shot|p1a: Mandibuzz|[miss]\n|-miss|p2a: Swalot|p1a: Mandibuzz\n|\n|-heal|p2a: Swalot|174/326|[from] item: Leftovers\n|upkeep\n|turn|14\n|inactive|Time left: 300 sec this turn | 300 sec total\n|\n|t:|1783562698\n|move|p1a: Mandibuzz|Foul Play|p2a: Swalot\n|-damage|p2a: Swalot|0 fnt\n|faint|p2a: Swalot\n|\n|upkeep\n|inactive|Time left: 300 sec this turn | 300 sec total | 5 sec grace\n|\n|t:|1783562698\n|switch|p2a: Grimmsnarl|Grimmsnarl, L83, M|293/293\n|-damage|p2a: Grimmsnarl|257/293|[from] Stealth Rock\n|turn|15\n|inactive|Time left: 300 sec this turn | 300 sec total\n|\n|t:|1783562699\n|move|p1a: Mandibuzz|U-turn|p2a: Grimmsnarl\n|-damage|p2a: Grimmsnarl|211/293\n|\n|t:|1783562700\n|switch|p1a: Solgaleo|Solgaleo, L74|79/100|[from] U-turn\n|move|p2a: Grimmsnarl|Spirit Break|p1a: Solgaleo\n|-resisted|p1a: Solgaleo\n|-crit|p1a: Solgaleo\n|-damage|p1a: Solgaleo|59/100\n|\n|-heal|p1a: Solgaleo|65/100|[from] item: Leftovers\n|-heal|p2a: Grimmsnarl|229/293|[from] item: Leftovers\n|upkeep\n|turn|16\n|inactive|Time left: 300 sec this turn | 300 sec total\n|\n|t:|1783562701\n|move|p2a: Grimmsnarl|Thunder Wave|p1a: Solgaleo\n|-status|p1a: Solgaleo|par\n|cant|p1a: Solgaleo|par\n|\n|-heal|p2a: Grimmsnarl|247/293|[from] item: Leftovers\n|-heal|p1a: Solgaleo|72/100 par|[from] item: Leftovers\n|upkeep\n|turn|17\n|inactive|Time left: 300 sec this turn | 300 sec total\n|\n|t:|1783562702\n|move|p2a: Grimmsnarl|Sucker Punch|p1a: Solgaleo\n|-supereffective|p1a: Solgaleo\n|-damage|p1a: Solgaleo|18/100 par\n|move|p1a: Solgaleo|Sunsteel Strike|p2a: Grimmsnarl\n|-supereffective|p2a: Grimmsnarl\n|-damage|p2a: Grimmsnarl|0 fnt\n|faint|p2a: Grimmsnarl\n|\n|-heal|p1a: Solgaleo|24/100 par|[from] item: Leftovers\n|upkeep\n|inactive|Time left: 300 sec this turn | 300 sec total | 5 sec grace\n|\n|t:|1783562703\n|switch|p2a: Regieleki|Regieleki, L79|256/256\n|-damage|p2a: Regieleki|224/256|[from] Stealth Rock\n|turn|18\n|inactive|Time left: 300 sec this turn | 300 sec total\n|\n|t:|1783562704\n|switch|p1a: Tyranitar|Tyranitar, L78, M|81/100\n|-weather|Sandstorm|[from] ability: Sand Stream|[of] p1a: Tyranitar\n|move|p2a: Regieleki|Thunderbolt|p1a: Tyranitar\n|-damage|p1a: Tyranitar|50/100\n|\n|-weather|Sandstorm|[upkeep]\n|-damage|p2a: Regieleki|208/256|[from] Sandstorm\n|-heal|p1a: Tyranitar|56/100|[from] item: Leftovers\n|upkeep\n|turn|19\n|inactive|Time left: 300 sec this turn | 300 sec total\n|\n|t:|1783562705\n|move|p2a: Regieleki|Thunderbolt|p1a: Tyranitar\n|-damage|p1a: Tyranitar|27/100\n|move|p1a: Tyranitar|Earthquake|p2a: Regieleki\n|-supereffective|p2a: Regieleki\n|-damage|p2a: Regieleki|0 fnt\n|faint|p2a: Regieleki\n|\n|-weather|Sandstorm|[upkeep]\n|-heal|p1a: Tyranitar|33/100|[from] item: Leftovers\n|upkeep\n|inactive|Time left: 300 sec this turn | 300 sec total | 5 sec grace\n|\n|t:|1783562706\n|switch|p2a: Illumise|Illumise, L91, F|266/266\n|turn|20\n|inactive|Time left: 300 sec this turn | 300 sec total\n|\n|t:|1783562707\n|-terastallize|p1a: Tyranitar|Rock\n|move|p2a: Illumise|Bug Buzz|p1a: Tyranitar\n|-damage|p1a: Tyranitar|12/100\n|move|p1a: Tyranitar|Stone Edge|p2a: Illumise\n|-supereffective|p2a: Illumise\n|-damage|p2a: Illumise|0 fnt\n|faint|p2a: Illumise\n|\n|win|p0x19611c3d", "uploadtime": 1783562707, "views": 0, "rating": 0, "private": 0, "password": null, "_winner": "p0x19611c3d", "_our_name": "p0y1961ec1c"}