{"id": "battle-gen9randombattle-2455", "formatid": "gen9randombattle", "format": "[Gen 9] Random Battle", "players": ["p0x2455f8ad", "p0y24551d49"], "log": "|init|battle\n|title|p0x2455f8ad vs. p0y24551d49\n|j|\u2606p0x2455f8ad\n|j|\u2606p0y24551d49\n|t:|1783567488\n|gametype|singles\n|player|p1|p0x2455f8ad|170|\n|player|p2|p0y24551d49|2|\n|gen|9\n|tier|[Gen 9] Random Battle\n|rule|Species Clause: Limit one of each Pok\u00e9mon\n|rule|HP Percentage Mod: HP is shown in percentages\n|rule|Sleep Clause Mod: Limit one foe put to sleep\n|rule|Illusion Level Mod: Illusion disguises the Pok\u00e9mon's true level\n|\n|t:|1783567488\n|teamsize|p1|6\n|teamsize|p2|6\n|start\n|switch|p1a: Tsareena|Tsareena, L87, F|267/267\n|switch|p2a: Eiscue|Eiscue, L88, F|100/100\n|turn|1\n|inactive|Battle timer is ON: inactive players will automatically lose when time's up. (requested by p0y24551d49)\n|inactive|Time left: 300 sec this turn | 300 sec total | 60 sec grace\n|inactive|p0x2455f8ad also wants the timer to be on.\n|\n|t:|1783567490\n|switch|p1a: Iron Crown|Iron Crown, L78|268/268\n|move|p2a: Eiscue|Belly Drum|p2a: Eiscue\n|-damage|p2a: Eiscue|50/100\n|-setboost|p2a: Eiscue|atk|6|[from] move: Belly Drum\n|-enditem|p2a: Eiscue|Sitrus Berry|[eat]\n|-heal|p2a: Eiscue|75/100|[from] item: Sitrus Berry\n|\n|upkeep\n|turn|2\n|inactive|Time left: 300 sec this turn | 300 sec total\n|\n|t:|1783567491\n|-terastallize|p2a: Eiscue|Ground\n|move|p1a: Iron Crown|Tachyon Cutter|p2a: Eiscue\n|-damage|p2a: Eiscue|46/100\n|-damage|p2a: Eiscue|16/100\n|-hitcount|p2a: Eiscue|2\n|move|p2a: Eiscue|Tera Blast|p1a: Iron Crown|[anim] Tera Blast Ground\n|-supereffective|p1a: Iron Crown\n|-damage|p1a: Iron Crown|0 fnt\n|faint|p1a: Iron Crown\n|-end|p1a: Iron Crown|Quark Drive|[silent]\n|\n|upkeep\n|inactive|Time left: 300 sec this turn | 300 sec total | 5 sec grace\n|\n|t:|1783567492\n|switch|p1a: Azelf|Azelf, L82|257/257\n|turn|3\n|inactive|Time left: 300 sec this turn | 300 sec total\n|\n|t:|1783567493\n|move|p1a: Azelf|Dazzling Gleam|p2a: Eiscue\n|-damage|p2a: Eiscue|0 fnt\n|faint|p2a: Eiscue\n|-damage|p1a: Azelf|232/257|[from] item: Life Orb\n|\n|upkeep\n|\n|t:|1783567494\n|switch|p2a: Skeledirge|Skeledirge, L79, M|100/100\n|turn|4\n|inactive|Time left: 300 sec this turn | 300 sec total\n|\n|t:|1783567496\n|move|p1a: Azelf|Nasty Plot|p1a: Azelf\n|-boost|p1a: Azelf|spa|2\n|move|p2a: Skeledirge|Hex|p1a: Azelf\n|-supereffective|p1a: Azelf\n|-crit|p1a: Azelf\n|-damage|p1a: Azelf|0 fnt\n|faint|p1a: Azelf\n|\n|upkeep\n|inactive|Time left: 300 sec this turn | 300 sec total | 5 sec grace\n|\n|t:|1783567497\n|switch|p1a: Lapras|Lapras, L87, F|368/368\n|turn|5\n|inactive|Time left: 300 sec this turn | 300 sec total\n|\n|t:|1783567498\n|switch|p2a: Slowbro|Slowbro-Galar, L87, F|100/100\n|move|p1a: Lapras|Sparkling Aria|p2a: Slowbro\n|-damage|p2a: Slowbro|65/100\n|\n|-heal|p2a: Slowbro|71/100|[from] item: Leftovers\n|upkeep\n|turn|6\n|inactive|Time left: 300 sec this turn | 300 sec total\n|\n|t:|1783567499\n|move|p1a: Lapras|Freeze-Dry|p2a: Slowbro\n|-damage|p2a: Slowbro|46/100\n|-status|p2a: Slowbro|frz\n|cant|p2a: Slowbro|frz\n|\n|-heal|p2a: Slowbro|53/100 frz|[from] item: Leftovers\n|upkeep\n|turn|7\n|inactive|Time left: 300 sec this turn | 300 sec total\n|\n|t:|1783567500\n|switch|p2a: Ariados|Ariados, L95, F|100/100\n|move|p1a: Lapras|Sparkling Aria|p2a: Ariados\n|-crit|p2a: Ariados\n|-damage|p2a: Ariados|51/100\n|\n|upkeep\n|turn|8\n|inactive|Time left: 300 sec this turn | 300 sec total\n|\n|t:|1783567501\n|move|p1a: Lapras|Freeze-Dry|p2a: Ariados\n|-damage|p2a: Ariados|23/100\n|move|p2a: Ariados|Sticky Web|p1a: Lapras\n|-sidestart|p1: p0x2455f8ad|move: Sticky Web\n|\n|upkeep\n|turn|9\n|inactive|Time left: 300 sec this turn | 300 sec total\n|\n|t:|1783567502\n|switch|p2a: Slowbro|Slowbro-Galar, L87, F|86/100 frz\n|move|p1a: Lapras|Sparkling Aria|p2a: Slowbro\n|-damage|p2a: Slowbro|52/100 frz\n|\n|-heal|p2a: Slowbro|58/100 frz|[from] item: Leftovers\n|upkeep\n|turn|10\n|inactive|Time left: 300 sec this turn | 300 sec total\n|\n|t:|1783567503\n|move|p1a: Lapras|Sparkling Aria|p2a: Slowbro\n|-damage|p2a: Slowbro|26/100 frz\n|cant|p2a: Slowbro|frz\n|\n|-heal|p2a: Slowbro|32/100 frz|[from] item: Leftovers\n|upkeep\n|turn|11\n|inactive|Time left: 300 sec this turn | 300 sec total\n|\n|t:|1783567505\n|switch|p2a: Dondozo|Dondozo, L78, F|100/100\n|move|p1a: Lapras|Sparkling Aria|p2a: Dondozo\n|-resisted|p2a: Dondozo\n|-damage|p2a: Dondozo|83/100\n|\n|-heal|p2a: Dondozo|89/100|[from] item: Leftovers\n|upkeep\n|turn|12\n|inactive|Time left: 300 sec this turn | 300 sec total\n|\n|t:|1783567506\n|switch|p2a: Slowbro|Slowbro-Galar, L87, F|65/100 frz\n|move|p1a: Lapras|Freeze-Dry|p2a: Slowbro\n|-damage|p2a: Slowbro|37/100 frz\n|\n|-heal|p2a: Slowbro|43/100 frz|[from] item: Leftovers\n|upkeep\n|turn|13\n|inactive|Time left: 300 sec this turn | 300 sec total\n|\n|t:|1783567507\n|move|p1a: Lapras|Freeze-Dry|p2a: Slowbro\n|-damage|p2a: Slowbro|16/100 frz\n|cant|p2a: Slowbro|frz\n|\n|-heal|p2a: Slowbro|22/100 frz|[from] item: Leftovers\n|upkeep\n|turn|14\n|inactive|Time left: 300 sec this turn | 300 sec total\n|\n|t:|1783567508\n|switch|p2a: Skeledirge|Skeledirge, L79, M|100/100\n|move|p1a: Lapras|Freeze-Dry|p2a: Skeledirge\n|-resisted|p2a: Skeledirge\n|-damage|p2a: Skeledirge|85/100\n|\n|upkeep\n|turn|15\n|inactive|Time left: 300 sec this turn | 300 sec total\n|\n|t:|1783567509\n|switch|p2a: Slowbro|Slowbro-Galar, L87, F|56/100 frz\n|move|p1a: Lapras|Sparkling Aria|p2a: Slowbro\n|-damage|p2a: Slowbro|22/100 frz\n|\n|-heal|p2a: Slowbro|28/100 frz|[from] item: Leftovers\n|upkeep\n|turn|16\n|inactive|Time left: 300 sec this turn | 300 sec total\n|\n|t:|1783567510\n|switch|p2a: Dondozo|Dondozo, L78, F|89/100\n|move|p1a: Lapras|Freeze-Dry|p2a: Dondozo\n|-supereffective|p2a: Dondozo\n|-damage|p2a: Dondozo|36/100\n|-status|p2a: Dondozo|frz\n|\n|-heal|p2a: Dondozo|42/100 frz|[from] item: Leftovers\n|upkeep\n|turn|17\n|inactive|Time left: 300 sec this turn | 300 sec total\n|\n|t:|1783567511\n|switch|p2a: Slowbro|Slowbro-Galar, L87, F|61/100 frz\n|move|p1a: Lapras|Freeze-Dry|p2a: Slowbro\n|-damage|p2a: Slowbro|34/100 frz\n|\n|-heal|p2a: Slowbro|40/100 frz|[from] item: Leftovers\n|upkeep\n|turn|18\n|inactive|Time left: 300 sec this turn | 300 sec total\n|\n|t:|1783567512\n|switch|p2a: Dondozo|Dondozo, L78, F|42/100 frz\n|move|p1a: Lapras|Sparkling Aria|p2a: Dondozo\n|-resisted|p2a: Dondozo\n|-damage|p2a: Dondozo|23/100 frz\n|\n|-heal|p2a: Dondozo|30/100 frz|[from] item: Leftovers\n|upkeep\n|turn|19\n|inactive|Time left: 300 sec this turn | 300 sec total\n|\n|t:|1783567513\n|switch|p2a: Slowbro|Slowbro-Galar, L87, F|73/100 frz\n|move|p1a: Lapras|Freeze-Dry|p2a: Slowbro\n|-damage|p2a: Slowbro|46/100 frz\n|\n|-heal|p2a: Slowbro|52/100 frz|[from] item: Leftovers\n|upkeep\n|turn|20\n|inactive|Time left: 300 sec this turn | 300 sec total\n|\n|t:|1783567514\n|switch|p2a: Dondozo|Dondozo, L78, F|30/100 frz\n|move|p1a: Lapras|Sparkling Aria|p2a: Dondozo\n|-resisted|p2a: Dondozo\n|-damage|p2a: Dondozo|12/100 frz\n|\n|-heal|p2a: Dondozo|18/100 frz|[from] item: Leftovers\n|upkeep\n|turn|21\n|inactive|Time left: 300 sec this turn | 300 sec total\n|\n|t:|1783567514\n|switch|p2a: Slowbro|Slowbro-Galar, L87, F|85/100 frz\n|move|p1a: Lapras|Freeze-Dry|p2a: Slowbro\n|-damage|p2a: Slowbro|58/100 frz\n|\n|-heal|p2a: Slowbro|64/100 frz|[from] item: Leftovers\n|upkeep\n|turn|22\n|inactive|Time left: 300 sec this turn | 300 sec total\n|\n|t:|1783567515\n|move|p1a: Lapras|Sparkling Aria|p2a: Slowbro\n|-damage|p2a: Slowbro|31/100 frz\n|-curestatus|p2a: Slowbro|frz|[msg]\n|move|p2a: Slowbro|Psychic|p1a: Lapras\n|-damage|p1a: Lapras|271/368\n|\n|-heal|p2a: Slowbro|37/100|[from] item: Leftovers\n|upkeep\n|turn|23\n|inactive|Time left: 300 sec this turn | 300 sec total\n|\n|t:|1783567516\n|move|p1a: Lapras|Freeze-Dry|p2a: Slowbro\n|-damage|p2a: Slowbro|10/100\n|-status|p2a: Slowbro|frz\n|cant|p2a: Slowbro|frz\n|\n|-heal|p2a: Slowbro|16/100 frz|[from] item: Leftovers\n|upkeep\n|turn|24\n|inactive|Time left: 300 sec this turn | 300 sec total\n|\n|t:|1783567517\n|switch|p2a: Dondozo|Dondozo, L78, F|18/100 frz\n|move|p1a: Lapras|Freeze-Dry|p2a: Dondozo\n|-supereffective|p2a: Dondozo\n|-damage|p2a: Dondozo|0 fnt\n|faint|p2a: Dondozo\n|\n|upkeep\n|\n|t:|1783567518\n|switch|p2a: Flamigo|Flamigo, L82, M|100/100\n|turn|25\n|inactive|Time left: 300 sec this turn | 300 sec total\n|\n|t:|1783567519\n|-terastallize|p1a: Lapras|Poison\n|move|p2a: Flamigo|Close Combat|p1a: Lapras\n|-resisted|p1a: Lapras\n|-damage|p1a: Lapras|171/368\n|-unboost|p2a: Flamigo|def|1\n|-unboost|p2a: Flamigo|spd|1\n|-damage|p2a: Flamigo|91/100|[from] item: Life Orb\n|move|p1a: Lapras|Freeze-Dry|p2a: Flamigo\n|-supereffective|p2a: Flamigo\n|-damage|p2a: Flamigo|0 fnt\n|faint|p2a: Flamigo\n|\n|upkeep\n|\n|t:|1783567520\n|switch|p2a: Slowbro|Slowbro-Galar, L87, F|49/100 frz\n|turn|26\n|inactive|Time left: 300 sec this turn | 300 sec total\n|\n|t:|1783567521\n|move|p1a: Lapras|Sparkling Aria|p2a: Slowbro\n|-damage|p2a: Slowbro|16/100 frz\n|cant|p2a: Slowbro|frz\n|\n|-heal|p2a: Slowbro|22/100 frz|[from] item: Leftovers\n|upkeep\n|turn|27\n|inactive|Time left: 300 sec this turn | 300 sec total\n|\n|t:|1783567522\n|switch|p2a: Ariados|Ariados, L95, F|23/100\n|move|p1a: Lapras|Sparkling Aria|p2a: Ariados\n|-damage|p2a: Ariados|0 fnt\n|faint|p2a: Ariados\n|\n|upkeep\n|\n|t:|1783567523\n|switch|p2a: Slowbro|Slowbro-Galar, L87, F|56/100 frz\n|turn|28\n|inactive|Time left: 300 sec this turn | 300 sec total\n|\n|t:|1783567524\n|move|p1a: Lapras|Sparkling Aria|p2a: Slowbro\n|-damage|p2a: Slowbro|20/100 frz\n|-curestatus|p2a: Slowbro|frz|[msg]\n|move|p2a: Slowbro|Slack Off|p2a: Slowbro\n|-heal|p2a: Slowbro|71/100\n|\n|-heal|p2a: Slowbro|77/100|[from] item: Leftovers\n|upkeep\n|turn|29\n|inactive|Time left: 300 sec this turn | 300 sec total\n|\n|t:|1783567525\n|move|p1a: Lapras|Freeze-Dry|p2a: Slowbro\n|-damage|p2a: Slowbro|50/100\n|move|p2a: Slowbro|Psychic|p1a: Lapras\n|-supereffective|p1a: Lapras\n|-damage|p1a: Lapras|0 fnt\n|faint|p1a: Lapras\n|\n|-heal|p2a: Slowbro|56/100|[from] item: Leftovers\n|upkeep\n|inactive|Time left: 300 sec this turn | 300 sec total | 5 sec grace\n|\n|t:|1783567526\n|switch|p1a: Tsareena|Tsareena, L87, F|267/267\n|-activate|p1a: Tsareena|move: Sticky Web\n|-unboost|p1a: Tsareena|spe|1\n|turn|30\n|inactive|Time left: 300 sec this turn | 300 sec total\n|\n|t:|1783567527\n|switch|p2a: Skeledirge|Skeledirge, L79, M|85/100\n|move|p1a: Tsareena|Knock Off|p2a: Skeledirge\n|-supereffective|p2a: Skeledirge\n|-damage|p2a: Skeledirge|5/100\n|-enditem|p2a: Skeledirge|Heavy-Duty Boots|[from] move: Knock Off|[of] p1a: Tsareena\n|\n|upkeep\n|turn|31\n|inactive|Time left: 300 sec this turn | 300 sec total\n|\n|t:|1783567528\n|move|p2a: Skeledirge|Will-O-Wisp|p1a: Tsareena\n|-status|p1a: Tsareena|brn\n|move|p1a: Tsareena|Knock Off|p2a: Skeledirge\n|-supereffective|p2a: Skeledirge\n|-damage|p2a: Skeledirge|0 fnt\n|faint|p2a: Skeledirge\n|\n|-damage|p1a: Tsareena|251/267 brn|[from] brn\n|upkeep\n|\n|t:|1783567529\n|switch|p2a: Slowbro|Slowbro-Galar, L87, F|89/100\n|turn|32\n|inactive|Time left: 300 sec this turn | 300 sec total\n|\n|t:|1783567530\n|move|p1a: Tsareena|Knock Off|p2a: Slowbro\n|-supereffective|p2a: Slowbro\n|-damage|p2a: Slowbro|48/100\n|-enditem|p2a: Slowbro|Leftovers|[from] move: Knock Off|[of] p1a: Tsareena\n|move|p2a: Slowbro|Slack Off|p2a: Slowbro\n|-heal|p2a: Slowbro|98/100\n|\n|-damage|p1a: Tsareena|235/267 brn|[from] brn\n|upkeep\n|turn|33\n|inactive|Time left: 300 sec this turn | 300 sec total\n|\n|t:|1783567531\n|move|p1a: Tsareena|Knock Off|p2a: Slowbro\n|-supereffective|p2a: Slowbro\n|-damage|p2a: Slowbro|70/100\n|move|p2a: Slowbro|Shell Side Arm|p1a: Tsareena|[anim] Shell Side Arm Physical\n|-supereffective|p1a: Tsareena\n|-damage|p1a: Tsareena|37/267 brn\n|-hint|Physical Shell Side Arm\n|\n|-damage|p1a: Tsareena|21/267 brn|[from] brn\n|upkeep\n|turn|34\n|inactive|Time left: 300 sec this turn | 300 sec total\n|\n|t:|1783567531\n|move|p1a: Tsareena|Knock Off|p2a: Slowbro\n|-supereffective|p2a: Slowbro\n|-damage|p2a: Slowbro|46/100\n|move|p2a: Slowbro|Slack Off|p2a: Slowbro\n|-heal|p2a: Slowbro|96/100\n|\n|-damage|p1a: Tsareena|5/267 brn|[from] brn\n|upkeep\n|turn|35\n|inactive|Time left: 300 sec this turn | 300 sec total\n|\n|t:|1783567532\n|move|p1a: Tsareena|Knock Off|p2a: Slowbro\n|-supereffective|p2a: Slowbro\n|-damage|p2a: Slowbro|72/100\n|move|p2a: Slowbro|Slack Off|p2a: Slowbro\n|-heal|p2a: Slowbro|100/100\n|\n|-damage|p1a: Tsareena|0 fnt|[from] brn\n|faint|p1a: Tsareena\n|upkeep\n|inactive|Time left: 300 sec this turn | 300 sec total | 5 sec grace\n|\n|t:|1783567533\n|switch|p1a: Glastrier|Glastrier, L86|312/312\n|turn|36\n|inactive|Time left: 300 sec this turn | 300 sec total\n|\n|t:|1783567534\n|move|p2a: Slowbro|Shell Side Arm|p1a: Glastrier|[anim] Shell Side Arm Special\n|-damage|p1a: Glastrier|233/312\n|-hint|Special Shell Side Arm\n|move|p1a: Glastrier|Swords Dance|p1a: Glastrier\n|-boost|p1a: Glastrier|atk|2\n|\n|upkeep\n|turn|37\n|inactive|Time left: 300 sec this turn | 300 sec total\n|\n|t:|1783567535\n|move|p2a: Slowbro|Psychic|p1a: Glastrier\n|-crit|p1a: Glastrier\n|-damage|p1a: Glastrier|107/312\n|move|p1a: Glastrier|Swords Dance|p1a: Glastrier\n|-boost|p1a: Glastrier|atk|2\n|\n|upkeep\n|turn|38\n|inactive|Time left: 300 sec this turn | 300 sec total\n|\n|t:|1783567536\n|move|p2a: Slowbro|Shell Side Arm|p1a: Glastrier|[anim] Shell Side Arm Special\n|-damage|p1a: Glastrier|19/312\n|-hint|Special Shell Side Arm\n|-status|p1a: Glastrier|psn\n|move|p1a: Glastrier|Heavy Slam|p2a: Slowbro\n|-damage|p2a: Slowbro|0 fnt\n|faint|p2a: Slowbro\n|\n|win|p0x2455f8ad", "uploadtime": 1783567536, "views": 0, "rating": 0, "private": 0, "password": null, "_winner": "p0x2455f8ad", "_our_name": "p0x2455f8ad"}