{"id": "battle-gen9randombattle-1431", "formatid": "gen9randombattle", "format": "[Gen 9] Random Battle", "players": ["p0x14315977", "p0y14312c4e"], "log": "|init|battle\n|title|p0x14315977 vs. p0y14312c4e\n|j|\u2606p0x14315977\n|j|\u2606p0y14312c4e\n|t:|1783556665\n|gametype|singles\n|player|p1|p0x14315977|170|\n|player|p2|p0y14312c4e|1|\n|gen|9\n|tier|[Gen 9] Random Battle\n|rule|Species Clause: Limit one of each Pok\u00e9mon\n|rule|HP Percentage Mod: HP is shown in percentages\n|rule|Sleep Clause Mod: Limit one foe put to sleep\n|rule|Illusion Level Mod: Illusion disguises the Pok\u00e9mon's true level\n|\n|t:|1783556665\n|teamsize|p1|6\n|teamsize|p2|6\n|start\n|switch|p1a: Venomoth|Venomoth, L84, M|100/100\n|switch|p2a: Coalossal|Coalossal, L89, M|341/341\n|turn|1\n|inactive|Battle timer is ON: inactive players will automatically lose when time's up. (requested by p0y14312c4e)\n|\n|t:|1783556666\n|switch|p1a: Clawitzer|Clawitzer, L87, M|100/100\n|move|p2a: Coalossal|Stone Edge|p1a: Clawitzer\n|-damage|p1a: Clawitzer|66/100\n|\n|upkeep\n|turn|2\n|inactive|Time left: 300 sec this turn | 300 sec total\n|inactive|p0x14315977 also wants the timer to be on.\n|\n|t:|1783556668\n|switch|p2a: Tropius|Tropius, L91, M|328/328\n|move|p1a: Clawitzer|Water Pulse|p2a: Tropius\n|-resisted|p2a: Tropius\n|-damage|p2a: Tropius|249/328\n|\n|upkeep\n|turn|3\n|inactive|Time left: 300 sec this turn | 300 sec total\n|\n|t:|1783556669\n|move|p1a: Clawitzer|Water Pulse|p2a: Tropius\n|-resisted|p2a: Tropius\n|-damage|p2a: Tropius|170/328\n|move|p2a: Tropius|Dragon Dance|p2a: Tropius\n|-boost|p2a: Tropius|atk|1\n|-boost|p2a: Tropius|spe|1\n|\n|upkeep\n|turn|4\n|inactive|Time left: 300 sec this turn | 300 sec total\n|\n|t:|1783556670\n|move|p2a: Tropius|Leaf Blade|p1a: Clawitzer\n|-supereffective|p1a: Clawitzer\n|-crit|p1a: Clawitzer\n|-damage|p1a: Clawitzer|0 fnt\n|faint|p1a: Clawitzer\n|\n|upkeep\n|\n|t:|1783556671\n|switch|p1a: Copperajah|Copperajah, L86, M|100/100\n|turn|5\n|inactive|Time left: 300 sec this turn | 300 sec total\n|\n|t:|1783556672\n|move|p2a: Tropius|Earthquake|p1a: Copperajah\n|-supereffective|p1a: Copperajah\n|-damage|p1a: Copperajah|31/100\n|move|p1a: Copperajah|Iron Head|p2a: Tropius\n|-damage|p2a: Tropius|1/328\n|-enditem|p2a: Tropius|Sitrus Berry|[eat]\n|-heal|p2a: Tropius|83/328|[from] item: Sitrus Berry\n|\n|upkeep\n|turn|6\n|inactive|Time left: 300 sec this turn | 300 sec total\n|\n|t:|1783556673\n|move|p2a: Tropius|Earthquake|p1a: Copperajah\n|-supereffective|p1a: Copperajah\n|-damage|p1a: Copperajah|0 fnt\n|faint|p1a: Copperajah\n|\n|-item|p2a: Tropius|Sitrus Berry|[from] ability: Harvest\n|upkeep\n|-enditem|p2a: Tropius|Sitrus Berry|[eat]\n|-heal|p2a: Tropius|165/328|[from] item: Sitrus Berry\n|\n|t:|1783556674\n|switch|p1a: Duraludon|Duraludon, L82, M|100/100\n|turn|7\n|inactive|Time left: 300 sec this turn | 300 sec total\n|\n|t:|1783556675\n|move|p2a: Tropius|Earthquake|p1a: Duraludon\n|-supereffective|p1a: Duraludon\n|-damage|p1a: Duraludon|57/100\n|move|p1a: Duraludon|Flash Cannon|p2a: Tropius\n|-damage|p2a: Tropius|74/328\n|\n|upkeep\n|turn|8\n|inactive|Time left: 300 sec this turn | 300 sec total\n|\n|t:|1783556676\n|move|p2a: Tropius|Earthquake|p1a: Duraludon\n|-supereffective|p1a: Duraludon\n|-damage|p1a: Duraludon|11/100\n|move|p1a: Duraludon|Flash Cannon|p2a: Tropius\n|-damage|p2a: Tropius|0 fnt\n|faint|p2a: Tropius\n|\n|upkeep\n|inactive|Time left: 300 sec this turn | 300 sec total | 5 sec grace\n|\n|t:|1783556677\n|switch|p2a: Iron Jugulis|Iron Jugulis, L77|271/271\n|turn|9\n|inactive|Time left: 300 sec this turn | 300 sec total\n|\n|t:|1783556679\n|move|p2a: Iron Jugulis|Dark Pulse|p1a: Duraludon\n|-damage|p1a: Duraludon|0 fnt\n|faint|p1a: Duraludon\n|\n|upkeep\n|\n|t:|1783556680\n|switch|p1a: Zarude|Zarude, L77|100/100\n|turn|10\n|inactive|Time left: 300 sec this turn | 300 sec total\n|\n|t:|1783556681\n|move|p2a: Iron Jugulis|Dark Pulse|p1a: Zarude\n|-resisted|p1a: Zarude\n|-damage|p1a: Zarude|77/100\n|cant|p1a: Zarude|flinch\n|\n|upkeep\n|turn|11\n|inactive|Time left: 300 sec this turn | 300 sec total\n|\n|t:|1783556682\n|move|p2a: Iron Jugulis|Dark Pulse|p1a: Zarude\n|-resisted|p1a: Zarude\n|-damage|p1a: Zarude|54/100\n|move|p1a: Zarude|Knock Off|p2a: Iron Jugulis\n|-resisted|p2a: Iron Jugulis\n|-damage|p2a: Iron Jugulis|190/271\n|-enditem|p2a: Iron Jugulis|Choice Specs|[from] move: Knock Off|[of] p1a: Zarude\n|\n|upkeep\n|turn|12\n|inactive|Time left: 300 sec this turn | 300 sec total\n|\n|t:|1783556683\n|move|p2a: Iron Jugulis|Hurricane|p1a: Zarude\n|-supereffective|p1a: Zarude\n|-damage|p1a: Zarude|0 fnt\n|faint|p1a: Zarude\n|\n|upkeep\n|\n|t:|1783556684\n|switch|p1a: Venomoth|Venomoth, L84, M|100/100\n|turn|13\n|inactive|Time left: 300 sec this turn | 300 sec total\n|\n|t:|1783556685\n|-terastallize|p1a: Venomoth|Water\n|move|p2a: Iron Jugulis|Hurricane|p1a: Venomoth\n|-damage|p1a: Venomoth|53/100\n|-start|p1a: Venomoth|confusion\n|-activate|p1a: Venomoth|confusion\n|move|p1a: Venomoth|Quiver Dance|p1a: Venomoth\n|-boost|p1a: Venomoth|spa|1\n|-boost|p1a: Venomoth|spd|1\n|-boost|p1a: Venomoth|spe|1\n|\n|upkeep\n|turn|14\n|inactive|Time left: 300 sec this turn | 300 sec total\n|\n|t:|1783556687\n|-activate|p1a: Venomoth|confusion\n|move|p1a: Venomoth|Quiver Dance|p1a: Venomoth\n|-boost|p1a: Venomoth|spa|1\n|-boost|p1a: Venomoth|spd|1\n|-boost|p1a: Venomoth|spe|1\n|move|p2a: Iron Jugulis|U-turn|p1a: Venomoth\n|-damage|p1a: Venomoth|34/100\n|inactive|Time left: 300 sec this turn | 300 sec total | 5 sec grace\n|\n|t:|1783556688\n|-end|p2a: Iron Jugulis|Quark Drive|[silent]\n|switch|p2a: Gurdurr|Gurdurr, L85, F|283/283|[from] U-turn\n|\n|upkeep\n|turn|15\n|inactive|Time left: 300 sec this turn | 300 sec total\n|\n|t:|1783556689\n|-activate|p1a: Venomoth|confusion\n|move|p1a: Venomoth|Sleep Powder|p2a: Gurdurr|[miss]\n|-miss|p1a: Venomoth|p2a: Gurdurr\n|move|p2a: Gurdurr|Drain Punch|p1a: Venomoth\n|-damage|p1a: Venomoth|0 fnt\n|faint|p1a: Venomoth\n|\n|upkeep\n|\n|t:|1783556689\n|switch|p1a: Palafin|Palafin, L77, F|100/100\n|turn|16\n|inactive|Time left: 300 sec this turn | 300 sec total\n|\n|t:|1783556690\n|move|p1a: Palafin|Jet Punch|p2a: Gurdurr\n|-damage|p2a: Gurdurr|240/283\n|move|p2a: Gurdurr|Drain Punch|p1a: Palafin\n|-damage|p1a: Palafin|62/100\n|-heal|p2a: Gurdurr|283/283|[from] drain|[of] p1a: Palafin\n|\n|upkeep\n|turn|17\n|inactive|Time left: 300 sec this turn | 300 sec total\n|\n|t:|1783556691\n|switch|p2a: Gengar|Gengar, L81, M|230/230\n|move|p1a: Palafin|Jet Punch|p2a: Gengar\n|-damage|p2a: Gengar|148/230\n|-start|p1a: Palafin|Disable|Jet Punch|[from] ability: Cursed Body|[of] p2a: Gengar\n|\n|upkeep\n|turn|18\n|inactive|Time left: 300 sec this turn | 300 sec total\n|\n|t:|1783556692\n|-terastallize|p2a: Gengar|Ghost\n|move|p2a: Gengar|Sludge Wave|p1a: Palafin\n|-damage|p1a: Palafin|0 fnt\n|faint|p1a: Palafin\n|-damage|p2a: Gengar|125/230|[from] item: Life Orb\n|\n|win|p0y14312c4e", "uploadtime": 1783556692, "views": 0, "rating": 0, "private": 0, "password": null, "_winner": "p0y14312c4e", "_our_name": "p0y14312c4e"}