{"id": "battle-gen9randombattle-1424", "formatid": "gen9randombattle", "format": "[Gen 9] Random Battle", "players": ["p0x142495b2", "p0y14245ed1"], "log": "|init|battle\n|title|p0x142495b2 vs. p0y14245ed1\n|j|\u2606p0x142495b2\n|j|\u2606p0y14245ed1\n|t:|1783555618\n|gametype|singles\n|player|p1|p0x142495b2|265|\n|player|p2|p0y14245ed1|1|\n|gen|9\n|tier|[Gen 9] Random Battle\n|rule|Species Clause: Limit one of each Pok\u00e9mon\n|rule|HP Percentage Mod: HP is shown in percentages\n|rule|Sleep Clause Mod: Limit one foe put to sleep\n|rule|Illusion Level Mod: Illusion disguises the Pok\u00e9mon's true level\n|\n|t:|1783555618\n|teamsize|p1|6\n|teamsize|p2|6\n|start\n|switch|p1a: Exeggutor|Exeggutor-Alola, L89, M|314/314\n|switch|p2a: Mandibuzz|Mandibuzz, L85, F|100/100\n|turn|1\n|inactive|Battle timer is ON: inactive players will automatically lose when time's up. (requested by p0x142495b2)\n|inactive|p0y14245ed1 also wants the timer to be on.\n|\n|t:|1783555619\n|move|p2a: Mandibuzz|Foul Play|p1a: Exeggutor\n|-damage|p1a: Exeggutor|193/314\n|move|p1a: Exeggutor|Flamethrower|p2a: Mandibuzz\n|-damage|p2a: Mandibuzz|76/100\n|\n|upkeep\n|turn|2\n|inactive|Time left: 300 sec this turn | 300 sec total\n|\n|t:|1783555620\n|move|p2a: Mandibuzz|Foul Play|p1a: Exeggutor\n|-damage|p1a: Exeggutor|73/314\n|-enditem|p1a: Exeggutor|Sitrus Berry|[eat]\n|-heal|p1a: Exeggutor|151/314|[from] item: Sitrus Berry\n|move|p1a: Exeggutor|Moonlight|p1a: Exeggutor\n|-heal|p1a: Exeggutor|308/314\n|\n|-item|p1a: Exeggutor|Sitrus Berry|[from] ability: Harvest\n|upkeep\n|turn|3\n|inactive|Time left: 300 sec this turn | 300 sec total\n|\n|t:|1783555621\n|move|p2a: Mandibuzz|Foul Play|p1a: Exeggutor\n|-damage|p1a: Exeggutor|199/314\n|move|p1a: Exeggutor|Flamethrower|p2a: Mandibuzz\n|-damage|p2a: Mandibuzz|51/100\n|\n|upkeep\n|turn|4\n|inactive|Time left: 300 sec this turn | 300 sec total\n|\n|t:|1783555622\n|move|p2a: Mandibuzz|Roost|p2a: Mandibuzz\n|-heal|p2a: Mandibuzz|100/100\n|-singleturn|p2a: Mandibuzz|move: Roost\n|move|p1a: Exeggutor|Flamethrower|p2a: Mandibuzz\n|-damage|p2a: Mandibuzz|74/100\n|\n|upkeep\n|turn|5\n|inactive|Time left: 300 sec this turn | 300 sec total\n|\n|t:|1783555623\n|move|p2a: Mandibuzz|Foul Play|p1a: Exeggutor\n|-damage|p1a: Exeggutor|76/314\n|-enditem|p1a: Exeggutor|Sitrus Berry|[eat]\n|-heal|p1a: Exeggutor|154/314|[from] item: Sitrus Berry\n|move|p1a: Exeggutor|Flamethrower|p2a: Mandibuzz\n|-damage|p2a: Mandibuzz|48/100\n|\n|upkeep\n|turn|6\n|inactive|Time left: 300 sec this turn | 300 sec total\n|\n|t:|1783555624\n|move|p2a: Mandibuzz|Roost|p2a: Mandibuzz\n|-heal|p2a: Mandibuzz|98/100\n|-singleturn|p2a: Mandibuzz|move: Roost\n|move|p1a: Exeggutor|Moonlight|p1a: Exeggutor\n|-heal|p1a: Exeggutor|311/314\n|\n|upkeep\n|turn|7\n|inactive|Time left: 300 sec this turn | 300 sec total\n|\n|t:|1783555625\n|move|p2a: Mandibuzz|Toxic|p1a: Exeggutor\n|-status|p1a: Exeggutor|tox\n|move|p1a: Exeggutor|Flamethrower|p2a: Mandibuzz\n|-damage|p2a: Mandibuzz|73/100\n|\n|-damage|p1a: Exeggutor|292/314 tox|[from] psn\n|upkeep\n|turn|8\n|inactive|Time left: 300 sec this turn | 300 sec total\n|\n|t:|1783555626\n|switch|p1a: Coalossal|Coalossal, L89, F|341/341\n|move|p2a: Mandibuzz|Foul Play|p1a: Coalossal\n|-damage|p1a: Coalossal|271/341\n|\n|upkeep\n|turn|9\n|inactive|Time left: 300 sec this turn | 300 sec total\n|\n|t:|1783555627\n|move|p2a: Mandibuzz|Toxic|p1a: Coalossal\n|-status|p1a: Coalossal|tox\n|move|p1a: Coalossal|Rapid Spin|p2a: Mandibuzz\n|-damage|p2a: Mandibuzz|64/100\n|-boost|p1a: Coalossal|spe|1\n|\n|-damage|p1a: Coalossal|250/341 tox|[from] psn\n|upkeep\n|turn|10\n|inactive|Time left: 300 sec this turn | 300 sec total\n|\n|t:|1783555628\n|move|p2a: Mandibuzz|Roost|p2a: Mandibuzz\n|-heal|p2a: Mandibuzz|100/100\n|-singleturn|p2a: Mandibuzz|move: Roost\n|move|p1a: Coalossal|Stone Edge|p2a: Mandibuzz\n|-damage|p2a: Mandibuzz|74/100\n|\n|-damage|p1a: Coalossal|208/341 tox|[from] psn\n|upkeep\n|turn|11\n|inactive|Time left: 300 sec this turn | 300 sec total\n|\n|t:|1783555629\n|move|p2a: Mandibuzz|Foul Play|p1a: Coalossal\n|-damage|p1a: Coalossal|133/341 tox\n|-status|p2a: Mandibuzz|brn|[from] ability: Flame Body|[of] p1a: Coalossal\n|move|p1a: Coalossal|Spikes|p2a: Mandibuzz\n|-sidestart|p2: p0y14245ed1|Spikes\n|\n|-damage|p1a: Coalossal|70/341 tox|[from] psn\n|-damage|p2a: Mandibuzz|68/100 brn|[from] brn\n|upkeep\n|turn|12\n|inactive|Time left: 300 sec this turn | 300 sec total\n|\n|t:|1783555630\n|switch|p1a: Ting-Lu|Ting-Lu, L78|370/370\n|-ability|p1a: Ting-Lu|Vessel of Ruin\n|move|p2a: Mandibuzz|Roost|p2a: Mandibuzz\n|-heal|p2a: Mandibuzz|100/100 brn\n|-singleturn|p2a: Mandibuzz|move: Roost\n|\n|-damage|p2a: Mandibuzz|94/100 brn|[from] brn\n|upkeep\n|turn|13\n|inactive|Time left: 300 sec this turn | 300 sec total\n|\n|t:|1783555631\n|switch|p2a: Glastrier|Glastrier, L86|100/100\n|move|p1a: Ting-Lu|Ruination|p2a: Glastrier\n|-damage|p2a: Glastrier|50/100\n|\n|upkeep\n|turn|14\n|inactive|Time left: 300 sec this turn | 300 sec total\n|\n|t:|1783555632\n|move|p1a: Ting-Lu|Stealth Rock|p2a: Glastrier\n|-sidestart|p2: p0y14245ed1|move: Stealth Rock\n|move|p2a: Glastrier|Icicle Crash|p1a: Ting-Lu\n|-supereffective|p1a: Ting-Lu\n|-damage|p1a: Ting-Lu|170/370\n|\n|-heal|p1a: Ting-Lu|193/370|[from] item: Leftovers\n|upkeep\n|turn|15\n|inactive|Time left: 300 sec this turn | 300 sec total\n|\n|t:|1783555633\n|switch|p1a: Iron Hands|Iron Hands, L79|373/373\n|move|p2a: Glastrier|Icicle Crash|p1a: Iron Hands\n|-damage|p1a: Iron Hands|255/373\n|\n|upkeep\n|turn|16\n|inactive|Time left: 300 sec this turn | 300 sec total\n|\n|t:|1783555635\n|switch|p2a: Mismagius|Mismagius, L86, M|100/100\n|-damage|p2a: Mismagius|88/100|[from] Stealth Rock\n|move|p1a: Iron Hands|Close Combat|p2a: Mismagius\n|-immune|p2a: Mismagius\n|\n|-heal|p2a: Mismagius|94/100|[from] item: Leftovers\n|upkeep\n|turn|17\n|inactive|Time left: 300 sec this turn | 300 sec total\n|\n|t:|1783555636\n|move|p2a: Mismagius|Nasty Plot|p2a: Mismagius\n|-boost|p2a: Mismagius|spa|2\n|move|p1a: Iron Hands|Thunder Punch|p2a: Mismagius\n|-damage|p2a: Mismagius|47/100\n|\n|-heal|p2a: Mismagius|53/100|[from] item: Leftovers\n|upkeep\n|turn|18\n|inactive|Time left: 300 sec this turn | 300 sec total\n|\n|t:|1783555637\n|move|p2a: Mismagius|Shadow Ball|p1a: Iron Hands\n|-damage|p1a: Iron Hands|93/373\n|-unboost|p1a: Iron Hands|spd|1\n|move|p1a: Iron Hands|Thunder Punch|p2a: Mismagius\n|-damage|p2a: Mismagius|0 fnt\n|faint|p2a: Mismagius\n|\n|upkeep\n|\n|t:|1783555638\n|switch|p2a: Emboar|Emboar, L84, F|100/100\n|-damage|p2a: Emboar|88/100|[from] Spikes\n|-damage|p2a: Emboar|76/100|[from] Stealth Rock\n|turn|19\n|inactive|Time left: 300 sec this turn | 300 sec total\n|\n|t:|1783555639\n|-end|p1a: Iron Hands|Quark Drive|[silent]\n|switch|p1a: Coalossal|Coalossal, L89, F|70/341 tox\n|move|p2a: Emboar|Flare Blitz|p1a: Coalossal\n|-resisted|p1a: Coalossal\n|-damage|p1a: Coalossal|36/341 tox\n|-damage|p2a: Emboar|72/100|[from] Recoil\n|\n|-heal|p2a: Emboar|78/100|[from] item: Leftovers\n|-damage|p1a: Coalossal|15/341 tox|[from] psn\n|upkeep\n|turn|20\n|inactive|Time left: 300 sec this turn | 300 sec total\n|\n|t:|1783555640\n|move|p2a: Emboar|Bulk Up|p2a: Emboar\n|-boost|p2a: Emboar|atk|1\n|-boost|p2a: Emboar|def|1\n|move|p1a: Coalossal|Stone Edge|p2a: Emboar\n|-damage|p2a: Emboar|50/100\n|\n|-heal|p2a: Emboar|56/100|[from] item: Leftovers\n|-damage|p1a: Coalossal|0 fnt|[from] psn\n|faint|p1a: Coalossal\n|upkeep\n|inactive|Time left: 300 sec this turn | 300 sec total | 5 sec grace\n|\n|t:|1783555641\n|switch|p1a: Chi-Yu|Chi-Yu, L77|211/211\n|-ability|p1a: Chi-Yu|Beads of Ruin\n|turn|21\n|inactive|Time left: 300 sec this turn | 300 sec total\n|\n|t:|1783555642\n|move|p1a: Chi-Yu|Psychic|p2a: Emboar\n|-supereffective|p2a: Emboar\n|-damage|p2a: Emboar|0 fnt\n|faint|p2a: Emboar\n|\n|upkeep\n|\n|t:|1783555643\n|switch|p2a: Hitmonlee|Hitmonlee, L85, M|100/100\n|-damage|p2a: Hitmonlee|88/100|[from] Spikes\n|-damage|p2a: Hitmonlee|83/100|[from] Stealth Rock\n|turn|22\n|inactive|Time left: 300 sec this turn | 300 sec total\n|\n|t:|1783555644\n|move|p1a: Chi-Yu|Psychic|p2a: Hitmonlee\n|-supereffective|p2a: Hitmonlee\n|-damage|p2a: Hitmonlee|17/100\n|move|p2a: Hitmonlee|High Jump Kick|p1a: Chi-Yu\n|-supereffective|p1a: Chi-Yu\n|-damage|p1a: Chi-Yu|0 fnt\n|faint|p1a: Chi-Yu\n|\n|upkeep\n|inactive|Time left: 300 sec this turn | 300 sec total | 5 sec grace\n|\n|t:|1783555644\n|switch|p1a: Lumineon|Lumineon, L93, F|279/279\n|turn|23\n|inactive|Time left: 300 sec this turn | 300 sec total\n|\n|t:|1783555645\n|move|p1a: Lumineon|Alluring Voice|p2a: Hitmonlee\n|-supereffective|p2a: Hitmonlee\n|-damage|p2a: Hitmonlee|0 fnt\n|faint|p2a: Hitmonlee\n|-damage|p1a: Lumineon|252/279|[from] item: Life Orb\n|\n|upkeep\n|\n|t:|1783555646\n|switch|p2a: Vespiquen|Vespiquen, L99, F|100/100\n|-ability|p2a: Vespiquen|Pressure\n|turn|24\n|inactive|Time left: 300 sec this turn | 300 sec total\n|\n|t:|1783555647\n|move|p1a: Lumineon|Ice Beam|p2a: Vespiquen\n|-supereffective|p2a: Vespiquen\n|-damage|p2a: Vespiquen|57/100\n|-damage|p1a: Lumineon|225/279|[from] item: Life Orb\n|move|p2a: Vespiquen|Hurricane|p1a: Lumineon\n|-damage|p1a: Lumineon|99/279\n|-start|p1a: Lumineon|confusion\n|\n|upkeep\n|turn|25\n|inactive|Time left: 300 sec this turn | 300 sec total\n|\n|t:|1783555648\n|switch|p1a: Ting-Lu|Ting-Lu, L78|193/370\n|-ability|p1a: Ting-Lu|Vessel of Ruin\n|move|p2a: Vespiquen|Hurricane|p1a: Ting-Lu|[miss]\n|-miss|p2a: Vespiquen|p1a: Ting-Lu\n|\n|-heal|p1a: Ting-Lu|216/370|[from] item: Leftovers\n|upkeep\n|turn|26\n|inactive|Time left: 300 sec this turn | 300 sec total\n|\n|t:|1783555648\n|move|p2a: Vespiquen|Toxic|p1a: Ting-Lu\n|-status|p1a: Ting-Lu|tox\n|move|p1a: Ting-Lu|Ruination|p2a: Vespiquen|[miss]\n|-miss|p1a: Ting-Lu|p2a: Vespiquen\n|\n|-heal|p1a: Ting-Lu|239/370 tox|[from] item: Leftovers\n|-damage|p1a: Ting-Lu|216/370 tox|[from] psn\n|upkeep\n|turn|27\n|inactive|Time left: 300 sec this turn | 300 sec total\n|\n|t:|1783555649\n|move|p2a: Vespiquen|Hurricane|p1a: Ting-Lu\n|-damage|p1a: Ting-Lu|89/370 tox\n|move|p1a: Ting-Lu|Ruination|p2a: Vespiquen\n|-damage|p2a: Vespiquen|29/100\n|\n|-heal|p1a: Ting-Lu|112/370 tox|[from] item: Leftovers\n|-damage|p1a: Ting-Lu|66/370 tox|[from] psn\n|upkeep\n|turn|28\n|inactive|Time left: 300 sec this turn | 300 sec total\n|\n|t:|1783555650\n|move|p2a: Vespiquen|Roost|p2a: Vespiquen\n|-heal|p2a: Vespiquen|79/100\n|-singleturn|p2a: Vespiquen|move: Roost\n|move|p1a: Ting-Lu|Ruination|p2a: Vespiquen|[miss]\n|-miss|p1a: Ting-Lu|p2a: Vespiquen\n|\n|-heal|p1a: Ting-Lu|89/370 tox|[from] item: Leftovers\n|-damage|p1a: Ting-Lu|20/370 tox|[from] psn\n|upkeep\n|turn|29\n|inactive|Time left: 300 sec this turn | 300 sec total\n|\n|t:|1783555651\n|move|p2a: Vespiquen|Hurricane|p1a: Ting-Lu\n|-damage|p1a: Ting-Lu|0 fnt\n|faint|p1a: Ting-Lu\n|\n|upkeep\n|inactive|Time left: 300 sec this turn | 300 sec total | 5 sec grace\n|\n|t:|1783555651\n|switch|p1a: Iron Hands|Iron Hands, L79|93/373\n|turn|30\n|inactive|Time left: 300 sec this turn | 300 sec total\n|\n|t:|1783555652\n|move|p2a: Vespiquen|Hurricane|p1a: Iron Hands\n|-damage|p1a: Iron Hands|0 fnt\n|faint|p1a: Iron Hands\n|-end|p1a: Iron Hands|Quark Drive|[silent]\n|\n|upkeep\n|inactive|Time left: 300 sec this turn | 300 sec total | 5 sec grace\n|\n|t:|1783555653\n|switch|p1a: Exeggutor|Exeggutor-Alola, L89, M|292/314 tox\n|turn|31\n|inactive|Time left: 300 sec this turn | 300 sec total\n|\n|t:|1783555654\n|-terastallize|p1a: Exeggutor|Fire\n|move|p2a: Vespiquen|Hurricane|p1a: Exeggutor|[miss]\n|-miss|p2a: Vespiquen|p1a: Exeggutor\n|move|p1a: Exeggutor|Flamethrower|p2a: Vespiquen\n|-supereffective|p2a: Vespiquen\n|-damage|p2a: Vespiquen|13/100\n|\n|-damage|p1a: Exeggutor|273/314 tox|[from] psn\n|upkeep\n|turn|32\n|inactive|Time left: 300 sec this turn | 300 sec total\n|\n|t:|1783555654\n|move|p2a: Vespiquen|Hurricane|p1a: Exeggutor\n|-damage|p1a: Exeggutor|117/314 tox\n|-start|p1a: Exeggutor|confusion\n|-activate|p1a: Exeggutor|confusion\n|-damage|p1a: Exeggutor|83/314 tox|[from] confusion\n|\n|-damage|p1a: Exeggutor|45/314 tox|[from] psn\n|-item|p1a: Exeggutor|Sitrus Berry|[from] ability: Harvest\n|upkeep\n|-enditem|p1a: Exeggutor|Sitrus Berry|[eat]\n|-heal|p1a: Exeggutor|123/314 tox|[from] item: Sitrus Berry\n|turn|33\n|inactive|Time left: 300 sec this turn | 300 sec total\n|\n|t:|1783555655\n|move|p2a: Vespiquen|Hurricane|p1a: Exeggutor\n|-crit|p1a: Exeggutor\n|-damage|p1a: Exeggutor|0 fnt\n|faint|p1a: Exeggutor\n|\n|upkeep\n|inactive|Time left: 300 sec this turn | 300 sec total | 5 sec grace\n|\n|t:|1783555656\n|switch|p1a: Lumineon|Lumineon, L93, F|99/279\n|turn|34\n|inactive|Time left: 300 sec this turn | 300 sec total\n|\n|t:|1783555657\n|-terastallize|p2a: Vespiquen|Steel\n|move|p1a: Lumineon|Hydro Pump|p2a: Vespiquen\n|-damage|p2a: Vespiquen|0 fnt\n|faint|p2a: Vespiquen\n|-damage|p1a: Lumineon|72/279|[from] item: Life Orb\n|\n|upkeep\n|\n|t:|1783555658\n|switch|p2a: Glastrier|Glastrier, L86|50/100\n|turn|35\n|inactive|Time left: 300 sec this turn | 300 sec total\n|\n|t:|1783555659\n|move|p1a: Lumineon|Alluring Voice|p2a: Glastrier\n|-damage|p2a: Glastrier|33/100\n|-damage|p1a: Lumineon|45/279|[from] item: Life Orb\n|move|p2a: Glastrier|Heavy Slam|p1a: Lumineon\n|-resisted|p1a: Lumineon\n|-damage|p1a: Lumineon|0 fnt\n|faint|p1a: Lumineon\n|\n|win|p0y14245ed1", "uploadtime": 1783555659, "views": 0, "rating": 0, "private": 0, "password": null, "_winner": "p0y14245ed1", "_our_name": "p0x142495b2"}