{"id": "battle-gen9randombattle-2867", "formatid": "gen9randombattle", "format": "[Gen 9] Random Battle", "players": ["p0x2867d150", "p0y286738e2"], "log": "|init|battle\n|title|p0x2867d150 vs. p0y286738e2\n|j|\u2606p0x2867d150\n|j|\u2606p0y286738e2\n|t:|1783572065\n|gametype|singles\n|player|p1|p0x2867d150|265|\n|player|p2|p0y286738e2|1|\n|gen|9\n|tier|[Gen 9] Random Battle\n|rule|Species Clause: Limit one of each Pok\u00e9mon\n|rule|HP Percentage Mod: HP is shown in percentages\n|rule|Sleep Clause Mod: Limit one foe put to sleep\n|rule|Illusion Level Mod: Illusion disguises the Pok\u00e9mon's true level\n|\n|t:|1783572065\n|teamsize|p1|6\n|teamsize|p2|6\n|start\n|switch|p1a: Zebstrika|Zebstrika, L87, M|100/100\n|switch|p2a: Mienshao|Mienshao, L83, M|244/244\n|turn|1\n|inactive|Battle timer is ON: inactive players will automatically lose when time's up. (requested by p0x2867d150)\n|inactive|Time left: 300 sec this turn | 300 sec total | 60 sec grace\n|inactive|p0y286738e2 also wants the timer to be on.\n|\n|t:|1783572066\n|switch|p1a: Conkeldurr|Conkeldurr, L80, F|100/100\n|move|p2a: Mienshao|Triple Axel|p1a: Conkeldurr\n|-damage|p1a: Conkeldurr|93/100\n|-crit|p1a: Conkeldurr\n|-damage|p1a: Conkeldurr|70/100\n|-damage|p1a: Conkeldurr|49/100\n|-hitcount|p1a: Conkeldurr|3\n|-damage|p2a: Mienshao|220/244|[from] item: Life Orb\n|\n|-status|p1a: Conkeldurr|brn|[from] item: Flame Orb\n|upkeep\n|turn|2\n|inactive|Time left: 300 sec this turn | 300 sec total\n|\n|t:|1783572068\n|switch|p1a: Spidops|Spidops, L96, F|100/100\n|move|p2a: Mienshao|Close Combat|p1a: Spidops\n|-resisted|p1a: Spidops\n|-damage|p1a: Spidops|70/100\n|-unboost|p2a: Mienshao|def|1\n|-unboost|p2a: Mienshao|spd|1\n|-damage|p2a: Mienshao|196/244|[from] item: Life Orb\n|\n|upkeep\n|turn|3\n|inactive|Time left: 300 sec this turn | 300 sec total\n|\n|t:|1783572069\n|move|p2a: Mienshao|Swords Dance|p2a: Mienshao\n|-boost|p2a: Mienshao|atk|2\n|move|p1a: Spidops|Sticky Web|p2a: Mienshao\n|-sidestart|p2: p0y286738e2|move: Sticky Web\n|\n|upkeep\n|turn|4\n|inactive|Time left: 300 sec this turn | 300 sec total\n|\n|t:|1783572070\n|move|p2a: Mienshao|Triple Axel|p1a: Spidops\n|-crit|p1a: Spidops\n|-damage|p1a: Spidops|49/100\n|-crit|p1a: Spidops\n|-damage|p1a: Spidops|6/100\n|-damage|p1a: Spidops|0 fnt\n|faint|p1a: Spidops\n|-hitcount|p1: Spidops|3\n|-damage|p2a: Mienshao|172/244|[from] item: Life Orb\n|\n|upkeep\n|\n|t:|1783572071\n|switch|p1a: Hawlucha|Hawlucha, L80, M|100/100\n|turn|5\n|inactive|Time left: 300 sec this turn | 300 sec total\n|\n|t:|1783572072\n|switch|p2a: Rhydon|Rhydon, L85, M|317/317\n|-activate|p2a: Rhydon|move: Sticky Web\n|-unboost|p2a: Rhydon|spe|1\n|move|p1a: Hawlucha|Close Combat|p2a: Rhydon\n|-supereffective|p2a: Rhydon\n|-damage|p2a: Rhydon|197/317\n|-unboost|p1a: Hawlucha|def|1\n|-unboost|p1a: Hawlucha|spd|1\n|-enditem|p1a: Hawlucha|White Herb\n|-clearnegativeboost|p1a: Hawlucha|[silent]\n|\n|upkeep\n|turn|6\n|inactive|Time left: 300 sec this turn | 300 sec total\n|\n|t:|1783572073\n|move|p1a: Hawlucha|Swords Dance|p1a: Hawlucha\n|-boost|p1a: Hawlucha|atk|2\n|move|p2a: Rhydon|Stone Edge|p1a: Hawlucha\n|-damage|p1a: Hawlucha|36/100\n|\n|upkeep\n|turn|7\n|inactive|Time left: 300 sec this turn | 300 sec total\n|\n|t:|1783572074\n|-terastallize|p2a: Rhydon|Dragon\n|move|p1a: Hawlucha|Close Combat|p2a: Rhydon\n|-damage|p2a: Rhydon|85/317\n|-unboost|p1a: Hawlucha|def|1\n|-unboost|p1a: Hawlucha|spd|1\n|move|p2a: Rhydon|Stone Edge|p1a: Hawlucha\n|-damage|p1a: Hawlucha|0 fnt\n|faint|p1a: Hawlucha\n|\n|upkeep\n|\n|t:|1783572075\n|switch|p1a: Grumpig|Grumpig, L92, F|100/100\n|turn|8\n|inactive|Time left: 300 sec this turn | 300 sec total\n|\n|t:|1783572076\n|move|p1a: Grumpig|Nasty Plot|p1a: Grumpig\n|-boost|p1a: Grumpig|spa|2\n|move|p2a: Rhydon|Megahorn|p1a: Grumpig\n|-supereffective|p1a: Grumpig\n|-damage|p1a: Grumpig|16/100\n|\n|-heal|p1a: Grumpig|22/100|[from] item: Leftovers\n|upkeep\n|turn|9\n|inactive|Time left: 300 sec this turn | 300 sec total\n|\n|t:|1783572077\n|switch|p2a: Meloetta|Meloetta, L82|298/298\n|-activate|p2a: Meloetta|move: Sticky Web\n|-unboost|p2a: Meloetta|spe|1\n|move|p1a: Grumpig|Psychic|p2a: Meloetta\n|-resisted|p2a: Meloetta\n|-damage|p2a: Meloetta|212/298\n|-unboost|p2a: Meloetta|spd|1\n|\n|-heal|p1a: Grumpig|28/100|[from] item: Leftovers\n|-heal|p2a: Meloetta|230/298|[from] item: Leftovers\n|upkeep\n|turn|10\n|inactive|Time left: 300 sec this turn | 300 sec total\n|\n|t:|1783572078\n|-terastallize|p1a: Grumpig|Fighting\n|move|p1a: Grumpig|Focus Blast|p2a: Meloetta\n|-damage|p2a: Meloetta|0 fnt\n|faint|p2a: Meloetta\n|\n|-heal|p1a: Grumpig|34/100|[from] item: Leftovers\n|upkeep\n|inactive|Time left: 300 sec this turn | 300 sec total | 5 sec grace\n|\n|t:|1783572079\n|switch|p2a: Delibird|Delibird, F|252/252\n|turn|11\n|inactive|Time left: 300 sec this turn | 300 sec total\n|\n|t:|1783572080\n|move|p2a: Delibird|Brave Bird|p1a: Grumpig\n|-supereffective|p1a: Grumpig\n|-damage|p1a: Grumpig|0 fnt\n|faint|p1a: Grumpig\n|-damage|p2a: Delibird|219/252|[from] Recoil\n|\n|upkeep\n|\n|t:|1783572080\n|switch|p1a: Miraidon|Miraidon, L65|100/100\n|-fieldstart|move: Electric Terrain|[from] ability: Hadron Engine|[of] p1a: Miraidon\n|turn|12\n|inactive|Time left: 300 sec this turn | 300 sec total\n|\n|t:|1783572081\n|switch|p2a: Rhydon|Rhydon, L85, M, tera:Dragon|85/317\n|-activate|p2a: Rhydon|move: Sticky Web\n|-unboost|p2a: Rhydon|spe|1\n|move|p1a: Miraidon|Draco Meteor|p2a: Rhydon\n|-supereffective|p2a: Rhydon\n|-damage|p2a: Rhydon|0 fnt\n|-unboost|p1a: Miraidon|spa|2\n|faint|p2a: Rhydon\n|\n|upkeep\n|inactive|Time left: 300 sec this turn | 300 sec total | 5 sec grace\n|\n|t:|1783572082\n|switch|p2a: Ursaluna|Ursaluna-Bloodmoon, L79, M|308/308\n|-activate|p2a: Ursaluna|move: Sticky Web\n|-unboost|p2a: Ursaluna|spe|1\n|turn|13\n|inactive|Time left: 300 sec this turn | 300 sec total\n|\n|t:|1783572083\n|move|p1a: Miraidon|Draco Meteor|p2a: Ursaluna\n|-damage|p2a: Ursaluna|152/308\n|-unboost|p1a: Miraidon|spa|2\n|move|p2a: Ursaluna|Blood Moon|p1a: Miraidon\n|-damage|p1a: Miraidon|24/100\n|\n|-heal|p2a: Ursaluna|171/308|[from] item: Leftovers\n|upkeep\n|turn|14\n|inactive|Time left: 300 sec this turn | 300 sec total\n|\n|t:|1783572084\n|move|p1a: Miraidon|Draco Meteor|p2a: Ursaluna\n|-damage|p2a: Ursaluna|71/308\n|-unboost|p1a: Miraidon|spa|2\n|move|p2a: Ursaluna|Moonlight|p2a: Ursaluna\n|-heal|p2a: Ursaluna|225/308\n|\n|-heal|p2a: Ursaluna|244/308|[from] item: Leftovers\n|upkeep\n|turn|15\n|inactive|Time left: 300 sec this turn | 300 sec total\n|\n|t:|1783572085\n|move|p1a: Miraidon|Draco Meteor|p2a: Ursaluna\n|-damage|p2a: Ursaluna|175/308\n|move|p2a: Ursaluna|Blood Moon|p1a: Miraidon\n|-damage|p1a: Miraidon|0 fnt\n|faint|p1a: Miraidon\n|\n|-heal|p2a: Ursaluna|194/308|[from] item: Leftovers\n|upkeep\n|\n|t:|1783572086\n|switch|p1a: Conkeldurr|Conkeldurr, L80, F|49/100 brn\n|turn|16\n|inactive|Time left: 300 sec this turn | 300 sec total\n|\n|t:|1783572087\n|switch|p2a: Venusaur|Venusaur, L84, M|272/272\n|-activate|p2a: Venusaur|move: Sticky Web\n|-unboost|p2a: Venusaur|spe|1\n|move|p1a: Conkeldurr|Close Combat|p2a: Venusaur\n|-resisted|p2a: Venusaur\n|-damage|p2a: Venusaur|140/272\n|-unboost|p1a: Conkeldurr|def|1\n|-unboost|p1a: Conkeldurr|spd|1\n|\n|-heal|p2a: Venusaur|157/272|[from] item: Leftovers\n|-damage|p1a: Conkeldurr|43/100 brn|[from] brn\n|-fieldend|move: Electric Terrain\n|upkeep\n|turn|17\n|inactive|Time left: 300 sec this turn | 300 sec total\n|\n|t:|1783572088\n|switch|p1a: Zebstrika|Zebstrika, L87, M|100/100\n|move|p2a: Venusaur|Sludge Bomb|p1a: Zebstrika\n|-damage|p1a: Zebstrika|57/100\n|-status|p1a: Zebstrika|psn\n|\n|-heal|p2a: Venusaur|174/272|[from] item: Leftovers\n|-damage|p1a: Zebstrika|45/100 psn|[from] psn\n|upkeep\n|turn|18\n|inactive|Time left: 300 sec this turn | 300 sec total\n|\n|t:|1783572089\n|move|p1a: Zebstrika|Overheat|p2a: Venusaur\n|-supereffective|p2a: Venusaur\n|-damage|p2a: Venusaur|0 fnt\n|-unboost|p1a: Zebstrika|spa|2\n|faint|p2a: Venusaur\n|-damage|p1a: Zebstrika|35/100 psn|[from] item: Life Orb\n|\n|-damage|p1a: Zebstrika|23/100 psn|[from] psn\n|upkeep\n|inactive|Time left: 300 sec this turn | 300 sec total | 5 sec grace\n|\n|t:|1783572090\n|switch|p2a: Mienshao|Mienshao, L83, M|244/244\n|-activate|p2a: Mienshao|move: Sticky Web\n|-unboost|p2a: Mienshao|spe|1\n|turn|19\n|inactive|Time left: 300 sec this turn | 300 sec total\n|\n|t:|1783572091\n|move|p1a: Zebstrika|Supercell Slam|p2a: Mienshao\n|-damage|p2a: Mienshao|32/244\n|-damage|p1a: Zebstrika|13/100 psn|[from] item: Life Orb\n|move|p2a: Mienshao|Triple Axel|p1a: Zebstrika\n|-damage|p1a: Zebstrika|2/100 psn\n|-damage|p1a: Zebstrika|0 fnt\n|faint|p1a: Zebstrika\n|-hitcount|p1: Zebstrika|2\n|-damage|p2a: Mienshao|8/244|[from] item: Life Orb\n|\n|upkeep\n|\n|t:|1783572091\n|switch|p1a: Conkeldurr|Conkeldurr, L80, F|43/100 brn\n|turn|20\n|inactive|Time left: 300 sec this turn | 300 sec total\n|\n|t:|1783572092\n|move|p1a: Conkeldurr|Mach Punch|p2a: Mienshao\n|-damage|p2a: Mienshao|0 fnt\n|faint|p2a: Mienshao\n|\n|-damage|p1a: Conkeldurr|37/100 brn|[from] brn\n|upkeep\n|inactive|Time left: 300 sec this turn | 300 sec total | 5 sec grace\n|\n|t:|1783572093\n|switch|p2a: Ursaluna|Ursaluna-Bloodmoon, L79, M|194/308\n|-activate|p2a: Ursaluna|move: Sticky Web\n|-unboost|p2a: Ursaluna|spe|1\n|turn|21\n|inactive|Time left: 300 sec this turn | 300 sec total\n|\n|t:|1783572094\n|move|p1a: Conkeldurr|Close Combat|p2a: Ursaluna\n|-supereffective|p2a: Ursaluna\n|-damage|p2a: Ursaluna|0 fnt\n|-unboost|p1a: Conkeldurr|def|1\n|-unboost|p1a: Conkeldurr|spd|1\n|faint|p2a: Ursaluna\n|\n|-damage|p1a: Conkeldurr|31/100 brn|[from] brn\n|upkeep\n|inactive|Time left: 300 sec this turn | 300 sec total | 5 sec grace\n|\n|t:|1783572095\n|switch|p2a: Delibird|Delibird, F|219/252\n|turn|22\n|inactive|Time left: 300 sec this turn | 300 sec total\n|\n|t:|1783572096\n|move|p2a: Delibird|Brave Bird|p1a: Conkeldurr\n|-supereffective|p1a: Conkeldurr\n|-damage|p1a: Conkeldurr|0 fnt\n|faint|p1a: Conkeldurr\n|-damage|p2a: Delibird|189/252|[from] Recoil\n|\n|win|p0y286738e2", "uploadtime": 1783572096, "views": 0, "rating": 0, "private": 0, "password": null, "_winner": "p0y286738e2", "_our_name": "p0y286738e2"}