{"id": "battle-gen9randombattle-185", "formatid": "gen9randombattle", "format": "[Gen 9] Random Battle", "players": ["p0x18507fc", "p0y185b78f"], "log": "|init|battle\n|title|p0x18507fc vs. p0y185b78f\n|j|\u2606p0x18507fc\n|j|\u2606p0y185b78f\n|t:|1783535910\n|gametype|singles\n|player|p1|p0x18507fc|170|\n|player|p2|p0y185b78f|2|\n|gen|9\n|tier|[Gen 9] Random Battle\n|rule|Species Clause: Limit one of each Pok\u00e9mon\n|rule|HP Percentage Mod: HP is shown in percentages\n|rule|Sleep Clause Mod: Limit one foe put to sleep\n|rule|Illusion Level Mod: Illusion disguises the Pok\u00e9mon's true level\n|\n|t:|1783535910\n|teamsize|p1|6\n|teamsize|p2|6\n|start\n|switch|p1a: Toxtricity|Toxtricity, L82, M|100/100\n|switch|p2a: Corviknight|Corviknight, L80, F|288/288\n|-ability|p2a: Corviknight|Pressure\n|turn|1\n|inactive|Battle timer is ON: inactive players will automatically lose when time's up. (requested by p0x18507fc)\n|inactive|Time left: 300 sec this turn | 300 sec total | 60 sec grace\n|inactive|p0y185b78f also wants the timer to be on.\n|\n|t:|1783535911\n|switch|p2a: Polteageist|Polteageist-Antique, L78|222/222\n|move|p1a: Toxtricity|Shift Gear|p1a: Toxtricity\n|-boost|p1a: Toxtricity|spe|2\n|-boost|p1a: Toxtricity|atk|1\n|\n|upkeep\n|turn|2\n|inactive|Time left: 300 sec this turn | 300 sec total\n|\n|t:|1783535913\n|move|p1a: Toxtricity|Overdrive|p2a: Polteageist\n|-damage|p2a: Polteageist|111/222\n|-enditem|p1a: Toxtricity|Throat Spray\n|-boost|p1a: Toxtricity|spa|1|[from] item: Throat Spray\n|move|p2a: Polteageist|Strength Sap|p1a: Toxtricity\n|-unboost|p1a: Toxtricity|atk|1\n|-heal|p2a: Polteageist|222/222\n|\n|upkeep\n|turn|3\n|inactive|Time left: 300 sec this turn | 300 sec total\n|\n|t:|1783535913\n|move|p1a: Toxtricity|Overdrive|p2a: Polteageist\n|-damage|p2a: Polteageist|60/222\n|move|p2a: Polteageist|Strength Sap|p1a: Toxtricity\n|-unboost|p1a: Toxtricity|atk|1\n|-heal|p2a: Polteageist|222/222\n|\n|upkeep\n|turn|4\n|inactive|Time left: 300 sec this turn | 300 sec total\n|\n|t:|1783535914\n|move|p1a: Toxtricity|Overdrive|p2a: Polteageist\n|-damage|p2a: Polteageist|72/222\n|move|p2a: Polteageist|Strength Sap|p1a: Toxtricity\n|-unboost|p1a: Toxtricity|atk|1\n|-heal|p2a: Polteageist|210/222\n|\n|upkeep\n|turn|5\n|inactive|Time left: 300 sec this turn | 300 sec total\n|\n|t:|1783535915\n|move|p1a: Toxtricity|Overdrive|p2a: Polteageist\n|-damage|p2a: Polteageist|62/222\n|-start|p1a: Toxtricity|Disable|Overdrive|[from] ability: Cursed Body|[of] p2a: Polteageist\n|move|p2a: Polteageist|Shell Smash|p2a: Polteageist\n|-unboost|p2a: Polteageist|def|1\n|-unboost|p2a: Polteageist|spd|1\n|-boost|p2a: Polteageist|atk|2\n|-boost|p2a: Polteageist|spa|2\n|-boost|p2a: Polteageist|spe|2\n|-enditem|p2a: Polteageist|White Herb\n|-clearnegativeboost|p2a: Polteageist|[silent]\n|\n|upkeep\n|turn|6\n|inactive|Time left: 300 sec this turn | 300 sec total\n|\n|t:|1783535917\n|move|p1a: Toxtricity|Gunk Shot|p2a: Polteageist|[miss]\n|-miss|p1a: Toxtricity|p2a: Polteageist\n|move|p2a: Polteageist|Stored Power|p1a: Toxtricity\n|-supereffective|p1a: Toxtricity\n|-damage|p1a: Toxtricity|0 fnt\n|faint|p1a: Toxtricity\n|\n|upkeep\n|\n|t:|1783535918\n|switch|p1a: Basculegion|Basculegion-F, L83, F|100/100\n|turn|7\n|inactive|Time left: 300 sec this turn | 300 sec total\n|\n|t:|1783535919\n|-terastallize|p1a: Basculegion|Water\n|move|p2a: Polteageist|Strength Sap|p1a: Basculegion\n|-unboost|p1a: Basculegion|atk|1\n|-heal|p2a: Polteageist|222/222\n|move|p1a: Basculegion|Hydro Pump|p2a: Polteageist\n|-damage|p2a: Polteageist|8/222\n|\n|upkeep\n|turn|8\n|inactive|Time left: 300 sec this turn | 300 sec total\n|\n|t:|1783535920\n|-terastallize|p2a: Polteageist|Psychic\n|move|p2a: Polteageist|Stored Power|p1a: Basculegion\n|-damage|p1a: Basculegion|0 fnt\n|faint|p1a: Basculegion\n|\n|upkeep\n|\n|t:|1783535921\n|switch|p1a: Chansey|Chansey, L85, F|100/100\n|turn|9\n|inactive|Time left: 300 sec this turn | 300 sec total\n|\n|t:|1783535922\n|move|p2a: Polteageist|Strength Sap|p1a: Chansey\n|-unboost|p1a: Chansey|atk|1\n|-heal|p2a: Polteageist|21/222\n|move|p1a: Chansey|Seismic Toss|p2a: Polteageist\n|-damage|p2a: Polteageist|0 fnt\n|faint|p2a: Polteageist\n|\n|upkeep\n|inactive|Time left: 300 sec this turn | 300 sec total | 5 sec grace\n|\n|t:|1783535923\n|switch|p2a: Glastrier|Glastrier, L86|312/312\n|turn|10\n|inactive|Time left: 300 sec this turn | 300 sec total\n|\n|t:|1783535924\n|switch|p1a: Slaking|Slaking, L84, F|100/100\n|move|p2a: Glastrier|Swords Dance|p2a: Glastrier\n|-boost|p2a: Glastrier|atk|2\n|\n|upkeep\n|turn|11\n|inactive|Time left: 300 sec this turn | 300 sec total\n|\n|t:|1783535925\n|move|p1a: Slaking|Giga Impact|p2a: Glastrier|[miss]\n|-miss|p1a: Slaking|p2a: Glastrier\n|move|p2a: Glastrier|Close Combat|p1a: Slaking\n|-supereffective|p1a: Slaking\n|-damage|p1a: Slaking|0 fnt\n|-unboost|p2a: Glastrier|def|1\n|-unboost|p2a: Glastrier|spd|1\n|faint|p1a: Slaking\n|-ability|p2a: Glastrier|Chilling Neigh|boost\n|-boost|p2a: Glastrier|atk|1\n|\n|upkeep\n|\n|t:|1783535926\n|switch|p1a: Metagross|Metagross, L79|100/100\n|turn|12\n|inactive|Time left: 300 sec this turn | 300 sec total\n|\n|t:|1783535927\n|move|p1a: Metagross|Knock Off|p2a: Glastrier\n|-damage|p2a: Glastrier|219/312\n|-enditem|p2a: Glastrier|Heavy-Duty Boots|[from] move: Knock Off|[of] p1a: Metagross\n|move|p2a: Glastrier|High Horsepower|p1a: Metagross|[miss]\n|-miss|p2a: Glastrier|p1a: Metagross\n|\n|upkeep\n|turn|13\n|inactive|Time left: 300 sec this turn | 300 sec total\n|\n|t:|1783535928\n|move|p1a: Metagross|Heavy Slam|p2a: Glastrier\n|-supereffective|p2a: Glastrier\n|-crit|p2a: Glastrier\n|-damage|p2a: Glastrier|73/312\n|move|p2a: Glastrier|High Horsepower|p1a: Metagross\n|-supereffective|p1a: Metagross\n|-damage|p1a: Metagross|0 fnt\n|faint|p1a: Metagross\n|-ability|p2a: Glastrier|Chilling Neigh|boost\n|-boost|p2a: Glastrier|atk|1\n|\n|upkeep\n|\n|t:|1783535929\n|switch|p1a: Ariados|Ariados, L95, M|100/100\n|turn|14\n|inactive|Time left: 300 sec this turn | 300 sec total\n|\n|t:|1783535930\n|switch|p2a: Corviknight|Corviknight, L80, F|288/288\n|-ability|p2a: Corviknight|Pressure\n|move|p1a: Ariados|Poison Jab|p2a: Corviknight\n|-immune|p2a: Corviknight\n|\n|upkeep\n|turn|15\n|inactive|Time left: 300 sec this turn | 300 sec total\n|\n|t:|1783535931\n|move|p2a: Corviknight|Brave Bird|p1a: Ariados\n|-supereffective|p1a: Ariados\n|-damage|p1a: Ariados|25/100\n|-damage|p2a: Corviknight|217/288|[from] Recoil\n|move|p1a: Ariados|Sticky Web|p2a: Corviknight\n|-sidestart|p2: p0y185b78f|move: Sticky Web\n|\n|upkeep\n|turn|16\n|inactive|Time left: 300 sec this turn | 300 sec total\n|\n|t:|1783535932\n|move|p2a: Corviknight|Defog|p1a: Ariados\n|-unboost|p1a: Ariados|evasion|1\n|-sideend|p2: p0y185b78f|Sticky Web|[from] move: Defog|[of] p2a: Corviknight\n|move|p1a: Ariados|Sticky Web|p2a: Corviknight\n|-sidestart|p2: p0y185b78f|move: Sticky Web\n|\n|upkeep\n|turn|17\n|inactive|Time left: 300 sec this turn | 300 sec total\n|\n|t:|1783535933\n|switch|p1a: Chansey|Chansey, L85, F|100/100\n|move|p2a: Corviknight|Defog|p1a: Chansey\n|-unboost|p1a: Chansey|evasion|1\n|-sideend|p2: p0y185b78f|Sticky Web|[from] move: Defog|[of] p2a: Corviknight\n|\n|upkeep\n|turn|18\n|inactive|Time left: 300 sec this turn | 300 sec total\n|\n|t:|1783535934\n|move|p2a: Corviknight|Body Press|p1a: Chansey\n|-supereffective|p1a: Chansey\n|-damage|p1a: Chansey|53/100\n|move|p1a: Chansey|Seismic Toss|p2a: Corviknight\n|-damage|p2a: Corviknight|132/288\n|-damage|p1a: Chansey|36/100|[from] item: Rocky Helmet|[of] p2a: Corviknight\n|\n|upkeep\n|turn|19\n|inactive|Time left: 300 sec this turn | 300 sec total\n|\n|t:|1783535935\n|switch|p1a: Ariados|Ariados, L95, M|25/100\n|move|p2a: Corviknight|Brave Bird|p1a: Ariados\n|-supereffective|p1a: Ariados\n|-damage|p1a: Ariados|0 fnt\n|faint|p1a: Ariados\n|-damage|p2a: Corviknight|109/288|[from] Recoil\n|\n|upkeep\n|\n|t:|1783535936\n|switch|p1a: Chansey|Chansey, L85, F|36/100\n|turn|20\n|inactive|Time left: 300 sec this turn | 300 sec total\n|\n|t:|1783535937\n|move|p2a: Corviknight|Brave Bird|p1a: Chansey\n|-damage|p1a: Chansey|0 fnt\n|faint|p1a: Chansey\n|-damage|p2a: Corviknight|43/288|[from] Recoil\n|\n|win|p0y185b78f", "uploadtime": 1783535937, "views": 0, "rating": 0, "private": 0, "password": null, "_winner": "p0y185b78f", "_our_name": "p0y185b78f"}