{"id": "battle-gen9randombattle-971", "formatid": "gen9randombattle", "format": "[Gen 9] Random Battle", "players": ["p0x971fdbf", "p0y9716410"], "log": "|init|battle\n|title|p0x971fdbf vs. p0y9716410\n|j|\u2606p0x971fdbf\n|j|\u2606p0y9716410\n|t:|1783551151\n|gametype|singles\n|player|p1|p0x971fdbf|101|\n|player|p2|p0y9716410|1|\n|gen|9\n|tier|[Gen 9] Random Battle\n|rule|Species Clause: Limit one of each Pok\u00e9mon\n|rule|HP Percentage Mod: HP is shown in percentages\n|rule|Sleep Clause Mod: Limit one foe put to sleep\n|rule|Illusion Level Mod: Illusion disguises the Pok\u00e9mon's true level\n|\n|t:|1783551151\n|teamsize|p1|6\n|teamsize|p2|6\n|start\n|switch|p1a: Magnezone|Magnezone, L85|258/258\n|switch|p2a: Gogoat|Gogoat, L88, F|100/100\n|turn|1\n|inactive|Battle timer is ON: inactive players will automatically lose when time's up. (requested by p0x971fdbf)\n|\n|t:|1783551153\n|switch|p1a: Pecharunt|Pecharunt, L77|262/262\n|move|p2a: Gogoat|Earthquake|p1a: Pecharunt\n|-supereffective|p1a: Pecharunt\n|-damage|p1a: Pecharunt|154/262\n|\n|upkeep\n|turn|2\n|inactive|Time left: 300 sec this turn | 300 sec total\n|inactive|p0y9716410 also wants the timer to be on.\n|\n|t:|1783551154\n|move|p1a: Pecharunt|Malignant Chain|p2a: Gogoat\n|-supereffective|p2a: Gogoat\n|-damage|p2a: Gogoat|52/100\n|move|p2a: Gogoat|Earthquake|p1a: Pecharunt\n|-supereffective|p1a: Pecharunt\n|-damage|p1a: Pecharunt|46/262\n|\n|-heal|p2a: Gogoat|58/100|[from] item: Leftovers\n|upkeep\n|turn|3\n|inactive|Time left: 300 sec this turn | 300 sec total\n|\n|t:|1783551155\n|move|p1a: Pecharunt|Recover|p1a: Pecharunt\n|-heal|p1a: Pecharunt|177/262\n|move|p2a: Gogoat|Earthquake|p1a: Pecharunt\n|-supereffective|p1a: Pecharunt\n|-damage|p1a: Pecharunt|71/262\n|\n|-heal|p2a: Gogoat|64/100|[from] item: Leftovers\n|upkeep\n|turn|4\n|inactive|Time left: 300 sec this turn | 300 sec total\n|\n|t:|1783551156\n|move|p1a: Pecharunt|Malignant Chain|p2a: Gogoat\n|-supereffective|p2a: Gogoat\n|-crit|p2a: Gogoat\n|-damage|p2a: Gogoat|0 fnt\n|faint|p2a: Gogoat\n|\n|upkeep\n|\n|t:|1783551157\n|switch|p2a: Regieleki|Regieleki, L79|100/100\n|turn|5\n|inactive|Time left: 300 sec this turn | 300 sec total\n|\n|t:|1783551158\n|switch|p1a: Piloswine|Piloswine, L85, F|309/309\n|move|p2a: Regieleki|Volt Switch|p1a: Piloswine\n|-immune|p1a: Piloswine\n|\n|upkeep\n|turn|6\n|inactive|Time left: 300 sec this turn | 300 sec total\n|\n|t:|1783551159\n|switch|p2a: Slowbro|Slowbro, L85, F|100/100\n|move|p1a: Piloswine|Earthquake|p2a: Slowbro\n|-damage|p2a: Slowbro|71/100\n|\n|-heal|p2a: Slowbro|77/100|[from] item: Leftovers\n|upkeep\n|turn|7\n|inactive|Time left: 300 sec this turn | 300 sec total\n|\n|t:|1783551160\n|move|p1a: Piloswine|Stealth Rock|p2a: Slowbro\n|-sidestart|p2: p0y9716410|move: Stealth Rock\n|move|p2a: Slowbro|Scald|p1a: Piloswine\n|-supereffective|p1a: Piloswine\n|-damage|p1a: Piloswine|163/309\n|-status|p1a: Piloswine|brn\n|\n|-heal|p2a: Slowbro|83/100|[from] item: Leftovers\n|-damage|p1a: Piloswine|144/309 brn|[from] brn\n|upkeep\n|turn|8\n|inactive|Time left: 300 sec this turn | 300 sec total\n|\n|t:|1783551161\n|move|p1a: Piloswine|Earthquake|p2a: Slowbro\n|-damage|p2a: Slowbro|69/100\n|move|p2a: Slowbro|Scald|p1a: Piloswine\n|-supereffective|p1a: Piloswine\n|-damage|p1a: Piloswine|0 fnt\n|faint|p1a: Piloswine\n|\n|-heal|p2a: Slowbro|75/100|[from] item: Leftovers\n|upkeep\n|inactive|Time left: 300 sec this turn | 300 sec total | 5 sec grace\n|\n|t:|1783551162\n|switch|p1a: Magnezone|Magnezone, L85|258/258\n|turn|9\n|inactive|Time left: 300 sec this turn | 300 sec total\n|\n|t:|1783551164\n|switch|p2a: Regieleki|Regieleki, L79|100/100\n|-damage|p2a: Regieleki|88/100|[from] Stealth Rock\n|move|p1a: Magnezone|Discharge|p2a: Regieleki\n|-resisted|p2a: Regieleki\n|-crit|p2a: Regieleki\n|-damage|p2a: Regieleki|26/100\n|\n|upkeep\n|turn|10\n|inactive|Time left: 300 sec this turn | 300 sec total\n|\n|t:|1783551165\n|move|p2a: Regieleki|Rapid Spin|p1a: Magnezone\n|-resisted|p1a: Magnezone\n|-damage|p1a: Magnezone|244/258\n|-boost|p2a: Regieleki|spe|1\n|-sideend|p2: p0y9716410|Stealth Rock|[from] move: Rapid Spin|[of] p2a: Regieleki\n|move|p1a: Magnezone|Discharge|p2a: Regieleki\n|-resisted|p2a: Regieleki\n|-damage|p2a: Regieleki|0 fnt\n|faint|p2a: Regieleki\n|\n|-heal|p1a: Magnezone|258/258|[from] item: Leftovers\n|upkeep\n|\n|t:|1783551166\n|switch|p2a: Slowbro|Slowbro, L85, F|100/100\n|turn|11\n|inactive|Time left: 300 sec this turn | 300 sec total\n|\n|t:|1783551167\n|move|p1a: Magnezone|Discharge|p2a: Slowbro\n|-supereffective|p2a: Slowbro\n|-damage|p2a: Slowbro|22/100\n|move|p2a: Slowbro|Scald|p1a: Magnezone\n|-damage|p1a: Magnezone|167/258\n|\n|-heal|p1a: Magnezone|183/258|[from] item: Leftovers\n|-heal|p2a: Slowbro|28/100|[from] item: Leftovers\n|upkeep\n|turn|12\n|inactive|Time left: 300 sec this turn | 300 sec total\n|\n|t:|1783551169\n|move|p1a: Magnezone|Discharge|p2a: Slowbro\n|-supereffective|p2a: Slowbro\n|-damage|p2a: Slowbro|0 fnt\n|faint|p2a: Slowbro\n|\n|-heal|p1a: Magnezone|199/258|[from] item: Leftovers\n|upkeep\n|\n|t:|1783551170\n|switch|p2a: Scyther|Scyther, L82, F|100/100\n|turn|13\n|inactive|Time left: 300 sec this turn | 300 sec total\n|\n|t:|1783551171\n|-terastallize|p2a: Scyther|Fighting\n|move|p2a: Scyther|Close Combat|p1a: Magnezone\n|-supereffective|p1a: Magnezone\n|-damage|p1a: Magnezone|0 fnt\n|-unboost|p2a: Scyther|def|1\n|-unboost|p2a: Scyther|spd|1\n|faint|p1a: Magnezone\n|\n|upkeep\n|inactive|Time left: 300 sec this turn | 300 sec total | 5 sec grace\n|\n|t:|1783551172\n|switch|p1a: Regieleki|Regieleki, L79|256/256\n|turn|14\n|inactive|Time left: 300 sec this turn | 300 sec total\n|\n|t:|1783551173\n|move|p1a: Regieleki|Thunderbolt|p2a: Scyther\n|-damage|p2a: Scyther|11/100\n|move|p2a: Scyther|Close Combat|p1a: Regieleki\n|-damage|p1a: Regieleki|61/256\n|-unboost|p2a: Scyther|def|1\n|-unboost|p2a: Scyther|spd|1\n|\n|upkeep\n|turn|15\n|inactive|Time left: 300 sec this turn | 300 sec total\n|\n|t:|1783551174\n|move|p1a: Regieleki|Thunderbolt|p2a: Scyther\n|-crit|p2a: Scyther\n|-damage|p2a: Scyther|0 fnt\n|faint|p2a: Scyther\n|\n|upkeep\n|\n|t:|1783551175\n|switch|p2a: Lokix|Lokix, L82, M|100/100\n|turn|16\n|inactive|Time left: 300 sec this turn | 300 sec total\n|\n|t:|1783551176\n|switch|p1a: Alomomola|Alomomola, L87, M|429/429\n|move|p2a: Lokix|Sucker Punch||[still]\n|-fail|p2a: Lokix\n|\n|upkeep\n|turn|17\n|inactive|Time left: 300 sec this turn | 300 sec total\n|\n|t:|1783551177\n|move|p2a: Lokix|Swords Dance|p2a: Lokix\n|-boost|p2a: Lokix|atk|2\n|move|p1a: Alomomola|Scald|p2a: Lokix\n|-damage|p2a: Lokix|74/100\n|-status|p2a: Lokix|brn\n|\n|-damage|p2a: Lokix|68/100 brn|[from] brn\n|upkeep\n|turn|18\n|inactive|Time left: 300 sec this turn | 300 sec total\n|\n|t:|1783551179\n|move|p2a: Lokix|Swords Dance|p2a: Lokix\n|-boost|p2a: Lokix|atk|2\n|move|p1a: Alomomola|Scald|p2a: Lokix\n|-damage|p2a: Lokix|38/100 brn\n|\n|-damage|p2a: Lokix|32/100 brn|[from] brn\n|upkeep\n|turn|19\n|inactive|Time left: 300 sec this turn | 300 sec total\n|\n|t:|1783551180\n|move|p2a: Lokix|Leech Life|p1a: Alomomola\n|-damage|p1a: Alomomola|252/429\n|-heal|p2a: Lokix|67/100 brn|[from] drain|[of] p1a: Alomomola\n|-damage|p2a: Lokix|57/100 brn|[from] item: Life Orb\n|move|p1a: Alomomola|Flip Turn|p2a: Lokix\n|-damage|p2a: Lokix|33/100 brn\n|inactive|Time left: 300 sec this turn | 300 sec total | 5 sec grace\n|\n|t:|1783551181\n|switch|p1a: Pecharunt|Pecharunt, L77|71/262|[from] Flip Turn\n|\n|-damage|p2a: Lokix|27/100 brn|[from] brn\n|upkeep\n|turn|20\n|inactive|Time left: 300 sec this turn | 300 sec total\n|\n|t:|1783551182\n|move|p2a: Lokix|Knock Off|p1a: Pecharunt\n|-supereffective|p1a: Pecharunt\n|-damage|p1a: Pecharunt|0 fnt\n|-damage|p2a: Lokix|11/100 brn|[from] item: Rocky Helmet|[of] p1a: Pecharunt\n|-enditem|p1a: Pecharunt|Rocky Helmet|[from] move: Knock Off|[of] p2a: Lokix\n|faint|p1a: Pecharunt\n|-damage|p2a: Lokix|1/100 brn|[from] item: Life Orb\n|\n|-damage|p2a: Lokix|0 fnt|[from] brn\n|faint|p2a: Lokix\n|upkeep\n|inactive|Time left: 300 sec this turn | 300 sec total | 5 sec grace\n|\n|t:|1783551183\n|switch|p2a: Golduck|Golduck, L90, M|100/100\n|switch|p1a: Regieleki|Regieleki, L79|61/256\n|-ability|p2a: Golduck|Cloud Nine\n|turn|21\n|inactive|Time left: 300 sec this turn | 300 sec total\n|\n|t:|1783551184\n|-terastallize|p1a: Regieleki|Electric\n|move|p1a: Regieleki|Thunderbolt|p2a: Golduck\n|-supereffective|p2a: Golduck\n|-damage|p2a: Golduck|0 fnt\n|faint|p2a: Golduck\n|\n|win|p0x971fdbf", "uploadtime": 1783551184, "views": 0, "rating": 0, "private": 0, "password": null, "_winner": "p0x971fdbf", "_our_name": "p0x971fdbf"}