{"id": "battle-gen9randombattle-733", "formatid": "gen9randombattle", "format": "[Gen 9] Random Battle", "players": ["p0x73359e7", "p0y733283c"], "log": "|init|battle\n|title|p0x73359e7 vs. p0y733283c\n|j|\u2606p0x73359e7\n|j|\u2606p0y733283c\n|t:|1783547641\n|gametype|singles\n|player|p1|p0x73359e7|101|\n|player|p2|p0y733283c|102|\n|gen|9\n|tier|[Gen 9] Random Battle\n|rule|Species Clause: Limit one of each Pok\u00e9mon\n|rule|HP Percentage Mod: HP is shown in percentages\n|rule|Sleep Clause Mod: Limit one foe put to sleep\n|rule|Illusion Level Mod: Illusion disguises the Pok\u00e9mon's true level\n|\n|t:|1783547641\n|teamsize|p1|6\n|teamsize|p2|6\n|start\n|switch|p1a: Blaziken|Blaziken, L76, M|100/100\n|switch|p2a: Hitmontop|Hitmontop, L88, M|231/231\n|turn|1\n|inactive|Battle timer is ON: inactive players will automatically lose when time's up. (requested by p0x73359e7)\n|inactive|Time left: 300 sec this turn | 300 sec total | 60 sec grace\n|inactive|p0y733283c also wants the timer to be on.\n|\n|t:|1783547642\n|move|p2a: Hitmontop|Rapid Spin|p1a: Blaziken\n|-damage|p1a: Blaziken|69/100\n|-boost|p2a: Hitmontop|spe|1\n|move|p1a: Blaziken|Swords Dance|p1a: Blaziken\n|-boost|p1a: Blaziken|atk|2\n|\n|-ability|p1a: Blaziken|Speed Boost|boost\n|-boost|p1a: Blaziken|spe|1\n|upkeep\n|turn|2\n|inactive|Time left: 300 sec this turn | 300 sec total\n|\n|t:|1783547643\n|move|p2a: Hitmontop|Close Combat|p1a: Blaziken\n|-damage|p1a: Blaziken|0 fnt\n|-unboost|p2a: Hitmontop|def|1\n|-unboost|p2a: Hitmontop|spd|1\n|faint|p1a: Blaziken\n|\n|upkeep\n|\n|t:|1783547644\n|switch|p1a: Gouging Fire|Gouging Fire, L74|100/100\n|turn|3\n|inactive|Time left: 300 sec this turn | 300 sec total\n|\n|t:|1783547645\n|switch|p2a: Grimmsnarl|Grimmsnarl, L83, M|293/293\n|move|p1a: Gouging Fire|Dragon Dance|p1a: Gouging Fire\n|-boost|p1a: Gouging Fire|atk|1\n|-boost|p1a: Gouging Fire|spe|1\n|\n|upkeep\n|turn|4\n|inactive|Time left: 300 sec this turn | 300 sec total\n|\n|t:|1783547646\n|move|p2a: Grimmsnarl|Reflect|p2a: Grimmsnarl\n|-sidestart|p2: p0y733283c|Reflect\n|move|p1a: Gouging Fire|Heat Crash|p2a: Grimmsnarl\n|-damage|p2a: Grimmsnarl|196/293\n|\n|upkeep\n|turn|5\n|inactive|Time left: 300 sec this turn | 300 sec total\n|\n|t:|1783547647\n|move|p1a: Gouging Fire|Dragon Dance|p1a: Gouging Fire\n|-boost|p1a: Gouging Fire|atk|1\n|-boost|p1a: Gouging Fire|spe|1\n|move|p2a: Grimmsnarl|Spirit Break|p1a: Gouging Fire\n|-damage|p1a: Gouging Fire|69/100\n|-unboost|p1a: Gouging Fire|spa|1\n|\n|upkeep\n|turn|6\n|inactive|Time left: 300 sec this turn | 300 sec total\n|\n|t:|1783547648\n|move|p1a: Gouging Fire|Heat Crash|p2a: Grimmsnarl\n|-damage|p2a: Grimmsnarl|57/293\n|move|p2a: Grimmsnarl|Spirit Break|p1a: Gouging Fire\n|-damage|p1a: Gouging Fire|41/100\n|-unboost|p1a: Gouging Fire|spa|1\n|\n|upkeep\n|turn|7\n|inactive|Time left: 300 sec this turn | 300 sec total\n|\n|t:|1783547649\n|move|p2a: Grimmsnarl|Parting Shot|p1a: Gouging Fire\n|-unboost|p1a: Gouging Fire|atk|1\n|-unboost|p1a: Gouging Fire|spa|1\n|inactive|Time left: 300 sec this turn | 300 sec total | 5 sec grace\n|\n|t:|1783547650\n|switch|p2a: Hitmontop|Hitmontop, L88, M|231/231|[from] Parting Shot\n|move|p1a: Gouging Fire|Heat Crash|p2a: Hitmontop\n|-damage|p2a: Hitmontop|154/231\n|\n|-heal|p2a: Hitmontop|168/231|[from] item: Leftovers\n|upkeep\n|turn|8\n|inactive|Time left: 300 sec this turn | 300 sec total\n|\n|t:|1783547650\n|move|p1a: Gouging Fire|Heat Crash|p2a: Hitmontop\n|-damage|p2a: Hitmontop|85/231\n|move|p2a: Hitmontop|Triple Axel|p1a: Gouging Fire|[miss]\n|-miss|p2a: Hitmontop|p1a: Gouging Fire\n|\n|-heal|p2a: Hitmontop|99/231|[from] item: Leftovers\n|upkeep\n|turn|9\n|inactive|Time left: 300 sec this turn | 300 sec total\n|\n|t:|1783547651\n|move|p1a: Gouging Fire|Heat Crash|p2a: Hitmontop\n|-damage|p2a: Hitmontop|21/231\n|move|p2a: Hitmontop|Triple Axel|p1a: Gouging Fire\n|-damage|p1a: Gouging Fire|34/100\n|-damage|p1a: Gouging Fire|19/100\n|-damage|p1a: Gouging Fire|0 fnt\n|faint|p1a: Gouging Fire\n|-end|p1a: Gouging Fire|Protosynthesis|[silent]\n|-hitcount|p1: Gouging Fire|3\n|\n|-heal|p2a: Hitmontop|35/231|[from] item: Leftovers\n|upkeep\n|\n|t:|1783547652\n|switch|p1a: Gyarados|Gyarados, L79, F|100/100\n|turn|10\n|inactive|Time left: 300 sec this turn | 300 sec total\n|\n|t:|1783547654\n|switch|p2a: Jolteon|Jolteon, L84, F|246/246\n|move|p1a: Gyarados|Dragon Dance|p1a: Gyarados\n|-boost|p1a: Gyarados|atk|1\n|-boost|p1a: Gyarados|spe|1\n|\n|upkeep\n|turn|11\n|inactive|Time left: 300 sec this turn | 300 sec total\n|\n|t:|1783547655\n|-terastallize|p1a: Gyarados|Ground\n|move|p2a: Jolteon|Thunderbolt|p1a: Gyarados\n|-immune|p1a: Gyarados\n|move|p1a: Gyarados|Earthquake|p2a: Jolteon\n|-supereffective|p2a: Jolteon\n|-damage|p2a: Jolteon|35/246\n|\n|-sideend|p2: p0y733283c|Reflect\n|upkeep\n|turn|12\n|inactive|Time left: 300 sec this turn | 300 sec total\n|\n|t:|1783547656\n|move|p2a: Jolteon|Alluring Voice|p1a: Gyarados\n|-damage|p1a: Gyarados|79/100\n|move|p1a: Gyarados|Earthquake|p2a: Jolteon\n|-supereffective|p2a: Jolteon\n|-damage|p2a: Jolteon|0 fnt\n|faint|p2a: Jolteon\n|-ability|p1a: Gyarados|Moxie|boost\n|-boost|p1a: Gyarados|atk|1\n|\n|upkeep\n|inactive|Time left: 300 sec this turn | 300 sec total | 5 sec grace\n|\n|t:|1783547657\n|switch|p2a: Grimmsnarl|Grimmsnarl, L83, M|57/293\n|turn|13\n|inactive|Time left: 300 sec this turn | 300 sec total\n|\n|t:|1783547658\n|move|p2a: Grimmsnarl|Reflect|p2a: Grimmsnarl\n|-sidestart|p2: p0y733283c|Reflect\n|move|p1a: Gyarados|Earthquake|p2a: Grimmsnarl\n|-damage|p2a: Grimmsnarl|0 fnt\n|faint|p2a: Grimmsnarl\n|-ability|p1a: Gyarados|Moxie|boost\n|-boost|p1a: Gyarados|atk|1\n|\n|upkeep\n|inactive|Time left: 300 sec this turn | 300 sec total | 5 sec grace\n|\n|t:|1783547659\n|switch|p2a: Gouging Fire|Gouging Fire, L74|277/277\n|turn|14\n|inactive|Time left: 300 sec this turn | 300 sec total\n|\n|t:|1783547660\n|-terastallize|p2a: Gouging Fire|Fairy\n|move|p1a: Gyarados|Earthquake|p2a: Gouging Fire\n|-damage|p2a: Gouging Fire|149/277\n|move|p2a: Gouging Fire|Dragon Dance|p2a: Gouging Fire\n|-boost|p2a: Gouging Fire|atk|1\n|-boost|p2a: Gouging Fire|spe|1\n|\n|upkeep\n|turn|15\n|inactive|Time left: 300 sec this turn | 300 sec total\n|\n|t:|1783547661\n|move|p2a: Gouging Fire|Dragon Dance|p2a: Gouging Fire\n|-boost|p2a: Gouging Fire|atk|1\n|-boost|p2a: Gouging Fire|spe|1\n|move|p1a: Gyarados|Earthquake|p2a: Gouging Fire\n|-damage|p2a: Gouging Fire|17/277\n|\n|upkeep\n|turn|16\n|inactive|Time left: 300 sec this turn | 300 sec total\n|\n|t:|1783547662\n|move|p2a: Gouging Fire|Outrage|p1a: Gyarados\n|-damage|p1a: Gyarados|0 fnt\n|faint|p1a: Gyarados\n|\n|upkeep\n|\n|t:|1783547663\n|switch|p1a: Scizor|Scizor, L79, M|100/100\n|turn|17\n|inactive|Time left: 300 sec this turn | 300 sec total\n|\n|t:|1783547664\n|move|p1a: Scizor|Bullet Punch|p2a: Gouging Fire\n|-supereffective|p2a: Gouging Fire\n|-damage|p2a: Gouging Fire|0 fnt\n|faint|p2a: Gouging Fire\n|-end|p2a: Gouging Fire|Protosynthesis|[silent]\n|\n|upkeep\n|inactive|Time left: 300 sec this turn | 300 sec total | 5 sec grace\n|\n|t:|1783547665\n|switch|p2a: Mienshao|Mienshao, L83, F|244/244\n|turn|18\n|inactive|Time left: 300 sec this turn | 300 sec total\n|\n|t:|1783547666\n|switch|p1a: Dragonite|Dragonite, L74, M|100/100\n|move|p2a: Mienshao|Close Combat|p1a: Dragonite\n|-resisted|p1a: Dragonite\n|-damage|p1a: Dragonite|85/100\n|-unboost|p2a: Mienshao|def|1\n|-unboost|p2a: Mienshao|spd|1\n|\n|upkeep\n|turn|19\n|inactive|Time left: 300 sec this turn | 300 sec total\n|\n|t:|1783547667\n|move|p2a: Mienshao|Knock Off|p1a: Dragonite\n|-damage|p1a: Dragonite|48/100\n|-enditem|p1a: Dragonite|Heavy-Duty Boots|[from] move: Knock Off|[of] p2a: Mienshao\n|move|p1a: Dragonite|Dragon Dance|p1a: Dragonite\n|-boost|p1a: Dragonite|atk|1\n|-boost|p1a: Dragonite|spe|1\n|\n|upkeep\n|turn|20\n|inactive|Time left: 300 sec this turn | 300 sec total\n|\n|t:|1783547668\n|move|p1a: Dragonite|Dragon Dance|p1a: Dragonite\n|-boost|p1a: Dragonite|atk|1\n|-boost|p1a: Dragonite|spe|1\n|move|p2a: Mienshao|U-turn|p1a: Dragonite\n|-resisted|p1a: Dragonite\n|-damage|p1a: Dragonite|36/100\n|inactive|Time left: 300 sec this turn | 300 sec total | 5 sec grace\n|\n|t:|1783547668\n|switch|p2a: Hitmontop|Hitmontop, L88, M|35/231|[from] U-turn\n|\n|-heal|p2a: Hitmontop|49/231|[from] item: Leftovers\n|-sideend|p2: p0y733283c|Reflect\n|upkeep\n|turn|21\n|inactive|Time left: 300 sec this turn | 300 sec total\n|\n|t:|1783547669\n|move|p1a: Dragonite|Outrage|p2a: Hitmontop\n|-damage|p2a: Hitmontop|0 fnt\n|faint|p2a: Hitmontop\n|\n|upkeep\n|inactive|Time left: 300 sec this turn | 300 sec total | 5 sec grace\n|\n|t:|1783547671\n|switch|p2a: Mienshao|Mienshao, L83, F|244/244\n|turn|22\n|inactive|Time left: 300 sec this turn | 300 sec total\n|\n|t:|1783547672\n|move|p2a: Mienshao|Fake Out|p1a: Dragonite\n|-damage|p1a: Dragonite|23/100\n|cant|p1a: Dragonite|flinch\n|\n|upkeep\n|turn|23\n|inactive|Time left: 300 sec this turn | 300 sec total\n|\n|t:|1783547673\n|move|p1a: Dragonite|Outrage|p2a: Mienshao\n|-damage|p2a: Mienshao|0 fnt\n|faint|p2a: Mienshao\n|\n|upkeep\n|inactive|Time left: 300 sec this turn | 300 sec total | 5 sec grace\n|\n|t:|1783547674\n|switch|p2a: Salazzle|Salazzle, L83, F|249/249\n|turn|24\n|inactive|Time left: 300 sec this turn | 300 sec total\n|\n|t:|1783547674\n|move|p2a: Salazzle|Protect|p2a: Salazzle\n|-singleturn|p2a: Salazzle|Protect\n|move|p1a: Dragonite|Outrage|p2a: Salazzle|[from] lockedmove\n|-activate|p2a: Salazzle|move: Protect\n|\n|upkeep\n|turn|25\n|inactive|Time left: 300 sec this turn | 300 sec total\n|\n|t:|1783547675\n|move|p2a: Salazzle|Protect||[still]\n|-fail|p2a: Salazzle\n|move|p1a: Dragonite|Earthquake|p2a: Salazzle\n|-supereffective|p2a: Salazzle\n|-damage|p2a: Salazzle|0 fnt\n|faint|p2a: Salazzle\n|\n|win|p0x73359e7", "uploadtime": 1783547675, "views": 0, "rating": 0, "private": 0, "password": null, "_winner": "p0x73359e7", "_our_name": "p0y733283c"}