{"id": "battle-gen9randombattle-1291", "formatid": "gen9randombattle", "format": "[Gen 9] Random Battle", "players": ["p0x1291d1cc", "p0y12919857"], "log": "|init|battle\n|title|p0x1291d1cc vs. p0y12919857\n|j|\u2606p0x1291d1cc\n|j|\u2606p0y12919857\n|t:|1783554106\n|gametype|singles\n|player|p1|p0x1291d1cc|102|\n|player|p2|p0y12919857|265|\n|gen|9\n|tier|[Gen 9] Random Battle\n|rule|Species Clause: Limit one of each Pok\u00e9mon\n|rule|HP Percentage Mod: HP is shown in percentages\n|rule|Sleep Clause Mod: Limit one foe put to sleep\n|rule|Illusion Level Mod: Illusion disguises the Pok\u00e9mon's true level\n|\n|t:|1783554106\n|teamsize|p1|6\n|teamsize|p2|6\n|start\n|switch|p1a: Flareon|Flareon, L90, F|263/263\n|switch|p2a: Blastoise|Blastoise, L80, M|100/100\n|turn|1\n|inactive|Battle timer is ON: inactive players will automatically lose when time's up. (requested by p0y12919857)\n|inactive|Time left: 300 sec this turn | 300 sec total | 60 sec grace\n|inactive|p0x1291d1cc also wants the timer to be on.\n|\n|t:|1783554108\n|move|p2a: Blastoise|Shell Smash|p2a: Blastoise\n|-unboost|p2a: Blastoise|def|1\n|-unboost|p2a: Blastoise|spd|1\n|-boost|p2a: Blastoise|atk|2\n|-boost|p2a: Blastoise|spa|2\n|-boost|p2a: Blastoise|spe|2\n|-enditem|p2a: Blastoise|White Herb\n|-clearnegativeboost|p2a: Blastoise|[silent]\n|move|p1a: Flareon|Trailblaze|p2a: Blastoise\n|-supereffective|p2a: Blastoise\n|-damage|p2a: Blastoise|63/100\n|-boost|p1a: Flareon|spe|1\n|\n|-status|p1a: Flareon|tox|[from] item: Toxic Orb\n|upkeep\n|turn|2\n|inactive|Time left: 300 sec this turn | 300 sec total\n|\n|t:|1783554109\n|-terastallize|p1a: Flareon|Normal\n|move|p2a: Blastoise|Hydro Pump|p1a: Flareon\n|-damage|p1a: Flareon|121/263 tox\n|move|p1a: Flareon|Facade|p2a: Blastoise\n|-damage|p2a: Blastoise|0 fnt\n|faint|p2a: Blastoise\n|\n|-damage|p1a: Flareon|105/263 tox|[from] psn\n|upkeep\n|\n|t:|1783554110\n|switch|p2a: Typhlosion|Typhlosion-Hisui, L83, F|100/100\n|turn|3\n|inactive|Time left: 300 sec this turn | 300 sec total\n|\n|t:|1783554112\n|move|p1a: Flareon|Flare Blitz|p2a: Typhlosion\n|-resisted|p2a: Typhlosion\n|-damage|p2a: Typhlosion|37/100\n|-damage|p1a: Flareon|51/263 tox|[from] Recoil\n|move|p2a: Typhlosion|Fire Blast|p1a: Flareon\n|-crit|p1a: Flareon\n|-damage|p1a: Flareon|0 fnt\n|faint|p1a: Flareon\n|\n|upkeep\n|inactive|Time left: 300 sec this turn | 300 sec total | 5 sec grace\n|\n|t:|1783554113\n|switch|p1a: Reshiram|Reshiram, L76|277/277\n|-ability|p1a: Reshiram|Turboblaze\n|turn|4\n|inactive|Time left: 300 sec this turn | 300 sec total\n|\n|t:|1783554114\n|switch|p2a: Hippowdon|Hippowdon, L82, F|100/100\n|-weather|Sandstorm|[from] ability: Sand Stream|[of] p2a: Hippowdon\n|move|p1a: Reshiram|Outrage|p2a: Hippowdon\n|-damage|p2a: Hippowdon|66/100\n|\n|-weather|Sandstorm|[upkeep]\n|-damage|p1a: Reshiram|260/277|[from] Sandstorm\n|-heal|p2a: Hippowdon|73/100|[from] item: Leftovers\n|upkeep\n|turn|5\n|inactive|Time left: 300 sec this turn | 300 sec total\n|\n|t:|1783554115\n|move|p1a: Reshiram|Outrage|p2a: Hippowdon|[from] lockedmove\n|-damage|p2a: Hippowdon|38/100\n|-start|p1a: Reshiram|confusion|[fatigue]\n|move|p2a: Hippowdon|Earthquake|p1a: Reshiram\n|-supereffective|p1a: Reshiram\n|-damage|p1a: Reshiram|18/277\n|\n|-weather|Sandstorm|[upkeep]\n|-damage|p1a: Reshiram|1/277|[from] Sandstorm\n|-heal|p2a: Hippowdon|44/100|[from] item: Leftovers\n|upkeep\n|turn|6\n|inactive|Time left: 300 sec this turn | 300 sec total\n|\n|t:|1783554116\n|switch|p1a: Suicune|Suicune, L82|298/298\n|-ability|p1a: Suicune|Pressure\n|move|p2a: Hippowdon|Slack Off|p2a: Hippowdon\n|-heal|p2a: Hippowdon|94/100\n|\n|-weather|Sandstorm|[upkeep]\n|-damage|p1a: Suicune|280/298|[from] Sandstorm\n|-heal|p1a: Suicune|298/298|[from] item: Leftovers\n|-heal|p2a: Hippowdon|99/100|[from] item: Leftovers\n|upkeep\n|turn|7\n|inactive|Time left: 300 sec this turn | 300 sec total\n|\n|t:|1783554117\n|move|p1a: Suicune|Scald|p2a: Hippowdon\n|-supereffective|p2a: Hippowdon\n|-damage|p2a: Hippowdon|38/100\n|-status|p2a: Hippowdon|brn\n|move|p2a: Hippowdon|Slack Off|p2a: Hippowdon\n|-heal|p2a: Hippowdon|88/100 brn\n|\n|-weather|Sandstorm|[upkeep]\n|-damage|p1a: Suicune|280/298|[from] Sandstorm\n|-heal|p1a: Suicune|298/298|[from] item: Leftovers\n|-heal|p2a: Hippowdon|94/100 brn|[from] item: Leftovers\n|-damage|p2a: Hippowdon|88/100 brn|[from] brn\n|upkeep\n|turn|8\n|inactive|Time left: 300 sec this turn | 300 sec total\n|\n|t:|1783554118\n|switch|p2a: Zacian|Zacian-Crowned, L64|100/100\n|-ability|p2a: Zacian|Intrepid Sword|boost\n|-boost|p2a: Zacian|atk|1\n|move|p1a: Suicune|Scald|p2a: Zacian\n|-damage|p2a: Zacian|66/100\n|-status|p2a: Zacian|brn\n|\n|-weather|none\n|-damage|p2a: Zacian|60/100 brn|[from] brn\n|upkeep\n|turn|9\n|inactive|Time left: 300 sec this turn | 300 sec total\n|\n|t:|1783554119\n|move|p2a: Zacian|Swords Dance|p2a: Zacian\n|-boost|p2a: Zacian|atk|2\n|move|p1a: Suicune|Calm Mind|p1a: Suicune\n|-boost|p1a: Suicune|spa|1\n|-boost|p1a: Suicune|spd|1\n|\n|-damage|p2a: Zacian|53/100 brn|[from] brn\n|upkeep\n|turn|10\n|inactive|Time left: 300 sec this turn | 300 sec total\n|\n|t:|1783554120\n|move|p2a: Zacian|Play Rough|p1a: Suicune\n|-damage|p1a: Suicune|214/298\n|move|p1a: Suicune|Scald|p2a: Zacian\n|-damage|p2a: Zacian|0 fnt\n|faint|p2a: Zacian\n|\n|-heal|p1a: Suicune|232/298|[from] item: Leftovers\n|upkeep\n|\n|t:|1783554121\n|switch|p2a: Corviknight|Corviknight, L80, M|100/100\n|-ability|p2a: Corviknight|Pressure\n|turn|11\n|inactive|Time left: 300 sec this turn | 300 sec total\n|\n|t:|1783554122\n|move|p1a: Suicune|Scald|p2a: Corviknight\n|-crit|p2a: Corviknight\n|-damage|p2a: Corviknight|37/100\n|move|p2a: Corviknight|Brave Bird|p1a: Suicune\n|-damage|p1a: Suicune|150/298\n|-damage|p2a: Corviknight|27/100|[from] Recoil\n|\n|-heal|p1a: Suicune|168/298|[from] item: Leftovers\n|upkeep\n|turn|12\n|inactive|Time left: 300 sec this turn | 300 sec total\n|\n|t:|1783554123\n|-terastallize|p2a: Corviknight|Dragon\n|move|p1a: Suicune|Scald|p2a: Corviknight\n|-resisted|p2a: Corviknight\n|-damage|p2a: Corviknight|4/100\n|-status|p2a: Corviknight|brn\n|move|p2a: Corviknight|Roost|p2a: Corviknight\n|-heal|p2a: Corviknight|54/100 brn\n|\n|-heal|p1a: Suicune|186/298|[from] item: Leftovers\n|-damage|p2a: Corviknight|48/100 brn|[from] brn\n|upkeep\n|turn|13\n|inactive|Time left: 300 sec this turn | 300 sec total\n|\n|t:|1783554124\n|move|p1a: Suicune|Calm Mind|p1a: Suicune\n|-boost|p1a: Suicune|spa|1\n|-boost|p1a: Suicune|spd|1\n|move|p2a: Corviknight|Roost|p2a: Corviknight\n|-heal|p2a: Corviknight|98/100 brn\n|\n|-heal|p1a: Suicune|204/298|[from] item: Leftovers\n|-damage|p2a: Corviknight|92/100 brn|[from] brn\n|upkeep\n|turn|14\n|inactive|Time left: 300 sec this turn | 300 sec total\n|\n|t:|1783554125\n|move|p1a: Suicune|Scald|p2a: Corviknight\n|-resisted|p2a: Corviknight\n|-damage|p2a: Corviknight|62/100 brn\n|move|p2a: Corviknight|Roost|p2a: Corviknight\n|-heal|p2a: Corviknight|100/100 brn\n|\n|-heal|p1a: Suicune|222/298|[from] item: Leftovers\n|-damage|p2a: Corviknight|94/100 brn|[from] brn\n|upkeep\n|turn|15\n|inactive|Time left: 300 sec this turn | 300 sec total\n|\n|t:|1783554126\n|move|p1a: Suicune|Scald|p2a: Corviknight\n|-resisted|p2a: Corviknight\n|-damage|p2a: Corviknight|67/100 brn\n|move|p2a: Corviknight|Roost|p2a: Corviknight\n|-heal|p2a: Corviknight|100/100 brn\n|\n|-heal|p1a: Suicune|240/298|[from] item: Leftovers\n|-damage|p2a: Corviknight|94/100 brn|[from] brn\n|upkeep\n|turn|16\n|inactive|Time left: 300 sec this turn | 300 sec total\n|\n|t:|1783554127\n|move|p1a: Suicune|Scald|p2a: Corviknight\n|-resisted|p2a: Corviknight\n|-damage|p2a: Corviknight|64/100 brn\n|move|p2a: Corviknight|Roost|p2a: Corviknight\n|-heal|p2a: Corviknight|100/100 brn\n|\n|-heal|p1a: Suicune|258/298|[from] item: Leftovers\n|-damage|p2a: Corviknight|94/100 brn|[from] brn\n|upkeep\n|turn|17\n|inactive|Time left: 300 sec this turn | 300 sec total\n|\n|t:|1783554128\n|move|p1a: Suicune|Scald|p2a: Corviknight\n|-resisted|p2a: Corviknight\n|-damage|p2a: Corviknight|68/100 brn\n|move|p2a: Corviknight|Roost|p2a: Corviknight\n|-heal|p2a: Corviknight|100/100 brn\n|\n|-heal|p1a: Suicune|276/298|[from] item: Leftovers\n|-damage|p2a: Corviknight|94/100 brn|[from] brn\n|upkeep\n|turn|18\n|inactive|Time left: 300 sec this turn | 300 sec total\n|\n|t:|1783554130\n|move|p1a: Suicune|Scald|p2a: Corviknight\n|-resisted|p2a: Corviknight\n|-damage|p2a: Corviknight|67/100 brn\n|move|p2a: Corviknight|Roost|p2a: Corviknight\n|-heal|p2a: Corviknight|100/100 brn\n|\n|-heal|p1a: Suicune|294/298|[from] item: Leftovers\n|-damage|p2a: Corviknight|94/100 brn|[from] brn\n|upkeep\n|turn|19\n|inactive|Time left: 300 sec this turn | 300 sec total\n|\n|t:|1783554131\n|move|p1a: Suicune|Scald|p2a: Corviknight\n|-resisted|p2a: Corviknight\n|-damage|p2a: Corviknight|68/100 brn\n|move|p2a: Corviknight|Roost|p2a: Corviknight\n|-heal|p2a: Corviknight|100/100 brn\n|\n|-heal|p1a: Suicune|298/298|[from] item: Leftovers\n|-damage|p2a: Corviknight|94/100 brn|[from] brn\n|upkeep\n|turn|20\n|inactive|Time left: 300 sec this turn | 300 sec total\n|\n|t:|1783554131\n|switch|p2a: Luvdisc|Luvdisc, F|100/100\n|move|p1a: Suicune|Scald|p2a: Luvdisc\n|-resisted|p2a: Luvdisc\n|-damage|p2a: Luvdisc|66/100\n|-status|p2a: Luvdisc|brn\n|\n|-damage|p2a: Luvdisc|60/100 brn|[from] brn\n|upkeep\n|turn|21\n|inactive|Time left: 300 sec this turn | 300 sec total\n|\n|t:|1783554132\n|move|p2a: Luvdisc|Endeavor|p1a: Suicune\n|-damage|p1a: Suicune|148/298\n|move|p1a: Suicune|Scald|p2a: Luvdisc\n|-resisted|p2a: Luvdisc\n|-damage|p2a: Luvdisc|30/100 brn\n|\n|-heal|p1a: Suicune|166/298|[from] item: Leftovers\n|-damage|p2a: Luvdisc|24/100 brn|[from] brn\n|upkeep\n|turn|22\n|inactive|Time left: 300 sec this turn | 300 sec total\n|\n|t:|1783554133\n|move|p2a: Luvdisc|Endeavor|p1a: Suicune\n|-damage|p1a: Suicune|57/298\n|move|p1a: Suicune|Scald|p2a: Luvdisc\n|-resisted|p2a: Luvdisc\n|-damage|p2a: Luvdisc|0 fnt\n|faint|p2a: Luvdisc\n|\n|-heal|p1a: Suicune|75/298|[from] item: Leftovers\n|upkeep\n|\n|t:|1783554134\n|switch|p2a: Corviknight|Corviknight, L80, M, tera:Dragon|94/100 brn\n|-ability|p2a: Corviknight|Pressure\n|turn|23\n|inactive|Time left: 300 sec this turn | 300 sec total\n|\n|t:|1783554135\n|move|p1a: Suicune|Scald|p2a: Corviknight\n|-resisted|p2a: Corviknight\n|-damage|p2a: Corviknight|65/100 brn\n|move|p2a: Corviknight|U-turn|p1a: Suicune\n|-damage|p1a: Suicune|59/298\n|\n|t:|1783554136\n|switch|p2a: Hippowdon|Hippowdon, L82, F|88/100 brn|[from] U-turn\n|-weather|Sandstorm|[from] ability: Sand Stream|[of] p2a: Hippowdon\n|\n|-weather|Sandstorm|[upkeep]\n|-damage|p1a: Suicune|41/298|[from] Sandstorm\n|-heal|p1a: Suicune|59/298|[from] item: Leftovers\n|-heal|p2a: Hippowdon|94/100 brn|[from] item: Leftovers\n|-damage|p2a: Hippowdon|88/100 brn|[from] brn\n|upkeep\n|turn|24\n|inactive|Time left: 300 sec this turn | 300 sec total\n|\n|t:|1783554137\n|move|p1a: Suicune|Calm Mind|p1a: Suicune\n|-boost|p1a: Suicune|spa|1\n|-boost|p1a: Suicune|spd|1\n|move|p2a: Hippowdon|Earthquake|p1a: Suicune\n|-damage|p1a: Suicune|15/298\n|\n|-weather|Sandstorm|[upkeep]\n|-damage|p1a: Suicune|0 fnt|[from] Sandstorm\n|faint|p1a: Suicune\n|-heal|p2a: Hippowdon|94/100 brn|[from] item: Leftovers\n|-damage|p2a: Hippowdon|88/100 brn|[from] brn\n|upkeep\n|inactive|Time left: 300 sec this turn | 300 sec total | 5 sec grace\n|\n|t:|1783554137\n|switch|p1a: Ribombee|Ribombee, L83, F|235/235\n|turn|25\n|inactive|Time left: 300 sec this turn | 300 sec total\n|\n|t:|1783554138\n|move|p1a: Ribombee|Sticky Web|p2a: Hippowdon\n|-sidestart|p2: p0y12919857|move: Sticky Web\n|move|p2a: Hippowdon|Stone Edge|p1a: Ribombee|[miss]\n|-miss|p2a: Hippowdon|p1a: Ribombee\n|\n|-weather|Sandstorm|[upkeep]\n|-damage|p1a: Ribombee|221/235|[from] Sandstorm\n|-heal|p2a: Hippowdon|94/100 brn|[from] item: Leftovers\n|-damage|p2a: Hippowdon|88/100 brn|[from] brn\n|upkeep\n|turn|26\n|inactive|Time left: 300 sec this turn | 300 sec total\n|\n|t:|1783554139\n|move|p1a: Ribombee|Moonblast|p2a: Hippowdon\n|-damage|p2a: Hippowdon|53/100 brn\n|move|p2a: Hippowdon|Stone Edge|p1a: Ribombee\n|-supereffective|p1a: Ribombee\n|-damage|p1a: Ribombee|126/235\n|\n|-weather|Sandstorm|[upkeep]\n|-damage|p1a: Ribombee|112/235|[from] Sandstorm\n|-heal|p2a: Hippowdon|59/100 brn|[from] item: Leftovers\n|-damage|p2a: Hippowdon|53/100 brn|[from] brn\n|upkeep\n|turn|27\n|inactive|Time left: 300 sec this turn | 300 sec total\n|\n|t:|1783554140\n|move|p1a: Ribombee|Moonblast|p2a: Hippowdon\n|-damage|p2a: Hippowdon|16/100 brn\n|move|p2a: Hippowdon|Slack Off|p2a: Hippowdon\n|-heal|p2a: Hippowdon|66/100 brn\n|\n|-weather|none\n|-heal|p2a: Hippowdon|73/100 brn|[from] item: Leftovers\n|-damage|p2a: Hippowdon|66/100 brn|[from] brn\n|upkeep\n|turn|28\n|inactive|Time left: 300 sec this turn | 300 sec total\n|\n|t:|1783554141\n|move|p1a: Ribombee|Moonblast|p2a: Hippowdon\n|-damage|p2a: Hippowdon|27/100 brn\n|move|p2a: Hippowdon|Stone Edge|p1a: Ribombee\n|-supereffective|p1a: Ribombee\n|-crit|p1a: Ribombee\n|-damage|p1a: Ribombee|0 fnt\n|faint|p1a: Ribombee\n|\n|-heal|p2a: Hippowdon|33/100 brn|[from] item: Leftovers\n|-damage|p2a: Hippowdon|27/100 brn|[from] brn\n|upkeep\n|inactive|Time left: 300 sec this turn | 300 sec total | 5 sec grace\n|\n|t:|1783554142\n|switch|p1a: Reshiram|Reshiram, L76|1/277\n|-ability|p1a: Reshiram|Turboblaze\n|turn|29\n|inactive|Time left: 300 sec this turn | 300 sec total\n|\n|t:|1783554143\n|move|p1a: Reshiram|Outrage|p2a: Hippowdon\n|-damage|p2a: Hippowdon|0 fnt\n|faint|p2a: Hippowdon\n|\n|upkeep\n|\n|t:|1783554144\n|switch|p2a: Typhlosion|Typhlosion-Hisui, L83, F|37/100\n|turn|30\n|inactive|Time left: 300 sec this turn | 300 sec total\n|\n|t:|1783554145\n|move|p2a: Typhlosion|Shadow Ball|p1a: Reshiram\n|-damage|p1a: Reshiram|0 fnt\n|faint|p1a: Reshiram\n|\n|upkeep\n|inactive|Time left: 300 sec this turn | 300 sec total | 5 sec grace\n|\n|t:|1783554146\n|switch|p1a: Flamigo|Flamigo, L82, F|269/269\n|turn|31\n|inactive|Time left: 300 sec this turn | 300 sec total\n|\n|t:|1783554147\n|switch|p2a: Corviknight|Corviknight, L80, M, tera:Dragon|65/100 brn\n|-activate|p2a: Corviknight|move: Sticky Web\n|-unboost|p2a: Corviknight|spe|1\n|-ability|p2a: Corviknight|Pressure\n|switch|p1a: Whimsicott|Whimsicott, L84, F|238/238\n|\n|-damage|p2a: Corviknight|59/100 brn|[from] brn\n|upkeep\n|turn|32\n|inactive|Time left: 300 sec this turn | 300 sec total\n|\n|t:|1783554148\n|switch|p2a: Typhlosion|Typhlosion-Hisui, L83, F|37/100\n|move|p1a: Whimsicott|Moonblast|p2a: Typhlosion\n|-resisted|p2a: Typhlosion\n|-damage|p2a: Typhlosion|21/100\n|\n|upkeep\n|turn|33\n|inactive|Time left: 300 sec this turn | 300 sec total\n|\n|t:|1783554149\n|move|p1a: Whimsicott|Substitute|p1a: Whimsicott\n|-start|p1a: Whimsicott|Substitute\n|-damage|p1a: Whimsicott|179/238\n|move|p2a: Typhlosion|Fire Blast|p1a: Whimsicott|[miss]\n|-miss|p2a: Typhlosion|p1a: Whimsicott\n|\n|-heal|p1a: Whimsicott|193/238|[from] item: Leftovers\n|upkeep\n|turn|34\n|inactive|Time left: 300 sec this turn | 300 sec total\n|\n|t:|1783554150\n|move|p1a: Whimsicott|Moonblast|p2a: Typhlosion\n|-resisted|p2a: Typhlosion\n|-damage|p2a: Typhlosion|5/100\n|move|p2a: Typhlosion|Fire Blast|p1a: Whimsicott\n|-supereffective|p1a: Whimsicott\n|-end|p1a: Whimsicott|Substitute\n|\n|-heal|p1a: Whimsicott|207/238|[from] item: Leftovers\n|upkeep\n|turn|35\n|inactive|Time left: 300 sec this turn | 300 sec total\n|\n|t:|1783554152\n|switch|p2a: Corviknight|Corviknight, L80, M, tera:Dragon|59/100 brn\n|-activate|p2a: Corviknight|move: Sticky Web\n|-unboost|p2a: Corviknight|spe|1\n|-ability|p2a: Corviknight|Pressure\n|move|p1a: Whimsicott|Moonblast|p2a: Corviknight\n|-supereffective|p2a: Corviknight\n|-damage|p2a: Corviknight|0 fnt\n|faint|p2a: Corviknight\n|\n|-heal|p1a: Whimsicott|221/238|[from] item: Leftovers\n|upkeep\n|\n|t:|1783554152\n|switch|p2a: Typhlosion|Typhlosion-Hisui, L83, F|5/100\n|turn|36\n|inactive|Time left: 300 sec this turn | 300 sec total\n|\n|t:|1783554153\n|move|p1a: Whimsicott|Moonblast|p2a: Typhlosion\n|-resisted|p2a: Typhlosion\n|-crit|p2a: Typhlosion\n|-damage|p2a: Typhlosion|0 fnt\n|faint|p2a: Typhlosion\n|\n|win|p0x1291d1cc", "uploadtime": 1783554153, "views": 0, "rating": 0, "private": 0, "password": null, "_winner": "p0x1291d1cc", "_our_name": "p0x1291d1cc"}