{"id": "battle-gen9randombattle-256", "formatid": "gen9randombattle", "format": "[Gen 9] Random Battle", "players": ["p0x2560991", "p0y256b402"], "log": "|init|battle\n|title|p0x2560991 vs. p0y256b402\n|j|\u2606p0x2560991\n|j|\u2606p0y256b402\n|t:|1783542542\n|gametype|singles\n|player|p1|p0x2560991|102|\n|player|p2|p0y256b402|2|\n|gen|9\n|tier|[Gen 9] Random Battle\n|rule|Species Clause: Limit one of each Pok\u00e9mon\n|rule|HP Percentage Mod: HP is shown in percentages\n|rule|Sleep Clause Mod: Limit one foe put to sleep\n|rule|Illusion Level Mod: Illusion disguises the Pok\u00e9mon's true level\n|\n|t:|1783542542\n|teamsize|p1|6\n|teamsize|p2|6\n|start\n|switch|p1a: Bastiodon|Bastiodon, L89, M|100/100\n|switch|p2a: Chesnaught|Chesnaught, L84, F|285/285\n|turn|1\n|inactive|Battle timer is ON: inactive players will automatically lose when time's up. (requested by p0x2560991)\n|inactive|Time left: 300 sec this turn | 300 sec total | 60 sec grace\n|\n|t:|1783542544\n|switch|p1a: Scream Tail|Scream Tail, L84|100/100\n|move|p2a: Chesnaught|Body Press|p1a: Scream Tail\n|-resisted|p1a: Scream Tail\n|-damage|p1a: Scream Tail|94/100\n|\n|-heal|p1a: Scream Tail|99/100|[from] item: Leftovers\n|upkeep\n|turn|2\n|inactive|Time left: 300 sec this turn | 300 sec total\n|inactive|p0y256b402 also wants the timer to be on.\n|\n|t:|1783542545\n|move|p1a: Scream Tail|Dazzling Gleam|p2a: Chesnaught\n|-supereffective|p2a: Chesnaught\n|-damage|p2a: Chesnaught|141/285\n|move|p2a: Chesnaught|Spikes|p1a: Scream Tail\n|-sidestart|p1: p0x2560991|Spikes\n|\n|-heal|p1a: Scream Tail|100/100|[from] item: Leftovers\n|-heal|p2a: Chesnaught|158/285|[from] item: Leftovers\n|upkeep\n|turn|3\n|inactive|Time left: 300 sec this turn | 300 sec total\n|\n|t:|1783542546\n|move|p1a: Scream Tail|Dazzling Gleam|p2a: Chesnaught\n|-supereffective|p2a: Chesnaught\n|-damage|p2a: Chesnaught|14/285\n|move|p2a: Chesnaught|Synthesis|p2a: Chesnaught\n|-heal|p2a: Chesnaught|156/285\n|\n|-heal|p2a: Chesnaught|173/285|[from] item: Leftovers\n|upkeep\n|turn|4\n|inactive|Time left: 300 sec this turn | 300 sec total\n|\n|t:|1783542547\n|move|p1a: Scream Tail|Dazzling Gleam|p2a: Chesnaught\n|-supereffective|p2a: Chesnaught\n|-damage|p2a: Chesnaught|23/285\n|move|p2a: Chesnaught|Spikes|p1a: Scream Tail\n|-sidestart|p1: p0x2560991|Spikes\n|\n|-heal|p2a: Chesnaught|40/285|[from] item: Leftovers\n|upkeep\n|turn|5\n|inactive|Time left: 300 sec this turn | 300 sec total\n|\n|t:|1783542548\n|move|p1a: Scream Tail|Dazzling Gleam|p2a: Chesnaught\n|-supereffective|p2a: Chesnaught\n|-damage|p2a: Chesnaught|0 fnt\n|faint|p2a: Chesnaught\n|\n|upkeep\n|inactive|Time left: 300 sec this turn | 300 sec total | 5 sec grace\n|\n|t:|1783542549\n|switch|p2a: Minior|Minior-Indigo, L79|224/224\n|-formechange|p2a: Minior|Minior-Meteor||[from] ability: Shields Down\n|turn|6\n|inactive|Time left: 300 sec this turn | 300 sec total\n|\n|t:|1783542551\n|-end|p1a: Scream Tail|Protosynthesis|[silent]\n|switch|p1a: Rampardos|Rampardos, L90, M|100/100\n|-damage|p1a: Rampardos|84/100|[from] Spikes\n|move|p2a: Minior|Shell Smash|p2a: Minior\n|-unboost|p2a: Minior|def|1\n|-unboost|p2a: Minior|spd|1\n|-boost|p2a: Minior|atk|2\n|-boost|p2a: Minior|spa|2\n|-boost|p2a: Minior|spe|2\n|-enditem|p2a: Minior|White Herb\n|-clearnegativeboost|p2a: Minior|[silent]\n|\n|upkeep\n|turn|7\n|inactive|Time left: 300 sec this turn | 300 sec total\n|\n|t:|1783542552\n|-terastallize|p2a: Minior|Ground\n|-terastallize|p1a: Rampardos|Psychic\n|move|p2a: Minior|Earthquake|p1a: Rampardos\n|-damage|p1a: Rampardos|37/100\n|move|p1a: Rampardos|Zen Headbutt|p2a: Minior\n|-damage|p2a: Minior|0 fnt\n|faint|p2a: Minior\n|\n|upkeep\n|inactive|Time left: 300 sec this turn | 300 sec total | 5 sec grace\n|\n|t:|1783542553\n|switch|p2a: Mamoswine|Mamoswine, L81, M|311/311\n|turn|8\n|inactive|Time left: 300 sec this turn | 300 sec total\n|\n|t:|1783542554\n|move|p2a: Mamoswine|Earthquake|p1a: Rampardos\n|-damage|p1a: Rampardos|0 fnt\n|faint|p1a: Rampardos\n|\n|upkeep\n|\n|t:|1783542555\n|switch|p1a: Leavanny|Leavanny, L86, F|100/100\n|-damage|p1a: Leavanny|84/100|[from] Spikes\n|turn|9\n|inactive|Time left: 300 sec this turn | 300 sec total\n|\n|t:|1783542556\n|switch|p2a: Illumise|Illumise, L91, F|266/266\n|move|p1a: Leavanny|Sticky Web|p2a: Illumise\n|-sidestart|p2: p0y256b402|move: Sticky Web\n|\n|upkeep\n|turn|10\n|inactive|Time left: 300 sec this turn | 300 sec total\n|\n|t:|1783542557\n|move|p2a: Illumise|Bug Buzz|p1a: Leavanny\n|-supereffective|p1a: Leavanny\n|-damage|p1a: Leavanny|14/100\n|move|p1a: Leavanny|Knock Off|p2a: Illumise\n|-crit|p2a: Illumise\n|-damage|p2a: Illumise|155/266\n|-enditem|p2a: Illumise|Heavy-Duty Boots|[from] move: Knock Off|[of] p1a: Leavanny\n|\n|upkeep\n|turn|11\n|inactive|Time left: 300 sec this turn | 300 sec total\n|\n|t:|1783542558\n|move|p1a: Leavanny|Triple Axel|p2a: Illumise\n|-damage|p2a: Illumise|138/266\n|-damage|p2a: Illumise|104/266\n|-damage|p2a: Illumise|57/266\n|-hitcount|p2a: Illumise|3\n|move|p2a: Illumise|Bug Buzz|p1a: Leavanny\n|-supereffective|p1a: Leavanny\n|-damage|p1a: Leavanny|0 fnt\n|faint|p1a: Leavanny\n|\n|upkeep\n|\n|t:|1783542559\n|switch|p1a: Zebstrika|Zebstrika, L87, M|100/100\n|-damage|p1a: Zebstrika|84/100|[from] Spikes\n|turn|12\n|inactive|Time left: 300 sec this turn | 300 sec total\n|\n|t:|1783542560\n|move|p2a: Illumise|Roost|p2a: Illumise\n|-heal|p2a: Illumise|190/266\n|-singleturn|p2a: Illumise|move: Roost\n|move|p1a: Zebstrika|Supercell Slam|p2a: Illumise|[miss]\n|-miss|p1a: Zebstrika|p2a: Illumise\n|-damage|p1a: Zebstrika|34/100|[from] supercellslam\n|\n|upkeep\n|turn|13\n|inactive|Time left: 300 sec this turn | 300 sec total\n|\n|t:|1783542561\n|move|p2a: Illumise|Roost|p2a: Illumise\n|-heal|p2a: Illumise|266/266\n|-singleturn|p2a: Illumise|move: Roost\n|move|p1a: Zebstrika|Overheat|p2a: Illumise\n|-supereffective|p2a: Illumise\n|-damage|p2a: Illumise|58/266\n|-unboost|p1a: Zebstrika|spa|2\n|-damage|p1a: Zebstrika|24/100|[from] item: Life Orb\n|\n|upkeep\n|turn|14\n|inactive|Time left: 300 sec this turn | 300 sec total\n|\n|t:|1783542562\n|move|p2a: Illumise|Roost|p2a: Illumise\n|-heal|p2a: Illumise|191/266\n|-singleturn|p2a: Illumise|move: Roost\n|move|p1a: Zebstrika|Supercell Slam|p2a: Illumise\n|-damage|p2a: Illumise|35/266\n|-damage|p1a: Zebstrika|14/100|[from] item: Life Orb\n|\n|upkeep\n|turn|15\n|inactive|Time left: 300 sec this turn | 300 sec total\n|\n|t:|1783542563\n|move|p2a: Illumise|Roost|p2a: Illumise\n|-heal|p2a: Illumise|168/266\n|-singleturn|p2a: Illumise|move: Roost\n|move|p1a: Zebstrika|Supercell Slam|p2a: Illumise\n|-damage|p2a: Illumise|19/266\n|-damage|p1a: Zebstrika|4/100|[from] item: Life Orb\n|\n|upkeep\n|turn|16\n|inactive|Time left: 300 sec this turn | 300 sec total\n|\n|t:|1783542564\n|move|p2a: Illumise|Roost|p2a: Illumise\n|-heal|p2a: Illumise|152/266\n|-singleturn|p2a: Illumise|move: Roost\n|move|p1a: Zebstrika|Supercell Slam|p2a: Illumise\n|-damage|p2a: Illumise|0 fnt\n|faint|p2a: Illumise\n|-damage|p1a: Zebstrika|0 fnt|[from] item: Life Orb\n|faint|p1a: Zebstrika\n|\n|upkeep\n|inactive|Time left: 300 sec this turn | 300 sec total | 5 sec grace\n|\n|t:|1783542566\n|switch|p1a: Scream Tail|Scream Tail, L84|100/100\n|switch|p2a: Mamoswine|Mamoswine, L81, M|311/311\n|-damage|p1a: Scream Tail|84/100|[from] Spikes\n|-activate|p2a: Mamoswine|move: Sticky Web\n|-unboost|p2a: Mamoswine|spe|1\n|turn|17\n|inactive|Time left: 300 sec this turn | 300 sec total\n|\n|t:|1783542567\n|move|p1a: Scream Tail|Protect|p1a: Scream Tail\n|-singleturn|p1a: Scream Tail|Protect\n|move|p2a: Mamoswine|Earthquake|p1a: Scream Tail\n|-activate|p1a: Scream Tail|move: Protect\n|\n|-heal|p1a: Scream Tail|90/100|[from] item: Leftovers\n|upkeep\n|turn|18\n|inactive|Time left: 300 sec this turn | 300 sec total\n|\n|t:|1783542568\n|move|p1a: Scream Tail|Wish|p1a: Scream Tail\n|move|p2a: Mamoswine|Earthquake|p1a: Scream Tail\n|-damage|p1a: Scream Tail|35/100\n|\n|-heal|p1a: Scream Tail|41/100|[from] item: Leftovers\n|upkeep\n|turn|19\n|inactive|Time left: 300 sec this turn | 300 sec total\n|\n|t:|1783542569\n|move|p1a: Scream Tail|Protect|p1a: Scream Tail\n|-singleturn|p1a: Scream Tail|Protect\n|move|p2a: Mamoswine|Earthquake|p1a: Scream Tail\n|-activate|p1a: Scream Tail|move: Protect\n|\n|-heal|p1a: Scream Tail|91/100|[from] move: Wish|[wisher] Scream Tail\n|-heal|p1a: Scream Tail|97/100|[from] item: Leftovers\n|upkeep\n|turn|20\n|inactive|Time left: 300 sec this turn | 300 sec total\n|\n|t:|1783542570\n|move|p1a: Scream Tail|Wish|p1a: Scream Tail\n|move|p2a: Mamoswine|Earthquake|p1a: Scream Tail\n|-damage|p1a: Scream Tail|42/100\n|\n|-heal|p1a: Scream Tail|48/100|[from] item: Leftovers\n|upkeep\n|turn|21\n|inactive|Time left: 300 sec this turn | 300 sec total\n|\n|t:|1783542571\n|move|p1a: Scream Tail|Protect|p1a: Scream Tail\n|-singleturn|p1a: Scream Tail|Protect\n|move|p2a: Mamoswine|Earthquake|p1a: Scream Tail\n|-activate|p1a: Scream Tail|move: Protect\n|\n|-heal|p1a: Scream Tail|98/100|[from] move: Wish|[wisher] Scream Tail\n|-heal|p1a: Scream Tail|100/100|[from] item: Leftovers\n|upkeep\n|turn|22\n|inactive|Time left: 300 sec this turn | 300 sec total\n|\n|t:|1783542572\n|move|p1a: Scream Tail|Wish|p1a: Scream Tail\n|move|p2a: Mamoswine|Earthquake|p1a: Scream Tail\n|-damage|p1a: Scream Tail|47/100\n|\n|-heal|p1a: Scream Tail|53/100|[from] item: Leftovers\n|upkeep\n|turn|23\n|inactive|Time left: 300 sec this turn | 300 sec total\n|\n|t:|1783542573\n|move|p1a: Scream Tail|Protect|p1a: Scream Tail\n|-singleturn|p1a: Scream Tail|Protect\n|move|p2a: Mamoswine|Earthquake|p1a: Scream Tail\n|-activate|p1a: Scream Tail|move: Protect\n|\n|-heal|p1a: Scream Tail|100/100|[from] move: Wish|[wisher] Scream Tail\n|upkeep\n|turn|24\n|inactive|Time left: 300 sec this turn | 300 sec total\n|\n|t:|1783542574\n|move|p1a: Scream Tail|Wish|p1a: Scream Tail\n|move|p2a: Mamoswine|Earthquake|p1a: Scream Tail\n|-crit|p1a: Scream Tail\n|-damage|p1a: Scream Tail|27/100\n|\n|-heal|p1a: Scream Tail|33/100|[from] item: Leftovers\n|upkeep\n|turn|25\n|inactive|Time left: 300 sec this turn | 300 sec total\n|\n|t:|1783542575\n|move|p1a: Scream Tail|Protect|p1a: Scream Tail\n|-singleturn|p1a: Scream Tail|Protect\n|move|p2a: Mamoswine|Earthquake|p1a: Scream Tail\n|-activate|p1a: Scream Tail|move: Protect\n|\n|-heal|p1a: Scream Tail|83/100|[from] move: Wish|[wisher] Scream Tail\n|-heal|p1a: Scream Tail|89/100|[from] item: Leftovers\n|upkeep\n|turn|26\n|inactive|Time left: 300 sec this turn | 300 sec total\n|\n|t:|1783542576\n|-end|p1a: Scream Tail|Protosynthesis|[silent]\n|switch|p1a: Passimian|Passimian, L83, M|100/100\n|-damage|p1a: Passimian|84/100|[from] Spikes\n|move|p2a: Mamoswine|Earthquake|p1a: Passimian\n|-damage|p1a: Passimian|22/100\n|\n|upkeep\n|turn|27\n|inactive|Time left: 300 sec this turn | 300 sec total\n|\n|t:|1783542577\n|move|p1a: Passimian|Close Combat|p2a: Mamoswine\n|-supereffective|p2a: Mamoswine\n|-damage|p2a: Mamoswine|9/311\n|-unboost|p1a: Passimian|def|1\n|-unboost|p1a: Passimian|spd|1\n|move|p2a: Mamoswine|Earthquake|p1a: Passimian\n|-damage|p1a: Passimian|0 fnt\n|faint|p1a: Passimian\n|\n|upkeep\n|\n|t:|1783542578\n|switch|p1a: Scream Tail|Scream Tail, L84|89/100\n|-damage|p1a: Scream Tail|72/100|[from] Spikes\n|turn|28\n|inactive|Time left: 300 sec this turn | 300 sec total\n|\n|t:|1783542579\n|move|p1a: Scream Tail|Dazzling Gleam|p2a: Mamoswine\n|-damage|p2a: Mamoswine|0 fnt\n|faint|p2a: Mamoswine\n|\n|-heal|p1a: Scream Tail|78/100|[from] item: Leftovers\n|upkeep\n|inactive|Time left: 300 sec this turn | 300 sec total | 5 sec grace\n|\n|t:|1783542580\n|switch|p2a: Flutter Mane|Flutter Mane, L74|203/203\n|-activate|p2a: Flutter Mane|move: Sticky Web\n|-unboost|p2a: Flutter Mane|spe|1\n|turn|29\n|inactive|Time left: 300 sec this turn | 300 sec total\n|\n|t:|1783542581\n|move|p1a: Scream Tail|Thunder Wave|p2a: Flutter Mane\n|-status|p2a: Flutter Mane|par\n|cant|p2a: Flutter Mane|par\n|\n|-heal|p1a: Scream Tail|84/100|[from] item: Leftovers\n|upkeep\n|turn|30\n|inactive|Time left: 300 sec this turn | 300 sec total\n|\n|t:|1783542582\n|move|p1a: Scream Tail|Dazzling Gleam|p2a: Flutter Mane\n|-damage|p2a: Flutter Mane|152/203 par\n|move|p2a: Flutter Mane|Calm Mind|p2a: Flutter Mane\n|-boost|p2a: Flutter Mane|spa|1\n|-boost|p2a: Flutter Mane|spd|1\n|\n|-heal|p1a: Scream Tail|90/100|[from] item: Leftovers\n|upkeep\n|turn|31\n|inactive|Time left: 300 sec this turn | 300 sec total\n|\n|t:|1783542583\n|move|p1a: Scream Tail|Dazzling Gleam|p2a: Flutter Mane\n|-damage|p2a: Flutter Mane|116/203 par\n|move|p2a: Flutter Mane|Calm Mind|p2a: Flutter Mane\n|-boost|p2a: Flutter Mane|spa|1\n|-boost|p2a: Flutter Mane|spd|1\n|\n|-heal|p1a: Scream Tail|96/100|[from] item: Leftovers\n|upkeep\n|turn|32\n|inactive|Time left: 300 sec this turn | 300 sec total\n|\n|t:|1783542584\n|move|p1a: Scream Tail|Protect|p1a: Scream Tail\n|-singleturn|p1a: Scream Tail|Protect\n|move|p2a: Flutter Mane|Shadow Ball|p1a: Scream Tail\n|-activate|p1a: Scream Tail|move: Protect\n|\n|-heal|p1a: Scream Tail|100/100|[from] item: Leftovers\n|upkeep\n|turn|33\n|inactive|Time left: 300 sec this turn | 300 sec total\n|\n|t:|1783542585\n|-end|p1a: Scream Tail|Protosynthesis|[silent]\n|switch|p1a: Bastiodon|Bastiodon, L89, M|100/100\n|-damage|p1a: Bastiodon|84/100|[from] Spikes\n|move|p2a: Flutter Mane|Shadow Ball|p1a: Bastiodon\n|-damage|p1a: Bastiodon|22/100\n|-damage|p2a: Flutter Mane|96/203 par|[from] item: Life Orb\n|\n|upkeep\n|turn|34\n|inactive|Time left: 300 sec this turn | 300 sec total\n|\n|t:|1783542586\n|move|p1a: Bastiodon|Foul Play|p2a: Flutter Mane\n|-damage|p2a: Flutter Mane|50/203 par\n|move|p2a: Flutter Mane|Shadow Ball|p1a: Bastiodon\n|-damage|p1a: Bastiodon|0 fnt\n|faint|p1a: Bastiodon\n|-damage|p2a: Flutter Mane|30/203 par|[from] item: Life Orb\n|\n|upkeep\n|\n|t:|1783542587\n|switch|p1a: Scream Tail|Scream Tail, L84|100/100\n|-damage|p1a: Scream Tail|84/100|[from] Spikes\n|turn|35\n|inactive|Time left: 300 sec this turn | 300 sec total\n|\n|t:|1783542588\n|move|p1a: Scream Tail|Dazzling Gleam|p2a: Flutter Mane\n|-damage|p2a: Flutter Mane|5/203 par\n|move|p2a: Flutter Mane|Shadow Ball|p1a: Scream Tail\n|-supereffective|p1a: Scream Tail\n|-damage|p1a: Scream Tail|0 fnt\n|faint|p1a: Scream Tail\n|-end|p1a: Scream Tail|Protosynthesis|[silent]\n|-damage|p2a: Flutter Mane|0 fnt|[from] item: Life Orb\n|faint|p2a: Flutter Mane\n|-end|p2a: Flutter Mane|Protosynthesis|[silent]\n|\n|win|p0y256b402", "uploadtime": 1783542588, "views": 0, "rating": 0, "private": 0, "password": null, "_winner": "p0y256b402", "_our_name": "p0y256b402"}