{"id": "battle-gen9randombattle-2177", "formatid": "gen9randombattle", "format": "[Gen 9] Random Battle", "players": ["p0x21777457", "p0y2177189e"], "log": "|init|battle\n|title|p0x21777457 vs. p0y2177189e\n|j|\u2606p0x21777457\n|j|\u2606p0y2177189e\n|t:|1783565224\n|gametype|singles\n|player|p1|p0x21777457|170|\n|player|p2|p0y2177189e|102|\n|gen|9\n|tier|[Gen 9] Random Battle\n|rule|Species Clause: Limit one of each Pok\u00e9mon\n|rule|HP Percentage Mod: HP is shown in percentages\n|rule|Sleep Clause Mod: Limit one foe put to sleep\n|rule|Illusion Level Mod: Illusion disguises the Pok\u00e9mon's true level\n|\n|t:|1783565224\n|teamsize|p1|6\n|teamsize|p2|6\n|start\n|switch|p1a: Spectrier|Spectrier, L75|274/274\n|switch|p2a: Corviknight|Corviknight, L80, F|100/100\n|turn|1\n|inactive|Battle timer is ON: inactive players will automatically lose when time's up. (requested by p0x21777457)\n|inactive|p0y2177189e also wants the timer to be on.\n|\n|t:|1783565225\n|move|p1a: Spectrier|Nasty Plot|p1a: Spectrier\n|-boost|p1a: Spectrier|spa|2\n|move|p2a: Corviknight|Brave Bird|p1a: Spectrier\n|-damage|p1a: Spectrier|111/274\n|-damage|p2a: Corviknight|82/100|[from] Recoil\n|\n|-heal|p2a: Corviknight|88/100|[from] item: Leftovers\n|upkeep\n|turn|2\n|inactive|Time left: 300 sec this turn | 300 sec total\n|\n|t:|1783565226\n|move|p1a: Spectrier|Shadow Ball|p2a: Corviknight\n|-damage|p2a: Corviknight|0 fnt\n|faint|p2a: Corviknight\n|-ability|p1a: Spectrier|Grim Neigh|boost\n|-boost|p1a: Spectrier|spa|1\n|-damage|p1a: Spectrier|84/274|[from] item: Life Orb\n|\n|upkeep\n|\n|t:|1783565227\n|switch|p2a: Iron Bundle|Iron Bundle, L78|100/100\n|turn|3\n|inactive|Time left: 300 sec this turn | 300 sec total\n|\n|t:|1783565228\n|switch|p1a: Ninetales|Ninetales-Alola, L78, M|242/242\n|-weather|Snowscape|[from] ability: Snow Warning|[of] p1a: Ninetales\n|move|p2a: Iron Bundle|Ice Beam|p1a: Ninetales\n|-resisted|p1a: Ninetales\n|-damage|p1a: Ninetales|167/242\n|\n|-weather|Snowscape|[upkeep]\n|upkeep\n|turn|4\n|inactive|Time left: 300 sec this turn | 300 sec total\n|\n|t:|1783565229\n|move|p2a: Iron Bundle|Ice Beam|p1a: Ninetales\n|-resisted|p1a: Ninetales\n|-damage|p1a: Ninetales|100/242\n|move|p1a: Ninetales|Aurora Veil|p1a: Ninetales\n|-sidestart|p1: p0x21777457|move: Aurora Veil\n|\n|-weather|Snowscape|[upkeep]\n|upkeep\n|turn|5\n|inactive|Time left: 300 sec this turn | 300 sec total\n|\n|t:|1783565230\n|move|p2a: Iron Bundle|Ice Beam|p1a: Ninetales\n|-resisted|p1a: Ninetales\n|-damage|p1a: Ninetales|63/242\n|move|p1a: Ninetales|Moonblast|p2a: Iron Bundle\n|-damage|p2a: Iron Bundle|49/100\n|\n|-weather|Snowscape|[upkeep]\n|upkeep\n|turn|6\n|inactive|Time left: 300 sec this turn | 300 sec total\n|\n|t:|1783565231\n|move|p2a: Iron Bundle|Ice Beam|p1a: Ninetales\n|-resisted|p1a: Ninetales\n|-damage|p1a: Ninetales|23/242\n|move|p1a: Ninetales|Moonblast|p2a: Iron Bundle\n|-damage|p2a: Iron Bundle|0 fnt\n|faint|p2a: Iron Bundle\n|-end|p2a: Iron Bundle|Quark Drive|[silent]\n|\n|-weather|Snowscape|[upkeep]\n|upkeep\n|\n|t:|1783565232\n|switch|p2a: Arbok|Arbok, L87, F|100/100\n|-ability|p2a: Arbok|Intimidate|boost\n|-unboost|p1a: Ninetales|atk|1\n|turn|7\n|inactive|Time left: 300 sec this turn | 300 sec total\n|\n|t:|1783565233\n|move|p1a: Ninetales|Moonblast|p2a: Arbok\n|-resisted|p2a: Arbok\n|-crit|p2a: Arbok\n|-damage|p2a: Arbok|77/100\n|-unboost|p2a: Arbok|spa|1\n|move|p2a: Arbok|Coil|p2a: Arbok\n|-boost|p2a: Arbok|atk|1\n|-boost|p2a: Arbok|def|1\n|-boost|p2a: Arbok|accuracy|1\n|\n|-weather|none\n|-heal|p2a: Arbok|83/100|[from] item: Leftovers\n|upkeep\n|turn|8\n|inactive|Time left: 300 sec this turn | 300 sec total\n|\n|t:|1783565234\n|move|p1a: Ninetales|Freeze-Dry|p2a: Arbok\n|-damage|p2a: Arbok|61/100\n|move|p2a: Arbok|Coil|p2a: Arbok\n|-boost|p2a: Arbok|atk|1\n|-boost|p2a: Arbok|def|1\n|-boost|p2a: Arbok|accuracy|1\n|\n|-heal|p2a: Arbok|67/100|[from] item: Leftovers\n|upkeep\n|turn|9\n|inactive|Time left: 300 sec this turn | 300 sec total\n|\n|t:|1783565235\n|move|p1a: Ninetales|Blizzard|p2a: Arbok\n|-damage|p2a: Arbok|27/100\n|move|p2a: Arbok|Gunk Shot|p1a: Ninetales\n|-supereffective|p1a: Ninetales\n|-damage|p1a: Ninetales|0 fnt\n|faint|p1a: Ninetales\n|\n|-heal|p2a: Arbok|33/100|[from] item: Leftovers\n|upkeep\n|inactive|Time left: 300 sec this turn | 300 sec total | 5 sec grace\n|\n|t:|1783565235\n|switch|p1a: Lycanroc|Lycanroc-Dusk, L81, F|254/254\n|turn|10\n|inactive|Time left: 300 sec this turn | 300 sec total\n|\n|t:|1783565236\n|move|p1a: Lycanroc|Stone Edge|p2a: Arbok|[miss]\n|-miss|p1a: Lycanroc|p2a: Arbok\n|move|p2a: Arbok|Gunk Shot|p1a: Lycanroc\n|-resisted|p1a: Lycanroc\n|-damage|p1a: Lycanroc|171/254\n|\n|-heal|p2a: Arbok|39/100|[from] item: Leftovers\n|upkeep\n|turn|11\n|inactive|Time left: 300 sec this turn | 300 sec total\n|\n|t:|1783565237\n|-terastallize|p2a: Arbok|Ground\n|move|p1a: Lycanroc|Stone Edge|p2a: Arbok\n|-resisted|p2a: Arbok\n|-damage|p2a: Arbok|19/100\n|move|p2a: Arbok|Earthquake|p1a: Lycanroc\n|-supereffective|p1a: Lycanroc\n|-damage|p1a: Lycanroc|0 fnt\n|faint|p1a: Lycanroc\n|\n|-heal|p2a: Arbok|25/100|[from] item: Leftovers\n|-sideend|p1: p0x21777457|move: Aurora Veil\n|upkeep\n|inactive|Time left: 300 sec this turn | 300 sec total | 5 sec grace\n|\n|t:|1783565238\n|switch|p1a: Spectrier|Spectrier, L75|84/274\n|turn|12\n|inactive|Time left: 300 sec this turn | 300 sec total\n|\n|t:|1783565239\n|move|p2a: Arbok|Sucker Punch|p1a: Spectrier\n|-supereffective|p1a: Spectrier\n|-damage|p1a: Spectrier|0 fnt\n|faint|p1a: Spectrier\n|\n|-heal|p2a: Arbok|31/100|[from] item: Leftovers\n|upkeep\n|inactive|Time left: 300 sec this turn | 300 sec total | 5 sec grace\n|\n|t:|1783565240\n|switch|p1a: Poliwrath|Poliwrath, L88, M|302/302\n|turn|13\n|inactive|Time left: 300 sec this turn | 300 sec total\n|\n|t:|1783565241\n|move|p2a: Arbok|Gunk Shot|p1a: Poliwrath\n|-damage|p1a: Poliwrath|67/302\n|move|p1a: Poliwrath|Liquidation|p2a: Arbok\n|-supereffective|p2a: Arbok\n|-damage|p2a: Arbok|0 fnt\n|faint|p2a: Arbok\n|\n|upkeep\n|\n|t:|1783565242\n|switch|p2a: Haxorus|Haxorus, L77, F|100/100\n|-ability|p2a: Haxorus|Mold Breaker\n|turn|14\n|inactive|Time left: 300 sec this turn | 300 sec total\n|\n|t:|1783565243\n|switch|p1a: Forretress|Forretress, L84, F|263/263\n|move|p2a: Haxorus|Earthquake|p1a: Forretress\n|-damage|p1a: Forretress|210/263\n|\n|-heal|p1a: Forretress|226/263|[from] item: Leftovers\n|upkeep\n|turn|15\n|inactive|Time left: 300 sec this turn | 300 sec total\n|\n|t:|1783565244\n|move|p2a: Haxorus|Swords Dance|p2a: Haxorus\n|-boost|p2a: Haxorus|atk|2\n|move|p1a: Forretress|Iron Head|p2a: Haxorus\n|-damage|p2a: Haxorus|66/100\n|\n|-heal|p1a: Forretress|242/263|[from] item: Leftovers\n|upkeep\n|turn|16\n|inactive|Time left: 300 sec this turn | 300 sec total\n|\n|t:|1783565245\n|move|p2a: Haxorus|Earthquake|p1a: Forretress\n|-damage|p1a: Forretress|128/263\n|move|p1a: Forretress|Iron Head|p2a: Haxorus\n|-damage|p2a: Haxorus|29/100\n|\n|-heal|p1a: Forretress|144/263|[from] item: Leftovers\n|upkeep\n|turn|17\n|inactive|Time left: 300 sec this turn | 300 sec total\n|\n|t:|1783565246\n|move|p2a: Haxorus|Earthquake|p1a: Forretress\n|-damage|p1a: Forretress|28/263\n|move|p1a: Forretress|Iron Head|p2a: Haxorus\n|-damage|p2a: Haxorus|0 fnt\n|faint|p2a: Haxorus\n|\n|-heal|p1a: Forretress|44/263|[from] item: Leftovers\n|upkeep\n|\n|t:|1783565247\n|switch|p2a: Cacturne|Cacturne, L92, M|100/100\n|turn|18\n|inactive|Time left: 300 sec this turn | 300 sec total\n|\n|t:|1783565248\n|move|p2a: Cacturne|Knock Off|p1a: Forretress\n|-damage|p1a: Forretress|0 fnt\n|-enditem|p1a: Forretress|Leftovers|[from] move: Knock Off|[of] p2a: Cacturne\n|faint|p1a: Forretress\n|-damage|p2a: Cacturne|91/100|[from] item: Life Orb\n|\n|upkeep\n|inactive|Time left: 300 sec this turn | 300 sec total | 5 sec grace\n|\n|t:|1783565249\n|switch|p1a: Poliwrath|Poliwrath, L88, M|67/302\n|turn|19\n|inactive|Time left: 300 sec this turn | 300 sec total\n|\n|t:|1783565251\n|switch|p2a: Avalugg|Avalugg, L88, M|100/100\n|move|p1a: Poliwrath|Close Combat|p2a: Avalugg\n|-supereffective|p2a: Avalugg\n|-damage|p2a: Avalugg|56/100\n|-unboost|p1a: Poliwrath|def|1\n|-unboost|p1a: Poliwrath|spd|1\n|\n|upkeep\n|turn|20\n|inactive|Time left: 300 sec this turn | 300 sec total\n|\n|t:|1783565251\n|move|p1a: Poliwrath|Close Combat|p2a: Avalugg\n|-supereffective|p2a: Avalugg\n|-damage|p2a: Avalugg|13/100\n|-unboost|p1a: Poliwrath|def|1\n|-unboost|p1a: Poliwrath|spd|1\n|move|p2a: Avalugg|Recover|p2a: Avalugg\n|-heal|p2a: Avalugg|63/100\n|\n|upkeep\n|turn|21\n|inactive|Time left: 300 sec this turn | 300 sec total\n|\n|t:|1783565253\n|move|p1a: Poliwrath|Close Combat|p2a: Avalugg\n|-supereffective|p2a: Avalugg\n|-damage|p2a: Avalugg|18/100\n|-unboost|p1a: Poliwrath|def|1\n|-unboost|p1a: Poliwrath|spd|1\n|move|p2a: Avalugg|Recover|p2a: Avalugg\n|-heal|p2a: Avalugg|68/100\n|\n|upkeep\n|turn|22\n|inactive|Time left: 300 sec this turn | 300 sec total\n|\n|t:|1783565254\n|move|p1a: Poliwrath|Close Combat|p2a: Avalugg\n|-supereffective|p2a: Avalugg\n|-damage|p2a: Avalugg|19/100\n|-unboost|p1a: Poliwrath|def|1\n|-unboost|p1a: Poliwrath|spd|1\n|move|p2a: Avalugg|Recover|p2a: Avalugg\n|-heal|p2a: Avalugg|69/100\n|\n|upkeep\n|turn|23\n|inactive|Time left: 300 sec this turn | 300 sec total\n|\n|t:|1783565255\n|switch|p1a: Lanturn|Lanturn, L89, M|367/367\n|move|p2a: Avalugg|Recover|p2a: Avalugg\n|-heal|p2a: Avalugg|100/100\n|\n|upkeep\n|turn|24\n|inactive|Time left: 300 sec this turn | 300 sec total\n|\n|t:|1783565256\n|move|p1a: Lanturn|Ice Beam|p2a: Avalugg\n|-resisted|p2a: Avalugg\n|-damage|p2a: Avalugg|86/100\n|move|p2a: Avalugg|Avalanche|p1a: Lanturn\n|-resisted|p1a: Lanturn\n|-damage|p1a: Lanturn|266/367\n|\n|-heal|p1a: Lanturn|288/367|[from] item: Leftovers\n|upkeep\n|turn|25\n|inactive|Time left: 300 sec this turn | 300 sec total\n|\n|t:|1783565257\n|move|p1a: Lanturn|Thunderbolt|p2a: Avalugg\n|-damage|p2a: Avalugg|46/100\n|-status|p2a: Avalugg|par\n|move|p2a: Avalugg|Recover|p2a: Avalugg\n|-heal|p2a: Avalugg|96/100 par\n|\n|-heal|p1a: Lanturn|310/367|[from] item: Leftovers\n|upkeep\n|turn|26\n|inactive|Time left: 300 sec this turn | 300 sec total\n|\n|t:|1783565258\n|move|p1a: Lanturn|Thunderbolt|p2a: Avalugg\n|-damage|p2a: Avalugg|54/100 par\n|move|p2a: Avalugg|Recover|p2a: Avalugg\n|-heal|p2a: Avalugg|100/100 par\n|\n|-heal|p1a: Lanturn|332/367|[from] item: Leftovers\n|upkeep\n|turn|27\n|inactive|Time left: 300 sec this turn | 300 sec total\n|\n|t:|1783565259\n|move|p1a: Lanturn|Thunderbolt|p2a: Avalugg\n|-damage|p2a: Avalugg|57/100 par\n|cant|p2a: Avalugg|par\n|\n|-heal|p1a: Lanturn|354/367|[from] item: Leftovers\n|upkeep\n|turn|28\n|inactive|Time left: 300 sec this turn | 300 sec total\n|\n|t:|1783565260\n|move|p1a: Lanturn|Thunderbolt|p2a: Avalugg\n|-damage|p2a: Avalugg|12/100 par\n|move|p2a: Avalugg|Recover|p2a: Avalugg\n|-heal|p2a: Avalugg|62/100 par\n|\n|-heal|p1a: Lanturn|367/367|[from] item: Leftovers\n|upkeep\n|turn|29\n|inactive|Time left: 300 sec this turn | 300 sec total\n|\n|t:|1783565261\n|move|p1a: Lanturn|Thunderbolt|p2a: Avalugg\n|-damage|p2a: Avalugg|20/100 par\n|move|p2a: Avalugg|Recover|p2a: Avalugg\n|-heal|p2a: Avalugg|70/100 par\n|\n|upkeep\n|turn|30\n|inactive|Time left: 300 sec this turn | 300 sec total\n|\n|t:|1783565262\n|move|p1a: Lanturn|Ice Beam|p2a: Avalugg\n|-resisted|p2a: Avalugg\n|-damage|p2a: Avalugg|56/100 par\n|move|p2a: Avalugg|Avalanche|p1a: Lanturn\n|-resisted|p1a: Lanturn\n|-damage|p1a: Lanturn|262/367\n|\n|-heal|p1a: Lanturn|284/367|[from] item: Leftovers\n|upkeep\n|turn|31\n|inactive|Time left: 300 sec this turn | 300 sec total\n|\n|t:|1783565262\n|move|p1a: Lanturn|Thunderbolt|p2a: Avalugg\n|-damage|p2a: Avalugg|13/100 par\n|cant|p2a: Avalugg|par\n|\n|-heal|p1a: Lanturn|306/367|[from] item: Leftovers\n|upkeep\n|turn|32\n|inactive|Time left: 300 sec this turn | 300 sec total\n|\n|t:|1783565263\n|-terastallize|p1a: Lanturn|Flying\n|move|p1a: Lanturn|Ice Beam|p2a: Avalugg\n|-resisted|p2a: Avalugg\n|-damage|p2a: Avalugg|0 fnt\n|faint|p2a: Avalugg\n|\n|-heal|p1a: Lanturn|328/367|[from] item: Leftovers\n|upkeep\n|\n|t:|1783565264\n|switch|p2a: Cacturne|Cacturne, L92, M|91/100\n|turn|33\n|inactive|Time left: 300 sec this turn | 300 sec total\n|\n|t:|1783565265\n|move|p2a: Cacturne|Sucker Punch|p1a: Lanturn\n|-damage|p1a: Lanturn|160/367\n|-damage|p2a: Cacturne|81/100|[from] item: Life Orb\n|move|p1a: Lanturn|Ice Beam|p2a: Cacturne\n|-supereffective|p2a: Cacturne\n|-damage|p2a: Cacturne|32/100\n|\n|-heal|p1a: Lanturn|182/367|[from] item: Leftovers\n|upkeep\n|turn|34\n|inactive|Time left: 300 sec this turn | 300 sec total\n|\n|t:|1783565265\n|move|p1a: Lanturn|Ice Beam|p2a: Cacturne\n|-supereffective|p2a: Cacturne\n|-damage|p2a: Cacturne|0 fnt\n|faint|p2a: Cacturne\n|\n|win|p0x21777457", "uploadtime": 1783565265, "views": 0, "rating": 0, "private": 0, "password": null, "_winner": "p0x21777457", "_our_name": "p0x21777457"}