{"id": "battle-gen9randombattle-1393", "formatid": "gen9randombattle", "format": "[Gen 9] Random Battle", "players": ["p0x1393556f", "p0y1393ffe9"], "log": "|init|battle\n|title|p0x1393556f vs. p0y1393ffe9\n|j|\u2606p0x1393556f\n|j|\u2606p0y1393ffe9\n|t:|1783555272\n|gametype|singles\n|player|p1|p0x1393556f|2|\n|player|p2|p0y1393ffe9|169|\n|gen|9\n|tier|[Gen 9] Random Battle\n|rule|Species Clause: Limit one of each Pok\u00e9mon\n|rule|HP Percentage Mod: HP is shown in percentages\n|rule|Sleep Clause Mod: Limit one foe put to sleep\n|rule|Illusion Level Mod: Illusion disguises the Pok\u00e9mon's true level\n|\n|t:|1783555272\n|teamsize|p1|6\n|teamsize|p2|6\n|start\n|switch|p1a: Rayquaza|Rayquaza, L72|100/100\n|switch|p2a: Pincurchin|Pincurchin, M|258/258\n|-ability|p1a: Rayquaza|Air Lock\n|-fieldstart|move: Electric Terrain|[from] ability: Electric Surge|[of] p2a: Pincurchin\n|turn|1\n|inactive|Battle timer is ON: inactive players will automatically lose when time's up. (requested by p0x1393556f)\n|inactive|Time left: 300 sec this turn | 300 sec total | 60 sec grace\n|inactive|p0y1393ffe9 also wants the timer to be on.\n|\n|t:|1783555273\n|move|p1a: Rayquaza|Dragon Dance|p1a: Rayquaza\n|-boost|p1a: Rayquaza|atk|1\n|-boost|p1a: Rayquaza|spe|1\n|move|p2a: Pincurchin|Zing Zap|p1a: Rayquaza\n|-damage|p1a: Rayquaza|36/100\n|\n|upkeep\n|turn|2\n|inactive|Time left: 300 sec this turn | 300 sec total\n|\n|t:|1783555274\n|move|p1a: Rayquaza|Earthquake|p2a: Pincurchin\n|-supereffective|p2a: Pincurchin\n|-damage|p2a: Pincurchin|86/258\n|move|p2a: Pincurchin|Zing Zap|p1a: Rayquaza\n|-damage|p1a: Rayquaza|0 fnt\n|faint|p1a: Rayquaza\n|\n|-heal|p2a: Pincurchin|102/258|[from] item: Leftovers\n|upkeep\n|\n|t:|1783555275\n|switch|p1a: Bruxish|Bruxish, L85, F|100/100\n|turn|3\n|inactive|Time left: 300 sec this turn | 300 sec total\n|\n|t:|1783555276\n|move|p1a: Bruxish|Psychic Fangs|p2a: Pincurchin\n|-damage|p2a: Pincurchin|0 fnt\n|faint|p2a: Pincurchin\n|\n|upkeep\n|inactive|Time left: 300 sec this turn | 300 sec total | 5 sec grace\n|\n|t:|1783555277\n|switch|p2a: Armarouge|Armarouge, L80, M|267/267\n|turn|4\n|inactive|Time left: 300 sec this turn | 300 sec total\n|\n|t:|1783555278\n|switch|p1a: Garganacl|Garganacl, L80, F|100/100\n|move|p2a: Armarouge|Meteor Beam||[still]\n|-prepare|p2a: Armarouge|Meteor Beam\n|-boost|p2a: Armarouge|spa|1\n|-enditem|p2a: Armarouge|Power Herb\n|-anim|p2a: Armarouge|Meteor Beam|p1a: Garganacl|[miss]\n|-miss|p2a: Armarouge|p1a: Garganacl\n|\n|upkeep\n|turn|5\n|inactive|Time left: 300 sec this turn | 300 sec total\n|\n|t:|1783555279\n|move|p2a: Armarouge|Energy Ball|p1a: Garganacl\n|-supereffective|p1a: Garganacl\n|-damage|p1a: Garganacl|28/100\n|move|p1a: Garganacl|Salt Cure|p2a: Armarouge\n|-supereffective|p2a: Armarouge\n|-damage|p2a: Armarouge|189/267\n|-start|p2a: Armarouge|Salt Cure\n|-ability|p2a: Armarouge|Weak Armor|boost\n|-unboost|p2a: Armarouge|def|1\n|-boost|p2a: Armarouge|spe|2\n|\n|-heal|p1a: Garganacl|34/100|[from] item: Leftovers\n|-damage|p2a: Armarouge|156/267|[from] Salt Cure\n|-fieldend|move: Electric Terrain\n|upkeep\n|turn|6\n|inactive|Time left: 300 sec this turn | 300 sec total\n|\n|t:|1783555280\n|move|p1a: Garganacl|Protect|p1a: Garganacl\n|-singleturn|p1a: Garganacl|Protect\n|move|p2a: Armarouge|Armor Cannon|p1a: Garganacl\n|-activate|p1a: Garganacl|move: Protect\n|\n|-heal|p1a: Garganacl|40/100|[from] item: Leftovers\n|-damage|p2a: Armarouge|123/267|[from] Salt Cure\n|upkeep\n|turn|7\n|inactive|Time left: 300 sec this turn | 300 sec total\n|\n|t:|1783555281\n|move|p2a: Armarouge|Energy Ball|p1a: Garganacl\n|-supereffective|p1a: Garganacl\n|-damage|p1a: Garganacl|0 fnt\n|faint|p1a: Garganacl\n|\n|-damage|p2a: Armarouge|90/267|[from] Salt Cure\n|upkeep\n|\n|t:|1783555282\n|switch|p1a: Hitmonchan|Hitmonchan, L87, M|100/100\n|turn|8\n|inactive|Time left: 300 sec this turn | 300 sec total\n|\n|t:|1783555283\n|-terastallize|p1a: Hitmonchan|Dark\n|move|p2a: Armarouge|Psyshock|p1a: Hitmonchan\n|-immune|p1a: Hitmonchan\n|move|p1a: Hitmonchan|Drain Punch|p2a: Armarouge\n|-resisted|p2a: Armarouge\n|-damage|p2a: Armarouge|20/267\n|-ability|p2a: Armarouge|Weak Armor|boost\n|-unboost|p2a: Armarouge|def|1\n|-boost|p2a: Armarouge|spe|2\n|\n|-damage|p2a: Armarouge|0 fnt|[from] Salt Cure\n|faint|p2a: Armarouge\n|upkeep\n|inactive|Time left: 300 sec this turn | 300 sec total | 5 sec grace\n|\n|t:|1783555284\n|switch|p2a: Iron Thorns|Iron Thorns, L83|302/302\n|-enditem|p2a: Iron Thorns|Booster Energy\n|-activate|p2a: Iron Thorns|ability: Quark Drive|[fromitem]\n|-start|p2a: Iron Thorns|quarkdriveatk\n|turn|9\n|inactive|Time left: 300 sec this turn | 300 sec total\n|\n|t:|1783555285\n|-terastallize|p2a: Iron Thorns|Flying\n|move|p1a: Hitmonchan|Bulk Up|p1a: Hitmonchan\n|-boost|p1a: Hitmonchan|atk|1\n|-boost|p1a: Hitmonchan|def|1\n|move|p2a: Iron Thorns|Dragon Dance|p2a: Iron Thorns\n|-boost|p2a: Iron Thorns|atk|1\n|-boost|p2a: Iron Thorns|spe|1\n|\n|upkeep\n|turn|10\n|inactive|Time left: 300 sec this turn | 300 sec total\n|\n|t:|1783555286\n|move|p2a: Iron Thorns|Earthquake|p1a: Hitmonchan\n|-damage|p1a: Hitmonchan|44/100\n|move|p1a: Hitmonchan|Poison Jab|p2a: Iron Thorns\n|-damage|p2a: Iron Thorns|220/302\n|\n|-heal|p1a: Hitmonchan|50/100|[from] item: Leftovers\n|upkeep\n|turn|11\n|inactive|Time left: 300 sec this turn | 300 sec total\n|\n|t:|1783555288\n|move|p2a: Iron Thorns|Wild Charge|p1a: Hitmonchan\n|-damage|p1a: Hitmonchan|0 fnt\n|faint|p1a: Hitmonchan\n|-damage|p2a: Iron Thorns|192/302|[from] Recoil\n|\n|upkeep\n|\n|t:|1783555288\n|switch|p1a: Bruxish|Bruxish, L85, F|100/100\n|turn|12\n|inactive|Time left: 300 sec this turn | 300 sec total\n|\n|t:|1783555289\n|move|p1a: Bruxish|Ice Fang|p2a: Iron Thorns\n|-supereffective|p2a: Iron Thorns\n|-damage|p2a: Iron Thorns|58/302\n|move|p2a: Iron Thorns|Wild Charge|p1a: Bruxish\n|-supereffective|p1a: Bruxish\n|-crit|p1a: Bruxish\n|-damage|p1a: Bruxish|0 fnt\n|faint|p1a: Bruxish\n|-damage|p2a: Iron Thorns|0 fnt|[from] Recoil\n|faint|p2a: Iron Thorns\n|-end|p2a: Iron Thorns|Quark Drive|[silent]\n|\n|upkeep\n|inactive|Time left: 300 sec this turn | 300 sec total | 5 sec grace\n|\n|t:|1783555290\n|switch|p1a: Maushold|Maushold, L76|100/100\n|switch|p2a: Tornadus|Tornadus-Therian, L79, M|254/254\n|turn|13\n|inactive|Time left: 300 sec this turn | 300 sec total\n|\n|t:|1783555291\n|move|p2a: Tornadus|Knock Off|p1a: Maushold\n|-damage|p1a: Maushold|66/100\n|-enditem|p1a: Maushold|Wide Lens|[from] move: Knock Off|[of] p2a: Tornadus\n|move|p1a: Maushold|Tidy Up|p1a: Maushold\n|-boost|p1a: Maushold|atk|1\n|-boost|p1a: Maushold|spe|1\n|\n|upkeep\n|turn|14\n|inactive|Time left: 300 sec this turn | 300 sec total\n|\n|t:|1783555292\n|move|p1a: Maushold|Tidy Up|p1a: Maushold\n|-boost|p1a: Maushold|atk|1\n|-boost|p1a: Maushold|spe|1\n|move|p2a: Tornadus|U-turn|p1a: Maushold\n|-damage|p1a: Maushold|41/100\n|inactive|Time left: 300 sec this turn | 300 sec total | 5 sec grace\n|\n|t:|1783555293\n|switch|p2a: Greedent|Greedent, L86, F|347/347|[from] U-turn\n|\n|upkeep\n|turn|15\n|inactive|Time left: 300 sec this turn | 300 sec total\n|\n|t:|1783555294\n|move|p1a: Maushold|Population Bomb|p2a: Greedent|[miss]\n|-miss|p1a: Maushold|p2a: Greedent\n|move|p2a: Greedent|Body Slam|p1a: Maushold\n|-damage|p1a: Maushold|0 fnt\n|faint|p1a: Maushold\n|\n|upkeep\n|\n|t:|1783555295\n|switch|p1a: Pikachu|Pikachu-Alola, L93, F|100/100\n|turn|16\n|inactive|Time left: 300 sec this turn | 300 sec total\n|\n|t:|1783555296\n|move|p1a: Pikachu|Volt Tackle|p2a: Greedent\n|-damage|p2a: Greedent|154/347\n|-enditem|p2a: Greedent|Sitrus Berry|[eat]\n|-heal|p2a: Greedent|240/347|[from] item: Sitrus Berry\n|-heal|p2a: Greedent|347/347|[from] ability: Cheek Pouch\n|-damage|p1a: Pikachu|71/100|[from] Recoil\n|move|p2a: Greedent|Earthquake|p1a: Pikachu\n|-supereffective|p1a: Pikachu\n|-damage|p1a: Pikachu|0 fnt\n|faint|p1a: Pikachu\n|\n|win|p0y1393ffe9", "uploadtime": 1783555296, "views": 0, "rating": 0, "private": 0, "password": null, "_winner": "p0y1393ffe9", "_our_name": "p0y1393ffe9"}