{"id": "battle-gen9randombattle-20", "formatid": "gen9randombattle", "format": "[Gen 9] Random Battle", "players": ["p0x0204887", "p0y0208452"], "log": "|init|battle\n|title|p0x0204887 vs. p0y0208452\n|j|\u2606p0x0204887\n|j|\u2606p0y0208452\n|t:|1783539396\n|gametype|singles\n|player|p1|p0x0204887|102|\n|player|p2|p0y0208452|170|\n|gen|9\n|tier|[Gen 9] Random Battle\n|rule|Species Clause: Limit one of each Pok\u00e9mon\n|rule|HP Percentage Mod: HP is shown in percentages\n|rule|Sleep Clause Mod: Limit one foe put to sleep\n|rule|Illusion Level Mod: Illusion disguises the Pok\u00e9mon's true level\n|\n|t:|1783539396\n|teamsize|p1|6\n|teamsize|p2|6\n|start\n|switch|p1a: Kleavor|Kleavor, L78, F|237/237\n|switch|p2a: Coalossal|Coalossal, L89, M|100/100\n|turn|1\n|inactive|Battle timer is ON: inactive players will automatically lose when time's up. (requested by p0x0204887)\n|inactive|p0y0208452 also wants the timer to be on.\n|\n|t:|1783539398\n|move|p1a: Kleavor|Stone Axe|p2a: Coalossal\n|-supereffective|p2a: Coalossal\n|-damage|p2a: Coalossal|45/100\n|-status|p1a: Kleavor|brn|[from] ability: Flame Body|[of] p2a: Coalossal\n|-sidestart|p2: p0y0208452|move: Stealth Rock\n|move|p2a: Coalossal|Stone Edge|p1a: Kleavor|[miss]\n|-miss|p2a: Coalossal|p1a: Kleavor\n|\n|-damage|p1a: Kleavor|223/237 brn|[from] brn\n|upkeep\n|turn|2\n|inactive|Time left: 300 sec this turn | 300 sec total\n|\n|t:|1783539399\n|switch|p1a: Miraidon|Miraidon, L65|238/238\n|-fieldstart|move: Electric Terrain|[from] ability: Hadron Engine|[of] p1a: Miraidon\n|move|p2a: Coalossal|Rapid Spin|p1a: Miraidon\n|-damage|p1a: Miraidon|197/238\n|-boost|p2a: Coalossal|spe|1\n|-sideend|p2: p0y0208452|Stealth Rock|[from] move: Rapid Spin|[of] p2a: Coalossal\n|\n|upkeep\n|turn|3\n|inactive|Time left: 300 sec this turn | 300 sec total\n|\n|t:|1783539400\n|switch|p2a: Arboliva|Arboliva, L91, F|100/100\n|move|p1a: Miraidon|Electro Drift|p2a: Arboliva\n|-resisted|p2a: Arboliva\n|-damage|p2a: Arboliva|68/100\n|-fieldstart|move: Grassy Terrain|[from] ability: Seed Sower|[of] p2a: Arboliva\n|\n|-heal|p1a: Miraidon|211/238|[from] Grassy Terrain\n|-heal|p2a: Arboliva|74/100|[from] Grassy Terrain\n|-heal|p2a: Arboliva|80/100|[from] item: Leftovers\n|upkeep\n|turn|4\n|inactive|Time left: 300 sec this turn | 300 sec total\n|\n|t:|1783539401\n|switch|p1a: Kleavor|Kleavor, L78, F|223/237 brn\n|move|p2a: Arboliva|Energy Ball|p1a: Kleavor\n|-crit|p1a: Kleavor\n|-damage|p1a: Kleavor|0 fnt\n|faint|p1a: Kleavor\n|\n|-heal|p2a: Arboliva|87/100|[from] Grassy Terrain\n|-heal|p2a: Arboliva|93/100|[from] item: Leftovers\n|upkeep\n|inactive|Time left: 300 sec this turn | 300 sec total | 5 sec grace\n|\n|t:|1783539402\n|switch|p1a: Delibird|Delibird, F|252/252\n|turn|5\n|inactive|Time left: 300 sec this turn | 300 sec total\n|\n|t:|1783539403\n|move|p1a: Delibird|Brave Bird|p2a: Arboliva|[miss]\n|-miss|p1a: Delibird|p2a: Arboliva\n|move|p2a: Arboliva|Energy Ball|p1a: Delibird\n|-resisted|p1a: Delibird\n|-damage|p1a: Delibird|129/252\n|\n|-heal|p2a: Arboliva|99/100|[from] Grassy Terrain\n|-heal|p2a: Arboliva|100/100|[from] item: Leftovers\n|upkeep\n|turn|6\n|inactive|Time left: 300 sec this turn | 300 sec total\n|\n|t:|1783539404\n|move|p1a: Delibird|Brave Bird|p2a: Arboliva\n|-supereffective|p2a: Arboliva\n|-damage|p2a: Arboliva|0 fnt\n|faint|p2a: Arboliva\n|-damage|p1a: Delibird|33/252|[from] Recoil\n|\n|upkeep\n|\n|t:|1783539405\n|switch|p2a: Feraligatr|Feraligatr, L79, F|100/100\n|turn|7\n|inactive|Time left: 300 sec this turn | 300 sec total\n|\n|t:|1783539406\n|switch|p1a: Miraidon|Miraidon, L65|211/238\n|-fieldstart|move: Electric Terrain|[from] ability: Hadron Engine|[of] p1a: Miraidon\n|move|p2a: Feraligatr|Dragon Dance|p2a: Feraligatr\n|-boost|p2a: Feraligatr|atk|1\n|-boost|p2a: Feraligatr|spe|1\n|\n|upkeep\n|turn|8\n|inactive|Time left: 300 sec this turn | 300 sec total\n|\n|t:|1783539408\n|move|p2a: Feraligatr|Ice Punch|p1a: Miraidon\n|-supereffective|p1a: Miraidon\n|-damage|p1a: Miraidon|0 fnt\n|faint|p1a: Miraidon\n|\n|upkeep\n|inactive|Time left: 300 sec this turn | 300 sec total | 5 sec grace\n|\n|t:|1783539409\n|switch|p1a: Duraludon|Duraludon, L82, F|249/249\n|turn|9\n|inactive|Time left: 300 sec this turn | 300 sec total\n|\n|t:|1783539410\n|move|p2a: Feraligatr|Dragon Dance|p2a: Feraligatr\n|-boost|p2a: Feraligatr|atk|1\n|-boost|p2a: Feraligatr|spe|1\n|move|p1a: Duraludon|Dragon Tail|p2a: Feraligatr\n|-damage|p2a: Feraligatr|80/100\n|drag|p2a: Coalossal|Coalossal, L89, M|45/100\n|\n|upkeep\n|turn|10\n|inactive|Time left: 300 sec this turn | 300 sec total\n|\n|t:|1783539411\n|move|p1a: Duraludon|Flash Cannon|p2a: Coalossal\n|-crit|p2a: Coalossal\n|-damage|p2a: Coalossal|4/100\n|move|p2a: Coalossal|Overheat|p1a: Duraludon\n|-damage|p1a: Duraludon|125/249\n|-unboost|p2a: Coalossal|spa|2\n|\n|upkeep\n|turn|11\n|inactive|Time left: 300 sec this turn | 300 sec total\n|\n|t:|1783539412\n|switch|p2a: Corviknight|Corviknight, L80, F|100/100\n|move|p1a: Duraludon|Flash Cannon|p2a: Corviknight\n|-resisted|p2a: Corviknight\n|-damage|p2a: Corviknight|84/100\n|\n|-heal|p2a: Corviknight|90/100|[from] item: Leftovers\n|-fieldend|move: Electric Terrain\n|upkeep\n|turn|12\n|inactive|Time left: 300 sec this turn | 300 sec total\n|\n|t:|1783539413\n|move|p2a: Corviknight|Body Press|p1a: Duraludon\n|-supereffective|p1a: Duraludon\n|-damage|p1a: Duraludon|65/249\n|move|p1a: Duraludon|Dragon Tail|p2a: Corviknight\n|-resisted|p2a: Corviknight\n|-damage|p2a: Corviknight|82/100\n|drag|p2a: Ambipom|Ambipom, L84, M|100/100\n|\n|upkeep\n|turn|13\n|inactive|Time left: 300 sec this turn | 300 sec total\n|\n|t:|1783539414\n|move|p2a: Ambipom|Low Kick|p1a: Duraludon\n|-supereffective|p1a: Duraludon\n|-damage|p1a: Duraludon|13/249\n|move|p1a: Duraludon|Body Press|p2a: Ambipom\n|-supereffective|p2a: Ambipom\n|-damage|p2a: Ambipom|46/100\n|\n|upkeep\n|turn|14\n|inactive|Time left: 300 sec this turn | 300 sec total\n|\n|t:|1783539415\n|switch|p1a: Arcanine|Arcanine, L84, F|288/288\n|-ability|p1a: Arcanine|Intimidate|boost\n|-unboost|p2a: Ambipom|atk|1\n|move|p2a: Ambipom|Double-Edge|p1a: Arcanine\n|-damage|p1a: Arcanine|176/288\n|-damage|p2a: Ambipom|32/100|[from] Recoil\n|\n|upkeep\n|turn|15\n|inactive|Time left: 300 sec this turn | 300 sec total\n|\n|t:|1783539417\n|switch|p2a: Feraligatr|Feraligatr, L79, F|80/100\n|move|p1a: Arcanine|Flare Blitz|p2a: Feraligatr\n|-resisted|p2a: Feraligatr\n|-damage|p2a: Feraligatr|55/100\n|-damage|p1a: Arcanine|155/288|[from] Recoil\n|\n|upkeep\n|turn|16\n|inactive|Time left: 300 sec this turn | 300 sec total\n|\n|t:|1783539418\n|move|p1a: Arcanine|Flare Blitz|p2a: Feraligatr\n|-resisted|p2a: Feraligatr\n|-damage|p2a: Feraligatr|29/100\n|-damage|p1a: Arcanine|132/288|[from] Recoil\n|move|p2a: Feraligatr|Liquidation|p1a: Arcanine\n|-supereffective|p1a: Arcanine\n|-damage|p1a: Arcanine|0 fnt\n|faint|p1a: Arcanine\n|\n|upkeep\n|inactive|Time left: 300 sec this turn | 300 sec total | 5 sec grace\n|\n|t:|1783539419\n|switch|p1a: Duraludon|Duraludon, L82, F|13/249\n|turn|17\n|inactive|Time left: 300 sec this turn | 300 sec total\n|\n|t:|1783539420\n|switch|p2a: Corviknight|Corviknight, L80, F|82/100\n|move|p1a: Duraludon|Body Press|p2a: Corviknight\n|-damage|p2a: Corviknight|61/100\n|\n|-heal|p2a: Corviknight|68/100|[from] item: Leftovers\n|upkeep\n|turn|18\n|inactive|Time left: 300 sec this turn | 300 sec total\n|\n|t:|1783539421\n|move|p1a: Duraludon|Draco Meteor|p2a: Corviknight\n|-resisted|p2a: Corviknight\n|-damage|p2a: Corviknight|39/100\n|-unboost|p1a: Duraludon|spa|2\n|move|p2a: Corviknight|Roost|p2a: Corviknight\n|-heal|p2a: Corviknight|89/100\n|-singleturn|p2a: Corviknight|move: Roost\n|\n|-heal|p2a: Corviknight|96/100|[from] item: Leftovers\n|upkeep\n|turn|19\n|inactive|Time left: 300 sec this turn | 300 sec total\n|\n|t:|1783539422\n|switch|p1a: Terapagos|Terapagos, L77, M|265/265\n|-activate|p1a: Terapagos|ability: Tera Shift\n|detailschange|p1a: Terapagos|Terapagos-Terastal, L77, M\n|-heal|p1a: Terapagos|273/273|[silent]\n|move|p2a: Corviknight|Brave Bird|p1a: Terapagos\n|-activate|p1a: Terapagos|ability: Tera Shell\n|-resisted|p1a: Terapagos\n|-damage|p1a: Terapagos|225/273\n|-damage|p2a: Corviknight|90/100|[from] Recoil\n|\n|-heal|p2a: Corviknight|96/100|[from] item: Leftovers\n|upkeep\n|turn|20\n|inactive|Time left: 300 sec this turn | 300 sec total\n|\n|t:|1783539423\n|move|p1a: Terapagos|Calm Mind|p1a: Terapagos\n|-boost|p1a: Terapagos|spa|1\n|-boost|p1a: Terapagos|spd|1\n|move|p2a: Corviknight|Body Press|p1a: Terapagos\n|-supereffective|p1a: Terapagos\n|-damage|p1a: Terapagos|115/273\n|\n|-heal|p2a: Corviknight|100/100|[from] item: Leftovers\n|upkeep\n|turn|21\n|inactive|Time left: 300 sec this turn | 300 sec total\n|\n|t:|1783539424\n|move|p1a: Terapagos|Rest|p1a: Terapagos\n|-status|p1a: Terapagos|slp|[from] move: Rest\n|-heal|p1a: Terapagos|273/273 slp|[silent]\n|-enditem|p1a: Terapagos|Chesto Berry|[eat]\n|-curestatus|p1a: Terapagos|slp|[msg]\n|move|p2a: Corviknight|Body Press|p1a: Terapagos\n|-activate|p1a: Terapagos|ability: Tera Shell\n|-resisted|p1a: Terapagos\n|-damage|p1a: Terapagos|247/273\n|\n|upkeep\n|turn|22\n|inactive|Time left: 300 sec this turn | 300 sec total\n|\n|t:|1783539425\n|move|p1a: Terapagos|Calm Mind|p1a: Terapagos\n|-boost|p1a: Terapagos|spa|1\n|-boost|p1a: Terapagos|spd|1\n|move|p2a: Corviknight|Body Press|p1a: Terapagos\n|-supereffective|p1a: Terapagos\n|-damage|p1a: Terapagos|151/273\n|\n|upkeep\n|turn|23\n|inactive|Time left: 300 sec this turn | 300 sec total\n|\n|t:|1783539426\n|move|p1a: Terapagos|Tera Starstorm|p2a: Corviknight\n|-resisted|p2a: Corviknight\n|-damage|p2a: Corviknight|60/100\n|move|p2a: Corviknight|Body Press|p1a: Terapagos\n|-supereffective|p1a: Terapagos\n|-damage|p1a: Terapagos|45/273\n|\n|-heal|p2a: Corviknight|66/100|[from] item: Leftovers\n|upkeep\n|turn|24\n|inactive|Time left: 300 sec this turn | 300 sec total\n|\n|t:|1783539427\n|move|p1a: Terapagos|Rest|p1a: Terapagos\n|-status|p1a: Terapagos|slp|[from] move: Rest\n|-heal|p1a: Terapagos|273/273 slp|[silent]\n|move|p2a: Corviknight|Body Press|p1a: Terapagos\n|-activate|p1a: Terapagos|ability: Tera Shell\n|-resisted|p1a: Terapagos\n|-damage|p1a: Terapagos|249/273 slp\n|\n|-heal|p2a: Corviknight|73/100|[from] item: Leftovers\n|upkeep\n|turn|25\n|inactive|Time left: 300 sec this turn | 300 sec total\n|\n|t:|1783539428\n|cant|p1a: Terapagos|slp\n|move|p2a: Corviknight|Body Press|p1a: Terapagos\n|-supereffective|p1a: Terapagos\n|-damage|p1a: Terapagos|151/273 slp\n|\n|-heal|p2a: Corviknight|79/100|[from] item: Leftovers\n|upkeep\n|turn|26\n|inactive|Time left: 300 sec this turn | 300 sec total\n|\n|t:|1783539429\n|switch|p2a: Breloom|Breloom, L83, M|100/100\n|cant|p1a: Terapagos|slp\n|\n|upkeep\n|turn|27\n|inactive|Time left: 300 sec this turn | 300 sec total\n|\n|t:|1783539430\n|move|p2a: Breloom|Mach Punch|p1a: Terapagos\n|-supereffective|p1a: Terapagos\n|-damage|p1a: Terapagos|0 fnt\n|faint|p1a: Terapagos\n|-damage|p2a: Breloom|91/100|[from] item: Life Orb\n|\n|upkeep\n|inactive|Time left: 300 sec this turn | 300 sec total | 5 sec grace\n|\n|t:|1783539431\n|switch|p1a: Delibird|Delibird, F|33/252\n|turn|28\n|inactive|Time left: 300 sec this turn | 300 sec total\n|\n|t:|1783539432\n|-terastallize|p1a: Delibird|Ground\n|move|p1a: Delibird|Ice Shard|p2a: Breloom|[miss]\n|-miss|p1a: Delibird|p2a: Breloom\n|move|p2a: Breloom|Mach Punch|p1a: Delibird\n|-damage|p1a: Delibird|0 fnt\n|faint|p1a: Delibird\n|-damage|p2a: Breloom|81/100|[from] item: Life Orb\n|\n|upkeep\n|inactive|Time left: 300 sec this turn | 300 sec total | 5 sec grace\n|\n|t:|1783539433\n|switch|p1a: Duraludon|Duraludon, L82, F|13/249\n|turn|29\n|inactive|Time left: 300 sec this turn | 300 sec total\n|\n|t:|1783539434\n|-terastallize|p2a: Breloom|Rock\n|move|p2a: Breloom|Mach Punch|p1a: Duraludon\n|-supereffective|p1a: Duraludon\n|-damage|p1a: Duraludon|0 fnt\n|faint|p1a: Duraludon\n|-damage|p2a: Breloom|71/100|[from] item: Life Orb\n|\n|win|p0y0208452", "uploadtime": 1783539434, "views": 0, "rating": 0, "private": 0, "password": null, "_winner": "p0y0208452", "_our_name": "p0x0204887"}