{"id": "battle-gen9randombattle-914", "formatid": "gen9randombattle", "format": "[Gen 9] Random Battle", "players": ["p0x9141cac", "p0y9141ea5"], "log": "|init|battle\n|title|p0x9141cac vs. p0y9141ea5\n|j|\u2606p0x9141cac\n|j|\u2606p0y9141ea5\n|t:|1783550492\n|gametype|singles\n|player|p1|p0x9141cac|102|\n|player|p2|p0y9141ea5|102|\n|gen|9\n|tier|[Gen 9] Random Battle\n|rule|Species Clause: Limit one of each Pok\u00e9mon\n|rule|HP Percentage Mod: HP is shown in percentages\n|rule|Sleep Clause Mod: Limit one foe put to sleep\n|rule|Illusion Level Mod: Illusion disguises the Pok\u00e9mon's true level\n|\n|t:|1783550492\n|teamsize|p1|6\n|teamsize|p2|6\n|start\n|switch|p1a: Urshifu|Urshifu-Rapid-Strike, L75, M|100/100\n|switch|p2a: Hariyama|Hariyama, L87, M|392/392\n|turn|1\n|inactive|Battle timer is ON: inactive players will automatically lose when time's up. (requested by p0y9141ea5)\n|inactive|p0x9141cac also wants the timer to be on.\n|\n|t:|1783550494\n|move|p1a: Urshifu|Swords Dance|p1a: Urshifu\n|-boost|p1a: Urshifu|atk|2\n|move|p2a: Hariyama|Close Combat|p1a: Urshifu\n|-damage|p1a: Urshifu|42/100\n|-unboost|p2a: Hariyama|def|1\n|-unboost|p2a: Hariyama|spd|1\n|\n|upkeep\n|turn|2\n|inactive|Time left: 300 sec this turn | 300 sec total\n|\n|t:|1783550495\n|switch|p2a: Manaphy|Manaphy, L78|284/284\n|move|p1a: Urshifu|Surging Strikes|p2a: Manaphy\n|-resisted|p2a: Manaphy\n|-crit|p2a: Manaphy\n|-damage|p2a: Manaphy|228/284\n|-resisted|p2a: Manaphy\n|-crit|p2a: Manaphy\n|-damage|p2a: Manaphy|176/284\n|-resisted|p2a: Manaphy\n|-crit|p2a: Manaphy\n|-damage|p2a: Manaphy|127/284\n|-hitcount|p2a: Manaphy|3\n|-damage|p1a: Urshifu|32/100|[from] item: Life Orb\n|\n|-heal|p2a: Manaphy|144/284|[from] item: Leftovers\n|upkeep\n|turn|3\n|inactive|Time left: 300 sec this turn | 300 sec total\n|\n|t:|1783550496\n|move|p2a: Manaphy|Energy Ball|p1a: Urshifu\n|-supereffective|p1a: Urshifu\n|-damage|p1a: Urshifu|0 fnt\n|faint|p1a: Urshifu\n|\n|-heal|p2a: Manaphy|161/284|[from] item: Leftovers\n|upkeep\n|\n|t:|1783550497\n|switch|p1a: Decidueye|Decidueye-Hisui, L87, F|100/100\n|turn|4\n|inactive|Time left: 300 sec this turn | 300 sec total\n|\n|t:|1783550498\n|move|p2a: Manaphy|Ice Beam|p1a: Decidueye\n|-supereffective|p1a: Decidueye\n|-damage|p1a: Decidueye|67/100\n|move|p1a: Decidueye|Leaf Blade|p2a: Manaphy\n|-supereffective|p2a: Manaphy\n|-crit|p2a: Manaphy\n|-damage|p2a: Manaphy|0 fnt\n|faint|p2a: Manaphy\n|\n|-heal|p1a: Decidueye|73/100|[from] item: Leftovers\n|upkeep\n|inactive|Time left: 300 sec this turn | 300 sec total | 5 sec grace\n|\n|t:|1783550499\n|switch|p2a: Necrozma|Necrozma, L80|286/286\n|turn|5\n|inactive|Time left: 300 sec this turn | 300 sec total\n|\n|t:|1783550500\n|move|p2a: Necrozma|Swords Dance|p2a: Necrozma\n|-boost|p2a: Necrozma|atk|2\n|move|p1a: Decidueye|Leaf Blade|p2a: Necrozma\n|-damage|p2a: Necrozma|169/286\n|\n|-heal|p1a: Decidueye|79/100|[from] item: Leftovers\n|upkeep\n|turn|6\n|inactive|Time left: 300 sec this turn | 300 sec total\n|\n|t:|1783550501\n|move|p2a: Necrozma|Photon Geyser|p1a: Decidueye\n|-supereffective|p1a: Decidueye\n|-damage|p1a: Decidueye|0 fnt\n|faint|p1a: Decidueye\n|-damage|p2a: Necrozma|141/286|[from] item: Life Orb\n|\n|upkeep\n|\n|t:|1783550503\n|switch|p1a: Torterra|Torterra, L78, F|100/100\n|turn|7\n|inactive|Time left: 300 sec this turn | 300 sec total\n|\n|t:|1783550504\n|move|p2a: Necrozma|Photon Geyser|p1a: Torterra\n|-damage|p1a: Torterra|0 fnt\n|faint|p1a: Torterra\n|-damage|p2a: Necrozma|113/286|[from] item: Life Orb\n|\n|upkeep\n|\n|t:|1783550504\n|switch|p1a: Lycanroc|Lycanroc, L86, F|100/100\n|turn|8\n|inactive|Time left: 300 sec this turn | 300 sec total\n|\n|t:|1783550506\n|-terastallize|p2a: Necrozma|Steel\n|move|p1a: Lycanroc|Stone Edge|p2a: Necrozma\n|-resisted|p2a: Necrozma\n|-damage|p2a: Necrozma|39/286\n|-damage|p1a: Lycanroc|91/100|[from] item: Life Orb\n|move|p2a: Necrozma|Photon Geyser|p1a: Lycanroc\n|-damage|p1a: Lycanroc|0 fnt\n|faint|p1a: Lycanroc\n|-damage|p2a: Necrozma|11/286|[from] item: Life Orb\n|\n|upkeep\n|\n|t:|1783550507\n|switch|p1a: Lanturn|Lanturn, L89, F|100/100\n|turn|9\n|inactive|Time left: 300 sec this turn | 300 sec total\n|\n|t:|1783550508\n|switch|p1a: Reuniclus|Reuniclus, L88, M|100/100\n|move|p2a: Necrozma|Photon Geyser|p1a: Reuniclus\n|-resisted|p1a: Reuniclus\n|-damage|p1a: Reuniclus|55/100\n|-damage|p2a: Necrozma|0 fnt|[from] item: Life Orb\n|faint|p2a: Necrozma\n|\n|upkeep\n|inactive|Time left: 300 sec this turn | 300 sec total | 5 sec grace\n|\n|t:|1783550509\n|switch|p2a: Hariyama|Hariyama, L87, M|392/392\n|turn|10\n|inactive|Time left: 300 sec this turn | 300 sec total\n|\n|t:|1783550510\n|move|p2a: Hariyama|Knock Off|p1a: Reuniclus\n|-supereffective|p1a: Reuniclus\n|-damage|p1a: Reuniclus|4/100\n|-enditem|p1a: Reuniclus|Life Orb|[from] move: Knock Off|[of] p2a: Hariyama\n|move|p1a: Reuniclus|Psyshock|p2a: Hariyama\n|-supereffective|p2a: Hariyama\n|-damage|p2a: Hariyama|104/392\n|\n|upkeep\n|turn|11\n|inactive|Time left: 300 sec this turn | 300 sec total\n|\n|t:|1783550511\n|move|p2a: Hariyama|Knock Off|p1a: Reuniclus\n|-supereffective|p1a: Reuniclus\n|-damage|p1a: Reuniclus|0 fnt\n|faint|p1a: Reuniclus\n|\n|upkeep\n|\n|t:|1783550512\n|switch|p1a: Lanturn|Lanturn, L89, F|100/100\n|turn|12\n|inactive|Time left: 300 sec this turn | 300 sec total\n|\n|t:|1783550513\n|switch|p2a: Lanturn|Lanturn, L89, M|367/367\n|move|p1a: Lanturn|Scald|p2a: Lanturn\n|-resisted|p2a: Lanturn\n|-damage|p2a: Lanturn|328/367\n|\n|-heal|p2a: Lanturn|350/367|[from] item: Leftovers\n|upkeep\n|turn|13\n|inactive|Time left: 300 sec this turn | 300 sec total\n|\n|t:|1783550514\n|move|p2a: Lanturn|Scald|p1a: Lanturn\n|-resisted|p1a: Lanturn\n|-damage|p1a: Lanturn|90/100\n|-status|p1a: Lanturn|brn\n|move|p1a: Lanturn|Scald|p2a: Lanturn\n|-resisted|p2a: Lanturn\n|-damage|p2a: Lanturn|308/367\n|\n|-heal|p2a: Lanturn|330/367|[from] item: Leftovers\n|-heal|p1a: Lanturn|96/100 brn|[from] item: Leftovers\n|-damage|p1a: Lanturn|90/100 brn|[from] brn\n|upkeep\n|turn|14\n|inactive|Time left: 300 sec this turn | 300 sec total\n|\n|t:|1783550514\n|move|p2a: Lanturn|Scald|p1a: Lanturn\n|-resisted|p1a: Lanturn\n|-damage|p1a: Lanturn|78/100 brn\n|move|p1a: Lanturn|Scald|p2a: Lanturn\n|-resisted|p2a: Lanturn\n|-damage|p2a: Lanturn|286/367\n|-status|p2a: Lanturn|brn\n|\n|-heal|p2a: Lanturn|308/367 brn|[from] item: Leftovers\n|-heal|p1a: Lanturn|84/100 brn|[from] item: Leftovers\n|-damage|p2a: Lanturn|286/367 brn|[from] brn\n|-damage|p1a: Lanturn|78/100 brn|[from] brn\n|upkeep\n|turn|15\n|inactive|Time left: 300 sec this turn | 300 sec total\n|\n|t:|1783550515\n|move|p1a: Lanturn|Scald|p2a: Lanturn\n|-resisted|p2a: Lanturn\n|-damage|p2a: Lanturn|241/367 brn\n|move|p2a: Lanturn|Scald|p1a: Lanturn\n|-resisted|p1a: Lanturn\n|-damage|p1a: Lanturn|66/100 brn\n|\n|-heal|p1a: Lanturn|72/100 brn|[from] item: Leftovers\n|-heal|p2a: Lanturn|263/367 brn|[from] item: Leftovers\n|-damage|p2a: Lanturn|241/367 brn|[from] brn\n|-damage|p1a: Lanturn|66/100 brn|[from] brn\n|upkeep\n|turn|16\n|inactive|Time left: 300 sec this turn | 300 sec total\n|\n|t:|1783550516\n|move|p1a: Lanturn|Scald|p2a: Lanturn\n|-resisted|p2a: Lanturn\n|-damage|p2a: Lanturn|201/367 brn\n|move|p2a: Lanturn|Ice Beam|p1a: Lanturn\n|-resisted|p1a: Lanturn\n|-damage|p1a: Lanturn|57/100 brn\n|\n|-heal|p1a: Lanturn|63/100 brn|[from] item: Leftovers\n|-heal|p2a: Lanturn|223/367 brn|[from] item: Leftovers\n|-damage|p2a: Lanturn|201/367 brn|[from] brn\n|-damage|p1a: Lanturn|57/100 brn|[from] brn\n|upkeep\n|turn|17\n|inactive|Time left: 300 sec this turn | 300 sec total\n|\n|t:|1783550518\n|move|p2a: Lanturn|Ice Beam|p1a: Lanturn\n|-resisted|p1a: Lanturn\n|-damage|p1a: Lanturn|49/100 brn\n|move|p1a: Lanturn|Scald|p2a: Lanturn\n|-resisted|p2a: Lanturn\n|-damage|p2a: Lanturn|159/367 brn\n|\n|-heal|p1a: Lanturn|55/100 brn|[from] item: Leftovers\n|-heal|p2a: Lanturn|181/367 brn|[from] item: Leftovers\n|-damage|p1a: Lanturn|49/100 brn|[from] brn\n|-damage|p2a: Lanturn|159/367 brn|[from] brn\n|upkeep\n|turn|18\n|inactive|Time left: 300 sec this turn | 300 sec total\n|\n|t:|1783550518\n|switch|p2a: Hitmonlee|Hitmonlee, L85, M|224/224\n|move|p1a: Lanturn|Scald|p2a: Hitmonlee\n|-damage|p2a: Hitmonlee|157/224\n|\n|-heal|p1a: Lanturn|55/100 brn|[from] item: Leftovers\n|-damage|p1a: Lanturn|49/100 brn|[from] brn\n|upkeep\n|turn|19\n|inactive|Time left: 300 sec this turn | 300 sec total\n|\n|t:|1783550519\n|-terastallize|p1a: Lanturn|Flying\n|move|p2a: Hitmonlee|Close Combat|p1a: Lanturn\n|-resisted|p1a: Lanturn\n|-damage|p1a: Lanturn|23/100 brn\n|-unboost|p2a: Hitmonlee|def|1\n|-unboost|p2a: Hitmonlee|spd|1\n|-enditem|p2a: Hitmonlee|White Herb\n|-clearnegativeboost|p2a: Hitmonlee|[silent]\n|move|p1a: Lanturn|Ice Beam|p2a: Hitmonlee\n|-damage|p2a: Hitmonlee|110/224\n|\n|-heal|p1a: Lanturn|29/100 brn|[from] item: Leftovers\n|-damage|p1a: Lanturn|23/100 brn|[from] brn\n|upkeep\n|turn|20\n|inactive|Time left: 300 sec this turn | 300 sec total\n|\n|t:|1783550520\n|move|p2a: Hitmonlee|Poison Jab|p1a: Lanturn\n|-damage|p1a: Lanturn|0 fnt\n|faint|p1a: Lanturn\n|\n|win|p0y9141ea5", "uploadtime": 1783550520, "views": 0, "rating": 0, "private": 0, "password": null, "_winner": "p0y9141ea5", "_our_name": "p0y9141ea5"}