{"id": "battle-gen9randombattle-2040", "formatid": "gen9randombattle", "format": "[Gen 9] Random Battle", "players": ["p0x2040863e", "p0y204079d1"], "log": "|init|battle\n|title|p0x2040863e vs. p0y204079d1\n|j|\u2606p0x2040863e\n|j|\u2606p0y204079d1\n|t:|1783562850\n|gametype|singles\n|player|p1|p0x2040863e|101|\n|player|p2|p0y204079d1|102|\n|gen|9\n|tier|[Gen 9] Random Battle\n|rule|Species Clause: Limit one of each Pok\u00e9mon\n|rule|HP Percentage Mod: HP is shown in percentages\n|rule|Sleep Clause Mod: Limit one foe put to sleep\n|rule|Illusion Level Mod: Illusion disguises the Pok\u00e9mon's true level\n|\n|t:|1783562850\n|teamsize|p1|6\n|teamsize|p2|6\n|start\n|switch|p1a: Salazzle|Salazzle, L83, F|249/249\n|switch|p2a: Ditto|Ditto, L87|100/100\n|-transform|p2a: Ditto|p1a: Salazzle|[from] ability: Imposter\n|turn|1\n|inactive|Battle timer is ON: inactive players will automatically lose when time's up. (requested by p0x2040863e)\n|inactive|p0y204079d1 also wants the timer to be on.\n|\n|t:|1783562852\n|move|p2a: Ditto|Fire Blast|p1a: Salazzle\n|-resisted|p1a: Salazzle\n|-damage|p1a: Salazzle|155/249\n|move|p1a: Salazzle|Nasty Plot|p1a: Salazzle\n|-boost|p1a: Salazzle|spa|2\n|\n|upkeep\n|turn|2\n|inactive|Time left: 300 sec this turn | 300 sec total\n|\n|t:|1783562853\n|move|p2a: Ditto|Fire Blast|p1a: Salazzle\n|-resisted|p1a: Salazzle\n|-damage|p1a: Salazzle|71/249\n|move|p1a: Salazzle|Fire Blast|p2a: Ditto\n|-resisted|p2a: Ditto\n|-damage|p2a: Ditto|27/100\n|\n|upkeep\n|turn|3\n|inactive|Time left: 300 sec this turn | 300 sec total\n|\n|t:|1783562854\n|switch|p1a: Greninja|Greninja, L80, M|246/246\n|move|p2a: Ditto|Fire Blast|p1a: Greninja\n|-resisted|p1a: Greninja\n|-damage|p1a: Greninja|167/246\n|\n|upkeep\n|turn|4\n|inactive|Time left: 300 sec this turn | 300 sec total\n|\n|t:|1783562855\n|switch|p2a: Vikavolt|Vikavolt, L83, M|100/100\n|move|p1a: Greninja|Dark Pulse|p2a: Vikavolt\n|-damage|p2a: Vikavolt|54/100\n|-damage|p1a: Greninja|143/246|[from] item: Life Orb\n|\n|upkeep\n|turn|5\n|inactive|Time left: 300 sec this turn | 300 sec total\n|\n|t:|1783562857\n|move|p1a: Greninja|Hydro Pump|p2a: Vikavolt\n|-damage|p2a: Vikavolt|0 fnt\n|faint|p2a: Vikavolt\n|-ability|p1a: Greninja|Battle Bond|boost\n|-boost|p1a: Greninja|atk|1\n|-boost|p1a: Greninja|spa|1\n|-boost|p1a: Greninja|spe|1\n|-activate|p1a: Greninja|ability: Battle Bond\n|-damage|p1a: Greninja|119/246|[from] item: Life Orb\n|\n|upkeep\n|\n|t:|1783562858\n|switch|p2a: Regieleki|Regieleki, L79|100/100\n|turn|6\n|inactive|Time left: 300 sec this turn | 300 sec total\n|\n|t:|1783562859\n|switch|p1a: Raging Bolt|Raging Bolt, L78|323/323\n|move|p2a: Regieleki|Thunderbolt|p1a: Raging Bolt\n|-resisted|p1a: Raging Bolt\n|-damage|p1a: Raging Bolt|300/323\n|\n|upkeep\n|turn|7\n|inactive|Time left: 300 sec this turn | 300 sec total\n|\n|t:|1783562860\n|switch|p2a: Toedscruel|Toedscruel, L87, M|100/100\n|move|p1a: Raging Bolt|Discharge|p2a: Toedscruel\n|-immune|p2a: Toedscruel\n|\n|upkeep\n|turn|8\n|inactive|Time left: 300 sec this turn | 300 sec total\n|\n|t:|1783562861\n|-end|p1a: Raging Bolt|Protosynthesis|[silent]\n|switch|p1a: Leafeon|Leafeon, L88, F|258/258\n|move|p2a: Toedscruel|Earth Power|p1a: Leafeon\n|-resisted|p1a: Leafeon\n|-damage|p1a: Leafeon|210/258\n|\n|upkeep\n|turn|9\n|inactive|Time left: 300 sec this turn | 300 sec total\n|\n|t:|1783562862\n|move|p1a: Leafeon|Leaf Blade|p2a: Toedscruel\n|-crit|p2a: Toedscruel\n|-damage|p2a: Toedscruel|9/100\n|-damage|p1a: Leafeon|185/258|[from] item: Life Orb\n|move|p2a: Toedscruel|Toxic|p1a: Leafeon\n|-status|p1a: Leafeon|tox\n|\n|-heal|p2a: Toedscruel|15/100|[from] item: Leftovers\n|-damage|p1a: Leafeon|169/258 tox|[from] psn\n|upkeep\n|turn|10\n|inactive|Time left: 300 sec this turn | 300 sec total\n|\n|t:|1783562863\n|move|p2a: Toedscruel|Earth Power|p1a: Leafeon\n|-resisted|p1a: Leafeon\n|-damage|p1a: Leafeon|118/258 tox\n|-unboost|p1a: Leafeon|spd|1\n|move|p1a: Leafeon|Leaf Blade|p2a: Toedscruel\n|-damage|p2a: Toedscruel|0 fnt\n|faint|p2a: Toedscruel\n|-damage|p1a: Leafeon|93/258 tox|[from] item: Life Orb\n|\n|-damage|p1a: Leafeon|61/258 tox|[from] psn\n|upkeep\n|\n|t:|1783562864\n|switch|p2a: Comfey|Comfey, L85, M|100/100\n|turn|11\n|inactive|Time left: 300 sec this turn | 300 sec total\n|\n|t:|1783562865\n|move|p2a: Comfey|Calm Mind|p2a: Comfey\n|-boost|p2a: Comfey|spa|1\n|-boost|p2a: Comfey|spd|1\n|move|p1a: Leafeon|Leaf Blade|p2a: Comfey\n|-damage|p2a: Comfey|33/100\n|-damage|p1a: Leafeon|36/258 tox|[from] item: Life Orb\n|\n|-heal|p2a: Comfey|39/100|[from] item: Leftovers\n|-damage|p1a: Leafeon|0 fnt|[from] psn\n|faint|p1a: Leafeon\n|upkeep\n|inactive|Time left: 300 sec this turn | 300 sec total | 5 sec grace\n|\n|t:|1783562866\n|switch|p1a: Salazzle|Salazzle, L83, F|71/249\n|turn|12\n|inactive|Time left: 300 sec this turn | 300 sec total\n|\n|t:|1783562867\n|move|p2a: Comfey|Draining Kiss|p1a: Salazzle\n|-resisted|p1a: Salazzle\n|-damage|p1a: Salazzle|46/249\n|-heal|p2a: Comfey|48/100|[from] drain|[of] p1a: Salazzle\n|move|p1a: Salazzle|Sludge Wave|p2a: Comfey\n|-supereffective|p2a: Comfey\n|-damage|p2a: Comfey|0 fnt\n|faint|p2a: Comfey\n|\n|upkeep\n|\n|t:|1783562868\n|switch|p2a: Regieleki|Regieleki, L79|100/100\n|turn|13\n|inactive|Time left: 300 sec this turn | 300 sec total\n|\n|t:|1783562869\n|switch|p1a: Greedent|Greedent, L86, M|347/347\n|move|p2a: Regieleki|Thunderbolt|p1a: Greedent\n|-damage|p1a: Greedent|188/347\n|-status|p1a: Greedent|par\n|\n|upkeep\n|turn|14\n|inactive|Time left: 300 sec this turn | 300 sec total\n|\n|t:|1783562869\n|move|p2a: Regieleki|Thunderbolt|p1a: Greedent\n|-damage|p1a: Greedent|41/347 par\n|-enditem|p1a: Greedent|Sitrus Berry|[eat]\n|-heal|p1a: Greedent|127/347 par|[from] item: Sitrus Berry\n|-heal|p1a: Greedent|242/347 par|[from] ability: Cheek Pouch\n|move|p1a: Greedent|Earthquake|p2a: Regieleki\n|-supereffective|p2a: Regieleki\n|-damage|p2a: Regieleki|11/100\n|\n|upkeep\n|turn|15\n|inactive|Time left: 300 sec this turn | 300 sec total\n|\n|t:|1783562870\n|switch|p1a: Raging Bolt|Raging Bolt, L78|300/323\n|move|p2a: Regieleki|Thunderbolt|p1a: Raging Bolt\n|-resisted|p1a: Raging Bolt\n|-damage|p1a: Raging Bolt|275/323\n|\n|upkeep\n|turn|16\n|inactive|Time left: 300 sec this turn | 300 sec total\n|\n|t:|1783562871\n|switch|p2a: Phione|Phione, L91|100/100\n|move|p1a: Raging Bolt|Discharge|p2a: Phione\n|-supereffective|p2a: Phione\n|-damage|p2a: Phione|36/100\n|-status|p2a: Phione|par\n|\n|-heal|p2a: Phione|42/100 par|[from] item: Leftovers\n|upkeep\n|turn|17\n|inactive|Time left: 300 sec this turn | 300 sec total\n|\n|t:|1783562872\n|-terastallize|p2a: Phione|Dragon\n|move|p1a: Raging Bolt|Discharge|p2a: Phione\n|-resisted|p2a: Phione\n|-damage|p2a: Phione|27/100 par\n|move|p2a: Phione|Rest|p2a: Phione\n|-status|p2a: Phione|slp|[from] move: Rest\n|-heal|p2a: Phione|100/100 slp|[silent]\n|\n|upkeep\n|turn|18\n|inactive|Time left: 300 sec this turn | 300 sec total\n|\n|t:|1783562872\n|switch|p2a: Regieleki|Regieleki, L79|11/100\n|move|p1a: Raging Bolt|Draco Meteor|p2a: Regieleki|[miss]\n|-miss|p1a: Raging Bolt|p2a: Regieleki\n|\n|upkeep\n|turn|19\n|inactive|Time left: 300 sec this turn | 300 sec total\n|\n|t:|1783562873\n|switch|p2a: Phione|Phione, L91, tera:Dragon|100/100 slp\n|move|p1a: Raging Bolt|Volt Switch|p2a: Phione\n|-resisted|p2a: Phione\n|-damage|p2a: Phione|87/100 slp\n|inactive|Time left: 300 sec this turn | 300 sec total | 5 sec grace\n|\n|t:|1783562874\n|-end|p1a: Raging Bolt|Protosynthesis|[silent]\n|switch|p1a: Greninja|Greninja, L80, M|119/246|[from] Volt Switch\n|\n|-heal|p2a: Phione|93/100 slp|[from] item: Leftovers\n|upkeep\n|turn|20\n|inactive|Time left: 300 sec this turn | 300 sec total\n|\n|t:|1783562874\n|move|p1a: Greninja|Ice Beam|p2a: Phione\n|-supereffective|p2a: Phione\n|-damage|p2a: Phione|38/100 slp\n|-damage|p1a: Greninja|95/246|[from] item: Life Orb\n|cant|p2a: Phione|slp\n|move|p2a: Phione|Sleep Talk|p2a: Phione\n|move|p2a: Phione|Rest||[from] move: Sleep Talk|[still]\n|-fail|p2a: Phione\n|\n|-heal|p2a: Phione|44/100 slp|[from] item: Leftovers\n|upkeep\n|turn|21\n|inactive|Time left: 300 sec this turn | 300 sec total\n|\n|t:|1783562875\n|move|p1a: Greninja|Dark Pulse|p2a: Phione\n|-crit|p2a: Phione\n|-damage|p2a: Phione|0 fnt\n|faint|p2a: Phione\n|-damage|p1a: Greninja|71/246|[from] item: Life Orb\n|\n|upkeep\n|\n|t:|1783562876\n|switch|p2a: Regieleki|Regieleki, L79|11/100\n|turn|22\n|inactive|Time left: 300 sec this turn | 300 sec total\n|\n|t:|1783562877\n|switch|p1a: Raging Bolt|Raging Bolt, L78|275/323\n|move|p2a: Regieleki|Thunderbolt|p1a: Raging Bolt\n|-resisted|p1a: Raging Bolt\n|-damage|p1a: Raging Bolt|251/323\n|\n|upkeep\n|turn|23\n|inactive|Time left: 300 sec this turn | 300 sec total\n|\n|t:|1783562878\n|move|p2a: Regieleki|Rapid Spin|p1a: Raging Bolt\n|-damage|p1a: Raging Bolt|219/323\n|-boost|p2a: Regieleki|spe|1\n|move|p1a: Raging Bolt|Discharge|p2a: Regieleki\n|-resisted|p2a: Regieleki\n|-damage|p2a: Regieleki|0 fnt\n|faint|p2a: Regieleki\n|\n|upkeep\n|\n|t:|1783562879\n|switch|p2a: Ditto|Ditto, L87|27/100\n|-transform|p2a: Ditto|p1a: Raging Bolt|[from] ability: Imposter\n|turn|24\n|inactive|Time left: 300 sec this turn | 300 sec total\n|\n|t:|1783562880\n|-terastallize|p1a: Raging Bolt|Electric\n|move|p2a: Ditto|Thunderclap|p1a: Raging Bolt\n|-resisted|p1a: Raging Bolt\n|-damage|p1a: Raging Bolt|184/323\n|move|p1a: Raging Bolt|Draco Meteor|p2a: Ditto\n|-supereffective|p2a: Ditto\n|-damage|p2a: Ditto|0 fnt\n|-unboost|p1a: Raging Bolt|spa|2\n|faint|p2a: Ditto\n|-end|p2a: Ditto|Protosynthesis|[silent]\n|\n|win|p0x2040863e", "uploadtime": 1783562880, "views": 0, "rating": 0, "private": 0, "password": null, "_winner": "p0x2040863e", "_our_name": "p0x2040863e"}