{"id": "battle-gen9randombattle-2015", "formatid": "gen9randombattle", "format": "[Gen 9] Random Battle", "players": ["p0x20158610", "p0y20157146"], "log": "|init|battle\n|title|p0x20158610 vs. p0y20157146\n|j|\u2606p0x20158610\n|j|\u2606p0y20157146\n|t:|1783563331\n|gametype|singles\n|player|p1|p0x20158610|265|\n|player|p2|p0y20157146|265|\n|gen|9\n|tier|[Gen 9] Random Battle\n|rule|Species Clause: Limit one of each Pok\u00e9mon\n|rule|HP Percentage Mod: HP is shown in percentages\n|rule|Sleep Clause Mod: Limit one foe put to sleep\n|rule|Illusion Level Mod: Illusion disguises the Pok\u00e9mon's true level\n|\n|t:|1783563331\n|teamsize|p1|6\n|teamsize|p2|6\n|start\n|switch|p1a: Electivire|Electivire, L84, M|263/263\n|switch|p2a: Sandy Shocks|Sandy Shocks, L80|100/100\n|turn|1\n|inactive|Battle timer is ON: inactive players will automatically lose when time's up. (requested by p0y20157146)\n|inactive|Time left: 300 sec this turn | 300 sec total | 60 sec grace\n|inactive|p0x20158610 also wants the timer to be on.\n|\n|t:|1783563333\n|move|p1a: Electivire|Earthquake|p2a: Sandy Shocks\n|-supereffective|p2a: Sandy Shocks\n|-damage|p2a: Sandy Shocks|21/100\n|-damage|p1a: Electivire|237/263|[from] item: Life Orb\n|move|p2a: Sandy Shocks|Earth Power|p1a: Electivire\n|-supereffective|p1a: Electivire\n|-damage|p1a: Electivire|37/263\n|\n|upkeep\n|turn|2\n|inactive|Time left: 300 sec this turn | 300 sec total\n|\n|t:|1783563334\n|move|p1a: Electivire|Earthquake|p2a: Sandy Shocks\n|-supereffective|p2a: Sandy Shocks\n|-damage|p2a: Sandy Shocks|0 fnt\n|faint|p2a: Sandy Shocks\n|-end|p2a: Sandy Shocks|Protosynthesis|[silent]\n|-damage|p1a: Electivire|11/263|[from] item: Life Orb\n|\n|upkeep\n|\n|t:|1783563335\n|switch|p2a: Calyrex|Calyrex-Ice, L72|100/100\n|-ability|p2a: Calyrex|As One\n|-ability|p2a: Calyrex|Unnerve\n|turn|3\n|inactive|Time left: 300 sec this turn | 300 sec total\n|\n|t:|1783563337\n|move|p1a: Electivire|Supercell Slam|p2a: Calyrex\n|-damage|p2a: Calyrex|56/100\n|-damage|p1a: Electivire|0 fnt|[from] item: Life Orb\n|faint|p1a: Electivire\n|move|p2a: Calyrex|Agility|p2a: Calyrex\n|-boost|p2a: Calyrex|spe|2\n|\n|upkeep\n|inactive|Time left: 300 sec this turn | 300 sec total | 5 sec grace\n|\n|t:|1783563338\n|switch|p1a: Weavile|Weavile, L79, F|239/239\n|turn|4\n|inactive|Time left: 300 sec this turn | 300 sec total\n|\n|t:|1783563339\n|-terastallize|p2a: Calyrex|Ground\n|move|p1a: Weavile|Knock Off|p2a: Calyrex\n|-damage|p2a: Calyrex|11/100\n|-enditem|p2a: Calyrex|Weakness Policy|[from] move: Knock Off|[of] p1a: Weavile\n|move|p2a: Calyrex|Close Combat|p1a: Weavile\n|-supereffective|p1a: Weavile\n|-damage|p1a: Weavile|0 fnt\n|-unboost|p2a: Calyrex|def|1\n|-unboost|p2a: Calyrex|spd|1\n|faint|p1a: Weavile\n|-ability|p2a: Calyrex|Chilling Neigh|boost\n|-boost|p2a: Calyrex|atk|1\n|\n|upkeep\n|inactive|Time left: 300 sec this turn | 300 sec total | 5 sec grace\n|\n|t:|1783563340\n|switch|p1a: Cacturne|Cacturne, L92, M|278/278\n|turn|5\n|inactive|Time left: 300 sec this turn | 300 sec total\n|\n|t:|1783563341\n|move|p1a: Cacturne|Sucker Punch|p2a: Calyrex\n|-damage|p2a: Calyrex|0 fnt\n|faint|p2a: Calyrex\n|-damage|p1a: Cacturne|251/278|[from] item: Life Orb\n|\n|upkeep\n|\n|t:|1783563342\n|switch|p2a: Zacian|Zacian-Crowned, L64|100/100\n|-ability|p2a: Zacian|Intrepid Sword|boost\n|-boost|p2a: Zacian|atk|1\n|turn|6\n|inactive|Time left: 300 sec this turn | 300 sec total\n|\n|t:|1783563343\n|switch|p1a: Arbok|Arbok, L87, M|246/246\n|-ability|p1a: Arbok|Intimidate|boost\n|-unboost|p2a: Zacian|atk|1\n|move|p2a: Zacian|Play Rough|p1a: Arbok\n|-resisted|p1a: Arbok\n|-damage|p1a: Arbok|200/246\n|\n|upkeep\n|turn|7\n|inactive|Time left: 300 sec this turn | 300 sec total\n|\n|t:|1783563344\n|move|p2a: Zacian|Behemoth Blade|p1a: Arbok\n|-damage|p1a: Arbok|101/246\n|move|p1a: Arbok|Earthquake|p2a: Zacian\n|-supereffective|p2a: Zacian\n|-damage|p2a: Zacian|16/100\n|-damage|p1a: Arbok|77/246|[from] item: Life Orb\n|\n|upkeep\n|turn|8\n|inactive|Time left: 300 sec this turn | 300 sec total\n|\n|t:|1783563345\n|switch|p1a: Cacturne|Cacturne, L92, M|251/278\n|move|p2a: Zacian|Behemoth Blade|p1a: Cacturne\n|-damage|p1a: Cacturne|140/278\n|\n|upkeep\n|turn|9\n|inactive|Time left: 300 sec this turn | 300 sec total\n|\n|t:|1783563346\n|move|p1a: Cacturne|Sucker Punch|p2a: Zacian\n|-resisted|p2a: Zacian\n|-damage|p2a: Zacian|0 fnt\n|faint|p2a: Zacian\n|-damage|p1a: Cacturne|113/278|[from] item: Life Orb\n|\n|upkeep\n|\n|t:|1783563347\n|switch|p2a: Mimikyu|Mimikyu, L79, M|100/100\n|turn|10\n|inactive|Time left: 300 sec this turn | 300 sec total\n|\n|t:|1783563348\n|move|p2a: Mimikyu|Swords Dance|p2a: Mimikyu\n|-boost|p2a: Mimikyu|atk|2\n|move|p1a: Cacturne|Knock Off|p2a: Mimikyu\n|-activate|p2a: Mimikyu|ability: Disguise\n|-damage|p2a: Mimikyu|100/100\n|-enditem|p2a: Mimikyu|Life Orb|[from] move: Knock Off|[of] p1a: Cacturne\n|detailschange|p2a: Mimikyu|Mimikyu-Busted, L79, M\n|-damage|p2a: Mimikyu|88/100|[from] pokemon: Mimikyu-Busted\n|-damage|p1a: Cacturne|86/278|[from] item: Life Orb\n|\n|upkeep\n|turn|11\n|inactive|Time left: 300 sec this turn | 300 sec total\n|\n|t:|1783563349\n|move|p1a: Cacturne|Sucker Punch||[still]\n|-fail|p1a: Cacturne\n|move|p2a: Mimikyu|Swords Dance|p2a: Mimikyu\n|-boost|p2a: Mimikyu|atk|2\n|\n|upkeep\n|turn|12\n|inactive|Time left: 300 sec this turn | 300 sec total\n|\n|t:|1783563350\n|move|p1a: Cacturne|Sucker Punch|p2a: Mimikyu\n|-damage|p2a: Mimikyu|20/100\n|-damage|p1a: Cacturne|59/278|[from] item: Life Orb\n|move|p2a: Mimikyu|Drain Punch|p1a: Cacturne\n|-supereffective|p1a: Cacturne\n|-damage|p1a: Cacturne|0 fnt\n|-heal|p2a: Mimikyu|34/100|[from] drain|[of] p1a: Cacturne\n|faint|p1a: Cacturne\n|\n|upkeep\n|inactive|Time left: 300 sec this turn | 300 sec total | 5 sec grace\n|\n|t:|1783563351\n|switch|p1a: Sneasler|Sneasler, L74, M|240/240\n|turn|13\n|inactive|Time left: 300 sec this turn | 300 sec total\n|\n|t:|1783563352\n|move|p2a: Mimikyu|Shadow Sneak|p1a: Sneasler\n|-damage|p1a: Sneasler|78/240\n|move|p1a: Sneasler|Dire Claw|p2a: Mimikyu\n|-damage|p2a: Mimikyu|0 fnt\n|faint|p2a: Mimikyu\n|\n|upkeep\n|\n|t:|1783563353\n|switch|p2a: Magnezone|Magnezone, L85|100/100\n|turn|14\n|inactive|Time left: 300 sec this turn | 300 sec total\n|\n|t:|1783563354\n|switch|p1a: Arbok|Arbok, L87, M|77/246\n|-ability|p1a: Arbok|Intimidate|boost\n|-unboost|p2a: Magnezone|atk|1\n|move|p2a: Magnezone|Thunderbolt|p1a: Arbok\n|-damage|p1a: Arbok|0 fnt\n|faint|p1a: Arbok\n|\n|upkeep\n|inactive|Time left: 300 sec this turn | 300 sec total | 5 sec grace\n|\n|t:|1783563355\n|switch|p1a: Sneasler|Sneasler, L74, M|78/240\n|turn|15\n|inactive|Time left: 300 sec this turn | 300 sec total\n|\n|t:|1783563356\n|-terastallize|p1a: Sneasler|Fighting\n|move|p1a: Sneasler|Close Combat|p2a: Magnezone\n|-supereffective|p2a: Magnezone\n|-damage|p2a: Magnezone|0 fnt\n|-unboost|p1a: Sneasler|def|1\n|-unboost|p1a: Sneasler|spd|1\n|faint|p2a: Magnezone\n|\n|upkeep\n|\n|t:|1783563357\n|switch|p2a: Greninja|Greninja, L80, M|100/100\n|turn|16\n|inactive|Time left: 300 sec this turn | 300 sec total\n|\n|t:|1783563358\n|move|p2a: Greninja|Gunk Shot|p1a: Sneasler\n|-start|p2a: Greninja|typechange|Poison|[from] ability: Protean\n|-damage|p1a: Sneasler|0 fnt\n|faint|p1a: Sneasler\n|-damage|p2a: Greninja|91/100|[from] item: Life Orb\n|\n|upkeep\n|inactive|Time left: 300 sec this turn | 300 sec total | 5 sec grace\n|\n|t:|1783563359\n|switch|p1a: Maushold|Maushold, L76|238/238\n|turn|17\n|inactive|Time left: 300 sec this turn | 300 sec total\n|\n|t:|1783563360\n|move|p2a: Greninja|Dark Pulse|p1a: Maushold\n|-damage|p1a: Maushold|144/238\n|-damage|p2a: Greninja|81/100|[from] item: Life Orb\n|move|p1a: Maushold|Population Bomb|p2a: Greninja\n|-damage|p2a: Greninja|70/100\n|-damage|p2a: Greninja|58/100\n|-damage|p2a: Greninja|47/100\n|-damage|p2a: Greninja|36/100\n|-damage|p2a: Greninja|23/100\n|-damage|p2a: Greninja|11/100\n|-damage|p2a: Greninja|0 fnt\n|faint|p2a: Greninja\n|-hitcount|p2: Greninja|7\n|\n|win|p0x20158610", "uploadtime": 1783563360, "views": 0, "rating": 0, "private": 0, "password": null, "_winner": "p0x20158610", "_our_name": "p0x20158610"}