{"id": "battle-gen9randombattle-2657", "formatid": "gen9randombattle", "format": "[Gen 9] Random Battle", "players": ["p0x265767db", "p0y2657c4d0"], "log": "|init|battle\n|title|p0x265767db vs. p0y2657c4d0\n|j|\u2606p0x265767db\n|j|\u2606p0y2657c4d0\n|t:|1783570659\n|gametype|singles\n|player|p1|p0x265767db|102|\n|player|p2|p0y2657c4d0|169|\n|gen|9\n|tier|[Gen 9] Random Battle\n|rule|Species Clause: Limit one of each Pok\u00e9mon\n|rule|HP Percentage Mod: HP is shown in percentages\n|rule|Sleep Clause Mod: Limit one foe put to sleep\n|rule|Illusion Level Mod: Illusion disguises the Pok\u00e9mon's true level\n|\n|t:|1783570659\n|teamsize|p1|6\n|teamsize|p2|6\n|start\n|switch|p1a: Ariados|Ariados, L95, F|100/100\n|switch|p2a: Terrakion|Terrakion, L79|273/273\n|turn|1\n|inactive|Battle timer is ON: inactive players will automatically lose when time's up. (requested by p0x265767db)\n|inactive|Time left: 300 sec this turn | 300 sec total | 60 sec grace\n|inactive|p0y2657c4d0 also wants the timer to be on.\n|\n|t:|1783570660\n|move|p2a: Terrakion|Stone Edge|p1a: Ariados|[miss]\n|-miss|p2a: Terrakion|p1a: Ariados\n|move|p1a: Ariados|Sticky Web|p2a: Terrakion\n|-sidestart|p2: p0y2657c4d0|move: Sticky Web\n|\n|upkeep\n|turn|2\n|inactive|Time left: 300 sec this turn | 300 sec total\n|\n|t:|1783570661\n|switch|p1a: Wyrdeer|Wyrdeer, L87, F|100/100\n|-ability|p1a: Wyrdeer|Intimidate|boost\n|-unboost|p2a: Terrakion|atk|1\n|move|p2a: Terrakion|Swords Dance|p2a: Terrakion\n|-boost|p2a: Terrakion|atk|2\n|\n|upkeep\n|turn|3\n|inactive|Time left: 300 sec this turn | 300 sec total\n|\n|t:|1783570663\n|move|p2a: Terrakion|Stone Edge|p1a: Wyrdeer\n|-damage|p1a: Wyrdeer|25/100\n|-damage|p2a: Terrakion|246/273|[from] item: Life Orb\n|move|p1a: Wyrdeer|Psychic Noise|p2a: Terrakion\n|-supereffective|p2a: Terrakion\n|-damage|p2a: Terrakion|46/273\n|-start|p2a: Terrakion|move: Heal Block\n|\n|upkeep\n|turn|4\n|inactive|Time left: 300 sec this turn | 300 sec total\n|\n|t:|1783570664\n|move|p2a: Terrakion|Stone Edge|p1a: Wyrdeer\n|-damage|p1a: Wyrdeer|0 fnt\n|faint|p1a: Wyrdeer\n|-damage|p2a: Terrakion|19/273|[from] item: Life Orb\n|\n|-end|p2a: Terrakion|move: Heal Block\n|upkeep\n|\n|t:|1783570665\n|switch|p1a: Lycanroc|Lycanroc, L86, F|100/100\n|turn|5\n|inactive|Time left: 300 sec this turn | 300 sec total\n|\n|t:|1783570666\n|move|p1a: Lycanroc|Crunch|p2a: Terrakion\n|-resisted|p2a: Terrakion\n|-damage|p2a: Terrakion|0 fnt\n|faint|p2a: Terrakion\n|-damage|p1a: Lycanroc|91/100|[from] item: Life Orb\n|\n|upkeep\n|inactive|Time left: 300 sec this turn | 300 sec total | 5 sec grace\n|\n|t:|1783570667\n|switch|p2a: Rhyperior|Rhyperior, L82, F|323/323\n|-activate|p2a: Rhyperior|move: Sticky Web\n|-unboost|p2a: Rhyperior|spe|1\n|turn|6\n|inactive|Time left: 300 sec this turn | 300 sec total\n|\n|t:|1783570668\n|switch|p1a: Chansey|Chansey, L85, F|100/100\n|move|p2a: Rhyperior|Earthquake|p1a: Chansey\n|-crit|p1a: Chansey\n|-damage|p1a: Chansey|19/100\n|\n|upkeep\n|turn|7\n|inactive|Time left: 300 sec this turn | 300 sec total\n|\n|t:|1783570669\n|move|p1a: Chansey|Soft-Boiled|p1a: Chansey\n|-heal|p1a: Chansey|69/100\n|move|p2a: Rhyperior|Earthquake|p1a: Chansey\n|-crit|p1a: Chansey\n|-damage|p1a: Chansey|0 fnt\n|faint|p1a: Chansey\n|\n|upkeep\n|\n|t:|1783570670\n|switch|p1a: Arbok|Arbok, L87, F|100/100\n|-ability|p1a: Arbok|Intimidate|boost\n|-unboost|p2a: Rhyperior|atk|1\n|turn|8\n|inactive|Time left: 300 sec this turn | 300 sec total\n|\n|t:|1783570671\n|-terastallize|p1a: Arbok|Dark\n|move|p1a: Arbok|Coil|p1a: Arbok\n|-boost|p1a: Arbok|atk|1\n|-boost|p1a: Arbok|def|1\n|-boost|p1a: Arbok|accuracy|1\n|move|p2a: Rhyperior|Earthquake|p1a: Arbok\n|-damage|p1a: Arbok|74/100\n|\n|-heal|p1a: Arbok|81/100|[from] item: Leftovers\n|upkeep\n|turn|9\n|inactive|Time left: 300 sec this turn | 300 sec total\n|\n|t:|1783570672\n|move|p1a: Arbok|Coil|p1a: Arbok\n|-boost|p1a: Arbok|atk|1\n|-boost|p1a: Arbok|def|1\n|-boost|p1a: Arbok|accuracy|1\n|move|p2a: Rhyperior|Rock Polish|p2a: Rhyperior\n|-boost|p2a: Rhyperior|spe|2\n|\n|-heal|p1a: Arbok|87/100|[from] item: Leftovers\n|upkeep\n|turn|10\n|inactive|Time left: 300 sec this turn | 300 sec total\n|\n|t:|1783570673\n|move|p1a: Arbok|Coil|p1a: Arbok\n|-boost|p1a: Arbok|atk|1\n|-boost|p1a: Arbok|def|1\n|-boost|p1a: Arbok|accuracy|1\n|move|p2a: Rhyperior|Stone Edge|p1a: Arbok\n|-damage|p1a: Arbok|69/100\n|\n|-heal|p1a: Arbok|75/100|[from] item: Leftovers\n|upkeep\n|turn|11\n|inactive|Time left: 300 sec this turn | 300 sec total\n|\n|t:|1783570674\n|move|p1a: Arbok|Coil|p1a: Arbok\n|-boost|p1a: Arbok|atk|1\n|-boost|p1a: Arbok|def|1\n|-boost|p1a: Arbok|accuracy|1\n|move|p2a: Rhyperior|Stone Edge|p1a: Arbok\n|-damage|p1a: Arbok|61/100\n|\n|-heal|p1a: Arbok|68/100|[from] item: Leftovers\n|upkeep\n|turn|12\n|inactive|Time left: 300 sec this turn | 300 sec total\n|\n|t:|1783570675\n|move|p1a: Arbok|Earthquake|p2a: Rhyperior\n|-supereffective|p2a: Rhyperior\n|-damage|p2a: Rhyperior|70/323\n|-enditem|p2a: Rhyperior|Weakness Policy\n|-boost|p2a: Rhyperior|atk|2|[from] item: Weakness Policy\n|-boost|p2a: Rhyperior|spa|2|[from] item: Weakness Policy\n|move|p2a: Rhyperior|Stone Edge|p1a: Arbok\n|-damage|p1a: Arbok|37/100\n|\n|-heal|p1a: Arbok|43/100|[from] item: Leftovers\n|upkeep\n|turn|13\n|inactive|Time left: 300 sec this turn | 300 sec total\n|\n|t:|1783570676\n|move|p1a: Arbok|Earthquake|p2a: Rhyperior\n|-supereffective|p2a: Rhyperior\n|-damage|p2a: Rhyperior|0 fnt\n|faint|p2a: Rhyperior\n|\n|-heal|p1a: Arbok|49/100|[from] item: Leftovers\n|upkeep\n|inactive|Time left: 300 sec this turn | 300 sec total | 5 sec grace\n|\n|t:|1783570677\n|switch|p2a: Flamigo|Flamigo, L82, M|269/269\n|turn|14\n|inactive|Time left: 300 sec this turn | 300 sec total\n|\n|t:|1783570678\n|move|p1a: Arbok|Sucker Punch|p2a: Flamigo\n|-resisted|p2a: Flamigo\n|-damage|p2a: Flamigo|136/269\n|move|p2a: Flamigo|Close Combat|p1a: Arbok\n|-supereffective|p1a: Arbok\n|-damage|p1a: Arbok|0 fnt\n|-unboost|p2a: Flamigo|def|1\n|-unboost|p2a: Flamigo|spd|1\n|faint|p1a: Arbok\n|\n|upkeep\n|\n|t:|1783570679\n|switch|p1a: Ariados|Ariados, L95, F|100/100\n|turn|15\n|inactive|Time left: 300 sec this turn | 300 sec total\n|\n|t:|1783570680\n|switch|p2a: Qwilfish|Qwilfish-Hisui, L83, M|244/244\n|-activate|p2a: Qwilfish|move: Sticky Web\n|-unboost|p2a: Qwilfish|spe|1\n|-ability|p2a: Qwilfish|Intimidate|boost\n|-unboost|p1a: Ariados|atk|1\n|move|p1a: Ariados|Poison Jab|p2a: Qwilfish\n|-resisted|p2a: Qwilfish\n|-damage|p2a: Qwilfish|222/244\n|\n|upkeep\n|turn|16\n|inactive|Time left: 300 sec this turn | 300 sec total\n|\n|t:|1783570681\n|switch|p1a: Klefki|Klefki, L84, M|100/100\n|move|p2a: Qwilfish|Crunch|p1a: Klefki\n|-resisted|p1a: Klefki\n|-damage|p1a: Klefki|84/100\n|-unboost|p1a: Klefki|def|1\n|\n|-heal|p1a: Klefki|90/100|[from] item: Leftovers\n|upkeep\n|turn|17\n|inactive|Time left: 300 sec this turn | 300 sec total\n|\n|t:|1783570682\n|move|p1a: Klefki|Dazzling Gleam|p2a: Qwilfish\n|-damage|p2a: Qwilfish|152/244\n|move|p2a: Qwilfish|Crunch|p1a: Klefki\n|-resisted|p1a: Klefki\n|-damage|p1a: Klefki|66/100\n|\n|-heal|p1a: Klefki|72/100|[from] item: Leftovers\n|upkeep\n|turn|18\n|inactive|Time left: 300 sec this turn | 300 sec total\n|\n|t:|1783570683\n|move|p1a: Klefki|Dazzling Gleam|p2a: Qwilfish\n|-damage|p2a: Qwilfish|80/244\n|move|p2a: Qwilfish|Crunch|p1a: Klefki\n|-resisted|p1a: Klefki\n|-damage|p1a: Klefki|45/100\n|\n|-heal|p1a: Klefki|51/100|[from] item: Leftovers\n|upkeep\n|turn|19\n|inactive|Time left: 300 sec this turn | 300 sec total\n|\n|t:|1783570684\n|move|p1a: Klefki|Dazzling Gleam|p2a: Qwilfish\n|-damage|p2a: Qwilfish|8/244\n|move|p2a: Qwilfish|Crunch|p1a: Klefki\n|-resisted|p1a: Klefki\n|-damage|p1a: Klefki|25/100\n|\n|-heal|p1a: Klefki|31/100|[from] item: Leftovers\n|upkeep\n|turn|20\n|inactive|Time left: 300 sec this turn | 300 sec total\n|\n|t:|1783570685\n|move|p1a: Klefki|Dazzling Gleam|p2a: Qwilfish\n|-damage|p2a: Qwilfish|0 fnt\n|faint|p2a: Qwilfish\n|\n|-heal|p1a: Klefki|37/100|[from] item: Leftovers\n|upkeep\n|inactive|Time left: 300 sec this turn | 300 sec total | 5 sec grace\n|\n|t:|1783570686\n|switch|p2a: Flamigo|Flamigo, L82, M|136/269\n|turn|21\n|inactive|Time left: 300 sec this turn | 300 sec total\n|\n|t:|1783570687\n|move|p1a: Klefki|Thunder Wave|p2a: Flamigo\n|-status|p2a: Flamigo|par\n|move|p2a: Flamigo|Brave Bird|p1a: Klefki\n|-resisted|p1a: Klefki\n|-crit|p1a: Klefki\n|-damage|p1a: Klefki|0 fnt\n|faint|p1a: Klefki\n|-damage|p2a: Flamigo|108/269 par|[from] Recoil\n|\n|upkeep\n|\n|t:|1783570688\n|switch|p1a: Lycanroc|Lycanroc, L86, F|91/100\n|turn|22\n|inactive|Time left: 300 sec this turn | 300 sec total\n|\n|t:|1783570688\n|switch|p2a: Leafeon|Leafeon, L88, F|258/258\n|-activate|p2a: Leafeon|move: Sticky Web\n|-unboost|p2a: Leafeon|spe|1\n|move|p1a: Lycanroc|Swords Dance|p1a: Lycanroc\n|-boost|p1a: Lycanroc|atk|2\n|\n|upkeep\n|turn|23\n|inactive|Time left: 300 sec this turn | 300 sec total\n|\n|t:|1783570689\n|move|p1a: Lycanroc|Stone Edge|p2a: Leafeon\n|-damage|p2a: Leafeon|44/258\n|-damage|p1a: Lycanroc|81/100|[from] item: Life Orb\n|move|p2a: Leafeon|Leaf Blade|p1a: Lycanroc\n|-supereffective|p1a: Lycanroc\n|-damage|p1a: Lycanroc|0 fnt\n|faint|p1a: Lycanroc\n|-damage|p2a: Leafeon|19/258|[from] item: Life Orb\n|\n|upkeep\n|\n|t:|1783570690\n|switch|p1a: Ariados|Ariados, L95, F|100/100\n|turn|24\n|inactive|Time left: 300 sec this turn | 300 sec total\n|\n|t:|1783570691\n|-terastallize|p2a: Leafeon|Dark\n|move|p2a: Leafeon|Knock Off|p1a: Ariados\n|-damage|p1a: Ariados|46/100\n|-enditem|p1a: Ariados|Focus Sash|[from] move: Knock Off|[of] p2a: Leafeon\n|-damage|p2a: Leafeon|0 fnt|[from] item: Life Orb\n|faint|p2a: Leafeon\n|move|p1a: Ariados|Knock Off|p2: Leafeon|[notarget]\n|-fail|p1a: Ariados\n|\n|upkeep\n|inactive|Time left: 300 sec this turn | 300 sec total | 5 sec grace\n|\n|t:|1783570692\n|switch|p2a: Flutter Mane|Flutter Mane, L74|203/203\n|-activate|p2a: Flutter Mane|move: Sticky Web\n|-unboost|p2a: Flutter Mane|spe|1\n|turn|25\n|inactive|Time left: 300 sec this turn | 300 sec total\n|\n|t:|1783570692\n|move|p2a: Flutter Mane|Calm Mind|p2a: Flutter Mane\n|-boost|p2a: Flutter Mane|spa|1\n|-boost|p2a: Flutter Mane|spd|1\n|move|p1a: Ariados|Poison Jab|p2a: Flutter Mane\n|-damage|p2a: Flutter Mane|40/203\n|\n|upkeep\n|turn|26\n|inactive|Time left: 300 sec this turn | 300 sec total\n|\n|t:|1783570693\n|move|p2a: Flutter Mane|Shadow Ball|p1a: Ariados\n|-damage|p1a: Ariados|0 fnt\n|faint|p1a: Ariados\n|-damage|p2a: Flutter Mane|20/203|[from] item: Life Orb\n|\n|win|p0y2657c4d0", "uploadtime": 1783570693, "views": 0, "rating": 0, "private": 0, "password": null, "_winner": "p0y2657c4d0", "_our_name": "p0y2657c4d0"}