{"id": "battle-gen9randombattle-2253", "formatid": "gen9randombattle", "format": "[Gen 9] Random Battle", "players": ["p0x22530ecb", "p0y22538fc8"], "log": "|init|battle\n|title|p0x22530ecb vs. p0y22538fc8\n|j|\u2606p0x22530ecb\n|j|\u2606p0y22538fc8\n|t:|1783565185\n|gametype|singles\n|player|p1|p0x22530ecb|101|\n|player|p2|p0y22538fc8|169|\n|gen|9\n|tier|[Gen 9] Random Battle\n|rule|Species Clause: Limit one of each Pok\u00e9mon\n|rule|HP Percentage Mod: HP is shown in percentages\n|rule|Sleep Clause Mod: Limit one foe put to sleep\n|rule|Illusion Level Mod: Illusion disguises the Pok\u00e9mon's true level\n|\n|t:|1783565185\n|teamsize|p1|6\n|teamsize|p2|6\n|start\n|switch|p1a: Grumpig|Grumpig, L92, F|297/297\n|switch|p2a: Tentacruel|Tentacruel, L84, F|100/100\n|turn|1\n|inactive|Battle timer is ON: inactive players will automatically lose when time's up. (requested by p0x22530ecb)\n|inactive|p0y22538fc8 also wants the timer to be on.\n|\n|t:|1783565187\n|move|p2a: Tentacruel|Rapid Spin|p1a: Grumpig\n|-damage|p1a: Grumpig|267/297\n|-boost|p2a: Tentacruel|spe|1\n|move|p1a: Grumpig|Nasty Plot|p1a: Grumpig\n|-boost|p1a: Grumpig|spa|2\n|\n|-heal|p1a: Grumpig|285/297|[from] item: Leftovers\n|upkeep\n|turn|2\n|inactive|Time left: 300 sec this turn | 300 sec total\n|\n|t:|1783565188\n|move|p2a: Tentacruel|Haze|p2a: Tentacruel\n|-clearallboost\n|move|p1a: Grumpig|Psychic|p2a: Tentacruel\n|-supereffective|p2a: Tentacruel\n|-damage|p2a: Tentacruel|40/100\n|\n|-heal|p2a: Tentacruel|46/100|[from] item: Leftovers\n|-heal|p1a: Grumpig|297/297|[from] item: Leftovers\n|upkeep\n|turn|3\n|inactive|Time left: 300 sec this turn | 300 sec total\n|\n|t:|1783565189\n|move|p2a: Tentacruel|Sludge Bomb|p1a: Grumpig\n|-damage|p1a: Grumpig|234/297\n|move|p1a: Grumpig|Psychic|p2a: Tentacruel\n|-supereffective|p2a: Tentacruel\n|-damage|p2a: Tentacruel|0 fnt\n|faint|p2a: Tentacruel\n|\n|-heal|p1a: Grumpig|252/297|[from] item: Leftovers\n|upkeep\n|\n|t:|1783565189\n|switch|p2a: Flapple|Flapple, L88, M|100/100\n|turn|4\n|inactive|Time left: 300 sec this turn | 300 sec total\n|\n|t:|1783565190\n|move|p1a: Grumpig|Psychic|p2a: Flapple\n|-damage|p2a: Flapple|50/100\n|move|p2a: Flapple|Outrage|p1a: Grumpig|[miss]\n|-miss|p2a: Flapple|p1a: Grumpig\n|\n|-heal|p1a: Grumpig|270/297|[from] item: Leftovers\n|upkeep\n|turn|5\n|inactive|Time left: 300 sec this turn | 300 sec total\n|\n|t:|1783565191\n|move|p1a: Grumpig|Psychic|p2a: Flapple\n|-damage|p2a: Flapple|1/100\n|move|p2a: Flapple|Outrage|p1a: Grumpig\n|-damage|p1a: Grumpig|0 fnt\n|faint|p1a: Grumpig\n|\n|upkeep\n|inactive|Time left: 300 sec this turn | 300 sec total | 5 sec grace\n|\n|t:|1783565192\n|switch|p1a: Archaludon|Archaludon, L78, F|268/268\n|turn|6\n|inactive|Time left: 300 sec this turn | 300 sec total\n|\n|t:|1783565192\n|move|p1a: Archaludon|Earthquake|p2a: Flapple\n|-resisted|p2a: Flapple\n|-damage|p2a: Flapple|0 fnt\n|faint|p2a: Flapple\n|\n|upkeep\n|\n|t:|1783565193\n|switch|p2a: Sinistcha|Sinistcha, L83|100/100\n|turn|7\n|inactive|Time left: 300 sec this turn | 300 sec total\n|\n|t:|1783565194\n|move|p1a: Archaludon|Swords Dance|p1a: Archaludon\n|-boost|p1a: Archaludon|atk|2\n|move|p2a: Sinistcha|Shadow Ball|p1a: Archaludon\n|-damage|p1a: Archaludon|139/268\n|-ability|p1a: Archaludon|Stamina|boost\n|-boost|p1a: Archaludon|def|1\n|\n|upkeep\n|turn|8\n|inactive|Time left: 300 sec this turn | 300 sec total\n|\n|t:|1783565194\n|move|p1a: Archaludon|Outrage|p2a: Sinistcha\n|-damage|p2a: Sinistcha|20/100\n|move|p2a: Sinistcha|Shadow Ball|p1a: Archaludon\n|-damage|p1a: Archaludon|0 fnt\n|faint|p1a: Archaludon\n|\n|-heal|p2a: Sinistcha|26/100|[from] item: Leftovers\n|upkeep\n|inactive|Time left: 300 sec this turn | 300 sec total | 5 sec grace\n|\n|t:|1783565195\n|switch|p1a: Tsareena|Tsareena, L87, F|267/267\n|turn|9\n|inactive|Time left: 300 sec this turn | 300 sec total\n|\n|t:|1783565196\n|switch|p2a: Coalossal|Coalossal, L89, M|100/100\n|move|p1a: Tsareena|Knock Off|p2a: Coalossal\n|-damage|p2a: Coalossal|74/100\n|-enditem|p2a: Coalossal|Heavy-Duty Boots|[from] move: Knock Off|[of] p1a: Tsareena\n|-damage|p1a: Tsareena|241/267|[from] item: Life Orb\n|\n|upkeep\n|turn|10\n|inactive|Time left: 300 sec this turn | 300 sec total\n|\n|t:|1783565197\n|move|p1a: Tsareena|High Jump Kick|p2a: Coalossal\n|-supereffective|p2a: Coalossal\n|-damage|p2a: Coalossal|8/100\n|-status|p1a: Tsareena|brn|[from] ability: Flame Body|[of] p2a: Coalossal\n|-damage|p1a: Tsareena|215/267 brn|[from] item: Life Orb\n|move|p2a: Coalossal|Stealth Rock|p1a: Tsareena\n|-sidestart|p1: p0x22530ecb|move: Stealth Rock\n|\n|-damage|p1a: Tsareena|199/267 brn|[from] brn\n|upkeep\n|turn|11\n|inactive|Time left: 300 sec this turn | 300 sec total\n|\n|t:|1783565198\n|switch|p2a: Ariados|Ariados, L95, M|100/100\n|move|p1a: Tsareena|Knock Off|p2a: Ariados\n|-damage|p2a: Ariados|81/100\n|-enditem|p2a: Ariados|Heavy-Duty Boots|[from] move: Knock Off|[of] p1a: Tsareena\n|-damage|p1a: Tsareena|173/267 brn|[from] item: Life Orb\n|\n|-damage|p1a: Tsareena|157/267 brn|[from] brn\n|upkeep\n|turn|12\n|inactive|Time left: 300 sec this turn | 300 sec total\n|\n|t:|1783565199\n|switch|p1a: Braviary|Braviary, L85, M|309/309\n|move|p2a: Ariados|Sticky Web|p1a: Braviary\n|-sidestart|p1: p0x22530ecb|move: Sticky Web\n|\n|upkeep\n|turn|13\n|inactive|Time left: 300 sec this turn | 300 sec total\n|\n|t:|1783565200\n|switch|p2a: Coalossal|Coalossal, L89, M|8/100\n|move|p1a: Braviary|Bulk Up|p1a: Braviary\n|-boost|p1a: Braviary|atk|1\n|-boost|p1a: Braviary|def|1\n|\n|upkeep\n|turn|14\n|inactive|Time left: 300 sec this turn | 300 sec total\n|\n|t:|1783565201\n|move|p1a: Braviary|Brave Bird|p2a: Coalossal\n|-resisted|p2a: Coalossal\n|-damage|p2a: Coalossal|0 fnt\n|faint|p2a: Coalossal\n|-damage|p1a: Braviary|301/309|[from] Recoil\n|\n|upkeep\n|\n|t:|1783565201\n|switch|p2a: Feraligatr|Feraligatr, L79, F|100/100\n|turn|15\n|inactive|Time left: 300 sec this turn | 300 sec total\n|\n|t:|1783565202\n|move|p1a: Braviary|Brave Bird|p2a: Feraligatr\n|-damage|p2a: Feraligatr|14/100\n|-damage|p1a: Braviary|225/309|[from] Recoil\n|move|p2a: Feraligatr|Dragon Dance|p2a: Feraligatr\n|-boost|p2a: Feraligatr|atk|1\n|-boost|p2a: Feraligatr|spe|1\n|\n|upkeep\n|turn|16\n|inactive|Time left: 300 sec this turn | 300 sec total\n|\n|t:|1783565204\n|-terastallize|p2a: Feraligatr|Water\n|move|p2a: Feraligatr|Liquidation|p1a: Braviary\n|-damage|p1a: Braviary|0 fnt\n|faint|p1a: Braviary\n|\n|upkeep\n|inactive|Time left: 300 sec this turn | 300 sec total | 5 sec grace\n|\n|t:|1783565205\n|switch|p1a: Tsareena|Tsareena, L87, F|157/267 brn\n|-damage|p1a: Tsareena|124/267 brn|[from] Stealth Rock\n|-activate|p1a: Tsareena|move: Sticky Web\n|-unboost|p1a: Tsareena|spe|1\n|turn|17\n|inactive|Time left: 300 sec this turn | 300 sec total\n|\n|t:|1783565206\n|move|p2a: Feraligatr|Dragon Dance|p2a: Feraligatr\n|-boost|p2a: Feraligatr|atk|1\n|-boost|p2a: Feraligatr|spe|1\n|move|p1a: Tsareena|Knock Off|p2a: Feraligatr\n|-damage|p2a: Feraligatr|0 fnt\n|-enditem|p2a: Feraligatr|Life Orb|[from] move: Knock Off|[of] p1a: Tsareena\n|faint|p2a: Feraligatr\n|-damage|p1a: Tsareena|98/267 brn|[from] item: Life Orb\n|\n|-damage|p1a: Tsareena|82/267 brn|[from] brn\n|upkeep\n|\n|t:|1783565207\n|switch|p2a: Sinistcha|Sinistcha, L83|26/100\n|turn|18\n|inactive|Time left: 300 sec this turn | 300 sec total\n|\n|t:|1783565208\n|move|p2a: Sinistcha|Strength Sap|p1a: Tsareena\n|-unboost|p1a: Tsareena|atk|1\n|-heal|p2a: Sinistcha|100/100\n|move|p1a: Tsareena|Knock Off|p2a: Sinistcha\n|-supereffective|p2a: Sinistcha\n|-damage|p2a: Sinistcha|73/100\n|-enditem|p2a: Sinistcha|Leftovers|[from] move: Knock Off|[of] p1a: Tsareena\n|-damage|p1a: Tsareena|56/267 brn|[from] item: Life Orb\n|\n|-damage|p1a: Tsareena|40/267 brn|[from] brn\n|upkeep\n|turn|19\n|inactive|Time left: 300 sec this turn | 300 sec total\n|\n|t:|1783565209\n|move|p2a: Sinistcha|Calm Mind|p2a: Sinistcha\n|-boost|p2a: Sinistcha|spa|1\n|-boost|p2a: Sinistcha|spd|1\n|move|p1a: Tsareena|Knock Off|p2a: Sinistcha\n|-supereffective|p2a: Sinistcha\n|-damage|p2a: Sinistcha|56/100\n|-damage|p1a: Tsareena|14/267 brn|[from] item: Life Orb\n|\n|-damage|p1a: Tsareena|0 fnt|[from] brn\n|faint|p1a: Tsareena\n|upkeep\n|inactive|Time left: 300 sec this turn | 300 sec total | 5 sec grace\n|\n|t:|1783565210\n|switch|p1a: Darkrai|Darkrai, L77|234/234\n|-damage|p1a: Darkrai|205/234|[from] Stealth Rock\n|-activate|p1a: Darkrai|move: Sticky Web\n|-unboost|p1a: Darkrai|spe|1\n|turn|20\n|inactive|Time left: 300 sec this turn | 300 sec total\n|\n|t:|1783565211\n|-terastallize|p1a: Darkrai|Poison\n|move|p2a: Sinistcha|Matcha Gotcha|p1a: Darkrai\n|-resisted|p1a: Darkrai\n|-damage|p1a: Darkrai|124/234\n|-heal|p2a: Sinistcha|72/100|[from] drain|[of] p1a: Darkrai\n|-status|p1a: Darkrai|brn\n|move|p1a: Darkrai|Dark Pulse|p2a: Sinistcha\n|-supereffective|p2a: Sinistcha\n|-damage|p2a: Sinistcha|2/100\n|-damage|p1a: Darkrai|101/234 brn|[from] item: Life Orb\n|\n|-damage|p1a: Darkrai|87/234 brn|[from] brn\n|upkeep\n|turn|21\n|inactive|Time left: 300 sec this turn | 300 sec total\n|\n|t:|1783565211\n|move|p2a: Sinistcha|Shadow Ball|p1a: Darkrai\n|-damage|p1a: Darkrai|0 fnt\n|faint|p1a: Darkrai\n|\n|upkeep\n|inactive|Time left: 300 sec this turn | 300 sec total | 5 sec grace\n|\n|t:|1783565212\n|switch|p1a: Toxapex|Toxapex, L82, F|216/216\n|-damage|p1a: Toxapex|189/216|[from] Stealth Rock\n|-activate|p1a: Toxapex|move: Sticky Web\n|-unboost|p1a: Toxapex|spe|1\n|turn|22\n|inactive|Time left: 300 sec this turn | 300 sec total\n|\n|t:|1783565213\n|move|p2a: Sinistcha|Matcha Gotcha|p1a: Toxapex\n|-damage|p1a: Toxapex|93/216\n|-heal|p2a: Sinistcha|21/100|[from] drain|[of] p1a: Toxapex\n|move|p1a: Toxapex|Haze|p1a: Toxapex\n|-clearallboost\n|\n|upkeep\n|turn|23\n|inactive|Time left: 300 sec this turn | 300 sec total\n|\n|t:|1783565214\n|move|p2a: Sinistcha|Matcha Gotcha|p1a: Toxapex\n|-damage|p1a: Toxapex|26/216\n|-heal|p2a: Sinistcha|34/100|[from] drain|[of] p1a: Toxapex\n|move|p1a: Toxapex|Recover|p1a: Toxapex\n|-heal|p1a: Toxapex|134/216\n|\n|upkeep\n|turn|24\n|inactive|Time left: 300 sec this turn | 300 sec total\n|\n|t:|1783565216\n|move|p2a: Sinistcha|Matcha Gotcha|p1a: Toxapex\n|-damage|p1a: Toxapex|70/216\n|-heal|p2a: Sinistcha|47/100|[from] drain|[of] p1a: Toxapex\n|move|p1a: Toxapex|Recover|p1a: Toxapex\n|-heal|p1a: Toxapex|178/216\n|\n|upkeep\n|turn|25\n|inactive|Time left: 300 sec this turn | 300 sec total\n|\n|t:|1783565217\n|move|p2a: Sinistcha|Strength Sap|p1a: Toxapex\n|-unboost|p1a: Toxapex|atk|1\n|-heal|p2a: Sinistcha|100/100\n|move|p1a: Toxapex|Recover|p1a: Toxapex\n|-heal|p1a: Toxapex|216/216\n|\n|upkeep\n|turn|26\n|inactive|Time left: 300 sec this turn | 300 sec total\n|\n|t:|1783565217\n|move|p2a: Sinistcha|Matcha Gotcha|p1a: Toxapex\n|-damage|p1a: Toxapex|149/216\n|move|p1a: Toxapex|Haze|p1a: Toxapex\n|-clearallboost\n|\n|upkeep\n|turn|27\n|inactive|Time left: 300 sec this turn | 300 sec total\n|\n|t:|1783565218\n|move|p2a: Sinistcha|Calm Mind|p2a: Sinistcha\n|-boost|p2a: Sinistcha|spa|1\n|-boost|p2a: Sinistcha|spd|1\n|move|p1a: Toxapex|Recover|p1a: Toxapex\n|-heal|p1a: Toxapex|216/216\n|\n|upkeep\n|turn|28\n|inactive|Time left: 300 sec this turn | 300 sec total\n|\n|t:|1783565219\n|move|p2a: Sinistcha|Matcha Gotcha|p1a: Toxapex\n|-damage|p1a: Toxapex|102/216\n|move|p1a: Toxapex|Haze|p1a: Toxapex\n|-clearallboost\n|\n|upkeep\n|turn|29\n|inactive|Time left: 300 sec this turn | 300 sec total\n|\n|t:|1783565220\n|move|p2a: Sinistcha|Shadow Ball|p1a: Toxapex\n|-damage|p1a: Toxapex|33/216\n|move|p1a: Toxapex|Recover|p1a: Toxapex\n|-heal|p1a: Toxapex|141/216\n|\n|upkeep\n|turn|30\n|inactive|Time left: 300 sec this turn | 300 sec total\n|\n|t:|1783565221\n|move|p2a: Sinistcha|Calm Mind|p2a: Sinistcha\n|-boost|p2a: Sinistcha|spa|1\n|-boost|p2a: Sinistcha|spd|1\n|move|p1a: Toxapex|Recover|p1a: Toxapex\n|-heal|p1a: Toxapex|216/216\n|\n|upkeep\n|turn|31\n|inactive|Time left: 300 sec this turn | 300 sec total\n|\n|t:|1783565222\n|move|p2a: Sinistcha|Shadow Ball|p1a: Toxapex\n|-damage|p1a: Toxapex|117/216\n|move|p1a: Toxapex|Haze|p1a: Toxapex\n|-clearallboost\n|\n|upkeep\n|turn|32\n|inactive|Time left: 300 sec this turn | 300 sec total\n|\n|t:|1783565223\n|move|p2a: Sinistcha|Shadow Ball|p1a: Toxapex\n|-damage|p1a: Toxapex|47/216\n|move|p1a: Toxapex|Recover|p1a: Toxapex\n|-heal|p1a: Toxapex|155/216\n|\n|upkeep\n|turn|33\n|inactive|Time left: 300 sec this turn | 300 sec total\n|\n|t:|1783565224\n|move|p2a: Sinistcha|Shadow Ball|p1a: Toxapex\n|-crit|p1a: Toxapex\n|-damage|p1a: Toxapex|41/216\n|move|p1a: Toxapex|Recover|p1a: Toxapex\n|-heal|p1a: Toxapex|149/216\n|\n|upkeep\n|turn|34\n|inactive|Time left: 300 sec this turn | 300 sec total\n|\n|t:|1783565225\n|move|p2a: Sinistcha|Shadow Ball|p1a: Toxapex\n|-damage|p1a: Toxapex|77/216\n|move|p1a: Toxapex|Haze|p1a: Toxapex\n|-clearallboost\n|\n|upkeep\n|turn|35\n|inactive|Time left: 300 sec this turn | 300 sec total\n|\n|t:|1783565226\n|move|p2a: Sinistcha|Shadow Ball|p1a: Toxapex\n|-damage|p1a: Toxapex|10/216\n|-unboost|p1a: Toxapex|spd|1\n|move|p1a: Toxapex|Liquidation|p2a: Sinistcha\n|-resisted|p2a: Sinistcha\n|-damage|p2a: Sinistcha|91/100\n|-unboost|p2a: Sinistcha|def|1\n|\n|upkeep\n|turn|36\n|inactive|Time left: 300 sec this turn | 300 sec total\n|\n|t:|1783565227\n|move|p2a: Sinistcha|Shadow Ball|p1a: Toxapex\n|-damage|p1a: Toxapex|0 fnt\n|faint|p1a: Toxapex\n|\n|win|p0y22538fc8", "uploadtime": 1783565227, "views": 0, "rating": 0, "private": 0, "password": null, "_winner": "p0y22538fc8", "_our_name": "p0x22530ecb"}