{"id": "battle-gen9randombattle-619", "formatid": "gen9randombattle", "format": "[Gen 9] Random Battle", "players": ["p0x619a68f", "p0y6195883"], "log": "|init|battle\n|title|p0x619a68f vs. p0y6195883\n|j|\u2606p0x619a68f\n|j|\u2606p0y6195883\n|t:|1783546993\n|gametype|singles\n|player|p1|p0x619a68f|102|\n|player|p2|p0y6195883|169|\n|gen|9\n|tier|[Gen 9] Random Battle\n|rule|Species Clause: Limit one of each Pok\u00e9mon\n|rule|HP Percentage Mod: HP is shown in percentages\n|rule|Sleep Clause Mod: Limit one foe put to sleep\n|rule|Illusion Level Mod: Illusion disguises the Pok\u00e9mon's true level\n|\n|t:|1783546993\n|teamsize|p1|6\n|teamsize|p2|6\n|start\n|switch|p1a: Ting-Lu|Ting-Lu, L78|100/100\n|switch|p2a: Iron Hands|Iron Hands, L79|373/373\n|-ability|p1a: Ting-Lu|Vessel of Ruin\n|turn|1\n|inactive|Battle timer is ON: inactive players will automatically lose when time's up. (requested by p0y6195883)\n|inactive|p0x619a68f also wants the timer to be on.\n|\n|t:|1783546995\n|move|p2a: Iron Hands|Close Combat|p1a: Ting-Lu\n|-supereffective|p1a: Ting-Lu\n|-damage|p1a: Ting-Lu|35/100\n|-unboost|p2a: Iron Hands|def|1\n|-unboost|p2a: Iron Hands|spd|1\n|move|p1a: Ting-Lu|Earthquake|p2a: Iron Hands\n|-supereffective|p2a: Iron Hands\n|-damage|p2a: Iron Hands|115/373\n|\n|-heal|p1a: Ting-Lu|41/100|[from] item: Leftovers\n|upkeep\n|turn|2\n|inactive|Time left: 300 sec this turn | 300 sec total\n|\n|t:|1783546996\n|move|p2a: Iron Hands|Close Combat|p1a: Ting-Lu\n|-supereffective|p1a: Ting-Lu\n|-damage|p1a: Ting-Lu|0 fnt\n|-unboost|p2a: Iron Hands|def|1\n|-unboost|p2a: Iron Hands|spd|1\n|faint|p1a: Ting-Lu\n|\n|upkeep\n|\n|t:|1783546997\n|switch|p1a: Magcargo|Magcargo, L95, M|100/100\n|turn|3\n|inactive|Time left: 300 sec this turn | 300 sec total\n|\n|t:|1783546999\n|-end|p2a: Iron Hands|Quark Drive|[silent]\n|switch|p2a: Kommo-o|Kommo-o, L77, F|242/242\n|move|p1a: Magcargo|Shell Smash|p1a: Magcargo\n|-unboost|p1a: Magcargo|def|1\n|-unboost|p1a: Magcargo|spd|1\n|-boost|p1a: Magcargo|atk|2\n|-boost|p1a: Magcargo|spa|2\n|-boost|p1a: Magcargo|spe|2\n|\n|upkeep\n|turn|4\n|inactive|Time left: 300 sec this turn | 300 sec total\n|\n|t:|1783547000\n|move|p1a: Magcargo|Earth Power|p2a: Kommo-o\n|-damage|p2a: Kommo-o|91/242\n|move|p2a: Kommo-o|Drain Punch|p1a: Magcargo\n|-supereffective|p1a: Magcargo\n|-damage|p1a: Magcargo|42/100\n|-heal|p2a: Kommo-o|169/242|[from] drain|[of] p1a: Magcargo\n|-ability|p1a: Magcargo|Weak Armor|boost\n|-unboost|p1a: Magcargo|def|1\n|-boost|p1a: Magcargo|spe|2\n|\n|upkeep\n|turn|5\n|inactive|Time left: 300 sec this turn | 300 sec total\n|\n|t:|1783547001\n|move|p1a: Magcargo|Earth Power|p2a: Kommo-o\n|-damage|p2a: Kommo-o|12/242\n|move|p2a: Kommo-o|Clanging Scales|p1a: Magcargo\n|-damage|p1a: Magcargo|0 fnt\n|faint|p1a: Magcargo\n|-unboost|p2a: Kommo-o|def|1\n|-enditem|p2a: Kommo-o|Throat Spray\n|-boost|p2a: Kommo-o|spa|1|[from] item: Throat Spray\n|\n|upkeep\n|\n|t:|1783547002\n|switch|p1a: Garchomp|Garchomp, L74, F|100/100\n|turn|6\n|inactive|Time left: 300 sec this turn | 300 sec total\n|\n|t:|1783547003\n|move|p1a: Garchomp|Earthquake|p2a: Kommo-o\n|-damage|p2a: Kommo-o|0 fnt\n|faint|p2a: Kommo-o\n|\n|upkeep\n|inactive|Time left: 300 sec this turn | 300 sec total | 5 sec grace\n|\n|t:|1783547005\n|switch|p2a: Iron Bundle|Iron Bundle, L78|215/215\n|turn|7\n|inactive|Time left: 300 sec this turn | 300 sec total\n|\n|t:|1783547006\n|switch|p1a: Granbull|Granbull, L88, F|100/100\n|-ability|p1a: Granbull|Intimidate|boost\n|-unboost|p2a: Iron Bundle|atk|1\n|move|p2a: Iron Bundle|Freeze-Dry|p1a: Granbull\n|-damage|p1a: Granbull|68/100\n|\n|-heal|p1a: Granbull|74/100|[from] item: Leftovers\n|upkeep\n|turn|8\n|inactive|Time left: 300 sec this turn | 300 sec total\n|\n|t:|1783547007\n|move|p2a: Iron Bundle|Hydro Pump|p1a: Granbull\n|-crit|p1a: Granbull\n|-damage|p1a: Granbull|0 fnt\n|faint|p1a: Granbull\n|\n|upkeep\n|\n|t:|1783547008\n|switch|p1a: Ambipom|Ambipom, L84, F|100/100\n|turn|9\n|inactive|Time left: 300 sec this turn | 300 sec total\n|\n|t:|1783547008\n|move|p1a: Ambipom|Fake Out|p2a: Iron Bundle\n|-damage|p2a: Iron Bundle|140/215\n|cant|p2a: Iron Bundle|flinch\n|\n|upkeep\n|turn|10\n|inactive|Time left: 300 sec this turn | 300 sec total\n|\n|t:|1783547009\n|move|p2a: Iron Bundle|Hydro Pump|p1a: Ambipom\n|-damage|p1a: Ambipom|37/100\n|move|p1a: Ambipom|Double-Edge|p2a: Iron Bundle\n|-damage|p2a: Iron Bundle|11/215\n|-damage|p1a: Ambipom|21/100|[from] Recoil\n|\n|upkeep\n|turn|11\n|inactive|Time left: 300 sec this turn | 300 sec total\n|\n|t:|1783547010\n|move|p2a: Iron Bundle|Freeze-Dry|p1a: Ambipom\n|-damage|p1a: Ambipom|0 fnt\n|faint|p1a: Ambipom\n|\n|upkeep\n|\n|t:|1783547011\n|switch|p1a: Luvdisc|Luvdisc, F|100/100\n|turn|12\n|inactive|Time left: 300 sec this turn | 300 sec total\n|\n|t:|1783547012\n|move|p2a: Iron Bundle|Freeze-Dry|p1a: Luvdisc\n|-supereffective|p1a: Luvdisc\n|-damage|p1a: Luvdisc|37/100\n|move|p1a: Luvdisc|Flip Turn|p2a: Iron Bundle\n|-resisted|p2a: Iron Bundle\n|-damage|p2a: Iron Bundle|0 fnt\n|faint|p2a: Iron Bundle\n|-end|p2a: Iron Bundle|Quark Drive|[silent]\n|\n|t:|1783547012\n|switch|p1a: Garchomp|Garchomp, L74, F|100/100|[from] Flip Turn\n|\n|upkeep\n|inactive|Time left: 300 sec this turn | 300 sec total | 10 sec grace\n|\n|t:|1783547013\n|switch|p2a: Vileplume|Vileplume, L85, M|266/266\n|turn|13\n|inactive|Time left: 300 sec this turn | 300 sec total\n|\n|t:|1783547014\n|move|p1a: Garchomp|Swords Dance|p1a: Garchomp\n|-boost|p1a: Garchomp|atk|2\n|move|p2a: Vileplume|Strength Sap|p1a: Garchomp\n|-unboost|p1a: Garchomp|atk|1\n|\n|upkeep\n|turn|14\n|inactive|Time left: 300 sec this turn | 300 sec total\n|\n|t:|1783547015\n|move|p1a: Garchomp|Swords Dance|p1a: Garchomp\n|-boost|p1a: Garchomp|atk|2\n|move|p2a: Vileplume|Sleep Powder|p1a: Garchomp\n|-status|p1a: Garchomp|slp|[from] move: Sleep Powder\n|\n|upkeep\n|turn|15\n|inactive|Time left: 300 sec this turn | 300 sec total\n|\n|t:|1783547015\n|cant|p1a: Garchomp|slp\n|move|p2a: Vileplume|Giga Drain|p1a: Garchomp\n|-damage|p1a: Garchomp|65/100 slp\n|\n|upkeep\n|turn|16\n|inactive|Time left: 300 sec this turn | 300 sec total\n|\n|t:|1783547016\n|-curestatus|p1a: Garchomp|slp|[msg]\n|move|p1a: Garchomp|Earthquake|p2a: Vileplume\n|-damage|p2a: Vileplume|0 fnt\n|faint|p2a: Vileplume\n|\n|upkeep\n|inactive|Time left: 300 sec this turn | 300 sec total | 5 sec grace\n|\n|t:|1783547017\n|switch|p2a: Dondozo|Dondozo, L78, M|362/362\n|turn|17\n|inactive|Time left: 300 sec this turn | 300 sec total\n|\n|t:|1783547018\n|move|p1a: Garchomp|Scale Shot|p2a: Dondozo\n|-damage|p2a: Dondozo|337/362\n|-damage|p2a: Dondozo|312/362\n|-damage|p2a: Dondozo|287/362\n|-damage|p2a: Dondozo|263/362\n|-hitcount|p2a: Dondozo|4\n|-unboost|p1a: Garchomp|def|1\n|-boost|p1a: Garchomp|spe|1\n|move|p2a: Dondozo|Wave Crash|p1a: Garchomp\n|-damage|p1a: Garchomp|26/100\n|-damage|p2a: Dondozo|218/362|[from] ability: Rough Skin|[of] p1a: Garchomp\n|-damage|p2a: Dondozo|181/362|[from] Recoil\n|\n|-heal|p2a: Dondozo|203/362|[from] item: Leftovers\n|upkeep\n|turn|18\n|inactive|Time left: 300 sec this turn | 300 sec total\n|\n|t:|1783547019\n|move|p1a: Garchomp|Scale Shot|p2a: Dondozo\n|-damage|p2a: Dondozo|179/362\n|-damage|p2a: Dondozo|155/362\n|-damage|p2a: Dondozo|130/362\n|-damage|p2a: Dondozo|106/362\n|-damage|p2a: Dondozo|84/362\n|-hitcount|p2a: Dondozo|5\n|-unboost|p1a: Garchomp|def|1\n|-boost|p1a: Garchomp|spe|1\n|move|p2a: Dondozo|Wave Crash|p1a: Garchomp\n|-damage|p1a: Garchomp|0 fnt\n|-damage|p2a: Dondozo|39/362|[from] ability: Rough Skin|[of] p1a: Garchomp\n|faint|p1a: Garchomp\n|-damage|p2a: Dondozo|16/362|[from] Recoil\n|\n|-heal|p2a: Dondozo|38/362|[from] item: Leftovers\n|upkeep\n|\n|t:|1783547020\n|switch|p1a: Luvdisc|Luvdisc, F|37/100\n|turn|19\n|inactive|Time left: 300 sec this turn | 300 sec total\n|\n|t:|1783547021\n|switch|p2a: Dragapult|Dragapult, L77, M|262/262\n|move|p1a: Luvdisc|Endeavor|p2a: Dragapult\n|-immune|p2a: Dragapult\n|\n|upkeep\n|turn|20\n|inactive|Time left: 300 sec this turn | 300 sec total\n|\n|t:|1783547022\n|-terastallize|p2a: Dragapult|Fairy\n|move|p2a: Dragapult|Dragon Darts|p1a: Luvdisc\n|-damage|p1a: Luvdisc|11/100\n|-anim|p2a: Dragapult|Dragon Darts|p1a: Luvdisc\n|-damage|p1a: Luvdisc|0 fnt\n|faint|p1a: Luvdisc\n|\n|win|p0y6195883", "uploadtime": 1783547022, "views": 0, "rating": 0, "private": 0, "password": null, "_winner": "p0y6195883", "_our_name": "p0y6195883"}