{"id": "battle-gen9randombattle-1547", "formatid": "gen9randombattle", "format": "[Gen 9] Random Battle", "players": ["p0x1547677d", "p0y15475d64"], "log": "|init|battle\n|title|p0x1547677d vs. p0y15475d64\n|j|\u2606p0x1547677d\n|j|\u2606p0y15475d64\n|t:|1783557970\n|gametype|singles\n|player|p1|p0x1547677d|2|\n|player|p2|p0y15475d64|266|\n|gen|9\n|tier|[Gen 9] Random Battle\n|rule|Species Clause: Limit one of each Pok\u00e9mon\n|rule|HP Percentage Mod: HP is shown in percentages\n|rule|Sleep Clause Mod: Limit one foe put to sleep\n|rule|Illusion Level Mod: Illusion disguises the Pok\u00e9mon's true level\n|\n|t:|1783557970\n|teamsize|p1|6\n|teamsize|p2|6\n|start\n|switch|p1a: Spidops|Spidops, L96, F|100/100\n|switch|p2a: Crawdaunt|Crawdaunt, L84, F|243/243\n|turn|1\n|inactive|Battle timer is ON: inactive players will automatically lose when time's up. (requested by p0y15475d64)\n|inactive|p0x1547677d also wants the timer to be on.\n|\n|t:|1783557971\n|move|p2a: Crawdaunt|Knock Off|p1a: Spidops\n|-damage|p1a: Spidops|29/100\n|-enditem|p1a: Spidops|Heavy-Duty Boots|[from] move: Knock Off|[of] p2a: Crawdaunt\n|-damage|p2a: Crawdaunt|219/243|[from] item: Life Orb\n|move|p1a: Spidops|Sticky Web|p2a: Crawdaunt\n|-sidestart|p2: p0y15475d64|move: Sticky Web\n|\n|upkeep\n|turn|2\n|inactive|Time left: 300 sec this turn | 300 sec total\n|\n|t:|1783557972\n|switch|p1a: Raging Bolt|Raging Bolt, L78|100/100\n|move|p2a: Crawdaunt|Knock Off|p1a: Raging Bolt\n|-damage|p1a: Raging Bolt|27/100\n|-enditem|p1a: Raging Bolt|Assault Vest|[from] move: Knock Off|[of] p2a: Crawdaunt\n|-damage|p2a: Crawdaunt|195/243|[from] item: Life Orb\n|\n|upkeep\n|turn|3\n|inactive|Time left: 300 sec this turn | 300 sec total\n|\n|t:|1783557974\n|switch|p2a: Glalie|Glalie, L96, F|309/309\n|move|p1a: Raging Bolt|Thunderbolt|p2a: Glalie\n|-damage|p2a: Glalie|210/309\n|\n|upkeep\n|turn|4\n|inactive|Time left: 300 sec this turn | 300 sec total\n|\n|t:|1783557975\n|move|p2a: Glalie|Freeze-Dry|p1a: Raging Bolt\n|-supereffective|p1a: Raging Bolt\n|-damage|p1a: Raging Bolt|0 fnt\n|faint|p1a: Raging Bolt\n|-end|p1a: Raging Bolt|Protosynthesis|[silent]\n|\n|upkeep\n|\n|t:|1783557976\n|switch|p1a: Bisharp|Bisharp, L79, F|100/100\n|turn|5\n|inactive|Time left: 300 sec this turn | 300 sec total\n|\n|t:|1783557977\n|switch|p2a: Blaziken|Blaziken, L76, F|247/247\n|-activate|p2a: Blaziken|move: Sticky Web\n|-unboost|p2a: Blaziken|spe|1\n|move|p1a: Bisharp|Iron Head|p2a: Blaziken\n|-resisted|p2a: Blaziken\n|-damage|p2a: Blaziken|192/247\n|\n|upkeep\n|turn|6\n|inactive|Time left: 300 sec this turn | 300 sec total\n|\n|t:|1783557978\n|switch|p1a: Haxorus|Haxorus, L77, M|100/100\n|-ability|p1a: Haxorus|Mold Breaker\n|move|p2a: Blaziken|Swords Dance|p2a: Blaziken\n|-boost|p2a: Blaziken|atk|2\n|\n|-ability|p2a: Blaziken|Speed Boost|boost\n|-boost|p2a: Blaziken|spe|1\n|upkeep\n|turn|7\n|inactive|Time left: 300 sec this turn | 300 sec total\n|\n|t:|1783557979\n|move|p1a: Haxorus|Outrage|p2a: Blaziken\n|-damage|p2a: Blaziken|0 fnt\n|faint|p2a: Blaziken\n|\n|upkeep\n|inactive|Time left: 300 sec this turn | 300 sec total | 5 sec grace\n|\n|t:|1783557980\n|switch|p2a: Lapras|Lapras, L87, F|367/367\n|-activate|p2a: Lapras|move: Sticky Web\n|-unboost|p2a: Lapras|spe|1\n|turn|8\n|inactive|Time left: 300 sec this turn | 300 sec total\n|\n|t:|1783557981\n|move|p1a: Haxorus|Outrage|p2a: Lapras|[from] lockedmove\n|-damage|p2a: Lapras|223/367\n|-start|p1a: Haxorus|confusion|[fatigue]\n|-enditem|p1a: Haxorus|Lum Berry|[eat]\n|-end|p1a: Haxorus|confusion\n|move|p2a: Lapras|Icicle Spear|p1a: Haxorus\n|-supereffective|p1a: Haxorus\n|-damage|p1a: Haxorus|78/100\n|-supereffective|p1a: Haxorus\n|-damage|p1a: Haxorus|58/100\n|-supereffective|p1a: Haxorus\n|-damage|p1a: Haxorus|32/100\n|-supereffective|p1a: Haxorus\n|-damage|p1a: Haxorus|10/100\n|-supereffective|p1a: Haxorus\n|-damage|p1a: Haxorus|0 fnt\n|faint|p1a: Haxorus\n|-hitcount|p1: Haxorus|5\n|\n|upkeep\n|\n|t:|1783557981\n|switch|p1a: Vigoroth|Vigoroth, L85, F|100/100\n|turn|9\n|inactive|Time left: 300 sec this turn | 300 sec total\n|\n|t:|1783557982\n|move|p1a: Vigoroth|Bulk Up|p1a: Vigoroth\n|-boost|p1a: Vigoroth|atk|1\n|-boost|p1a: Vigoroth|def|1\n|move|p2a: Lapras|Dragon Dance|p2a: Lapras\n|-boost|p2a: Lapras|atk|1\n|-boost|p2a: Lapras|spe|1\n|\n|upkeep\n|turn|10\n|inactive|Time left: 300 sec this turn | 300 sec total\n|\n|t:|1783557984\n|move|p1a: Vigoroth|Body Slam|p2a: Lapras\n|-damage|p2a: Lapras|87/367\n|-status|p2a: Lapras|par\n|move|p2a: Lapras|Dragon Dance|p2a: Lapras\n|-boost|p2a: Lapras|atk|1\n|-boost|p2a: Lapras|spe|1\n|\n|upkeep\n|turn|11\n|inactive|Time left: 300 sec this turn | 300 sec total\n|\n|t:|1783557984\n|move|p1a: Vigoroth|Earthquake|p2a: Lapras\n|-damage|p2a: Lapras|0 fnt\n|faint|p2a: Lapras\n|\n|upkeep\n|inactive|Time left: 300 sec this turn | 300 sec total | 5 sec grace\n|\n|t:|1783557985\n|switch|p2a: Ho-Oh|Ho-Oh, L71|268/268\n|turn|12\n|inactive|Time left: 300 sec this turn | 300 sec total\n|\n|t:|1783557986\n|move|p1a: Vigoroth|Bulk Up|p1a: Vigoroth\n|-boost|p1a: Vigoroth|atk|1\n|-boost|p1a: Vigoroth|def|1\n|move|p2a: Ho-Oh|Sacred Fire|p1a: Vigoroth\n|-damage|p1a: Vigoroth|88/100\n|-status|p1a: Vigoroth|brn\n|\n|-damage|p1a: Vigoroth|82/100 brn|[from] brn\n|upkeep\n|turn|13\n|inactive|Time left: 300 sec this turn | 300 sec total\n|\n|t:|1783557987\n|move|p1a: Vigoroth|Body Slam|p2a: Ho-Oh\n|-damage|p2a: Ho-Oh|167/268\n|-status|p2a: Ho-Oh|par\n|move|p2a: Ho-Oh|Brave Bird|p1a: Vigoroth\n|-damage|p1a: Vigoroth|68/100 brn\n|-damage|p2a: Ho-Oh|154/268 par|[from] Recoil\n|\n|-damage|p1a: Vigoroth|62/100 brn|[from] brn\n|upkeep\n|turn|14\n|inactive|Time left: 300 sec this turn | 300 sec total\n|\n|t:|1783557988\n|switch|p2a: Glalie|Glalie, L96, F|210/309\n|move|p1a: Vigoroth|Body Slam|p2a: Glalie\n|-damage|p2a: Glalie|131/309\n|\n|-damage|p1a: Vigoroth|55/100 brn|[from] brn\n|upkeep\n|turn|15\n|inactive|Time left: 300 sec this turn | 300 sec total\n|\n|t:|1783557989\n|move|p2a: Glalie|Freeze-Dry|p1a: Vigoroth\n|-damage|p1a: Vigoroth|26/100 brn\n|move|p1a: Vigoroth|Slack Off|p1a: Vigoroth\n|-heal|p1a: Vigoroth|76/100 brn\n|\n|-damage|p1a: Vigoroth|70/100 brn|[from] brn\n|upkeep\n|turn|16\n|inactive|Time left: 300 sec this turn | 300 sec total\n|\n|t:|1783557990\n|move|p2a: Glalie|Spikes|p1a: Vigoroth\n|-sidestart|p1: p0x1547677d|Spikes\n|move|p1a: Vigoroth|Body Slam|p2a: Glalie\n|-damage|p2a: Glalie|49/309\n|-status|p2a: Glalie|par\n|\n|-damage|p1a: Vigoroth|64/100 brn|[from] brn\n|upkeep\n|turn|17\n|inactive|Time left: 300 sec this turn | 300 sec total\n|\n|t:|1783557991\n|move|p1a: Vigoroth|Body Slam|p2a: Glalie\n|-damage|p2a: Glalie|0 fnt\n|faint|p2a: Glalie\n|\n|-damage|p1a: Vigoroth|58/100 brn|[from] brn\n|upkeep\n|inactive|Time left: 300 sec this turn | 300 sec total | 5 sec grace\n|\n|t:|1783557992\n|switch|p2a: Crawdaunt|Crawdaunt, L84, F|195/243\n|-activate|p2a: Crawdaunt|move: Sticky Web\n|-unboost|p2a: Crawdaunt|spe|1\n|turn|18\n|inactive|Time left: 300 sec this turn | 300 sec total\n|\n|t:|1783557992\n|move|p1a: Vigoroth|Body Slam|p2a: Crawdaunt\n|-damage|p2a: Crawdaunt|114/243\n|move|p2a: Crawdaunt|Dragon Dance|p2a: Crawdaunt\n|-boost|p2a: Crawdaunt|atk|1\n|-boost|p2a: Crawdaunt|spe|1\n|\n|-damage|p1a: Vigoroth|51/100 brn|[from] brn\n|upkeep\n|turn|19\n|inactive|Time left: 300 sec this turn | 300 sec total\n|\n|t:|1783557993\n|move|p1a: Vigoroth|Slack Off|p1a: Vigoroth\n|-heal|p1a: Vigoroth|100/100 brn\n|move|p2a: Crawdaunt|Dragon Dance|p2a: Crawdaunt\n|-boost|p2a: Crawdaunt|atk|1\n|-boost|p2a: Crawdaunt|spe|1\n|\n|-damage|p1a: Vigoroth|94/100 brn|[from] brn\n|upkeep\n|turn|20\n|inactive|Time left: 300 sec this turn | 300 sec total\n|\n|t:|1783557994\n|move|p2a: Crawdaunt|Crabhammer|p1a: Vigoroth\n|-damage|p1a: Vigoroth|39/100 brn\n|-damage|p2a: Crawdaunt|90/243|[from] item: Life Orb\n|move|p1a: Vigoroth|Body Slam|p2a: Crawdaunt\n|-damage|p2a: Crawdaunt|13/243\n|\n|-damage|p1a: Vigoroth|32/100 brn|[from] brn\n|upkeep\n|turn|21\n|inactive|Time left: 300 sec this turn | 300 sec total\n|\n|t:|1783557994\n|move|p2a: Crawdaunt|Knock Off|p1a: Vigoroth\n|-damage|p1a: Vigoroth|0 fnt\n|-enditem|p1a: Vigoroth|Eviolite|[from] move: Knock Off|[of] p2a: Crawdaunt\n|faint|p1a: Vigoroth\n|-damage|p2a: Crawdaunt|0 fnt|[from] item: Life Orb\n|faint|p2a: Crawdaunt\n|\n|upkeep\n|inactive|Time left: 300 sec this turn | 300 sec total | 5 sec grace\n|\n|t:|1783557995\n|switch|p1a: Cetitan|Cetitan, L82, M|100/100\n|switch|p2a: Ho-Oh|Ho-Oh, L71|243/268 par\n|-damage|p1a: Cetitan|88/100|[from] Spikes\n|turn|22\n|inactive|Time left: 300 sec this turn | 300 sec total\n|\n|t:|1783557996\n|-terastallize|p1a: Cetitan|Water\n|-terastallize|p2a: Ho-Oh|Steel\n|move|p1a: Cetitan|Liquidation|p2a: Ho-Oh\n|-damage|p2a: Ho-Oh|52/268 par\n|cant|p2a: Ho-Oh|par\n|\n|upkeep\n|turn|23\n|inactive|Time left: 300 sec this turn | 300 sec total\n|\n|t:|1783557996\n|move|p1a: Cetitan|Liquidation|p2a: Ho-Oh\n|-damage|p2a: Ho-Oh|0 fnt\n|faint|p2a: Ho-Oh\n|\n|upkeep\n|inactive|Time left: 300 sec this turn | 300 sec total | 5 sec grace\n|\n|t:|1783557997\n|switch|p2a: Iron Boulder|Iron Boulder, L77|265/265\n|-activate|p2a: Iron Boulder|move: Sticky Web\n|-unboost|p2a: Iron Boulder|spe|1\n|turn|24\n|inactive|Time left: 300 sec this turn | 300 sec total\n|\n|t:|1783557998\n|move|p1a: Cetitan|Liquidation|p2a: Iron Boulder\n|-supereffective|p2a: Iron Boulder\n|-damage|p2a: Iron Boulder|0 fnt\n|faint|p2a: Iron Boulder\n|-end|p2a: Iron Boulder|Quark Drive|[silent]\n|\n|win|p0x1547677d", "uploadtime": 1783557998, "views": 0, "rating": 0, "private": 0, "password": null, "_winner": "p0x1547677d", "_our_name": "p0y15475d64"}