{"id": "battle-gen9randombattle-1823", "formatid": "gen9randombattle", "format": "[Gen 9] Random Battle", "players": ["p0x18233d4d", "p0y1823dddc"], "log": "|init|battle\n|title|p0x18233d4d vs. p0y1823dddc\n|j|\u2606p0x18233d4d\n|j|\u2606p0y1823dddc\n|t:|1783561107\n|gametype|singles\n|player|p1|p0x18233d4d|266|\n|player|p2|p0y1823dddc|266|\n|gen|9\n|tier|[Gen 9] Random Battle\n|rule|Species Clause: Limit one of each Pok\u00e9mon\n|rule|HP Percentage Mod: HP is shown in percentages\n|rule|Sleep Clause Mod: Limit one foe put to sleep\n|rule|Illusion Level Mod: Illusion disguises the Pok\u00e9mon's true level\n|\n|t:|1783561107\n|teamsize|p1|6\n|teamsize|p2|6\n|start\n|switch|p1a: Sandslash|Sandslash-Alola, L88, M|275/275\n|switch|p2a: Florges|Florges-White, L85, F|100/100\n|turn|1\n|inactive|Battle timer is ON: inactive players will automatically lose when time's up. (requested by p0x18233d4d)\n|\n|t:|1783561108\n|switch|p2a: Crabominable|Crabominable, L90, F|100/100\n|move|p1a: Sandslash|Triple Axel|p2a: Crabominable|[miss]\n|-miss|p1a: Sandslash|p2a: Crabominable\n|\n|upkeep\n|turn|2\n|inactive|Time left: 300 sec this turn | 300 sec total\n|inactive|p0y1823dddc also wants the timer to be on.\n|\n|t:|1783561109\n|switch|p1a: Golurk|Golurk, L87|297/297\n|move|p2a: Crabominable|Close Combat|p1a: Golurk\n|-immune|p1a: Golurk\n|\n|upkeep\n|turn|3\n|inactive|Time left: 300 sec this turn | 300 sec total\n|\n|t:|1783561110\n|switch|p2a: Altaria|Altaria, L89, F|100/100\n|move|p1a: Golurk|Poltergeist|p2a: Altaria\n|-activate|p2a: Altaria|move: Poltergeist|Heavy-Duty Boots\n|-crit|p2a: Altaria\n|-damage|p2a: Altaria|0 fnt\n|faint|p2a: Altaria\n|\n|upkeep\n|\n|t:|1783561111\n|switch|p2a: Bruxish|Bruxish, L85, M|100/100\n|turn|4\n|inactive|Time left: 300 sec this turn | 300 sec total\n|\n|t:|1783561112\n|move|p2a: Bruxish|Wave Crash|p1a: Golurk\n|-supereffective|p1a: Golurk\n|-damage|p1a: Golurk|0 fnt\n|faint|p1a: Golurk\n|-damage|p2a: Bruxish|62/100|[from] Recoil\n|\n|upkeep\n|inactive|Time left: 300 sec this turn | 300 sec total | 5 sec grace\n|\n|t:|1783561113\n|switch|p1a: Poliwrath|Poliwrath, L88, F|302/302\n|turn|5\n|inactive|Time left: 300 sec this turn | 300 sec total\n|\n|t:|1783561114\n|move|p2a: Bruxish|Wave Crash|p1a: Poliwrath\n|-immune|p1a: Poliwrath|[from] ability: Water Absorb\n|move|p1a: Poliwrath|Bulk Up|p1a: Poliwrath\n|-boost|p1a: Poliwrath|atk|1\n|-boost|p1a: Poliwrath|def|1\n|\n|upkeep\n|turn|6\n|inactive|Time left: 300 sec this turn | 300 sec total\n|\n|t:|1783561115\n|switch|p2a: Florges|Florges-White, L85, F|100/100\n|move|p1a: Poliwrath|Knock Off|p2a: Florges\n|-resisted|p2a: Florges\n|-damage|p2a: Florges|75/100\n|-enditem|p2a: Florges|Leftovers|[from] move: Knock Off|[of] p1a: Poliwrath\n|\n|upkeep\n|turn|7\n|inactive|Time left: 300 sec this turn | 300 sec total\n|\n|t:|1783561116\n|move|p2a: Florges|Moonblast|p1a: Poliwrath\n|-supereffective|p1a: Poliwrath\n|-damage|p1a: Poliwrath|98/302\n|move|p1a: Poliwrath|Liquidation|p2a: Florges\n|-damage|p2a: Florges|12/100\n|\n|-heal|p1a: Poliwrath|116/302|[from] item: Leftovers\n|upkeep\n|turn|8\n|inactive|Time left: 300 sec this turn | 300 sec total\n|\n|t:|1783561116\n|-terastallize|p1a: Poliwrath|Steel\n|move|p2a: Florges|Moonblast|p1a: Poliwrath\n|-resisted|p1a: Poliwrath\n|-damage|p1a: Poliwrath|60/302\n|move|p1a: Poliwrath|Drain Punch|p2a: Florges\n|-resisted|p2a: Florges\n|-damage|p2a: Florges|0 fnt\n|-heal|p1a: Poliwrath|76/302|[from] drain|[of] p2a: Florges\n|faint|p2a: Florges\n|\n|-heal|p1a: Poliwrath|94/302|[from] item: Leftovers\n|upkeep\n|\n|t:|1783561117\n|switch|p2a: Hoopa|Hoopa-Unbound, L80|100/100\n|turn|9\n|inactive|Time left: 300 sec this turn | 300 sec total\n|\n|t:|1783561118\n|move|p2a: Hoopa|Hyperspace Fury|p1a: Poliwrath\n|-damage|p1a: Poliwrath|0 fnt\n|-unboost|p2a: Hoopa|def|1\n|faint|p1a: Poliwrath\n|\n|upkeep\n|inactive|Time left: 300 sec this turn | 300 sec total | 5 sec grace\n|\n|t:|1783561119\n|switch|p1a: Crabominable|Crabominable, L90, F|321/321\n|turn|10\n|inactive|Time left: 300 sec this turn | 300 sec total\n|\n|t:|1783561120\n|switch|p2a: Bruxish|Bruxish, L85, M|62/100\n|move|p1a: Crabominable|Drain Punch|p2a: Bruxish\n|-resisted|p2a: Bruxish\n|-damage|p2a: Bruxish|32/100\n|\n|upkeep\n|turn|11\n|inactive|Time left: 300 sec this turn | 300 sec total\n|\n|t:|1783561121\n|switch|p1a: Alomomola|Alomomola, L87, F|429/429\n|move|p2a: Bruxish|Psychic Fangs|p1a: Alomomola\n|-damage|p1a: Alomomola|218/429\n|-damage|p2a: Bruxish|15/100|[from] item: Rocky Helmet|[of] p1a: Alomomola\n|\n|upkeep\n|turn|12\n|inactive|Time left: 300 sec this turn | 300 sec total\n|\n|t:|1783561122\n|switch|p1a: Sandslash|Sandslash-Alola, L88, M|275/275\n|move|p2a: Bruxish|Psychic Fangs|p1a: Sandslash\n|-resisted|p1a: Sandslash\n|-damage|p1a: Sandslash|196/275\n|\n|upkeep\n|turn|13\n|inactive|Time left: 300 sec this turn | 300 sec total\n|\n|t:|1783561123\n|move|p2a: Bruxish|Psychic Fangs|p1a: Sandslash\n|-resisted|p1a: Sandslash\n|-damage|p1a: Sandslash|107/275\n|move|p1a: Sandslash|Earthquake|p2a: Bruxish\n|-damage|p2a: Bruxish|0 fnt\n|faint|p2a: Bruxish\n|-damage|p1a: Sandslash|80/275|[from] item: Life Orb\n|\n|upkeep\n|\n|t:|1783561124\n|switch|p2a: Magnezone|Magnezone, L85|100/100\n|turn|14\n|inactive|Time left: 300 sec this turn | 300 sec total\n|\n|t:|1783561125\n|move|p2a: Magnezone|Volt Switch|p1a: Sandslash\n|-damage|p1a: Sandslash|0 fnt\n|faint|p1a: Sandslash\n|\n|t:|1783561126\n|switch|p2a: Crabominable|Crabominable, L90, F|100/100|[from] Volt Switch\n|\n|upkeep\n|inactive|Time left: 300 sec this turn | 300 sec total | 10 sec grace\n|\n|t:|1783561127\n|switch|p1a: Alomomola|Alomomola, L87, F|361/429\n|turn|15\n|inactive|Time left: 300 sec this turn | 300 sec total\n|\n|t:|1783561128\n|move|p1a: Alomomola|Scald|p2a: Crabominable\n|-damage|p2a: Crabominable|84/100\n|move|p2a: Crabominable|Close Combat|p1a: Alomomola\n|-damage|p1a: Alomomola|57/429\n|-unboost|p2a: Crabominable|def|1\n|-unboost|p2a: Crabominable|spd|1\n|-damage|p2a: Crabominable|68/100|[from] item: Rocky Helmet|[of] p1a: Alomomola\n|\n|upkeep\n|turn|16\n|inactive|Time left: 300 sec this turn | 300 sec total\n|\n|t:|1783561129\n|move|p1a: Alomomola|Scald|p2a: Crabominable\n|-damage|p2a: Crabominable|41/100\n|-status|p2a: Crabominable|brn\n|move|p2a: Crabominable|Close Combat|p1a: Alomomola\n|-damage|p1a: Alomomola|0 fnt\n|-unboost|p2a: Crabominable|def|1\n|-unboost|p2a: Crabominable|spd|1\n|-damage|p2a: Crabominable|25/100 brn|[from] item: Rocky Helmet|[of] p1a: Alomomola\n|faint|p1a: Alomomola\n|\n|-damage|p2a: Crabominable|19/100 brn|[from] brn\n|upkeep\n|inactive|Time left: 300 sec this turn | 300 sec total | 5 sec grace\n|\n|t:|1783561129\n|switch|p1a: Miraidon|Miraidon, L65|238/238\n|-fieldstart|move: Electric Terrain|[from] ability: Hadron Engine|[of] p1a: Miraidon\n|turn|17\n|inactive|Time left: 300 sec this turn | 300 sec total\n|\n|t:|1783561130\n|move|p1a: Miraidon|Dragon Pulse|p2a: Crabominable\n|-damage|p2a: Crabominable|0 fnt\n|faint|p2a: Crabominable\n|-damage|p1a: Miraidon|215/238|[from] item: Life Orb\n|\n|upkeep\n|\n|t:|1783561131\n|switch|p2a: Hoopa|Hoopa-Unbound, L80|100/100\n|turn|18\n|inactive|Time left: 300 sec this turn | 300 sec total\n|\n|t:|1783561132\n|move|p1a: Miraidon|Electro Drift|p2a: Hoopa\n|-damage|p2a: Hoopa|39/100\n|-damage|p1a: Miraidon|192/238|[from] item: Life Orb\n|move|p2a: Hoopa|Drain Punch|p1a: Miraidon\n|-damage|p1a: Miraidon|58/238\n|-heal|p2a: Hoopa|65/100|[from] drain|[of] p1a: Miraidon\n|\n|upkeep\n|turn|19\n|inactive|Time left: 300 sec this turn | 300 sec total\n|\n|t:|1783561133\n|move|p1a: Miraidon|Draco Meteor|p2a: Hoopa\n|-damage|p2a: Hoopa|3/100\n|-unboost|p1a: Miraidon|spa|2\n|-damage|p1a: Miraidon|35/238|[from] item: Life Orb\n|move|p2a: Hoopa|Drain Punch|p1a: Miraidon\n|-damage|p1a: Miraidon|0 fnt\n|-heal|p2a: Hoopa|10/100|[from] drain|[of] p1a: Miraidon\n|faint|p1a: Miraidon\n|\n|upkeep\n|inactive|Time left: 300 sec this turn | 300 sec total | 5 sec grace\n|\n|t:|1783561133\n|switch|p1a: Crabominable|Crabominable, L90, F|321/321\n|turn|20\n|inactive|Time left: 300 sec this turn | 300 sec total\n|\n|t:|1783561134\n|move|p2a: Hoopa|Drain Punch|p1a: Crabominable\n|-supereffective|p1a: Crabominable\n|-damage|p1a: Crabominable|91/321\n|-heal|p2a: Hoopa|54/100|[from] drain|[of] p1a: Crabominable\n|move|p1a: Crabominable|Knock Off|p2a: Hoopa\n|-damage|p2a: Hoopa|2/100\n|-enditem|p2a: Hoopa|Choice Band|[from] move: Knock Off|[of] p1a: Crabominable\n|\n|upkeep\n|turn|21\n|inactive|Time left: 300 sec this turn | 300 sec total\n|\n|t:|1783561135\n|-terastallize|p2a: Hoopa|Dark\n|move|p2a: Hoopa|Trick|p1a: Crabominable\n|-activate|p2a: Hoopa|move: Trick|[of] p1a: Crabominable\n|-enditem|p1a: Crabominable|Assault Vest|[silent]|[from] move: Trick\n|-item|p2a: Hoopa|Assault Vest|[from] move: Trick\n|move|p1a: Crabominable|Earthquake|p2a: Hoopa\n|-damage|p2a: Hoopa|0 fnt\n|faint|p2a: Hoopa\n|\n|-fieldend|move: Electric Terrain\n|upkeep\n|\n|t:|1783561136\n|switch|p2a: Magnezone|Magnezone, L85|100/100\n|turn|22\n|inactive|Time left: 300 sec this turn | 300 sec total\n|\n|t:|1783561137\n|move|p2a: Magnezone|Volt Switch|p1a: Crabominable\n|-damage|p1a: Crabominable|0 fnt\n|faint|p1a: Crabominable\n|\n|win|p0y1823dddc", "uploadtime": 1783561137, "views": 0, "rating": 0, "private": 0, "password": null, "_winner": "p0y1823dddc", "_our_name": "p0x18233d4d"}