{"id": "battle-gen9randombattle-817", "formatid": "gen9randombattle", "format": "[Gen 9] Random Battle", "players": ["p0x8174179", "p0y8172bee"], "log": "|init|battle\n|title|p0x8174179 vs. p0y8172bee\n|j|\u2606p0x8174179\n|j|\u2606p0y8172bee\n|t:|1783549375\n|gametype|singles\n|player|p1|p0x8174179|266|\n|player|p2|p0y8172bee|170|\n|gen|9\n|tier|[Gen 9] Random Battle\n|rule|Species Clause: Limit one of each Pok\u00e9mon\n|rule|HP Percentage Mod: HP is shown in percentages\n|rule|Sleep Clause Mod: Limit one foe put to sleep\n|rule|Illusion Level Mod: Illusion disguises the Pok\u00e9mon's true level\n|\n|t:|1783549375\n|teamsize|p1|6\n|teamsize|p2|6\n|start\n|switch|p1a: Zebstrika|Zebstrika, L87, F|272/272\n|switch|p2a: Salamence|Salamence, L77, F|100/100\n|turn|1\n|inactive|Battle timer is ON: inactive players will automatically lose when time's up. (requested by p0x8174179)\n|\n|t:|1783549376\n|move|p1a: Zebstrika|Supercell Slam|p2a: Salamence\n|-damage|p2a: Salamence|39/100\n|-damage|p1a: Zebstrika|245/272|[from] item: Life Orb\n|move|p2a: Salamence|Outrage|p1a: Zebstrika\n|-damage|p1a: Zebstrika|64/272\n|\n|upkeep\n|turn|2\n|inactive|Time left: 300 sec this turn | 300 sec total\n|inactive|p0y8172bee also wants the timer to be on.\n|\n|t:|1783549377\n|move|p1a: Zebstrika|Supercell Slam|p2a: Salamence\n|-damage|p2a: Salamence|0 fnt\n|faint|p2a: Salamence\n|-damage|p1a: Zebstrika|37/272|[from] item: Life Orb\n|\n|upkeep\n|\n|t:|1783549378\n|switch|p2a: Golurk|Golurk, L87|100/100\n|turn|3\n|inactive|Time left: 300 sec this turn | 300 sec total\n|\n|t:|1783549379\n|move|p1a: Zebstrika|Overheat|p2a: Golurk\n|-damage|p2a: Golurk|60/100\n|-unboost|p1a: Zebstrika|spa|2\n|-damage|p1a: Zebstrika|10/272|[from] item: Life Orb\n|move|p2a: Golurk|Stealth Rock|p1a: Zebstrika\n|-sidestart|p1: p0x8174179|move: Stealth Rock\n|\n|upkeep\n|turn|4\n|inactive|Time left: 300 sec this turn | 300 sec total\n|\n|t:|1783549380\n|move|p1a: Zebstrika|High Horsepower|p2a: Golurk\n|-crit|p2a: Golurk\n|-damage|p2a: Golurk|10/100\n|-damage|p1a: Zebstrika|0 fnt|[from] item: Life Orb\n|faint|p1a: Zebstrika\n|move|p2a: Golurk|Earthquake|p1: Zebstrika|[notarget]\n|-fail|p2a: Golurk\n|\n|upkeep\n|inactive|Time left: 300 sec this turn | 300 sec total | 5 sec grace\n|\n|t:|1783549381\n|switch|p1a: Abomasnow|Abomasnow, L84, F|287/287\n|-damage|p1a: Abomasnow|216/287|[from] Stealth Rock\n|-weather|Snowscape|[from] ability: Snow Warning|[of] p1a: Abomasnow\n|turn|5\n|inactive|Time left: 300 sec this turn | 300 sec total\n|\n|t:|1783549382\n|switch|p2a: Wyrdeer|Wyrdeer, L87, M|100/100\n|-ability|p2a: Wyrdeer|Intimidate|boost\n|-unboost|p1a: Abomasnow|atk|1\n|move|p1a: Abomasnow|Aurora Veil|p1a: Abomasnow\n|-sidestart|p1: p0x8174179|move: Aurora Veil\n|\n|-weather|Snowscape|[upkeep]\n|upkeep\n|turn|6\n|inactive|Time left: 300 sec this turn | 300 sec total\n|\n|t:|1783549384\n|switch|p1a: Ceruledge|Ceruledge, L78, M|245/245\n|move|p2a: Wyrdeer|Psychic Noise|p1a: Ceruledge\n|-damage|p1a: Ceruledge|205/245\n|-start|p1a: Ceruledge|move: Heal Block\n|\n|-weather|Snowscape|[upkeep]\n|upkeep\n|turn|7\n|inactive|Time left: 300 sec this turn | 300 sec total\n|\n|t:|1783549385\n|move|p1a: Ceruledge|Swords Dance|p1a: Ceruledge\n|-boost|p1a: Ceruledge|atk|2\n|move|p2a: Wyrdeer|Psychic Noise|p1a: Ceruledge\n|-damage|p1a: Ceruledge|158/245\n|\n|-weather|Snowscape|[upkeep]\n|-end|p1a: Ceruledge|move: Heal Block\n|upkeep\n|turn|8\n|inactive|Time left: 300 sec this turn | 300 sec total\n|\n|t:|1783549386\n|move|p1a: Ceruledge|Bitter Blade|p2a: Wyrdeer\n|-damage|p2a: Wyrdeer|32/100\n|-heal|p1a: Ceruledge|245/245|[from] drain|[of] p2a: Wyrdeer\n|move|p2a: Wyrdeer|Psychic Noise|p1a: Ceruledge\n|-damage|p1a: Ceruledge|199/245\n|-start|p1a: Ceruledge|move: Heal Block\n|\n|-weather|Snowscape|[upkeep]\n|-heal|p2a: Wyrdeer|38/100|[from] item: Leftovers\n|upkeep\n|turn|9\n|inactive|Time left: 300 sec this turn | 300 sec total\n|\n|t:|1783549387\n|move|p1a: Ceruledge|Close Combat|p2a: Wyrdeer\n|-damage|p2a: Wyrdeer|0 fnt\n|-unboost|p1a: Ceruledge|def|1\n|-unboost|p1a: Ceruledge|spd|1\n|faint|p2a: Wyrdeer\n|\n|-weather|none\n|-end|p1a: Ceruledge|move: Heal Block\n|upkeep\n|\n|t:|1783549388\n|switch|p2a: Golurk|Golurk, L87|10/100\n|turn|10\n|inactive|Time left: 300 sec this turn | 300 sec total\n|\n|t:|1783549389\n|move|p1a: Ceruledge|Bitter Blade|p2a: Golurk\n|-damage|p2a: Golurk|0 fnt\n|-heal|p1a: Ceruledge|213/245|[from] drain|[of] p2a: Golurk\n|faint|p2a: Golurk\n|\n|upkeep\n|\n|t:|1783549390\n|switch|p2a: Magnezone|Magnezone, L85|100/100\n|turn|11\n|inactive|Time left: 300 sec this turn | 300 sec total\n|\n|t:|1783549391\n|-terastallize|p2a: Magnezone|Electric\n|move|p2a: Magnezone|Thunderbolt|p1a: Ceruledge\n|-damage|p1a: Ceruledge|92/245\n|move|p1a: Ceruledge|Bitter Blade|p2a: Magnezone\n|-damage|p2a: Magnezone|42/100\n|-heal|p1a: Ceruledge|167/245|[from] drain|[of] p2a: Magnezone\n|\n|upkeep\n|turn|12\n|inactive|Time left: 300 sec this turn | 300 sec total\n|\n|t:|1783549392\n|move|p2a: Magnezone|Thunderbolt|p1a: Ceruledge\n|-crit|p1a: Ceruledge\n|-damage|p1a: Ceruledge|0 fnt\n|faint|p1a: Ceruledge\n|\n|-sideend|p1: p0x8174179|move: Aurora Veil\n|upkeep\n|inactive|Time left: 300 sec this turn | 300 sec total | 5 sec grace\n|\n|t:|1783549394\n|switch|p1a: Abomasnow|Abomasnow, L84, F|216/287\n|-damage|p1a: Abomasnow|145/287|[from] Stealth Rock\n|-weather|Snowscape|[from] ability: Snow Warning|[of] p1a: Abomasnow\n|turn|13\n|inactive|Time left: 300 sec this turn | 300 sec total\n|\n|t:|1783549395\n|move|p2a: Magnezone|Thunderbolt|p1a: Abomasnow\n|-resisted|p1a: Abomasnow\n|-damage|p1a: Abomasnow|61/287\n|move|p1a: Abomasnow|Aurora Veil|p1a: Abomasnow\n|-sidestart|p1: p0x8174179|move: Aurora Veil\n|\n|-weather|Snowscape|[upkeep]\n|upkeep\n|turn|14\n|inactive|Time left: 300 sec this turn | 300 sec total\n|\n|t:|1783549396\n|move|p2a: Magnezone|Thunderbolt|p1a: Abomasnow\n|-resisted|p1a: Abomasnow\n|-damage|p1a: Abomasnow|22/287\n|move|p1a: Abomasnow|Blizzard|p2a: Magnezone\n|-damage|p2a: Magnezone|4/100\n|-status|p2a: Magnezone|frz\n|\n|-weather|Snowscape|[upkeep]\n|upkeep\n|turn|15\n|inactive|Time left: 300 sec this turn | 300 sec total\n|\n|t:|1783549397\n|cant|p2a: Magnezone|frz\n|move|p1a: Abomasnow|Blizzard|p2a: Magnezone\n|-damage|p2a: Magnezone|0 fnt\n|faint|p2a: Magnezone\n|\n|-weather|Snowscape|[upkeep]\n|upkeep\n|\n|t:|1783549398\n|switch|p2a: Magmortar|Magmortar, L88, M|100/100\n|turn|16\n|inactive|Time left: 300 sec this turn | 300 sec total\n|\n|t:|1783549399\n|move|p2a: Magmortar|Knock Off|p1a: Abomasnow\n|-damage|p1a: Abomasnow|0 fnt\n|-enditem|p1a: Abomasnow|Light Clay|[from] move: Knock Off|[of] p2a: Magmortar\n|faint|p1a: Abomasnow\n|\n|-weather|Snowscape|[upkeep]\n|upkeep\n|inactive|Time left: 300 sec this turn | 300 sec total | 5 sec grace\n|\n|t:|1783549400\n|switch|p1a: Passimian|Passimian, L83, F|302/302\n|-damage|p1a: Passimian|284/302|[from] Stealth Rock\n|turn|17\n|inactive|Time left: 300 sec this turn | 300 sec total\n|\n|t:|1783549401\n|move|p2a: Magmortar|Fire Blast|p1a: Passimian\n|-damage|p1a: Passimian|174/302\n|move|p1a: Passimian|Bulk Up|p1a: Passimian\n|-boost|p1a: Passimian|atk|1\n|-boost|p1a: Passimian|def|1\n|\n|-weather|none\n|-heal|p1a: Passimian|192/302|[from] item: Leftovers\n|upkeep\n|turn|18\n|inactive|Time left: 300 sec this turn | 300 sec total\n|\n|t:|1783549403\n|move|p2a: Magmortar|Fire Blast|p1a: Passimian\n|-damage|p1a: Passimian|90/302\n|move|p1a: Passimian|Gunk Shot|p2a: Magmortar\n|-damage|p2a: Magmortar|38/100\n|\n|-heal|p1a: Passimian|108/302|[from] item: Leftovers\n|upkeep\n|turn|19\n|inactive|Time left: 300 sec this turn | 300 sec total\n|\n|t:|1783549404\n|move|p2a: Magmortar|Fire Blast|p1a: Passimian\n|-damage|p1a: Passimian|8/302\n|move|p1a: Passimian|Drain Punch|p2a: Magmortar\n|-crit|p2a: Magmortar\n|-damage|p2a: Magmortar|0 fnt\n|-heal|p1a: Passimian|59/302|[from] drain|[of] p2a: Magmortar\n|-status|p1a: Passimian|brn|[from] ability: Flame Body|[of] p2a: Magmortar\n|faint|p2a: Magmortar\n|\n|-heal|p1a: Passimian|77/302 brn|[from] item: Leftovers\n|-damage|p1a: Passimian|59/302 brn|[from] brn\n|upkeep\n|\n|t:|1783549405\n|switch|p2a: Skarmory|Skarmory, L80, M|100/100\n|turn|20\n|inactive|Time left: 300 sec this turn | 300 sec total\n|\n|t:|1783549406\n|move|p1a: Passimian|Knock Off|p2a: Skarmory\n|-damage|p2a: Skarmory|82/100\n|-damage|p1a: Passimian|9/302 brn|[from] item: Rocky Helmet|[of] p2a: Skarmory\n|-enditem|p2a: Skarmory|Rocky Helmet|[from] move: Knock Off|[of] p1a: Passimian\n|move|p2a: Skarmory|Brave Bird|p1a: Passimian\n|-supereffective|p1a: Passimian\n|-damage|p1a: Passimian|0 fnt\n|faint|p1a: Passimian\n|-damage|p2a: Skarmory|81/100|[from] Recoil\n|\n|-sideend|p1: p0x8174179|move: Aurora Veil\n|upkeep\n|inactive|Time left: 300 sec this turn | 300 sec total | 5 sec grace\n|\n|t:|1783549407\n|switch|p1a: Gogoat|Gogoat, L88, M|360/360\n|-damage|p1a: Gogoat|315/360|[from] Stealth Rock\n|turn|21\n|inactive|Time left: 300 sec this turn | 300 sec total\n|\n|t:|1783549407\n|move|p1a: Gogoat|Bulk Up|p1a: Gogoat\n|-boost|p1a: Gogoat|atk|1\n|-boost|p1a: Gogoat|def|1\n|move|p2a: Skarmory|Body Press|p1a: Gogoat\n|-damage|p1a: Gogoat|253/360\n|\n|-heal|p1a: Gogoat|275/360|[from] item: Leftovers\n|upkeep\n|turn|22\n|inactive|Time left: 300 sec this turn | 300 sec total\n|\n|t:|1783549408\n|move|p1a: Gogoat|Bulk Up|p1a: Gogoat\n|-boost|p1a: Gogoat|atk|1\n|-boost|p1a: Gogoat|def|1\n|move|p2a: Skarmory|Roost|p2a: Skarmory\n|-heal|p2a: Skarmory|100/100\n|-singleturn|p2a: Skarmory|move: Roost\n|\n|-heal|p1a: Gogoat|297/360|[from] item: Leftovers\n|upkeep\n|turn|23\n|inactive|Time left: 300 sec this turn | 300 sec total\n|\n|t:|1783549409\n|move|p1a: Gogoat|Bulk Up|p1a: Gogoat\n|-boost|p1a: Gogoat|atk|1\n|-boost|p1a: Gogoat|def|1\n|move|p2a: Skarmory|Brave Bird|p1a: Gogoat\n|-supereffective|p1a: Gogoat\n|-damage|p1a: Gogoat|195/360\n|-damage|p2a: Skarmory|86/100|[from] Recoil\n|\n|-heal|p1a: Gogoat|217/360|[from] item: Leftovers\n|upkeep\n|turn|24\n|inactive|Time left: 300 sec this turn | 300 sec total\n|\n|t:|1783549410\n|move|p1a: Gogoat|Rock Slide|p2a: Skarmory\n|-damage|p2a: Skarmory|39/100\n|move|p2a: Skarmory|Roost|p2a: Skarmory\n|-heal|p2a: Skarmory|89/100\n|-singleturn|p2a: Skarmory|move: Roost\n|\n|-heal|p1a: Gogoat|239/360|[from] item: Leftovers\n|upkeep\n|turn|25\n|inactive|Time left: 300 sec this turn | 300 sec total\n|\n|t:|1783549411\n|move|p1a: Gogoat|Rock Slide|p2a: Skarmory\n|-damage|p2a: Skarmory|40/100\n|cant|p2a: Skarmory|flinch\n|\n|-heal|p1a: Gogoat|261/360|[from] item: Leftovers\n|upkeep\n|turn|26\n|inactive|Time left: 300 sec this turn | 300 sec total\n|\n|t:|1783549412\n|-terastallize|p1a: Gogoat|Water\n|move|p1a: Gogoat|Rock Slide|p2a: Skarmory\n|-damage|p2a: Skarmory|0 fnt\n|faint|p2a: Skarmory\n|\n|win|p0x8174179", "uploadtime": 1783549412, "views": 0, "rating": 0, "private": 0, "password": null, "_winner": "p0x8174179", "_our_name": "p0x8174179"}