{"id": "battle-gen9randombattle-1132", "formatid": "gen9randombattle", "format": "[Gen 9] Random Battle", "players": ["p0x1132b8e8", "p0y11320862"], "log": "|init|battle\n|title|p0x1132b8e8 vs. p0y11320862\n|j|\u2606p0x1132b8e8\n|j|\u2606p0y11320862\n|t:|1783553093\n|gametype|singles\n|player|p1|p0x1132b8e8|2|\n|player|p2|p0y11320862|2|\n|gen|9\n|tier|[Gen 9] Random Battle\n|rule|Species Clause: Limit one of each Pok\u00e9mon\n|rule|HP Percentage Mod: HP is shown in percentages\n|rule|Sleep Clause Mod: Limit one foe put to sleep\n|rule|Illusion Level Mod: Illusion disguises the Pok\u00e9mon's true level\n|\n|t:|1783553093\n|teamsize|p1|6\n|teamsize|p2|6\n|start\n|switch|p1a: Hariyama|Hariyama, L87, M|392/392\n|switch|p2a: Phione|Phione, L91|100/100\n|turn|1\n|inactive|Battle timer is ON: inactive players will automatically lose when time's up. (requested by p0y11320862)\n|inactive|Time left: 300 sec this turn | 300 sec total | 60 sec grace\n|inactive|p0x1132b8e8 also wants the timer to be on.\n|\n|t:|1783553095\n|switch|p2a: Primarina|Primarina, L83, F|100/100\n|move|p1a: Hariyama|Knock Off|p2a: Primarina\n|-resisted|p2a: Primarina\n|-damage|p2a: Primarina|81/100\n|-enditem|p2a: Primarina|Leftovers|[from] move: Knock Off|[of] p1a: Hariyama\n|\n|-status|p1a: Hariyama|brn|[from] item: Flame Orb\n|upkeep\n|turn|2\n|inactive|Time left: 300 sec this turn | 300 sec total\n|\n|t:|1783553096\n|move|p2a: Primarina|Moonblast|p1a: Hariyama\n|-supereffective|p1a: Hariyama\n|-damage|p1a: Hariyama|74/392 brn\n|-unboost|p1a: Hariyama|spa|1\n|move|p1a: Hariyama|Facade|p2a: Primarina\n|-crit|p2a: Primarina\n|-damage|p2a: Primarina|0 fnt\n|faint|p2a: Primarina\n|\n|-damage|p1a: Hariyama|50/392 brn|[from] brn\n|upkeep\n|\n|t:|1783553097\n|switch|p2a: Ceruledge|Ceruledge, L78, F|100/100\n|turn|3\n|inactive|Time left: 300 sec this turn | 300 sec total\n|\n|t:|1783553099\n|switch|p1a: Iron Thorns|Iron Thorns, L83|302/302\n|-enditem|p1a: Iron Thorns|Booster Energy\n|-activate|p1a: Iron Thorns|ability: Quark Drive|[fromitem]\n|-start|p1a: Iron Thorns|quarkdriveatk\n|move|p2a: Ceruledge|Bitter Blade|p1a: Iron Thorns\n|-resisted|p1a: Iron Thorns\n|-damage|p1a: Iron Thorns|262/302\n|\n|upkeep\n|turn|4\n|inactive|Time left: 300 sec this turn | 300 sec total\n|\n|t:|1783553100\n|switch|p2a: Latios|Latios, L78, M|100/100\n|move|p1a: Iron Thorns|Stone Edge|p2a: Latios\n|-damage|p2a: Latios|21/100\n|\n|upkeep\n|turn|5\n|inactive|Time left: 300 sec this turn | 300 sec total\n|\n|t:|1783553101\n|move|p2a: Latios|Draco Meteor|p1a: Iron Thorns\n|-damage|p1a: Iron Thorns|85/302\n|-unboost|p2a: Latios|spa|2\n|move|p1a: Iron Thorns|Dragon Dance|p1a: Iron Thorns\n|-boost|p1a: Iron Thorns|atk|1\n|-boost|p1a: Iron Thorns|spe|1\n|\n|upkeep\n|turn|6\n|inactive|Time left: 300 sec this turn | 300 sec total\n|\n|t:|1783553102\n|move|p1a: Iron Thorns|Stone Edge|p2a: Latios\n|-damage|p2a: Latios|0 fnt\n|faint|p2a: Latios\n|\n|upkeep\n|\n|t:|1783553104\n|switch|p2a: Phione|Phione, L91|100/100\n|turn|7\n|inactive|Time left: 300 sec this turn | 300 sec total\n|\n|t:|1783553105\n|move|p1a: Iron Thorns|Wild Charge|p2a: Phione\n|-supereffective|p2a: Phione\n|-damage|p2a: Phione|0 fnt\n|faint|p2a: Phione\n|-damage|p1a: Iron Thorns|12/302|[from] Recoil\n|\n|upkeep\n|\n|t:|1783553106\n|switch|p2a: Whimsicott|Whimsicott, L84, F|100/100\n|turn|8\n|inactive|Time left: 300 sec this turn | 300 sec total\n|\n|t:|1783553107\n|move|p2a: Whimsicott|Encore|p1a: Iron Thorns\n|-start|p1a: Iron Thorns|Encore\n|move|p1a: Iron Thorns|Wild Charge|p2a: Whimsicott\n|-resisted|p2a: Whimsicott\n|-damage|p2a: Whimsicott|48/100\n|-damage|p1a: Iron Thorns|0 fnt|[from] Recoil\n|faint|p1a: Iron Thorns\n|-end|p1a: Iron Thorns|Quark Drive|[silent]\n|\n|-heal|p2a: Whimsicott|54/100|[from] item: Leftovers\n|upkeep\n|inactive|Time left: 300 sec this turn | 300 sec total | 5 sec grace\n|\n|t:|1783553108\n|switch|p1a: Tyranitar|Tyranitar, L78, F|284/284\n|-weather|Sandstorm|[from] ability: Sand Stream|[of] p1a: Tyranitar\n|turn|9\n|inactive|Time left: 300 sec this turn | 300 sec total\n|\n|t:|1783553109\n|move|p2a: Whimsicott|Substitute|p2a: Whimsicott\n|-start|p2a: Whimsicott|Substitute\n|-damage|p2a: Whimsicott|29/100\n|move|p1a: Tyranitar|Stone Edge|p2a: Whimsicott\n|-end|p2a: Whimsicott|Substitute\n|\n|-weather|Sandstorm|[upkeep]\n|-damage|p2a: Whimsicott|24/100|[from] Sandstorm\n|-heal|p2a: Whimsicott|29/100|[from] item: Leftovers\n|upkeep\n|turn|10\n|inactive|Time left: 300 sec this turn | 300 sec total\n|\n|t:|1783553110\n|move|p2a: Whimsicott|Moonblast|p1a: Tyranitar\n|-supereffective|p1a: Tyranitar\n|-damage|p1a: Tyranitar|164/284\n|move|p1a: Tyranitar|Knock Off|p2a: Whimsicott\n|-resisted|p2a: Whimsicott\n|-damage|p2a: Whimsicott|4/100\n|-enditem|p2a: Whimsicott|Leftovers|[from] move: Knock Off|[of] p1a: Tyranitar\n|\n|-weather|Sandstorm|[upkeep]\n|-damage|p2a: Whimsicott|0 fnt|[from] Sandstorm\n|faint|p2a: Whimsicott\n|-heal|p1a: Tyranitar|181/284|[from] item: Leftovers\n|upkeep\n|\n|t:|1783553111\n|switch|p2a: Ceruledge|Ceruledge, L78, F|100/100\n|turn|11\n|inactive|Time left: 300 sec this turn | 300 sec total\n|\n|t:|1783553113\n|-terastallize|p2a: Ceruledge|Fighting\n|move|p2a: Ceruledge|Swords Dance|p2a: Ceruledge\n|-boost|p2a: Ceruledge|atk|2\n|move|p1a: Tyranitar|Stone Edge|p2a: Ceruledge\n|-resisted|p2a: Ceruledge\n|-crit|p2a: Ceruledge\n|-damage|p2a: Ceruledge|60/100\n|-ability|p2a: Ceruledge|Weak Armor|boost\n|-unboost|p2a: Ceruledge|def|1\n|-boost|p2a: Ceruledge|spe|2\n|\n|-weather|Sandstorm|[upkeep]\n|-damage|p2a: Ceruledge|54/100|[from] Sandstorm\n|-heal|p1a: Tyranitar|198/284|[from] item: Leftovers\n|upkeep\n|turn|12\n|inactive|Time left: 300 sec this turn | 300 sec total\n|\n|t:|1783553114\n|move|p2a: Ceruledge|Close Combat|p1a: Tyranitar\n|-supereffective|p1a: Tyranitar\n|-damage|p1a: Tyranitar|0 fnt\n|-unboost|p2a: Ceruledge|def|1\n|-unboost|p2a: Ceruledge|spd|1\n|faint|p1a: Tyranitar\n|\n|-weather|Sandstorm|[upkeep]\n|-damage|p2a: Ceruledge|48/100|[from] Sandstorm\n|upkeep\n|inactive|Time left: 300 sec this turn | 300 sec total | 5 sec grace\n|\n|t:|1783553115\n|switch|p1a: Hariyama|Hariyama, L87, M|50/392 brn\n|turn|13\n|inactive|Time left: 300 sec this turn | 300 sec total\n|\n|t:|1783553116\n|move|p1a: Hariyama|Fake Out|p2a: Ceruledge\n|-damage|p2a: Ceruledge|0 fnt\n|faint|p2a: Ceruledge\n|\n|-weather|none\n|-damage|p1a: Hariyama|26/392 brn|[from] brn\n|upkeep\n|\n|t:|1783553117\n|switch|p2a: Minun|Minun, L95, M|100/100\n|turn|14\n|inactive|Time left: 300 sec this turn | 300 sec total\n|\n|t:|1783553118\n|switch|p1a: Oinkologne|Oinkologne-F, L92, F|361/361\n|move|p2a: Minun|Thunderbolt|p1a: Oinkologne\n|-damage|p1a: Oinkologne|232/361\n|-damage|p2a: Minun|91/100|[from] item: Life Orb\n|\n|-heal|p1a: Oinkologne|254/361|[from] item: Leftovers\n|upkeep\n|turn|15\n|inactive|Time left: 300 sec this turn | 300 sec total\n|\n|t:|1783553119\n|-terastallize|p1a: Oinkologne|Ground\n|move|p2a: Minun|Thunderbolt|p1a: Oinkologne\n|-immune|p1a: Oinkologne\n|move|p1a: Oinkologne|High Horsepower|p2a: Minun\n|-supereffective|p2a: Minun\n|-damage|p2a: Minun|0 fnt\n|faint|p2a: Minun\n|\n|win|p0x1132b8e8", "uploadtime": 1783553119, "views": 0, "rating": 0, "private": 0, "password": null, "_winner": "p0x1132b8e8", "_our_name": "p0x1132b8e8"}