{"id": "battle-gen9randombattle-2194", "formatid": "gen9randombattle", "format": "[Gen 9] Random Battle", "players": ["p0x21943ad8", "p0y2194bbbf"], "log": "|init|battle\n|title|p0x21943ad8 vs. p0y2194bbbf\n|j|\u2606p0x21943ad8\n|j|\u2606p0y2194bbbf\n|t:|1783564517\n|gametype|singles\n|player|p1|p0x21943ad8|2|\n|player|p2|p0y2194bbbf|170|\n|gen|9\n|tier|[Gen 9] Random Battle\n|rule|Species Clause: Limit one of each Pok\u00e9mon\n|rule|HP Percentage Mod: HP is shown in percentages\n|rule|Sleep Clause Mod: Limit one foe put to sleep\n|rule|Illusion Level Mod: Illusion disguises the Pok\u00e9mon's true level\n|\n|t:|1783564517\n|teamsize|p1|6\n|teamsize|p2|6\n|start\n|switch|p1a: Meganium|Meganium, L90, M|100/100\n|switch|p2a: Porygon-Z|Porygon-Z, L83|277/277\n|turn|1\n|inactive|Battle timer is ON: inactive players will automatically lose when time's up. (requested by p0x21943ad8)\n|inactive|Time left: 300 sec this turn | 300 sec total | 60 sec grace\n|inactive|p0y2194bbbf also wants the timer to be on.\n|\n|t:|1783564518\n|move|p2a: Porygon-Z|Tri Attack|p1a: Meganium\n|-damage|p1a: Meganium|41/100\n|-damage|p2a: Porygon-Z|250/277|[from] item: Life Orb\n|move|p1a: Meganium|Swords Dance|p1a: Meganium\n|-boost|p1a: Meganium|atk|2\n|\n|-heal|p1a: Meganium|47/100|[from] item: Leftovers\n|upkeep\n|turn|2\n|inactive|Time left: 300 sec this turn | 300 sec total\n|\n|t:|1783564520\n|-terastallize|p1a: Meganium|Steel\n|move|p2a: Porygon-Z|Tri Attack|p1a: Meganium\n|-resisted|p1a: Meganium\n|-damage|p1a: Meganium|20/100\n|-damage|p2a: Porygon-Z|223/277|[from] item: Life Orb\n|move|p1a: Meganium|Petal Blizzard|p2a: Porygon-Z\n|-damage|p2a: Porygon-Z|0 fnt\n|faint|p2a: Porygon-Z\n|\n|-heal|p1a: Meganium|27/100|[from] item: Leftovers\n|upkeep\n|inactive|Time left: 300 sec this turn | 300 sec total | 5 sec grace\n|\n|t:|1783564521\n|switch|p2a: Lurantis|Lurantis, L87, M|264/264\n|turn|3\n|inactive|Time left: 300 sec this turn | 300 sec total\n|\n|t:|1783564522\n|move|p1a: Meganium|Petal Blizzard|p2a: Lurantis\n|-resisted|p2a: Lurantis\n|-damage|p2a: Lurantis|132/264\n|move|p2a: Lurantis|Superpower|p1a: Meganium\n|-supereffective|p1a: Meganium\n|-damage|p1a: Meganium|0 fnt\n|-boost|p2a: Lurantis|atk|1\n|-boost|p2a: Lurantis|def|1\n|faint|p1a: Meganium\n|\n|upkeep\n|\n|t:|1783564523\n|switch|p1a: Armarouge|Armarouge, L80, M|100/100\n|turn|4\n|inactive|Time left: 300 sec this turn | 300 sec total\n|\n|t:|1783564524\n|-terastallize|p2a: Lurantis|Fighting\n|move|p1a: Armarouge|Armor Cannon|p2a: Lurantis\n|-damage|p2a: Lurantis|0 fnt\n|-unboost|p1a: Armarouge|def|1\n|-unboost|p1a: Armarouge|spd|1\n|faint|p2a: Lurantis\n|\n|upkeep\n|inactive|Time left: 300 sec this turn | 300 sec total | 5 sec grace\n|\n|t:|1783564525\n|switch|p2a: Crawdaunt|Crawdaunt, L84, F|243/243\n|turn|5\n|inactive|Time left: 300 sec this turn | 300 sec total\n|\n|t:|1783564526\n|move|p1a: Armarouge|Armor Cannon|p2a: Crawdaunt\n|-resisted|p2a: Crawdaunt\n|-damage|p2a: Crawdaunt|107/243\n|-unboost|p1a: Armarouge|def|1\n|-unboost|p1a: Armarouge|spd|1\n|move|p2a: Crawdaunt|Dragon Dance|p2a: Crawdaunt\n|-boost|p2a: Crawdaunt|atk|1\n|-boost|p2a: Crawdaunt|spe|1\n|\n|upkeep\n|turn|6\n|inactive|Time left: 300 sec this turn | 300 sec total\n|\n|t:|1783564527\n|switch|p1a: Chi-Yu|Chi-Yu, L77|100/100\n|-ability|p1a: Chi-Yu|Beads of Ruin\n|move|p2a: Crawdaunt|Knock Off|p1a: Chi-Yu\n|-resisted|p1a: Chi-Yu\n|-damage|p1a: Chi-Yu|15/100\n|-enditem|p1a: Chi-Yu|Heavy-Duty Boots|[from] move: Knock Off|[of] p2a: Crawdaunt\n|-damage|p2a: Crawdaunt|83/243|[from] item: Life Orb\n|\n|upkeep\n|turn|7\n|inactive|Time left: 300 sec this turn | 300 sec total\n|\n|t:|1783564528\n|move|p2a: Crawdaunt|Knock Off|p1a: Chi-Yu\n|-resisted|p1a: Chi-Yu\n|-damage|p1a: Chi-Yu|0 fnt\n|faint|p1a: Chi-Yu\n|-damage|p2a: Crawdaunt|59/243|[from] item: Life Orb\n|\n|upkeep\n|\n|t:|1783564529\n|switch|p1a: Armarouge|Armarouge, L80, M|100/100\n|turn|8\n|inactive|Time left: 300 sec this turn | 300 sec total\n|\n|t:|1783564530\n|switch|p1a: Empoleon|Empoleon, L84, M|100/100\n|move|p2a: Crawdaunt|Knock Off|p1a: Empoleon\n|-damage|p1a: Empoleon|0 fnt\n|-enditem|p1a: Empoleon|Leftovers|[from] move: Knock Off|[of] p2a: Crawdaunt\n|faint|p1a: Empoleon\n|-damage|p2a: Crawdaunt|35/243|[from] item: Life Orb\n|\n|upkeep\n|\n|t:|1783564530\n|switch|p1a: Terapagos|Terapagos, L77, F|100/100\n|-activate|p1a: Terapagos|ability: Tera Shift\n|detailschange|p1a: Terapagos|Terapagos-Terastal, L77, F\n|-heal|p1a: Terapagos|100/100|[silent]\n|turn|9\n|inactive|Time left: 300 sec this turn | 300 sec total\n|\n|t:|1783564531\n|move|p2a: Crawdaunt|Knock Off|p1a: Terapagos\n|-activate|p1a: Terapagos|ability: Tera Shell\n|-resisted|p1a: Terapagos\n|-damage|p1a: Terapagos|47/100\n|-enditem|p1a: Terapagos|Chesto Berry|[from] move: Knock Off|[of] p2a: Crawdaunt\n|-damage|p2a: Crawdaunt|11/243|[from] item: Life Orb\n|move|p1a: Terapagos|Tera Starstorm|p2a: Crawdaunt\n|-damage|p2a: Crawdaunt|0 fnt\n|faint|p2a: Crawdaunt\n|\n|upkeep\n|inactive|Time left: 300 sec this turn | 300 sec total | 5 sec grace\n|\n|t:|1783564532\n|switch|p2a: Tentacruel|Tentacruel, L84, F|272/272\n|turn|10\n|inactive|Time left: 300 sec this turn | 300 sec total\n|\n|t:|1783564533\n|move|p2a: Tentacruel|Sludge Bomb|p1a: Terapagos\n|-damage|p1a: Terapagos|17/100\n|-status|p1a: Terapagos|psn\n|move|p1a: Terapagos|Calm Mind|p1a: Terapagos\n|-boost|p1a: Terapagos|spa|1\n|-boost|p1a: Terapagos|spd|1\n|\n|-damage|p1a: Terapagos|5/100 psn|[from] psn\n|upkeep\n|turn|11\n|inactive|Time left: 300 sec this turn | 300 sec total\n|\n|t:|1783564534\n|move|p2a: Tentacruel|Rapid Spin|p1a: Terapagos\n|-damage|p1a: Terapagos|0 fnt\n|-boost|p2a: Tentacruel|spe|1\n|faint|p1a: Terapagos\n|\n|upkeep\n|\n|t:|1783564535\n|switch|p1a: Arceus|Arceus-Psychic, L70|100/100\n|turn|12\n|inactive|Time left: 300 sec this turn | 300 sec total\n|\n|t:|1783564536\n|move|p2a: Tentacruel|Sludge Bomb|p1a: Arceus\n|-damage|p1a: Arceus|73/100\n|move|p1a: Arceus|Cosmic Power|p1a: Arceus\n|-boost|p1a: Arceus|def|1\n|-boost|p1a: Arceus|spd|1\n|\n|upkeep\n|turn|13\n|inactive|Time left: 300 sec this turn | 300 sec total\n|\n|t:|1783564536\n|move|p2a: Tentacruel|Sludge Bomb|p1a: Arceus\n|-damage|p1a: Arceus|54/100\n|-status|p1a: Arceus|psn\n|move|p1a: Arceus|Cosmic Power|p1a: Arceus\n|-boost|p1a: Arceus|def|1\n|-boost|p1a: Arceus|spd|1\n|\n|-damage|p1a: Arceus|42/100 psn|[from] psn\n|upkeep\n|turn|14\n|inactive|Time left: 300 sec this turn | 300 sec total\n|\n|t:|1783564537\n|move|p2a: Tentacruel|Sludge Bomb|p1a: Arceus\n|-damage|p1a: Arceus|29/100 psn\n|move|p1a: Arceus|Recover|p1a: Arceus\n|-heal|p1a: Arceus|79/100 psn\n|\n|-damage|p1a: Arceus|67/100 psn|[from] psn\n|upkeep\n|turn|15\n|inactive|Time left: 300 sec this turn | 300 sec total\n|\n|t:|1783564538\n|move|p2a: Tentacruel|Knock Off|p1a: Arceus\n|-supereffective|p1a: Arceus\n|-damage|p1a: Arceus|53/100 psn\n|move|p1a: Arceus|Stored Power|p2a: Tentacruel\n|-supereffective|p2a: Tentacruel\n|-damage|p2a: Tentacruel|150/272\n|\n|-damage|p1a: Arceus|41/100 psn|[from] psn\n|upkeep\n|turn|16\n|inactive|Time left: 300 sec this turn | 300 sec total\n|\n|t:|1783564539\n|move|p2a: Tentacruel|Knock Off|p1a: Arceus\n|-supereffective|p1a: Arceus\n|-damage|p1a: Arceus|29/100 psn\n|move|p1a: Arceus|Recover|p1a: Arceus\n|-heal|p1a: Arceus|79/100 psn\n|\n|-damage|p1a: Arceus|67/100 psn|[from] psn\n|upkeep\n|turn|17\n|inactive|Time left: 300 sec this turn | 300 sec total\n|\n|t:|1783564540\n|move|p2a: Tentacruel|Knock Off|p1a: Arceus\n|-supereffective|p1a: Arceus\n|-damage|p1a: Arceus|54/100 psn\n|move|p1a: Arceus|Stored Power|p2a: Tentacruel\n|-supereffective|p2a: Tentacruel\n|-damage|p2a: Tentacruel|24/272\n|\n|-damage|p1a: Arceus|42/100 psn|[from] psn\n|upkeep\n|turn|18\n|inactive|Time left: 300 sec this turn | 300 sec total\n|\n|t:|1783564541\n|move|p2a: Tentacruel|Surf|p1a: Arceus\n|-damage|p1a: Arceus|29/100 psn\n|move|p1a: Arceus|Recover|p1a: Arceus\n|-heal|p1a: Arceus|79/100 psn\n|\n|-damage|p1a: Arceus|66/100 psn|[from] psn\n|upkeep\n|turn|19\n|inactive|Time left: 300 sec this turn | 300 sec total\n|\n|t:|1783564542\n|switch|p2a: Sandaconda|Sandaconda, L84, F|258/258\n|move|p1a: Arceus|Recover|p1a: Arceus\n|-heal|p1a: Arceus|100/100 psn\n|\n|-damage|p1a: Arceus|88/100 psn|[from] psn\n|upkeep\n|turn|20\n|inactive|Time left: 300 sec this turn | 300 sec total\n|\n|t:|1783564543\n|move|p1a: Arceus|Cosmic Power|p1a: Arceus\n|-boost|p1a: Arceus|def|1\n|-boost|p1a: Arceus|spd|1\n|move|p2a: Sandaconda|Coil|p2a: Sandaconda\n|-boost|p2a: Sandaconda|atk|1\n|-boost|p2a: Sandaconda|def|1\n|-boost|p2a: Sandaconda|accuracy|1\n|\n|-damage|p1a: Arceus|76/100 psn|[from] psn\n|upkeep\n|turn|21\n|inactive|Time left: 300 sec this turn | 300 sec total\n|\n|t:|1783564544\n|move|p1a: Arceus|Stored Power|p2a: Sandaconda\n|-damage|p2a: Sandaconda|75/258\n|move|p2a: Sandaconda|Earthquake|p1a: Arceus\n|-damage|p1a: Arceus|54/100 psn\n|\n|-damage|p1a: Arceus|41/100 psn|[from] psn\n|upkeep\n|turn|22\n|inactive|Time left: 300 sec this turn | 300 sec total\n|\n|t:|1783564545\n|move|p1a: Arceus|Recover|p1a: Arceus\n|-heal|p1a: Arceus|91/100 psn\n|move|p2a: Sandaconda|Rock Blast|p1a: Arceus\n|-damage|p1a: Arceus|87/100 psn\n|-damage|p1a: Arceus|83/100 psn\n|-damage|p1a: Arceus|79/100 psn\n|-damage|p1a: Arceus|75/100 psn\n|-damage|p1a: Arceus|71/100 psn\n|-hitcount|p1a: Arceus|5\n|\n|-damage|p1a: Arceus|59/100 psn|[from] psn\n|upkeep\n|turn|23\n|inactive|Time left: 300 sec this turn | 300 sec total\n|\n|t:|1783564546\n|move|p1a: Arceus|Stored Power|p2a: Sandaconda\n|-damage|p2a: Sandaconda|0 fnt\n|faint|p2a: Sandaconda\n|\n|-damage|p1a: Arceus|46/100 psn|[from] psn\n|upkeep\n|inactive|Time left: 300 sec this turn | 300 sec total | 5 sec grace\n|\n|t:|1783564547\n|switch|p2a: Tentacruel|Tentacruel, L84, F|24/272\n|turn|24\n|inactive|Time left: 300 sec this turn | 300 sec total\n|\n|t:|1783564548\n|move|p2a: Tentacruel|Sludge Bomb|p1a: Arceus\n|-damage|p1a: Arceus|34/100 psn\n|move|p1a: Arceus|Recover|p1a: Arceus\n|-heal|p1a: Arceus|84/100 psn\n|\n|-damage|p1a: Arceus|72/100 psn|[from] psn\n|upkeep\n|turn|25\n|inactive|Time left: 300 sec this turn | 300 sec total\n|\n|t:|1783564549\n|move|p2a: Tentacruel|Sludge Bomb|p1a: Arceus\n|-damage|p1a: Arceus|60/100 psn\n|move|p1a: Arceus|Stored Power|p2a: Tentacruel\n|-supereffective|p2a: Tentacruel\n|-damage|p2a: Tentacruel|0 fnt\n|faint|p2a: Tentacruel\n|\n|-damage|p1a: Arceus|48/100 psn|[from] psn\n|upkeep\n|inactive|Time left: 300 sec this turn | 300 sec total | 5 sec grace\n|\n|t:|1783564550\n|switch|p2a: Piloswine|Piloswine, L85, M|309/309\n|turn|26\n|inactive|Time left: 300 sec this turn | 300 sec total\n|\n|t:|1783564551\n|move|p1a: Arceus|Body Press|p2a: Piloswine\n|-supereffective|p2a: Piloswine\n|-damage|p2a: Piloswine|149/309\n|move|p2a: Piloswine|Icicle Crash|p1a: Arceus\n|-damage|p1a: Arceus|35/100 psn\n|\n|-damage|p1a: Arceus|23/100 psn|[from] psn\n|upkeep\n|turn|27\n|inactive|Time left: 300 sec this turn | 300 sec total\n|\n|t:|1783564552\n|move|p1a: Arceus|Body Press|p2a: Piloswine\n|-supereffective|p2a: Piloswine\n|-damage|p2a: Piloswine|0 fnt\n|faint|p2a: Piloswine\n|\n|win|p0x21943ad8", "uploadtime": 1783564552, "views": 0, "rating": 0, "private": 0, "password": null, "_winner": "p0x21943ad8", "_our_name": "p0y2194bbbf"}