{"id": "battle-gen9randombattle-2695", "formatid": "gen9randombattle", "format": "[Gen 9] Random Battle", "players": ["p0x2695aca7", "p0y2695033f"], "log": "|init|battle\n|title|p0x2695aca7 vs. p0y2695033f\n|j|\u2606p0x2695aca7\n|j|\u2606p0y2695033f\n|t:|1783570092\n|gametype|singles\n|player|p1|p0x2695aca7|170|\n|player|p2|p0y2695033f|101|\n|gen|9\n|tier|[Gen 9] Random Battle\n|rule|Species Clause: Limit one of each Pok\u00e9mon\n|rule|HP Percentage Mod: HP is shown in percentages\n|rule|Sleep Clause Mod: Limit one foe put to sleep\n|rule|Illusion Level Mod: Illusion disguises the Pok\u00e9mon's true level\n|\n|t:|1783570092\n|teamsize|p1|6\n|teamsize|p2|6\n|start\n|switch|p1a: Rhyperior|Rhyperior, L82, F|323/323\n|switch|p2a: Kommo-o|Kommo-o, L77, M|100/100\n|turn|1\n|inactive|Battle timer is ON: inactive players will automatically lose when time's up. (requested by p0y2695033f)\n|inactive|Time left: 300 sec this turn | 300 sec total | 60 sec grace\n|inactive|p0x2695aca7 also wants the timer to be on.\n|\n|t:|1783570093\n|move|p2a: Kommo-o|Swords Dance|p2a: Kommo-o\n|-boost|p2a: Kommo-o|atk|2\n|move|p1a: Rhyperior|Earthquake|p2a: Kommo-o\n|-damage|p2a: Kommo-o|52/100\n|\n|upkeep\n|turn|2\n|inactive|Time left: 300 sec this turn | 300 sec total\n|\n|t:|1783570094\n|move|p2a: Kommo-o|Swords Dance|p2a: Kommo-o\n|-boost|p2a: Kommo-o|atk|2\n|move|p1a: Rhyperior|Earthquake|p2a: Kommo-o\n|-damage|p2a: Kommo-o|6/100\n|\n|upkeep\n|turn|3\n|inactive|Time left: 300 sec this turn | 300 sec total\n|\n|t:|1783570095\n|switch|p1a: Iron Valiant|Iron Valiant, L78|244/244\n|move|p2a: Kommo-o|Close Combat|p1a: Iron Valiant\n|-resisted|p1a: Iron Valiant\n|-damage|p1a: Iron Valiant|68/244\n|-unboost|p2a: Kommo-o|def|1\n|-unboost|p2a: Kommo-o|spd|1\n|\n|upkeep\n|turn|4\n|inactive|Time left: 300 sec this turn | 300 sec total\n|\n|t:|1783570096\n|move|p1a: Iron Valiant|Moonblast|p2a: Kommo-o\n|-supereffective|p2a: Kommo-o\n|-damage|p2a: Kommo-o|0 fnt\n|faint|p2a: Kommo-o\n|-damage|p1a: Iron Valiant|44/244|[from] item: Life Orb\n|\n|upkeep\n|\n|t:|1783570096\n|switch|p2a: Ludicolo|Ludicolo, L90, F|100/100\n|turn|5\n|inactive|Time left: 300 sec this turn | 300 sec total\n|\n|t:|1783570098\n|move|p1a: Iron Valiant|Close Combat|p2a: Ludicolo\n|-damage|p2a: Ludicolo|30/100\n|-unboost|p1a: Iron Valiant|def|1\n|-unboost|p1a: Iron Valiant|spd|1\n|-damage|p1a: Iron Valiant|20/244|[from] item: Life Orb\n|move|p2a: Ludicolo|Giga Drain|p1a: Iron Valiant\n|-damage|p1a: Iron Valiant|0 fnt\n|-heal|p2a: Ludicolo|34/100|[from] drain|[of] p1a: Iron Valiant\n|faint|p1a: Iron Valiant\n|-end|p1a: Iron Valiant|Quark Drive|[silent]\n|\n|upkeep\n|inactive|Time left: 300 sec this turn | 300 sec total | 5 sec grace\n|\n|t:|1783570098\n|switch|p1a: Kricketune|Kricketune, L99, M|312/312\n|turn|6\n|inactive|Time left: 300 sec this turn | 300 sec total\n|\n|t:|1783570100\n|move|p1a: Kricketune|Pounce|p2a: Ludicolo\n|-supereffective|p2a: Ludicolo\n|-damage|p2a: Ludicolo|0 fnt\n|faint|p2a: Ludicolo\n|\n|upkeep\n|\n|t:|1783570100\n|switch|p2a: Kingambit|Kingambit, L74, F|100/100\n|-activate|p2a: Kingambit|ability: Supreme Overlord\n|-start|p2a: Kingambit|fallen2|[silent]\n|turn|7\n|inactive|Time left: 300 sec this turn | 300 sec total\n|\n|t:|1783570101\n|move|p1a: Kricketune|Sticky Web|p2a: Kingambit\n|-sidestart|p2: p0y2695033f|move: Sticky Web\n|move|p2a: Kingambit|Swords Dance|p2a: Kingambit\n|-boost|p2a: Kingambit|atk|2\n|\n|upkeep\n|turn|8\n|inactive|Time left: 300 sec this turn | 300 sec total\n|\n|t:|1783570102\n|move|p1a: Kricketune|Pounce|p2a: Kingambit\n|-damage|p2a: Kingambit|67/100\n|-unboost|p2a: Kingambit|spe|1\n|move|p2a: Kingambit|Kowtow Cleave|p1a: Kricketune\n|-damage|p1a: Kricketune|38/312\n|\n|-heal|p2a: Kingambit|73/100|[from] item: Leftovers\n|upkeep\n|turn|9\n|inactive|Time left: 300 sec this turn | 300 sec total\n|\n|t:|1783570103\n|move|p1a: Kricketune|Pounce|p2a: Kingambit\n|-damage|p2a: Kingambit|37/100\n|-unboost|p2a: Kingambit|spe|1\n|move|p2a: Kingambit|Kowtow Cleave|p1a: Kricketune\n|-damage|p1a: Kricketune|0 fnt\n|faint|p1a: Kricketune\n|\n|-heal|p2a: Kingambit|43/100|[from] item: Leftovers\n|upkeep\n|inactive|Time left: 300 sec this turn | 300 sec total | 5 sec grace\n|\n|t:|1783570104\n|switch|p1a: Rhyperior|Rhyperior, L82, F|323/323\n|turn|10\n|inactive|Time left: 300 sec this turn | 300 sec total\n|\n|t:|1783570105\n|move|p2a: Kingambit|Sucker Punch|p1a: Rhyperior\n|-damage|p1a: Rhyperior|181/323\n|move|p1a: Rhyperior|Earthquake|p2a: Kingambit\n|-supereffective|p2a: Kingambit\n|-damage|p2a: Kingambit|0 fnt\n|faint|p2a: Kingambit\n|-end|p2a: Kingambit|fallen2|[silent]\n|\n|upkeep\n|\n|t:|1783570106\n|switch|p2a: Gallade|Gallade, L80, M|100/100\n|-activate|p2a: Gallade|move: Sticky Web\n|-unboost|p2a: Gallade|spe|1\n|turn|11\n|inactive|Time left: 300 sec this turn | 300 sec total\n|\n|t:|1783570107\n|switch|p1a: Samurott|Samurott, L88, F|310/310\n|move|p2a: Gallade|Sacred Sword|p1a: Samurott\n|-damage|p1a: Samurott|102/310\n|-damage|p2a: Gallade|90/100|[from] item: Life Orb\n|\n|upkeep\n|turn|12\n|inactive|Time left: 300 sec this turn | 300 sec total\n|\n|t:|1783570108\n|move|p1a: Samurott|Hydro Pump|p2a: Gallade\n|-damage|p2a: Gallade|11/100\n|move|p2a: Gallade|Sacred Sword|p1a: Samurott\n|-damage|p1a: Samurott|0 fnt\n|faint|p1a: Samurott\n|-damage|p2a: Gallade|1/100|[from] item: Life Orb\n|\n|upkeep\n|inactive|Time left: 300 sec this turn | 300 sec total | 5 sec grace\n|\n|t:|1783570109\n|switch|p1a: Terapagos|Terapagos, L77, M|265/265\n|-activate|p1a: Terapagos|ability: Tera Shift\n|detailschange|p1a: Terapagos|Terapagos-Terastal, L77, M\n|-heal|p1a: Terapagos|273/273|[silent]\n|turn|13\n|inactive|Time left: 300 sec this turn | 300 sec total\n|\n|t:|1783570110\n|switch|p2a: Skarmory|Skarmory, L80, M|100/100\n|move|p1a: Terapagos|Rapid Spin|p2a: Skarmory\n|-resisted|p2a: Skarmory\n|-damage|p2a: Skarmory|94/100\n|-boost|p1a: Terapagos|spe|1\n|\n|-heal|p2a: Skarmory|99/100|[from] item: Leftovers\n|upkeep\n|turn|14\n|inactive|Time left: 300 sec this turn | 300 sec total\n|\n|t:|1783570111\n|move|p1a: Terapagos|Calm Mind|p1a: Terapagos\n|-boost|p1a: Terapagos|spa|1\n|-boost|p1a: Terapagos|spd|1\n|move|p2a: Skarmory|Iron Defense|p2a: Skarmory\n|-boost|p2a: Skarmory|def|2\n|\n|-heal|p2a: Skarmory|100/100|[from] item: Leftovers\n|upkeep\n|turn|15\n|inactive|Time left: 300 sec this turn | 300 sec total\n|\n|t:|1783570112\n|switch|p1a: Sandy Shocks|Sandy Shocks, L80|267/267\n|move|p2a: Skarmory|Body Press|p1a: Sandy Shocks\n|-damage|p1a: Sandy Shocks|140/267\n|\n|-heal|p1a: Sandy Shocks|156/267|[from] item: Leftovers\n|upkeep\n|turn|16\n|inactive|Time left: 300 sec this turn | 300 sec total\n|\n|t:|1783570113\n|-terastallize|p2a: Skarmory|Fighting\n|move|p1a: Sandy Shocks|Thunderbolt|p2a: Skarmory\n|-damage|p2a: Skarmory|46/100\n|move|p2a: Skarmory|Body Press|p1a: Sandy Shocks\n|-damage|p1a: Sandy Shocks|0 fnt\n|faint|p1a: Sandy Shocks\n|-end|p1a: Sandy Shocks|Protosynthesis|[silent]\n|\n|-heal|p2a: Skarmory|52/100|[from] item: Leftovers\n|upkeep\n|inactive|Time left: 300 sec this turn | 300 sec total | 5 sec grace\n|\n|t:|1783570114\n|switch|p1a: Terapagos|Terapagos-Terastal, L77, M|273/273\n|turn|17\n|inactive|Time left: 300 sec this turn | 300 sec total\n|\n|t:|1783570115\n|switch|p2a: Gallade|Gallade, L80, M|1/100\n|-activate|p2a: Gallade|move: Sticky Web\n|-unboost|p2a: Gallade|spe|1\n|move|p1a: Terapagos|Tera Starstorm|p2a: Gallade\n|-damage|p2a: Gallade|0 fnt\n|faint|p2a: Gallade\n|\n|upkeep\n|\n|t:|1783570116\n|switch|p2a: Terapagos|Terapagos, L77, F|100/100\n|-activate|p2a: Terapagos|ability: Tera Shift\n|detailschange|p2a: Terapagos|Terapagos-Terastal, L77, F\n|-heal|p2a: Terapagos|100/100|[silent]\n|-activate|p2a: Terapagos|move: Sticky Web\n|-unboost|p2a: Terapagos|spe|1\n|turn|18\n|inactive|Time left: 300 sec this turn | 300 sec total\n|\n|t:|1783570117\n|move|p1a: Terapagos|Calm Mind|p1a: Terapagos\n|-boost|p1a: Terapagos|spa|1\n|-boost|p1a: Terapagos|spd|1\n|move|p2a: Terapagos|Calm Mind|p2a: Terapagos\n|-boost|p2a: Terapagos|spa|1\n|-boost|p2a: Terapagos|spd|1\n|\n|upkeep\n|turn|19\n|inactive|Time left: 300 sec this turn | 300 sec total\n|\n|t:|1783570118\n|move|p1a: Terapagos|Calm Mind|p1a: Terapagos\n|-boost|p1a: Terapagos|spa|1\n|-boost|p1a: Terapagos|spd|1\n|move|p2a: Terapagos|Calm Mind|p2a: Terapagos\n|-boost|p2a: Terapagos|spa|1\n|-boost|p2a: Terapagos|spd|1\n|\n|upkeep\n|turn|20\n|inactive|Time left: 300 sec this turn | 300 sec total\n|\n|t:|1783570119\n|move|p1a: Terapagos|Rapid Spin|p2a: Terapagos\n|-activate|p2a: Terapagos|ability: Tera Shell\n|-resisted|p2a: Terapagos\n|-damage|p2a: Terapagos|93/100\n|-boost|p1a: Terapagos|spe|1\n|move|p2a: Terapagos|Tera Starstorm|p1a: Terapagos\n|-activate|p1a: Terapagos|ability: Tera Shell\n|-resisted|p1a: Terapagos\n|-damage|p1a: Terapagos|219/273\n|\n|upkeep\n|turn|21\n|inactive|Time left: 300 sec this turn | 300 sec total\n|\n|t:|1783570120\n|move|p1a: Terapagos|Calm Mind|p1a: Terapagos\n|-boost|p1a: Terapagos|spa|1\n|-boost|p1a: Terapagos|spd|1\n|move|p2a: Terapagos|Tera Starstorm|p1a: Terapagos\n|-damage|p1a: Terapagos|135/273\n|\n|upkeep\n|turn|22\n|inactive|Time left: 300 sec this turn | 300 sec total\n|\n|t:|1783570120\n|move|p1a: Terapagos|Tera Starstorm|p2a: Terapagos\n|-damage|p2a: Terapagos|49/100\n|move|p2a: Terapagos|Tera Starstorm|p1a: Terapagos\n|-damage|p1a: Terapagos|44/273\n|\n|upkeep\n|turn|23\n|inactive|Time left: 300 sec this turn | 300 sec total\n|\n|t:|1783570121\n|move|p1a: Terapagos|Tera Starstorm|p2a: Terapagos\n|-damage|p2a: Terapagos|0 fnt\n|faint|p2a: Terapagos\n|\n|upkeep\n|\n|t:|1783570122\n|switch|p2a: Skarmory|Skarmory, L80, M, tera:Fighting|52/100\n|-activate|p2a: Skarmory|move: Sticky Web\n|-unboost|p2a: Skarmory|spe|1\n|turn|24\n|inactive|Time left: 300 sec this turn | 300 sec total\n|\n|t:|1783570123\n|-terastallize|p1a: Terapagos|Stellar\n|detailschange|p1a: Terapagos|Terapagos-Stellar, L77, M, tera:Stellar\n|-heal|p1a: Terapagos|144/373|[silent]\n|move|p1a: Terapagos|Earth Power|p2a: Skarmory\n|-damage|p2a: Skarmory|0 fnt\n|faint|p2a: Skarmory\n|\n|win|p0x2695aca7", "uploadtime": 1783570123, "views": 0, "rating": 0, "private": 0, "password": null, "_winner": "p0x2695aca7", "_our_name": "p0x2695aca7"}