{"id": "battle-gen9randombattle-161", "formatid": "gen9randombattle", "format": "[Gen 9] Random Battle", "players": ["p0x1616203", "p0y161e0a5"], "log": "|init|battle\n|title|p0x1616203 vs. p0y161e0a5\n|j|\u2606p0x1616203\n|j|\u2606p0y161e0a5\n|t:|1783535608\n|gametype|singles\n|player|p1|p0x1616203|266|\n|player|p2|p0y161e0a5|266|\n|gen|9\n|tier|[Gen 9] Random Battle\n|rule|Species Clause: Limit one of each Pok\u00e9mon\n|rule|HP Percentage Mod: HP is shown in percentages\n|rule|Sleep Clause Mod: Limit one foe put to sleep\n|rule|Illusion Level Mod: Illusion disguises the Pok\u00e9mon's true level\n|\n|t:|1783535608\n|teamsize|p1|6\n|teamsize|p2|6\n|start\n|switch|p1a: Tatsugiri|Tatsugiri, L87, M|100/100\n|switch|p2a: Serperior|Serperior, L79, M|248/248\n|turn|1\n|inactive|Battle timer is ON: inactive players will automatically lose when time's up. (requested by p0y161e0a5)\n|inactive|p0x1616203 also wants the timer to be on.\n|\n|t:|1783535609\n|switch|p1a: Copperajah|Copperajah, L86, F|100/100\n|move|p2a: Serperior|Leaf Storm|p1a: Copperajah\n|-resisted|p1a: Copperajah\n|-damage|p1a: Copperajah|85/100\n|-boost|p2a: Serperior|spa|2\n|\n|upkeep\n|turn|2\n|inactive|Time left: 300 sec this turn | 300 sec total\n|\n|t:|1783535610\n|move|p2a: Serperior|Substitute|p2a: Serperior\n|-start|p2a: Serperior|Substitute\n|-damage|p2a: Serperior|186/248\n|move|p1a: Copperajah|Heavy Slam|p2a: Serperior\n|-end|p2a: Serperior|Substitute\n|\n|-heal|p2a: Serperior|201/248|[from] item: Leftovers\n|upkeep\n|turn|3\n|inactive|Time left: 300 sec this turn | 300 sec total\n|\n|t:|1783535611\n|switch|p2a: Coalossal|Coalossal, L89, F|341/341\n|move|p1a: Copperajah|Heavy Slam|p2a: Coalossal\n|-damage|p2a: Coalossal|196/341\n|\n|upkeep\n|turn|4\n|inactive|Time left: 300 sec this turn | 300 sec total\n|\n|t:|1783535612\n|move|p2a: Coalossal|Spikes|p1a: Copperajah\n|-sidestart|p1: p0x1616203|Spikes\n|move|p1a: Copperajah|Heavy Slam|p2a: Coalossal\n|-damage|p2a: Coalossal|49/341\n|\n|upkeep\n|turn|5\n|inactive|Time left: 300 sec this turn | 300 sec total\n|\n|t:|1783535613\n|move|p2a: Coalossal|Flamethrower|p1a: Copperajah\n|-supereffective|p1a: Copperajah\n|-damage|p1a: Copperajah|26/100\n|-status|p1a: Copperajah|brn\n|move|p1a: Copperajah|Heavy Slam|p2a: Coalossal\n|-crit|p2a: Coalossal\n|-damage|p2a: Coalossal|0 fnt\n|faint|p2a: Coalossal\n|\n|-damage|p1a: Copperajah|20/100 brn|[from] brn\n|upkeep\n|inactive|Time left: 300 sec this turn | 300 sec total | 5 sec grace\n|\n|t:|1783535614\n|switch|p2a: Rayquaza|Rayquaza, L72|270/270\n|-ability|p2a: Rayquaza|Air Lock\n|turn|6\n|inactive|Time left: 300 sec this turn | 300 sec total\n|\n|t:|1783535615\n|move|p2a: Rayquaza|Outrage|p1a: Copperajah\n|-resisted|p1a: Copperajah\n|-damage|p1a: Copperajah|0 fnt\n|faint|p1a: Copperajah\n|\n|upkeep\n|\n|t:|1783535615\n|switch|p1a: Tatsugiri|Tatsugiri, L87, M|100/100\n|turn|7\n|inactive|Time left: 300 sec this turn | 300 sec total\n|\n|t:|1783535616\n|move|p1a: Tatsugiri|Draco Meteor|p2a: Rayquaza\n|-supereffective|p2a: Rayquaza\n|-damage|p2a: Rayquaza|0 fnt\n|-unboost|p1a: Tatsugiri|spa|2\n|faint|p2a: Rayquaza\n|\n|upkeep\n|inactive|Time left: 300 sec this turn | 300 sec total | 5 sec grace\n|\n|t:|1783535617\n|switch|p2a: Serperior|Serperior, L79, M|201/248\n|turn|8\n|inactive|Time left: 300 sec this turn | 300 sec total\n|\n|t:|1783535619\n|switch|p1a: Iron Moth|Iron Moth, L78|100/100\n|move|p2a: Serperior|Leaf Storm|p1a: Iron Moth\n|-resisted|p1a: Iron Moth\n|-damage|p1a: Iron Moth|91/100\n|-boost|p2a: Serperior|spa|2\n|\n|-heal|p2a: Serperior|216/248|[from] item: Leftovers\n|upkeep\n|turn|9\n|inactive|Time left: 300 sec this turn | 300 sec total\n|\n|t:|1783535620\n|move|p2a: Serperior|Substitute|p2a: Serperior\n|-start|p2a: Serperior|Substitute\n|-damage|p2a: Serperior|154/248\n|move|p1a: Iron Moth|Sludge Wave|p2a: Serperior\n|-supereffective|p2a: Serperior\n|-end|p2a: Serperior|Substitute\n|\n|-heal|p2a: Serperior|169/248|[from] item: Leftovers\n|upkeep\n|turn|10\n|inactive|Time left: 300 sec this turn | 300 sec total\n|\n|t:|1783535621\n|move|p2a: Serperior|Substitute|p2a: Serperior\n|-start|p2a: Serperior|Substitute\n|-damage|p2a: Serperior|107/248\n|move|p1a: Iron Moth|Sludge Wave|p2a: Serperior\n|-supereffective|p2a: Serperior\n|-end|p2a: Serperior|Substitute\n|\n|-heal|p2a: Serperior|122/248|[from] item: Leftovers\n|upkeep\n|turn|11\n|inactive|Time left: 300 sec this turn | 300 sec total\n|\n|t:|1783535622\n|move|p2a: Serperior|Substitute|p2a: Serperior\n|-start|p2a: Serperior|Substitute\n|-damage|p2a: Serperior|60/248\n|move|p1a: Iron Moth|Sludge Wave|p2a: Serperior\n|-supereffective|p2a: Serperior\n|-end|p2a: Serperior|Substitute\n|\n|-heal|p2a: Serperior|75/248|[from] item: Leftovers\n|upkeep\n|turn|12\n|inactive|Time left: 300 sec this turn | 300 sec total\n|\n|t:|1783535623\n|move|p2a: Serperior|Substitute|p2a: Serperior\n|-start|p2a: Serperior|Substitute\n|-damage|p2a: Serperior|13/248\n|move|p1a: Iron Moth|Sludge Wave|p2a: Serperior\n|-supereffective|p2a: Serperior\n|-crit|p2a: Serperior\n|-end|p2a: Serperior|Substitute\n|\n|-heal|p2a: Serperior|28/248|[from] item: Leftovers\n|upkeep\n|turn|13\n|inactive|Time left: 300 sec this turn | 300 sec total\n|\n|t:|1783535624\n|move|p2a: Serperior|Leaf Storm|p1a: Iron Moth\n|-resisted|p1a: Iron Moth\n|-damage|p1a: Iron Moth|73/100\n|-boost|p2a: Serperior|spa|2\n|move|p1a: Iron Moth|Fiery Dance|p2a: Serperior\n|-supereffective|p2a: Serperior\n|-damage|p2a: Serperior|0 fnt\n|-boost|p1a: Iron Moth|spa|1\n|faint|p2a: Serperior\n|\n|upkeep\n|inactive|Time left: 300 sec this turn | 300 sec total | 5 sec grace\n|\n|t:|1783535625\n|switch|p2a: Stantler|Stantler, L92, M|284/284\n|-ability|p2a: Stantler|Intimidate|boost\n|-unboost|p1a: Iron Moth|atk|1\n|turn|14\n|inactive|Time left: 300 sec this turn | 300 sec total\n|\n|t:|1783535626\n|move|p1a: Iron Moth|Sludge Wave|p2a: Stantler\n|-crit|p2a: Stantler\n|-damage|p2a: Stantler|98/284\n|move|p2a: Stantler|Earthquake|p1a: Iron Moth\n|-supereffective|p1a: Iron Moth\n|-damage|p1a: Iron Moth|0 fnt\n|faint|p1a: Iron Moth\n|-end|p1a: Iron Moth|Quark Drive|[silent]\n|\n|upkeep\n|\n|t:|1783535627\n|switch|p1a: Zamazenta|Zamazenta, L71|100/100\n|-damage|p1a: Zamazenta|88/100|[from] Spikes\n|-ability|p1a: Zamazenta|Dauntless Shield|boost\n|-boost|p1a: Zamazenta|def|1\n|turn|15\n|inactive|Time left: 300 sec this turn | 300 sec total\n|\n|t:|1783535628\n|move|p1a: Zamazenta|Close Combat|p2a: Stantler\n|-supereffective|p2a: Stantler\n|-damage|p2a: Stantler|0 fnt\n|-unboost|p1a: Zamazenta|def|1\n|-unboost|p1a: Zamazenta|spd|1\n|faint|p2a: Stantler\n|\n|upkeep\n|inactive|Time left: 300 sec this turn | 300 sec total | 5 sec grace\n|\n|t:|1783535629\n|switch|p2a: Klawf|Klawf, L90, F|272/272\n|turn|16\n|inactive|Time left: 300 sec this turn | 300 sec total\n|\n|t:|1783535630\n|-terastallize|p2a: Klawf|Water\n|move|p1a: Zamazenta|Close Combat|p2a: Klawf\n|-damage|p2a: Klawf|152/272\n|-unboost|p1a: Zamazenta|def|1\n|-unboost|p1a: Zamazenta|spd|1\n|move|p2a: Klawf|Swords Dance|p2a: Klawf\n|-boost|p2a: Klawf|atk|2\n|\n|upkeep\n|turn|17\n|inactive|Time left: 300 sec this turn | 300 sec total\n|\n|t:|1783535631\n|-terastallize|p1a: Zamazenta|Fighting\n|move|p1a: Zamazenta|Close Combat|p2a: Klawf\n|-damage|p2a: Klawf|0 fnt\n|-unboost|p1a: Zamazenta|def|1\n|-unboost|p1a: Zamazenta|spd|1\n|faint|p2a: Klawf\n|\n|upkeep\n|inactive|Time left: 300 sec this turn | 300 sec total | 5 sec grace\n|\n|t:|1783535632\n|switch|p2a: Tatsugiri|Tatsugiri, L87, F|260/260\n|turn|18\n|inactive|Time left: 300 sec this turn | 300 sec total\n|\n|t:|1783535633\n|move|p1a: Zamazenta|Close Combat|p2a: Tatsugiri\n|-damage|p2a: Tatsugiri|6/260\n|-unboost|p1a: Zamazenta|def|1\n|-unboost|p1a: Zamazenta|spd|1\n|move|p2a: Tatsugiri|Hydro Pump|p1a: Zamazenta\n|-damage|p1a: Zamazenta|0 fnt\n|faint|p1a: Zamazenta\n|\n|upkeep\n|\n|t:|1783535634\n|switch|p1a: Arcanine|Arcanine, L84, M|100/100\n|-ability|p1a: Arcanine|Intimidate|boost\n|-unboost|p2a: Tatsugiri|atk|1\n|turn|19\n|inactive|Time left: 300 sec this turn | 300 sec total\n|\n|t:|1783535635\n|move|p1a: Arcanine|Flare Blitz|p2a: Tatsugiri\n|-resisted|p2a: Tatsugiri\n|-damage|p2a: Tatsugiri|0 fnt\n|faint|p2a: Tatsugiri\n|-damage|p1a: Arcanine|99/100|[from] Recoil\n|\n|win|p0x1616203", "uploadtime": 1783535635, "views": 0, "rating": 0, "private": 0, "password": null, "_winner": "p0x1616203", "_our_name": "p0y161e0a5"}