{"id": "battle-gen9randombattle-986", "formatid": "gen9randombattle", "format": "[Gen 9] Random Battle", "players": ["p0x9864eb3", "p0y986f391"], "log": "|init|battle\n|title|p0x9864eb3 vs. p0y986f391\n|j|\u2606p0x9864eb3\n|j|\u2606p0y986f391\n|t:|1783550594\n|gametype|singles\n|player|p1|p0x9864eb3|265|\n|player|p2|p0y986f391|169|\n|gen|9\n|tier|[Gen 9] Random Battle\n|rule|Species Clause: Limit one of each Pok\u00e9mon\n|rule|HP Percentage Mod: HP is shown in percentages\n|rule|Sleep Clause Mod: Limit one foe put to sleep\n|rule|Illusion Level Mod: Illusion disguises the Pok\u00e9mon's true level\n|\n|t:|1783550594\n|teamsize|p1|6\n|teamsize|p2|6\n|start\n|switch|p1a: Iron Jugulis|Iron Jugulis, L77|271/271\n|switch|p2a: Klawf|Klawf, L90, F|100/100\n|turn|1\n|inactive|Battle timer is ON: inactive players will automatically lose when time's up. (requested by p0x9864eb3)\n|inactive|p0y986f391 also wants the timer to be on.\n|\n|t:|1783550595\n|move|p1a: Iron Jugulis|Meteor Beam||[still]\n|-prepare|p1a: Iron Jugulis|Meteor Beam\n|-boost|p1a: Iron Jugulis|spa|1\n|-enditem|p1a: Iron Jugulis|Power Herb\n|-anim|p1a: Iron Jugulis|Meteor Beam|p2a: Klawf\n|-damage|p2a: Klawf|36/100\n|move|p2a: Klawf|Stone Edge|p1a: Iron Jugulis|[miss]\n|-miss|p2a: Klawf|p1a: Iron Jugulis\n|\n|upkeep\n|turn|2\n|inactive|Time left: 300 sec this turn | 300 sec total\n|\n|t:|1783550597\n|switch|p2a: Lumineon|Lumineon, L93, M|100/100\n|move|p1a: Iron Jugulis|Dark Pulse|p2a: Lumineon\n|-damage|p2a: Lumineon|57/100\n|\n|upkeep\n|turn|3\n|inactive|Time left: 300 sec this turn | 300 sec total\n|\n|t:|1783550598\n|move|p2a: Lumineon|Ice Beam|p1a: Iron Jugulis\n|-supereffective|p1a: Iron Jugulis\n|-damage|p1a: Iron Jugulis|129/271\n|move|p1a: Iron Jugulis|Meteor Beam||[still]\n|-prepare|p1a: Iron Jugulis|Meteor Beam\n|-boost|p1a: Iron Jugulis|spa|1\n|\n|upkeep\n|turn|4\n|inactive|Time left: 300 sec this turn | 300 sec total\n|\n|t:|1783550599\n|move|p2a: Lumineon|Ice Beam|p1a: Iron Jugulis\n|-supereffective|p1a: Iron Jugulis\n|-damage|p1a: Iron Jugulis|0 fnt\n|faint|p1a: Iron Jugulis\n|-end|p1a: Iron Jugulis|Quark Drive|[silent]\n|\n|upkeep\n|inactive|Time left: 300 sec this turn | 300 sec total | 5 sec grace\n|\n|t:|1783550600\n|switch|p1a: Beartic|Beartic, L91, M|321/321\n|turn|5\n|inactive|Time left: 300 sec this turn | 300 sec total\n|\n|t:|1783550602\n|move|p2a: Lumineon|U-turn|p1a: Beartic\n|-damage|p1a: Beartic|275/321\n|\n|t:|1783550603\n|switch|p2a: Trevenant|Trevenant, L89, M|100/100|[from] U-turn\n|move|p1a: Beartic|Swords Dance|p1a: Beartic\n|-boost|p1a: Beartic|atk|2\n|\n|upkeep\n|turn|6\n|inactive|Time left: 300 sec this turn | 300 sec total\n|\n|t:|1783550604\n|move|p2a: Trevenant|Wood Hammer|p1a: Beartic\n|-damage|p1a: Beartic|71/321\n|-damage|p2a: Trevenant|78/100|[from] Recoil\n|-damage|p2a: Trevenant|68/100|[from] item: Life Orb\n|move|p1a: Beartic|Icicle Crash|p2a: Trevenant\n|-supereffective|p2a: Trevenant\n|-damage|p2a: Trevenant|0 fnt\n|faint|p2a: Trevenant\n|\n|upkeep\n|\n|t:|1783550605\n|switch|p2a: Klawf|Klawf, L90, F|69/100\n|turn|7\n|inactive|Time left: 300 sec this turn | 300 sec total\n|\n|t:|1783550606\n|move|p1a: Beartic|Aqua Jet|p2a: Klawf\n|-supereffective|p2a: Klawf\n|-damage|p2a: Klawf|25/100\n|move|p2a: Klawf|Crabhammer|p1a: Beartic\n|-damage|p1a: Beartic|0 fnt\n|faint|p1a: Beartic\n|\n|upkeep\n|inactive|Time left: 300 sec this turn | 300 sec total | 5 sec grace\n|\n|t:|1783550607\n|switch|p1a: Barraskewda|Barraskewda, L81, F|231/231\n|turn|8\n|inactive|Time left: 300 sec this turn | 300 sec total\n|\n|t:|1783550608\n|switch|p2a: Volcanion|Volcanion, L79|100/100\n|move|p1a: Barraskewda|Poison Jab|p2a: Volcanion\n|-damage|p2a: Volcanion|67/100\n|\n|upkeep\n|turn|9\n|inactive|Time left: 300 sec this turn | 300 sec total\n|\n|t:|1783550610\n|move|p1a: Barraskewda|Poison Jab|p2a: Volcanion\n|-damage|p2a: Volcanion|35/100\n|-status|p2a: Volcanion|psn\n|move|p2a: Volcanion|Steam Eruption|p1a: Barraskewda\n|-resisted|p1a: Barraskewda\n|-damage|p1a: Barraskewda|132/231\n|\n|-damage|p2a: Volcanion|22/100 psn|[from] psn\n|upkeep\n|turn|10\n|inactive|Time left: 300 sec this turn | 300 sec total\n|\n|t:|1783550611\n|switch|p2a: Klawf|Klawf, L90, F|59/100\n|move|p1a: Barraskewda|Poison Jab|p2a: Klawf\n|-resisted|p2a: Klawf\n|-damage|p2a: Klawf|46/100\n|-status|p2a: Klawf|psn\n|\n|-damage|p2a: Klawf|34/100 psn|[from] psn\n|upkeep\n|turn|11\n|inactive|Time left: 300 sec this turn | 300 sec total\n|\n|t:|1783550612\n|switch|p1a: Mudsdale|Mudsdale, L83, M|302/302\n|move|p2a: Klawf|High Horsepower|p1a: Mudsdale\n|-damage|p1a: Mudsdale|201/302\n|-ability|p1a: Mudsdale|Stamina|boost\n|-boost|p1a: Mudsdale|def|1\n|\n|-heal|p1a: Mudsdale|219/302|[from] item: Leftovers\n|-damage|p2a: Klawf|21/100 psn|[from] psn\n|upkeep\n|turn|12\n|inactive|Time left: 300 sec this turn | 300 sec total\n|\n|t:|1783550614\n|switch|p2a: Shaymin|Shaymin-Sky, L73|100/100\n|move|p1a: Mudsdale|Earthquake|p2a: Shaymin\n|-immune|p2a: Shaymin\n|\n|-heal|p1a: Mudsdale|237/302|[from] item: Leftovers\n|upkeep\n|turn|13\n|inactive|Time left: 300 sec this turn | 300 sec total\n|\n|t:|1783550615\n|-terastallize|p1a: Mudsdale|Steel\n|move|p2a: Shaymin|Seed Flare|p1a: Mudsdale\n|-resisted|p1a: Mudsdale\n|-damage|p1a: Mudsdale|181/302\n|-unboost|p1a: Mudsdale|spd|2\n|-ability|p1a: Mudsdale|Stamina|boost\n|-boost|p1a: Mudsdale|def|1\n|move|p1a: Mudsdale|Heavy Slam|p2a: Shaymin\n|-damage|p2a: Shaymin|33/100\n|\n|-heal|p2a: Shaymin|39/100|[from] item: Leftovers\n|-heal|p1a: Mudsdale|199/302|[from] item: Leftovers\n|upkeep\n|turn|14\n|inactive|Time left: 300 sec this turn | 300 sec total\n|\n|t:|1783550616\n|move|p2a: Shaymin|Air Slash|p1a: Mudsdale\n|-resisted|p1a: Mudsdale\n|-damage|p1a: Mudsdale|122/302\n|-ability|p1a: Mudsdale|Stamina|boost\n|-boost|p1a: Mudsdale|def|1\n|move|p1a: Mudsdale|Heavy Slam|p2a: Shaymin\n|-damage|p2a: Shaymin|0 fnt\n|faint|p2a: Shaymin\n|\n|-heal|p1a: Mudsdale|140/302|[from] item: Leftovers\n|upkeep\n|\n|t:|1783550617\n|switch|p2a: Volcanion|Volcanion, L79|22/100 psn\n|turn|15\n|inactive|Time left: 300 sec this turn | 300 sec total\n|\n|t:|1783550618\n|switch|p1a: Barraskewda|Barraskewda, L81, F|132/231\n|move|p2a: Volcanion|Flamethrower|p1a: Barraskewda\n|-resisted|p1a: Barraskewda\n|-damage|p1a: Barraskewda|44/231\n|-status|p1a: Barraskewda|brn\n|\n|-damage|p2a: Volcanion|10/100 psn|[from] psn\n|-damage|p1a: Barraskewda|30/231 brn|[from] brn\n|upkeep\n|turn|16\n|inactive|Time left: 300 sec this turn | 300 sec total\n|\n|t:|1783550619\n|move|p1a: Barraskewda|Close Combat|p2a: Volcanion\n|-damage|p2a: Volcanion|0 fnt\n|-unboost|p1a: Barraskewda|def|1\n|-unboost|p1a: Barraskewda|spd|1\n|faint|p2a: Volcanion\n|\n|-damage|p1a: Barraskewda|16/231 brn|[from] brn\n|upkeep\n|\n|t:|1783550620\n|switch|p2a: Bastiodon|Bastiodon, L89, M|100/100\n|turn|17\n|inactive|Time left: 300 sec this turn | 300 sec total\n|\n|t:|1783550621\n|-terastallize|p2a: Bastiodon|Fighting\n|move|p1a: Barraskewda|Close Combat|p2a: Bastiodon\n|-damage|p2a: Bastiodon|85/100\n|-unboost|p1a: Barraskewda|def|1\n|-unboost|p1a: Barraskewda|spd|1\n|move|p2a: Bastiodon|Iron Defense|p2a: Bastiodon\n|-boost|p2a: Bastiodon|def|2\n|\n|-damage|p1a: Barraskewda|2/231 brn|[from] brn\n|upkeep\n|turn|18\n|inactive|Time left: 300 sec this turn | 300 sec total\n|\n|t:|1783550622\n|switch|p1a: Gholdengo|Gholdengo, L77|261/261\n|move|p2a: Bastiodon|Body Press|p1a: Gholdengo\n|-immune|p1a: Gholdengo\n|\n|upkeep\n|turn|19\n|inactive|Time left: 300 sec this turn | 300 sec total\n|\n|t:|1783550623\n|move|p1a: Gholdengo|Trick|p2a: Bastiodon\n|-activate|p1a: Gholdengo|move: Trick|[of] p2a: Bastiodon\n|-item|p2a: Bastiodon|Choice Scarf|[from] move: Trick\n|-item|p1a: Gholdengo|Chesto Berry|[from] move: Trick\n|move|p2a: Bastiodon|Foul Play|p1a: Gholdengo\n|-supereffective|p1a: Gholdengo\n|-damage|p1a: Gholdengo|195/261\n|\n|upkeep\n|turn|20\n|inactive|Time left: 300 sec this turn | 300 sec total\n|\n|t:|1783550624\n|move|p1a: Gholdengo|Shadow Ball|p2a: Bastiodon\n|-damage|p2a: Bastiodon|61/100\n|move|p2a: Bastiodon|Foul Play|p1a: Gholdengo\n|-supereffective|p1a: Gholdengo\n|-damage|p1a: Gholdengo|127/261\n|\n|upkeep\n|turn|21\n|inactive|Time left: 300 sec this turn | 300 sec total\n|\n|t:|1783550625\n|move|p1a: Gholdengo|Shadow Ball|p2a: Bastiodon\n|-damage|p2a: Bastiodon|36/100\n|move|p2a: Bastiodon|Foul Play|p1a: Gholdengo\n|-supereffective|p1a: Gholdengo\n|-damage|p1a: Gholdengo|63/261\n|\n|upkeep\n|turn|22\n|inactive|Time left: 300 sec this turn | 300 sec total\n|\n|t:|1783550626\n|move|p1a: Gholdengo|Make It Rain|p2a: Bastiodon\n|-damage|p2a: Bastiodon|0 fnt\n|-unboost|p1a: Gholdengo|spa|1\n|faint|p2a: Bastiodon\n|\n|upkeep\n|\n|t:|1783550627\n|switch|p2a: Klawf|Klawf, L90, F|54/100 psn\n|turn|23\n|inactive|Time left: 300 sec this turn | 300 sec total\n|\n|t:|1783550629\n|switch|p1a: Barraskewda|Barraskewda, L81, F|2/231 brn\n|move|p2a: Klawf|High Horsepower|p1a: Barraskewda\n|-damage|p1a: Barraskewda|0 fnt\n|faint|p1a: Barraskewda\n|\n|-damage|p2a: Klawf|42/100 psn|[from] psn\n|upkeep\n|inactive|Time left: 300 sec this turn | 300 sec total | 5 sec grace\n|\n|t:|1783550630\n|switch|p1a: Rhyperior|Rhyperior, L82, M|323/323\n|turn|24\n|inactive|Time left: 300 sec this turn | 300 sec total\n|\n|t:|1783550631\n|switch|p2a: Lumineon|Lumineon, L93, M|57/100\n|move|p1a: Rhyperior|Stone Edge|p2a: Lumineon\n|-damage|p2a: Lumineon|11/100\n|\n|upkeep\n|turn|25\n|inactive|Time left: 300 sec this turn | 300 sec total\n|\n|t:|1783550632\n|switch|p1a: Gholdengo|Gholdengo, L77|63/261\n|move|p2a: Lumineon|Hydro Pump|p1a: Gholdengo|[miss]\n|-miss|p2a: Lumineon|p1a: Gholdengo\n|\n|upkeep\n|turn|26\n|inactive|Time left: 300 sec this turn | 300 sec total\n|\n|t:|1783550633\n|move|p2a: Lumineon|Hydro Pump|p1a: Gholdengo\n|-damage|p1a: Gholdengo|0 fnt\n|faint|p1a: Gholdengo\n|\n|upkeep\n|inactive|Time left: 300 sec this turn | 300 sec total | 5 sec grace\n|\n|t:|1783550634\n|switch|p1a: Mudsdale|Mudsdale, L83, M, tera:Steel|140/302\n|turn|27\n|inactive|Time left: 300 sec this turn | 300 sec total\n|\n|t:|1783550635\n|move|p2a: Lumineon|Hydro Pump|p1a: Mudsdale\n|-damage|p1a: Mudsdale|25/302\n|-ability|p1a: Mudsdale|Stamina|boost\n|-boost|p1a: Mudsdale|def|1\n|move|p1a: Mudsdale|Earthquake|p2a: Lumineon\n|-damage|p2a: Lumineon|0 fnt\n|faint|p2a: Lumineon\n|\n|-heal|p1a: Mudsdale|43/302|[from] item: Leftovers\n|upkeep\n|\n|t:|1783550635\n|switch|p2a: Klawf|Klawf, L90, F|75/100 psn\n|turn|28\n|inactive|Time left: 300 sec this turn | 300 sec total\n|\n|t:|1783550636\n|move|p2a: Klawf|Crabhammer|p1a: Mudsdale\n|-damage|p1a: Mudsdale|0 fnt\n|faint|p1a: Mudsdale\n|\n|-damage|p2a: Klawf|62/100 psn|[from] psn\n|upkeep\n|inactive|Time left: 300 sec this turn | 300 sec total | 5 sec grace\n|\n|t:|1783550637\n|switch|p1a: Rhyperior|Rhyperior, L82, M|323/323\n|turn|29\n|inactive|Time left: 300 sec this turn | 300 sec total\n|\n|t:|1783550638\n|move|p2a: Klawf|Crabhammer|p1a: Rhyperior\n|-supereffective|p1a: Rhyperior\n|-damage|p1a: Rhyperior|35/323\n|move|p1a: Rhyperior|Earthquake|p2a: Klawf\n|-supereffective|p2a: Klawf\n|-crit|p2a: Klawf\n|-damage|p2a: Klawf|0 fnt\n|faint|p2a: Klawf\n|\n|win|p0x9864eb3", "uploadtime": 1783550638, "views": 0, "rating": 0, "private": 0, "password": null, "_winner": "p0x9864eb3", "_our_name": "p0x9864eb3"}