{"id": "battle-gen9randombattle-194", "formatid": "gen9randombattle", "format": "[Gen 9] Random Battle", "players": ["p0x194d1ac", "p0y194da3f"], "log": "|init|battle\n|title|p0x194d1ac vs. p0y194da3f\n|j|\u2606p0x194d1ac\n|j|\u2606p0y194da3f\n|t:|1783535488\n|gametype|singles\n|player|p1|p0x194d1ac|266|\n|player|p2|p0y194da3f|102|\n|gen|9\n|tier|[Gen 9] Random Battle\n|rule|Species Clause: Limit one of each Pok\u00e9mon\n|rule|HP Percentage Mod: HP is shown in percentages\n|rule|Sleep Clause Mod: Limit one foe put to sleep\n|rule|Illusion Level Mod: Illusion disguises the Pok\u00e9mon's true level\n|\n|t:|1783535488\n|teamsize|p1|6\n|teamsize|p2|6\n|start\n|switch|p1a: Ditto|Ditto, L87|100/100\n|switch|p2a: Pincurchin|Pincurchin, F|258/258\n|-transform|p1a: Ditto|p2a: Pincurchin|[from] ability: Imposter\n|-fieldstart|move: Electric Terrain|[from] ability: Electric Surge|[of] p1a: Ditto\n|turn|1\n|inactive|Battle timer is ON: inactive players will automatically lose when time's up. (requested by p0y194da3f)\n|inactive|p0x194d1ac also wants the timer to be on.\n|\n|t:|1783535490\n|switch|p1a: Abomasnow|Abomasnow, L84, F|100/100\n|-weather|Snowscape|[from] ability: Snow Warning|[of] p1a: Abomasnow\n|move|p2a: Pincurchin|Zing Zap|p1a: Abomasnow\n|-resisted|p1a: Abomasnow\n|-damage|p1a: Abomasnow|80/100\n|\n|-weather|Snowscape|[upkeep]\n|upkeep\n|turn|2\n|inactive|Time left: 300 sec this turn | 300 sec total\n|\n|t:|1783535491\n|move|p1a: Abomasnow|Aurora Veil|p1a: Abomasnow\n|-sidestart|p1: p0x194d1ac|move: Aurora Veil\n|move|p2a: Pincurchin|Zing Zap|p1a: Abomasnow\n|-resisted|p1a: Abomasnow\n|-damage|p1a: Abomasnow|70/100\n|\n|-weather|Snowscape|[upkeep]\n|upkeep\n|turn|3\n|inactive|Time left: 300 sec this turn | 300 sec total\n|\n|t:|1783535492\n|move|p1a: Abomasnow|Blizzard|p2a: Pincurchin\n|-damage|p2a: Pincurchin|168/258\n|move|p2a: Pincurchin|Zing Zap|p1a: Abomasnow\n|-resisted|p1a: Abomasnow\n|-damage|p1a: Abomasnow|60/100\n|\n|-weather|Snowscape|[upkeep]\n|-heal|p2a: Pincurchin|184/258|[from] item: Leftovers\n|upkeep\n|turn|4\n|inactive|Time left: 300 sec this turn | 300 sec total\n|\n|t:|1783535493\n|move|p1a: Abomasnow|Wood Hammer|p2a: Pincurchin\n|-damage|p2a: Pincurchin|78/258\n|-damage|p1a: Abomasnow|48/100|[from] Recoil\n|move|p2a: Pincurchin|Recover|p2a: Pincurchin\n|-heal|p2a: Pincurchin|207/258\n|\n|-weather|Snowscape|[upkeep]\n|-heal|p2a: Pincurchin|223/258|[from] item: Leftovers\n|upkeep\n|turn|5\n|inactive|Time left: 300 sec this turn | 300 sec total\n|\n|t:|1783535495\n|move|p1a: Abomasnow|Blizzard|p2a: Pincurchin\n|-damage|p2a: Pincurchin|129/258\n|-status|p2a: Pincurchin|frz\n|cant|p2a: Pincurchin|frz\n|\n|-weather|none\n|-heal|p2a: Pincurchin|145/258 frz|[from] item: Leftovers\n|-fieldend|move: Electric Terrain\n|upkeep\n|turn|6\n|inactive|Time left: 300 sec this turn | 300 sec total\n|\n|t:|1783535495\n|move|p1a: Abomasnow|Blizzard|p2a: Pincurchin|[miss]\n|-miss|p1a: Abomasnow|p2a: Pincurchin\n|cant|p2a: Pincurchin|frz\n|\n|-heal|p2a: Pincurchin|161/258 frz|[from] item: Leftovers\n|upkeep\n|turn|7\n|inactive|Time left: 300 sec this turn | 300 sec total\n|\n|t:|1783535496\n|switch|p1a: Ribombee|Ribombee, L83, M|100/100\n|cant|p2a: Pincurchin|frz\n|\n|-heal|p2a: Pincurchin|177/258 frz|[from] item: Leftovers\n|upkeep\n|turn|8\n|inactive|Time left: 300 sec this turn | 300 sec total\n|\n|t:|1783535497\n|switch|p2a: Espeon|Espeon, L84, M|246/246\n|move|p1a: Ribombee|Sticky Web|p2a: Espeon\n|move|p2a: Espeon|Sticky Web|p1a: Ribombee|[from] ability: Magic Bounce\n|-sidestart|p1: p0x194d1ac|move: Sticky Web\n|\n|upkeep\n|turn|9\n|inactive|Time left: 300 sec this turn | 300 sec total\n|\n|t:|1783535499\n|move|p1a: Ribombee|Bug Buzz|p2a: Espeon\n|-supereffective|p2a: Espeon\n|-damage|p2a: Espeon|82/246\n|move|p2a: Espeon|Calm Mind|p2a: Espeon\n|-boost|p2a: Espeon|spa|1\n|-boost|p2a: Espeon|spd|1\n|\n|-sideend|p1: p0x194d1ac|move: Aurora Veil\n|upkeep\n|turn|10\n|inactive|Time left: 300 sec this turn | 300 sec total\n|\n|t:|1783535500\n|-terastallize|p2a: Espeon|Fairy\n|move|p1a: Ribombee|Bug Buzz|p2a: Espeon\n|-resisted|p2a: Espeon\n|-damage|p2a: Espeon|54/246\n|move|p2a: Espeon|Psyshock|p1a: Ribombee\n|-damage|p1a: Ribombee|0 fnt\n|faint|p1a: Ribombee\n|-damage|p2a: Espeon|30/246|[from] item: Life Orb\n|\n|upkeep\n|\n|t:|1783535501\n|switch|p1a: Abomasnow|Abomasnow, L84, F|48/100\n|-activate|p1a: Abomasnow|move: Sticky Web\n|-unboost|p1a: Abomasnow|spe|1\n|-weather|Snowscape|[from] ability: Snow Warning|[of] p1a: Abomasnow\n|turn|11\n|inactive|Time left: 300 sec this turn | 300 sec total\n|\n|t:|1783535502\n|move|p1a: Abomasnow|Ice Shard|p2a: Espeon\n|-damage|p2a: Espeon|0 fnt\n|faint|p2a: Espeon\n|\n|-weather|Snowscape|[upkeep]\n|upkeep\n|inactive|Time left: 300 sec this turn | 300 sec total | 5 sec grace\n|\n|t:|1783535503\n|switch|p2a: Golem|Golem, L87, M|281/281\n|turn|12\n|inactive|Time left: 300 sec this turn | 300 sec total\n|\n|t:|1783535504\n|move|p2a: Golem|Stone Edge|p1a: Abomasnow|[miss]\n|-miss|p2a: Golem|p1a: Abomasnow\n|move|p1a: Abomasnow|Aurora Veil|p1a: Abomasnow\n|-sidestart|p1: p0x194d1ac|move: Aurora Veil\n|\n|-weather|Snowscape|[upkeep]\n|upkeep\n|turn|13\n|inactive|Time left: 300 sec this turn | 300 sec total\n|\n|t:|1783535505\n|switch|p2a: Pincurchin|Pincurchin, F|177/258 frz\n|-fieldstart|move: Electric Terrain|[from] ability: Electric Surge|[of] p2a: Pincurchin\n|move|p1a: Abomasnow|Blizzard|p2a: Pincurchin\n|-damage|p2a: Pincurchin|84/258 frz\n|\n|-weather|Snowscape|[upkeep]\n|-heal|p2a: Pincurchin|100/258 frz|[from] item: Leftovers\n|upkeep\n|turn|14\n|inactive|Time left: 300 sec this turn | 300 sec total\n|\n|t:|1783535506\n|move|p1a: Abomasnow|Blizzard|p2a: Pincurchin\n|-damage|p2a: Pincurchin|0 fnt\n|faint|p2a: Pincurchin\n|\n|-weather|Snowscape|[upkeep]\n|upkeep\n|inactive|Time left: 300 sec this turn | 300 sec total | 5 sec grace\n|\n|t:|1783535507\n|switch|p2a: Sinistcha|Sinistcha-Masterpiece, L83|254/254\n|turn|15\n|inactive|Time left: 300 sec this turn | 300 sec total\n|\n|t:|1783535508\n|move|p2a: Sinistcha|Calm Mind|p2a: Sinistcha\n|-boost|p2a: Sinistcha|spa|1\n|-boost|p2a: Sinistcha|spd|1\n|move|p1a: Abomasnow|Blizzard|p2a: Sinistcha\n|-supereffective|p2a: Sinistcha\n|-crit|p2a: Sinistcha\n|-damage|p2a: Sinistcha|0 fnt\n|faint|p2a: Sinistcha\n|\n|-weather|none\n|upkeep\n|inactive|Time left: 300 sec this turn | 300 sec total | 5 sec grace\n|\n|t:|1783535509\n|switch|p2a: Golem|Golem, L87, M|281/281\n|turn|16\n|inactive|Time left: 300 sec this turn | 300 sec total\n|\n|t:|1783535510\n|move|p2a: Golem|Stone Edge|p1a: Abomasnow\n|-supereffective|p1a: Abomasnow\n|-crit|p1a: Abomasnow\n|-damage|p1a: Abomasnow|0 fnt\n|faint|p1a: Abomasnow\n|\n|upkeep\n|\n|t:|1783535511\n|switch|p1a: Jumpluff|Jumpluff, L87, F|100/100\n|turn|17\n|inactive|Time left: 300 sec this turn | 300 sec total\n|\n|t:|1783535512\n|move|p1a: Jumpluff|Substitute|p1a: Jumpluff\n|-start|p1a: Jumpluff|Substitute\n|-damage|p1a: Jumpluff|76/100\n|move|p2a: Golem|Stealth Rock|p1a: Jumpluff\n|-sidestart|p1: p0x194d1ac|move: Stealth Rock\n|\n|-fieldend|move: Electric Terrain\n|upkeep\n|turn|18\n|inactive|Time left: 300 sec this turn | 300 sec total\n|\n|t:|1783535513\n|move|p1a: Jumpluff|Strength Sap|p2a: Golem\n|-unboost|p2a: Golem|atk|1\n|-heal|p1a: Jumpluff|100/100\n|move|p2a: Golem|Stone Edge|p1a: Jumpluff\n|-supereffective|p1a: Jumpluff\n|-end|p1a: Jumpluff|Substitute\n|\n|upkeep\n|turn|19\n|inactive|Time left: 300 sec this turn | 300 sec total\n|\n|t:|1783535514\n|switch|p2a: Kilowattrel|Kilowattrel, L83, M|252/252\n|move|p1a: Jumpluff|Acrobatics|p2a: Kilowattrel\n|-resisted|p2a: Kilowattrel\n|-damage|p2a: Kilowattrel|192/252\n|\n|-sideend|p1: p0x194d1ac|move: Aurora Veil\n|upkeep\n|turn|20\n|inactive|Time left: 300 sec this turn | 300 sec total\n|\n|t:|1783535515\n|move|p2a: Kilowattrel|Hurricane|p1a: Jumpluff\n|-supereffective|p1a: Jumpluff\n|-damage|p1a: Jumpluff|18/100\n|-start|p1a: Jumpluff|confusion\n|-activate|p1a: Jumpluff|confusion\n|-damage|p1a: Jumpluff|8/100|[from] confusion\n|\n|upkeep\n|turn|21\n|inactive|Time left: 300 sec this turn | 300 sec total\n|\n|t:|1783535516\n|switch|p1a: Dialga|Dialga, L73|100/100\n|-activate|p1a: Dialga|move: Sticky Web\n|-unboost|p1a: Dialga|spe|1\n|-damage|p1a: Dialga|94/100|[from] Stealth Rock\n|-ability|p1a: Dialga|Pressure\n|move|p2a: Kilowattrel|Discharge|p1a: Dialga\n|-resisted|p1a: Dialga\n|-damage|p1a: Dialga|83/100\n|\n|upkeep\n|turn|22\n|inactive|Time left: 300 sec this turn | 300 sec total\n|\n|t:|1783535517\n|move|p2a: Kilowattrel|U-turn|p1a: Dialga\n|-resisted|p1a: Dialga\n|-damage|p1a: Dialga|76/100\n|inactive|Time left: 300 sec this turn | 300 sec total | 5 sec grace\n|\n|t:|1783535518\n|switch|p2a: Golem|Golem, L87, M|281/281|[from] U-turn\n|move|p1a: Dialga|Draco Meteor|p2a: Golem\n|-damage|p2a: Golem|94/281\n|-unboost|p1a: Dialga|spa|2\n|\n|upkeep\n|turn|23\n|inactive|Time left: 300 sec this turn | 300 sec total\n|\n|t:|1783535518\n|switch|p1a: Jumpluff|Jumpluff, L87, F|8/100\n|-damage|p1a: Jumpluff|0 fnt|[from] Stealth Rock\n|faint|p1a: Jumpluff\n|move|p2a: Golem|Earthquake|p1: Jumpluff|[notarget]\n|-fail|p2a: Golem\n|\n|upkeep\n|\n|t:|1783535519\n|switch|p1a: Floatzel|Floatzel, L86, M|100/100\n|-activate|p1a: Floatzel|move: Sticky Web\n|-unboost|p1a: Floatzel|spe|1\n|-damage|p1a: Floatzel|88/100|[from] Stealth Rock\n|turn|24\n|inactive|Time left: 300 sec this turn | 300 sec total\n|\n|t:|1783535520\n|switch|p2a: Lumineon|Lumineon, L93, M|279/279\n|move|p1a: Floatzel|Bulk Up|p1a: Floatzel\n|-boost|p1a: Floatzel|atk|1\n|-boost|p1a: Floatzel|def|1\n|\n|-heal|p1a: Floatzel|94/100|[from] item: Leftovers\n|upkeep\n|turn|25\n|inactive|Time left: 300 sec this turn | 300 sec total\n|\n|t:|1783535521\n|move|p2a: Lumineon|Ice Beam|p1a: Floatzel\n|-resisted|p1a: Floatzel\n|-damage|p1a: Floatzel|80/100\n|move|p1a: Floatzel|Bulk Up|p1a: Floatzel\n|-boost|p1a: Floatzel|atk|1\n|-boost|p1a: Floatzel|def|1\n|\n|-heal|p1a: Floatzel|86/100|[from] item: Leftovers\n|upkeep\n|turn|26\n|inactive|Time left: 300 sec this turn | 300 sec total\n|\n|t:|1783535523\n|move|p2a: Lumineon|Encore|p1a: Floatzel\n|-start|p1a: Floatzel|Encore\n|move|p1a: Floatzel|Bulk Up|p1a: Floatzel\n|-boost|p1a: Floatzel|atk|1\n|-boost|p1a: Floatzel|def|1\n|\n|-heal|p1a: Floatzel|92/100|[from] item: Leftovers\n|upkeep\n|turn|27\n|inactive|Time left: 300 sec this turn | 300 sec total\n|\n|t:|1783535524\n|switch|p2a: Kilowattrel|Kilowattrel, L83, M|192/252\n|move|p1a: Floatzel|Bulk Up|p1a: Floatzel\n|-boost|p1a: Floatzel|atk|1\n|-boost|p1a: Floatzel|def|1\n|\n|-heal|p1a: Floatzel|98/100|[from] item: Leftovers\n|upkeep\n|turn|28\n|inactive|Time left: 300 sec this turn | 300 sec total\n|\n|t:|1783535525\n|move|p2a: Kilowattrel|Discharge|p1a: Floatzel\n|-supereffective|p1a: Floatzel\n|-damage|p1a: Floatzel|5/100\n|move|p1a: Floatzel|Bulk Up|p1a: Floatzel\n|-boost|p1a: Floatzel|atk|1\n|-boost|p1a: Floatzel|def|1\n|\n|-heal|p1a: Floatzel|11/100|[from] item: Leftovers\n|-end|p1a: Floatzel|Encore\n|upkeep\n|turn|29\n|inactive|Time left: 300 sec this turn | 300 sec total\n|\n|t:|1783535526\n|move|p2a: Kilowattrel|Discharge|p1a: Floatzel\n|-supereffective|p1a: Floatzel\n|-damage|p1a: Floatzel|0 fnt\n|faint|p1a: Floatzel\n|\n|upkeep\n|\n|t:|1783535527\n|switch|p1a: Dialga|Dialga, L73|76/100\n|-activate|p1a: Dialga|move: Sticky Web\n|-unboost|p1a: Dialga|spe|1\n|-damage|p1a: Dialga|70/100|[from] Stealth Rock\n|-ability|p1a: Dialga|Pressure\n|turn|30\n|inactive|Time left: 300 sec this turn | 300 sec total\n|\n|t:|1783535528\n|switch|p2a: Lumineon|Lumineon, L93, M|279/279\n|move|p1a: Dialga|Heavy Slam|p2a: Lumineon\n|-resisted|p2a: Lumineon\n|-crit|p2a: Lumineon\n|-damage|p2a: Lumineon|186/279\n|\n|upkeep\n|turn|31\n|inactive|Time left: 300 sec this turn | 300 sec total\n|\n|t:|1783535528\n|move|p2a: Lumineon|Ice Beam|p1a: Dialga\n|-damage|p1a: Dialga|54/100\n|move|p1a: Dialga|Heavy Slam|p2a: Lumineon\n|-resisted|p2a: Lumineon\n|-damage|p2a: Lumineon|123/279\n|\n|upkeep\n|turn|32\n|inactive|Time left: 300 sec this turn | 300 sec total\n|\n|t:|1783535529\n|move|p2a: Lumineon|Ice Beam|p1a: Dialga\n|-damage|p1a: Dialga|38/100\n|move|p1a: Dialga|Fire Blast|p2a: Lumineon\n|-resisted|p2a: Lumineon\n|-damage|p2a: Lumineon|84/279\n|\n|upkeep\n|turn|33\n|inactive|Time left: 300 sec this turn | 300 sec total\n|\n|t:|1783535530\n|move|p2a: Lumineon|Ice Beam|p1a: Dialga\n|-damage|p1a: Dialga|21/100\n|move|p1a: Dialga|Draco Meteor|p2a: Lumineon\n|-damage|p2a: Lumineon|0 fnt\n|-unboost|p1a: Dialga|spa|2\n|faint|p2a: Lumineon\n|\n|upkeep\n|inactive|Time left: 300 sec this turn | 300 sec total | 5 sec grace\n|\n|t:|1783535531\n|switch|p2a: Golem|Golem, L87, M|94/281\n|turn|34\n|inactive|Time left: 300 sec this turn | 300 sec total\n|\n|t:|1783535532\n|switch|p1a: Ditto|Ditto, L87|100/100\n|-activate|p1a: Ditto|move: Sticky Web\n|-unboost|p1a: Ditto|spe|1\n|-damage|p1a: Ditto|88/100|[from] Stealth Rock\n|-transform|p1a: Ditto|p2a: Golem|[from] ability: Imposter\n|move|p2a: Golem|Earthquake|p1a: Ditto\n|-supereffective|p1a: Ditto\n|-damage|p1a: Ditto|10/100\n|\n|upkeep\n|turn|35\n|inactive|Time left: 300 sec this turn | 300 sec total\n|\n|t:|1783535533\n|move|p1a: Ditto|Earthquake|p2a: Golem\n|-supereffective|p2a: Golem\n|-damage|p2a: Golem|0 fnt\n|faint|p2a: Golem\n|\n|upkeep\n|inactive|Time left: 300 sec this turn | 300 sec total | 5 sec grace\n|\n|t:|1783535534\n|switch|p2a: Kilowattrel|Kilowattrel, L83, M|192/252\n|turn|36\n|inactive|Time left: 300 sec this turn | 300 sec total\n|\n|t:|1783535535\n|move|p2a: Kilowattrel|U-turn|p1a: Ditto\n|-damage|p1a: Ditto|0 fnt\n|faint|p1a: Ditto\n|\n|upkeep\n|\n|t:|1783535536\n|switch|p1a: Dialga|Dialga, L73|21/100\n|-activate|p1a: Dialga|move: Sticky Web\n|-unboost|p1a: Dialga|spe|1\n|-damage|p1a: Dialga|15/100|[from] Stealth Rock\n|-ability|p1a: Dialga|Pressure\n|turn|37\n|inactive|Time left: 300 sec this turn | 300 sec total\n|\n|t:|1783535537\n|-terastallize|p1a: Dialga|Dragon\n|move|p2a: Kilowattrel|Hurricane|p1a: Dialga\n|-damage|p1a: Dialga|0 fnt\n|faint|p1a: Dialga\n|\n|win|p0y194da3f", "uploadtime": 1783535537, "views": 0, "rating": 0, "private": 0, "password": null, "_winner": "p0y194da3f", "_our_name": "p0y194da3f"}