{"id": "battle-gen9randombattle-1277", "formatid": "gen9randombattle", "format": "[Gen 9] Random Battle", "players": ["p0x12776480", "p0y1277cace"], "log": "|init|battle\n|title|p0x12776480 vs. p0y1277cace\n|j|\u2606p0x12776480\n|j|\u2606p0y1277cace\n|t:|1783554822\n|gametype|singles\n|player|p1|p0x12776480|1|\n|player|p2|p0y1277cace|2|\n|gen|9\n|tier|[Gen 9] Random Battle\n|rule|Species Clause: Limit one of each Pok\u00e9mon\n|rule|HP Percentage Mod: HP is shown in percentages\n|rule|Sleep Clause Mod: Limit one foe put to sleep\n|rule|Illusion Level Mod: Illusion disguises the Pok\u00e9mon's true level\n|\n|t:|1783554822\n|teamsize|p1|6\n|teamsize|p2|6\n|start\n|switch|p1a: Corviknight|Corviknight, L80, M|288/288\n|switch|p2a: Lurantis|Lurantis, L87, M|100/100\n|turn|1\n|inactive|Battle timer is ON: inactive players will automatically lose when time's up. (requested by p0x12776480)\n|\n|t:|1783554824\n|move|p1a: Corviknight|Brave Bird|p2a: Lurantis\n|-supereffective|p2a: Lurantis\n|-damage|p2a: Lurantis|23/100\n|-damage|p1a: Corviknight|221/288|[from] Recoil\n|move|p2a: Lurantis|Superpower|p1a: Corviknight\n|-damage|p1a: Corviknight|130/288\n|-boost|p2a: Lurantis|atk|1\n|-boost|p2a: Lurantis|def|1\n|-damage|p2a: Lurantis|7/100|[from] item: Rocky Helmet|[of] p1a: Corviknight\n|\n|upkeep\n|turn|2\n|inactive|Time left: 300 sec this turn | 300 sec total\n|inactive|p0y1277cace also wants the timer to be on.\n|\n|t:|1783554825\n|move|p1a: Corviknight|Roost|p1a: Corviknight\n|-heal|p1a: Corviknight|274/288\n|-singleturn|p1a: Corviknight|move: Roost\n|move|p2a: Lurantis|Superpower|p1a: Corviknight\n|-supereffective|p1a: Corviknight\n|-damage|p1a: Corviknight|6/288\n|-boost|p2a: Lurantis|atk|1\n|-boost|p2a: Lurantis|def|1\n|-damage|p2a: Lurantis|0 fnt|[from] item: Rocky Helmet|[of] p1a: Corviknight\n|faint|p2a: Lurantis\n|\n|upkeep\n|\n|t:|1783554826\n|switch|p2a: Zekrom|Zekrom, L71|100/100\n|-ability|p2a: Zekrom|Teravolt\n|turn|3\n|inactive|Time left: 300 sec this turn | 300 sec total\n|\n|t:|1783554827\n|move|p2a: Zekrom|Dragon Dance|p2a: Zekrom\n|-boost|p2a: Zekrom|atk|1\n|-boost|p2a: Zekrom|spe|1\n|move|p1a: Corviknight|Roost|p1a: Corviknight\n|-heal|p1a: Corviknight|150/288\n|-singleturn|p1a: Corviknight|move: Roost\n|\n|upkeep\n|turn|4\n|inactive|Time left: 300 sec this turn | 300 sec total\n|\n|t:|1783554828\n|move|p2a: Zekrom|Outrage|p1a: Corviknight\n|-resisted|p1a: Corviknight\n|-damage|p1a: Corviknight|62/288\n|-damage|p2a: Zekrom|84/100|[from] item: Rocky Helmet|[of] p1a: Corviknight\n|move|p1a: Corviknight|Roost|p1a: Corviknight\n|-heal|p1a: Corviknight|206/288\n|-singleturn|p1a: Corviknight|move: Roost\n|\n|-heal|p2a: Zekrom|90/100|[from] item: Leftovers\n|upkeep\n|turn|5\n|inactive|Time left: 300 sec this turn | 300 sec total\n|\n|t:|1783554829\n|switch|p1a: Arceus|Arceus-Fairy, L69|280/280\n|move|p2a: Zekrom|Outrage|p1a: Arceus|[from] lockedmove\n|-immune|p1a: Arceus\n|\n|-heal|p2a: Zekrom|96/100|[from] item: Leftovers\n|upkeep\n|turn|6\n|inactive|Time left: 300 sec this turn | 300 sec total\n|\n|t:|1783554831\n|move|p2a: Zekrom|Bolt Strike|p1a: Arceus|[miss]\n|-miss|p2a: Zekrom|p1a: Arceus\n|move|p1a: Arceus|Judgment|p2a: Zekrom\n|-supereffective|p2a: Zekrom\n|-damage|p2a: Zekrom|14/100\n|\n|-heal|p2a: Zekrom|21/100|[from] item: Leftovers\n|upkeep\n|turn|7\n|inactive|Time left: 300 sec this turn | 300 sec total\n|\n|t:|1783554832\n|switch|p1a: Palossand|Palossand, L89, F|296/296\n|move|p2a: Zekrom|Bolt Strike|p1a: Palossand\n|-immune|p1a: Palossand\n|\n|-heal|p2a: Zekrom|27/100|[from] item: Leftovers\n|upkeep\n|turn|8\n|inactive|Time left: 300 sec this turn | 300 sec total\n|\n|t:|1783554833\n|move|p2a: Zekrom|Substitute|p2a: Zekrom\n|-start|p2a: Zekrom|Substitute\n|-damage|p2a: Zekrom|2/100\n|move|p1a: Palossand|Earth Power|p2a: Zekrom\n|-supereffective|p2a: Zekrom\n|-end|p2a: Zekrom|Substitute\n|\n|-heal|p2a: Zekrom|8/100|[from] item: Leftovers\n|upkeep\n|turn|9\n|inactive|Time left: 300 sec this turn | 300 sec total\n|\n|t:|1783554834\n|move|p2a: Zekrom|Outrage|p1a: Palossand\n|-damage|p1a: Palossand|142/296\n|move|p1a: Palossand|Shadow Ball|p2a: Zekrom\n|-damage|p2a: Zekrom|0 fnt\n|faint|p2a: Zekrom\n|\n|-heal|p1a: Palossand|160/296|[from] item: Leftovers\n|upkeep\n|\n|t:|1783554835\n|switch|p2a: Chi-Yu|Chi-Yu, L77|100/100\n|-ability|p2a: Chi-Yu|Beads of Ruin\n|turn|10\n|inactive|Time left: 300 sec this turn | 300 sec total\n|\n|t:|1783554836\n|-terastallize|p1a: Palossand|Water\n|move|p2a: Chi-Yu|Dark Pulse|p1a: Palossand\n|-damage|p1a: Palossand|31/296\n|cant|p1a: Palossand|flinch\n|\n|-heal|p1a: Palossand|49/296|[from] item: Leftovers\n|upkeep\n|turn|11\n|inactive|Time left: 300 sec this turn | 300 sec total\n|\n|t:|1783554837\n|switch|p1a: Arceus|Arceus-Fairy, L69|280/280\n|move|p2a: Chi-Yu|Dark Pulse|p1a: Arceus\n|-resisted|p1a: Arceus\n|-damage|p1a: Arceus|223/280\n|\n|upkeep\n|turn|12\n|inactive|Time left: 300 sec this turn | 300 sec total\n|\n|t:|1783554838\n|move|p1a: Arceus|Calm Mind|p1a: Arceus\n|-boost|p1a: Arceus|spa|1\n|-boost|p1a: Arceus|spd|1\n|move|p2a: Chi-Yu|Nasty Plot|p2a: Chi-Yu\n|-boost|p2a: Chi-Yu|spa|2\n|\n|upkeep\n|turn|13\n|inactive|Time left: 300 sec this turn | 300 sec total\n|\n|t:|1783554839\n|move|p1a: Arceus|Judgment|p2a: Chi-Yu\n|-damage|p2a: Chi-Yu|40/100\n|move|p2a: Chi-Yu|Fire Blast|p1a: Arceus\n|-damage|p1a: Arceus|12/280\n|\n|upkeep\n|turn|14\n|inactive|Time left: 300 sec this turn | 300 sec total\n|\n|t:|1783554840\n|switch|p2a: Sunflora|Sunflora, F|100/100\n|move|p1a: Arceus|Judgment|p2a: Sunflora\n|-damage|p2a: Sunflora|61/100\n|\n|upkeep\n|turn|15\n|inactive|Time left: 300 sec this turn | 300 sec total\n|\n|t:|1783554841\n|move|p1a: Arceus|Judgment|p2a: Sunflora\n|-damage|p2a: Sunflora|19/100\n|move|p2a: Sunflora|Sludge Bomb|p1a: Arceus\n|-supereffective|p1a: Arceus\n|-damage|p1a: Arceus|0 fnt\n|faint|p1a: Arceus\n|\n|upkeep\n|inactive|Time left: 300 sec this turn | 300 sec total | 5 sec grace\n|\n|t:|1783554842\n|switch|p1a: Brambleghast|Brambleghast, L88, F|240/240\n|turn|16\n|inactive|Time left: 300 sec this turn | 300 sec total\n|\n|t:|1783554843\n|switch|p2a: Avalugg|Avalugg-Hisui, L90, M|100/100\n|move|p1a: Brambleghast|Poltergeist|p2a: Avalugg\n|-activate|p2a: Avalugg|move: Poltergeist|Heavy-Duty Boots\n|-damage|p2a: Avalugg|76/100\n|\n|upkeep\n|turn|17\n|inactive|Time left: 300 sec this turn | 300 sec total\n|\n|t:|1783554844\n|switch|p1a: Zamazenta|Zamazenta-Crowned, L68|238/238\n|-ability|p1a: Zamazenta|Dauntless Shield|boost\n|-boost|p1a: Zamazenta|def|1\n|move|p2a: Avalugg|Avalanche|p1a: Zamazenta\n|-resisted|p1a: Zamazenta\n|-damage|p1a: Zamazenta|211/238\n|\n|upkeep\n|turn|18\n|inactive|Time left: 300 sec this turn | 300 sec total\n|\n|t:|1783554844\n|-terastallize|p2a: Avalugg|Flying\n|move|p1a: Zamazenta|Body Press|p2a: Avalugg\n|-resisted|p2a: Avalugg\n|-damage|p2a: Avalugg|66/100\n|move|p2a: Avalugg|Body Press|p1a: Zamazenta\n|-supereffective|p1a: Zamazenta\n|-damage|p1a: Zamazenta|95/238\n|\n|upkeep\n|turn|19\n|inactive|Time left: 300 sec this turn | 300 sec total\n|\n|t:|1783554845\n|switch|p1a: Brambleghast|Brambleghast, L88, F|240/240\n|move|p2a: Avalugg|Body Press|p1a: Brambleghast\n|-immune|p1a: Brambleghast\n|\n|upkeep\n|turn|20\n|inactive|Time left: 300 sec this turn | 300 sec total\n|\n|t:|1783554846\n|move|p1a: Brambleghast|Leech Seed|p2a: Avalugg\n|-start|p2a: Avalugg|move: Leech Seed\n|move|p2a: Avalugg|Avalanche|p1a: Brambleghast\n|-supereffective|p1a: Brambleghast\n|-damage|p1a: Brambleghast|16/240\n|\n|-heal|p1a: Brambleghast|31/240|[from] item: Leftovers\n|-damage|p2a: Avalugg|54/100|[from] Leech Seed|[of] p1a: Brambleghast\n|-heal|p1a: Brambleghast|70/240|[silent]\n|upkeep\n|turn|21\n|inactive|Time left: 300 sec this turn | 300 sec total\n|\n|t:|1783554847\n|move|p1a: Brambleghast|Substitute|p1a: Brambleghast\n|-start|p1a: Brambleghast|Substitute\n|-damage|p1a: Brambleghast|10/240\n|move|p2a: Avalugg|Recover|p2a: Avalugg\n|-heal|p2a: Avalugg|100/100\n|\n|-heal|p1a: Brambleghast|25/240|[from] item: Leftovers\n|-damage|p2a: Avalugg|88/100|[from] Leech Seed|[of] p1a: Brambleghast\n|-heal|p1a: Brambleghast|64/240|[silent]\n|upkeep\n|turn|22\n|inactive|Time left: 300 sec this turn | 300 sec total\n|\n|t:|1783554848\n|move|p1a: Brambleghast|Poltergeist|p2a: Avalugg\n|-activate|p2a: Avalugg|move: Poltergeist|Heavy-Duty Boots\n|-damage|p2a: Avalugg|65/100\n|move|p2a: Avalugg|Avalanche|p1a: Brambleghast\n|-supereffective|p1a: Brambleghast\n|-end|p1a: Brambleghast|Substitute\n|\n|-heal|p1a: Brambleghast|79/240|[from] item: Leftovers\n|-damage|p2a: Avalugg|52/100|[from] Leech Seed|[of] p1a: Brambleghast\n|-heal|p1a: Brambleghast|118/240|[silent]\n|upkeep\n|turn|23\n|inactive|Time left: 300 sec this turn | 300 sec total\n|\n|t:|1783554850\n|move|p1a: Brambleghast|Substitute|p1a: Brambleghast\n|-start|p1a: Brambleghast|Substitute\n|-damage|p1a: Brambleghast|58/240\n|move|p2a: Avalugg|Avalanche|p1a: Brambleghast\n|-supereffective|p1a: Brambleghast\n|-end|p1a: Brambleghast|Substitute\n|\n|-heal|p1a: Brambleghast|73/240|[from] item: Leftovers\n|-damage|p2a: Avalugg|40/100|[from] Leech Seed|[of] p1a: Brambleghast\n|-heal|p1a: Brambleghast|112/240|[silent]\n|upkeep\n|turn|24\n|inactive|Time left: 300 sec this turn | 300 sec total\n|\n|t:|1783554851\n|move|p1a: Brambleghast|Substitute|p1a: Brambleghast\n|-start|p1a: Brambleghast|Substitute\n|-damage|p1a: Brambleghast|52/240\n|move|p2a: Avalugg|Avalanche|p1a: Brambleghast\n|-supereffective|p1a: Brambleghast\n|-end|p1a: Brambleghast|Substitute\n|\n|-heal|p1a: Brambleghast|67/240|[from] item: Leftovers\n|-damage|p2a: Avalugg|28/100|[from] Leech Seed|[of] p1a: Brambleghast\n|-heal|p1a: Brambleghast|106/240|[silent]\n|upkeep\n|turn|25\n|inactive|Time left: 300 sec this turn | 300 sec total\n|\n|t:|1783554852\n|move|p1a: Brambleghast|Substitute|p1a: Brambleghast\n|-start|p1a: Brambleghast|Substitute\n|-damage|p1a: Brambleghast|46/240\n|move|p2a: Avalugg|Recover|p2a: Avalugg\n|-heal|p2a: Avalugg|78/100\n|\n|-heal|p1a: Brambleghast|61/240|[from] item: Leftovers\n|-damage|p2a: Avalugg|65/100|[from] Leech Seed|[of] p1a: Brambleghast\n|-heal|p1a: Brambleghast|100/240|[silent]\n|upkeep\n|turn|26\n|inactive|Time left: 300 sec this turn | 300 sec total\n|\n|t:|1783554853\n|move|p1a: Brambleghast|Poltergeist|p2a: Avalugg\n|-activate|p2a: Avalugg|move: Poltergeist|Heavy-Duty Boots\n|-damage|p2a: Avalugg|41/100\n|move|p2a: Avalugg|Recover|p2a: Avalugg\n|-heal|p2a: Avalugg|91/100\n|\n|-heal|p1a: Brambleghast|115/240|[from] item: Leftovers\n|-damage|p2a: Avalugg|78/100|[from] Leech Seed|[of] p1a: Brambleghast\n|-heal|p1a: Brambleghast|154/240|[silent]\n|upkeep\n|turn|27\n|inactive|Time left: 300 sec this turn | 300 sec total\n|\n|t:|1783554854\n|move|p1a: Brambleghast|Poltergeist|p2a: Avalugg\n|-activate|p2a: Avalugg|move: Poltergeist|Heavy-Duty Boots\n|-damage|p2a: Avalugg|56/100\n|move|p2a: Avalugg|Recover|p2a: Avalugg\n|-heal|p2a: Avalugg|100/100\n|\n|-heal|p1a: Brambleghast|169/240|[from] item: Leftovers\n|-damage|p2a: Avalugg|88/100|[from] Leech Seed|[of] p1a: Brambleghast\n|-heal|p1a: Brambleghast|208/240|[silent]\n|upkeep\n|turn|28\n|inactive|Time left: 300 sec this turn | 300 sec total\n|\n|t:|1783554855\n|move|p1a: Brambleghast|Poltergeist|p2a: Avalugg\n|-activate|p2a: Avalugg|move: Poltergeist|Heavy-Duty Boots\n|-damage|p2a: Avalugg|65/100\n|move|p2a: Avalugg|Stone Edge|p1a: Brambleghast\n|-end|p1a: Brambleghast|Substitute\n|\n|-heal|p1a: Brambleghast|223/240|[from] item: Leftovers\n|-damage|p2a: Avalugg|53/100|[from] Leech Seed|[of] p1a: Brambleghast\n|-heal|p1a: Brambleghast|240/240|[silent]\n|upkeep\n|turn|29\n|inactive|Time left: 300 sec this turn | 300 sec total\n|\n|t:|1783554856\n|move|p1a: Brambleghast|Substitute|p1a: Brambleghast\n|-start|p1a: Brambleghast|Substitute\n|-damage|p1a: Brambleghast|180/240\n|move|p2a: Avalugg|Recover|p2a: Avalugg\n|-heal|p2a: Avalugg|100/100\n|\n|-heal|p1a: Brambleghast|195/240|[from] item: Leftovers\n|-damage|p2a: Avalugg|88/100|[from] Leech Seed|[of] p1a: Brambleghast\n|-heal|p1a: Brambleghast|234/240|[silent]\n|upkeep\n|turn|30\n|inactive|Time left: 300 sec this turn | 300 sec total\n|\n|t:|1783554857\n|move|p1a: Brambleghast|Power Whip|p2a: Avalugg|[miss]\n|-miss|p1a: Brambleghast|p2a: Avalugg\n|move|p2a: Avalugg|Avalanche|p1a: Brambleghast\n|-supereffective|p1a: Brambleghast\n|-end|p1a: Brambleghast|Substitute\n|\n|-heal|p1a: Brambleghast|240/240|[from] item: Leftovers\n|-damage|p2a: Avalugg|76/100|[from] Leech Seed|[of] p1a: Brambleghast\n|upkeep\n|turn|31\n|inactive|Time left: 300 sec this turn | 300 sec total\n|\n|t:|1783554858\n|move|p1a: Brambleghast|Substitute|p1a: Brambleghast\n|-start|p1a: Brambleghast|Substitute\n|-damage|p1a: Brambleghast|180/240\n|move|p2a: Avalugg|Avalanche|p1a: Brambleghast\n|-supereffective|p1a: Brambleghast\n|-end|p1a: Brambleghast|Substitute\n|\n|-heal|p1a: Brambleghast|195/240|[from] item: Leftovers\n|-damage|p2a: Avalugg|64/100|[from] Leech Seed|[of] p1a: Brambleghast\n|-heal|p1a: Brambleghast|234/240|[silent]\n|upkeep\n|turn|32\n|inactive|Time left: 300 sec this turn | 300 sec total\n|\n|t:|1783554859\n|move|p1a: Brambleghast|Substitute|p1a: Brambleghast\n|-start|p1a: Brambleghast|Substitute\n|-damage|p1a: Brambleghast|174/240\n|move|p2a: Avalugg|Stone Edge|p1a: Brambleghast\n|-crit|p1a: Brambleghast\n|-end|p1a: Brambleghast|Substitute\n|\n|-heal|p1a: Brambleghast|189/240|[from] item: Leftovers\n|-damage|p2a: Avalugg|51/100|[from] Leech Seed|[of] p1a: Brambleghast\n|-heal|p1a: Brambleghast|228/240|[silent]\n|upkeep\n|turn|33\n|inactive|Time left: 300 sec this turn | 300 sec total\n|\n|t:|1783554860\n|move|p1a: Brambleghast|Substitute|p1a: Brambleghast\n|-start|p1a: Brambleghast|Substitute\n|-damage|p1a: Brambleghast|168/240\n|move|p2a: Avalugg|Recover|p2a: Avalugg\n|-heal|p2a: Avalugg|100/100\n|\n|-heal|p1a: Brambleghast|183/240|[from] item: Leftovers\n|-damage|p2a: Avalugg|88/100|[from] Leech Seed|[of] p1a: Brambleghast\n|-heal|p1a: Brambleghast|222/240|[silent]\n|upkeep\n|turn|34\n|inactive|Time left: 300 sec this turn | 300 sec total\n|\n|t:|1783554861\n|move|p1a: Brambleghast|Poltergeist|p2a: Avalugg\n|-activate|p2a: Avalugg|move: Poltergeist|Heavy-Duty Boots\n|-damage|p2a: Avalugg|66/100\n|move|p2a: Avalugg|Avalanche|p1a: Brambleghast\n|-supereffective|p1a: Brambleghast\n|-end|p1a: Brambleghast|Substitute\n|\n|-heal|p1a: Brambleghast|237/240|[from] item: Leftovers\n|-damage|p2a: Avalugg|54/100|[from] Leech Seed|[of] p1a: Brambleghast\n|-heal|p1a: Brambleghast|240/240|[silent]\n|upkeep\n|turn|35\n|inactive|Time left: 300 sec this turn | 300 sec total\n|\n|t:|1783554862\n|move|p1a: Brambleghast|Substitute|p1a: Brambleghast\n|-start|p1a: Brambleghast|Substitute\n|-damage|p1a: Brambleghast|180/240\n|move|p2a: Avalugg|Avalanche|p1a: Brambleghast\n|-supereffective|p1a: Brambleghast\n|-end|p1a: Brambleghast|Substitute\n|\n|-heal|p1a: Brambleghast|195/240|[from] item: Leftovers\n|-damage|p2a: Avalugg|42/100|[from] Leech Seed|[of] p1a: Brambleghast\n|-heal|p1a: Brambleghast|234/240|[silent]\n|upkeep\n|turn|36\n|inactive|Time left: 300 sec this turn | 300 sec total\n|\n|t:|1783554863\n|move|p1a: Brambleghast|Substitute|p1a: Brambleghast\n|-start|p1a: Brambleghast|Substitute\n|-damage|p1a: Brambleghast|174/240\n|move|p2a: Avalugg|Recover|p2a: Avalugg\n|-heal|p2a: Avalugg|92/100\n|\n|-heal|p1a: Brambleghast|189/240|[from] item: Leftovers\n|-damage|p2a: Avalugg|79/100|[from] Leech Seed|[of] p1a: Brambleghast\n|-heal|p1a: Brambleghast|228/240|[silent]\n|upkeep\n|turn|37\n|inactive|Time left: 300 sec this turn | 300 sec total\n|\n|t:|1783554864\n|move|p1a: Brambleghast|Poltergeist|p2a: Avalugg\n|-activate|p2a: Avalugg|move: Poltergeist|Heavy-Duty Boots\n|-damage|p2a: Avalugg|53/100\n|move|p2a: Avalugg|Stone Edge|p1a: Brambleghast\n|-end|p1a: Brambleghast|Substitute\n|\n|-heal|p1a: Brambleghast|240/240|[from] item: Leftovers\n|-damage|p2a: Avalugg|41/100|[from] Leech Seed|[of] p1a: Brambleghast\n|upkeep\n|turn|38\n|inactive|Time left: 300 sec this turn | 300 sec total\n|\n|t:|1783554865\n|move|p1a: Brambleghast|Substitute|p1a: Brambleghast\n|-start|p1a: Brambleghast|Substitute\n|-damage|p1a: Brambleghast|180/240\n|move|p2a: Avalugg|Recover|p2a: Avalugg\n|-heal|p2a: Avalugg|91/100\n|\n|-heal|p1a: Brambleghast|195/240|[from] item: Leftovers\n|-damage|p2a: Avalugg|79/100|[from] Leech Seed|[of] p1a: Brambleghast\n|-heal|p1a: Brambleghast|234/240|[silent]\n|upkeep\n|turn|39\n|inactive|Time left: 300 sec this turn | 300 sec total\n|\n|t:|1783554866\n|move|p1a: Brambleghast|Power Whip|p2a: Avalugg\n|-resisted|p2a: Avalugg\n|-damage|p2a: Avalugg|66/100\n|move|p2a: Avalugg|Avalanche|p1a: Brambleghast\n|-supereffective|p1a: Brambleghast\n|-end|p1a: Brambleghast|Substitute\n|\n|-heal|p1a: Brambleghast|240/240|[from] item: Leftovers\n|-damage|p2a: Avalugg|54/100|[from] Leech Seed|[of] p1a: Brambleghast\n|upkeep\n|turn|40\n|inactive|Time left: 300 sec this turn | 300 sec total\n|\n|t:|1783554867\n|move|p1a: Brambleghast|Substitute|p1a: Brambleghast\n|-start|p1a: Brambleghast|Substitute\n|-damage|p1a: Brambleghast|180/240\n|move|p2a: Avalugg|Avalanche|p1a: Brambleghast\n|-supereffective|p1a: Brambleghast\n|-end|p1a: Brambleghast|Substitute\n|\n|-heal|p1a: Brambleghast|195/240|[from] item: Leftovers\n|-damage|p2a: Avalugg|42/100|[from] Leech Seed|[of] p1a: Brambleghast\n|-heal|p1a: Brambleghast|234/240|[silent]\n|upkeep\n|turn|41\n|inactive|Time left: 300 sec this turn | 300 sec total\n|\n|t:|1783554869\n|move|p1a: Brambleghast|Substitute|p1a: Brambleghast\n|-start|p1a: Brambleghast|Substitute\n|-damage|p1a: Brambleghast|174/240\n|move|p2a: Avalugg|Avalanche|p1a: Brambleghast\n|-supereffective|p1a: Brambleghast\n|-end|p1a: Brambleghast|Substitute\n|\n|-heal|p1a: Brambleghast|189/240|[from] item: Leftovers\n|-damage|p2a: Avalugg|30/100|[from] Leech Seed|[of] p1a: Brambleghast\n|-heal|p1a: Brambleghast|228/240|[silent]\n|upkeep\n|turn|42\n|inactive|Time left: 300 sec this turn | 300 sec total\n|\n|t:|1783554870\n|move|p1a: Brambleghast|Substitute|p1a: Brambleghast\n|-start|p1a: Brambleghast|Substitute\n|-damage|p1a: Brambleghast|168/240\n|move|p2a: Avalugg|Avalanche|p1a: Brambleghast\n|-supereffective|p1a: Brambleghast\n|-end|p1a: Brambleghast|Substitute\n|\n|-heal|p1a: Brambleghast|183/240|[from] item: Leftovers\n|-damage|p2a: Avalugg|17/100|[from] Leech Seed|[of] p1a: Brambleghast\n|-heal|p1a: Brambleghast|222/240|[silent]\n|upkeep\n|turn|43\n|inactive|Time left: 300 sec this turn | 300 sec total\n|\n|t:|1783554871\n|move|p1a: Brambleghast|Poltergeist|p2a: Avalugg\n|-activate|p2a: Avalugg|move: Poltergeist|Heavy-Duty Boots\n|-damage|p2a: Avalugg|0 fnt\n|faint|p2a: Avalugg\n|\n|-heal|p1a: Brambleghast|237/240|[from] item: Leftovers\n|upkeep\n|\n|t:|1783554872\n|switch|p2a: Sunflora|Sunflora, F|19/100\n|turn|44\n|inactive|Time left: 300 sec this turn | 300 sec total\n|\n|t:|1783554873\n|move|p1a: Brambleghast|Power Whip|p2a: Sunflora\n|-resisted|p2a: Sunflora\n|-damage|p2a: Sunflora|0 fnt\n|faint|p2a: Sunflora\n|\n|-heal|p1a: Brambleghast|240/240|[from] item: Leftovers\n|upkeep\n|\n|t:|1783554874\n|switch|p2a: Chi-Yu|Chi-Yu, L77|40/100\n|-ability|p2a: Chi-Yu|Beads of Ruin\n|turn|45\n|inactive|Time left: 300 sec this turn | 300 sec total\n|\n|t:|1783554875\n|move|p1a: Brambleghast|Power Whip|p2a: Chi-Yu\n|-resisted|p2a: Chi-Yu\n|-damage|p2a: Chi-Yu|0 fnt\n|faint|p2a: Chi-Yu\n|\n|upkeep\n|\n|t:|1783554876\n|switch|p2a: Palafin|Palafin, L77, M|100/100\n|turn|46\n|inactive|Time left: 300 sec this turn | 300 sec total\n|\n|t:|1783554877\n|move|p1a: Brambleghast|Power Whip|p2a: Palafin\n|-supereffective|p2a: Palafin\n|-damage|p2a: Palafin|0 fnt\n|faint|p2a: Palafin\n|\n|win|p0x12776480", "uploadtime": 1783554877, "views": 0, "rating": 0, "private": 0, "password": null, "_winner": "p0x12776480", "_our_name": "p0x12776480"}