{"id": "battle-gen9randombattle-1553", "formatid": "gen9randombattle", "format": "[Gen 9] Random Battle", "players": ["p0x155381d4", "p0y15533c83"], "log": "|init|battle\n|title|p0x155381d4 vs. p0y15533c83\n|j|\u2606p0x155381d4\n|j|\u2606p0y15533c83\n|t:|1783558035\n|gametype|singles\n|player|p1|p0x155381d4|170|\n|player|p2|p0y15533c83|170|\n|gen|9\n|tier|[Gen 9] Random Battle\n|rule|Species Clause: Limit one of each Pok\u00e9mon\n|rule|HP Percentage Mod: HP is shown in percentages\n|rule|Sleep Clause Mod: Limit one foe put to sleep\n|rule|Illusion Level Mod: Illusion disguises the Pok\u00e9mon's true level\n|\n|t:|1783558035\n|teamsize|p1|6\n|teamsize|p2|6\n|start\n|switch|p1a: Gyarados|Gyarados, L79, M|280/280\n|switch|p2a: Rotom|Rotom-Fan, L86|100/100\n|turn|1\n|inactive|Battle timer is ON: inactive players will automatically lose when time's up. (requested by p0x155381d4)\n|inactive|p0y15533c83 also wants the timer to be on.\n|\n|t:|1783558036\n|switch|p1a: Krookodile|Krookodile, L79, M|280/280\n|-ability|p1a: Krookodile|Intimidate|boost\n|-unboost|p2a: Rotom|atk|1\n|move|p2a: Rotom|Thunderbolt|p1a: Krookodile\n|-immune|p1a: Krookodile\n|\n|upkeep\n|turn|2\n|inactive|Time left: 300 sec this turn | 300 sec total\n|\n|t:|1783558038\n|move|p2a: Rotom|Air Slash|p1a: Krookodile\n|-damage|p1a: Krookodile|166/280\n|move|p1a: Krookodile|Knock Off|p2a: Rotom\n|-damage|p2a: Rotom|39/100\n|-enditem|p2a: Rotom|Heavy-Duty Boots|[from] move: Knock Off|[of] p1a: Krookodile\n|\n|upkeep\n|turn|3\n|inactive|Time left: 300 sec this turn | 300 sec total\n|\n|t:|1783558038\n|move|p2a: Rotom|Air Slash|p1a: Krookodile\n|-damage|p1a: Krookodile|45/280\n|move|p1a: Krookodile|Knock Off|p2a: Rotom\n|-damage|p2a: Rotom|0 fnt\n|faint|p2a: Rotom\n|\n|upkeep\n|\n|t:|1783558039\n|switch|p2a: Hitmontop|Hitmontop, L88, M|100/100\n|turn|4\n|inactive|Time left: 300 sec this turn | 300 sec total\n|\n|t:|1783558040\n|move|p1a: Krookodile|Knock Off|p2a: Hitmontop\n|-resisted|p2a: Hitmontop\n|-damage|p2a: Hitmontop|68/100\n|-enditem|p2a: Hitmontop|Leftovers|[from] move: Knock Off|[of] p1a: Krookodile\n|move|p2a: Hitmontop|Bulk Up|p2a: Hitmontop\n|-boost|p2a: Hitmontop|atk|1\n|-boost|p2a: Hitmontop|def|1\n|\n|upkeep\n|turn|5\n|inactive|Time left: 300 sec this turn | 300 sec total\n|\n|t:|1783558041\n|switch|p1a: Grumpig|Grumpig, L92, F|297/297\n|move|p2a: Hitmontop|Rapid Spin|p1a: Grumpig\n|-damage|p1a: Grumpig|205/297\n|-boost|p2a: Hitmontop|spe|1\n|\n|-heal|p1a: Grumpig|223/297|[from] item: Leftovers\n|upkeep\n|turn|6\n|inactive|Time left: 300 sec this turn | 300 sec total\n|\n|t:|1783558042\n|-terastallize|p2a: Hitmontop|Ice\n|move|p2a: Hitmontop|Triple Axel|p1a: Grumpig\n|-damage|p1a: Grumpig|192/297\n|-damage|p1a: Grumpig|138/297\n|-damage|p1a: Grumpig|56/297\n|-hitcount|p1a: Grumpig|3\n|move|p1a: Grumpig|Psyshock|p2a: Hitmontop\n|-damage|p2a: Hitmontop|45/100\n|\n|-heal|p1a: Grumpig|74/297|[from] item: Leftovers\n|upkeep\n|turn|7\n|inactive|Time left: 300 sec this turn | 300 sec total\n|\n|t:|1783558043\n|switch|p1a: Krookodile|Krookodile, L79, M|45/280\n|-ability|p1a: Krookodile|Intimidate|boost\n|-unboost|p2a: Hitmontop|atk|1\n|move|p2a: Hitmontop|Rapid Spin|p1a: Krookodile\n|-damage|p1a: Krookodile|0 fnt\n|-boost|p2a: Hitmontop|spe|1\n|faint|p1a: Krookodile\n|\n|upkeep\n|inactive|Time left: 300 sec this turn | 300 sec total | 5 sec grace\n|\n|t:|1783558044\n|switch|p1a: Mesprit|Mesprit, L85|275/275\n|turn|8\n|inactive|Time left: 300 sec this turn | 300 sec total\n|\n|t:|1783558045\n|move|p2a: Hitmontop|Triple Axel|p1a: Mesprit\n|-crit|p1a: Mesprit\n|-damage|p1a: Mesprit|229/275\n|-damage|p1a: Mesprit|166/275\n|-damage|p1a: Mesprit|79/275\n|-hitcount|p1a: Mesprit|3\n|move|p1a: Mesprit|Psychic Noise|p2a: Hitmontop\n|-damage|p2a: Hitmontop|16/100\n|-start|p2a: Hitmontop|move: Heal Block\n|\n|-heal|p1a: Mesprit|96/275|[from] item: Leftovers\n|upkeep\n|turn|9\n|inactive|Time left: 300 sec this turn | 300 sec total\n|\n|t:|1783558046\n|move|p2a: Hitmontop|Triple Axel|p1a: Mesprit\n|-damage|p1a: Mesprit|66/275\n|-damage|p1a: Mesprit|11/275\n|-damage|p1a: Mesprit|0 fnt\n|faint|p1a: Mesprit\n|-hitcount|p1: Mesprit|3\n|\n|-end|p2a: Hitmontop|move: Heal Block\n|upkeep\n|inactive|Time left: 300 sec this turn | 300 sec total | 5 sec grace\n|\n|t:|1783558046\n|switch|p1a: Glaceon|Glaceon, L94, F|275/275\n|turn|10\n|inactive|Time left: 300 sec this turn | 300 sec total\n|\n|t:|1783558047\n|move|p2a: Hitmontop|Close Combat|p1a: Glaceon\n|-supereffective|p1a: Glaceon\n|-damage|p1a: Glaceon|51/275\n|-unboost|p2a: Hitmontop|def|1\n|-unboost|p2a: Hitmontop|spd|1\n|move|p1a: Glaceon|Freeze-Dry|p2a: Hitmontop\n|-resisted|p2a: Hitmontop\n|-damage|p2a: Hitmontop|0 fnt\n|faint|p2a: Hitmontop\n|\n|upkeep\n|\n|t:|1783558048\n|switch|p2a: Mimikyu|Mimikyu, L79, F|100/100\n|turn|11\n|inactive|Time left: 300 sec this turn | 300 sec total\n|\n|t:|1783558050\n|move|p2a: Mimikyu|Swords Dance|p2a: Mimikyu\n|-boost|p2a: Mimikyu|atk|2\n|move|p1a: Glaceon|Calm Mind|p1a: Glaceon\n|-boost|p1a: Glaceon|spa|1\n|-boost|p1a: Glaceon|spd|1\n|\n|upkeep\n|turn|12\n|inactive|Time left: 300 sec this turn | 300 sec total\n|\n|t:|1783558051\n|move|p1a: Glaceon|Protect|p1a: Glaceon\n|-singleturn|p1a: Glaceon|Protect\n|move|p2a: Mimikyu|Shadow Sneak|p1a: Glaceon\n|-activate|p1a: Glaceon|move: Protect\n|\n|upkeep\n|turn|13\n|inactive|Time left: 300 sec this turn | 300 sec total\n|\n|t:|1783558052\n|move|p2a: Mimikyu|Drain Punch|p1a: Glaceon\n|-supereffective|p1a: Glaceon\n|-damage|p1a: Glaceon|0 fnt\n|faint|p1a: Glaceon\n|-damage|p2a: Mimikyu|91/100|[from] item: Life Orb\n|\n|upkeep\n|inactive|Time left: 300 sec this turn | 300 sec total | 5 sec grace\n|\n|t:|1783558052\n|switch|p1a: Gyarados|Gyarados, L79, M|280/280\n|turn|14\n|inactive|Time left: 300 sec this turn | 300 sec total\n|\n|t:|1783558053\n|move|p2a: Mimikyu|Play Rough|p1a: Gyarados\n|-damage|p1a: Gyarados|56/280\n|-damage|p2a: Mimikyu|81/100|[from] item: Life Orb\n|move|p1a: Gyarados|Dragon Dance|p1a: Gyarados\n|-boost|p1a: Gyarados|atk|1\n|-boost|p1a: Gyarados|spe|1\n|\n|upkeep\n|turn|15\n|inactive|Time left: 300 sec this turn | 300 sec total\n|\n|t:|1783558054\n|move|p2a: Mimikyu|Shadow Sneak|p1a: Gyarados\n|-damage|p1a: Gyarados|0 fnt\n|faint|p1a: Gyarados\n|-damage|p2a: Mimikyu|71/100|[from] item: Life Orb\n|\n|upkeep\n|inactive|Time left: 300 sec this turn | 300 sec total | 5 sec grace\n|\n|t:|1783558055\n|switch|p1a: Grumpig|Grumpig, L92, F|74/297\n|turn|16\n|inactive|Time left: 300 sec this turn | 300 sec total\n|\n|t:|1783558056\n|move|p2a: Mimikyu|Shadow Sneak|p1a: Grumpig\n|-supereffective|p1a: Grumpig\n|-damage|p1a: Grumpig|0 fnt\n|faint|p1a: Grumpig\n|-damage|p2a: Mimikyu|62/100|[from] item: Life Orb\n|\n|upkeep\n|inactive|Time left: 300 sec this turn | 300 sec total | 5 sec grace\n|\n|t:|1783558056\n|switch|p1a: Oricorio|Oricorio-Pom-Pom, L82, F|257/257\n|turn|17\n|inactive|Time left: 300 sec this turn | 300 sec total\n|\n|t:|1783558057\n|move|p1a: Oricorio|Hurricane|p2a: Mimikyu\n|-activate|p2a: Mimikyu|ability: Disguise\n|-damage|p2a: Mimikyu|62/100\n|-start|p2a: Mimikyu|confusion\n|detailschange|p2a: Mimikyu|Mimikyu-Busted, L79, F\n|-damage|p2a: Mimikyu|49/100|[from] pokemon: Mimikyu-Busted\n|-activate|p2a: Mimikyu|confusion\n|move|p2a: Mimikyu|Play Rough|p1a: Oricorio|[miss]\n|-miss|p2a: Mimikyu|p1a: Oricorio\n|\n|upkeep\n|turn|18\n|inactive|Time left: 300 sec this turn | 300 sec total\n|\n|t:|1783558058\n|switch|p2a: Flareon|Flareon, L90, M|100/100\n|move|p1a: Oricorio|Quiver Dance|p1a: Oricorio\n|-boost|p1a: Oricorio|spa|1\n|-boost|p1a: Oricorio|spd|1\n|-boost|p1a: Oricorio|spe|1\n|\n|-status|p2a: Flareon|tox|[from] item: Toxic Orb\n|upkeep\n|turn|19\n|inactive|Time left: 300 sec this turn | 300 sec total\n|\n|t:|1783558059\n|move|p1a: Oricorio|Hurricane|p2a: Flareon\n|-damage|p2a: Flareon|47/100 tox\n|move|p2a: Flareon|Flare Blitz|p1a: Oricorio\n|-damage|p1a: Oricorio|0 fnt\n|faint|p1a: Oricorio\n|-damage|p2a: Flareon|14/100 tox|[from] Recoil\n|\n|win|p0y15533c83", "uploadtime": 1783558059, "views": 0, "rating": 0, "private": 0, "password": null, "_winner": "p0y15533c83", "_our_name": "p0x155381d4"}