{"id": "battle-gen9randombattle-2788", "formatid": "gen9randombattle", "format": "[Gen 9] Random Battle", "players": ["p0x27881814", "p0y27882ee7"], "log": "|init|battle\n|title|p0x27881814 vs. p0y27882ee7\n|j|\u2606p0x27881814\n|j|\u2606p0y27882ee7\n|t:|1783571132\n|gametype|singles\n|player|p1|p0x27881814|101|\n|player|p2|p0y27882ee7|101|\n|gen|9\n|tier|[Gen 9] Random Battle\n|rule|Species Clause: Limit one of each Pok\u00e9mon\n|rule|HP Percentage Mod: HP is shown in percentages\n|rule|Sleep Clause Mod: Limit one foe put to sleep\n|rule|Illusion Level Mod: Illusion disguises the Pok\u00e9mon's true level\n|\n|t:|1783571132\n|teamsize|p1|6\n|teamsize|p2|6\n|start\n|switch|p1a: Dipplin|Dipplin, L88, M|284/284\n|switch|p2a: Pikachu|Pikachu-Unova, L93, M|100/100\n|turn|1\n|inactive|Battle timer is ON: inactive players will automatically lose when time's up. (requested by p0x27881814)\n|inactive|p0y27882ee7 also wants the timer to be on.\n|\n|t:|1783571134\n|switch|p2a: Clefable|Clefable, L83, F|100/100\n|move|p1a: Dipplin|Giga Drain|p2a: Clefable\n|-damage|p2a: Clefable|73/100\n|\n|-heal|p2a: Clefable|79/100|[from] item: Leftovers\n|upkeep\n|turn|2\n|inactive|Time left: 300 sec this turn | 300 sec total\n|\n|t:|1783571135\n|move|p2a: Clefable|Calm Mind|p2a: Clefable\n|-boost|p2a: Clefable|spa|1\n|-boost|p2a: Clefable|spd|1\n|move|p1a: Dipplin|Giga Drain|p2a: Clefable\n|-damage|p2a: Clefable|60/100\n|\n|-heal|p2a: Clefable|66/100|[from] item: Leftovers\n|upkeep\n|turn|3\n|inactive|Time left: 300 sec this turn | 300 sec total\n|\n|t:|1783571136\n|switch|p1a: Komala|Komala, L87, F|255/255\n|-ability|p1a: Komala|Comatose\n|move|p2a: Clefable|Moonblast|p1a: Komala\n|-damage|p1a: Komala|171/255\n|\n|-heal|p2a: Clefable|72/100|[from] item: Leftovers\n|upkeep\n|turn|4\n|inactive|Time left: 300 sec this turn | 300 sec total\n|\n|t:|1783571137\n|move|p1a: Komala|Body Slam|p2a: Clefable\n|-damage|p2a: Clefable|28/100\n|move|p2a: Clefable|Moonblast|p1a: Komala\n|-damage|p1a: Komala|86/255\n|\n|-heal|p2a: Clefable|34/100|[from] item: Leftovers\n|upkeep\n|turn|5\n|inactive|Time left: 300 sec this turn | 300 sec total\n|\n|t:|1783571138\n|switch|p2a: Sableye|Sableye, L88, F|100/100\n|move|p1a: Komala|Body Slam|p2a: Sableye\n|-immune|p2a: Sableye\n|\n|upkeep\n|turn|6\n|inactive|Time left: 300 sec this turn | 300 sec total\n|\n|t:|1783571139\n|move|p1a: Komala|U-turn|p2a: Sableye\n|-damage|p2a: Sableye|74/100\n|inactive|Time left: 300 sec this turn | 300 sec total | 5 sec grace\n|\n|t:|1783571140\n|switch|p1a: Dipplin|Dipplin, L88, M|284/284|[from] U-turn\n|move|p2a: Sableye|Knock Off|p1a: Dipplin\n|-damage|p1a: Dipplin|236/284\n|-activate|p1a: Dipplin|ability: Sticky Hold\n|\n|-heal|p2a: Sableye|80/100|[from] item: Leftovers\n|upkeep\n|turn|7\n|inactive|Time left: 300 sec this turn | 300 sec total\n|\n|t:|1783571141\n|switch|p2a: Clefable|Clefable, L83, F|34/100\n|move|p1a: Dipplin|Giga Drain|p2a: Clefable\n|-damage|p2a: Clefable|4/100\n|-heal|p1a: Dipplin|280/284|[from] drain|[of] p2a: Clefable\n|\n|-heal|p2a: Clefable|10/100|[from] item: Leftovers\n|upkeep\n|turn|8\n|inactive|Time left: 300 sec this turn | 300 sec total\n|\n|t:|1783571142\n|move|p2a: Clefable|Moonlight|p2a: Clefable\n|-heal|p2a: Clefable|60/100\n|move|p1a: Dipplin|Giga Drain|p2a: Clefable\n|-damage|p2a: Clefable|31/100\n|-heal|p1a: Dipplin|284/284|[from] drain|[of] p2a: Clefable\n|\n|-heal|p2a: Clefable|37/100|[from] item: Leftovers\n|upkeep\n|turn|9\n|inactive|Time left: 300 sec this turn | 300 sec total\n|\n|t:|1783571143\n|move|p2a: Clefable|Moonlight|p2a: Clefable\n|-heal|p2a: Clefable|87/100\n|move|p1a: Dipplin|Giga Drain|p2a: Clefable\n|-damage|p2a: Clefable|56/100\n|\n|-heal|p2a: Clefable|62/100|[from] item: Leftovers\n|upkeep\n|turn|10\n|inactive|Time left: 300 sec this turn | 300 sec total\n|\n|t:|1783571144\n|switch|p1a: Jirachi|Jirachi, L80|291/291\n|move|p2a: Clefable|Calm Mind|p2a: Clefable\n|-boost|p2a: Clefable|spa|1\n|-boost|p2a: Clefable|spd|1\n|\n|-heal|p2a: Clefable|68/100|[from] item: Leftovers\n|upkeep\n|turn|11\n|inactive|Time left: 300 sec this turn | 300 sec total\n|\n|t:|1783571145\n|move|p1a: Jirachi|Iron Head|p2a: Clefable\n|-supereffective|p2a: Clefable\n|-damage|p2a: Clefable|0 fnt\n|faint|p2a: Clefable\n|\n|upkeep\n|\n|t:|1783571146\n|switch|p2a: Qwilfish|Qwilfish-Hisui, L83, F|100/100\n|-ability|p2a: Qwilfish|Intimidate|boost\n|-unboost|p1a: Jirachi|atk|1\n|turn|12\n|inactive|Time left: 300 sec this turn | 300 sec total\n|\n|t:|1783571147\n|switch|p1a: Lucario|Lucario, L84, F|255/255\n|move|p2a: Qwilfish|Crunch|p1a: Lucario\n|-resisted|p1a: Lucario\n|-damage|p1a: Lucario|206/255\n|-unboost|p1a: Lucario|def|1\n|-ability|p1a: Lucario|Justified|boost\n|-boost|p1a: Lucario|atk|1\n|\n|upkeep\n|turn|13\n|inactive|Time left: 300 sec this turn | 300 sec total\n|\n|t:|1783571148\n|move|p1a: Lucario|Meteor Mash|p2a: Qwilfish\n|-damage|p2a: Qwilfish|41/100\n|-boost|p1a: Lucario|atk|1\n|-damage|p1a: Lucario|181/255|[from] item: Life Orb\n|move|p2a: Qwilfish|Toxic Spikes|p1a: Lucario\n|-sidestart|p1: p0x27881814|move: Toxic Spikes\n|\n|upkeep\n|turn|14\n|inactive|Time left: 300 sec this turn | 300 sec total\n|\n|t:|1783571149\n|switch|p2a: Stantler|Stantler, L92, M|100/100\n|-ability|p2a: Stantler|Intimidate|boost\n|-unboost|p1a: Lucario|atk|1\n|move|p1a: Lucario|Meteor Mash|p2a: Stantler\n|-damage|p2a: Stantler|44/100\n|-damage|p1a: Lucario|156/255|[from] item: Life Orb\n|\n|upkeep\n|turn|15\n|inactive|Time left: 300 sec this turn | 300 sec total\n|\n|t:|1783571150\n|move|p2a: Stantler|Earthquake|p1a: Lucario\n|-supereffective|p1a: Lucario\n|-damage|p1a: Lucario|0 fnt\n|faint|p1a: Lucario\n|\n|upkeep\n|inactive|Time left: 300 sec this turn | 300 sec total | 5 sec grace\n|\n|t:|1783571151\n|switch|p1a: Jirachi|Jirachi, L80|291/291\n|turn|16\n|inactive|Time left: 300 sec this turn | 300 sec total\n|\n|t:|1783571152\n|move|p2a: Stantler|Earthquake|p1a: Jirachi\n|-supereffective|p1a: Jirachi\n|-damage|p1a: Jirachi|131/291\n|move|p1a: Jirachi|Stealth Rock|p2a: Stantler\n|-sidestart|p2: p0y27882ee7|move: Stealth Rock\n|\n|-heal|p1a: Jirachi|149/291|[from] item: Leftovers\n|upkeep\n|turn|17\n|inactive|Time left: 300 sec this turn | 300 sec total\n|\n|t:|1783571153\n|-terastallize|p1a: Jirachi|Fighting\n|move|p2a: Stantler|Earthquake|p1a: Jirachi\n|-damage|p1a: Jirachi|71/291\n|move|p1a: Jirachi|Drain Punch|p2a: Stantler\n|-supereffective|p2a: Stantler\n|-damage|p2a: Stantler|0 fnt\n|-heal|p1a: Jirachi|133/291|[from] drain|[of] p2a: Stantler\n|faint|p2a: Stantler\n|\n|-heal|p1a: Jirachi|151/291|[from] item: Leftovers\n|upkeep\n|\n|t:|1783571154\n|switch|p2a: Pikachu|Pikachu-Unova, L93, M|100/100\n|-damage|p2a: Pikachu|88/100|[from] Stealth Rock\n|turn|18\n|inactive|Time left: 300 sec this turn | 300 sec total\n|\n|t:|1783571155\n|switch|p1a: Dipplin|Dipplin, L88, M|284/284\n|-status|p1a: Dipplin|psn\n|move|p2a: Pikachu|Volt Tackle|p1a: Dipplin\n|-resisted|p1a: Dipplin\n|-damage|p1a: Dipplin|259/284 psn\n|-damage|p2a: Pikachu|84/100|[from] Recoil\n|\n|-damage|p1a: Dipplin|224/284 psn|[from] psn\n|upkeep\n|turn|19\n|inactive|Time left: 300 sec this turn | 300 sec total\n|\n|t:|1783571156\n|switch|p2a: Qwilfish|Qwilfish-Hisui, L83, F|41/100\n|-damage|p2a: Qwilfish|28/100|[from] Stealth Rock\n|-ability|p2a: Qwilfish|Intimidate|boost\n|-unboost|p1a: Dipplin|atk|1\n|move|p1a: Dipplin|Giga Drain|p2a: Qwilfish\n|-resisted|p2a: Qwilfish\n|-damage|p2a: Qwilfish|11/100\n|-heal|p1a: Dipplin|245/284 psn|[from] drain|[of] p2a: Qwilfish\n|\n|-damage|p1a: Dipplin|210/284 psn|[from] psn\n|upkeep\n|turn|20\n|inactive|Time left: 300 sec this turn | 300 sec total\n|\n|t:|1783571157\n|move|p2a: Qwilfish|Toxic Spikes|p1a: Dipplin\n|-sidestart|p1: p0x27881814|move: Toxic Spikes\n|move|p1a: Dipplin|Giga Drain|p2a: Qwilfish\n|-resisted|p2a: Qwilfish\n|-damage|p2a: Qwilfish|0 fnt\n|-heal|p1a: Dipplin|223/284 psn|[from] drain|[of] p2a: Qwilfish\n|faint|p2a: Qwilfish\n|\n|-damage|p1a: Dipplin|188/284 psn|[from] psn\n|upkeep\n|\n|t:|1783571158\n|switch|p2a: Iron Bundle|Iron Bundle, L78|100/100\n|turn|21\n|inactive|Time left: 300 sec this turn | 300 sec total\n|\n|t:|1783571158\n|switch|p1a: Komala|Komala, L87, F|86/255\n|-ability|p1a: Komala|Comatose\n|move|p2a: Iron Bundle|Ice Beam|p1a: Komala\n|-damage|p1a: Komala|19/255\n|\n|upkeep\n|turn|22\n|inactive|Time left: 300 sec this turn | 300 sec total\n|\n|t:|1783571159\n|move|p2a: Iron Bundle|Ice Beam|p1a: Komala\n|-damage|p1a: Komala|0 fnt\n|faint|p1a: Komala\n|\n|upkeep\n|inactive|Time left: 300 sec this turn | 300 sec total | 5 sec grace\n|\n|t:|1783571160\n|switch|p1a: Jirachi|Jirachi, L80, tera:Fighting|151/291\n|-status|p1a: Jirachi|tox\n|turn|23\n|inactive|Time left: 300 sec this turn | 300 sec total\n|\n|t:|1783571161\n|-terastallize|p2a: Iron Bundle|Water\n|move|p2a: Iron Bundle|Hydro Pump|p1a: Jirachi\n|-damage|p1a: Jirachi|5/291 tox\n|move|p1a: Jirachi|Drain Punch|p2a: Iron Bundle\n|-damage|p2a: Iron Bundle|72/100\n|-heal|p1a: Jirachi|36/291 tox|[from] drain|[of] p2a: Iron Bundle\n|\n|-heal|p1a: Jirachi|54/291 tox|[from] item: Leftovers\n|-damage|p1a: Jirachi|36/291 tox|[from] psn\n|upkeep\n|turn|24\n|inactive|Time left: 300 sec this turn | 300 sec total\n|\n|t:|1783571163\n|move|p2a: Iron Bundle|Freeze-Dry|p1a: Jirachi\n|-damage|p1a: Jirachi|0 fnt\n|faint|p1a: Jirachi\n|\n|upkeep\n|inactive|Time left: 300 sec this turn | 300 sec total | 5 sec grace\n|\n|t:|1783571164\n|switch|p1a: Scream Tail|Scream Tail, L84|330/330\n|-status|p1a: Scream Tail|tox\n|turn|25\n|inactive|Time left: 300 sec this turn | 300 sec total\n|\n|t:|1783571165\n|move|p2a: Iron Bundle|Ice Beam|p1a: Scream Tail\n|-damage|p1a: Scream Tail|252/330 tox\n|move|p1a: Scream Tail|Dazzling Gleam|p2a: Iron Bundle\n|-damage|p2a: Iron Bundle|34/100\n|\n|-heal|p1a: Scream Tail|272/330 tox|[from] item: Leftovers\n|-damage|p1a: Scream Tail|252/330 tox|[from] psn\n|upkeep\n|turn|26\n|inactive|Time left: 300 sec this turn | 300 sec total\n|\n|t:|1783571166\n|move|p2a: Iron Bundle|Freeze-Dry|p1a: Scream Tail\n|-damage|p1a: Scream Tail|191/330 tox\n|move|p1a: Scream Tail|Dazzling Gleam|p2a: Iron Bundle\n|-damage|p2a: Iron Bundle|0 fnt\n|faint|p2a: Iron Bundle\n|-end|p2a: Iron Bundle|Quark Drive|[silent]\n|\n|-heal|p1a: Scream Tail|211/330 tox|[from] item: Leftovers\n|-damage|p1a: Scream Tail|171/330 tox|[from] psn\n|upkeep\n|\n|t:|1783571167\n|switch|p2a: Pikachu|Pikachu-Unova, L93, M|84/100\n|-damage|p2a: Pikachu|72/100|[from] Stealth Rock\n|turn|27\n|inactive|Time left: 300 sec this turn | 300 sec total\n|\n|t:|1783571168\n|move|p1a: Scream Tail|Dazzling Gleam|p2a: Pikachu\n|-damage|p2a: Pikachu|32/100\n|move|p2a: Pikachu|Knock Off|p1a: Scream Tail\n|-damage|p1a: Scream Tail|76/330 tox\n|-enditem|p1a: Scream Tail|Leftovers|[from] move: Knock Off|[of] p2a: Pikachu\n|\n|-damage|p1a: Scream Tail|16/330 tox|[from] psn\n|upkeep\n|turn|28\n|inactive|Time left: 300 sec this turn | 300 sec total\n|\n|t:|1783571169\n|move|p1a: Scream Tail|Dazzling Gleam|p2a: Pikachu\n|-damage|p2a: Pikachu|0 fnt\n|faint|p2a: Pikachu\n|\n|-damage|p1a: Scream Tail|0 fnt|[from] psn\n|faint|p1a: Scream Tail\n|-end|p1a: Scream Tail|Protosynthesis|[silent]\n|upkeep\n|inactive|Time left: 300 sec this turn | 300 sec total | 5 sec grace\n|\n|t:|1783571170\n|switch|p1a: Dipplin|Dipplin, L88, M|188/284 psn\n|switch|p2a: Sableye|Sableye, L88, F|80/100\n|-damage|p2a: Sableye|68/100|[from] Stealth Rock\n|turn|29\n|inactive|Time left: 300 sec this turn | 300 sec total\n|\n|t:|1783571171\n|move|p2a: Sableye|Recover|p2a: Sableye\n|-heal|p2a: Sableye|100/100\n|move|p1a: Dipplin|Giga Drain|p2a: Sableye\n|-damage|p2a: Sableye|57/100\n|-heal|p1a: Dipplin|238/284 psn|[from] drain|[of] p2a: Sableye\n|\n|-heal|p2a: Sableye|63/100|[from] item: Leftovers\n|-damage|p1a: Dipplin|203/284 psn|[from] psn\n|upkeep\n|turn|30\n|inactive|Time left: 300 sec this turn | 300 sec total\n|\n|t:|1783571172\n|move|p2a: Sableye|Recover|p2a: Sableye\n|-heal|p2a: Sableye|100/100\n|move|p1a: Dipplin|Giga Drain|p2a: Sableye\n|-damage|p2a: Sableye|56/100\n|-heal|p1a: Dipplin|254/284 psn|[from] drain|[of] p2a: Sableye\n|\n|-heal|p2a: Sableye|62/100|[from] item: Leftovers\n|-damage|p1a: Dipplin|219/284 psn|[from] psn\n|upkeep\n|turn|31\n|inactive|Time left: 300 sec this turn | 300 sec total\n|\n|t:|1783571173\n|move|p2a: Sableye|Recover|p2a: Sableye\n|-heal|p2a: Sableye|100/100\n|move|p1a: Dipplin|Giga Drain|p2a: Sableye\n|-damage|p2a: Sableye|55/100\n|-heal|p1a: Dipplin|272/284 psn|[from] drain|[of] p2a: Sableye\n|\n|-heal|p2a: Sableye|61/100|[from] item: Leftovers\n|-damage|p1a: Dipplin|237/284 psn|[from] psn\n|upkeep\n|turn|32\n|inactive|Time left: 300 sec this turn | 300 sec total\n|\n|t:|1783571174\n|move|p2a: Sableye|Recover|p2a: Sableye\n|-heal|p2a: Sableye|100/100\n|move|p1a: Dipplin|Giga Drain|p2a: Sableye\n|-damage|p2a: Sableye|54/100\n|-heal|p1a: Dipplin|284/284 psn|[from] drain|[of] p2a: Sableye\n|\n|-heal|p2a: Sableye|60/100|[from] item: Leftovers\n|-damage|p1a: Dipplin|249/284 psn|[from] psn\n|upkeep\n|turn|33\n|inactive|Time left: 300 sec this turn | 300 sec total\n|\n|t:|1783571175\n|move|p2a: Sableye|Recover|p2a: Sableye\n|-heal|p2a: Sableye|100/100\n|move|p1a: Dipplin|Giga Drain|p2a: Sableye\n|-damage|p2a: Sableye|54/100\n|-heal|p1a: Dipplin|284/284 psn|[from] drain|[of] p2a: Sableye\n|\n|-heal|p2a: Sableye|60/100|[from] item: Leftovers\n|-damage|p1a: Dipplin|249/284 psn|[from] psn\n|upkeep\n|turn|34\n|inactive|Time left: 300 sec this turn | 300 sec total\n|\n|t:|1783571176\n|move|p2a: Sableye|Recover|p2a: Sableye\n|-heal|p2a: Sableye|100/100\n|move|p1a: Dipplin|Dragon Pulse|p2a: Sableye\n|-damage|p2a: Sableye|50/100\n|\n|-heal|p2a: Sableye|56/100|[from] item: Leftovers\n|-damage|p1a: Dipplin|214/284 psn|[from] psn\n|upkeep\n|turn|35\n|inactive|Time left: 300 sec this turn | 300 sec total\n|\n|t:|1783571177\n|move|p2a: Sableye|Recover|p2a: Sableye\n|-heal|p2a: Sableye|100/100\n|move|p1a: Dipplin|Dragon Pulse|p2a: Sableye\n|-damage|p2a: Sableye|51/100\n|\n|-heal|p2a: Sableye|57/100|[from] item: Leftovers\n|-damage|p1a: Dipplin|179/284 psn|[from] psn\n|upkeep\n|turn|36\n|inactive|Time left: 300 sec this turn | 300 sec total\n|\n|t:|1783571178\n|move|p2a: Sableye|Recover|p2a: Sableye\n|-heal|p2a: Sableye|100/100\n|move|p1a: Dipplin|Dragon Pulse|p2a: Sableye\n|-damage|p2a: Sableye|48/100\n|\n|-heal|p2a: Sableye|54/100|[from] item: Leftovers\n|-damage|p1a: Dipplin|144/284 psn|[from] psn\n|upkeep\n|turn|37\n|inactive|Time left: 300 sec this turn | 300 sec total\n|\n|t:|1783571179\n|move|p2a: Sableye|Knock Off|p1a: Dipplin\n|-damage|p1a: Dipplin|92/284 psn\n|-activate|p1a: Dipplin|ability: Sticky Hold\n|move|p1a: Dipplin|Giga Drain|p2a: Sableye\n|-damage|p2a: Sableye|13/100\n|-heal|p1a: Dipplin|139/284 psn|[from] drain|[of] p2a: Sableye\n|\n|-heal|p2a: Sableye|20/100|[from] item: Leftovers\n|-damage|p1a: Dipplin|104/284 psn|[from] psn\n|upkeep\n|turn|38\n|inactive|Time left: 300 sec this turn | 300 sec total\n|\n|t:|1783571180\n|move|p2a: Sableye|Encore|p1a: Dipplin\n|-start|p1a: Dipplin|Encore\n|move|p1a: Dipplin|Giga Drain|p2a: Sableye\n|-damage|p2a: Sableye|0 fnt\n|-heal|p1a: Dipplin|126/284 psn|[from] drain|[of] p2a: Sableye\n|faint|p2a: Sableye\n|\n|win|p0x27881814", "uploadtime": 1783571180, "views": 0, "rating": 0, "private": 0, "password": null, "_winner": "p0x27881814", "_our_name": "p0x27881814"}