{"id": "battle-gen9randombattle-1497", "formatid": "gen9randombattle", "format": "[Gen 9] Random Battle", "players": ["p0x14978d1a", "p0y149775d9"], "log": "|init|battle\n|title|p0x14978d1a vs. p0y149775d9\n|j|\u2606p0x14978d1a\n|j|\u2606p0y149775d9\n|t:|1783556502\n|gametype|singles\n|player|p1|p0x14978d1a|266|\n|player|p2|p0y149775d9|101|\n|gen|9\n|tier|[Gen 9] Random Battle\n|rule|Species Clause: Limit one of each Pok\u00e9mon\n|rule|HP Percentage Mod: HP is shown in percentages\n|rule|Sleep Clause Mod: Limit one foe put to sleep\n|rule|Illusion Level Mod: Illusion disguises the Pok\u00e9mon's true level\n|\n|t:|1783556502\n|teamsize|p1|6\n|teamsize|p2|6\n|start\n|switch|p1a: Jolteon|Jolteon, L84, M|100/100\n|switch|p2a: Basculin|Basculin-Blue-Striped, L86, F|261/261\n|turn|1\n|inactive|Battle timer is ON: inactive players will automatically lose when time's up. (requested by p0x14978d1a)\n|inactive|Time left: 300 sec this turn | 300 sec total | 60 sec grace\n|inactive|p0y149775d9 also wants the timer to be on.\n|\n|t:|1783556504\n|switch|p2a: Ursaluna|Ursaluna-Bloodmoon, L79, M|308/308\n|move|p1a: Jolteon|Thunderbolt|p2a: Ursaluna\n|-immune|p2a: Ursaluna\n|\n|upkeep\n|turn|2\n|inactive|Time left: 300 sec this turn | 300 sec total\n|\n|t:|1783556505\n|move|p1a: Jolteon|Thunderbolt|p2a: Ursaluna\n|-immune|p2a: Ursaluna\n|move|p2a: Ursaluna|Calm Mind|p2a: Ursaluna\n|-boost|p2a: Ursaluna|spa|1\n|-boost|p2a: Ursaluna|spd|1\n|\n|upkeep\n|turn|3\n|inactive|Time left: 300 sec this turn | 300 sec total\n|\n|t:|1783556506\n|switch|p1a: Munkidori|Munkidori, L79, M|100/100\n|move|p2a: Ursaluna|Blood Moon|p1a: Munkidori\n|-damage|p1a: Munkidori|37/100\n|\n|upkeep\n|turn|4\n|inactive|Time left: 300 sec this turn | 300 sec total\n|\n|t:|1783556507\n|move|p1a: Munkidori|Fake Out|p2a: Ursaluna\n|-damage|p2a: Ursaluna|290/308\n|-status|p2a: Ursaluna|tox|[from] ability: Toxic Chain|[of] p1a: Munkidori\n|cant|p2a: Ursaluna|flinch\n|\n|-heal|p2a: Ursaluna|308/308 tox|[from] item: Leftovers\n|-damage|p2a: Ursaluna|289/308 tox|[from] psn\n|upkeep\n|turn|5\n|inactive|Time left: 300 sec this turn | 300 sec total\n|\n|t:|1783556509\n|switch|p1a: Rillaboom|Rillaboom, L79, M|100/100\n|-fieldstart|move: Grassy Terrain|[from] ability: Grassy Surge|[of] p1a: Rillaboom\n|move|p2a: Ursaluna|Earth Power|p1a: Rillaboom\n|-resisted|p1a: Rillaboom\n|-damage|p1a: Rillaboom|63/100\n|\n|-heal|p1a: Rillaboom|69/100|[from] Grassy Terrain\n|-heal|p2a: Ursaluna|308/308 tox|[from] Grassy Terrain\n|-damage|p2a: Ursaluna|270/308 tox|[from] psn\n|upkeep\n|turn|6\n|inactive|Time left: 300 sec this turn | 300 sec total\n|\n|t:|1783556510\n|-terastallize|p2a: Ursaluna|Poison\n|move|p1a: Rillaboom|Wood Hammer|p2a: Ursaluna\n|-resisted|p2a: Ursaluna\n|-damage|p2a: Ursaluna|182/308 tox\n|-damage|p1a: Rillaboom|59/100|[from] Recoil\n|-damage|p1a: Rillaboom|49/100|[from] item: Life Orb\n|move|p2a: Ursaluna|Blood Moon|p1a: Rillaboom\n|-damage|p1a: Rillaboom|0 fnt\n|faint|p1a: Rillaboom\n|\n|-heal|p2a: Ursaluna|201/308 tox|[from] Grassy Terrain\n|-heal|p2a: Ursaluna|220/308 tox|[from] item: Leftovers\n|-damage|p2a: Ursaluna|163/308 tox|[from] psn\n|upkeep\n|\n|t:|1783556511\n|switch|p1a: Glastrier|Glastrier, L86|100/100\n|turn|7\n|inactive|Time left: 300 sec this turn | 300 sec total\n|\n|t:|1783556512\n|move|p2a: Ursaluna|Moonlight|p2a: Ursaluna\n|-heal|p2a: Ursaluna|308/308 tox\n|move|p1a: Glastrier|High Horsepower|p2a: Ursaluna\n|-supereffective|p2a: Ursaluna\n|-damage|p2a: Ursaluna|158/308 tox\n|\n|-heal|p2a: Ursaluna|177/308 tox|[from] Grassy Terrain\n|-heal|p2a: Ursaluna|196/308 tox|[from] item: Leftovers\n|-damage|p2a: Ursaluna|120/308 tox|[from] psn\n|upkeep\n|turn|8\n|inactive|Time left: 300 sec this turn | 300 sec total\n|\n|t:|1783556513\n|move|p2a: Ursaluna|Blood Moon|p1a: Glastrier\n|-damage|p1a: Glastrier|27/100\n|move|p1a: Glastrier|High Horsepower|p2a: Ursaluna\n|-supereffective|p2a: Ursaluna\n|-damage|p2a: Ursaluna|0 fnt\n|faint|p2a: Ursaluna\n|-ability|p1a: Glastrier|Chilling Neigh|boost\n|-boost|p1a: Glastrier|atk|1\n|\n|-heal|p1a: Glastrier|34/100|[from] Grassy Terrain\n|upkeep\n|inactive|Time left: 300 sec this turn | 300 sec total | 5 sec grace\n|\n|t:|1783556514\n|switch|p2a: Crawdaunt|Crawdaunt, L84, F|243/243\n|turn|9\n|inactive|Time left: 300 sec this turn | 300 sec total\n|\n|t:|1783556515\n|switch|p1a: Archaludon|Archaludon, L78, F|100/100\n|move|p2a: Crawdaunt|Knock Off|p1a: Archaludon\n|-damage|p1a: Archaludon|36/100\n|-ability|p1a: Archaludon|Stamina|boost\n|-boost|p1a: Archaludon|def|1\n|-enditem|p1a: Archaludon|Assault Vest|[from] move: Knock Off|[of] p2a: Crawdaunt\n|-damage|p2a: Crawdaunt|219/243|[from] item: Life Orb\n|\n|-heal|p1a: Archaludon|42/100|[from] Grassy Terrain\n|-heal|p2a: Crawdaunt|234/243|[from] Grassy Terrain\n|-fieldend|move: Grassy Terrain\n|upkeep\n|turn|10\n|inactive|Time left: 300 sec this turn | 300 sec total\n|\n|t:|1783556516\n|switch|p2a: Mimikyu|Mimikyu, L79, F|216/216\n|move|p1a: Archaludon|Body Press|p2a: Mimikyu\n|-immune|p2a: Mimikyu\n|\n|upkeep\n|turn|11\n|inactive|Time left: 300 sec this turn | 300 sec total\n|\n|t:|1783556517\n|move|p2a: Mimikyu|Swords Dance|p2a: Mimikyu\n|-boost|p2a: Mimikyu|atk|2\n|move|p1a: Archaludon|Draco Meteor|p2a: Mimikyu\n|-immune|p2a: Mimikyu\n|\n|upkeep\n|turn|12\n|inactive|Time left: 300 sec this turn | 300 sec total\n|\n|t:|1783556518\n|move|p2a: Mimikyu|Play Rough|p1a: Archaludon\n|-damage|p1a: Archaludon|2/100\n|-ability|p1a: Archaludon|Stamina|boost\n|-boost|p1a: Archaludon|def|1\n|-damage|p2a: Mimikyu|195/216|[from] item: Life Orb\n|move|p1a: Archaludon|Flash Cannon|p2a: Mimikyu\n|-activate|p2a: Mimikyu|ability: Disguise\n|-damage|p2a: Mimikyu|195/216\n|detailschange|p2a: Mimikyu|Mimikyu-Busted, L79, F\n|-damage|p2a: Mimikyu|168/216|[from] pokemon: Mimikyu-Busted\n|\n|upkeep\n|turn|13\n|inactive|Time left: 300 sec this turn | 300 sec total\n|\n|t:|1783556519\n|move|p2a: Mimikyu|Shadow Claw|p1a: Archaludon\n|-crit|p1a: Archaludon\n|-damage|p1a: Archaludon|0 fnt\n|faint|p1a: Archaludon\n|-damage|p2a: Mimikyu|147/216|[from] item: Life Orb\n|\n|upkeep\n|\n|t:|1783556520\n|switch|p1a: Jolteon|Jolteon, L84, M|100/100\n|turn|14\n|inactive|Time left: 300 sec this turn | 300 sec total\n|\n|t:|1783556521\n|move|p1a: Jolteon|Thunderbolt|p2a: Mimikyu\n|-damage|p2a: Mimikyu|0 fnt\n|faint|p2a: Mimikyu\n|\n|upkeep\n|inactive|Time left: 300 sec this turn | 300 sec total | 5 sec grace\n|\n|t:|1783556522\n|switch|p2a: Garchomp|Garchomp, L74, M|282/282\n|turn|15\n|inactive|Time left: 300 sec this turn | 300 sec total\n|\n|t:|1783556523\n|switch|p1a: Rabsca|Rabsca, L91, F|100/100\n|move|p2a: Garchomp|Earthquake|p1a: Rabsca\n|-resisted|p1a: Rabsca\n|-damage|p1a: Rabsca|84/100\n|\n|upkeep\n|turn|16\n|inactive|Time left: 300 sec this turn | 300 sec total\n|\n|t:|1783556524\n|move|p2a: Garchomp|Scale Shot|p1a: Rabsca\n|-damage|p1a: Rabsca|75/100\n|-damage|p1a: Rabsca|66/100\n|-damage|p1a: Rabsca|57/100\n|-damage|p1a: Rabsca|48/100\n|-damage|p1a: Rabsca|40/100\n|-hitcount|p1a: Rabsca|5\n|-unboost|p2a: Garchomp|def|1\n|-boost|p2a: Garchomp|spe|1\n|move|p1a: Rabsca|Bug Buzz|p2a: Garchomp\n|-crit|p2a: Garchomp\n|-damage|p2a: Garchomp|42/282\n|\n|upkeep\n|turn|17\n|inactive|Time left: 300 sec this turn | 300 sec total\n|\n|t:|1783556525\n|move|p2a: Garchomp|Fire Fang|p1a: Rabsca\n|-supereffective|p1a: Rabsca\n|-damage|p1a: Rabsca|9/100\n|-status|p1a: Rabsca|brn\n|-activate|p1a: Rabsca|ability: Synchronize\n|-status|p2a: Garchomp|brn\n|move|p1a: Rabsca|Psychic|p2a: Garchomp\n|-damage|p2a: Garchomp|0 fnt\n|faint|p2a: Garchomp\n|\n|-damage|p1a: Rabsca|3/100 brn|[from] brn\n|upkeep\n|inactive|Time left: 300 sec this turn | 300 sec total | 5 sec grace\n|\n|t:|1783556526\n|switch|p2a: Basculin|Basculin-Blue-Striped, L86, F|261/261\n|turn|18\n|inactive|Time left: 300 sec this turn | 300 sec total\n|\n|t:|1783556527\n|move|p2a: Basculin|Wave Crash|p1a: Rabsca\n|-damage|p1a: Rabsca|0 fnt\n|faint|p1a: Rabsca\n|-damage|p2a: Basculin|259/261|[from] Recoil\n|\n|upkeep\n|\n|t:|1783556528\n|switch|p1a: Jolteon|Jolteon, L84, M|100/100\n|turn|19\n|inactive|Time left: 300 sec this turn | 300 sec total\n|\n|t:|1783556529\n|switch|p2a: Electrode|Electrode, L92|260/260\n|move|p1a: Jolteon|Thunderbolt|p2a: Electrode\n|-resisted|p2a: Electrode\n|-damage|p2a: Electrode|183/260\n|\n|upkeep\n|turn|20\n|inactive|Time left: 300 sec this turn | 300 sec total\n|\n|t:|1783556530\n|move|p2a: Electrode|Tera Blast|p1a: Jolteon\n|-damage|p1a: Jolteon|74/100\n|-damage|p2a: Electrode|157/260|[from] item: Life Orb\n|move|p1a: Jolteon|Thunderbolt|p2a: Electrode\n|-resisted|p2a: Electrode\n|-damage|p2a: Electrode|85/260\n|\n|upkeep\n|turn|21\n|inactive|Time left: 300 sec this turn | 300 sec total\n|\n|t:|1783556531\n|move|p2a: Electrode|Tera Blast|p1a: Jolteon\n|-damage|p1a: Jolteon|42/100\n|-damage|p2a: Electrode|59/260|[from] item: Life Orb\n|move|p1a: Jolteon|Thunderbolt|p2a: Electrode\n|-resisted|p2a: Electrode\n|-damage|p2a: Electrode|0 fnt\n|faint|p2a: Electrode\n|\n|upkeep\n|inactive|Time left: 300 sec this turn | 300 sec total | 5 sec grace\n|\n|t:|1783556532\n|switch|p2a: Basculin|Basculin-Blue-Striped, L86, F|259/261\n|turn|22\n|inactive|Time left: 300 sec this turn | 300 sec total\n|\n|t:|1783556533\n|switch|p1a: Glastrier|Glastrier, L86|34/100\n|move|p2a: Basculin|Aqua Jet|p1a: Glastrier\n|-damage|p1a: Glastrier|15/100\n|\n|upkeep\n|turn|23\n|inactive|Time left: 300 sec this turn | 300 sec total\n|\n|t:|1783556534\n|-terastallize|p1a: Glastrier|Ground\n|move|p2a: Basculin|Aqua Jet|p1a: Glastrier\n|-supereffective|p1a: Glastrier\n|-damage|p1a: Glastrier|0 fnt\n|faint|p1a: Glastrier\n|\n|upkeep\n|\n|t:|1783556535\n|switch|p1a: Munkidori|Munkidori, L79, M|37/100\n|turn|24\n|inactive|Time left: 300 sec this turn | 300 sec total\n|\n|t:|1783556536\n|move|p1a: Munkidori|Fake Out|p2a: Basculin\n|-damage|p2a: Basculin|234/261\n|cant|p2a: Basculin|flinch\n|\n|upkeep\n|turn|25\n|inactive|Time left: 300 sec this turn | 300 sec total\n|\n|t:|1783556537\n|move|p2a: Basculin|Aqua Jet|p1a: Munkidori\n|-damage|p1a: Munkidori|0 fnt\n|faint|p1a: Munkidori\n|\n|upkeep\n|\n|t:|1783556538\n|switch|p1a: Jolteon|Jolteon, L84, M|42/100\n|turn|26\n|inactive|Time left: 300 sec this turn | 300 sec total\n|\n|t:|1783556538\n|move|p2a: Basculin|Aqua Jet|p1a: Jolteon\n|-damage|p1a: Jolteon|0 fnt\n|faint|p1a: Jolteon\n|\n|win|p0y149775d9", "uploadtime": 1783556538, "views": 0, "rating": 0, "private": 0, "password": null, "_winner": "p0y149775d9", "_our_name": "p0y149775d9"}