{"id": "battle-gen9randombattle-1177", "formatid": "gen9randombattle", "format": "[Gen 9] Random Battle", "players": ["p0x11775fd0", "p0y1177aa82"], "log": "|init|battle\n|title|p0x11775fd0 vs. p0y1177aa82\n|j|\u2606p0x11775fd0\n|j|\u2606p0y1177aa82\n|t:|1783552754\n|gametype|singles\n|player|p1|p0x11775fd0|2|\n|player|p2|p0y1177aa82|1|\n|gen|9\n|tier|[Gen 9] Random Battle\n|rule|Species Clause: Limit one of each Pok\u00e9mon\n|rule|HP Percentage Mod: HP is shown in percentages\n|rule|Sleep Clause Mod: Limit one foe put to sleep\n|rule|Illusion Level Mod: Illusion disguises the Pok\u00e9mon's true level\n|\n|t:|1783552754\n|teamsize|p1|6\n|teamsize|p2|6\n|start\n|switch|p1a: Pincurchin|Pincurchin, M|258/258\n|switch|p2a: Dragonite|Dragonite, L74, M|100/100\n|-fieldstart|move: Electric Terrain|[from] ability: Electric Surge|[of] p1a: Pincurchin\n|turn|1\n|inactive|Battle timer is ON: inactive players will automatically lose when time's up. (requested by p0x11775fd0)\n|inactive|p0y1177aa82 also wants the timer to be on.\n|\n|t:|1783552756\n|move|p2a: Dragonite|Dragon Dance|p2a: Dragonite\n|-boost|p2a: Dragonite|atk|1\n|-boost|p2a: Dragonite|spe|1\n|move|p1a: Pincurchin|Zing Zap|p2a: Dragonite\n|-damage|p2a: Dragonite|70/100\n|\n|upkeep\n|turn|2\n|inactive|Time left: 300 sec this turn | 300 sec total\n|\n|t:|1783552757\n|move|p2a: Dragonite|Outrage|p1a: Pincurchin\n|-damage|p1a: Pincurchin|114/258\n|move|p1a: Pincurchin|Zing Zap|p2a: Dragonite\n|-damage|p2a: Dragonite|8/100\n|\n|-heal|p1a: Pincurchin|130/258|[from] item: Leftovers\n|upkeep\n|turn|3\n|inactive|Time left: 300 sec this turn | 300 sec total\n|\n|t:|1783552758\n|switch|p1a: Dipplin|Dipplin, L88, F|284/284\n|move|p2a: Dragonite|Outrage|p1a: Dipplin|[from] lockedmove\n|-supereffective|p1a: Dipplin\n|-damage|p1a: Dipplin|80/284\n|-start|p2a: Dragonite|confusion|[fatigue]\n|\n|upkeep\n|turn|4\n|inactive|Time left: 300 sec this turn | 300 sec total\n|\n|t:|1783552759\n|move|p1a: Dipplin|Sucker Punch|p2a: Dragonite\n|-damage|p2a: Dragonite|0 fnt\n|faint|p2a: Dragonite\n|\n|upkeep\n|\n|t:|1783552760\n|switch|p2a: Chi-Yu|Chi-Yu, L77|100/100\n|-ability|p2a: Chi-Yu|Beads of Ruin\n|turn|5\n|inactive|Time left: 300 sec this turn | 300 sec total\n|\n|t:|1783552761\n|move|p2a: Chi-Yu|Flamethrower|p1a: Dipplin\n|-damage|p1a: Dipplin|0 fnt\n|faint|p1a: Dipplin\n|\n|-fieldend|move: Electric Terrain\n|upkeep\n|inactive|Time left: 300 sec this turn | 300 sec total | 5 sec grace\n|\n|t:|1783552762\n|switch|p1a: Pincurchin|Pincurchin, M|130/258\n|-fieldstart|move: Electric Terrain|[from] ability: Electric Surge|[of] p1a: Pincurchin\n|turn|6\n|inactive|Time left: 300 sec this turn | 300 sec total\n|\n|t:|1783552763\n|move|p2a: Chi-Yu|Flamethrower|p1a: Pincurchin\n|-damage|p1a: Pincurchin|0 fnt\n|faint|p1a: Pincurchin\n|\n|upkeep\n|inactive|Time left: 300 sec this turn | 300 sec total | 5 sec grace\n|\n|t:|1783552765\n|switch|p1a: Luxray|Luxray, L88, M|284/284\n|-ability|p1a: Luxray|Intimidate|boost\n|-unboost|p2a: Chi-Yu|atk|1\n|turn|7\n|inactive|Time left: 300 sec this turn | 300 sec total\n|\n|t:|1783552766\n|-terastallize|p1a: Luxray|Electric\n|move|p2a: Chi-Yu|Flamethrower|p1a: Luxray\n|-damage|p1a: Luxray|139/284\n|move|p1a: Luxray|Wild Charge|p2a: Chi-Yu\n|-damage|p2a: Chi-Yu|0 fnt\n|faint|p2a: Chi-Yu\n|-damage|p1a: Luxray|86/284|[from] Recoil\n|\n|upkeep\n|\n|t:|1783552767\n|switch|p2a: Miraidon|Miraidon, L65|100/100\n|-activate|p2a: Miraidon|ability: Hadron Engine\n|turn|8\n|inactive|Time left: 300 sec this turn | 300 sec total\n|\n|t:|1783552768\n|move|p2a: Miraidon|Draco Meteor|p1a: Luxray\n|-damage|p1a: Luxray|0 fnt\n|-unboost|p2a: Miraidon|spa|2\n|faint|p1a: Luxray\n|\n|upkeep\n|inactive|Time left: 300 sec this turn | 300 sec total | 5 sec grace\n|\n|t:|1783552769\n|switch|p1a: Toxicroak|Toxicroak, L84, M|277/277\n|turn|9\n|inactive|Time left: 300 sec this turn | 300 sec total\n|\n|t:|1783552770\n|move|p2a: Miraidon|Draco Meteor|p1a: Toxicroak\n|-damage|p1a: Toxicroak|133/277\n|-unboost|p2a: Miraidon|spa|2\n|move|p1a: Toxicroak|Gunk Shot|p2a: Miraidon\n|-damage|p2a: Miraidon|19/100\n|-damage|p1a: Toxicroak|106/277|[from] item: Life Orb\n|\n|upkeep\n|turn|10\n|inactive|Time left: 300 sec this turn | 300 sec total\n|\n|t:|1783552771\n|move|p2a: Miraidon|Draco Meteor|p1a: Toxicroak\n|-damage|p1a: Toxicroak|7/277\n|-unboost|p2a: Miraidon|spa|2\n|move|p1a: Toxicroak|Swords Dance|p1a: Toxicroak\n|-boost|p1a: Toxicroak|atk|2\n|\n|-fieldend|move: Electric Terrain\n|upkeep\n|turn|11\n|inactive|Time left: 300 sec this turn | 300 sec total\n|\n|t:|1783552772\n|move|p2a: Miraidon|Draco Meteor|p1a: Toxicroak|[miss]\n|-miss|p2a: Miraidon|p1a: Toxicroak\n|move|p1a: Toxicroak|Close Combat|p2a: Miraidon\n|-damage|p2a: Miraidon|0 fnt\n|-unboost|p1a: Toxicroak|def|1\n|-unboost|p1a: Toxicroak|spd|1\n|faint|p2a: Miraidon\n|-damage|p1a: Toxicroak|0 fnt|[from] item: Life Orb\n|faint|p1a: Toxicroak\n|\n|upkeep\n|inactive|Time left: 300 sec this turn | 300 sec total | 5 sec grace\n|\n|t:|1783552773\n|switch|p2a: Arboliva|Arboliva, L91, M|100/100\n|switch|p1a: Illumise|Illumise, L91, F|266/266\n|turn|12\n|inactive|Time left: 300 sec this turn | 300 sec total\n|\n|t:|1783552774\n|move|p1a: Illumise|Thunder Wave|p2a: Arboliva\n|-status|p2a: Arboliva|par\n|move|p2a: Arboliva|Hyper Voice|p1a: Illumise\n|-damage|p1a: Illumise|140/266\n|\n|upkeep\n|turn|13\n|inactive|Time left: 300 sec this turn | 300 sec total\n|\n|t:|1783552775\n|switch|p2a: Diancie|Diancie, L82|100/100\n|move|p1a: Illumise|Roost|p1a: Illumise\n|-heal|p1a: Illumise|266/266\n|-singleturn|p1a: Illumise|move: Roost\n|\n|upkeep\n|turn|14\n|inactive|Time left: 300 sec this turn | 300 sec total\n|\n|t:|1783552776\n|move|p1a: Illumise|Thunder Wave|p2a: Diancie\n|-status|p2a: Diancie|par\n|move|p2a: Diancie|Diamond Storm|p1a: Illumise\n|-supereffective|p1a: Illumise\n|-damage|p1a: Illumise|38/266\n|\n|upkeep\n|turn|15\n|inactive|Time left: 300 sec this turn | 300 sec total\n|\n|t:|1783552777\n|move|p1a: Illumise|Roost|p1a: Illumise\n|-heal|p1a: Illumise|171/266\n|-singleturn|p1a: Illumise|move: Roost\n|move|p2a: Diancie|Diamond Storm|p1a: Illumise\n|-supereffective|p1a: Illumise\n|-crit|p1a: Illumise\n|-damage|p1a: Illumise|0 fnt\n|-boost|p2a: Diancie|def|2\n|faint|p1a: Illumise\n|\n|upkeep\n|inactive|Time left: 300 sec this turn | 300 sec total | 5 sec grace\n|\n|t:|1783552778\n|switch|p1a: Glalie|Glalie, L96, M|309/309\n|turn|16\n|inactive|Time left: 300 sec this turn | 300 sec total\n|\n|t:|1783552779\n|-terastallize|p2a: Diancie|Fighting\n|move|p1a: Glalie|Spikes|p2a: Diancie\n|-sidestart|p2: p0y1177aa82|Spikes\n|move|p2a: Diancie|Body Press|p1a: Glalie\n|-supereffective|p1a: Glalie\n|-damage|p1a: Glalie|0 fnt\n|faint|p1a: Glalie\n|\n|win|p0y1177aa82", "uploadtime": 1783552779, "views": 0, "rating": 0, "private": 0, "password": null, "_winner": "p0y1177aa82", "_our_name": "p0x11775fd0"}