{"id": "battle-gen9randombattle-1949", "formatid": "gen9randombattle", "format": "[Gen 9] Random Battle", "players": ["p0x19492525", "p0y194974e1"], "log": "|init|battle\n|title|p0x19492525 vs. p0y194974e1\n|j|\u2606p0x19492525\n|j|\u2606p0y194974e1\n|t:|1783562555\n|gametype|singles\n|player|p1|p0x19492525|2|\n|player|p2|p0y194974e1|2|\n|gen|9\n|tier|[Gen 9] Random Battle\n|rule|Species Clause: Limit one of each Pok\u00e9mon\n|rule|HP Percentage Mod: HP is shown in percentages\n|rule|Sleep Clause Mod: Limit one foe put to sleep\n|rule|Illusion Level Mod: Illusion disguises the Pok\u00e9mon's true level\n|\n|t:|1783562555\n|teamsize|p1|6\n|teamsize|p2|6\n|start\n|switch|p1a: Garchomp|Garchomp, L74, F|100/100\n|switch|p2a: Overqwil|Overqwil, L82, F|274/274\n|-ability|p2a: Overqwil|Intimidate|boost\n|-unboost|p1a: Garchomp|atk|1\n|turn|1\n|inactive|Battle timer is ON: inactive players will automatically lose when time's up. (requested by p0x19492525)\n|inactive|Time left: 300 sec this turn | 300 sec total | 60 sec grace\n|inactive|p0y194974e1 also wants the timer to be on.\n|\n|t:|1783562557\n|switch|p1a: Mightyena|Mightyena, L96, M|100/100\n|-ability|p1a: Mightyena|Intimidate|boost\n|-unboost|p2a: Overqwil|atk|1\n|move|p2a: Overqwil|Scale Shot|p1a: Mightyena|[miss]\n|-miss|p2a: Overqwil|p1a: Mightyena\n|\n|upkeep\n|turn|2\n|inactive|Time left: 300 sec this turn | 300 sec total\n|\n|t:|1783562558\n|switch|p2a: Mudsdale|Mudsdale, L83, F|302/302\n|move|p1a: Mightyena|Throat Chop|p2a: Mudsdale\n|-damage|p2a: Mudsdale|212/302\n|-start|p2a: Mudsdale|Throat Chop|[silent]\n|-ability|p2a: Mudsdale|Stamina|boost\n|-boost|p2a: Mudsdale|def|1\n|\n|-heal|p2a: Mudsdale|230/302|[from] item: Leftovers\n|upkeep\n|turn|3\n|inactive|Time left: 300 sec this turn | 300 sec total\n|\n|t:|1783562559\n|switch|p1a: Arceus|Arceus-Water, L71|100/100\n|move|p2a: Mudsdale|Earthquake|p1a: Arceus\n|-damage|p1a: Arceus|60/100\n|\n|-heal|p2a: Mudsdale|248/302|[from] item: Leftovers\n|-end|p2a: Mudsdale|Throat Chop|[silent]\n|upkeep\n|turn|4\n|inactive|Time left: 300 sec this turn | 300 sec total\n|\n|t:|1783562560\n|move|p1a: Arceus|Judgment|p2a: Mudsdale\n|-supereffective|p2a: Mudsdale\n|-damage|p2a: Mudsdale|36/302\n|-ability|p2a: Mudsdale|Stamina|boost\n|-boost|p2a: Mudsdale|def|1\n|move|p2a: Mudsdale|Earthquake|p1a: Arceus\n|-damage|p1a: Arceus|15/100\n|\n|-heal|p2a: Mudsdale|54/302|[from] item: Leftovers\n|upkeep\n|turn|5\n|inactive|Time left: 300 sec this turn | 300 sec total\n|\n|t:|1783562561\n|switch|p2a: Serperior|Serperior, L79, F|248/248\n|move|p1a: Arceus|Judgment|p2a: Serperior\n|-resisted|p2a: Serperior\n|-damage|p2a: Serperior|194/248\n|\n|upkeep\n|turn|6\n|inactive|Time left: 300 sec this turn | 300 sec total\n|\n|t:|1783562561\n|switch|p1a: Toxtricity|Toxtricity, L82, F|100/100\n|move|p2a: Serperior|Leaf Storm|p1a: Toxtricity\n|-resisted|p1a: Toxtricity\n|-damage|p1a: Toxtricity|69/100\n|-boost|p2a: Serperior|spa|2\n|-damage|p2a: Serperior|170/248|[from] item: Life Orb\n|\n|upkeep\n|turn|7\n|inactive|Time left: 300 sec this turn | 300 sec total\n|\n|t:|1783562562\n|-terastallize|p2a: Serperior|Dragon\n|move|p2a: Serperior|Dragon Pulse|p1a: Toxtricity\n|-damage|p1a: Toxtricity|0 fnt\n|faint|p1a: Toxtricity\n|-damage|p2a: Serperior|146/248|[from] item: Life Orb\n|\n|upkeep\n|\n|t:|1783562563\n|switch|p1a: Garchomp|Garchomp, L74, F|100/100\n|turn|8\n|inactive|Time left: 300 sec this turn | 300 sec total\n|\n|t:|1783562564\n|-terastallize|p1a: Garchomp|Steel\n|move|p2a: Serperior|Leaf Storm|p1a: Garchomp\n|-resisted|p1a: Garchomp\n|-damage|p1a: Garchomp|48/100\n|-boost|p2a: Serperior|spa|2\n|-damage|p2a: Serperior|122/248|[from] item: Life Orb\n|move|p1a: Garchomp|Outrage|p2a: Serperior\n|-supereffective|p2a: Serperior\n|-damage|p2a: Serperior|0 fnt\n|faint|p2a: Serperior\n|\n|upkeep\n|inactive|Time left: 300 sec this turn | 300 sec total | 5 sec grace\n|\n|t:|1783562565\n|switch|p2a: Probopass|Probopass, L91, M|257/257\n|turn|9\n|inactive|Time left: 300 sec this turn | 300 sec total\n|\n|t:|1783562566\n|move|p1a: Garchomp|Outrage|p2a: Probopass|[from] lockedmove\n|-resisted|p2a: Probopass\n|-damage|p2a: Probopass|219/257\n|move|p2a: Probopass|Body Press|p1a: Garchomp\n|-supereffective|p1a: Garchomp\n|-damage|p1a: Garchomp|0 fnt\n|-damage|p2a: Probopass|187/257|[from] ability: Rough Skin|[of] p1a: Garchomp\n|-damage|p2a: Probopass|145/257|[from] item: Rocky Helmet|[of] p1a: Garchomp\n|faint|p1a: Garchomp\n|\n|-heal|p2a: Probopass|161/257|[from] item: Leftovers\n|upkeep\n|\n|t:|1783562566\n|switch|p1a: Arceus|Arceus-Water, L71|15/100\n|turn|10\n|inactive|Time left: 300 sec this turn | 300 sec total\n|\n|t:|1783562567\n|move|p1a: Arceus|Recover|p1a: Arceus\n|-heal|p1a: Arceus|65/100\n|move|p2a: Probopass|Power Gem|p1a: Arceus\n|-damage|p1a: Arceus|39/100\n|\n|-heal|p2a: Probopass|177/257|[from] item: Leftovers\n|upkeep\n|turn|11\n|inactive|Time left: 300 sec this turn | 300 sec total\n|\n|t:|1783562568\n|switch|p2a: Leafeon|Leafeon, L88, F|258/258\n|move|p1a: Arceus|Judgment|p2a: Leafeon\n|-resisted|p2a: Leafeon\n|-damage|p2a: Leafeon|192/258\n|\n|upkeep\n|turn|12\n|inactive|Time left: 300 sec this turn | 300 sec total\n|\n|t:|1783562569\n|switch|p1a: Mightyena|Mightyena, L96, M|100/100\n|-ability|p1a: Mightyena|Intimidate|boost\n|-unboost|p2a: Leafeon|atk|1\n|move|p2a: Leafeon|Leaf Blade|p1a: Mightyena\n|-damage|p1a: Mightyena|63/100\n|-damage|p2a: Leafeon|167/258|[from] item: Life Orb\n|\n|-heal|p1a: Mightyena|69/100|[from] item: Leftovers\n|upkeep\n|turn|13\n|inactive|Time left: 300 sec this turn | 300 sec total\n|\n|t:|1783562570\n|move|p2a: Leafeon|Swords Dance|p2a: Leafeon\n|-boost|p2a: Leafeon|atk|2\n|move|p1a: Mightyena|Throat Chop|p2a: Leafeon\n|-damage|p2a: Leafeon|89/258\n|-start|p2a: Leafeon|Throat Chop|[silent]\n|\n|-heal|p1a: Mightyena|75/100|[from] item: Leftovers\n|upkeep\n|turn|14\n|inactive|Time left: 300 sec this turn | 300 sec total\n|\n|t:|1783562571\n|switch|p1a: Tornadus|Tornadus, L82, M|100/100\n|move|p2a: Leafeon|Synthesis|p2a: Leafeon\n|-heal|p2a: Leafeon|218/258\n|\n|-end|p2a: Leafeon|Throat Chop|[silent]\n|upkeep\n|turn|15\n|inactive|Time left: 300 sec this turn | 300 sec total\n|\n|t:|1783562572\n|switch|p2a: Probopass|Probopass, L91, M|177/257\n|move|p1a: Tornadus|Bleakwind Storm|p2a: Probopass\n|-resisted|p2a: Probopass\n|-damage|p2a: Probopass|157/257\n|\n|-heal|p2a: Probopass|173/257|[from] item: Leftovers\n|upkeep\n|turn|16\n|inactive|Time left: 300 sec this turn | 300 sec total\n|\n|t:|1783562573\n|switch|p1a: Arceus|Arceus-Water, L71|39/100\n|move|p2a: Probopass|Power Gem|p1a: Arceus\n|-damage|p1a: Arceus|11/100\n|\n|-heal|p2a: Probopass|189/257|[from] item: Leftovers\n|upkeep\n|turn|17\n|inactive|Time left: 300 sec this turn | 300 sec total\n|\n|t:|1783562574\n|move|p1a: Arceus|Recover|p1a: Arceus\n|-heal|p1a: Arceus|61/100\n|move|p2a: Probopass|Body Press|p1a: Arceus\n|-damage|p1a: Arceus|30/100\n|\n|-heal|p2a: Probopass|205/257|[from] item: Leftovers\n|upkeep\n|turn|18\n|inactive|Time left: 300 sec this turn | 300 sec total\n|\n|t:|1783562575\n|move|p1a: Arceus|Recover|p1a: Arceus\n|-heal|p1a: Arceus|80/100\n|move|p2a: Probopass|Body Press|p1a: Arceus\n|-damage|p1a: Arceus|50/100\n|\n|-heal|p2a: Probopass|221/257|[from] item: Leftovers\n|upkeep\n|turn|19\n|inactive|Time left: 300 sec this turn | 300 sec total\n|\n|t:|1783562576\n|move|p1a: Arceus|Judgment|p2a: Probopass\n|-supereffective|p2a: Probopass\n|-damage|p2a: Probopass|83/257\n|move|p2a: Probopass|Thunder Wave|p1a: Arceus\n|-status|p1a: Arceus|par\n|\n|-heal|p2a: Probopass|99/257|[from] item: Leftovers\n|upkeep\n|turn|20\n|inactive|Time left: 300 sec this turn | 300 sec total\n|\n|t:|1783562577\n|move|p2a: Probopass|Power Gem|p1a: Arceus\n|-damage|p1a: Arceus|22/100 par\n|move|p1a: Arceus|Judgment|p2a: Probopass\n|-supereffective|p2a: Probopass\n|-crit|p2a: Probopass\n|-damage|p2a: Probopass|0 fnt\n|faint|p2a: Probopass\n|\n|upkeep\n|inactive|Time left: 300 sec this turn | 300 sec total | 5 sec grace\n|\n|t:|1783562578\n|switch|p2a: Overqwil|Overqwil, L82, F|274/274\n|-ability|p2a: Overqwil|Intimidate|boost\n|-unboost|p1a: Arceus|atk|1\n|turn|21\n|inactive|Time left: 300 sec this turn | 300 sec total\n|\n|t:|1783562579\n|switch|p1a: Mightyena|Mightyena, L96, M|75/100\n|-ability|p1a: Mightyena|Intimidate|boost\n|-unboost|p2a: Overqwil|atk|1\n|move|p2a: Overqwil|Swords Dance|p2a: Overqwil\n|-boost|p2a: Overqwil|atk|2\n|\n|-heal|p1a: Mightyena|81/100|[from] item: Leftovers\n|upkeep\n|turn|22\n|inactive|Time left: 300 sec this turn | 300 sec total\n|\n|t:|1783562580\n|switch|p1a: Arceus|Arceus-Water, L71|22/100 par\n|move|p2a: Overqwil|Swords Dance|p2a: Overqwil\n|-boost|p2a: Overqwil|atk|2\n|\n|upkeep\n|turn|23\n|inactive|Time left: 300 sec this turn | 300 sec total\n|\n|t:|1783562581\n|move|p2a: Overqwil|Scale Shot|p1a: Arceus\n|-damage|p1a: Arceus|6/100 par\n|-damage|p1a: Arceus|0 fnt\n|faint|p1a: Arceus\n|-hitcount|p1: Arceus|2\n|-unboost|p2a: Overqwil|def|1\n|-boost|p2a: Overqwil|spe|1\n|\n|upkeep\n|\n|t:|1783562582\n|switch|p1a: Mightyena|Mightyena, L96, M|81/100\n|-ability|p1a: Mightyena|Intimidate|boost\n|-unboost|p2a: Overqwil|atk|1\n|turn|24\n|inactive|Time left: 300 sec this turn | 300 sec total\n|\n|t:|1783562583\n|move|p2a: Overqwil|Gunk Shot|p1a: Mightyena\n|-damage|p1a: Mightyena|0 fnt\n|faint|p1a: Mightyena\n|\n|upkeep\n|\n|t:|1783562585\n|switch|p1a: Tornadus|Tornadus, L82, M|100/100\n|turn|25\n|inactive|Time left: 300 sec this turn | 300 sec total\n|\n|t:|1783562586\n|move|p2a: Overqwil|Gunk Shot|p1a: Tornadus\n|-damage|p1a: Tornadus|0 fnt\n|faint|p1a: Tornadus\n|\n|upkeep\n|\n|t:|1783562586\n|switch|p1a: Sawsbuck|Sawsbuck-Autumn, L88, M|100/100\n|turn|26\n|inactive|Time left: 300 sec this turn | 300 sec total\n|\n|t:|1783562587\n|move|p2a: Overqwil|Gunk Shot|p1a: Sawsbuck\n|-supereffective|p1a: Sawsbuck\n|-damage|p1a: Sawsbuck|0 fnt\n|faint|p1a: Sawsbuck\n|\n|win|p0y194974e1", "uploadtime": 1783562587, "views": 0, "rating": 0, "private": 0, "password": null, "_winner": "p0y194974e1", "_our_name": "p0y194974e1"}