{"id": "battle-gen9randombattle-2778", "formatid": "gen9randombattle", "format": "[Gen 9] Random Battle", "players": ["p0x2778de1f", "p0y277882ff"], "log": "|init|battle\n|title|p0x2778de1f vs. p0y277882ff\n|j|\u2606p0x2778de1f\n|j|\u2606p0y277882ff\n|t:|1783571000\n|gametype|singles\n|player|p1|p0x2778de1f|102|\n|player|p2|p0y277882ff|1|\n|gen|9\n|tier|[Gen 9] Random Battle\n|rule|Species Clause: Limit one of each Pok\u00e9mon\n|rule|HP Percentage Mod: HP is shown in percentages\n|rule|Sleep Clause Mod: Limit one foe put to sleep\n|rule|Illusion Level Mod: Illusion disguises the Pok\u00e9mon's true level\n|\n|t:|1783571000\n|teamsize|p1|6\n|teamsize|p2|6\n|start\n|switch|p1a: Gallade|Gallade, L80, M|240/240\n|switch|p2a: Incineroar|Incineroar, L82, F|100/100\n|-ability|p2a: Incineroar|Intimidate|boost\n|-unboost|p1a: Gallade|atk|1\n|turn|1\n|inactive|Battle timer is ON: inactive players will automatically lose when time's up. (requested by p0y277882ff)\n|inactive|Time left: 300 sec this turn | 300 sec total | 60 sec grace\n|inactive|p0x2778de1f also wants the timer to be on.\n|\n|t:|1783571001\n|move|p1a: Gallade|Sacred Sword|p2a: Incineroar\n|-supereffective|p2a: Incineroar\n|-damage|p2a: Incineroar|0 fnt\n|faint|p2a: Incineroar\n|\n|upkeep\n|\n|t:|1783571002\n|switch|p2a: Falinks|Falinks, L84|100/100\n|turn|2\n|inactive|Time left: 300 sec this turn | 300 sec total\n|\n|t:|1783571004\n|move|p1a: Gallade|Sacred Sword|p2a: Falinks\n|-damage|p2a: Falinks|44/100\n|move|p2a: Falinks|No Retreat|p2a: Falinks\n|-boost|p2a: Falinks|atk|1\n|-boost|p2a: Falinks|def|1\n|-boost|p2a: Falinks|spa|1\n|-boost|p2a: Falinks|spd|1\n|-boost|p2a: Falinks|spe|1\n|-start|p2a: Falinks|move: No Retreat\n|\n|upkeep\n|turn|3\n|inactive|Time left: 300 sec this turn | 300 sec total\n|\n|t:|1783571005\n|-terastallize|p2a: Falinks|Dark\n|move|p2a: Falinks|Knock Off|p1a: Gallade\n|-damage|p1a: Gallade|0 fnt\n|-enditem|p1a: Gallade|Choice Band|[from] move: Knock Off|[of] p2a: Falinks\n|faint|p1a: Gallade\n|-damage|p2a: Falinks|35/100|[from] item: Life Orb\n|\n|upkeep\n|inactive|Time left: 300 sec this turn | 300 sec total | 5 sec grace\n|\n|t:|1783571005\n|switch|p1a: Slaking|Slaking, L84, F|389/389\n|turn|4\n|inactive|Time left: 300 sec this turn | 300 sec total\n|\n|t:|1783571006\n|move|p1a: Slaking|Giga Impact|p2a: Falinks\n|-damage|p2a: Falinks|0 fnt\n|-mustrecharge|p1a: Slaking\n|faint|p2a: Falinks\n|\n|upkeep\n|\n|t:|1783571007\n|switch|p2a: Basculegion|Basculegion, L80, M|100/100\n|turn|5\n|inactive|Time left: 300 sec this turn | 300 sec total\n|\n|t:|1783571009\n|cant|p1a: Slaking|recharge\n|move|p2a: Basculegion|Wave Crash|p1a: Slaking\n|-damage|p1a: Slaking|223/389\n|-damage|p2a: Basculegion|83/100|[from] Recoil\n|\n|upkeep\n|turn|6\n|inactive|Time left: 300 sec this turn | 300 sec total\n|\n|t:|1783571010\n|move|p1a: Slaking|Giga Impact|p2a: Basculegion\n|-immune|p2a: Basculegion\n|move|p2a: Basculegion|Wave Crash|p1a: Slaking\n|-damage|p1a: Slaking|75/389\n|-damage|p2a: Basculegion|68/100|[from] Recoil\n|\n|upkeep\n|turn|7\n|inactive|Time left: 300 sec this turn | 300 sec total\n|\n|t:|1783571011\n|switch|p1a: Politoed|Politoed, L88, M|302/302\n|-weather|RainDance|[from] ability: Drizzle|[of] p1a: Politoed\n|move|p2a: Basculegion|Wave Crash|p1a: Politoed\n|-resisted|p1a: Politoed\n|-damage|p1a: Politoed|160/302\n|-damage|p2a: Basculegion|54/100|[from] Recoil\n|\n|-weather|RainDance|[upkeep]\n|-heal|p1a: Politoed|178/302|[from] item: Leftovers\n|upkeep\n|turn|8\n|inactive|Time left: 300 sec this turn | 300 sec total\n|\n|t:|1783571012\n|move|p1a: Politoed|Hypnosis|p2a: Basculegion\n|-status|p2a: Basculegion|slp|[from] move: Hypnosis\n|cant|p2a: Basculegion|slp\n|\n|-weather|RainDance|[upkeep]\n|-heal|p1a: Politoed|196/302|[from] item: Leftovers\n|upkeep\n|turn|9\n|inactive|Time left: 300 sec this turn | 300 sec total\n|\n|t:|1783571013\n|move|p1a: Politoed|Hydro Pump|p2a: Basculegion\n|-resisted|p2a: Basculegion\n|-damage|p2a: Basculegion|33/100 slp\n|-curestatus|p2a: Basculegion|slp|[msg]\n|move|p2a: Basculegion|Wave Crash|p1a: Politoed\n|-resisted|p1a: Politoed\n|-damage|p1a: Politoed|45/302\n|-damage|p2a: Basculegion|18/100|[from] Recoil\n|\n|-weather|RainDance|[upkeep]\n|-heal|p1a: Politoed|63/302|[from] item: Leftovers\n|upkeep\n|turn|10\n|inactive|Time left: 300 sec this turn | 300 sec total\n|\n|t:|1783571014\n|move|p1a: Politoed|Hydro Pump|p2a: Basculegion|[miss]\n|-miss|p1a: Politoed|p2a: Basculegion\n|move|p2a: Basculegion|Shadow Ball|p1a: Politoed\n|-damage|p1a: Politoed|0 fnt\n|faint|p1a: Politoed\n|\n|-weather|RainDance|[upkeep]\n|upkeep\n|inactive|Time left: 300 sec this turn | 300 sec total | 5 sec grace\n|\n|t:|1783571015\n|switch|p1a: Sandy Shocks|Sandy Shocks, L80|267/267\n|turn|11\n|inactive|Time left: 300 sec this turn | 300 sec total\n|\n|t:|1783571016\n|move|p2a: Basculegion|Aqua Jet|p1a: Sandy Shocks\n|-supereffective|p1a: Sandy Shocks\n|-damage|p1a: Sandy Shocks|103/267\n|move|p1a: Sandy Shocks|Earth Power|p2a: Basculegion\n|-damage|p2a: Basculegion|0 fnt\n|faint|p2a: Basculegion\n|\n|-weather|none\n|-heal|p1a: Sandy Shocks|119/267|[from] item: Leftovers\n|upkeep\n|\n|t:|1783571017\n|switch|p2a: Mienshao|Mienshao, L83, F|100/100\n|turn|12\n|inactive|Time left: 300 sec this turn | 300 sec total\n|\n|t:|1783571017\n|-end|p1a: Sandy Shocks|Protosynthesis|[silent]\n|switch|p1a: Weezing|Weezing-Galar, L86, F|252/252\n|move|p2a: Mienshao|Close Combat|p1a: Weezing\n|-resisted|p1a: Weezing\n|-damage|p1a: Weezing|212/252\n|-unboost|p2a: Mienshao|def|1\n|-unboost|p2a: Mienshao|spd|1\n|-damage|p2a: Mienshao|91/100|[from] item: Life Orb\n|\n|-heal|p1a: Weezing|227/252|[from] item: Leftovers\n|upkeep\n|turn|13\n|inactive|Time left: 300 sec this turn | 300 sec total\n|\n|t:|1783571018\n|switch|p2a: Muk|Muk, L86, M|100/100\n|move|p1a: Weezing|Strange Steam|p2a: Muk\n|-resisted|p2a: Muk\n|-crit|p2a: Muk\n|-damage|p2a: Muk|82/100\n|\n|-heal|p1a: Weezing|242/252|[from] item: Leftovers\n|-heal|p2a: Muk|88/100|[from] item: Leftovers\n|upkeep\n|turn|14\n|inactive|Time left: 300 sec this turn | 300 sec total\n|\n|t:|1783571020\n|move|p1a: Weezing|Strange Steam|p2a: Muk\n|-resisted|p2a: Muk\n|-damage|p2a: Muk|75/100\n|move|p2a: Muk|Knock Off|p1a: Weezing\n|-resisted|p1a: Weezing\n|-damage|p1a: Weezing|214/252\n|-enditem|p1a: Weezing|Leftovers|[from] move: Knock Off|[of] p2a: Muk\n|\n|-heal|p2a: Muk|81/100|[from] item: Leftovers\n|upkeep\n|turn|15\n|inactive|Time left: 300 sec this turn | 300 sec total\n|\n|t:|1783571021\n|move|p1a: Weezing|Gunk Shot|p2a: Muk|[miss]\n|-miss|p1a: Weezing|p2a: Muk\n|move|p2a: Muk|Ice Punch|p1a: Weezing\n|-damage|p1a: Weezing|171/252\n|\n|-heal|p2a: Muk|88/100|[from] item: Leftovers\n|upkeep\n|turn|16\n|inactive|Time left: 300 sec this turn | 300 sec total\n|\n|t:|1783571022\n|move|p1a: Weezing|Gunk Shot|p2a: Muk\n|-resisted|p2a: Muk\n|-damage|p2a: Muk|67/100\n|move|p2a: Muk|Ice Punch|p1a: Weezing\n|-damage|p1a: Weezing|126/252\n|\n|-heal|p2a: Muk|73/100|[from] item: Leftovers\n|upkeep\n|turn|17\n|inactive|Time left: 300 sec this turn | 300 sec total\n|\n|t:|1783571023\n|move|p1a: Weezing|Strange Steam|p2a: Muk\n|-resisted|p2a: Muk\n|-damage|p2a: Muk|61/100\n|move|p2a: Muk|Poison Jab|p1a: Weezing\n|-damage|p1a: Weezing|51/252\n|\n|-heal|p2a: Muk|67/100|[from] item: Leftovers\n|upkeep\n|turn|18\n|inactive|Time left: 300 sec this turn | 300 sec total\n|\n|t:|1783571024\n|move|p1a: Weezing|Strange Steam|p2a: Muk\n|-resisted|p2a: Muk\n|-crit|p2a: Muk\n|-damage|p2a: Muk|49/100\n|move|p2a: Muk|Ice Punch|p1a: Weezing\n|-damage|p1a: Weezing|8/252\n|\n|-heal|p2a: Muk|55/100|[from] item: Leftovers\n|upkeep\n|turn|19\n|inactive|Time left: 300 sec this turn | 300 sec total\n|\n|t:|1783571025\n|move|p1a: Weezing|Gunk Shot|p2a: Muk\n|-resisted|p2a: Muk\n|-damage|p2a: Muk|35/100\n|move|p2a: Muk|Poison Jab|p1a: Weezing\n|-damage|p1a: Weezing|0 fnt\n|faint|p1a: Weezing\n|\n|-heal|p2a: Muk|41/100|[from] item: Leftovers\n|upkeep\n|inactive|Time left: 300 sec this turn | 300 sec total | 5 sec grace\n|\n|t:|1783571026\n|switch|p1a: Slaking|Slaking, L84, F|75/389\n|turn|20\n|inactive|Time left: 300 sec this turn | 300 sec total\n|\n|t:|1783571027\n|move|p1a: Slaking|Giga Impact|p2a: Muk\n|-damage|p2a: Muk|0 fnt\n|-mustrecharge|p1a: Slaking\n|faint|p2a: Muk\n|\n|upkeep\n|\n|t:|1783571028\n|switch|p2a: Mienshao|Mienshao, L83, F|100/100\n|turn|21\n|inactive|Time left: 300 sec this turn | 300 sec total\n|\n|t:|1783571029\n|cant|p1a: Slaking|recharge\n|move|p2a: Mienshao|Knock Off|p1a: Slaking\n|-damage|p1a: Slaking|0 fnt\n|-enditem|p1a: Slaking|Choice Scarf|[from] move: Knock Off|[of] p2a: Mienshao\n|faint|p1a: Slaking\n|-damage|p2a: Mienshao|91/100|[from] item: Life Orb\n|\n|upkeep\n|inactive|Time left: 300 sec this turn | 300 sec total | 5 sec grace\n|\n|t:|1783571029\n|switch|p1a: Sylveon|Sylveon, L85, M|300/300\n|turn|22\n|inactive|Time left: 300 sec this turn | 300 sec total\n|\n|t:|1783571030\n|move|p2a: Mienshao|Poison Jab|p1a: Sylveon\n|-supereffective|p1a: Sylveon\n|-damage|p1a: Sylveon|63/300\n|-damage|p2a: Mienshao|81/100|[from] item: Life Orb\n|move|p1a: Sylveon|Hyper Voice|p2a: Mienshao\n|-supereffective|p2a: Mienshao\n|-damage|p2a: Mienshao|0 fnt\n|faint|p2a: Mienshao\n|\n|-heal|p1a: Sylveon|81/300|[from] item: Leftovers\n|upkeep\n|\n|t:|1783571031\n|switch|p2a: Vivillon|Vivillon-Jungle, L83, M|100/100\n|turn|23\n|inactive|Time left: 300 sec this turn | 300 sec total\n|\n|t:|1783571033\n|move|p2a: Vivillon|Quiver Dance|p2a: Vivillon\n|-boost|p2a: Vivillon|spa|1\n|-boost|p2a: Vivillon|spd|1\n|-boost|p2a: Vivillon|spe|1\n|move|p1a: Sylveon|Hyper Voice|p2a: Vivillon\n|-damage|p2a: Vivillon|52/100\n|\n|-heal|p1a: Sylveon|99/300|[from] item: Leftovers\n|upkeep\n|turn|24\n|inactive|Time left: 300 sec this turn | 300 sec total\n|\n|t:|1783571034\n|-terastallize|p1a: Sylveon|Steel\n|move|p2a: Vivillon|Sleep Powder|p1a: Sylveon\n|-status|p1a: Sylveon|slp|[from] move: Sleep Powder\n|cant|p1a: Sylveon|slp\n|\n|-heal|p1a: Sylveon|117/300 slp|[from] item: Leftovers\n|upkeep\n|turn|25\n|inactive|Time left: 300 sec this turn | 300 sec total\n|\n|t:|1783571035\n|move|p2a: Vivillon|Quiver Dance|p2a: Vivillon\n|-boost|p2a: Vivillon|spa|1\n|-boost|p2a: Vivillon|spd|1\n|-boost|p2a: Vivillon|spe|1\n|cant|p1a: Sylveon|slp\n|\n|-heal|p1a: Sylveon|135/300 slp|[from] item: Leftovers\n|upkeep\n|turn|26\n|inactive|Time left: 300 sec this turn | 300 sec total\n|\n|t:|1783571036\n|move|p2a: Vivillon|Hurricane|p1a: Sylveon\n|-resisted|p1a: Sylveon\n|-damage|p1a: Sylveon|50/300 slp\n|cant|p1a: Sylveon|slp\n|\n|-heal|p1a: Sylveon|68/300 slp|[from] item: Leftovers\n|upkeep\n|turn|27\n|inactive|Time left: 300 sec this turn | 300 sec total\n|\n|t:|1783571037\n|-curestatus|p1a: Sylveon|slp|[msg]\n|move|p1a: Sylveon|Protect|p1a: Sylveon\n|-singleturn|p1a: Sylveon|Protect\n|move|p2a: Vivillon|Hurricane|p1a: Sylveon\n|-activate|p1a: Sylveon|move: Protect\n|\n|-heal|p1a: Sylveon|86/300|[from] item: Leftovers\n|upkeep\n|turn|28\n|inactive|Time left: 300 sec this turn | 300 sec total\n|\n|t:|1783571038\n|move|p2a: Vivillon|Sleep Powder|p1a: Sylveon\n|-status|p1a: Sylveon|slp|[from] move: Sleep Powder\n|cant|p1a: Sylveon|slp\n|\n|-heal|p1a: Sylveon|104/300 slp|[from] item: Leftovers\n|upkeep\n|turn|29\n|inactive|Time left: 300 sec this turn | 300 sec total\n|\n|t:|1783571039\n|move|p2a: Vivillon|Quiver Dance|p2a: Vivillon\n|-boost|p2a: Vivillon|spa|1\n|-boost|p2a: Vivillon|spd|1\n|-boost|p2a: Vivillon|spe|1\n|cant|p1a: Sylveon|slp\n|\n|-heal|p1a: Sylveon|122/300 slp|[from] item: Leftovers\n|upkeep\n|turn|30\n|inactive|Time left: 300 sec this turn | 300 sec total\n|\n|t:|1783571040\n|-curestatus|p1a: Sylveon|slp|[msg]\n|move|p1a: Sylveon|Protect|p1a: Sylveon\n|-singleturn|p1a: Sylveon|Protect\n|move|p2a: Vivillon|Hurricane|p1a: Sylveon\n|-activate|p1a: Sylveon|move: Protect\n|\n|-heal|p1a: Sylveon|140/300|[from] item: Leftovers\n|upkeep\n|turn|31\n|inactive|Time left: 300 sec this turn | 300 sec total\n|\n|t:|1783571041\n|move|p2a: Vivillon|Hurricane|p1a: Sylveon\n|-resisted|p1a: Sylveon\n|-damage|p1a: Sylveon|41/300\n|-start|p1a: Sylveon|confusion\n|-activate|p1a: Sylveon|confusion\n|move|p1a: Sylveon|Wish|p1a: Sylveon\n|\n|-heal|p1a: Sylveon|59/300|[from] item: Leftovers\n|upkeep\n|turn|32\n|inactive|Time left: 300 sec this turn | 300 sec total\n|\n|t:|1783571042\n|-activate|p1a: Sylveon|confusion\n|-damage|p1a: Sylveon|40/300|[from] confusion\n|move|p2a: Vivillon|Hurricane|p1a: Sylveon\n|-resisted|p1a: Sylveon\n|-damage|p1a: Sylveon|0 fnt\n|faint|p1a: Sylveon\n|\n|upkeep\n|inactive|Time left: 300 sec this turn | 300 sec total | 5 sec grace\n|\n|t:|1783571043\n|switch|p1a: Sandy Shocks|Sandy Shocks, L80|119/267\n|turn|33\n|inactive|Time left: 300 sec this turn | 300 sec total\n|\n|t:|1783571044\n|move|p2a: Vivillon|Tera Blast|p1a: Sandy Shocks\n|-damage|p1a: Sandy Shocks|0 fnt\n|faint|p1a: Sandy Shocks\n|-end|p1a: Sandy Shocks|Protosynthesis|[silent]\n|\n|win|p0y277882ff", "uploadtime": 1783571044, "views": 0, "rating": 0, "private": 0, "password": null, "_winner": "p0y277882ff", "_our_name": "p0x2778de1f"}