{"id": "battle-gen9randombattle-2095", "formatid": "gen9randombattle", "format": "[Gen 9] Random Battle", "players": ["p0x20952980", "p0y2095b917"], "log": "|init|battle\n|title|p0x20952980 vs. p0y2095b917\n|j|\u2606p0x20952980\n|j|\u2606p0y2095b917\n|t:|1783564261\n|gametype|singles\n|player|p1|p0x20952980|169|\n|player|p2|p0y2095b917|169|\n|gen|9\n|tier|[Gen 9] Random Battle\n|rule|Species Clause: Limit one of each Pok\u00e9mon\n|rule|HP Percentage Mod: HP is shown in percentages\n|rule|Sleep Clause Mod: Limit one foe put to sleep\n|rule|Illusion Level Mod: Illusion disguises the Pok\u00e9mon's true level\n|\n|t:|1783564261\n|teamsize|p1|6\n|teamsize|p2|6\n|start\n|switch|p1a: Noivern|Noivern, L82, M|100/100\n|switch|p2a: Feraligatr|Feraligatr, L79, M|264/264\n|turn|1\n|inactive|Battle timer is ON: inactive players will automatically lose when time's up. (requested by p0x20952980)\n|inactive|Time left: 300 sec this turn | 300 sec total | 60 sec grace\n|inactive|p0y2095b917 also wants the timer to be on.\n|\n|t:|1783564262\n|move|p1a: Noivern|Hurricane|p2a: Feraligatr|[miss]\n|-miss|p1a: Noivern|p2a: Feraligatr\n|move|p2a: Feraligatr|Dragon Dance|p2a: Feraligatr\n|-boost|p2a: Feraligatr|atk|1\n|-boost|p2a: Feraligatr|spe|1\n|\n|upkeep\n|turn|2\n|inactive|Time left: 300 sec this turn | 300 sec total\n|\n|t:|1783564263\n|move|p2a: Feraligatr|Ice Punch|p1a: Noivern\n|-supereffective|p1a: Noivern\n|-damage|p1a: Noivern|0 fnt\n|faint|p1a: Noivern\n|\n|upkeep\n|\n|t:|1783564264\n|switch|p1a: Falinks|Falinks, L84|100/100\n|turn|3\n|inactive|Time left: 300 sec this turn | 300 sec total\n|\n|t:|1783564265\n|move|p2a: Feraligatr|Liquidation|p1a: Falinks\n|-damage|p1a: Falinks|23/100\n|move|p1a: Falinks|No Retreat|p1a: Falinks\n|-boost|p1a: Falinks|atk|1\n|-boost|p1a: Falinks|def|1\n|-boost|p1a: Falinks|spa|1\n|-boost|p1a: Falinks|spd|1\n|-boost|p1a: Falinks|spe|1\n|-start|p1a: Falinks|move: No Retreat\n|\n|upkeep\n|turn|4\n|inactive|Time left: 300 sec this turn | 300 sec total\n|\n|t:|1783564266\n|switch|p2a: Scream Tail|Scream Tail, L84|330/330\n|move|p1a: Falinks|Close Combat|p2a: Scream Tail\n|-resisted|p2a: Scream Tail\n|-damage|p2a: Scream Tail|278/330\n|-unboost|p1a: Falinks|def|1\n|-unboost|p1a: Falinks|spd|1\n|-damage|p1a: Falinks|13/100|[from] item: Life Orb\n|\n|-heal|p2a: Scream Tail|298/330|[from] item: Leftovers\n|upkeep\n|turn|5\n|inactive|Time left: 300 sec this turn | 300 sec total\n|\n|t:|1783564267\n|move|p1a: Falinks|Iron Head|p2a: Scream Tail\n|-supereffective|p2a: Scream Tail\n|-damage|p2a: Scream Tail|93/330\n|-damage|p1a: Falinks|3/100|[from] item: Life Orb\n|move|p2a: Scream Tail|Dazzling Gleam|p1a: Falinks\n|-supereffective|p1a: Falinks\n|-damage|p1a: Falinks|0 fnt\n|faint|p1a: Falinks\n|\n|-heal|p2a: Scream Tail|113/330|[from] item: Leftovers\n|upkeep\n|\n|t:|1783564268\n|switch|p1a: Sandy Shocks|Sandy Shocks, L80|100/100\n|turn|6\n|inactive|Time left: 300 sec this turn | 300 sec total\n|\n|t:|1783564269\n|move|p2a: Scream Tail|Dazzling Gleam|p1a: Sandy Shocks\n|-damage|p1a: Sandy Shocks|77/100\n|move|p1a: Sandy Shocks|Stealth Rock|p2a: Scream Tail\n|-sidestart|p2: p0y2095b917|move: Stealth Rock\n|\n|-heal|p2a: Scream Tail|133/330|[from] item: Leftovers\n|upkeep\n|turn|7\n|inactive|Time left: 300 sec this turn | 300 sec total\n|\n|t:|1783564270\n|move|p2a: Scream Tail|Wish|p2a: Scream Tail\n|move|p1a: Sandy Shocks|Thunderbolt|p2a: Scream Tail\n|-damage|p2a: Scream Tail|43/330\n|\n|-heal|p2a: Scream Tail|63/330|[from] item: Leftovers\n|upkeep\n|turn|8\n|inactive|Time left: 300 sec this turn | 300 sec total\n|\n|t:|1783564271\n|move|p2a: Scream Tail|Protect|p2a: Scream Tail\n|-singleturn|p2a: Scream Tail|Protect\n|move|p1a: Sandy Shocks|Earth Power|p2a: Scream Tail\n|-activate|p2a: Scream Tail|move: Protect\n|\n|-heal|p2a: Scream Tail|228/330|[from] move: Wish|[wisher] Scream Tail\n|-heal|p2a: Scream Tail|248/330|[from] item: Leftovers\n|upkeep\n|turn|9\n|inactive|Time left: 300 sec this turn | 300 sec total\n|\n|t:|1783564272\n|move|p2a: Scream Tail|Wish|p2a: Scream Tail\n|move|p1a: Sandy Shocks|Thunderbolt|p2a: Scream Tail\n|-crit|p2a: Scream Tail\n|-damage|p2a: Scream Tail|119/330\n|\n|-heal|p2a: Scream Tail|139/330|[from] item: Leftovers\n|upkeep\n|turn|10\n|inactive|Time left: 300 sec this turn | 300 sec total\n|\n|t:|1783564273\n|move|p2a: Scream Tail|Dazzling Gleam|p1a: Sandy Shocks\n|-damage|p1a: Sandy Shocks|50/100\n|move|p1a: Sandy Shocks|Thunderbolt|p2a: Scream Tail\n|-damage|p2a: Scream Tail|60/330\n|\n|-heal|p2a: Scream Tail|225/330|[from] move: Wish|[wisher] Scream Tail\n|-heal|p2a: Scream Tail|245/330|[from] item: Leftovers\n|upkeep\n|turn|11\n|inactive|Time left: 300 sec this turn | 300 sec total\n|\n|t:|1783564274\n|move|p2a: Scream Tail|Dazzling Gleam|p1a: Sandy Shocks\n|-damage|p1a: Sandy Shocks|24/100\n|move|p1a: Sandy Shocks|Earth Power|p2a: Scream Tail\n|-damage|p2a: Scream Tail|160/330\n|\n|-heal|p2a: Scream Tail|180/330|[from] item: Leftovers\n|upkeep\n|turn|12\n|inactive|Time left: 300 sec this turn | 300 sec total\n|\n|t:|1783564275\n|-end|p1a: Sandy Shocks|Protosynthesis|[silent]\n|switch|p1a: Komala|Komala, L87, M|100/100\n|-ability|p1a: Komala|Comatose\n|move|p2a: Scream Tail|Dazzling Gleam|p1a: Komala\n|-damage|p1a: Komala|85/100\n|\n|-heal|p2a: Scream Tail|200/330|[from] item: Leftovers\n|upkeep\n|turn|13\n|inactive|Time left: 300 sec this turn | 300 sec total\n|\n|t:|1783564276\n|move|p2a: Scream Tail|Wish|p2a: Scream Tail\n|move|p1a: Komala|Knock Off|p2a: Scream Tail\n|-damage|p2a: Scream Tail|129/330\n|-enditem|p2a: Scream Tail|Leftovers|[from] move: Knock Off|[of] p1a: Komala\n|\n|upkeep\n|turn|14\n|inactive|Time left: 300 sec this turn | 300 sec total\n|\n|t:|1783564277\n|move|p2a: Scream Tail|Dazzling Gleam|p1a: Komala\n|-crit|p1a: Komala\n|-damage|p1a: Komala|64/100\n|move|p1a: Komala|Rapid Spin|p2a: Scream Tail\n|-damage|p2a: Scream Tail|74/330\n|-boost|p1a: Komala|spe|1\n|\n|-heal|p2a: Scream Tail|239/330|[from] move: Wish|[wisher] Scream Tail\n|upkeep\n|turn|15\n|inactive|Time left: 300 sec this turn | 300 sec total\n|\n|t:|1783564278\n|move|p1a: Komala|Body Slam|p2a: Scream Tail\n|-damage|p2a: Scream Tail|143/330\n|-status|p2a: Scream Tail|par\n|cant|p2a: Scream Tail|par\n|\n|upkeep\n|turn|16\n|inactive|Time left: 300 sec this turn | 300 sec total\n|\n|t:|1783564279\n|move|p1a: Komala|Rapid Spin|p2a: Scream Tail\n|-damage|p2a: Scream Tail|85/330 par\n|-boost|p1a: Komala|spe|1\n|move|p2a: Scream Tail|Wish|p2a: Scream Tail\n|\n|upkeep\n|turn|17\n|inactive|Time left: 300 sec this turn | 300 sec total\n|\n|t:|1783564280\n|cant|p2a: Scream Tail|par\n|move|p1a: Komala|Body Slam|p2a: Scream Tail\n|-damage|p2a: Scream Tail|0 fnt\n|faint|p2a: Scream Tail\n|-end|p2a: Scream Tail|Protosynthesis|[silent]\n|\n|upkeep\n|inactive|Time left: 300 sec this turn | 300 sec total | 5 sec grace\n|\n|t:|1783564281\n|switch|p2a: Gallade|Gallade, L80, M|240/240\n|-damage|p2a: Gallade|225/240|[from] Stealth Rock\n|turn|18\n|inactive|Time left: 300 sec this turn | 300 sec total\n|\n|t:|1783564282\n|move|p1a: Komala|Knock Off|p2a: Gallade\n|-damage|p2a: Gallade|112/240\n|-enditem|p2a: Gallade|Life Orb|[from] move: Knock Off|[of] p1a: Komala\n|move|p2a: Gallade|Psycho Cut|p1a: Komala\n|-crit|p1a: Komala\n|-damage|p1a: Komala|0 fnt\n|faint|p1a: Komala\n|\n|upkeep\n|\n|t:|1783564284\n|switch|p1a: Sandy Shocks|Sandy Shocks, L80|24/100\n|turn|19\n|inactive|Time left: 300 sec this turn | 300 sec total\n|\n|t:|1783564285\n|-terastallize|p1a: Sandy Shocks|Electric\n|move|p1a: Sandy Shocks|Thunderbolt|p2a: Gallade\n|-crit|p2a: Gallade\n|-damage|p2a: Gallade|0 fnt\n|faint|p2a: Gallade\n|\n|upkeep\n|inactive|Time left: 300 sec this turn | 300 sec total | 5 sec grace\n|\n|t:|1783564286\n|switch|p2a: Plusle|Plusle, L95, F|268/268\n|-damage|p2a: Plusle|235/268|[from] Stealth Rock\n|turn|20\n|inactive|Time left: 300 sec this turn | 300 sec total\n|\n|t:|1783564287\n|-end|p1a: Sandy Shocks|Protosynthesis|[silent]\n|switch|p1a: Illumise|Illumise, L91, F|100/100\n|move|p2a: Plusle|Thunderbolt|p1a: Illumise\n|-damage|p1a: Illumise|53/100\n|-damage|p2a: Plusle|209/268|[from] item: Life Orb\n|\n|upkeep\n|turn|21\n|inactive|Time left: 300 sec this turn | 300 sec total\n|\n|t:|1783564288\n|move|p1a: Illumise|Roost|p1a: Illumise\n|-heal|p1a: Illumise|100/100\n|-singleturn|p1a: Illumise|move: Roost\n|move|p2a: Plusle|Thunderbolt|p1a: Illumise\n|-damage|p1a: Illumise|47/100\n|-status|p1a: Illumise|par\n|-damage|p2a: Plusle|183/268|[from] item: Life Orb\n|\n|upkeep\n|turn|22\n|inactive|Time left: 300 sec this turn | 300 sec total\n|\n|t:|1783564289\n|move|p1a: Illumise|Roost|p1a: Illumise\n|-heal|p1a: Illumise|97/100 par\n|-singleturn|p1a: Illumise|move: Roost\n|move|p2a: Plusle|Thunderbolt|p1a: Illumise\n|-damage|p1a: Illumise|47/100 par\n|-damage|p2a: Plusle|157/268|[from] item: Life Orb\n|\n|upkeep\n|turn|23\n|inactive|Time left: 300 sec this turn | 300 sec total\n|\n|t:|1783564290\n|cant|p1a: Illumise|par\n|move|p2a: Plusle|Thunderbolt|p1a: Illumise\n|-damage|p1a: Illumise|0 fnt\n|faint|p1a: Illumise\n|-damage|p2a: Plusle|131/268|[from] item: Life Orb\n|\n|upkeep\n|\n|t:|1783564291\n|switch|p1a: Luvdisc|Luvdisc, M|100/100\n|turn|24\n|inactive|Time left: 300 sec this turn | 300 sec total\n|\n|t:|1783564292\n|move|p1a: Luvdisc|Substitute|p1a: Luvdisc\n|-start|p1a: Luvdisc|Substitute\n|-damage|p1a: Luvdisc|76/100\n|move|p2a: Plusle|Thunderbolt|p1a: Luvdisc\n|-supereffective|p1a: Luvdisc\n|-end|p1a: Luvdisc|Substitute\n|-damage|p2a: Plusle|105/268|[from] item: Life Orb\n|\n|upkeep\n|turn|25\n|inactive|Time left: 300 sec this turn | 300 sec total\n|\n|t:|1783564293\n|move|p1a: Luvdisc|Substitute|p1a: Luvdisc\n|-start|p1a: Luvdisc|Substitute\n|-damage|p1a: Luvdisc|51/100\n|move|p2a: Plusle|Thunderbolt|p1a: Luvdisc\n|-supereffective|p1a: Luvdisc\n|-end|p1a: Luvdisc|Substitute\n|-damage|p2a: Plusle|79/268|[from] item: Life Orb\n|\n|upkeep\n|turn|26\n|inactive|Time left: 300 sec this turn | 300 sec total\n|\n|t:|1783564294\n|move|p1a: Luvdisc|Substitute|p1a: Luvdisc\n|-start|p1a: Luvdisc|Substitute\n|-damage|p1a: Luvdisc|26/100\n|move|p2a: Plusle|Thunderbolt|p1a: Luvdisc\n|-supereffective|p1a: Luvdisc\n|-end|p1a: Luvdisc|Substitute\n|-damage|p2a: Plusle|53/268|[from] item: Life Orb\n|\n|upkeep\n|turn|27\n|inactive|Time left: 300 sec this turn | 300 sec total\n|\n|t:|1783564295\n|move|p1a: Luvdisc|Surf|p2a: Plusle\n|-damage|p2a: Plusle|0 fnt\n|faint|p2a: Plusle\n|\n|upkeep\n|inactive|Time left: 300 sec this turn | 300 sec total | 5 sec grace\n|\n|t:|1783564296\n|switch|p2a: Lucario|Lucario, L84, M|255/255\n|-damage|p2a: Lucario|248/255|[from] Stealth Rock\n|turn|28\n|inactive|Time left: 300 sec this turn | 300 sec total\n|\n|t:|1783564297\n|-terastallize|p2a: Lucario|Fighting\n|move|p2a: Lucario|Vacuum Wave|p1a: Luvdisc\n|-damage|p1a: Luvdisc|0 fnt\n|faint|p1a: Luvdisc\n|-damage|p2a: Lucario|223/255|[from] item: Life Orb\n|\n|upkeep\n|\n|t:|1783564297\n|switch|p1a: Sandy Shocks|Sandy Shocks, L80, tera:Electric|24/100\n|turn|29\n|inactive|Time left: 300 sec this turn | 300 sec total\n|\n|t:|1783564298\n|move|p2a: Lucario|Vacuum Wave|p1a: Sandy Shocks\n|-damage|p1a: Sandy Shocks|0 fnt\n|faint|p1a: Sandy Shocks\n|-end|p1a: Sandy Shocks|Protosynthesis|[silent]\n|-damage|p2a: Lucario|198/255|[from] item: Life Orb\n|\n|win|p0y2095b917", "uploadtime": 1783564298, "views": 0, "rating": 0, "private": 0, "password": null, "_winner": "p0y2095b917", "_our_name": "p0y2095b917"}