{"id": "battle-gen9randombattle-974", "formatid": "gen9randombattle", "format": "[Gen 9] Random Battle", "players": ["p0x974db5a", "p0y974f2bf"], "log": "|init|battle\n|title|p0x974db5a vs. p0y974f2bf\n|j|\u2606p0x974db5a\n|j|\u2606p0y974f2bf\n|t:|1783550432\n|gametype|singles\n|player|p1|p0x974db5a|266|\n|player|p2|p0y974f2bf|265|\n|gen|9\n|tier|[Gen 9] Random Battle\n|rule|Species Clause: Limit one of each Pok\u00e9mon\n|rule|HP Percentage Mod: HP is shown in percentages\n|rule|Sleep Clause Mod: Limit one foe put to sleep\n|rule|Illusion Level Mod: Illusion disguises the Pok\u00e9mon's true level\n|\n|t:|1783550432\n|teamsize|p1|6\n|teamsize|p2|6\n|start\n|switch|p1a: Emboar|Emboar, L84, F|322/322\n|switch|p2a: Floatzel|Floatzel, L86, F|100/100\n|turn|1\n|inactive|Battle timer is ON: inactive players will automatically lose when time's up. (requested by p0x974db5a)\n|inactive|p0y974f2bf also wants the timer to be on.\n|\n|t:|1783550434\n|switch|p1a: Muk|Muk, L86, M|321/321\n|move|p2a: Floatzel|Wave Crash|p1a: Muk\n|-damage|p1a: Muk|156/321\n|-damage|p2a: Floatzel|82/100|[from] Recoil\n|\n|-heal|p2a: Floatzel|88/100|[from] item: Leftovers\n|-heal|p1a: Muk|176/321|[from] item: Leftovers\n|upkeep\n|turn|2\n|inactive|Time left: 300 sec this turn | 300 sec total\n|\n|t:|1783550435\n|-terastallize|p2a: Floatzel|Water\n|move|p2a: Floatzel|Wave Crash|p1a: Muk\n|-damage|p1a: Muk|0 fnt\n|faint|p1a: Muk\n|-damage|p2a: Floatzel|67/100|[from] Recoil\n|\n|-heal|p2a: Floatzel|73/100|[from] item: Leftovers\n|upkeep\n|inactive|Time left: 300 sec this turn | 300 sec total | 5 sec grace\n|\n|t:|1783550436\n|switch|p1a: Lucario|Lucario, L84, F|255/255\n|turn|3\n|inactive|Time left: 300 sec this turn | 300 sec total\n|\n|t:|1783550438\n|move|p2a: Floatzel|Wave Crash|p1a: Lucario\n|-damage|p1a: Lucario|39/255\n|-damage|p2a: Floatzel|48/100|[from] Recoil\n|move|p1a: Lucario|Aura Sphere|p2a: Floatzel\n|-damage|p2a: Floatzel|0 fnt\n|faint|p2a: Floatzel\n|-damage|p1a: Lucario|14/255|[from] item: Life Orb\n|\n|upkeep\n|\n|t:|1783550439\n|switch|p2a: Donphan|Donphan, L84, F|100/100\n|turn|4\n|inactive|Time left: 300 sec this turn | 300 sec total\n|\n|t:|1783550440\n|move|p1a: Lucario|Aura Sphere|p2a: Donphan\n|-damage|p2a: Donphan|42/100\n|-damage|p1a: Lucario|0 fnt|[from] item: Life Orb\n|faint|p1a: Lucario\n|move|p2a: Donphan|Stealth Rock|p1: Lucario\n|-sidestart|p1: p0x974db5a|move: Stealth Rock\n|\n|-heal|p2a: Donphan|48/100|[from] item: Leftovers\n|upkeep\n|inactive|Time left: 300 sec this turn | 300 sec total | 5 sec grace\n|\n|t:|1783550441\n|switch|p1a: Flutter Mane|Flutter Mane, L74|203/203\n|-damage|p1a: Flutter Mane|178/203|[from] Stealth Rock\n|turn|5\n|inactive|Time left: 300 sec this turn | 300 sec total\n|\n|t:|1783550442\n|switch|p2a: Komala|Komala, L87, M|100/100\n|-ability|p2a: Komala|Comatose\n|move|p1a: Flutter Mane|Moonblast|p2a: Komala\n|-damage|p2a: Komala|63/100\n|\n|upkeep\n|turn|6\n|inactive|Time left: 300 sec this turn | 300 sec total\n|\n|t:|1783550444\n|move|p1a: Flutter Mane|Moonblast|p2a: Komala\n|-damage|p2a: Komala|29/100\n|-unboost|p2a: Komala|spa|1\n|move|p2a: Komala|Knock Off|p1a: Flutter Mane\n|-damage|p1a: Flutter Mane|44/203\n|-enditem|p1a: Flutter Mane|Choice Specs|[from] move: Knock Off|[of] p2a: Komala\n|\n|upkeep\n|turn|7\n|inactive|Time left: 300 sec this turn | 300 sec total\n|\n|t:|1783550445\n|move|p1a: Flutter Mane|Psyshock|p2a: Komala\n|-damage|p2a: Komala|1/100\n|move|p2a: Komala|Knock Off|p1a: Flutter Mane\n|-damage|p1a: Flutter Mane|0 fnt\n|faint|p1a: Flutter Mane\n|-end|p1a: Flutter Mane|Protosynthesis|[silent]\n|\n|upkeep\n|inactive|Time left: 300 sec this turn | 300 sec total | 5 sec grace\n|\n|t:|1783550446\n|switch|p1a: Venomoth|Venomoth, L84, M|255/255\n|turn|8\n|inactive|Time left: 300 sec this turn | 300 sec total\n|\n|t:|1783550447\n|move|p1a: Venomoth|Quiver Dance|p1a: Venomoth\n|-boost|p1a: Venomoth|spa|1\n|-boost|p1a: Venomoth|spd|1\n|-boost|p1a: Venomoth|spe|1\n|move|p2a: Komala|Body Slam|p1a: Venomoth\n|-damage|p1a: Venomoth|99/255\n|\n|upkeep\n|turn|9\n|inactive|Time left: 300 sec this turn | 300 sec total\n|\n|t:|1783550448\n|move|p1a: Venomoth|Bug Buzz|p2a: Komala\n|-damage|p2a: Komala|0 fnt\n|faint|p2a: Komala\n|\n|upkeep\n|\n|t:|1783550449\n|switch|p2a: Wyrdeer|Wyrdeer, L87, M|100/100\n|-ability|p2a: Wyrdeer|Intimidate|boost\n|-unboost|p1a: Venomoth|atk|1\n|turn|10\n|inactive|Time left: 300 sec this turn | 300 sec total\n|\n|t:|1783550450\n|-terastallize|p1a: Venomoth|Bug\n|move|p1a: Venomoth|Bug Buzz|p2a: Wyrdeer\n|-supereffective|p2a: Wyrdeer\n|-damage|p2a: Wyrdeer|0 fnt\n|faint|p2a: Wyrdeer\n|\n|upkeep\n|\n|t:|1783550451\n|switch|p2a: Weezing|Weezing-Galar, L86, F|100/100\n|turn|11\n|inactive|Time left: 300 sec this turn | 300 sec total\n|\n|t:|1783550452\n|move|p1a: Venomoth|Sleep Powder|p2a: Weezing\n|-status|p2a: Weezing|slp|[from] move: Sleep Powder\n|cant|p2a: Weezing|slp\n|\n|upkeep\n|turn|12\n|inactive|Time left: 300 sec this turn | 300 sec total\n|\n|t:|1783550453\n|move|p1a: Venomoth|Sludge Wave|p2a: Weezing\n|-damage|p2a: Weezing|38/100 slp\n|cant|p2a: Weezing|slp\n|\n|-heal|p2a: Weezing|44/100 slp|[from] item: Leftovers\n|upkeep\n|turn|13\n|inactive|Time left: 300 sec this turn | 300 sec total\n|\n|t:|1783550454\n|switch|p2a: Calyrex|Calyrex, L93|100/100\n|-ability|p2a: Calyrex|Unnerve\n|move|p1a: Venomoth|Sludge Wave|p2a: Calyrex\n|-supereffective|p2a: Calyrex\n|-damage|p2a: Calyrex|13/100\n|\n|-heal|p2a: Calyrex|19/100|[from] item: Leftovers\n|upkeep\n|turn|14\n|inactive|Time left: 300 sec this turn | 300 sec total\n|\n|t:|1783550455\n|move|p1a: Venomoth|Sludge Wave|p2a: Calyrex\n|-supereffective|p2a: Calyrex\n|-damage|p2a: Calyrex|0 fnt\n|faint|p2a: Calyrex\n|\n|upkeep\n|\n|t:|1783550456\n|switch|p2a: Weezing|Weezing-Galar, L86, F|44/100 slp\n|turn|15\n|inactive|Time left: 300 sec this turn | 300 sec total\n|\n|t:|1783550456\n|switch|p2a: Donphan|Donphan, L84, F|48/100\n|move|p1a: Venomoth|Sludge Wave|p2a: Donphan\n|-resisted|p2a: Donphan\n|-damage|p2a: Donphan|0 fnt\n|faint|p2a: Donphan\n|\n|upkeep\n|\n|t:|1783550457\n|switch|p2a: Weezing|Weezing-Galar, L86, F|44/100 slp\n|turn|16\n|inactive|Time left: 300 sec this turn | 300 sec total\n|\n|t:|1783550458\n|move|p1a: Venomoth|Sludge Wave|p2a: Weezing\n|-damage|p2a: Weezing|0 fnt\n|faint|p2a: Weezing\n|\n|win|p0x974db5a", "uploadtime": 1783550458, "views": 0, "rating": 0, "private": 0, "password": null, "_winner": "p0x974db5a", "_our_name": "p0x974db5a"}