{"id": "battle-gen9randombattle-828", "formatid": "gen9randombattle", "format": "[Gen 9] Random Battle", "players": ["p0x828fe03", "p0y828bf35"], "log": "|init|battle\n|title|p0x828fe03 vs. p0y828bf35\n|j|\u2606p0x828fe03\n|j|\u2606p0y828bf35\n|t:|1783548759\n|gametype|singles\n|player|p1|p0x828fe03|265|\n|player|p2|p0y828bf35|102|\n|gen|9\n|tier|[Gen 9] Random Battle\n|rule|Species Clause: Limit one of each Pok\u00e9mon\n|rule|HP Percentage Mod: HP is shown in percentages\n|rule|Sleep Clause Mod: Limit one foe put to sleep\n|rule|Illusion Level Mod: Illusion disguises the Pok\u00e9mon's true level\n|\n|t:|1783548759\n|teamsize|p1|6\n|teamsize|p2|6\n|start\n|switch|p1a: Probopass|Probopass, L91, F|100/100\n|switch|p2a: Regice|Regice, L88|284/284\n|turn|1\n|inactive|Battle timer is ON: inactive players will automatically lose when time's up. (requested by p0x828fe03)\n|inactive|Time left: 300 sec this turn | 300 sec total | 60 sec grace\n|inactive|p0y828bf35 also wants the timer to be on.\n|\n|t:|1783548760\n|switch|p2a: Hoopa|Hoopa, L85|275/275\n|move|p1a: Probopass|Iron Defense|p1a: Probopass\n|-boost|p1a: Probopass|def|2\n|\n|upkeep\n|turn|2\n|inactive|Time left: 300 sec this turn | 300 sec total\n|\n|t:|1783548762\n|move|p2a: Hoopa|Focus Blast|p1a: Probopass|[miss]\n|-miss|p2a: Hoopa|p1a: Probopass\n|move|p1a: Probopass|Body Press|p2a: Hoopa\n|-immune|p2a: Hoopa\n|\n|upkeep\n|turn|3\n|inactive|Time left: 300 sec this turn | 300 sec total\n|\n|t:|1783548763\n|switch|p1a: Mismagius|Mismagius, L86, M|100/100\n|move|p2a: Hoopa|Focus Blast|p1a: Mismagius\n|-immune|p1a: Mismagius\n|\n|upkeep\n|turn|4\n|inactive|Time left: 300 sec this turn | 300 sec total\n|\n|t:|1783548764\n|-terastallize|p2a: Hoopa|Fighting\n|move|p1a: Mismagius|Nasty Plot|p1a: Mismagius\n|-boost|p1a: Mismagius|spa|2\n|move|p2a: Hoopa|Shadow Ball|p1a: Mismagius\n|-supereffective|p1a: Mismagius\n|-damage|p1a: Mismagius|0 fnt\n|faint|p1a: Mismagius\n|-damage|p2a: Hoopa|248/275|[from] item: Life Orb\n|\n|upkeep\n|\n|t:|1783548765\n|switch|p1a: Victreebel|Victreebel, L90, F|100/100\n|turn|5\n|inactive|Time left: 300 sec this turn | 300 sec total\n|\n|t:|1783548766\n|move|p1a: Victreebel|Power Whip|p2a: Hoopa\n|-damage|p2a: Hoopa|0 fnt\n|faint|p2a: Hoopa\n|-damage|p1a: Victreebel|90/100|[from] item: Life Orb\n|\n|upkeep\n|inactive|Time left: 300 sec this turn | 300 sec total | 5 sec grace\n|\n|t:|1783548767\n|switch|p2a: Delphox|Delphox, L84, M|263/263\n|turn|6\n|inactive|Time left: 300 sec this turn | 300 sec total\n|\n|t:|1783548768\n|switch|p1a: Ting-Lu|Ting-Lu, L78|100/100\n|-ability|p1a: Ting-Lu|Vessel of Ruin\n|move|p2a: Delphox|Fire Blast|p1a: Ting-Lu\n|-damage|p1a: Ting-Lu|69/100\n|\n|-heal|p1a: Ting-Lu|75/100|[from] item: Leftovers\n|upkeep\n|turn|7\n|inactive|Time left: 300 sec this turn | 300 sec total\n|\n|t:|1783548769\n|move|p2a: Delphox|Fire Blast|p1a: Ting-Lu\n|-damage|p1a: Ting-Lu|44/100\n|move|p1a: Ting-Lu|Earthquake|p2a: Delphox\n|-supereffective|p2a: Delphox\n|-damage|p2a: Delphox|45/263\n|\n|-heal|p1a: Ting-Lu|50/100|[from] item: Leftovers\n|upkeep\n|turn|8\n|inactive|Time left: 300 sec this turn | 300 sec total\n|\n|t:|1783548771\n|move|p2a: Delphox|Fire Blast|p1a: Ting-Lu\n|-damage|p1a: Ting-Lu|3/100\n|move|p1a: Ting-Lu|Throat Chop|p2a: Delphox\n|-supereffective|p2a: Delphox\n|-damage|p2a: Delphox|0 fnt\n|faint|p2a: Delphox\n|\n|-heal|p1a: Ting-Lu|9/100|[from] item: Leftovers\n|upkeep\n|inactive|Time left: 300 sec this turn | 300 sec total | 5 sec grace\n|\n|t:|1783548772\n|switch|p2a: Iron Bundle|Iron Bundle, L78|215/215\n|turn|9\n|inactive|Time left: 300 sec this turn | 300 sec total\n|\n|t:|1783548773\n|switch|p1a: Probopass|Probopass, L91, F|100/100\n|move|p2a: Iron Bundle|Hydro Pump|p1a: Probopass\n|-supereffective|p1a: Probopass\n|-damage|p1a: Probopass|39/100\n|\n|upkeep\n|turn|10\n|inactive|Time left: 300 sec this turn | 300 sec total\n|\n|t:|1783548774\n|switch|p1a: Zekrom|Zekrom, L71|100/100\n|-ability|p1a: Zekrom|Teravolt\n|move|p2a: Iron Bundle|Hydro Pump|p1a: Zekrom\n|-resisted|p1a: Zekrom\n|-damage|p1a: Zekrom|75/100\n|\n|-heal|p1a: Zekrom|81/100|[from] item: Leftovers\n|upkeep\n|turn|11\n|inactive|Time left: 300 sec this turn | 300 sec total\n|\n|t:|1783548775\n|-terastallize|p1a: Zekrom|Steel\n|move|p2a: Iron Bundle|Ice Beam|p1a: Zekrom\n|-resisted|p1a: Zekrom\n|-damage|p1a: Zekrom|62/100\n|-status|p1a: Zekrom|frz\n|-curestatus|p1a: Zekrom|frz|[msg]\n|move|p1a: Zekrom|Outrage|p2a: Iron Bundle\n|-damage|p2a: Iron Bundle|107/215\n|\n|-heal|p1a: Zekrom|68/100|[from] item: Leftovers\n|upkeep\n|turn|12\n|inactive|Time left: 300 sec this turn | 300 sec total\n|\n|t:|1783548776\n|move|p2a: Iron Bundle|Ice Beam|p1a: Zekrom\n|-resisted|p1a: Zekrom\n|-damage|p1a: Zekrom|46/100\n|move|p1a: Zekrom|Outrage|p2a: Iron Bundle|[from] lockedmove\n|-damage|p2a: Iron Bundle|0 fnt\n|faint|p2a: Iron Bundle\n|-end|p2a: Iron Bundle|Quark Drive|[silent]\n|-start|p1a: Zekrom|confusion|[fatigue]\n|\n|-heal|p1a: Zekrom|52/100|[from] item: Leftovers\n|upkeep\n|inactive|Time left: 300 sec this turn | 300 sec total | 5 sec grace\n|\n|t:|1783548777\n|switch|p2a: Raichu|Raichu, L88, F|249/249\n|turn|13\n|inactive|Time left: 300 sec this turn | 300 sec total\n|\n|t:|1783548778\n|switch|p1a: Ting-Lu|Ting-Lu, L78|9/100\n|-ability|p1a: Ting-Lu|Vessel of Ruin\n|move|p2a: Raichu|Nasty Plot|p2a: Raichu\n|-boost|p2a: Raichu|spa|2\n|\n|-heal|p1a: Ting-Lu|16/100|[from] item: Leftovers\n|upkeep\n|turn|14\n|inactive|Time left: 300 sec this turn | 300 sec total\n|\n|t:|1783548779\n|move|p2a: Raichu|Tera Blast|p1a: Ting-Lu\n|-damage|p1a: Ting-Lu|0 fnt\n|faint|p1a: Ting-Lu\n|-damage|p2a: Raichu|225/249|[from] item: Life Orb\n|\n|upkeep\n|\n|t:|1783548780\n|switch|p1a: Victreebel|Victreebel, L90, F|90/100\n|turn|15\n|inactive|Time left: 300 sec this turn | 300 sec total\n|\n|t:|1783548781\n|move|p2a: Raichu|Tera Blast|p1a: Victreebel\n|-damage|p1a: Victreebel|35/100\n|-damage|p2a: Raichu|201/249|[from] item: Life Orb\n|move|p1a: Victreebel|Power Whip|p2a: Raichu\n|-damage|p2a: Raichu|0 fnt\n|faint|p2a: Raichu\n|-damage|p1a: Victreebel|25/100|[from] item: Life Orb\n|\n|upkeep\n|inactive|Time left: 300 sec this turn | 300 sec total | 5 sec grace\n|\n|t:|1783548782\n|switch|p2a: Victreebel|Victreebel, L90, M|290/290\n|turn|16\n|inactive|Time left: 300 sec this turn | 300 sec total\n|\n|t:|1783548783\n|move|p1a: Victreebel|Sludge Wave|p2a: Victreebel\n|-damage|p2a: Victreebel|105/290\n|-damage|p1a: Victreebel|15/100|[from] item: Life Orb\n|move|p2a: Victreebel|Sludge Wave|p1a: Victreebel\n|-damage|p1a: Victreebel|0 fnt\n|faint|p1a: Victreebel\n|-damage|p2a: Victreebel|76/290|[from] item: Life Orb\n|\n|upkeep\n|\n|t:|1783548784\n|switch|p1a: Zekrom|Zekrom, L71, tera:Steel|52/100\n|-ability|p1a: Zekrom|Teravolt\n|turn|17\n|inactive|Time left: 300 sec this turn | 300 sec total\n|\n|t:|1783548785\n|move|p2a: Victreebel|Power Whip|p1a: Zekrom\n|-resisted|p1a: Zekrom\n|-damage|p1a: Zekrom|13/100\n|-damage|p2a: Victreebel|47/290|[from] item: Life Orb\n|move|p1a: Zekrom|Outrage|p2a: Victreebel\n|-damage|p2a: Victreebel|0 fnt\n|faint|p2a: Victreebel\n|\n|-heal|p1a: Zekrom|19/100|[from] item: Leftovers\n|upkeep\n|inactive|Time left: 300 sec this turn | 300 sec total | 5 sec grace\n|\n|t:|1783548786\n|switch|p2a: Regice|Regice, L88|284/284\n|turn|18\n|inactive|Time left: 300 sec this turn | 300 sec total\n|\n|t:|1783548787\n|move|p1a: Zekrom|Outrage|p2a: Regice|[from] lockedmove\n|-damage|p2a: Regice|173/284\n|-start|p1a: Zekrom|confusion|[fatigue]\n|move|p2a: Regice|Rest|p2a: Regice\n|-status|p2a: Regice|slp|[from] move: Rest\n|-heal|p2a: Regice|284/284 slp|[silent]\n|\n|-heal|p1a: Zekrom|26/100|[from] item: Leftovers\n|upkeep\n|turn|19\n|inactive|Time left: 300 sec this turn | 300 sec total\n|\n|t:|1783548788\n|-activate|p1a: Zekrom|confusion\n|move|p1a: Zekrom|Outrage|p2a: Regice\n|-damage|p2a: Regice|172/284 slp\n|cant|p2a: Regice|slp\n|move|p2a: Regice|Sleep Talk|p2a: Regice\n|move|p2a: Regice|Rest||[from] move: Sleep Talk|[still]\n|-fail|p2a: Regice\n|\n|-heal|p1a: Zekrom|32/100|[from] item: Leftovers\n|upkeep\n|turn|20\n|inactive|Time left: 300 sec this turn | 300 sec total\n|\n|t:|1783548789\n|-activate|p1a: Zekrom|confusion\n|move|p1a: Zekrom|Outrage|p2a: Regice|[from] lockedmove\n|-damage|p2a: Regice|63/284 slp\n|cant|p2a: Regice|slp\n|move|p2a: Regice|Sleep Talk|p2a: Regice\n|move|p2a: Regice|Rest||[from] move: Sleep Talk|[still]\n|-fail|p2a: Regice\n|\n|-heal|p1a: Zekrom|38/100|[from] item: Leftovers\n|upkeep\n|turn|21\n|inactive|Time left: 300 sec this turn | 300 sec total\n|\n|t:|1783548790\n|-activate|p1a: Zekrom|confusion\n|-damage|p1a: Zekrom|27/100|[from] confusion\n|-curestatus|p2a: Regice|slp|[msg]\n|move|p2a: Regice|Rest|p2a: Regice\n|-status|p2a: Regice|slp|[from] move: Rest\n|-heal|p2a: Regice|284/284 slp|[silent]\n|\n|-heal|p1a: Zekrom|33/100|[from] item: Leftovers\n|upkeep\n|turn|22\n|inactive|Time left: 300 sec this turn | 300 sec total\n|\n|t:|1783548791\n|-end|p1a: Zekrom|confusion\n|move|p1a: Zekrom|Outrage|p2a: Regice\n|-damage|p2a: Regice|163/284 slp\n|cant|p2a: Regice|slp\n|move|p2a: Regice|Sleep Talk|p2a: Regice\n|move|p2a: Regice|Thunderbolt|p1a: Zekrom|[from] move: Sleep Talk\n|-damage|p1a: Zekrom|0 fnt\n|faint|p1a: Zekrom\n|\n|upkeep\n|\n|t:|1783548792\n|switch|p1a: Probopass|Probopass, L91, F|39/100\n|turn|23\n|inactive|Time left: 300 sec this turn | 300 sec total\n|\n|t:|1783548793\n|cant|p2a: Regice|slp\n|move|p2a: Regice|Sleep Talk|p2a: Regice\n|move|p2a: Regice|Rest||[from] move: Sleep Talk|[still]\n|-fail|p2a: Regice\n|move|p1a: Probopass|Body Press|p2a: Regice\n|-supereffective|p2a: Regice\n|-damage|p2a: Regice|13/284 slp\n|\n|upkeep\n|turn|24\n|inactive|Time left: 300 sec this turn | 300 sec total\n|\n|t:|1783548794\n|-curestatus|p2a: Regice|slp|[msg]\n|move|p2a: Regice|Ice Beam|p1a: Probopass\n|-resisted|p1a: Probopass\n|-damage|p1a: Probopass|25/100\n|move|p1a: Probopass|Body Press|p2a: Regice\n|-supereffective|p2a: Regice\n|-damage|p2a: Regice|0 fnt\n|faint|p2a: Regice\n|\n|win|p0x828fe03", "uploadtime": 1783548794, "views": 0, "rating": 0, "private": 0, "password": null, "_winner": "p0x828fe03", "_our_name": "p0y828bf35"}