{"id": "battle-gen9randombattle-222", "formatid": "gen9randombattle", "format": "[Gen 9] Random Battle", "players": ["p0x222f883", "p0y22224c1"], "log": "|init|battle\n|title|p0x222f883 vs. p0y22224c1\n|j|\u2606p0x222f883\n|j|\u2606p0y22224c1\n|t:|1783542151\n|gametype|singles\n|player|p1|p0x222f883|169|\n|player|p2|p0y22224c1|170|\n|gen|9\n|tier|[Gen 9] Random Battle\n|rule|Species Clause: Limit one of each Pok\u00e9mon\n|rule|HP Percentage Mod: HP is shown in percentages\n|rule|Sleep Clause Mod: Limit one foe put to sleep\n|rule|Illusion Level Mod: Illusion disguises the Pok\u00e9mon's true level\n|\n|t:|1783542151\n|teamsize|p1|6\n|teamsize|p2|6\n|start\n|switch|p1a: Coalossal|Coalossal, L89, M|341/341\n|switch|p2a: Lapras|Lapras, L87, M|100/100\n|turn|1\n|inactive|Battle timer is ON: inactive players will automatically lose when time's up. (requested by p0x222f883)\n|inactive|p0y22224c1 also wants the timer to be on.\n|\n|t:|1783542153\n|switch|p1a: Frosmoth|Frosmoth, L82, M|249/249\n|move|p2a: Lapras|Sparkling Aria|p1a: Frosmoth\n|-damage|p1a: Frosmoth|203/249\n|\n|upkeep\n|turn|2\n|inactive|Time left: 300 sec this turn | 300 sec total\n|\n|t:|1783542154\n|move|p1a: Frosmoth|Quiver Dance|p1a: Frosmoth\n|-boost|p1a: Frosmoth|spa|1\n|-boost|p1a: Frosmoth|spd|1\n|-boost|p1a: Frosmoth|spe|1\n|move|p2a: Lapras|Sparkling Aria|p1a: Frosmoth\n|-damage|p1a: Frosmoth|173/249\n|\n|upkeep\n|turn|3\n|inactive|Time left: 300 sec this turn | 300 sec total\n|\n|t:|1783542155\n|switch|p2a: Banette|Banette, L93, M|100/100\n|move|p1a: Frosmoth|Quiver Dance|p1a: Frosmoth\n|-boost|p1a: Frosmoth|spa|1\n|-boost|p1a: Frosmoth|spd|1\n|-boost|p1a: Frosmoth|spe|1\n|\n|upkeep\n|turn|4\n|inactive|Time left: 300 sec this turn | 300 sec total\n|\n|t:|1783542156\n|move|p1a: Frosmoth|Ice Beam|p2a: Banette\n|-damage|p2a: Banette|6/100\n|move|p2a: Banette|Poltergeist|p1a: Frosmoth|[miss]\n|-miss|p2a: Banette|p1a: Frosmoth\n|\n|upkeep\n|turn|5\n|inactive|Time left: 300 sec this turn | 300 sec total\n|\n|t:|1783542157\n|move|p2a: Banette|Shadow Sneak|p1a: Frosmoth\n|-damage|p1a: Frosmoth|64/249\n|-damage|p2a: Banette|0 fnt|[from] item: Life Orb\n|faint|p2a: Banette\n|move|p1a: Frosmoth|Bug Buzz|p2: Banette|[notarget]\n|-fail|p1a: Frosmoth\n|\n|upkeep\n|\n|t:|1783542158\n|switch|p2a: Whiscash|Whiscash, L88, M|100/100\n|turn|6\n|inactive|Time left: 300 sec this turn | 300 sec total\n|\n|t:|1783542159\n|move|p1a: Frosmoth|Giga Drain|p2a: Whiscash\n|-supereffective|p2a: Whiscash\n|-damage|p2a: Whiscash|0 fnt\n|-heal|p1a: Frosmoth|233/249|[from] drain|[of] p2a: Whiscash\n|faint|p2a: Whiscash\n|\n|upkeep\n|\n|t:|1783542160\n|switch|p2a: Lapras|Lapras, L87, M|100/100\n|turn|7\n|inactive|Time left: 300 sec this turn | 300 sec total\n|\n|t:|1783542161\n|move|p1a: Frosmoth|Ice Beam|p2a: Lapras\n|-resisted|p2a: Lapras\n|-damage|p2a: Lapras|87/100\n|move|p2a: Lapras|Rest|p2a: Lapras\n|-status|p2a: Lapras|slp|[from] move: Rest\n|-heal|p2a: Lapras|100/100 slp|[silent]\n|\n|upkeep\n|turn|8\n|inactive|Time left: 300 sec this turn | 300 sec total\n|\n|t:|1783542162\n|move|p1a: Frosmoth|Bug Buzz|p2a: Lapras\n|-damage|p2a: Lapras|42/100 slp\n|cant|p2a: Lapras|slp\n|move|p2a: Lapras|Sleep Talk|p2a: Lapras\n|move|p2a: Lapras|Rest||[from] move: Sleep Talk|[still]\n|-fail|p2a: Lapras\n|\n|upkeep\n|turn|9\n|inactive|Time left: 300 sec this turn | 300 sec total\n|\n|t:|1783542163\n|move|p1a: Frosmoth|Quiver Dance|p1a: Frosmoth\n|-boost|p1a: Frosmoth|spa|1\n|-boost|p1a: Frosmoth|spd|1\n|-boost|p1a: Frosmoth|spe|1\n|cant|p2a: Lapras|slp\n|move|p2a: Lapras|Sleep Talk|p2a: Lapras\n|move|p2a: Lapras|Sparkling Aria|p1a: Frosmoth|[from] move: Sleep Talk\n|-damage|p1a: Frosmoth|214/249\n|\n|upkeep\n|turn|10\n|inactive|Time left: 300 sec this turn | 300 sec total\n|\n|t:|1783542163\n|switch|p2a: Glaceon|Glaceon, L94, F|100/100\n|move|p1a: Frosmoth|Giga Drain|p2a: Glaceon\n|-crit|p2a: Glaceon\n|-damage|p2a: Glaceon|34/100\n|-heal|p1a: Frosmoth|249/249|[from] drain|[of] p2a: Glaceon\n|\n|upkeep\n|turn|11\n|inactive|Time left: 300 sec this turn | 300 sec total\n|\n|t:|1783542164\n|move|p2a: Glaceon|Protect|p2a: Glaceon\n|-singleturn|p2a: Glaceon|Protect\n|move|p1a: Frosmoth|Bug Buzz|p2a: Glaceon\n|-activate|p2a: Glaceon|move: Protect\n|\n|upkeep\n|turn|12\n|inactive|Time left: 300 sec this turn | 300 sec total\n|\n|t:|1783542165\n|move|p2a: Glaceon|Protect||[still]\n|-fail|p2a: Glaceon\n|move|p1a: Frosmoth|Bug Buzz|p2a: Glaceon\n|-damage|p2a: Glaceon|0 fnt\n|faint|p2a: Glaceon\n|\n|upkeep\n|\n|t:|1783542166\n|switch|p2a: Glimmora|Glimmora, L75, F|100/100\n|turn|13\n|inactive|Time left: 300 sec this turn | 300 sec total\n|\n|t:|1783542167\n|switch|p2a: Lapras|Lapras, L87, M|42/100 slp\n|move|p1a: Frosmoth|Ice Beam|p2a: Lapras\n|-resisted|p2a: Lapras\n|-damage|p2a: Lapras|26/100 slp\n|\n|upkeep\n|turn|14\n|inactive|Time left: 300 sec this turn | 300 sec total\n|\n|t:|1783542169\n|move|p1a: Frosmoth|Bug Buzz|p2a: Lapras\n|-damage|p2a: Lapras|0 fnt\n|faint|p2a: Lapras\n|\n|upkeep\n|\n|t:|1783542170\n|switch|p2a: Rabsca|Rabsca, L91, F|100/100\n|turn|15\n|inactive|Time left: 300 sec this turn | 300 sec total\n|\n|t:|1783542171\n|-terastallize|p2a: Rabsca|Steel\n|move|p1a: Frosmoth|Bug Buzz|p2a: Rabsca\n|-resisted|p2a: Rabsca\n|-damage|p2a: Rabsca|58/100\n|move|p2a: Rabsca|Psychic|p1a: Frosmoth\n|-damage|p1a: Frosmoth|222/249\n|\n|upkeep\n|turn|16\n|inactive|Time left: 300 sec this turn | 300 sec total\n|\n|t:|1783542172\n|move|p1a: Frosmoth|Ice Beam|p2a: Rabsca\n|-resisted|p2a: Rabsca\n|-damage|p2a: Rabsca|20/100\n|move|p2a: Rabsca|Bug Buzz|p1a: Frosmoth\n|-damage|p1a: Frosmoth|195/249\n|\n|upkeep\n|turn|17\n|inactive|Time left: 300 sec this turn | 300 sec total\n|\n|t:|1783542173\n|move|p1a: Frosmoth|Ice Beam|p2a: Rabsca\n|-resisted|p2a: Rabsca\n|-damage|p2a: Rabsca|0 fnt\n|faint|p2a: Rabsca\n|\n|upkeep\n|\n|t:|1783542174\n|switch|p2a: Glimmora|Glimmora, L75, F|100/100\n|turn|18\n|inactive|Time left: 300 sec this turn | 300 sec total\n|\n|t:|1783542174\n|-terastallize|p1a: Frosmoth|Water\n|move|p1a: Frosmoth|Ice Beam|p2a: Glimmora\n|-damage|p2a: Glimmora|0 fnt\n|faint|p2a: Glimmora\n|\n|win|p0x222f883", "uploadtime": 1783542174, "views": 0, "rating": 0, "private": 0, "password": null, "_winner": "p0x222f883", "_our_name": "p0x222f883"}