{"id": "battle-gen9randombattle-2846", "formatid": "gen9randombattle", "format": "[Gen 9] Random Battle", "players": ["p0x28465210", "p0y2846dea5"], "log": "|init|battle\n|title|p0x28465210 vs. p0y2846dea5\n|j|\u2606p0x28465210\n|j|\u2606p0y2846dea5\n|t:|1783572783\n|gametype|singles\n|player|p1|p0x28465210|2|\n|player|p2|p0y2846dea5|1|\n|gen|9\n|tier|[Gen 9] Random Battle\n|rule|Species Clause: Limit one of each Pok\u00e9mon\n|rule|HP Percentage Mod: HP is shown in percentages\n|rule|Sleep Clause Mod: Limit one foe put to sleep\n|rule|Illusion Level Mod: Illusion disguises the Pok\u00e9mon's true level\n|\n|t:|1783572783\n|teamsize|p1|6\n|teamsize|p2|6\n|start\n|switch|p1a: Clawitzer|Clawitzer, L87, M|265/265\n|switch|p2a: Toxapex|Toxapex, L82, M|100/100\n|turn|1\n|inactive|Battle timer is ON: inactive players will automatically lose when time's up. (requested by p0x28465210)\n|\n|t:|1783572784\n|move|p1a: Clawitzer|Dark Pulse|p2a: Toxapex\n|-damage|p2a: Toxapex|50/100\n|move|p2a: Toxapex|Toxic|p1a: Clawitzer\n|-status|p1a: Clawitzer|tox\n|\n|-heal|p2a: Toxapex|57/100|[from] item: Leftovers\n|-damage|p1a: Clawitzer|249/265 tox|[from] psn\n|upkeep\n|turn|2\n|inactive|Time left: 300 sec this turn | 300 sec total\n|inactive|p0y2846dea5 also wants the timer to be on.\n|\n|t:|1783572785\n|switch|p2a: Slaking|Slaking, L84, M|100/100\n|move|p1a: Clawitzer|Dark Pulse|p2a: Slaking\n|-damage|p2a: Slaking|51/100\n|\n|-damage|p1a: Clawitzer|217/265 tox|[from] psn\n|upkeep\n|turn|3\n|inactive|Time left: 300 sec this turn | 300 sec total\n|\n|t:|1783572787\n|move|p2a: Slaking|Giga Impact|p1a: Clawitzer\n|-damage|p1a: Clawitzer|0 fnt\n|-mustrecharge|p2a: Slaking\n|faint|p1a: Clawitzer\n|\n|upkeep\n|inactive|Time left: 300 sec this turn | 300 sec total | 5 sec grace\n|\n|t:|1783572787\n|switch|p1a: Suicune|Suicune, L82|298/298\n|-ability|p1a: Suicune|Pressure\n|turn|4\n|inactive|Time left: 300 sec this turn | 300 sec total\n|\n|t:|1783572788\n|cant|p2a: Slaking|recharge\n|move|p1a: Suicune|Scald|p2a: Slaking\n|-damage|p2a: Slaking|29/100\n|-status|p2a: Slaking|brn\n|\n|-damage|p2a: Slaking|23/100 brn|[from] brn\n|upkeep\n|turn|5\n|inactive|Time left: 300 sec this turn | 300 sec total\n|\n|t:|1783572789\n|move|p2a: Slaking|Giga Impact|p1a: Suicune|[miss]\n|-miss|p2a: Slaking|p1a: Suicune\n|move|p1a: Suicune|Calm Mind|p1a: Suicune\n|-boost|p1a: Suicune|spa|1\n|-boost|p1a: Suicune|spd|1\n|\n|-damage|p2a: Slaking|16/100 brn|[from] brn\n|upkeep\n|turn|6\n|inactive|Time left: 300 sec this turn | 300 sec total\n|\n|t:|1783572790\n|switch|p2a: Toxapex|Toxapex, L82, M|90/100\n|move|p1a: Suicune|Scald|p2a: Toxapex\n|-resisted|p2a: Toxapex\n|-damage|p2a: Toxapex|72/100\n|\n|-heal|p2a: Toxapex|78/100|[from] item: Leftovers\n|upkeep\n|turn|7\n|inactive|Time left: 300 sec this turn | 300 sec total\n|\n|t:|1783572791\n|move|p1a: Suicune|Calm Mind|p1a: Suicune\n|-boost|p1a: Suicune|spa|1\n|-boost|p1a: Suicune|spd|1\n|move|p2a: Toxapex|Haze|p2a: Toxapex\n|-clearallboost\n|\n|-heal|p2a: Toxapex|84/100|[from] item: Leftovers\n|upkeep\n|turn|8\n|inactive|Time left: 300 sec this turn | 300 sec total\n|\n|t:|1783572792\n|move|p1a: Suicune|Scald|p2a: Toxapex\n|-resisted|p2a: Toxapex\n|-damage|p2a: Toxapex|71/100\n|move|p2a: Toxapex|Toxic|p1a: Suicune\n|-status|p1a: Suicune|tox\n|\n|-heal|p2a: Toxapex|77/100|[from] item: Leftovers\n|-damage|p1a: Suicune|280/298 tox|[from] psn\n|upkeep\n|turn|9\n|inactive|Time left: 300 sec this turn | 300 sec total\n|\n|t:|1783572793\n|switch|p1a: Grumpig|Grumpig, L92, M|297/297\n|move|p2a: Toxapex|Toxic|p1a: Grumpig\n|-status|p1a: Grumpig|tox\n|\n|-heal|p2a: Toxapex|83/100|[from] item: Leftovers\n|-damage|p1a: Grumpig|279/297 tox|[from] psn\n|upkeep\n|turn|10\n|inactive|Time left: 300 sec this turn | 300 sec total\n|\n|t:|1783572795\n|switch|p2a: Slaking|Slaking, L84, M|16/100 brn\n|move|p1a: Grumpig|Nasty Plot|p1a: Grumpig\n|-boost|p1a: Grumpig|spa|2\n|\n|-heal|p1a: Grumpig|297/297 tox|[from] item: Leftovers\n|-damage|p1a: Grumpig|261/297 tox|[from] psn\n|-damage|p2a: Slaking|10/100 brn|[from] brn\n|upkeep\n|turn|11\n|inactive|Time left: 300 sec this turn | 300 sec total\n|\n|t:|1783572795\n|move|p2a: Slaking|Knock Off|p1a: Grumpig\n|-supereffective|p1a: Grumpig\n|-damage|p1a: Grumpig|95/297 tox\n|-enditem|p1a: Grumpig|Leftovers|[from] move: Knock Off|[of] p2a: Slaking\n|move|p1a: Grumpig|Psychic|p2a: Slaking\n|-damage|p2a: Slaking|0 fnt\n|faint|p2a: Slaking\n|\n|-damage|p1a: Grumpig|41/297 tox|[from] psn\n|upkeep\n|\n|t:|1783572796\n|switch|p2a: Espeon|Espeon, L84, F|100/100\n|turn|12\n|inactive|Time left: 300 sec this turn | 300 sec total\n|\n|t:|1783572797\n|move|p2a: Espeon|Alluring Voice|p1a: Grumpig\n|-damage|p1a: Grumpig|0 fnt\n|faint|p1a: Grumpig\n|-damage|p2a: Espeon|91/100|[from] item: Life Orb\n|\n|upkeep\n|inactive|Time left: 300 sec this turn | 300 sec total | 5 sec grace\n|\n|t:|1783572798\n|switch|p1a: Enamorus|Enamorus-Therian, L83, F|259/259\n|turn|13\n|inactive|Time left: 300 sec this turn | 300 sec total\n|\n|t:|1783572799\n|move|p2a: Espeon|Calm Mind|p2a: Espeon\n|-boost|p2a: Espeon|spa|1\n|-boost|p2a: Espeon|spd|1\n|move|p1a: Enamorus|Moonblast|p2a: Espeon\n|-damage|p2a: Espeon|60/100\n|\n|upkeep\n|turn|14\n|inactive|Time left: 300 sec this turn | 300 sec total\n|\n|t:|1783572800\n|move|p2a: Espeon|Psyshock|p1a: Enamorus\n|-crit|p1a: Enamorus\n|-damage|p1a: Enamorus|0 fnt\n|faint|p1a: Enamorus\n|-damage|p2a: Espeon|50/100|[from] item: Life Orb\n|\n|upkeep\n|inactive|Time left: 300 sec this turn | 300 sec total | 5 sec grace\n|\n|t:|1783572800\n|switch|p1a: Dugtrio|Dugtrio, L84, M|196/196\n|turn|15\n|inactive|Time left: 300 sec this turn | 300 sec total\n|\n|t:|1783572801\n|move|p1a: Dugtrio|Earthquake|p2a: Espeon\n|-damage|p2a: Espeon|0 fnt\n|faint|p2a: Espeon\n|-damage|p1a: Dugtrio|177/196|[from] item: Life Orb\n|\n|upkeep\n|\n|t:|1783572802\n|switch|p2a: Revavroom|Revavroom, L79, M|100/100\n|turn|16\n|inactive|Time left: 300 sec this turn | 300 sec total\n|\n|t:|1783572803\n|-terastallize|p2a: Revavroom|Ground\n|move|p1a: Dugtrio|Earthquake|p2a: Revavroom\n|-damage|p2a: Revavroom|42/100\n|-damage|p1a: Dugtrio|158/196|[from] item: Life Orb\n|move|p2a: Revavroom|Shift Gear|p2a: Revavroom\n|-boost|p2a: Revavroom|spe|2\n|-boost|p2a: Revavroom|atk|1\n|\n|upkeep\n|turn|17\n|inactive|Time left: 300 sec this turn | 300 sec total\n|\n|t:|1783572804\n|move|p1a: Dugtrio|Sucker Punch|p2a: Revavroom\n|-damage|p2a: Revavroom|16/100\n|-damage|p1a: Dugtrio|139/196|[from] item: Life Orb\n|move|p2a: Revavroom|Gunk Shot|p1a: Dugtrio\n|-resisted|p1a: Dugtrio\n|-damage|p1a: Dugtrio|0 fnt\n|faint|p1a: Dugtrio\n|-damage|p2a: Revavroom|6/100|[from] item: Life Orb\n|\n|upkeep\n|inactive|Time left: 300 sec this turn | 300 sec total | 5 sec grace\n|\n|t:|1783572804\n|switch|p1a: Suicune|Suicune, L82|280/298 tox\n|-ability|p1a: Suicune|Pressure\n|turn|18\n|inactive|Time left: 300 sec this turn | 300 sec total\n|\n|t:|1783572805\n|move|p2a: Revavroom|Gunk Shot|p1a: Suicune\n|-damage|p1a: Suicune|66/298 tox\n|-damage|p2a: Revavroom|0 fnt|[from] item: Life Orb\n|faint|p2a: Revavroom\n|move|p1a: Suicune|Calm Mind|p1a: Suicune\n|-boost|p1a: Suicune|spa|1\n|-boost|p1a: Suicune|spd|1\n|\n|-heal|p1a: Suicune|84/298 tox|[from] item: Leftovers\n|-damage|p1a: Suicune|66/298 tox|[from] psn\n|upkeep\n|\n|t:|1783572806\n|switch|p2a: Bisharp|Bisharp, L79, M|100/100\n|turn|19\n|inactive|Time left: 300 sec this turn | 300 sec total\n|\n|t:|1783572807\n|move|p1a: Suicune|Scald|p2a: Bisharp\n|-damage|p2a: Bisharp|56/100\n|-status|p2a: Bisharp|brn\n|move|p2a: Bisharp|Swords Dance|p2a: Bisharp\n|-boost|p2a: Bisharp|atk|2\n|\n|-heal|p1a: Suicune|84/298 tox|[from] item: Leftovers\n|-damage|p1a: Suicune|48/298 tox|[from] psn\n|-damage|p2a: Bisharp|50/100 brn|[from] brn\n|upkeep\n|turn|20\n|inactive|Time left: 300 sec this turn | 300 sec total\n|\n|t:|1783572808\n|move|p1a: Suicune|Scald|p2a: Bisharp\n|-crit|p2a: Bisharp\n|-damage|p2a: Bisharp|0 fnt\n|faint|p2a: Bisharp\n|\n|-heal|p1a: Suicune|66/298 tox|[from] item: Leftovers\n|-damage|p1a: Suicune|12/298 tox|[from] psn\n|upkeep\n|\n|t:|1783572809\n|switch|p2a: Toxapex|Toxapex, L82, M|100/100\n|turn|21\n|inactive|Time left: 300 sec this turn | 300 sec total\n|\n|t:|1783572809\n|move|p1a: Suicune|Scald|p2a: Toxapex\n|-resisted|p2a: Toxapex\n|-damage|p2a: Toxapex|84/100\n|move|p2a: Toxapex|Liquidation|p1a: Suicune\n|-resisted|p1a: Suicune\n|-damage|p1a: Suicune|0 fnt\n|faint|p1a: Suicune\n|\n|-heal|p2a: Toxapex|90/100|[from] item: Leftovers\n|upkeep\n|inactive|Time left: 300 sec this turn | 300 sec total | 5 sec grace\n|\n|t:|1783572810\n|switch|p1a: Electrode|Electrode, L92|260/260\n|turn|22\n|inactive|Time left: 300 sec this turn | 300 sec total\n|\n|t:|1783572811\n|-terastallize|p1a: Electrode|Electric\n|move|p1a: Electrode|Thunderbolt|p2a: Toxapex\n|-supereffective|p2a: Toxapex\n|-damage|p2a: Toxapex|1/100\n|-status|p2a: Toxapex|par\n|move|p2a: Toxapex|Toxic|p1a: Electrode\n|-status|p1a: Electrode|tox\n|\n|-heal|p2a: Toxapex|7/100 par|[from] item: Leftovers\n|-damage|p1a: Electrode|244/260 tox|[from] psn\n|upkeep\n|turn|23\n|inactive|Time left: 300 sec this turn | 300 sec total\n|\n|t:|1783572812\n|move|p1a: Electrode|Thunderbolt|p2a: Toxapex\n|-supereffective|p2a: Toxapex\n|-damage|p2a: Toxapex|0 fnt\n|faint|p2a: Toxapex\n|\n|-damage|p1a: Electrode|212/260 tox|[from] psn\n|upkeep\n|\n|t:|1783572813\n|switch|p2a: Smeargle|Smeargle, L95, M|100/100\n|turn|24\n|inactive|Time left: 300 sec this turn | 300 sec total\n|\n|t:|1783572814\n|move|p1a: Electrode|Thunderbolt|p2a: Smeargle\n|-damage|p2a: Smeargle|31/100\n|move|p2a: Smeargle|Whirlwind||[still]\n|-fail|p2a: Smeargle\n|\n|-damage|p1a: Electrode|164/260 tox|[from] psn\n|upkeep\n|turn|25\n|inactive|Time left: 300 sec this turn | 300 sec total\n|\n|t:|1783572815\n|move|p1a: Electrode|Thunderbolt|p2a: Smeargle\n|-damage|p2a: Smeargle|0 fnt\n|faint|p2a: Smeargle\n|\n|win|p0x28465210", "uploadtime": 1783572815, "views": 0, "rating": 0, "private": 0, "password": null, "_winner": "p0x28465210", "_our_name": "p0x28465210"}