{"id": "battle-gen9randombattle-819", "formatid": "gen9randombattle", "format": "[Gen 9] Random Battle", "players": ["p0x819b04a", "p0y819780d"], "log": "|init|battle\n|title|p0x819b04a vs. p0y819780d\n|j|\u2606p0x819b04a\n|j|\u2606p0y819780d\n|t:|1783548646\n|gametype|singles\n|player|p1|p0x819b04a|266|\n|player|p2|p0y819780d|2|\n|gen|9\n|tier|[Gen 9] Random Battle\n|rule|Species Clause: Limit one of each Pok\u00e9mon\n|rule|HP Percentage Mod: HP is shown in percentages\n|rule|Sleep Clause Mod: Limit one foe put to sleep\n|rule|Illusion Level Mod: Illusion disguises the Pok\u00e9mon's true level\n|\n|t:|1783548646\n|teamsize|p1|6\n|teamsize|p2|6\n|start\n|switch|p1a: Kyurem|Kyurem, L77|319/319\n|switch|p2a: Ursaluna|Ursaluna-Bloodmoon, L79, M|100/100\n|-ability|p1a: Kyurem|Pressure\n|turn|1\n|inactive|Battle timer is ON: inactive players will automatically lose when time's up. (requested by p0x819b04a)\n|inactive|p0y819780d also wants the timer to be on.\n|\n|t:|1783548648\n|move|p1a: Kyurem|Ice Beam|p2a: Ursaluna\n|-supereffective|p2a: Ursaluna\n|-damage|p2a: Ursaluna|0 fnt\n|faint|p2a: Ursaluna\n|\n|upkeep\n|\n|t:|1783548649\n|switch|p2a: Koraidon|Koraidon, L64|100/100\n|-weather|SunnyDay|[from] ability: Orichalcum Pulse|[of] p2a: Koraidon\n|-activate|p2a: Koraidon|Orichalcum Pulse|[source]\n|turn|2\n|inactive|Time left: 300 sec this turn | 300 sec total\n|\n|t:|1783548650\n|-terastallize|p2a: Koraidon|Fire\n|move|p2a: Koraidon|Outrage|p1a: Kyurem\n|-supereffective|p1a: Kyurem\n|-damage|p1a: Kyurem|0 fnt\n|faint|p1a: Kyurem\n|\n|-weather|SunnyDay|[upkeep]\n|upkeep\n|inactive|Time left: 300 sec this turn | 300 sec total | 5 sec grace\n|\n|t:|1783548651\n|switch|p1a: Sylveon|Sylveon, L85, M|300/300\n|turn|3\n|inactive|Time left: 300 sec this turn | 300 sec total\n|\n|t:|1783548652\n|move|p2a: Koraidon|Outrage|p1a: Sylveon|[from] lockedmove\n|-immune|p1a: Sylveon\n|-start|p2a: Koraidon|confusion|[fatigue]\n|move|p1a: Sylveon|Calm Mind|p1a: Sylveon\n|-boost|p1a: Sylveon|spa|1\n|-boost|p1a: Sylveon|spd|1\n|\n|-weather|SunnyDay|[upkeep]\n|upkeep\n|turn|4\n|inactive|Time left: 300 sec this turn | 300 sec total\n|\n|t:|1783548653\n|switch|p2a: Revavroom|Revavroom, L79, M|100/100\n|move|p1a: Sylveon|Hyper Voice|p2a: Revavroom\n|-resisted|p2a: Revavroom\n|-damage|p2a: Revavroom|74/100\n|\n|-weather|SunnyDay|[upkeep]\n|upkeep\n|turn|5\n|inactive|Time left: 300 sec this turn | 300 sec total\n|\n|t:|1783548654\n|move|p1a: Sylveon|Protect|p1a: Sylveon\n|-singleturn|p1a: Sylveon|Protect\n|move|p2a: Revavroom|Shift Gear|p2a: Revavroom\n|-boost|p2a: Revavroom|spe|2\n|-boost|p2a: Revavroom|atk|1\n|\n|-weather|SunnyDay|[upkeep]\n|upkeep\n|turn|6\n|inactive|Time left: 300 sec this turn | 300 sec total\n|\n|t:|1783548655\n|switch|p1a: Rotom|Rotom, L88|231/231\n|move|p2a: Revavroom|Gunk Shot|p1a: Rotom\n|-resisted|p1a: Rotom\n|-damage|p1a: Rotom|101/231\n|-damage|p2a: Revavroom|64/100|[from] item: Life Orb\n|\n|-weather|none\n|upkeep\n|turn|7\n|inactive|Time left: 300 sec this turn | 300 sec total\n|\n|t:|1783548656\n|switch|p1a: Jirachi|Jirachi, L80|291/291\n|move|p2a: Revavroom|Gunk Shot|p1a: Jirachi\n|-immune|p1a: Jirachi\n|\n|upkeep\n|turn|8\n|inactive|Time left: 300 sec this turn | 300 sec total\n|\n|t:|1783548657\n|move|p2a: Revavroom|Shift Gear|p2a: Revavroom\n|-boost|p2a: Revavroom|spe|2\n|-boost|p2a: Revavroom|atk|1\n|move|p1a: Jirachi|Wish|p1a: Jirachi\n|\n|upkeep\n|turn|9\n|inactive|Time left: 300 sec this turn | 300 sec total\n|\n|t:|1783548658\n|switch|p1a: Rotom|Rotom, L88|101/231\n|move|p2a: Revavroom|Gunk Shot|p1a: Rotom\n|-resisted|p1a: Rotom\n|-damage|p1a: Rotom|0 fnt\n|faint|p1a: Rotom\n|-damage|p2a: Revavroom|54/100|[from] item: Life Orb\n|\n|upkeep\n|inactive|Time left: 300 sec this turn | 300 sec total | 5 sec grace\n|\n|t:|1783548659\n|switch|p1a: Jirachi|Jirachi, L80|291/291\n|turn|10\n|inactive|Time left: 300 sec this turn | 300 sec total\n|\n|t:|1783548660\n|move|p1a: Jirachi|Protect|p1a: Jirachi\n|-singleturn|p1a: Jirachi|Protect\n|move|p2a: Revavroom|High Horsepower|p1a: Jirachi\n|-activate|p1a: Jirachi|move: Protect\n|\n|upkeep\n|turn|11\n|inactive|Time left: 300 sec this turn | 300 sec total\n|\n|t:|1783548661\n|switch|p1a: Sylveon|Sylveon, L85, M|300/300\n|move|p2a: Revavroom|High Horsepower|p1a: Sylveon\n|-damage|p1a: Sylveon|58/300\n|-damage|p2a: Revavroom|44/100|[from] item: Life Orb\n|\n|-heal|p1a: Sylveon|76/300|[from] item: Leftovers\n|upkeep\n|turn|12\n|inactive|Time left: 300 sec this turn | 300 sec total\n|\n|t:|1783548662\n|move|p1a: Sylveon|Protect|p1a: Sylveon\n|-singleturn|p1a: Sylveon|Protect\n|move|p2a: Revavroom|High Horsepower|p1a: Sylveon\n|-activate|p1a: Sylveon|move: Protect\n|\n|-heal|p1a: Sylveon|94/300|[from] item: Leftovers\n|upkeep\n|turn|13\n|inactive|Time left: 300 sec this turn | 300 sec total\n|\n|t:|1783548663\n|move|p2a: Revavroom|High Horsepower|p1a: Sylveon\n|-damage|p1a: Sylveon|0 fnt\n|faint|p1a: Sylveon\n|-damage|p2a: Revavroom|34/100|[from] item: Life Orb\n|\n|upkeep\n|inactive|Time left: 300 sec this turn | 300 sec total | 5 sec grace\n|\n|t:|1783548664\n|switch|p1a: Jirachi|Jirachi, L80|291/291\n|turn|14\n|inactive|Time left: 300 sec this turn | 300 sec total\n|\n|t:|1783548665\n|move|p2a: Revavroom|High Horsepower|p1a: Jirachi\n|-supereffective|p1a: Jirachi\n|-damage|p1a: Jirachi|0 fnt\n|faint|p1a: Jirachi\n|-damage|p2a: Revavroom|25/100|[from] item: Life Orb\n|\n|upkeep\n|inactive|Time left: 300 sec this turn | 300 sec total | 5 sec grace\n|\n|t:|1783548666\n|switch|p1a: Clodsire|Clodsire, L81, F|343/343\n|turn|15\n|inactive|Time left: 300 sec this turn | 300 sec total\n|\n|t:|1783548667\n|switch|p1a: Zangoose|Zangoose, L85, F|263/263\n|move|p2a: Revavroom|High Horsepower|p1a: Zangoose\n|-damage|p1a: Zangoose|24/263\n|-damage|p2a: Revavroom|15/100|[from] item: Life Orb\n|\n|-status|p1a: Zangoose|tox|[from] item: Toxic Orb\n|upkeep\n|turn|16\n|inactive|Time left: 300 sec this turn | 300 sec total\n|\n|t:|1783548668\n|move|p2a: Revavroom|High Horsepower|p1a: Zangoose\n|-damage|p1a: Zangoose|0 fnt\n|faint|p1a: Zangoose\n|-damage|p2a: Revavroom|5/100|[from] item: Life Orb\n|\n|upkeep\n|inactive|Time left: 300 sec this turn | 300 sec total | 5 sec grace\n|\n|t:|1783548668\n|switch|p1a: Clodsire|Clodsire, L81, F|343/343\n|turn|17\n|inactive|Time left: 300 sec this turn | 300 sec total\n|\n|t:|1783548669\n|move|p2a: Revavroom|High Horsepower|p1a: Clodsire\n|-supereffective|p1a: Clodsire\n|-damage|p1a: Clodsire|0 fnt\n|faint|p1a: Clodsire\n|-damage|p2a: Revavroom|0 fnt|[from] item: Life Orb\n|faint|p2a: Revavroom\n|\n|win|p0y819780d", "uploadtime": 1783548669, "views": 0, "rating": 0, "private": 0, "password": null, "_winner": "p0y819780d", "_our_name": "p0x819b04a"}