{"id": "battle-gen9randombattle-975", "formatid": "gen9randombattle", "format": "[Gen 9] Random Battle", "players": ["p0x97516de", "p0y975f04c"], "log": "|init|battle\n|title|p0x97516de vs. p0y975f04c\n|j|\u2606p0x97516de\n|j|\u2606p0y975f04c\n|t:|1783551209\n|gametype|singles\n|player|p1|p0x97516de|170|\n|player|p2|p0y975f04c|169|\n|gen|9\n|tier|[Gen 9] Random Battle\n|rule|Species Clause: Limit one of each Pok\u00e9mon\n|rule|HP Percentage Mod: HP is shown in percentages\n|rule|Sleep Clause Mod: Limit one foe put to sleep\n|rule|Illusion Level Mod: Illusion disguises the Pok\u00e9mon's true level\n|\n|t:|1783551209\n|teamsize|p1|6\n|teamsize|p2|6\n|start\n|switch|p1a: Quaquaval|Quaquaval, L79, M|264/264\n|switch|p2a: Orthworm|Orthworm, L88, M|100/100\n|turn|1\n|inactive|Battle timer is ON: inactive players will automatically lose when time's up. (requested by p0y975f04c)\n|inactive|Time left: 300 sec this turn | 300 sec total | 60 sec grace\n|inactive|p0x97516de also wants the timer to be on.\n|\n|t:|1783551211\n|move|p1a: Quaquaval|Aqua Step|p2a: Orthworm\n|-damage|p2a: Orthworm|79/100\n|-boost|p1a: Quaquaval|spe|1\n|move|p2a: Orthworm|Spikes|p1a: Quaquaval\n|-sidestart|p1: p0x97516de|Spikes\n|\n|-heal|p2a: Orthworm|85/100|[from] item: Leftovers\n|upkeep\n|turn|2\n|inactive|Time left: 300 sec this turn | 300 sec total\n|\n|t:|1783551212\n|move|p1a: Quaquaval|Aqua Step|p2a: Orthworm\n|-damage|p2a: Orthworm|65/100\n|-boost|p1a: Quaquaval|spe|1\n|move|p2a: Orthworm|Body Press|p1a: Quaquaval\n|-damage|p1a: Quaquaval|166/264\n|\n|-heal|p1a: Quaquaval|182/264|[from] item: Leftovers\n|-heal|p2a: Orthworm|71/100|[from] item: Leftovers\n|upkeep\n|turn|3\n|inactive|Time left: 300 sec this turn | 300 sec total\n|\n|t:|1783551213\n|-terastallize|p2a: Orthworm|Fighting\n|move|p1a: Quaquaval|Rapid Spin|p2a: Orthworm\n|-damage|p2a: Orthworm|63/100\n|-boost|p1a: Quaquaval|spe|1\n|-sideend|p1: p0x97516de|Spikes|[from] move: Rapid Spin|[of] p1a: Quaquaval\n|move|p2a: Orthworm|Body Press|p1a: Quaquaval\n|-damage|p1a: Quaquaval|41/264\n|\n|-heal|p1a: Quaquaval|57/264|[from] item: Leftovers\n|-heal|p2a: Orthworm|69/100|[from] item: Leftovers\n|upkeep\n|turn|4\n|inactive|Time left: 300 sec this turn | 300 sec total\n|\n|t:|1783551214\n|move|p1a: Quaquaval|Roost|p1a: Quaquaval\n|-heal|p1a: Quaquaval|189/264\n|-singleturn|p1a: Quaquaval|move: Roost\n|move|p2a: Orthworm|Body Press|p1a: Quaquaval\n|-damage|p1a: Quaquaval|53/264\n|\n|-heal|p1a: Quaquaval|69/264|[from] item: Leftovers\n|-heal|p2a: Orthworm|75/100|[from] item: Leftovers\n|upkeep\n|turn|5\n|inactive|Time left: 300 sec this turn | 300 sec total\n|\n|t:|1783551215\n|move|p1a: Quaquaval|Roost|p1a: Quaquaval\n|-heal|p1a: Quaquaval|201/264\n|-singleturn|p1a: Quaquaval|move: Roost\n|move|p2a: Orthworm|Body Press|p1a: Quaquaval\n|-damage|p1a: Quaquaval|54/264\n|\n|-heal|p1a: Quaquaval|70/264|[from] item: Leftovers\n|-heal|p2a: Orthworm|81/100|[from] item: Leftovers\n|upkeep\n|turn|6\n|inactive|Time left: 300 sec this turn | 300 sec total\n|\n|t:|1783551217\n|move|p1a: Quaquaval|Roost|p1a: Quaquaval\n|-heal|p1a: Quaquaval|202/264\n|-singleturn|p1a: Quaquaval|move: Roost\n|move|p2a: Orthworm|Body Press|p1a: Quaquaval\n|-damage|p1a: Quaquaval|58/264\n|\n|-heal|p1a: Quaquaval|74/264|[from] item: Leftovers\n|-heal|p2a: Orthworm|87/100|[from] item: Leftovers\n|upkeep\n|turn|7\n|inactive|Time left: 300 sec this turn | 300 sec total\n|\n|t:|1783551218\n|move|p1a: Quaquaval|Roost|p1a: Quaquaval\n|-heal|p1a: Quaquaval|206/264\n|-singleturn|p1a: Quaquaval|move: Roost\n|move|p2a: Orthworm|Body Press|p1a: Quaquaval\n|-damage|p1a: Quaquaval|53/264\n|\n|-heal|p1a: Quaquaval|69/264|[from] item: Leftovers\n|-heal|p2a: Orthworm|93/100|[from] item: Leftovers\n|upkeep\n|turn|8\n|inactive|Time left: 300 sec this turn | 300 sec total\n|\n|t:|1783551219\n|move|p1a: Quaquaval|Roost|p1a: Quaquaval\n|-heal|p1a: Quaquaval|201/264\n|-singleturn|p1a: Quaquaval|move: Roost\n|move|p2a: Orthworm|Body Press|p1a: Quaquaval\n|-damage|p1a: Quaquaval|54/264\n|\n|-heal|p1a: Quaquaval|70/264|[from] item: Leftovers\n|-heal|p2a: Orthworm|99/100|[from] item: Leftovers\n|upkeep\n|turn|9\n|inactive|Time left: 300 sec this turn | 300 sec total\n|\n|t:|1783551220\n|move|p1a: Quaquaval|Roost|p1a: Quaquaval\n|-heal|p1a: Quaquaval|202/264\n|-singleturn|p1a: Quaquaval|move: Roost\n|move|p2a: Orthworm|Body Press|p1a: Quaquaval\n|-damage|p1a: Quaquaval|60/264\n|\n|-heal|p1a: Quaquaval|76/264|[from] item: Leftovers\n|-heal|p2a: Orthworm|100/100|[from] item: Leftovers\n|upkeep\n|turn|10\n|inactive|Time left: 300 sec this turn | 300 sec total\n|\n|t:|1783551221\n|move|p1a: Quaquaval|Roost|p1a: Quaquaval\n|-heal|p1a: Quaquaval|208/264\n|-singleturn|p1a: Quaquaval|move: Roost\n|move|p2a: Orthworm|Body Press|p1a: Quaquaval\n|-damage|p1a: Quaquaval|52/264\n|\n|-heal|p1a: Quaquaval|68/264|[from] item: Leftovers\n|upkeep\n|turn|11\n|inactive|Time left: 300 sec this turn | 300 sec total\n|\n|t:|1783551222\n|move|p1a: Quaquaval|Roost|p1a: Quaquaval\n|-heal|p1a: Quaquaval|200/264\n|-singleturn|p1a: Quaquaval|move: Roost\n|move|p2a: Orthworm|Body Press|p1a: Quaquaval\n|-damage|p1a: Quaquaval|49/264\n|\n|-heal|p1a: Quaquaval|65/264|[from] item: Leftovers\n|upkeep\n|turn|12\n|inactive|Time left: 300 sec this turn | 300 sec total\n|\n|t:|1783551223\n|move|p1a: Quaquaval|Aqua Step|p2a: Orthworm\n|-damage|p2a: Orthworm|80/100\n|-boost|p1a: Quaquaval|spe|1\n|move|p2a: Orthworm|Heavy Slam|p1a: Quaquaval\n|-resisted|p1a: Quaquaval\n|-damage|p1a: Quaquaval|0 fnt\n|faint|p1a: Quaquaval\n|\n|-heal|p2a: Orthworm|86/100|[from] item: Leftovers\n|upkeep\n|inactive|Time left: 300 sec this turn | 300 sec total | 5 sec grace\n|\n|t:|1783551224\n|switch|p1a: Lunala|Lunala, L70|308/308\n|turn|13\n|inactive|Time left: 300 sec this turn | 300 sec total\n|\n|t:|1783551226\n|move|p1a: Lunala|Calm Mind|p1a: Lunala\n|-boost|p1a: Lunala|spa|1\n|-boost|p1a: Lunala|spd|1\n|move|p2a: Orthworm|Stealth Rock|p1a: Lunala\n|-sidestart|p1: p0x97516de|move: Stealth Rock\n|\n|-heal|p2a: Orthworm|92/100|[from] item: Leftovers\n|upkeep\n|turn|14\n|inactive|Time left: 300 sec this turn | 300 sec total\n|\n|t:|1783551227\n|switch|p2a: Raichu|Raichu, L88, M|100/100\n|move|p1a: Lunala|Moongeist Beam|p2a: Raichu\n|-damage|p2a: Raichu|58/100\n|\n|upkeep\n|turn|15\n|inactive|Time left: 300 sec this turn | 300 sec total\n|\n|t:|1783551229\n|move|p2a: Raichu|Nuzzle|p1a: Lunala\n|-damage|p1a: Lunala|293/308\n|-status|p1a: Lunala|par\n|move|p1a: Lunala|Moongeist Beam|p2a: Raichu\n|-damage|p2a: Raichu|15/100\n|\n|-heal|p1a: Lunala|308/308 par|[from] item: Leftovers\n|upkeep\n|turn|16\n|inactive|Time left: 300 sec this turn | 300 sec total\n|\n|t:|1783551231\n|move|p2a: Raichu|Thunderbolt|p1a: Lunala\n|-damage|p1a: Lunala|273/308 par\n|cant|p1a: Lunala|par\n|\n|-heal|p1a: Lunala|292/308 par|[from] item: Leftovers\n|upkeep\n|turn|17\n|inactive|Time left: 300 sec this turn | 300 sec total\n|\n|t:|1783551233\n|move|p2a: Raichu|Thunderbolt|p1a: Lunala\n|-damage|p1a: Lunala|217/308 par\n|move|p1a: Lunala|Calm Mind|p1a: Lunala\n|-boost|p1a: Lunala|spa|1\n|-boost|p1a: Lunala|spd|1\n|\n|-heal|p1a: Lunala|236/308 par|[from] item: Leftovers\n|upkeep\n|turn|18\n|inactive|Time left: 300 sec this turn | 300 sec total\n|\n|t:|1783551235\n|move|p2a: Raichu|Thunderbolt|p1a: Lunala\n|-damage|p1a: Lunala|184/308 par\n|move|p1a: Lunala|Moongeist Beam|p2a: Raichu\n|-damage|p2a: Raichu|0 fnt\n|faint|p2a: Raichu\n|\n|-heal|p1a: Lunala|203/308 par|[from] item: Leftovers\n|upkeep\n|\n|t:|1783551236\n|switch|p2a: Iron Valiant|Iron Valiant, L78|100/100\n|turn|19\n|inactive|Time left: 300 sec this turn | 300 sec total\n|\n|t:|1783551237\n|move|p2a: Iron Valiant|Knock Off|p1a: Lunala\n|-supereffective|p1a: Lunala\n|-damage|p1a: Lunala|0 fnt\n|-enditem|p1a: Lunala|Leftovers|[from] move: Knock Off|[of] p2a: Iron Valiant\n|faint|p1a: Lunala\n|-damage|p2a: Iron Valiant|91/100|[from] item: Life Orb\n|\n|upkeep\n|inactive|Time left: 300 sec this turn | 300 sec total | 5 sec grace\n|\n|t:|1783551238\n|switch|p1a: Altaria|Altaria, L89, F|278/278\n|turn|20\n|inactive|Time left: 300 sec this turn | 300 sec total\n|\n|t:|1783551239\n|move|p2a: Iron Valiant|Spirit Break|p1a: Altaria\n|-supereffective|p1a: Altaria\n|-damage|p1a: Altaria|75/278\n|-unboost|p1a: Altaria|spa|1\n|-damage|p2a: Iron Valiant|81/100|[from] item: Life Orb\n|move|p1a: Altaria|Brave Bird|p2a: Iron Valiant\n|-supereffective|p2a: Iron Valiant\n|-damage|p2a: Iron Valiant|0 fnt\n|faint|p2a: Iron Valiant\n|-end|p2a: Iron Valiant|Quark Drive|[silent]\n|-damage|p1a: Altaria|10/278|[from] Recoil\n|\n|upkeep\n|\n|t:|1783551240\n|switch|p2a: Flutter Mane|Flutter Mane, L74|100/100\n|turn|21\n|inactive|Time left: 300 sec this turn | 300 sec total\n|\n|t:|1783551241\n|move|p2a: Flutter Mane|Moonblast|p1a: Altaria\n|-supereffective|p1a: Altaria\n|-damage|p1a: Altaria|0 fnt\n|faint|p1a: Altaria\n|\n|upkeep\n|inactive|Time left: 300 sec this turn | 300 sec total | 5 sec grace\n|\n|t:|1783551242\n|switch|p1a: Coalossal|Coalossal, L89, M|341/341\n|turn|22\n|inactive|Time left: 300 sec this turn | 300 sec total\n|\n|t:|1783551243\n|move|p2a: Flutter Mane|Moonblast|p1a: Coalossal\n|-resisted|p1a: Coalossal\n|-damage|p1a: Coalossal|274/341\n|-unboost|p1a: Coalossal|spa|1\n|move|p1a: Coalossal|Stone Edge|p2a: Flutter Mane\n|-damage|p2a: Flutter Mane|26/100\n|\n|upkeep\n|turn|23\n|inactive|Time left: 300 sec this turn | 300 sec total\n|\n|t:|1783551244\n|move|p2a: Flutter Mane|Moonblast|p1a: Coalossal\n|-resisted|p1a: Coalossal\n|-damage|p1a: Coalossal|208/341\n|-unboost|p1a: Coalossal|spa|1\n|move|p1a: Coalossal|Stone Edge|p2a: Flutter Mane\n|-crit|p2a: Flutter Mane\n|-damage|p2a: Flutter Mane|0 fnt\n|faint|p2a: Flutter Mane\n|-end|p2a: Flutter Mane|Protosynthesis|[silent]\n|\n|upkeep\n|\n|t:|1783551245\n|switch|p2a: Annihilape|Annihilape, L76, F|100/100\n|turn|24\n|inactive|Time left: 300 sec this turn | 300 sec total\n|\n|t:|1783551246\n|switch|p1a: Toxapex|Toxapex, L82, F|216/216\n|-damage|p1a: Toxapex|189/216|[from] Stealth Rock\n|move|p2a: Annihilape|Bulk Up|p2a: Annihilape\n|-boost|p2a: Annihilape|atk|1\n|-boost|p2a: Annihilape|def|1\n|\n|upkeep\n|turn|25\n|inactive|Time left: 300 sec this turn | 300 sec total\n|\n|t:|1783551247\n|move|p2a: Annihilape|Taunt|p1a: Toxapex\n|-start|p1a: Toxapex|move: Taunt\n|cant|p1a: Toxapex|move: Taunt|Haze\n|\n|upkeep\n|turn|26\n|inactive|Time left: 300 sec this turn | 300 sec total\n|\n|t:|1783551248\n|move|p2a: Annihilape|Bulk Up|p2a: Annihilape\n|-boost|p2a: Annihilape|atk|1\n|-boost|p2a: Annihilape|def|1\n|move|p1a: Toxapex|Liquidation|p2a: Annihilape\n|-damage|p2a: Annihilape|86/100\n|\n|-heal|p2a: Annihilape|92/100|[from] item: Leftovers\n|upkeep\n|turn|27\n|inactive|Time left: 300 sec this turn | 300 sec total\n|\n|t:|1783551249\n|move|p2a: Annihilape|Bulk Up|p2a: Annihilape\n|-boost|p2a: Annihilape|atk|1\n|-boost|p2a: Annihilape|def|1\n|move|p1a: Toxapex|Liquidation|p2a: Annihilape\n|-damage|p2a: Annihilape|82/100\n|\n|-heal|p2a: Annihilape|88/100|[from] item: Leftovers\n|-end|p1a: Toxapex|move: Taunt\n|upkeep\n|turn|28\n|inactive|Time left: 300 sec this turn | 300 sec total\n|\n|t:|1783551250\n|move|p2a: Annihilape|Taunt|p1a: Toxapex\n|-start|p1a: Toxapex|move: Taunt\n|cant|p1a: Toxapex|move: Taunt|Haze\n|\n|-heal|p2a: Annihilape|94/100|[from] item: Leftovers\n|upkeep\n|turn|29\n|inactive|Time left: 300 sec this turn | 300 sec total\n|\n|t:|1783551251\n|move|p2a: Annihilape|Drain Punch|p1a: Toxapex\n|-resisted|p1a: Toxapex\n|-damage|p1a: Toxapex|126/216\n|-heal|p2a: Annihilape|100/100|[from] drain|[of] p1a: Toxapex\n|-damage|p2a: Annihilape|84/100|[from] item: Rocky Helmet|[of] p1a: Toxapex\n|move|p1a: Toxapex|Liquidation|p2a: Annihilape\n|-damage|p2a: Annihilape|73/100\n|\n|-heal|p2a: Annihilape|80/100|[from] item: Leftovers\n|upkeep\n|turn|30\n|inactive|Time left: 300 sec this turn | 300 sec total\n|\n|t:|1783551252\n|switch|p1a: Coalossal|Coalossal, L89, M|208/341\n|move|p2a: Annihilape|Drain Punch|p1a: Coalossal\n|-supereffective|p1a: Coalossal\n|-damage|p1a: Coalossal|0 fnt\n|-heal|p2a: Annihilape|100/100|[from] drain|[of] p1a: Coalossal\n|faint|p1a: Coalossal\n|\n|upkeep\n|inactive|Time left: 300 sec this turn | 300 sec total | 5 sec grace\n|\n|t:|1783551253\n|switch|p1a: Toxapex|Toxapex, L82, F|198/216\n|-damage|p1a: Toxapex|171/216|[from] Stealth Rock\n|turn|31\n|inactive|Time left: 300 sec this turn | 300 sec total\n|\n|t:|1783551254\n|move|p2a: Annihilape|Taunt|p1a: Toxapex\n|-start|p1a: Toxapex|move: Taunt\n|cant|p1a: Toxapex|move: Taunt|Haze\n|\n|upkeep\n|turn|32\n|inactive|Time left: 300 sec this turn | 300 sec total\n|\n|t:|1783551255\n|move|p2a: Annihilape|Drain Punch|p1a: Toxapex\n|-resisted|p1a: Toxapex\n|-damage|p1a: Toxapex|108/216\n|-damage|p2a: Annihilape|84/100|[from] item: Rocky Helmet|[of] p1a: Toxapex\n|move|p1a: Toxapex|Liquidation|p2a: Annihilape\n|-damage|p2a: Annihilape|74/100\n|\n|-heal|p2a: Annihilape|81/100|[from] item: Leftovers\n|upkeep\n|turn|33\n|inactive|Time left: 300 sec this turn | 300 sec total\n|\n|t:|1783551256\n|move|p2a: Annihilape|Drain Punch|p1a: Toxapex\n|-resisted|p1a: Toxapex\n|-damage|p1a: Toxapex|48/216\n|-heal|p2a: Annihilape|91/100|[from] drain|[of] p1a: Toxapex\n|-damage|p2a: Annihilape|74/100|[from] item: Rocky Helmet|[of] p1a: Toxapex\n|move|p1a: Toxapex|Liquidation|p2a: Annihilape\n|-damage|p2a: Annihilape|64/100\n|\n|-heal|p2a: Annihilape|70/100|[from] item: Leftovers\n|-end|p1a: Toxapex|move: Taunt\n|upkeep\n|turn|34\n|inactive|Time left: 300 sec this turn | 300 sec total\n|\n|t:|1783551257\n|switch|p1a: Crabominable|Crabominable, L90, M|321/321\n|-damage|p1a: Crabominable|281/321|[from] Stealth Rock\n|move|p2a: Annihilape|Drain Punch|p1a: Crabominable\n|-supereffective|p1a: Crabominable\n|-damage|p1a: Crabominable|0 fnt\n|-heal|p2a: Annihilape|100/100|[from] drain|[of] p1a: Crabominable\n|faint|p1a: Crabominable\n|\n|upkeep\n|inactive|Time left: 300 sec this turn | 300 sec total | 5 sec grace\n|\n|t:|1783551258\n|switch|p1a: Toxapex|Toxapex, L82, F|120/216\n|-damage|p1a: Toxapex|93/216|[from] Stealth Rock\n|turn|35\n|inactive|Time left: 300 sec this turn | 300 sec total\n|\n|t:|1783551259\n|move|p2a: Annihilape|Taunt|p1a: Toxapex\n|-start|p1a: Toxapex|move: Taunt\n|cant|p1a: Toxapex|move: Taunt|Recover\n|\n|upkeep\n|turn|36\n|inactive|Time left: 300 sec this turn | 300 sec total\n|\n|t:|1783551260\n|move|p2a: Annihilape|Drain Punch|p1a: Toxapex\n|-resisted|p1a: Toxapex\n|-damage|p1a: Toxapex|29/216\n|-damage|p2a: Annihilape|84/100|[from] item: Rocky Helmet|[of] p1a: Toxapex\n|move|p1a: Toxapex|Liquidation|p2a: Annihilape\n|-damage|p2a: Annihilape|75/100\n|\n|-heal|p2a: Annihilape|81/100|[from] item: Leftovers\n|upkeep\n|turn|37\n|inactive|Time left: 300 sec this turn | 300 sec total\n|\n|t:|1783551260\n|move|p2a: Annihilape|Rage Fist|p1a: Toxapex\n|-damage|p1a: Toxapex|0 fnt\n|-damage|p2a: Annihilape|65/100|[from] item: Rocky Helmet|[of] p1a: Toxapex\n|faint|p1a: Toxapex\n|\n|win|p0y975f04c", "uploadtime": 1783551260, "views": 0, "rating": 0, "private": 0, "password": null, "_winner": "p0y975f04c", "_our_name": "p0x97516de"}