{"id": "battle-gen9randombattle-834", "formatid": "gen9randombattle", "format": "[Gen 9] Random Battle", "players": ["p0x834064c", "p0y834e08b"], "log": "|init|battle\n|title|p0x834064c vs. p0y834e08b\n|j|\u2606p0x834064c\n|j|\u2606p0y834e08b\n|t:|1783549564\n|gametype|singles\n|player|p1|p0x834064c|101|\n|player|p2|p0y834e08b|265|\n|gen|9\n|tier|[Gen 9] Random Battle\n|rule|Species Clause: Limit one of each Pok\u00e9mon\n|rule|HP Percentage Mod: HP is shown in percentages\n|rule|Sleep Clause Mod: Limit one foe put to sleep\n|rule|Illusion Level Mod: Illusion disguises the Pok\u00e9mon's true level\n|\n|t:|1783549564\n|teamsize|p1|6\n|teamsize|p2|6\n|start\n|switch|p1a: Solgaleo|Solgaleo, L74|325/325\n|switch|p2a: Gumshoos|Gumshoos, L95, M|100/100\n|turn|1\n|inactive|Battle timer is ON: inactive players will automatically lose when time's up. (requested by p0y834e08b)\n|inactive|Time left: 300 sec this turn | 300 sec total | 60 sec grace\n|inactive|p0x834064c also wants the timer to be on.\n|\n|t:|1783549566\n|move|p1a: Solgaleo|Sunsteel Strike|p2a: Gumshoos\n|-damage|p2a: Gumshoos|61/100\n|move|p2a: Gumshoos|Knock Off|p1a: Solgaleo\n|-supereffective|p1a: Solgaleo\n|-damage|p1a: Solgaleo|21/325\n|-enditem|p1a: Solgaleo|Leftovers|[from] move: Knock Off|[of] p2a: Gumshoos\n|\n|upkeep\n|turn|2\n|inactive|Time left: 300 sec this turn | 300 sec total\n|\n|t:|1783549567\n|move|p1a: Solgaleo|Close Combat|p2a: Gumshoos\n|-supereffective|p2a: Gumshoos\n|-damage|p2a: Gumshoos|0 fnt\n|-unboost|p1a: Solgaleo|def|1\n|-unboost|p1a: Solgaleo|spd|1\n|faint|p2a: Gumshoos\n|\n|upkeep\n|\n|t:|1783549568\n|switch|p2a: Suicune|Suicune, L82|100/100\n|-ability|p2a: Suicune|Pressure\n|turn|3\n|inactive|Time left: 300 sec this turn | 300 sec total\n|\n|t:|1783549569\n|move|p2a: Suicune|Calm Mind|p2a: Suicune\n|-boost|p2a: Suicune|spa|1\n|-boost|p2a: Suicune|spd|1\n|move|p1a: Solgaleo|Morning Sun|p1a: Solgaleo\n|-heal|p1a: Solgaleo|183/325\n|\n|upkeep\n|turn|4\n|inactive|Time left: 300 sec this turn | 300 sec total\n|\n|t:|1783549570\n|switch|p1a: Dragonite|Dragonite, L74, F|257/257\n|move|p2a: Suicune|Scald|p1a: Dragonite\n|-resisted|p1a: Dragonite\n|-crit|p1a: Dragonite\n|-damage|p1a: Dragonite|213/257\n|\n|upkeep\n|turn|5\n|inactive|Time left: 300 sec this turn | 300 sec total\n|\n|t:|1783549571\n|move|p2a: Suicune|Scald|p1a: Dragonite\n|-resisted|p1a: Dragonite\n|-damage|p1a: Dragonite|152/257\n|-status|p1a: Dragonite|brn\n|move|p1a: Dragonite|Dragon Dance|p1a: Dragonite\n|-boost|p1a: Dragonite|atk|1\n|-boost|p1a: Dragonite|spe|1\n|\n|-damage|p1a: Dragonite|136/257 brn|[from] brn\n|upkeep\n|turn|6\n|inactive|Time left: 300 sec this turn | 300 sec total\n|\n|t:|1783549572\n|move|p1a: Dragonite|Outrage|p2a: Suicune\n|-damage|p2a: Suicune|73/100\n|move|p2a: Suicune|Scald|p1a: Dragonite\n|-resisted|p1a: Dragonite\n|-damage|p1a: Dragonite|80/257 brn\n|\n|-heal|p2a: Suicune|79/100|[from] item: Leftovers\n|-damage|p1a: Dragonite|64/257 brn|[from] brn\n|upkeep\n|turn|7\n|inactive|Time left: 300 sec this turn | 300 sec total\n|\n|t:|1783549573\n|move|p1a: Dragonite|Outrage|p2a: Suicune|[from] lockedmove\n|-damage|p2a: Suicune|54/100\n|move|p2a: Suicune|Scald|p1a: Dragonite\n|-resisted|p1a: Dragonite\n|-damage|p1a: Dragonite|3/257 brn\n|\n|-heal|p2a: Suicune|60/100|[from] item: Leftovers\n|-damage|p1a: Dragonite|0 fnt|[from] brn\n|faint|p1a: Dragonite\n|upkeep\n|inactive|Time left: 300 sec this turn | 300 sec total | 5 sec grace\n|\n|t:|1783549573\n|switch|p1a: Zebstrika|Zebstrika, L87, M|272/272\n|turn|8\n|inactive|Time left: 300 sec this turn | 300 sec total\n|\n|t:|1783549574\n|move|p2a: Suicune|Protect|p2a: Suicune\n|-singleturn|p2a: Suicune|Protect\n|move|p1a: Zebstrika|Supercell Slam|p2a: Suicune\n|-activate|p2a: Suicune|move: Protect\n|-damage|p1a: Zebstrika|136/272|[from] supercellslam\n|\n|-heal|p2a: Suicune|66/100|[from] item: Leftovers\n|upkeep\n|turn|9\n|inactive|Time left: 300 sec this turn | 300 sec total\n|\n|t:|1783549575\n|-terastallize|p2a: Suicune|Steel\n|move|p1a: Zebstrika|Supercell Slam|p2a: Suicune\n|-damage|p2a: Suicune|27/100\n|-damage|p1a: Zebstrika|109/272|[from] item: Life Orb\n|move|p2a: Suicune|Scald|p1a: Zebstrika\n|-damage|p1a: Zebstrika|0 fnt\n|faint|p1a: Zebstrika\n|\n|-heal|p2a: Suicune|33/100|[from] item: Leftovers\n|upkeep\n|inactive|Time left: 300 sec this turn | 300 sec total | 5 sec grace\n|\n|t:|1783549576\n|switch|p1a: Solgaleo|Solgaleo, L74|183/325\n|turn|10\n|inactive|Time left: 300 sec this turn | 300 sec total\n|\n|t:|1783549577\n|move|p2a: Suicune|Protect|p2a: Suicune\n|-singleturn|p2a: Suicune|Protect\n|move|p1a: Solgaleo|Close Combat|p2a: Suicune\n|-activate|p2a: Suicune|move: Protect\n|\n|-heal|p2a: Suicune|39/100|[from] item: Leftovers\n|upkeep\n|turn|11\n|inactive|Time left: 300 sec this turn | 300 sec total\n|\n|t:|1783549578\n|move|p2a: Suicune|Scald|p1a: Solgaleo\n|-damage|p1a: Solgaleo|63/325\n|move|p1a: Solgaleo|Close Combat|p2a: Suicune\n|-supereffective|p2a: Suicune\n|-crit|p2a: Suicune\n|-damage|p2a: Suicune|0 fnt\n|-unboost|p1a: Solgaleo|def|1\n|-unboost|p1a: Solgaleo|spd|1\n|faint|p2a: Suicune\n|\n|upkeep\n|\n|t:|1783549579\n|switch|p2a: Weavile|Weavile, L79, F|100/100\n|turn|12\n|inactive|Time left: 300 sec this turn | 300 sec total\n|\n|t:|1783549580\n|move|p2a: Weavile|Knock Off|p1a: Solgaleo\n|-supereffective|p1a: Solgaleo\n|-damage|p1a: Solgaleo|0 fnt\n|faint|p1a: Solgaleo\n|\n|upkeep\n|inactive|Time left: 300 sec this turn | 300 sec total | 5 sec grace\n|\n|t:|1783549581\n|switch|p1a: Regigigas|Regigigas, L84|322/322\n|-start|p1a: Regigigas|ability: Slow Start\n|turn|13\n|inactive|Time left: 300 sec this turn | 300 sec total\n|\n|t:|1783549582\n|move|p2a: Weavile|Swords Dance|p2a: Weavile\n|-boost|p2a: Weavile|atk|2\n|move|p1a: Regigigas|Body Slam|p2a: Weavile\n|-damage|p2a: Weavile|61/100\n|\n|upkeep\n|turn|14\n|inactive|Time left: 300 sec this turn | 300 sec total\n|\n|t:|1783549583\n|move|p2a: Weavile|Knock Off|p1a: Regigigas\n|-damage|p1a: Regigigas|150/322\n|-enditem|p1a: Regigigas|Leftovers|[from] move: Knock Off|[of] p2a: Weavile\n|move|p1a: Regigigas|Body Slam|p2a: Weavile\n|-damage|p2a: Weavile|22/100\n|\n|upkeep\n|turn|15\n|inactive|Time left: 300 sec this turn | 300 sec total\n|\n|t:|1783549584\n|move|p2a: Weavile|Triple Axel|p1a: Regigigas\n|-damage|p1a: Regigigas|110/322\n|-hitcount|p1a: Regigigas|1\n|move|p1a: Regigigas|Body Slam|p2a: Weavile\n|-damage|p2a: Weavile|0 fnt\n|faint|p2a: Weavile\n|\n|upkeep\n|\n|t:|1783549585\n|switch|p2a: Diancie|Diancie, L82|100/100\n|turn|16\n|inactive|Time left: 300 sec this turn | 300 sec total\n|\n|t:|1783549586\n|move|p2a: Diancie|Diamond Storm|p1a: Regigigas\n|-damage|p1a: Regigigas|26/322\n|-boost|p2a: Diancie|def|2\n|move|p1a: Regigigas|Rest|p1a: Regigigas\n|-status|p1a: Regigigas|slp|[from] move: Rest\n|-heal|p1a: Regigigas|322/322 slp|[silent]\n|\n|upkeep\n|turn|17\n|inactive|Time left: 300 sec this turn | 300 sec total\n|\n|t:|1783549587\n|switch|p1a: Clodsire|Clodsire, L81, F|343/343\n|move|p2a: Diancie|Body Press|p1a: Clodsire\n|-resisted|p1a: Clodsire\n|-damage|p1a: Clodsire|295/343\n|\n|-heal|p1a: Clodsire|316/343|[from] item: Leftovers\n|upkeep\n|turn|18\n|inactive|Time left: 300 sec this turn | 300 sec total\n|\n|t:|1783549589\n|move|p2a: Diancie|Stealth Rock|p1a: Clodsire\n|-sidestart|p1: p0x834064c|move: Stealth Rock\n|move|p1a: Clodsire|Earthquake|p2a: Diancie\n|-supereffective|p2a: Diancie\n|-damage|p2a: Diancie|50/100\n|\n|-heal|p2a: Diancie|57/100|[from] item: Leftovers\n|-heal|p1a: Clodsire|337/343|[from] item: Leftovers\n|upkeep\n|turn|19\n|inactive|Time left: 300 sec this turn | 300 sec total\n|\n|t:|1783549590\n|move|p2a: Diancie|Body Press|p1a: Clodsire\n|-resisted|p1a: Clodsire\n|-damage|p1a: Clodsire|288/343\n|move|p1a: Clodsire|Earthquake|p2a: Diancie\n|-supereffective|p2a: Diancie\n|-damage|p2a: Diancie|8/100\n|\n|-heal|p2a: Diancie|14/100|[from] item: Leftovers\n|-heal|p1a: Clodsire|309/343|[from] item: Leftovers\n|upkeep\n|turn|20\n|inactive|Time left: 300 sec this turn | 300 sec total\n|\n|t:|1783549592\n|move|p2a: Diancie|Moonblast|p1a: Clodsire\n|-resisted|p1a: Clodsire\n|-damage|p1a: Clodsire|266/343\n|move|p1a: Clodsire|Curse|p1a: Clodsire\n|-unboost|p1a: Clodsire|spe|1\n|-boost|p1a: Clodsire|atk|1\n|-boost|p1a: Clodsire|def|1\n|\n|-heal|p2a: Diancie|20/100|[from] item: Leftovers\n|-heal|p1a: Clodsire|287/343|[from] item: Leftovers\n|upkeep\n|turn|21\n|inactive|Time left: 300 sec this turn | 300 sec total\n|\n|t:|1783549593\n|move|p2a: Diancie|Moonblast|p1a: Clodsire\n|-resisted|p1a: Clodsire\n|-damage|p1a: Clodsire|245/343\n|move|p1a: Clodsire|Gunk Shot|p2a: Diancie\n|-damage|p2a: Diancie|0 fnt\n|faint|p2a: Diancie\n|\n|-heal|p1a: Clodsire|266/343|[from] item: Leftovers\n|upkeep\n|\n|t:|1783549594\n|switch|p2a: Palafin|Palafin, L77, M|100/100\n|turn|22\n|inactive|Time left: 300 sec this turn | 300 sec total\n|\n|t:|1783549595\n|move|p2a: Palafin|Bulk Up|p2a: Palafin\n|-boost|p2a: Palafin|atk|1\n|-boost|p2a: Palafin|def|1\n|move|p1a: Clodsire|Gunk Shot|p2a: Palafin\n|-damage|p2a: Palafin|33/100\n|\n|-heal|p2a: Palafin|39/100|[from] item: Leftovers\n|-heal|p1a: Clodsire|287/343|[from] item: Leftovers\n|upkeep\n|turn|23\n|inactive|Time left: 300 sec this turn | 300 sec total\n|\n|t:|1783549596\n|move|p2a: Palafin|Ice Punch|p1a: Clodsire\n|-supereffective|p1a: Clodsire\n|-damage|p1a: Clodsire|227/343\n|move|p1a: Clodsire|Earthquake|p2a: Palafin\n|-damage|p2a: Palafin|0 fnt\n|faint|p2a: Palafin\n|\n|-heal|p1a: Clodsire|248/343|[from] item: Leftovers\n|upkeep\n|\n|t:|1783549598\n|switch|p2a: Pachirisu|Pachirisu, L96, F|100/100\n|turn|24\n|inactive|Time left: 300 sec this turn | 300 sec total\n|\n|t:|1783549598\n|move|p2a: Pachirisu|Super Fang|p1a: Clodsire\n|-damage|p1a: Clodsire|124/343\n|move|p1a: Clodsire|Earthquake|p2a: Pachirisu\n|-supereffective|p2a: Pachirisu\n|-damage|p2a: Pachirisu|9/100\n|\n|-heal|p1a: Clodsire|145/343|[from] item: Leftovers\n|upkeep\n|turn|25\n|inactive|Time left: 300 sec this turn | 300 sec total\n|\n|t:|1783549599\n|move|p2a: Pachirisu|Discharge|p1a: Clodsire\n|-immune|p1a: Clodsire\n|move|p1a: Clodsire|Earthquake|p2a: Pachirisu\n|-supereffective|p2a: Pachirisu\n|-damage|p2a: Pachirisu|0 fnt\n|faint|p2a: Pachirisu\n|\n|win|p0x834064c", "uploadtime": 1783549599, "views": 0, "rating": 0, "private": 0, "password": null, "_winner": "p0x834064c", "_our_name": "p0x834064c"}