{"id": "battle-gen9randombattle-1679", "formatid": "gen9randombattle", "format": "[Gen 9] Random Battle", "players": ["p0x167967e3", "p0y167989ec"], "log": "|init|battle\n|title|p0x167967e3 vs. p0y167989ec\n|j|\u2606p0x167967e3\n|j|\u2606p0y167989ec\n|t:|1783558692\n|gametype|singles\n|player|p1|p0x167967e3|170|\n|player|p2|p0y167989ec|1|\n|gen|9\n|tier|[Gen 9] Random Battle\n|rule|Species Clause: Limit one of each Pok\u00e9mon\n|rule|HP Percentage Mod: HP is shown in percentages\n|rule|Sleep Clause Mod: Limit one foe put to sleep\n|rule|Illusion Level Mod: Illusion disguises the Pok\u00e9mon's true level\n|\n|t:|1783558692\n|teamsize|p1|6\n|teamsize|p2|6\n|start\n|switch|p1a: Noctowl|Noctowl, L95, F|344/344\n|switch|p2a: Espathra|Espathra, L80, M|100/100\n|turn|1\n|inactive|Battle timer is ON: inactive players will automatically lose when time's up. (requested by p0y167989ec)\n|inactive|Time left: 300 sec this turn | 300 sec total | 60 sec grace\n|inactive|p0x167967e3 also wants the timer to be on.\n|\n|t:|1783558693\n|move|p2a: Espathra|Calm Mind|p2a: Espathra\n|-boost|p2a: Espathra|spa|1\n|-boost|p2a: Espathra|spd|1\n|move|p1a: Noctowl|Nasty Plot|p1a: Noctowl\n|-boost|p1a: Noctowl|spa|2\n|\n|-ability|p2a: Espathra|Speed Boost|boost\n|-boost|p2a: Espathra|spe|1\n|upkeep\n|turn|2\n|inactive|Time left: 300 sec this turn | 300 sec total\n|\n|t:|1783558694\n|move|p2a: Espathra|Calm Mind|p2a: Espathra\n|-boost|p2a: Espathra|spa|1\n|-boost|p2a: Espathra|spd|1\n|move|p1a: Noctowl|Hyper Voice|p2a: Espathra\n|-damage|p2a: Espathra|49/100\n|\n|-heal|p2a: Espathra|55/100|[from] item: Leftovers\n|-ability|p2a: Espathra|Speed Boost|boost\n|-boost|p2a: Espathra|spe|1\n|upkeep\n|turn|3\n|inactive|Time left: 300 sec this turn | 300 sec total\n|\n|t:|1783558695\n|move|p2a: Espathra|Calm Mind|p2a: Espathra\n|-boost|p2a: Espathra|spa|1\n|-boost|p2a: Espathra|spd|1\n|move|p1a: Noctowl|Hurricane|p2a: Espathra\n|-damage|p2a: Espathra|3/100\n|-start|p2a: Espathra|confusion\n|\n|-heal|p2a: Espathra|9/100|[from] item: Leftovers\n|-ability|p2a: Espathra|Speed Boost|boost\n|-boost|p2a: Espathra|spe|1\n|upkeep\n|turn|4\n|inactive|Time left: 300 sec this turn | 300 sec total\n|\n|t:|1783558696\n|-activate|p2a: Espathra|confusion\n|-damage|p2a: Espathra|3/100|[from] confusion\n|move|p1a: Noctowl|Hyper Voice|p2a: Espathra\n|-damage|p2a: Espathra|0 fnt\n|faint|p2a: Espathra\n|\n|upkeep\n|\n|t:|1783558697\n|switch|p2a: Staraptor|Staraptor, L79, F|100/100\n|turn|5\n|inactive|Time left: 300 sec this turn | 300 sec total\n|\n|t:|1783558699\n|-terastallize|p2a: Staraptor|Flying\n|move|p2a: Staraptor|Brave Bird|p1a: Noctowl\n|-damage|p1a: Noctowl|0 fnt\n|faint|p1a: Noctowl\n|-damage|p2a: Staraptor|57/100|[from] Recoil\n|\n|upkeep\n|inactive|Time left: 300 sec this turn | 300 sec total | 5 sec grace\n|\n|t:|1783558700\n|switch|p1a: Cryogonal|Cryogonal, L89|287/287\n|turn|6\n|inactive|Time left: 300 sec this turn | 300 sec total\n|\n|t:|1783558701\n|switch|p2a: Scizor|Scizor, L79, M|100/100\n|move|p1a: Cryogonal|Ice Beam|p2a: Scizor\n|-resisted|p2a: Scizor\n|-damage|p2a: Scizor|75/100\n|\n|upkeep\n|turn|7\n|inactive|Time left: 300 sec this turn | 300 sec total\n|\n|t:|1783558702\n|switch|p1a: Alomomola|Alomomola, L87, M|429/429\n|move|p2a: Scizor|Swords Dance|p2a: Scizor\n|-boost|p2a: Scizor|atk|2\n|\n|upkeep\n|turn|8\n|inactive|Time left: 300 sec this turn | 300 sec total\n|\n|t:|1783558703\n|move|p1a: Alomomola|Scald|p2a: Scizor\n|-damage|p2a: Scizor|54/100\n|move|p2a: Scizor|Bug Bite|p1a: Alomomola\n|-damage|p1a: Alomomola|129/429\n|-damage|p2a: Scizor|37/100|[from] item: Rocky Helmet|[of] p1a: Alomomola\n|-damage|p2a: Scizor|27/100|[from] item: Life Orb\n|\n|upkeep\n|turn|9\n|inactive|Time left: 300 sec this turn | 300 sec total\n|\n|t:|1783558704\n|move|p1a: Alomomola|Flip Turn|p2a: Scizor\n|-damage|p2a: Scizor|3/100\n|inactive|Time left: 300 sec this turn | 300 sec total | 5 sec grace\n|\n|t:|1783558705\n|switch|p1a: Dragapult|Dragapult, L77, F|262/262|[from] Flip Turn\n|move|p2a: Scizor|Bug Bite|p1a: Dragapult\n|-resisted|p1a: Dragapult\n|-damage|p1a: Dragapult|83/262\n|-damage|p2a: Scizor|0 fnt|[from] item: Life Orb\n|faint|p2a: Scizor\n|\n|upkeep\n|\n|t:|1783558706\n|switch|p2a: Ariados|Ariados, L95, M|100/100\n|turn|10\n|inactive|Time left: 300 sec this turn | 300 sec total\n|\n|t:|1783558708\n|move|p1a: Dragapult|Will-O-Wisp|p2a: Ariados\n|-status|p2a: Ariados|brn\n|move|p2a: Ariados|Sticky Web|p1a: Dragapult\n|-sidestart|p1: p0x167967e3|move: Sticky Web\n|\n|-damage|p2a: Ariados|95/100 brn|[from] brn\n|upkeep\n|turn|11\n|inactive|Time left: 300 sec this turn | 300 sec total\n|\n|t:|1783558709\n|move|p1a: Dragapult|Hex|p2a: Ariados\n|-damage|p2a: Ariados|51/100 brn\n|move|p2a: Ariados|Poison Jab|p1a: Dragapult\n|-resisted|p1a: Dragapult\n|-damage|p1a: Dragapult|54/262\n|\n|-damage|p2a: Ariados|45/100 brn|[from] brn\n|upkeep\n|turn|12\n|inactive|Time left: 300 sec this turn | 300 sec total\n|\n|t:|1783558710\n|switch|p1a: Cryogonal|Cryogonal, L89|287/287\n|move|p2a: Ariados|Poison Jab|p1a: Cryogonal\n|-damage|p1a: Cryogonal|215/287\n|-status|p1a: Cryogonal|psn\n|\n|-damage|p1a: Cryogonal|180/287 psn|[from] psn\n|-damage|p2a: Ariados|40/100 brn|[from] brn\n|upkeep\n|turn|13\n|inactive|Time left: 300 sec this turn | 300 sec total\n|\n|t:|1783558711\n|move|p1a: Cryogonal|Rapid Spin|p2a: Ariados\n|-damage|p2a: Ariados|31/100 brn\n|-boost|p1a: Cryogonal|spe|1\n|-sideend|p1: p0x167967e3|Sticky Web|[from] move: Rapid Spin|[of] p1a: Cryogonal\n|move|p2a: Ariados|Megahorn|p1a: Cryogonal\n|-damage|p1a: Cryogonal|80/287 psn\n|\n|-damage|p1a: Cryogonal|45/287 psn|[from] psn\n|-damage|p2a: Ariados|25/100 brn|[from] brn\n|upkeep\n|turn|14\n|inactive|Time left: 300 sec this turn | 300 sec total\n|\n|t:|1783558712\n|move|p1a: Cryogonal|Ice Beam|p2a: Ariados\n|-damage|p2a: Ariados|0 fnt\n|faint|p2a: Ariados\n|\n|-damage|p1a: Cryogonal|10/287 psn|[from] psn\n|upkeep\n|\n|t:|1783558713\n|switch|p2a: Regirock|Regirock, L83|100/100\n|turn|15\n|inactive|Time left: 300 sec this turn | 300 sec total\n|\n|t:|1783558714\n|move|p1a: Cryogonal|Recover|p1a: Cryogonal\n|-heal|p1a: Cryogonal|154/287 psn\n|move|p2a: Regirock|Stone Edge|p1a: Cryogonal\n|-supereffective|p1a: Cryogonal\n|-damage|p1a: Cryogonal|0 fnt\n|faint|p1a: Cryogonal\n|\n|upkeep\n|inactive|Time left: 300 sec this turn | 300 sec total | 5 sec grace\n|\n|t:|1783558715\n|switch|p1a: Breloom|Breloom, L83, M|235/235\n|turn|16\n|inactive|Time left: 300 sec this turn | 300 sec total\n|\n|t:|1783558716\n|move|p1a: Breloom|Swords Dance|p1a: Breloom\n|-boost|p1a: Breloom|atk|2\n|move|p2a: Regirock|Body Press|p1a: Breloom\n|-damage|p1a: Breloom|127/235\n|\n|upkeep\n|turn|17\n|inactive|Time left: 300 sec this turn | 300 sec total\n|\n|t:|1783558717\n|move|p1a: Breloom|Bullet Seed|p2a: Regirock\n|-supereffective|p2a: Regirock\n|-damage|p2a: Regirock|50/100\n|-supereffective|p2a: Regirock\n|-damage|p2a: Regirock|0 fnt\n|faint|p2a: Regirock\n|-hitcount|p2: Regirock|2\n|-damage|p1a: Breloom|104/235|[from] item: Life Orb\n|\n|upkeep\n|\n|t:|1783558718\n|switch|p2a: Staraptor|Staraptor, L79, F, tera:Flying|57/100\n|turn|18\n|inactive|Time left: 300 sec this turn | 300 sec total\n|\n|t:|1783558719\n|switch|p2a: Clodsire|Clodsire, L81, M|100/100\n|-terastallize|p1a: Breloom|Fighting\n|move|p1a: Breloom|Mach Punch|p2a: Clodsire\n|-resisted|p2a: Clodsire\n|-damage|p2a: Clodsire|47/100\n|-damage|p1a: Breloom|81/235|[from] item: Life Orb\n|\n|-heal|p2a: Clodsire|53/100|[from] item: Leftovers\n|upkeep\n|turn|19\n|inactive|Time left: 300 sec this turn | 300 sec total\n|\n|t:|1783558720\n|move|p1a: Breloom|Bullet Seed|p2a: Clodsire\n|-damage|p2a: Clodsire|3/100\n|-damage|p2a: Clodsire|0 fnt\n|faint|p2a: Clodsire\n|-hitcount|p2: Clodsire|2\n|-damage|p1a: Breloom|58/235|[from] item: Life Orb\n|\n|upkeep\n|\n|t:|1783558720\n|switch|p2a: Staraptor|Staraptor, L79, F, tera:Flying|57/100\n|turn|20\n|inactive|Time left: 300 sec this turn | 300 sec total\n|\n|t:|1783558721\n|move|p2a: Staraptor|Quick Attack|p1a: Breloom\n|-damage|p1a: Breloom|0 fnt\n|faint|p1a: Breloom\n|\n|upkeep\n|inactive|Time left: 300 sec this turn | 300 sec total | 5 sec grace\n|\n|t:|1783558722\n|switch|p1a: Dragapult|Dragapult, L77, F|54/262\n|turn|21\n|inactive|Time left: 300 sec this turn | 300 sec total\n|\n|t:|1783558723\n|move|p2a: Staraptor|Quick Attack|p1a: Dragapult\n|-immune|p1a: Dragapult\n|move|p1a: Dragapult|Dragon Darts|p2a: Staraptor\n|-crit|p2a: Staraptor\n|-damage|p2a: Staraptor|16/100\n|-anim|p1a: Dragapult|Dragon Darts|p2a: Staraptor\n|-damage|p2a: Staraptor|0 fnt\n|faint|p2a: Staraptor\n|\n|win|p0x167967e3", "uploadtime": 1783558723, "views": 0, "rating": 0, "private": 0, "password": null, "_winner": "p0x167967e3", "_our_name": "p0x167967e3"}