{"id": "battle-gen9randombattle-2747", "formatid": "gen9randombattle", "format": "[Gen 9] Random Battle", "players": ["p0x27471986", "p0y2747b4fa"], "log": "|init|battle\n|title|p0x27471986 vs. p0y2747b4fa\n|j|\u2606p0x27471986\n|j|\u2606p0y2747b4fa\n|t:|1783571657\n|gametype|singles\n|player|p1|p0x27471986|101|\n|player|p2|p0y2747b4fa|169|\n|gen|9\n|tier|[Gen 9] Random Battle\n|rule|Species Clause: Limit one of each Pok\u00e9mon\n|rule|HP Percentage Mod: HP is shown in percentages\n|rule|Sleep Clause Mod: Limit one foe put to sleep\n|rule|Illusion Level Mod: Illusion disguises the Pok\u00e9mon's true level\n|\n|t:|1783571657\n|teamsize|p1|6\n|teamsize|p2|6\n|start\n|switch|p1a: Ogerpon|Ogerpon-Wellspring, L76, F|247/247\n|switch|p2a: Floatzel|Floatzel, L86, F|100/100\n|turn|1\n|inactive|Battle timer is ON: inactive players will automatically lose when time's up. (requested by p0x27471986)\n|inactive|p0y2747b4fa also wants the timer to be on.\n|\n|t:|1783571658\n|switch|p2a: Garchomp|Garchomp, L74, F|100/100\n|move|p1a: Ogerpon|Power Whip|p2a: Garchomp\n|-crit|p2a: Garchomp\n|-damage|p2a: Garchomp|19/100\n|-damage|p1a: Ogerpon|217/247|[from] ability: Rough Skin|[of] p2a: Garchomp\n|-damage|p1a: Ogerpon|176/247|[from] item: Rocky Helmet|[of] p2a: Garchomp\n|\n|upkeep\n|turn|2\n|inactive|Time left: 300 sec this turn | 300 sec total\n|\n|t:|1783571660\n|move|p1a: Ogerpon|Ivy Cudgel|p2a: Garchomp|[anim] Ivy Cudgel Water\n|-damage|p2a: Garchomp|0 fnt\n|faint|p2a: Garchomp\n|\n|upkeep\n|\n|t:|1783571661\n|switch|p2a: Regice|Regice, L88|100/100\n|turn|3\n|inactive|Time left: 300 sec this turn | 300 sec total\n|\n|t:|1783571662\n|move|p1a: Ogerpon|Power Whip|p2a: Regice\n|-damage|p2a: Regice|51/100\n|move|p2a: Regice|Ice Beam|p1a: Ogerpon\n|-damage|p1a: Ogerpon|65/247\n|\n|upkeep\n|turn|4\n|inactive|Time left: 300 sec this turn | 300 sec total\n|\n|t:|1783571663\n|move|p1a: Ogerpon|Power Whip|p2a: Regice|[miss]\n|-miss|p1a: Ogerpon|p2a: Regice\n|move|p2a: Regice|Body Press|p1a: Ogerpon\n|-damage|p1a: Ogerpon|0 fnt\n|faint|p1a: Ogerpon\n|\n|upkeep\n|inactive|Time left: 300 sec this turn | 300 sec total | 5 sec grace\n|\n|t:|1783571664\n|switch|p1a: Copperajah|Copperajah, L86, F|349/349\n|turn|5\n|inactive|Time left: 300 sec this turn | 300 sec total\n|\n|t:|1783571665\n|move|p2a: Regice|Body Press|p1a: Copperajah\n|-supereffective|p1a: Copperajah\n|-damage|p1a: Copperajah|193/349\n|move|p1a: Copperajah|Stone Edge|p2a: Regice\n|-supereffective|p2a: Regice\n|-damage|p2a: Regice|0 fnt\n|faint|p2a: Regice\n|\n|upkeep\n|\n|t:|1783571666\n|switch|p2a: Klefki|Klefki, L84, M|100/100\n|turn|6\n|inactive|Time left: 300 sec this turn | 300 sec total\n|\n|t:|1783571667\n|move|p2a: Klefki|Dazzling Gleam|p1a: Copperajah\n|-resisted|p1a: Copperajah\n|-damage|p1a: Copperajah|148/349\n|move|p1a: Copperajah|Stone Edge|p2a: Klefki\n|-resisted|p2a: Klefki\n|-crit|p2a: Klefki\n|-damage|p2a: Klefki|60/100\n|\n|-heal|p2a: Klefki|66/100|[from] item: Leftovers\n|upkeep\n|turn|7\n|inactive|Time left: 300 sec this turn | 300 sec total\n|\n|t:|1783571668\n|move|p2a: Klefki|Spikes|p1a: Copperajah\n|-sidestart|p1: p0x27471986|Spikes\n|move|p1a: Copperajah|Stone Edge|p2a: Klefki\n|-resisted|p2a: Klefki\n|-damage|p2a: Klefki|39/100\n|\n|-heal|p2a: Klefki|45/100|[from] item: Leftovers\n|upkeep\n|turn|8\n|inactive|Time left: 300 sec this turn | 300 sec total\n|\n|t:|1783571670\n|move|p2a: Klefki|Foul Play|p1a: Copperajah\n|-damage|p1a: Copperajah|38/349\n|move|p1a: Copperajah|Stone Edge|p2a: Klefki|[miss]\n|-miss|p1a: Copperajah|p2a: Klefki\n|\n|-heal|p2a: Klefki|51/100|[from] item: Leftovers\n|upkeep\n|turn|9\n|inactive|Time left: 300 sec this turn | 300 sec total\n|\n|t:|1783571671\n|switch|p1a: Ho-Oh|Ho-Oh, L71|268/268\n|move|p2a: Klefki|Foul Play|p1a: Ho-Oh\n|-damage|p1a: Ho-Oh|184/268\n|\n|-heal|p2a: Klefki|57/100|[from] item: Leftovers\n|upkeep\n|turn|10\n|inactive|Time left: 300 sec this turn | 300 sec total\n|\n|t:|1783571672\n|move|p2a: Klefki|Thunder Wave|p1a: Ho-Oh\n|-status|p1a: Ho-Oh|par\n|cant|p1a: Ho-Oh|par\n|\n|-heal|p2a: Klefki|63/100|[from] item: Leftovers\n|upkeep\n|turn|11\n|inactive|Time left: 300 sec this turn | 300 sec total\n|\n|t:|1783571673\n|move|p2a: Klefki|Spikes|p1a: Ho-Oh\n|-sidestart|p1: p0x27471986|Spikes\n|move|p1a: Ho-Oh|Sacred Fire|p2a: Klefki\n|-supereffective|p2a: Klefki\n|-damage|p2a: Klefki|0 fnt\n|faint|p2a: Klefki\n|\n|upkeep\n|\n|t:|1783571674\n|switch|p2a: Feraligatr|Feraligatr, L79, F|100/100\n|turn|12\n|inactive|Time left: 300 sec this turn | 300 sec total\n|\n|t:|1783571675\n|switch|p1a: Bronzong|Bronzong, L88|261/261\n|move|p2a: Feraligatr|Dragon Dance|p2a: Feraligatr\n|-boost|p2a: Feraligatr|atk|1\n|-boost|p2a: Feraligatr|spe|1\n|\n|upkeep\n|turn|13\n|inactive|Time left: 300 sec this turn | 300 sec total\n|\n|t:|1783571676\n|move|p2a: Feraligatr|Dragon Dance|p2a: Feraligatr\n|-boost|p2a: Feraligatr|atk|1\n|-boost|p2a: Feraligatr|spe|1\n|move|p1a: Bronzong|Hypnosis|p2a: Feraligatr\n|-status|p2a: Feraligatr|slp|[from] move: Hypnosis\n|\n|upkeep\n|turn|14\n|inactive|Time left: 300 sec this turn | 300 sec total\n|\n|t:|1783571677\n|cant|p2a: Feraligatr|slp\n|move|p1a: Bronzong|Psychic Noise|p2a: Feraligatr\n|-damage|p2a: Feraligatr|68/100 slp\n|-start|p2a: Feraligatr|move: Heal Block\n|\n|upkeep\n|turn|15\n|inactive|Time left: 300 sec this turn | 300 sec total\n|\n|t:|1783571678\n|cant|p2a: Feraligatr|slp\n|move|p1a: Bronzong|Psychic Noise|p2a: Feraligatr\n|-damage|p2a: Feraligatr|38/100 slp\n|\n|-end|p2a: Feraligatr|move: Heal Block\n|upkeep\n|turn|16\n|inactive|Time left: 300 sec this turn | 300 sec total\n|\n|t:|1783571678\n|-terastallize|p2a: Feraligatr|Water\n|cant|p2a: Feraligatr|slp\n|move|p1a: Bronzong|Psychic Noise|p2a: Feraligatr\n|-damage|p2a: Feraligatr|7/100 slp\n|-start|p2a: Feraligatr|move: Heal Block\n|\n|upkeep\n|turn|17\n|inactive|Time left: 300 sec this turn | 300 sec total\n|\n|t:|1783571679\n|-terastallize|p1a: Bronzong|Water\n|-curestatus|p2a: Feraligatr|slp|[msg]\n|move|p2a: Feraligatr|Liquidation|p1a: Bronzong\n|-resisted|p1a: Bronzong\n|-damage|p1a: Bronzong|125/261\n|move|p1a: Bronzong|Psychic Noise|p2a: Feraligatr\n|-damage|p2a: Feraligatr|0 fnt\n|faint|p2a: Feraligatr\n|\n|-heal|p1a: Bronzong|141/261|[from] item: Leftovers\n|upkeep\n|\n|t:|1783571680\n|switch|p2a: Azelf|Azelf, L82|100/100\n|turn|18\n|inactive|Time left: 300 sec this turn | 300 sec total\n|\n|t:|1783571681\n|move|p2a: Azelf|Psychic|p1a: Bronzong\n|-damage|p1a: Bronzong|34/261\n|-damage|p2a: Azelf|91/100|[from] item: Life Orb\n|move|p1a: Bronzong|Hypnosis|p2a: Azelf|[miss]\n|-miss|p1a: Bronzong|p2a: Azelf\n|\n|-heal|p1a: Bronzong|50/261|[from] item: Leftovers\n|upkeep\n|turn|19\n|inactive|Time left: 300 sec this turn | 300 sec total\n|\n|t:|1783571682\n|switch|p1a: Ting-Lu|Ting-Lu, L78|370/370\n|-damage|p1a: Ting-Lu|309/370|[from] Spikes\n|-ability|p1a: Ting-Lu|Vessel of Ruin\n|move|p2a: Azelf|Psychic|p1a: Ting-Lu\n|-immune|p1a: Ting-Lu\n|\n|-heal|p1a: Ting-Lu|332/370|[from] item: Leftovers\n|upkeep\n|turn|20\n|inactive|Time left: 300 sec this turn | 300 sec total\n|\n|t:|1783571683\n|switch|p2a: Floatzel|Floatzel, L86, F|100/100\n|move|p1a: Ting-Lu|Payback|p2a: Floatzel\n|-damage|p2a: Floatzel|77/100\n|\n|-heal|p2a: Floatzel|83/100|[from] item: Leftovers\n|-heal|p1a: Ting-Lu|355/370|[from] item: Leftovers\n|upkeep\n|turn|21\n|inactive|Time left: 300 sec this turn | 300 sec total\n|\n|t:|1783571684\n|move|p2a: Floatzel|Bulk Up|p2a: Floatzel\n|-boost|p2a: Floatzel|atk|1\n|-boost|p2a: Floatzel|def|1\n|move|p1a: Ting-Lu|Payback|p2a: Floatzel\n|-damage|p2a: Floatzel|48/100\n|\n|-heal|p2a: Floatzel|54/100|[from] item: Leftovers\n|-heal|p1a: Ting-Lu|370/370|[from] item: Leftovers\n|upkeep\n|turn|22\n|inactive|Time left: 300 sec this turn | 300 sec total\n|\n|t:|1783571685\n|move|p2a: Floatzel|Bulk Up|p2a: Floatzel\n|-boost|p2a: Floatzel|atk|1\n|-boost|p2a: Floatzel|def|1\n|move|p1a: Ting-Lu|Earthquake|p2a: Floatzel\n|-damage|p2a: Floatzel|30/100\n|\n|-heal|p2a: Floatzel|35/100|[from] item: Leftovers\n|upkeep\n|turn|23\n|inactive|Time left: 300 sec this turn | 300 sec total\n|\n|t:|1783571686\n|move|p2a: Floatzel|Ice Spinner|p1a: Ting-Lu\n|-supereffective|p1a: Ting-Lu\n|-damage|p1a: Ting-Lu|180/370\n|move|p1a: Ting-Lu|Earthquake|p2a: Floatzel\n|-damage|p2a: Floatzel|9/100\n|\n|-heal|p2a: Floatzel|15/100|[from] item: Leftovers\n|-heal|p1a: Ting-Lu|203/370|[from] item: Leftovers\n|upkeep\n|turn|24\n|inactive|Time left: 300 sec this turn | 300 sec total\n|\n|t:|1783571687\n|move|p2a: Floatzel|Ice Spinner|p1a: Ting-Lu\n|-supereffective|p1a: Ting-Lu\n|-damage|p1a: Ting-Lu|0 fnt\n|faint|p1a: Ting-Lu\n|\n|-heal|p2a: Floatzel|21/100|[from] item: Leftovers\n|upkeep\n|inactive|Time left: 300 sec this turn | 300 sec total | 5 sec grace\n|\n|t:|1783571688\n|switch|p1a: Wigglytuff|Wigglytuff, L96, F|424/424\n|-damage|p1a: Wigglytuff|354/424|[from] Spikes\n|turn|25\n|inactive|Time left: 300 sec this turn | 300 sec total\n|\n|t:|1783571689\n|move|p2a: Floatzel|Wave Crash|p1a: Wigglytuff\n|-damage|p1a: Wigglytuff|0 fnt\n|faint|p1a: Wigglytuff\n|-damage|p2a: Floatzel|0 fnt|[from] Recoil\n|faint|p2a: Floatzel\n|\n|upkeep\n|inactive|Time left: 300 sec this turn | 300 sec total | 5 sec grace\n|\n|t:|1783571690\n|switch|p2a: Azelf|Azelf, L82|91/100\n|switch|p1a: Ho-Oh|Ho-Oh, L71|268/268 par\n|turn|26\n|inactive|Time left: 300 sec this turn | 300 sec total\n|\n|t:|1783571691\n|move|p2a: Azelf|Psychic|p1a: Ho-Oh\n|-damage|p1a: Ho-Oh|161/268 par\n|-unboost|p1a: Ho-Oh|spd|1\n|-damage|p2a: Azelf|81/100|[from] item: Life Orb\n|cant|p1a: Ho-Oh|par\n|\n|upkeep\n|turn|27\n|inactive|Time left: 300 sec this turn | 300 sec total\n|\n|t:|1783571692\n|switch|p1a: Bronzong|Bronzong, L88, tera:Water|50/261\n|move|p2a: Azelf|Fire Blast|p1a: Bronzong\n|-resisted|p1a: Bronzong\n|-damage|p1a: Bronzong|3/261\n|-damage|p2a: Azelf|71/100|[from] item: Life Orb\n|\n|-heal|p1a: Bronzong|19/261|[from] item: Leftovers\n|upkeep\n|turn|28\n|inactive|Time left: 300 sec this turn | 300 sec total\n|\n|t:|1783571693\n|move|p2a: Azelf|Fire Blast|p1a: Bronzong\n|-resisted|p1a: Bronzong\n|-damage|p1a: Bronzong|0 fnt\n|faint|p1a: Bronzong\n|-damage|p2a: Azelf|62/100|[from] item: Life Orb\n|\n|upkeep\n|inactive|Time left: 300 sec this turn | 300 sec total | 5 sec grace\n|\n|t:|1783571694\n|switch|p1a: Ho-Oh|Ho-Oh, L71|250/268 par\n|turn|29\n|inactive|Time left: 300 sec this turn | 300 sec total\n|\n|t:|1783571695\n|move|p2a: Azelf|Psychic|p1a: Ho-Oh\n|-damage|p1a: Ho-Oh|145/268 par\n|-damage|p2a: Azelf|52/100|[from] item: Life Orb\n|move|p1a: Ho-Oh|Brave Bird|p2a: Azelf\n|-damage|p2a: Azelf|0 fnt\n|faint|p2a: Azelf\n|-damage|p1a: Ho-Oh|101/268 par|[from] Recoil\n|\n|win|p0x27471986", "uploadtime": 1783571695, "views": 0, "rating": 0, "private": 0, "password": null, "_winner": "p0x27471986", "_our_name": "p0x27471986"}