{"id": "battle-gen9randombattle-1430", "formatid": "gen9randombattle", "format": "[Gen 9] Random Battle", "players": ["p0x1430a2a7", "p0y1430bc0a"], "log": "|init|battle\n|title|p0x1430a2a7 vs. p0y1430bc0a\n|j|\u2606p0x1430a2a7\n|j|\u2606p0y1430bc0a\n|t:|1783555713\n|gametype|singles\n|player|p1|p0x1430a2a7|1|\n|player|p2|p0y1430bc0a|1|\n|gen|9\n|tier|[Gen 9] Random Battle\n|rule|Species Clause: Limit one of each Pok\u00e9mon\n|rule|HP Percentage Mod: HP is shown in percentages\n|rule|Sleep Clause Mod: Limit one foe put to sleep\n|rule|Illusion Level Mod: Illusion disguises the Pok\u00e9mon's true level\n|\n|t:|1783555713\n|teamsize|p1|6\n|teamsize|p2|6\n|start\n|switch|p1a: Salazzle|Salazzle, L83, F|100/100\n|switch|p2a: Jolteon|Jolteon, L84, F|246/246\n|turn|1\n|inactive|Battle timer is ON: inactive players will automatically lose when time's up. (requested by p0x1430a2a7)\n|inactive|Time left: 300 sec this turn | 300 sec total | 60 sec grace\n|inactive|p0y1430bc0a also wants the timer to be on.\n|\n|t:|1783555714\n|switch|p1a: Stantler|Stantler, L92, F|100/100\n|-ability|p1a: Stantler|Intimidate|boost\n|-unboost|p2a: Jolteon|atk|1\n|move|p2a: Jolteon|Thunderbolt|p1a: Stantler\n|-damage|p1a: Stantler|66/100\n|-damage|p2a: Jolteon|222/246|[from] item: Life Orb\n|\n|upkeep\n|turn|2\n|inactive|Time left: 300 sec this turn | 300 sec total\n|\n|t:|1783555715\n|switch|p2a: Squawkabilly|Squawkabilly-Blue, L85, F|278/278\n|move|p1a: Stantler|Earthquake|p2a: Squawkabilly\n|-immune|p2a: Squawkabilly\n|\n|-status|p2a: Squawkabilly|brn|[from] item: Flame Orb\n|upkeep\n|turn|3\n|inactive|Time left: 300 sec this turn | 300 sec total\n|\n|t:|1783555716\n|move|p1a: Stantler|Body Slam|p2a: Squawkabilly\n|-damage|p2a: Squawkabilly|113/278 brn\n|move|p2a: Squawkabilly|Facade|p1a: Stantler\n|-damage|p1a: Stantler|7/100\n|\n|-damage|p2a: Squawkabilly|96/278 brn|[from] brn\n|upkeep\n|turn|4\n|inactive|Time left: 300 sec this turn | 300 sec total\n|\n|t:|1783555717\n|move|p2a: Squawkabilly|Quick Attack|p1a: Stantler\n|-damage|p1a: Stantler|0 fnt\n|faint|p1a: Stantler\n|\n|-damage|p2a: Squawkabilly|79/278 brn|[from] brn\n|upkeep\n|\n|t:|1783555718\n|switch|p1a: Floatzel|Floatzel, L86, M|100/100\n|turn|5\n|inactive|Time left: 300 sec this turn | 300 sec total\n|\n|t:|1783555719\n|switch|p2a: Greedent|Greedent, L86, F|347/347\n|move|p1a: Floatzel|Wave Crash|p2a: Greedent\n|-damage|p2a: Greedent|211/347\n|-damage|p1a: Floatzel|85/100|[from] Recoil\n|\n|-heal|p1a: Floatzel|91/100|[from] item: Leftovers\n|upkeep\n|turn|6\n|inactive|Time left: 300 sec this turn | 300 sec total\n|\n|t:|1783555720\n|move|p1a: Floatzel|Bulk Up|p1a: Floatzel\n|-boost|p1a: Floatzel|atk|1\n|-boost|p1a: Floatzel|def|1\n|move|p2a: Greedent|Double-Edge|p1a: Floatzel\n|-damage|p1a: Floatzel|49/100\n|-damage|p2a: Greedent|171/347|[from] Recoil\n|-enditem|p2a: Greedent|Sitrus Berry|[eat]\n|-heal|p2a: Greedent|257/347|[from] item: Sitrus Berry\n|-heal|p2a: Greedent|347/347|[from] ability: Cheek Pouch\n|\n|-heal|p1a: Floatzel|55/100|[from] item: Leftovers\n|upkeep\n|turn|7\n|inactive|Time left: 300 sec this turn | 300 sec total\n|\n|t:|1783555721\n|move|p1a: Floatzel|Bulk Up|p1a: Floatzel\n|-boost|p1a: Floatzel|atk|1\n|-boost|p1a: Floatzel|def|1\n|move|p2a: Greedent|Double-Edge|p1a: Floatzel\n|-damage|p1a: Floatzel|24/100\n|-damage|p2a: Greedent|318/347|[from] Recoil\n|\n|-heal|p1a: Floatzel|30/100|[from] item: Leftovers\n|upkeep\n|turn|8\n|inactive|Time left: 300 sec this turn | 300 sec total\n|\n|t:|1783555721\n|move|p1a: Floatzel|Bulk Up|p1a: Floatzel\n|-boost|p1a: Floatzel|atk|1\n|-boost|p1a: Floatzel|def|1\n|move|p2a: Greedent|Double-Edge|p1a: Floatzel\n|-damage|p1a: Floatzel|6/100\n|-damage|p2a: Greedent|296/347|[from] Recoil\n|\n|-heal|p1a: Floatzel|12/100|[from] item: Leftovers\n|upkeep\n|turn|9\n|inactive|Time left: 300 sec this turn | 300 sec total\n|\n|t:|1783555722\n|move|p1a: Floatzel|Wave Crash|p2a: Greedent\n|-damage|p2a: Greedent|0 fnt\n|faint|p2a: Greedent\n|-damage|p1a: Floatzel|0 fnt|[from] Recoil\n|faint|p1a: Floatzel\n|\n|upkeep\n|inactive|Time left: 300 sec this turn | 300 sec total | 5 sec grace\n|\n|t:|1783555723\n|switch|p1a: Palossand|Palossand, L89, M|100/100\n|switch|p2a: Meowstic|Meowstic, L89, M|277/277\n|turn|10\n|inactive|Time left: 300 sec this turn | 300 sec total\n|\n|t:|1783555724\n|move|p2a: Meowstic|Light Screen|p2a: Meowstic\n|-sidestart|p2: p0y1430bc0a|move: Light Screen\n|move|p1a: Palossand|Shadow Ball|p2a: Meowstic\n|-supereffective|p2a: Meowstic\n|-damage|p2a: Meowstic|178/277\n|-unboost|p2a: Meowstic|spd|1\n|\n|upkeep\n|turn|11\n|inactive|Time left: 300 sec this turn | 300 sec total\n|\n|t:|1783555725\n|move|p2a: Meowstic|Reflect|p2a: Meowstic\n|-sidestart|p2: p0y1430bc0a|Reflect\n|move|p1a: Palossand|Shadow Ball|p2a: Meowstic\n|-supereffective|p2a: Meowstic\n|-damage|p2a: Meowstic|42/277\n|\n|upkeep\n|turn|12\n|inactive|Time left: 300 sec this turn | 300 sec total\n|\n|t:|1783555726\n|move|p2a: Meowstic|Psychic Noise|p1a: Palossand\n|-damage|p1a: Palossand|74/100\n|-start|p1a: Palossand|move: Heal Block\n|move|p1a: Palossand|Shadow Ball|p2a: Meowstic\n|-supereffective|p2a: Meowstic\n|-damage|p2a: Meowstic|0 fnt\n|faint|p2a: Meowstic\n|\n|upkeep\n|inactive|Time left: 300 sec this turn | 300 sec total | 5 sec grace\n|\n|t:|1783555727\n|switch|p2a: Jolteon|Jolteon, L84, F|222/246\n|turn|13\n|inactive|Time left: 300 sec this turn | 300 sec total\n|\n|t:|1783555728\n|move|p2a: Jolteon|Calm Mind|p2a: Jolteon\n|-boost|p2a: Jolteon|spa|1\n|-boost|p2a: Jolteon|spd|1\n|move|p1a: Palossand|Earth Power|p2a: Jolteon\n|-supereffective|p2a: Jolteon\n|-damage|p2a: Jolteon|156/246\n|\n|-end|p1a: Palossand|move: Heal Block\n|upkeep\n|turn|14\n|inactive|Time left: 300 sec this turn | 300 sec total\n|\n|t:|1783555729\n|-terastallize|p1a: Palossand|Poison\n|move|p2a: Jolteon|Shadow Ball|p1a: Palossand\n|-damage|p1a: Palossand|30/100\n|-damage|p2a: Jolteon|132/246|[from] item: Life Orb\n|move|p1a: Palossand|Shore Up|p1a: Palossand\n|-heal|p1a: Palossand|80/100\n|\n|-heal|p1a: Palossand|86/100|[from] item: Leftovers\n|upkeep\n|turn|15\n|inactive|Time left: 300 sec this turn | 300 sec total\n|\n|t:|1783555730\n|move|p2a: Jolteon|Thunderbolt|p1a: Palossand\n|-damage|p1a: Palossand|11/100\n|-damage|p2a: Jolteon|108/246|[from] item: Life Orb\n|move|p1a: Palossand|Earth Power|p2a: Jolteon\n|-supereffective|p2a: Jolteon\n|-damage|p2a: Jolteon|36/246\n|\n|-heal|p1a: Palossand|17/100|[from] item: Leftovers\n|upkeep\n|turn|16\n|inactive|Time left: 300 sec this turn | 300 sec total\n|\n|t:|1783555731\n|move|p2a: Jolteon|Thunderbolt|p1a: Palossand\n|-damage|p1a: Palossand|0 fnt\n|faint|p1a: Palossand\n|-damage|p2a: Jolteon|12/246|[from] item: Life Orb\n|\n|upkeep\n|\n|t:|1783555732\n|switch|p1a: Tauros|Tauros, L82, M|100/100\n|turn|17\n|inactive|Time left: 300 sec this turn | 300 sec total\n|\n|t:|1783555733\n|move|p2a: Jolteon|Thunderbolt|p1a: Tauros\n|-damage|p1a: Tauros|2/100\n|-damage|p2a: Jolteon|0 fnt|[from] item: Life Orb\n|faint|p2a: Jolteon\n|move|p1a: Tauros|Body Slam|p2: Jolteon|[notarget]\n|-fail|p1a: Tauros\n|\n|-sideend|p2: p0y1430bc0a|move: Light Screen\n|upkeep\n|inactive|Time left: 300 sec this turn | 300 sec total | 5 sec grace\n|\n|t:|1783555734\n|switch|p2a: Talonflame|Talonflame, L83, F|265/265\n|turn|18\n|inactive|Time left: 300 sec this turn | 300 sec total\n|\n|t:|1783555735\n|switch|p1a: Pelipper|Pelipper, L86, M|100/100\n|-weather|RainDance|[from] ability: Drizzle|[of] p1a: Pelipper\n|move|p2a: Talonflame|Swords Dance|p2a: Talonflame\n|-boost|p2a: Talonflame|atk|2\n|\n|-weather|RainDance|[upkeep]\n|-sideend|p2: p0y1430bc0a|Reflect\n|upkeep\n|turn|19\n|inactive|Time left: 300 sec this turn | 300 sec total\n|\n|t:|1783555736\n|move|p2a: Talonflame|Brave Bird|p1a: Pelipper\n|-damage|p1a: Pelipper|19/100\n|-damage|p2a: Talonflame|199/265|[from] Recoil\n|move|p1a: Pelipper|Surf|p2a: Talonflame\n|-supereffective|p2a: Talonflame\n|-damage|p2a: Talonflame|0 fnt\n|faint|p2a: Talonflame\n|\n|-weather|RainDance|[upkeep]\n|upkeep\n|inactive|Time left: 300 sec this turn | 300 sec total | 5 sec grace\n|\n|t:|1783555736\n|switch|p2a: Squawkabilly|Squawkabilly-Blue, L85, F|79/278 brn\n|turn|20\n|inactive|Time left: 300 sec this turn | 300 sec total\n|\n|t:|1783555737\n|move|p2a: Squawkabilly|Facade|p1a: Pelipper\n|-damage|p1a: Pelipper|0 fnt\n|faint|p1a: Pelipper\n|\n|-weather|RainDance|[upkeep]\n|-damage|p2a: Squawkabilly|62/278 brn|[from] brn\n|upkeep\n|\n|t:|1783555738\n|switch|p1a: Salazzle|Salazzle, L83, F|100/100\n|turn|21\n|inactive|Time left: 300 sec this turn | 300 sec total\n|\n|t:|1783555739\n|switch|p2a: Sneasler|Sneasler, L74, M|240/240\n|move|p1a: Salazzle|Sludge Wave|p2a: Sneasler\n|-resisted|p2a: Sneasler\n|-damage|p2a: Sneasler|170/240\n|\n|-weather|RainDance|[upkeep]\n|upkeep\n|turn|22\n|inactive|Time left: 300 sec this turn | 300 sec total\n|\n|t:|1783555740\n|move|p1a: Salazzle|Sludge Wave|p2a: Sneasler\n|-resisted|p2a: Sneasler\n|-damage|p2a: Sneasler|102/240\n|move|p2a: Sneasler|Dire Claw|p1a: Salazzle\n|-resisted|p1a: Salazzle\n|-damage|p1a: Salazzle|68/100\n|\n|-weather|none\n|upkeep\n|turn|23\n|inactive|Time left: 300 sec this turn | 300 sec total\n|\n|t:|1783555741\n|move|p1a: Salazzle|Fire Blast|p2a: Sneasler\n|-damage|p2a: Sneasler|0 fnt\n|faint|p2a: Sneasler\n|\n|upkeep\n|inactive|Time left: 300 sec this turn | 300 sec total | 5 sec grace\n|\n|t:|1783555741\n|switch|p2a: Squawkabilly|Squawkabilly-Blue, L85, F|62/278 brn\n|turn|24\n|inactive|Time left: 300 sec this turn | 300 sec total\n|\n|t:|1783555742\n|-terastallize|p2a: Squawkabilly|Normal\n|move|p2a: Squawkabilly|Quick Attack|p1a: Salazzle\n|-damage|p1a: Salazzle|23/100\n|move|p1a: Salazzle|Sludge Wave|p2a: Squawkabilly\n|-damage|p2a: Squawkabilly|0 fnt\n|faint|p2a: Squawkabilly\n|\n|win|p0x1430a2a7", "uploadtime": 1783555742, "views": 0, "rating": 0, "private": 0, "password": null, "_winner": "p0x1430a2a7", "_our_name": "p0y1430bc0a"}