{"id": "battle-gen9randombattle-2810", "formatid": "gen9randombattle", "format": "[Gen 9] Random Battle", "players": ["p0x2810f187", "p0y2810aa14"], "log": "|init|battle\n|title|p0x2810f187 vs. p0y2810aa14\n|j|\u2606p0x2810f187\n|j|\u2606p0y2810aa14\n|t:|1783571402\n|gametype|singles\n|player|p1|p0x2810f187|101|\n|player|p2|p0y2810aa14|102|\n|gen|9\n|tier|[Gen 9] Random Battle\n|rule|Species Clause: Limit one of each Pok\u00e9mon\n|rule|HP Percentage Mod: HP is shown in percentages\n|rule|Sleep Clause Mod: Limit one foe put to sleep\n|rule|Illusion Level Mod: Illusion disguises the Pok\u00e9mon's true level\n|\n|t:|1783571402\n|teamsize|p1|6\n|teamsize|p2|6\n|start\n|switch|p1a: Entei|Entei, L78|100/100\n|switch|p2a: Orthworm|Orthworm, L88, M|266/266\n|turn|1\n|inactive|Battle timer is ON: inactive players will automatically lose when time's up. (requested by p0x2810f187)\n|inactive|Time left: 300 sec this turn | 300 sec total | 60 sec grace\n|inactive|p0y2810aa14 also wants the timer to be on.\n|\n|t:|1783571403\n|move|p1a: Entei|Sacred Fire|p2a: Orthworm\n|-supereffective|p2a: Orthworm\n|-damage|p2a: Orthworm|50/266\n|move|p2a: Orthworm|Stealth Rock|p1a: Entei\n|-sidestart|p1: p0x2810f187|move: Stealth Rock\n|\n|-heal|p2a: Orthworm|66/266|[from] item: Leftovers\n|upkeep\n|turn|2\n|inactive|Time left: 300 sec this turn | 300 sec total\n|\n|t:|1783571404\n|switch|p2a: Lumineon|Lumineon, L93, F|279/279\n|move|p1a: Entei|Sacred Fire|p2a: Lumineon\n|-resisted|p2a: Lumineon\n|-damage|p2a: Lumineon|201/279\n|-status|p2a: Lumineon|brn\n|\n|-damage|p2a: Lumineon|184/279 brn|[from] brn\n|upkeep\n|turn|3\n|inactive|Time left: 300 sec this turn | 300 sec total\n|\n|t:|1783571405\n|move|p2a: Lumineon|Hydro Pump|p1a: Entei\n|-supereffective|p1a: Entei\n|-damage|p1a: Entei|0 fnt\n|faint|p1a: Entei\n|-damage|p2a: Lumineon|157/279 brn|[from] item: Life Orb\n|\n|-damage|p2a: Lumineon|140/279 brn|[from] brn\n|upkeep\n|\n|t:|1783571405\n|switch|p1a: Kricketune|Kricketune, L99, M|100/100\n|turn|4\n|inactive|Time left: 300 sec this turn | 300 sec total\n|\n|t:|1783571407\n|move|p2a: Lumineon|Hydro Pump|p1a: Kricketune\n|-damage|p1a: Kricketune|41/100\n|-damage|p2a: Lumineon|113/279 brn|[from] item: Life Orb\n|move|p1a: Kricketune|Sticky Web|p2a: Lumineon\n|-sidestart|p2: p0y2810aa14|move: Sticky Web\n|\n|-damage|p2a: Lumineon|96/279 brn|[from] brn\n|upkeep\n|turn|5\n|inactive|Time left: 300 sec this turn | 300 sec total\n|\n|t:|1783571408\n|move|p2a: Lumineon|Hydro Pump|p1a: Kricketune\n|-damage|p1a: Kricketune|0 fnt\n|faint|p1a: Kricketune\n|-damage|p2a: Lumineon|69/279 brn|[from] item: Life Orb\n|\n|-damage|p2a: Lumineon|52/279 brn|[from] brn\n|upkeep\n|\n|t:|1783571409\n|switch|p1a: Regieleki|Regieleki, L79|100/100\n|-damage|p1a: Regieleki|88/100|[from] Stealth Rock\n|turn|6\n|inactive|Time left: 300 sec this turn | 300 sec total\n|\n|t:|1783571410\n|switch|p2a: Toedscruel|Toedscruel, L87, M|281/281\n|-activate|p2a: Toedscruel|move: Sticky Web\n|-unboost|p2a: Toedscruel|spe|1\n|move|p1a: Regieleki|Rapid Spin|p2a: Toedscruel\n|-damage|p2a: Toedscruel|242/281\n|-boost|p1a: Regieleki|spe|1\n|-sideend|p1: p0x2810f187|Stealth Rock|[from] move: Rapid Spin|[of] p1a: Regieleki\n|\n|-heal|p2a: Toedscruel|259/281|[from] item: Leftovers\n|upkeep\n|turn|7\n|inactive|Time left: 300 sec this turn | 300 sec total\n|\n|t:|1783571411\n|move|p1a: Regieleki|Rapid Spin|p2a: Toedscruel\n|-damage|p2a: Toedscruel|220/281\n|-boost|p1a: Regieleki|spe|1\n|move|p2a: Toedscruel|Rapid Spin|p1a: Regieleki\n|-damage|p1a: Regieleki|70/100\n|-boost|p2a: Toedscruel|spe|1\n|-sideend|p2: p0y2810aa14|Sticky Web|[from] move: Rapid Spin|[of] p2a: Toedscruel\n|\n|-heal|p2a: Toedscruel|237/281|[from] item: Leftovers\n|upkeep\n|turn|8\n|inactive|Time left: 300 sec this turn | 300 sec total\n|\n|t:|1783571412\n|-terastallize|p1a: Regieleki|Ice\n|move|p1a: Regieleki|Tera Blast|p2a: Toedscruel|[anim] Tera Blast Ice\n|-supereffective|p2a: Toedscruel\n|-damage|p2a: Toedscruel|17/281\n|move|p2a: Toedscruel|Earth Power|p1a: Regieleki\n|-damage|p1a: Regieleki|15/100\n|\n|-heal|p2a: Toedscruel|34/281|[from] item: Leftovers\n|upkeep\n|turn|9\n|inactive|Time left: 300 sec this turn | 300 sec total\n|\n|t:|1783571413\n|switch|p2a: Lucario|Lucario, L84, F|255/255\n|move|p1a: Regieleki|Tera Blast|p2a: Lucario|[anim] Tera Blast Ice\n|-resisted|p2a: Lucario\n|-damage|p2a: Lucario|206/255\n|\n|upkeep\n|turn|10\n|inactive|Time left: 300 sec this turn | 300 sec total\n|\n|t:|1783571414\n|move|p2a: Lucario|Extreme Speed|p1a: Regieleki\n|-damage|p1a: Regieleki|0 fnt\n|faint|p1a: Regieleki\n|\n|upkeep\n|\n|t:|1783571415\n|switch|p1a: Gumshoos|Gumshoos, L95, M|100/100\n|turn|11\n|inactive|Time left: 300 sec this turn | 300 sec total\n|\n|t:|1783571416\n|move|p2a: Lucario|Extreme Speed|p1a: Gumshoos\n|-damage|p1a: Gumshoos|68/100\n|move|p1a: Gumshoos|Knock Off|p2a: Lucario\n|-resisted|p2a: Lucario\n|-damage|p2a: Lucario|117/255\n|-ability|p2a: Lucario|Justified|boost\n|-boost|p2a: Lucario|atk|1\n|-enditem|p2a: Lucario|Choice Band|[from] move: Knock Off|[of] p1a: Gumshoos\n|\n|upkeep\n|turn|12\n|inactive|Time left: 300 sec this turn | 300 sec total\n|\n|t:|1783571417\n|switch|p1a: Exeggutor|Exeggutor-Alola, L89, M|100/100\n|move|p2a: Lucario|Meteor Mash|p1a: Exeggutor\n|-damage|p1a: Exeggutor|48/100\n|-boost|p2a: Lucario|atk|1\n|-enditem|p1a: Exeggutor|Sitrus Berry|[eat]\n|-heal|p1a: Exeggutor|73/100|[from] item: Sitrus Berry\n|\n|upkeep\n|turn|13\n|inactive|Time left: 300 sec this turn | 300 sec total\n|\n|t:|1783571418\n|move|p2a: Lucario|Close Combat|p1a: Exeggutor\n|-damage|p1a: Exeggutor|0 fnt\n|-unboost|p2a: Lucario|def|1\n|-unboost|p2a: Lucario|spd|1\n|faint|p1a: Exeggutor\n|\n|upkeep\n|\n|t:|1783571419\n|switch|p1a: Zebstrika|Zebstrika, L87, M|100/100\n|turn|14\n|inactive|Time left: 300 sec this turn | 300 sec total\n|\n|t:|1783571420\n|switch|p2a: Toedscruel|Toedscruel, L87, M|34/281\n|move|p1a: Zebstrika|Volt Switch|p2a: Toedscruel\n|-immune|p2a: Toedscruel\n|\n|-heal|p2a: Toedscruel|51/281|[from] item: Leftovers\n|upkeep\n|turn|15\n|inactive|Time left: 300 sec this turn | 300 sec total\n|\n|t:|1783571420\n|switch|p2a: Orthworm|Orthworm, L88, M|66/266\n|move|p1a: Zebstrika|High Horsepower|p2a: Orthworm\n|-heal|p2a: Orthworm|132/266|[from] ability: Earth Eater|[of] p1a: Zebstrika\n|\n|-heal|p2a: Orthworm|148/266|[from] item: Leftovers\n|upkeep\n|turn|16\n|inactive|Time left: 300 sec this turn | 300 sec total\n|\n|t:|1783571421\n|move|p1a: Zebstrika|Overheat|p2a: Orthworm\n|-supereffective|p2a: Orthworm\n|-damage|p2a: Orthworm|0 fnt\n|-unboost|p1a: Zebstrika|spa|2\n|faint|p2a: Orthworm\n|-damage|p1a: Zebstrika|91/100|[from] item: Life Orb\n|\n|upkeep\n|inactive|Time left: 300 sec this turn | 300 sec total | 5 sec grace\n|\n|t:|1783571422\n|switch|p2a: Toedscruel|Toedscruel, L87, M|51/281\n|turn|17\n|inactive|Time left: 300 sec this turn | 300 sec total\n|\n|t:|1783571423\n|move|p1a: Zebstrika|High Horsepower|p2a: Toedscruel\n|-resisted|p2a: Toedscruel\n|-damage|p2a: Toedscruel|0 fnt\n|faint|p2a: Toedscruel\n|-damage|p1a: Zebstrika|81/100|[from] item: Life Orb\n|\n|upkeep\n|inactive|Time left: 300 sec this turn | 300 sec total | 5 sec grace\n|\n|t:|1783571424\n|switch|p2a: Oricorio|Oricorio-Pom-Pom, L82, F|257/257\n|turn|18\n|inactive|Time left: 300 sec this turn | 300 sec total\n|\n|t:|1783571425\n|switch|p1a: Gumshoos|Gumshoos, L95, M|68/100\n|move|p2a: Oricorio|Hurricane|p1a: Gumshoos|[miss]\n|-miss|p2a: Oricorio|p1a: Gumshoos\n|\n|upkeep\n|turn|19\n|inactive|Time left: 300 sec this turn | 300 sec total\n|\n|t:|1783571426\n|move|p2a: Oricorio|Hurricane|p1a: Gumshoos\n|-damage|p1a: Gumshoos|29/100\n|move|p1a: Gumshoos|Double-Edge|p2a: Oricorio\n|-damage|p2a: Oricorio|0 fnt\n|faint|p2a: Oricorio\n|-damage|p1a: Gumshoos|3/100|[from] Recoil\n|\n|upkeep\n|inactive|Time left: 300 sec this turn | 300 sec total | 5 sec grace\n|\n|t:|1783571427\n|switch|p2a: Cramorant|Cramorant, L86, F|261/261\n|turn|20\n|inactive|Time left: 300 sec this turn | 300 sec total\n|\n|t:|1783571428\n|switch|p1a: Zebstrika|Zebstrika, L87, M|81/100\n|-terastallize|p2a: Cramorant|Ground\n|move|p2a: Cramorant|Surf|p1a: Zebstrika\n|-formechange|p2a: Cramorant|Cramorant-Gulping|\n|-damage|p1a: Zebstrika|39/100\n|\n|upkeep\n|turn|21\n|inactive|Time left: 300 sec this turn | 300 sec total\n|\n|t:|1783571429\n|switch|p1a: Gumshoos|Gumshoos, L95, M|3/100\n|move|p2a: Cramorant|Surf|p1a: Gumshoos\n|-damage|p1a: Gumshoos|0 fnt\n|faint|p1a: Gumshoos\n|\n|upkeep\n|\n|t:|1783571430\n|switch|p1a: Zebstrika|Zebstrika, L87, M|39/100\n|turn|22\n|inactive|Time left: 300 sec this turn | 300 sec total\n|\n|t:|1783571431\n|move|p1a: Zebstrika|Supercell Slam|p2a: Cramorant\n|-immune|p2a: Cramorant\n|-damage|p1a: Zebstrika|0 fnt|[from] supercellslam\n|faint|p1a: Zebstrika\n|\n|win|p0y2810aa14", "uploadtime": 1783571431, "views": 0, "rating": 0, "private": 0, "password": null, "_winner": "p0y2810aa14", "_our_name": "p0y2810aa14"}