{"id": "battle-gen9randombattle-2071", "formatid": "gen9randombattle", "format": "[Gen 9] Random Battle", "players": ["p0x20714a3a", "p0y20715137"], "log": "|init|battle\n|title|p0x20714a3a vs. p0y20715137\n|j|\u2606p0x20714a3a\n|j|\u2606p0y20715137\n|t:|1783564014\n|gametype|singles\n|player|p1|p0x20714a3a|170|\n|player|p2|p0y20715137|265|\n|gen|9\n|tier|[Gen 9] Random Battle\n|rule|Species Clause: Limit one of each Pok\u00e9mon\n|rule|HP Percentage Mod: HP is shown in percentages\n|rule|Sleep Clause Mod: Limit one foe put to sleep\n|rule|Illusion Level Mod: Illusion disguises the Pok\u00e9mon's true level\n|\n|t:|1783564014\n|teamsize|p1|6\n|teamsize|p2|6\n|start\n|switch|p1a: Slaking|Slaking, L84, M|389/389\n|switch|p2a: Drifblim|Drifblim, L86, F|100/100\n|turn|1\n|inactive|Battle timer is ON: inactive players will automatically lose when time's up. (requested by p0x20714a3a)\n|inactive|p0y20715137 also wants the timer to be on.\n|\n|t:|1783564015\n|switch|p2a: Cobalion|Cobalion, L80|100/100\n|move|p1a: Slaking|Knock Off|p2a: Cobalion\n|-resisted|p2a: Cobalion\n|-damage|p2a: Cobalion|86/100\n|-ability|p2a: Cobalion|Justified|boost\n|-boost|p2a: Cobalion|atk|1\n|-enditem|p2a: Cobalion|Leftovers|[from] move: Knock Off|[of] p1a: Slaking\n|\n|upkeep\n|turn|2\n|inactive|Time left: 300 sec this turn | 300 sec total\n|\n|t:|1783564016\n|switch|p1a: Volcarona|Volcarona, L77, M|257/257\n|move|p2a: Cobalion|Swords Dance|p2a: Cobalion\n|-boost|p2a: Cobalion|atk|2\n|\n|upkeep\n|turn|3\n|inactive|Time left: 300 sec this turn | 300 sec total\n|\n|t:|1783564017\n|-terastallize|p2a: Cobalion|Fighting\n|move|p2a: Cobalion|Close Combat|p1a: Volcarona\n|-resisted|p1a: Volcarona\n|-damage|p1a: Volcarona|0 fnt\n|-unboost|p2a: Cobalion|def|1\n|-unboost|p2a: Cobalion|spd|1\n|faint|p1a: Volcarona\n|\n|upkeep\n|inactive|Time left: 300 sec this turn | 300 sec total | 5 sec grace\n|\n|t:|1783564018\n|switch|p1a: Slaking|Slaking, L84, M|389/389\n|turn|4\n|inactive|Time left: 300 sec this turn | 300 sec total\n|\n|t:|1783564019\n|move|p1a: Slaking|Giga Impact|p2a: Cobalion|[miss]\n|-miss|p1a: Slaking|p2a: Cobalion\n|move|p2a: Cobalion|Close Combat|p1a: Slaking\n|-supereffective|p1a: Slaking\n|-damage|p1a: Slaking|0 fnt\n|-unboost|p2a: Cobalion|def|1\n|-unboost|p2a: Cobalion|spd|1\n|faint|p1a: Slaking\n|\n|upkeep\n|inactive|Time left: 300 sec this turn | 300 sec total | 5 sec grace\n|\n|t:|1783564020\n|switch|p1a: Bisharp|Bisharp, L79, F|232/232\n|turn|5\n|inactive|Time left: 300 sec this turn | 300 sec total\n|\n|t:|1783564021\n|-terastallize|p1a: Bisharp|Ghost\n|move|p2a: Cobalion|Close Combat|p1a: Bisharp\n|-immune|p1a: Bisharp\n|move|p1a: Bisharp|Swords Dance|p1a: Bisharp\n|-boost|p1a: Bisharp|atk|2\n|\n|upkeep\n|turn|6\n|inactive|Time left: 300 sec this turn | 300 sec total\n|\n|t:|1783564022\n|move|p2a: Cobalion|Iron Head|p1a: Bisharp\n|-damage|p1a: Bisharp|121/232\n|cant|p1a: Bisharp|flinch\n|\n|upkeep\n|turn|7\n|inactive|Time left: 300 sec this turn | 300 sec total\n|\n|t:|1783564023\n|move|p2a: Cobalion|Iron Head|p1a: Bisharp\n|-damage|p1a: Bisharp|3/232\n|cant|p1a: Bisharp|flinch\n|\n|upkeep\n|turn|8\n|inactive|Time left: 300 sec this turn | 300 sec total\n|\n|t:|1783564024\n|move|p2a: Cobalion|Iron Head|p1a: Bisharp\n|-damage|p1a: Bisharp|0 fnt\n|faint|p1a: Bisharp\n|\n|upkeep\n|inactive|Time left: 300 sec this turn | 300 sec total | 5 sec grace\n|\n|t:|1783564025\n|switch|p1a: Regirock|Regirock, L83|268/268\n|turn|9\n|inactive|Time left: 300 sec this turn | 300 sec total\n|\n|t:|1783564026\n|move|p2a: Cobalion|Close Combat|p1a: Regirock\n|-supereffective|p1a: Regirock\n|-damage|p1a: Regirock|0 fnt\n|-unboost|p2a: Cobalion|def|1\n|-unboost|p2a: Cobalion|spd|1\n|faint|p1a: Regirock\n|\n|upkeep\n|inactive|Time left: 300 sec this turn | 300 sec total | 5 sec grace\n|\n|t:|1783564027\n|switch|p1a: Shaymin|Shaymin, L82|298/298\n|turn|10\n|inactive|Time left: 300 sec this turn | 300 sec total\n|\n|t:|1783564028\n|switch|p1a: Sandy Shocks|Sandy Shocks, L80|267/267\n|move|p2a: Cobalion|Close Combat|p1a: Sandy Shocks\n|-damage|p1a: Sandy Shocks|0 fnt\n|-unboost|p2a: Cobalion|def|1\n|-unboost|p2a: Cobalion|spd|1\n|faint|p1a: Sandy Shocks\n|-end|p1a: Sandy Shocks|Protosynthesis|[silent]\n|\n|upkeep\n|inactive|Time left: 300 sec this turn | 300 sec total | 5 sec grace\n|\n|t:|1783564029\n|switch|p1a: Shaymin|Shaymin, L82|298/298\n|turn|11\n|inactive|Time left: 300 sec this turn | 300 sec total\n|\n|t:|1783564030\n|move|p2a: Cobalion|Close Combat|p1a: Shaymin\n|-damage|p1a: Shaymin|0 fnt\n|-unboost|p2a: Cobalion|def|1\n|-unboost|p2a: Cobalion|spd|1\n|faint|p1a: Shaymin\n|\n|win|p0y20715137", "uploadtime": 1783564030, "views": 0, "rating": 0, "private": 0, "password": null, "_winner": "p0y20715137", "_our_name": "p0x20714a3a"}