{"id": "battle-gen9randombattle-2467", "formatid": "gen9randombattle", "format": "[Gen 9] Random Battle", "players": ["p0x2467b3d2", "p0y24676118"], "log": "|init|battle\n|title|p0x2467b3d2 vs. p0y24676118\n|j|\u2606p0x2467b3d2\n|j|\u2606p0y24676118\n|t:|1783568601\n|gametype|singles\n|player|p1|p0x2467b3d2|169|\n|player|p2|p0y24676118|101|\n|gen|9\n|tier|[Gen 9] Random Battle\n|rule|Species Clause: Limit one of each Pok\u00e9mon\n|rule|HP Percentage Mod: HP is shown in percentages\n|rule|Sleep Clause Mod: Limit one foe put to sleep\n|rule|Illusion Level Mod: Illusion disguises the Pok\u00e9mon's true level\n|\n|t:|1783568601\n|teamsize|p1|6\n|teamsize|p2|6\n|start\n|switch|p1a: Sunflora|Sunflora, F|312/312\n|switch|p2a: Lucario|Lucario, L84, F|100/100\n|turn|1\n|inactive|Battle timer is ON: inactive players will automatically lose when time's up. (requested by p0x2467b3d2)\n|inactive|p0y24676118 also wants the timer to be on.\n|\n|t:|1783568602\n|switch|p2a: Flygon|Flygon, L82, F|100/100\n|move|p1a: Sunflora|Earth Power|p2a: Flygon\n|-immune|p2a: Flygon|[from] ability: Levitate\n|\n|upkeep\n|turn|2\n|inactive|Time left: 300 sec this turn | 300 sec total\n|\n|t:|1783568604\n|move|p2a: Flygon|Dragon Dance|p2a: Flygon\n|-boost|p2a: Flygon|atk|1\n|-boost|p2a: Flygon|spe|1\n|move|p1a: Sunflora|Earth Power|p2a: Flygon\n|-immune|p2a: Flygon|[from] ability: Levitate\n|\n|upkeep\n|turn|3\n|inactive|Time left: 300 sec this turn | 300 sec total\n|\n|t:|1783568605\n|switch|p1a: Toxapex|Toxapex, L82, M|216/216\n|move|p2a: Flygon|Earthquake|p1a: Toxapex\n|-supereffective|p1a: Toxapex\n|-damage|p1a: Toxapex|16/216\n|\n|upkeep\n|turn|4\n|inactive|Time left: 300 sec this turn | 300 sec total\n|\n|t:|1783568606\n|switch|p1a: Sunflora|Sunflora, F|312/312\n|move|p2a: Flygon|Outrage|p1a: Sunflora\n|-damage|p1a: Sunflora|111/312\n|\n|upkeep\n|turn|5\n|inactive|Time left: 300 sec this turn | 300 sec total\n|\n|t:|1783568607\n|-terastallize|p1a: Sunflora|Fairy\n|move|p2a: Flygon|Outrage|p1a: Sunflora|[from] lockedmove\n|-immune|p1a: Sunflora\n|move|p1a: Sunflora|Dazzling Gleam|p2a: Flygon\n|-supereffective|p2a: Flygon\n|-damage|p2a: Flygon|0 fnt\n|faint|p2a: Flygon\n|\n|upkeep\n|\n|t:|1783568608\n|switch|p2a: Chi-Yu|Chi-Yu, L77|100/100\n|-ability|p2a: Chi-Yu|Beads of Ruin\n|turn|6\n|inactive|Time left: 300 sec this turn | 300 sec total\n|\n|t:|1783568610\n|move|p2a: Chi-Yu|Fire Blast|p1a: Sunflora\n|-damage|p1a: Sunflora|0 fnt\n|faint|p1a: Sunflora\n|\n|upkeep\n|inactive|Time left: 300 sec this turn | 300 sec total | 5 sec grace\n|\n|t:|1783568611\n|switch|p1a: Blaziken|Blaziken, L76, M|247/247\n|turn|7\n|inactive|Time left: 300 sec this turn | 300 sec total\n|\n|t:|1783568612\n|switch|p2a: Cramorant|Cramorant, L86, M|100/100\n|move|p1a: Blaziken|Close Combat|p2a: Cramorant\n|-resisted|p2a: Cramorant\n|-damage|p2a: Cramorant|56/100\n|-unboost|p1a: Blaziken|def|1\n|-unboost|p1a: Blaziken|spd|1\n|-damage|p1a: Blaziken|223/247|[from] item: Life Orb\n|\n|-ability|p1a: Blaziken|Speed Boost|boost\n|-boost|p1a: Blaziken|spe|1\n|upkeep\n|turn|8\n|inactive|Time left: 300 sec this turn | 300 sec total\n|\n|t:|1783568613\n|switch|p1a: Toxapex|Toxapex, L82, M|88/216\n|move|p2a: Cramorant|Surf|p1a: Toxapex\n|-formechange|p2a: Cramorant|Cramorant-Gulping|\n|-resisted|p1a: Toxapex\n|-damage|p1a: Toxapex|57/216\n|\n|upkeep\n|turn|9\n|inactive|Time left: 300 sec this turn | 300 sec total\n|\n|t:|1783568614\n|switch|p1a: Cramorant|Cramorant, L86, F|261/261\n|move|p2a: Cramorant|Brave Bird|p1a: Cramorant\n|-damage|p1a: Cramorant|90/261\n|-damage|p2a: Cramorant|34/100|[from] Recoil\n|\n|upkeep\n|turn|10\n|inactive|Time left: 300 sec this turn | 300 sec total\n|\n|t:|1783568615\n|move|p2a: Cramorant|Brave Bird|p1a: Cramorant\n|-damage|p1a: Cramorant|0 fnt\n|faint|p1a: Cramorant\n|-damage|p2a: Cramorant|23/100|[from] Recoil\n|\n|upkeep\n|inactive|Time left: 300 sec this turn | 300 sec total | 5 sec grace\n|\n|t:|1783568616\n|switch|p1a: Toxapex|Toxapex, L82, M|129/216\n|turn|11\n|inactive|Time left: 300 sec this turn | 300 sec total\n|\n|t:|1783568617\n|move|p2a: Cramorant|Roost|p2a: Cramorant\n|-heal|p2a: Cramorant|73/100\n|-singleturn|p2a: Cramorant|move: Roost\n|move|p1a: Toxapex|Recover|p1a: Toxapex\n|-heal|p1a: Toxapex|216/216\n|\n|upkeep\n|turn|12\n|inactive|Time left: 300 sec this turn | 300 sec total\n|\n|t:|1783568617\n|move|p2a: Cramorant|Surf|p1a: Toxapex\n|-resisted|p1a: Toxapex\n|-damage|p1a: Toxapex|183/216\n|move|p1a: Toxapex|Toxic Spikes|p2a: Cramorant\n|-sidestart|p2: p0y24676118|move: Toxic Spikes\n|\n|upkeep\n|turn|13\n|inactive|Time left: 300 sec this turn | 300 sec total\n|\n|t:|1783568618\n|move|p2a: Cramorant|Roost|p2a: Cramorant\n|-heal|p2a: Cramorant|100/100\n|-singleturn|p2a: Cramorant|move: Roost\n|move|p1a: Toxapex|Recover|p1a: Toxapex\n|-heal|p1a: Toxapex|216/216\n|\n|upkeep\n|turn|14\n|inactive|Time left: 300 sec this turn | 300 sec total\n|\n|t:|1783568619\n|move|p2a: Cramorant|Surf|p1a: Toxapex\n|-resisted|p1a: Toxapex\n|-damage|p1a: Toxapex|182/216\n|move|p1a: Toxapex|Toxic Spikes|p2a: Cramorant\n|-sidestart|p2: p0y24676118|move: Toxic Spikes\n|\n|upkeep\n|turn|15\n|inactive|Time left: 300 sec this turn | 300 sec total\n|\n|t:|1783568620\n|move|p2a: Cramorant|Brave Bird|p1a: Toxapex\n|-damage|p1a: Toxapex|98/216\n|-damage|p2a: Cramorant|84/100|[from] item: Rocky Helmet|[of] p1a: Toxapex\n|-damage|p2a: Cramorant|73/100|[from] Recoil\n|move|p1a: Toxapex|Recover|p1a: Toxapex\n|-heal|p1a: Toxapex|206/216\n|\n|upkeep\n|turn|16\n|inactive|Time left: 300 sec this turn | 300 sec total\n|\n|t:|1783568621\n|move|p2a: Cramorant|Surf|p1a: Toxapex\n|-resisted|p1a: Toxapex\n|-damage|p1a: Toxapex|173/216\n|move|p1a: Toxapex|Recover|p1a: Toxapex\n|-heal|p1a: Toxapex|216/216\n|\n|upkeep\n|turn|17\n|inactive|Time left: 300 sec this turn | 300 sec total\n|\n|t:|1783568622\n|move|p2a: Cramorant|Roost|p2a: Cramorant\n|-heal|p2a: Cramorant|100/100\n|-singleturn|p2a: Cramorant|move: Roost\n|move|p1a: Toxapex|Recover||[still]\n|-fail|p1a: Toxapex|heal\n|\n|upkeep\n|turn|18\n|inactive|Time left: 300 sec this turn | 300 sec total\n|\n|t:|1783568623\n|move|p2a: Cramorant|Defog|p1a: Toxapex\n|-unboost|p1a: Toxapex|evasion|1\n|-sideend|p2: p0y24676118|Toxic Spikes|[from] move: Defog|[of] p2a: Cramorant\n|move|p1a: Toxapex|Toxic Spikes|p2a: Cramorant\n|-sidestart|p2: p0y24676118|move: Toxic Spikes\n|\n|upkeep\n|turn|19\n|inactive|Time left: 300 sec this turn | 300 sec total\n|\n|t:|1783568624\n|move|p2a: Cramorant|Surf|p1a: Toxapex\n|-resisted|p1a: Toxapex\n|-damage|p1a: Toxapex|186/216\n|move|p1a: Toxapex|Toxic Spikes|p2a: Cramorant\n|-sidestart|p2: p0y24676118|move: Toxic Spikes\n|\n|upkeep\n|turn|20\n|inactive|Time left: 300 sec this turn | 300 sec total\n|\n|t:|1783568625\n|move|p2a: Cramorant|Brave Bird|p1a: Toxapex\n|-damage|p1a: Toxapex|107/216\n|-damage|p2a: Cramorant|84/100|[from] item: Rocky Helmet|[of] p1a: Toxapex\n|-damage|p2a: Cramorant|74/100|[from] Recoil\n|move|p1a: Toxapex|Recover|p1a: Toxapex\n|-heal|p1a: Toxapex|215/216\n|\n|upkeep\n|turn|21\n|inactive|Time left: 300 sec this turn | 300 sec total\n|\n|t:|1783568626\n|move|p2a: Cramorant|Roost|p2a: Cramorant\n|-heal|p2a: Cramorant|100/100\n|-singleturn|p2a: Cramorant|move: Roost\n|move|p1a: Toxapex|Recover|p1a: Toxapex\n|-heal|p1a: Toxapex|216/216\n|\n|upkeep\n|turn|22\n|inactive|Time left: 300 sec this turn | 300 sec total\n|\n|t:|1783568626\n|move|p2a: Cramorant|Surf|p1a: Toxapex\n|-resisted|p1a: Toxapex\n|-damage|p1a: Toxapex|182/216\n|move|p1a: Toxapex|Liquidation|p2a: Cramorant\n|-resisted|p2a: Cramorant\n|-damage|p2a: Cramorant|84/100\n|-damage|p1a: Toxapex|128/216|[from] ability: Gulp Missile|[of] p2a: Cramorant\n|-unboost|p1a: Toxapex|def|1\n|-formechange|p2a: Cramorant|Cramorant|\n|\n|upkeep\n|turn|23\n|inactive|Time left: 300 sec this turn | 300 sec total\n|\n|t:|1783568627\n|move|p2a: Cramorant|Surf|p1a: Toxapex\n|-formechange|p2a: Cramorant|Cramorant-Gulping|\n|-resisted|p1a: Toxapex\n|-damage|p1a: Toxapex|99/216\n|move|p1a: Toxapex|Recover|p1a: Toxapex\n|-heal|p1a: Toxapex|207/216\n|\n|upkeep\n|turn|24\n|inactive|Time left: 300 sec this turn | 300 sec total\n|\n|t:|1783568628\n|move|p2a: Cramorant|Surf|p1a: Toxapex\n|-resisted|p1a: Toxapex\n|-damage|p1a: Toxapex|174/216\n|move|p1a: Toxapex|Liquidation|p2a: Cramorant\n|-resisted|p2a: Cramorant\n|-damage|p2a: Cramorant|68/100\n|-damage|p1a: Toxapex|120/216|[from] ability: Gulp Missile|[of] p2a: Cramorant\n|-unboost|p1a: Toxapex|def|1\n|-formechange|p2a: Cramorant|Cramorant|\n|\n|upkeep\n|turn|25\n|inactive|Time left: 300 sec this turn | 300 sec total\n|\n|t:|1783568630\n|switch|p1a: Gengar|Gengar, L81, M|230/230\n|move|p2a: Cramorant|Brave Bird|p1a: Gengar\n|-damage|p1a: Gengar|74/230\n|-damage|p2a: Cramorant|48/100|[from] Recoil\n|\n|upkeep\n|turn|26\n|inactive|Time left: 300 sec this turn | 300 sec total\n|\n|t:|1783568631\n|move|p1a: Gengar|Sludge Wave|p2a: Cramorant\n|-damage|p2a: Cramorant|0 fnt\n|faint|p2a: Cramorant\n|-damage|p1a: Gengar|51/230|[from] item: Life Orb\n|\n|upkeep\n|\n|t:|1783568632\n|switch|p2a: Kilowattrel|Kilowattrel, L83, F|100/100\n|turn|27\n|inactive|Time left: 300 sec this turn | 300 sec total\n|\n|t:|1783568632\n|switch|p1a: Decidueye|Decidueye, L88, M|281/281\n|move|p2a: Kilowattrel|Thunderbolt|p1a: Decidueye\n|-resisted|p1a: Decidueye\n|-damage|p1a: Decidueye|252/281\n|-status|p1a: Decidueye|par\n|\n|upkeep\n|turn|28\n|inactive|Time left: 300 sec this turn | 300 sec total\n|\n|t:|1783568634\n|move|p2a: Kilowattrel|Hurricane|p1a: Decidueye\n|-supereffective|p1a: Decidueye\n|-damage|p1a: Decidueye|106/281 par\n|-start|p1a: Decidueye|confusion\n|-activate|p1a: Decidueye|confusion\n|-damage|p1a: Decidueye|69/281 par|[from] confusion\n|\n|upkeep\n|turn|29\n|inactive|Time left: 300 sec this turn | 300 sec total\n|\n|t:|1783568635\n|move|p2a: Kilowattrel|Hurricane|p1a: Decidueye\n|-supereffective|p1a: Decidueye\n|-damage|p1a: Decidueye|0 fnt\n|faint|p1a: Decidueye\n|\n|upkeep\n|inactive|Time left: 300 sec this turn | 300 sec total | 5 sec grace\n|\n|t:|1783568635\n|switch|p1a: Toxapex|Toxapex, L82, M|192/216\n|turn|30\n|inactive|Time left: 300 sec this turn | 300 sec total\n|\n|t:|1783568636\n|move|p2a: Kilowattrel|Thunderbolt|p1a: Toxapex\n|-supereffective|p1a: Toxapex\n|-damage|p1a: Toxapex|64/216\n|move|p1a: Toxapex|Liquidation|p2a: Kilowattrel\n|-damage|p2a: Kilowattrel|67/100\n|-unboost|p2a: Kilowattrel|def|1\n|\n|upkeep\n|turn|31\n|inactive|Time left: 300 sec this turn | 300 sec total\n|\n|t:|1783568637\n|switch|p1a: Gengar|Gengar, L81, M|51/230\n|move|p2a: Kilowattrel|Thunderbolt|p1a: Gengar\n|-damage|p1a: Gengar|0 fnt\n|-start|p2a: Kilowattrel|Disable|Thunderbolt|[from] ability: Cursed Body|[of] p1a: Gengar\n|faint|p1a: Gengar\n|\n|upkeep\n|inactive|Time left: 300 sec this turn | 300 sec total | 5 sec grace\n|\n|t:|1783568638\n|switch|p1a: Toxapex|Toxapex, L82, M|136/216\n|turn|32\n|inactive|Time left: 300 sec this turn | 300 sec total\n|\n|t:|1783568639\n|switch|p1a: Blaziken|Blaziken, L76, M|223/247\n|move|p2a: Kilowattrel|Hurricane|p1a: Blaziken\n|-supereffective|p1a: Blaziken\n|-damage|p1a: Blaziken|0 fnt\n|faint|p1a: Blaziken\n|\n|upkeep\n|inactive|Time left: 300 sec this turn | 300 sec total | 5 sec grace\n|\n|t:|1783568640\n|switch|p1a: Toxapex|Toxapex, L82, M|208/216\n|turn|33\n|inactive|Time left: 300 sec this turn | 300 sec total\n|\n|t:|1783568641\n|move|p2a: Kilowattrel|Hurricane|p1a: Toxapex|[miss]\n|-miss|p2a: Kilowattrel|p1a: Toxapex\n|move|p1a: Toxapex|Liquidation|p2a: Kilowattrel\n|-damage|p2a: Kilowattrel|19/100\n|\n|upkeep\n|turn|34\n|inactive|Time left: 300 sec this turn | 300 sec total\n|\n|t:|1783568642\n|move|p2a: Kilowattrel|Hurricane|p1a: Toxapex\n|-damage|p1a: Toxapex|126/216\n|move|p1a: Toxapex|Liquidation|p2a: Kilowattrel\n|-damage|p2a: Kilowattrel|0 fnt\n|faint|p2a: Kilowattrel\n|\n|upkeep\n|\n|t:|1783568643\n|switch|p2a: Chi-Yu|Chi-Yu, L77|100/100\n|-ability|p2a: Chi-Yu|Beads of Ruin\n|turn|35\n|inactive|Time left: 300 sec this turn | 300 sec total\n|\n|t:|1783568644\n|-terastallize|p2a: Chi-Yu|Fire\n|move|p2a: Chi-Yu|Dark Pulse|p1a: Toxapex\n|-damage|p1a: Toxapex|47/216\n|move|p1a: Toxapex|Liquidation|p2a: Chi-Yu\n|-supereffective|p2a: Chi-Yu\n|-damage|p2a: Chi-Yu|27/100\n|\n|upkeep\n|turn|36\n|inactive|Time left: 300 sec this turn | 300 sec total\n|\n|t:|1783568645\n|move|p2a: Chi-Yu|Dark Pulse|p1a: Toxapex\n|-damage|p1a: Toxapex|0 fnt\n|faint|p1a: Toxapex\n|\n|win|p0y24676118", "uploadtime": 1783568645, "views": 0, "rating": 0, "private": 0, "password": null, "_winner": "p0y24676118", "_our_name": "p0x2467b3d2"}