{"id": "battle-gen9randombattle-696", "formatid": "gen9randombattle", "format": "[Gen 9] Random Battle", "players": ["p0x69656fa", "p0y69682fb"], "log": "|init|battle\n|title|p0x69656fa vs. p0y69682fb\n|j|\u2606p0x69656fa\n|j|\u2606p0y69682fb\n|t:|1783547895\n|gametype|singles\n|player|p1|p0x69656fa|102|\n|player|p2|p0y69682fb|101|\n|gen|9\n|tier|[Gen 9] Random Battle\n|rule|Species Clause: Limit one of each Pok\u00e9mon\n|rule|HP Percentage Mod: HP is shown in percentages\n|rule|Sleep Clause Mod: Limit one foe put to sleep\n|rule|Illusion Level Mod: Illusion disguises the Pok\u00e9mon's true level\n|\n|t:|1783547895\n|teamsize|p1|6\n|teamsize|p2|6\n|start\n|switch|p1a: Glastrier|Glastrier, L86|100/100\n|switch|p2a: Tatsugiri|Tatsugiri, L87, M|260/260\n|turn|1\n|inactive|Battle timer is ON: inactive players will automatically lose when time's up. (requested by p0y69682fb)\n|inactive|p0x69656fa also wants the timer to be on.\n|\n|t:|1783547896\n|move|p2a: Tatsugiri|Nasty Plot|p2a: Tatsugiri\n|-boost|p2a: Tatsugiri|spa|2\n|move|p1a: Glastrier|Icicle Crash|p2a: Tatsugiri\n|-damage|p2a: Tatsugiri|97/260\n|\n|upkeep\n|turn|2\n|inactive|Time left: 300 sec this turn | 300 sec total\n|\n|t:|1783547898\n|-terastallize|p2a: Tatsugiri|Water\n|move|p2a: Tatsugiri|Hydro Pump|p1a: Glastrier\n|-damage|p1a: Glastrier|5/100\n|move|p1a: Glastrier|High Horsepower|p2a: Tatsugiri\n|-damage|p2a: Tatsugiri|0 fnt\n|faint|p2a: Tatsugiri\n|-ability|p1a: Glastrier|Chilling Neigh|boost\n|-boost|p1a: Glastrier|atk|1\n|\n|upkeep\n|inactive|Time left: 300 sec this turn | 300 sec total | 5 sec grace\n|\n|t:|1783547899\n|switch|p2a: Chi-Yu|Chi-Yu, L77|211/211\n|-ability|p2a: Chi-Yu|Beads of Ruin\n|turn|3\n|inactive|Time left: 300 sec this turn | 300 sec total\n|\n|t:|1783547900\n|move|p2a: Chi-Yu|Dark Pulse|p1a: Glastrier\n|-damage|p1a: Glastrier|0 fnt\n|faint|p1a: Glastrier\n|\n|upkeep\n|\n|t:|1783547900\n|switch|p1a: Ambipom|Ambipom, L84, F|100/100\n|turn|4\n|inactive|Time left: 300 sec this turn | 300 sec total\n|\n|t:|1783547902\n|move|p2a: Chi-Yu|Dark Pulse|p1a: Ambipom\n|-damage|p1a: Ambipom|40/100\n|move|p1a: Ambipom|Double-Edge|p2a: Chi-Yu\n|-damage|p2a: Chi-Yu|0 fnt\n|faint|p2a: Chi-Yu\n|-damage|p1a: Ambipom|13/100|[from] Recoil\n|\n|upkeep\n|inactive|Time left: 300 sec this turn | 300 sec total | 5 sec grace\n|\n|t:|1783547903\n|switch|p2a: Manaphy|Manaphy, L78|284/284\n|turn|5\n|inactive|Time left: 300 sec this turn | 300 sec total\n|\n|t:|1783547904\n|move|p1a: Ambipom|Double-Edge|p2a: Manaphy\n|-damage|p2a: Manaphy|109/284\n|-damage|p1a: Ambipom|0 fnt|[from] Recoil\n|faint|p1a: Ambipom\n|move|p2a: Manaphy|Tail Glow|p2a: Manaphy\n|-boost|p2a: Manaphy|spa|3\n|\n|-heal|p2a: Manaphy|126/284|[from] item: Leftovers\n|upkeep\n|\n|t:|1783547905\n|switch|p1a: Electivire|Electivire, L84, F|100/100\n|turn|6\n|inactive|Time left: 300 sec this turn | 300 sec total\n|\n|t:|1783547906\n|move|p1a: Electivire|Volt Switch|p2a: Manaphy\n|-supereffective|p2a: Manaphy\n|-damage|p2a: Manaphy|0 fnt\n|faint|p2a: Manaphy\n|-damage|p1a: Electivire|91/100|[from] item: Life Orb\n|\n|t:|1783547907\n|switch|p1a: Exeggutor|Exeggutor, L89, M|100/100|[from] Volt Switch\n|\n|upkeep\n|inactive|Time left: 300 sec this turn | 300 sec total | 10 sec grace\n|\n|t:|1783547908\n|switch|p2a: Mismagius|Mismagius, L86, F|243/243\n|turn|7\n|inactive|Time left: 300 sec this turn | 300 sec total\n|\n|t:|1783547909\n|move|p2a: Mismagius|Nasty Plot|p2a: Mismagius\n|-boost|p2a: Mismagius|spa|2\n|move|p1a: Exeggutor|Psyshock|p2a: Mismagius\n|-damage|p2a: Mismagius|99/243\n|\n|-heal|p2a: Mismagius|114/243|[from] item: Leftovers\n|upkeep\n|turn|8\n|inactive|Time left: 300 sec this turn | 300 sec total\n|\n|t:|1783547910\n|-terastallize|p1a: Exeggutor|Steel\n|move|p2a: Mismagius|Shadow Ball|p1a: Exeggutor\n|-damage|p1a: Exeggutor|36/100\n|-enditem|p1a: Exeggutor|Sitrus Berry|[eat]\n|-heal|p1a: Exeggutor|61/100|[from] item: Sitrus Berry\n|move|p1a: Exeggutor|Psyshock|p2a: Mismagius\n|-damage|p2a: Mismagius|0 fnt\n|faint|p2a: Mismagius\n|\n|-item|p1a: Exeggutor|Sitrus Berry|[from] ability: Harvest\n|upkeep\n|inactive|Time left: 300 sec this turn | 300 sec total | 5 sec grace\n|\n|t:|1783547911\n|switch|p2a: Whimsicott|Whimsicott, L84, F|238/238\n|turn|9\n|inactive|Time left: 300 sec this turn | 300 sec total\n|\n|t:|1783547912\n|move|p2a: Whimsicott|Stun Spore|p1a: Exeggutor\n|-status|p1a: Exeggutor|par\n|move|p1a: Exeggutor|Psyshock|p2a: Whimsicott\n|-damage|p2a: Whimsicott|117/238\n|\n|upkeep\n|turn|10\n|inactive|Time left: 300 sec this turn | 300 sec total\n|\n|t:|1783547913\n|move|p2a: Whimsicott|Moonblast|p1a: Exeggutor\n|-resisted|p1a: Exeggutor\n|-damage|p1a: Exeggutor|46/100 par\n|-enditem|p1a: Exeggutor|Sitrus Berry|[eat]\n|-heal|p1a: Exeggutor|71/100 par|[from] item: Sitrus Berry\n|move|p1a: Exeggutor|Psyshock|p2a: Whimsicott\n|-damage|p2a: Whimsicott|5/238\n|\n|upkeep\n|turn|11\n|inactive|Time left: 300 sec this turn | 300 sec total\n|\n|t:|1783547914\n|move|p2a: Whimsicott|Moonblast|p1a: Exeggutor\n|-resisted|p1a: Exeggutor\n|-damage|p1a: Exeggutor|56/100 par\n|move|p1a: Exeggutor|Calm Mind|p1a: Exeggutor\n|-boost|p1a: Exeggutor|spa|1\n|-boost|p1a: Exeggutor|spd|1\n|\n|upkeep\n|turn|12\n|inactive|Time left: 300 sec this turn | 300 sec total\n|\n|t:|1783547915\n|move|p2a: Whimsicott|Encore|p1a: Exeggutor\n|-start|p1a: Exeggutor|Encore\n|move|p1a: Exeggutor|Calm Mind|p1a: Exeggutor\n|-boost|p1a: Exeggutor|spa|1\n|-boost|p1a: Exeggutor|spd|1\n|\n|upkeep\n|turn|13\n|inactive|Time left: 300 sec this turn | 300 sec total\n|\n|t:|1783547916\n|switch|p1a: Electivire|Electivire, L84, F|91/100\n|move|p2a: Whimsicott|Moonblast|p1a: Electivire\n|-damage|p1a: Electivire|56/100\n|\n|upkeep\n|turn|14\n|inactive|Time left: 300 sec this turn | 300 sec total\n|\n|t:|1783547917\n|move|p2a: Whimsicott|U-turn|p1a: Electivire\n|-damage|p1a: Electivire|37/100\n|inactive|Time left: 300 sec this turn | 300 sec total | 5 sec grace\n|\n|t:|1783547918\n|switch|p2a: Grafaiai|Grafaiai, L86, F|249/249|[from] U-turn\n|move|p1a: Electivire|Earthquake|p2a: Grafaiai\n|-supereffective|p2a: Grafaiai\n|-crit|p2a: Grafaiai\n|-damage|p2a: Grafaiai|0 fnt\n|faint|p2a: Grafaiai\n|-damage|p1a: Electivire|27/100|[from] item: Life Orb\n|\n|upkeep\n|inactive|Time left: 300 sec this turn | 300 sec total | 10 sec grace\n|\n|t:|1783547919\n|switch|p2a: Whimsicott|Whimsicott, L84, F|5/238\n|turn|15\n|inactive|Time left: 300 sec this turn | 300 sec total\n|\n|t:|1783547920\n|move|p2a: Whimsicott|Moonblast|p1a: Electivire\n|-damage|p1a: Electivire|0 fnt\n|faint|p1a: Electivire\n|\n|upkeep\n|\n|t:|1783547920\n|switch|p1a: Skuntank|Skuntank, L84, M|100/100\n|turn|16\n|inactive|Time left: 300 sec this turn | 300 sec total\n|\n|t:|1783547921\n|move|p2a: Whimsicott|Encore|p1a: Skuntank\n|-hint|Since gen 7, Dark is immune to Prankster moves.\n|-immune|p1a: Skuntank\n|move|p1a: Skuntank|Knock Off|p2a: Whimsicott\n|-resisted|p2a: Whimsicott\n|-damage|p2a: Whimsicott|0 fnt\n|-enditem|p2a: Whimsicott|Heavy-Duty Boots|[from] move: Knock Off|[of] p1a: Skuntank\n|faint|p2a: Whimsicott\n|-damage|p1a: Skuntank|90/100|[from] item: Life Orb\n|\n|win|p0x69656fa", "uploadtime": 1783547921, "views": 0, "rating": 0, "private": 0, "password": null, "_winner": "p0x69656fa", "_our_name": "p0y69682fb"}