{"id": "battle-gen9randombattle-952", "formatid": "gen9randombattle", "format": "[Gen 9] Random Battle", "players": ["p0x9525e50", "p0y9522074"], "log": "|init|battle\n|title|p0x9525e50 vs. p0y9522074\n|j|\u2606p0x9525e50\n|j|\u2606p0y9522074\n|t:|1783550905\n|gametype|singles\n|player|p1|p0x9525e50|266|\n|player|p2|p0y9522074|102|\n|gen|9\n|tier|[Gen 9] Random Battle\n|rule|Species Clause: Limit one of each Pok\u00e9mon\n|rule|HP Percentage Mod: HP is shown in percentages\n|rule|Sleep Clause Mod: Limit one foe put to sleep\n|rule|Illusion Level Mod: Illusion disguises the Pok\u00e9mon's true level\n|\n|t:|1783550905\n|teamsize|p1|6\n|teamsize|p2|6\n|start\n|switch|p1a: Iron Boulder|Iron Boulder, L77|100/100\n|switch|p2a: Infernape|Infernape, L82, F|259/259\n|turn|1\n|inactive|Battle timer is ON: inactive players will automatically lose when time's up. (requested by p0x9525e50)\n|inactive|Time left: 300 sec this turn | 300 sec total | 60 sec grace\n|inactive|p0y9522074 also wants the timer to be on.\n|\n|t:|1783550906\n|switch|p2a: Dragonite|Dragonite, L74, F|257/257\n|move|p1a: Iron Boulder|Zen Headbutt|p2a: Dragonite|[miss]\n|-miss|p1a: Iron Boulder|p2a: Dragonite\n|\n|upkeep\n|turn|2\n|inactive|Time left: 300 sec this turn | 300 sec total\n|\n|t:|1783550907\n|move|p1a: Iron Boulder|Mighty Cleave|p2a: Dragonite\n|-supereffective|p2a: Dragonite\n|-damage|p2a: Dragonite|123/257\n|-damage|p1a: Iron Boulder|91/100|[from] item: Life Orb\n|move|p2a: Dragonite|Outrage|p1a: Iron Boulder\n|-damage|p1a: Iron Boulder|30/100\n|\n|upkeep\n|turn|3\n|inactive|Time left: 300 sec this turn | 300 sec total\n|\n|t:|1783550908\n|move|p1a: Iron Boulder|Mighty Cleave|p2a: Dragonite\n|-supereffective|p2a: Dragonite\n|-damage|p2a: Dragonite|0 fnt\n|faint|p2a: Dragonite\n|-damage|p1a: Iron Boulder|20/100|[from] item: Life Orb\n|\n|upkeep\n|inactive|Time left: 300 sec this turn | 300 sec total | 5 sec grace\n|\n|t:|1783550909\n|switch|p2a: Diancie|Diancie, L82|216/216\n|turn|4\n|inactive|Time left: 300 sec this turn | 300 sec total\n|\n|t:|1783550910\n|-end|p1a: Iron Boulder|Quark Drive|[silent]\n|switch|p1a: Pincurchin|Pincurchin, F|100/100\n|-fieldstart|move: Electric Terrain|[from] ability: Electric Surge|[of] p1a: Pincurchin\n|move|p2a: Diancie|Diamond Storm|p1a: Pincurchin\n|-damage|p1a: Pincurchin|68/100\n|\n|-heal|p1a: Pincurchin|74/100|[from] item: Leftovers\n|upkeep\n|turn|5\n|inactive|Time left: 300 sec this turn | 300 sec total\n|\n|t:|1783550911\n|move|p2a: Diancie|Calm Mind|p2a: Diancie\n|-boost|p2a: Diancie|spa|1\n|-boost|p2a: Diancie|spd|1\n|move|p1a: Pincurchin|Liquidation|p2a: Diancie\n|-supereffective|p2a: Diancie\n|-damage|p2a: Diancie|96/216\n|\n|-heal|p2a: Diancie|109/216|[from] item: Leftovers\n|-heal|p1a: Pincurchin|80/100|[from] item: Leftovers\n|upkeep\n|turn|6\n|inactive|Time left: 300 sec this turn | 300 sec total\n|\n|t:|1783550912\n|move|p2a: Diancie|Draining Kiss|p1a: Pincurchin\n|-damage|p1a: Pincurchin|54/100\n|-heal|p2a: Diancie|159/216|[from] drain|[of] p1a: Pincurchin\n|move|p1a: Pincurchin|Liquidation|p2a: Diancie\n|-supereffective|p2a: Diancie\n|-damage|p2a: Diancie|37/216\n|\n|-heal|p2a: Diancie|50/216|[from] item: Leftovers\n|-heal|p1a: Pincurchin|60/100|[from] item: Leftovers\n|upkeep\n|turn|7\n|inactive|Time left: 300 sec this turn | 300 sec total\n|\n|t:|1783550914\n|move|p2a: Diancie|Earth Power|p1a: Pincurchin\n|-supereffective|p1a: Pincurchin\n|-damage|p1a: Pincurchin|4/100\n|move|p1a: Pincurchin|Zing Zap|p2a: Diancie\n|-damage|p2a: Diancie|0 fnt\n|faint|p2a: Diancie\n|\n|-heal|p1a: Pincurchin|10/100|[from] item: Leftovers\n|upkeep\n|inactive|Time left: 300 sec this turn | 300 sec total | 5 sec grace\n|\n|t:|1783550915\n|switch|p2a: Ninetales|Ninetales, L85, F|263/263\n|-weather|SunnyDay|[from] ability: Drought|[of] p2a: Ninetales\n|turn|8\n|inactive|Time left: 300 sec this turn | 300 sec total\n|\n|t:|1783550916\n|move|p2a: Ninetales|Fire Blast|p1a: Pincurchin\n|-damage|p1a: Pincurchin|0 fnt\n|faint|p1a: Pincurchin\n|\n|-weather|SunnyDay|[upkeep]\n|-fieldend|move: Electric Terrain\n|upkeep\n|\n|t:|1783550916\n|switch|p1a: Iron Boulder|Iron Boulder, L77|20/100\n|turn|9\n|inactive|Time left: 300 sec this turn | 300 sec total\n|\n|t:|1783550917\n|switch|p2a: Persian|Persian-Alola, L86, M|252/252\n|move|p1a: Iron Boulder|Mighty Cleave|p2a: Persian\n|-damage|p2a: Persian|170/252\n|-damage|p1a: Iron Boulder|10/100|[from] item: Life Orb\n|\n|-weather|SunnyDay|[upkeep]\n|upkeep\n|turn|10\n|inactive|Time left: 300 sec this turn | 300 sec total\n|\n|t:|1783550918\n|-end|p1a: Iron Boulder|Quark Drive|[silent]\n|switch|p1a: Thundurus|Thundurus-Therian, L80, M|100/100\n|move|p2a: Persian|Knock Off|p1a: Thundurus\n|-crit|p1a: Thundurus\n|-damage|p1a: Thundurus|47/100\n|-enditem|p1a: Thundurus|Heavy-Duty Boots|[from] move: Knock Off|[of] p2a: Persian\n|\n|-weather|SunnyDay|[upkeep]\n|upkeep\n|turn|11\n|inactive|Time left: 300 sec this turn | 300 sec total\n|\n|t:|1783550919\n|move|p2a: Persian|Parting Shot|p1a: Thundurus\n|-unboost|p1a: Thundurus|atk|1\n|-unboost|p1a: Thundurus|spa|1\n|inactive|Time left: 300 sec this turn | 300 sec total | 5 sec grace\n|\n|t:|1783550920\n|switch|p2a: Ninetales|Ninetales, L85, F|263/263|[from] Parting Shot\n|move|p1a: Thundurus|Thunderbolt|p2a: Ninetales\n|-damage|p2a: Ninetales|193/263\n|\n|-weather|SunnyDay|[upkeep]\n|upkeep\n|turn|12\n|inactive|Time left: 300 sec this turn | 300 sec total\n|\n|t:|1783550921\n|move|p2a: Ninetales|Fire Blast|p1a: Thundurus\n|-damage|p1a: Thundurus|0 fnt\n|faint|p1a: Thundurus\n|\n|-weather|none\n|upkeep\n|\n|t:|1783550922\n|switch|p1a: Zangoose|Zangoose, L85, F|100/100\n|turn|13\n|inactive|Time left: 300 sec this turn | 300 sec total\n|\n|t:|1783550923\n|move|p2a: Ninetales|Fire Blast|p1a: Zangoose|[miss]\n|-miss|p2a: Ninetales|p1a: Zangoose\n|move|p1a: Zangoose|Swords Dance|p1a: Zangoose\n|-boost|p1a: Zangoose|atk|2\n|\n|-status|p1a: Zangoose|tox|[from] item: Toxic Orb\n|upkeep\n|turn|14\n|inactive|Time left: 300 sec this turn | 300 sec total\n|\n|t:|1783550924\n|move|p2a: Ninetales|Fire Blast|p1a: Zangoose|[miss]\n|-miss|p2a: Ninetales|p1a: Zangoose\n|move|p1a: Zangoose|Facade|p2a: Ninetales\n|-damage|p2a: Ninetales|0 fnt\n|faint|p2a: Ninetales\n|\n|-damage|p1a: Zangoose|94/100 tox|[from] psn\n|upkeep\n|inactive|Time left: 300 sec this turn | 300 sec total | 5 sec grace\n|\n|t:|1783550925\n|switch|p2a: Indeedee|Indeedee, L84, M|238/238\n|-fieldstart|move: Psychic Terrain|[from] ability: Psychic Surge|[of] p2a: Indeedee\n|turn|15\n|inactive|Time left: 300 sec this turn | 300 sec total\n|\n|t:|1783550926\n|switch|p1a: Sableye|Sableye, L88, F|100/100\n|move|p2a: Indeedee|Expanding Force|p1a: Sableye\n|-immune|p1a: Sableye\n|\n|upkeep\n|turn|16\n|inactive|Time left: 300 sec this turn | 300 sec total\n|\n|t:|1783550927\n|switch|p2a: Infernape|Infernape, L82, F|259/259\n|move|p1a: Sableye|Knock Off|p2a: Infernape\n|-resisted|p2a: Infernape\n|-damage|p2a: Infernape|199/259\n|-enditem|p2a: Infernape|Life Orb|[from] move: Knock Off|[of] p1a: Sableye\n|\n|upkeep\n|turn|17\n|inactive|Time left: 300 sec this turn | 300 sec total\n|\n|t:|1783550929\n|switch|p1a: Jumpluff|Jumpluff, L87, F|100/100\n|move|p2a: Infernape|Knock Off|p1a: Jumpluff\n|-damage|p1a: Jumpluff|80/100\n|\n|upkeep\n|turn|18\n|inactive|Time left: 300 sec this turn | 300 sec total\n|\n|t:|1783550930\n|switch|p2a: Persian|Persian-Alola, L86, M|170/252\n|move|p1a: Jumpluff|Acrobatics|p2a: Persian\n|-damage|p2a: Persian|118/252\n|\n|upkeep\n|turn|19\n|inactive|Time left: 300 sec this turn | 300 sec total\n|\n|t:|1783550931\n|move|p2a: Persian|Parting Shot|p1a: Jumpluff\n|-unboost|p1a: Jumpluff|atk|1\n|-unboost|p1a: Jumpluff|spa|1\n|inactive|Time left: 300 sec this turn | 300 sec total | 5 sec grace\n|\n|t:|1783550932\n|switch|p2a: Indeedee|Indeedee, L84, M|238/238|[from] Parting Shot\n|move|p1a: Jumpluff|Strength Sap|p2a: Indeedee\n|-unboost|p2a: Indeedee|atk|1\n|-heal|p1a: Jumpluff|100/100\n|\n|-fieldend|move: Psychic Terrain\n|upkeep\n|turn|20\n|inactive|Time left: 300 sec this turn | 300 sec total\n|\n|t:|1783550933\n|move|p1a: Jumpluff|U-turn|p2a: Indeedee\n|-supereffective|p2a: Indeedee\n|-damage|p2a: Indeedee|168/238\n|\n|t:|1783550935\n|switch|p1a: Sableye|Sableye, L88, F|100/100|[from] U-turn\n|move|p2a: Indeedee|Calm Mind|p2a: Indeedee\n|-boost|p2a: Indeedee|spa|1\n|-boost|p2a: Indeedee|spd|1\n|\n|upkeep\n|turn|21\n|inactive|Time left: 300 sec this turn | 300 sec total\n|\n|t:|1783550936\n|switch|p2a: Persian|Persian-Alola, L86, M|118/252\n|move|p1a: Sableye|Knock Off|p2a: Persian\n|-resisted|p2a: Persian\n|-damage|p2a: Persian|86/252\n|-enditem|p2a: Persian|Heavy-Duty Boots|[from] move: Knock Off|[of] p1a: Sableye\n|\n|upkeep\n|turn|22\n|inactive|Time left: 300 sec this turn | 300 sec total\n|\n|t:|1783550937\n|switch|p1a: Jumpluff|Jumpluff, L87, F|100/100\n|move|p2a: Persian|Knock Off|p1a: Jumpluff\n|-damage|p1a: Jumpluff|77/100\n|\n|upkeep\n|turn|23\n|inactive|Time left: 300 sec this turn | 300 sec total\n|\n|t:|1783550938\n|move|p2a: Persian|Thunder Wave|p1a: Jumpluff\n|-status|p1a: Jumpluff|par\n|cant|p1a: Jumpluff|par\n|\n|upkeep\n|turn|24\n|inactive|Time left: 300 sec this turn | 300 sec total\n|\n|t:|1783550939\n|move|p2a: Persian|Parting Shot|p1a: Jumpluff\n|-unboost|p1a: Jumpluff|atk|1\n|-unboost|p1a: Jumpluff|spa|1\n|inactive|Time left: 300 sec this turn | 300 sec total | 5 sec grace\n|\n|t:|1783550940\n|switch|p2a: Indeedee|Indeedee, L84, M|168/238|[from] Parting Shot\n|-fieldstart|move: Psychic Terrain|[from] ability: Psychic Surge|[of] p2a: Indeedee\n|move|p1a: Jumpluff|Strength Sap|p2a: Indeedee\n|-unboost|p2a: Indeedee|atk|1\n|-heal|p1a: Jumpluff|100/100 par\n|\n|upkeep\n|turn|25\n|inactive|Time left: 300 sec this turn | 300 sec total\n|\n|t:|1783550941\n|switch|p1a: Sableye|Sableye, L88, F|100/100\n|move|p2a: Indeedee|Expanding Force|p1a: Sableye\n|-immune|p1a: Sableye\n|\n|upkeep\n|turn|26\n|inactive|Time left: 300 sec this turn | 300 sec total\n|\n|t:|1783550942\n|switch|p2a: Infernape|Infernape, L82, F|199/259\n|move|p1a: Sableye|Knock Off|p2a: Infernape\n|-resisted|p2a: Infernape\n|-damage|p2a: Infernape|160/259\n|\n|upkeep\n|turn|27\n|inactive|Time left: 300 sec this turn | 300 sec total\n|\n|t:|1783550943\n|move|p2a: Infernape|Knock Off|p1a: Sableye\n|-damage|p1a: Sableye|66/100\n|-enditem|p1a: Sableye|Leftovers|[from] move: Knock Off|[of] p2a: Infernape\n|move|p1a: Sableye|Knock Off|p2a: Infernape\n|-resisted|p2a: Infernape\n|-damage|p2a: Infernape|121/259\n|\n|upkeep\n|turn|28\n|inactive|Time left: 300 sec this turn | 300 sec total\n|\n|t:|1783550945\n|move|p1a: Sableye|Recover|p1a: Sableye\n|-heal|p1a: Sableye|100/100\n|move|p2a: Infernape|Overheat|p1a: Sableye\n|-damage|p1a: Sableye|25/100\n|-unboost|p2a: Infernape|spa|2\n|\n|-fieldend|move: Psychic Terrain\n|upkeep\n|turn|29\n|inactive|Time left: 300 sec this turn | 300 sec total\n|\n|t:|1783550946\n|switch|p2a: Persian|Persian-Alola, L86, M|86/252\n|move|p1a: Sableye|Recover|p1a: Sableye\n|-heal|p1a: Sableye|75/100\n|\n|upkeep\n|turn|30\n|inactive|Time left: 300 sec this turn | 300 sec total\n|\n|t:|1783550947\n|move|p2a: Persian|Knock Off|p1a: Sableye\n|-damage|p1a: Sableye|52/100\n|move|p1a: Sableye|Knock Off|p2a: Persian\n|-resisted|p2a: Persian\n|-damage|p2a: Persian|65/252\n|\n|upkeep\n|turn|31\n|inactive|Time left: 300 sec this turn | 300 sec total\n|\n|t:|1783550948\n|move|p2a: Persian|Knock Off|p1a: Sableye\n|-damage|p1a: Sableye|27/100\n|move|p1a: Sableye|Knock Off|p2a: Persian\n|-resisted|p2a: Persian\n|-damage|p2a: Persian|44/252\n|\n|upkeep\n|turn|32\n|inactive|Time left: 300 sec this turn | 300 sec total\n|\n|t:|1783550949\n|move|p2a: Persian|Knock Off|p1a: Sableye\n|-damage|p1a: Sableye|2/100\n|move|p1a: Sableye|Knock Off|p2a: Persian\n|-resisted|p2a: Persian\n|-damage|p2a: Persian|23/252\n|\n|upkeep\n|turn|33\n|inactive|Time left: 300 sec this turn | 300 sec total\n|\n|t:|1783550950\n|move|p2a: Persian|Knock Off|p1a: Sableye\n|-crit|p1a: Sableye\n|-damage|p1a: Sableye|0 fnt\n|faint|p1a: Sableye\n|\n|upkeep\n|\n|t:|1783550951\n|switch|p1a: Zangoose|Zangoose, L85, F|94/100 tox\n|turn|34\n|inactive|Time left: 300 sec this turn | 300 sec total\n|\n|t:|1783550952\n|move|p1a: Zangoose|Quick Attack|p2a: Persian\n|-damage|p2a: Persian|0 fnt\n|faint|p2a: Persian\n|\n|-damage|p1a: Zangoose|88/100 tox|[from] psn\n|upkeep\n|inactive|Time left: 300 sec this turn | 300 sec total | 5 sec grace\n|\n|t:|1783550953\n|switch|p2a: Indeedee|Indeedee, L84, M|168/238\n|-fieldstart|move: Psychic Terrain|[from] ability: Psychic Surge|[of] p2a: Indeedee\n|turn|35\n|inactive|Time left: 300 sec this turn | 300 sec total\n|\n|t:|1783550954\n|switch|p1a: Iron Boulder|Iron Boulder, L77|10/100\n|move|p2a: Indeedee|Expanding Force|p1a: Iron Boulder\n|-resisted|p1a: Iron Boulder\n|-damage|p1a: Iron Boulder|0 fnt\n|faint|p1a: Iron Boulder\n|-end|p1a: Iron Boulder|Quark Drive|[silent]\n|-damage|p2a: Indeedee|145/238|[from] item: Life Orb\n|\n|upkeep\n|\n|t:|1783550955\n|switch|p1a: Jumpluff|Jumpluff, L87, F|100/100 par\n|turn|36\n|inactive|Time left: 300 sec this turn | 300 sec total\n|\n|t:|1783550956\n|-terastallize|p1a: Jumpluff|Steel\n|move|p2a: Indeedee|Calm Mind|p2a: Indeedee\n|-boost|p2a: Indeedee|spa|1\n|-boost|p2a: Indeedee|spd|1\n|move|p1a: Jumpluff|Acrobatics|p2a: Indeedee\n|-crit|p2a: Indeedee\n|-damage|p2a: Indeedee|0 fnt\n|faint|p2a: Indeedee\n|\n|upkeep\n|inactive|Time left: 300 sec this turn | 300 sec total | 5 sec grace\n|\n|t:|1783550957\n|switch|p2a: Infernape|Infernape, L82, F|121/259\n|turn|37\n|inactive|Time left: 300 sec this turn | 300 sec total\n|\n|t:|1783550958\n|-terastallize|p2a: Infernape|Fire\n|move|p2a: Infernape|Close Combat|p1a: Jumpluff\n|-supereffective|p1a: Jumpluff\n|-damage|p1a: Jumpluff|0 fnt\n|-unboost|p2a: Infernape|def|1\n|-unboost|p2a: Infernape|spd|1\n|faint|p1a: Jumpluff\n|\n|upkeep\n|\n|t:|1783550959\n|switch|p1a: Zangoose|Zangoose, L85, F|88/100 tox\n|turn|38\n|inactive|Time left: 300 sec this turn | 300 sec total\n|\n|t:|1783550960\n|move|p2a: Infernape|Close Combat|p1a: Zangoose\n|-supereffective|p1a: Zangoose\n|-damage|p1a: Zangoose|0 fnt\n|-unboost|p2a: Infernape|def|1\n|-unboost|p2a: Infernape|spd|1\n|faint|p1a: Zangoose\n|\n|win|p0y9522074", "uploadtime": 1783550960, "views": 0, "rating": 0, "private": 0, "password": null, "_winner": "p0y9522074", "_our_name": "p0y9522074"}