{"id": "battle-gen9randombattle-52", "formatid": "gen9randombattle", "format": "[Gen 9] Random Battle", "players": ["p0x0522150", "p0y052066b"], "log": "|init|battle\n|title|p0x0522150 vs. p0y052066b\n|j|\u2606p0x0522150\n|j|\u2606p0y052066b\n|t:|1783534395\n|gametype|singles\n|player|p1|p0x0522150|169|\n|player|p2|p0y052066b|266|\n|gen|9\n|tier|[Gen 9] Random Battle\n|rule|Species Clause: Limit one of each Pok\u00e9mon\n|rule|HP Percentage Mod: HP is shown in percentages\n|rule|Sleep Clause Mod: Limit one foe put to sleep\n|rule|Illusion Level Mod: Illusion disguises the Pok\u00e9mon's true level\n|\n|t:|1783534395\n|teamsize|p1|6\n|teamsize|p2|6\n|start\n|switch|p1a: Falinks|Falinks, L84|100/100\n|switch|p2a: Kilowattrel|Kilowattrel, L83, F|252/252\n|turn|1\n|inactive|Battle timer is ON: inactive players will automatically lose when time's up. (requested by p0x0522150)\n|inactive|Time left: 300 sec this turn | 300 sec total | 60 sec grace\n|inactive|p0y052066b also wants the timer to be on.\n|\n|t:|1783534396\n|-terastallize|p1a: Falinks|Steel\n|move|p2a: Kilowattrel|Hurricane|p1a: Falinks|[miss]\n|-miss|p2a: Kilowattrel|p1a: Falinks\n|move|p1a: Falinks|No Retreat|p1a: Falinks\n|-boost|p1a: Falinks|atk|1\n|-boost|p1a: Falinks|def|1\n|-boost|p1a: Falinks|spa|1\n|-boost|p1a: Falinks|spd|1\n|-boost|p1a: Falinks|spe|1\n|-start|p1a: Falinks|move: No Retreat\n|\n|upkeep\n|turn|2\n|inactive|Time left: 300 sec this turn | 300 sec total\n|\n|t:|1783534397\n|switch|p2a: Stonjourner|Stonjourner, L91, F|330/330\n|move|p1a: Falinks|Knock Off|p2a: Stonjourner\n|-damage|p2a: Stonjourner|248/330\n|-enditem|p2a: Stonjourner|Life Orb|[from] move: Knock Off|[of] p1a: Falinks\n|-damage|p1a: Falinks|91/100|[from] item: Life Orb\n|\n|upkeep\n|turn|3\n|inactive|Time left: 300 sec this turn | 300 sec total\n|\n|t:|1783534398\n|-terastallize|p2a: Stonjourner|Fire\n|move|p1a: Falinks|Iron Head|p2a: Stonjourner\n|-resisted|p2a: Stonjourner\n|-damage|p2a: Stonjourner|190/330\n|-damage|p1a: Falinks|81/100|[from] item: Life Orb\n|move|p2a: Stonjourner|Heat Crash|p1a: Falinks\n|-supereffective|p1a: Falinks\n|-damage|p1a: Falinks|0 fnt\n|faint|p1a: Falinks\n|\n|upkeep\n|\n|t:|1783534399\n|switch|p1a: Garchomp|Garchomp, L74, F|100/100\n|turn|4\n|inactive|Time left: 300 sec this turn | 300 sec total\n|\n|t:|1783534400\n|move|p1a: Garchomp|Swords Dance|p1a: Garchomp\n|-boost|p1a: Garchomp|atk|2\n|move|p2a: Stonjourner|Stealth Rock|p1a: Garchomp\n|-sidestart|p1: p0x0522150|move: Stealth Rock\n|\n|upkeep\n|turn|5\n|inactive|Time left: 300 sec this turn | 300 sec total\n|\n|t:|1783534401\n|switch|p2a: Kilowattrel|Kilowattrel, L83, F|252/252\n|move|p1a: Garchomp|Earthquake|p2a: Kilowattrel\n|-immune|p2a: Kilowattrel\n|\n|upkeep\n|turn|6\n|inactive|Time left: 300 sec this turn | 300 sec total\n|\n|t:|1783534402\n|move|p2a: Kilowattrel|Hurricane|p1a: Garchomp|[miss]\n|-miss|p2a: Kilowattrel|p1a: Garchomp\n|move|p1a: Garchomp|Scale Shot|p2a: Kilowattrel\n|-damage|p2a: Kilowattrel|180/252\n|-damage|p2a: Kilowattrel|111/252\n|-crit|p2a: Kilowattrel\n|-damage|p2a: Kilowattrel|2/252\n|-damage|p2a: Kilowattrel|0 fnt\n|faint|p2a: Kilowattrel\n|-hitcount|p2: Kilowattrel|4\n|-unboost|p1a: Garchomp|def|1\n|-boost|p1a: Garchomp|spe|1\n|\n|upkeep\n|inactive|Time left: 300 sec this turn | 300 sec total | 5 sec grace\n|\n|t:|1783534403\n|switch|p2a: Azumarill|Azumarill, L82, F|298/298\n|turn|7\n|inactive|Time left: 300 sec this turn | 300 sec total\n|\n|t:|1783534404\n|move|p1a: Garchomp|Earthquake|p2a: Azumarill\n|-damage|p2a: Azumarill|61/298\n|move|p2a: Azumarill|Play Rough|p1a: Garchomp\n|-supereffective|p1a: Garchomp\n|-damage|p1a: Garchomp|0 fnt\n|-damage|p2a: Azumarill|24/298|[from] ability: Rough Skin|[of] p1a: Garchomp\n|faint|p1a: Garchomp\n|\n|upkeep\n|\n|t:|1783534405\n|switch|p1a: Weezing|Weezing-Galar, L86, M|100/100\n|-damage|p1a: Weezing|88/100|[from] Stealth Rock\n|turn|8\n|inactive|Time left: 300 sec this turn | 300 sec total\n|\n|t:|1783534406\n|move|p1a: Weezing|Strange Steam|p2a: Azumarill\n|-damage|p2a: Azumarill|0 fnt\n|faint|p2a: Azumarill\n|\n|-heal|p1a: Weezing|94/100|[from] item: Leftovers\n|upkeep\n|inactive|Time left: 300 sec this turn | 300 sec total | 5 sec grace\n|\n|t:|1783534407\n|switch|p2a: Espathra|Espathra, L80, M|283/283\n|turn|9\n|inactive|Time left: 300 sec this turn | 300 sec total\n|\n|t:|1783534408\n|switch|p1a: Sylveon|Sylveon, L85, F|100/100\n|-damage|p1a: Sylveon|88/100|[from] Stealth Rock\n|move|p2a: Espathra|Lumina Crash|p1a: Sylveon\n|-damage|p1a: Sylveon|59/100\n|-unboost|p1a: Sylveon|spd|2\n|\n|-heal|p1a: Sylveon|65/100|[from] item: Leftovers\n|-ability|p2a: Espathra|Speed Boost|boost\n|-boost|p2a: Espathra|spe|1\n|upkeep\n|turn|10\n|inactive|Time left: 300 sec this turn | 300 sec total\n|\n|t:|1783534409\n|move|p2a: Espathra|Lumina Crash|p1a: Sylveon\n|-damage|p1a: Sylveon|10/100\n|-unboost|p1a: Sylveon|spd|2\n|move|p1a: Sylveon|Hyper Voice|p2a: Espathra\n|-damage|p2a: Espathra|96/283\n|\n|-heal|p1a: Sylveon|16/100|[from] item: Leftovers\n|-ability|p2a: Espathra|Speed Boost|boost\n|-boost|p2a: Espathra|spe|1\n|upkeep\n|turn|11\n|inactive|Time left: 300 sec this turn | 300 sec total\n|\n|t:|1783534410\n|move|p2a: Espathra|Lumina Crash|p1a: Sylveon\n|-damage|p1a: Sylveon|0 fnt\n|faint|p1a: Sylveon\n|\n|-ability|p2a: Espathra|Speed Boost|boost\n|-boost|p2a: Espathra|spe|1\n|upkeep\n|\n|t:|1783534411\n|switch|p1a: Electrode|Electrode, L92|100/100\n|-damage|p1a: Electrode|88/100|[from] Stealth Rock\n|turn|12\n|inactive|Time left: 300 sec this turn | 300 sec total\n|\n|t:|1783534412\n|switch|p2a: Torterra|Torterra, L78, M|276/276\n|move|p1a: Electrode|Thunderbolt|p2a: Torterra\n|-immune|p2a: Torterra\n|\n|upkeep\n|turn|13\n|inactive|Time left: 300 sec this turn | 300 sec total\n|\n|t:|1783534413\n|switch|p1a: Weezing|Weezing-Galar, L86, M|94/100\n|-damage|p1a: Weezing|82/100|[from] Stealth Rock\n|move|p2a: Torterra|Shell Smash|p2a: Torterra\n|-unboost|p2a: Torterra|def|1\n|-unboost|p2a: Torterra|spd|1\n|-boost|p2a: Torterra|atk|2\n|-boost|p2a: Torterra|spa|2\n|-boost|p2a: Torterra|spe|2\n|\n|-heal|p1a: Weezing|88/100|[from] item: Leftovers\n|upkeep\n|turn|14\n|inactive|Time left: 300 sec this turn | 300 sec total\n|\n|t:|1783534414\n|move|p2a: Torterra|Rock Blast|p1a: Weezing\n|-damage|p1a: Weezing|78/100\n|-damage|p1a: Weezing|68/100\n|-damage|p1a: Weezing|58/100\n|-damage|p1a: Weezing|47/100\n|-damage|p1a: Weezing|37/100\n|-hitcount|p1a: Weezing|5\n|move|p1a: Weezing|Fire Blast|p2a: Torterra\n|-supereffective|p2a: Torterra\n|-damage|p2a: Torterra|12/276\n|\n|-heal|p1a: Weezing|43/100|[from] item: Leftovers\n|upkeep\n|turn|15\n|inactive|Time left: 300 sec this turn | 300 sec total\n|\n|t:|1783534415\n|move|p2a: Torterra|Bullet Seed|p1a: Weezing\n|-resisted|p1a: Weezing\n|-damage|p1a: Weezing|33/100\n|-resisted|p1a: Weezing\n|-damage|p1a: Weezing|20/100\n|-resisted|p1a: Weezing\n|-damage|p1a: Weezing|8/100\n|-resisted|p1a: Weezing\n|-damage|p1a: Weezing|0 fnt\n|faint|p1a: Weezing\n|-hitcount|p1: Weezing|4\n|\n|upkeep\n|\n|t:|1783534416\n|switch|p1a: Electrode|Electrode, L92|88/100\n|-damage|p1a: Electrode|76/100|[from] Stealth Rock\n|turn|16\n|inactive|Time left: 300 sec this turn | 300 sec total\n|\n|t:|1783534417\n|move|p1a: Electrode|Tera Blast|p2a: Torterra\n|-damage|p2a: Torterra|0 fnt\n|faint|p2a: Torterra\n|-damage|p1a: Electrode|66/100|[from] item: Life Orb\n|\n|upkeep\n|inactive|Time left: 300 sec this turn | 300 sec total | 5 sec grace\n|\n|t:|1783534419\n|switch|p2a: Heracross|Heracross, L80, M|259/259\n|turn|17\n|inactive|Time left: 300 sec this turn | 300 sec total\n|\n|t:|1783534420\n|move|p1a: Electrode|Volt Switch|p2a: Heracross\n|-damage|p2a: Heracross|160/259\n|-damage|p1a: Electrode|56/100|[from] item: Life Orb\n|\n|t:|1783534421\n|switch|p1a: Slither Wing|Slither Wing, L81|100/100|[from] Volt Switch\n|-damage|p1a: Slither Wing|88/100|[from] Stealth Rock\n|-enditem|p1a: Slither Wing|Booster Energy\n|-activate|p1a: Slither Wing|ability: Protosynthesis|[fromitem]\n|-start|p1a: Slither Wing|protosynthesisatk\n|move|p2a: Heracross|Close Combat|p1a: Slither Wing\n|-resisted|p1a: Slither Wing\n|-damage|p1a: Slither Wing|58/100\n|-unboost|p2a: Heracross|def|1\n|-unboost|p2a: Heracross|spd|1\n|\n|upkeep\n|turn|18\n|inactive|Time left: 300 sec this turn | 300 sec total\n|\n|t:|1783534422\n|switch|p2a: Stonjourner|Stonjourner, L91, F, tera:Fire|190/330\n|-end|p1a: Slither Wing|Protosynthesis|[silent]\n|switch|p1a: Electrode|Electrode, L92|56/100\n|-damage|p1a: Electrode|44/100|[from] Stealth Rock\n|\n|upkeep\n|turn|19\n|inactive|Time left: 300 sec this turn | 300 sec total\n|\n|t:|1783534423\n|move|p1a: Electrode|Thunderbolt|p2a: Stonjourner\n|-damage|p2a: Stonjourner|0 fnt\n|faint|p2a: Stonjourner\n|-damage|p1a: Electrode|34/100|[from] item: Life Orb\n|\n|upkeep\n|inactive|Time left: 300 sec this turn | 300 sec total | 5 sec grace\n|\n|t:|1783534424\n|switch|p2a: Heracross|Heracross, L80, M|160/259\n|turn|20\n|inactive|Time left: 300 sec this turn | 300 sec total\n|\n|t:|1783534424\n|move|p1a: Electrode|Thunderbolt|p2a: Heracross\n|-damage|p2a: Heracross|39/259\n|-damage|p1a: Electrode|24/100|[from] item: Life Orb\n|move|p2a: Heracross|Megahorn|p1a: Electrode\n|-damage|p1a: Electrode|0 fnt\n|faint|p1a: Electrode\n|-ability|p2a: Heracross|Moxie|boost\n|-boost|p2a: Heracross|atk|1\n|\n|upkeep\n|\n|t:|1783534426\n|switch|p1a: Slither Wing|Slither Wing, L81|58/100\n|-damage|p1a: Slither Wing|45/100|[from] Stealth Rock\n|turn|21\n|inactive|Time left: 300 sec this turn | 300 sec total\n|\n|t:|1783534426\n|move|p2a: Heracross|Megahorn|p1a: Slither Wing\n|-resisted|p1a: Slither Wing\n|-damage|p1a: Slither Wing|3/100\n|move|p1a: Slither Wing|Bulk Up|p1a: Slither Wing\n|-boost|p1a: Slither Wing|atk|1\n|-boost|p1a: Slither Wing|def|1\n|\n|upkeep\n|turn|22\n|inactive|Time left: 300 sec this turn | 300 sec total\n|\n|t:|1783534427\n|move|p2a: Heracross|Megahorn|p1a: Slither Wing\n|-resisted|p1a: Slither Wing\n|-damage|p1a: Slither Wing|0 fnt\n|faint|p1a: Slither Wing\n|-end|p1a: Slither Wing|Protosynthesis|[silent]\n|\n|win|p0y052066b", "uploadtime": 1783534427, "views": 0, "rating": 0, "private": 0, "password": null, "_winner": "p0y052066b", "_our_name": "p0y052066b"}