{"id": "battle-gen9randombattle-400", "formatid": "gen9randombattle", "format": "[Gen 9] Random Battle", "players": ["p0x4007023", "p0y40086c0"], "log": "|init|battle\n|title|p0x4007023 vs. p0y40086c0\n|j|\u2606p0x4007023\n|j|\u2606p0y40086c0\n|t:|1783543732\n|gametype|singles\n|player|p1|p0x4007023|2|\n|player|p2|p0y40086c0|2|\n|gen|9\n|tier|[Gen 9] Random Battle\n|rule|Species Clause: Limit one of each Pok\u00e9mon\n|rule|HP Percentage Mod: HP is shown in percentages\n|rule|Sleep Clause Mod: Limit one foe put to sleep\n|rule|Illusion Level Mod: Illusion disguises the Pok\u00e9mon's true level\n|\n|t:|1783543732\n|teamsize|p1|6\n|teamsize|p2|6\n|start\n|switch|p1a: Snorlax|Snorlax, L82, F|100/100\n|switch|p2a: Mienshao|Mienshao, L83, F|243/243\n|turn|1\n|inactive|Battle timer is ON: inactive players will automatically lose when time's up. (requested by p0y40086c0)\n|inactive|p0x4007023 also wants the timer to be on.\n|\n|t:|1783543733\n|-terastallize|p1a: Snorlax|Poison\n|move|p2a: Mienshao|High Jump Kick|p1a: Snorlax\n|-resisted|p1a: Snorlax\n|-damage|p1a: Snorlax|57/100\n|move|p1a: Snorlax|Body Slam|p2a: Mienshao\n|-damage|p2a: Mienshao|128/243\n|\n|-heal|p1a: Snorlax|63/100|[from] item: Leftovers\n|upkeep\n|turn|2\n|inactive|Time left: 300 sec this turn | 300 sec total\n|\n|t:|1783543734\n|move|p2a: Mienshao|High Jump Kick|p1a: Snorlax\n|-resisted|p1a: Snorlax\n|-damage|p1a: Snorlax|19/100\n|move|p1a: Snorlax|Body Slam|p2a: Mienshao\n|-damage|p2a: Mienshao|11/243\n|-status|p2a: Mienshao|par\n|\n|-heal|p1a: Snorlax|25/100|[from] item: Leftovers\n|upkeep\n|turn|3\n|inactive|Time left: 300 sec this turn | 300 sec total\n|\n|t:|1783543735\n|cant|p2a: Mienshao|par\n|move|p1a: Snorlax|Rest|p1a: Snorlax\n|-status|p1a: Snorlax|slp|[from] move: Rest\n|-heal|p1a: Snorlax|100/100 slp|[silent]\n|\n|upkeep\n|turn|4\n|inactive|Time left: 300 sec this turn | 300 sec total\n|\n|t:|1783543736\n|move|p2a: Mienshao|High Jump Kick|p1a: Snorlax\n|-resisted|p1a: Snorlax\n|-damage|p1a: Snorlax|54/100 slp\n|cant|p1a: Snorlax|slp\n|move|p1a: Snorlax|Sleep Talk|p1a: Snorlax\n|move|p1a: Snorlax|Body Slam|p2a: Mienshao|[from] move: Sleep Talk\n|-damage|p2a: Mienshao|0 fnt\n|faint|p2a: Mienshao\n|\n|-heal|p1a: Snorlax|60/100 slp|[from] item: Leftovers\n|upkeep\n|inactive|Time left: 300 sec this turn | 300 sec total | 5 sec grace\n|\n|t:|1783543737\n|switch|p2a: Munkidori|Munkidori, L79, M|269/269\n|turn|5\n|inactive|Time left: 300 sec this turn | 300 sec total\n|\n|t:|1783543737\n|move|p2a: Munkidori|Psychic Noise|p1a: Snorlax\n|-supereffective|p1a: Snorlax\n|-damage|p1a: Snorlax|19/100 slp\n|-start|p1a: Snorlax|move: Heal Block\n|cant|p1a: Snorlax|slp\n|move|p1a: Snorlax|Sleep Talk|p1a: Snorlax\n|cant|p1a: Snorlax|move: Heal Block|Rest\n|\n|upkeep\n|turn|6\n|inactive|Time left: 300 sec this turn | 300 sec total\n|\n|t:|1783543738\n|move|p2a: Munkidori|Psychic Noise|p1a: Snorlax\n|-supereffective|p1a: Snorlax\n|-damage|p1a: Snorlax|0 fnt\n|faint|p1a: Snorlax\n|\n|upkeep\n|\n|t:|1783543739\n|switch|p1a: Rhydon|Rhydon, L85, M|100/100\n|turn|7\n|inactive|Time left: 300 sec this turn | 300 sec total\n|\n|t:|1783543740\n|move|p2a: Munkidori|Psychic Noise|p1a: Rhydon\n|-damage|p1a: Rhydon|73/100\n|-start|p1a: Rhydon|move: Heal Block\n|move|p1a: Rhydon|Earthquake|p2a: Munkidori\n|-supereffective|p2a: Munkidori\n|-damage|p2a: Munkidori|0 fnt\n|faint|p2a: Munkidori\n|\n|upkeep\n|inactive|Time left: 300 sec this turn | 300 sec total | 5 sec grace\n|\n|t:|1783543741\n|switch|p2a: Heracross|Heracross, L80, F|259/259\n|turn|8\n|inactive|Time left: 300 sec this turn | 300 sec total\n|\n|t:|1783543742\n|move|p2a: Heracross|Close Combat|p1a: Rhydon\n|-supereffective|p1a: Rhydon\n|-damage|p1a: Rhydon|24/100\n|-unboost|p2a: Heracross|def|1\n|-unboost|p2a: Heracross|spd|1\n|move|p1a: Rhydon|Stone Edge|p2a: Heracross|[miss]\n|-miss|p1a: Rhydon|p2a: Heracross\n|\n|-end|p1a: Rhydon|move: Heal Block\n|upkeep\n|turn|9\n|inactive|Time left: 300 sec this turn | 300 sec total\n|\n|t:|1783543743\n|switch|p1a: Charizard|Charizard, L85, M|100/100\n|move|p2a: Heracross|Close Combat|p1a: Charizard\n|-resisted|p1a: Charizard\n|-damage|p1a: Charizard|70/100\n|-unboost|p2a: Heracross|def|1\n|-unboost|p2a: Heracross|spd|1\n|\n|upkeep\n|turn|10\n|inactive|Time left: 300 sec this turn | 300 sec total\n|\n|t:|1783543745\n|switch|p2a: Jumpluff|Jumpluff, L87, F|271/271\n|move|p1a: Charizard|Swords Dance|p1a: Charizard\n|-boost|p1a: Charizard|atk|2\n|\n|upkeep\n|turn|11\n|inactive|Time left: 300 sec this turn | 300 sec total\n|\n|t:|1783543746\n|move|p2a: Jumpluff|Acrobatics|p1a: Charizard\n|-damage|p1a: Charizard|38/100\n|move|p1a: Charizard|Flare Blitz|p2a: Jumpluff\n|-supereffective|p2a: Jumpluff\n|-damage|p2a: Jumpluff|0 fnt\n|faint|p2a: Jumpluff\n|-damage|p1a: Charizard|5/100|[from] Recoil\n|\n|upkeep\n|inactive|Time left: 300 sec this turn | 300 sec total | 5 sec grace\n|\n|t:|1783543747\n|switch|p2a: Heracross|Heracross, L80, F|259/259\n|turn|12\n|inactive|Time left: 300 sec this turn | 300 sec total\n|\n|t:|1783543748\n|move|p2a: Heracross|Megahorn|p1a: Charizard\n|-resisted|p1a: Charizard\n|-damage|p1a: Charizard|0 fnt\n|faint|p1a: Charizard\n|-ability|p2a: Heracross|Moxie|boost\n|-boost|p2a: Heracross|atk|1\n|\n|upkeep\n|\n|t:|1783543749\n|switch|p1a: Entei|Entei, L78|100/100\n|turn|13\n|inactive|Time left: 300 sec this turn | 300 sec total\n|\n|t:|1783543750\n|switch|p2a: Talonflame|Talonflame, L83, F|265/265\n|move|p1a: Entei|Sacred Fire|p2a: Talonflame\n|-resisted|p2a: Talonflame\n|-damage|p2a: Talonflame|180/265\n|\n|upkeep\n|turn|14\n|inactive|Time left: 300 sec this turn | 300 sec total\n|\n|t:|1783543751\n|move|p2a: Talonflame|Brave Bird|p1a: Entei\n|-damage|p1a: Entei|60/100\n|-damage|p2a: Talonflame|139/265|[from] Recoil\n|move|p1a: Entei|Sacred Fire|p2a: Talonflame\n|-resisted|p2a: Talonflame\n|-damage|p2a: Talonflame|43/265\n|\n|upkeep\n|turn|15\n|inactive|Time left: 300 sec this turn | 300 sec total\n|\n|t:|1783543752\n|move|p2a: Talonflame|Roost|p2a: Talonflame\n|-heal|p2a: Talonflame|176/265\n|-singleturn|p2a: Talonflame|move: Roost\n|move|p1a: Entei|Sacred Fire|p2a: Talonflame\n|-resisted|p2a: Talonflame\n|-crit|p2a: Talonflame\n|-damage|p2a: Talonflame|44/265\n|\n|upkeep\n|turn|16\n|inactive|Time left: 300 sec this turn | 300 sec total\n|\n|t:|1783543753\n|move|p2a: Talonflame|Brave Bird|p1a: Entei\n|-damage|p1a: Entei|21/100\n|-damage|p2a: Talonflame|4/265|[from] Recoil\n|move|p1a: Entei|Sacred Fire|p2a: Talonflame\n|-resisted|p2a: Talonflame\n|-damage|p2a: Talonflame|0 fnt\n|faint|p2a: Talonflame\n|\n|upkeep\n|inactive|Time left: 300 sec this turn | 300 sec total | 5 sec grace\n|\n|t:|1783543755\n|switch|p2a: Heracross|Heracross, L80, F|259/259\n|turn|17\n|inactive|Time left: 300 sec this turn | 300 sec total\n|\n|t:|1783543756\n|switch|p1a: Regice|Regice, L88|100/100\n|move|p2a: Heracross|Close Combat|p1a: Regice\n|-supereffective|p1a: Regice\n|-damage|p1a: Regice|17/100\n|-unboost|p2a: Heracross|def|1\n|-unboost|p2a: Heracross|spd|1\n|\n|upkeep\n|turn|18\n|inactive|Time left: 300 sec this turn | 300 sec total\n|\n|t:|1783543757\n|switch|p1a: Meowstic|Meowstic-F, L89, F|100/100\n|move|p2a: Heracross|Close Combat|p1a: Meowstic\n|-resisted|p1a: Meowstic\n|-damage|p1a: Meowstic|75/100\n|-unboost|p2a: Heracross|def|1\n|-unboost|p2a: Heracross|spd|1\n|\n|upkeep\n|turn|19\n|inactive|Time left: 300 sec this turn | 300 sec total\n|\n|t:|1783543758\n|switch|p2a: Froslass|Froslass, L87, F|263/263\n|move|p1a: Meowstic|Nasty Plot|p1a: Meowstic\n|-boost|p1a: Meowstic|spa|2\n|\n|upkeep\n|turn|20\n|inactive|Time left: 300 sec this turn | 300 sec total\n|\n|t:|1783543759\n|switch|p1a: Rhydon|Rhydon, L85, M|24/100\n|move|p2a: Froslass|Poltergeist|p1a: Rhydon\n|-activate|p1a: Rhydon|move: Poltergeist|Eviolite\n|-damage|p1a: Rhydon|6/100\n|\n|upkeep\n|turn|21\n|inactive|Time left: 300 sec this turn | 300 sec total\n|\n|t:|1783543760\n|move|p2a: Froslass|Triple Axel|p1a: Rhydon\n|-supereffective|p1a: Rhydon\n|-damage|p1a: Rhydon|0 fnt\n|faint|p1a: Rhydon\n|-hitcount|p1: Rhydon|1\n|\n|upkeep\n|\n|t:|1783543761\n|switch|p1a: Regice|Regice, L88|17/100\n|turn|22\n|inactive|Time left: 300 sec this turn | 300 sec total\n|\n|t:|1783543762\n|move|p2a: Froslass|Poltergeist|p1a: Regice\n|-activate|p1a: Regice|move: Poltergeist|Heavy-Duty Boots\n|-damage|p1a: Regice|0 fnt\n|faint|p1a: Regice\n|\n|upkeep\n|\n|t:|1783543763\n|switch|p1a: Entei|Entei, L78|21/100\n|turn|23\n|inactive|Time left: 300 sec this turn | 300 sec total\n|\n|t:|1783543764\n|-terastallize|p2a: Froslass|Ghost\n|move|p1a: Entei|Extreme Speed|p2a: Froslass\n|-immune|p2a: Froslass\n|move|p2a: Froslass|Poltergeist|p1a: Entei\n|-activate|p1a: Entei|move: Poltergeist|Choice Band\n|-damage|p1a: Entei|0 fnt\n|faint|p1a: Entei\n|\n|upkeep\n|\n|t:|1783543765\n|switch|p1a: Meowstic|Meowstic-F, L89, F|75/100\n|turn|24\n|inactive|Time left: 300 sec this turn | 300 sec total\n|\n|t:|1783543766\n|move|p2a: Froslass|Poltergeist|p1a: Meowstic\n|-activate|p1a: Meowstic|move: Poltergeist|Life Orb\n|-supereffective|p1a: Meowstic\n|-damage|p1a: Meowstic|0 fnt\n|faint|p1a: Meowstic\n|\n|win|p0y40086c0", "uploadtime": 1783543766, "views": 0, "rating": 0, "private": 0, "password": null, "_winner": "p0y40086c0", "_our_name": "p0y40086c0"}