{"id": "battle-gen9randombattle-1786", "formatid": "gen9randombattle", "format": "[Gen 9] Random Battle", "players": ["p0x17865c40", "p0y1786727a"], "log": "|init|battle\n|title|p0x17865c40 vs. p0y1786727a\n|j|\u2606p0x17865c40\n|j|\u2606p0y1786727a\n|t:|1783560699\n|gametype|singles\n|player|p1|p0x17865c40|170|\n|player|p2|p0y1786727a|2|\n|gen|9\n|tier|[Gen 9] Random Battle\n|rule|Species Clause: Limit one of each Pok\u00e9mon\n|rule|HP Percentage Mod: HP is shown in percentages\n|rule|Sleep Clause Mod: Limit one foe put to sleep\n|rule|Illusion Level Mod: Illusion disguises the Pok\u00e9mon's true level\n|\n|t:|1783560699\n|teamsize|p1|6\n|teamsize|p2|6\n|start\n|switch|p1a: Electivire|Electivire, L84, M|100/100\n|switch|p2a: Mudsdale|Mudsdale, L83, M|302/302\n|turn|1\n|inactive|Battle timer is ON: inactive players will automatically lose when time's up. (requested by p0y1786727a)\n|inactive|p0x17865c40 also wants the timer to be on.\n|\n|t:|1783560700\n|switch|p1a: Politoed|Politoed, L88, F|100/100\n|-weather|RainDance|[from] ability: Drizzle|[of] p1a: Politoed\n|move|p2a: Mudsdale|Earthquake|p1a: Politoed\n|-damage|p1a: Politoed|56/100\n|\n|-weather|RainDance|[upkeep]\n|upkeep\n|turn|2\n|inactive|Time left: 300 sec this turn | 300 sec total\n|\n|t:|1783560702\n|switch|p2a: Iron Leaves|Iron Leaves, L80|275/275\n|move|p1a: Politoed|Weather Ball|p2a: Iron Leaves\n|-resisted|p2a: Iron Leaves\n|-damage|p2a: Iron Leaves|170/275\n|\n|-weather|RainDance|[upkeep]\n|upkeep\n|turn|3\n|inactive|Time left: 300 sec this turn | 300 sec total\n|\n|t:|1783560703\n|move|p2a: Iron Leaves|Leaf Blade|p1a: Politoed\n|-supereffective|p1a: Politoed\n|-damage|p1a: Politoed|0 fnt\n|faint|p1a: Politoed\n|\n|-weather|RainDance|[upkeep]\n|upkeep\n|\n|t:|1783560704\n|switch|p1a: Wo-Chien|Wo-Chien, L83|100/100\n|-ability|p1a: Wo-Chien|Tablets of Ruin\n|turn|4\n|inactive|Time left: 300 sec this turn | 300 sec total\n|\n|t:|1783560705\n|-end|p2a: Iron Leaves|Quark Drive|[silent]\n|switch|p2a: Mudsdale|Mudsdale, L83, M|302/302\n|move|p1a: Wo-Chien|Knock Off|p2a: Mudsdale\n|-damage|p2a: Mudsdale|223/302\n|-ability|p2a: Mudsdale|Stamina|boost\n|-boost|p2a: Mudsdale|def|1\n|-enditem|p2a: Mudsdale|Leftovers|[from] move: Knock Off|[of] p1a: Wo-Chien\n|\n|-weather|RainDance|[upkeep]\n|upkeep\n|turn|5\n|inactive|Time left: 300 sec this turn | 300 sec total\n|\n|t:|1783560706\n|move|p1a: Wo-Chien|Giga Drain|p2a: Mudsdale\n|-supereffective|p2a: Mudsdale\n|-damage|p2a: Mudsdale|67/302\n|-ability|p2a: Mudsdale|Stamina|boost\n|-boost|p2a: Mudsdale|def|1\n|move|p2a: Mudsdale|Stealth Rock|p1a: Wo-Chien\n|-sidestart|p1: p0x17865c40|move: Stealth Rock\n|\n|-weather|none\n|upkeep\n|turn|6\n|inactive|Time left: 300 sec this turn | 300 sec total\n|\n|t:|1783560707\n|move|p1a: Wo-Chien|Leech Seed|p2a: Mudsdale\n|-start|p2a: Mudsdale|move: Leech Seed\n|move|p2a: Mudsdale|Earthquake|p1a: Wo-Chien\n|-resisted|p1a: Wo-Chien\n|-damage|p1a: Wo-Chien|85/100\n|\n|-heal|p1a: Wo-Chien|91/100|[from] item: Leftovers\n|-damage|p2a: Mudsdale|30/302|[from] Leech Seed|[of] p1a: Wo-Chien\n|-heal|p1a: Wo-Chien|100/100|[silent]\n|upkeep\n|turn|7\n|inactive|Time left: 300 sec this turn | 300 sec total\n|\n|t:|1783560708\n|switch|p2a: Gurdurr|Gurdurr, L85, M|283/283\n|move|p1a: Wo-Chien|Knock Off|p2a: Gurdurr\n|-resisted|p2a: Gurdurr\n|-damage|p2a: Gurdurr|254/283\n|-enditem|p2a: Gurdurr|Eviolite|[from] move: Knock Off|[of] p1a: Wo-Chien\n|\n|upkeep\n|turn|8\n|inactive|Time left: 300 sec this turn | 300 sec total\n|\n|t:|1783560708\n|move|p1a: Wo-Chien|Giga Drain|p2a: Gurdurr\n|-damage|p2a: Gurdurr|148/283\n|move|p2a: Gurdurr|Bulk Up|p2a: Gurdurr\n|-boost|p2a: Gurdurr|atk|1\n|-boost|p2a: Gurdurr|def|1\n|\n|upkeep\n|turn|9\n|inactive|Time left: 300 sec this turn | 300 sec total\n|\n|t:|1783560709\n|move|p1a: Wo-Chien|Giga Drain|p2a: Gurdurr\n|-damage|p2a: Gurdurr|42/283\n|move|p2a: Gurdurr|Drain Punch|p1a: Wo-Chien\n|-supereffective|p1a: Wo-Chien\n|-damage|p1a: Wo-Chien|37/100\n|-heal|p2a: Gurdurr|130/283|[from] drain|[of] p1a: Wo-Chien\n|\n|-heal|p1a: Wo-Chien|43/100|[from] item: Leftovers\n|upkeep\n|turn|10\n|inactive|Time left: 300 sec this turn | 300 sec total\n|\n|t:|1783560710\n|-terastallize|p1a: Wo-Chien|Poison\n|move|p1a: Wo-Chien|Giga Drain|p2a: Gurdurr\n|-damage|p2a: Gurdurr|12/283\n|-heal|p1a: Wo-Chien|64/100|[from] drain|[of] p2a: Gurdurr\n|move|p2a: Gurdurr|Drain Punch|p1a: Wo-Chien\n|-resisted|p1a: Wo-Chien\n|-damage|p1a: Wo-Chien|49/100\n|-heal|p2a: Gurdurr|34/283|[from] drain|[of] p1a: Wo-Chien\n|\n|-heal|p1a: Wo-Chien|55/100|[from] item: Leftovers\n|upkeep\n|turn|11\n|inactive|Time left: 300 sec this turn | 300 sec total\n|\n|t:|1783560711\n|move|p1a: Wo-Chien|Giga Drain|p2a: Gurdurr\n|-damage|p2a: Gurdurr|0 fnt\n|-heal|p1a: Wo-Chien|61/100|[from] drain|[of] p2a: Gurdurr\n|faint|p2a: Gurdurr\n|\n|-heal|p1a: Wo-Chien|67/100|[from] item: Leftovers\n|upkeep\n|inactive|Time left: 300 sec this turn | 300 sec total | 5 sec grace\n|\n|t:|1783560712\n|switch|p2a: Iron Leaves|Iron Leaves, L80|170/275\n|turn|12\n|inactive|Time left: 300 sec this turn | 300 sec total\n|\n|t:|1783560713\n|move|p1a: Wo-Chien|Protect|p1a: Wo-Chien\n|-singleturn|p1a: Wo-Chien|Protect\n|move|p2a: Iron Leaves|Psyblade|p1a: Wo-Chien\n|-activate|p1a: Wo-Chien|move: Protect\n|\n|-heal|p1a: Wo-Chien|73/100|[from] item: Leftovers\n|upkeep\n|turn|13\n|inactive|Time left: 300 sec this turn | 300 sec total\n|\n|t:|1783560714\n|switch|p1a: Arcanine|Arcanine, L84, M|100/100\n|-ability|p1a: Arcanine|Intimidate|boost\n|-unboost|p2a: Iron Leaves|atk|1\n|move|p2a: Iron Leaves|Psyblade|p1a: Arcanine\n|-damage|p1a: Arcanine|63/100\n|\n|upkeep\n|turn|14\n|inactive|Time left: 300 sec this turn | 300 sec total\n|\n|t:|1783560715\n|move|p2a: Iron Leaves|Psyblade|p1a: Arcanine\n|-damage|p1a: Arcanine|28/100\n|move|p1a: Arcanine|Flare Blitz|p2a: Iron Leaves\n|-supereffective|p2a: Iron Leaves\n|-damage|p2a: Iron Leaves|0 fnt\n|faint|p2a: Iron Leaves\n|-end|p2a: Iron Leaves|Quark Drive|[silent]\n|-damage|p1a: Arcanine|9/100|[from] Recoil\n|\n|upkeep\n|inactive|Time left: 300 sec this turn | 300 sec total | 5 sec grace\n|\n|t:|1783560716\n|switch|p2a: Maushold|Maushold, L76|238/238\n|turn|15\n|inactive|Time left: 300 sec this turn | 300 sec total\n|\n|t:|1783560717\n|move|p1a: Arcanine|Extreme Speed|p2a: Maushold\n|-damage|p2a: Maushold|160/238\n|move|p2a: Maushold|Population Bomb|p1a: Arcanine\n|-damage|p1a: Arcanine|1/100\n|-damage|p1a: Arcanine|0 fnt\n|faint|p1a: Arcanine\n|-hitcount|p1: Arcanine|2\n|\n|upkeep\n|\n|t:|1783560717\n|switch|p1a: Wo-Chien|Wo-Chien, L83, tera:Poison|73/100\n|-damage|p1a: Wo-Chien|61/100|[from] Stealth Rock\n|-ability|p1a: Wo-Chien|Tablets of Ruin\n|turn|16\n|inactive|Time left: 300 sec this turn | 300 sec total\n|\n|t:|1783560718\n|move|p2a: Maushold|Population Bomb|p1a: Wo-Chien\n|-damage|p1a: Wo-Chien|55/100\n|-damage|p1a: Wo-Chien|49/100\n|-damage|p1a: Wo-Chien|44/100\n|-damage|p1a: Wo-Chien|38/100\n|-damage|p1a: Wo-Chien|32/100\n|-damage|p1a: Wo-Chien|26/100\n|-damage|p1a: Wo-Chien|20/100\n|-damage|p1a: Wo-Chien|14/100\n|-damage|p1a: Wo-Chien|8/100\n|-damage|p1a: Wo-Chien|2/100\n|-hitcount|p1a: Wo-Chien|10\n|move|p1a: Wo-Chien|Giga Drain|p2a: Maushold\n|-damage|p2a: Maushold|72/238\n|-heal|p1a: Wo-Chien|18/100|[from] drain|[of] p2a: Maushold\n|\n|-heal|p1a: Wo-Chien|24/100|[from] item: Leftovers\n|upkeep\n|turn|17\n|inactive|Time left: 300 sec this turn | 300 sec total\n|\n|t:|1783560719\n|move|p1a: Wo-Chien|Protect|p1a: Wo-Chien\n|-singleturn|p1a: Wo-Chien|Protect\n|move|p2a: Maushold|Population Bomb|p1a: Wo-Chien\n|-activate|p1a: Wo-Chien|move: Protect\n|\n|-heal|p1a: Wo-Chien|30/100|[from] item: Leftovers\n|upkeep\n|turn|18\n|inactive|Time left: 300 sec this turn | 300 sec total\n|\n|t:|1783560720\n|move|p2a: Maushold|Population Bomb|p1a: Wo-Chien\n|-damage|p1a: Wo-Chien|25/100\n|-damage|p1a: Wo-Chien|19/100\n|-damage|p1a: Wo-Chien|13/100\n|-damage|p1a: Wo-Chien|8/100\n|-damage|p1a: Wo-Chien|2/100\n|-damage|p1a: Wo-Chien|0 fnt\n|faint|p1a: Wo-Chien\n|-hitcount|p1: Wo-Chien|6\n|\n|upkeep\n|\n|t:|1783560721\n|switch|p1a: Sawsbuck|Sawsbuck-Winter, L88, M|100/100\n|-damage|p1a: Sawsbuck|88/100|[from] Stealth Rock\n|turn|19\n|inactive|Time left: 300 sec this turn | 300 sec total\n|\n|t:|1783560722\n|switch|p2a: Mudsdale|Mudsdale, L83, M|30/302\n|move|p1a: Sawsbuck|Horn Leech|p2a: Mudsdale\n|-supereffective|p2a: Mudsdale\n|-damage|p2a: Mudsdale|0 fnt\n|-heal|p1a: Sawsbuck|93/100|[from] drain|[of] p2a: Mudsdale\n|faint|p2a: Mudsdale\n|-damage|p1a: Sawsbuck|84/100|[from] item: Life Orb\n|\n|upkeep\n|inactive|Time left: 300 sec this turn | 300 sec total | 5 sec grace\n|\n|t:|1783560723\n|switch|p2a: Copperajah|Copperajah, L86, M|350/350\n|turn|20\n|inactive|Time left: 300 sec this turn | 300 sec total\n|\n|t:|1783560724\n|move|p1a: Sawsbuck|High Horsepower|p2a: Copperajah\n|-supereffective|p2a: Copperajah\n|-damage|p2a: Copperajah|108/350\n|-damage|p1a: Sawsbuck|74/100|[from] item: Life Orb\n|move|p2a: Copperajah|Iron Head|p1a: Sawsbuck\n|-damage|p1a: Sawsbuck|0 fnt\n|faint|p1a: Sawsbuck\n|\n|upkeep\n|\n|t:|1783560725\n|switch|p1a: Electivire|Electivire, L84, M|100/100\n|-damage|p1a: Electivire|88/100|[from] Stealth Rock\n|turn|21\n|inactive|Time left: 300 sec this turn | 300 sec total\n|\n|t:|1783560726\n|-terastallize|p2a: Copperajah|Fairy\n|move|p1a: Electivire|Supercell Slam|p2a: Copperajah\n|-damage|p2a: Copperajah|0 fnt\n|faint|p2a: Copperajah\n|-damage|p1a: Electivire|78/100|[from] item: Life Orb\n|\n|upkeep\n|inactive|Time left: 300 sec this turn | 300 sec total | 5 sec grace\n|\n|t:|1783560727\n|switch|p2a: Maushold|Maushold, L76|72/238\n|turn|22\n|inactive|Time left: 300 sec this turn | 300 sec total\n|\n|t:|1783560728\n|move|p2a: Maushold|Population Bomb|p1a: Electivire\n|-damage|p1a: Electivire|69/100\n|-damage|p1a: Electivire|59/100\n|-damage|p1a: Electivire|49/100\n|-damage|p1a: Electivire|40/100\n|-damage|p1a: Electivire|29/100\n|-damage|p1a: Electivire|19/100\n|-damage|p1a: Electivire|8/100\n|-hitcount|p1a: Electivire|7\n|move|p1a: Electivire|Flamethrower|p2a: Maushold\n|-damage|p2a: Maushold|0 fnt\n|faint|p2a: Maushold\n|-damage|p1a: Electivire|0 fnt|[from] item: Life Orb\n|faint|p1a: Electivire\n|\n|upkeep\n|inactive|Time left: 300 sec this turn | 300 sec total | 5 sec grace\n|\n|t:|1783560729\n|switch|p2a: Drifblim|Drifblim, L86, F|398/398\n|switch|p1a: Wigglytuff|Wigglytuff, L96, M|100/100\n|-damage|p1a: Wigglytuff|88/100|[from] Stealth Rock\n|turn|23\n|inactive|Time left: 300 sec this turn | 300 sec total\n|\n|t:|1783560730\n|move|p2a: Drifblim|Air Slash|p1a: Wigglytuff\n|-damage|p1a: Wigglytuff|63/100\n|cant|p1a: Wigglytuff|flinch\n|\n|-heal|p1a: Wigglytuff|69/100|[from] item: Leftovers\n|upkeep\n|turn|24\n|inactive|Time left: 300 sec this turn | 300 sec total\n|\n|t:|1783560731\n|move|p2a: Drifblim|Air Slash|p1a: Wigglytuff\n|-crit|p1a: Wigglytuff\n|-damage|p1a: Wigglytuff|31/100\n|move|p1a: Wigglytuff|Knock Off|p2a: Drifblim\n|-supereffective|p2a: Drifblim\n|-damage|p2a: Drifblim|180/398\n|-enditem|p2a: Drifblim|Heavy-Duty Boots|[from] move: Knock Off|[of] p1a: Wigglytuff\n|\n|-heal|p1a: Wigglytuff|38/100|[from] item: Leftovers\n|upkeep\n|turn|25\n|inactive|Time left: 300 sec this turn | 300 sec total\n|\n|t:|1783560732\n|move|p2a: Drifblim|Air Slash|p1a: Wigglytuff\n|-damage|p1a: Wigglytuff|15/100\n|move|p1a: Wigglytuff|Thunder Wave|p2a: Drifblim\n|-status|p2a: Drifblim|par\n|\n|-heal|p1a: Wigglytuff|21/100|[from] item: Leftovers\n|upkeep\n|turn|26\n|inactive|Time left: 300 sec this turn | 300 sec total\n|\n|t:|1783560733\n|move|p1a: Wigglytuff|Alluring Voice|p2a: Drifblim\n|-damage|p2a: Drifblim|35/398 par\n|move|p2a: Drifblim|Air Slash|p1a: Wigglytuff\n|-damage|p1a: Wigglytuff|0 fnt\n|faint|p1a: Wigglytuff\n|\n|win|p0y1786727a", "uploadtime": 1783560733, "views": 0, "rating": 0, "private": 0, "password": null, "_winner": "p0y1786727a", "_our_name": "p0y1786727a"}