{"id": "battle-gen9randombattle-699", "formatid": "gen9randombattle", "format": "[Gen 9] Random Battle", "players": ["p0x699fd21", "p0y699fdce"], "log": "|init|battle\n|title|p0x699fd21 vs. p0y699fdce\n|j|\u2606p0x699fd21\n|j|\u2606p0y699fdce\n|t:|1783547237\n|gametype|singles\n|player|p1|p0x699fd21|2|\n|player|p2|p0y699fdce|169|\n|gen|9\n|tier|[Gen 9] Random Battle\n|rule|Species Clause: Limit one of each Pok\u00e9mon\n|rule|HP Percentage Mod: HP is shown in percentages\n|rule|Sleep Clause Mod: Limit one foe put to sleep\n|rule|Illusion Level Mod: Illusion disguises the Pok\u00e9mon's true level\n|\n|t:|1783547237\n|teamsize|p1|6\n|teamsize|p2|6\n|start\n|switch|p1a: Abomasnow|Abomasnow, L84, F|287/287\n|switch|p2a: Clodsire|Clodsire, L81, M|100/100\n|-weather|Snowscape|[from] ability: Snow Warning|[of] p1a: Abomasnow\n|turn|1\n|inactive|Battle timer is ON: inactive players will automatically lose when time's up. (requested by p0y699fdce)\n|inactive|Time left: 300 sec this turn | 300 sec total | 60 sec grace\n|inactive|p0x699fd21 also wants the timer to be on.\n|\n|t:|1783547238\n|move|p1a: Abomasnow|Aurora Veil|p1a: Abomasnow\n|-sidestart|p1: p0x699fd21|move: Aurora Veil\n|move|p2a: Clodsire|Spikes|p1a: Abomasnow\n|-sidestart|p1: p0x699fd21|Spikes\n|\n|-weather|Snowscape|[upkeep]\n|upkeep\n|turn|2\n|inactive|Time left: 300 sec this turn | 300 sec total\n|\n|t:|1783547239\n|move|p1a: Abomasnow|Blizzard|p2a: Clodsire\n|-supereffective|p2a: Clodsire\n|-damage|p2a: Clodsire|43/100\n|move|p2a: Clodsire|Toxic|p1a: Abomasnow\n|-status|p1a: Abomasnow|tox\n|\n|-weather|Snowscape|[upkeep]\n|-heal|p2a: Clodsire|49/100|[from] item: Leftovers\n|-damage|p1a: Abomasnow|270/287 tox|[from] psn\n|upkeep\n|turn|3\n|inactive|Time left: 300 sec this turn | 300 sec total\n|\n|t:|1783547241\n|switch|p2a: Lapras|Lapras, L87, F|100/100\n|move|p1a: Abomasnow|Earthquake|p2a: Lapras\n|-damage|p2a: Lapras|87/100\n|\n|-weather|Snowscape|[upkeep]\n|-damage|p1a: Abomasnow|236/287 tox|[from] psn\n|upkeep\n|turn|4\n|inactive|Time left: 300 sec this turn | 300 sec total\n|\n|t:|1783547242\n|switch|p1a: Keldeo|Keldeo-Resolute, L79|273/273\n|-damage|p1a: Keldeo|239/273|[from] Spikes\n|move|p2a: Lapras|Dragon Dance|p2a: Lapras\n|-boost|p2a: Lapras|atk|1\n|-boost|p2a: Lapras|spe|1\n|\n|-weather|Snowscape|[upkeep]\n|upkeep\n|turn|5\n|inactive|Time left: 300 sec this turn | 300 sec total\n|\n|t:|1783547243\n|move|p2a: Lapras|Waterfall|p1a: Keldeo\n|-resisted|p1a: Keldeo\n|-damage|p1a: Keldeo|208/273\n|move|p1a: Keldeo|Secret Sword|p2a: Lapras\n|-supereffective|p2a: Lapras\n|-damage|p2a: Lapras|36/100\n|-damage|p1a: Keldeo|181/273|[from] item: Life Orb\n|\n|-weather|none\n|upkeep\n|turn|6\n|inactive|Time left: 300 sec this turn | 300 sec total\n|\n|t:|1783547244\n|switch|p2a: Lunala|Lunala, L70|100/100\n|move|p1a: Keldeo|Secret Sword|p2a: Lunala\n|-immune|p2a: Lunala\n|\n|upkeep\n|turn|7\n|inactive|Time left: 300 sec this turn | 300 sec total\n|\n|t:|1783547245\n|move|p1a: Keldeo|Calm Mind|p1a: Keldeo\n|-boost|p1a: Keldeo|spa|1\n|-boost|p1a: Keldeo|spd|1\n|move|p2a: Lunala|Calm Mind|p2a: Lunala\n|-boost|p2a: Lunala|spa|1\n|-boost|p2a: Lunala|spd|1\n|\n|upkeep\n|turn|8\n|inactive|Time left: 300 sec this turn | 300 sec total\n|\n|t:|1783547246\n|move|p1a: Keldeo|Calm Mind|p1a: Keldeo\n|-boost|p1a: Keldeo|spa|1\n|-boost|p1a: Keldeo|spd|1\n|move|p2a: Lunala|Calm Mind|p2a: Lunala\n|-boost|p2a: Lunala|spa|1\n|-boost|p2a: Lunala|spd|1\n|\n|-sideend|p1: p0x699fd21|move: Aurora Veil\n|upkeep\n|turn|9\n|inactive|Time left: 300 sec this turn | 300 sec total\n|\n|t:|1783547247\n|move|p1a: Keldeo|Air Slash|p2a: Lunala\n|-damage|p2a: Lunala|87/100\n|-damage|p1a: Keldeo|154/273|[from] item: Life Orb\n|move|p2a: Lunala|Moongeist Beam|p1a: Keldeo\n|-damage|p1a: Keldeo|43/273\n|\n|-heal|p2a: Lunala|93/100|[from] item: Leftovers\n|upkeep\n|turn|10\n|inactive|Time left: 300 sec this turn | 300 sec total\n|\n|t:|1783547248\n|move|p1a: Keldeo|Hydro Pump|p2a: Lunala\n|-damage|p2a: Lunala|33/100\n|-damage|p1a: Keldeo|16/273|[from] item: Life Orb\n|move|p2a: Lunala|Moonblast|p1a: Keldeo\n|-supereffective|p1a: Keldeo\n|-damage|p1a: Keldeo|0 fnt\n|faint|p1a: Keldeo\n|\n|-heal|p2a: Lunala|39/100|[from] item: Leftovers\n|upkeep\n|inactive|Time left: 300 sec this turn | 300 sec total | 5 sec grace\n|\n|t:|1783547249\n|switch|p1a: Bruxish|Bruxish, L85, M|254/254\n|-damage|p1a: Bruxish|223/254|[from] Spikes\n|turn|11\n|inactive|Time left: 300 sec this turn | 300 sec total\n|\n|t:|1783547251\n|switch|p2a: Lapras|Lapras, L87, F|36/100\n|move|p1a: Bruxish|Psychic Fangs|p2a: Lapras\n|-damage|p2a: Lapras|0 fnt\n|faint|p2a: Lapras\n|\n|upkeep\n|\n|t:|1783547252\n|switch|p2a: Lunala|Lunala, L70|39/100\n|turn|12\n|inactive|Time left: 300 sec this turn | 300 sec total\n|\n|t:|1783547253\n|move|p1a: Bruxish|Psychic Fangs|p2a: Lunala\n|-resisted|p2a: Lunala\n|-damage|p2a: Lunala|0 fnt\n|faint|p2a: Lunala\n|\n|upkeep\n|\n|t:|1783547254\n|switch|p2a: Chansey|Chansey, L85, F|100/100\n|turn|13\n|inactive|Time left: 300 sec this turn | 300 sec total\n|\n|t:|1783547255\n|move|p1a: Bruxish|Psychic Fangs|p2a: Chansey\n|-damage|p2a: Chansey|6/100\n|move|p2a: Chansey|Seismic Toss|p1a: Bruxish\n|-damage|p1a: Bruxish|138/254\n|\n|upkeep\n|turn|14\n|inactive|Time left: 300 sec this turn | 300 sec total\n|\n|t:|1783547256\n|move|p1a: Bruxish|Psychic Fangs|p2a: Chansey\n|-damage|p2a: Chansey|0 fnt\n|faint|p2a: Chansey\n|\n|upkeep\n|\n|t:|1783547257\n|switch|p2a: Palafin|Palafin, L77, M|100/100\n|turn|15\n|inactive|Time left: 300 sec this turn | 300 sec total\n|\n|t:|1783547258\n|detailschange|p2a: Palafin|Palafin-Hero, L77, M\n|switch|p2a: Clodsire|Clodsire, L81, M|49/100\n|move|p1a: Bruxish|Psychic Fangs|p2a: Clodsire\n|-supereffective|p2a: Clodsire\n|-damage|p2a: Clodsire|0 fnt\n|faint|p2a: Clodsire\n|\n|upkeep\n|\n|t:|1783547259\n|switch|p2a: Palafin|Palafin-Hero, L77, M|100/100\n|-activate|p2a: Palafin|ability: Zero to Hero\n|turn|16\n|inactive|Time left: 300 sec this turn | 300 sec total\n|\n|t:|1783547260\n|move|p2a: Palafin|Jet Punch|p1a: Bruxish\n|-resisted|p1a: Bruxish\n|-damage|p1a: Bruxish|63/254\n|move|p1a: Bruxish|Psychic Fangs|p2a: Palafin\n|-damage|p2a: Palafin|15/100\n|\n|upkeep\n|turn|17\n|inactive|Time left: 300 sec this turn | 300 sec total\n|\n|t:|1783547261\n|switch|p1a: Abomasnow|Abomasnow, L84, F|236/287 tox\n|-damage|p1a: Abomasnow|201/287 tox|[from] Spikes\n|-weather|Snowscape|[from] ability: Snow Warning|[of] p1a: Abomasnow\n|move|p2a: Palafin|Jet Punch|p1a: Abomasnow\n|-resisted|p1a: Abomasnow\n|-damage|p1a: Abomasnow|153/287 tox\n|\n|-weather|Snowscape|[upkeep]\n|-damage|p1a: Abomasnow|136/287 tox|[from] psn\n|upkeep\n|turn|18\n|inactive|Time left: 300 sec this turn | 300 sec total\n|\n|t:|1783547263\n|move|p2a: Palafin|Jet Punch|p1a: Abomasnow\n|-resisted|p1a: Abomasnow\n|-damage|p1a: Abomasnow|93/287 tox\n|move|p1a: Abomasnow|Aurora Veil|p1a: Abomasnow\n|-sidestart|p1: p0x699fd21|move: Aurora Veil\n|\n|-weather|Snowscape|[upkeep]\n|-damage|p1a: Abomasnow|59/287 tox|[from] psn\n|upkeep\n|turn|19\n|inactive|Time left: 300 sec this turn | 300 sec total\n|\n|t:|1783547264\n|switch|p2a: Ditto|Ditto, L87|100/100\n|-transform|p2a: Ditto|p1a: Abomasnow|[from] ability: Imposter\n|move|p1a: Abomasnow|Wood Hammer|p2a: Ditto\n|-resisted|p2a: Ditto\n|-damage|p2a: Ditto|80/100\n|-damage|p1a: Abomasnow|44/287 tox|[from] Recoil\n|\n|-weather|Snowscape|[upkeep]\n|-damage|p1a: Abomasnow|0 fnt|[from] psn\n|faint|p1a: Abomasnow\n|upkeep\n|inactive|Time left: 300 sec this turn | 300 sec total | 5 sec grace\n|\n|t:|1783547265\n|switch|p1a: Banette|Banette, L93, F|270/270\n|-damage|p1a: Banette|237/270|[from] Spikes\n|turn|20\n|inactive|Time left: 300 sec this turn | 300 sec total\n|\n|t:|1783547266\n|-terastallize|p1a: Banette|Poison\n|move|p2a: Ditto|Aurora Veil|p2a: Ditto\n|-sidestart|p2: p0y699fdce|move: Aurora Veil\n|move|p1a: Banette|Gunk Shot|p2a: Ditto|[miss]\n|-miss|p1a: Banette|p2a: Ditto\n|\n|-weather|Snowscape|[upkeep]\n|upkeep\n|turn|21\n|inactive|Time left: 300 sec this turn | 300 sec total\n|\n|t:|1783547267\n|switch|p2a: Palafin|Palafin-Hero, L77, M|15/100\n|move|p1a: Banette|Gunk Shot|p2a: Palafin\n|-damage|p2a: Palafin|0 fnt\n|faint|p2a: Palafin\n|-damage|p1a: Banette|210/270|[from] item: Life Orb\n|\n|-weather|none\n|upkeep\n|\n|t:|1783547268\n|switch|p2a: Ditto|Ditto, L87|80/100\n|-transform|p2a: Ditto|p1a: Banette|[from] ability: Imposter\n|-start|p2a: Ditto|typechange|Ghost|[silent]\n|turn|22\n|inactive|Time left: 300 sec this turn | 300 sec total\n|\n|t:|1783547269\n|move|p2a: Ditto|Poltergeist|p1a: Banette\n|-activate|p1a: Banette|move: Poltergeist|Life Orb\n|-damage|p1a: Banette|118/270\n|move|p1a: Banette|Poltergeist|p2a: Ditto\n|-activate|p2a: Ditto|move: Poltergeist|Choice Scarf\n|-supereffective|p2a: Ditto\n|-damage|p2a: Ditto|0 fnt\n|faint|p2a: Ditto\n|-damage|p1a: Banette|91/270|[from] item: Life Orb\n|\n|win|p0x699fd21", "uploadtime": 1783547269, "views": 0, "rating": 0, "private": 0, "password": null, "_winner": "p0x699fd21", "_our_name": "p0x699fd21"}