{"id": "battle-gen9randombattle-709", "formatid": "gen9randombattle", "format": "[Gen 9] Random Battle", "players": ["p0x709a603", "p0y709070d"], "log": "|init|battle\n|title|p0x709a603 vs. p0y709070d\n|j|\u2606p0x709a603\n|j|\u2606p0y709070d\n|t:|1783548053\n|gametype|singles\n|player|p1|p0x709a603|170|\n|player|p2|p0y709070d|102|\n|gen|9\n|tier|[Gen 9] Random Battle\n|rule|Species Clause: Limit one of each Pok\u00e9mon\n|rule|HP Percentage Mod: HP is shown in percentages\n|rule|Sleep Clause Mod: Limit one foe put to sleep\n|rule|Illusion Level Mod: Illusion disguises the Pok\u00e9mon's true level\n|\n|t:|1783548053\n|teamsize|p1|6\n|teamsize|p2|6\n|start\n|switch|p1a: Politoed|Politoed, L88, F|100/100\n|switch|p2a: Grafaiai|Grafaiai, L86, F|249/249\n|-weather|RainDance|[from] ability: Drizzle|[of] p1a: Politoed\n|turn|1\n|inactive|Battle timer is ON: inactive players will automatically lose when time's up. (requested by p0y709070d)\n|\n|t:|1783548055\n|move|p2a: Grafaiai|Parting Shot|p1a: Politoed\n|-unboost|p1a: Politoed|atk|1\n|-unboost|p1a: Politoed|spa|1\n|inactive|Time left: 300 sec this turn | 300 sec total | 65 sec grace\n|inactive|p0x709a603 also wants the timer to be on.\n|\n|t:|1783548056\n|switch|p2a: Luxray|Luxray, L88, F|283/283|[from] Parting Shot\n|move|p1a: Politoed|Hydro Pump|p2a: Luxray|[miss]\n|-miss|p1a: Politoed|p2a: Luxray\n|\n|-weather|RainDance|[upkeep]\n|-status|p2a: Luxray|brn|[from] item: Flame Orb\n|upkeep\n|turn|2\n|inactive|Time left: 300 sec this turn | 300 sec total\n|\n|t:|1783548057\n|switch|p1a: Granbull|Granbull, L88, M|100/100\n|-ability|p1a: Granbull|Intimidate|boost\n|-unboost|p2a: Luxray|atk|1\n|move|p2a: Luxray|Supercell Slam|p1a: Granbull\n|-damage|p1a: Granbull|51/100\n|\n|-weather|RainDance|[upkeep]\n|-heal|p1a: Granbull|57/100|[from] item: Leftovers\n|-damage|p2a: Luxray|266/283 brn|[from] brn\n|upkeep\n|turn|3\n|inactive|Time left: 300 sec this turn | 300 sec total\n|\n|t:|1783548059\n|switch|p1a: Incineroar|Incineroar, L82, M|100/100\n|-ability|p1a: Incineroar|Intimidate|boost\n|-unboost|p2a: Luxray|atk|1\n|-terastallize|p2a: Luxray|Normal\n|move|p2a: Luxray|Facade|p1a: Incineroar\n|-damage|p1a: Incineroar|49/100\n|\n|-weather|RainDance|[upkeep]\n|-damage|p2a: Luxray|249/283 brn|[from] brn\n|upkeep\n|turn|4\n|inactive|Time left: 300 sec this turn | 300 sec total\n|\n|t:|1783548060\n|move|p2a: Luxray|Facade|p1a: Incineroar\n|-damage|p1a: Incineroar|0 fnt\n|faint|p1a: Incineroar\n|\n|-weather|RainDance|[upkeep]\n|-damage|p2a: Luxray|232/283 brn|[from] brn\n|upkeep\n|\n|t:|1783548061\n|switch|p1a: Hitmonlee|Hitmonlee, L85, M|100/100\n|turn|5\n|inactive|Time left: 300 sec this turn | 300 sec total\n|\n|t:|1783548062\n|switch|p2a: Great Tusk|Great Tusk, L77|304/304\n|-enditem|p2a: Great Tusk|Booster Energy\n|-activate|p2a: Great Tusk|ability: Protosynthesis|[fromitem]\n|-start|p2a: Great Tusk|protosynthesisatk\n|move|p1a: Hitmonlee|Close Combat|p2a: Great Tusk\n|-crit|p2a: Great Tusk\n|-damage|p2a: Great Tusk|106/304\n|-unboost|p1a: Hitmonlee|def|1\n|-unboost|p1a: Hitmonlee|spd|1\n|-enditem|p1a: Hitmonlee|White Herb\n|-clearnegativeboost|p1a: Hitmonlee|[silent]\n|\n|-weather|none\n|upkeep\n|turn|6\n|inactive|Time left: 300 sec this turn | 300 sec total\n|\n|t:|1783548063\n|move|p1a: Hitmonlee|Close Combat|p2a: Great Tusk\n|-damage|p2a: Great Tusk|0 fnt\n|-unboost|p1a: Hitmonlee|def|1\n|-unboost|p1a: Hitmonlee|spd|1\n|faint|p2a: Great Tusk\n|-end|p2a: Great Tusk|Protosynthesis|[silent]\n|\n|upkeep\n|inactive|Time left: 300 sec this turn | 300 sec total | 5 sec grace\n|\n|t:|1783548064\n|switch|p2a: Lokix|Lokix, L82, M|251/251\n|turn|7\n|inactive|Time left: 300 sec this turn | 300 sec total\n|\n|t:|1783548065\n|switch|p1a: Toucannon|Toucannon, L88, M|100/100\n|move|p2a: Lokix|First Impression|p1a: Toucannon\n|-resisted|p1a: Toucannon\n|-damage|p1a: Toucannon|58/100\n|\n|upkeep\n|turn|8\n|inactive|Time left: 300 sec this turn | 300 sec total\n|\n|t:|1783548066\n|-singleturn|p1a: Toucannon|move: Beak Blast\n|move|p2a: Lokix|U-turn|p1a: Toucannon\n|-resisted|p1a: Toucannon\n|-damage|p1a: Toucannon|22/100\n|-status|p2a: Lokix|brn\n|inactive|Time left: 300 sec this turn | 300 sec total | 5 sec grace\n|\n|t:|1783548067\n|switch|p2a: Gholdengo|Gholdengo, L77|261/261|[from] U-turn\n|move|p1a: Toucannon|Beak Blast|p2a: Gholdengo\n|-resisted|p2a: Gholdengo\n|-damage|p2a: Gholdengo|194/261\n|\n|-heal|p2a: Gholdengo|210/261|[from] item: Leftovers\n|upkeep\n|turn|9\n|inactive|Time left: 300 sec this turn | 300 sec total\n|\n|t:|1783548068\n|move|p2a: Gholdengo|Make It Rain|p1a: Toucannon\n|-damage|p1a: Toucannon|0 fnt\n|-unboost|p2a: Gholdengo|spa|1\n|faint|p1a: Toucannon\n|\n|-heal|p2a: Gholdengo|226/261|[from] item: Leftovers\n|upkeep\n|\n|t:|1783548068\n|switch|p1a: Hitmonlee|Hitmonlee, L85, M|100/100\n|turn|10\n|inactive|Time left: 300 sec this turn | 300 sec total\n|\n|t:|1783548069\n|switch|p2a: Lokix|Lokix, L82, M|251/251 brn\n|move|p1a: Hitmonlee|Swords Dance|p1a: Hitmonlee\n|-boost|p1a: Hitmonlee|atk|2\n|\n|-damage|p2a: Lokix|236/251 brn|[from] brn\n|upkeep\n|turn|11\n|inactive|Time left: 300 sec this turn | 300 sec total\n|\n|t:|1783548070\n|move|p2a: Lokix|First Impression|p1a: Hitmonlee\n|-resisted|p1a: Hitmonlee\n|-damage|p1a: Hitmonlee|64/100\n|move|p1a: Hitmonlee|Swords Dance|p1a: Hitmonlee\n|-boost|p1a: Hitmonlee|atk|2\n|\n|-damage|p2a: Lokix|221/251 brn|[from] brn\n|upkeep\n|turn|12\n|inactive|Time left: 300 sec this turn | 300 sec total\n|\n|t:|1783548071\n|move|p2a: Lokix|Knock Off|p1a: Hitmonlee\n|-resisted|p1a: Hitmonlee\n|-damage|p1a: Hitmonlee|42/100\n|move|p1a: Hitmonlee|Knock Off|p2a: Lokix\n|-resisted|p2a: Lokix\n|-damage|p2a: Lokix|92/251 brn\n|-enditem|p2a: Lokix|Silver Powder|[from] move: Knock Off|[of] p1a: Hitmonlee\n|\n|-damage|p2a: Lokix|77/251 brn|[from] brn\n|upkeep\n|turn|13\n|inactive|Time left: 300 sec this turn | 300 sec total\n|\n|t:|1783548072\n|move|p2a: Lokix|Knock Off|p1a: Hitmonlee\n|-resisted|p1a: Hitmonlee\n|-damage|p1a: Hitmonlee|20/100\n|move|p1a: Hitmonlee|Knock Off|p2a: Lokix\n|-resisted|p2a: Lokix\n|-damage|p2a: Lokix|0 fnt\n|faint|p2a: Lokix\n|\n|upkeep\n|inactive|Time left: 300 sec this turn | 300 sec total | 5 sec grace\n|\n|t:|1783548073\n|switch|p2a: Grafaiai|Grafaiai, L86, F|249/249\n|turn|14\n|inactive|Time left: 300 sec this turn | 300 sec total\n|\n|t:|1783548074\n|move|p2a: Grafaiai|Gunk Shot|p1a: Hitmonlee|[miss]\n|-miss|p2a: Grafaiai|p1a: Hitmonlee\n|move|p1a: Hitmonlee|Knock Off|p2a: Grafaiai\n|-damage|p2a: Grafaiai|0 fnt\n|-enditem|p2a: Grafaiai|Heavy-Duty Boots|[from] move: Knock Off|[of] p1a: Hitmonlee\n|faint|p2a: Grafaiai\n|\n|upkeep\n|inactive|Time left: 300 sec this turn | 300 sec total | 5 sec grace\n|\n|t:|1783548075\n|switch|p2a: Flapple|Flapple, L88, M|266/266\n|turn|15\n|inactive|Time left: 300 sec this turn | 300 sec total\n|\n|t:|1783548076\n|move|p2a: Flapple|Sucker Punch|p1a: Hitmonlee\n|-resisted|p1a: Hitmonlee\n|-damage|p1a: Hitmonlee|0 fnt\n|faint|p1a: Hitmonlee\n|\n|upkeep\n|\n|t:|1783548077\n|switch|p1a: Toxicroak|Toxicroak, L84, M|100/100\n|turn|16\n|inactive|Time left: 300 sec this turn | 300 sec total\n|\n|t:|1783548078\n|switch|p2a: Gholdengo|Gholdengo, L77|226/261\n|move|p1a: Toxicroak|Swords Dance|p1a: Toxicroak\n|-boost|p1a: Toxicroak|atk|2\n|\n|-heal|p2a: Gholdengo|242/261|[from] item: Leftovers\n|upkeep\n|turn|17\n|inactive|Time left: 300 sec this turn | 300 sec total\n|\n|t:|1783548079\n|switch|p2a: Flapple|Flapple, L88, M|266/266\n|move|p1a: Toxicroak|Earthquake|p2a: Flapple\n|-resisted|p2a: Flapple\n|-damage|p2a: Flapple|170/266\n|-damage|p1a: Toxicroak|91/100|[from] item: Life Orb\n|\n|upkeep\n|turn|18\n|inactive|Time left: 300 sec this turn | 300 sec total\n|\n|t:|1783548080\n|switch|p2a: Gholdengo|Gholdengo, L77|242/261\n|move|p1a: Toxicroak|Close Combat|p2a: Gholdengo\n|-immune|p2a: Gholdengo\n|\n|-heal|p2a: Gholdengo|258/261|[from] item: Leftovers\n|upkeep\n|turn|19\n|inactive|Time left: 300 sec this turn | 300 sec total\n|\n|t:|1783548081\n|switch|p2a: Flapple|Flapple, L88, M|170/266\n|move|p1a: Toxicroak|Earthquake|p2a: Flapple\n|-resisted|p2a: Flapple\n|-damage|p2a: Flapple|66/266\n|-damage|p1a: Toxicroak|81/100|[from] item: Life Orb\n|\n|upkeep\n|turn|20\n|inactive|Time left: 300 sec this turn | 300 sec total\n|\n|t:|1783548082\n|move|p2a: Flapple|Sucker Punch|p1a: Toxicroak\n|-resisted|p1a: Toxicroak\n|-damage|p1a: Toxicroak|62/100\n|move|p1a: Toxicroak|Earthquake|p2a: Flapple\n|-resisted|p2a: Flapple\n|-damage|p2a: Flapple|0 fnt\n|faint|p2a: Flapple\n|-damage|p1a: Toxicroak|52/100|[from] item: Life Orb\n|\n|upkeep\n|inactive|Time left: 300 sec this turn | 300 sec total | 5 sec grace\n|\n|t:|1783548083\n|switch|p2a: Luxray|Luxray, L88, F, tera:Normal|232/283 brn\n|turn|21\n|inactive|Time left: 300 sec this turn | 300 sec total\n|\n|t:|1783548084\n|switch|p2a: Gholdengo|Gholdengo, L77|258/261\n|-terastallize|p1a: Toxicroak|Ground\n|move|p1a: Toxicroak|Earthquake|p2a: Gholdengo\n|-supereffective|p2a: Gholdengo\n|-damage|p2a: Gholdengo|0 fnt\n|faint|p2a: Gholdengo\n|-damage|p1a: Toxicroak|42/100|[from] item: Life Orb\n|\n|upkeep\n|inactive|Time left: 300 sec this turn | 300 sec total | 5 sec grace\n|\n|t:|1783548085\n|switch|p2a: Luxray|Luxray, L88, F, tera:Normal|232/283 brn\n|turn|22\n|inactive|Time left: 300 sec this turn | 300 sec total\n|\n|t:|1783548086\n|move|p1a: Toxicroak|Close Combat|p2a: Luxray\n|-supereffective|p2a: Luxray\n|-damage|p2a: Luxray|0 fnt\n|-unboost|p1a: Toxicroak|def|1\n|-unboost|p1a: Toxicroak|spd|1\n|faint|p2a: Luxray\n|-damage|p1a: Toxicroak|32/100|[from] item: Life Orb\n|\n|win|p0x709a603", "uploadtime": 1783548086, "views": 0, "rating": 0, "private": 0, "password": null, "_winner": "p0x709a603", "_our_name": "p0y709070d"}