{"id": "battle-gen9randombattle-2403", "formatid": "gen9randombattle", "format": "[Gen 9] Random Battle", "players": ["p0x24033c9e", "p0y2403b82b"], "log": "|init|battle\n|title|p0x24033c9e vs. p0y2403b82b\n|j|\u2606p0x24033c9e\n|j|\u2606p0y2403b82b\n|t:|1783567877\n|gametype|singles\n|player|p1|p0x24033c9e|170|\n|player|p2|p0y2403b82b|1|\n|gen|9\n|tier|[Gen 9] Random Battle\n|rule|Species Clause: Limit one of each Pok\u00e9mon\n|rule|HP Percentage Mod: HP is shown in percentages\n|rule|Sleep Clause Mod: Limit one foe put to sleep\n|rule|Illusion Level Mod: Illusion disguises the Pok\u00e9mon's true level\n|\n|t:|1783567877\n|teamsize|p1|6\n|teamsize|p2|6\n|start\n|switch|p1a: Sudowoodo|Sudowoodo, L94, F|100/100\n|switch|p2a: Honchkrow|Honchkrow, L86, F|312/312\n|turn|1\n|inactive|Battle timer is ON: inactive players will automatically lose when time's up. (requested by p0y2403b82b)\n|\n|t:|1783567878\n|switch|p2a: Dipplin|Dipplin, L88, F|284/284\n|move|p1a: Sudowoodo|Head Smash|p2a: Dipplin\n|-damage|p2a: Dipplin|118/284\n|\n|upkeep\n|turn|2\n|inactive|Time left: 300 sec this turn | 300 sec total\n|inactive|p0x24033c9e also wants the timer to be on.\n|\n|t:|1783567880\n|move|p2a: Dipplin|Giga Drain|p1a: Sudowoodo\n|-supereffective|p1a: Sudowoodo\n|-damage|p1a: Sudowoodo|34/100\n|-heal|p2a: Dipplin|212/284|[from] drain|[of] p1a: Sudowoodo\n|move|p1a: Sudowoodo|Head Smash|p2a: Dipplin|[miss]\n|-miss|p1a: Sudowoodo|p2a: Dipplin\n|\n|upkeep\n|turn|3\n|inactive|Time left: 300 sec this turn | 300 sec total\n|\n|t:|1783567881\n|switch|p1a: Dunsparce|Dunsparce, L86, F|100/100\n|move|p2a: Dipplin|Giga Drain|p1a: Dunsparce\n|-damage|p1a: Dunsparce|78/100\n|-heal|p2a: Dipplin|247/284|[from] drain|[of] p1a: Dunsparce\n|\n|upkeep\n|turn|4\n|inactive|Time left: 300 sec this turn | 300 sec total\n|\n|t:|1783567882\n|move|p1a: Dunsparce|Coil|p1a: Dunsparce\n|-boost|p1a: Dunsparce|atk|1\n|-boost|p1a: Dunsparce|def|1\n|-boost|p1a: Dunsparce|accuracy|1\n|move|p2a: Dipplin|Dragon Pulse|p1a: Dunsparce\n|-damage|p1a: Dunsparce|53/100\n|\n|upkeep\n|turn|5\n|inactive|Time left: 300 sec this turn | 300 sec total\n|\n|t:|1783567883\n|move|p1a: Dunsparce|Roost|p1a: Dunsparce\n|-heal|p1a: Dunsparce|100/100\n|-singleturn|p1a: Dunsparce|move: Roost\n|move|p2a: Dipplin|Giga Drain|p1a: Dunsparce\n|-damage|p1a: Dunsparce|79/100\n|-heal|p2a: Dipplin|280/284|[from] drain|[of] p1a: Dunsparce\n|\n|upkeep\n|turn|6\n|inactive|Time left: 300 sec this turn | 300 sec total\n|\n|t:|1783567884\n|move|p1a: Dunsparce|Body Slam|p2a: Dipplin\n|-damage|p2a: Dipplin|217/284\n|-status|p2a: Dipplin|par\n|move|p2a: Dipplin|Dragon Pulse|p1a: Dunsparce\n|-damage|p1a: Dunsparce|54/100\n|\n|upkeep\n|turn|7\n|inactive|Time left: 300 sec this turn | 300 sec total\n|\n|t:|1783567885\n|move|p1a: Dunsparce|Roost|p1a: Dunsparce\n|-heal|p1a: Dunsparce|100/100\n|-singleturn|p1a: Dunsparce|move: Roost\n|cant|p2a: Dipplin|par\n|\n|upkeep\n|turn|8\n|inactive|Time left: 300 sec this turn | 300 sec total\n|\n|t:|1783567886\n|move|p1a: Dunsparce|Coil|p1a: Dunsparce\n|-boost|p1a: Dunsparce|atk|1\n|-boost|p1a: Dunsparce|def|1\n|-boost|p1a: Dunsparce|accuracy|1\n|cant|p2a: Dipplin|par\n|\n|upkeep\n|turn|9\n|inactive|Time left: 300 sec this turn | 300 sec total\n|\n|t:|1783567887\n|move|p1a: Dunsparce|Body Slam|p2a: Dipplin\n|-damage|p2a: Dipplin|138/284 par\n|move|p2a: Dipplin|Giga Drain|p1a: Dunsparce\n|-damage|p1a: Dunsparce|79/100\n|-heal|p2a: Dipplin|171/284 par|[from] drain|[of] p1a: Dunsparce\n|\n|upkeep\n|turn|10\n|inactive|Time left: 300 sec this turn | 300 sec total\n|\n|t:|1783567888\n|move|p1a: Dunsparce|Body Slam|p2a: Dipplin\n|-damage|p2a: Dipplin|89/284 par\n|move|p2a: Dipplin|Giga Drain|p1a: Dunsparce\n|-damage|p1a: Dunsparce|58/100\n|-heal|p2a: Dipplin|122/284 par|[from] drain|[of] p1a: Dunsparce\n|\n|upkeep\n|turn|11\n|inactive|Time left: 300 sec this turn | 300 sec total\n|\n|t:|1783567889\n|move|p1a: Dunsparce|Roost|p1a: Dunsparce\n|-heal|p1a: Dunsparce|100/100\n|-singleturn|p1a: Dunsparce|move: Roost\n|cant|p2a: Dipplin|par\n|\n|upkeep\n|turn|12\n|inactive|Time left: 300 sec this turn | 300 sec total\n|\n|t:|1783567890\n|move|p1a: Dunsparce|Body Slam|p2a: Dipplin\n|-damage|p2a: Dipplin|43/284 par\n|cant|p2a: Dipplin|par\n|\n|upkeep\n|turn|13\n|inactive|Time left: 300 sec this turn | 300 sec total\n|\n|t:|1783567891\n|move|p1a: Dunsparce|Body Slam|p2a: Dipplin\n|-damage|p2a: Dipplin|0 fnt\n|faint|p2a: Dipplin\n|\n|upkeep\n|inactive|Time left: 300 sec this turn | 300 sec total | 5 sec grace\n|\n|t:|1783567892\n|switch|p2a: Forretress|Forretress, L84, M|263/263\n|turn|14\n|inactive|Time left: 300 sec this turn | 300 sec total\n|\n|t:|1783567893\n|move|p1a: Dunsparce|Body Slam|p2a: Forretress\n|-resisted|p2a: Forretress\n|-damage|p2a: Forretress|209/263\n|-status|p2a: Forretress|par\n|move|p2a: Forretress|Stealth Rock|p1a: Dunsparce\n|-sidestart|p1: p0x24033c9e|move: Stealth Rock\n|\n|-heal|p2a: Forretress|225/263 par|[from] item: Leftovers\n|upkeep\n|turn|15\n|inactive|Time left: 300 sec this turn | 300 sec total\n|\n|t:|1783567894\n|move|p1a: Dunsparce|Earthquake|p2a: Forretress\n|-damage|p2a: Forretress|138/263 par\n|move|p2a: Forretress|Iron Head|p1a: Dunsparce\n|-damage|p1a: Dunsparce|91/100\n|\n|-heal|p2a: Forretress|154/263 par|[from] item: Leftovers\n|upkeep\n|turn|16\n|inactive|Time left: 300 sec this turn | 300 sec total\n|\n|t:|1783567895\n|move|p1a: Dunsparce|Body Slam|p2a: Forretress\n|-resisted|p2a: Forretress\n|-damage|p2a: Forretress|103/263 par\n|move|p2a: Forretress|Body Press|p1a: Dunsparce\n|-supereffective|p1a: Dunsparce\n|-crit|p1a: Dunsparce\n|-damage|p1a: Dunsparce|34/100\n|\n|-heal|p2a: Forretress|119/263 par|[from] item: Leftovers\n|upkeep\n|turn|17\n|inactive|Time left: 300 sec this turn | 300 sec total\n|\n|t:|1783567897\n|move|p1a: Dunsparce|Roost|p1a: Dunsparce\n|-heal|p1a: Dunsparce|84/100\n|-singleturn|p1a: Dunsparce|move: Roost\n|move|p2a: Forretress|Body Press|p1a: Dunsparce\n|-supereffective|p1a: Dunsparce\n|-damage|p1a: Dunsparce|67/100\n|\n|-heal|p2a: Forretress|135/263 par|[from] item: Leftovers\n|upkeep\n|turn|18\n|inactive|Time left: 300 sec this turn | 300 sec total\n|\n|t:|1783567898\n|move|p1a: Dunsparce|Body Slam|p2a: Forretress\n|-resisted|p2a: Forretress\n|-damage|p2a: Forretress|86/263 par\n|move|p2a: Forretress|Body Press|p1a: Dunsparce\n|-supereffective|p1a: Dunsparce\n|-damage|p1a: Dunsparce|45/100\n|\n|-heal|p2a: Forretress|102/263 par|[from] item: Leftovers\n|upkeep\n|turn|19\n|inactive|Time left: 300 sec this turn | 300 sec total\n|\n|t:|1783567899\n|move|p1a: Dunsparce|Roost|p1a: Dunsparce\n|-heal|p1a: Dunsparce|95/100\n|-singleturn|p1a: Dunsparce|move: Roost\n|move|p2a: Forretress|Iron Head|p1a: Dunsparce\n|-damage|p1a: Dunsparce|84/100\n|\n|-heal|p2a: Forretress|118/263 par|[from] item: Leftovers\n|upkeep\n|turn|20\n|inactive|Time left: 300 sec this turn | 300 sec total\n|\n|t:|1783567900\n|move|p1a: Dunsparce|Earthquake|p2a: Forretress\n|-damage|p2a: Forretress|38/263 par\n|move|p2a: Forretress|Iron Head|p1a: Dunsparce\n|-damage|p1a: Dunsparce|75/100\n|\n|-heal|p2a: Forretress|54/263 par|[from] item: Leftovers\n|upkeep\n|turn|21\n|inactive|Time left: 300 sec this turn | 300 sec total\n|\n|t:|1783567901\n|move|p1a: Dunsparce|Body Slam|p2a: Forretress\n|-resisted|p2a: Forretress\n|-damage|p2a: Forretress|3/263 par\n|move|p2a: Forretress|Rapid Spin|p1a: Dunsparce\n|-damage|p1a: Dunsparce|71/100\n|-boost|p2a: Forretress|spe|1\n|\n|-heal|p2a: Forretress|19/263 par|[from] item: Leftovers\n|upkeep\n|turn|22\n|inactive|Time left: 300 sec this turn | 300 sec total\n|\n|t:|1783567902\n|move|p1a: Dunsparce|Body Slam|p2a: Forretress\n|-resisted|p2a: Forretress\n|-damage|p2a: Forretress|0 fnt\n|faint|p2a: Forretress\n|\n|upkeep\n|inactive|Time left: 300 sec this turn | 300 sec total | 5 sec grace\n|\n|t:|1783567903\n|switch|p2a: Qwilfish|Qwilfish, L86, F|252/252\n|-ability|p2a: Qwilfish|Intimidate|boost\n|-unboost|p1a: Dunsparce|atk|1\n|turn|23\n|inactive|Time left: 300 sec this turn | 300 sec total\n|\n|t:|1783567904\n|switch|p2a: Blastoise|Blastoise, L80, F|258/258\n|move|p1a: Dunsparce|Body Slam|p2a: Blastoise\n|-damage|p2a: Blastoise|159/258\n|-status|p2a: Blastoise|par\n|\n|upkeep\n|turn|24\n|inactive|Time left: 300 sec this turn | 300 sec total\n|\n|t:|1783567905\n|move|p1a: Dunsparce|Body Slam|p2a: Blastoise\n|-damage|p2a: Blastoise|50/258 par\n|move|p2a: Blastoise|Shell Smash|p2a: Blastoise\n|-unboost|p2a: Blastoise|def|1\n|-unboost|p2a: Blastoise|spd|1\n|-boost|p2a: Blastoise|atk|2\n|-boost|p2a: Blastoise|spa|2\n|-boost|p2a: Blastoise|spe|2\n|-enditem|p2a: Blastoise|White Herb\n|-clearnegativeboost|p2a: Blastoise|[silent]\n|\n|upkeep\n|turn|25\n|inactive|Time left: 300 sec this turn | 300 sec total\n|\n|t:|1783567907\n|move|p2a: Blastoise|Hydro Pump|p1a: Dunsparce\n|-damage|p1a: Dunsparce|0 fnt\n|faint|p1a: Dunsparce\n|\n|upkeep\n|\n|t:|1783567908\n|switch|p1a: Charizard|Charizard, L85, F|100/100\n|turn|26\n|inactive|Time left: 300 sec this turn | 300 sec total\n|\n|t:|1783567909\n|-terastallize|p2a: Blastoise|Grass\n|move|p1a: Charizard|Earthquake|p2a: Blastoise\n|-resisted|p2a: Blastoise\n|-damage|p2a: Blastoise|17/258 par\n|move|p2a: Blastoise|Hydro Pump|p1a: Charizard\n|-supereffective|p1a: Charizard\n|-damage|p1a: Charizard|0 fnt\n|faint|p1a: Charizard\n|\n|upkeep\n|\n|t:|1783567910\n|switch|p1a: Mesprit|Mesprit, L85|100/100\n|-damage|p1a: Mesprit|88/100|[from] Stealth Rock\n|turn|27\n|inactive|Time left: 300 sec this turn | 300 sec total\n|\n|t:|1783567911\n|move|p1a: Mesprit|Thunderbolt|p2a: Blastoise\n|-resisted|p2a: Blastoise\n|-damage|p2a: Blastoise|0 fnt\n|faint|p2a: Blastoise\n|\n|upkeep\n|inactive|Time left: 300 sec this turn | 300 sec total | 5 sec grace\n|\n|t:|1783567912\n|switch|p2a: Magmortar|Magmortar, L88, M|275/275\n|turn|28\n|inactive|Time left: 300 sec this turn | 300 sec total\n|\n|t:|1783567913\n|move|p2a: Magmortar|Knock Off|p1a: Mesprit\n|-supereffective|p1a: Mesprit\n|-damage|p1a: Mesprit|39/100\n|-enditem|p1a: Mesprit|Choice Specs|[from] move: Knock Off|[of] p2a: Magmortar\n|move|p1a: Mesprit|Thunderbolt|p2a: Magmortar\n|-damage|p2a: Magmortar|209/275\n|\n|upkeep\n|turn|29\n|inactive|Time left: 300 sec this turn | 300 sec total\n|\n|t:|1783567914\n|switch|p1a: Gyarados|Gyarados, L79, F|100/100\n|-ability|p1a: Gyarados|Intimidate|boost\n|-unboost|p2a: Magmortar|atk|1\n|move|p2a: Magmortar|Fire Blast|p1a: Gyarados|[miss]\n|-miss|p2a: Magmortar|p1a: Gyarados\n|\n|upkeep\n|turn|30\n|inactive|Time left: 300 sec this turn | 300 sec total\n|\n|t:|1783567915\n|move|p2a: Magmortar|Thunderbolt|p1a: Gyarados\n|-supereffective|p1a: Gyarados\n|-damage|p1a: Gyarados|0 fnt\n|faint|p1a: Gyarados\n|\n|upkeep\n|\n|t:|1783567915\n|switch|p1a: Volbeat|Volbeat, L90, M|100/100\n|turn|31\n|inactive|Time left: 300 sec this turn | 300 sec total\n|\n|t:|1783567916\n|move|p1a: Volbeat|Thunder Wave|p2a: Magmortar\n|-status|p2a: Magmortar|par\n|cant|p2a: Magmortar|par\n|\n|upkeep\n|turn|32\n|inactive|Time left: 300 sec this turn | 300 sec total\n|\n|t:|1783567917\n|move|p1a: Volbeat|Lunge|p2a: Magmortar\n|-resisted|p2a: Magmortar\n|-damage|p2a: Magmortar|165/275 par\n|-unboost|p2a: Magmortar|atk|1\n|move|p2a: Magmortar|Fire Blast|p1a: Volbeat\n|-supereffective|p1a: Volbeat\n|-damage|p1a: Volbeat|0 fnt\n|faint|p1a: Volbeat\n|\n|upkeep\n|\n|t:|1783567918\n|switch|p1a: Sudowoodo|Sudowoodo, L94, F|34/100\n|-damage|p1a: Sudowoodo|22/100|[from] Stealth Rock\n|turn|33\n|inactive|Time left: 300 sec this turn | 300 sec total\n|\n|t:|1783567919\n|switch|p2a: Honchkrow|Honchkrow, L86, F|312/312\n|move|p1a: Sudowoodo|Head Smash|p2a: Honchkrow\n|-supereffective|p2a: Honchkrow\n|-damage|p2a: Honchkrow|0 fnt\n|faint|p2a: Honchkrow\n|\n|upkeep\n|inactive|Time left: 300 sec this turn | 300 sec total | 5 sec grace\n|\n|t:|1783567920\n|switch|p2a: Qwilfish|Qwilfish, L86, F|252/252\n|-ability|p2a: Qwilfish|Intimidate|boost\n|-unboost|p1a: Sudowoodo|atk|1\n|turn|34\n|inactive|Time left: 300 sec this turn | 300 sec total\n|\n|t:|1783567921\n|switch|p1a: Mesprit|Mesprit, L85|39/100\n|-damage|p1a: Mesprit|26/100|[from] Stealth Rock\n|move|p2a: Qwilfish|Waterfall|p1a: Mesprit\n|-damage|p1a: Mesprit|0 fnt\n|faint|p1a: Mesprit\n|\n|upkeep\n|\n|t:|1783567922\n|switch|p1a: Sudowoodo|Sudowoodo, L94, F|22/100\n|-damage|p1a: Sudowoodo|10/100|[from] Stealth Rock\n|turn|35\n|inactive|Time left: 300 sec this turn | 300 sec total\n|\n|t:|1783567923\n|move|p2a: Qwilfish|Waterfall|p1a: Sudowoodo\n|-supereffective|p1a: Sudowoodo\n|-damage|p1a: Sudowoodo|0 fnt\n|faint|p1a: Sudowoodo\n|\n|win|p0y2403b82b", "uploadtime": 1783567923, "views": 0, "rating": 0, "private": 0, "password": null, "_winner": "p0y2403b82b", "_our_name": "p0y2403b82b"}