{"id": "battle-gen9randombattle-293", "formatid": "gen9randombattle", "format": "[Gen 9] Random Battle", "players": ["p0x293671f", "p0y293f9d6"], "log": "|init|battle\n|title|p0x293671f vs. p0y293f9d6\n|j|\u2606p0x293671f\n|j|\u2606p0y293f9d6\n|t:|1783542449\n|gametype|singles\n|player|p1|p0x293671f|169|\n|player|p2|p0y293f9d6|265|\n|gen|9\n|tier|[Gen 9] Random Battle\n|rule|Species Clause: Limit one of each Pok\u00e9mon\n|rule|HP Percentage Mod: HP is shown in percentages\n|rule|Sleep Clause Mod: Limit one foe put to sleep\n|rule|Illusion Level Mod: Illusion disguises the Pok\u00e9mon's true level\n|\n|t:|1783542449\n|teamsize|p1|6\n|teamsize|p2|6\n|start\n|switch|p1a: Cinderace|Cinderace, L77, F|250/250\n|switch|p2a: Honchkrow|Honchkrow, L86, F|100/100\n|turn|1\n|inactive|Battle timer is ON: inactive players will automatically lose when time's up. (requested by p0x293671f)\n|inactive|p0y293f9d6 also wants the timer to be on.\n|\n|t:|1783542450\n|move|p1a: Cinderace|Will-O-Wisp|p2a: Honchkrow\n|-status|p2a: Honchkrow|brn\n|move|p2a: Honchkrow|Brave Bird|p1a: Cinderace\n|-damage|p1a: Cinderace|148/250\n|-damage|p2a: Honchkrow|90/100 brn|[from] Recoil\n|\n|-damage|p2a: Honchkrow|84/100 brn|[from] brn\n|upkeep\n|turn|2\n|inactive|Time left: 300 sec this turn | 300 sec total\n|\n|t:|1783542451\n|move|p1a: Cinderace|Pyro Ball|p2a: Honchkrow\n|-damage|p2a: Honchkrow|32/100 brn\n|move|p2a: Honchkrow|Heat Wave|p1a: Cinderace|[miss]\n|-miss|p2a: Honchkrow|p1a: Cinderace\n|\n|-damage|p2a: Honchkrow|25/100 brn|[from] brn\n|upkeep\n|turn|3\n|inactive|Time left: 300 sec this turn | 300 sec total\n|\n|t:|1783542452\n|switch|p2a: Primarina|Primarina, L83, F|100/100\n|move|p1a: Cinderace|U-turn|p2a: Primarina\n|-start|p1a: Cinderace|typechange|Bug|[from] ability: Libero\n|-resisted|p2a: Primarina\n|-damage|p2a: Primarina|86/100\n|inactive|Time left: 300 sec this turn | 300 sec total | 5 sec grace\n|\n|t:|1783542453\n|switch|p1a: Abomasnow|Abomasnow, L84, F|287/287|[from] U-turn\n|-weather|Snowscape|[from] ability: Snow Warning|[of] p1a: Abomasnow\n|\n|-weather|Snowscape|[upkeep]\n|-heal|p2a: Primarina|92/100|[from] item: Leftovers\n|upkeep\n|turn|4\n|inactive|Time left: 300 sec this turn | 300 sec total\n|\n|t:|1783542454\n|move|p1a: Abomasnow|Aurora Veil|p1a: Abomasnow\n|-sidestart|p1: p0x293671f|move: Aurora Veil\n|move|p2a: Primarina|Calm Mind|p2a: Primarina\n|-boost|p2a: Primarina|spa|1\n|-boost|p2a: Primarina|spd|1\n|\n|-weather|Snowscape|[upkeep]\n|-heal|p2a: Primarina|98/100|[from] item: Leftovers\n|upkeep\n|turn|5\n|inactive|Time left: 300 sec this turn | 300 sec total\n|\n|t:|1783542455\n|move|p1a: Abomasnow|Wood Hammer|p2a: Primarina\n|-supereffective|p2a: Primarina\n|-damage|p2a: Primarina|0 fnt\n|faint|p2a: Primarina\n|-damage|p1a: Abomasnow|201/287|[from] Recoil\n|\n|-weather|Snowscape|[upkeep]\n|upkeep\n|\n|t:|1783542456\n|switch|p2a: Diancie|Diancie, L82|100/100\n|turn|6\n|inactive|Time left: 300 sec this turn | 300 sec total\n|\n|t:|1783542457\n|move|p1a: Abomasnow|Wood Hammer|p2a: Diancie\n|-supereffective|p2a: Diancie\n|-damage|p2a: Diancie|28/100\n|-damage|p1a: Abomasnow|150/287|[from] Recoil\n|move|p2a: Diancie|Rock Polish|p2a: Diancie\n|-boost|p2a: Diancie|spe|2\n|\n|-weather|Snowscape|[upkeep]\n|-heal|p2a: Diancie|34/100|[from] item: Leftovers\n|upkeep\n|turn|7\n|inactive|Time left: 300 sec this turn | 300 sec total\n|\n|t:|1783542458\n|move|p2a: Diancie|Diamond Storm|p1a: Abomasnow\n|-supereffective|p1a: Abomasnow\n|-damage|p1a: Abomasnow|66/287\n|move|p1a: Abomasnow|Wood Hammer|p2a: Diancie\n|-supereffective|p2a: Diancie\n|-damage|p2a: Diancie|0 fnt\n|faint|p2a: Diancie\n|-damage|p1a: Abomasnow|42/287|[from] Recoil\n|\n|-weather|none\n|upkeep\n|\n|t:|1783542459\n|switch|p2a: Barraskewda|Barraskewda, L81, F|100/100\n|turn|8\n|inactive|Time left: 300 sec this turn | 300 sec total\n|\n|t:|1783542460\n|switch|p1a: Torterra|Torterra, L78, F|276/276\n|move|p2a: Barraskewda|Waterfall|p1a: Torterra\n|-damage|p1a: Torterra|203/276\n|\n|upkeep\n|turn|9\n|inactive|Time left: 300 sec this turn | 300 sec total\n|\n|t:|1783542462\n|move|p2a: Barraskewda|Waterfall|p1a: Torterra\n|-damage|p1a: Torterra|138/276\n|cant|p1a: Torterra|flinch\n|\n|upkeep\n|turn|10\n|inactive|Time left: 300 sec this turn | 300 sec total\n|\n|t:|1783542463\n|move|p2a: Barraskewda|Waterfall|p1a: Torterra\n|-damage|p1a: Torterra|66/276\n|move|p1a: Torterra|Bullet Seed|p2a: Barraskewda\n|-supereffective|p2a: Barraskewda\n|-damage|p2a: Barraskewda|56/100\n|-supereffective|p2a: Barraskewda\n|-damage|p2a: Barraskewda|10/100\n|-supereffective|p2a: Barraskewda\n|-damage|p2a: Barraskewda|0 fnt\n|faint|p2a: Barraskewda\n|-hitcount|p2: Barraskewda|3\n|\n|upkeep\n|\n|t:|1783542464\n|switch|p2a: Iron Leaves|Iron Leaves, L80|100/100\n|turn|11\n|inactive|Time left: 300 sec this turn | 300 sec total\n|\n|t:|1783542465\n|move|p2a: Iron Leaves|Swords Dance|p2a: Iron Leaves\n|-boost|p2a: Iron Leaves|atk|2\n|move|p1a: Torterra|Shell Smash|p1a: Torterra\n|-unboost|p1a: Torterra|def|1\n|-unboost|p1a: Torterra|spd|1\n|-boost|p1a: Torterra|atk|2\n|-boost|p1a: Torterra|spa|2\n|-boost|p1a: Torterra|spe|2\n|\n|-sideend|p1: p0x293671f|move: Aurora Veil\n|upkeep\n|turn|12\n|inactive|Time left: 300 sec this turn | 300 sec total\n|\n|t:|1783542466\n|move|p1a: Torterra|Bullet Seed|p2a: Iron Leaves\n|-resisted|p2a: Iron Leaves\n|-damage|p2a: Iron Leaves|87/100\n|-resisted|p2a: Iron Leaves\n|-damage|p2a: Iron Leaves|74/100\n|-resisted|p2a: Iron Leaves\n|-damage|p2a: Iron Leaves|59/100\n|-resisted|p2a: Iron Leaves\n|-damage|p2a: Iron Leaves|43/100\n|-resisted|p2a: Iron Leaves\n|-damage|p2a: Iron Leaves|29/100\n|-hitcount|p2a: Iron Leaves|5\n|move|p2a: Iron Leaves|Leaf Blade|p1a: Torterra\n|-damage|p1a: Torterra|0 fnt\n|faint|p1a: Torterra\n|-damage|p2a: Iron Leaves|19/100|[from] item: Life Orb\n|\n|upkeep\n|inactive|Time left: 300 sec this turn | 300 sec total | 5 sec grace\n|\n|t:|1783542468\n|switch|p1a: Charizard|Charizard, L85, M|271/271\n|turn|13\n|inactive|Time left: 300 sec this turn | 300 sec total\n|\n|t:|1783542469\n|move|p1a: Charizard|Flamethrower|p2a: Iron Leaves\n|-supereffective|p2a: Iron Leaves\n|-damage|p2a: Iron Leaves|0 fnt\n|faint|p2a: Iron Leaves\n|-end|p2a: Iron Leaves|Quark Drive|[silent]\n|\n|upkeep\n|\n|t:|1783542470\n|switch|p2a: Houndstone|Houndstone, L86, M|100/100\n|turn|14\n|inactive|Time left: 300 sec this turn | 300 sec total\n|\n|t:|1783542471\n|move|p1a: Charizard|Flamethrower|p2a: Houndstone\n|-crit|p2a: Houndstone\n|-damage|p2a: Houndstone|25/100\n|move|p2a: Houndstone|Poltergeist|p1a: Charizard\n|-activate|p1a: Charizard|move: Poltergeist|Heavy-Duty Boots\n|-damage|p1a: Charizard|138/271\n|\n|upkeep\n|turn|15\n|inactive|Time left: 300 sec this turn | 300 sec total\n|\n|t:|1783542472\n|move|p2a: Houndstone|Shadow Sneak|p1a: Charizard\n|-damage|p1a: Charizard|86/271\n|move|p1a: Charizard|Flamethrower|p2a: Houndstone\n|-damage|p2a: Houndstone|0 fnt\n|faint|p2a: Houndstone\n|\n|upkeep\n|\n|t:|1783542474\n|switch|p2a: Honchkrow|Honchkrow, L86, F|25/100 brn\n|turn|16\n|inactive|Time left: 300 sec this turn | 300 sec total\n|\n|t:|1783542474\n|move|p2a: Honchkrow|Sucker Punch|p1a: Charizard\n|-damage|p1a: Charizard|38/271\n|move|p1a: Charizard|Flamethrower|p2a: Honchkrow\n|-damage|p2a: Honchkrow|0 fnt\n|faint|p2a: Honchkrow\n|\n|win|p0x293671f", "uploadtime": 1783542474, "views": 0, "rating": 0, "private": 0, "password": null, "_winner": "p0x293671f", "_our_name": "p0x293671f"}