{"id": "battle-gen9randombattle-2104", "formatid": "gen9randombattle", "format": "[Gen 9] Random Battle", "players": ["p0x210443fa", "p0y2104d249"], "log": "|init|battle\n|title|p0x210443fa vs. p0y2104d249\n|j|\u2606p0x210443fa\n|j|\u2606p0y2104d249\n|t:|1783563573\n|gametype|singles\n|player|p1|p0x210443fa|265|\n|player|p2|p0y2104d249|102|\n|gen|9\n|tier|[Gen 9] Random Battle\n|rule|Species Clause: Limit one of each Pok\u00e9mon\n|rule|HP Percentage Mod: HP is shown in percentages\n|rule|Sleep Clause Mod: Limit one foe put to sleep\n|rule|Illusion Level Mod: Illusion disguises the Pok\u00e9mon's true level\n|\n|t:|1783563573\n|teamsize|p1|6\n|teamsize|p2|6\n|start\n|switch|p1a: Raichu|Raichu, L88, F|100/100\n|switch|p2a: Rampardos|Rampardos, L90, M|321/321\n|turn|1\n|inactive|Battle timer is ON: inactive players will automatically lose when time's up. (requested by p0x210443fa)\n|inactive|Time left: 300 sec this turn | 300 sec total | 60 sec grace\n|inactive|p0y2104d249 also wants the timer to be on.\n|\n|t:|1783563574\n|switch|p1a: Gastrodon|Gastrodon-East, L86, F|100/100\n|move|p2a: Rampardos|Rock Slide|p1a: Gastrodon\n|-resisted|p1a: Gastrodon\n|-damage|p1a: Gastrodon|70/100\n|\n|-heal|p1a: Gastrodon|76/100|[from] item: Leftovers\n|upkeep\n|turn|2\n|inactive|Time left: 300 sec this turn | 300 sec total\n|\n|t:|1783563575\n|move|p2a: Rampardos|Rock Slide|p1a: Gastrodon\n|-resisted|p1a: Gastrodon\n|-damage|p1a: Gastrodon|45/100\n|move|p1a: Gastrodon|Earthquake|p2a: Rampardos\n|-supereffective|p2a: Rampardos\n|-damage|p2a: Rampardos|81/321\n|\n|-heal|p1a: Gastrodon|51/100|[from] item: Leftovers\n|upkeep\n|turn|3\n|inactive|Time left: 300 sec this turn | 300 sec total\n|\n|t:|1783563576\n|switch|p2a: Cacturne|Cacturne, L92, F|278/278\n|move|p1a: Gastrodon|Ice Beam|p2a: Cacturne\n|-supereffective|p2a: Cacturne\n|-damage|p2a: Cacturne|128/278\n|\n|-heal|p1a: Gastrodon|57/100|[from] item: Leftovers\n|upkeep\n|turn|4\n|inactive|Time left: 300 sec this turn | 300 sec total\n|\n|t:|1783563577\n|switch|p1a: Glastrier|Glastrier, L86|100/100\n|move|p2a: Cacturne|Knock Off|p1a: Glastrier\n|-damage|p1a: Glastrier|57/100\n|-enditem|p1a: Glastrier|Choice Band|[from] move: Knock Off|[of] p2a: Cacturne\n|-damage|p2a: Cacturne|101/278|[from] item: Life Orb\n|\n|upkeep\n|turn|5\n|inactive|Time left: 300 sec this turn | 300 sec total\n|\n|t:|1783563578\n|switch|p2a: Bronzong|Bronzong, L88|261/261\n|move|p1a: Glastrier|Icicle Crash|p2a: Bronzong\n|-resisted|p2a: Bronzong\n|-damage|p2a: Bronzong|215/261\n|\n|-heal|p2a: Bronzong|231/261|[from] item: Leftovers\n|upkeep\n|turn|6\n|inactive|Time left: 300 sec this turn | 300 sec total\n|\n|t:|1783563578\n|move|p2a: Bronzong|Iron Defense|p2a: Bronzong\n|-boost|p2a: Bronzong|def|2\n|move|p1a: Glastrier|Icicle Crash|p2a: Bronzong|[miss]\n|-miss|p1a: Glastrier|p2a: Bronzong\n|\n|-heal|p2a: Bronzong|247/261|[from] item: Leftovers\n|upkeep\n|turn|7\n|inactive|Time left: 300 sec this turn | 300 sec total\n|\n|t:|1783563579\n|switch|p1a: Spidops|Spidops, L96, M|100/100\n|move|p2a: Bronzong|Body Press|p1a: Spidops\n|-resisted|p1a: Spidops\n|-damage|p1a: Spidops|78/100\n|\n|-heal|p2a: Bronzong|261/261|[from] item: Leftovers\n|upkeep\n|turn|8\n|inactive|Time left: 300 sec this turn | 300 sec total\n|\n|t:|1783563580\n|move|p1a: Spidops|Sticky Web|p2a: Bronzong\n|-sidestart|p2: p0y2104d249|move: Sticky Web\n|move|p2a: Bronzong|Psychic Noise|p1a: Spidops\n|-damage|p1a: Spidops|53/100\n|-start|p1a: Spidops|move: Heal Block\n|\n|upkeep\n|turn|9\n|inactive|Time left: 300 sec this turn | 300 sec total\n|\n|t:|1783563580\n|move|p1a: Spidops|Knock Off|p2a: Bronzong\n|-supereffective|p2a: Bronzong\n|-damage|p2a: Bronzong|203/261\n|-enditem|p2a: Bronzong|Leftovers|[from] move: Knock Off|[of] p1a: Spidops\n|move|p2a: Bronzong|Iron Head|p1a: Spidops\n|-damage|p1a: Spidops|27/100\n|\n|-end|p1a: Spidops|move: Heal Block\n|upkeep\n|turn|10\n|inactive|Time left: 300 sec this turn | 300 sec total\n|\n|t:|1783563581\n|move|p1a: Spidops|Toxic Spikes|p2a: Bronzong\n|-sidestart|p2: p0y2104d249|move: Toxic Spikes\n|move|p2a: Bronzong|Iron Head|p1a: Spidops\n|-damage|p1a: Spidops|1/100\n|\n|upkeep\n|turn|11\n|inactive|Time left: 300 sec this turn | 300 sec total\n|\n|t:|1783563582\n|move|p1a: Spidops|Knock Off|p2a: Bronzong\n|-supereffective|p2a: Bronzong\n|-damage|p2a: Bronzong|165/261\n|move|p2a: Bronzong|Body Press|p1a: Spidops\n|-resisted|p1a: Spidops\n|-damage|p1a: Spidops|0 fnt\n|faint|p1a: Spidops\n|\n|upkeep\n|\n|t:|1783563583\n|switch|p1a: Alcremie|Alcremie-Matcha-Cream, L90, F|100/100\n|turn|12\n|inactive|Time left: 300 sec this turn | 300 sec total\n|\n|t:|1783563584\n|move|p1a: Alcremie|Calm Mind|p1a: Alcremie\n|-boost|p1a: Alcremie|spa|1\n|-boost|p1a: Alcremie|spd|1\n|move|p2a: Bronzong|Iron Head|p1a: Alcremie\n|-supereffective|p1a: Alcremie\n|-damage|p1a: Alcremie|37/100\n|\n|-heal|p1a: Alcremie|43/100|[from] item: Leftovers\n|upkeep\n|turn|13\n|inactive|Time left: 300 sec this turn | 300 sec total\n|\n|t:|1783563585\n|move|p1a: Alcremie|Recover|p1a: Alcremie\n|-heal|p1a: Alcremie|93/100\n|move|p2a: Bronzong|Iron Head|p1a: Alcremie\n|-supereffective|p1a: Alcremie\n|-damage|p1a: Alcremie|21/100\n|\n|-heal|p1a: Alcremie|27/100|[from] item: Leftovers\n|upkeep\n|turn|14\n|inactive|Time left: 300 sec this turn | 300 sec total\n|\n|t:|1783563586\n|move|p1a: Alcremie|Recover|p1a: Alcremie\n|-heal|p1a: Alcremie|78/100\n|move|p2a: Bronzong|Iron Head|p1a: Alcremie\n|-supereffective|p1a: Alcremie\n|-crit|p1a: Alcremie\n|-damage|p1a: Alcremie|0 fnt\n|faint|p1a: Alcremie\n|\n|upkeep\n|\n|t:|1783563586\n|switch|p1a: Gastrodon|Gastrodon-East, L86, F|57/100\n|turn|15\n|inactive|Time left: 300 sec this turn | 300 sec total\n|\n|t:|1783563587\n|move|p1a: Gastrodon|Recover|p1a: Gastrodon\n|-heal|p1a: Gastrodon|100/100\n|move|p2a: Bronzong|Body Press|p1a: Gastrodon\n|-damage|p1a: Gastrodon|49/100\n|\n|-heal|p1a: Gastrodon|55/100|[from] item: Leftovers\n|upkeep\n|turn|16\n|inactive|Time left: 300 sec this turn | 300 sec total\n|\n|t:|1783563588\n|move|p1a: Gastrodon|Recover|p1a: Gastrodon\n|-heal|p1a: Gastrodon|100/100\n|move|p2a: Bronzong|Body Press|p1a: Gastrodon\n|-damage|p1a: Gastrodon|52/100\n|\n|-heal|p1a: Gastrodon|58/100|[from] item: Leftovers\n|upkeep\n|turn|17\n|inactive|Time left: 300 sec this turn | 300 sec total\n|\n|t:|1783563590\n|move|p1a: Gastrodon|Recover|p1a: Gastrodon\n|-heal|p1a: Gastrodon|100/100\n|move|p2a: Bronzong|Body Press|p1a: Gastrodon\n|-damage|p1a: Gastrodon|52/100\n|\n|-heal|p1a: Gastrodon|59/100|[from] item: Leftovers\n|upkeep\n|turn|18\n|inactive|Time left: 300 sec this turn | 300 sec total\n|\n|t:|1783563591\n|move|p1a: Gastrodon|Recover|p1a: Gastrodon\n|-heal|p1a: Gastrodon|100/100\n|move|p2a: Bronzong|Body Press|p1a: Gastrodon\n|-crit|p1a: Gastrodon\n|-damage|p1a: Gastrodon|27/100\n|\n|-heal|p1a: Gastrodon|33/100|[from] item: Leftovers\n|upkeep\n|turn|19\n|inactive|Time left: 300 sec this turn | 300 sec total\n|\n|t:|1783563592\n|move|p1a: Gastrodon|Recover|p1a: Gastrodon\n|-heal|p1a: Gastrodon|83/100\n|move|p2a: Bronzong|Body Press|p1a: Gastrodon\n|-damage|p1a: Gastrodon|30/100\n|\n|-heal|p1a: Gastrodon|36/100|[from] item: Leftovers\n|upkeep\n|turn|20\n|inactive|Time left: 300 sec this turn | 300 sec total\n|\n|t:|1783563593\n|move|p1a: Gastrodon|Recover|p1a: Gastrodon\n|-heal|p1a: Gastrodon|86/100\n|move|p2a: Bronzong|Body Press|p1a: Gastrodon\n|-damage|p1a: Gastrodon|34/100\n|\n|-heal|p1a: Gastrodon|40/100|[from] item: Leftovers\n|upkeep\n|turn|21\n|inactive|Time left: 300 sec this turn | 300 sec total\n|\n|t:|1783563594\n|move|p1a: Gastrodon|Recover|p1a: Gastrodon\n|-heal|p1a: Gastrodon|90/100\n|move|p2a: Bronzong|Body Press|p1a: Gastrodon\n|-damage|p1a: Gastrodon|35/100\n|\n|-heal|p1a: Gastrodon|41/100|[from] item: Leftovers\n|upkeep\n|turn|22\n|inactive|Time left: 300 sec this turn | 300 sec total\n|\n|t:|1783563595\n|move|p1a: Gastrodon|Recover|p1a: Gastrodon\n|-heal|p1a: Gastrodon|91/100\n|move|p2a: Bronzong|Body Press|p1a: Gastrodon\n|-damage|p1a: Gastrodon|38/100\n|\n|-heal|p1a: Gastrodon|44/100|[from] item: Leftovers\n|upkeep\n|turn|23\n|inactive|Time left: 300 sec this turn | 300 sec total\n|\n|t:|1783563596\n|move|p1a: Gastrodon|Ice Beam|p2a: Bronzong\n|-resisted|p2a: Bronzong\n|-damage|p2a: Bronzong|142/261\n|move|p2a: Bronzong|Body Press|p1a: Gastrodon\n|-damage|p1a: Gastrodon|0 fnt\n|faint|p1a: Gastrodon\n|\n|upkeep\n|\n|t:|1783563598\n|switch|p1a: Raikou|Raikou, L81|100/100\n|-ability|p1a: Raikou|Pressure\n|turn|24\n|inactive|Time left: 300 sec this turn | 300 sec total\n|\n|t:|1783563599\n|move|p1a: Raikou|Thunderbolt|p2a: Bronzong\n|-damage|p2a: Bronzong|64/261\n|move|p2a: Bronzong|Body Press|p1a: Raikou\n|-damage|p1a: Raikou|44/100\n|\n|-heal|p1a: Raikou|50/100|[from] item: Leftovers\n|upkeep\n|turn|25\n|inactive|Time left: 300 sec this turn | 300 sec total\n|\n|t:|1783563600\n|switch|p2a: Arbok|Arbok, L87, M|246/246\n|-activate|p2a: Arbok|move: Sticky Web\n|-unboost|p2a: Arbok|spe|1\n|-sideend|p2: p0y2104d249|move: Toxic Spikes|[of] p2a: Arbok\n|-ability|p2a: Arbok|Intimidate|boost\n|-unboost|p1a: Raikou|atk|1\n|move|p1a: Raikou|Thunderbolt|p2a: Arbok\n|-damage|p2a: Arbok|146/246\n|\n|-heal|p1a: Raikou|56/100|[from] item: Leftovers\n|-heal|p2a: Arbok|161/246|[from] item: Leftovers\n|upkeep\n|turn|26\n|inactive|Time left: 300 sec this turn | 300 sec total\n|\n|t:|1783563601\n|move|p1a: Raikou|Thunderbolt|p2a: Arbok\n|-damage|p2a: Arbok|44/246\n|move|p2a: Arbok|Gunk Shot|p1a: Raikou\n|-damage|p1a: Raikou|0 fnt\n|faint|p1a: Raikou\n|\n|-heal|p2a: Arbok|59/246|[from] item: Leftovers\n|upkeep\n|\n|t:|1783563602\n|switch|p1a: Glastrier|Glastrier, L86|57/100\n|turn|27\n|inactive|Time left: 300 sec this turn | 300 sec total\n|\n|t:|1783563603\n|move|p2a: Arbok|Gunk Shot|p1a: Glastrier\n|-damage|p1a: Glastrier|28/100\n|move|p1a: Glastrier|Icicle Crash|p2a: Arbok\n|-damage|p2a: Arbok|0 fnt\n|faint|p2a: Arbok\n|-ability|p1a: Glastrier|Chilling Neigh|boost\n|-boost|p1a: Glastrier|atk|1\n|\n|upkeep\n|inactive|Time left: 300 sec this turn | 300 sec total | 5 sec grace\n|\n|t:|1783563604\n|switch|p2a: Cacturne|Cacturne, L92, F|101/278\n|-activate|p2a: Cacturne|move: Sticky Web\n|-unboost|p2a: Cacturne|spe|1\n|turn|28\n|inactive|Time left: 300 sec this turn | 300 sec total\n|\n|t:|1783563605\n|move|p2a: Cacturne|Seed Bomb|p1a: Glastrier\n|-damage|p1a: Glastrier|0 fnt\n|faint|p1a: Glastrier\n|-damage|p2a: Cacturne|74/278|[from] item: Life Orb\n|\n|upkeep\n|\n|t:|1783563606\n|switch|p1a: Raichu|Raichu, L88, F|100/100\n|turn|29\n|inactive|Time left: 300 sec this turn | 300 sec total\n|\n|t:|1783563607\n|-terastallize|p2a: Cacturne|Dark\n|move|p2a: Cacturne|Sucker Punch|p1a: Raichu\n|-damage|p1a: Raichu|3/100\n|-damage|p2a: Cacturne|47/278|[from] item: Life Orb\n|move|p1a: Raichu|Tera Blast|p2a: Cacturne\n|-damage|p2a: Cacturne|0 fnt\n|faint|p2a: Cacturne\n|-damage|p1a: Raichu|0 fnt|[from] item: Life Orb\n|faint|p1a: Raichu\n|\n|win|p0y2104d249", "uploadtime": 1783563607, "views": 0, "rating": 0, "private": 0, "password": null, "_winner": "p0y2104d249", "_our_name": "p0y2104d249"}