{"id": "battle-gen9randombattle-1488", "formatid": "gen9randombattle", "format": "[Gen 9] Random Battle", "players": ["p0x1488b6f9", "p0y14887a37"], "log": "|init|battle\n|title|p0x1488b6f9 vs. p0y14887a37\n|j|\u2606p0x1488b6f9\n|j|\u2606p0y14887a37\n|t:|1783557308\n|gametype|singles\n|player|p1|p0x1488b6f9|102|\n|player|p2|p0y14887a37|170|\n|gen|9\n|tier|[Gen 9] Random Battle\n|rule|Species Clause: Limit one of each Pok\u00e9mon\n|rule|HP Percentage Mod: HP is shown in percentages\n|rule|Sleep Clause Mod: Limit one foe put to sleep\n|rule|Illusion Level Mod: Illusion disguises the Pok\u00e9mon's true level\n|\n|t:|1783557308\n|teamsize|p1|6\n|teamsize|p2|6\n|start\n|switch|p1a: Skuntank|Skuntank, L84, M|310/310\n|switch|p2a: Scyther|Scyther, L82, F|100/100\n|turn|1\n|inactive|Battle timer is ON: inactive players will automatically lose when time's up. (requested by p0x1488b6f9)\n|inactive|p0y14887a37 also wants the timer to be on.\n|\n|t:|1783557310\n|move|p2a: Scyther|U-turn|p1a: Skuntank\n|-damage|p1a: Skuntank|223/310\n|\n|t:|1783557311\n|switch|p2a: Qwilfish|Qwilfish-Hisui, L83, M|100/100|[from] U-turn\n|-ability|p2a: Qwilfish|Intimidate|boost\n|-unboost|p1a: Skuntank|atk|1\n|move|p1a: Skuntank|Knock Off|p2a: Qwilfish\n|-resisted|p2a: Qwilfish\n|-damage|p2a: Qwilfish|91/100\n|-enditem|p2a: Qwilfish|Eviolite|[from] move: Knock Off|[of] p1a: Skuntank\n|\n|upkeep\n|turn|2\n|inactive|Time left: 300 sec this turn | 300 sec total\n|\n|t:|1783557312\n|switch|p1a: Ribombee|Ribombee, L83, F|235/235\n|move|p2a: Qwilfish|Spikes|p1a: Ribombee\n|-sidestart|p1: p0x1488b6f9|Spikes\n|\n|upkeep\n|turn|3\n|inactive|Time left: 300 sec this turn | 300 sec total\n|\n|t:|1783557313\n|move|p1a: Ribombee|Sticky Web|p2a: Qwilfish\n|-sidestart|p2: p0y14887a37|move: Sticky Web\n|move|p2a: Qwilfish|Gunk Shot|p1a: Ribombee\n|-supereffective|p1a: Ribombee\n|-damage|p1a: Ribombee|0 fnt\n|faint|p1a: Ribombee\n|\n|upkeep\n|inactive|Time left: 300 sec this turn | 300 sec total | 5 sec grace\n|\n|t:|1783557314\n|switch|p1a: Golurk|Golurk, L87|297/297\n|-damage|p1a: Golurk|260/297|[from] Spikes\n|turn|4\n|inactive|Time left: 300 sec this turn | 300 sec total\n|\n|t:|1783557315\n|move|p2a: Qwilfish|Crunch|p1a: Golurk\n|-supereffective|p1a: Golurk\n|-damage|p1a: Golurk|86/297\n|move|p1a: Golurk|Stone Edge|p2a: Qwilfish\n|-damage|p2a: Qwilfish|28/100\n|\n|upkeep\n|turn|5\n|inactive|Time left: 300 sec this turn | 300 sec total\n|\n|t:|1783557316\n|move|p2a: Qwilfish|Crunch|p1a: Golurk\n|-supereffective|p1a: Golurk\n|-damage|p1a: Golurk|0 fnt\n|faint|p1a: Golurk\n|\n|upkeep\n|inactive|Time left: 300 sec this turn | 300 sec total | 5 sec grace\n|\n|t:|1783557317\n|switch|p1a: Mismagius|Mismagius, L86, F|243/243\n|turn|6\n|inactive|Time left: 300 sec this turn | 300 sec total\n|\n|t:|1783557318\n|move|p1a: Mismagius|Tera Blast|p2a: Qwilfish\n|-damage|p2a: Qwilfish|0 fnt\n|faint|p2a: Qwilfish\n|\n|upkeep\n|\n|t:|1783557319\n|switch|p2a: Zapdos|Zapdos-Galar, L77|100/100\n|turn|7\n|inactive|Time left: 300 sec this turn | 300 sec total\n|\n|t:|1783557320\n|move|p1a: Mismagius|Substitute|p1a: Mismagius\n|-start|p1a: Mismagius|Substitute\n|-damage|p1a: Mismagius|183/243\n|move|p2a: Zapdos|Knock Off|p1a: Mismagius\n|-supereffective|p1a: Mismagius\n|-end|p1a: Mismagius|Substitute\n|-damage|p2a: Zapdos|91/100|[from] item: Life Orb\n|\n|-heal|p1a: Mismagius|198/243|[from] item: Leftovers\n|upkeep\n|turn|8\n|inactive|Time left: 300 sec this turn | 300 sec total\n|\n|t:|1783557321\n|move|p1a: Mismagius|Substitute|p1a: Mismagius\n|-start|p1a: Mismagius|Substitute\n|-damage|p1a: Mismagius|138/243\n|move|p2a: Zapdos|Knock Off|p1a: Mismagius\n|-supereffective|p1a: Mismagius\n|-end|p1a: Mismagius|Substitute\n|-damage|p2a: Zapdos|81/100|[from] item: Life Orb\n|\n|-heal|p1a: Mismagius|153/243|[from] item: Leftovers\n|upkeep\n|turn|9\n|inactive|Time left: 300 sec this turn | 300 sec total\n|\n|t:|1783557322\n|move|p1a: Mismagius|Substitute|p1a: Mismagius\n|-start|p1a: Mismagius|Substitute\n|-damage|p1a: Mismagius|93/243\n|move|p2a: Zapdos|Knock Off|p1a: Mismagius\n|-supereffective|p1a: Mismagius\n|-end|p1a: Mismagius|Substitute\n|-damage|p2a: Zapdos|71/100|[from] item: Life Orb\n|\n|-heal|p1a: Mismagius|108/243|[from] item: Leftovers\n|upkeep\n|turn|10\n|inactive|Time left: 300 sec this turn | 300 sec total\n|\n|t:|1783557323\n|move|p1a: Mismagius|Substitute|p1a: Mismagius\n|-start|p1a: Mismagius|Substitute\n|-damage|p1a: Mismagius|48/243\n|move|p2a: Zapdos|Brave Bird|p1a: Mismagius\n|-end|p1a: Mismagius|Substitute\n|-damage|p2a: Zapdos|64/100|[from] Recoil|[of] p1a: Mismagius\n|-damage|p2a: Zapdos|54/100|[from] item: Life Orb\n|\n|-heal|p1a: Mismagius|63/243|[from] item: Leftovers\n|upkeep\n|turn|11\n|inactive|Time left: 300 sec this turn | 300 sec total\n|\n|t:|1783557324\n|move|p1a: Mismagius|Shadow Ball|p2a: Zapdos\n|-damage|p2a: Zapdos|13/100\n|-unboost|p2a: Zapdos|spd|1\n|-ability|p2a: Zapdos|Defiant|boost\n|-boost|p2a: Zapdos|atk|2\n|move|p2a: Zapdos|Knock Off|p1a: Mismagius\n|-supereffective|p1a: Mismagius\n|-damage|p1a: Mismagius|0 fnt\n|-enditem|p1a: Mismagius|Leftovers|[from] move: Knock Off|[of] p2a: Zapdos\n|faint|p1a: Mismagius\n|-damage|p2a: Zapdos|3/100|[from] item: Life Orb\n|\n|upkeep\n|inactive|Time left: 300 sec this turn | 300 sec total | 5 sec grace\n|\n|t:|1783557325\n|switch|p1a: Slowbro|Slowbro-Galar, L87, F|307/307\n|-damage|p1a: Slowbro|269/307|[from] Spikes\n|turn|12\n|inactive|Time left: 300 sec this turn | 300 sec total\n|\n|t:|1783557326\n|switch|p1a: Skuntank|Skuntank, L84, M|223/310\n|-damage|p1a: Skuntank|185/310|[from] Spikes\n|move|p2a: Zapdos|Brave Bird|p1a: Skuntank\n|-damage|p1a: Skuntank|0 fnt\n|-damage|p2a: Zapdos|0 fnt|[from] ability: Aftermath|[of] p1a: Skuntank\n|faint|p1a: Skuntank\n|faint|p2a: Zapdos\n|\n|upkeep\n|inactive|Time left: 300 sec this turn | 300 sec total | 5 sec grace\n|\n|t:|1783557327\n|switch|p2a: Hatterene|Hatterene, L85, F|100/100\n|switch|p1a: Slowbro|Slowbro-Galar, L87, F|307/307\n|-activate|p2a: Hatterene|move: Sticky Web\n|-unboost|p2a: Hatterene|spe|1\n|-damage|p1a: Slowbro|269/307|[from] Spikes\n|turn|13\n|inactive|Time left: 300 sec this turn | 300 sec total\n|\n|t:|1783557328\n|move|p2a: Hatterene|Mystical Fire|p1a: Slowbro\n|-damage|p1a: Slowbro|183/307\n|-unboost|p1a: Slowbro|spa|1\n|move|p1a: Slowbro|Shell Side Arm|p2a: Hatterene|[anim] Shell Side Arm Physical\n|-supereffective|p2a: Hatterene\n|-damage|p2a: Hatterene|0 fnt\n|-hint|Physical Shell Side Arm\n|faint|p2a: Hatterene\n|-damage|p1a: Slowbro|153/307|[from] item: Life Orb\n|\n|upkeep\n|\n|t:|1783557329\n|switch|p2a: Kommo-o|Kommo-o, L77, M|100/100\n|-activate|p2a: Kommo-o|move: Sticky Web\n|-unboost|p2a: Kommo-o|spe|1\n|turn|14\n|inactive|Time left: 300 sec this turn | 300 sec total\n|\n|t:|1783557330\n|switch|p1a: Perrserker|Perrserker, L89, M|269/269\n|-damage|p1a: Perrserker|236/269|[from] Spikes\n|move|p2a: Kommo-o|Swords Dance|p2a: Kommo-o\n|-boost|p2a: Kommo-o|atk|2\n|\n|upkeep\n|turn|15\n|inactive|Time left: 300 sec this turn | 300 sec total\n|\n|t:|1783557331\n|move|p1a: Perrserker|Iron Head|p2a: Kommo-o\n|-damage|p2a: Kommo-o|43/100\n|-damage|p1a: Perrserker|210/269|[from] item: Life Orb\n|move|p2a: Kommo-o|Close Combat|p1a: Perrserker\n|-supereffective|p1a: Perrserker\n|-damage|p1a: Perrserker|0 fnt\n|-unboost|p2a: Kommo-o|def|1\n|-unboost|p2a: Kommo-o|spd|1\n|faint|p1a: Perrserker\n|\n|upkeep\n|inactive|Time left: 300 sec this turn | 300 sec total | 5 sec grace\n|\n|t:|1783557332\n|switch|p1a: Slowbro|Slowbro-Galar, L87, F|255/307\n|-damage|p1a: Slowbro|217/307|[from] Spikes\n|turn|16\n|inactive|Time left: 300 sec this turn | 300 sec total\n|\n|t:|1783557333\n|move|p2a: Kommo-o|Scale Shot|p1a: Slowbro\n|-damage|p1a: Slowbro|174/307\n|-damage|p1a: Slowbro|131/307\n|-damage|p1a: Slowbro|89/307\n|-damage|p1a: Slowbro|41/307\n|-hitcount|p1a: Slowbro|4\n|-unboost|p2a: Kommo-o|def|1\n|-boost|p2a: Kommo-o|spe|1\n|move|p1a: Slowbro|Trick Room|p1a: Slowbro\n|-fieldstart|move: Trick Room|[of] p1a: Slowbro\n|\n|upkeep\n|turn|17\n|inactive|Time left: 300 sec this turn | 300 sec total\n|\n|t:|1783557334\n|-terastallize|p1a: Slowbro|Psychic\n|-terastallize|p2a: Kommo-o|Steel\n|move|p1a: Slowbro|Fire Blast|p2a: Kommo-o\n|-supereffective|p2a: Kommo-o\n|-damage|p2a: Kommo-o|0 fnt\n|faint|p2a: Kommo-o\n|-damage|p1a: Slowbro|11/307|[from] item: Life Orb\n|\n|upkeep\n|\n|t:|1783557335\n|switch|p2a: Palafin|Palafin, L77, M|100/100\n|-activate|p2a: Palafin|move: Sticky Web\n|-unboost|p2a: Palafin|spe|1\n|turn|18\n|inactive|Time left: 300 sec this turn | 300 sec total\n|\n|t:|1783557336\n|move|p1a: Slowbro|Shell Side Arm|p2a: Palafin|[anim] Shell Side Arm Special\n|-damage|p2a: Palafin|34/100\n|-hint|Special Shell Side Arm\n|-status|p2a: Palafin|psn\n|-damage|p1a: Slowbro|0 fnt|[from] item: Life Orb\n|faint|p1a: Slowbro\n|\n|win|p0y14887a37", "uploadtime": 1783557336, "views": 0, "rating": 0, "private": 0, "password": null, "_winner": "p0y14887a37", "_our_name": "p0x1488b6f9"}