{"id": "battle-gen9randombattle-962", "formatid": "gen9randombattle", "format": "[Gen 9] Random Battle", "players": ["p0x962187d", "p0y96228e5"], "log": "|init|battle\n|title|p0x962187d vs. p0y96228e5\n|j|\u2606p0x962187d\n|j|\u2606p0y96228e5\n|t:|1783550280\n|gametype|singles\n|player|p1|p0x962187d|169|\n|player|p2|p0y96228e5|169|\n|gen|9\n|tier|[Gen 9] Random Battle\n|rule|Species Clause: Limit one of each Pok\u00e9mon\n|rule|HP Percentage Mod: HP is shown in percentages\n|rule|Sleep Clause Mod: Limit one foe put to sleep\n|rule|Illusion Level Mod: Illusion disguises the Pok\u00e9mon's true level\n|\n|t:|1783550280\n|teamsize|p1|6\n|teamsize|p2|6\n|start\n|switch|p1a: Whimsicott|Whimsicott, L84, F|100/100\n|switch|p2a: Phione|Phione, L91|293/293\n|turn|1\n|inactive|Battle timer is ON: inactive players will automatically lose when time's up. (requested by p0y96228e5)\n|\n|t:|1783550282\n|switch|p1a: Porygon2|Porygon2, L81|100/100\n|-ability|p1a: Porygon2|Download|boost\n|-boost|p1a: Porygon2|spa|1\n|move|p2a: Phione|Ice Beam|p1a: Porygon2\n|-damage|p1a: Porygon2|85/100\n|-status|p1a: Porygon2|frz\n|\n|upkeep\n|turn|2\n|inactive|Time left: 300 sec this turn | 300 sec total\n|inactive|p0x962187d also wants the timer to be on.\n|\n|t:|1783550284\n|move|p2a: Phione|Scald|p1a: Porygon2\n|-damage|p1a: Porygon2|64/100 frz\n|-curestatus|p1a: Porygon2|frz|[msg]\n|move|p1a: Porygon2|Thunder Wave|p2a: Phione\n|-status|p2a: Phione|par\n|\n|upkeep\n|turn|3\n|inactive|Time left: 300 sec this turn | 300 sec total\n|\n|t:|1783550285\n|switch|p2a: Carbink|Carbink, L90|236/236\n|move|p1a: Porygon2|Shadow Ball|p2a: Carbink\n|-damage|p2a: Carbink|186/236\n|\n|-heal|p2a: Carbink|200/236|[from] item: Leftovers\n|upkeep\n|turn|4\n|inactive|Time left: 300 sec this turn | 300 sec total\n|\n|t:|1783550286\n|move|p1a: Porygon2|Thunder Wave|p2a: Carbink\n|-status|p2a: Carbink|par\n|move|p2a: Carbink|Rock Polish|p2a: Carbink\n|-boost|p2a: Carbink|spe|2\n|\n|-heal|p2a: Carbink|214/236 par|[from] item: Leftovers\n|upkeep\n|turn|5\n|inactive|Time left: 300 sec this turn | 300 sec total\n|\n|t:|1783550287\n|move|p1a: Porygon2|Recover|p1a: Porygon2\n|-heal|p1a: Porygon2|100/100\n|cant|p2a: Carbink|par\n|\n|-heal|p2a: Carbink|228/236 par|[from] item: Leftovers\n|upkeep\n|turn|6\n|inactive|Time left: 300 sec this turn | 300 sec total\n|\n|t:|1783550288\n|move|p1a: Porygon2|Shadow Ball|p2a: Carbink\n|-damage|p2a: Carbink|177/236 par\n|move|p2a: Carbink|Moonblast|p1a: Porygon2\n|-damage|p1a: Porygon2|82/100\n|-unboost|p1a: Porygon2|spa|1\n|\n|-heal|p2a: Carbink|191/236 par|[from] item: Leftovers\n|upkeep\n|turn|7\n|inactive|Time left: 300 sec this turn | 300 sec total\n|\n|t:|1783550289\n|switch|p1a: Mesprit|Mesprit, L85|100/100\n|cant|p2a: Carbink|par\n|\n|-heal|p2a: Carbink|205/236 par|[from] item: Leftovers\n|upkeep\n|turn|8\n|inactive|Time left: 300 sec this turn | 300 sec total\n|\n|t:|1783550291\n|move|p1a: Mesprit|Psychic|p2a: Carbink\n|-damage|p2a: Carbink|115/236 par\n|move|p2a: Carbink|Body Press|p1a: Mesprit\n|-resisted|p1a: Mesprit\n|-damage|p1a: Mesprit|85/100\n|\n|-heal|p2a: Carbink|129/236 par|[from] item: Leftovers\n|upkeep\n|turn|9\n|inactive|Time left: 300 sec this turn | 300 sec total\n|\n|t:|1783550293\n|move|p1a: Mesprit|Psychic|p2a: Carbink\n|-damage|p2a: Carbink|29/236 par\n|move|p2a: Carbink|Moonblast|p1a: Mesprit\n|-damage|p1a: Mesprit|63/100\n|\n|-heal|p2a: Carbink|43/236 par|[from] item: Leftovers\n|upkeep\n|turn|10\n|inactive|Time left: 300 sec this turn | 300 sec total\n|\n|t:|1783550294\n|switch|p2a: Honchkrow|Honchkrow, L86, F|312/312\n|move|p1a: Mesprit|Psychic|p2a: Honchkrow\n|-immune|p2a: Honchkrow\n|\n|upkeep\n|turn|11\n|inactive|Time left: 300 sec this turn | 300 sec total\n|\n|t:|1783550295\n|switch|p1a: Porygon2|Porygon2, L81|82/100\n|-ability|p1a: Porygon2|Download|boost\n|-boost|p1a: Porygon2|spa|1\n|move|p2a: Honchkrow|Brave Bird|p1a: Porygon2\n|-damage|p1a: Porygon2|38/100\n|-damage|p2a: Honchkrow|273/312|[from] Recoil\n|\n|upkeep\n|turn|12\n|inactive|Time left: 300 sec this turn | 300 sec total\n|\n|t:|1783550296\n|switch|p1a: Mesprit|Mesprit, L85|63/100\n|move|p2a: Honchkrow|Brave Bird|p1a: Mesprit\n|-damage|p1a: Mesprit|10/100\n|-damage|p2a: Honchkrow|225/312|[from] Recoil\n|\n|upkeep\n|turn|13\n|inactive|Time left: 300 sec this turn | 300 sec total\n|\n|t:|1783550298\n|move|p2a: Honchkrow|Sucker Punch|p1a: Mesprit\n|-supereffective|p1a: Mesprit\n|-damage|p1a: Mesprit|0 fnt\n|faint|p1a: Mesprit\n|-ability|p2a: Honchkrow|Moxie|boost\n|-boost|p2a: Honchkrow|atk|1\n|\n|upkeep\n|\n|t:|1783550299\n|switch|p1a: Whimsicott|Whimsicott, L84, F|100/100\n|turn|14\n|inactive|Time left: 300 sec this turn | 300 sec total\n|\n|t:|1783550300\n|switch|p2a: Carbink|Carbink, L90|43/236 par\n|move|p1a: Whimsicott|Moonblast|p2a: Carbink\n|-damage|p2a: Carbink|0 fnt\n|faint|p2a: Carbink\n|\n|upkeep\n|inactive|Time left: 300 sec this turn | 300 sec total | 5 sec grace\n|\n|t:|1783550301\n|switch|p2a: Spectrier|Spectrier, L75|274/274\n|turn|15\n|inactive|Time left: 300 sec this turn | 300 sec total\n|\n|t:|1783550302\n|move|p1a: Whimsicott|Moonblast|p2a: Spectrier\n|-damage|p2a: Spectrier|177/274\n|-unboost|p2a: Spectrier|spa|1\n|move|p2a: Spectrier|Nasty Plot|p2a: Spectrier\n|-boost|p2a: Spectrier|spa|2\n|\n|upkeep\n|turn|16\n|inactive|Time left: 300 sec this turn | 300 sec total\n|\n|t:|1783550303\n|move|p1a: Whimsicott|Moonblast|p2a: Spectrier\n|-damage|p2a: Spectrier|80/274\n|move|p2a: Spectrier|Shadow Ball|p1a: Whimsicott\n|-crit|p1a: Whimsicott\n|-damage|p1a: Whimsicott|0 fnt\n|faint|p1a: Whimsicott\n|-ability|p2a: Spectrier|Grim Neigh|boost\n|-boost|p2a: Spectrier|spa|1\n|-damage|p2a: Spectrier|53/274|[from] item: Life Orb\n|\n|upkeep\n|\n|t:|1783550304\n|switch|p1a: Seviper|Seviper, L93, F|100/100\n|turn|17\n|inactive|Time left: 300 sec this turn | 300 sec total\n|\n|t:|1783550305\n|move|p1a: Seviper|Gunk Shot|p2a: Spectrier\n|-resisted|p2a: Spectrier\n|-damage|p2a: Spectrier|0 fnt\n|faint|p2a: Spectrier\n|\n|upkeep\n|inactive|Time left: 300 sec this turn | 300 sec total | 5 sec grace\n|\n|t:|1783550306\n|switch|p2a: Phione|Phione, L91|293/293 par\n|turn|18\n|inactive|Time left: 300 sec this turn | 300 sec total\n|\n|t:|1783550307\n|move|p1a: Seviper|Gunk Shot|p2a: Phione\n|-damage|p2a: Phione|134/293 par\n|move|p2a: Phione|Scald|p1a: Seviper\n|-damage|p1a: Seviper|64/100\n|\n|-heal|p2a: Phione|152/293 par|[from] item: Leftovers\n|upkeep\n|turn|19\n|inactive|Time left: 300 sec this turn | 300 sec total\n|\n|t:|1783550309\n|-terastallize|p2a: Phione|Steel\n|move|p1a: Seviper|Gunk Shot|p2a: Phione\n|-immune|p2a: Phione\n|cant|p2a: Phione|par\n|\n|-heal|p2a: Phione|170/293 par|[from] item: Leftovers\n|upkeep\n|turn|20\n|inactive|Time left: 300 sec this turn | 300 sec total\n|\n|t:|1783550309\n|switch|p1a: Lurantis|Lurantis, L87, F|100/100\n|move|p2a: Phione|Scald|p1a: Lurantis\n|-resisted|p1a: Lurantis\n|-damage|p1a: Lurantis|89/100\n|\n|-heal|p2a: Phione|188/293 par|[from] item: Leftovers\n|upkeep\n|turn|21\n|inactive|Time left: 300 sec this turn | 300 sec total\n|\n|t:|1783550310\n|switch|p2a: Giratina|Giratina, L75|349/349\n|-ability|p2a: Giratina|Pressure\n|move|p1a: Lurantis|Superpower|p2a: Giratina\n|-immune|p2a: Giratina\n|\n|upkeep\n|turn|22\n|inactive|Time left: 300 sec this turn | 300 sec total\n|\n|t:|1783550311\n|move|p2a: Giratina|Will-O-Wisp|p1a: Lurantis\n|-status|p1a: Lurantis|brn\n|move|p1a: Lurantis|Leaf Storm|p2a: Giratina\n|-resisted|p2a: Giratina\n|-damage|p2a: Giratina|295/349\n|-boost|p1a: Lurantis|spa|2\n|\n|-heal|p2a: Giratina|316/349|[from] item: Leftovers\n|-damage|p1a: Lurantis|83/100 brn|[from] brn\n|upkeep\n|turn|23\n|inactive|Time left: 300 sec this turn | 300 sec total\n|\n|t:|1783550312\n|move|p2a: Giratina|Shadow Ball|p1a: Lurantis\n|-damage|p1a: Lurantis|65/100 brn\n|-boost|p1a: Lurantis|spd|1\n|move|p1a: Lurantis|Leaf Storm|p2a: Giratina\n|-resisted|p2a: Giratina\n|-damage|p2a: Giratina|209/349\n|-boost|p1a: Lurantis|spa|2\n|\n|-heal|p2a: Giratina|230/349|[from] item: Leftovers\n|-damage|p1a: Lurantis|58/100 brn|[from] brn\n|upkeep\n|turn|24\n|inactive|Time left: 300 sec this turn | 300 sec total\n|\n|t:|1783550312\n|move|p2a: Giratina|Shadow Ball|p1a: Lurantis\n|-damage|p1a: Lurantis|46/100 brn\n|move|p1a: Lurantis|Leaf Storm|p2a: Giratina\n|-resisted|p2a: Giratina\n|-damage|p2a: Giratina|70/349\n|-boost|p1a: Lurantis|spa|2\n|\n|-heal|p2a: Giratina|91/349|[from] item: Leftovers\n|-damage|p1a: Lurantis|40/100 brn|[from] brn\n|upkeep\n|turn|25\n|inactive|Time left: 300 sec this turn | 300 sec total\n|\n|t:|1783550313\n|move|p2a: Giratina|Rest|p2a: Giratina\n|-status|p2a: Giratina|slp|[from] move: Rest\n|-heal|p2a: Giratina|349/349 slp|[silent]\n|move|p1a: Lurantis|Leaf Storm|p2a: Giratina\n|-resisted|p2a: Giratina\n|-damage|p2a: Giratina|121/349 slp\n|\n|-heal|p2a: Giratina|142/349 slp|[from] item: Leftovers\n|-damage|p1a: Lurantis|34/100 brn|[from] brn\n|upkeep\n|turn|26\n|inactive|Time left: 300 sec this turn | 300 sec total\n|\n|t:|1783550314\n|switch|p2a: Honchkrow|Honchkrow, L86, F|225/312\n|move|p1a: Lurantis|Superpower|p2a: Honchkrow\n|-damage|p2a: Honchkrow|161/312\n|-boost|p1a: Lurantis|atk|1\n|-boost|p1a: Lurantis|def|1\n|\n|-damage|p1a: Lurantis|28/100 brn|[from] brn\n|upkeep\n|turn|27\n|inactive|Time left: 300 sec this turn | 300 sec total\n|\n|t:|1783550315\n|move|p2a: Honchkrow|Brave Bird|p1a: Lurantis\n|-supereffective|p1a: Lurantis\n|-damage|p1a: Lurantis|0 fnt\n|faint|p1a: Lurantis\n|-ability|p2a: Honchkrow|Moxie|boost\n|-boost|p2a: Honchkrow|atk|1\n|-damage|p2a: Honchkrow|137/312|[from] Recoil\n|\n|upkeep\n|\n|t:|1783550315\n|switch|p1a: Solgaleo|Solgaleo, L74|100/100\n|turn|28\n|inactive|Time left: 300 sec this turn | 300 sec total\n|\n|t:|1783550316\n|-terastallize|p1a: Solgaleo|Ground\n|move|p2a: Honchkrow|Sucker Punch|p1a: Solgaleo\n|-damage|p1a: Solgaleo|55/100\n|move|p1a: Solgaleo|Sunsteel Strike|p2a: Honchkrow\n|-damage|p2a: Honchkrow|0 fnt\n|faint|p2a: Honchkrow\n|\n|upkeep\n|inactive|Time left: 300 sec this turn | 300 sec total | 5 sec grace\n|\n|t:|1783550317\n|switch|p2a: Walking Wake|Walking Wake, L79|286/286\n|turn|29\n|inactive|Time left: 300 sec this turn | 300 sec total\n|\n|t:|1783550318\n|switch|p1a: Seviper|Seviper, L93, F|64/100\n|move|p2a: Walking Wake|Hydro Steam|p1a: Seviper\n|-crit|p1a: Seviper\n|-damage|p1a: Seviper|0 fnt\n|faint|p1a: Seviper\n|-damage|p2a: Walking Wake|258/286|[from] item: Life Orb\n|\n|upkeep\n|\n|t:|1783550319\n|switch|p1a: Porygon2|Porygon2, L81|38/100\n|-ability|p1a: Porygon2|Download|boost\n|-boost|p1a: Porygon2|spa|1\n|turn|30\n|inactive|Time left: 300 sec this turn | 300 sec total\n|\n|t:|1783550321\n|switch|p1a: Solgaleo|Solgaleo, L74, tera:Ground|55/100\n|move|p2a: Walking Wake|Draco Meteor|p1a: Solgaleo\n|-damage|p1a: Solgaleo|0 fnt\n|-unboost|p2a: Walking Wake|spa|2\n|faint|p1a: Solgaleo\n|-damage|p2a: Walking Wake|230/286|[from] item: Life Orb\n|\n|upkeep\n|\n|t:|1783550321\n|switch|p1a: Porygon2|Porygon2, L81|38/100\n|-ability|p1a: Porygon2|Download|boost\n|-boost|p1a: Porygon2|spa|1\n|turn|31\n|inactive|Time left: 300 sec this turn | 300 sec total\n|\n|t:|1783550322\n|-end|p2a: Walking Wake|Protosynthesis|[silent]\n|switch|p2a: Giratina|Giratina, L75|142/349 slp\n|-ability|p2a: Giratina|Pressure\n|move|p1a: Porygon2|Recover|p1a: Porygon2\n|-heal|p1a: Porygon2|88/100\n|\n|-heal|p2a: Giratina|163/349 slp|[from] item: Leftovers\n|upkeep\n|turn|32\n|inactive|Time left: 300 sec this turn | 300 sec total\n|\n|t:|1783550324\n|cant|p2a: Giratina|slp\n|move|p2a: Giratina|Sleep Talk|p2a: Giratina\n|move|p2a: Giratina|Will-O-Wisp|p1a: Porygon2|[from] move: Sleep Talk\n|-status|p1a: Porygon2|brn\n|move|p1a: Porygon2|Shadow Ball|p2a: Giratina\n|-supereffective|p2a: Giratina\n|-damage|p2a: Giratina|19/349 slp\n|\n|-heal|p2a: Giratina|40/349 slp|[from] item: Leftovers\n|-damage|p1a: Porygon2|82/100 brn|[from] brn\n|upkeep\n|turn|33\n|inactive|Time left: 300 sec this turn | 300 sec total\n|\n|t:|1783550325\n|cant|p2a: Giratina|slp\n|move|p2a: Giratina|Sleep Talk|p2a: Giratina\n|move|p2a: Giratina|Will-O-Wisp|p1a: Porygon2|[from] move: Sleep Talk|[miss]\n|-miss|p2a: Giratina|p1a: Porygon2\n|move|p1a: Porygon2|Shadow Ball|p2a: Giratina\n|-supereffective|p2a: Giratina\n|-damage|p2a: Giratina|0 fnt\n|faint|p2a: Giratina\n|\n|-damage|p1a: Porygon2|76/100 brn|[from] brn\n|upkeep\n|inactive|Time left: 300 sec this turn | 300 sec total | 5 sec grace\n|\n|t:|1783550326\n|switch|p2a: Phione|Phione, L91, tera:Steel|188/293 par\n|turn|34\n|inactive|Time left: 300 sec this turn | 300 sec total\n|\n|t:|1783550327\n|move|p1a: Porygon2|Shadow Ball|p2a: Phione\n|-damage|p2a: Phione|104/293 par\n|move|p2a: Phione|Scald|p1a: Porygon2\n|-damage|p1a: Porygon2|58/100 brn\n|\n|-heal|p2a: Phione|122/293 par|[from] item: Leftovers\n|-damage|p1a: Porygon2|52/100 brn|[from] brn\n|upkeep\n|turn|35\n|inactive|Time left: 300 sec this turn | 300 sec total\n|\n|t:|1783550328\n|move|p1a: Porygon2|Recover|p1a: Porygon2\n|-heal|p1a: Porygon2|100/100 brn\n|move|p2a: Phione|Scald|p1a: Porygon2\n|-damage|p1a: Porygon2|81/100 brn\n|\n|-heal|p2a: Phione|140/293 par|[from] item: Leftovers\n|-damage|p1a: Porygon2|75/100 brn|[from] brn\n|upkeep\n|turn|36\n|inactive|Time left: 300 sec this turn | 300 sec total\n|\n|t:|1783550329\n|move|p1a: Porygon2|Shadow Ball|p2a: Phione\n|-damage|p2a: Phione|54/293 par\n|move|p2a: Phione|Scald|p1a: Porygon2\n|-damage|p1a: Porygon2|55/100 brn\n|\n|-heal|p2a: Phione|72/293 par|[from] item: Leftovers\n|-damage|p1a: Porygon2|49/100 brn|[from] brn\n|upkeep\n|turn|37\n|inactive|Time left: 300 sec this turn | 300 sec total\n|\n|t:|1783550330\n|move|p1a: Porygon2|Recover|p1a: Porygon2\n|-heal|p1a: Porygon2|99/100 brn\n|cant|p2a: Phione|par\n|\n|-heal|p2a: Phione|90/293 par|[from] item: Leftovers\n|-damage|p1a: Porygon2|93/100 brn|[from] brn\n|upkeep\n|turn|38\n|inactive|Time left: 300 sec this turn | 300 sec total\n|\n|t:|1783550331\n|move|p1a: Porygon2|Shadow Ball|p2a: Phione\n|-damage|p2a: Phione|10/293 par\n|move|p2a: Phione|Ice Beam|p1a: Porygon2\n|-damage|p1a: Porygon2|77/100 brn\n|\n|-heal|p2a: Phione|28/293 par|[from] item: Leftovers\n|-damage|p1a: Porygon2|71/100 brn|[from] brn\n|upkeep\n|turn|39\n|inactive|Time left: 300 sec this turn | 300 sec total\n|\n|t:|1783550332\n|move|p1a: Porygon2|Tera Blast|p2a: Phione\n|-resisted|p2a: Phione\n|-damage|p2a: Phione|0 fnt\n|faint|p2a: Phione\n|\n|-damage|p1a: Porygon2|65/100 brn|[from] brn\n|upkeep\n|inactive|Time left: 300 sec this turn | 300 sec total | 5 sec grace\n|\n|t:|1783550333\n|switch|p2a: Walking Wake|Walking Wake, L79|230/286\n|turn|40\n|inactive|Time left: 300 sec this turn | 300 sec total\n|\n|t:|1783550334\n|move|p2a: Walking Wake|Sunny Day|p2a: Walking Wake\n|-weather|SunnyDay\n|-activate|p2a: Walking Wake|ability: Protosynthesis\n|-start|p2a: Walking Wake|protosynthesisspa\n|move|p1a: Porygon2|Recover|p1a: Porygon2\n|-heal|p1a: Porygon2|100/100 brn\n|\n|-weather|SunnyDay|[upkeep]\n|-damage|p1a: Porygon2|95/100 brn|[from] brn\n|upkeep\n|turn|41\n|inactive|Time left: 300 sec this turn | 300 sec total\n|\n|t:|1783550335\n|move|p2a: Walking Wake|Hydro Steam|p1a: Porygon2\n|-damage|p1a: Porygon2|41/100 brn\n|-damage|p2a: Walking Wake|202/286|[from] item: Life Orb\n|move|p1a: Porygon2|Thunder Wave|p2a: Walking Wake\n|-status|p2a: Walking Wake|par\n|\n|-weather|SunnyDay|[upkeep]\n|-damage|p1a: Porygon2|35/100 brn|[from] brn\n|upkeep\n|turn|42\n|inactive|Time left: 300 sec this turn | 300 sec total\n|\n|t:|1783550336\n|move|p1a: Porygon2|Recover|p1a: Porygon2\n|-heal|p1a: Porygon2|85/100 brn\n|move|p2a: Walking Wake|Hydro Steam|p1a: Porygon2\n|-damage|p1a: Porygon2|26/100 brn\n|-damage|p2a: Walking Wake|174/286 par|[from] item: Life Orb\n|\n|-weather|SunnyDay|[upkeep]\n|-damage|p1a: Porygon2|20/100 brn|[from] brn\n|upkeep\n|turn|43\n|inactive|Time left: 300 sec this turn | 300 sec total\n|\n|t:|1783550337\n|move|p1a: Porygon2|Recover|p1a: Porygon2\n|-heal|p1a: Porygon2|70/100 brn\n|move|p2a: Walking Wake|Draco Meteor|p1a: Porygon2\n|-damage|p1a: Porygon2|6/100 brn\n|-unboost|p2a: Walking Wake|spa|2\n|-damage|p2a: Walking Wake|146/286 par|[from] item: Life Orb\n|\n|-weather|SunnyDay|[upkeep]\n|-damage|p1a: Porygon2|0 fnt|[from] brn\n|faint|p1a: Porygon2\n|\n|win|p0y96228e5", "uploadtime": 1783550337, "views": 0, "rating": 0, "private": 0, "password": null, "_winner": "p0y96228e5", "_our_name": "p0y96228e5"}