{"id": "battle-gen9randombattle-2551", "formatid": "gen9randombattle", "format": "[Gen 9] Random Battle", "players": ["p0x255177e3", "p0y2551e085"], "log": "|init|battle\n|title|p0x255177e3 vs. p0y2551e085\n|j|\u2606p0x255177e3\n|j|\u2606p0y2551e085\n|t:|1783568554\n|gametype|singles\n|player|p1|p0x255177e3|102|\n|player|p2|p0y2551e085|265|\n|gen|9\n|tier|[Gen 9] Random Battle\n|rule|Species Clause: Limit one of each Pok\u00e9mon\n|rule|HP Percentage Mod: HP is shown in percentages\n|rule|Sleep Clause Mod: Limit one foe put to sleep\n|rule|Illusion Level Mod: Illusion disguises the Pok\u00e9mon's true level\n|\n|t:|1783568554\n|teamsize|p1|6\n|teamsize|p2|6\n|start\n|switch|p1a: Arcanine|Arcanine, L84, F|100/100\n|switch|p2a: Palkia|Palkia, L75|259/259\n|-ability|p1a: Arcanine|Intimidate|boost\n|-unboost|p2a: Palkia|atk|1\n|-ability|p2a: Palkia|Pressure\n|turn|1\n|inactive|Battle timer is ON: inactive players will automatically lose when time's up. (requested by p0x255177e3)\n|inactive|Time left: 300 sec this turn | 300 sec total | 60 sec grace\n|inactive|p0y2551e085 also wants the timer to be on.\n|\n|t:|1783568556\n|switch|p1a: Azumarill|Azumarill, L82, F|100/100\n|move|p2a: Palkia|Spacial Rend|p1a: Azumarill\n|-immune|p1a: Azumarill\n|\n|upkeep\n|turn|2\n|inactive|Time left: 300 sec this turn | 300 sec total\n|\n|t:|1783568557\n|switch|p2a: Amoonguss|Amoonguss, L82, F|321/321\n|move|p1a: Azumarill|Play Rough|p2a: Amoonguss\n|-resisted|p2a: Amoonguss\n|-damage|p2a: Amoonguss|217/321\n|\n|-heal|p2a: Amoonguss|237/321|[from] item: Leftovers\n|upkeep\n|turn|3\n|inactive|Time left: 300 sec this turn | 300 sec total\n|\n|t:|1783568558\n|move|p1a: Azumarill|Play Rough|p2a: Amoonguss\n|-resisted|p2a: Amoonguss\n|-damage|p2a: Amoonguss|130/321\n|move|p2a: Amoonguss|Spore|p1a: Azumarill\n|-status|p1a: Azumarill|slp|[from] move: Spore\n|\n|-heal|p2a: Amoonguss|150/321|[from] item: Leftovers\n|upkeep\n|turn|4\n|inactive|Time left: 300 sec this turn | 300 sec total\n|\n|t:|1783568559\n|switch|p1a: Slowbro|Slowbro-Galar, L87, M|100/100\n|switch|p2a: Polteageist|Polteageist, L78|222/222\n|\n|upkeep\n|turn|5\n|inactive|Time left: 300 sec this turn | 300 sec total\n|\n|t:|1783568560\n|move|p2a: Polteageist|Shell Smash|p2a: Polteageist\n|-unboost|p2a: Polteageist|def|1\n|-unboost|p2a: Polteageist|spd|1\n|-boost|p2a: Polteageist|atk|2\n|-boost|p2a: Polteageist|spa|2\n|-boost|p2a: Polteageist|spe|2\n|-enditem|p2a: Polteageist|White Herb\n|-clearnegativeboost|p2a: Polteageist|[silent]\n|move|p1a: Slowbro|Foul Play|p2a: Polteageist\n|-supereffective|p2a: Polteageist\n|-damage|p2a: Polteageist|46/222\n|\n|upkeep\n|turn|6\n|inactive|Time left: 300 sec this turn | 300 sec total\n|\n|t:|1783568561\n|move|p2a: Polteageist|Strength Sap|p1a: Slowbro\n|-unboost|p1a: Slowbro|atk|1\n|-heal|p2a: Polteageist|222/222\n|move|p1a: Slowbro|Foul Play|p2a: Polteageist\n|-supereffective|p2a: Polteageist\n|-damage|p2a: Polteageist|50/222\n|\n|upkeep\n|turn|7\n|inactive|Time left: 300 sec this turn | 300 sec total\n|\n|t:|1783568562\n|move|p2a: Polteageist|Strength Sap|p1a: Slowbro\n|-unboost|p1a: Slowbro|atk|1\n|-heal|p2a: Polteageist|199/222\n|move|p1a: Slowbro|Foul Play|p2a: Polteageist\n|-supereffective|p2a: Polteageist\n|-damage|p2a: Polteageist|13/222\n|\n|upkeep\n|turn|8\n|inactive|Time left: 300 sec this turn | 300 sec total\n|\n|t:|1783568563\n|move|p2a: Polteageist|Strength Sap|p1a: Slowbro\n|-unboost|p1a: Slowbro|atk|1\n|-heal|p2a: Polteageist|125/222\n|move|p1a: Slowbro|Foul Play|p2a: Polteageist\n|-supereffective|p2a: Polteageist\n|-damage|p2a: Polteageist|0 fnt\n|faint|p2a: Polteageist\n|\n|upkeep\n|inactive|Time left: 300 sec this turn | 300 sec total | 5 sec grace\n|\n|t:|1783568564\n|switch|p2a: Palkia|Palkia, L75|259/259\n|-ability|p2a: Palkia|Pressure\n|turn|9\n|inactive|Time left: 300 sec this turn | 300 sec total\n|\n|t:|1783568565\n|move|p2a: Palkia|Hydro Pump|p1a: Slowbro\n|-damage|p1a: Slowbro|51/100\n|move|p1a: Slowbro|Psychic|p2a: Palkia\n|-damage|p2a: Palkia|163/259\n|\n|upkeep\n|turn|10\n|inactive|Time left: 300 sec this turn | 300 sec total\n|\n|t:|1783568567\n|switch|p1a: Arceus|Arceus-Dragon, L71|100/100\n|move|p2a: Palkia|Hydro Pump|p1a: Arceus\n|-resisted|p1a: Arceus\n|-damage|p1a: Arceus|68/100\n|\n|upkeep\n|turn|11\n|inactive|Time left: 300 sec this turn | 300 sec total\n|\n|t:|1783568568\n|switch|p2a: Archaludon|Archaludon, L78, F|268/268\n|move|p1a: Arceus|Outrage|p2a: Archaludon\n|-damage|p2a: Archaludon|160/268\n|-ability|p2a: Archaludon|Stamina|boost\n|-boost|p2a: Archaludon|def|1\n|\n|-heal|p2a: Archaludon|176/268|[from] item: Leftovers\n|upkeep\n|turn|12\n|inactive|Time left: 300 sec this turn | 300 sec total\n|\n|t:|1783568569\n|move|p1a: Arceus|Outrage|p2a: Archaludon|[from] lockedmove\n|-damage|p2a: Archaludon|104/268\n|-ability|p2a: Archaludon|Stamina|boost\n|-boost|p2a: Archaludon|def|1\n|-start|p1a: Arceus|confusion|[fatigue]\n|move|p2a: Archaludon|Draco Meteor|p1a: Arceus\n|-supereffective|p1a: Arceus\n|-damage|p1a: Arceus|0 fnt\n|-unboost|p2a: Archaludon|spa|2\n|faint|p1a: Arceus\n|\n|-heal|p2a: Archaludon|120/268|[from] item: Leftovers\n|upkeep\n|\n|t:|1783568570\n|switch|p1a: Chandelure|Chandelure, L83, F|100/100\n|turn|13\n|inactive|Time left: 300 sec this turn | 300 sec total\n|\n|t:|1783568571\n|switch|p2a: Palkia|Palkia, L75|163/259\n|-ability|p2a: Palkia|Pressure\n|move|p1a: Chandelure|Shadow Ball|p2a: Palkia\n|-damage|p2a: Palkia|60/259\n|\n|upkeep\n|turn|14\n|inactive|Time left: 300 sec this turn | 300 sec total\n|\n|t:|1783568572\n|switch|p1a: Slowbro|Slowbro-Galar, L87, M|84/100\n|move|p2a: Palkia|Hydro Pump|p1a: Slowbro\n|-damage|p1a: Slowbro|38/100\n|\n|upkeep\n|turn|15\n|inactive|Time left: 300 sec this turn | 300 sec total\n|\n|t:|1783568573\n|switch|p1a: Azumarill|Azumarill, L82, F|100/100 slp\n|move|p2a: Palkia|Hydro Pump|p1a: Azumarill\n|-resisted|p1a: Azumarill\n|-damage|p1a: Azumarill|62/100 slp\n|\n|upkeep\n|turn|16\n|inactive|Time left: 300 sec this turn | 300 sec total\n|\n|t:|1783568574\n|switch|p1a: Slowbro|Slowbro-Galar, L87, M|71/100\n|move|p2a: Palkia|Hydro Pump|p1a: Slowbro|[miss]\n|-miss|p2a: Palkia|p1a: Slowbro\n|\n|upkeep\n|turn|17\n|inactive|Time left: 300 sec this turn | 300 sec total\n|\n|t:|1783568575\n|move|p2a: Palkia|Hydro Pump|p1a: Slowbro\n|-damage|p1a: Slowbro|21/100\n|move|p1a: Slowbro|Earthquake|p2a: Palkia\n|-damage|p2a: Palkia|0 fnt\n|faint|p2a: Palkia\n|\n|upkeep\n|inactive|Time left: 300 sec this turn | 300 sec total | 5 sec grace\n|\n|t:|1783568576\n|switch|p2a: Archaludon|Archaludon, L78, F|120/268\n|turn|18\n|inactive|Time left: 300 sec this turn | 300 sec total\n|\n|t:|1783568577\n|switch|p1a: Chandelure|Chandelure, L83, F|100/100\n|move|p2a: Archaludon|Flash Cannon|p1a: Chandelure\n|-resisted|p1a: Chandelure\n|-damage|p1a: Chandelure|83/100\n|\n|-heal|p2a: Archaludon|136/268|[from] item: Leftovers\n|upkeep\n|turn|19\n|inactive|Time left: 300 sec this turn | 300 sec total\n|\n|t:|1783568578\n|switch|p2a: Iron Hands|Iron Hands, L79|373/373\n|move|p1a: Chandelure|Shadow Ball|p2a: Iron Hands\n|-damage|p2a: Iron Hands|270/373\n|-unboost|p2a: Iron Hands|spd|1\n|\n|upkeep\n|turn|20\n|inactive|Time left: 300 sec this turn | 300 sec total\n|\n|t:|1783568579\n|move|p1a: Chandelure|Fire Blast|p2a: Iron Hands\n|-damage|p2a: Iron Hands|54/373\n|move|p2a: Iron Hands|Wild Charge|p1a: Chandelure\n|-damage|p1a: Chandelure|37/100\n|-damage|p2a: Iron Hands|27/373|[from] Recoil\n|\n|upkeep\n|turn|21\n|inactive|Time left: 300 sec this turn | 300 sec total\n|\n|t:|1783568580\n|move|p1a: Chandelure|Flame Charge|p2a: Iron Hands\n|-damage|p2a: Iron Hands|0 fnt\n|-boost|p1a: Chandelure|spe|1\n|faint|p2a: Iron Hands\n|-end|p2a: Iron Hands|Quark Drive|[silent]\n|\n|upkeep\n|inactive|Time left: 300 sec this turn | 300 sec total | 5 sec grace\n|\n|t:|1783568581\n|switch|p2a: Amoonguss|Amoonguss, L82, F|257/321\n|turn|22\n|inactive|Time left: 300 sec this turn | 300 sec total\n|\n|t:|1783568582\n|-terastallize|p2a: Amoonguss|Water\n|move|p1a: Chandelure|Fire Blast|p2a: Amoonguss\n|-resisted|p2a: Amoonguss\n|-damage|p2a: Amoonguss|177/321\n|move|p2a: Amoonguss|Sludge Bomb|p1a: Chandelure\n|-resisted|p1a: Chandelure\n|-damage|p1a: Chandelure|20/100\n|\n|-heal|p2a: Amoonguss|197/321|[from] item: Leftovers\n|upkeep\n|turn|23\n|inactive|Time left: 300 sec this turn | 300 sec total\n|\n|t:|1783568583\n|move|p1a: Chandelure|Shadow Ball|p2a: Amoonguss\n|-damage|p2a: Amoonguss|71/321\n|move|p2a: Amoonguss|Sludge Bomb|p1a: Chandelure\n|-resisted|p1a: Chandelure\n|-damage|p1a: Chandelure|2/100\n|\n|-heal|p2a: Amoonguss|91/321|[from] item: Leftovers\n|upkeep\n|turn|24\n|inactive|Time left: 300 sec this turn | 300 sec total\n|\n|t:|1783568585\n|switch|p2a: Archaludon|Archaludon, L78, F|136/268\n|move|p1a: Chandelure|Shadow Ball|p2a: Archaludon\n|-damage|p2a: Archaludon|0 fnt\n|faint|p2a: Archaludon\n|\n|upkeep\n|inactive|Time left: 300 sec this turn | 300 sec total | 5 sec grace\n|\n|t:|1783568586\n|switch|p2a: Amoonguss|Amoonguss, L82, F, tera:Water|198/321\n|turn|25\n|inactive|Time left: 300 sec this turn | 300 sec total\n|\n|t:|1783568587\n|move|p1a: Chandelure|Shadow Ball|p2a: Amoonguss\n|-damage|p2a: Amoonguss|72/321\n|move|p2a: Amoonguss|Clear Smog|p1a: Chandelure\n|-resisted|p1a: Chandelure\n|-damage|p1a: Chandelure|0 fnt\n|-clearboost|p1a: Chandelure\n|faint|p1a: Chandelure\n|\n|-heal|p2a: Amoonguss|92/321|[from] item: Leftovers\n|upkeep\n|\n|t:|1783568588\n|switch|p1a: Dugtrio|Dugtrio, L84, M|100/100\n|turn|26\n|inactive|Time left: 300 sec this turn | 300 sec total\n|\n|t:|1783568589\n|move|p1a: Dugtrio|Earthquake|p2a: Amoonguss\n|-damage|p2a: Amoonguss|0 fnt\n|faint|p2a: Amoonguss\n|-damage|p1a: Dugtrio|91/100|[from] item: Life Orb\n|\n|upkeep\n|inactive|Time left: 300 sec this turn | 300 sec total | 5 sec grace\n|\n|t:|1783568590\n|switch|p2a: Deoxys|Deoxys, L74|196/196\n|-ability|p2a: Deoxys|Pressure\n|turn|27\n|inactive|Time left: 300 sec this turn | 300 sec total\n|\n|t:|1783568591\n|move|p1a: Dugtrio|Sucker Punch|p2a: Deoxys\n|-supereffective|p2a: Deoxys\n|-damage|p2a: Deoxys|0 fnt\n|faint|p2a: Deoxys\n|-damage|p1a: Dugtrio|81/100|[from] item: Life Orb\n|\n|win|p0x255177e3", "uploadtime": 1783568591, "views": 0, "rating": 0, "private": 0, "password": null, "_winner": "p0x255177e3", "_our_name": "p0y2551e085"}