{"id": "battle-gen9randombattle-1099", "formatid": "gen9randombattle", "format": "[Gen 9] Random Battle", "players": ["p0x109945cc", "p0y10995dae"], "log": "|init|battle\n|title|p0x109945cc vs. p0y10995dae\n|j|\u2606p0x109945cc\n|j|\u2606p0y10995dae\n|t:|1783551913\n|gametype|singles\n|player|p1|p0x109945cc|1|\n|player|p2|p0y10995dae|170|\n|gen|9\n|tier|[Gen 9] Random Battle\n|rule|Species Clause: Limit one of each Pok\u00e9mon\n|rule|HP Percentage Mod: HP is shown in percentages\n|rule|Sleep Clause Mod: Limit one foe put to sleep\n|rule|Illusion Level Mod: Illusion disguises the Pok\u00e9mon's true level\n|\n|t:|1783551913\n|teamsize|p1|6\n|teamsize|p2|6\n|start\n|switch|p1a: Great Tusk|Great Tusk, L77|100/100\n|switch|p2a: Jirachi|Jirachi, L80|291/291\n|turn|1\n|inactive|Battle timer is ON: inactive players will automatically lose when time's up. (requested by p0y10995dae)\n|inactive|p0x109945cc also wants the timer to be on.\n|\n|t:|1783551915\n|move|p2a: Jirachi|Iron Head|p1a: Great Tusk\n|-crit|p1a: Great Tusk\n|-damage|p1a: Great Tusk|67/100\n|move|p1a: Great Tusk|Bulk Up|p1a: Great Tusk\n|-boost|p1a: Great Tusk|atk|1\n|-boost|p1a: Great Tusk|def|1\n|\n|-heal|p1a: Great Tusk|73/100|[from] item: Leftovers\n|upkeep\n|turn|2\n|inactive|Time left: 300 sec this turn | 300 sec total\n|\n|t:|1783551917\n|move|p2a: Jirachi|Iron Head|p1a: Great Tusk\n|-damage|p1a: Great Tusk|59/100\n|cant|p1a: Great Tusk|flinch\n|\n|-heal|p1a: Great Tusk|65/100|[from] item: Leftovers\n|upkeep\n|turn|3\n|inactive|Time left: 300 sec this turn | 300 sec total\n|\n|t:|1783551918\n|move|p2a: Jirachi|Protect|p2a: Jirachi\n|-singleturn|p2a: Jirachi|Protect\n|move|p1a: Great Tusk|Earthquake|p2a: Jirachi\n|-activate|p2a: Jirachi|move: Protect\n|\n|-heal|p1a: Great Tusk|71/100|[from] item: Leftovers\n|upkeep\n|turn|4\n|inactive|Time left: 300 sec this turn | 300 sec total\n|\n|t:|1783551919\n|move|p2a: Jirachi|Iron Head|p1a: Great Tusk\n|-damage|p1a: Great Tusk|58/100\n|cant|p1a: Great Tusk|flinch\n|\n|-heal|p1a: Great Tusk|64/100|[from] item: Leftovers\n|upkeep\n|turn|5\n|inactive|Time left: 300 sec this turn | 300 sec total\n|\n|t:|1783551920\n|move|p2a: Jirachi|Iron Head|p1a: Great Tusk\n|-damage|p1a: Great Tusk|50/100\n|cant|p1a: Great Tusk|flinch\n|\n|-heal|p1a: Great Tusk|56/100|[from] item: Leftovers\n|upkeep\n|turn|6\n|inactive|Time left: 300 sec this turn | 300 sec total\n|\n|t:|1783551921\n|move|p2a: Jirachi|Protect|p2a: Jirachi\n|-singleturn|p2a: Jirachi|Protect\n|move|p1a: Great Tusk|Earthquake|p2a: Jirachi\n|-activate|p2a: Jirachi|move: Protect\n|\n|-heal|p1a: Great Tusk|62/100|[from] item: Leftovers\n|upkeep\n|turn|7\n|inactive|Time left: 300 sec this turn | 300 sec total\n|\n|t:|1783551921\n|move|p2a: Jirachi|Iron Head|p1a: Great Tusk\n|-damage|p1a: Great Tusk|47/100\n|cant|p1a: Great Tusk|flinch\n|\n|-heal|p1a: Great Tusk|53/100|[from] item: Leftovers\n|upkeep\n|turn|8\n|inactive|Time left: 300 sec this turn | 300 sec total\n|\n|t:|1783551922\n|move|p2a: Jirachi|Iron Head|p1a: Great Tusk\n|-damage|p1a: Great Tusk|40/100\n|cant|p1a: Great Tusk|flinch\n|\n|-heal|p1a: Great Tusk|46/100|[from] item: Leftovers\n|upkeep\n|turn|9\n|inactive|Time left: 300 sec this turn | 300 sec total\n|\n|t:|1783551923\n|move|p2a: Jirachi|Protect|p2a: Jirachi\n|-singleturn|p2a: Jirachi|Protect\n|move|p1a: Great Tusk|Earthquake|p2a: Jirachi\n|-activate|p2a: Jirachi|move: Protect\n|\n|-heal|p1a: Great Tusk|52/100|[from] item: Leftovers\n|upkeep\n|turn|10\n|inactive|Time left: 300 sec this turn | 300 sec total\n|\n|t:|1783551924\n|move|p2a: Jirachi|Iron Head|p1a: Great Tusk\n|-damage|p1a: Great Tusk|37/100\n|cant|p1a: Great Tusk|flinch\n|\n|-heal|p1a: Great Tusk|43/100|[from] item: Leftovers\n|upkeep\n|turn|11\n|inactive|Time left: 300 sec this turn | 300 sec total\n|\n|t:|1783551925\n|move|p2a: Jirachi|Iron Head|p1a: Great Tusk\n|-damage|p1a: Great Tusk|29/100\n|move|p1a: Great Tusk|Earthquake|p2a: Jirachi\n|-supereffective|p2a: Jirachi\n|-damage|p2a: Jirachi|0 fnt\n|faint|p2a: Jirachi\n|\n|-heal|p1a: Great Tusk|35/100|[from] item: Leftovers\n|upkeep\n|inactive|Time left: 300 sec this turn | 300 sec total | 5 sec grace\n|\n|t:|1783551926\n|switch|p2a: Barraskewda|Barraskewda, L81, M|231/231\n|turn|12\n|inactive|Time left: 300 sec this turn | 300 sec total\n|\n|t:|1783551927\n|-end|p1a: Great Tusk|Protosynthesis|[silent]\n|switch|p1a: Rotom|Rotom-Mow, L87|100/100\n|move|p2a: Barraskewda|Waterfall|p1a: Rotom\n|-resisted|p1a: Rotom\n|-damage|p1a: Rotom|73/100\n|\n|-heal|p1a: Rotom|79/100|[from] item: Leftovers\n|upkeep\n|turn|13\n|inactive|Time left: 300 sec this turn | 300 sec total\n|\n|t:|1783551928\n|switch|p2a: Piloswine|Piloswine, L85, M|309/309\n|move|p1a: Rotom|Thunderbolt|p2a: Piloswine\n|-immune|p2a: Piloswine\n|\n|-heal|p1a: Rotom|85/100|[from] item: Leftovers\n|upkeep\n|turn|14\n|inactive|Time left: 300 sec this turn | 300 sec total\n|\n|t:|1783551930\n|move|p1a: Rotom|Will-O-Wisp|p2a: Piloswine\n|-status|p2a: Piloswine|brn\n|move|p2a: Piloswine|Icicle Crash|p1a: Rotom\n|-supereffective|p1a: Rotom\n|-damage|p1a: Rotom|51/100\n|\n|-heal|p1a: Rotom|57/100|[from] item: Leftovers\n|-damage|p2a: Piloswine|290/309 brn|[from] brn\n|upkeep\n|turn|15\n|inactive|Time left: 300 sec this turn | 300 sec total\n|\n|t:|1783551931\n|switch|p1a: Mightyena|Mightyena, L96, F|100/100\n|-ability|p1a: Mightyena|Intimidate|boost\n|-unboost|p2a: Piloswine|atk|1\n|move|p2a: Piloswine|Stealth Rock|p1a: Mightyena\n|-sidestart|p1: p0x109945cc|move: Stealth Rock\n|\n|-damage|p2a: Piloswine|271/309 brn|[from] brn\n|upkeep\n|turn|16\n|inactive|Time left: 300 sec this turn | 300 sec total\n|\n|t:|1783551932\n|switch|p2a: Cloyster|Cloyster, L80, M|211/211\n|move|p1a: Mightyena|Throat Chop|p2a: Cloyster\n|-damage|p2a: Cloyster|145/211\n|-start|p2a: Cloyster|Throat Chop|[silent]\n|\n|upkeep\n|turn|17\n|inactive|Time left: 300 sec this turn | 300 sec total\n|\n|t:|1783551933\n|move|p1a: Mightyena|Throat Chop|p2a: Cloyster\n|-damage|p2a: Cloyster|79/211\n|move|p2a: Cloyster|Shell Smash|p2a: Cloyster\n|-unboost|p2a: Cloyster|def|1\n|-unboost|p2a: Cloyster|spd|1\n|-boost|p2a: Cloyster|atk|2\n|-boost|p2a: Cloyster|spa|2\n|-boost|p2a: Cloyster|spe|2\n|-enditem|p2a: Cloyster|White Herb\n|-clearnegativeboost|p2a: Cloyster|[silent]\n|\n|-end|p2a: Cloyster|Throat Chop|[silent]\n|upkeep\n|turn|18\n|inactive|Time left: 300 sec this turn | 300 sec total\n|\n|t:|1783551935\n|move|p2a: Cloyster|Icicle Spear|p1a: Mightyena\n|-damage|p1a: Mightyena|84/100\n|-damage|p1a: Mightyena|67/100\n|-damage|p1a: Mightyena|50/100\n|-damage|p1a: Mightyena|32/100\n|-damage|p1a: Mightyena|13/100\n|-hitcount|p1a: Mightyena|5\n|move|p1a: Mightyena|Throat Chop|p2a: Cloyster\n|-damage|p2a: Cloyster|18/211\n|-start|p2a: Cloyster|Throat Chop|[silent]\n|\n|-heal|p1a: Mightyena|19/100|[from] item: Leftovers\n|upkeep\n|turn|19\n|inactive|Time left: 300 sec this turn | 300 sec total\n|\n|t:|1783551936\n|move|p1a: Mightyena|Sucker Punch||[still]\n|-fail|p1a: Mightyena\n|move|p2a: Cloyster|Shell Smash|p2a: Cloyster\n|-unboost|p2a: Cloyster|def|1\n|-unboost|p2a: Cloyster|spd|1\n|-boost|p2a: Cloyster|atk|2\n|-boost|p2a: Cloyster|spa|2\n|-boost|p2a: Cloyster|spe|2\n|\n|-heal|p1a: Mightyena|26/100|[from] item: Leftovers\n|-end|p2a: Cloyster|Throat Chop|[silent]\n|upkeep\n|turn|20\n|inactive|Time left: 300 sec this turn | 300 sec total\n|\n|t:|1783551937\n|move|p1a: Mightyena|Sucker Punch||[still]\n|-fail|p1a: Mightyena\n|move|p2a: Cloyster|Shell Smash|p2a: Cloyster\n|-unboost|p2a: Cloyster|def|1\n|-unboost|p2a: Cloyster|spd|1\n|-boost|p2a: Cloyster|atk|2\n|-boost|p2a: Cloyster|spa|2\n|-boost|p2a: Cloyster|spe|2\n|\n|-heal|p1a: Mightyena|32/100|[from] item: Leftovers\n|upkeep\n|turn|21\n|inactive|Time left: 300 sec this turn | 300 sec total\n|\n|t:|1783551938\n|move|p1a: Mightyena|Sucker Punch||[still]\n|-fail|p1a: Mightyena\n|move|p2a: Cloyster|Shell Smash|p2a: Cloyster\n|-unboost|p2a: Cloyster|def|1\n|-unboost|p2a: Cloyster|spd|1\n|-boost|p2a: Cloyster|atk|0\n|-boost|p2a: Cloyster|spa|0\n|-boost|p2a: Cloyster|spe|0\n|\n|-heal|p1a: Mightyena|38/100|[from] item: Leftovers\n|upkeep\n|turn|22\n|inactive|Time left: 300 sec this turn | 300 sec total\n|\n|t:|1783551939\n|move|p1a: Mightyena|Sucker Punch||[still]\n|-fail|p1a: Mightyena\n|move|p2a: Cloyster|Shell Smash|p2a: Cloyster\n|-unboost|p2a: Cloyster|def|1\n|-unboost|p2a: Cloyster|spd|1\n|-boost|p2a: Cloyster|atk|0\n|-boost|p2a: Cloyster|spa|0\n|-boost|p2a: Cloyster|spe|0\n|\n|-heal|p1a: Mightyena|44/100|[from] item: Leftovers\n|upkeep\n|turn|23\n|inactive|Time left: 300 sec this turn | 300 sec total\n|\n|t:|1783551940\n|move|p1a: Mightyena|Sucker Punch||[still]\n|-fail|p1a: Mightyena\n|move|p2a: Cloyster|Shell Smash|p2a: Cloyster\n|-unboost|p2a: Cloyster|def|1\n|-unboost|p2a: Cloyster|spd|1\n|-boost|p2a: Cloyster|atk|0\n|-boost|p2a: Cloyster|spa|0\n|-boost|p2a: Cloyster|spe|0\n|\n|-heal|p1a: Mightyena|50/100|[from] item: Leftovers\n|upkeep\n|turn|24\n|inactive|Time left: 300 sec this turn | 300 sec total\n|\n|t:|1783551941\n|move|p1a: Mightyena|Sucker Punch||[still]\n|-fail|p1a: Mightyena\n|move|p2a: Cloyster|Shell Smash|p2a: Cloyster\n|-unboost|p2a: Cloyster|def|1\n|-unboost|p2a: Cloyster|spd|1\n|-boost|p2a: Cloyster|atk|0\n|-boost|p2a: Cloyster|spa|0\n|-boost|p2a: Cloyster|spe|0\n|\n|-heal|p1a: Mightyena|57/100|[from] item: Leftovers\n|upkeep\n|turn|25\n|inactive|Time left: 300 sec this turn | 300 sec total\n|\n|t:|1783551942\n|move|p1a: Mightyena|Sucker Punch||[still]\n|-fail|p1a: Mightyena\n|move|p2a: Cloyster|Shell Smash|p2a: Cloyster\n|-unboost|p2a: Cloyster|def|0\n|-unboost|p2a: Cloyster|spd|0\n|-boost|p2a: Cloyster|atk|0\n|-boost|p2a: Cloyster|spa|0\n|-boost|p2a: Cloyster|spe|0\n|\n|-heal|p1a: Mightyena|63/100|[from] item: Leftovers\n|upkeep\n|turn|26\n|inactive|Time left: 300 sec this turn | 300 sec total\n|\n|t:|1783551943\n|move|p1a: Mightyena|Sucker Punch||[still]\n|-fail|p1a: Mightyena\n|move|p2a: Cloyster|Shell Smash|p2a: Cloyster\n|-unboost|p2a: Cloyster|def|0\n|-unboost|p2a: Cloyster|spd|0\n|-boost|p2a: Cloyster|atk|0\n|-boost|p2a: Cloyster|spa|0\n|-boost|p2a: Cloyster|spe|0\n|\n|-heal|p1a: Mightyena|69/100|[from] item: Leftovers\n|upkeep\n|turn|27\n|inactive|Time left: 300 sec this turn | 300 sec total\n|\n|t:|1783551944\n|switch|p1a: Great Tusk|Great Tusk, L77|35/100\n|-damage|p1a: Great Tusk|32/100|[from] Stealth Rock\n|move|p2a: Cloyster|Icicle Spear|p1a: Great Tusk\n|-supereffective|p1a: Great Tusk\n|-damage|p1a: Great Tusk|0 fnt\n|faint|p1a: Great Tusk\n|-end|p1a: Great Tusk|Protosynthesis|[silent]\n|-hitcount|p1: Great Tusk|1\n|\n|upkeep\n|\n|t:|1783551945\n|switch|p1a: Umbreon|Umbreon, L84, M|100/100\n|-damage|p1a: Umbreon|88/100|[from] Stealth Rock\n|turn|28\n|inactive|Time left: 300 sec this turn | 300 sec total\n|\n|t:|1783551946\n|move|p1a: Umbreon|Protect|p1a: Umbreon\n|-singleturn|p1a: Umbreon|Protect\n|move|p2a: Cloyster|Icicle Spear|p1a: Umbreon\n|-activate|p1a: Umbreon|move: Protect\n|\n|-heal|p1a: Umbreon|94/100|[from] item: Leftovers\n|upkeep\n|turn|29\n|inactive|Time left: 300 sec this turn | 300 sec total\n|\n|t:|1783551947\n|move|p2a: Cloyster|Icicle Spear|p1a: Umbreon\n|-damage|p1a: Umbreon|69/100\n|-damage|p1a: Umbreon|39/100\n|-damage|p1a: Umbreon|10/100\n|-damage|p1a: Umbreon|0 fnt\n|faint|p1a: Umbreon\n|-hitcount|p1: Umbreon|4\n|\n|upkeep\n|\n|t:|1783551948\n|switch|p1a: Mightyena|Mightyena, L96, F|69/100\n|-damage|p1a: Mightyena|57/100|[from] Stealth Rock\n|-ability|p1a: Mightyena|Intimidate|boost\n|-unboost|p2a: Cloyster|atk|1\n|turn|30\n|inactive|Time left: 300 sec this turn | 300 sec total\n|\n|t:|1783551949\n|move|p2a: Cloyster|Icicle Spear|p1a: Mightyena\n|-damage|p1a: Mightyena|28/100\n|-damage|p1a: Mightyena|0 fnt\n|faint|p1a: Mightyena\n|-hitcount|p1: Mightyena|2\n|\n|upkeep\n|\n|t:|1783551950\n|switch|p1a: Gouging Fire|Gouging Fire, L74|100/100\n|turn|31\n|inactive|Time left: 300 sec this turn | 300 sec total\n|\n|t:|1783551951\n|-end|p1a: Gouging Fire|Protosynthesis|[silent]\n|switch|p1a: Rotom|Rotom-Mow, L87|57/100\n|-damage|p1a: Rotom|45/100|[from] Stealth Rock\n|move|p2a: Cloyster|Icicle Spear|p1a: Rotom\n|-supereffective|p1a: Rotom\n|-damage|p1a: Rotom|0 fnt\n|faint|p1a: Rotom\n|-hitcount|p1: Rotom|1\n|\n|upkeep\n|\n|t:|1783551952\n|switch|p1a: Kleavor|Kleavor, L78, F|100/100\n|turn|32\n|inactive|Time left: 300 sec this turn | 300 sec total\n|\n|t:|1783551953\n|switch|p1a: Gouging Fire|Gouging Fire, L74|100/100\n|move|p2a: Cloyster|Icicle Spear|p1a: Gouging Fire\n|-damage|p1a: Gouging Fire|75/100\n|-crit|p1a: Gouging Fire\n|-damage|p1a: Gouging Fire|35/100\n|-damage|p1a: Gouging Fire|10/100\n|-damage|p1a: Gouging Fire|0 fnt\n|faint|p1a: Gouging Fire\n|-end|p1a: Gouging Fire|Protosynthesis|[silent]\n|-hitcount|p1: Gouging Fire|4\n|\n|upkeep\n|\n|t:|1783551954\n|switch|p1a: Kleavor|Kleavor, L78, F|100/100\n|turn|33\n|inactive|Time left: 300 sec this turn | 300 sec total\n|\n|t:|1783551955\n|-terastallize|p2a: Cloyster|Ground\n|-terastallize|p1a: Kleavor|Rock\n|move|p2a: Cloyster|Icicle Spear|p1a: Kleavor\n|-damage|p1a: Kleavor|61/100\n|-damage|p1a: Kleavor|25/100\n|-damage|p1a: Kleavor|0 fnt\n|faint|p1a: Kleavor\n|-hitcount|p1: Kleavor|3\n|\n|win|p0y10995dae", "uploadtime": 1783551955, "views": 0, "rating": 0, "private": 0, "password": null, "_winner": "p0y10995dae", "_our_name": "p0y10995dae"}