{"id": "battle-gen9randombattle-2493", "formatid": "gen9randombattle", "format": "[Gen 9] Random Battle", "players": ["p0x24934579", "p0y24936a7a"], "log": "|init|battle\n|title|p0x24934579 vs. p0y24936a7a\n|j|\u2606p0x24934579\n|j|\u2606p0y24936a7a\n|t:|1783567922\n|gametype|singles\n|player|p1|p0x24934579|266|\n|player|p2|p0y24936a7a|169|\n|gen|9\n|tier|[Gen 9] Random Battle\n|rule|Species Clause: Limit one of each Pok\u00e9mon\n|rule|HP Percentage Mod: HP is shown in percentages\n|rule|Sleep Clause Mod: Limit one foe put to sleep\n|rule|Illusion Level Mod: Illusion disguises the Pok\u00e9mon's true level\n|\n|t:|1783567922\n|teamsize|p1|6\n|teamsize|p2|6\n|start\n|switch|p1a: Mimikyu|Mimikyu, L79, M|100/100\n|switch|p2a: Mewtwo|Mewtwo, L72|272/272\n|-ability|p2a: Mewtwo|Unnerve\n|turn|1\n|inactive|Battle timer is ON: inactive players will automatically lose when time's up. (requested by p0y24936a7a)\n|inactive|p0x24934579 also wants the timer to be on.\n|\n|t:|1783567923\n|move|p2a: Mewtwo|Dark Pulse|p1a: Mimikyu\n|-activate|p1a: Mimikyu|ability: Disguise\n|-damage|p1a: Mimikyu|100/100\n|detailschange|p1a: Mimikyu|Mimikyu-Busted, L79, M\n|-damage|p1a: Mimikyu|88/100|[from] pokemon: Mimikyu-Busted\n|-damage|p2a: Mewtwo|245/272|[from] item: Life Orb\n|move|p1a: Mimikyu|Swords Dance|p1a: Mimikyu\n|-boost|p1a: Mimikyu|atk|2\n|\n|upkeep\n|turn|2\n|inactive|Time left: 300 sec this turn | 300 sec total\n|\n|t:|1783567925\n|-terastallize|p2a: Mewtwo|Psychic\n|move|p2a: Mewtwo|Psystrike|p1a: Mimikyu\n|-damage|p1a: Mimikyu|0 fnt\n|faint|p1a: Mimikyu\n|-damage|p2a: Mewtwo|218/272|[from] item: Life Orb\n|\n|upkeep\n|\n|t:|1783567926\n|switch|p1a: Yanmega|Yanmega, L82, F|100/100\n|turn|3\n|inactive|Time left: 300 sec this turn | 300 sec total\n|\n|t:|1783567927\n|move|p2a: Mewtwo|Psystrike|p1a: Yanmega\n|-damage|p1a: Yanmega|21/100\n|-damage|p2a: Mewtwo|191/272|[from] item: Life Orb\n|move|p1a: Yanmega|Bug Buzz|p2a: Mewtwo\n|-supereffective|p2a: Mewtwo\n|-damage|p2a: Mewtwo|0 fnt\n|faint|p2a: Mewtwo\n|\n|upkeep\n|inactive|Time left: 300 sec this turn | 300 sec total | 5 sec grace\n|\n|t:|1783567927\n|switch|p2a: Minior|Minior-Green, L79|224/224\n|-formechange|p2a: Minior|Minior-Meteor||[from] ability: Shields Down\n|turn|4\n|inactive|Time left: 300 sec this turn | 300 sec total\n|\n|t:|1783567928\n|move|p1a: Yanmega|Bug Buzz|p2a: Minior\n|-resisted|p2a: Minior\n|-damage|p2a: Minior|72/224\n|move|p2a: Minior|Shell Smash|p2a: Minior\n|-unboost|p2a: Minior|def|1\n|-unboost|p2a: Minior|spd|1\n|-boost|p2a: Minior|atk|2\n|-boost|p2a: Minior|spa|2\n|-boost|p2a: Minior|spe|2\n|-enditem|p2a: Minior|White Herb\n|-clearnegativeboost|p2a: Minior|[silent]\n|\n|-formechange|p2a: Minior|Minior-Green||[from] ability: Shields Down\n|upkeep\n|turn|5\n|inactive|Time left: 300 sec this turn | 300 sec total\n|\n|t:|1783567929\n|switch|p1a: Orthworm|Orthworm, L88, F|100/100\n|move|p2a: Minior|Acrobatics|p1a: Orthworm\n|-resisted|p1a: Orthworm\n|-damage|p1a: Orthworm|77/100\n|\n|-heal|p1a: Orthworm|83/100|[from] item: Leftovers\n|upkeep\n|turn|6\n|inactive|Time left: 300 sec this turn | 300 sec total\n|\n|t:|1783567930\n|move|p2a: Minior|Power Gem|p1a: Orthworm\n|-resisted|p1a: Orthworm\n|-damage|p1a: Orthworm|44/100\n|move|p1a: Orthworm|Body Press|p2a: Minior\n|-damage|p2a: Minior|0 fnt\n|faint|p2a: Minior\n|\n|-heal|p1a: Orthworm|50/100|[from] item: Leftovers\n|upkeep\n|inactive|Time left: 300 sec this turn | 300 sec total | 5 sec grace\n|\n|t:|1783567931\n|switch|p2a: Pelipper|Pelipper, L86, M|243/243\n|-weather|RainDance|[from] ability: Drizzle|[of] p2a: Pelipper\n|turn|7\n|inactive|Time left: 300 sec this turn | 300 sec total\n|\n|t:|1783567932\n|move|p1a: Orthworm|Stealth Rock|p2a: Pelipper\n|-sidestart|p2: p0y24936a7a|move: Stealth Rock\n|move|p2a: Pelipper|Weather Ball|p1a: Orthworm\n|-damage|p1a: Orthworm|0 fnt\n|faint|p1a: Orthworm\n|\n|-weather|RainDance|[upkeep]\n|upkeep\n|\n|t:|1783567933\n|switch|p1a: Yanmega|Yanmega, L82, F|21/100\n|turn|8\n|inactive|Time left: 300 sec this turn | 300 sec total\n|\n|t:|1783567934\n|move|p1a: Yanmega|Air Slash|p2a: Pelipper\n|-damage|p2a: Pelipper|107/243\n|cant|p2a: Pelipper|flinch\n|\n|-weather|RainDance|[upkeep]\n|upkeep\n|turn|9\n|inactive|Time left: 300 sec this turn | 300 sec total\n|\n|t:|1783567935\n|move|p1a: Yanmega|Air Slash|p2a: Pelipper\n|-damage|p2a: Pelipper|0 fnt\n|faint|p2a: Pelipper\n|\n|-weather|RainDance|[upkeep]\n|upkeep\n|inactive|Time left: 300 sec this turn | 300 sec total | 5 sec grace\n|\n|t:|1783567936\n|switch|p2a: Glalie|Glalie, L96, F|309/309\n|turn|10\n|inactive|Time left: 300 sec this turn | 300 sec total\n|\n|t:|1783567937\n|switch|p1a: Tauros|Tauros-Paldea-Combat, L82, M|100/100\n|-ability|p1a: Tauros|Intimidate|boost\n|-fail|p2a: Glalie|unboost|Attack|[from] ability: Inner Focus|[of] p2a: Glalie\n|move|p2a: Glalie|Freeze-Dry|p1a: Tauros\n|-damage|p1a: Tauros|62/100\n|\n|-weather|RainDance|[upkeep]\n|upkeep\n|turn|11\n|inactive|Time left: 300 sec this turn | 300 sec total\n|\n|t:|1783567938\n|switch|p2a: Lilligant|Lilligant-Hisui, L79, F|240/240\n|-damage|p2a: Lilligant|225/240|[from] Stealth Rock\n|move|p1a: Tauros|Close Combat|p2a: Lilligant\n|-damage|p2a: Lilligant|0 fnt\n|-unboost|p1a: Tauros|def|1\n|-unboost|p1a: Tauros|spd|1\n|faint|p2a: Lilligant\n|\n|-weather|none\n|upkeep\n|inactive|Time left: 300 sec this turn | 300 sec total | 5 sec grace\n|\n|t:|1783567939\n|switch|p2a: Plusle|Plusle, L95, F|268/268\n|-damage|p2a: Plusle|235/268|[from] Stealth Rock\n|turn|12\n|inactive|Time left: 300 sec this turn | 300 sec total\n|\n|t:|1783567940\n|switch|p1a: Munkidori|Munkidori, L79, M|100/100\n|move|p2a: Plusle|Thunderbolt|p1a: Munkidori\n|-damage|p1a: Munkidori|61/100\n|-damage|p2a: Plusle|209/268|[from] item: Life Orb\n|\n|upkeep\n|turn|13\n|inactive|Time left: 300 sec this turn | 300 sec total\n|\n|t:|1783567940\n|move|p1a: Munkidori|Fake Out|p2a: Plusle\n|-damage|p2a: Plusle|176/268\n|cant|p2a: Plusle|flinch\n|\n|upkeep\n|turn|14\n|inactive|Time left: 300 sec this turn | 300 sec total\n|\n|t:|1783567941\n|move|p2a: Plusle|Nasty Plot|p2a: Plusle\n|-boost|p2a: Plusle|spa|2\n|move|p1a: Munkidori|Sludge Wave|p2a: Plusle\n|-damage|p2a: Plusle|61/268\n|\n|upkeep\n|turn|15\n|inactive|Time left: 300 sec this turn | 300 sec total\n|\n|t:|1783567942\n|switch|p1a: Plusle|Plusle, L95, M|100/100\n|move|p2a: Plusle|Thunderbolt|p1a: Plusle\n|-ability|p1a: Plusle|Lightning Rod|boost\n|-boost|p1a: Plusle|spa|1\n|\n|upkeep\n|turn|16\n|inactive|Time left: 300 sec this turn | 300 sec total\n|\n|t:|1783567943\n|move|p2a: Plusle|Alluring Voice|p1a: Plusle\n|-damage|p1a: Plusle|37/100\n|-damage|p2a: Plusle|35/268|[from] item: Life Orb\n|move|p1a: Plusle|Alluring Voice|p2a: Plusle\n|-damage|p2a: Plusle|0 fnt\n|faint|p2a: Plusle\n|-damage|p1a: Plusle|28/100|[from] item: Life Orb\n|\n|upkeep\n|inactive|Time left: 300 sec this turn | 300 sec total | 5 sec grace\n|\n|t:|1783567943\n|switch|p2a: Glalie|Glalie, L96, F|309/309\n|turn|17\n|inactive|Time left: 300 sec this turn | 300 sec total\n|\n|t:|1783567944\n|move|p1a: Plusle|Thunderbolt|p2a: Glalie\n|-damage|p2a: Glalie|102/309\n|-damage|p1a: Plusle|18/100|[from] item: Life Orb\n|move|p2a: Glalie|Earthquake|p1a: Plusle\n|-supereffective|p1a: Plusle\n|-damage|p1a: Plusle|0 fnt\n|faint|p1a: Plusle\n|\n|upkeep\n|\n|t:|1783567945\n|switch|p1a: Tauros|Tauros-Paldea-Combat, L82, M|62/100\n|-ability|p1a: Tauros|Intimidate|boost\n|-fail|p2a: Glalie|unboost|Attack|[from] ability: Inner Focus|[of] p2a: Glalie\n|turn|18\n|inactive|Time left: 300 sec this turn | 300 sec total\n|\n|t:|1783567946\n|-terastallize|p1a: Tauros|Dark\n|move|p1a: Tauros|Iron Head|p2a: Glalie\n|-supereffective|p2a: Glalie\n|-damage|p2a: Glalie|0 fnt\n|faint|p2a: Glalie\n|\n|win|p0x24934579", "uploadtime": 1783567946, "views": 0, "rating": 0, "private": 0, "password": null, "_winner": "p0x24934579", "_our_name": "p0y24936a7a"}