{"id": "battle-gen9randombattle-2118", "formatid": "gen9randombattle", "format": "[Gen 9] Random Battle", "players": ["p0x2118707b", "p0y21184d41"], "log": "|init|battle\n|title|p0x2118707b vs. p0y21184d41\n|j|\u2606p0x2118707b\n|j|\u2606p0y21184d41\n|t:|1783564528\n|gametype|singles\n|player|p1|p0x2118707b|265|\n|player|p2|p0y21184d41|169|\n|gen|9\n|tier|[Gen 9] Random Battle\n|rule|Species Clause: Limit one of each Pok\u00e9mon\n|rule|HP Percentage Mod: HP is shown in percentages\n|rule|Sleep Clause Mod: Limit one foe put to sleep\n|rule|Illusion Level Mod: Illusion disguises the Pok\u00e9mon's true level\n|\n|t:|1783564528\n|teamsize|p1|6\n|teamsize|p2|6\n|start\n|switch|p1a: Ursaluna|Ursaluna, L79, M|100/100\n|switch|p2a: Empoleon|Empoleon, L84, F|278/278\n|turn|1\n|inactive|Battle timer is ON: inactive players will automatically lose when time's up. (requested by p0x2118707b)\n|inactive|Time left: 300 sec this turn | 300 sec total | 60 sec grace\n|inactive|p0y21184d41 also wants the timer to be on.\n|\n|t:|1783564530\n|move|p2a: Empoleon|Surf|p1a: Ursaluna\n|-supereffective|p1a: Ursaluna\n|-damage|p1a: Ursaluna|23/100\n|move|p1a: Ursaluna|Headlong Rush|p2a: Empoleon\n|-supereffective|p2a: Empoleon\n|-damage|p2a: Empoleon|0 fnt\n|-unboost|p1a: Ursaluna|def|1\n|-unboost|p1a: Ursaluna|spd|1\n|faint|p2a: Empoleon\n|\n|-status|p1a: Ursaluna|brn|[from] item: Flame Orb\n|upkeep\n|inactive|Time left: 300 sec this turn | 300 sec total | 65 sec grace\n|\n|t:|1783564531\n|switch|p2a: Glimmora|Glimmora, L75, F|248/248\n|turn|2\n|inactive|Time left: 300 sec this turn | 300 sec total\n|\n|t:|1783564532\n|switch|p1a: Lugia|Lugia, L73|100/100\n|move|p2a: Glimmora|Meteor Beam||[still]\n|-prepare|p2a: Glimmora|Meteor Beam\n|-boost|p2a: Glimmora|spa|1\n|-enditem|p2a: Glimmora|Power Herb\n|-anim|p2a: Glimmora|Meteor Beam|p1a: Lugia\n|-supereffective|p1a: Lugia\n|-damage|p1a: Lugia|47/100\n|\n|upkeep\n|turn|3\n|inactive|Time left: 300 sec this turn | 300 sec total\n|\n|t:|1783564533\n|move|p1a: Lugia|Calm Mind|p1a: Lugia\n|-boost|p1a: Lugia|spa|1\n|-boost|p1a: Lugia|spd|1\n|move|p2a: Glimmora|Meteor Beam||[still]\n|-prepare|p2a: Glimmora|Meteor Beam\n|-boost|p2a: Glimmora|spa|1\n|\n|upkeep\n|turn|4\n|inactive|Time left: 300 sec this turn | 300 sec total\n|\n|t:|1783564534\n|move|p1a: Lugia|Earth Power|p2a: Glimmora\n|-supereffective|p2a: Glimmora\n|-damage|p2a: Glimmora|0 fnt\n|faint|p2a: Glimmora\n|\n|upkeep\n|inactive|Time left: 300 sec this turn | 300 sec total | 5 sec grace\n|\n|t:|1783564535\n|switch|p2a: Giratina|Giratina-Origin, L72|335/335\n|turn|5\n|inactive|Time left: 300 sec this turn | 300 sec total\n|\n|t:|1783564536\n|move|p1a: Lugia|Recover|p1a: Lugia\n|-heal|p1a: Lugia|97/100\n|move|p2a: Giratina|Poltergeist|p1a: Lugia\n|-activate|p1a: Lugia|move: Poltergeist|Heavy-Duty Boots\n|-supereffective|p1a: Lugia\n|-damage|p1a: Lugia|27/100\n|\n|upkeep\n|turn|6\n|inactive|Time left: 300 sec this turn | 300 sec total\n|\n|t:|1783564537\n|-terastallize|p1a: Lugia|Steel\n|move|p1a: Lugia|Recover|p1a: Lugia\n|-heal|p1a: Lugia|77/100\n|move|p2a: Giratina|Poltergeist|p1a: Lugia\n|-activate|p1a: Lugia|move: Poltergeist|Heavy-Duty Boots\n|-damage|p1a: Lugia|39/100\n|\n|upkeep\n|turn|7\n|inactive|Time left: 300 sec this turn | 300 sec total\n|\n|t:|1783564538\n|move|p1a: Lugia|Recover|p1a: Lugia\n|-heal|p1a: Lugia|89/100\n|move|p2a: Giratina|Poltergeist|p1a: Lugia\n|-activate|p1a: Lugia|move: Poltergeist|Heavy-Duty Boots\n|-damage|p1a: Lugia|52/100\n|\n|upkeep\n|turn|8\n|inactive|Time left: 300 sec this turn | 300 sec total\n|\n|t:|1783564539\n|move|p1a: Lugia|Recover|p1a: Lugia\n|-heal|p1a: Lugia|100/100\n|move|p2a: Giratina|Poltergeist|p1a: Lugia\n|-activate|p1a: Lugia|move: Poltergeist|Heavy-Duty Boots\n|-damage|p1a: Lugia|81/100\n|\n|upkeep\n|turn|9\n|inactive|Time left: 300 sec this turn | 300 sec total\n|\n|t:|1783564540\n|move|p1a: Lugia|Aeroblast|p2a: Giratina\n|-damage|p2a: Giratina|218/335\n|move|p2a: Giratina|Poltergeist|p1a: Lugia\n|-activate|p1a: Lugia|move: Poltergeist|Heavy-Duty Boots\n|-damage|p1a: Lugia|46/100\n|\n|upkeep\n|turn|10\n|inactive|Time left: 300 sec this turn | 300 sec total\n|\n|t:|1783564541\n|move|p1a: Lugia|Recover|p1a: Lugia\n|-heal|p1a: Lugia|96/100\n|move|p2a: Giratina|Poltergeist|p1a: Lugia\n|-activate|p1a: Lugia|move: Poltergeist|Heavy-Duty Boots\n|-damage|p1a: Lugia|60/100\n|\n|upkeep\n|turn|11\n|inactive|Time left: 300 sec this turn | 300 sec total\n|\n|t:|1783564542\n|switch|p2a: Regirock|Regirock, L83|268/268\n|move|p1a: Lugia|Recover|p1a: Lugia\n|-heal|p1a: Lugia|100/100\n|\n|upkeep\n|turn|12\n|inactive|Time left: 300 sec this turn | 300 sec total\n|\n|t:|1783564543\n|move|p1a: Lugia|Earth Power|p2a: Regirock\n|-supereffective|p2a: Regirock\n|-damage|p2a: Regirock|132/268\n|move|p2a: Regirock|Iron Defense|p2a: Regirock\n|-boost|p2a: Regirock|def|2\n|\n|upkeep\n|turn|13\n|inactive|Time left: 300 sec this turn | 300 sec total\n|\n|t:|1783564544\n|move|p1a: Lugia|Earth Power|p2a: Regirock\n|-supereffective|p2a: Regirock\n|-damage|p2a: Regirock|4/268\n|move|p2a: Regirock|Rest|p2a: Regirock\n|-status|p2a: Regirock|slp|[from] move: Rest\n|-heal|p2a: Regirock|268/268 slp|[silent]\n|-enditem|p2a: Regirock|Chesto Berry|[eat]\n|-curestatus|p2a: Regirock|slp|[msg]\n|\n|upkeep\n|turn|14\n|inactive|Time left: 300 sec this turn | 300 sec total\n|\n|t:|1783564545\n|move|p1a: Lugia|Earth Power|p2a: Regirock\n|-supereffective|p2a: Regirock\n|-damage|p2a: Regirock|134/268\n|move|p2a: Regirock|Body Press|p1a: Lugia\n|-supereffective|p1a: Lugia\n|-damage|p1a: Lugia|39/100\n|\n|upkeep\n|turn|15\n|inactive|Time left: 300 sec this turn | 300 sec total\n|\n|t:|1783564546\n|move|p1a: Lugia|Earth Power|p2a: Regirock\n|-supereffective|p2a: Regirock\n|-damage|p2a: Regirock|6/268\n|move|p2a: Regirock|Body Press|p1a: Lugia\n|-supereffective|p1a: Lugia\n|-damage|p1a: Lugia|0 fnt\n|faint|p1a: Lugia\n|\n|upkeep\n|\n|t:|1783564546\n|switch|p1a: Manaphy|Manaphy, L78|100/100\n|turn|16\n|inactive|Time left: 300 sec this turn | 300 sec total\n|\n|t:|1783564547\n|move|p1a: Manaphy|Ice Beam|p2a: Regirock\n|-damage|p2a: Regirock|0 fnt\n|faint|p2a: Regirock\n|\n|upkeep\n|inactive|Time left: 300 sec this turn | 300 sec total | 5 sec grace\n|\n|t:|1783564548\n|switch|p2a: Venusaur|Venusaur, L84, F|272/272\n|turn|17\n|inactive|Time left: 300 sec this turn | 300 sec total\n|\n|t:|1783564549\n|move|p1a: Manaphy|Tail Glow|p1a: Manaphy\n|-boost|p1a: Manaphy|spa|3\n|move|p2a: Venusaur|Energy Ball|p1a: Manaphy\n|-supereffective|p1a: Manaphy\n|-damage|p1a: Manaphy|37/100\n|\n|-heal|p1a: Manaphy|43/100|[from] item: Leftovers\n|upkeep\n|turn|18\n|inactive|Time left: 300 sec this turn | 300 sec total\n|\n|t:|1783564550\n|-terastallize|p2a: Venusaur|Steel\n|move|p1a: Manaphy|Ice Beam|p2a: Venusaur\n|-resisted|p2a: Venusaur\n|-crit|p2a: Venusaur\n|-damage|p2a: Venusaur|178/272\n|move|p2a: Venusaur|Energy Ball|p1a: Manaphy\n|-supereffective|p1a: Manaphy\n|-damage|p1a: Manaphy|0 fnt\n|faint|p1a: Manaphy\n|\n|-heal|p2a: Venusaur|195/272|[from] item: Leftovers\n|upkeep\n|\n|t:|1783564551\n|switch|p1a: Volcarona|Volcarona, L77, F|100/100\n|turn|19\n|inactive|Time left: 300 sec this turn | 300 sec total\n|\n|t:|1783564552\n|switch|p2a: Noivern|Noivern, L82, M|274/274\n|move|p1a: Volcarona|Fire Blast|p2a: Noivern\n|-resisted|p2a: Noivern\n|-damage|p2a: Noivern|209/274\n|\n|upkeep\n|turn|20\n|inactive|Time left: 300 sec this turn | 300 sec total\n|\n|t:|1783564553\n|switch|p1a: Terrakion|Terrakion, L79|100/100\n|move|p2a: Noivern|Hurricane|p1a: Terrakion|[miss]\n|-miss|p2a: Noivern|p1a: Terrakion\n|\n|upkeep\n|turn|21\n|inactive|Time left: 300 sec this turn | 300 sec total\n|\n|t:|1783564554\n|move|p2a: Noivern|Hurricane|p1a: Terrakion|[miss]\n|-miss|p2a: Noivern|p1a: Terrakion\n|move|p1a: Terrakion|Stone Edge|p2a: Noivern\n|-supereffective|p2a: Noivern\n|-damage|p2a: Noivern|0 fnt\n|faint|p2a: Noivern\n|-damage|p1a: Terrakion|91/100|[from] item: Life Orb\n|\n|upkeep\n|inactive|Time left: 300 sec this turn | 300 sec total | 5 sec grace\n|\n|t:|1783564555\n|switch|p2a: Giratina|Giratina-Origin, L72|218/335\n|turn|22\n|inactive|Time left: 300 sec this turn | 300 sec total\n|\n|t:|1783564556\n|move|p1a: Terrakion|Swords Dance|p1a: Terrakion\n|-boost|p1a: Terrakion|atk|2\n|move|p2a: Giratina|Poltergeist|p1a: Terrakion\n|-activate|p1a: Terrakion|move: Poltergeist|Life Orb\n|-damage|p1a: Terrakion|45/100\n|\n|upkeep\n|turn|23\n|inactive|Time left: 300 sec this turn | 300 sec total\n|\n|t:|1783564557\n|switch|p2a: Venusaur|Venusaur, L84, F, tera:Steel|195/272\n|move|p1a: Terrakion|Stone Edge|p2a: Venusaur\n|-resisted|p2a: Venusaur\n|-damage|p2a: Venusaur|48/272\n|-damage|p1a: Terrakion|35/100|[from] item: Life Orb\n|\n|-heal|p2a: Venusaur|65/272|[from] item: Leftovers\n|upkeep\n|turn|24\n|inactive|Time left: 300 sec this turn | 300 sec total\n|\n|t:|1783564558\n|move|p1a: Terrakion|Stone Edge|p2a: Venusaur|[miss]\n|-miss|p1a: Terrakion|p2a: Venusaur\n|move|p2a: Venusaur|Energy Ball|p1a: Terrakion\n|-supereffective|p1a: Terrakion\n|-damage|p1a: Terrakion|0 fnt\n|faint|p1a: Terrakion\n|\n|-heal|p2a: Venusaur|82/272|[from] item: Leftovers\n|upkeep\n|\n|t:|1783564559\n|switch|p1a: Volcarona|Volcarona, L77, F|100/100\n|turn|25\n|inactive|Time left: 300 sec this turn | 300 sec total\n|\n|t:|1783564560\n|move|p1a: Volcarona|Fire Blast|p2a: Venusaur\n|-supereffective|p2a: Venusaur\n|-damage|p2a: Venusaur|0 fnt\n|faint|p2a: Venusaur\n|\n|upkeep\n|inactive|Time left: 300 sec this turn | 300 sec total | 5 sec grace\n|\n|t:|1783564561\n|switch|p2a: Giratina|Giratina-Origin, L72|218/335\n|turn|26\n|inactive|Time left: 300 sec this turn | 300 sec total\n|\n|t:|1783564562\n|move|p1a: Volcarona|Quiver Dance|p1a: Volcarona\n|-boost|p1a: Volcarona|spa|1\n|-boost|p1a: Volcarona|spd|1\n|-boost|p1a: Volcarona|spe|1\n|move|p2a: Giratina|Poltergeist|p1a: Volcarona\n|-activate|p1a: Volcarona|move: Poltergeist|Heavy-Duty Boots\n|-damage|p1a: Volcarona|41/100\n|\n|upkeep\n|turn|27\n|inactive|Time left: 300 sec this turn | 300 sec total\n|\n|t:|1783564563\n|move|p1a: Volcarona|Morning Sun|p1a: Volcarona\n|-heal|p1a: Volcarona|91/100\n|move|p2a: Giratina|Draco Meteor|p1a: Volcarona|[miss]\n|-miss|p2a: Giratina|p1a: Volcarona\n|\n|upkeep\n|turn|28\n|inactive|Time left: 300 sec this turn | 300 sec total\n|\n|t:|1783564564\n|move|p1a: Volcarona|Fire Blast|p2a: Giratina\n|-resisted|p2a: Giratina\n|-damage|p2a: Giratina|118/335\n|move|p2a: Giratina|Draco Meteor|p1a: Volcarona\n|-damage|p1a: Volcarona|52/100\n|-unboost|p2a: Giratina|spa|2\n|\n|upkeep\n|turn|29\n|inactive|Time left: 300 sec this turn | 300 sec total\n|\n|t:|1783564566\n|move|p1a: Volcarona|Fire Blast|p2a: Giratina\n|-resisted|p2a: Giratina\n|-damage|p2a: Giratina|21/335\n|move|p2a: Giratina|Draco Meteor|p1a: Volcarona\n|-damage|p1a: Volcarona|32/100\n|-unboost|p2a: Giratina|spa|2\n|\n|upkeep\n|turn|30\n|inactive|Time left: 300 sec this turn | 300 sec total\n|\n|t:|1783564567\n|move|p1a: Volcarona|Giga Drain|p2a: Giratina\n|-resisted|p2a: Giratina\n|-damage|p2a: Giratina|0 fnt\n|-heal|p1a: Volcarona|36/100|[from] drain|[of] p2a: Giratina\n|faint|p2a: Giratina\n|\n|win|p0x2118707b", "uploadtime": 1783564567, "views": 0, "rating": 0, "private": 0, "password": null, "_winner": "p0x2118707b", "_our_name": "p0y21184d41"}