{"id": "battle-gen9randombattle-801", "formatid": "gen9randombattle", "format": "[Gen 9] Random Battle", "players": ["p0x80118e6", "p0y801c241"], "log": "|init|battle\n|title|p0x80118e6 vs. p0y801c241\n|j|\u2606p0x80118e6\n|j|\u2606p0y801c241\n|t:|1783548434\n|gametype|singles\n|player|p1|p0x80118e6|170|\n|player|p2|p0y801c241|101|\n|gen|9\n|tier|[Gen 9] Random Battle\n|rule|Species Clause: Limit one of each Pok\u00e9mon\n|rule|HP Percentage Mod: HP is shown in percentages\n|rule|Sleep Clause Mod: Limit one foe put to sleep\n|rule|Illusion Level Mod: Illusion disguises the Pok\u00e9mon's true level\n|\n|t:|1783548434\n|teamsize|p1|6\n|teamsize|p2|6\n|start\n|switch|p1a: Venusaur|Venusaur, L84, M|100/100\n|switch|p2a: Rayquaza|Rayquaza, L72|270/270\n|-ability|p2a: Rayquaza|Air Lock\n|turn|1\n|inactive|Battle timer is ON: inactive players will automatically lose when time's up. (requested by p0y801c241)\n|inactive|p0x80118e6 also wants the timer to be on.\n|\n|t:|1783548436\n|move|p1a: Venusaur|Sludge Bomb|p2a: Rayquaza\n|-damage|p2a: Rayquaza|159/270\n|move|p2a: Rayquaza|Dragon Dance|p2a: Rayquaza\n|-boost|p2a: Rayquaza|atk|1\n|-boost|p2a: Rayquaza|spe|1\n|\n|upkeep\n|turn|2\n|inactive|Time left: 300 sec this turn | 300 sec total\n|\n|t:|1783548437\n|switch|p1a: Stantler|Stantler, L92, M|100/100\n|-ability|p1a: Stantler|Intimidate|boost\n|-unboost|p2a: Rayquaza|atk|1\n|move|p2a: Rayquaza|Outrage|p1a: Stantler\n|-damage|p1a: Stantler|60/100\n|\n|upkeep\n|turn|3\n|inactive|Time left: 300 sec this turn | 300 sec total\n|\n|t:|1783548439\n|-terastallize|p1a: Stantler|Fairy\n|move|p2a: Rayquaza|Outrage|p1a: Stantler|[from] lockedmove\n|-immune|p1a: Stantler\n|-start|p2a: Rayquaza|confusion|[fatigue]\n|move|p1a: Stantler|Tera Blast|p2a: Rayquaza|[anim] Tera Blast Fairy\n|-supereffective|p2a: Rayquaza\n|-damage|p2a: Rayquaza|0 fnt\n|faint|p2a: Rayquaza\n|\n|upkeep\n|inactive|Time left: 300 sec this turn | 300 sec total | 5 sec grace\n|\n|t:|1783548440\n|switch|p2a: Falinks|Falinks, L84|246/246\n|turn|4\n|inactive|Time left: 300 sec this turn | 300 sec total\n|\n|t:|1783548441\n|-terastallize|p2a: Falinks|Steel\n|move|p1a: Stantler|Tera Blast|p2a: Falinks|[anim] Tera Blast Fairy\n|-resisted|p2a: Falinks\n|-damage|p2a: Falinks|205/246\n|move|p2a: Falinks|No Retreat|p2a: Falinks\n|-boost|p2a: Falinks|atk|1\n|-boost|p2a: Falinks|def|1\n|-boost|p2a: Falinks|spa|1\n|-boost|p2a: Falinks|spd|1\n|-boost|p2a: Falinks|spe|1\n|-start|p2a: Falinks|move: No Retreat\n|\n|upkeep\n|turn|5\n|inactive|Time left: 300 sec this turn | 300 sec total\n|\n|t:|1783548442\n|move|p2a: Falinks|Knock Off|p1a: Stantler\n|-resisted|p1a: Stantler\n|-damage|p1a: Stantler|42/100\n|-enditem|p1a: Stantler|Eviolite|[from] move: Knock Off|[of] p2a: Falinks\n|-damage|p2a: Falinks|181/246|[from] item: Life Orb\n|move|p1a: Stantler|Earth Power|p2a: Falinks\n|-supereffective|p2a: Falinks\n|-damage|p2a: Falinks|53/246\n|\n|upkeep\n|turn|6\n|inactive|Time left: 300 sec this turn | 300 sec total\n|\n|t:|1783548443\n|move|p2a: Falinks|Iron Head|p1a: Stantler\n|-supereffective|p1a: Stantler\n|-damage|p1a: Stantler|0 fnt\n|faint|p1a: Stantler\n|-damage|p2a: Falinks|29/246|[from] item: Life Orb\n|\n|upkeep\n|\n|t:|1783548444\n|switch|p1a: Suicune|Suicune, L82|100/100\n|-ability|p1a: Suicune|Pressure\n|turn|7\n|inactive|Time left: 300 sec this turn | 300 sec total\n|\n|t:|1783548445\n|move|p2a: Falinks|Close Combat|p1a: Suicune\n|-damage|p1a: Suicune|26/100\n|-unboost|p2a: Falinks|def|1\n|-unboost|p2a: Falinks|spd|1\n|-damage|p2a: Falinks|5/246|[from] item: Life Orb\n|move|p1a: Suicune|Scald|p2a: Falinks\n|-damage|p2a: Falinks|0 fnt\n|faint|p2a: Falinks\n|\n|-heal|p1a: Suicune|32/100|[from] item: Leftovers\n|upkeep\n|inactive|Time left: 300 sec this turn | 300 sec total | 5 sec grace\n|\n|t:|1783548446\n|switch|p2a: Calyrex|Calyrex-Shadow, L64|235/235\n|-ability|p2a: Calyrex|As One\n|-ability|p2a: Calyrex|Unnerve\n|turn|8\n|inactive|Time left: 300 sec this turn | 300 sec total\n|\n|t:|1783548447\n|switch|p1a: Toucannon|Toucannon, L88, M|100/100\n|move|p2a: Calyrex|Nasty Plot|p2a: Calyrex\n|-boost|p2a: Calyrex|spa|2\n|\n|upkeep\n|turn|9\n|inactive|Time left: 300 sec this turn | 300 sec total\n|\n|t:|1783548448\n|-singleturn|p1a: Toucannon|move: Beak Blast\n|move|p2a: Calyrex|Nasty Plot|p2a: Calyrex\n|-boost|p2a: Calyrex|spa|2\n|move|p1a: Toucannon|Beak Blast|p2a: Calyrex\n|-damage|p2a: Calyrex|52/235\n|\n|upkeep\n|turn|10\n|inactive|Time left: 300 sec this turn | 300 sec total\n|\n|t:|1783548448\n|switch|p1a: Suicune|Suicune, L82|32/100\n|-ability|p1a: Suicune|Pressure\n|move|p2a: Calyrex|Psyshock|p1a: Suicune\n|-damage|p1a: Suicune|0 fnt\n|faint|p1a: Suicune\n|-ability|p2a: Calyrex|Grim Neigh|boost\n|-boost|p2a: Calyrex|spa|1\n|-damage|p2a: Calyrex|29/235|[from] item: Life Orb\n|\n|upkeep\n|\n|t:|1783548449\n|switch|p1a: Venusaur|Venusaur, L84, M|100/100\n|turn|11\n|inactive|Time left: 300 sec this turn | 300 sec total\n|\n|t:|1783548450\n|move|p2a: Calyrex|Psyshock|p1a: Venusaur\n|-supereffective|p1a: Venusaur\n|-damage|p1a: Venusaur|0 fnt\n|faint|p1a: Venusaur\n|-ability|p2a: Calyrex|Grim Neigh|boost\n|-boost|p2a: Calyrex|spa|1\n|-damage|p2a: Calyrex|6/235|[from] item: Life Orb\n|\n|upkeep\n|\n|t:|1783548451\n|switch|p1a: Reshiram|Reshiram, L76|100/100\n|-ability|p1a: Reshiram|Turboblaze\n|turn|12\n|inactive|Time left: 300 sec this turn | 300 sec total\n|\n|t:|1783548452\n|switch|p1a: Toucannon|Toucannon, L88, M|100/100\n|move|p2a: Calyrex|Psyshock|p1a: Toucannon\n|-damage|p1a: Toucannon|0 fnt\n|faint|p1a: Toucannon\n|-damage|p2a: Calyrex|0 fnt|[from] item: Life Orb\n|faint|p2a: Calyrex\n|\n|upkeep\n|inactive|Time left: 300 sec this turn | 300 sec total | 5 sec grace\n|\n|t:|1783548453\n|switch|p2a: Komala|Komala, L87, M|255/255\n|switch|p1a: Reshiram|Reshiram, L76|100/100\n|-ability|p1a: Reshiram|Turboblaze\n|-ability|p2a: Komala|Comatose\n|turn|13\n|inactive|Time left: 300 sec this turn | 300 sec total\n|\n|t:|1783548454\n|switch|p1a: Haxorus|Haxorus, L77, M|100/100\n|-ability|p1a: Haxorus|Mold Breaker\n|move|p2a: Komala|Earthquake|p1a: Haxorus\n|-damage|p1a: Haxorus|60/100\n|\n|upkeep\n|turn|14\n|inactive|Time left: 300 sec this turn | 300 sec total\n|\n|t:|1783548454\n|move|p1a: Haxorus|Dragon Dance|p1a: Haxorus\n|-boost|p1a: Haxorus|atk|1\n|-boost|p1a: Haxorus|spe|1\n|move|p2a: Komala|Body Slam|p1a: Haxorus\n|-damage|p1a: Haxorus|14/100\n|\n|upkeep\n|turn|15\n|inactive|Time left: 300 sec this turn | 300 sec total\n|\n|t:|1783548455\n|switch|p2a: Perrserker|Perrserker, L89, F|269/269\n|move|p1a: Haxorus|Close Combat|p2a: Perrserker\n|-supereffective|p2a: Perrserker\n|-damage|p2a: Perrserker|11/269\n|-unboost|p1a: Haxorus|def|1\n|-unboost|p1a: Haxorus|spd|1\n|\n|upkeep\n|turn|16\n|inactive|Time left: 300 sec this turn | 300 sec total\n|\n|t:|1783548456\n|switch|p2a: Komala|Komala, L87, M|255/255\n|-ability|p2a: Komala|Comatose\n|move|p1a: Haxorus|Outrage|p2a: Komala\n|-damage|p2a: Komala|0 fnt\n|faint|p2a: Komala\n|\n|upkeep\n|inactive|Time left: 300 sec this turn | 300 sec total | 5 sec grace\n|\n|t:|1783548457\n|switch|p2a: Perrserker|Perrserker, L89, F|11/269\n|turn|17\n|inactive|Time left: 300 sec this turn | 300 sec total\n|\n|t:|1783548457\n|switch|p2a: Minun|Minun, L95, F|268/268\n|move|p1a: Haxorus|Outrage|p2a: Minun|[from] lockedmove\n|-damage|p2a: Minun|0 fnt\n|faint|p2a: Minun\n|\n|upkeep\n|inactive|Time left: 300 sec this turn | 300 sec total | 5 sec grace\n|\n|t:|1783548458\n|switch|p2a: Perrserker|Perrserker, L89, F|11/269\n|turn|18\n|inactive|Time left: 300 sec this turn | 300 sec total\n|\n|t:|1783548459\n|move|p1a: Haxorus|Outrage|p2a: Perrserker|[from] lockedmove\n|-resisted|p2a: Perrserker\n|-damage|p2a: Perrserker|0 fnt\n|faint|p2a: Perrserker\n|-start|p1a: Haxorus|confusion|[fatigue]\n|\n|win|p0x80118e6", "uploadtime": 1783548459, "views": 0, "rating": 0, "private": 0, "password": null, "_winner": "p0x80118e6", "_our_name": "p0y801c241"}