{"id": "battle-gen9randombattle-1680", "formatid": "gen9randombattle", "format": "[Gen 9] Random Battle", "players": ["p0x16803ed7", "p0y1680ecb8"], "log": "|init|battle\n|title|p0x16803ed7 vs. p0y1680ecb8\n|j|\u2606p0x16803ed7\n|j|\u2606p0y1680ecb8\n|t:|1783558694\n|gametype|singles\n|player|p1|p0x16803ed7|2|\n|player|p2|p0y1680ecb8|265|\n|gen|9\n|tier|[Gen 9] Random Battle\n|rule|Species Clause: Limit one of each Pok\u00e9mon\n|rule|HP Percentage Mod: HP is shown in percentages\n|rule|Sleep Clause Mod: Limit one foe put to sleep\n|rule|Illusion Level Mod: Illusion disguises the Pok\u00e9mon's true level\n|\n|t:|1783558694\n|teamsize|p1|6\n|teamsize|p2|6\n|start\n|switch|p1a: Cyclizar|Cyclizar, L84, M|100/100\n|switch|p2a: Houndoom|Houndoom, L87, M|272/272\n|turn|1\n|inactive|Battle timer is ON: inactive players will automatically lose when time's up. (requested by p0y1680ecb8)\n|\n|t:|1783558696\n|move|p1a: Cyclizar|Shed Tail|p1a: Cyclizar\n|-start|p1a: Cyclizar|Substitute|[from] move: Shed Tail\n|-damage|p1a: Cyclizar|50/100\n|inactive|p0x16803ed7 also wants the timer to be on.\n|\n|t:|1783558697\n|switch|p1a: Rampardos|Rampardos, L90, M|100/100|[from] Shed Tail\n|move|p2a: Houndoom|Nasty Plot|p2a: Houndoom\n|-boost|p2a: Houndoom|spa|2\n|\n|upkeep\n|turn|2\n|inactive|Time left: 300 sec this turn | 300 sec total\n|\n|t:|1783558698\n|switch|p2a: Archaludon|Archaludon, L78, F|268/268\n|move|p1a: Rampardos|Earthquake|p2a: Archaludon\n|-supereffective|p2a: Archaludon\n|-damage|p2a: Archaludon|86/268\n|-ability|p2a: Archaludon|Stamina|boost\n|-boost|p2a: Archaludon|def|1\n|\n|upkeep\n|turn|3\n|inactive|Time left: 300 sec this turn | 300 sec total\n|\n|t:|1783558699\n|move|p1a: Rampardos|Earthquake|p2a: Archaludon\n|-supereffective|p2a: Archaludon\n|-damage|p2a: Archaludon|0 fnt\n|faint|p2a: Archaludon\n|\n|upkeep\n|inactive|Time left: 300 sec this turn | 300 sec total | 5 sec grace\n|\n|t:|1783558700\n|switch|p2a: Staraptor|Staraptor, L79, F|263/263\n|turn|4\n|inactive|Time left: 300 sec this turn | 300 sec total\n|\n|t:|1783558701\n|move|p1a: Rampardos|Earthquake|p2a: Staraptor\n|-immune|p2a: Staraptor\n|move|p2a: Staraptor|Brave Bird|p1a: Rampardos\n|-resisted|p1a: Rampardos\n|-end|p1a: Rampardos|Substitute\n|-damage|p2a: Staraptor|242/263|[from] Recoil|[of] p1a: Rampardos\n|\n|upkeep\n|turn|5\n|inactive|Time left: 300 sec this turn | 300 sec total\n|\n|t:|1783558702\n|switch|p1a: Greedent|Greedent, L86, F|100/100\n|move|p2a: Staraptor|Brave Bird|p1a: Greedent\n|-damage|p1a: Greedent|37/100\n|-enditem|p1a: Greedent|Sitrus Berry|[eat]\n|-heal|p1a: Greedent|62/100|[from] item: Sitrus Berry\n|-heal|p1a: Greedent|95/100|[from] ability: Cheek Pouch\n|-damage|p2a: Staraptor|170/263|[from] Recoil\n|\n|upkeep\n|turn|6\n|inactive|Time left: 300 sec this turn | 300 sec total\n|\n|t:|1783558704\n|move|p2a: Staraptor|Brave Bird|p1a: Greedent\n|-damage|p1a: Greedent|32/100\n|-damage|p2a: Staraptor|97/263|[from] Recoil\n|move|p1a: Greedent|Body Slam|p2a: Staraptor\n|-damage|p2a: Staraptor|0 fnt\n|faint|p2a: Staraptor\n|\n|upkeep\n|inactive|Time left: 300 sec this turn | 300 sec total | 5 sec grace\n|\n|t:|1783558705\n|switch|p2a: Regice|Regice, L88|284/284\n|turn|7\n|inactive|Time left: 300 sec this turn | 300 sec total\n|\n|t:|1783558706\n|switch|p1a: Rampardos|Rampardos, L90, M|100/100\n|move|p2a: Regice|Ice Beam|p1a: Rampardos\n|-damage|p1a: Rampardos|55/100\n|\n|upkeep\n|turn|8\n|inactive|Time left: 300 sec this turn | 300 sec total\n|\n|t:|1783558707\n|-terastallize|p2a: Regice|Electric\n|move|p1a: Rampardos|Rock Slide|p2a: Regice\n|-damage|p2a: Regice|121/284\n|move|p2a: Regice|Ice Beam|p1a: Rampardos\n|-damage|p1a: Rampardos|7/100\n|\n|upkeep\n|turn|9\n|inactive|Time left: 300 sec this turn | 300 sec total\n|\n|t:|1783558708\n|move|p1a: Rampardos|Rock Slide|p2a: Regice|[miss]\n|-miss|p1a: Rampardos|p2a: Regice\n|move|p2a: Regice|Body Press|p1a: Rampardos\n|-supereffective|p1a: Rampardos\n|-damage|p1a: Rampardos|0 fnt\n|faint|p1a: Rampardos\n|\n|upkeep\n|\n|t:|1783558709\n|switch|p1a: Rayquaza|Rayquaza, L72|100/100\n|-ability|p1a: Rayquaza|Air Lock\n|turn|10\n|inactive|Time left: 300 sec this turn | 300 sec total\n|\n|t:|1783558710\n|move|p1a: Rayquaza|Earthquake|p2a: Regice\n|-supereffective|p2a: Regice\n|-crit|p2a: Regice\n|-damage|p2a: Regice|0 fnt\n|faint|p2a: Regice\n|\n|upkeep\n|inactive|Time left: 300 sec this turn | 300 sec total | 5 sec grace\n|\n|t:|1783558711\n|switch|p2a: Ludicolo|Ludicolo, L90, F|290/290\n|turn|11\n|inactive|Time left: 300 sec this turn | 300 sec total\n|\n|t:|1783558712\n|switch|p1a: Greedent|Greedent, L86, F|32/100\n|switch|p2a: Dedenne|Dedenne, L88, F|261/261\n|\n|upkeep\n|turn|12\n|inactive|Time left: 300 sec this turn | 300 sec total\n|\n|t:|1783558713\n|move|p2a: Dedenne|Dazzling Gleam|p1a: Greedent\n|-damage|p1a: Greedent|6/100\n|move|p1a: Greedent|Earthquake|p2a: Dedenne\n|-supereffective|p2a: Dedenne\n|-damage|p2a: Dedenne|73/261\n|-enditem|p2a: Dedenne|Sitrus Berry|[eat]\n|-heal|p2a: Dedenne|138/261|[from] item: Sitrus Berry\n|-heal|p2a: Dedenne|225/261|[from] ability: Cheek Pouch\n|\n|upkeep\n|turn|13\n|inactive|Time left: 300 sec this turn | 300 sec total\n|\n|t:|1783558714\n|move|p2a: Dedenne|Dazzling Gleam|p1a: Greedent\n|-damage|p1a: Greedent|0 fnt\n|faint|p1a: Greedent\n|\n|upkeep\n|\n|t:|1783558715\n|switch|p1a: Rayquaza|Rayquaza, L72|100/100\n|-ability|p1a: Rayquaza|Air Lock\n|turn|14\n|inactive|Time left: 300 sec this turn | 300 sec total\n|\n|t:|1783558716\n|move|p2a: Dedenne|Dazzling Gleam|p1a: Rayquaza\n|-supereffective|p1a: Rayquaza\n|-damage|p1a: Rayquaza|29/100\n|move|p1a: Rayquaza|Earthquake|p2a: Dedenne\n|-supereffective|p2a: Dedenne\n|-damage|p2a: Dedenne|0 fnt\n|faint|p2a: Dedenne\n|\n|upkeep\n|inactive|Time left: 300 sec this turn | 300 sec total | 5 sec grace\n|\n|t:|1783558717\n|switch|p2a: Houndoom|Houndoom, L87, M|272/272\n|turn|15\n|inactive|Time left: 300 sec this turn | 300 sec total\n|\n|t:|1783558718\n|switch|p1a: Dondozo|Dondozo, L78, M|100/100\n|move|p2a: Houndoom|Dark Pulse|p1a: Dondozo\n|-damage|p1a: Dondozo|61/100\n|\n|-heal|p1a: Dondozo|67/100|[from] item: Leftovers\n|upkeep\n|turn|16\n|inactive|Time left: 300 sec this turn | 300 sec total\n|\n|t:|1783558719\n|switch|p2a: Ludicolo|Ludicolo, L90, F|290/290\n|move|p1a: Dondozo|Wave Crash|p2a: Ludicolo\n|-resisted|p2a: Ludicolo\n|-damage|p2a: Ludicolo|260/290\n|-damage|p1a: Dondozo|64/100|[from] Recoil\n|\n|-heal|p1a: Dondozo|70/100|[from] item: Leftovers\n|upkeep\n|turn|17\n|inactive|Time left: 300 sec this turn | 300 sec total\n|\n|t:|1783558720\n|switch|p1a: Rayquaza|Rayquaza, L72|29/100\n|-ability|p1a: Rayquaza|Air Lock\n|move|p2a: Ludicolo|Giga Drain|p1a: Rayquaza\n|-resisted|p1a: Rayquaza\n|-damage|p1a: Rayquaza|18/100\n|-heal|p2a: Ludicolo|275/290|[from] drain|[of] p1a: Rayquaza\n|-damage|p2a: Ludicolo|246/290|[from] item: Life Orb\n|\n|upkeep\n|turn|18\n|inactive|Time left: 300 sec this turn | 300 sec total\n|\n|t:|1783558721\n|move|p1a: Rayquaza|Dragon Ascent|p2a: Ludicolo\n|-supereffective|p2a: Ludicolo\n|-damage|p2a: Ludicolo|0 fnt\n|-unboost|p1a: Rayquaza|def|1\n|-unboost|p1a: Rayquaza|spd|1\n|faint|p2a: Ludicolo\n|\n|upkeep\n|inactive|Time left: 300 sec this turn | 300 sec total | 5 sec grace\n|\n|t:|1783558721\n|switch|p2a: Houndoom|Houndoom, L87, M|272/272\n|turn|19\n|inactive|Time left: 300 sec this turn | 300 sec total\n|\n|t:|1783558722\n|move|p2a: Houndoom|Fire Blast|p1a: Rayquaza\n|-resisted|p1a: Rayquaza\n|-damage|p1a: Rayquaza|0 fnt\n|faint|p1a: Rayquaza\n|\n|upkeep\n|\n|t:|1783558723\n|switch|p1a: Dondozo|Dondozo, L78, M|70/100\n|turn|20\n|inactive|Time left: 300 sec this turn | 300 sec total\n|\n|t:|1783558724\n|-terastallize|p1a: Dondozo|Dragon\n|move|p2a: Houndoom|Dark Pulse|p1a: Dondozo\n|-damage|p1a: Dondozo|30/100\n|move|p1a: Dondozo|Wave Crash|p2a: Houndoom\n|-supereffective|p2a: Houndoom\n|-damage|p2a: Houndoom|0 fnt\n|faint|p2a: Houndoom\n|-damage|p1a: Dondozo|5/100|[from] Recoil\n|\n|win|p0x16803ed7", "uploadtime": 1783558724, "views": 0, "rating": 0, "private": 0, "password": null, "_winner": "p0x16803ed7", "_our_name": "p0y1680ecb8"}