{"id": "battle-gen9randombattle-715", "formatid": "gen9randombattle", "format": "[Gen 9] Random Battle", "players": ["p0x7156030", "p0y7152e9f"], "log": "|init|battle\n|title|p0x7156030 vs. p0y7152e9f\n|j|\u2606p0x7156030\n|j|\u2606p0y7152e9f\n|t:|1783547411\n|gametype|singles\n|player|p1|p0x7156030|265|\n|player|p2|p0y7152e9f|266|\n|gen|9\n|tier|[Gen 9] Random Battle\n|rule|Species Clause: Limit one of each Pok\u00e9mon\n|rule|HP Percentage Mod: HP is shown in percentages\n|rule|Sleep Clause Mod: Limit one foe put to sleep\n|rule|Illusion Level Mod: Illusion disguises the Pok\u00e9mon's true level\n|\n|t:|1783547411\n|teamsize|p1|6\n|teamsize|p2|6\n|start\n|switch|p1a: Umbreon|Umbreon, L84, F|297/297\n|switch|p2a: Salamence|Salamence, L77, M|100/100\n|-ability|p2a: Salamence|Intimidate|boost\n|-unboost|p1a: Umbreon|atk|1\n|turn|1\n|inactive|Battle timer is ON: inactive players will automatically lose when time's up. (requested by p0x7156030)\n|\n|t:|1783547412\n|move|p2a: Salamence|Outrage|p1a: Umbreon\n|-damage|p1a: Umbreon|174/297\n|move|p1a: Umbreon|Foul Play|p2a: Salamence\n|-damage|p2a: Salamence|48/100\n|\n|-heal|p1a: Umbreon|192/297|[from] item: Leftovers\n|upkeep\n|turn|2\n|inactive|Time left: 300 sec this turn | 300 sec total\n|inactive|p0y7152e9f also wants the timer to be on.\n|\n|t:|1783547413\n|move|p2a: Salamence|Outrage|p1a: Umbreon|[from] lockedmove\n|-damage|p1a: Umbreon|83/297\n|move|p1a: Umbreon|Foul Play|p2a: Salamence\n|-damage|p2a: Salamence|0 fnt\n|faint|p2a: Salamence\n|\n|-heal|p1a: Umbreon|101/297|[from] item: Leftovers\n|upkeep\n|\n|t:|1783547414\n|switch|p2a: Houndoom|Houndoom, L87, M|100/100\n|turn|3\n|inactive|Time left: 300 sec this turn | 300 sec total\n|\n|t:|1783547414\n|move|p2a: Houndoom|Nasty Plot|p2a: Houndoom\n|-boost|p2a: Houndoom|spa|2\n|move|p1a: Umbreon|Wish|p1a: Umbreon\n|\n|-heal|p1a: Umbreon|119/297|[from] item: Leftovers\n|upkeep\n|turn|4\n|inactive|Time left: 300 sec this turn | 300 sec total\n|\n|t:|1783547415\n|move|p1a: Umbreon|Protect|p1a: Umbreon\n|-singleturn|p1a: Umbreon|Protect\n|move|p2a: Houndoom|Fire Blast|p1a: Umbreon\n|-activate|p1a: Umbreon|move: Protect\n|\n|-heal|p1a: Umbreon|267/297|[from] move: Wish|[wisher] Umbreon\n|-heal|p1a: Umbreon|285/297|[from] item: Leftovers\n|upkeep\n|turn|5\n|inactive|Time left: 300 sec this turn | 300 sec total\n|\n|t:|1783547416\n|move|p2a: Houndoom|Fire Blast|p1a: Umbreon\n|-damage|p1a: Umbreon|86/297\n|move|p1a: Umbreon|Toxic|p2a: Houndoom\n|-status|p2a: Houndoom|tox\n|\n|-heal|p1a: Umbreon|104/297|[from] item: Leftovers\n|-damage|p2a: Houndoom|94/100 tox|[from] psn\n|upkeep\n|turn|6\n|inactive|Time left: 300 sec this turn | 300 sec total\n|\n|t:|1783547417\n|move|p1a: Umbreon|Protect|p1a: Umbreon\n|-singleturn|p1a: Umbreon|Protect\n|move|p2a: Houndoom|Fire Blast|p1a: Umbreon\n|-activate|p1a: Umbreon|move: Protect\n|\n|-heal|p1a: Umbreon|122/297|[from] item: Leftovers\n|-damage|p2a: Houndoom|82/100 tox|[from] psn\n|upkeep\n|turn|7\n|inactive|Time left: 300 sec this turn | 300 sec total\n|\n|t:|1783547418\n|move|p2a: Houndoom|Fire Blast|p1a: Umbreon\n|-damage|p1a: Umbreon|0 fnt\n|faint|p1a: Umbreon\n|\n|-damage|p2a: Houndoom|63/100 tox|[from] psn\n|upkeep\n|inactive|Time left: 300 sec this turn | 300 sec total | 5 sec grace\n|\n|t:|1783547419\n|switch|p1a: Komala|Komala, L87, M|255/255\n|-ability|p1a: Komala|Comatose\n|turn|8\n|inactive|Time left: 300 sec this turn | 300 sec total\n|\n|t:|1783547420\n|move|p1a: Komala|Earthquake|p2a: Houndoom\n|-supereffective|p2a: Houndoom\n|-damage|p2a: Houndoom|0 fnt\n|faint|p2a: Houndoom\n|\n|upkeep\n|\n|t:|1783547420\n|switch|p2a: Metagross|Metagross, L79|100/100\n|turn|9\n|inactive|Time left: 300 sec this turn | 300 sec total\n|\n|t:|1783547422\n|move|p1a: Komala|Earthquake|p2a: Metagross\n|-supereffective|p2a: Metagross\n|-damage|p2a: Metagross|51/100\n|move|p2a: Metagross|Heavy Slam|p1a: Komala\n|-damage|p1a: Komala|14/255\n|\n|upkeep\n|turn|10\n|inactive|Time left: 300 sec this turn | 300 sec total\n|\n|t:|1783547423\n|switch|p2a: Ogerpon|Ogerpon, L80, F|100/100\n|move|p1a: Komala|Earthquake|p2a: Ogerpon\n|-resisted|p2a: Ogerpon\n|-damage|p2a: Ogerpon|83/100\n|\n|upkeep\n|turn|11\n|inactive|Time left: 300 sec this turn | 300 sec total\n|\n|t:|1783547424\n|move|p1a: Komala|Earthquake|p2a: Ogerpon\n|-resisted|p2a: Ogerpon\n|-damage|p2a: Ogerpon|66/100\n|move|p2a: Ogerpon|Swords Dance|p2a: Ogerpon\n|-boost|p2a: Ogerpon|atk|2\n|\n|upkeep\n|turn|12\n|inactive|Time left: 300 sec this turn | 300 sec total\n|\n|t:|1783547425\n|move|p1a: Komala|Earthquake|p2a: Ogerpon\n|-resisted|p2a: Ogerpon\n|-damage|p2a: Ogerpon|49/100\n|move|p2a: Ogerpon|Swords Dance|p2a: Ogerpon\n|-boost|p2a: Ogerpon|atk|2\n|\n|upkeep\n|turn|13\n|inactive|Time left: 300 sec this turn | 300 sec total\n|\n|t:|1783547426\n|move|p1a: Komala|Earthquake|p2a: Ogerpon\n|-resisted|p2a: Ogerpon\n|-damage|p2a: Ogerpon|30/100\n|move|p2a: Ogerpon|Ivy Cudgel|p1a: Komala\n|-crit|p1a: Komala\n|-damage|p1a: Komala|0 fnt\n|faint|p1a: Komala\n|-damage|p2a: Ogerpon|21/100|[from] item: Life Orb\n|\n|upkeep\n|inactive|Time left: 300 sec this turn | 300 sec total | 5 sec grace\n|\n|t:|1783547428\n|switch|p1a: Cresselia|Cresselia, L80, F|323/323\n|turn|14\n|inactive|Time left: 300 sec this turn | 300 sec total\n|\n|t:|1783547429\n|-terastallize|p1a: Cresselia|Poison\n|move|p2a: Ogerpon|Ivy Cudgel|p1a: Cresselia\n|-resisted|p1a: Cresselia\n|-damage|p1a: Cresselia|136/323\n|-damage|p2a: Ogerpon|11/100|[from] item: Life Orb\n|move|p1a: Cresselia|Moonblast|p2a: Ogerpon\n|-damage|p2a: Ogerpon|0 fnt\n|faint|p2a: Ogerpon\n|\n|-heal|p1a: Cresselia|156/323|[from] item: Leftovers\n|upkeep\n|\n|t:|1783547430\n|switch|p2a: Metagross|Metagross, L79|51/100\n|turn|15\n|inactive|Time left: 300 sec this turn | 300 sec total\n|\n|t:|1783547431\n|move|p1a: Cresselia|Moonlight|p1a: Cresselia\n|-heal|p1a: Cresselia|317/323\n|move|p2a: Metagross|Heavy Slam|p1a: Cresselia\n|-damage|p1a: Cresselia|133/323\n|\n|-heal|p1a: Cresselia|153/323|[from] item: Leftovers\n|upkeep\n|turn|16\n|inactive|Time left: 300 sec this turn | 300 sec total\n|\n|t:|1783547432\n|move|p1a: Cresselia|Moonlight|p1a: Cresselia\n|-heal|p1a: Cresselia|314/323\n|move|p2a: Metagross|Heavy Slam|p1a: Cresselia\n|-damage|p1a: Cresselia|107/323\n|\n|-heal|p1a: Cresselia|127/323|[from] item: Leftovers\n|upkeep\n|turn|17\n|inactive|Time left: 300 sec this turn | 300 sec total\n|\n|t:|1783547433\n|move|p1a: Cresselia|Moonlight|p1a: Cresselia\n|-heal|p1a: Cresselia|288/323\n|move|p2a: Metagross|Heavy Slam|p1a: Cresselia\n|-damage|p1a: Cresselia|93/323\n|\n|-heal|p1a: Cresselia|113/323|[from] item: Leftovers\n|upkeep\n|turn|18\n|inactive|Time left: 300 sec this turn | 300 sec total\n|\n|t:|1783547434\n|move|p1a: Cresselia|Moonlight|p1a: Cresselia\n|-heal|p1a: Cresselia|274/323\n|move|p2a: Metagross|Heavy Slam|p1a: Cresselia\n|-damage|p1a: Cresselia|88/323\n|\n|-heal|p1a: Cresselia|108/323|[from] item: Leftovers\n|upkeep\n|turn|19\n|inactive|Time left: 300 sec this turn | 300 sec total\n|\n|t:|1783547436\n|move|p1a: Cresselia|Moonlight|p1a: Cresselia\n|-heal|p1a: Cresselia|269/323\n|move|p2a: Metagross|Heavy Slam|p1a: Cresselia\n|-damage|p1a: Cresselia|73/323\n|\n|-heal|p1a: Cresselia|93/323|[from] item: Leftovers\n|upkeep\n|turn|20\n|inactive|Time left: 300 sec this turn | 300 sec total\n|\n|t:|1783547437\n|move|p1a: Cresselia|Moonlight|p1a: Cresselia\n|-heal|p1a: Cresselia|254/323\n|move|p2a: Metagross|Heavy Slam|p1a: Cresselia\n|-damage|p1a: Cresselia|73/323\n|\n|-heal|p1a: Cresselia|93/323|[from] item: Leftovers\n|upkeep\n|turn|21\n|inactive|Time left: 300 sec this turn | 300 sec total\n|\n|t:|1783547438\n|move|p1a: Cresselia|Moonblast|p2a: Metagross\n|-resisted|p2a: Metagross\n|-damage|p2a: Metagross|41/100\n|move|p2a: Metagross|Heavy Slam|p1a: Cresselia\n|-damage|p1a: Cresselia|0 fnt\n|faint|p1a: Cresselia\n|\n|upkeep\n|inactive|Time left: 300 sec this turn | 300 sec total | 5 sec grace\n|\n|t:|1783547439\n|switch|p1a: Noctowl|Noctowl, L95, F|344/344\n|turn|22\n|inactive|Time left: 300 sec this turn | 300 sec total\n|\n|t:|1783547440\n|switch|p2a: Farigiraf|Farigiraf, L90, F|100/100\n|move|p1a: Noctowl|Hyper Voice|p2a: Farigiraf\n|-damage|p2a: Farigiraf|67/100\n|\n|-heal|p2a: Farigiraf|73/100|[from] item: Leftovers\n|upkeep\n|turn|23\n|inactive|Time left: 300 sec this turn | 300 sec total\n|\n|t:|1783547441\n|move|p1a: Noctowl|Hurricane|p2a: Farigiraf\n|-damage|p2a: Farigiraf|28/100\n|-start|p2a: Farigiraf|confusion\n|-activate|p2a: Farigiraf|confusion\n|-damage|p2a: Farigiraf|19/100|[from] confusion\n|\n|-heal|p2a: Farigiraf|25/100|[from] item: Leftovers\n|upkeep\n|turn|24\n|inactive|Time left: 300 sec this turn | 300 sec total\n|\n|t:|1783547442\n|-activate|p2a: Farigiraf|confusion\n|move|p2a: Farigiraf|Protect|p2a: Farigiraf\n|-singleturn|p2a: Farigiraf|Protect\n|move|p1a: Noctowl|Hyper Voice|p2a: Farigiraf\n|-activate|p2a: Farigiraf|move: Protect\n|\n|-heal|p2a: Farigiraf|31/100|[from] item: Leftovers\n|upkeep\n|turn|25\n|inactive|Time left: 300 sec this turn | 300 sec total\n|\n|t:|1783547443\n|switch|p2a: Swanna|Swanna, L89, F|100/100\n|move|p1a: Noctowl|Hyper Voice|p2a: Swanna\n|-damage|p2a: Swanna|55/100\n|\n|upkeep\n|turn|26\n|inactive|Time left: 300 sec this turn | 300 sec total\n|\n|t:|1783547444\n|move|p2a: Swanna|Roost|p2a: Swanna\n|-heal|p2a: Swanna|100/100\n|-singleturn|p2a: Swanna|move: Roost\n|move|p1a: Noctowl|Hyper Voice|p2a: Swanna\n|-damage|p2a: Swanna|50/100\n|\n|upkeep\n|turn|27\n|inactive|Time left: 300 sec this turn | 300 sec total\n|\n|t:|1783547446\n|move|p2a: Swanna|Roost|p2a: Swanna\n|-heal|p2a: Swanna|100/100\n|-singleturn|p2a: Swanna|move: Roost\n|move|p1a: Noctowl|Hyper Voice|p2a: Swanna\n|-damage|p2a: Swanna|55/100\n|\n|upkeep\n|turn|28\n|inactive|Time left: 300 sec this turn | 300 sec total\n|\n|t:|1783547447\n|move|p2a: Swanna|Roost|p2a: Swanna\n|-heal|p2a: Swanna|100/100\n|-singleturn|p2a: Swanna|move: Roost\n|move|p1a: Noctowl|Hyper Voice|p2a: Swanna\n|-damage|p2a: Swanna|52/100\n|\n|upkeep\n|turn|29\n|inactive|Time left: 300 sec this turn | 300 sec total\n|\n|t:|1783547448\n|move|p2a: Swanna|Roost|p2a: Swanna\n|-heal|p2a: Swanna|100/100\n|-singleturn|p2a: Swanna|move: Roost\n|move|p1a: Noctowl|Hyper Voice|p2a: Swanna\n|-damage|p2a: Swanna|54/100\n|\n|upkeep\n|turn|30\n|inactive|Time left: 300 sec this turn | 300 sec total\n|\n|t:|1783547448\n|move|p2a: Swanna|Roost|p2a: Swanna\n|-heal|p2a: Swanna|100/100\n|-singleturn|p2a: Swanna|move: Roost\n|move|p1a: Noctowl|Hyper Voice|p2a: Swanna\n|-damage|p2a: Swanna|53/100\n|\n|upkeep\n|turn|31\n|inactive|Time left: 300 sec this turn | 300 sec total\n|\n|t:|1783547449\n|move|p2a: Swanna|Roost|p2a: Swanna\n|-heal|p2a: Swanna|100/100\n|-singleturn|p2a: Swanna|move: Roost\n|move|p1a: Noctowl|Hyper Voice|p2a: Swanna\n|-damage|p2a: Swanna|54/100\n|\n|upkeep\n|turn|32\n|inactive|Time left: 300 sec this turn | 300 sec total\n|\n|t:|1783547450\n|move|p2a: Swanna|Roost|p2a: Swanna\n|-heal|p2a: Swanna|100/100\n|-singleturn|p2a: Swanna|move: Roost\n|move|p1a: Noctowl|Hyper Voice|p2a: Swanna\n|-damage|p2a: Swanna|53/100\n|\n|upkeep\n|turn|33\n|inactive|Time left: 300 sec this turn | 300 sec total\n|\n|t:|1783547451\n|move|p2a: Swanna|Roost|p2a: Swanna\n|-heal|p2a: Swanna|100/100\n|-singleturn|p2a: Swanna|move: Roost\n|move|p1a: Noctowl|Hyper Voice|p2a: Swanna\n|-damage|p2a: Swanna|55/100\n|\n|upkeep\n|turn|34\n|inactive|Time left: 300 sec this turn | 300 sec total\n|\n|t:|1783547452\n|move|p2a: Swanna|Brave Bird|p1a: Noctowl\n|-damage|p1a: Noctowl|179/344\n|-damage|p2a: Swanna|36/100|[from] Recoil\n|move|p1a: Noctowl|Hyper Voice|p2a: Swanna\n|-damage|p2a: Swanna|0 fnt\n|faint|p2a: Swanna\n|\n|upkeep\n|\n|t:|1783547453\n|switch|p2a: Farigiraf|Farigiraf, L90, F|31/100\n|turn|35\n|inactive|Time left: 300 sec this turn | 300 sec total\n|\n|t:|1783547454\n|move|p2a: Farigiraf|Protect|p2a: Farigiraf\n|-singleturn|p2a: Farigiraf|Protect\n|move|p1a: Noctowl|Hyper Voice|p2a: Farigiraf\n|-activate|p2a: Farigiraf|move: Protect\n|\n|-heal|p2a: Farigiraf|37/100|[from] item: Leftovers\n|upkeep\n|turn|36\n|inactive|Time left: 300 sec this turn | 300 sec total\n|\n|t:|1783547455\n|move|p1a: Noctowl|Hurricane|p2a: Farigiraf\n|-damage|p2a: Farigiraf|0 fnt\n|faint|p2a: Farigiraf\n|\n|upkeep\n|\n|t:|1783547456\n|switch|p2a: Metagross|Metagross, L79|41/100\n|turn|37\n|inactive|Time left: 300 sec this turn | 300 sec total\n|\n|t:|1783547457\n|move|p1a: Noctowl|Hyper Voice|p2a: Metagross\n|-resisted|p2a: Metagross\n|-damage|p2a: Metagross|0 fnt\n|faint|p2a: Metagross\n|\n|win|p0x7156030", "uploadtime": 1783547457, "views": 0, "rating": 0, "private": 0, "password": null, "_winner": "p0x7156030", "_our_name": "p0x7156030"}