{"id": "battle-gen9randombattle-2980", "formatid": "gen9randombattle", "format": "[Gen 9] Random Battle", "players": ["p0x2980d323", "p0y298029d2"], "log": "|init|battle\n|title|p0x2980d323 vs. p0y298029d2\n|j|\u2606p0x2980d323\n|j|\u2606p0y298029d2\n|t:|1783574303\n|gametype|singles\n|player|p1|p0x2980d323|169|\n|player|p2|p0y298029d2|265|\n|gen|9\n|tier|[Gen 9] Random Battle\n|rule|Species Clause: Limit one of each Pok\u00e9mon\n|rule|HP Percentage Mod: HP is shown in percentages\n|rule|Sleep Clause Mod: Limit one foe put to sleep\n|rule|Illusion Level Mod: Illusion disguises the Pok\u00e9mon's true level\n|\n|t:|1783574303\n|teamsize|p1|6\n|teamsize|p2|6\n|start\n|switch|p1a: Lanturn|Lanturn, L89, M|100/100\n|switch|p2a: Scream Tail|Scream Tail, L84|330/330\n|turn|1\n|inactive|Battle timer is ON: inactive players will automatically lose when time's up. (requested by p0y298029d2)\n|inactive|p0x2980d323 also wants the timer to be on.\n|\n|t:|1783574305\n|move|p2a: Scream Tail|Dazzling Gleam|p1a: Lanturn\n|-damage|p1a: Lanturn|83/100\n|move|p1a: Lanturn|Thunder Wave|p2a: Scream Tail\n|-status|p2a: Scream Tail|par\n|\n|-heal|p1a: Lanturn|89/100|[from] item: Leftovers\n|upkeep\n|turn|2\n|inactive|Time left: 300 sec this turn | 300 sec total\n|\n|t:|1783574306\n|switch|p1a: Arbok|Arbok, L87, M|100/100\n|-ability|p1a: Arbok|Intimidate|boost\n|-unboost|p2a: Scream Tail|atk|1\n|move|p2a: Scream Tail|Wish|p2a: Scream Tail\n|\n|upkeep\n|turn|3\n|inactive|Time left: 300 sec this turn | 300 sec total\n|\n|t:|1783574307\n|-end|p2a: Scream Tail|Protosynthesis|[silent]\n|switch|p2a: Garchomp|Garchomp, L74, F|282/282\n|move|p1a: Arbok|Coil|p1a: Arbok\n|-boost|p1a: Arbok|atk|1\n|-boost|p1a: Arbok|def|1\n|-boost|p1a: Arbok|accuracy|1\n|\n|upkeep\n|turn|4\n|inactive|Time left: 300 sec this turn | 300 sec total\n|\n|t:|1783574309\n|move|p2a: Garchomp|Earthquake|p1a: Arbok\n|-supereffective|p1a: Arbok\n|-damage|p1a: Arbok|35/100\n|move|p1a: Arbok|Earthquake|p2a: Garchomp\n|-damage|p2a: Garchomp|169/282\n|\n|-heal|p1a: Arbok|41/100|[from] item: Leftovers\n|upkeep\n|turn|5\n|inactive|Time left: 300 sec this turn | 300 sec total\n|\n|t:|1783574310\n|move|p2a: Garchomp|Earthquake|p1a: Arbok\n|-supereffective|p1a: Arbok\n|-damage|p1a: Arbok|0 fnt\n|faint|p1a: Arbok\n|\n|upkeep\n|\n|t:|1783574311\n|switch|p1a: Smeargle|Smeargle, L95, F|100/100\n|turn|6\n|inactive|Time left: 300 sec this turn | 300 sec total\n|\n|t:|1783574312\n|move|p1a: Smeargle|Sticky Web|p2a: Garchomp\n|-sidestart|p2: p0y298029d2|move: Sticky Web\n|move|p2a: Garchomp|Earthquake|p1a: Smeargle\n|-damage|p1a: Smeargle|29/100\n|\n|upkeep\n|turn|7\n|inactive|Time left: 300 sec this turn | 300 sec total\n|\n|t:|1783574313\n|move|p1a: Smeargle|Spore|p2a: Garchomp\n|-status|p2a: Garchomp|slp|[from] move: Spore\n|cant|p2a: Garchomp|slp\n|\n|upkeep\n|turn|8\n|inactive|Time left: 300 sec this turn | 300 sec total\n|\n|t:|1783574314\n|switch|p1a: Calyrex|Calyrex, L93|100/100\n|-ability|p1a: Calyrex|Unnerve\n|-curestatus|p2a: Garchomp|slp|[msg]\n|move|p2a: Garchomp|Earthquake|p1a: Calyrex\n|-resisted|p1a: Calyrex\n|-damage|p1a: Calyrex|87/100\n|\n|-heal|p1a: Calyrex|93/100|[from] item: Leftovers\n|upkeep\n|turn|9\n|inactive|Time left: 300 sec this turn | 300 sec total\n|\n|t:|1783574315\n|switch|p2a: Avalugg|Avalugg, L88, M|310/310\n|move|p1a: Calyrex|Psyshock|p2a: Avalugg\n|-crit|p2a: Avalugg\n|-damage|p2a: Avalugg|235/310\n|\n|-heal|p1a: Calyrex|99/100|[from] item: Leftovers\n|upkeep\n|turn|10\n|inactive|Time left: 300 sec this turn | 300 sec total\n|\n|t:|1783574316\n|move|p1a: Calyrex|Leech Seed|p2a: Avalugg\n|-start|p2a: Avalugg|move: Leech Seed\n|move|p2a: Avalugg|Rapid Spin|p1a: Calyrex\n|-damage|p1a: Calyrex|87/100\n|-boost|p2a: Avalugg|spe|1\n|-end|p2a: Avalugg|Leech Seed|[from] move: Rapid Spin|[of] p2a: Avalugg\n|-sideend|p2: p0y298029d2|Sticky Web|[from] move: Rapid Spin|[of] p2a: Avalugg\n|\n|-heal|p1a: Calyrex|93/100|[from] item: Leftovers\n|upkeep\n|turn|11\n|inactive|Time left: 300 sec this turn | 300 sec total\n|\n|t:|1783574317\n|move|p1a: Calyrex|Leech Seed|p2a: Avalugg\n|-start|p2a: Avalugg|move: Leech Seed\n|move|p2a: Avalugg|Avalanche|p1a: Calyrex\n|-supereffective|p1a: Calyrex\n|-damage|p1a: Calyrex|43/100\n|\n|-heal|p1a: Calyrex|49/100|[from] item: Leftovers\n|-damage|p2a: Avalugg|197/310|[from] Leech Seed|[of] p1a: Calyrex\n|-heal|p1a: Calyrex|60/100|[silent]\n|upkeep\n|turn|12\n|inactive|Time left: 300 sec this turn | 300 sec total\n|\n|t:|1783574318\n|switch|p1a: Lanturn|Lanturn, L89, M|89/100\n|move|p2a: Avalugg|Avalanche|p1a: Lanturn\n|-resisted|p1a: Lanturn\n|-damage|p1a: Lanturn|76/100\n|\n|-heal|p1a: Lanturn|82/100|[from] item: Leftovers\n|-damage|p2a: Avalugg|159/310|[from] Leech Seed|[of] p1a: Lanturn\n|-heal|p1a: Lanturn|92/100|[silent]\n|upkeep\n|turn|13\n|inactive|Time left: 300 sec this turn | 300 sec total\n|\n|t:|1783574319\n|switch|p2a: Scream Tail|Scream Tail, L84|330/330 par\n|move|p1a: Lanturn|Scald|p2a: Scream Tail\n|-damage|p2a: Scream Tail|263/330 par\n|\n|-heal|p1a: Lanturn|98/100|[from] item: Leftovers\n|-heal|p2a: Scream Tail|283/330 par|[from] item: Leftovers\n|upkeep\n|turn|14\n|inactive|Time left: 300 sec this turn | 300 sec total\n|\n|t:|1783574320\n|move|p1a: Lanturn|Scald|p2a: Scream Tail\n|-damage|p2a: Scream Tail|223/330 par\n|move|p2a: Scream Tail|Dazzling Gleam|p1a: Lanturn\n|-damage|p1a: Lanturn|81/100\n|\n|-heal|p1a: Lanturn|87/100|[from] item: Leftovers\n|-heal|p2a: Scream Tail|243/330 par|[from] item: Leftovers\n|upkeep\n|turn|15\n|inactive|Time left: 300 sec this turn | 300 sec total\n|\n|t:|1783574321\n|move|p1a: Lanturn|Thunderbolt|p2a: Scream Tail\n|-damage|p2a: Scream Tail|171/330 par\n|move|p2a: Scream Tail|Dazzling Gleam|p1a: Lanturn\n|-damage|p1a: Lanturn|70/100\n|\n|-heal|p1a: Lanturn|76/100|[from] item: Leftovers\n|-heal|p2a: Scream Tail|191/330 par|[from] item: Leftovers\n|upkeep\n|turn|16\n|inactive|Time left: 300 sec this turn | 300 sec total\n|\n|t:|1783574322\n|move|p1a: Lanturn|Thunderbolt|p2a: Scream Tail\n|-damage|p2a: Scream Tail|113/330 par\n|move|p2a: Scream Tail|Wish|p2a: Scream Tail\n|\n|-heal|p1a: Lanturn|82/100|[from] item: Leftovers\n|-heal|p2a: Scream Tail|133/330 par|[from] item: Leftovers\n|upkeep\n|turn|17\n|inactive|Time left: 300 sec this turn | 300 sec total\n|\n|t:|1783574323\n|move|p1a: Lanturn|Scald|p2a: Scream Tail\n|-damage|p2a: Scream Tail|66/330 par\n|move|p2a: Scream Tail|Dazzling Gleam|p1a: Lanturn\n|-damage|p1a: Lanturn|63/100\n|\n|-heal|p2a: Scream Tail|231/330 par|[from] move: Wish|[wisher] Scream Tail\n|-heal|p1a: Lanturn|69/100|[from] item: Leftovers\n|-heal|p2a: Scream Tail|251/330 par|[from] item: Leftovers\n|upkeep\n|turn|18\n|inactive|Time left: 300 sec this turn | 300 sec total\n|\n|t:|1783574324\n|move|p1a: Lanturn|Scald|p2a: Scream Tail\n|-damage|p2a: Scream Tail|190/330 par\n|cant|p2a: Scream Tail|par\n|\n|-heal|p1a: Lanturn|75/100|[from] item: Leftovers\n|-heal|p2a: Scream Tail|210/330 par|[from] item: Leftovers\n|upkeep\n|turn|19\n|inactive|Time left: 300 sec this turn | 300 sec total\n|\n|t:|1783574325\n|move|p1a: Lanturn|Scald|p2a: Scream Tail\n|-damage|p2a: Scream Tail|144/330 par\n|move|p2a: Scream Tail|Wish|p2a: Scream Tail\n|\n|-heal|p1a: Lanturn|81/100|[from] item: Leftovers\n|-heal|p2a: Scream Tail|164/330 par|[from] item: Leftovers\n|upkeep\n|turn|20\n|inactive|Time left: 300 sec this turn | 300 sec total\n|\n|t:|1783574325\n|move|p1a: Lanturn|Thunderbolt|p2a: Scream Tail\n|-damage|p2a: Scream Tail|92/330 par\n|move|p2a: Scream Tail|Dazzling Gleam|p1a: Lanturn\n|-damage|p1a: Lanturn|63/100\n|\n|-heal|p2a: Scream Tail|257/330 par|[from] move: Wish|[wisher] Scream Tail\n|-heal|p1a: Lanturn|69/100|[from] item: Leftovers\n|-heal|p2a: Scream Tail|277/330 par|[from] item: Leftovers\n|upkeep\n|turn|21\n|inactive|Time left: 300 sec this turn | 300 sec total\n|\n|t:|1783574326\n|move|p1a: Lanturn|Scald|p2a: Scream Tail\n|-damage|p2a: Scream Tail|217/330 par\n|cant|p2a: Scream Tail|par\n|\n|-heal|p1a: Lanturn|75/100|[from] item: Leftovers\n|-heal|p2a: Scream Tail|237/330 par|[from] item: Leftovers\n|upkeep\n|turn|22\n|inactive|Time left: 300 sec this turn | 300 sec total\n|\n|t:|1783574327\n|move|p1a: Lanturn|Scald|p2a: Scream Tail\n|-damage|p2a: Scream Tail|168/330 par\n|cant|p2a: Scream Tail|par\n|\n|-heal|p1a: Lanturn|81/100|[from] item: Leftovers\n|-heal|p2a: Scream Tail|188/330 par|[from] item: Leftovers\n|upkeep\n|turn|23\n|inactive|Time left: 300 sec this turn | 300 sec total\n|\n|t:|1783574328\n|move|p1a: Lanturn|Ice Beam|p2a: Scream Tail\n|-damage|p2a: Scream Tail|137/330 par\n|cant|p2a: Scream Tail|par\n|\n|-heal|p1a: Lanturn|87/100|[from] item: Leftovers\n|-heal|p2a: Scream Tail|157/330 par|[from] item: Leftovers\n|upkeep\n|turn|24\n|inactive|Time left: 300 sec this turn | 300 sec total\n|\n|t:|1783574329\n|move|p1a: Lanturn|Thunderbolt|p2a: Scream Tail\n|-damage|p2a: Scream Tail|85/330 par\n|cant|p2a: Scream Tail|par\n|\n|-heal|p1a: Lanturn|93/100|[from] item: Leftovers\n|-heal|p2a: Scream Tail|105/330 par|[from] item: Leftovers\n|upkeep\n|turn|25\n|inactive|Time left: 300 sec this turn | 300 sec total\n|\n|t:|1783574329\n|move|p1a: Lanturn|Scald|p2a: Scream Tail\n|-damage|p2a: Scream Tail|44/330 par\n|move|p2a: Scream Tail|Wish|p2a: Scream Tail\n|\n|-heal|p1a: Lanturn|99/100|[from] item: Leftovers\n|-heal|p2a: Scream Tail|64/330 par|[from] item: Leftovers\n|upkeep\n|turn|26\n|inactive|Time left: 300 sec this turn | 300 sec total\n|\n|t:|1783574330\n|move|p2a: Scream Tail|Protect|p2a: Scream Tail\n|-singleturn|p2a: Scream Tail|Protect\n|move|p1a: Lanturn|Thunderbolt|p2a: Scream Tail\n|-activate|p2a: Scream Tail|move: Protect\n|\n|-heal|p2a: Scream Tail|229/330 par|[from] move: Wish|[wisher] Scream Tail\n|-heal|p1a: Lanturn|100/100|[from] item: Leftovers\n|-heal|p2a: Scream Tail|249/330 par|[from] item: Leftovers\n|upkeep\n|turn|27\n|inactive|Time left: 300 sec this turn | 300 sec total\n|\n|t:|1783574331\n|move|p1a: Lanturn|Ice Beam|p2a: Scream Tail\n|-damage|p2a: Scream Tail|201/330 par\n|move|p2a: Scream Tail|Wish|p2a: Scream Tail\n|\n|-heal|p2a: Scream Tail|221/330 par|[from] item: Leftovers\n|upkeep\n|turn|28\n|inactive|Time left: 300 sec this turn | 300 sec total\n|\n|t:|1783574332\n|move|p1a: Lanturn|Scald|p2a: Scream Tail\n|-damage|p2a: Scream Tail|152/330 par\n|move|p2a: Scream Tail|Dazzling Gleam|p1a: Lanturn\n|-damage|p1a: Lanturn|81/100\n|\n|-heal|p2a: Scream Tail|317/330 par|[from] move: Wish|[wisher] Scream Tail\n|-heal|p1a: Lanturn|87/100|[from] item: Leftovers\n|-heal|p2a: Scream Tail|330/330 par|[from] item: Leftovers\n|upkeep\n|turn|29\n|inactive|Time left: 300 sec this turn | 300 sec total\n|\n|t:|1783574333\n|move|p1a: Lanturn|Thunderbolt|p2a: Scream Tail\n|-damage|p2a: Scream Tail|254/330 par\n|move|p2a: Scream Tail|Dazzling Gleam|p1a: Lanturn\n|-damage|p1a: Lanturn|67/100\n|\n|-heal|p1a: Lanturn|73/100|[from] item: Leftovers\n|-heal|p2a: Scream Tail|274/330 par|[from] item: Leftovers\n|upkeep\n|turn|30\n|inactive|Time left: 300 sec this turn | 300 sec total\n|\n|t:|1783574334\n|move|p1a: Lanturn|Ice Beam|p2a: Scream Tail\n|-damage|p2a: Scream Tail|225/330 par\n|cant|p2a: Scream Tail|par\n|\n|-heal|p1a: Lanturn|79/100|[from] item: Leftovers\n|-heal|p2a: Scream Tail|245/330 par|[from] item: Leftovers\n|upkeep\n|turn|31\n|inactive|Time left: 300 sec this turn | 300 sec total\n|\n|t:|1783574334\n|move|p1a: Lanturn|Thunderbolt|p2a: Scream Tail\n|-damage|p2a: Scream Tail|178/330 par\n|move|p2a: Scream Tail|Dazzling Gleam|p1a: Lanturn\n|-damage|p1a: Lanturn|60/100\n|\n|-heal|p1a: Lanturn|66/100|[from] item: Leftovers\n|-heal|p2a: Scream Tail|198/330 par|[from] item: Leftovers\n|upkeep\n|turn|32\n|inactive|Time left: 300 sec this turn | 300 sec total\n|\n|t:|1783574335\n|move|p1a: Lanturn|Ice Beam|p2a: Scream Tail\n|-damage|p2a: Scream Tail|150/330 par\n|move|p2a: Scream Tail|Wish|p2a: Scream Tail\n|\n|-heal|p1a: Lanturn|72/100|[from] item: Leftovers\n|-heal|p2a: Scream Tail|170/330 par|[from] item: Leftovers\n|upkeep\n|turn|33\n|inactive|Time left: 300 sec this turn | 300 sec total\n|\n|t:|1783574336\n|move|p1a: Lanturn|Scald|p2a: Scream Tail\n|-damage|p2a: Scream Tail|109/330 par\n|move|p2a: Scream Tail|Dazzling Gleam|p1a: Lanturn\n|-crit|p1a: Lanturn\n|-damage|p1a: Lanturn|45/100\n|\n|-heal|p2a: Scream Tail|274/330 par|[from] move: Wish|[wisher] Scream Tail\n|-heal|p1a: Lanturn|51/100|[from] item: Leftovers\n|-heal|p2a: Scream Tail|294/330 par|[from] item: Leftovers\n|upkeep\n|turn|34\n|inactive|Time left: 300 sec this turn | 300 sec total\n|\n|t:|1783574337\n|move|p1a: Lanturn|Scald|p2a: Scream Tail\n|-damage|p2a: Scream Tail|224/330 par\n|move|p2a: Scream Tail|Dazzling Gleam|p1a: Lanturn\n|-damage|p1a: Lanturn|31/100\n|\n|-heal|p1a: Lanturn|37/100|[from] item: Leftovers\n|-heal|p2a: Scream Tail|244/330 par|[from] item: Leftovers\n|upkeep\n|turn|35\n|inactive|Time left: 300 sec this turn | 300 sec total\n|\n|t:|1783574338\n|move|p1a: Lanturn|Ice Beam|p2a: Scream Tail\n|-damage|p2a: Scream Tail|197/330 par\n|move|p2a: Scream Tail|Dazzling Gleam|p1a: Lanturn\n|-damage|p1a: Lanturn|18/100\n|\n|-heal|p1a: Lanturn|24/100|[from] item: Leftovers\n|-heal|p2a: Scream Tail|217/330 par|[from] item: Leftovers\n|upkeep\n|turn|36\n|inactive|Time left: 300 sec this turn | 300 sec total\n|\n|t:|1783574339\n|move|p1a: Lanturn|Ice Beam|p2a: Scream Tail\n|-damage|p2a: Scream Tail|165/330 par\n|move|p2a: Scream Tail|Dazzling Gleam|p1a: Lanturn\n|-damage|p1a: Lanturn|5/100\n|\n|-heal|p1a: Lanturn|11/100|[from] item: Leftovers\n|-heal|p2a: Scream Tail|185/330 par|[from] item: Leftovers\n|upkeep\n|turn|37\n|inactive|Time left: 300 sec this turn | 300 sec total\n|\n|t:|1783574341\n|move|p1a: Lanturn|Scald|p2a: Scream Tail\n|-damage|p2a: Scream Tail|122/330 par\n|cant|p2a: Scream Tail|par\n|\n|-heal|p1a: Lanturn|17/100|[from] item: Leftovers\n|-heal|p2a: Scream Tail|142/330 par|[from] item: Leftovers\n|upkeep\n|turn|38\n|inactive|Time left: 300 sec this turn | 300 sec total\n|\n|t:|1783574341\n|move|p1a: Lanturn|Scald|p2a: Scream Tail\n|-damage|p2a: Scream Tail|76/330 par\n|cant|p2a: Scream Tail|par\n|\n|-heal|p1a: Lanturn|23/100|[from] item: Leftovers\n|-heal|p2a: Scream Tail|96/330 par|[from] item: Leftovers\n|upkeep\n|turn|39\n|inactive|Time left: 300 sec this turn | 300 sec total\n|\n|t:|1783574343\n|move|p1a: Lanturn|Thunderbolt|p2a: Scream Tail\n|-damage|p2a: Scream Tail|18/330 par\n|move|p2a: Scream Tail|Wish|p2a: Scream Tail\n|\n|-heal|p1a: Lanturn|29/100|[from] item: Leftovers\n|-heal|p2a: Scream Tail|38/330 par|[from] item: Leftovers\n|upkeep\n|turn|40\n|inactive|Time left: 300 sec this turn | 300 sec total\n|\n|t:|1783574343\n|move|p2a: Scream Tail|Protect|p2a: Scream Tail\n|-singleturn|p2a: Scream Tail|Protect\n|move|p1a: Lanturn|Scald|p2a: Scream Tail\n|-activate|p2a: Scream Tail|move: Protect\n|\n|-heal|p2a: Scream Tail|203/330 par|[from] move: Wish|[wisher] Scream Tail\n|-heal|p1a: Lanturn|35/100|[from] item: Leftovers\n|-heal|p2a: Scream Tail|223/330 par|[from] item: Leftovers\n|upkeep\n|turn|41\n|inactive|Time left: 300 sec this turn | 300 sec total\n|\n|t:|1783574344\n|move|p1a: Lanturn|Ice Beam|p2a: Scream Tail\n|-damage|p2a: Scream Tail|171/330 par\n|move|p2a: Scream Tail|Dazzling Gleam|p1a: Lanturn\n|-damage|p1a: Lanturn|17/100\n|\n|-heal|p1a: Lanturn|23/100|[from] item: Leftovers\n|-heal|p2a: Scream Tail|191/330 par|[from] item: Leftovers\n|upkeep\n|turn|42\n|inactive|Time left: 300 sec this turn | 300 sec total\n|\n|t:|1783574346\n|move|p1a: Lanturn|Thunderbolt|p2a: Scream Tail\n|-damage|p2a: Scream Tail|121/330 par\n|cant|p2a: Scream Tail|par\n|\n|-heal|p1a: Lanturn|29/100|[from] item: Leftovers\n|-heal|p2a: Scream Tail|141/330 par|[from] item: Leftovers\n|upkeep\n|turn|43\n|inactive|Time left: 300 sec this turn | 300 sec total\n|\n|t:|1783574347\n|move|p1a: Lanturn|Ice Beam|p2a: Scream Tail\n|-damage|p2a: Scream Tail|90/330 par\n|cant|p2a: Scream Tail|par\n|\n|-heal|p1a: Lanturn|35/100|[from] item: Leftovers\n|-heal|p2a: Scream Tail|110/330 par|[from] item: Leftovers\n|upkeep\n|turn|44\n|inactive|Time left: 300 sec this turn | 300 sec total\n|\n|t:|1783574348\n|move|p1a: Lanturn|Scald|p2a: Scream Tail\n|-damage|p2a: Scream Tail|41/330 par\n|move|p2a: Scream Tail|Wish|p2a: Scream Tail\n|\n|-heal|p1a: Lanturn|41/100|[from] item: Leftovers\n|-heal|p2a: Scream Tail|61/330 par|[from] item: Leftovers\n|upkeep\n|turn|45\n|inactive|Time left: 300 sec this turn | 300 sec total\n|\n|t:|1783574349\n|cant|p2a: Scream Tail|par\n|move|p1a: Lanturn|Scald|p2a: Scream Tail\n|-damage|p2a: Scream Tail|0 fnt\n|faint|p2a: Scream Tail\n|-end|p2a: Scream Tail|Protosynthesis|[silent]\n|\n|-heal|p1a: Lanturn|47/100|[from] item: Leftovers\n|upkeep\n|inactive|Time left: 300 sec this turn | 300 sec total | 5 sec grace\n|\n|t:|1783574350\n|switch|p2a: Kricketune|Kricketune, L99, F|312/312\n|turn|46\n|inactive|Time left: 300 sec this turn | 300 sec total\n|\n|t:|1783574351\n|move|p2a: Kricketune|Sticky Web|p1a: Lanturn\n|-sidestart|p1: p0x2980d323|move: Sticky Web\n|move|p1a: Lanturn|Scald|p2a: Kricketune\n|-damage|p2a: Kricketune|213/312\n|\n|-heal|p1a: Lanturn|53/100|[from] item: Leftovers\n|upkeep\n|turn|47\n|inactive|Time left: 300 sec this turn | 300 sec total\n|\n|t:|1783574352\n|move|p2a: Kricketune|Pounce|p1a: Lanturn\n|-damage|p1a: Lanturn|21/100\n|-unboost|p1a: Lanturn|spe|1\n|move|p1a: Lanturn|Scald|p2a: Kricketune\n|-damage|p2a: Kricketune|111/312\n|\n|-heal|p1a: Lanturn|27/100|[from] item: Leftovers\n|upkeep\n|turn|48\n|inactive|Time left: 300 sec this turn | 300 sec total\n|\n|t:|1783574353\n|move|p2a: Kricketune|Knock Off|p1a: Lanturn\n|-damage|p1a: Lanturn|0 fnt\n|-enditem|p1a: Lanturn|Leftovers|[from] move: Knock Off|[of] p2a: Kricketune\n|faint|p1a: Lanturn\n|\n|upkeep\n|\n|t:|1783574354\n|switch|p1a: Delibird|Delibird, F|100/100\n|turn|49\n|inactive|Time left: 300 sec this turn | 300 sec total\n|\n|t:|1783574355\n|switch|p2a: Avalugg|Avalugg, L88, M|159/310\n|move|p1a: Delibird|Brave Bird|p2a: Avalugg\n|-damage|p2a: Avalugg|93/310\n|-damage|p1a: Delibird|92/100|[from] Recoil\n|\n|upkeep\n|turn|50\n|inactive|Time left: 300 sec this turn | 300 sec total\n|\n|t:|1783574356\n|move|p1a: Delibird|Rapid Spin|p2a: Avalugg\n|-damage|p2a: Avalugg|76/310\n|-boost|p1a: Delibird|spe|1\n|-sideend|p1: p0x2980d323|Sticky Web|[from] move: Rapid Spin|[of] p1a: Delibird\n|move|p2a: Avalugg|Avalanche|p1a: Delibird\n|-damage|p1a: Delibird|12/100\n|\n|upkeep\n|turn|51\n|inactive|Time left: 300 sec this turn | 300 sec total\n|\n|t:|1783574357\n|move|p1a: Delibird|Freeze-Dry|p2a: Avalugg\n|-resisted|p2a: Avalugg\n|-damage|p2a: Avalugg|19/310\n|move|p2a: Avalugg|Recover|p2a: Avalugg\n|-heal|p2a: Avalugg|174/310\n|\n|upkeep\n|turn|52\n|inactive|Time left: 300 sec this turn | 300 sec total\n|\n|t:|1783574358\n|move|p1a: Delibird|Brave Bird|p2a: Avalugg\n|-damage|p2a: Avalugg|107/310\n|-damage|p1a: Delibird|3/100|[from] Recoil\n|move|p2a: Avalugg|Avalanche|p1a: Delibird\n|-damage|p1a: Delibird|0 fnt\n|faint|p1a: Delibird\n|\n|upkeep\n|\n|t:|1783574359\n|switch|p1a: Smeargle|Smeargle, L95, F|29/100\n|turn|53\n|inactive|Time left: 300 sec this turn | 300 sec total\n|\n|t:|1783574360\n|move|p1a: Smeargle|Spore|p2a: Avalugg\n|-status|p2a: Avalugg|slp|[from] move: Spore\n|cant|p2a: Avalugg|slp\n|\n|upkeep\n|turn|54\n|inactive|Time left: 300 sec this turn | 300 sec total\n|\n|t:|1783574361\n|move|p1a: Smeargle|Sticky Web|p2a: Avalugg\n|-sidestart|p2: p0y298029d2|move: Sticky Web\n|cant|p2a: Avalugg|slp\n|\n|upkeep\n|turn|55\n|inactive|Time left: 300 sec this turn | 300 sec total\n|\n|t:|1783574362\n|switch|p1a: Calyrex|Calyrex, L93|60/100\n|-ability|p1a: Calyrex|Unnerve\n|cant|p2a: Avalugg|slp\n|\n|-heal|p1a: Calyrex|67/100|[from] item: Leftovers\n|upkeep\n|turn|56\n|inactive|Time left: 300 sec this turn | 300 sec total\n|\n|t:|1783574363\n|switch|p2a: Vileplume|Vileplume, L85, M|266/266\n|-activate|p2a: Vileplume|move: Sticky Web\n|-unboost|p2a: Vileplume|spe|1\n|move|p1a: Calyrex|Leech Seed|p2a: Vileplume\n|-immune|p2a: Vileplume\n|\n|-heal|p1a: Calyrex|73/100|[from] item: Leftovers\n|upkeep\n|turn|57\n|inactive|Time left: 300 sec this turn | 300 sec total\n|\n|t:|1783574363\n|move|p1a: Calyrex|Psyshock|p2a: Vileplume\n|-supereffective|p2a: Vileplume\n|-damage|p2a: Vileplume|96/266\n|move|p2a: Vileplume|Sludge Bomb|p1a: Calyrex\n|-supereffective|p1a: Calyrex\n|-damage|p1a: Calyrex|5/100\n|\n|-heal|p1a: Calyrex|11/100|[from] item: Leftovers\n|-heal|p2a: Vileplume|112/266|[from] item: Leftovers\n|upkeep\n|turn|58\n|inactive|Time left: 300 sec this turn | 300 sec total\n|\n|t:|1783574364\n|move|p1a: Calyrex|Psyshock|p2a: Vileplume\n|-supereffective|p2a: Vileplume\n|-damage|p2a: Vileplume|0 fnt\n|faint|p2a: Vileplume\n|\n|-heal|p1a: Calyrex|17/100|[from] item: Leftovers\n|upkeep\n|inactive|Time left: 300 sec this turn | 300 sec total | 5 sec grace\n|\n|t:|1783574365\n|switch|p2a: Sneasler|Sneasler, L74, F|240/240\n|-activate|p2a: Sneasler|move: Sticky Web\n|-unboost|p2a: Sneasler|spe|1\n|-enditem|p2a: Sneasler|White Herb\n|-clearnegativeboost|p2a: Sneasler|[silent]\n|turn|59\n|inactive|Time left: 300 sec this turn | 300 sec total\n|\n|t:|1783574366\n|-terastallize|p2a: Sneasler|Flying\n|move|p2a: Sneasler|Acrobatics|p1a: Calyrex\n|-supereffective|p1a: Calyrex\n|-damage|p1a: Calyrex|0 fnt\n|faint|p1a: Calyrex\n|\n|upkeep\n|\n|t:|1783574367\n|switch|p1a: Regidrago|Regidrago, L77|100/100\n|turn|60\n|inactive|Time left: 300 sec this turn | 300 sec total\n|\n|t:|1783574368\n|move|p2a: Sneasler|Dire Claw|p1a: Regidrago\n|-damage|p1a: Regidrago|69/100\n|-status|p1a: Regidrago|psn\n|move|p1a: Regidrago|Dragon Claw|p2a: Sneasler\n|-crit|p2a: Sneasler\n|-damage|p2a: Sneasler|0 fnt\n|faint|p2a: Sneasler\n|-damage|p1a: Regidrago|59/100 psn|[from] item: Life Orb\n|\n|-damage|p1a: Regidrago|46/100 psn|[from] psn\n|upkeep\n|inactive|Time left: 300 sec this turn | 300 sec total | 5 sec grace\n|\n|t:|1783574368\n|switch|p2a: Avalugg|Avalugg, L88, M|107/310 slp\n|turn|61\n|inactive|Time left: 300 sec this turn | 300 sec total\n|\n|t:|1783574369\n|-terastallize|p1a: Regidrago|Steel\n|move|p1a: Regidrago|Tera Blast|p2a: Avalugg|[anim] Tera Blast Steel\n|-supereffective|p2a: Avalugg\n|-damage|p2a: Avalugg|0 fnt\n|faint|p2a: Avalugg\n|-damage|p1a: Regidrago|37/100 psn|[from] item: Life Orb\n|\n|-damage|p1a: Regidrago|24/100 psn|[from] psn\n|upkeep\n|inactive|Time left: 300 sec this turn | 300 sec total | 5 sec grace\n|\n|t:|1783574370\n|switch|p2a: Kricketune|Kricketune, L99, F|111/312\n|turn|62\n|inactive|Time left: 300 sec this turn | 300 sec total\n|\n|t:|1783574371\n|move|p2a: Kricketune|Knock Off|p1a: Regidrago\n|-damage|p1a: Regidrago|0 fnt\n|-enditem|p1a: Regidrago|Life Orb|[from] move: Knock Off|[of] p2a: Kricketune\n|faint|p1a: Regidrago\n|\n|upkeep\n|\n|t:|1783574372\n|switch|p1a: Smeargle|Smeargle, L95, F|29/100\n|turn|63\n|inactive|Time left: 300 sec this turn | 300 sec total\n|\n|t:|1783574373\n|move|p1a: Smeargle|Spore|p2a: Kricketune\n|-status|p2a: Kricketune|slp|[from] move: Spore\n|cant|p2a: Kricketune|slp\n|\n|upkeep\n|turn|64\n|inactive|Time left: 300 sec this turn | 300 sec total\n|\n|t:|1783574374\n|switch|p2a: Garchomp|Garchomp, L74, F|169/282\n|-activate|p2a: Garchomp|move: Sticky Web\n|-unboost|p2a: Garchomp|spe|1\n|move|p1a: Smeargle|Whirlwind|p2a: Garchomp\n|drag|p2a: Kricketune|Kricketune, L99, F|111/312 slp\n|\n|upkeep\n|turn|65\n|inactive|Time left: 300 sec this turn | 300 sec total\n|\n|t:|1783574375\n|move|p1a: Smeargle|Sticky Web||[still]\n|-fail|p1a: Smeargle\n|-curestatus|p2a: Kricketune|slp|[msg]\n|move|p2a: Kricketune|Pounce|p1a: Smeargle\n|-damage|p1a: Smeargle|0 fnt\n|faint|p1a: Smeargle\n|\n|win|p0y298029d2", "uploadtime": 1783574375, "views": 0, "rating": 0, "private": 0, "password": null, "_winner": "p0y298029d2", "_our_name": "p0y298029d2"}