{"id": "battle-gen9randombattle-1767", "formatid": "gen9randombattle", "format": "[Gen 9] Random Battle", "players": ["p0x1767b945", "p0y1767bd58"], "log": "|init|battle\n|title|p0x1767b945 vs. p0y1767bd58\n|j|\u2606p0x1767b945\n|j|\u2606p0y1767bd58\n|t:|1783560447\n|gametype|singles\n|player|p1|p0x1767b945|2|\n|player|p2|p0y1767bd58|101|\n|gen|9\n|tier|[Gen 9] Random Battle\n|rule|Species Clause: Limit one of each Pok\u00e9mon\n|rule|HP Percentage Mod: HP is shown in percentages\n|rule|Sleep Clause Mod: Limit one foe put to sleep\n|rule|Illusion Level Mod: Illusion disguises the Pok\u00e9mon's true level\n|\n|t:|1783560447\n|teamsize|p1|6\n|teamsize|p2|6\n|start\n|switch|p1a: Greedent|Greedent, L86, F|100/100\n|switch|p2a: Keldeo|Keldeo-Resolute, L79|273/273\n|turn|1\n|inactive|Battle timer is ON: inactive players will automatically lose when time's up. (requested by p0x1767b945)\n|inactive|Time left: 300 sec this turn | 300 sec total | 60 sec grace\n|inactive|p0y1767bd58 also wants the timer to be on.\n|\n|t:|1783560448\n|move|p2a: Keldeo|Surf|p1a: Greedent\n|-damage|p1a: Greedent|64/100\n|move|p1a: Greedent|Swords Dance|p1a: Greedent\n|-boost|p1a: Greedent|atk|2\n|\n|upkeep\n|turn|2\n|inactive|Time left: 300 sec this turn | 300 sec total\n|\n|t:|1783560449\n|move|p2a: Keldeo|Secret Sword|p1a: Greedent\n|-supereffective|p1a: Greedent\n|-damage|p1a: Greedent|11/100\n|-enditem|p1a: Greedent|Sitrus Berry|[eat]\n|-heal|p1a: Greedent|35/100|[from] item: Sitrus Berry\n|-heal|p1a: Greedent|69/100|[from] ability: Cheek Pouch\n|move|p1a: Greedent|Double-Edge|p2a: Keldeo\n|-damage|p2a: Keldeo|0 fnt\n|faint|p2a: Keldeo\n|-damage|p1a: Greedent|43/100|[from] Recoil\n|\n|upkeep\n|inactive|Time left: 300 sec this turn | 300 sec total | 5 sec grace\n|\n|t:|1783560450\n|switch|p2a: Archaludon|Archaludon, L78, F|268/268\n|turn|3\n|inactive|Time left: 300 sec this turn | 300 sec total\n|\n|t:|1783560451\n|-terastallize|p1a: Greedent|Ground\n|move|p2a: Archaludon|Draco Meteor|p1a: Greedent\n|-damage|p1a: Greedent|0 fnt\n|-unboost|p2a: Archaludon|spa|2\n|faint|p1a: Greedent\n|\n|upkeep\n|\n|t:|1783560451\n|switch|p1a: Medicham|Medicham, L86, F|100/100\n|turn|4\n|inactive|Time left: 300 sec this turn | 300 sec total\n|\n|t:|1783560452\n|switch|p2a: Oricorio|Oricorio-Pa'u, L87, M|272/272\n|move|p1a: Medicham|Close Combat|p2a: Oricorio\n|-resisted|p2a: Oricorio\n|-damage|p2a: Oricorio|194/272\n|-unboost|p1a: Medicham|def|1\n|-unboost|p1a: Medicham|spd|1\n|\n|upkeep\n|turn|5\n|inactive|Time left: 300 sec this turn | 300 sec total\n|\n|t:|1783560453\n|switch|p1a: Krookodile|Krookodile, L79, F|100/100\n|-ability|p1a: Krookodile|Intimidate|boost\n|-unboost|p2a: Oricorio|atk|1\n|move|p2a: Oricorio|Quiver Dance|p2a: Oricorio\n|-boost|p2a: Oricorio|spa|1\n|-boost|p2a: Oricorio|spd|1\n|-boost|p2a: Oricorio|spe|1\n|\n|upkeep\n|turn|6\n|inactive|Time left: 300 sec this turn | 300 sec total\n|\n|t:|1783560454\n|move|p2a: Oricorio|Hurricane|p1a: Krookodile\n|-damage|p1a: Krookodile|12/100\n|move|p1a: Krookodile|Knock Off|p2a: Oricorio\n|-supereffective|p2a: Oricorio\n|-damage|p2a: Oricorio|0 fnt\n|-enditem|p2a: Oricorio|Heavy-Duty Boots|[from] move: Knock Off|[of] p1a: Krookodile\n|faint|p2a: Oricorio\n|\n|-heal|p1a: Krookodile|18/100|[from] item: Leftovers\n|upkeep\n|inactive|Time left: 300 sec this turn | 300 sec total | 5 sec grace\n|\n|t:|1783560455\n|switch|p2a: Dewgong|Dewgong, L94, F|322/322\n|turn|7\n|inactive|Time left: 300 sec this turn | 300 sec total\n|\n|t:|1783560455\n|move|p1a: Krookodile|Knock Off|p2a: Dewgong\n|-damage|p2a: Dewgong|211/322\n|-enditem|p2a: Dewgong|Heavy-Duty Boots|[from] move: Knock Off|[of] p1a: Krookodile\n|move|p2a: Dewgong|Flip Turn|p1a: Krookodile\n|-supereffective|p1a: Krookodile\n|-damage|p1a: Krookodile|0 fnt\n|faint|p1a: Krookodile\n|inactive|Time left: 300 sec this turn | 300 sec total | 5 sec grace\n|\n|t:|1783560456\n|switch|p2a: Gouging Fire|Gouging Fire, L74|277/277|[from] Flip Turn\n|\n|upkeep\n|\n|t:|1783560457\n|switch|p1a: Gumshoos|Gumshoos, L95, M|100/100\n|turn|8\n|inactive|Time left: 300 sec this turn | 300 sec total\n|\n|t:|1783560458\n|move|p2a: Gouging Fire|Heat Crash|p1a: Gumshoos\n|-damage|p1a: Gumshoos|57/100\n|move|p1a: Gumshoos|Earthquake|p2a: Gouging Fire\n|-supereffective|p2a: Gouging Fire\n|-damage|p2a: Gouging Fire|0 fnt\n|faint|p2a: Gouging Fire\n|-end|p2a: Gouging Fire|Protosynthesis|[silent]\n|\n|upkeep\n|inactive|Time left: 300 sec this turn | 300 sec total | 5 sec grace\n|\n|t:|1783560459\n|switch|p2a: Oinkologne|Oinkologne, L92, M|352/352\n|turn|9\n|inactive|Time left: 300 sec this turn | 300 sec total\n|\n|t:|1783560460\n|switch|p1a: Gliscor|Gliscor, L76, F|100/100\n|move|p2a: Oinkologne|Double-Edge|p1a: Gliscor\n|-damage|p1a: Gliscor|45/100\n|-damage|p2a: Oinkologne|308/352|[from] Recoil\n|\n|-heal|p2a: Oinkologne|330/352|[from] item: Leftovers\n|-status|p1a: Gliscor|tox|[from] item: Toxic Orb\n|upkeep\n|turn|10\n|inactive|Time left: 300 sec this turn | 300 sec total\n|\n|t:|1783560461\n|move|p1a: Gliscor|Protect|p1a: Gliscor\n|-singleturn|p1a: Gliscor|Protect\n|move|p2a: Oinkologne|Double-Edge|p1a: Gliscor\n|-activate|p1a: Gliscor|move: Protect\n|\n|-heal|p2a: Oinkologne|352/352|[from] item: Leftovers\n|-heal|p1a: Gliscor|57/100 tox|[from] ability: Poison Heal\n|upkeep\n|turn|11\n|inactive|Time left: 300 sec this turn | 300 sec total\n|\n|t:|1783560461\n|move|p1a: Gliscor|Toxic|p2a: Oinkologne\n|-status|p2a: Oinkologne|tox\n|move|p2a: Oinkologne|Double-Edge|p1a: Gliscor\n|-damage|p1a: Gliscor|0 fnt\n|faint|p1a: Gliscor\n|-damage|p2a: Oinkologne|307/352 tox|[from] Recoil\n|\n|-heal|p2a: Oinkologne|329/352 tox|[from] item: Leftovers\n|-damage|p2a: Oinkologne|307/352 tox|[from] psn\n|upkeep\n|\n|t:|1783560462\n|switch|p1a: Medicham|Medicham, L86, F|100/100\n|turn|12\n|inactive|Time left: 300 sec this turn | 300 sec total\n|\n|t:|1783560463\n|-terastallize|p2a: Oinkologne|Ground\n|move|p1a: Medicham|Close Combat|p2a: Oinkologne\n|-damage|p2a: Oinkologne|28/352 tox\n|-unboost|p1a: Medicham|def|1\n|-unboost|p1a: Medicham|spd|1\n|move|p2a: Oinkologne|Double-Edge|p1a: Medicham\n|-damage|p1a: Medicham|0 fnt\n|faint|p1a: Medicham\n|-damage|p2a: Oinkologne|0 fnt|[from] Recoil\n|faint|p2a: Oinkologne\n|\n|upkeep\n|inactive|Time left: 300 sec this turn | 300 sec total | 5 sec grace\n|\n|t:|1783560464\n|switch|p1a: Gumshoos|Gumshoos, L95, M|57/100\n|switch|p2a: Dewgong|Dewgong, L94, F|211/322\n|turn|13\n|inactive|Time left: 300 sec this turn | 300 sec total\n|\n|t:|1783560465\n|move|p2a: Dewgong|Ice Beam|p1a: Gumshoos\n|-damage|p1a: Gumshoos|25/100\n|move|p1a: Gumshoos|Double-Edge|p2a: Dewgong\n|-damage|p2a: Dewgong|0 fnt\n|faint|p2a: Dewgong\n|-damage|p1a: Gumshoos|3/100|[from] Recoil\n|\n|upkeep\n|inactive|Time left: 300 sec this turn | 300 sec total | 5 sec grace\n|\n|t:|1783560466\n|switch|p2a: Archaludon|Archaludon, L78, F|268/268\n|turn|14\n|inactive|Time left: 300 sec this turn | 300 sec total\n|\n|t:|1783560467\n|switch|p1a: Ho-Oh|Ho-Oh, L71|100/100\n|move|p2a: Archaludon|Body Press|p1a: Ho-Oh\n|-resisted|p1a: Ho-Oh\n|-damage|p1a: Ho-Oh|88/100\n|\n|upkeep\n|turn|15\n|inactive|Time left: 300 sec this turn | 300 sec total\n|\n|t:|1783560468\n|move|p1a: Ho-Oh|Recover|p1a: Ho-Oh\n|-heal|p1a: Ho-Oh|100/100\n|move|p2a: Archaludon|Dragon Tail|p1a: Ho-Oh\n|-damage|p1a: Ho-Oh|74/100\n|drag|p1a: Gumshoos|Gumshoos, L95, M|3/100\n|\n|upkeep\n|turn|16\n|inactive|Time left: 300 sec this turn | 300 sec total\n|\n|t:|1783560469\n|switch|p1a: Ho-Oh|Ho-Oh, L71|100/100\n|move|p2a: Archaludon|Body Press|p1a: Ho-Oh\n|-resisted|p1a: Ho-Oh\n|-damage|p1a: Ho-Oh|87/100\n|\n|upkeep\n|turn|17\n|inactive|Time left: 300 sec this turn | 300 sec total\n|\n|t:|1783560470\n|move|p1a: Ho-Oh|Sacred Fire|p2a: Archaludon\n|-damage|p2a: Archaludon|189/268\n|-status|p2a: Archaludon|brn\n|-ability|p2a: Archaludon|Stamina|boost\n|-boost|p2a: Archaludon|def|1\n|move|p2a: Archaludon|Dragon Tail|p1a: Ho-Oh\n|-damage|p1a: Ho-Oh|74/100\n|drag|p1a: Gumshoos|Gumshoos, L95, M|3/100\n|\n|-damage|p2a: Archaludon|173/268 brn|[from] brn\n|upkeep\n|turn|18\n|inactive|Time left: 300 sec this turn | 300 sec total\n|\n|t:|1783560471\n|move|p2a: Archaludon|Body Press|p1a: Gumshoos\n|-supereffective|p1a: Gumshoos\n|-damage|p1a: Gumshoos|0 fnt\n|faint|p1a: Gumshoos\n|\n|-damage|p2a: Archaludon|157/268 brn|[from] brn\n|upkeep\n|\n|t:|1783560471\n|switch|p1a: Ho-Oh|Ho-Oh, L71|100/100\n|turn|19\n|inactive|Time left: 300 sec this turn | 300 sec total\n|\n|t:|1783560472\n|move|p2a: Archaludon|Draco Meteor|p1a: Ho-Oh\n|-damage|p1a: Ho-Oh|59/100\n|-unboost|p2a: Archaludon|spa|2\n|move|p1a: Ho-Oh|Earthquake|p2a: Archaludon\n|-supereffective|p2a: Archaludon\n|-damage|p2a: Archaludon|93/268 brn\n|-ability|p2a: Archaludon|Stamina|boost\n|-boost|p2a: Archaludon|def|1\n|\n|-damage|p2a: Archaludon|77/268 brn|[from] brn\n|upkeep\n|turn|20\n|inactive|Time left: 300 sec this turn | 300 sec total\n|\n|t:|1783560473\n|move|p2a: Archaludon|Draco Meteor|p1a: Ho-Oh\n|-damage|p1a: Ho-Oh|39/100\n|-unboost|p2a: Archaludon|spa|2\n|move|p1a: Ho-Oh|Earthquake|p2a: Archaludon\n|-supereffective|p2a: Archaludon\n|-damage|p2a: Archaludon|19/268 brn\n|-ability|p2a: Archaludon|Stamina|boost\n|-boost|p2a: Archaludon|def|1\n|\n|-damage|p2a: Archaludon|3/268 brn|[from] brn\n|upkeep\n|turn|21\n|inactive|Time left: 300 sec this turn | 300 sec total\n|\n|t:|1783560474\n|move|p2a: Archaludon|Body Press|p1a: Ho-Oh\n|-resisted|p1a: Ho-Oh\n|-damage|p1a: Ho-Oh|21/100\n|move|p1a: Ho-Oh|Recover|p1a: Ho-Oh\n|-heal|p1a: Ho-Oh|71/100\n|\n|-damage|p2a: Archaludon|0 fnt|[from] brn\n|faint|p2a: Archaludon\n|\n|win|p0x1767b945", "uploadtime": 1783560474, "views": 0, "rating": 0, "private": 0, "password": null, "_winner": "p0x1767b945", "_our_name": "p0y1767bd58"}