{"id": "battle-gen9randombattle-2742", "formatid": "gen9randombattle", "format": "[Gen 9] Random Battle", "players": ["p0x2742e605", "p0y2742f934"], "log": "|init|battle\n|title|p0x2742e605 vs. p0y2742f934\n|j|\u2606p0x2742e605\n|j|\u2606p0y2742f934\n|t:|1783571599\n|gametype|singles\n|player|p1|p0x2742e605|170|\n|player|p2|p0y2742f934|265|\n|gen|9\n|tier|[Gen 9] Random Battle\n|rule|Species Clause: Limit one of each Pok\u00e9mon\n|rule|HP Percentage Mod: HP is shown in percentages\n|rule|Sleep Clause Mod: Limit one foe put to sleep\n|rule|Illusion Level Mod: Illusion disguises the Pok\u00e9mon's true level\n|\n|t:|1783571599\n|teamsize|p1|6\n|teamsize|p2|6\n|start\n|switch|p1a: Lokix|Lokix, L82, F|100/100\n|switch|p2a: Volcarona|Volcarona, L77, F|257/257\n|turn|1\n|inactive|Battle timer is ON: inactive players will automatically lose when time's up. (requested by p0x2742e605)\n|inactive|Time left: 300 sec this turn | 300 sec total | 60 sec grace\n|inactive|p0y2742f934 also wants the timer to be on.\n|\n|t:|1783571601\n|switch|p1a: Hippowdon|Hippowdon, L82, M|100/100\n|-weather|Sandstorm|[from] ability: Sand Stream|[of] p1a: Hippowdon\n|move|p2a: Volcarona|Fire Blast|p1a: Hippowdon|[miss]\n|-miss|p2a: Volcarona|p1a: Hippowdon\n|\n|-weather|Sandstorm|[upkeep]\n|-damage|p2a: Volcarona|241/257|[from] Sandstorm\n|upkeep\n|turn|2\n|inactive|Time left: 300 sec this turn | 300 sec total\n|\n|t:|1783571602\n|switch|p2a: Clawitzer|Clawitzer, L87, F|265/265\n|move|p1a: Hippowdon|Stone Edge|p2a: Clawitzer\n|-damage|p2a: Clawitzer|189/265\n|\n|-weather|Sandstorm|[upkeep]\n|-damage|p2a: Clawitzer|173/265|[from] Sandstorm\n|upkeep\n|turn|3\n|inactive|Time left: 300 sec this turn | 300 sec total\n|\n|t:|1783571603\n|switch|p1a: Amoonguss|Amoonguss, L82, M|100/100\n|move|p2a: Clawitzer|Water Pulse|p1a: Amoonguss\n|-resisted|p1a: Amoonguss\n|-damage|p1a: Amoonguss|69/100\n|\n|-weather|Sandstorm|[upkeep]\n|-damage|p2a: Clawitzer|157/265|[from] Sandstorm\n|-damage|p1a: Amoonguss|62/100|[from] Sandstorm\n|upkeep\n|turn|4\n|inactive|Time left: 300 sec this turn | 300 sec total\n|\n|t:|1783571604\n|move|p2a: Clawitzer|Water Pulse|p1a: Amoonguss\n|-resisted|p1a: Amoonguss\n|-damage|p1a: Amoonguss|34/100\n|-start|p1a: Amoonguss|confusion\n|-activate|p1a: Amoonguss|confusion\n|-damage|p1a: Amoonguss|27/100|[from] confusion\n|\n|-weather|Sandstorm|[upkeep]\n|-damage|p2a: Clawitzer|141/265|[from] Sandstorm\n|-damage|p1a: Amoonguss|21/100|[from] Sandstorm\n|upkeep\n|turn|5\n|inactive|Time left: 300 sec this turn | 300 sec total\n|\n|t:|1783571606\n|switch|p1a: Girafarig|Girafarig, L89, F|100/100\n|move|p2a: Clawitzer|Water Pulse|p1a: Girafarig\n|-damage|p1a: Girafarig|50/100\n|-start|p1a: Girafarig|confusion\n|\n|-weather|none\n|upkeep\n|turn|6\n|inactive|Time left: 300 sec this turn | 300 sec total\n|\n|t:|1783571607\n|switch|p1a: Amoonguss|Amoonguss, L82, M|54/100\n|move|p2a: Clawitzer|Water Pulse|p1a: Amoonguss\n|-resisted|p1a: Amoonguss\n|-damage|p1a: Amoonguss|26/100\n|\n|upkeep\n|turn|7\n|inactive|Time left: 300 sec this turn | 300 sec total\n|\n|t:|1783571608\n|switch|p1a: Girafarig|Girafarig, L89, F|50/100\n|move|p2a: Clawitzer|Water Pulse|p1a: Girafarig\n|-damage|p1a: Girafarig|0 fnt\n|faint|p1a: Girafarig\n|\n|upkeep\n|\n|t:|1783571608\n|switch|p1a: Amoonguss|Amoonguss, L82, M|59/100\n|turn|8\n|inactive|Time left: 300 sec this turn | 300 sec total\n|\n|t:|1783571609\n|move|p2a: Clawitzer|Water Pulse|p1a: Amoonguss\n|-resisted|p1a: Amoonguss\n|-damage|p1a: Amoonguss|27/100\n|move|p1a: Amoonguss|Giga Drain|p2a: Clawitzer\n|-supereffective|p2a: Clawitzer\n|-damage|p2a: Clawitzer|9/265\n|-heal|p1a: Amoonguss|47/100|[from] drain|[of] p2a: Clawitzer\n|\n|upkeep\n|turn|9\n|inactive|Time left: 300 sec this turn | 300 sec total\n|\n|t:|1783571610\n|move|p2a: Clawitzer|Water Pulse|p1a: Amoonguss\n|-resisted|p1a: Amoonguss\n|-damage|p1a: Amoonguss|15/100\n|move|p1a: Amoonguss|Giga Drain|p2a: Clawitzer\n|-supereffective|p2a: Clawitzer\n|-damage|p2a: Clawitzer|0 fnt\n|-heal|p1a: Amoonguss|17/100|[from] drain|[of] p2a: Clawitzer\n|faint|p2a: Clawitzer\n|\n|upkeep\n|inactive|Time left: 300 sec this turn | 300 sec total | 5 sec grace\n|\n|t:|1783571612\n|switch|p2a: Swalot|Swalot, L90, F|326/326\n|turn|10\n|inactive|Time left: 300 sec this turn | 300 sec total\n|\n|t:|1783571613\n|switch|p1a: Hippowdon|Hippowdon, L82, M|100/100\n|-weather|Sandstorm|[from] ability: Sand Stream|[of] p1a: Hippowdon\n|move|p2a: Swalot|Swords Dance|p2a: Swalot\n|-boost|p2a: Swalot|atk|2\n|\n|-weather|Sandstorm|[upkeep]\n|-damage|p2a: Swalot|306/326|[from] Sandstorm\n|-heal|p2a: Swalot|326/326|[from] item: Leftovers\n|upkeep\n|turn|11\n|inactive|Time left: 300 sec this turn | 300 sec total\n|\n|t:|1783571614\n|-terastallize|p2a: Swalot|Ground\n|move|p2a: Swalot|Earthquake|p1a: Hippowdon\n|-damage|p1a: Hippowdon|48/100\n|move|p1a: Hippowdon|Earthquake|p2a: Swalot\n|-damage|p2a: Swalot|223/326\n|\n|-weather|Sandstorm|[upkeep]\n|-heal|p2a: Swalot|243/326|[from] item: Leftovers\n|-heal|p1a: Hippowdon|55/100|[from] item: Leftovers\n|upkeep\n|turn|12\n|inactive|Time left: 300 sec this turn | 300 sec total\n|\n|t:|1783571615\n|move|p2a: Swalot|Earthquake|p1a: Hippowdon\n|-damage|p1a: Hippowdon|0 fnt\n|faint|p1a: Hippowdon\n|\n|-weather|Sandstorm|[upkeep]\n|-heal|p2a: Swalot|263/326|[from] item: Leftovers\n|upkeep\n|\n|t:|1783571616\n|switch|p1a: Lokix|Lokix, L82, F|100/100\n|turn|13\n|inactive|Time left: 300 sec this turn | 300 sec total\n|\n|t:|1783571617\n|move|p1a: Lokix|Knock Off|p2a: Swalot\n|-damage|p2a: Swalot|129/326\n|-enditem|p2a: Swalot|Leftovers|[from] move: Knock Off|[of] p1a: Lokix\n|-damage|p1a: Lokix|91/100|[from] item: Life Orb\n|move|p2a: Swalot|Gunk Shot|p1a: Lokix|[miss]\n|-miss|p2a: Swalot|p1a: Lokix\n|\n|-weather|Sandstorm|[upkeep]\n|-damage|p1a: Lokix|85/100|[from] Sandstorm\n|upkeep\n|turn|14\n|inactive|Time left: 300 sec this turn | 300 sec total\n|\n|t:|1783571618\n|-terastallize|p1a: Lokix|Bug\n|move|p1a: Lokix|Leech Life|p2a: Swalot\n|-damage|p2a: Swalot|0 fnt\n|-damage|p1a: Lokix|59/100|[from] ability: Liquid Ooze|[of] p2a: Swalot\n|faint|p2a: Swalot\n|-damage|p1a: Lokix|49/100|[from] item: Life Orb\n|\n|-weather|none\n|upkeep\n|inactive|Time left: 300 sec this turn | 300 sec total | 5 sec grace\n|\n|t:|1783571619\n|switch|p2a: Eternatus|Eternatus, L69|308/308\n|-ability|p2a: Eternatus|Pressure\n|turn|15\n|inactive|Time left: 300 sec this turn | 300 sec total\n|\n|t:|1783571620\n|switch|p1a: Salazzle|Salazzle, L83, F|100/100\n|move|p2a: Eternatus|Flamethrower|p1a: Salazzle\n|-resisted|p1a: Salazzle\n|-damage|p1a: Salazzle|84/100\n|\n|-heal|p1a: Salazzle|90/100|[from] item: Leftovers\n|upkeep\n|turn|16\n|inactive|Time left: 300 sec this turn | 300 sec total\n|\n|t:|1783571621\n|move|p1a: Salazzle|Toxic|p2a: Eternatus\n|-status|p2a: Eternatus|tox\n|move|p2a: Eternatus|Dynamax Cannon|p1a: Salazzle\n|-damage|p1a: Salazzle|40/100\n|\n|-heal|p1a: Salazzle|46/100|[from] item: Leftovers\n|-damage|p2a: Eternatus|289/308 tox|[from] psn\n|upkeep\n|turn|17\n|inactive|Time left: 300 sec this turn | 300 sec total\n|\n|t:|1783571622\n|move|p1a: Salazzle|Protect|p1a: Salazzle\n|-singleturn|p1a: Salazzle|Protect\n|move|p2a: Eternatus|Dynamax Cannon|p1a: Salazzle\n|-activate|p1a: Salazzle|move: Protect\n|\n|-heal|p1a: Salazzle|52/100|[from] item: Leftovers\n|-damage|p2a: Eternatus|251/308 tox|[from] psn\n|upkeep\n|turn|18\n|inactive|Time left: 300 sec this turn | 300 sec total\n|\n|t:|1783571623\n|move|p1a: Salazzle|Substitute|p1a: Salazzle\n|-start|p1a: Salazzle|Substitute\n|-damage|p1a: Salazzle|27/100\n|move|p2a: Eternatus|Dynamax Cannon|p1a: Salazzle\n|-end|p1a: Salazzle|Substitute\n|\n|-heal|p1a: Salazzle|33/100|[from] item: Leftovers\n|-damage|p2a: Eternatus|194/308 tox|[from] psn\n|upkeep\n|turn|19\n|inactive|Time left: 300 sec this turn | 300 sec total\n|\n|t:|1783571623\n|move|p1a: Salazzle|Protect|p1a: Salazzle\n|-singleturn|p1a: Salazzle|Protect\n|move|p2a: Eternatus|Dynamax Cannon|p1a: Salazzle\n|-activate|p1a: Salazzle|move: Protect\n|\n|-heal|p1a: Salazzle|39/100|[from] item: Leftovers\n|-damage|p2a: Eternatus|118/308 tox|[from] psn\n|upkeep\n|turn|20\n|inactive|Time left: 300 sec this turn | 300 sec total\n|\n|t:|1783571624\n|move|p1a: Salazzle|Substitute|p1a: Salazzle\n|-start|p1a: Salazzle|Substitute\n|-damage|p1a: Salazzle|14/100\n|move|p2a: Eternatus|Dynamax Cannon|p1a: Salazzle\n|-end|p1a: Salazzle|Substitute\n|\n|-heal|p1a: Salazzle|20/100|[from] item: Leftovers\n|-damage|p2a: Eternatus|23/308 tox|[from] psn\n|upkeep\n|turn|21\n|inactive|Time left: 300 sec this turn | 300 sec total\n|\n|t:|1783571625\n|move|p1a: Salazzle|Flamethrower|p2a: Eternatus\n|-resisted|p2a: Eternatus\n|-damage|p2a: Eternatus|0 fnt\n|faint|p2a: Eternatus\n|\n|-heal|p1a: Salazzle|26/100|[from] item: Leftovers\n|upkeep\n|inactive|Time left: 300 sec this turn | 300 sec total | 5 sec grace\n|\n|t:|1783571626\n|switch|p2a: Ursaring|Ursaring, L84, F|288/288\n|turn|22\n|inactive|Time left: 300 sec this turn | 300 sec total\n|\n|t:|1783571627\n|move|p1a: Salazzle|Flamethrower|p2a: Ursaring\n|-damage|p2a: Ursaring|204/288\n|move|p2a: Ursaring|Body Slam|p1a: Salazzle\n|-damage|p1a: Salazzle|0 fnt\n|faint|p1a: Salazzle\n|\n|upkeep\n|\n|t:|1783571628\n|switch|p1a: Amoonguss|Amoonguss, L82, M|50/100\n|turn|23\n|inactive|Time left: 300 sec this turn | 300 sec total\n|\n|t:|1783571629\n|move|p2a: Ursaring|Body Slam|p1a: Amoonguss\n|-damage|p1a: Amoonguss|8/100\n|-status|p1a: Amoonguss|par\n|-damage|p2a: Ursaring|156/288|[from] item: Rocky Helmet|[of] p1a: Amoonguss\n|move|p1a: Amoonguss|Spore|p2a: Ursaring\n|-status|p2a: Ursaring|slp|[from] move: Spore\n|\n|upkeep\n|turn|24\n|inactive|Time left: 300 sec this turn | 300 sec total\n|\n|t:|1783571630\n|cant|p2a: Ursaring|slp\n|move|p2a: Ursaring|Sleep Talk|p2a: Ursaring\n|move|p2a: Ursaring|Body Slam|p1a: Amoonguss|[from] move: Sleep Talk\n|-damage|p1a: Amoonguss|0 fnt\n|-damage|p2a: Ursaring|108/288 slp|[from] item: Rocky Helmet|[of] p1a: Amoonguss\n|faint|p1a: Amoonguss\n|\n|upkeep\n|\n|t:|1783571631\n|switch|p1a: Lokix|Lokix, L82, F, tera:Bug|49/100\n|turn|25\n|inactive|Time left: 300 sec this turn | 300 sec total\n|\n|t:|1783571632\n|move|p1a: Lokix|Leech Life|p2a: Ursaring\n|-damage|p2a: Ursaring|0 fnt\n|-heal|p1a: Lokix|70/100|[from] drain|[of] p2a: Ursaring\n|faint|p2a: Ursaring\n|-damage|p1a: Lokix|60/100|[from] item: Life Orb\n|\n|upkeep\n|inactive|Time left: 300 sec this turn | 300 sec total | 5 sec grace\n|\n|t:|1783571633\n|switch|p2a: Volcarona|Volcarona, L77, F|241/257\n|turn|26\n|inactive|Time left: 300 sec this turn | 300 sec total\n|\n|t:|1783571634\n|move|p1a: Lokix|Sucker Punch|p2a: Volcarona\n|-damage|p2a: Volcarona|108/257\n|-damage|p1a: Lokix|50/100|[from] item: Life Orb\n|move|p2a: Volcarona|Fire Blast|p1a: Lokix|[miss]\n|-miss|p2a: Volcarona|p1a: Lokix\n|\n|upkeep\n|turn|27\n|inactive|Time left: 300 sec this turn | 300 sec total\n|\n|t:|1783571635\n|move|p2a: Volcarona|Fire Blast|p1a: Lokix\n|-supereffective|p1a: Lokix\n|-damage|p1a: Lokix|0 fnt\n|faint|p1a: Lokix\n|\n|upkeep\n|\n|t:|1783571636\n|switch|p1a: Iron Treads|Iron Treads, L77|100/100\n|turn|28\n|inactive|Time left: 300 sec this turn | 300 sec total\n|\n|t:|1783571637\n|switch|p2a: Chien-Pao|Chien-Pao, L72|234/234\n|-ability|p2a: Chien-Pao|Sword of Ruin\n|move|p1a: Iron Treads|Earthquake|p2a: Chien-Pao\n|-damage|p2a: Chien-Pao|117/234\n|\n|upkeep\n|turn|29\n|inactive|Time left: 300 sec this turn | 300 sec total\n|\n|t:|1783571638\n|move|p2a: Chien-Pao|Icicle Crash|p1a: Iron Treads|[miss]\n|-miss|p2a: Chien-Pao|p1a: Iron Treads\n|move|p1a: Iron Treads|Earthquake|p2a: Chien-Pao\n|-damage|p2a: Chien-Pao|3/234\n|\n|upkeep\n|turn|30\n|inactive|Time left: 300 sec this turn | 300 sec total\n|\n|t:|1783571639\n|move|p2a: Chien-Pao|Icicle Crash|p1a: Iron Treads\n|-damage|p1a: Iron Treads|64/100\n|move|p1a: Iron Treads|Earthquake|p2a: Chien-Pao\n|-damage|p2a: Chien-Pao|0 fnt\n|faint|p2a: Chien-Pao\n|\n|-heal|p1a: Iron Treads|70/100|[from] item: Leftovers\n|upkeep\n|inactive|Time left: 300 sec this turn | 300 sec total | 5 sec grace\n|\n|t:|1783571640\n|switch|p2a: Volcarona|Volcarona, L77, F|108/257\n|turn|31\n|inactive|Time left: 300 sec this turn | 300 sec total\n|\n|t:|1783571641\n|move|p1a: Iron Treads|Earthquake|p2a: Volcarona\n|-damage|p2a: Volcarona|0 fnt\n|faint|p2a: Volcarona\n|\n|win|p0x2742e605", "uploadtime": 1783571641, "views": 0, "rating": 0, "private": 0, "password": null, "_winner": "p0x2742e605", "_our_name": "p0y2742f934"}