{"id": "battle-gen9randombattle-2058", "formatid": "gen9randombattle", "format": "[Gen 9] Random Battle", "players": ["p0x20587453", "p0y20586260"], "log": "|init|battle\n|title|p0x20587453 vs. p0y20586260\n|j|\u2606p0x20587453\n|j|\u2606p0y20586260\n|t:|1783563051\n|gametype|singles\n|player|p1|p0x20587453|266|\n|player|p2|p0y20586260|265|\n|gen|9\n|tier|[Gen 9] Random Battle\n|rule|Species Clause: Limit one of each Pok\u00e9mon\n|rule|HP Percentage Mod: HP is shown in percentages\n|rule|Sleep Clause Mod: Limit one foe put to sleep\n|rule|Illusion Level Mod: Illusion disguises the Pok\u00e9mon's true level\n|\n|t:|1783563051\n|teamsize|p1|6\n|teamsize|p2|6\n|start\n|switch|p1a: Armarouge|Armarouge, L80, M|267/267\n|switch|p2a: Froslass|Froslass, L87, F|100/100\n|turn|1\n|inactive|Battle timer is ON: inactive players will automatically lose when time's up. (requested by p0y20586260)\n|inactive|Time left: 300 sec this turn | 300 sec total | 60 sec grace\n|inactive|p0x20587453 also wants the timer to be on.\n|\n|t:|1783563053\n|switch|p2a: Gastrodon|Gastrodon-East, L86, M|100/100\n|move|p1a: Armarouge|Armor Cannon|p2a: Gastrodon\n|-resisted|p2a: Gastrodon\n|-damage|p2a: Gastrodon|69/100\n|-unboost|p1a: Armarouge|def|1\n|-unboost|p1a: Armarouge|spd|1\n|\n|-heal|p2a: Gastrodon|75/100|[from] item: Leftovers\n|upkeep\n|turn|2\n|inactive|Time left: 300 sec this turn | 300 sec total\n|\n|t:|1783563054\n|switch|p1a: Slaking|Slaking, L84, F|389/389\n|move|p2a: Gastrodon|Earthquake|p1a: Slaking\n|-damage|p1a: Slaking|299/389\n|\n|-heal|p2a: Gastrodon|81/100|[from] item: Leftovers\n|upkeep\n|turn|3\n|inactive|Time left: 300 sec this turn | 300 sec total\n|\n|t:|1783563056\n|switch|p2a: Banette|Banette, L93, F|100/100\n|move|p1a: Slaking|Giga Impact|p2a: Banette\n|-immune|p2a: Banette\n|\n|upkeep\n|turn|4\n|inactive|Time left: 300 sec this turn | 300 sec total\n|\n|t:|1783563057\n|cant|p1a: Slaking|ability: Truant\n|move|p2a: Banette|Swords Dance|p2a: Banette\n|-boost|p2a: Banette|atk|2\n|\n|upkeep\n|turn|5\n|inactive|Time left: 300 sec this turn | 300 sec total\n|\n|t:|1783563058\n|move|p1a: Slaking|Giga Impact|p2a: Banette\n|-immune|p2a: Banette\n|move|p2a: Banette|Gunk Shot|p1a: Slaking|[miss]\n|-miss|p2a: Banette|p1a: Slaking\n|\n|upkeep\n|turn|6\n|inactive|Time left: 300 sec this turn | 300 sec total\n|\n|t:|1783563059\n|cant|p1a: Slaking|ability: Truant\n|move|p2a: Banette|Gunk Shot|p1a: Slaking|[miss]\n|-miss|p2a: Banette|p1a: Slaking\n|\n|upkeep\n|turn|7\n|inactive|Time left: 300 sec this turn | 300 sec total\n|\n|t:|1783563060\n|move|p1a: Slaking|Giga Impact|p2a: Banette\n|-immune|p2a: Banette\n|move|p2a: Banette|Gunk Shot|p1a: Slaking\n|-damage|p1a: Slaking|21/389\n|-status|p1a: Slaking|psn\n|-damage|p2a: Banette|90/100|[from] item: Life Orb\n|\n|-damage|p1a: Slaking|0 fnt|[from] psn\n|faint|p1a: Slaking\n|upkeep\n|inactive|Time left: 300 sec this turn | 300 sec total | 5 sec grace\n|\n|t:|1783563061\n|switch|p1a: Rillaboom|Rillaboom, L79, F|288/288\n|-fieldstart|move: Grassy Terrain|[from] ability: Grassy Surge|[of] p1a: Rillaboom\n|turn|8\n|inactive|Time left: 300 sec this turn | 300 sec total\n|\n|t:|1783563062\n|-terastallize|p2a: Banette|Poison\n|move|p1a: Rillaboom|Wood Hammer|p2a: Banette\n|-resisted|p2a: Banette\n|-damage|p2a: Banette|39/100\n|-damage|p1a: Rillaboom|242/288|[from] Recoil\n|-damage|p1a: Rillaboom|214/288|[from] item: Life Orb\n|move|p2a: Banette|Poltergeist|p1a: Rillaboom\n|-activate|p1a: Rillaboom|move: Poltergeist|Life Orb\n|-damage|p1a: Rillaboom|0 fnt\n|faint|p1a: Rillaboom\n|-damage|p2a: Banette|29/100|[from] item: Life Orb\n|\n|-heal|p2a: Banette|35/100|[from] Grassy Terrain\n|upkeep\n|inactive|Time left: 300 sec this turn | 300 sec total | 5 sec grace\n|\n|t:|1783563063\n|switch|p1a: Keldeo|Keldeo-Resolute, L79|273/273\n|turn|9\n|inactive|Time left: 300 sec this turn | 300 sec total\n|\n|t:|1783563064\n|move|p2a: Banette|Shadow Sneak|p1a: Keldeo\n|-damage|p1a: Keldeo|124/273\n|-damage|p2a: Banette|25/100|[from] item: Life Orb\n|move|p1a: Keldeo|Surf|p2a: Banette\n|-damage|p2a: Banette|0 fnt\n|faint|p2a: Banette\n|\n|-heal|p1a: Keldeo|141/273|[from] Grassy Terrain\n|-heal|p1a: Keldeo|158/273|[from] item: Leftovers\n|upkeep\n|\n|t:|1783563064\n|switch|p2a: Espathra|Espathra, L80, M|100/100\n|turn|10\n|inactive|Time left: 300 sec this turn | 300 sec total\n|\n|t:|1783563065\n|move|p1a: Keldeo|Calm Mind|p1a: Keldeo\n|-boost|p1a: Keldeo|spa|1\n|-boost|p1a: Keldeo|spd|1\n|move|p2a: Espathra|Lumina Crash|p1a: Keldeo\n|-supereffective|p1a: Keldeo\n|-damage|p1a: Keldeo|0 fnt\n|faint|p1a: Keldeo\n|\n|-ability|p2a: Espathra|Speed Boost|boost\n|-boost|p2a: Espathra|spe|1\n|upkeep\n|inactive|Time left: 300 sec this turn | 300 sec total | 5 sec grace\n|\n|t:|1783563066\n|switch|p1a: Armarouge|Armarouge, L80, M|267/267\n|turn|11\n|inactive|Time left: 300 sec this turn | 300 sec total\n|\n|t:|1783563067\n|move|p2a: Espathra|Lumina Crash|p1a: Armarouge\n|-resisted|p1a: Armarouge\n|-damage|p1a: Armarouge|204/267\n|-unboost|p1a: Armarouge|spd|2\n|move|p1a: Armarouge|Energy Ball|p2a: Espathra\n|-damage|p2a: Espathra|33/100\n|\n|-heal|p2a: Espathra|39/100|[from] Grassy Terrain\n|-heal|p1a: Armarouge|220/267|[from] Grassy Terrain\n|-ability|p2a: Espathra|Speed Boost|boost\n|-boost|p2a: Espathra|spe|1\n|upkeep\n|turn|12\n|inactive|Time left: 300 sec this turn | 300 sec total\n|\n|t:|1783563068\n|move|p2a: Espathra|Lumina Crash|p1a: Armarouge\n|-resisted|p1a: Armarouge\n|-damage|p1a: Armarouge|91/267\n|-unboost|p1a: Armarouge|spd|2\n|move|p1a: Armarouge|Energy Ball|p2a: Espathra\n|-damage|p2a: Espathra|0 fnt\n|faint|p2a: Espathra\n|\n|-heal|p1a: Armarouge|107/267|[from] Grassy Terrain\n|-fieldend|move: Grassy Terrain\n|upkeep\n|\n|t:|1783563069\n|switch|p2a: Gogoat|Gogoat, L88, M|100/100\n|turn|13\n|inactive|Time left: 300 sec this turn | 300 sec total\n|\n|t:|1783563070\n|switch|p1a: Chandelure|Chandelure, L83, M|235/235\n|move|p2a: Gogoat|Bulk Up|p2a: Gogoat\n|-boost|p2a: Gogoat|atk|1\n|-boost|p2a: Gogoat|def|1\n|\n|upkeep\n|turn|14\n|inactive|Time left: 300 sec this turn | 300 sec total\n|\n|t:|1783563071\n|-terastallize|p1a: Chandelure|Fire\n|move|p1a: Chandelure|Fire Blast|p2a: Gogoat\n|-supereffective|p2a: Gogoat\n|-damage|p2a: Gogoat|0 fnt\n|faint|p2a: Gogoat\n|\n|upkeep\n|\n|t:|1783563072\n|switch|p2a: Gastrodon|Gastrodon-East, L86, M|81/100\n|turn|15\n|inactive|Time left: 300 sec this turn | 300 sec total\n|\n|t:|1783563073\n|switch|p1a: Armarouge|Armarouge, L80, M|107/267\n|move|p2a: Gastrodon|Earthquake|p1a: Armarouge\n|-supereffective|p1a: Armarouge\n|-damage|p1a: Armarouge|0 fnt\n|faint|p1a: Armarouge\n|\n|-heal|p2a: Gastrodon|87/100|[from] item: Leftovers\n|upkeep\n|inactive|Time left: 300 sec this turn | 300 sec total | 5 sec grace\n|\n|t:|1783563074\n|switch|p1a: Chandelure|Chandelure, L83, M, tera:Fire|235/235\n|turn|16\n|inactive|Time left: 300 sec this turn | 300 sec total\n|\n|t:|1783563075\n|move|p1a: Chandelure|Energy Ball|p2a: Gastrodon\n|-supereffective|p2a: Gastrodon\n|-damage|p2a: Gastrodon|0 fnt\n|faint|p2a: Gastrodon\n|\n|upkeep\n|\n|t:|1783563076\n|switch|p2a: Froslass|Froslass, L87, F|100/100\n|turn|17\n|inactive|Time left: 300 sec this turn | 300 sec total\n|\n|t:|1783563077\n|switch|p2a: Copperajah|Copperajah, L86, M|100/100\n|move|p1a: Chandelure|Energy Ball|p2a: Copperajah\n|-resisted|p2a: Copperajah\n|-damage|p2a: Copperajah|86/100\n|-unboost|p2a: Copperajah|spd|1\n|\n|upkeep\n|turn|18\n|inactive|Time left: 300 sec this turn | 300 sec total\n|\n|t:|1783563078\n|switch|p1a: Deoxys|Deoxys-Speed, L82|216/216\n|-ability|p1a: Deoxys|Pressure\n|move|p2a: Copperajah|Stone Edge|p1a: Deoxys\n|-damage|p1a: Deoxys|67/216\n|\n|upkeep\n|turn|19\n|inactive|Time left: 300 sec this turn | 300 sec total\n|\n|t:|1783563079\n|switch|p2a: Froslass|Froslass, L87, F|100/100\n|move|p1a: Deoxys|Knock Off|p2a: Froslass\n|-supereffective|p2a: Froslass\n|-damage|p2a: Froslass|26/100\n|-start|p1a: Deoxys|Disable|Knock Off|[from] ability: Cursed Body|[of] p2a: Froslass\n|-enditem|p2a: Froslass|Wide Lens|[from] move: Knock Off|[of] p1a: Deoxys\n|-damage|p1a: Deoxys|46/216|[from] item: Life Orb\n|\n|upkeep\n|turn|20\n|inactive|Time left: 300 sec this turn | 300 sec total\n|\n|t:|1783563080\n|switch|p2a: Copperajah|Copperajah, L86, M|86/100\n|move|p1a: Deoxys|Psycho Boost|p2a: Copperajah\n|-resisted|p2a: Copperajah\n|-damage|p2a: Copperajah|55/100\n|-unboost|p1a: Deoxys|spa|2\n|-damage|p1a: Deoxys|25/216|[from] item: Life Orb\n|\n|upkeep\n|turn|21\n|inactive|Time left: 300 sec this turn | 300 sec total\n|\n|t:|1783563081\n|move|p1a: Deoxys|Superpower|p2a: Copperajah\n|-supereffective|p2a: Copperajah\n|-damage|p2a: Copperajah|0 fnt\n|-unboost|p1a: Deoxys|atk|1\n|-unboost|p1a: Deoxys|def|1\n|faint|p2a: Copperajah\n|-damage|p1a: Deoxys|4/216|[from] item: Life Orb\n|\n|upkeep\n|\n|t:|1783563082\n|switch|p2a: Froslass|Froslass, L87, F|26/100\n|turn|22\n|inactive|Time left: 300 sec this turn | 300 sec total\n|\n|t:|1783563083\n|move|p1a: Deoxys|Psycho Boost|p2a: Froslass\n|-damage|p2a: Froslass|0 fnt\n|-unboost|p1a: Deoxys|spa|2\n|faint|p2a: Froslass\n|-damage|p1a: Deoxys|0 fnt|[from] item: Life Orb\n|faint|p1a: Deoxys\n|\n|win|p0x20587453", "uploadtime": 1783563083, "views": 0, "rating": 0, "private": 0, "password": null, "_winner": "p0x20587453", "_our_name": "p0x20587453"}