{"id": "battle-gen9randombattle-1410", "formatid": "gen9randombattle", "format": "[Gen 9] Random Battle", "players": ["p0x1410b9e3", "p0y141054ae"], "log": "|init|battle\n|title|p0x1410b9e3 vs. p0y141054ae\n|j|\u2606p0x1410b9e3\n|j|\u2606p0y141054ae\n|t:|1783556434\n|gametype|singles\n|player|p1|p0x1410b9e3|2|\n|player|p2|p0y141054ae|1|\n|gen|9\n|tier|[Gen 9] Random Battle\n|rule|Species Clause: Limit one of each Pok\u00e9mon\n|rule|HP Percentage Mod: HP is shown in percentages\n|rule|Sleep Clause Mod: Limit one foe put to sleep\n|rule|Illusion Level Mod: Illusion disguises the Pok\u00e9mon's true level\n|\n|t:|1783556435\n|teamsize|p1|6\n|teamsize|p2|6\n|start\n|switch|p1a: Chansey|Chansey, L85, F|100/100\n|switch|p2a: Seviper|Seviper, L93, M|287/287\n|turn|1\n|inactive|Battle timer is ON: inactive players will automatically lose when time's up. (requested by p0x1410b9e3)\n|inactive|Time left: 300 sec this turn | 300 sec total | 60 sec grace\n|inactive|p0y141054ae also wants the timer to be on.\n|\n|t:|1783556436\n|move|p2a: Seviper|Gunk Shot|p1a: Chansey\n|-damage|p1a: Chansey|34/100\n|move|p1a: Chansey|Stealth Rock|p2a: Seviper\n|-sidestart|p2: p0y141054ae|move: Stealth Rock\n|\n|upkeep\n|turn|2\n|inactive|Time left: 300 sec this turn | 300 sec total\n|\n|t:|1783556437\n|switch|p1a: Piloswine|Piloswine, L85, F|100/100\n|move|p2a: Seviper|Gunk Shot|p1a: Piloswine\n|-resisted|p1a: Piloswine\n|-damage|p1a: Piloswine|81/100\n|-status|p1a: Piloswine|psn\n|\n|-damage|p1a: Piloswine|68/100 psn|[from] psn\n|upkeep\n|turn|3\n|inactive|Time left: 300 sec this turn | 300 sec total\n|\n|t:|1783556438\n|move|p2a: Seviper|Gunk Shot|p1a: Piloswine\n|-resisted|p1a: Piloswine\n|-damage|p1a: Piloswine|51/100 psn\n|move|p1a: Piloswine|Earthquake|p2a: Seviper\n|-supereffective|p2a: Seviper\n|-damage|p2a: Seviper|5/287\n|\n|-damage|p1a: Piloswine|39/100 psn|[from] psn\n|upkeep\n|turn|4\n|inactive|Time left: 300 sec this turn | 300 sec total\n|\n|t:|1783556439\n|move|p1a: Piloswine|Ice Shard|p2a: Seviper\n|-damage|p2a: Seviper|0 fnt\n|faint|p2a: Seviper\n|\n|-damage|p1a: Piloswine|27/100 psn|[from] psn\n|upkeep\n|inactive|Time left: 300 sec this turn | 300 sec total | 5 sec grace\n|\n|t:|1783556440\n|switch|p2a: Blaziken|Blaziken, L76, M|247/247\n|-damage|p2a: Blaziken|217/247|[from] Stealth Rock\n|turn|5\n|inactive|Time left: 300 sec this turn | 300 sec total\n|\n|t:|1783556442\n|switch|p1a: Luxray|Luxray, L88, M|100/100\n|-ability|p1a: Luxray|Intimidate|boost\n|-unboost|p2a: Blaziken|atk|1\n|move|p2a: Blaziken|Close Combat|p1a: Luxray\n|-damage|p1a: Luxray|59/100\n|-unboost|p2a: Blaziken|def|1\n|-unboost|p2a: Blaziken|spd|1\n|-damage|p2a: Blaziken|193/247|[from] item: Life Orb\n|\n|-ability|p2a: Blaziken|Speed Boost|boost\n|-boost|p2a: Blaziken|spe|1\n|upkeep\n|turn|6\n|inactive|Time left: 300 sec this turn | 300 sec total\n|\n|t:|1783556443\n|move|p2a: Blaziken|Protect|p2a: Blaziken\n|-singleturn|p2a: Blaziken|Protect\n|move|p1a: Luxray|Wild Charge|p2a: Blaziken\n|-activate|p2a: Blaziken|move: Protect\n|\n|-ability|p2a: Blaziken|Speed Boost|boost\n|-boost|p2a: Blaziken|spe|1\n|upkeep\n|turn|7\n|inactive|Time left: 300 sec this turn | 300 sec total\n|\n|t:|1783556444\n|switch|p2a: Trevenant|Trevenant, L89, F|296/296\n|-damage|p2a: Trevenant|259/296|[from] Stealth Rock\n|move|p1a: Luxray|Wild Charge|p2a: Trevenant\n|-resisted|p2a: Trevenant\n|-damage|p2a: Trevenant|192/296\n|-damage|p1a: Luxray|53/100|[from] Recoil\n|\n|upkeep\n|turn|8\n|inactive|Time left: 300 sec this turn | 300 sec total\n|\n|t:|1783556445\n|move|p1a: Luxray|Throat Chop|p2a: Trevenant\n|-supereffective|p2a: Trevenant\n|-damage|p2a: Trevenant|46/296\n|-start|p2a: Trevenant|Throat Chop|[silent]\n|-enditem|p2a: Trevenant|Sitrus Berry|[eat]\n|-heal|p2a: Trevenant|120/296|[from] item: Sitrus Berry\n|move|p2a: Trevenant|Poltergeist|p1a: Luxray\n|-activate|p1a: Luxray|move: Poltergeist|Assault Vest\n|-damage|p1a: Luxray|2/100\n|\n|-item|p2a: Trevenant|Sitrus Berry|[from] ability: Harvest\n|upkeep\n|-enditem|p2a: Trevenant|Sitrus Berry|[eat]\n|-heal|p2a: Trevenant|194/296|[from] item: Sitrus Berry\n|turn|9\n|inactive|Time left: 300 sec this turn | 300 sec total\n|\n|t:|1783556446\n|move|p1a: Luxray|Throat Chop|p2a: Trevenant\n|-supereffective|p2a: Trevenant\n|-damage|p2a: Trevenant|42/296\n|move|p2a: Trevenant|Drain Punch|p1a: Luxray\n|-damage|p1a: Luxray|0 fnt\n|-heal|p2a: Trevenant|44/296|[from] drain|[of] p1a: Luxray\n|faint|p1a: Luxray\n|\n|-end|p2a: Trevenant|Throat Chop|[silent]\n|upkeep\n|\n|t:|1783556447\n|switch|p1a: Hawlucha|Hawlucha, L80, M|100/100\n|turn|10\n|inactive|Time left: 300 sec this turn | 300 sec total\n|\n|t:|1783556448\n|move|p1a: Hawlucha|Brave Bird|p2a: Trevenant\n|-supereffective|p2a: Trevenant\n|-damage|p2a: Trevenant|0 fnt\n|faint|p2a: Trevenant\n|-damage|p1a: Hawlucha|95/100|[from] Recoil\n|\n|upkeep\n|inactive|Time left: 300 sec this turn | 300 sec total | 5 sec grace\n|\n|t:|1783556449\n|switch|p2a: Munkidori|Munkidori, L79, M|269/269\n|-damage|p2a: Munkidori|236/269|[from] Stealth Rock\n|turn|11\n|inactive|Time left: 300 sec this turn | 300 sec total\n|\n|t:|1783556450\n|switch|p1a: Chansey|Chansey, L85, F|34/100\n|move|p2a: Munkidori|Psychic Noise|p1a: Chansey\n|-damage|p1a: Chansey|25/100\n|-start|p1a: Chansey|move: Heal Block\n|\n|upkeep\n|turn|12\n|inactive|Time left: 300 sec this turn | 300 sec total\n|\n|t:|1783556451\n|move|p2a: Munkidori|U-turn|p1a: Chansey\n|-damage|p1a: Chansey|11/100\n|inactive|Time left: 300 sec this turn | 300 sec total | 5 sec grace\n|\n|t:|1783556452\n|switch|p2a: Blaziken|Blaziken, L76, M|193/247|[from] U-turn\n|-damage|p2a: Blaziken|163/247|[from] Stealth Rock\n|move|p1a: Chansey|Seismic Toss|p2a: Blaziken\n|-damage|p2a: Blaziken|78/247\n|\n|-end|p1a: Chansey|move: Heal Block\n|upkeep\n|turn|13\n|inactive|Time left: 300 sec this turn | 300 sec total\n|\n|t:|1783556453\n|move|p2a: Blaziken|Close Combat|p1a: Chansey\n|-supereffective|p1a: Chansey\n|-damage|p1a: Chansey|0 fnt\n|-unboost|p2a: Blaziken|def|1\n|-unboost|p2a: Blaziken|spd|1\n|faint|p1a: Chansey\n|-damage|p2a: Blaziken|54/247|[from] item: Life Orb\n|\n|-ability|p2a: Blaziken|Speed Boost|boost\n|-boost|p2a: Blaziken|spe|1\n|upkeep\n|\n|t:|1783556454\n|switch|p1a: Scream Tail|Scream Tail, L84|100/100\n|turn|14\n|inactive|Time left: 300 sec this turn | 300 sec total\n|\n|t:|1783556455\n|move|p2a: Blaziken|Protect|p2a: Blaziken\n|-singleturn|p2a: Blaziken|Protect\n|move|p1a: Scream Tail|Dazzling Gleam|p2a: Blaziken\n|-activate|p2a: Blaziken|move: Protect\n|\n|-ability|p2a: Blaziken|Speed Boost|boost\n|-boost|p2a: Blaziken|spe|1\n|upkeep\n|turn|15\n|inactive|Time left: 300 sec this turn | 300 sec total\n|\n|t:|1783556456\n|move|p2a: Blaziken|Protect|p2a: Blaziken\n|-singleturn|p2a: Blaziken|Protect\n|move|p1a: Scream Tail|Dazzling Gleam|p2a: Blaziken\n|-activate|p2a: Blaziken|move: Protect\n|\n|-ability|p2a: Blaziken|Speed Boost|boost\n|-boost|p2a: Blaziken|spe|1\n|upkeep\n|turn|16\n|inactive|Time left: 300 sec this turn | 300 sec total\n|\n|t:|1783556457\n|switch|p2a: Munkidori|Munkidori, L79, M|236/269\n|-damage|p2a: Munkidori|203/269|[from] Stealth Rock\n|move|p1a: Scream Tail|Dazzling Gleam|p2a: Munkidori\n|-resisted|p2a: Munkidori\n|-damage|p2a: Munkidori|181/269\n|\n|upkeep\n|turn|17\n|inactive|Time left: 300 sec this turn | 300 sec total\n|\n|t:|1783556458\n|move|p1a: Scream Tail|Protect|p1a: Scream Tail\n|-singleturn|p1a: Scream Tail|Protect\n|move|p2a: Munkidori|Sludge Wave|p1a: Scream Tail\n|-activate|p1a: Scream Tail|move: Protect\n|\n|upkeep\n|turn|18\n|inactive|Time left: 300 sec this turn | 300 sec total\n|\n|t:|1783556459\n|move|p1a: Scream Tail|Thunder Wave|p2a: Munkidori\n|-status|p2a: Munkidori|par\n|cant|p2a: Munkidori|par\n|\n|upkeep\n|turn|19\n|inactive|Time left: 300 sec this turn | 300 sec total\n|\n|t:|1783556460\n|move|p1a: Scream Tail|Protect|p1a: Scream Tail\n|-singleturn|p1a: Scream Tail|Protect\n|move|p2a: Munkidori|Sludge Wave|p1a: Scream Tail\n|-activate|p1a: Scream Tail|move: Protect\n|\n|upkeep\n|turn|20\n|inactive|Time left: 300 sec this turn | 300 sec total\n|\n|t:|1783556461\n|move|p1a: Scream Tail|Dazzling Gleam|p2a: Munkidori\n|-resisted|p2a: Munkidori\n|-crit|p2a: Munkidori\n|-damage|p2a: Munkidori|149/269 par\n|move|p2a: Munkidori|Sludge Wave|p1a: Scream Tail\n|-supereffective|p1a: Scream Tail\n|-damage|p1a: Scream Tail|46/100\n|\n|-heal|p1a: Scream Tail|52/100|[from] item: Leftovers\n|upkeep\n|turn|21\n|inactive|Time left: 300 sec this turn | 300 sec total\n|\n|t:|1783556462\n|move|p1a: Scream Tail|Protect|p1a: Scream Tail\n|-singleturn|p1a: Scream Tail|Protect\n|move|p2a: Munkidori|Sludge Wave|p1a: Scream Tail\n|-activate|p1a: Scream Tail|move: Protect\n|\n|-heal|p1a: Scream Tail|58/100|[from] item: Leftovers\n|upkeep\n|turn|22\n|inactive|Time left: 300 sec this turn | 300 sec total\n|\n|t:|1783556463\n|move|p1a: Scream Tail|Wish|p1a: Scream Tail\n|move|p2a: Munkidori|Sludge Wave|p1a: Scream Tail\n|-supereffective|p1a: Scream Tail\n|-damage|p1a: Scream Tail|0 fnt\n|faint|p1a: Scream Tail\n|-end|p1a: Scream Tail|Protosynthesis|[silent]\n|\n|upkeep\n|\n|t:|1783556464\n|switch|p1a: Piloswine|Piloswine, L85, F|27/100 psn\n|turn|23\n|inactive|Time left: 300 sec this turn | 300 sec total\n|\n|t:|1783556465\n|switch|p2a: Mandibuzz|Mandibuzz, L85, F|326/326\n|move|p1a: Piloswine|Earthquake|p2a: Mandibuzz\n|-immune|p2a: Mandibuzz\n|\n|-heal|p1a: Piloswine|80/100 psn|[from] move: Wish|[wisher] Scream Tail\n|-damage|p1a: Piloswine|68/100 psn|[from] psn\n|upkeep\n|turn|24\n|inactive|Time left: 300 sec this turn | 300 sec total\n|\n|t:|1783556466\n|move|p2a: Mandibuzz|Foul Play|p1a: Piloswine\n|-damage|p1a: Piloswine|42/100 psn\n|move|p1a: Piloswine|Icicle Crash|p2a: Mandibuzz\n|-supereffective|p2a: Mandibuzz\n|-damage|p2a: Mandibuzz|150/326\n|\n|-damage|p1a: Piloswine|29/100 psn|[from] psn\n|upkeep\n|turn|25\n|inactive|Time left: 300 sec this turn | 300 sec total\n|\n|t:|1783556467\n|switch|p1a: Hawlucha|Hawlucha, L80, M|95/100\n|move|p2a: Mandibuzz|Roost|p2a: Mandibuzz\n|-heal|p2a: Mandibuzz|313/326\n|-singleturn|p2a: Mandibuzz|move: Roost\n|\n|upkeep\n|turn|26\n|inactive|Time left: 300 sec this turn | 300 sec total\n|\n|t:|1783556468\n|move|p1a: Hawlucha|Swords Dance|p1a: Hawlucha\n|-boost|p1a: Hawlucha|atk|2\n|move|p2a: Mandibuzz|Toxic|p1a: Hawlucha|[miss]\n|-miss|p2a: Mandibuzz|p1a: Hawlucha\n|\n|upkeep\n|turn|27\n|inactive|Time left: 300 sec this turn | 300 sec total\n|\n|t:|1783556469\n|move|p1a: Hawlucha|Close Combat|p2a: Mandibuzz\n|-damage|p2a: Mandibuzz|111/326\n|-unboost|p1a: Hawlucha|def|1\n|-unboost|p1a: Hawlucha|spd|1\n|-enditem|p1a: Hawlucha|White Herb\n|-clearnegativeboost|p1a: Hawlucha|[silent]\n|move|p2a: Mandibuzz|Roost|p2a: Mandibuzz\n|-heal|p2a: Mandibuzz|274/326\n|-singleturn|p2a: Mandibuzz|move: Roost\n|\n|upkeep\n|turn|28\n|inactive|Time left: 300 sec this turn | 300 sec total\n|\n|t:|1783556470\n|move|p1a: Hawlucha|Acrobatics|p2a: Mandibuzz\n|-damage|p2a: Mandibuzz|106/326\n|move|p2a: Mandibuzz|Roost|p2a: Mandibuzz\n|-heal|p2a: Mandibuzz|269/326\n|-singleturn|p2a: Mandibuzz|move: Roost\n|\n|upkeep\n|turn|29\n|inactive|Time left: 300 sec this turn | 300 sec total\n|\n|t:|1783556471\n|move|p1a: Hawlucha|Acrobatics|p2a: Mandibuzz\n|-damage|p2a: Mandibuzz|94/326\n|move|p2a: Mandibuzz|Roost|p2a: Mandibuzz\n|-heal|p2a: Mandibuzz|257/326\n|-singleturn|p2a: Mandibuzz|move: Roost\n|\n|upkeep\n|turn|30\n|inactive|Time left: 300 sec this turn | 300 sec total\n|\n|t:|1783556472\n|-terastallize|p1a: Hawlucha|Flying\n|move|p1a: Hawlucha|Acrobatics|p2a: Mandibuzz\n|-damage|p2a: Mandibuzz|15/326\n|move|p2a: Mandibuzz|Roost|p2a: Mandibuzz\n|-heal|p2a: Mandibuzz|178/326\n|-singleturn|p2a: Mandibuzz|move: Roost\n|\n|upkeep\n|turn|31\n|inactive|Time left: 300 sec this turn | 300 sec total\n|\n|t:|1783556473\n|switch|p2a: Munkidori|Munkidori, L79, M|149/269 par\n|-damage|p2a: Munkidori|116/269 par|[from] Stealth Rock\n|move|p1a: Hawlucha|Close Combat|p2a: Munkidori\n|-resisted|p2a: Munkidori\n|-damage|p2a: Munkidori|37/269 par\n|-unboost|p1a: Hawlucha|def|1\n|-unboost|p1a: Hawlucha|spd|1\n|\n|upkeep\n|turn|32\n|inactive|Time left: 300 sec this turn | 300 sec total\n|\n|t:|1783556474\n|cant|p2a: Munkidori|par\n|move|p1a: Hawlucha|Acrobatics|p2a: Munkidori\n|-damage|p2a: Munkidori|0 fnt\n|faint|p2a: Munkidori\n|\n|upkeep\n|inactive|Time left: 300 sec this turn | 300 sec total | 5 sec grace\n|\n|t:|1783556475\n|switch|p2a: Glalie|Glalie, L96, F|309/309\n|turn|33\n|inactive|Time left: 300 sec this turn | 300 sec total\n|\n|t:|1783556476\n|-terastallize|p2a: Glalie|Water\n|move|p1a: Hawlucha|Close Combat|p2a: Glalie\n|-damage|p2a: Glalie|92/309\n|-unboost|p1a: Hawlucha|def|1\n|-unboost|p1a: Hawlucha|spd|1\n|move|p2a: Glalie|Freeze-Dry|p1a: Hawlucha\n|-supereffective|p1a: Hawlucha\n|-damage|p1a: Hawlucha|0 fnt\n|faint|p1a: Hawlucha\n|\n|upkeep\n|\n|t:|1783556476\n|switch|p1a: Lilligant|Lilligant-Hisui, L79, F|100/100\n|turn|34\n|inactive|Time left: 300 sec this turn | 300 sec total\n|\n|t:|1783556477\n|move|p1a: Lilligant|Leaf Blade|p2a: Glalie\n|-supereffective|p2a: Glalie\n|-damage|p2a: Glalie|0 fnt\n|faint|p2a: Glalie\n|\n|upkeep\n|inactive|Time left: 300 sec this turn | 300 sec total | 5 sec grace\n|\n|t:|1783556478\n|switch|p2a: Blaziken|Blaziken, L76, M|54/247\n|-damage|p2a: Blaziken|24/247|[from] Stealth Rock\n|turn|35\n|inactive|Time left: 300 sec this turn | 300 sec total\n|\n|t:|1783556479\n|move|p2a: Blaziken|Protect|p2a: Blaziken\n|-singleturn|p2a: Blaziken|Protect\n|move|p1a: Lilligant|Leaf Blade|p2a: Blaziken\n|-activate|p2a: Blaziken|move: Protect\n|\n|-ability|p2a: Blaziken|Speed Boost|boost\n|-boost|p2a: Blaziken|spe|1\n|upkeep\n|turn|36\n|inactive|Time left: 300 sec this turn | 300 sec total\n|\n|t:|1783556480\n|move|p2a: Blaziken|Swords Dance|p2a: Blaziken\n|-boost|p2a: Blaziken|atk|2\n|move|p1a: Lilligant|Sleep Powder|p2a: Blaziken\n|-status|p2a: Blaziken|slp|[from] move: Sleep Powder\n|\n|-ability|p2a: Blaziken|Speed Boost|boost\n|-boost|p2a: Blaziken|spe|1\n|upkeep\n|turn|37\n|inactive|Time left: 300 sec this turn | 300 sec total\n|\n|t:|1783556481\n|cant|p2a: Blaziken|slp\n|move|p1a: Lilligant|Leaf Blade|p2a: Blaziken\n|-resisted|p2a: Blaziken\n|-damage|p2a: Blaziken|0 fnt\n|faint|p2a: Blaziken\n|\n|upkeep\n|inactive|Time left: 300 sec this turn | 300 sec total | 5 sec grace\n|\n|t:|1783556482\n|switch|p2a: Mandibuzz|Mandibuzz, L85, F|178/326\n|turn|38\n|inactive|Time left: 300 sec this turn | 300 sec total\n|\n|t:|1783556483\n|move|p1a: Lilligant|Victory Dance|p1a: Lilligant\n|-boost|p1a: Lilligant|atk|1\n|-boost|p1a: Lilligant|def|1\n|-boost|p1a: Lilligant|spe|1\n|move|p2a: Mandibuzz|Roost|p2a: Mandibuzz\n|-heal|p2a: Mandibuzz|326/326\n|-singleturn|p2a: Mandibuzz|move: Roost\n|\n|upkeep\n|turn|39\n|inactive|Time left: 300 sec this turn | 300 sec total\n|\n|t:|1783556484\n|move|p1a: Lilligant|Victory Dance|p1a: Lilligant\n|-boost|p1a: Lilligant|atk|1\n|-boost|p1a: Lilligant|def|1\n|-boost|p1a: Lilligant|spe|1\n|move|p2a: Mandibuzz|Toxic|p1a: Lilligant\n|-status|p1a: Lilligant|tox\n|\n|-damage|p1a: Lilligant|94/100 tox|[from] psn\n|upkeep\n|turn|40\n|inactive|Time left: 300 sec this turn | 300 sec total\n|\n|t:|1783556485\n|move|p1a: Lilligant|Victory Dance|p1a: Lilligant\n|-boost|p1a: Lilligant|atk|1\n|-boost|p1a: Lilligant|def|1\n|-boost|p1a: Lilligant|spe|1\n|move|p2a: Mandibuzz|Roost||[still]\n|-fail|p2a: Mandibuzz|heal\n|\n|-damage|p1a: Lilligant|82/100 tox|[from] psn\n|upkeep\n|turn|41\n|inactive|Time left: 300 sec this turn | 300 sec total\n|\n|t:|1783556486\n|move|p1a: Lilligant|Close Combat|p2a: Mandibuzz\n|-damage|p2a: Mandibuzz|0 fnt\n|-unboost|p1a: Lilligant|def|1\n|-unboost|p1a: Lilligant|spd|1\n|faint|p2a: Mandibuzz\n|\n|win|p0x1410b9e3", "uploadtime": 1783556486, "views": 0, "rating": 0, "private": 0, "password": null, "_winner": "p0x1410b9e3", "_our_name": "p0y141054ae"}