{"id": "battle-gen9randombattle-191", "formatid": "gen9randombattle", "format": "[Gen 9] Random Battle", "players": ["p0x191afb5", "p0y1910a0c"], "log": "|init|battle\n|title|p0x191afb5 vs. p0y1910a0c\n|j|\u2606p0x191afb5\n|j|\u2606p0y1910a0c\n|t:|1783535447\n|gametype|singles\n|player|p1|p0x191afb5|101|\n|player|p2|p0y1910a0c|169|\n|gen|9\n|tier|[Gen 9] Random Battle\n|rule|Species Clause: Limit one of each Pok\u00e9mon\n|rule|HP Percentage Mod: HP is shown in percentages\n|rule|Sleep Clause Mod: Limit one foe put to sleep\n|rule|Illusion Level Mod: Illusion disguises the Pok\u00e9mon's true level\n|\n|t:|1783535448\n|teamsize|p1|6\n|teamsize|p2|6\n|start\n|switch|p1a: Chandelure|Chandelure, L83, M|235/235\n|switch|p2a: Talonflame|Talonflame, L83, M|100/100\n|turn|1\n|inactive|Battle timer is ON: inactive players will automatically lose when time's up. (requested by p0x191afb5)\n|\n|t:|1783535449\n|move|p2a: Talonflame|Brave Bird|p1a: Chandelure\n|-damage|p1a: Chandelure|123/235\n|-damage|p2a: Talonflame|87/100|[from] Recoil\n|move|p1a: Chandelure|Shadow Ball|p2a: Talonflame\n|-damage|p2a: Talonflame|35/100\n|\n|-heal|p1a: Chandelure|137/235|[from] item: Leftovers\n|upkeep\n|turn|2\n|inactive|Time left: 300 sec this turn | 300 sec total\n|inactive|p0y1910a0c also wants the timer to be on.\n|\n|t:|1783535451\n|move|p2a: Talonflame|Roost|p2a: Talonflame\n|-heal|p2a: Talonflame|85/100\n|-singleturn|p2a: Talonflame|move: Roost\n|move|p1a: Chandelure|Shadow Ball|p2a: Talonflame\n|-damage|p2a: Talonflame|34/100\n|\n|-heal|p1a: Chandelure|151/235|[from] item: Leftovers\n|upkeep\n|turn|3\n|inactive|Time left: 300 sec this turn | 300 sec total\n|\n|t:|1783535452\n|move|p2a: Talonflame|Roost|p2a: Talonflame\n|-heal|p2a: Talonflame|85/100\n|-singleturn|p2a: Talonflame|move: Roost\n|move|p1a: Chandelure|Shadow Ball|p2a: Talonflame\n|-damage|p2a: Talonflame|37/100\n|\n|-heal|p1a: Chandelure|165/235|[from] item: Leftovers\n|upkeep\n|turn|4\n|inactive|Time left: 300 sec this turn | 300 sec total\n|\n|t:|1783535453\n|move|p2a: Talonflame|Brave Bird|p1a: Chandelure\n|-damage|p1a: Chandelure|65/235\n|-damage|p2a: Talonflame|24/100|[from] Recoil\n|move|p1a: Chandelure|Shadow Ball|p2a: Talonflame\n|-damage|p2a: Talonflame|0 fnt\n|faint|p2a: Talonflame\n|\n|-heal|p1a: Chandelure|79/235|[from] item: Leftovers\n|upkeep\n|\n|t:|1783535454\n|switch|p2a: Typhlosion|Typhlosion-Hisui, L83, F|100/100\n|turn|5\n|inactive|Time left: 300 sec this turn | 300 sec total\n|\n|t:|1783535456\n|switch|p1a: Pelipper|Pelipper, L86, F|243/243\n|-weather|RainDance|[from] ability: Drizzle|[of] p1a: Pelipper\n|move|p2a: Typhlosion|Shadow Ball|p1a: Pelipper\n|-crit|p1a: Pelipper\n|-damage|p1a: Pelipper|0 fnt\n|faint|p1a: Pelipper\n|\n|-weather|RainDance|[upkeep]\n|upkeep\n|inactive|Time left: 300 sec this turn | 300 sec total | 5 sec grace\n|\n|t:|1783535457\n|switch|p1a: Lycanroc|Lycanroc-Midnight, L89, M|296/296\n|turn|6\n|inactive|Time left: 300 sec this turn | 300 sec total\n|\n|t:|1783535458\n|move|p2a: Typhlosion|Shadow Ball|p1a: Lycanroc\n|-damage|p1a: Lycanroc|133/296\n|move|p1a: Lycanroc|Stone Edge|p2a: Typhlosion\n|-supereffective|p2a: Typhlosion\n|-damage|p2a: Typhlosion|0 fnt\n|faint|p2a: Typhlosion\n|-damage|p1a: Lycanroc|104/296|[from] item: Life Orb\n|\n|-weather|RainDance|[upkeep]\n|upkeep\n|\n|t:|1783535459\n|switch|p2a: Chesnaught|Chesnaught, L84, M|100/100\n|turn|7\n|inactive|Time left: 300 sec this turn | 300 sec total\n|\n|t:|1783535460\n|switch|p1a: Chandelure|Chandelure, L83, M|79/235\n|move|p2a: Chesnaught|Trailblaze|p1a: Chandelure\n|-resisted|p1a: Chandelure\n|-damage|p1a: Chandelure|50/235\n|-boost|p2a: Chesnaught|spe|1\n|\n|-weather|RainDance|[upkeep]\n|-heal|p1a: Chandelure|64/235|[from] item: Leftovers\n|upkeep\n|turn|8\n|inactive|Time left: 300 sec this turn | 300 sec total\n|\n|t:|1783535461\n|move|p2a: Chesnaught|Trailblaze|p1a: Chandelure\n|-resisted|p1a: Chandelure\n|-damage|p1a: Chandelure|34/235\n|-boost|p2a: Chesnaught|spe|1\n|move|p1a: Chandelure|Fire Blast|p2a: Chesnaught\n|-supereffective|p2a: Chesnaught\n|-damage|p2a: Chesnaught|44/100\n|\n|-weather|RainDance|[upkeep]\n|-heal|p2a: Chesnaught|50/100|[from] item: Leftovers\n|-heal|p1a: Chandelure|48/235|[from] item: Leftovers\n|upkeep\n|turn|9\n|inactive|Time left: 300 sec this turn | 300 sec total\n|\n|t:|1783535462\n|move|p2a: Chesnaught|Synthesis|p2a: Chesnaught\n|-heal|p2a: Chesnaught|75/100\n|move|p1a: Chandelure|Fire Blast|p2a: Chesnaught\n|-supereffective|p2a: Chesnaught\n|-damage|p2a: Chesnaught|9/100\n|\n|-weather|none\n|-heal|p2a: Chesnaught|15/100|[from] item: Leftovers\n|-heal|p1a: Chandelure|62/235|[from] item: Leftovers\n|upkeep\n|turn|10\n|inactive|Time left: 300 sec this turn | 300 sec total\n|\n|t:|1783535463\n|move|p2a: Chesnaught|Trailblaze|p1a: Chandelure\n|-resisted|p1a: Chandelure\n|-damage|p1a: Chandelure|33/235\n|-boost|p2a: Chesnaught|spe|1\n|move|p1a: Chandelure|Fire Blast|p2a: Chesnaught\n|-supereffective|p2a: Chesnaught\n|-damage|p2a: Chesnaught|0 fnt\n|faint|p2a: Chesnaught\n|\n|-heal|p1a: Chandelure|47/235|[from] item: Leftovers\n|upkeep\n|\n|t:|1783535464\n|switch|p2a: Quaquaval|Quaquaval, L79, F|100/100\n|turn|11\n|inactive|Time left: 300 sec this turn | 300 sec total\n|\n|t:|1783535465\n|switch|p1a: Arceus|Arceus-Grass, L73|296/296\n|move|p2a: Quaquaval|Aqua Step|p1a: Arceus\n|-resisted|p1a: Arceus\n|-damage|p1a: Arceus|247/296\n|-boost|p2a: Quaquaval|spe|1\n|-damage|p2a: Quaquaval|91/100|[from] item: Life Orb\n|\n|upkeep\n|turn|12\n|inactive|Time left: 300 sec this turn | 300 sec total\n|\n|t:|1783535466\n|-terastallize|p2a: Quaquaval|Fighting\n|move|p2a: Quaquaval|Swords Dance|p2a: Quaquaval\n|-boost|p2a: Quaquaval|atk|2\n|move|p1a: Arceus|Judgment|p2a: Quaquaval\n|-damage|p2a: Quaquaval|38/100\n|\n|upkeep\n|turn|13\n|inactive|Time left: 300 sec this turn | 300 sec total\n|\n|t:|1783535467\n|switch|p1a: Chandelure|Chandelure, L83, M|47/235\n|move|p2a: Quaquaval|Close Combat|p1a: Chandelure\n|-immune|p1a: Chandelure\n|\n|-heal|p1a: Chandelure|61/235|[from] item: Leftovers\n|upkeep\n|turn|14\n|inactive|Time left: 300 sec this turn | 300 sec total\n|\n|t:|1783535468\n|switch|p1a: Brute Bonnet|Brute Bonnet, L80|309/309\n|move|p2a: Quaquaval|Aqua Step|p1a: Brute Bonnet\n|-resisted|p1a: Brute Bonnet\n|-damage|p1a: Brute Bonnet|202/309\n|-boost|p2a: Quaquaval|spe|1\n|-damage|p2a: Quaquaval|28/100|[from] item: Life Orb\n|\n|-heal|p1a: Brute Bonnet|221/309|[from] item: Leftovers\n|upkeep\n|turn|15\n|inactive|Time left: 300 sec this turn | 300 sec total\n|\n|t:|1783535469\n|move|p1a: Brute Bonnet|Sucker Punch|p2a: Quaquaval\n|-resisted|p2a: Quaquaval\n|-damage|p2a: Quaquaval|9/100\n|move|p2a: Quaquaval|Triple Axel|p1a: Brute Bonnet\n|-supereffective|p1a: Brute Bonnet\n|-damage|p1a: Brute Bonnet|140/309\n|-supereffective|p1a: Brute Bonnet\n|-damage|p1a: Brute Bonnet|0 fnt\n|faint|p1a: Brute Bonnet\n|-end|p1a: Brute Bonnet|Protosynthesis|[silent]\n|-ability|p2a: Quaquaval|Moxie|boost\n|-boost|p2a: Quaquaval|atk|1\n|-hitcount|p1: Brute Bonnet|2\n|-damage|p2a: Quaquaval|0 fnt|[from] item: Life Orb\n|faint|p2a: Quaquaval\n|\n|upkeep\n|inactive|Time left: 300 sec this turn | 300 sec total | 5 sec grace\n|\n|t:|1783535470\n|switch|p2a: Appletun|Appletun, L92, F|100/100\n|switch|p1a: Lycanroc|Lycanroc-Midnight, L89, M|104/296\n|turn|16\n|inactive|Time left: 300 sec this turn | 300 sec total\n|\n|t:|1783535471\n|switch|p1a: Arceus|Arceus-Grass, L73|247/296\n|move|p2a: Appletun|Apple Acid|p1a: Arceus\n|-resisted|p1a: Arceus\n|-damage|p1a: Arceus|201/296\n|-unboost|p1a: Arceus|spd|1\n|\n|upkeep\n|turn|17\n|inactive|Time left: 300 sec this turn | 300 sec total\n|\n|t:|1783535472\n|move|p1a: Arceus|Calm Mind|p1a: Arceus\n|-boost|p1a: Arceus|spa|1\n|-boost|p1a: Arceus|spd|1\n|move|p2a: Appletun|Apple Acid|p1a: Arceus\n|-resisted|p1a: Arceus\n|-damage|p1a: Arceus|158/296\n|-unboost|p1a: Arceus|spd|1\n|\n|upkeep\n|turn|18\n|inactive|Time left: 300 sec this turn | 300 sec total\n|\n|t:|1783535473\n|move|p1a: Arceus|Recover|p1a: Arceus\n|-heal|p1a: Arceus|296/296\n|move|p2a: Appletun|Apple Acid|p1a: Arceus\n|-resisted|p1a: Arceus\n|-damage|p1a: Arceus|228/296\n|-unboost|p1a: Arceus|spd|1\n|\n|upkeep\n|turn|19\n|inactive|Time left: 300 sec this turn | 300 sec total\n|\n|t:|1783535474\n|switch|p1a: Dedenne|Dedenne, L88, F|261/261\n|move|p2a: Appletun|Apple Acid|p1a: Dedenne\n|-damage|p1a: Dedenne|147/261\n|-unboost|p1a: Dedenne|spd|1\n|\n|upkeep\n|turn|20\n|inactive|Time left: 300 sec this turn | 300 sec total\n|\n|t:|1783535476\n|move|p1a: Dedenne|U-turn|p2a: Appletun\n|-supereffective|p2a: Appletun\n|-damage|p2a: Appletun|81/100\n|inactive|Time left: 300 sec this turn | 300 sec total | 5 sec grace\n|\n|t:|1783535477\n|switch|p1a: Arceus|Arceus-Grass, L73|228/296|[from] U-turn\n|move|p2a: Appletun|Apple Acid|p1a: Arceus\n|-resisted|p1a: Arceus\n|-damage|p1a: Arceus|180/296\n|-unboost|p1a: Arceus|spd|1\n|\n|-heal|p2a: Appletun|87/100|[from] item: Leftovers\n|upkeep\n|turn|21\n|inactive|Time left: 300 sec this turn | 300 sec total\n|\n|t:|1783535478\n|move|p1a: Arceus|Recover|p1a: Arceus\n|-heal|p1a: Arceus|296/296\n|move|p2a: Appletun|Apple Acid|p1a: Arceus\n|-resisted|p1a: Arceus\n|-damage|p1a: Arceus|228/296\n|-unboost|p1a: Arceus|spd|1\n|\n|-heal|p2a: Appletun|93/100|[from] item: Leftovers\n|upkeep\n|turn|22\n|inactive|Time left: 300 sec this turn | 300 sec total\n|\n|t:|1783535479\n|move|p1a: Arceus|Calm Mind|p1a: Arceus\n|-boost|p1a: Arceus|spa|1\n|-boost|p1a: Arceus|spd|1\n|move|p2a: Appletun|Apple Acid|p1a: Arceus\n|-resisted|p1a: Arceus\n|-damage|p1a: Arceus|162/296\n|-unboost|p1a: Arceus|spd|1\n|\n|-heal|p2a: Appletun|99/100|[from] item: Leftovers\n|upkeep\n|turn|23\n|inactive|Time left: 300 sec this turn | 300 sec total\n|\n|t:|1783535480\n|move|p1a: Arceus|Recover|p1a: Arceus\n|-heal|p1a: Arceus|296/296\n|move|p2a: Appletun|Apple Acid|p1a: Arceus\n|-resisted|p1a: Arceus\n|-damage|p1a: Arceus|206/296\n|-unboost|p1a: Arceus|spd|1\n|\n|-heal|p2a: Appletun|100/100|[from] item: Leftovers\n|upkeep\n|turn|24\n|inactive|Time left: 300 sec this turn | 300 sec total\n|\n|t:|1783535481\n|switch|p1a: Dedenne|Dedenne, L88, F|147/261\n|move|p2a: Appletun|Apple Acid|p1a: Dedenne\n|-damage|p1a: Dedenne|29/261\n|-unboost|p1a: Dedenne|spd|1\n|-enditem|p1a: Dedenne|Sitrus Berry|[eat]\n|-heal|p1a: Dedenne|94/261|[from] item: Sitrus Berry\n|-heal|p1a: Dedenne|181/261|[from] ability: Cheek Pouch\n|\n|upkeep\n|turn|25\n|inactive|Time left: 300 sec this turn | 300 sec total\n|\n|t:|1783535482\n|move|p1a: Dedenne|U-turn|p2a: Appletun\n|-supereffective|p2a: Appletun\n|-damage|p2a: Appletun|80/100\n|inactive|Time left: 300 sec this turn | 300 sec total | 5 sec grace\n|\n|t:|1783535482\n|switch|p1a: Arceus|Arceus-Grass, L73|206/296|[from] U-turn\n|move|p2a: Appletun|Apple Acid|p1a: Arceus\n|-resisted|p1a: Arceus\n|-damage|p1a: Arceus|161/296\n|-unboost|p1a: Arceus|spd|1\n|\n|-heal|p2a: Appletun|86/100|[from] item: Leftovers\n|upkeep\n|turn|26\n|inactive|Time left: 300 sec this turn | 300 sec total\n|\n|t:|1783535483\n|move|p1a: Arceus|Recover|p1a: Arceus\n|-heal|p1a: Arceus|296/296\n|move|p2a: Appletun|Apple Acid|p1a: Arceus\n|-resisted|p1a: Arceus\n|-crit|p1a: Arceus\n|-damage|p1a: Arceus|188/296\n|-unboost|p1a: Arceus|spd|1\n|\n|-heal|p2a: Appletun|93/100|[from] item: Leftovers\n|upkeep\n|turn|27\n|inactive|Time left: 300 sec this turn | 300 sec total\n|\n|t:|1783535484\n|switch|p1a: Dedenne|Dedenne, L88, F|181/261\n|move|p2a: Appletun|Apple Acid|p1a: Dedenne\n|-damage|p1a: Dedenne|69/261\n|-unboost|p1a: Dedenne|spd|1\n|\n|-heal|p2a: Appletun|99/100|[from] item: Leftovers\n|upkeep\n|turn|28\n|inactive|Time left: 300 sec this turn | 300 sec total\n|\n|t:|1783535485\n|move|p1a: Dedenne|Super Fang|p2a: Appletun\n|-damage|p2a: Appletun|50/100\n|move|p2a: Appletun|Apple Acid|p1a: Dedenne\n|-damage|p1a: Dedenne|0 fnt\n|faint|p1a: Dedenne\n|\n|-heal|p2a: Appletun|56/100|[from] item: Leftovers\n|upkeep\n|inactive|Time left: 300 sec this turn | 300 sec total | 5 sec grace\n|\n|t:|1783535486\n|switch|p1a: Lycanroc|Lycanroc-Midnight, L89, M|104/296\n|turn|29\n|inactive|Time left: 300 sec this turn | 300 sec total\n|\n|t:|1783535487\n|-terastallize|p1a: Lycanroc|Fighting\n|move|p1a: Lycanroc|Close Combat|p2a: Appletun\n|-damage|p2a: Appletun|0 fnt\n|-unboost|p1a: Lycanroc|def|1\n|-unboost|p1a: Lycanroc|spd|1\n|faint|p2a: Appletun\n|-damage|p1a: Lycanroc|75/296|[from] item: Life Orb\n|\n|upkeep\n|\n|t:|1783535488\n|switch|p2a: Ditto|Ditto, L87|100/100\n|-transform|p2a: Ditto|p1a: Lycanroc|[from] ability: Imposter\n|-start|p2a: Ditto|typechange|Rock|[silent]\n|turn|30\n|inactive|Time left: 300 sec this turn | 300 sec total\n|\n|t:|1783535489\n|move|p2a: Ditto|Close Combat|p1a: Lycanroc\n|-damage|p1a: Lycanroc|0 fnt\n|-unboost|p2a: Ditto|def|1\n|-unboost|p2a: Ditto|spd|1\n|faint|p1a: Lycanroc\n|\n|upkeep\n|inactive|Time left: 300 sec this turn | 300 sec total | 5 sec grace\n|\n|t:|1783535490\n|switch|p1a: Chandelure|Chandelure, L83, M|61/235\n|turn|31\n|inactive|Time left: 300 sec this turn | 300 sec total\n|\n|t:|1783535491\n|move|p2a: Ditto|Close Combat|p1a: Chandelure\n|-immune|p1a: Chandelure\n|move|p1a: Chandelure|Shadow Ball|p2a: Ditto\n|-damage|p2a: Ditto|0 fnt\n|faint|p2a: Ditto\n|\n|win|p0x191afb5", "uploadtime": 1783535491, "views": 0, "rating": 0, "private": 0, "password": null, "_winner": "p0x191afb5", "_our_name": "p0x191afb5"}