{"id": "battle-gen9randombattle-1377", "formatid": "gen9randombattle", "format": "[Gen 9] Random Battle", "players": ["p0x1377e3f8", "p0y1377b620"], "log": "|init|battle\n|title|p0x1377e3f8 vs. p0y1377b620\n|j|\u2606p0x1377e3f8\n|j|\u2606p0y1377b620\n|t:|1783555995\n|gametype|singles\n|player|p1|p0x1377e3f8|265|\n|player|p2|p0y1377b620|170|\n|gen|9\n|tier|[Gen 9] Random Battle\n|rule|Species Clause: Limit one of each Pok\u00e9mon\n|rule|HP Percentage Mod: HP is shown in percentages\n|rule|Sleep Clause Mod: Limit one foe put to sleep\n|rule|Illusion Level Mod: Illusion disguises the Pok\u00e9mon's true level\n|\n|t:|1783555995\n|teamsize|p1|6\n|teamsize|p2|6\n|start\n|switch|p1a: Primarina|Primarina, L83, M|100/100\n|switch|p2a: Dragapult|Dragapult, L77, M|262/262\n|turn|1\n|inactive|Battle timer is ON: inactive players will automatically lose when time's up. (requested by p0x1377e3f8)\n|inactive|Time left: 300 sec this turn | 300 sec total | 60 sec grace\n|inactive|p0y1377b620 also wants the timer to be on.\n|\n|t:|1783555997\n|switch|p2a: Lurantis|Lurantis, L87, F|264/264\n|move|p1a: Primarina|Moonblast|p2a: Lurantis\n|-damage|p2a: Lurantis|146/264\n|\n|upkeep\n|turn|2\n|inactive|Time left: 300 sec this turn | 300 sec total\n|\n|t:|1783555998\n|move|p1a: Primarina|Moonblast|p2a: Lurantis\n|-damage|p2a: Lurantis|37/264\n|move|p2a: Lurantis|Leaf Storm|p1a: Primarina\n|-supereffective|p1a: Primarina\n|-damage|p1a: Primarina|24/100\n|-boost|p2a: Lurantis|spa|2\n|\n|upkeep\n|turn|3\n|inactive|Time left: 300 sec this turn | 300 sec total\n|\n|t:|1783555999\n|move|p1a: Primarina|Moonblast|p2a: Lurantis\n|-damage|p2a: Lurantis|0 fnt\n|faint|p2a: Lurantis\n|\n|upkeep\n|inactive|Time left: 300 sec this turn | 300 sec total | 5 sec grace\n|\n|t:|1783556000\n|switch|p2a: Serperior|Serperior, L79, F|248/248\n|turn|4\n|inactive|Time left: 300 sec this turn | 300 sec total\n|\n|t:|1783556002\n|switch|p1a: Goodra|Goodra, L85, M|100/100\n|move|p2a: Serperior|Leaf Storm|p1a: Goodra\n|-ability|p1a: Goodra|Sap Sipper|boost\n|-boost|p1a: Goodra|atk|1\n|\n|upkeep\n|turn|5\n|inactive|Time left: 300 sec this turn | 300 sec total\n|\n|t:|1783556003\n|move|p2a: Serperior|Substitute|p2a: Serperior\n|-start|p2a: Serperior|Substitute\n|-damage|p2a: Serperior|186/248\n|move|p1a: Goodra|Knock Off|p2a: Serperior\n|-end|p2a: Serperior|Substitute\n|\n|-heal|p2a: Serperior|201/248|[from] item: Leftovers\n|upkeep\n|turn|6\n|inactive|Time left: 300 sec this turn | 300 sec total\n|\n|t:|1783556004\n|move|p2a: Serperior|Substitute|p2a: Serperior\n|-start|p2a: Serperior|Substitute\n|-damage|p2a: Serperior|139/248\n|move|p1a: Goodra|Knock Off|p2a: Serperior\n|-end|p2a: Serperior|Substitute\n|\n|-heal|p2a: Serperior|154/248|[from] item: Leftovers\n|upkeep\n|turn|7\n|inactive|Time left: 300 sec this turn | 300 sec total\n|\n|t:|1783556005\n|move|p2a: Serperior|Substitute|p2a: Serperior\n|-start|p2a: Serperior|Substitute\n|-damage|p2a: Serperior|92/248\n|move|p1a: Goodra|Knock Off|p2a: Serperior\n|-end|p2a: Serperior|Substitute\n|\n|-heal|p2a: Serperior|107/248|[from] item: Leftovers\n|upkeep\n|turn|8\n|inactive|Time left: 300 sec this turn | 300 sec total\n|\n|t:|1783556006\n|move|p2a: Serperior|Substitute|p2a: Serperior\n|-start|p2a: Serperior|Substitute\n|-damage|p2a: Serperior|45/248\n|move|p1a: Goodra|Knock Off|p2a: Serperior\n|-end|p2a: Serperior|Substitute\n|\n|-heal|p2a: Serperior|60/248|[from] item: Leftovers\n|upkeep\n|turn|9\n|inactive|Time left: 300 sec this turn | 300 sec total\n|\n|t:|1783556008\n|move|p2a: Serperior|Dragon Pulse|p1a: Goodra\n|-supereffective|p1a: Goodra\n|-crit|p1a: Goodra\n|-damage|p1a: Goodra|79/100\n|move|p1a: Goodra|Knock Off|p2a: Serperior\n|-damage|p2a: Serperior|0 fnt\n|-enditem|p2a: Serperior|Leftovers|[from] move: Knock Off|[of] p1a: Goodra\n|faint|p2a: Serperior\n|\n|upkeep\n|inactive|Time left: 300 sec this turn | 300 sec total | 5 sec grace\n|\n|t:|1783556010\n|switch|p2a: Dragapult|Dragapult, L77, M|262/262\n|turn|10\n|inactive|Time left: 300 sec this turn | 300 sec total\n|\n|t:|1783556011\n|-terastallize|p1a: Goodra|Grass\n|move|p2a: Dragapult|Dragon Darts|p1a: Goodra\n|-damage|p1a: Goodra|58/100\n|-anim|p2a: Dragapult|Dragon Darts|p1a: Goodra\n|-damage|p1a: Goodra|35/100\n|move|p1a: Goodra|Knock Off|p2a: Dragapult\n|-supereffective|p2a: Dragapult\n|-damage|p2a: Dragapult|16/262\n|-enditem|p2a: Dragapult|Heavy-Duty Boots|[from] move: Knock Off|[of] p1a: Goodra\n|\n|upkeep\n|turn|11\n|inactive|Time left: 300 sec this turn | 300 sec total\n|\n|t:|1783556013\n|switch|p1a: Primarina|Primarina, L83, M|24/100\n|move|p2a: Dragapult|U-turn|p1a: Primarina\n|-resisted|p1a: Primarina\n|-damage|p1a: Primarina|12/100\n|inactive|Time left: 300 sec this turn | 300 sec total | 5 sec grace\n|\n|t:|1783556014\n|switch|p2a: Electivire|Electivire, L84, M|263/263|[from] U-turn\n|\n|upkeep\n|turn|12\n|inactive|Time left: 300 sec this turn | 300 sec total\n|\n|t:|1783556015\n|switch|p1a: Lunala|Lunala, L70|100/100\n|move|p2a: Electivire|Supercell Slam|p1a: Lunala\n|-damage|p1a: Lunala|69/100\n|-damage|p2a: Electivire|237/263|[from] item: Life Orb\n|\n|-heal|p1a: Lunala|75/100|[from] item: Leftovers\n|upkeep\n|turn|13\n|inactive|Time left: 300 sec this turn | 300 sec total\n|\n|t:|1783556016\n|switch|p1a: Flygon|Flygon, L82, F|100/100\n|move|p2a: Electivire|Supercell Slam|p1a: Flygon\n|-immune|p1a: Flygon\n|-damage|p2a: Electivire|106/263|[from] supercellslam\n|\n|upkeep\n|turn|14\n|inactive|Time left: 300 sec this turn | 300 sec total\n|\n|t:|1783556017\n|move|p1a: Flygon|Outrage|p2a: Electivire\n|-damage|p2a: Electivire|0 fnt\n|faint|p2a: Electivire\n|\n|upkeep\n|inactive|Time left: 300 sec this turn | 300 sec total | 5 sec grace\n|\n|t:|1783556018\n|switch|p2a: Dragapult|Dragapult, L77, M|16/262\n|turn|15\n|inactive|Time left: 300 sec this turn | 300 sec total\n|\n|t:|1783556020\n|-terastallize|p2a: Dragapult|Fairy\n|move|p2a: Dragapult|Dragon Darts|p1a: Flygon\n|-supereffective|p1a: Flygon\n|-damage|p1a: Flygon|55/100\n|-anim|p2a: Dragapult|Dragon Darts|p1a: Flygon\n|-supereffective|p1a: Flygon\n|-damage|p1a: Flygon|9/100\n|move|p1a: Flygon|Outrage|p2a: Dragapult|[from] lockedmove\n|-immune|p2a: Dragapult\n|\n|upkeep\n|turn|16\n|inactive|Time left: 300 sec this turn | 300 sec total\n|\n|t:|1783556021\n|move|p2a: Dragapult|Dragon Darts|p1a: Flygon\n|-supereffective|p1a: Flygon\n|-damage|p1a: Flygon|0 fnt\n|faint|p1a: Flygon\n|\n|upkeep\n|\n|t:|1783556022\n|switch|p1a: Urshifu|Urshifu-Rapid-Strike, L75, F|100/100\n|turn|17\n|inactive|Time left: 300 sec this turn | 300 sec total\n|\n|t:|1783556023\n|move|p1a: Urshifu|Aqua Jet|p2a: Dragapult\n|-crit|p2a: Dragapult\n|-damage|p2a: Dragapult|0 fnt\n|-start|p1a: Urshifu|Disable|Aqua Jet|[from] ability: Cursed Body|[of] p2a: Dragapult\n|faint|p2a: Dragapult\n|\n|upkeep\n|inactive|Time left: 300 sec this turn | 300 sec total | 5 sec grace\n|\n|t:|1783556024\n|switch|p2a: Infernape|Infernape, L82, M|259/259\n|turn|18\n|inactive|Time left: 300 sec this turn | 300 sec total\n|\n|t:|1783556025\n|switch|p1a: Lunala|Lunala, L70|75/100\n|move|p2a: Infernape|Grass Knot|p1a: Lunala\n|-crit|p1a: Lunala\n|-damage|p1a: Lunala|30/100\n|-damage|p2a: Infernape|234/259|[from] item: Life Orb\n|\n|-heal|p1a: Lunala|37/100|[from] item: Leftovers\n|upkeep\n|turn|19\n|inactive|Time left: 300 sec this turn | 300 sec total\n|\n|t:|1783556026\n|move|p2a: Infernape|Overheat|p1a: Lunala\n|-crit|p1a: Lunala\n|-damage|p1a: Lunala|0 fnt\n|-unboost|p2a: Infernape|spa|2\n|faint|p1a: Lunala\n|-damage|p2a: Infernape|209/259|[from] item: Life Orb\n|\n|upkeep\n|\n|t:|1783556027\n|switch|p1a: Urshifu|Urshifu-Rapid-Strike, L75, F|100/100\n|turn|20\n|inactive|Time left: 300 sec this turn | 300 sec total\n|\n|t:|1783556028\n|move|p2a: Infernape|Close Combat|p1a: Urshifu\n|-damage|p1a: Urshifu|35/100\n|-unboost|p2a: Infernape|def|1\n|-unboost|p2a: Infernape|spd|1\n|-damage|p2a: Infernape|184/259|[from] item: Life Orb\n|move|p1a: Urshifu|Close Combat|p2a: Infernape\n|-damage|p2a: Infernape|0 fnt\n|-unboost|p1a: Urshifu|def|1\n|-unboost|p1a: Urshifu|spd|1\n|faint|p2a: Infernape\n|\n|upkeep\n|inactive|Time left: 300 sec this turn | 300 sec total | 5 sec grace\n|\n|t:|1783556029\n|switch|p2a: Lycanroc|Lycanroc, L86, M|269/269\n|turn|21\n|inactive|Time left: 300 sec this turn | 300 sec total\n|\n|t:|1783556030\n|move|p2a: Lycanroc|Psychic Fangs|p1a: Urshifu\n|-supereffective|p1a: Urshifu\n|-damage|p1a: Urshifu|0 fnt\n|faint|p1a: Urshifu\n|-damage|p2a: Lycanroc|243/269|[from] item: Life Orb\n|\n|upkeep\n|\n|t:|1783556031\n|switch|p1a: Goodra|Goodra, L85, M, tera:Grass|35/100\n|turn|22\n|inactive|Time left: 300 sec this turn | 300 sec total\n|\n|t:|1783556031\n|move|p2a: Lycanroc|Psychic Fangs|p1a: Goodra\n|-damage|p1a: Goodra|1/100\n|-damage|p2a: Lycanroc|217/269|[from] item: Life Orb\n|move|p1a: Goodra|Power Whip|p2a: Lycanroc\n|-supereffective|p2a: Lycanroc\n|-damage|p2a: Lycanroc|0 fnt\n|faint|p2a: Lycanroc\n|\n|win|p0x1377e3f8", "uploadtime": 1783556031, "views": 0, "rating": 0, "private": 0, "password": null, "_winner": "p0x1377e3f8", "_our_name": "p0y1377b620"}