{"id": "battle-gen9randombattle-2589", "formatid": "gen9randombattle", "format": "[Gen 9] Random Battle", "players": ["p0x2589080b", "p0y25895352"], "log": "|init|battle\n|title|p0x2589080b vs. p0y25895352\n|j|\u2606p0x2589080b\n|j|\u2606p0y25895352\n|t:|1783569903\n|gametype|singles\n|player|p1|p0x2589080b|266|\n|player|p2|p0y25895352|101|\n|gen|9\n|tier|[Gen 9] Random Battle\n|rule|Species Clause: Limit one of each Pok\u00e9mon\n|rule|HP Percentage Mod: HP is shown in percentages\n|rule|Sleep Clause Mod: Limit one foe put to sleep\n|rule|Illusion Level Mod: Illusion disguises the Pok\u00e9mon's true level\n|\n|t:|1783569903\n|teamsize|p1|6\n|teamsize|p2|6\n|start\n|switch|p1a: Masquerain|Masquerain, L87, F|100/100\n|switch|p2a: Glimmora|Glimmora, L75, M|248/248\n|-ability|p1a: Masquerain|Intimidate|boost\n|-unboost|p2a: Glimmora|atk|1\n|turn|1\n|inactive|Battle timer is ON: inactive players will automatically lose when time's up. (requested by p0y25895352)\n|inactive|p0x2589080b also wants the timer to be on.\n|\n|t:|1783569904\n|switch|p2a: Zacian|Zacian-Crowned, L64|225/225\n|-ability|p2a: Zacian|Intrepid Sword|boost\n|-boost|p2a: Zacian|atk|1\n|move|p1a: Masquerain|Hurricane|p2a: Zacian\n|-resisted|p2a: Zacian\n|-damage|p2a: Zacian|153/225\n|\n|upkeep\n|turn|2\n|inactive|Time left: 300 sec this turn | 300 sec total\n|\n|t:|1783569906\n|move|p2a: Zacian|Behemoth Blade|p1a: Masquerain\n|-damage|p1a: Masquerain|40/100\n|move|p1a: Masquerain|Quiver Dance|p1a: Masquerain\n|-boost|p1a: Masquerain|spa|1\n|-boost|p1a: Masquerain|spd|1\n|-boost|p1a: Masquerain|spe|1\n|\n|upkeep\n|turn|3\n|inactive|Time left: 300 sec this turn | 300 sec total\n|\n|t:|1783569907\n|-terastallize|p1a: Masquerain|Water\n|move|p1a: Masquerain|Hydro Pump|p2a: Zacian\n|-damage|p2a: Zacian|0 fnt\n|faint|p2a: Zacian\n|\n|upkeep\n|inactive|Time left: 300 sec this turn | 300 sec total | 5 sec grace\n|\n|t:|1783569907\n|switch|p2a: Lurantis|Lurantis, L87, M|264/264\n|turn|4\n|inactive|Time left: 300 sec this turn | 300 sec total\n|\n|t:|1783569909\n|move|p1a: Masquerain|Hurricane|p2a: Lurantis\n|-supereffective|p2a: Lurantis\n|-damage|p2a: Lurantis|18/264\n|-start|p2a: Lurantis|confusion\n|-activate|p2a: Lurantis|confusion\n|move|p2a: Lurantis|Superpower|p1a: Masquerain\n|-damage|p1a: Masquerain|0 fnt\n|-boost|p2a: Lurantis|atk|1\n|-boost|p2a: Lurantis|def|1\n|faint|p1a: Masquerain\n|\n|upkeep\n|\n|t:|1783569909\n|switch|p1a: Mesprit|Mesprit, L85|100/100\n|turn|5\n|inactive|Time left: 300 sec this turn | 300 sec total\n|\n|t:|1783569910\n|switch|p2a: Skuntank|Skuntank, L84, F|310/310\n|move|p1a: Mesprit|Knock Off|p2a: Skuntank\n|-resisted|p2a: Skuntank\n|-damage|p2a: Skuntank|263/310\n|-enditem|p2a: Skuntank|Assault Vest|[from] move: Knock Off|[of] p1a: Mesprit\n|\n|upkeep\n|turn|6\n|inactive|Time left: 300 sec this turn | 300 sec total\n|\n|t:|1783569911\n|switch|p1a: Klawf|Klawf, L90, F|100/100\n|move|p2a: Skuntank|Knock Off|p1a: Klawf\n|-damage|p1a: Klawf|72/100\n|-enditem|p1a: Klawf|Life Orb|[from] move: Knock Off|[of] p2a: Skuntank\n|\n|upkeep\n|turn|7\n|inactive|Time left: 300 sec this turn | 300 sec total\n|\n|t:|1783569912\n|switch|p2a: Meganium|Meganium, L90, F|290/290\n|move|p1a: Klawf|Stealth Rock|p2a: Meganium\n|-sidestart|p2: p0y25895352|move: Stealth Rock\n|\n|upkeep\n|turn|8\n|inactive|Time left: 300 sec this turn | 300 sec total\n|\n|t:|1783569913\n|switch|p1a: Zarude|Zarude-Dada, L77|100/100\n|move|p2a: Meganium|Swords Dance|p2a: Meganium\n|-boost|p2a: Meganium|atk|2\n|\n|upkeep\n|turn|9\n|inactive|Time left: 300 sec this turn | 300 sec total\n|\n|t:|1783569914\n|move|p1a: Zarude|Swords Dance|p1a: Zarude\n|-boost|p1a: Zarude|atk|2\n|move|p2a: Meganium|Swords Dance|p2a: Meganium\n|-boost|p2a: Meganium|atk|2\n|\n|upkeep\n|turn|10\n|inactive|Time left: 300 sec this turn | 300 sec total\n|\n|t:|1783569914\n|move|p1a: Zarude|Knock Off|p2a: Meganium\n|-damage|p2a: Meganium|82/290\n|-enditem|p2a: Meganium|Leftovers|[from] move: Knock Off|[of] p1a: Zarude\n|-damage|p1a: Zarude|91/100|[from] item: Life Orb\n|move|p2a: Meganium|Petal Blizzard|p1a: Zarude\n|-resisted|p1a: Zarude\n|-damage|p1a: Zarude|24/100\n|\n|upkeep\n|turn|11\n|inactive|Time left: 300 sec this turn | 300 sec total\n|\n|t:|1783569915\n|move|p1a: Zarude|Knock Off|p2a: Meganium\n|-damage|p2a: Meganium|0 fnt\n|faint|p2a: Meganium\n|-damage|p1a: Zarude|14/100|[from] item: Life Orb\n|\n|upkeep\n|inactive|Time left: 300 sec this turn | 300 sec total | 5 sec grace\n|\n|t:|1783569916\n|switch|p2a: Dragapult|Dragapult, L77, F|262/262\n|-damage|p2a: Dragapult|230/262|[from] Stealth Rock\n|turn|12\n|inactive|Time left: 300 sec this turn | 300 sec total\n|\n|t:|1783569917\n|switch|p1a: Klawf|Klawf, L90, F|100/100\n|move|p2a: Dragapult|Dragon Darts|p1a: Klawf\n|-damage|p1a: Klawf|80/100\n|-anim|p2a: Dragapult|Dragon Darts|p1a: Klawf\n|-damage|p1a: Klawf|59/100\n|-damage|p2a: Dragapult|204/262|[from] item: Life Orb\n|\n|upkeep\n|turn|13\n|inactive|Time left: 300 sec this turn | 300 sec total\n|\n|t:|1783569918\n|move|p2a: Dragapult|Dragon Dance|p2a: Dragapult\n|-boost|p2a: Dragapult|atk|1\n|-boost|p2a: Dragapult|spe|1\n|move|p1a: Klawf|Knock Off|p2a: Dragapult\n|-supereffective|p2a: Dragapult\n|-damage|p2a: Dragapult|0 fnt\n|-enditem|p2a: Dragapult|Life Orb|[from] move: Knock Off|[of] p1a: Klawf\n|faint|p2a: Dragapult\n|\n|upkeep\n|inactive|Time left: 300 sec this turn | 300 sec total | 5 sec grace\n|\n|t:|1783569919\n|switch|p2a: Glimmora|Glimmora, L75, M|248/248\n|-damage|p2a: Glimmora|217/248|[from] Stealth Rock\n|turn|14\n|inactive|Time left: 300 sec this turn | 300 sec total\n|\n|t:|1783569920\n|switch|p1a: Mesprit|Mesprit, L85|100/100\n|move|p2a: Glimmora|Stealth Rock|p1a: Mesprit\n|-sidestart|p1: p0x2589080b|move: Stealth Rock\n|\n|upkeep\n|turn|15\n|inactive|Time left: 300 sec this turn | 300 sec total\n|\n|t:|1783569921\n|switch|p2a: Skuntank|Skuntank, L84, F|263/310\n|-damage|p2a: Skuntank|225/310|[from] Stealth Rock\n|move|p1a: Mesprit|Ice Beam|p2a: Skuntank\n|-damage|p2a: Skuntank|133/310\n|\n|upkeep\n|turn|16\n|inactive|Time left: 300 sec this turn | 300 sec total\n|\n|t:|1783569923\n|switch|p1a: Klawf|Klawf, L90, F|92/100\n|-damage|p1a: Klawf|79/100|[from] Stealth Rock\n|move|p2a: Skuntank|Knock Off|p1a: Klawf\n|-damage|p1a: Klawf|62/100\n|\n|upkeep\n|turn|17\n|inactive|Time left: 300 sec this turn | 300 sec total\n|\n|t:|1783569924\n|move|p2a: Skuntank|Knock Off|p1a: Klawf\n|-damage|p1a: Klawf|44/100\n|move|p1a: Klawf|Stone Edge|p2a: Skuntank|[miss]\n|-miss|p1a: Klawf|p2a: Skuntank\n|\n|upkeep\n|turn|18\n|inactive|Time left: 300 sec this turn | 300 sec total\n|\n|t:|1783569925\n|move|p2a: Skuntank|Knock Off|p1a: Klawf\n|-damage|p1a: Klawf|26/100\n|move|p1a: Klawf|Stone Edge|p2a: Skuntank\n|-damage|p2a: Skuntank|0 fnt\n|faint|p2a: Skuntank\n|\n|upkeep\n|inactive|Time left: 300 sec this turn | 300 sec total | 5 sec grace\n|\n|t:|1783569926\n|switch|p2a: Glimmora|Glimmora, L75, M|217/248\n|-damage|p2a: Glimmora|186/248|[from] Stealth Rock\n|turn|19\n|inactive|Time left: 300 sec this turn | 300 sec total\n|\n|t:|1783569927\n|-terastallize|p2a: Glimmora|Ground\n|move|p1a: Klawf|Crabhammer|p2a: Glimmora\n|-supereffective|p2a: Glimmora\n|-crit|p2a: Glimmora\n|-damage|p2a: Glimmora|0 fnt\n|-activate|p2a: Glimmora|ability: Toxic Debris\n|-sidestart|p1: p0x2589080b|move: Toxic Spikes\n|faint|p2a: Glimmora\n|\n|upkeep\n|inactive|Time left: 300 sec this turn | 300 sec total | 5 sec grace\n|\n|t:|1783569928\n|switch|p2a: Lurantis|Lurantis, L87, M|18/264\n|-damage|p2a: Lurantis|0 fnt|[from] Stealth Rock\n|faint|p2a: Lurantis\n|\n|win|p0x2589080b", "uploadtime": 1783569928, "views": 0, "rating": 0, "private": 0, "password": null, "_winner": "p0x2589080b", "_our_name": "p0y25895352"}