{"id": "battle-gen9randombattle-2883", "formatid": "gen9randombattle", "format": "[Gen 9] Random Battle", "players": ["p0x2883a8f5", "p0y2883b4fd"], "log": "|init|battle\n|title|p0x2883a8f5 vs. p0y2883b4fd\n|j|\u2606p0x2883a8f5\n|j|\u2606p0y2883b4fd\n|t:|1783572257\n|gametype|singles\n|player|p1|p0x2883a8f5|169|\n|player|p2|p0y2883b4fd|170|\n|gen|9\n|tier|[Gen 9] Random Battle\n|rule|Species Clause: Limit one of each Pok\u00e9mon\n|rule|HP Percentage Mod: HP is shown in percentages\n|rule|Sleep Clause Mod: Limit one foe put to sleep\n|rule|Illusion Level Mod: Illusion disguises the Pok\u00e9mon's true level\n|\n|t:|1783572257\n|teamsize|p1|6\n|teamsize|p2|6\n|start\n|switch|p1a: Serperior|Serperior, L79, F|100/100\n|switch|p2a: Wo-Chien|Wo-Chien, L83|277/277\n|-ability|p2a: Wo-Chien|Tablets of Ruin\n|turn|1\n|inactive|Battle timer is ON: inactive players will automatically lose when time's up. (requested by p0y2883b4fd)\n|inactive|p0x2883a8f5 also wants the timer to be on.\n|\n|t:|1783572258\n|move|p1a: Serperior|Leaf Storm|p2a: Wo-Chien\n|-resisted|p2a: Wo-Chien\n|-damage|p2a: Wo-Chien|230/277\n|-boost|p1a: Serperior|spa|2\n|-damage|p1a: Serperior|91/100|[from] item: Life Orb\n|move|p2a: Wo-Chien|Knock Off|p1a: Serperior\n|-damage|p1a: Serperior|52/100\n|-enditem|p1a: Serperior|Life Orb|[from] move: Knock Off|[of] p2a: Wo-Chien\n|\n|-heal|p2a: Wo-Chien|247/277|[from] item: Leftovers\n|upkeep\n|turn|2\n|inactive|Time left: 300 sec this turn | 300 sec total\n|\n|t:|1783572259\n|move|p1a: Serperior|Leaf Storm|p2a: Wo-Chien\n|-resisted|p2a: Wo-Chien\n|-damage|p2a: Wo-Chien|173/277\n|-boost|p1a: Serperior|spa|2\n|move|p2a: Wo-Chien|Knock Off|p1a: Serperior\n|-damage|p1a: Serperior|28/100\n|\n|-heal|p2a: Wo-Chien|190/277|[from] item: Leftovers\n|upkeep\n|turn|3\n|inactive|Time left: 300 sec this turn | 300 sec total\n|\n|t:|1783572260\n|move|p1a: Serperior|Leaf Storm|p2a: Wo-Chien\n|-resisted|p2a: Wo-Chien\n|-damage|p2a: Wo-Chien|82/277\n|-boost|p1a: Serperior|spa|2\n|move|p2a: Wo-Chien|Knock Off|p1a: Serperior\n|-damage|p1a: Serperior|5/100\n|\n|-heal|p2a: Wo-Chien|99/277|[from] item: Leftovers\n|upkeep\n|turn|4\n|inactive|Time left: 300 sec this turn | 300 sec total\n|\n|t:|1783572260\n|move|p1a: Serperior|Synthesis|p1a: Serperior\n|-heal|p1a: Serperior|55/100\n|move|p2a: Wo-Chien|Knock Off|p1a: Serperior\n|-damage|p1a: Serperior|32/100\n|\n|-heal|p2a: Wo-Chien|116/277|[from] item: Leftovers\n|upkeep\n|turn|5\n|inactive|Time left: 300 sec this turn | 300 sec total\n|\n|t:|1783572261\n|move|p2a: Wo-Chien|Protect|p2a: Wo-Chien\n|-singleturn|p2a: Wo-Chien|Protect\n|move|p1a: Serperior|Synthesis|p1a: Serperior\n|-heal|p1a: Serperior|82/100\n|\n|-heal|p2a: Wo-Chien|133/277|[from] item: Leftovers\n|upkeep\n|turn|6\n|inactive|Time left: 300 sec this turn | 300 sec total\n|\n|t:|1783572262\n|move|p1a: Serperior|Leaf Storm|p2a: Wo-Chien|[miss]\n|-miss|p1a: Serperior|p2a: Wo-Chien\n|move|p2a: Wo-Chien|Knock Off|p1a: Serperior\n|-damage|p1a: Serperior|57/100\n|\n|-heal|p2a: Wo-Chien|150/277|[from] item: Leftovers\n|upkeep\n|turn|7\n|inactive|Time left: 300 sec this turn | 300 sec total\n|\n|t:|1783572262\n|move|p2a: Wo-Chien|Protect|p2a: Wo-Chien\n|-singleturn|p2a: Wo-Chien|Protect\n|move|p1a: Serperior|Tera Blast|p2a: Wo-Chien\n|-activate|p2a: Wo-Chien|move: Protect\n|\n|-heal|p2a: Wo-Chien|167/277|[from] item: Leftovers\n|upkeep\n|turn|8\n|inactive|Time left: 300 sec this turn | 300 sec total\n|\n|t:|1783572263\n|move|p1a: Serperior|Leaf Storm|p2a: Wo-Chien|[miss]\n|-miss|p1a: Serperior|p2a: Wo-Chien\n|move|p2a: Wo-Chien|Knock Off|p1a: Serperior\n|-damage|p1a: Serperior|30/100\n|\n|-heal|p2a: Wo-Chien|184/277|[from] item: Leftovers\n|upkeep\n|turn|9\n|inactive|Time left: 300 sec this turn | 300 sec total\n|\n|t:|1783572264\n|move|p1a: Serperior|Synthesis|p1a: Serperior\n|-heal|p1a: Serperior|80/100\n|move|p2a: Wo-Chien|Knock Off|p1a: Serperior\n|-damage|p1a: Serperior|53/100\n|\n|-heal|p2a: Wo-Chien|201/277|[from] item: Leftovers\n|upkeep\n|turn|10\n|inactive|Time left: 300 sec this turn | 300 sec total\n|\n|t:|1783572264\n|move|p2a: Wo-Chien|Protect|p2a: Wo-Chien\n|-singleturn|p2a: Wo-Chien|Protect\n|move|p1a: Serperior|Leaf Storm|p2a: Wo-Chien\n|-activate|p2a: Wo-Chien|move: Protect\n|\n|-heal|p2a: Wo-Chien|218/277|[from] item: Leftovers\n|upkeep\n|turn|11\n|inactive|Time left: 300 sec this turn | 300 sec total\n|\n|t:|1783572265\n|move|p1a: Serperior|Leaf Storm|p2a: Wo-Chien\n|-resisted|p2a: Wo-Chien\n|-damage|p2a: Wo-Chien|65/277\n|move|p2a: Wo-Chien|Knock Off|p1a: Serperior\n|-damage|p1a: Serperior|27/100\n|\n|-heal|p2a: Wo-Chien|82/277|[from] item: Leftovers\n|upkeep\n|turn|12\n|inactive|Time left: 300 sec this turn | 300 sec total\n|\n|t:|1783572266\n|move|p2a: Wo-Chien|Protect|p2a: Wo-Chien\n|-singleturn|p2a: Wo-Chien|Protect\n|move|p1a: Serperior|Synthesis|p1a: Serperior\n|-heal|p1a: Serperior|77/100\n|\n|-heal|p2a: Wo-Chien|99/277|[from] item: Leftovers\n|upkeep\n|turn|13\n|inactive|Time left: 300 sec this turn | 300 sec total\n|\n|t:|1783572267\n|move|p2a: Wo-Chien|Protect|p2a: Wo-Chien\n|-singleturn|p2a: Wo-Chien|Protect\n|move|p1a: Serperior|Tera Blast|p2a: Wo-Chien\n|-activate|p2a: Wo-Chien|move: Protect\n|\n|-heal|p2a: Wo-Chien|116/277|[from] item: Leftovers\n|upkeep\n|turn|14\n|inactive|Time left: 300 sec this turn | 300 sec total\n|\n|t:|1783572268\n|move|p1a: Serperior|Leaf Storm|p2a: Wo-Chien\n|-resisted|p2a: Wo-Chien\n|-damage|p2a: Wo-Chien|0 fnt\n|faint|p2a: Wo-Chien\n|\n|upkeep\n|inactive|Time left: 300 sec this turn | 300 sec total | 5 sec grace\n|\n|t:|1783572269\n|switch|p2a: Hypno|Hypno, L95, M|315/315\n|turn|15\n|inactive|Time left: 300 sec this turn | 300 sec total\n|\n|t:|1783572270\n|move|p1a: Serperior|Tera Blast|p2a: Hypno\n|-damage|p2a: Hypno|206/315\n|move|p2a: Hypno|Psychic Noise|p1a: Serperior\n|-damage|p1a: Serperior|41/100\n|-start|p1a: Serperior|move: Heal Block\n|\n|-heal|p2a: Hypno|225/315|[from] item: Leftovers\n|upkeep\n|turn|16\n|inactive|Time left: 300 sec this turn | 300 sec total\n|\n|t:|1783572271\n|move|p1a: Serperior|Tera Blast|p2a: Hypno\n|-damage|p2a: Hypno|100/315\n|move|p2a: Hypno|Psychic Noise|p1a: Serperior\n|-damage|p1a: Serperior|7/100\n|\n|-heal|p2a: Hypno|119/315|[from] item: Leftovers\n|-end|p1a: Serperior|move: Heal Block\n|upkeep\n|turn|17\n|inactive|Time left: 300 sec this turn | 300 sec total\n|\n|t:|1783572272\n|move|p1a: Serperior|Synthesis|p1a: Serperior\n|-heal|p1a: Serperior|57/100\n|move|p2a: Hypno|Psychic Noise|p1a: Serperior\n|-damage|p1a: Serperior|24/100\n|-start|p1a: Serperior|move: Heal Block\n|\n|-heal|p2a: Hypno|138/315|[from] item: Leftovers\n|upkeep\n|turn|18\n|inactive|Time left: 300 sec this turn | 300 sec total\n|\n|t:|1783572273\n|-terastallize|p1a: Serperior|Fire\n|move|p1a: Serperior|Tera Blast|p2a: Hypno|[anim] Tera Blast Fire\n|-damage|p2a: Hypno|0 fnt\n|faint|p2a: Hypno\n|\n|-end|p1a: Serperior|move: Heal Block\n|upkeep\n|inactive|Time left: 300 sec this turn | 300 sec total | 5 sec grace\n|\n|t:|1783572274\n|switch|p2a: Rotom|Rotom-Wash, L82|216/216\n|turn|19\n|inactive|Time left: 300 sec this turn | 300 sec total\n|\n|t:|1783572275\n|move|p1a: Serperior|Tera Blast|p2a: Rotom|[anim] Tera Blast Fire\n|-resisted|p2a: Rotom\n|-damage|p2a: Rotom|113/216\n|move|p2a: Rotom|Hydro Pump|p1a: Serperior|[miss]\n|-miss|p2a: Rotom|p1a: Serperior\n|\n|-heal|p2a: Rotom|126/216|[from] item: Leftovers\n|upkeep\n|turn|20\n|inactive|Time left: 300 sec this turn | 300 sec total\n|\n|t:|1783572276\n|move|p1a: Serperior|Tera Blast|p2a: Rotom|[anim] Tera Blast Fire\n|-resisted|p2a: Rotom\n|-crit|p2a: Rotom\n|-damage|p2a: Rotom|0 fnt\n|faint|p2a: Rotom\n|\n|upkeep\n|inactive|Time left: 300 sec this turn | 300 sec total | 5 sec grace\n|\n|t:|1783572277\n|switch|p2a: Torkoal|Torkoal, L88, F|266/266\n|-weather|SunnyDay|[from] ability: Drought|[of] p2a: Torkoal\n|turn|21\n|inactive|Time left: 300 sec this turn | 300 sec total\n|\n|t:|1783572278\n|move|p1a: Serperior|Synthesis|p1a: Serperior\n|-heal|p1a: Serperior|91/100\n|move|p2a: Torkoal|Earthquake|p1a: Serperior\n|-supereffective|p1a: Serperior\n|-damage|p1a: Serperior|38/100\n|\n|-weather|SunnyDay|[upkeep]\n|upkeep\n|turn|22\n|inactive|Time left: 300 sec this turn | 300 sec total\n|\n|t:|1783572279\n|move|p1a: Serperior|Tera Blast|p2a: Torkoal|[anim] Tera Blast Fire\n|-resisted|p2a: Torkoal\n|-damage|p2a: Torkoal|44/266\n|move|p2a: Torkoal|Earthquake|p1a: Serperior\n|-supereffective|p1a: Serperior\n|-damage|p1a: Serperior|0 fnt\n|faint|p1a: Serperior\n|\n|-weather|SunnyDay|[upkeep]\n|upkeep\n|\n|t:|1783572280\n|switch|p1a: Tyranitar|Tyranitar, L78, M|100/100\n|-weather|Sandstorm|[from] ability: Sand Stream|[of] p1a: Tyranitar\n|turn|23\n|inactive|Time left: 300 sec this turn | 300 sec total\n|\n|t:|1783572282\n|move|p1a: Tyranitar|Earthquake|p2a: Torkoal\n|-supereffective|p2a: Torkoal\n|-damage|p2a: Torkoal|0 fnt\n|faint|p2a: Torkoal\n|\n|-weather|Sandstorm|[upkeep]\n|upkeep\n|inactive|Time left: 300 sec this turn | 300 sec total | 5 sec grace\n|\n|t:|1783572283\n|switch|p2a: Vikavolt|Vikavolt, L83, F|263/263\n|turn|24\n|inactive|Time left: 300 sec this turn | 300 sec total\n|\n|t:|1783572284\n|-terastallize|p2a: Vikavolt|Electric\n|move|p1a: Tyranitar|Stone Edge|p2a: Vikavolt\n|-damage|p2a: Vikavolt|151/263\n|move|p2a: Vikavolt|Sticky Web|p1a: Tyranitar\n|-sidestart|p1: p0x2883a8f5|move: Sticky Web\n|\n|-weather|Sandstorm|[upkeep]\n|-damage|p2a: Vikavolt|135/263|[from] Sandstorm\n|upkeep\n|turn|25\n|inactive|Time left: 300 sec this turn | 300 sec total\n|\n|t:|1783572285\n|move|p1a: Tyranitar|Dragon Dance|p1a: Tyranitar\n|-boost|p1a: Tyranitar|atk|1\n|-boost|p1a: Tyranitar|spe|1\n|move|p2a: Vikavolt|Discharge|p1a: Tyranitar\n|-damage|p1a: Tyranitar|67/100\n|-status|p1a: Tyranitar|par\n|\n|-weather|Sandstorm|[upkeep]\n|-damage|p2a: Vikavolt|119/263|[from] Sandstorm\n|upkeep\n|turn|26\n|inactive|Time left: 300 sec this turn | 300 sec total\n|\n|t:|1783572286\n|move|p2a: Vikavolt|Bug Buzz|p1a: Tyranitar\n|-supereffective|p1a: Tyranitar\n|-damage|p1a: Tyranitar|10/100 par\n|-enditem|p1a: Tyranitar|Weakness Policy\n|-boost|p1a: Tyranitar|atk|2|[from] item: Weakness Policy\n|-boost|p1a: Tyranitar|spa|2|[from] item: Weakness Policy\n|move|p1a: Tyranitar|Knock Off|p2a: Vikavolt\n|-damage|p2a: Vikavolt|0 fnt\n|-enditem|p2a: Vikavolt|Heavy-Duty Boots|[from] move: Knock Off|[of] p1a: Tyranitar\n|faint|p2a: Vikavolt\n|\n|-weather|Sandstorm|[upkeep]\n|upkeep\n|inactive|Time left: 300 sec this turn | 300 sec total | 5 sec grace\n|\n|t:|1783572287\n|switch|p2a: Deoxys|Deoxys-Defense, L84|221/221\n|-ability|p2a: Deoxys|Pressure\n|turn|27\n|inactive|Time left: 300 sec this turn | 300 sec total\n|\n|t:|1783572288\n|move|p2a: Deoxys|Night Shade|p1a: Tyranitar\n|-damage|p1a: Tyranitar|0 fnt\n|faint|p1a: Tyranitar\n|\n|-weather|none\n|upkeep\n|\n|t:|1783572289\n|switch|p1a: Cacturne|Cacturne, L92, F|100/100\n|-activate|p1a: Cacturne|move: Sticky Web\n|-unboost|p1a: Cacturne|spe|1\n|turn|28\n|inactive|Time left: 300 sec this turn | 300 sec total\n|\n|t:|1783572290\n|move|p2a: Deoxys|Cosmic Power|p2a: Deoxys\n|-boost|p2a: Deoxys|def|1\n|-boost|p2a: Deoxys|spd|1\n|move|p1a: Cacturne|Knock Off|p2a: Deoxys\n|-supereffective|p2a: Deoxys\n|-damage|p2a: Deoxys|86/221\n|-enditem|p2a: Deoxys|Leftovers|[from] move: Knock Off|[of] p1a: Cacturne\n|-damage|p1a: Cacturne|91/100|[from] item: Life Orb\n|\n|upkeep\n|turn|29\n|inactive|Time left: 300 sec this turn | 300 sec total\n|\n|t:|1783572291\n|move|p2a: Deoxys|Recover|p2a: Deoxys\n|-heal|p2a: Deoxys|197/221\n|move|p1a: Cacturne|Knock Off|p2a: Deoxys\n|-supereffective|p2a: Deoxys\n|-damage|p2a: Deoxys|103/221\n|-damage|p1a: Cacturne|81/100|[from] item: Life Orb\n|\n|upkeep\n|turn|30\n|inactive|Time left: 300 sec this turn | 300 sec total\n|\n|t:|1783572292\n|move|p2a: Deoxys|Recover|p2a: Deoxys\n|-heal|p2a: Deoxys|214/221\n|move|p1a: Cacturne|Knock Off|p2a: Deoxys\n|-supereffective|p2a: Deoxys\n|-damage|p2a: Deoxys|113/221\n|-damage|p1a: Cacturne|71/100|[from] item: Life Orb\n|\n|upkeep\n|turn|31\n|inactive|Time left: 300 sec this turn | 300 sec total\n|\n|t:|1783572293\n|move|p2a: Deoxys|Recover|p2a: Deoxys\n|-heal|p2a: Deoxys|221/221\n|move|p1a: Cacturne|Knock Off|p2a: Deoxys\n|-supereffective|p2a: Deoxys\n|-damage|p2a: Deoxys|109/221\n|-damage|p1a: Cacturne|62/100|[from] item: Life Orb\n|\n|upkeep\n|turn|32\n|inactive|Time left: 300 sec this turn | 300 sec total\n|\n|t:|1783572294\n|move|p2a: Deoxys|Recover|p2a: Deoxys\n|-heal|p2a: Deoxys|220/221\n|move|p1a: Cacturne|Knock Off|p2a: Deoxys\n|-supereffective|p2a: Deoxys\n|-damage|p2a: Deoxys|116/221\n|-damage|p1a: Cacturne|52/100|[from] item: Life Orb\n|\n|upkeep\n|turn|33\n|inactive|Time left: 300 sec this turn | 300 sec total\n|\n|t:|1783572295\n|move|p2a: Deoxys|Night Shade|p1a: Cacturne\n|-damage|p1a: Cacturne|22/100\n|move|p1a: Cacturne|Knock Off|p2a: Deoxys\n|-supereffective|p2a: Deoxys\n|-damage|p2a: Deoxys|20/221\n|-damage|p1a: Cacturne|12/100|[from] item: Life Orb\n|\n|upkeep\n|turn|34\n|inactive|Time left: 300 sec this turn | 300 sec total\n|\n|t:|1783572296\n|move|p2a: Deoxys|Recover|p2a: Deoxys\n|-heal|p2a: Deoxys|131/221\n|move|p1a: Cacturne|Knock Off|p2a: Deoxys\n|-supereffective|p2a: Deoxys\n|-damage|p2a: Deoxys|35/221\n|-damage|p1a: Cacturne|2/100|[from] item: Life Orb\n|\n|upkeep\n|turn|35\n|inactive|Time left: 300 sec this turn | 300 sec total\n|\n|t:|1783572297\n|move|p2a: Deoxys|Recover|p2a: Deoxys\n|-heal|p2a: Deoxys|146/221\n|move|p1a: Cacturne|Knock Off|p2a: Deoxys\n|-supereffective|p2a: Deoxys\n|-damage|p2a: Deoxys|50/221\n|-damage|p1a: Cacturne|0 fnt|[from] item: Life Orb\n|faint|p1a: Cacturne\n|\n|upkeep\n|\n|t:|1783572297\n|switch|p1a: Hawlucha|Hawlucha, L80, F|100/100\n|turn|36\n|inactive|Time left: 300 sec this turn | 300 sec total\n|\n|t:|1783572298\n|move|p1a: Hawlucha|Swords Dance|p1a: Hawlucha\n|-boost|p1a: Hawlucha|atk|2\n|move|p2a: Deoxys|Recover|p2a: Deoxys\n|-heal|p2a: Deoxys|161/221\n|\n|upkeep\n|turn|37\n|inactive|Time left: 300 sec this turn | 300 sec total\n|\n|t:|1783572299\n|move|p1a: Hawlucha|Brave Bird|p2a: Deoxys\n|-damage|p2a: Deoxys|73/221\n|-damage|p1a: Hawlucha|89/100|[from] Recoil\n|move|p2a: Deoxys|Cosmic Power|p2a: Deoxys\n|-boost|p2a: Deoxys|def|1\n|-boost|p2a: Deoxys|spd|1\n|\n|upkeep\n|turn|38\n|inactive|Time left: 300 sec this turn | 300 sec total\n|\n|t:|1783572300\n|move|p1a: Hawlucha|Brave Bird|p2a: Deoxys\n|-damage|p2a: Deoxys|1/221\n|-damage|p1a: Hawlucha|80/100|[from] Recoil\n|move|p2a: Deoxys|Stored Power|p1a: Hawlucha\n|-supereffective|p1a: Hawlucha\n|-damage|p1a: Hawlucha|0 fnt\n|faint|p1a: Hawlucha\n|\n|upkeep\n|\n|t:|1783572301\n|switch|p1a: Iron Bundle|Iron Bundle, L78|100/100\n|-activate|p1a: Iron Bundle|move: Sticky Web\n|-unboost|p1a: Iron Bundle|spe|1\n|turn|39\n|inactive|Time left: 300 sec this turn | 300 sec total\n|\n|t:|1783572302\n|move|p2a: Deoxys|Recover|p2a: Deoxys\n|-heal|p2a: Deoxys|112/221\n|move|p1a: Iron Bundle|Ice Beam|p2a: Deoxys\n|-damage|p2a: Deoxys|66/221\n|\n|upkeep\n|turn|40\n|inactive|Time left: 300 sec this turn | 300 sec total\n|\n|t:|1783572303\n|move|p2a: Deoxys|Stored Power|p1a: Iron Bundle\n|-damage|p1a: Iron Bundle|42/100\n|move|p1a: Iron Bundle|Ice Beam|p2a: Deoxys\n|-damage|p2a: Deoxys|15/221\n|\n|upkeep\n|turn|41\n|inactive|Time left: 300 sec this turn | 300 sec total\n|\n|t:|1783572304\n|move|p2a: Deoxys|Stored Power|p1a: Iron Bundle\n|-damage|p1a: Iron Bundle|0 fnt\n|faint|p1a: Iron Bundle\n|-end|p1a: Iron Bundle|Quark Drive|[silent]\n|\n|upkeep\n|\n|t:|1783572305\n|switch|p1a: Golduck|Golduck, L90, M|100/100\n|-activate|p1a: Golduck|move: Sticky Web\n|-unboost|p1a: Golduck|spe|1\n|-ability|p1a: Golduck|Cloud Nine\n|turn|42\n|inactive|Time left: 300 sec this turn | 300 sec total\n|\n|t:|1783572305\n|move|p2a: Deoxys|Night Shade|p1a: Golduck\n|-damage|p1a: Golduck|72/100\n|move|p1a: Golduck|Grass Knot|p2a: Deoxys\n|-damage|p2a: Deoxys|0 fnt\n|faint|p2a: Deoxys\n|\n|win|p0x2883a8f5", "uploadtime": 1783572305, "views": 0, "rating": 0, "private": 0, "password": null, "_winner": "p0x2883a8f5", "_our_name": "p0y2883b4fd"}