{"id": "battle-gen9randombattle-70", "formatid": "gen9randombattle", "format": "[Gen 9] Random Battle", "players": ["p0x070b2f4", "p0y0700790"], "log": "|init|battle\n|title|p0x070b2f4 vs. p0y0700790\n|j|\u2606p0x070b2f4\n|j|\u2606p0y0700790\n|t:|1783539993\n|gametype|singles\n|player|p1|p0x070b2f4|1|\n|player|p2|p0y0700790|2|\n|gen|9\n|tier|[Gen 9] Random Battle\n|rule|Species Clause: Limit one of each Pok\u00e9mon\n|rule|HP Percentage Mod: HP is shown in percentages\n|rule|Sleep Clause Mod: Limit one foe put to sleep\n|rule|Illusion Level Mod: Illusion disguises the Pok\u00e9mon's true level\n|\n|t:|1783539993\n|teamsize|p1|6\n|teamsize|p2|6\n|start\n|switch|p1a: Farigiraf|Farigiraf, L90, F|100/100\n|switch|p2a: Persian|Persian, L92, M|269/269\n|turn|1\n|inactive|Battle timer is ON: inactive players will automatically lose when time's up. (requested by p0y0700790)\n|inactive|p0x070b2f4 also wants the timer to be on.\n|\n|t:|1783539994\n|switch|p1a: Moltres|Moltres, L81|100/100\n|move|p2a: Persian|Knock Off|p1a: Moltres\n|-damage|p1a: Moltres|76/100\n|-enditem|p1a: Moltres|Heavy-Duty Boots|[from] move: Knock Off|[of] p2a: Persian\n|\n|upkeep\n|turn|2\n|inactive|Time left: 300 sec this turn | 300 sec total\n|\n|t:|1783539996\n|switch|p2a: Charizard|Charizard, L85, F|271/271\n|move|p1a: Moltres|Fire Blast|p2a: Charizard\n|-resisted|p2a: Charizard\n|-damage|p2a: Charizard|202/271\n|\n|upkeep\n|turn|3\n|inactive|Time left: 300 sec this turn | 300 sec total\n|\n|t:|1783539997\n|move|p2a: Charizard|Swords Dance|p2a: Charizard\n|-boost|p2a: Charizard|atk|2\n|move|p1a: Moltres|Brave Bird|p2a: Charizard\n|-damage|p2a: Charizard|78/271\n|-damage|p1a: Moltres|61/100|[from] Recoil\n|\n|upkeep\n|turn|4\n|inactive|Time left: 300 sec this turn | 300 sec total\n|\n|t:|1783539998\n|switch|p1a: Grimmsnarl|Grimmsnarl, L83, M|100/100\n|move|p2a: Charizard|Outrage|p1a: Grimmsnarl\n|-immune|p1a: Grimmsnarl\n|\n|upkeep\n|turn|5\n|inactive|Time left: 300 sec this turn | 300 sec total\n|\n|t:|1783539999\n|move|p2a: Charizard|Swords Dance|p2a: Charizard\n|-boost|p2a: Charizard|atk|2\n|move|p1a: Grimmsnarl|Spirit Break|p2a: Charizard\n|-resisted|p2a: Charizard\n|-damage|p2a: Charizard|30/271\n|-unboost|p2a: Charizard|spa|1\n|\n|upkeep\n|turn|6\n|inactive|Time left: 300 sec this turn | 300 sec total\n|\n|t:|1783540001\n|move|p1a: Grimmsnarl|Reflect|p1a: Grimmsnarl\n|-sidestart|p1: p0x070b2f4|Reflect\n|move|p2a: Charizard|Flare Blitz|p1a: Grimmsnarl\n|-damage|p1a: Grimmsnarl|0 fnt\n|faint|p1a: Grimmsnarl\n|-damage|p2a: Charizard|0 fnt|[from] Recoil\n|faint|p2a: Charizard\n|\n|upkeep\n|inactive|Time left: 300 sec this turn | 300 sec total | 5 sec grace\n|\n|t:|1783540002\n|switch|p2a: Chimecho|Chimecho, L93, M|290/290\n|switch|p1a: Moltres|Moltres, L81|61/100\n|turn|7\n|inactive|Time left: 300 sec this turn | 300 sec total\n|\n|t:|1783540003\n|move|p1a: Moltres|Roost|p1a: Moltres\n|-heal|p1a: Moltres|100/100\n|-singleturn|p1a: Moltres|move: Roost\n|move|p2a: Chimecho|Psychic Noise|p1a: Moltres\n|-damage|p1a: Moltres|62/100\n|-start|p1a: Moltres|move: Heal Block\n|\n|upkeep\n|turn|8\n|inactive|Time left: 300 sec this turn | 300 sec total\n|\n|t:|1783540004\n|switch|p1a: Metagross|Metagross, L79|100/100\n|move|p2a: Chimecho|Psychic Noise|p1a: Metagross\n|-resisted|p1a: Metagross\n|-damage|p1a: Metagross|91/100\n|-start|p1a: Metagross|move: Heal Block\n|\n|upkeep\n|turn|9\n|inactive|Time left: 300 sec this turn | 300 sec total\n|\n|t:|1783540005\n|move|p2a: Chimecho|Knock Off|p1a: Metagross\n|-supereffective|p1a: Metagross\n|-damage|p1a: Metagross|75/100\n|-enditem|p1a: Metagross|Weakness Policy\n|-boost|p1a: Metagross|atk|2|[from] item: Weakness Policy\n|-boost|p1a: Metagross|spa|2|[from] item: Weakness Policy\n|move|p1a: Metagross|Knock Off|p2a: Chimecho\n|-supereffective|p2a: Chimecho\n|-damage|p2a: Chimecho|0 fnt\n|-enditem|p2a: Chimecho|Leftovers|[from] move: Knock Off|[of] p1a: Metagross\n|faint|p2a: Chimecho\n|\n|-end|p1a: Metagross|move: Heal Block\n|upkeep\n|inactive|Time left: 300 sec this turn | 300 sec total | 5 sec grace\n|\n|t:|1783540006\n|switch|p2a: Infernape|Infernape, L82, F|259/259\n|turn|10\n|inactive|Time left: 300 sec this turn | 300 sec total\n|\n|t:|1783540007\n|-terastallize|p2a: Infernape|Fire\n|move|p2a: Infernape|Flare Blitz|p1a: Metagross\n|-supereffective|p1a: Metagross\n|-damage|p1a: Metagross|4/100\n|-damage|p2a: Infernape|199/259|[from] Recoil\n|move|p1a: Metagross|Earthquake|p2a: Infernape\n|-supereffective|p2a: Infernape\n|-damage|p2a: Infernape|0 fnt\n|faint|p2a: Infernape\n|\n|upkeep\n|inactive|Time left: 300 sec this turn | 300 sec total | 5 sec grace\n|\n|t:|1783540008\n|switch|p2a: Persian|Persian, L92, M|269/269\n|turn|11\n|inactive|Time left: 300 sec this turn | 300 sec total\n|\n|t:|1783540009\n|switch|p1a: Moltres|Moltres, L81|62/100\n|move|p2a: Persian|Fake Out|p1a: Moltres\n|-damage|p1a: Moltres|49/100\n|\n|upkeep\n|turn|12\n|inactive|Time left: 300 sec this turn | 300 sec total\n|\n|t:|1783540010\n|switch|p2a: Fezandipiti|Fezandipiti, L82, M|278/278\n|move|p1a: Moltres|Roost|p1a: Moltres\n|-heal|p1a: Moltres|99/100\n|-singleturn|p1a: Moltres|move: Roost\n|\n|upkeep\n|turn|13\n|inactive|Time left: 300 sec this turn | 300 sec total\n|\n|t:|1783540011\n|move|p2a: Fezandipiti|Moonblast|p1a: Moltres\n|-resisted|p1a: Moltres\n|-damage|p1a: Moltres|85/100\n|-unboost|p1a: Moltres|spa|1\n|move|p1a: Moltres|Scorching Sands|p2a: Fezandipiti\n|-supereffective|p2a: Fezandipiti\n|-damage|p2a: Fezandipiti|218/278\n|\n|-heal|p2a: Fezandipiti|235/278|[from] item: Leftovers\n|-sideend|p1: p0x070b2f4|Reflect\n|upkeep\n|turn|14\n|inactive|Time left: 300 sec this turn | 300 sec total\n|\n|t:|1783540012\n|move|p2a: Fezandipiti|Moonblast|p1a: Moltres\n|-resisted|p1a: Moltres\n|-damage|p1a: Moltres|70/100\n|-status|p1a: Moltres|tox|[from] ability: Toxic Chain|[of] p2a: Fezandipiti\n|move|p1a: Moltres|Brave Bird|p2a: Fezandipiti\n|-damage|p2a: Fezandipiti|114/278\n|-damage|p1a: Moltres|55/100 tox|[from] Recoil\n|\n|-heal|p2a: Fezandipiti|131/278|[from] item: Leftovers\n|-damage|p1a: Moltres|49/100 tox|[from] psn\n|upkeep\n|turn|15\n|inactive|Time left: 300 sec this turn | 300 sec total\n|\n|t:|1783540013\n|move|p2a: Fezandipiti|Roost|p2a: Fezandipiti\n|-heal|p2a: Fezandipiti|270/278\n|-singleturn|p2a: Fezandipiti|move: Roost\n|move|p1a: Moltres|Brave Bird|p2a: Fezandipiti\n|-damage|p2a: Fezandipiti|132/278\n|-damage|p1a: Moltres|33/100 tox|[from] Recoil\n|\n|-heal|p2a: Fezandipiti|149/278|[from] item: Leftovers\n|-damage|p1a: Moltres|20/100 tox|[from] psn\n|upkeep\n|turn|16\n|inactive|Time left: 300 sec this turn | 300 sec total\n|\n|t:|1783540014\n|move|p2a: Fezandipiti|Roost|p2a: Fezandipiti\n|-heal|p2a: Fezandipiti|278/278\n|-singleturn|p2a: Fezandipiti|move: Roost\n|move|p1a: Moltres|Scorching Sands|p2a: Fezandipiti\n|-supereffective|p2a: Fezandipiti\n|-damage|p2a: Fezandipiti|218/278\n|\n|-heal|p2a: Fezandipiti|235/278|[from] item: Leftovers\n|-damage|p1a: Moltres|2/100 tox|[from] psn\n|upkeep\n|turn|17\n|inactive|Time left: 300 sec this turn | 300 sec total\n|\n|t:|1783540015\n|move|p2a: Fezandipiti|Moonblast|p1a: Moltres\n|-resisted|p1a: Moltres\n|-damage|p1a: Moltres|0 fnt\n|faint|p1a: Moltres\n|\n|-heal|p2a: Fezandipiti|252/278|[from] item: Leftovers\n|upkeep\n|\n|t:|1783540016\n|switch|p1a: Venomoth|Venomoth, L84, M|100/100\n|turn|18\n|inactive|Time left: 300 sec this turn | 300 sec total\n|\n|t:|1783540017\n|move|p2a: Fezandipiti|Gunk Shot|p1a: Venomoth\n|-resisted|p1a: Venomoth\n|-damage|p1a: Venomoth|69/100\n|move|p1a: Venomoth|Quiver Dance|p1a: Venomoth\n|-boost|p1a: Venomoth|spa|1\n|-boost|p1a: Venomoth|spd|1\n|-boost|p1a: Venomoth|spe|1\n|\n|-heal|p2a: Fezandipiti|269/278|[from] item: Leftovers\n|upkeep\n|turn|19\n|inactive|Time left: 300 sec this turn | 300 sec total\n|\n|t:|1783540018\n|switch|p2a: Hitmontop|Hitmontop, L88, M|231/231\n|move|p1a: Venomoth|Quiver Dance|p1a: Venomoth\n|-boost|p1a: Venomoth|spa|1\n|-boost|p1a: Venomoth|spd|1\n|-boost|p1a: Venomoth|spe|1\n|\n|upkeep\n|turn|20\n|inactive|Time left: 300 sec this turn | 300 sec total\n|\n|t:|1783540019\n|move|p1a: Venomoth|Sleep Powder|p2a: Hitmontop|[miss]\n|-miss|p1a: Venomoth|p2a: Hitmontop\n|move|p2a: Hitmontop|Triple Axel|p1a: Venomoth|[miss]\n|-miss|p2a: Hitmontop|p1a: Venomoth\n|\n|upkeep\n|turn|21\n|inactive|Time left: 300 sec this turn | 300 sec total\n|\n|t:|1783540020\n|move|p1a: Venomoth|Sleep Powder|p2a: Hitmontop\n|-status|p2a: Hitmontop|slp|[from] move: Sleep Powder\n|cant|p2a: Hitmontop|slp\n|\n|upkeep\n|turn|22\n|inactive|Time left: 300 sec this turn | 300 sec total\n|\n|t:|1783540021\n|move|p1a: Venomoth|Sludge Wave|p2a: Hitmontop\n|-damage|p2a: Hitmontop|86/231 slp\n|-curestatus|p2a: Hitmontop|slp|[msg]\n|move|p2a: Hitmontop|Triple Axel|p1a: Venomoth\n|-damage|p1a: Venomoth|56/100\n|-damage|p1a: Venomoth|31/100\n|-hitcount|p1a: Venomoth|2\n|\n|-heal|p2a: Hitmontop|100/231|[from] item: Leftovers\n|upkeep\n|turn|23\n|inactive|Time left: 300 sec this turn | 300 sec total\n|\n|t:|1783540022\n|move|p1a: Venomoth|Sleep Powder|p2a: Hitmontop\n|-status|p2a: Hitmontop|slp|[from] move: Sleep Powder\n|cant|p2a: Hitmontop|slp\n|\n|-heal|p2a: Hitmontop|114/231 slp|[from] item: Leftovers\n|upkeep\n|turn|24\n|inactive|Time left: 300 sec this turn | 300 sec total\n|\n|t:|1783540023\n|move|p1a: Venomoth|Quiver Dance|p1a: Venomoth\n|-boost|p1a: Venomoth|spa|1\n|-boost|p1a: Venomoth|spd|1\n|-boost|p1a: Venomoth|spe|1\n|-curestatus|p2a: Hitmontop|slp|[msg]\n|move|p2a: Hitmontop|Triple Axel|p1a: Venomoth\n|-damage|p1a: Venomoth|19/100\n|-damage|p1a: Venomoth|0 fnt\n|faint|p1a: Venomoth\n|-hitcount|p1: Venomoth|2\n|\n|-heal|p2a: Hitmontop|128/231|[from] item: Leftovers\n|upkeep\n|\n|t:|1783540024\n|switch|p1a: Farigiraf|Farigiraf, L90, F|100/100\n|turn|25\n|inactive|Time left: 300 sec this turn | 300 sec total\n|\n|t:|1783540025\n|move|p2a: Hitmontop|Triple Axel|p1a: Farigiraf|[miss]\n|-miss|p2a: Hitmontop|p1a: Farigiraf\n|move|p1a: Farigiraf|Psychic Noise|p2a: Hitmontop\n|-supereffective|p2a: Hitmontop\n|-damage|p2a: Hitmontop|0 fnt\n|faint|p2a: Hitmontop\n|\n|upkeep\n|inactive|Time left: 300 sec this turn | 300 sec total | 5 sec grace\n|\n|t:|1783540026\n|switch|p2a: Persian|Persian, L92, M|269/269\n|turn|26\n|inactive|Time left: 300 sec this turn | 300 sec total\n|\n|t:|1783540026\n|move|p2a: Persian|Fake Out|p1a: Farigiraf\n|-damage|p1a: Farigiraf|78/100\n|cant|p1a: Farigiraf|flinch\n|\n|-heal|p1a: Farigiraf|84/100|[from] item: Leftovers\n|upkeep\n|turn|27\n|inactive|Time left: 300 sec this turn | 300 sec total\n|\n|t:|1783540027\n|move|p2a: Persian|Knock Off|p1a: Farigiraf\n|-supereffective|p1a: Farigiraf\n|-damage|p1a: Farigiraf|46/100\n|-enditem|p1a: Farigiraf|Leftovers|[from] move: Knock Off|[of] p2a: Persian\n|move|p1a: Farigiraf|Psychic Noise|p2a: Persian\n|-damage|p2a: Persian|155/269\n|-start|p2a: Persian|move: Heal Block\n|\n|upkeep\n|turn|28\n|inactive|Time left: 300 sec this turn | 300 sec total\n|\n|t:|1783540028\n|move|p2a: Persian|Knock Off|p1a: Farigiraf\n|-supereffective|p1a: Farigiraf\n|-damage|p1a: Farigiraf|20/100\n|move|p1a: Farigiraf|Body Slam|p2a: Persian\n|-damage|p2a: Persian|37/269\n|-status|p2a: Persian|par\n|\n|-end|p2a: Persian|move: Heal Block\n|upkeep\n|turn|29\n|inactive|Time left: 300 sec this turn | 300 sec total\n|\n|t:|1783540029\n|move|p1a: Farigiraf|Psychic Noise|p2a: Persian\n|-damage|p2a: Persian|0 fnt\n|faint|p2a: Persian\n|\n|upkeep\n|inactive|Time left: 300 sec this turn | 300 sec total | 5 sec grace\n|\n|t:|1783540030\n|switch|p2a: Fezandipiti|Fezandipiti, L82, M|269/278\n|turn|30\n|inactive|Time left: 300 sec this turn | 300 sec total\n|\n|t:|1783540031\n|move|p1a: Farigiraf|Protect|p1a: Farigiraf\n|-singleturn|p1a: Farigiraf|Protect\n|move|p2a: Fezandipiti|Moonblast|p1a: Farigiraf\n|-activate|p1a: Farigiraf|move: Protect\n|\n|-heal|p2a: Fezandipiti|278/278|[from] item: Leftovers\n|upkeep\n|turn|31\n|inactive|Time left: 300 sec this turn | 300 sec total\n|\n|t:|1783540032\n|move|p2a: Fezandipiti|Moonblast|p1a: Farigiraf\n|-damage|p1a: Farigiraf|0 fnt\n|faint|p1a: Farigiraf\n|\n|upkeep\n|\n|t:|1783540033\n|switch|p1a: Drifblim|Drifblim, L86, M|100/100\n|turn|32\n|inactive|Time left: 300 sec this turn | 300 sec total\n|\n|t:|1783540034\n|move|p2a: Fezandipiti|Moonblast|p1a: Drifblim\n|-damage|p1a: Drifblim|75/100\n|-status|p1a: Drifblim|tox|[from] ability: Toxic Chain|[of] p2a: Fezandipiti\n|move|p1a: Drifblim|Calm Mind|p1a: Drifblim\n|-boost|p1a: Drifblim|spa|1\n|-boost|p1a: Drifblim|spd|1\n|\n|-damage|p1a: Drifblim|69/100 tox|[from] psn\n|upkeep\n|turn|33\n|inactive|Time left: 300 sec this turn | 300 sec total\n|\n|t:|1783540035\n|move|p2a: Fezandipiti|Moonblast|p1a: Drifblim\n|-damage|p1a: Drifblim|51/100 tox\n|-unboost|p1a: Drifblim|spa|1\n|move|p1a: Drifblim|Strength Sap|p2a: Fezandipiti\n|-unboost|p2a: Fezandipiti|atk|1\n|-heal|p1a: Drifblim|100/100 tox\n|\n|-damage|p1a: Drifblim|88/100 tox|[from] psn\n|upkeep\n|turn|34\n|inactive|Time left: 300 sec this turn | 300 sec total\n|\n|t:|1783540036\n|move|p2a: Fezandipiti|Moonblast|p1a: Drifblim\n|-damage|p1a: Drifblim|71/100 tox\n|move|p1a: Drifblim|Calm Mind|p1a: Drifblim\n|-boost|p1a: Drifblim|spa|1\n|-boost|p1a: Drifblim|spd|1\n|\n|-damage|p1a: Drifblim|53/100 tox|[from] psn\n|upkeep\n|turn|35\n|inactive|Time left: 300 sec this turn | 300 sec total\n|\n|t:|1783540037\n|move|p2a: Fezandipiti|Moonblast|p1a: Drifblim\n|-damage|p1a: Drifblim|39/100 tox\n|-unboost|p1a: Drifblim|spa|1\n|-enditem|p1a: Drifblim|Sitrus Berry|[eat]\n|-heal|p1a: Drifblim|64/100 tox|[from] item: Sitrus Berry\n|move|p1a: Drifblim|Strength Sap|p2a: Fezandipiti\n|-unboost|p2a: Fezandipiti|atk|1\n|-heal|p1a: Drifblim|96/100 tox\n|\n|-damage|p1a: Drifblim|72/100 tox|[from] psn\n|upkeep\n|turn|36\n|inactive|Time left: 300 sec this turn | 300 sec total\n|\n|t:|1783540038\n|switch|p1a: Metagross|Metagross, L79|4/100\n|move|p2a: Fezandipiti|Moonblast|p1a: Metagross\n|-resisted|p1a: Metagross\n|-damage|p1a: Metagross|0 fnt\n|faint|p1a: Metagross\n|\n|upkeep\n|\n|t:|1783540039\n|switch|p1a: Drifblim|Drifblim, L86, M|72/100 tox\n|turn|37\n|inactive|Time left: 300 sec this turn | 300 sec total\n|\n|t:|1783540040\n|move|p2a: Fezandipiti|Moonblast|p1a: Drifblim\n|-damage|p1a: Drifblim|47/100 tox\n|move|p1a: Drifblim|Strength Sap|p2a: Fezandipiti\n|-unboost|p2a: Fezandipiti|atk|1\n|-heal|p1a: Drifblim|72/100 tox\n|\n|-damage|p1a: Drifblim|66/100 tox|[from] psn\n|upkeep\n|turn|38\n|inactive|Time left: 300 sec this turn | 300 sec total\n|\n|t:|1783540041\n|move|p2a: Fezandipiti|Moonblast|p1a: Drifblim\n|-damage|p1a: Drifblim|41/100 tox\n|move|p1a: Drifblim|Strength Sap|p2a: Fezandipiti\n|-unboost|p2a: Fezandipiti|atk|1\n|-heal|p1a: Drifblim|61/100 tox\n|\n|-damage|p1a: Drifblim|49/100 tox|[from] psn\n|upkeep\n|turn|39\n|inactive|Time left: 300 sec this turn | 300 sec total\n|\n|t:|1783540042\n|move|p2a: Fezandipiti|Moonblast|p1a: Drifblim\n|-damage|p1a: Drifblim|24/100 tox\n|move|p1a: Drifblim|Strength Sap|p2a: Fezandipiti\n|-unboost|p2a: Fezandipiti|atk|1\n|-heal|p1a: Drifblim|40/100 tox\n|\n|-damage|p1a: Drifblim|22/100 tox|[from] psn\n|upkeep\n|turn|40\n|inactive|Time left: 300 sec this turn | 300 sec total\n|\n|t:|1783540043\n|move|p2a: Fezandipiti|Gunk Shot|p1a: Drifblim|[miss]\n|-miss|p2a: Fezandipiti|p1a: Drifblim\n|move|p1a: Drifblim|Strength Sap|p2a: Fezandipiti\n|-unboost|p2a: Fezandipiti|atk|1\n|-heal|p1a: Drifblim|36/100 tox\n|\n|-damage|p1a: Drifblim|12/100 tox|[from] psn\n|upkeep\n|turn|41\n|inactive|Time left: 300 sec this turn | 300 sec total\n|\n|t:|1783540044\n|move|p2a: Fezandipiti|Gunk Shot|p1a: Drifblim\n|-resisted|p1a: Drifblim\n|-damage|p1a: Drifblim|7/100 tox\n|move|p1a: Drifblim|Calm Mind|p1a: Drifblim\n|-boost|p1a: Drifblim|spa|1\n|-boost|p1a: Drifblim|spd|1\n|\n|-damage|p1a: Drifblim|0 fnt|[from] psn\n|faint|p1a: Drifblim\n|\n|win|p0y0700790", "uploadtime": 1783540044, "views": 0, "rating": 0, "private": 0, "password": null, "_winner": "p0y0700790", "_our_name": "p0y0700790"}