{"id": "battle-gen9randombattle-1555", "formatid": "gen9randombattle", "format": "[Gen 9] Random Battle", "players": ["p0x15554b1e", "p0y1555d91b"], "log": "|init|battle\n|title|p0x15554b1e vs. p0y1555d91b\n|j|\u2606p0x15554b1e\n|j|\u2606p0y1555d91b\n|t:|1783558046\n|gametype|singles\n|player|p1|p0x15554b1e|170|\n|player|p2|p0y1555d91b|1|\n|gen|9\n|tier|[Gen 9] Random Battle\n|rule|Species Clause: Limit one of each Pok\u00e9mon\n|rule|HP Percentage Mod: HP is shown in percentages\n|rule|Sleep Clause Mod: Limit one foe put to sleep\n|rule|Illusion Level Mod: Illusion disguises the Pok\u00e9mon's true level\n|\n|t:|1783558046\n|teamsize|p1|6\n|teamsize|p2|6\n|start\n|switch|p1a: Koraidon|Koraidon, L64|100/100\n|switch|p2a: Frosmoth|Frosmoth, L82, M|249/249\n|-weather|SunnyDay|[from] ability: Orichalcum Pulse|[of] p1a: Koraidon\n|-activate|p1a: Koraidon|Orichalcum Pulse|[source]\n|turn|1\n|inactive|Battle timer is ON: inactive players will automatically lose when time's up. (requested by p0x15554b1e)\n|inactive|Time left: 300 sec this turn | 300 sec total | 60 sec grace\n|inactive|p0y1555d91b also wants the timer to be on.\n|\n|t:|1783558048\n|switch|p2a: Palossand|Palossand, L89, F|296/296\n|move|p1a: Koraidon|Outrage|p2a: Palossand\n|-damage|p2a: Palossand|146/296\n|\n|-weather|SunnyDay|[upkeep]\n|-heal|p2a: Palossand|164/296|[from] item: Leftovers\n|upkeep\n|turn|2\n|inactive|Time left: 300 sec this turn | 300 sec total\n|\n|t:|1783558049\n|move|p1a: Koraidon|Outrage|p2a: Palossand|[from] lockedmove\n|-damage|p2a: Palossand|2/296\n|move|p2a: Palossand|Shore Up|p2a: Palossand\n|-heal|p2a: Palossand|150/296\n|\n|-weather|SunnyDay|[upkeep]\n|-heal|p2a: Palossand|168/296|[from] item: Leftovers\n|upkeep\n|turn|3\n|inactive|Time left: 300 sec this turn | 300 sec total\n|\n|t:|1783558050\n|move|p1a: Koraidon|Outrage|p2a: Palossand|[from] lockedmove\n|-damage|p2a: Palossand|18/296\n|-start|p1a: Koraidon|confusion|[fatigue]\n|move|p2a: Palossand|Shore Up|p2a: Palossand\n|-heal|p2a: Palossand|166/296\n|\n|-weather|SunnyDay|[upkeep]\n|-heal|p2a: Palossand|184/296|[from] item: Leftovers\n|upkeep\n|turn|4\n|inactive|Time left: 300 sec this turn | 300 sec total\n|\n|t:|1783558051\n|-activate|p1a: Koraidon|confusion\n|move|p1a: Koraidon|Outrage|p2a: Palossand\n|-damage|p2a: Palossand|16/296\n|move|p2a: Palossand|Sludge Bomb|p1a: Koraidon\n|-damage|p1a: Koraidon|66/100\n|\n|-weather|SunnyDay|[upkeep]\n|-heal|p2a: Palossand|34/296|[from] item: Leftovers\n|upkeep\n|turn|5\n|inactive|Time left: 300 sec this turn | 300 sec total\n|\n|t:|1783558052\n|-end|p1a: Koraidon|confusion\n|move|p1a: Koraidon|Outrage|p2a: Palossand|[from] lockedmove\n|-damage|p2a: Palossand|0 fnt\n|faint|p2a: Palossand\n|\n|-weather|none\n|upkeep\n|inactive|Time left: 300 sec this turn | 300 sec total | 5 sec grace\n|\n|t:|1783558053\n|switch|p2a: Oranguru|Oranguru, L92, M|315/315\n|turn|6\n|inactive|Time left: 300 sec this turn | 300 sec total\n|\n|t:|1783558054\n|move|p1a: Koraidon|Outrage|p2a: Oranguru|[from] lockedmove\n|-damage|p2a: Oranguru|164/315\n|-start|p1a: Koraidon|confusion|[fatigue]\n|move|p2a: Oranguru|Psyshock|p1a: Koraidon\n|-supereffective|p1a: Koraidon\n|-damage|p1a: Koraidon|0 fnt\n|faint|p1a: Koraidon\n|\n|-heal|p2a: Oranguru|183/315|[from] item: Leftovers\n|upkeep\n|\n|t:|1783558055\n|switch|p1a: Appletun|Appletun, L92, F|100/100\n|turn|7\n|inactive|Time left: 300 sec this turn | 300 sec total\n|\n|t:|1783558056\n|move|p2a: Oranguru|Nasty Plot|p2a: Oranguru\n|-boost|p2a: Oranguru|spa|2\n|move|p1a: Appletun|Dragon Tail|p2a: Oranguru\n|-damage|p2a: Oranguru|113/315\n|drag|p2a: Reshiram|Reshiram, L76|277/277\n|-ability|p2a: Reshiram|Turboblaze\n|\n|upkeep\n|turn|8\n|inactive|Time left: 300 sec this turn | 300 sec total\n|\n|t:|1783558057\n|move|p2a: Reshiram|Blue Flare|p1a: Appletun\n|-damage|p1a: Appletun|56/100\n|move|p1a: Appletun|Dragon Pulse|p2a: Reshiram\n|-supereffective|p2a: Reshiram\n|-damage|p2a: Reshiram|97/277\n|\n|-heal|p1a: Appletun|62/100|[from] item: Leftovers\n|upkeep\n|turn|9\n|inactive|Time left: 300 sec this turn | 300 sec total\n|\n|t:|1783558058\n|move|p2a: Reshiram|Draco Meteor|p1a: Appletun\n|-supereffective|p1a: Appletun\n|-damage|p1a: Appletun|0 fnt\n|-unboost|p2a: Reshiram|spa|2\n|faint|p1a: Appletun\n|\n|upkeep\n|\n|t:|1783558059\n|switch|p1a: Oricorio|Oricorio, L84, M|100/100\n|turn|10\n|inactive|Time left: 300 sec this turn | 300 sec total\n|\n|t:|1783558060\n|switch|p2a: Arcanine|Arcanine-Hisui, L79, F|279/279\n|move|p1a: Oricorio|Quiver Dance|p1a: Oricorio\n|-boost|p1a: Oricorio|spa|1\n|-boost|p1a: Oricorio|spd|1\n|-boost|p1a: Oricorio|spe|1\n|\n|upkeep\n|turn|11\n|inactive|Time left: 300 sec this turn | 300 sec total\n|\n|t:|1783558061\n|-terastallize|p1a: Oricorio|Ground\n|-terastallize|p2a: Arcanine|Normal\n|move|p2a: Arcanine|Extreme Speed|p1a: Oricorio\n|-damage|p1a: Oricorio|41/100\n|move|p1a: Oricorio|Revelation Dance|p2a: Arcanine\n|-damage|p2a: Arcanine|119/279\n|\n|upkeep\n|turn|12\n|inactive|Time left: 300 sec this turn | 300 sec total\n|\n|t:|1783558062\n|switch|p1a: Bastiodon|Bastiodon, L89, M|100/100\n|move|p2a: Arcanine|Extreme Speed|p1a: Bastiodon\n|-resisted|p1a: Bastiodon\n|-damage|p1a: Bastiodon|94/100\n|\n|upkeep\n|turn|13\n|inactive|Time left: 300 sec this turn | 300 sec total\n|\n|t:|1783558063\n|switch|p2a: Oranguru|Oranguru, L92, M|113/315\n|move|p1a: Bastiodon|Body Press|p2a: Oranguru\n|-damage|p2a: Oranguru|15/315\n|\n|-heal|p2a: Oranguru|34/315|[from] item: Leftovers\n|upkeep\n|turn|14\n|inactive|Time left: 300 sec this turn | 300 sec total\n|\n|t:|1783558064\n|switch|p1a: Annihilape|Annihilape, L76, M|100/100\n|move|p2a: Oranguru|Focus Blast|p1a: Annihilape\n|-immune|p1a: Annihilape\n|\n|-heal|p2a: Oranguru|53/315|[from] item: Leftovers\n|upkeep\n|turn|15\n|inactive|Time left: 300 sec this turn | 300 sec total\n|\n|t:|1783558065\n|move|p1a: Annihilape|Drain Punch|p2a: Oranguru\n|-damage|p2a: Oranguru|0 fnt\n|faint|p2a: Oranguru\n|\n|upkeep\n|inactive|Time left: 300 sec this turn | 300 sec total | 5 sec grace\n|\n|t:|1783558066\n|switch|p2a: Frosmoth|Frosmoth, L82, M|249/249\n|turn|16\n|inactive|Time left: 300 sec this turn | 300 sec total\n|\n|t:|1783558067\n|move|p1a: Annihilape|Bulk Up|p1a: Annihilape\n|-boost|p1a: Annihilape|atk|1\n|-boost|p1a: Annihilape|def|1\n|move|p2a: Frosmoth|Quiver Dance|p2a: Frosmoth\n|-boost|p2a: Frosmoth|spa|1\n|-boost|p2a: Frosmoth|spd|1\n|-boost|p2a: Frosmoth|spe|1\n|\n|upkeep\n|turn|17\n|inactive|Time left: 300 sec this turn | 300 sec total\n|\n|t:|1783558068\n|move|p2a: Frosmoth|Hurricane|p1a: Annihilape\n|-supereffective|p1a: Annihilape\n|-damage|p1a: Annihilape|0 fnt\n|faint|p1a: Annihilape\n|\n|upkeep\n|\n|t:|1783558068\n|switch|p1a: Bastiodon|Bastiodon, L89, M|94/100\n|turn|18\n|inactive|Time left: 300 sec this turn | 300 sec total\n|\n|t:|1783558069\n|move|p2a: Frosmoth|Hurricane|p1a: Bastiodon|[miss]\n|-miss|p2a: Frosmoth|p1a: Bastiodon\n|move|p1a: Bastiodon|Body Press|p2a: Frosmoth\n|-damage|p2a: Frosmoth|106/249\n|\n|upkeep\n|turn|19\n|inactive|Time left: 300 sec this turn | 300 sec total\n|\n|t:|1783558071\n|move|p2a: Frosmoth|Giga Drain|p1a: Bastiodon\n|-damage|p1a: Bastiodon|72/100\n|-heal|p2a: Frosmoth|135/249|[from] drain|[of] p1a: Bastiodon\n|move|p1a: Bastiodon|Body Press|p2a: Frosmoth\n|-damage|p2a: Frosmoth|0 fnt\n|faint|p2a: Frosmoth\n|\n|upkeep\n|inactive|Time left: 300 sec this turn | 300 sec total | 5 sec grace\n|\n|t:|1783558071\n|switch|p2a: Reshiram|Reshiram, L76|97/277\n|-ability|p2a: Reshiram|Turboblaze\n|turn|20\n|inactive|Time left: 300 sec this turn | 300 sec total\n|\n|t:|1783558072\n|move|p2a: Reshiram|Earth Power|p1a: Bastiodon\n|-supereffective|p1a: Bastiodon\n|-damage|p1a: Bastiodon|0 fnt\n|faint|p1a: Bastiodon\n|\n|upkeep\n|\n|t:|1783558073\n|switch|p1a: Oricorio|Oricorio, L84, M, tera:Ground|41/100\n|turn|21\n|inactive|Time left: 300 sec this turn | 300 sec total\n|\n|t:|1783558074\n|move|p1a: Oricorio|Roost|p1a: Oricorio\n|-heal|p1a: Oricorio|91/100\n|move|p2a: Reshiram|Blue Flare|p1a: Oricorio\n|-damage|p1a: Oricorio|20/100\n|\n|upkeep\n|turn|22\n|inactive|Time left: 300 sec this turn | 300 sec total\n|\n|t:|1783558075\n|move|p1a: Oricorio|Roost|p1a: Oricorio\n|-heal|p1a: Oricorio|70/100\n|move|p2a: Reshiram|Blue Flare|p1a: Oricorio\n|-damage|p1a: Oricorio|3/100\n|\n|upkeep\n|turn|23\n|inactive|Time left: 300 sec this turn | 300 sec total\n|\n|t:|1783558076\n|move|p1a: Oricorio|Revelation Dance|p2a: Reshiram\n|-supereffective|p2a: Reshiram\n|-damage|p2a: Reshiram|0 fnt\n|faint|p2a: Reshiram\n|\n|upkeep\n|inactive|Time left: 300 sec this turn | 300 sec total | 5 sec grace\n|\n|t:|1783558077\n|switch|p2a: Arcanine|Arcanine-Hisui, L79, F, tera:Normal|119/279\n|turn|24\n|inactive|Time left: 300 sec this turn | 300 sec total\n|\n|t:|1783558078\n|move|p2a: Arcanine|Extreme Speed|p1a: Oricorio\n|-damage|p1a: Oricorio|0 fnt\n|faint|p1a: Oricorio\n|\n|upkeep\n|\n|t:|1783558079\n|switch|p1a: Comfey|Comfey, L85, F|100/100\n|turn|25\n|inactive|Time left: 300 sec this turn | 300 sec total\n|\n|t:|1783558080\n|move|p2a: Arcanine|Extreme Speed|p1a: Comfey\n|-damage|p1a: Comfey|42/100\n|move|p1a: Comfey|Calm Mind|p1a: Comfey\n|-boost|p1a: Comfey|spa|1\n|-boost|p1a: Comfey|spd|1\n|\n|-heal|p1a: Comfey|48/100|[from] item: Leftovers\n|upkeep\n|turn|26\n|inactive|Time left: 300 sec this turn | 300 sec total\n|\n|t:|1783558081\n|move|p1a: Comfey|Draining Kiss|p2a: Arcanine\n|-damage|p2a: Arcanine|38/279\n|-heal|p1a: Comfey|75/100|[from] drain|[of] p2a: Arcanine\n|move|p2a: Arcanine|Extreme Speed|p1a: Comfey\n|-damage|p1a: Comfey|21/100\n|\n|-heal|p1a: Comfey|28/100|[from] item: Leftovers\n|upkeep\n|turn|27\n|inactive|Time left: 300 sec this turn | 300 sec total\n|\n|t:|1783558082\n|switch|p2a: Deoxys|Deoxys-Speed, L82|216/216\n|-ability|p2a: Deoxys|Pressure\n|move|p1a: Comfey|Draining Kiss|p2a: Deoxys\n|-damage|p2a: Deoxys|149/216\n|-heal|p1a: Comfey|50/100|[from] drain|[of] p2a: Deoxys\n|\n|-heal|p2a: Deoxys|162/216|[from] item: Leftovers\n|-heal|p1a: Comfey|56/100|[from] item: Leftovers\n|upkeep\n|turn|28\n|inactive|Time left: 300 sec this turn | 300 sec total\n|\n|t:|1783558083\n|move|p1a: Comfey|Draining Kiss|p2a: Deoxys\n|-damage|p2a: Deoxys|87/216\n|-heal|p1a: Comfey|81/100|[from] drain|[of] p2a: Deoxys\n|move|p2a: Deoxys|Psycho Boost|p1a: Comfey\n|-damage|p1a: Comfey|44/100\n|-unboost|p2a: Deoxys|spa|2\n|\n|-heal|p2a: Deoxys|100/216|[from] item: Leftovers\n|-heal|p1a: Comfey|50/100|[from] item: Leftovers\n|upkeep\n|turn|29\n|inactive|Time left: 300 sec this turn | 300 sec total\n|\n|t:|1783558084\n|move|p1a: Comfey|Draining Kiss|p2a: Deoxys\n|-damage|p2a: Deoxys|27/216\n|-heal|p1a: Comfey|74/100|[from] drain|[of] p2a: Deoxys\n|move|p2a: Deoxys|Psycho Boost|p1a: Comfey\n|-damage|p1a: Comfey|57/100\n|-unboost|p2a: Deoxys|spa|2\n|\n|-heal|p2a: Deoxys|40/216|[from] item: Leftovers\n|-heal|p1a: Comfey|63/100|[from] item: Leftovers\n|upkeep\n|turn|30\n|inactive|Time left: 300 sec this turn | 300 sec total\n|\n|t:|1783558086\n|move|p1a: Comfey|Draining Kiss|p2a: Deoxys\n|-damage|p2a: Deoxys|0 fnt\n|-heal|p1a: Comfey|76/100|[from] drain|[of] p2a: Deoxys\n|faint|p2a: Deoxys\n|\n|-heal|p1a: Comfey|83/100|[from] item: Leftovers\n|upkeep\n|inactive|Time left: 300 sec this turn | 300 sec total | 5 sec grace\n|\n|t:|1783558086\n|switch|p2a: Arcanine|Arcanine-Hisui, L79, F, tera:Normal|38/279\n|turn|31\n|inactive|Time left: 300 sec this turn | 300 sec total\n|\n|t:|1783558087\n|move|p1a: Comfey|Draining Kiss|p2a: Arcanine\n|-damage|p2a: Arcanine|0 fnt\n|-heal|p1a: Comfey|96/100|[from] drain|[of] p2a: Arcanine\n|faint|p2a: Arcanine\n|\n|win|p0x15554b1e", "uploadtime": 1783558087, "views": 0, "rating": 0, "private": 0, "password": null, "_winner": "p0x15554b1e", "_our_name": "p0y1555d91b"}