{"id": "battle-gen9randombattle-2160", "formatid": "gen9randombattle", "format": "[Gen 9] Random Battle", "players": ["p0x2160c6cb", "p0y2160b997"], "log": "|init|battle\n|title|p0x2160c6cb vs. p0y2160b997\n|j|\u2606p0x2160c6cb\n|j|\u2606p0y2160b997\n|t:|1783564171\n|gametype|singles\n|player|p1|p0x2160c6cb|266|\n|player|p2|p0y2160b997|266|\n|gen|9\n|tier|[Gen 9] Random Battle\n|rule|Species Clause: Limit one of each Pok\u00e9mon\n|rule|HP Percentage Mod: HP is shown in percentages\n|rule|Sleep Clause Mod: Limit one foe put to sleep\n|rule|Illusion Level Mod: Illusion disguises the Pok\u00e9mon's true level\n|\n|t:|1783564171\n|teamsize|p1|6\n|teamsize|p2|6\n|start\n|switch|p1a: Heracross|Heracross, L80, M|100/100\n|switch|p2a: Cyclizar|Cyclizar, L84, M|255/255\n|turn|1\n|inactive|Battle timer is ON: inactive players will automatically lose when time's up. (requested by p0x2160c6cb)\n|inactive|Time left: 300 sec this turn | 300 sec total | 60 sec grace\n|inactive|p0y2160b997 also wants the timer to be on.\n|\n|t:|1783564173\n|move|p2a: Cyclizar|Knock Off|p1a: Heracross\n|-resisted|p1a: Heracross\n|-damage|p1a: Heracross|87/100\n|-enditem|p1a: Heracross|Flame Orb|[from] move: Knock Off|[of] p2a: Cyclizar\n|move|p1a: Heracross|Trailblaze|p2a: Cyclizar\n|-resisted|p2a: Cyclizar\n|-damage|p2a: Cyclizar|230/255\n|-boost|p1a: Heracross|spe|1\n|\n|upkeep\n|turn|2\n|inactive|Time left: 300 sec this turn | 300 sec total\n|\n|t:|1783564174\n|switch|p2a: Hippowdon|Hippowdon, L82, M|311/311\n|-weather|Sandstorm|[from] ability: Sand Stream|[of] p2a: Hippowdon\n|move|p1a: Heracross|Knock Off|p2a: Hippowdon\n|-damage|p2a: Hippowdon|247/311\n|-enditem|p2a: Hippowdon|Leftovers|[from] move: Knock Off|[of] p1a: Heracross\n|\n|-weather|Sandstorm|[upkeep]\n|-damage|p1a: Heracross|80/100|[from] Sandstorm\n|upkeep\n|turn|3\n|inactive|Time left: 300 sec this turn | 300 sec total\n|\n|t:|1783564175\n|move|p1a: Heracross|Close Combat|p2a: Hippowdon\n|-damage|p2a: Hippowdon|138/311\n|-unboost|p1a: Heracross|def|1\n|-unboost|p1a: Heracross|spd|1\n|move|p2a: Hippowdon|Earthquake|p1a: Heracross\n|-resisted|p1a: Heracross\n|-damage|p1a: Heracross|39/100\n|\n|-weather|Sandstorm|[upkeep]\n|-damage|p1a: Heracross|33/100|[from] Sandstorm\n|upkeep\n|turn|4\n|inactive|Time left: 300 sec this turn | 300 sec total\n|\n|t:|1783564177\n|move|p1a: Heracross|Close Combat|p2a: Hippowdon\n|-damage|p2a: Hippowdon|17/311\n|-unboost|p1a: Heracross|def|1\n|-unboost|p1a: Heracross|spd|1\n|move|p2a: Hippowdon|Slack Off|p2a: Hippowdon\n|-heal|p2a: Hippowdon|173/311\n|\n|-weather|Sandstorm|[upkeep]\n|-damage|p1a: Heracross|27/100|[from] Sandstorm\n|upkeep\n|turn|5\n|inactive|Time left: 300 sec this turn | 300 sec total\n|\n|t:|1783564178\n|move|p1a: Heracross|Close Combat|p2a: Hippowdon\n|-damage|p2a: Hippowdon|61/311\n|-unboost|p1a: Heracross|def|1\n|-unboost|p1a: Heracross|spd|1\n|move|p2a: Hippowdon|Slack Off|p2a: Hippowdon\n|-heal|p2a: Hippowdon|217/311\n|\n|-weather|Sandstorm|[upkeep]\n|-damage|p1a: Heracross|21/100|[from] Sandstorm\n|upkeep\n|turn|6\n|inactive|Time left: 300 sec this turn | 300 sec total\n|\n|t:|1783564179\n|move|p1a: Heracross|Close Combat|p2a: Hippowdon\n|-damage|p2a: Hippowdon|99/311\n|-unboost|p1a: Heracross|def|1\n|-unboost|p1a: Heracross|spd|1\n|move|p2a: Hippowdon|Slack Off|p2a: Hippowdon\n|-heal|p2a: Hippowdon|255/311\n|\n|-weather|none\n|upkeep\n|turn|7\n|inactive|Time left: 300 sec this turn | 300 sec total\n|\n|t:|1783564180\n|move|p1a: Heracross|Close Combat|p2a: Hippowdon\n|-damage|p2a: Hippowdon|143/311\n|-unboost|p1a: Heracross|def|1\n|-unboost|p1a: Heracross|spd|1\n|move|p2a: Hippowdon|Slack Off|p2a: Hippowdon\n|-heal|p2a: Hippowdon|299/311\n|\n|upkeep\n|turn|8\n|inactive|Time left: 300 sec this turn | 300 sec total\n|\n|t:|1783564181\n|move|p1a: Heracross|Close Combat|p2a: Hippowdon\n|-damage|p2a: Hippowdon|191/311\n|-unboost|p1a: Heracross|def|1\n|-unboost|p1a: Heracross|spd|1\n|move|p2a: Hippowdon|Earthquake|p1a: Heracross\n|-resisted|p1a: Heracross\n|-damage|p1a: Heracross|0 fnt\n|faint|p1a: Heracross\n|\n|upkeep\n|\n|t:|1783564182\n|switch|p1a: Veluza|Veluza, L85, F|100/100\n|turn|9\n|inactive|Time left: 300 sec this turn | 300 sec total\n|\n|t:|1783564183\n|move|p1a: Veluza|Aqua Cutter|p2a: Hippowdon\n|-supereffective|p2a: Hippowdon\n|-damage|p2a: Hippowdon|0 fnt\n|faint|p2a: Hippowdon\n|\n|upkeep\n|inactive|Time left: 300 sec this turn | 300 sec total | 5 sec grace\n|\n|t:|1783564184\n|switch|p2a: Cyclizar|Cyclizar, L84, M|255/255\n|turn|10\n|inactive|Time left: 300 sec this turn | 300 sec total\n|\n|t:|1783564185\n|move|p1a: Veluza|Aqua Cutter|p2a: Cyclizar\n|-resisted|p2a: Cyclizar\n|-damage|p2a: Cyclizar|181/255\n|move|p2a: Cyclizar|Knock Off|p1a: Veluza\n|-supereffective|p1a: Veluza\n|-damage|p1a: Veluza|50/100\n|-enditem|p1a: Veluza|Choice Scarf|[from] move: Knock Off|[of] p2a: Cyclizar\n|\n|upkeep\n|turn|11\n|inactive|Time left: 300 sec this turn | 300 sec total\n|\n|t:|1783564186\n|move|p2a: Cyclizar|Draco Meteor|p1a: Veluza\n|-damage|p1a: Veluza|0 fnt\n|-unboost|p2a: Cyclizar|spa|2\n|faint|p1a: Veluza\n|\n|upkeep\n|\n|t:|1783564187\n|switch|p1a: Glimmora|Glimmora, L75, M|100/100\n|turn|12\n|inactive|Time left: 300 sec this turn | 300 sec total\n|\n|t:|1783564189\n|move|p2a: Cyclizar|Shed Tail|p2a: Cyclizar\n|-start|p2a: Cyclizar|Substitute|[from] move: Shed Tail\n|-damage|p2a: Cyclizar|53/255\n|inactive|Time left: 300 sec this turn | 300 sec total | 5 sec grace\n|\n|t:|1783564189\n|switch|p2a: Vivillon|Vivillon-Sandstorm, L83, M|268/268|[from] Shed Tail\n|move|p1a: Glimmora|Meteor Beam||[still]\n|-prepare|p1a: Glimmora|Meteor Beam\n|-boost|p1a: Glimmora|spa|1\n|-enditem|p1a: Glimmora|Power Herb\n|-anim|p1a: Glimmora|Meteor Beam|p2a: Vivillon\n|-supereffective|p2a: Vivillon\n|-end|p2a: Vivillon|Substitute\n|\n|upkeep\n|turn|13\n|inactive|Time left: 300 sec this turn | 300 sec total\n|\n|t:|1783564190\n|move|p2a: Vivillon|Quiver Dance|p2a: Vivillon\n|-boost|p2a: Vivillon|spa|1\n|-boost|p2a: Vivillon|spd|1\n|-boost|p2a: Vivillon|spe|1\n|move|p1a: Glimmora|Meteor Beam||[still]\n|-prepare|p1a: Glimmora|Meteor Beam\n|-boost|p1a: Glimmora|spa|1\n|\n|upkeep\n|turn|14\n|inactive|Time left: 300 sec this turn | 300 sec total\n|\n|t:|1783564191\n|-terastallize|p2a: Vivillon|Ground\n|move|p2a: Vivillon|Tera Blast|p1a: Glimmora|[anim] Tera Blast Ground\n|-supereffective|p1a: Glimmora\n|-damage|p1a: Glimmora|0 fnt\n|faint|p1a: Glimmora\n|\n|upkeep\n|\n|t:|1783564192\n|switch|p1a: Entei|Entei, L78|100/100\n|turn|15\n|inactive|Time left: 300 sec this turn | 300 sec total\n|\n|t:|1783564193\n|move|p2a: Vivillon|Sleep Powder|p1a: Entei\n|-status|p1a: Entei|slp|[from] move: Sleep Powder\n|cant|p1a: Entei|slp\n|\n|upkeep\n|turn|16\n|inactive|Time left: 300 sec this turn | 300 sec total\n|\n|t:|1783564193\n|move|p2a: Vivillon|Hurricane|p1a: Entei\n|-damage|p1a: Entei|41/100 slp\n|-start|p1a: Entei|confusion\n|cant|p1a: Entei|slp\n|\n|upkeep\n|turn|17\n|inactive|Time left: 300 sec this turn | 300 sec total\n|\n|t:|1783564194\n|-curestatus|p1a: Entei|slp|[msg]\n|-activate|p1a: Entei|confusion\n|move|p1a: Entei|Extreme Speed|p2a: Vivillon\n|-damage|p2a: Vivillon|133/268\n|move|p2a: Vivillon|Hurricane|p1a: Entei\n|-damage|p1a: Entei|0 fnt\n|faint|p1a: Entei\n|\n|upkeep\n|\n|t:|1783564195\n|switch|p1a: Wigglytuff|Wigglytuff, L96, F|100/100\n|turn|18\n|inactive|Time left: 300 sec this turn | 300 sec total\n|\n|t:|1783564195\n|move|p2a: Vivillon|Sleep Powder|p1a: Wigglytuff\n|-status|p1a: Wigglytuff|slp|[from] move: Sleep Powder\n|cant|p1a: Wigglytuff|slp\n|\n|upkeep\n|turn|19\n|inactive|Time left: 300 sec this turn | 300 sec total\n|\n|t:|1783564196\n|move|p2a: Vivillon|Hurricane|p1a: Wigglytuff|[miss]\n|-miss|p2a: Vivillon|p1a: Wigglytuff\n|cant|p1a: Wigglytuff|slp\n|\n|upkeep\n|turn|20\n|inactive|Time left: 300 sec this turn | 300 sec total\n|\n|t:|1783564197\n|move|p2a: Vivillon|Quiver Dance|p2a: Vivillon\n|-boost|p2a: Vivillon|spa|1\n|-boost|p2a: Vivillon|spd|1\n|-boost|p2a: Vivillon|spe|1\n|cant|p1a: Wigglytuff|slp\n|\n|upkeep\n|turn|21\n|inactive|Time left: 300 sec this turn | 300 sec total\n|\n|t:|1783564198\n|move|p2a: Vivillon|Hurricane|p1a: Wigglytuff\n|-damage|p1a: Wigglytuff|36/100 slp\n|-curestatus|p1a: Wigglytuff|slp|[msg]\n|move|p1a: Wigglytuff|Dazzling Gleam|p2a: Vivillon\n|-damage|p2a: Vivillon|55/268\n|\n|-heal|p1a: Wigglytuff|42/100|[from] item: Leftovers\n|upkeep\n|turn|22\n|inactive|Time left: 300 sec this turn | 300 sec total\n|\n|t:|1783564199\n|move|p1a: Wigglytuff|Protect|p1a: Wigglytuff\n|-singleturn|p1a: Wigglytuff|Protect\n|move|p2a: Vivillon|Tera Blast|p1a: Wigglytuff|[anim] Tera Blast Ground\n|-activate|p1a: Wigglytuff|move: Protect\n|\n|-heal|p1a: Wigglytuff|48/100|[from] item: Leftovers\n|upkeep\n|turn|23\n|inactive|Time left: 300 sec this turn | 300 sec total\n|\n|t:|1783564200\n|move|p2a: Vivillon|Sleep Powder|p1a: Wigglytuff\n|-status|p1a: Wigglytuff|slp|[from] move: Sleep Powder\n|cant|p1a: Wigglytuff|slp\n|\n|-heal|p1a: Wigglytuff|54/100 slp|[from] item: Leftovers\n|upkeep\n|turn|24\n|inactive|Time left: 300 sec this turn | 300 sec total\n|\n|t:|1783564200\n|cant|p1a: Wigglytuff|slp\n|move|p2a: Vivillon|Hurricane|p1a: Wigglytuff\n|-damage|p1a: Wigglytuff|0 fnt\n|faint|p1a: Wigglytuff\n|\n|upkeep\n|\n|t:|1783564201\n|switch|p1a: Torkoal|Torkoal, L88, M|100/100\n|-weather|SunnyDay|[from] ability: Drought|[of] p1a: Torkoal\n|turn|25\n|inactive|Time left: 300 sec this turn | 300 sec total\n|\n|t:|1783564202\n|-terastallize|p1a: Torkoal|Dragon\n|move|p2a: Vivillon|Hurricane|p1a: Torkoal\n|-damage|p1a: Torkoal|9/100\n|move|p1a: Torkoal|Rapid Spin|p2a: Vivillon\n|-damage|p2a: Vivillon|0 fnt\n|-boost|p1a: Torkoal|spe|1\n|faint|p2a: Vivillon\n|\n|-weather|SunnyDay|[upkeep]\n|upkeep\n|inactive|Time left: 300 sec this turn | 300 sec total | 5 sec grace\n|\n|t:|1783564203\n|switch|p2a: Cyclizar|Cyclizar, L84, M|138/255\n|turn|26\n|inactive|Time left: 300 sec this turn | 300 sec total\n|\n|t:|1783564204\n|move|p2a: Cyclizar|Knock Off|p1a: Torkoal\n|-damage|p1a: Torkoal|0 fnt\n|-enditem|p1a: Torkoal|Heavy-Duty Boots|[from] move: Knock Off|[of] p2a: Cyclizar\n|faint|p1a: Torkoal\n|\n|win|p0y2160b997", "uploadtime": 1783564204, "views": 0, "rating": 0, "private": 0, "password": null, "_winner": "p0y2160b997", "_our_name": "p0y2160b997"}