{"id": "battle-gen9randombattle-204", "formatid": "gen9randombattle", "format": "[Gen 9] Random Battle", "players": ["p0x204fb4d", "p0y204df55"], "log": "|init|battle\n|title|p0x204fb4d vs. p0y204df55\n|j|\u2606p0x204fb4d\n|j|\u2606p0y204df55\n|t:|1783535612\n|gametype|singles\n|player|p1|p0x204fb4d|265|\n|player|p2|p0y204df55|102|\n|gen|9\n|tier|[Gen 9] Random Battle\n|rule|Species Clause: Limit one of each Pok\u00e9mon\n|rule|HP Percentage Mod: HP is shown in percentages\n|rule|Sleep Clause Mod: Limit one foe put to sleep\n|rule|Illusion Level Mod: Illusion disguises the Pok\u00e9mon's true level\n|\n|t:|1783535612\n|teamsize|p1|6\n|teamsize|p2|6\n|start\n|switch|p1a: Garganacl|Garganacl, L80, M|291/291\n|switch|p2a: Crawdaunt|Crawdaunt, L84, M|100/100\n|turn|1\n|inactive|Battle timer is ON: inactive players will automatically lose when time's up. (requested by p0y204df55)\n|inactive|Time left: 300 sec this turn | 300 sec total | 60 sec grace\n|inactive|p0x204fb4d also wants the timer to be on.\n|\n|t:|1783535614\n|move|p2a: Crawdaunt|Knock Off|p1a: Garganacl\n|-damage|p1a: Garganacl|99/291\n|-enditem|p1a: Garganacl|Leftovers|[from] move: Knock Off|[of] p2a: Crawdaunt\n|move|p1a: Garganacl|Stealth Rock|p2a: Crawdaunt\n|-sidestart|p2: p0y204df55|move: Stealth Rock\n|\n|upkeep\n|turn|2\n|inactive|Time left: 300 sec this turn | 300 sec total\n|\n|t:|1783535616\n|switch|p1a: Crabominable|Crabominable, L90, M|321/321\n|move|p2a: Crawdaunt|Knock Off|p1a: Crabominable\n|-resisted|p1a: Crabominable\n|-damage|p1a: Crabominable|195/321\n|-enditem|p1a: Crabominable|Choice Band|[from] move: Knock Off|[of] p2a: Crawdaunt\n|\n|upkeep\n|turn|3\n|inactive|Time left: 300 sec this turn | 300 sec total\n|\n|t:|1783535617\n|move|p2a: Crawdaunt|Knock Off|p1a: Crabominable\n|-resisted|p1a: Crabominable\n|-crit|p1a: Crabominable\n|-damage|p1a: Crabominable|80/321\n|move|p1a: Crabominable|Close Combat|p2a: Crawdaunt\n|-supereffective|p2a: Crawdaunt\n|-damage|p2a: Crawdaunt|0 fnt\n|-unboost|p1a: Crabominable|def|1\n|-unboost|p1a: Crabominable|spd|1\n|faint|p2a: Crawdaunt\n|\n|upkeep\n|\n|t:|1783535618\n|switch|p2a: Magnezone|Magnezone, L85|100/100\n|-damage|p2a: Magnezone|94/100|[from] Stealth Rock\n|turn|4\n|inactive|Time left: 300 sec this turn | 300 sec total\n|\n|t:|1783535619\n|switch|p1a: Gastrodon|Gastrodon-East, L86, F|331/331\n|move|p2a: Magnezone|Flash Cannon|p1a: Gastrodon\n|-resisted|p1a: Gastrodon\n|-damage|p1a: Gastrodon|277/331\n|\n|-heal|p2a: Magnezone|100/100|[from] item: Leftovers\n|-heal|p1a: Gastrodon|297/331|[from] item: Leftovers\n|upkeep\n|turn|5\n|inactive|Time left: 300 sec this turn | 300 sec total\n|\n|t:|1783535620\n|switch|p2a: Rillaboom|Rillaboom, L79, F|100/100\n|-damage|p2a: Rillaboom|88/100|[from] Stealth Rock\n|-fieldstart|move: Grassy Terrain|[from] ability: Grassy Surge|[of] p2a: Rillaboom\n|move|p1a: Gastrodon|Earthquake|p2a: Rillaboom\n|-resisted|p2a: Rillaboom\n|-damage|p2a: Rillaboom|80/100\n|\n|-heal|p2a: Rillaboom|86/100|[from] Grassy Terrain\n|-heal|p1a: Gastrodon|317/331|[from] Grassy Terrain\n|-heal|p1a: Gastrodon|331/331|[from] item: Leftovers\n|upkeep\n|turn|6\n|inactive|Time left: 300 sec this turn | 300 sec total\n|\n|t:|1783535621\n|-terastallize|p1a: Gastrodon|Poison\n|move|p2a: Rillaboom|Wood Hammer|p1a: Gastrodon\n|-resisted|p1a: Gastrodon\n|-damage|p1a: Gastrodon|180/331\n|-damage|p2a: Rillaboom|69/100|[from] Recoil\n|move|p1a: Gastrodon|Sludge Bomb|p2a: Rillaboom\n|-supereffective|p2a: Rillaboom\n|-damage|p2a: Rillaboom|0 fnt\n|faint|p2a: Rillaboom\n|\n|-heal|p1a: Gastrodon|200/331|[from] Grassy Terrain\n|-heal|p1a: Gastrodon|220/331|[from] item: Leftovers\n|upkeep\n|\n|t:|1783535622\n|switch|p2a: Whiscash|Whiscash, L88, F|100/100\n|-damage|p2a: Whiscash|94/100|[from] Stealth Rock\n|turn|7\n|inactive|Time left: 300 sec this turn | 300 sec total\n|\n|t:|1783535623\n|move|p2a: Whiscash|Stealth Rock|p1a: Gastrodon\n|-sidestart|p1: p0x204fb4d|move: Stealth Rock\n|move|p1a: Gastrodon|Surf|p2a: Whiscash\n|-damage|p2a: Whiscash|60/100\n|\n|-heal|p2a: Whiscash|66/100|[from] Grassy Terrain\n|-heal|p2a: Whiscash|73/100|[from] item: Leftovers\n|-heal|p1a: Gastrodon|240/331|[from] Grassy Terrain\n|-heal|p1a: Gastrodon|260/331|[from] item: Leftovers\n|upkeep\n|turn|8\n|inactive|Time left: 300 sec this turn | 300 sec total\n|\n|t:|1783535624\n|move|p2a: Whiscash|Earthquake|p1a: Gastrodon\n|-supereffective|p1a: Gastrodon\n|-damage|p1a: Gastrodon|140/331\n|move|p1a: Gastrodon|Surf|p2a: Whiscash\n|-damage|p2a: Whiscash|42/100\n|\n|-heal|p2a: Whiscash|48/100|[from] Grassy Terrain\n|-heal|p2a: Whiscash|55/100|[from] item: Leftovers\n|-heal|p1a: Gastrodon|160/331|[from] Grassy Terrain\n|-heal|p1a: Gastrodon|180/331|[from] item: Leftovers\n|upkeep\n|turn|9\n|inactive|Time left: 300 sec this turn | 300 sec total\n|\n|t:|1783535625\n|move|p2a: Whiscash|Earthquake|p1a: Gastrodon\n|-supereffective|p1a: Gastrodon\n|-damage|p1a: Gastrodon|72/331\n|move|p1a: Gastrodon|Recover|p1a: Gastrodon\n|-heal|p1a: Gastrodon|238/331\n|\n|-heal|p2a: Whiscash|61/100|[from] Grassy Terrain\n|-heal|p2a: Whiscash|67/100|[from] item: Leftovers\n|-heal|p1a: Gastrodon|258/331|[from] Grassy Terrain\n|-heal|p1a: Gastrodon|278/331|[from] item: Leftovers\n|-fieldend|move: Grassy Terrain\n|upkeep\n|turn|10\n|inactive|Time left: 300 sec this turn | 300 sec total\n|\n|t:|1783535626\n|move|p2a: Whiscash|Earthquake|p1a: Gastrodon\n|-supereffective|p1a: Gastrodon\n|-damage|p1a: Gastrodon|36/331\n|move|p1a: Gastrodon|Earthquake|p2a: Whiscash\n|-damage|p2a: Whiscash|35/100\n|\n|-heal|p2a: Whiscash|41/100|[from] item: Leftovers\n|-heal|p1a: Gastrodon|56/331|[from] item: Leftovers\n|upkeep\n|turn|11\n|inactive|Time left: 300 sec this turn | 300 sec total\n|\n|t:|1783535627\n|switch|p1a: Braviary|Braviary-Hisui, L85, M|326/326\n|-damage|p1a: Braviary|245/326|[from] Stealth Rock\n|move|p2a: Whiscash|Ice Beam|p1a: Braviary\n|-supereffective|p1a: Braviary\n|-damage|p1a: Braviary|115/326\n|\n|-heal|p2a: Whiscash|47/100|[from] item: Leftovers\n|upkeep\n|turn|12\n|inactive|Time left: 300 sec this turn | 300 sec total\n|\n|t:|1783535628\n|move|p1a: Braviary|Psychic|p2a: Whiscash\n|-damage|p2a: Whiscash|0 fnt\n|faint|p2a: Whiscash\n|\n|upkeep\n|\n|t:|1783535630\n|switch|p2a: Persian|Persian, L92, M|100/100\n|-damage|p2a: Persian|88/100|[from] Stealth Rock\n|turn|13\n|inactive|Time left: 300 sec this turn | 300 sec total\n|\n|t:|1783535631\n|switch|p1a: Landorus|Landorus-Therian, L76, M|260/260\n|-damage|p1a: Landorus|228/260|[from] Stealth Rock\n|-ability|p1a: Landorus|Intimidate|boost\n|-unboost|p2a: Persian|atk|1\n|move|p2a: Persian|Double-Edge|p1a: Landorus\n|-damage|p1a: Landorus|126/260\n|-damage|p2a: Persian|76/100|[from] Recoil\n|\n|-heal|p1a: Landorus|142/260|[from] item: Leftovers\n|upkeep\n|turn|14\n|inactive|Time left: 300 sec this turn | 300 sec total\n|\n|t:|1783535632\n|move|p2a: Persian|Double-Edge|p1a: Landorus\n|-damage|p1a: Landorus|39/260\n|-damage|p2a: Persian|63/100|[from] Recoil\n|move|p1a: Landorus|Earthquake|p2a: Persian\n|-damage|p2a: Persian|5/100\n|\n|-heal|p1a: Landorus|55/260|[from] item: Leftovers\n|upkeep\n|turn|15\n|inactive|Time left: 300 sec this turn | 300 sec total\n|\n|t:|1783535633\n|switch|p1a: Kleavor|Kleavor, L78, M|237/237\n|move|p2a: Persian|Double-Edge|p1a: Kleavor\n|-resisted|p1a: Kleavor\n|-damage|p1a: Kleavor|192/237\n|-damage|p2a: Persian|0 fnt|[from] Recoil\n|faint|p2a: Persian\n|\n|upkeep\n|\n|t:|1783535634\n|switch|p2a: Magnezone|Magnezone, L85|100/100\n|-damage|p2a: Magnezone|94/100|[from] Stealth Rock\n|turn|16\n|inactive|Time left: 300 sec this turn | 300 sec total\n|\n|t:|1783535635\n|switch|p1a: Landorus|Landorus-Therian, L76, M|55/260\n|-damage|p1a: Landorus|23/260|[from] Stealth Rock\n|-ability|p1a: Landorus|Intimidate|boost\n|-unboost|p2a: Magnezone|atk|1\n|move|p2a: Magnezone|Flash Cannon|p1a: Landorus\n|-damage|p1a: Landorus|0 fnt\n|faint|p1a: Landorus\n|\n|-heal|p2a: Magnezone|100/100|[from] item: Leftovers\n|upkeep\n|inactive|Time left: 300 sec this turn | 300 sec total | 5 sec grace\n|\n|t:|1783535636\n|switch|p1a: Braviary|Braviary-Hisui, L85, M|115/326\n|-damage|p1a: Braviary|34/326|[from] Stealth Rock\n|turn|17\n|inactive|Time left: 300 sec this turn | 300 sec total\n|\n|t:|1783535637\n|move|p1a: Braviary|Heat Wave|p2a: Magnezone\n|-supereffective|p2a: Magnezone\n|-damage|p2a: Magnezone|1/100\n|move|p2a: Magnezone|Discharge|p1a: Braviary\n|-supereffective|p1a: Braviary\n|-damage|p1a: Braviary|0 fnt\n|faint|p1a: Braviary\n|\n|-heal|p2a: Magnezone|7/100|[from] item: Leftovers\n|upkeep\n|inactive|Time left: 300 sec this turn | 300 sec total | 5 sec grace\n|\n|t:|1783535638\n|switch|p1a: Kleavor|Kleavor, L78, M|192/237\n|turn|18\n|inactive|Time left: 300 sec this turn | 300 sec total\n|\n|t:|1783535639\n|move|p1a: Kleavor|X-Scissor|p2a: Magnezone\n|-resisted|p2a: Magnezone\n|-damage|p2a: Magnezone|0 fnt\n|faint|p2a: Magnezone\n|\n|upkeep\n|\n|t:|1783535640\n|switch|p2a: Bellibolt|Bellibolt, L84, M|100/100\n|-damage|p2a: Bellibolt|88/100|[from] Stealth Rock\n|turn|19\n|inactive|Time left: 300 sec this turn | 300 sec total\n|\n|t:|1783535641\n|move|p1a: Kleavor|Swords Dance|p1a: Kleavor\n|-boost|p1a: Kleavor|atk|2\n|move|p2a: Bellibolt|Thunderbolt|p1a: Kleavor\n|-damage|p1a: Kleavor|75/237\n|\n|-heal|p2a: Bellibolt|94/100|[from] item: Leftovers\n|upkeep\n|turn|20\n|inactive|Time left: 300 sec this turn | 300 sec total\n|\n|t:|1783535642\n|move|p1a: Kleavor|X-Scissor|p2a: Bellibolt\n|-damage|p2a: Bellibolt|11/100\n|-start|p2a: Bellibolt|Charge|X-Scissor|[from] ability: Electromorphosis\n|move|p2a: Bellibolt|Slack Off|p2a: Bellibolt\n|-heal|p2a: Bellibolt|61/100\n|\n|-heal|p2a: Bellibolt|67/100|[from] item: Leftovers\n|upkeep\n|turn|21\n|inactive|Time left: 300 sec this turn | 300 sec total\n|\n|t:|1783535643\n|-terastallize|p2a: Bellibolt|Water\n|move|p1a: Kleavor|X-Scissor|p2a: Bellibolt\n|-damage|p2a: Bellibolt|0 fnt\n|faint|p2a: Bellibolt\n|\n|win|p0x204fb4d", "uploadtime": 1783535643, "views": 0, "rating": 0, "private": 0, "password": null, "_winner": "p0x204fb4d", "_our_name": "p0x204fb4d"}