{"id": "battle-gen9randombattle-217", "formatid": "gen9randombattle", "format": "[Gen 9] Random Battle", "players": ["p0x217e594", "p0y217f185"], "log": "|init|battle\n|title|p0x217e594 vs. p0y217f185\n|j|\u2606p0x217e594\n|j|\u2606p0y217f185\n|t:|1783541615\n|gametype|singles\n|player|p1|p0x217e594|170|\n|player|p2|p0y217f185|169|\n|gen|9\n|tier|[Gen 9] Random Battle\n|rule|Species Clause: Limit one of each Pok\u00e9mon\n|rule|HP Percentage Mod: HP is shown in percentages\n|rule|Sleep Clause Mod: Limit one foe put to sleep\n|rule|Illusion Level Mod: Illusion disguises the Pok\u00e9mon's true level\n|\n|t:|1783541615\n|teamsize|p1|6\n|teamsize|p2|6\n|start\n|switch|p1a: Electivire|Electivire, L84, M|100/100\n|switch|p2a: Regidrago|Regidrago, L77|435/435\n|turn|1\n|inactive|Battle timer is ON: inactive players will automatically lose when time's up. (requested by p0x217e594)\n|inactive|p0y217f185 also wants the timer to be on.\n|\n|t:|1783541616\n|-terastallize|p2a: Regidrago|Dragon\n|move|p1a: Electivire|Ice Punch|p2a: Regidrago\n|-supereffective|p2a: Regidrago\n|-damage|p2a: Regidrago|183/435\n|-damage|p1a: Electivire|91/100|[from] item: Life Orb\n|move|p2a: Regidrago|Outrage|p1a: Electivire\n|-damage|p1a: Electivire|0 fnt\n|faint|p1a: Electivire\n|\n|upkeep\n|\n|t:|1783541617\n|switch|p1a: Mewtwo|Mewtwo, L72|100/100\n|-ability|p1a: Mewtwo|Unnerve\n|turn|2\n|inactive|Time left: 300 sec this turn | 300 sec total\n|\n|t:|1783541618\n|move|p1a: Mewtwo|Psystrike|p2a: Regidrago\n|-damage|p2a: Regidrago|0 fnt\n|faint|p2a: Regidrago\n|-damage|p1a: Mewtwo|91/100|[from] item: Life Orb\n|\n|upkeep\n|inactive|Time left: 300 sec this turn | 300 sec total | 5 sec grace\n|\n|t:|1783541619\n|switch|p2a: Lokix|Lokix, L82, F|251/251\n|turn|3\n|inactive|Time left: 300 sec this turn | 300 sec total\n|\n|t:|1783541620\n|switch|p1a: Hawlucha|Hawlucha, L80, F|100/100\n|move|p2a: Lokix|Knock Off|p1a: Hawlucha\n|-resisted|p1a: Hawlucha\n|-damage|p1a: Hawlucha|40/100\n|-enditem|p1a: Hawlucha|White Herb|[from] move: Knock Off|[of] p2a: Lokix\n|-damage|p2a: Lokix|226/251|[from] item: Life Orb\n|\n|upkeep\n|turn|4\n|inactive|Time left: 300 sec this turn | 300 sec total\n|\n|t:|1783541622\n|move|p2a: Lokix|Sucker Punch||[still]\n|-fail|p2a: Lokix\n|move|p1a: Hawlucha|Swords Dance|p1a: Hawlucha\n|-boost|p1a: Hawlucha|atk|2\n|\n|upkeep\n|turn|5\n|inactive|Time left: 300 sec this turn | 300 sec total\n|\n|t:|1783541623\n|move|p2a: Lokix|Sucker Punch||[still]\n|-fail|p2a: Lokix\n|move|p1a: Hawlucha|Swords Dance|p1a: Hawlucha\n|-boost|p1a: Hawlucha|atk|2\n|\n|upkeep\n|turn|6\n|inactive|Time left: 300 sec this turn | 300 sec total\n|\n|t:|1783541624\n|move|p2a: Lokix|Sucker Punch||[still]\n|-fail|p2a: Lokix\n|move|p1a: Hawlucha|Swords Dance|p1a: Hawlucha\n|-boost|p1a: Hawlucha|atk|2\n|\n|upkeep\n|turn|7\n|inactive|Time left: 300 sec this turn | 300 sec total\n|\n|t:|1783541625\n|move|p2a: Lokix|Sucker Punch||[still]\n|-fail|p2a: Lokix\n|move|p1a: Hawlucha|Swords Dance|p1a: Hawlucha\n|-boost|p1a: Hawlucha|atk|0\n|\n|upkeep\n|turn|8\n|inactive|Time left: 300 sec this turn | 300 sec total\n|\n|t:|1783541626\n|move|p2a: Lokix|Sucker Punch||[still]\n|-fail|p2a: Lokix\n|move|p1a: Hawlucha|Swords Dance|p1a: Hawlucha\n|-boost|p1a: Hawlucha|atk|0\n|\n|upkeep\n|turn|9\n|inactive|Time left: 300 sec this turn | 300 sec total\n|\n|t:|1783541627\n|move|p2a: Lokix|Sucker Punch||[still]\n|-fail|p2a: Lokix\n|move|p1a: Hawlucha|Swords Dance|p1a: Hawlucha\n|-boost|p1a: Hawlucha|atk|0\n|\n|upkeep\n|turn|10\n|inactive|Time left: 300 sec this turn | 300 sec total\n|\n|t:|1783541628\n|move|p2a: Lokix|Sucker Punch||[still]\n|-fail|p2a: Lokix\n|move|p1a: Hawlucha|Swords Dance|p1a: Hawlucha\n|-boost|p1a: Hawlucha|atk|0\n|\n|upkeep\n|turn|11\n|inactive|Time left: 300 sec this turn | 300 sec total\n|\n|t:|1783541629\n|move|p2a: Lokix|Sucker Punch||[still]\n|-fail|p2a: Lokix\n|move|p1a: Hawlucha|Swords Dance|p1a: Hawlucha\n|-boost|p1a: Hawlucha|atk|0\n|\n|upkeep\n|turn|12\n|inactive|Time left: 300 sec this turn | 300 sec total\n|\n|t:|1783541630\n|switch|p2a: Slowking|Slowking, L88, F|310/310\n|move|p1a: Hawlucha|Acrobatics|p2a: Slowking\n|-damage|p2a: Slowking|0 fnt\n|faint|p2a: Slowking\n|\n|upkeep\n|inactive|Time left: 300 sec this turn | 300 sec total | 5 sec grace\n|\n|t:|1783541631\n|switch|p2a: Palafin|Palafin, L77, F|281/281\n|turn|13\n|inactive|Time left: 300 sec this turn | 300 sec total\n|\n|t:|1783541632\n|detailschange|p2a: Palafin|Palafin-Hero, L77, F\n|switch|p2a: Lokix|Lokix, L82, F|226/251\n|move|p1a: Hawlucha|Acrobatics|p2a: Lokix\n|-supereffective|p2a: Lokix\n|-damage|p2a: Lokix|0 fnt\n|faint|p2a: Lokix\n|\n|upkeep\n|inactive|Time left: 300 sec this turn | 300 sec total | 5 sec grace\n|\n|t:|1783541633\n|switch|p2a: Palafin|Palafin-Hero, L77, F|281/281\n|-activate|p2a: Palafin|ability: Zero to Hero\n|turn|14\n|inactive|Time left: 300 sec this turn | 300 sec total\n|\n|t:|1783541634\n|move|p2a: Palafin|Jet Punch|p1a: Hawlucha\n|-damage|p1a: Hawlucha|0 fnt\n|faint|p1a: Hawlucha\n|\n|upkeep\n|\n|t:|1783541635\n|switch|p1a: Minun|Minun, L95, M|100/100\n|turn|15\n|inactive|Time left: 300 sec this turn | 300 sec total\n|\n|t:|1783541636\n|move|p2a: Palafin|Jet Punch|p1a: Minun\n|-damage|p1a: Minun|41/100\n|move|p1a: Minun|Thunderbolt|p2a: Palafin\n|-supereffective|p2a: Palafin\n|-crit|p2a: Palafin\n|-damage|p2a: Palafin|0 fnt\n|faint|p2a: Palafin\n|-damage|p1a: Minun|31/100|[from] item: Life Orb\n|\n|upkeep\n|inactive|Time left: 300 sec this turn | 300 sec total | 5 sec grace\n|\n|t:|1783541637\n|switch|p2a: Persian|Persian, L92, F|269/269\n|turn|16\n|inactive|Time left: 300 sec this turn | 300 sec total\n|\n|t:|1783541638\n|switch|p1a: Quagsire|Quagsire, L84, F|100/100\n|move|p2a: Persian|U-turn|p1a: Quagsire\n|-damage|p1a: Quagsire|77/100\n|inactive|Time left: 300 sec this turn | 300 sec total | 5 sec grace\n|\n|t:|1783541639\n|switch|p2a: Delphox|Delphox, L84, M|263/263|[from] U-turn\n|\n|-heal|p1a: Quagsire|83/100|[from] item: Leftovers\n|upkeep\n|turn|17\n|inactive|Time left: 300 sec this turn | 300 sec total\n|\n|t:|1783541640\n|move|p2a: Delphox|Grass Knot|p1a: Quagsire\n|-supereffective|p1a: Quagsire\n|-damage|p1a: Quagsire|0 fnt\n|faint|p1a: Quagsire\n|\n|upkeep\n|\n|t:|1783541641\n|switch|p1a: Mewtwo|Mewtwo, L72|91/100\n|-ability|p1a: Mewtwo|Unnerve\n|turn|18\n|inactive|Time left: 300 sec this turn | 300 sec total\n|\n|t:|1783541642\n|move|p1a: Mewtwo|Dark Pulse|p2a: Delphox\n|-supereffective|p2a: Delphox\n|-damage|p2a: Delphox|120/263\n|-damage|p1a: Mewtwo|81/100|[from] item: Life Orb\n|move|p2a: Delphox|Fire Blast|p1a: Mewtwo\n|-damage|p1a: Mewtwo|26/100\n|\n|upkeep\n|turn|19\n|inactive|Time left: 300 sec this turn | 300 sec total\n|\n|t:|1783541644\n|move|p1a: Mewtwo|Dark Pulse|p2a: Delphox\n|-supereffective|p2a: Delphox\n|-damage|p2a: Delphox|0 fnt\n|faint|p2a: Delphox\n|-damage|p1a: Mewtwo|16/100|[from] item: Life Orb\n|\n|upkeep\n|inactive|Time left: 300 sec this turn | 300 sec total | 5 sec grace\n|\n|t:|1783541645\n|switch|p2a: Persian|Persian, L92, F|269/269\n|turn|20\n|inactive|Time left: 300 sec this turn | 300 sec total\n|\n|t:|1783541646\n|move|p2a: Persian|Double-Edge|p1a: Mewtwo\n|-damage|p1a: Mewtwo|0 fnt\n|faint|p1a: Mewtwo\n|-damage|p2a: Persian|255/269|[from] Recoil\n|\n|upkeep\n|\n|t:|1783541647\n|switch|p1a: Azelf|Azelf, L82|100/100\n|turn|21\n|inactive|Time left: 300 sec this turn | 300 sec total\n|\n|t:|1783541648\n|-terastallize|p1a: Azelf|Fire\n|move|p2a: Persian|Double-Edge|p1a: Azelf\n|-damage|p1a: Azelf|12/100\n|-damage|p2a: Persian|180/269|[from] Recoil\n|move|p1a: Azelf|Fire Blast|p2a: Persian\n|-damage|p2a: Persian|21/269\n|\n|-heal|p1a: Azelf|18/100|[from] item: Leftovers\n|upkeep\n|turn|22\n|inactive|Time left: 300 sec this turn | 300 sec total\n|\n|t:|1783541649\n|switch|p1a: Minun|Minun, L95, M|31/100\n|move|p2a: Persian|Double-Edge|p1a: Minun\n|-damage|p1a: Minun|0 fnt\n|faint|p1a: Minun\n|-damage|p2a: Persian|0 fnt|[from] Recoil\n|faint|p2a: Persian\n|\n|win|p0x217e594", "uploadtime": 1783541649, "views": 0, "rating": 0, "private": 0, "password": null, "_winner": "p0x217e594", "_our_name": "p0y217f185"}