{"id": "battle-gen9randombattle-657", "formatid": "gen9randombattle", "format": "[Gen 9] Random Battle", "players": ["p0x657ecf3", "p0y6572392"], "log": "|init|battle\n|title|p0x657ecf3 vs. p0y6572392\n|j|\u2606p0x657ecf3\n|j|\u2606p0y6572392\n|t:|1783546743\n|gametype|singles\n|player|p1|p0x657ecf3|1|\n|player|p2|p0y6572392|101|\n|gen|9\n|tier|[Gen 9] Random Battle\n|rule|Species Clause: Limit one of each Pok\u00e9mon\n|rule|HP Percentage Mod: HP is shown in percentages\n|rule|Sleep Clause Mod: Limit one foe put to sleep\n|rule|Illusion Level Mod: Illusion disguises the Pok\u00e9mon's true level\n|\n|t:|1783546743\n|teamsize|p1|6\n|teamsize|p2|6\n|start\n|switch|p1a: Lunala|Lunala, L70|308/308\n|switch|p2a: Necrozma|Necrozma-Dawn-Wings, L76|100/100\n|turn|1\n|inactive|Battle timer is ON: inactive players will automatically lose when time's up. (requested by p0x657ecf3)\n|inactive|p0y6572392 also wants the timer to be on.\n|\n|t:|1783546745\n|move|p1a: Lunala|Moongeist Beam|p2a: Necrozma\n|-supereffective|p2a: Necrozma\n|-damage|p2a: Necrozma|5/100\n|move|p2a: Necrozma|Moongeist Beam|p1a: Lunala\n|-supereffective|p1a: Lunala\n|-damage|p1a: Lunala|44/308\n|\n|-heal|p1a: Lunala|63/308|[from] item: Leftovers\n|-heal|p2a: Necrozma|11/100|[from] item: Leftovers\n|upkeep\n|turn|2\n|inactive|Time left: 300 sec this turn | 300 sec total\n|\n|t:|1783546746\n|switch|p2a: Tyranitar|Tyranitar, L78, F|100/100\n|-weather|Sandstorm|[from] ability: Sand Stream|[of] p2a: Tyranitar\n|move|p1a: Lunala|Moongeist Beam|p2a: Tyranitar\n|-resisted|p2a: Tyranitar\n|-damage|p2a: Tyranitar|88/100\n|\n|-weather|Sandstorm|[upkeep]\n|-damage|p1a: Lunala|44/308|[from] Sandstorm\n|-heal|p1a: Lunala|63/308|[from] item: Leftovers\n|-heal|p2a: Tyranitar|94/100|[from] item: Leftovers\n|upkeep\n|turn|3\n|inactive|Time left: 300 sec this turn | 300 sec total\n|\n|t:|1783546747\n|move|p1a: Lunala|Focus Blast|p2a: Tyranitar\n|-supereffective|p2a: Tyranitar\n|-damage|p2a: Tyranitar|18/100\n|move|p2a: Tyranitar|Knock Off|p1a: Lunala\n|-supereffective|p1a: Lunala\n|-damage|p1a: Lunala|0 fnt\n|-enditem|p1a: Lunala|Leftovers|[from] move: Knock Off|[of] p2a: Tyranitar\n|faint|p1a: Lunala\n|\n|-weather|Sandstorm|[upkeep]\n|-heal|p2a: Tyranitar|24/100|[from] item: Leftovers\n|upkeep\n|inactive|Time left: 300 sec this turn | 300 sec total | 5 sec grace\n|\n|t:|1783546748\n|switch|p1a: Minior|Minior-Green, L79|224/224\n|-formechange|p1a: Minior|Minior-Meteor||[from] ability: Shields Down\n|turn|4\n|inactive|Time left: 300 sec this turn | 300 sec total\n|\n|t:|1783546749\n|move|p2a: Tyranitar|Stone Edge|p1a: Minior|[miss]\n|-miss|p2a: Tyranitar|p1a: Minior\n|move|p1a: Minior|Earthquake|p2a: Tyranitar\n|-supereffective|p2a: Tyranitar\n|-damage|p2a: Tyranitar|0 fnt\n|faint|p2a: Tyranitar\n|\n|-weather|Sandstorm|[upkeep]\n|upkeep\n|\n|t:|1783546750\n|switch|p2a: Maushold|Maushold, L76|100/100\n|turn|5\n|inactive|Time left: 300 sec this turn | 300 sec total\n|\n|t:|1783546751\n|move|p2a: Maushold|Tidy Up|p2a: Maushold\n|-boost|p2a: Maushold|atk|1\n|-boost|p2a: Maushold|spe|1\n|move|p1a: Minior|Shell Smash|p1a: Minior\n|-unboost|p1a: Minior|def|1\n|-unboost|p1a: Minior|spd|1\n|-boost|p1a: Minior|atk|2\n|-boost|p1a: Minior|spa|2\n|-boost|p1a: Minior|spe|2\n|-enditem|p1a: Minior|White Herb\n|-clearnegativeboost|p1a: Minior|[silent]\n|\n|-weather|Sandstorm|[upkeep]\n|-damage|p2a: Maushold|95/100|[from] Sandstorm\n|upkeep\n|turn|6\n|inactive|Time left: 300 sec this turn | 300 sec total\n|\n|t:|1783546752\n|move|p2a: Maushold|Encore|p1a: Minior\n|-start|p1a: Minior|Encore\n|move|p1a: Minior|Shell Smash|p1a: Minior\n|-unboost|p1a: Minior|def|1\n|-unboost|p1a: Minior|spd|1\n|-boost|p1a: Minior|atk|2\n|-boost|p1a: Minior|spa|2\n|-boost|p1a: Minior|spe|2\n|\n|-weather|none\n|upkeep\n|turn|7\n|inactive|Time left: 300 sec this turn | 300 sec total\n|\n|t:|1783546753\n|move|p1a: Minior|Shell Smash|p1a: Minior\n|-unboost|p1a: Minior|def|1\n|-unboost|p1a: Minior|spd|1\n|-boost|p1a: Minior|atk|2\n|-boost|p1a: Minior|spa|2\n|-boost|p1a: Minior|spe|2\n|move|p2a: Maushold|Population Bomb|p1a: Minior\n|-resisted|p1a: Minior\n|-damage|p1a: Minior|192/224\n|-resisted|p1a: Minior\n|-damage|p1a: Minior|162/224\n|-resisted|p1a: Minior\n|-damage|p1a: Minior|130/224\n|-resisted|p1a: Minior\n|-damage|p1a: Minior|97/224\n|-resisted|p1a: Minior\n|-damage|p1a: Minior|65/224\n|-resisted|p1a: Minior\n|-damage|p1a: Minior|32/224\n|-hitcount|p1a: Minior|6\n|\n|-formechange|p1a: Minior|Minior-Green||[from] ability: Shields Down\n|upkeep\n|turn|8\n|inactive|Time left: 300 sec this turn | 300 sec total\n|\n|t:|1783546755\n|move|p1a: Minior|Shell Smash|p1a: Minior\n|-unboost|p1a: Minior|def|1\n|-unboost|p1a: Minior|spd|1\n|-boost|p1a: Minior|atk|0\n|-boost|p1a: Minior|spa|0\n|-boost|p1a: Minior|spe|0\n|move|p2a: Maushold|Population Bomb|p1a: Minior\n|-resisted|p1a: Minior\n|-damage|p1a: Minior|0 fnt\n|faint|p1a: Minior\n|-hitcount|p1: Minior|1\n|\n|upkeep\n|inactive|Time left: 300 sec this turn | 300 sec total | 5 sec grace\n|\n|t:|1783546756\n|switch|p1a: Regirock|Regirock, L83|268/268\n|turn|9\n|inactive|Time left: 300 sec this turn | 300 sec total\n|\n|t:|1783546757\n|-terastallize|p2a: Maushold|Ghost\n|move|p2a: Maushold|Tidy Up|p2a: Maushold\n|-boost|p2a: Maushold|atk|1\n|-boost|p2a: Maushold|spe|1\n|move|p1a: Regirock|Body Press|p2a: Maushold\n|-immune|p2a: Maushold\n|\n|upkeep\n|turn|10\n|inactive|Time left: 300 sec this turn | 300 sec total\n|\n|t:|1783546758\n|switch|p1a: Houndstone|Houndstone, L86, M|264/264\n|move|p2a: Maushold|Encore||[still]\n|-fail|p2a: Maushold\n|\n|upkeep\n|turn|11\n|inactive|Time left: 300 sec this turn | 300 sec total\n|\n|t:|1783546759\n|move|p2a: Maushold|Bite|p1a: Houndstone\n|-supereffective|p1a: Houndstone\n|-damage|p1a: Houndstone|185/264\n|cant|p1a: Houndstone|flinch\n|\n|upkeep\n|turn|12\n|inactive|Time left: 300 sec this turn | 300 sec total\n|\n|t:|1783546760\n|move|p2a: Maushold|Bite|p1a: Houndstone\n|-supereffective|p1a: Houndstone\n|-damage|p1a: Houndstone|113/264\n|move|p1a: Houndstone|Poltergeist|p2a: Maushold\n|-activate|p2a: Maushold|move: Poltergeist|Wide Lens\n|-supereffective|p2a: Maushold\n|-damage|p2a: Maushold|0 fnt\n|faint|p2a: Maushold\n|\n|upkeep\n|\n|t:|1783546761\n|switch|p2a: Darkrai|Darkrai, L77|100/100\n|turn|13\n|inactive|Time left: 300 sec this turn | 300 sec total\n|\n|t:|1783546762\n|-terastallize|p1a: Houndstone|Fairy\n|move|p2a: Darkrai|Dark Pulse|p1a: Houndstone\n|-resisted|p1a: Houndstone\n|-damage|p1a: Houndstone|86/264\n|move|p1a: Houndstone|Play Rough|p2a: Darkrai\n|-supereffective|p2a: Darkrai\n|-damage|p2a: Darkrai|8/100\n|\n|-heal|p2a: Darkrai|14/100|[from] item: Leftovers\n|upkeep\n|turn|14\n|inactive|Time left: 300 sec this turn | 300 sec total\n|\n|t:|1783546764\n|move|p2a: Darkrai|Sludge Bomb|p1a: Houndstone\n|-supereffective|p1a: Houndstone\n|-damage|p1a: Houndstone|4/264\n|-status|p1a: Houndstone|psn\n|move|p1a: Houndstone|Poltergeist|p2a: Darkrai\n|-activate|p2a: Darkrai|move: Poltergeist|Leftovers\n|-resisted|p2a: Darkrai\n|-damage|p2a: Darkrai|0 fnt\n|faint|p2a: Darkrai\n|\n|-damage|p1a: Houndstone|0 fnt|[from] psn\n|faint|p1a: Houndstone\n|upkeep\n|inactive|Time left: 300 sec this turn | 300 sec total | 5 sec grace\n|\n|t:|1783546765\n|switch|p2a: Mienshao|Mienshao, L83, M|100/100\n|switch|p1a: Tatsugiri|Tatsugiri, L87, F|260/260\n|turn|15\n|inactive|Time left: 300 sec this turn | 300 sec total\n|\n|t:|1783546766\n|move|p2a: Mienshao|Close Combat|p1a: Tatsugiri\n|-damage|p1a: Tatsugiri|82/260\n|-unboost|p2a: Mienshao|def|1\n|-unboost|p2a: Mienshao|spd|1\n|move|p1a: Tatsugiri|Rapid Spin|p2a: Mienshao\n|-damage|p2a: Mienshao|81/100\n|-boost|p1a: Tatsugiri|spe|1\n|\n|upkeep\n|turn|16\n|inactive|Time left: 300 sec this turn | 300 sec total\n|\n|t:|1783546767\n|switch|p2a: Necrozma|Necrozma-Dawn-Wings, L76|11/100\n|move|p1a: Tatsugiri|Draco Meteor|p2a: Necrozma\n|-damage|p2a: Necrozma|0 fnt\n|-unboost|p1a: Tatsugiri|spa|2\n|faint|p2a: Necrozma\n|\n|upkeep\n|\n|t:|1783546768\n|switch|p2a: Mienshao|Mienshao, L83, M|100/100\n|turn|17\n|inactive|Time left: 300 sec this turn | 300 sec total\n|\n|t:|1783546769\n|move|p1a: Tatsugiri|Surf|p2a: Mienshao\n|-damage|p2a: Mienshao|78/100\n|move|p2a: Mienshao|U-turn|p1a: Tatsugiri\n|-damage|p1a: Tatsugiri|10/260\n|\n|t:|1783546770\n|switch|p2a: Flutter Mane|Flutter Mane, L74|100/100|[from] U-turn\n|\n|upkeep\n|turn|18\n|inactive|Time left: 300 sec this turn | 300 sec total\n|\n|t:|1783546771\n|switch|p1a: Regirock|Regirock, L83|268/268\n|move|p2a: Flutter Mane|Calm Mind|p2a: Flutter Mane\n|-boost|p2a: Flutter Mane|spa|1\n|-boost|p2a: Flutter Mane|spd|1\n|\n|upkeep\n|turn|19\n|inactive|Time left: 300 sec this turn | 300 sec total\n|\n|t:|1783546771\n|move|p2a: Flutter Mane|Moonblast|p1a: Regirock\n|-damage|p1a: Regirock|89/268\n|-damage|p2a: Flutter Mane|91/100|[from] item: Life Orb\n|move|p1a: Regirock|Stone Edge|p2a: Flutter Mane\n|-damage|p2a: Flutter Mane|9/100\n|\n|-heal|p1a: Regirock|105/268|[from] item: Leftovers\n|upkeep\n|turn|20\n|inactive|Time left: 300 sec this turn | 300 sec total\n|\n|t:|1783546772\n|switch|p1a: Chansey|Chansey, L85, F|564/564\n|move|p2a: Flutter Mane|Moonblast|p1a: Chansey\n|-damage|p1a: Chansey|451/564\n|-damage|p2a: Flutter Mane|0 fnt|[from] item: Life Orb\n|faint|p2a: Flutter Mane\n|-end|p2a: Flutter Mane|Protosynthesis|[silent]\n|\n|upkeep\n|\n|t:|1783546773\n|switch|p2a: Mienshao|Mienshao, L83, M|100/100\n|turn|21\n|inactive|Time left: 300 sec this turn | 300 sec total\n|\n|t:|1783546774\n|move|p2a: Mienshao|Close Combat|p1a: Chansey\n|-supereffective|p1a: Chansey\n|-damage|p1a: Chansey|0 fnt\n|-unboost|p2a: Mienshao|def|1\n|-unboost|p2a: Mienshao|spd|1\n|faint|p1a: Chansey\n|\n|upkeep\n|inactive|Time left: 300 sec this turn | 300 sec total | 5 sec grace\n|\n|t:|1783546775\n|switch|p1a: Tatsugiri|Tatsugiri, L87, F|10/260\n|turn|22\n|inactive|Time left: 300 sec this turn | 300 sec total\n|\n|t:|1783546776\n|switch|p1a: Regirock|Regirock, L83|105/268\n|move|p2a: Mienshao|Close Combat|p1a: Regirock\n|-supereffective|p1a: Regirock\n|-damage|p1a: Regirock|0 fnt\n|-unboost|p2a: Mienshao|def|1\n|-unboost|p2a: Mienshao|spd|1\n|faint|p1a: Regirock\n|\n|upkeep\n|inactive|Time left: 300 sec this turn | 300 sec total | 5 sec grace\n|\n|t:|1783546776\n|switch|p1a: Tatsugiri|Tatsugiri, L87, F|10/260\n|turn|23\n|inactive|Time left: 300 sec this turn | 300 sec total\n|\n|t:|1783546777\n|move|p2a: Mienshao|Close Combat|p1a: Tatsugiri\n|-damage|p1a: Tatsugiri|0 fnt\n|-unboost|p2a: Mienshao|def|1\n|-unboost|p2a: Mienshao|spd|1\n|faint|p1a: Tatsugiri\n|\n|win|p0y6572392", "uploadtime": 1783546777, "views": 0, "rating": 0, "private": 0, "password": null, "_winner": "p0y6572392", "_our_name": "p0x657ecf3"}