{"id": "battle-gen9randombattle-948", "formatid": "gen9randombattle", "format": "[Gen 9] Random Battle", "players": ["p0x9482dec", "p0y948a340"], "log": "|init|battle\n|title|p0x9482dec vs. p0y948a340\n|j|\u2606p0x9482dec\n|j|\u2606p0y948a340\n|t:|1783550131\n|gametype|singles\n|player|p1|p0x9482dec|265|\n|player|p2|p0y948a340|101|\n|gen|9\n|tier|[Gen 9] Random Battle\n|rule|Species Clause: Limit one of each Pok\u00e9mon\n|rule|HP Percentage Mod: HP is shown in percentages\n|rule|Sleep Clause Mod: Limit one foe put to sleep\n|rule|Illusion Level Mod: Illusion disguises the Pok\u00e9mon's true level\n|\n|t:|1783550131\n|teamsize|p1|6\n|teamsize|p2|6\n|start\n|switch|p1a: Froslass|Froslass, L87, F|263/263\n|switch|p2a: Venusaur|Venusaur, L84, F|100/100\n|turn|1\n|inactive|Battle timer is ON: inactive players will automatically lose when time's up. (requested by p0y948a340)\n|inactive|Time left: 300 sec this turn | 300 sec total | 60 sec grace\n|inactive|p0x9482dec also wants the timer to be on.\n|\n|t:|1783550133\n|switch|p2a: Porygon2|Porygon2, L81|100/100\n|-ability|p2a: Porygon2|Download|boost\n|-boost|p2a: Porygon2|spa|1\n|move|p1a: Froslass|Triple Axel|p2a: Porygon2\n|-damage|p2a: Porygon2|96/100\n|-damage|p2a: Porygon2|85/100\n|-damage|p2a: Porygon2|69/100\n|-hitcount|p2a: Porygon2|3\n|\n|upkeep\n|turn|2\n|inactive|Time left: 300 sec this turn | 300 sec total\n|\n|t:|1783550135\n|move|p1a: Froslass|Spikes|p2a: Porygon2\n|-sidestart|p2: p0y948a340|Spikes\n|move|p2a: Porygon2|Ice Beam|p1a: Froslass\n|-resisted|p1a: Froslass\n|-damage|p1a: Froslass|208/263\n|\n|upkeep\n|turn|3\n|inactive|Time left: 300 sec this turn | 300 sec total\n|\n|t:|1783550136\n|move|p1a: Froslass|Spikes|p2a: Porygon2\n|-sidestart|p2: p0y948a340|Spikes\n|move|p2a: Porygon2|Discharge|p1a: Froslass\n|-damage|p1a: Froslass|104/263\n|\n|upkeep\n|turn|4\n|inactive|Time left: 300 sec this turn | 300 sec total\n|\n|t:|1783550137\n|move|p1a: Froslass|Triple Axel|p2a: Porygon2\n|-damage|p2a: Porygon2|64/100\n|-crit|p2a: Porygon2\n|-damage|p2a: Porygon2|50/100\n|-crit|p2a: Porygon2\n|-damage|p2a: Porygon2|26/100\n|-hitcount|p2a: Porygon2|3\n|move|p2a: Porygon2|Ice Beam|p1a: Froslass\n|-resisted|p1a: Froslass\n|-damage|p1a: Froslass|47/263\n|\n|upkeep\n|turn|5\n|inactive|Time left: 300 sec this turn | 300 sec total\n|\n|t:|1783550138\n|move|p1a: Froslass|Triple Axel|p2a: Porygon2\n|-damage|p2a: Porygon2|21/100\n|-damage|p2a: Porygon2|12/100\n|-damage|p2a: Porygon2|0 fnt\n|faint|p2a: Porygon2\n|-hitcount|p2: Porygon2|3\n|\n|upkeep\n|\n|t:|1783550139\n|switch|p2a: Kricketune|Kricketune, L99, M|100/100\n|turn|6\n|inactive|Time left: 300 sec this turn | 300 sec total\n|\n|t:|1783550140\n|move|p1a: Froslass|Taunt|p2a: Kricketune\n|-start|p2a: Kricketune|move: Taunt\n|cant|p2a: Kricketune|move: Taunt|Sticky Web\n|\n|upkeep\n|turn|7\n|inactive|Time left: 300 sec this turn | 300 sec total\n|\n|t:|1783550141\n|move|p1a: Froslass|Poltergeist|p2a: Kricketune\n|-activate|p2a: Kricketune|move: Poltergeist|Heavy-Duty Boots\n|-damage|p2a: Kricketune|56/100\n|move|p2a: Kricketune|Knock Off|p1a: Froslass\n|-supereffective|p1a: Froslass\n|-damage|p1a: Froslass|0 fnt\n|-enditem|p1a: Froslass|Wide Lens|[from] move: Knock Off|[of] p2a: Kricketune\n|faint|p1a: Froslass\n|\n|upkeep\n|inactive|Time left: 300 sec this turn | 300 sec total | 5 sec grace\n|\n|t:|1783550142\n|switch|p1a: Magmortar|Magmortar, L88, M|275/275\n|turn|8\n|inactive|Time left: 300 sec this turn | 300 sec total\n|\n|t:|1783550143\n|move|p1a: Magmortar|Fire Blast|p2a: Kricketune\n|-supereffective|p2a: Kricketune\n|-damage|p2a: Kricketune|0 fnt\n|faint|p2a: Kricketune\n|\n|upkeep\n|\n|t:|1783550145\n|switch|p2a: Miraidon|Miraidon, L65|100/100\n|-damage|p2a: Miraidon|84/100|[from] Spikes\n|-fieldstart|move: Electric Terrain|[from] ability: Hadron Engine|[of] p2a: Miraidon\n|turn|9\n|inactive|Time left: 300 sec this turn | 300 sec total\n|\n|t:|1783550146\n|switch|p1a: Ting-Lu|Ting-Lu, L78|370/370\n|-ability|p1a: Ting-Lu|Vessel of Ruin\n|move|p2a: Miraidon|Electro Drift|p1a: Ting-Lu\n|-immune|p1a: Ting-Lu\n|\n|upkeep\n|turn|10\n|inactive|Time left: 300 sec this turn | 300 sec total\n|\n|t:|1783550147\n|switch|p2a: Regigigas|Regigigas, L84|100/100\n|-damage|p2a: Regigigas|84/100|[from] Spikes\n|-start|p2a: Regigigas|ability: Slow Start\n|move|p1a: Ting-Lu|Earthquake|p2a: Regigigas\n|-damage|p2a: Regigigas|60/100\n|\n|-heal|p2a: Regigigas|66/100|[from] item: Leftovers\n|upkeep\n|turn|11\n|inactive|Time left: 300 sec this turn | 300 sec total\n|\n|t:|1783550148\n|move|p1a: Ting-Lu|Spikes|p2a: Regigigas\n|-sidestart|p2: p0y948a340|Spikes\n|move|p2a: Regigigas|Body Slam|p1a: Ting-Lu\n|-damage|p1a: Ting-Lu|315/370\n|\n|-heal|p1a: Ting-Lu|338/370|[from] item: Leftovers\n|-heal|p2a: Regigigas|72/100|[from] item: Leftovers\n|upkeep\n|turn|12\n|inactive|Time left: 300 sec this turn | 300 sec total\n|\n|t:|1783550149\n|move|p2a: Regigigas|Body Slam|p1a: Ting-Lu\n|-damage|p1a: Ting-Lu|281/370\n|move|p1a: Ting-Lu|Whirlwind|p2a: Regigigas\n|drag|p2a: Miraidon|Miraidon, L65|84/100\n|-damage|p2a: Miraidon|59/100|[from] Spikes\n|-activate|p2a: Miraidon|ability: Hadron Engine\n|\n|-heal|p1a: Ting-Lu|304/370|[from] item: Leftovers\n|upkeep\n|turn|13\n|inactive|Time left: 300 sec this turn | 300 sec total\n|\n|t:|1783550150\n|move|p2a: Miraidon|Dragon Pulse|p1a: Ting-Lu\n|-damage|p1a: Ting-Lu|203/370\n|-damage|p2a: Miraidon|50/100|[from] item: Life Orb\n|move|p1a: Ting-Lu|Earthquake|p2a: Miraidon\n|-supereffective|p2a: Miraidon\n|-damage|p2a: Miraidon|0 fnt\n|faint|p2a: Miraidon\n|\n|-heal|p1a: Ting-Lu|226/370|[from] item: Leftovers\n|-fieldend|move: Electric Terrain\n|upkeep\n|\n|t:|1783550151\n|switch|p2a: Venusaur|Venusaur, L84, F|100/100\n|-damage|p2a: Venusaur|75/100|[from] Spikes\n|turn|14\n|inactive|Time left: 300 sec this turn | 300 sec total\n|\n|t:|1783550152\n|move|p2a: Venusaur|Leech Seed|p1a: Ting-Lu\n|-start|p1a: Ting-Lu|move: Leech Seed\n|move|p1a: Ting-Lu|Whirlwind|p2a: Venusaur\n|drag|p2a: Banette|Banette, L93, M|100/100\n|-damage|p2a: Banette|76/100|[from] Spikes\n|\n|-heal|p1a: Ting-Lu|249/370|[from] item: Leftovers\n|-damage|p1a: Ting-Lu|203/370|[from] Leech Seed|[of] p2a: Banette\n|-heal|p2a: Banette|93/100|[silent]\n|upkeep\n|turn|15\n|inactive|Time left: 300 sec this turn | 300 sec total\n|\n|t:|1783550153\n|move|p2a: Banette|Swords Dance|p2a: Banette\n|-boost|p2a: Banette|atk|2\n|move|p1a: Ting-Lu|Throat Chop|p2a: Banette\n|-supereffective|p2a: Banette\n|-damage|p2a: Banette|25/100\n|-start|p2a: Banette|Throat Chop|[silent]\n|\n|-heal|p1a: Ting-Lu|226/370|[from] item: Leftovers\n|-damage|p1a: Ting-Lu|180/370|[from] Leech Seed|[of] p2a: Banette\n|-heal|p2a: Banette|42/100|[silent]\n|upkeep\n|turn|16\n|inactive|Time left: 300 sec this turn | 300 sec total\n|\n|t:|1783550153\n|-terastallize|p2a: Banette|Ghost\n|move|p2a: Banette|Poltergeist|p1a: Ting-Lu\n|-activate|p1a: Ting-Lu|move: Poltergeist|Leftovers\n|-resisted|p1a: Ting-Lu\n|-damage|p1a: Ting-Lu|0 fnt\n|faint|p1a: Ting-Lu\n|-damage|p2a: Banette|32/100|[from] item: Life Orb\n|\n|-end|p2a: Banette|Throat Chop|[silent]\n|upkeep\n|inactive|Time left: 300 sec this turn | 300 sec total | 5 sec grace\n|\n|t:|1783550154\n|switch|p1a: Magmortar|Magmortar, L88, M|275/275\n|turn|17\n|inactive|Time left: 300 sec this turn | 300 sec total\n|\n|t:|1783550155\n|move|p2a: Banette|Shadow Sneak|p1a: Magmortar\n|-damage|p1a: Magmortar|46/275\n|-damage|p2a: Banette|22/100|[from] item: Life Orb\n|move|p1a: Magmortar|Knock Off|p2a: Banette\n|-supereffective|p2a: Banette\n|-damage|p2a: Banette|0 fnt\n|-enditem|p2a: Banette|Life Orb|[from] move: Knock Off|[of] p1a: Magmortar\n|faint|p2a: Banette\n|\n|upkeep\n|\n|t:|1783550156\n|switch|p2a: Venusaur|Venusaur, L84, F|75/100\n|-damage|p2a: Venusaur|50/100|[from] Spikes\n|turn|18\n|inactive|Time left: 300 sec this turn | 300 sec total\n|\n|t:|1783550157\n|move|p1a: Magmortar|Fire Blast|p2a: Venusaur\n|-supereffective|p2a: Venusaur\n|-damage|p2a: Venusaur|0 fnt\n|faint|p2a: Venusaur\n|\n|upkeep\n|\n|t:|1783550158\n|switch|p2a: Regigigas|Regigigas, L84|72/100\n|-damage|p2a: Regigigas|47/100|[from] Spikes\n|-start|p2a: Regigigas|ability: Slow Start\n|turn|19\n|inactive|Time left: 300 sec this turn | 300 sec total\n|\n|t:|1783550159\n|move|p1a: Magmortar|Fire Blast|p2a: Regigigas\n|-damage|p2a: Regigigas|6/100\n|move|p2a: Regigigas|Rest|p2a: Regigigas\n|-status|p2a: Regigigas|slp|[from] move: Rest\n|-heal|p2a: Regigigas|100/100 slp|[silent]\n|\n|upkeep\n|turn|20\n|inactive|Time left: 300 sec this turn | 300 sec total\n|\n|t:|1783550160\n|move|p1a: Magmortar|Fire Blast|p2a: Regigigas\n|-damage|p2a: Regigigas|59/100 slp\n|cant|p2a: Regigigas|slp\n|move|p2a: Regigigas|Sleep Talk|p2a: Regigigas\n|move|p2a: Regigigas|Knock Off|p1a: Magmortar|[from] move: Sleep Talk\n|-damage|p1a: Magmortar|0 fnt\n|-enditem|p1a: Magmortar|Heavy-Duty Boots|[from] move: Knock Off|[of] p2a: Regigigas\n|faint|p1a: Magmortar\n|\n|-heal|p2a: Regigigas|65/100 slp|[from] item: Leftovers\n|upkeep\n|inactive|Time left: 300 sec this turn | 300 sec total | 5 sec grace\n|\n|t:|1783550161\n|switch|p1a: Dusknoir|Dusknoir, L89, F|225/225\n|-item|p2a: Regigigas|Leftovers|[from] ability: Frisk|[of] p1a: Dusknoir\n|turn|21\n|inactive|Time left: 300 sec this turn | 300 sec total\n|\n|t:|1783550162\n|-terastallize|p1a: Dusknoir|Ground\n|move|p1a: Dusknoir|Earthquake|p2a: Regigigas\n|-damage|p2a: Regigigas|21/100 slp\n|cant|p2a: Regigigas|slp\n|move|p2a: Regigigas|Sleep Talk|p2a: Regigigas\n|move|p2a: Regigigas|Rest||[from] move: Sleep Talk|[still]\n|-fail|p2a: Regigigas\n|\n|-heal|p2a: Regigigas|27/100 slp|[from] item: Leftovers\n|upkeep\n|turn|22\n|inactive|Time left: 300 sec this turn | 300 sec total\n|\n|t:|1783550163\n|move|p1a: Dusknoir|Earthquake|p2a: Regigigas\n|-damage|p2a: Regigigas|0 fnt\n|faint|p2a: Regigigas\n|-end|p2a: Regigigas|Slow Start|[silent]\n|\n|win|p0x9482dec", "uploadtime": 1783550163, "views": 0, "rating": 0, "private": 0, "password": null, "_winner": "p0x9482dec", "_our_name": "p0x9482dec"}