{"id": "battle-gen9randombattle-2923", "formatid": "gen9randombattle", "format": "[Gen 9] Random Battle", "players": ["p0x292368fe", "p0y29234e67"], "log": "|init|battle\n|title|p0x292368fe vs. p0y29234e67\n|j|\u2606p0x292368fe\n|j|\u2606p0y29234e67\n|t:|1783572697\n|gametype|singles\n|player|p1|p0x292368fe|266|\n|player|p2|p0y29234e67|265|\n|gen|9\n|tier|[Gen 9] Random Battle\n|rule|Species Clause: Limit one of each Pok\u00e9mon\n|rule|HP Percentage Mod: HP is shown in percentages\n|rule|Sleep Clause Mod: Limit one foe put to sleep\n|rule|Illusion Level Mod: Illusion disguises the Pok\u00e9mon's true level\n|\n|t:|1783572697\n|teamsize|p1|6\n|teamsize|p2|6\n|start\n|switch|p1a: Ting-Lu|Ting-Lu, L78|100/100\n|switch|p2a: Kilowattrel|Kilowattrel, L83, M|252/252\n|-ability|p1a: Ting-Lu|Vessel of Ruin\n|turn|1\n|inactive|Battle timer is ON: inactive players will automatically lose when time's up. (requested by p0y29234e67)\n|inactive|p0x292368fe also wants the timer to be on.\n|\n|t:|1783572698\n|move|p2a: Kilowattrel|U-turn|p1a: Ting-Lu\n|-supereffective|p1a: Ting-Lu\n|-crit|p1a: Ting-Lu\n|-damage|p1a: Ting-Lu|77/100\n|inactive|Time left: 300 sec this turn | 300 sec total | 65 sec grace\n|\n|t:|1783572699\n|switch|p2a: Shaymin|Shaymin, L82|298/298|[from] U-turn\n|move|p1a: Ting-Lu|Earthquake|p2a: Shaymin\n|-resisted|p2a: Shaymin\n|-damage|p2a: Shaymin|252/298\n|\n|-heal|p2a: Shaymin|270/298|[from] item: Leftovers\n|-heal|p1a: Ting-Lu|83/100|[from] item: Leftovers\n|upkeep\n|turn|2\n|inactive|Time left: 300 sec this turn | 300 sec total\n|\n|t:|1783572700\n|move|p2a: Shaymin|Seed Flare|p1a: Ting-Lu\n|-supereffective|p1a: Ting-Lu\n|-damage|p1a: Ting-Lu|21/100\n|move|p1a: Ting-Lu|Throat Chop|p2a: Shaymin\n|-damage|p2a: Shaymin|186/298\n|-start|p2a: Shaymin|Throat Chop|[silent]\n|\n|-heal|p2a: Shaymin|204/298|[from] item: Leftovers\n|-heal|p1a: Ting-Lu|28/100|[from] item: Leftovers\n|upkeep\n|turn|3\n|inactive|Time left: 300 sec this turn | 300 sec total\n|\n|t:|1783572701\n|switch|p1a: Vikavolt|Vikavolt, L83, M|100/100\n|move|p2a: Shaymin|Seed Flare|p1a: Vikavolt|[miss]\n|-miss|p2a: Shaymin|p1a: Vikavolt\n|\n|-heal|p2a: Shaymin|222/298|[from] item: Leftovers\n|-end|p2a: Shaymin|Throat Chop|[silent]\n|upkeep\n|turn|4\n|inactive|Time left: 300 sec this turn | 300 sec total\n|\n|t:|1783572702\n|move|p2a: Shaymin|Air Slash|p1a: Vikavolt\n|-damage|p1a: Vikavolt|78/100\n|move|p1a: Vikavolt|Sticky Web|p2a: Shaymin\n|-sidestart|p2: p0y29234e67|move: Sticky Web\n|\n|-heal|p2a: Shaymin|240/298|[from] item: Leftovers\n|upkeep\n|turn|5\n|inactive|Time left: 300 sec this turn | 300 sec total\n|\n|t:|1783572703\n|move|p2a: Shaymin|Seed Flare|p1a: Vikavolt\n|-resisted|p1a: Vikavolt\n|-damage|p1a: Vikavolt|51/100\n|-unboost|p1a: Vikavolt|spd|2\n|move|p1a: Vikavolt|Bug Buzz|p2a: Shaymin\n|-supereffective|p2a: Shaymin\n|-crit|p2a: Shaymin\n|-damage|p2a: Shaymin|0 fnt\n|faint|p2a: Shaymin\n|\n|upkeep\n|inactive|Time left: 300 sec this turn | 300 sec total | 5 sec grace\n|\n|t:|1783572704\n|switch|p2a: Volcanion|Volcanion, L79|256/256\n|turn|6\n|inactive|Time left: 300 sec this turn | 300 sec total\n|\n|t:|1783572705\n|switch|p1a: Dragalge|Dragalge, L88, M|100/100\n|move|p2a: Volcanion|Steam Eruption|p1a: Dragalge\n|-resisted|p1a: Dragalge\n|-crit|p1a: Dragalge\n|-damage|p1a: Dragalge|72/100\n|\n|-heal|p1a: Dragalge|78/100|[from] item: Leftovers\n|upkeep\n|turn|7\n|inactive|Time left: 300 sec this turn | 300 sec total\n|\n|t:|1783572706\n|move|p2a: Volcanion|Earth Power|p1a: Dragalge\n|-supereffective|p1a: Dragalge\n|-damage|p1a: Dragalge|35/100\n|move|p1a: Dragalge|Sludge Wave|p2a: Volcanion\n|-damage|p2a: Volcanion|88/256\n|\n|-heal|p1a: Dragalge|42/100|[from] item: Leftovers\n|upkeep\n|turn|8\n|inactive|Time left: 300 sec this turn | 300 sec total\n|\n|t:|1783572707\n|move|p2a: Volcanion|Earth Power|p1a: Dragalge\n|-supereffective|p1a: Dragalge\n|-damage|p1a: Dragalge|3/100\n|move|p1a: Dragalge|Sludge Wave|p2a: Volcanion\n|-damage|p2a: Volcanion|0 fnt\n|faint|p2a: Volcanion\n|\n|-heal|p1a: Dragalge|9/100|[from] item: Leftovers\n|upkeep\n|inactive|Time left: 300 sec this turn | 300 sec total | 5 sec grace\n|\n|t:|1783572708\n|switch|p2a: Glastrier|Glastrier, L86|312/312\n|turn|9\n|inactive|Time left: 300 sec this turn | 300 sec total\n|\n|t:|1783572709\n|-terastallize|p1a: Dragalge|Fighting\n|move|p1a: Dragalge|Focus Blast|p2a: Glastrier\n|-supereffective|p2a: Glastrier\n|-damage|p2a: Glastrier|12/312\n|move|p2a: Glastrier|Icicle Crash|p1a: Dragalge\n|-damage|p1a: Dragalge|0 fnt\n|faint|p1a: Dragalge\n|-ability|p2a: Glastrier|Chilling Neigh|boost\n|-boost|p2a: Glastrier|atk|1\n|\n|upkeep\n|\n|t:|1783572710\n|switch|p1a: Cyclizar|Cyclizar, L84, F|100/100\n|turn|10\n|inactive|Time left: 300 sec this turn | 300 sec total\n|\n|t:|1783572711\n|move|p1a: Cyclizar|Rapid Spin|p2a: Glastrier\n|-damage|p2a: Glastrier|0 fnt\n|-boost|p1a: Cyclizar|spe|1\n|faint|p2a: Glastrier\n|\n|upkeep\n|inactive|Time left: 300 sec this turn | 300 sec total | 5 sec grace\n|\n|t:|1783572712\n|switch|p2a: Suicune|Suicune, L82|298/298\n|-activate|p2a: Suicune|move: Sticky Web\n|-unboost|p2a: Suicune|spe|1\n|-ability|p2a: Suicune|Pressure\n|turn|11\n|inactive|Time left: 300 sec this turn | 300 sec total\n|\n|t:|1783572713\n|move|p1a: Cyclizar|Knock Off|p2a: Suicune\n|-damage|p2a: Suicune|247/298\n|-enditem|p2a: Suicune|Leftovers|[from] move: Knock Off|[of] p1a: Cyclizar\n|move|p2a: Suicune|Calm Mind|p2a: Suicune\n|-boost|p2a: Suicune|spa|1\n|-boost|p2a: Suicune|spd|1\n|\n|upkeep\n|turn|12\n|inactive|Time left: 300 sec this turn | 300 sec total\n|\n|t:|1783572714\n|move|p1a: Cyclizar|Shed Tail|p1a: Cyclizar\n|-start|p1a: Cyclizar|Substitute|[from] move: Shed Tail\n|-damage|p1a: Cyclizar|50/100\n|\n|t:|1783572715\n|switch|p1a: Meowstic|Meowstic, L89, M|100/100|[from] Shed Tail\n|move|p2a: Suicune|Scald|p1a: Meowstic\n|-end|p1a: Meowstic|Substitute\n|\n|upkeep\n|turn|13\n|inactive|Time left: 300 sec this turn | 300 sec total\n|\n|t:|1783572716\n|move|p1a: Meowstic|Light Screen|p1a: Meowstic\n|-sidestart|p1: p0x292368fe|move: Light Screen\n|move|p2a: Suicune|Calm Mind|p2a: Suicune\n|-boost|p2a: Suicune|spa|1\n|-boost|p2a: Suicune|spd|1\n|\n|upkeep\n|turn|14\n|inactive|Time left: 300 sec this turn | 300 sec total\n|\n|t:|1783572717\n|move|p1a: Meowstic|Reflect|p1a: Meowstic\n|-sidestart|p1: p0x292368fe|Reflect\n|move|p2a: Suicune|Scald|p1a: Meowstic\n|-damage|p1a: Meowstic|73/100\n|-status|p1a: Meowstic|brn\n|\n|-damage|p1a: Meowstic|67/100 brn|[from] brn\n|upkeep\n|turn|15\n|inactive|Time left: 300 sec this turn | 300 sec total\n|\n|t:|1783572718\n|switch|p1a: Lumineon|Lumineon, L93, F|100/100\n|move|p2a: Suicune|Scald|p1a: Lumineon\n|-ability|p1a: Lumineon|Storm Drain|boost\n|-boost|p1a: Lumineon|spa|1\n|\n|upkeep\n|turn|16\n|inactive|Time left: 300 sec this turn | 300 sec total\n|\n|t:|1783572719\n|move|p1a: Lumineon|Encore|p2a: Suicune\n|-start|p2a: Suicune|Encore\n|move|p2a: Suicune|Scald|p1a: Lumineon\n|-ability|p1a: Lumineon|Storm Drain|boost\n|-boost|p1a: Lumineon|spa|1\n|\n|upkeep\n|turn|17\n|inactive|Time left: 300 sec this turn | 300 sec total\n|\n|t:|1783572720\n|move|p1a: Lumineon|Ice Beam|p2a: Suicune\n|-resisted|p2a: Suicune\n|-damage|p2a: Suicune|220/298\n|move|p2a: Suicune|Scald|p1a: Lumineon\n|-ability|p1a: Lumineon|Storm Drain|boost\n|-boost|p1a: Lumineon|spa|1\n|\n|upkeep\n|turn|18\n|inactive|Time left: 300 sec this turn | 300 sec total\n|\n|t:|1783572721\n|move|p1a: Lumineon|Hydro Pump|p2a: Suicune\n|-resisted|p2a: Suicune\n|-damage|p2a: Suicune|157/298\n|move|p2a: Suicune|Scald|p1a: Lumineon\n|-ability|p1a: Lumineon|Storm Drain|boost\n|-boost|p1a: Lumineon|spa|1\n|\n|-end|p2a: Suicune|Encore\n|upkeep\n|turn|19\n|inactive|Time left: 300 sec this turn | 300 sec total\n|\n|t:|1783572722\n|move|p1a: Lumineon|Encore|p2a: Suicune\n|-start|p2a: Suicune|Encore\n|move|p2a: Suicune|Scald|p1a: Lumineon\n|-ability|p1a: Lumineon|Storm Drain|boost\n|-boost|p1a: Lumineon|spa|1\n|\n|upkeep\n|turn|20\n|inactive|Time left: 300 sec this turn | 300 sec total\n|\n|t:|1783572723\n|move|p1a: Lumineon|Hydro Pump|p2a: Suicune\n|-resisted|p2a: Suicune\n|-damage|p2a: Suicune|76/298\n|move|p2a: Suicune|Scald|p1a: Lumineon\n|-ability|p1a: Lumineon|Storm Drain|boost\n|-boost|p1a: Lumineon|spa|1\n|\n|-sideend|p1: p0x292368fe|move: Light Screen\n|upkeep\n|turn|21\n|inactive|Time left: 300 sec this turn | 300 sec total\n|\n|t:|1783572724\n|move|p1a: Lumineon|Hydro Pump|p2a: Suicune\n|-resisted|p2a: Suicune\n|-crit|p2a: Suicune\n|-damage|p2a: Suicune|0 fnt\n|faint|p2a: Suicune\n|\n|-sideend|p1: p0x292368fe|Reflect\n|upkeep\n|inactive|Time left: 300 sec this turn | 300 sec total | 5 sec grace\n|\n|t:|1783572724\n|switch|p2a: Bellibolt|Bellibolt, L84, M|320/320\n|-activate|p2a: Bellibolt|move: Sticky Web\n|-unboost|p2a: Bellibolt|spe|1\n|turn|22\n|inactive|Time left: 300 sec this turn | 300 sec total\n|\n|t:|1783572725\n|-terastallize|p2a: Bellibolt|Water\n|move|p1a: Lumineon|Hydro Pump|p2a: Bellibolt\n|-resisted|p2a: Bellibolt\n|-damage|p2a: Bellibolt|79/320\n|-start|p2a: Bellibolt|Charge|Hydro Pump|[from] ability: Electromorphosis\n|move|p2a: Bellibolt|Thunderbolt|p1a: Lumineon\n|-supereffective|p1a: Lumineon\n|-damage|p1a: Lumineon|0 fnt\n|faint|p1a: Lumineon\n|-end|p2a: Bellibolt|Charge|[silent]\n|\n|-heal|p2a: Bellibolt|99/320|[from] item: Leftovers\n|upkeep\n|\n|t:|1783572726\n|switch|p1a: Vikavolt|Vikavolt, L83, M|51/100\n|turn|23\n|inactive|Time left: 300 sec this turn | 300 sec total\n|\n|t:|1783572727\n|switch|p2a: Kilowattrel|Kilowattrel, L83, M|252/252\n|move|p1a: Vikavolt|Volt Switch|p2a: Kilowattrel\n|-immune|p2a: Kilowattrel|[from] ability: Volt Absorb\n|\n|upkeep\n|turn|24\n|inactive|Time left: 300 sec this turn | 300 sec total\n|\n|t:|1783572728\n|switch|p1a: Ting-Lu|Ting-Lu, L78|28/100\n|-ability|p1a: Ting-Lu|Vessel of Ruin\n|move|p2a: Kilowattrel|Hurricane|p1a: Ting-Lu|[miss]\n|-miss|p2a: Kilowattrel|p1a: Ting-Lu\n|\n|-heal|p1a: Ting-Lu|34/100|[from] item: Leftovers\n|upkeep\n|turn|25\n|inactive|Time left: 300 sec this turn | 300 sec total\n|\n|t:|1783572729\n|move|p2a: Kilowattrel|Hurricane|p1a: Ting-Lu\n|-damage|p1a: Ting-Lu|5/100\n|-start|p1a: Ting-Lu|confusion\n|-activate|p1a: Ting-Lu|confusion\n|move|p1a: Ting-Lu|Throat Chop|p2a: Kilowattrel\n|-damage|p2a: Kilowattrel|147/252\n|-start|p2a: Kilowattrel|Throat Chop|[silent]\n|\n|-heal|p1a: Ting-Lu|12/100|[from] item: Leftovers\n|upkeep\n|turn|26\n|inactive|Time left: 300 sec this turn | 300 sec total\n|\n|t:|1783572730\n|move|p2a: Kilowattrel|Hurricane|p1a: Ting-Lu\n|-damage|p1a: Ting-Lu|0 fnt\n|faint|p1a: Ting-Lu\n|\n|-end|p2a: Kilowattrel|Throat Chop|[silent]\n|upkeep\n|\n|t:|1783572731\n|switch|p1a: Cyclizar|Cyclizar, L84, F|84/100\n|turn|27\n|inactive|Time left: 300 sec this turn | 300 sec total\n|\n|t:|1783572732\n|move|p2a: Kilowattrel|Roost|p2a: Kilowattrel\n|-heal|p2a: Kilowattrel|252/252\n|-singleturn|p2a: Kilowattrel|move: Roost\n|move|p1a: Cyclizar|Rapid Spin|p2a: Kilowattrel\n|-damage|p2a: Kilowattrel|188/252\n|-boost|p1a: Cyclizar|spe|1\n|\n|upkeep\n|turn|28\n|inactive|Time left: 300 sec this turn | 300 sec total\n|\n|t:|1783572733\n|move|p1a: Cyclizar|Knock Off|p2a: Kilowattrel\n|-damage|p2a: Kilowattrel|94/252\n|-enditem|p2a: Kilowattrel|Heavy-Duty Boots|[from] move: Knock Off|[of] p1a: Cyclizar\n|move|p2a: Kilowattrel|Roost|p2a: Kilowattrel\n|-heal|p2a: Kilowattrel|220/252\n|-singleturn|p2a: Kilowattrel|move: Roost\n|\n|upkeep\n|turn|29\n|inactive|Time left: 300 sec this turn | 300 sec total\n|\n|t:|1783572734\n|move|p1a: Cyclizar|Rapid Spin|p2a: Kilowattrel\n|-damage|p2a: Kilowattrel|144/252\n|-boost|p1a: Cyclizar|spe|1\n|move|p2a: Kilowattrel|Roost|p2a: Kilowattrel\n|-heal|p2a: Kilowattrel|252/252\n|-singleturn|p2a: Kilowattrel|move: Roost\n|\n|upkeep\n|turn|30\n|inactive|Time left: 300 sec this turn | 300 sec total\n|\n|t:|1783572735\n|move|p1a: Cyclizar|Rapid Spin|p2a: Kilowattrel\n|-damage|p2a: Kilowattrel|185/252\n|-boost|p1a: Cyclizar|spe|1\n|move|p2a: Kilowattrel|Hurricane|p1a: Cyclizar\n|-damage|p1a: Cyclizar|24/100\n|\n|upkeep\n|turn|31\n|inactive|Time left: 300 sec this turn | 300 sec total\n|\n|t:|1783572735\n|move|p1a: Cyclizar|Draco Meteor|p2a: Kilowattrel\n|-damage|p2a: Kilowattrel|10/252\n|-unboost|p1a: Cyclizar|spa|2\n|move|p2a: Kilowattrel|Roost|p2a: Kilowattrel\n|-heal|p2a: Kilowattrel|136/252\n|-singleturn|p2a: Kilowattrel|move: Roost\n|\n|upkeep\n|turn|32\n|inactive|Time left: 300 sec this turn | 300 sec total\n|\n|t:|1783572736\n|switch|p1a: Meowstic|Meowstic, L89, M|67/100 brn\n|move|p2a: Kilowattrel|Roost|p2a: Kilowattrel\n|-heal|p2a: Kilowattrel|252/252\n|-singleturn|p2a: Kilowattrel|move: Roost\n|\n|-damage|p1a: Meowstic|61/100 brn|[from] brn\n|upkeep\n|turn|33\n|inactive|Time left: 300 sec this turn | 300 sec total\n|\n|t:|1783572737\n|move|p1a: Meowstic|Light Screen|p1a: Meowstic\n|-sidestart|p1: p0x292368fe|move: Light Screen\n|move|p2a: Kilowattrel|U-turn|p1a: Meowstic\n|-supereffective|p1a: Meowstic\n|-damage|p1a: Meowstic|33/100 brn\n|inactive|Time left: 300 sec this turn | 300 sec total | 5 sec grace\n|\n|t:|1783572737\n|switch|p2a: Bellibolt|Bellibolt, L84, M, tera:Water|99/320|[from] U-turn\n|-activate|p2a: Bellibolt|move: Sticky Web\n|-unboost|p2a: Bellibolt|spe|1\n|\n|-heal|p2a: Bellibolt|119/320|[from] item: Leftovers\n|-damage|p1a: Meowstic|27/100 brn|[from] brn\n|upkeep\n|turn|34\n|inactive|Time left: 300 sec this turn | 300 sec total\n|\n|t:|1783572738\n|move|p1a: Meowstic|Psychic Noise|p2a: Bellibolt\n|-damage|p2a: Bellibolt|41/320\n|-start|p2a: Bellibolt|move: Heal Block\n|-start|p2a: Bellibolt|Charge|Psychic Noise|[from] ability: Electromorphosis\n|cant|p2a: Bellibolt|move: Heal Block|Slack Off\n|\n|-damage|p1a: Meowstic|21/100 brn|[from] brn\n|upkeep\n|turn|35\n|inactive|Time left: 300 sec this turn | 300 sec total\n|\n|t:|1783572739\n|move|p1a: Meowstic|Reflect|p1a: Meowstic\n|-sidestart|p1: p0x292368fe|Reflect\n|move|p2a: Bellibolt|Thunderbolt|p1a: Meowstic\n|-damage|p1a: Meowstic|0 fnt\n|faint|p1a: Meowstic\n|-end|p2a: Bellibolt|Charge|[silent]\n|\n|-end|p2a: Bellibolt|move: Heal Block\n|upkeep\n|\n|t:|1783572740\n|switch|p1a: Cyclizar|Cyclizar, L84, F|57/100\n|turn|36\n|inactive|Time left: 300 sec this turn | 300 sec total\n|\n|t:|1783572741\n|move|p1a: Cyclizar|Rapid Spin|p2a: Bellibolt\n|-damage|p2a: Bellibolt|0 fnt\n|-boost|p1a: Cyclizar|spe|1\n|faint|p2a: Bellibolt\n|\n|upkeep\n|inactive|Time left: 300 sec this turn | 300 sec total | 5 sec grace\n|\n|t:|1783572741\n|switch|p2a: Kilowattrel|Kilowattrel, L83, M|252/252\n|turn|37\n|inactive|Time left: 300 sec this turn | 300 sec total\n|\n|t:|1783572742\n|move|p1a: Cyclizar|Rapid Spin|p2a: Kilowattrel\n|-damage|p2a: Kilowattrel|185/252\n|-boost|p1a: Cyclizar|spe|1\n|move|p2a: Kilowattrel|Roost|p2a: Kilowattrel\n|-heal|p2a: Kilowattrel|252/252\n|-singleturn|p2a: Kilowattrel|move: Roost\n|\n|upkeep\n|turn|38\n|inactive|Time left: 300 sec this turn | 300 sec total\n|\n|t:|1783572743\n|move|p1a: Cyclizar|Rapid Spin|p2a: Kilowattrel\n|-damage|p2a: Kilowattrel|186/252\n|-boost|p1a: Cyclizar|spe|1\n|move|p2a: Kilowattrel|Roost|p2a: Kilowattrel\n|-heal|p2a: Kilowattrel|252/252\n|-singleturn|p2a: Kilowattrel|move: Roost\n|\n|upkeep\n|turn|39\n|inactive|Time left: 300 sec this turn | 300 sec total\n|\n|t:|1783572744\n|move|p1a: Cyclizar|Rapid Spin|p2a: Kilowattrel\n|-crit|p2a: Kilowattrel\n|-damage|p2a: Kilowattrel|149/252\n|-boost|p1a: Cyclizar|spe|1\n|move|p2a: Kilowattrel|Hurricane|p1a: Cyclizar|[miss]\n|-miss|p2a: Kilowattrel|p1a: Cyclizar\n|\n|upkeep\n|turn|40\n|inactive|Time left: 300 sec this turn | 300 sec total\n|\n|t:|1783572745\n|move|p1a: Cyclizar|Draco Meteor|p2a: Kilowattrel\n|-damage|p2a: Kilowattrel|0 fnt\n|-unboost|p1a: Cyclizar|spa|2\n|faint|p2a: Kilowattrel\n|\n|win|p0x292368fe", "uploadtime": 1783572745, "views": 0, "rating": 0, "private": 0, "password": null, "_winner": "p0x292368fe", "_our_name": "p0y29234e67"}