{"id": "battle-gen9randombattle-575", "formatid": "gen9randombattle", "format": "[Gen 9] Random Battle", "players": ["p0x575d6b3", "p0y575b4de"], "log": "|init|battle\n|title|p0x575d6b3 vs. p0y575b4de\n|j|\u2606p0x575d6b3\n|j|\u2606p0y575b4de\n|t:|1783545736\n|gametype|singles\n|player|p1|p0x575d6b3|102|\n|player|p2|p0y575b4de|169|\n|gen|9\n|tier|[Gen 9] Random Battle\n|rule|Species Clause: Limit one of each Pok\u00e9mon\n|rule|HP Percentage Mod: HP is shown in percentages\n|rule|Sleep Clause Mod: Limit one foe put to sleep\n|rule|Illusion Level Mod: Illusion disguises the Pok\u00e9mon's true level\n|\n|t:|1783545736\n|teamsize|p1|6\n|teamsize|p2|6\n|start\n|switch|p1a: Tropius|Tropius, L91, M|328/328\n|switch|p2a: Rhydon|Rhydon, L85, F|100/100\n|turn|1\n|inactive|Battle timer is ON: inactive players will automatically lose when time's up. (requested by p0y575b4de)\n|inactive|Time left: 300 sec this turn | 300 sec total | 60 sec grace\n|inactive|p0x575d6b3 also wants the timer to be on.\n|\n|t:|1783545738\n|move|p1a: Tropius|Leech Seed|p2a: Rhydon\n|-start|p2a: Rhydon|move: Leech Seed\n|move|p2a: Rhydon|Stone Edge|p1a: Tropius\n|-supereffective|p1a: Tropius\n|-crit|p1a: Tropius\n|-damage|p1a: Tropius|0 fnt\n|faint|p1a: Tropius\n|\n|upkeep\n|inactive|Time left: 300 sec this turn | 300 sec total | 65 sec grace\n|\n|t:|1783545739\n|switch|p1a: Klawf|Klawf, L90, M|272/272\n|turn|2\n|inactive|Time left: 300 sec this turn | 300 sec total\n|\n|t:|1783545741\n|move|p1a: Klawf|Stealth Rock|p2a: Rhydon\n|-sidestart|p2: p0y575b4de|move: Stealth Rock\n|move|p2a: Rhydon|Earthquake|p1a: Klawf\n|-supereffective|p1a: Klawf\n|-damage|p1a: Klawf|72/272\n|\n|-damage|p2a: Rhydon|88/100|[from] Leech Seed|[of] p1a: Klawf\n|-heal|p1a: Klawf|111/272|[silent]\n|upkeep\n|turn|3\n|inactive|Time left: 300 sec this turn | 300 sec total\n|\n|t:|1783545742\n|move|p1a: Klawf|Crabhammer|p2a: Rhydon\n|-supereffective|p2a: Rhydon\n|-damage|p2a: Rhydon|16/100\n|-damage|p1a: Klawf|84/272|[from] item: Life Orb\n|move|p2a: Rhydon|Earthquake|p1a: Klawf\n|-supereffective|p1a: Klawf\n|-crit|p1a: Klawf\n|-damage|p1a: Klawf|0 fnt\n|faint|p1a: Klawf\n|\n|upkeep\n|inactive|Time left: 300 sec this turn | 300 sec total | 5 sec grace\n|\n|t:|1783545743\n|switch|p1a: Mewtwo|Mewtwo, L72|272/272\n|-ability|p1a: Mewtwo|Pressure\n|turn|4\n|inactive|Time left: 300 sec this turn | 300 sec total\n|\n|t:|1783545744\n|move|p1a: Mewtwo|Psystrike|p2a: Rhydon\n|-damage|p2a: Rhydon|0 fnt\n|faint|p2a: Rhydon\n|-damage|p1a: Mewtwo|245/272|[from] item: Life Orb\n|\n|upkeep\n|\n|t:|1783545745\n|switch|p2a: Gumshoos|Gumshoos, L95, F|100/100\n|-damage|p2a: Gumshoos|88/100|[from] Stealth Rock\n|turn|5\n|inactive|Time left: 300 sec this turn | 300 sec total\n|\n|t:|1783545747\n|move|p1a: Mewtwo|Psystrike|p2a: Gumshoos\n|-damage|p2a: Gumshoos|31/100\n|-damage|p1a: Mewtwo|218/272|[from] item: Life Orb\n|move|p2a: Gumshoos|Knock Off|p1a: Mewtwo\n|-supereffective|p1a: Mewtwo\n|-damage|p1a: Mewtwo|0 fnt\n|-enditem|p1a: Mewtwo|Life Orb|[from] move: Knock Off|[of] p2a: Gumshoos\n|faint|p1a: Mewtwo\n|\n|upkeep\n|inactive|Time left: 300 sec this turn | 300 sec total | 5 sec grace\n|\n|t:|1783545748\n|switch|p1a: Gouging Fire|Gouging Fire, L74|277/277\n|turn|6\n|inactive|Time left: 300 sec this turn | 300 sec total\n|\n|t:|1783545749\n|switch|p2a: Cresselia|Cresselia, L80, F|100/100\n|-damage|p2a: Cresselia|88/100|[from] Stealth Rock\n|move|p1a: Gouging Fire|Dragon Dance|p1a: Gouging Fire\n|-boost|p1a: Gouging Fire|atk|1\n|-boost|p1a: Gouging Fire|spe|1\n|\n|-heal|p2a: Cresselia|94/100|[from] item: Leftovers\n|upkeep\n|turn|7\n|inactive|Time left: 300 sec this turn | 300 sec total\n|\n|t:|1783545750\n|move|p1a: Gouging Fire|Outrage|p2a: Cresselia\n|-damage|p2a: Cresselia|48/100\n|move|p2a: Cresselia|Calm Mind|p2a: Cresselia\n|-boost|p2a: Cresselia|spa|1\n|-boost|p2a: Cresselia|spd|1\n|\n|-heal|p2a: Cresselia|54/100|[from] item: Leftovers\n|upkeep\n|turn|8\n|inactive|Time left: 300 sec this turn | 300 sec total\n|\n|t:|1783545751\n|-terastallize|p2a: Cresselia|Fairy\n|move|p1a: Gouging Fire|Outrage|p2a: Cresselia|[from] lockedmove\n|-immune|p2a: Cresselia\n|-start|p1a: Gouging Fire|confusion|[fatigue]\n|move|p2a: Cresselia|Moonblast|p1a: Gouging Fire\n|-damage|p1a: Gouging Fire|156/277\n|\n|-heal|p2a: Cresselia|60/100|[from] item: Leftovers\n|upkeep\n|turn|9\n|inactive|Time left: 300 sec this turn | 300 sec total\n|\n|t:|1783545752\n|-activate|p1a: Gouging Fire|confusion\n|-damage|p1a: Gouging Fire|120/277|[from] confusion\n|move|p2a: Cresselia|Moonblast|p1a: Gouging Fire\n|-damage|p1a: Gouging Fire|6/277\n|\n|-heal|p2a: Cresselia|66/100|[from] item: Leftovers\n|upkeep\n|turn|10\n|inactive|Time left: 300 sec this turn | 300 sec total\n|\n|t:|1783545753\n|-activate|p1a: Gouging Fire|confusion\n|move|p1a: Gouging Fire|Heat Crash|p2a: Cresselia\n|-damage|p2a: Cresselia|16/100\n|move|p2a: Cresselia|Moonlight|p2a: Cresselia\n|-heal|p2a: Cresselia|66/100\n|\n|-heal|p2a: Cresselia|72/100|[from] item: Leftovers\n|upkeep\n|turn|11\n|inactive|Time left: 300 sec this turn | 300 sec total\n|\n|t:|1783545754\n|-end|p1a: Gouging Fire|confusion\n|move|p1a: Gouging Fire|Morning Sun|p1a: Gouging Fire\n|-heal|p1a: Gouging Fire|144/277\n|move|p2a: Cresselia|Psyshock|p1a: Gouging Fire\n|-crit|p1a: Gouging Fire\n|-damage|p1a: Gouging Fire|14/277\n|\n|-heal|p2a: Cresselia|78/100|[from] item: Leftovers\n|upkeep\n|turn|12\n|inactive|Time left: 300 sec this turn | 300 sec total\n|\n|t:|1783545755\n|move|p1a: Gouging Fire|Morning Sun|p1a: Gouging Fire\n|-heal|p1a: Gouging Fire|152/277\n|move|p2a: Cresselia|Moonblast|p1a: Gouging Fire\n|-damage|p1a: Gouging Fire|38/277\n|\n|-heal|p2a: Cresselia|84/100|[from] item: Leftovers\n|upkeep\n|turn|13\n|inactive|Time left: 300 sec this turn | 300 sec total\n|\n|t:|1783545756\n|move|p1a: Gouging Fire|Morning Sun|p1a: Gouging Fire\n|-heal|p1a: Gouging Fire|176/277\n|move|p2a: Cresselia|Moonblast|p1a: Gouging Fire\n|-damage|p1a: Gouging Fire|44/277\n|\n|-heal|p2a: Cresselia|91/100|[from] item: Leftovers\n|upkeep\n|turn|14\n|inactive|Time left: 300 sec this turn | 300 sec total\n|\n|t:|1783545757\n|move|p1a: Gouging Fire|Morning Sun|p1a: Gouging Fire\n|-heal|p1a: Gouging Fire|182/277\n|move|p2a: Cresselia|Moonblast|p1a: Gouging Fire\n|-damage|p1a: Gouging Fire|59/277\n|\n|-heal|p2a: Cresselia|97/100|[from] item: Leftovers\n|upkeep\n|turn|15\n|inactive|Time left: 300 sec this turn | 300 sec total\n|\n|t:|1783545758\n|move|p1a: Gouging Fire|Morning Sun|p1a: Gouging Fire\n|-heal|p1a: Gouging Fire|197/277\n|move|p2a: Cresselia|Moonblast|p1a: Gouging Fire\n|-damage|p1a: Gouging Fire|70/277\n|\n|-heal|p2a: Cresselia|100/100|[from] item: Leftovers\n|upkeep\n|turn|16\n|inactive|Time left: 300 sec this turn | 300 sec total\n|\n|t:|1783545759\n|move|p1a: Gouging Fire|Morning Sun|p1a: Gouging Fire\n|-heal|p1a: Gouging Fire|208/277\n|move|p2a: Cresselia|Moonblast|p1a: Gouging Fire\n|-damage|p1a: Gouging Fire|73/277\n|-unboost|p1a: Gouging Fire|spa|1\n|\n|upkeep\n|turn|17\n|inactive|Time left: 300 sec this turn | 300 sec total\n|\n|t:|1783545760\n|move|p1a: Gouging Fire|Morning Sun|p1a: Gouging Fire\n|-heal|p1a: Gouging Fire|211/277\n|move|p2a: Cresselia|Moonblast|p1a: Gouging Fire\n|-damage|p1a: Gouging Fire|85/277\n|\n|upkeep\n|turn|18\n|inactive|Time left: 300 sec this turn | 300 sec total\n|\n|t:|1783545761\n|move|p1a: Gouging Fire|Morning Sun|p1a: Gouging Fire\n|-heal|p1a: Gouging Fire|223/277\n|move|p2a: Cresselia|Moonblast|p1a: Gouging Fire\n|-damage|p1a: Gouging Fire|100/277\n|-unboost|p1a: Gouging Fire|spa|1\n|\n|upkeep\n|turn|19\n|inactive|Time left: 300 sec this turn | 300 sec total\n|\n|t:|1783545762\n|-end|p1a: Gouging Fire|Protosynthesis|[silent]\n|switch|p1a: Decidueye|Decidueye, L88, M|281/281\n|move|p2a: Cresselia|Moonblast|p1a: Decidueye\n|-damage|p1a: Decidueye|188/281\n|\n|upkeep\n|turn|20\n|inactive|Time left: 300 sec this turn | 300 sec total\n|\n|t:|1783545763\n|move|p2a: Cresselia|Moonblast|p1a: Decidueye\n|-damage|p1a: Decidueye|88/281\n|move|p1a: Decidueye|Roost|p1a: Decidueye\n|-heal|p1a: Decidueye|229/281\n|-singleturn|p1a: Decidueye|move: Roost\n|\n|upkeep\n|turn|21\n|inactive|Time left: 300 sec this turn | 300 sec total\n|\n|t:|1783545764\n|move|p2a: Cresselia|Moonblast|p1a: Decidueye\n|-damage|p1a: Decidueye|136/281\n|move|p1a: Decidueye|Roost|p1a: Decidueye\n|-heal|p1a: Decidueye|277/281\n|-singleturn|p1a: Decidueye|move: Roost\n|\n|upkeep\n|turn|22\n|inactive|Time left: 300 sec this turn | 300 sec total\n|\n|t:|1783545765\n|move|p2a: Cresselia|Moonblast|p1a: Decidueye\n|-crit|p1a: Decidueye\n|-damage|p1a: Decidueye|118/281\n|move|p1a: Decidueye|Roost|p1a: Decidueye\n|-heal|p1a: Decidueye|259/281\n|-singleturn|p1a: Decidueye|move: Roost\n|\n|upkeep\n|turn|23\n|inactive|Time left: 300 sec this turn | 300 sec total\n|\n|t:|1783545766\n|move|p2a: Cresselia|Moonblast|p1a: Decidueye\n|-damage|p1a: Decidueye|159/281\n|move|p1a: Decidueye|Spirit Shackle|p2a: Cresselia\n|-damage|p2a: Cresselia|75/100\n|-activate|p2a: Cresselia|trapped\n|\n|-heal|p2a: Cresselia|81/100|[from] item: Leftovers\n|upkeep\n|turn|24\n|inactive|Time left: 300 sec this turn | 300 sec total\n|\n|t:|1783545767\n|move|p2a: Cresselia|Moonblast|p1a: Decidueye\n|-damage|p1a: Decidueye|62/281\n|-unboost|p1a: Decidueye|spa|1\n|move|p1a: Decidueye|Roost|p1a: Decidueye\n|-heal|p1a: Decidueye|203/281\n|-singleturn|p1a: Decidueye|move: Roost\n|\n|-heal|p2a: Cresselia|87/100|[from] item: Leftovers\n|upkeep\n|turn|25\n|inactive|Time left: 300 sec this turn | 300 sec total\n|\n|t:|1783545768\n|move|p2a: Cresselia|Calm Mind|p2a: Cresselia\n|-boost|p2a: Cresselia|spa|1\n|-boost|p2a: Cresselia|spd|1\n|move|p1a: Decidueye|Roost|p1a: Decidueye\n|-heal|p1a: Decidueye|281/281\n|-singleturn|p1a: Decidueye|move: Roost\n|\n|-heal|p2a: Cresselia|94/100|[from] item: Leftovers\n|upkeep\n|turn|26\n|inactive|Time left: 300 sec this turn | 300 sec total\n|\n|t:|1783545769\n|move|p2a: Cresselia|Moonblast|p1a: Decidueye\n|-damage|p1a: Decidueye|148/281\n|-unboost|p1a: Decidueye|spa|1\n|move|p1a: Decidueye|Roost|p1a: Decidueye\n|-heal|p1a: Decidueye|281/281\n|-singleturn|p1a: Decidueye|move: Roost\n|\n|-heal|p2a: Cresselia|99/100|[from] item: Leftovers\n|upkeep\n|turn|27\n|inactive|Time left: 300 sec this turn | 300 sec total\n|\n|t:|1783545770\n|move|p2a: Cresselia|Moonblast|p1a: Decidueye\n|-damage|p1a: Decidueye|149/281\n|move|p1a: Decidueye|Roost|p1a: Decidueye\n|-heal|p1a: Decidueye|281/281\n|-singleturn|p1a: Decidueye|move: Roost\n|\n|-heal|p2a: Cresselia|100/100|[from] item: Leftovers\n|upkeep\n|turn|28\n|inactive|Time left: 300 sec this turn | 300 sec total\n|\n|t:|1783545771\n|move|p2a: Cresselia|Psyshock|p1a: Decidueye\n|-damage|p1a: Decidueye|137/281\n|move|p1a: Decidueye|Roost|p1a: Decidueye\n|-heal|p1a: Decidueye|278/281\n|-singleturn|p1a: Decidueye|move: Roost\n|\n|upkeep\n|turn|29\n|inactive|Time left: 300 sec this turn | 300 sec total\n|\n|t:|1783545772\n|move|p2a: Cresselia|Moonblast|p1a: Decidueye\n|-damage|p1a: Decidueye|143/281\n|move|p1a: Decidueye|Spirit Shackle|p2a: Cresselia\n|-damage|p2a: Cresselia|72/100\n|\n|-heal|p2a: Cresselia|79/100|[from] item: Leftovers\n|upkeep\n|turn|30\n|inactive|Time left: 300 sec this turn | 300 sec total\n|\n|t:|1783545773\n|move|p2a: Cresselia|Psyshock|p1a: Decidueye\n|-damage|p1a: Decidueye|0 fnt\n|faint|p1a: Decidueye\n|\n|-heal|p2a: Cresselia|85/100|[from] item: Leftovers\n|upkeep\n|inactive|Time left: 300 sec this turn | 300 sec total | 5 sec grace\n|\n|t:|1783545774\n|switch|p1a: Walking Wake|Walking Wake, L79|286/286\n|turn|31\n|inactive|Time left: 300 sec this turn | 300 sec total\n|\n|t:|1783545775\n|-terastallize|p1a: Walking Wake|Fire\n|move|p1a: Walking Wake|Flamethrower|p2a: Cresselia\n|-damage|p2a: Cresselia|68/100\n|-status|p2a: Cresselia|brn\n|-damage|p1a: Walking Wake|258/286|[from] item: Life Orb\n|move|p2a: Cresselia|Moonblast|p1a: Walking Wake\n|-resisted|p1a: Walking Wake\n|-damage|p1a: Walking Wake|171/286\n|-unboost|p1a: Walking Wake|spa|1\n|\n|-heal|p2a: Cresselia|74/100 brn|[from] item: Leftovers\n|-damage|p2a: Cresselia|68/100 brn|[from] brn\n|upkeep\n|turn|32\n|inactive|Time left: 300 sec this turn | 300 sec total\n|\n|t:|1783545776\n|move|p1a: Walking Wake|Sunny Day|p1a: Walking Wake\n|-weather|SunnyDay\n|-activate|p1a: Walking Wake|ability: Protosynthesis\n|-start|p1a: Walking Wake|protosynthesisspe\n|move|p2a: Cresselia|Psyshock|p1a: Walking Wake\n|-damage|p1a: Walking Wake|30/286\n|\n|-weather|SunnyDay|[upkeep]\n|-heal|p2a: Cresselia|74/100 brn|[from] item: Leftovers\n|-damage|p2a: Cresselia|68/100 brn|[from] brn\n|upkeep\n|turn|33\n|inactive|Time left: 300 sec this turn | 300 sec total\n|\n|t:|1783545777\n|move|p1a: Walking Wake|Hydro Steam|p2a: Cresselia\n|-damage|p2a: Cresselia|52/100 brn\n|-damage|p1a: Walking Wake|2/286|[from] item: Life Orb\n|move|p2a: Cresselia|Moonblast|p1a: Walking Wake\n|-resisted|p1a: Walking Wake\n|-damage|p1a: Walking Wake|0 fnt\n|faint|p1a: Walking Wake\n|-end|p1a: Walking Wake|Protosynthesis|[silent]\n|\n|-weather|SunnyDay|[upkeep]\n|-heal|p2a: Cresselia|58/100 brn|[from] item: Leftovers\n|-damage|p2a: Cresselia|52/100 brn|[from] brn\n|upkeep\n|inactive|Time left: 300 sec this turn | 300 sec total | 5 sec grace\n|\n|t:|1783545778\n|switch|p1a: Gouging Fire|Gouging Fire, L74|100/277\n|-activate|p1a: Gouging Fire|ability: Protosynthesis\n|-start|p1a: Gouging Fire|protosynthesisdef\n|turn|34\n|inactive|Time left: 300 sec this turn | 300 sec total\n|\n|t:|1783545779\n|move|p2a: Cresselia|Moonblast|p1a: Gouging Fire\n|-damage|p1a: Gouging Fire|0 fnt\n|faint|p1a: Gouging Fire\n|-end|p1a: Gouging Fire|Protosynthesis|[silent]\n|\n|win|p0y575b4de", "uploadtime": 1783545779, "views": 0, "rating": 0, "private": 0, "password": null, "_winner": "p0y575b4de", "_our_name": "p0x575d6b3"}