{"id": "battle-gen9randombattle-2116", "formatid": "gen9randombattle", "format": "[Gen 9] Random Battle", "players": ["p0x21164594", "p0y21165377"], "log": "|init|battle\n|title|p0x21164594 vs. p0y21165377\n|j|\u2606p0x21164594\n|j|\u2606p0y21165377\n|t:|1783563700\n|gametype|singles\n|player|p1|p0x21164594|266|\n|player|p2|p0y21165377|102|\n|gen|9\n|tier|[Gen 9] Random Battle\n|rule|Species Clause: Limit one of each Pok\u00e9mon\n|rule|HP Percentage Mod: HP is shown in percentages\n|rule|Sleep Clause Mod: Limit one foe put to sleep\n|rule|Illusion Level Mod: Illusion disguises the Pok\u00e9mon's true level\n|\n|t:|1783563700\n|teamsize|p1|6\n|teamsize|p2|6\n|start\n|switch|p1a: Volbeat|Volbeat, L90, M|263/263\n|switch|p2a: Sandaconda|Sandaconda, L84, M|100/100\n|turn|1\n|inactive|Battle timer is ON: inactive players will automatically lose when time's up. (requested by p0y21165377)\n|inactive|Time left: 300 sec this turn | 300 sec total | 60 sec grace\n|inactive|p0x21164594 also wants the timer to be on.\n|\n|t:|1783563702\n|move|p1a: Volbeat|Lunge|p2a: Sandaconda\n|-damage|p2a: Sandaconda|77/100\n|-unboost|p2a: Sandaconda|atk|1\n|move|p2a: Sandaconda|Rock Blast|p1a: Volbeat\n|-supereffective|p1a: Volbeat\n|-damage|p1a: Volbeat|233/263\n|-supereffective|p1a: Volbeat\n|-crit|p1a: Volbeat\n|-damage|p1a: Volbeat|175/263\n|-supereffective|p1a: Volbeat\n|-damage|p1a: Volbeat|149/263\n|-supereffective|p1a: Volbeat\n|-crit|p1a: Volbeat\n|-damage|p1a: Volbeat|87/263\n|-hitcount|p1a: Volbeat|4\n|\n|upkeep\n|turn|2\n|inactive|Time left: 300 sec this turn | 300 sec total\n|\n|t:|1783563703\n|move|p1a: Volbeat|Roost|p1a: Volbeat\n|-heal|p1a: Volbeat|219/263\n|-singleturn|p1a: Volbeat|move: Roost\n|move|p2a: Sandaconda|Coil|p2a: Sandaconda\n|-boost|p2a: Sandaconda|atk|1\n|-boost|p2a: Sandaconda|def|1\n|-boost|p2a: Sandaconda|accuracy|1\n|\n|upkeep\n|turn|3\n|inactive|Time left: 300 sec this turn | 300 sec total\n|\n|t:|1783563704\n|move|p1a: Volbeat|Lunge|p2a: Sandaconda\n|-damage|p2a: Sandaconda|62/100\n|-unboost|p2a: Sandaconda|atk|1\n|move|p2a: Sandaconda|Rock Blast|p1a: Volbeat\n|-supereffective|p1a: Volbeat\n|-damage|p1a: Volbeat|189/263\n|-supereffective|p1a: Volbeat\n|-damage|p1a: Volbeat|161/263\n|-supereffective|p1a: Volbeat\n|-damage|p1a: Volbeat|131/263\n|-supereffective|p1a: Volbeat\n|-damage|p1a: Volbeat|105/263\n|-supereffective|p1a: Volbeat\n|-damage|p1a: Volbeat|77/263\n|-hitcount|p1a: Volbeat|5\n|\n|upkeep\n|turn|4\n|inactive|Time left: 300 sec this turn | 300 sec total\n|\n|t:|1783563705\n|move|p1a: Volbeat|Roost|p1a: Volbeat\n|-heal|p1a: Volbeat|209/263\n|-singleturn|p1a: Volbeat|move: Roost\n|move|p2a: Sandaconda|Coil|p2a: Sandaconda\n|-boost|p2a: Sandaconda|atk|1\n|-boost|p2a: Sandaconda|def|1\n|-boost|p2a: Sandaconda|accuracy|1\n|\n|upkeep\n|turn|5\n|inactive|Time left: 300 sec this turn | 300 sec total\n|\n|t:|1783563706\n|move|p1a: Volbeat|Lunge|p2a: Sandaconda\n|-damage|p2a: Sandaconda|50/100\n|-unboost|p2a: Sandaconda|atk|1\n|move|p2a: Sandaconda|Scale Shot|p1a: Volbeat\n|-damage|p1a: Volbeat|194/263\n|-damage|p1a: Volbeat|181/263\n|-damage|p1a: Volbeat|168/263\n|-damage|p1a: Volbeat|153/263\n|-damage|p1a: Volbeat|140/263\n|-hitcount|p1a: Volbeat|5\n|-unboost|p2a: Sandaconda|def|1\n|-boost|p2a: Sandaconda|spe|1\n|\n|upkeep\n|turn|6\n|inactive|Time left: 300 sec this turn | 300 sec total\n|\n|t:|1783563707\n|move|p2a: Sandaconda|Rock Blast|p1a: Volbeat\n|-supereffective|p1a: Volbeat\n|-damage|p1a: Volbeat|112/263\n|-supereffective|p1a: Volbeat\n|-damage|p1a: Volbeat|86/263\n|-supereffective|p1a: Volbeat\n|-damage|p1a: Volbeat|56/263\n|-supereffective|p1a: Volbeat\n|-damage|p1a: Volbeat|30/263\n|-supereffective|p1a: Volbeat\n|-damage|p1a: Volbeat|2/263\n|-hitcount|p1a: Volbeat|5\n|move|p1a: Volbeat|Lunge|p2a: Sandaconda\n|-damage|p2a: Sandaconda|33/100\n|-unboost|p2a: Sandaconda|atk|1\n|\n|upkeep\n|turn|7\n|inactive|Time left: 300 sec this turn | 300 sec total\n|\n|t:|1783563708\n|switch|p2a: Hippowdon|Hippowdon, L82, F|100/100\n|-weather|Sandstorm|[from] ability: Sand Stream|[of] p2a: Hippowdon\n|move|p1a: Volbeat|Roost|p1a: Volbeat\n|-heal|p1a: Volbeat|134/263\n|-singleturn|p1a: Volbeat|move: Roost\n|\n|-weather|Sandstorm|[upkeep]\n|-damage|p1a: Volbeat|118/263|[from] Sandstorm\n|upkeep\n|turn|8\n|inactive|Time left: 300 sec this turn | 300 sec total\n|\n|t:|1783563709\n|move|p1a: Volbeat|Lunge|p2a: Hippowdon\n|-damage|p2a: Hippowdon|81/100\n|-unboost|p2a: Hippowdon|atk|1\n|move|p2a: Hippowdon|Stone Edge|p1a: Volbeat\n|-supereffective|p1a: Volbeat\n|-damage|p1a: Volbeat|2/263\n|\n|-weather|Sandstorm|[upkeep]\n|-damage|p1a: Volbeat|0 fnt|[from] Sandstorm\n|faint|p1a: Volbeat\n|-heal|p2a: Hippowdon|87/100|[from] item: Leftovers\n|upkeep\n|inactive|Time left: 300 sec this turn | 300 sec total | 5 sec grace\n|\n|t:|1783563710\n|switch|p1a: Gyarados|Gyarados, L79, M|280/280\n|turn|9\n|inactive|Time left: 300 sec this turn | 300 sec total\n|\n|t:|1783563711\n|move|p1a: Gyarados|Dragon Dance|p1a: Gyarados\n|-boost|p1a: Gyarados|atk|1\n|-boost|p1a: Gyarados|spe|1\n|move|p2a: Hippowdon|Stone Edge|p1a: Gyarados\n|-supereffective|p1a: Gyarados\n|-damage|p1a: Gyarados|168/280\n|\n|-weather|Sandstorm|[upkeep]\n|-damage|p1a: Gyarados|151/280|[from] Sandstorm\n|-heal|p2a: Hippowdon|93/100|[from] item: Leftovers\n|upkeep\n|turn|10\n|inactive|Time left: 300 sec this turn | 300 sec total\n|\n|t:|1783563712\n|switch|p2a: Ogerpon|Ogerpon-Wellspring, L76, F|100/100\n|move|p1a: Gyarados|Waterfall|p2a: Ogerpon\n|-immune|p2a: Ogerpon|[from] ability: Water Absorb\n|\n|-weather|Sandstorm|[upkeep]\n|-damage|p1a: Gyarados|134/280|[from] Sandstorm\n|-damage|p2a: Ogerpon|94/100|[from] Sandstorm\n|upkeep\n|turn|11\n|inactive|Time left: 300 sec this turn | 300 sec total\n|\n|t:|1783563713\n|-terastallize|p1a: Gyarados|Flying\n|move|p1a: Gyarados|Tera Blast|p2a: Ogerpon|[anim] Tera Blast Flying\n|-supereffective|p2a: Ogerpon\n|-damage|p2a: Ogerpon|0 fnt\n|faint|p2a: Ogerpon\n|-ability|p1a: Gyarados|Moxie|boost\n|-boost|p1a: Gyarados|atk|1\n|\n|-weather|none\n|upkeep\n|\n|t:|1783563714\n|switch|p2a: Typhlosion|Typhlosion-Hisui, L83, F|100/100\n|turn|12\n|inactive|Time left: 300 sec this turn | 300 sec total\n|\n|t:|1783563715\n|move|p2a: Typhlosion|Eruption|p1a: Gyarados\n|-damage|p1a: Gyarados|0 fnt\n|faint|p1a: Gyarados\n|\n|upkeep\n|inactive|Time left: 300 sec this turn | 300 sec total | 5 sec grace\n|\n|t:|1783563716\n|switch|p1a: Barraskewda|Barraskewda, L81, M|231/231\n|turn|13\n|inactive|Time left: 300 sec this turn | 300 sec total\n|\n|t:|1783563717\n|switch|p2a: Rabsca|Rabsca, L91, F|100/100\n|move|p1a: Barraskewda|Waterfall|p2a: Rabsca\n|-damage|p2a: Rabsca|54/100\n|\n|upkeep\n|turn|14\n|inactive|Time left: 300 sec this turn | 300 sec total\n|\n|t:|1783563718\n|move|p1a: Barraskewda|Waterfall|p2a: Rabsca\n|-damage|p2a: Rabsca|5/100\n|move|p2a: Rabsca|Psychic|p1a: Barraskewda\n|-damage|p1a: Barraskewda|24/231\n|\n|upkeep\n|turn|15\n|inactive|Time left: 300 sec this turn | 300 sec total\n|\n|t:|1783563719\n|move|p1a: Barraskewda|Waterfall|p2a: Rabsca\n|-damage|p2a: Rabsca|0 fnt\n|faint|p2a: Rabsca\n|\n|upkeep\n|\n|t:|1783563720\n|switch|p2a: Typhlosion|Typhlosion-Hisui, L83, F|100/100\n|turn|16\n|inactive|Time left: 300 sec this turn | 300 sec total\n|\n|t:|1783563721\n|move|p2a: Typhlosion|Eruption|p1a: Barraskewda\n|-resisted|p1a: Barraskewda\n|-damage|p1a: Barraskewda|0 fnt\n|faint|p1a: Barraskewda\n|\n|upkeep\n|inactive|Time left: 300 sec this turn | 300 sec total | 5 sec grace\n|\n|t:|1783563722\n|switch|p1a: Hippowdon|Hippowdon, L82, M|311/311\n|-weather|Sandstorm|[from] ability: Sand Stream|[of] p1a: Hippowdon\n|turn|17\n|inactive|Time left: 300 sec this turn | 300 sec total\n|\n|t:|1783563723\n|switch|p2a: Hippowdon|Hippowdon, L82, F|93/100\n|move|p1a: Hippowdon|Earthquake|p2a: Hippowdon\n|-damage|p2a: Hippowdon|61/100\n|\n|-weather|Sandstorm|[upkeep]\n|-heal|p2a: Hippowdon|67/100|[from] item: Leftovers\n|upkeep\n|turn|18\n|inactive|Time left: 300 sec this turn | 300 sec total\n|\n|t:|1783563724\n|move|p1a: Hippowdon|Curse|p1a: Hippowdon\n|-unboost|p1a: Hippowdon|spe|1\n|-boost|p1a: Hippowdon|atk|1\n|-boost|p1a: Hippowdon|def|1\n|move|p2a: Hippowdon|Slack Off|p2a: Hippowdon\n|-heal|p2a: Hippowdon|100/100\n|\n|-weather|Sandstorm|[upkeep]\n|upkeep\n|turn|19\n|inactive|Time left: 300 sec this turn | 300 sec total\n|\n|t:|1783563725\n|move|p2a: Hippowdon|Curse|p2a: Hippowdon\n|-unboost|p2a: Hippowdon|spe|1\n|-boost|p2a: Hippowdon|atk|1\n|-boost|p2a: Hippowdon|def|1\n|move|p1a: Hippowdon|Earthquake|p2a: Hippowdon\n|-damage|p2a: Hippowdon|69/100\n|\n|-weather|Sandstorm|[upkeep]\n|-heal|p2a: Hippowdon|75/100|[from] item: Leftovers\n|upkeep\n|turn|20\n|inactive|Time left: 300 sec this turn | 300 sec total\n|\n|t:|1783563726\n|move|p1a: Hippowdon|Curse|p1a: Hippowdon\n|-unboost|p1a: Hippowdon|spe|1\n|-boost|p1a: Hippowdon|atk|1\n|-boost|p1a: Hippowdon|def|1\n|move|p2a: Hippowdon|Curse|p2a: Hippowdon\n|-unboost|p2a: Hippowdon|spe|1\n|-boost|p2a: Hippowdon|atk|1\n|-boost|p2a: Hippowdon|def|1\n|\n|-weather|Sandstorm|[upkeep]\n|-heal|p2a: Hippowdon|82/100|[from] item: Leftovers\n|upkeep\n|turn|21\n|inactive|Time left: 300 sec this turn | 300 sec total\n|\n|t:|1783563727\n|move|p1a: Hippowdon|Earthquake|p2a: Hippowdon\n|-damage|p2a: Hippowdon|53/100\n|move|p2a: Hippowdon|Curse|p2a: Hippowdon\n|-unboost|p2a: Hippowdon|spe|1\n|-boost|p2a: Hippowdon|atk|1\n|-boost|p2a: Hippowdon|def|1\n|\n|-weather|none\n|-heal|p2a: Hippowdon|59/100|[from] item: Leftovers\n|upkeep\n|turn|22\n|inactive|Time left: 300 sec this turn | 300 sec total\n|\n|t:|1783563728\n|move|p1a: Hippowdon|Earthquake|p2a: Hippowdon\n|-crit|p2a: Hippowdon\n|-damage|p2a: Hippowdon|0 fnt\n|faint|p2a: Hippowdon\n|\n|upkeep\n|\n|t:|1783563729\n|switch|p2a: Typhlosion|Typhlosion-Hisui, L83, F|100/100\n|turn|23\n|inactive|Time left: 300 sec this turn | 300 sec total\n|\n|t:|1783563730\n|-terastallize|p2a: Typhlosion|Fire\n|move|p2a: Typhlosion|Eruption|p1a: Hippowdon\n|-damage|p1a: Hippowdon|29/311\n|move|p1a: Hippowdon|Earthquake|p2a: Typhlosion\n|-supereffective|p2a: Typhlosion\n|-damage|p2a: Typhlosion|0 fnt\n|faint|p2a: Typhlosion\n|\n|-heal|p1a: Hippowdon|48/311|[from] item: Leftovers\n|upkeep\n|\n|t:|1783563730\n|switch|p2a: Delibird|Delibird, M|100/100\n|turn|24\n|inactive|Time left: 300 sec this turn | 300 sec total\n|\n|t:|1783563731\n|move|p2a: Delibird|Ice Spinner|p1a: Hippowdon\n|-supereffective|p1a: Hippowdon\n|-damage|p1a: Hippowdon|0 fnt\n|faint|p1a: Hippowdon\n|\n|upkeep\n|inactive|Time left: 300 sec this turn | 300 sec total | 5 sec grace\n|\n|t:|1783563732\n|switch|p1a: Sneasler|Sneasler, L74, F|240/240\n|turn|25\n|inactive|Time left: 300 sec this turn | 300 sec total\n|\n|t:|1783563733\n|move|p1a: Sneasler|Swords Dance|p1a: Sneasler\n|-boost|p1a: Sneasler|atk|2\n|move|p2a: Delibird|Ice Spinner|p1a: Sneasler\n|-damage|p1a: Sneasler|51/240\n|\n|upkeep\n|turn|26\n|inactive|Time left: 300 sec this turn | 300 sec total\n|\n|t:|1783563734\n|move|p2a: Delibird|Ice Shard|p1a: Sneasler\n|-damage|p1a: Sneasler|0 fnt\n|faint|p1a: Sneasler\n|\n|upkeep\n|inactive|Time left: 300 sec this turn | 300 sec total | 5 sec grace\n|\n|t:|1783563735\n|switch|p1a: Ditto|Ditto, L87|225/225\n|-transform|p1a: Ditto|p2a: Delibird|[from] ability: Imposter\n|turn|27\n|inactive|Time left: 300 sec this turn | 300 sec total\n|\n|t:|1783563736\n|move|p1a: Ditto|Ice Shard|p2a: Delibird\n|-damage|p2a: Delibird|73/100\n|move|p2a: Delibird|Brave Bird|p1a: Ditto|[miss]\n|-miss|p2a: Delibird|p1a: Ditto\n|\n|upkeep\n|turn|28\n|inactive|Time left: 300 sec this turn | 300 sec total\n|\n|t:|1783563737\n|move|p1a: Ditto|Ice Shard|p2a: Delibird\n|-damage|p2a: Delibird|48/100\n|move|p2a: Delibird|Brave Bird|p1a: Ditto\n|-damage|p1a: Ditto|0 fnt\n|faint|p1a: Ditto\n|-damage|p2a: Delibird|18/100|[from] Recoil\n|\n|win|p0y21165377", "uploadtime": 1783563737, "views": 0, "rating": 0, "private": 0, "password": null, "_winner": "p0y21165377", "_our_name": "p0x21164594"}