{"id": "battle-gen9randombattle-1516", "formatid": "gen9randombattle", "format": "[Gen 9] Random Battle", "players": ["p0x15163a7c", "p0y15167b3d"], "log": "|init|battle\n|title|p0x15163a7c vs. p0y15167b3d\n|j|\u2606p0x15163a7c\n|j|\u2606p0y15167b3d\n|t:|1783556716\n|gametype|singles\n|player|p1|p0x15163a7c|169|\n|player|p2|p0y15167b3d|169|\n|gen|9\n|tier|[Gen 9] Random Battle\n|rule|Species Clause: Limit one of each Pok\u00e9mon\n|rule|HP Percentage Mod: HP is shown in percentages\n|rule|Sleep Clause Mod: Limit one foe put to sleep\n|rule|Illusion Level Mod: Illusion disguises the Pok\u00e9mon's true level\n|\n|t:|1783556716\n|teamsize|p1|6\n|teamsize|p2|6\n|start\n|switch|p1a: Articuno|Articuno, L86|295/295\n|switch|p2a: Zangoose|Zangoose, L85, F|100/100\n|-ability|p1a: Articuno|Pressure\n|turn|1\n|inactive|Battle timer is ON: inactive players will automatically lose when time's up. (requested by p0y15167b3d)\n|inactive|Time left: 300 sec this turn | 300 sec total | 60 sec grace\n|inactive|p0x15163a7c also wants the timer to be on.\n|\n|t:|1783556718\n|move|p2a: Zangoose|Knock Off|p1a: Articuno\n|-damage|p1a: Articuno|218/295\n|-enditem|p1a: Articuno|Heavy-Duty Boots|[from] move: Knock Off|[of] p2a: Zangoose\n|move|p1a: Articuno|Freeze-Dry|p2a: Zangoose\n|-damage|p2a: Zangoose|62/100\n|\n|-status|p2a: Zangoose|tox|[from] item: Toxic Orb\n|upkeep\n|turn|2\n|inactive|Time left: 300 sec this turn | 300 sec total\n|\n|t:|1783556719\n|switch|p1a: Decidueye|Decidueye, L88, M|281/281\n|move|p2a: Zangoose|Facade|p1a: Decidueye\n|-immune|p1a: Decidueye\n|\n|-damage|p2a: Zangoose|56/100 tox|[from] psn\n|upkeep\n|turn|3\n|inactive|Time left: 300 sec this turn | 300 sec total\n|\n|t:|1783556720\n|move|p2a: Zangoose|Knock Off|p1a: Decidueye\n|-supereffective|p1a: Decidueye\n|-damage|p1a: Decidueye|37/281\n|-enditem|p1a: Decidueye|Life Orb|[from] move: Knock Off|[of] p2a: Zangoose\n|move|p1a: Decidueye|Leaf Blade|p2a: Zangoose\n|-damage|p2a: Zangoose|0 fnt\n|faint|p2a: Zangoose\n|\n|upkeep\n|\n|t:|1783556721\n|switch|p2a: Krookodile|Krookodile, L79, M|100/100\n|-ability|p2a: Krookodile|Intimidate|boost\n|-unboost|p1a: Decidueye|atk|1\n|turn|4\n|inactive|Time left: 300 sec this turn | 300 sec total\n|\n|t:|1783556723\n|move|p2a: Krookodile|Knock Off|p1a: Decidueye\n|-supereffective|p1a: Decidueye\n|-damage|p1a: Decidueye|0 fnt\n|faint|p1a: Decidueye\n|\n|upkeep\n|inactive|Time left: 300 sec this turn | 300 sec total | 5 sec grace\n|\n|t:|1783556724\n|switch|p1a: Hydreigon|Hydreigon, L79, M|275/275\n|turn|5\n|inactive|Time left: 300 sec this turn | 300 sec total\n|\n|t:|1783556725\n|move|p1a: Hydreigon|Draco Meteor|p2a: Krookodile\n|-damage|p2a: Krookodile|8/100\n|-unboost|p1a: Hydreigon|spa|2\n|move|p2a: Krookodile|Knock Off|p1a: Hydreigon\n|-resisted|p1a: Hydreigon\n|-damage|p1a: Hydreigon|188/275\n|-enditem|p1a: Hydreigon|Choice Specs|[from] move: Knock Off|[of] p2a: Krookodile\n|\n|upkeep\n|turn|6\n|inactive|Time left: 300 sec this turn | 300 sec total\n|\n|t:|1783556726\n|switch|p2a: Crabominable|Crabominable, L90, M|100/100\n|move|p1a: Hydreigon|U-turn|p2a: Crabominable\n|-resisted|p2a: Crabominable\n|-damage|p2a: Crabominable|93/100\n|inactive|Time left: 300 sec this turn | 300 sec total | 5 sec grace\n|\n|t:|1783556727\n|switch|p1a: Luxray|Luxray, L88, M|284/284|[from] U-turn\n|-ability|p1a: Luxray|Intimidate|boost\n|-unboost|p2a: Crabominable|atk|1\n|\n|upkeep\n|turn|7\n|inactive|Time left: 300 sec this turn | 300 sec total\n|\n|t:|1783556728\n|move|p1a: Luxray|Play Rough|p2a: Crabominable\n|-supereffective|p2a: Crabominable\n|-damage|p2a: Crabominable|36/100\n|-unboost|p2a: Crabominable|atk|1\n|move|p2a: Crabominable|Drain Punch|p1a: Luxray\n|-damage|p1a: Luxray|209/284\n|-heal|p2a: Crabominable|48/100|[from] drain|[of] p1a: Luxray\n|\n|upkeep\n|turn|8\n|inactive|Time left: 300 sec this turn | 300 sec total\n|\n|t:|1783556730\n|switch|p2a: Krookodile|Krookodile, L79, M|8/100\n|-ability|p2a: Krookodile|Intimidate|boost\n|-unboost|p1a: Luxray|atk|1\n|move|p1a: Luxray|Play Rough|p2a: Krookodile\n|-supereffective|p2a: Krookodile\n|-damage|p2a: Krookodile|0 fnt\n|faint|p2a: Krookodile\n|\n|upkeep\n|\n|t:|1783556730\n|switch|p2a: Crabominable|Crabominable, L90, M|48/100\n|turn|9\n|inactive|Time left: 300 sec this turn | 300 sec total\n|\n|t:|1783556731\n|-terastallize|p1a: Luxray|Fairy\n|move|p1a: Luxray|Play Rough|p2a: Crabominable\n|-supereffective|p2a: Crabominable\n|-damage|p2a: Crabominable|0 fnt\n|faint|p2a: Crabominable\n|\n|upkeep\n|\n|t:|1783556732\n|switch|p2a: Arceus|Arceus-Fairy, L69|100/100\n|turn|10\n|inactive|Time left: 300 sec this turn | 300 sec total\n|\n|t:|1783556733\n|move|p2a: Arceus|Calm Mind|p2a: Arceus\n|-boost|p2a: Arceus|spa|1\n|-boost|p2a: Arceus|spd|1\n|move|p1a: Luxray|Volt Switch|p2a: Arceus\n|-damage|p2a: Arceus|82/100\n|inactive|Time left: 300 sec this turn | 300 sec total | 5 sec grace\n|\n|t:|1783556733\n|switch|p1a: Articuno|Articuno, L86|218/295|[from] Volt Switch\n|-ability|p1a: Articuno|Pressure\n|\n|upkeep\n|turn|11\n|inactive|Time left: 300 sec this turn | 300 sec total\n|\n|t:|1783556734\n|move|p2a: Arceus|Judgment|p1a: Articuno\n|-damage|p1a: Articuno|106/295\n|move|p1a: Articuno|Roost|p1a: Articuno\n|-heal|p1a: Articuno|254/295\n|-singleturn|p1a: Articuno|move: Roost\n|\n|upkeep\n|turn|12\n|inactive|Time left: 300 sec this turn | 300 sec total\n|\n|t:|1783556735\n|move|p2a: Arceus|Calm Mind|p2a: Arceus\n|-boost|p2a: Arceus|spa|1\n|-boost|p2a: Arceus|spd|1\n|move|p1a: Articuno|Roost|p1a: Articuno\n|-heal|p1a: Articuno|295/295\n|-singleturn|p1a: Articuno|move: Roost\n|\n|upkeep\n|turn|13\n|inactive|Time left: 300 sec this turn | 300 sec total\n|\n|t:|1783556735\n|move|p2a: Arceus|Judgment|p1a: Articuno\n|-damage|p1a: Articuno|151/295\n|move|p1a: Articuno|Roost|p1a: Articuno\n|-heal|p1a: Articuno|295/295\n|-singleturn|p1a: Articuno|move: Roost\n|\n|upkeep\n|turn|14\n|inactive|Time left: 300 sec this turn | 300 sec total\n|\n|t:|1783556736\n|move|p2a: Arceus|Judgment|p1a: Articuno\n|-damage|p1a: Articuno|147/295\n|move|p1a: Articuno|Roost|p1a: Articuno\n|-heal|p1a: Articuno|295/295\n|-singleturn|p1a: Articuno|move: Roost\n|\n|upkeep\n|turn|15\n|inactive|Time left: 300 sec this turn | 300 sec total\n|\n|t:|1783556737\n|move|p2a: Arceus|Judgment|p1a: Articuno\n|-damage|p1a: Articuno|147/295\n|move|p1a: Articuno|Roost|p1a: Articuno\n|-heal|p1a: Articuno|295/295\n|-singleturn|p1a: Articuno|move: Roost\n|\n|upkeep\n|turn|16\n|inactive|Time left: 300 sec this turn | 300 sec total\n|\n|t:|1783556738\n|move|p2a: Arceus|Judgment|p1a: Articuno\n|-damage|p1a: Articuno|145/295\n|move|p1a: Articuno|Roost|p1a: Articuno\n|-heal|p1a: Articuno|293/295\n|-singleturn|p1a: Articuno|move: Roost\n|\n|upkeep\n|turn|17\n|inactive|Time left: 300 sec this turn | 300 sec total\n|\n|t:|1783556739\n|move|p2a: Arceus|Judgment|p1a: Articuno\n|-damage|p1a: Articuno|131/295\n|move|p1a: Articuno|Roost|p1a: Articuno\n|-heal|p1a: Articuno|279/295\n|-singleturn|p1a: Articuno|move: Roost\n|\n|upkeep\n|turn|18\n|inactive|Time left: 300 sec this turn | 300 sec total\n|\n|t:|1783556740\n|move|p2a: Arceus|Judgment|p1a: Articuno\n|-damage|p1a: Articuno|138/295\n|move|p1a: Articuno|Roost|p1a: Articuno\n|-heal|p1a: Articuno|286/295\n|-singleturn|p1a: Articuno|move: Roost\n|\n|upkeep\n|turn|19\n|inactive|Time left: 300 sec this turn | 300 sec total\n|\n|t:|1783556741\n|move|p2a: Arceus|Judgment|p1a: Articuno\n|-damage|p1a: Articuno|144/295\n|move|p1a: Articuno|Brave Bird|p2a: Arceus\n|-damage|p2a: Arceus|44/100\n|-damage|p1a: Articuno|108/295|[from] Recoil\n|\n|upkeep\n|turn|20\n|inactive|Time left: 300 sec this turn | 300 sec total\n|\n|t:|1783556742\n|move|p2a: Arceus|Recover|p2a: Arceus\n|-heal|p2a: Arceus|94/100\n|move|p1a: Articuno|Brave Bird|p2a: Arceus\n|-damage|p2a: Arceus|50/100\n|-damage|p1a: Articuno|68/295|[from] Recoil\n|\n|upkeep\n|turn|21\n|inactive|Time left: 300 sec this turn | 300 sec total\n|\n|t:|1783556743\n|switch|p1a: Luxray|Luxray, L88, M, tera:Fairy|209/284\n|-ability|p1a: Luxray|Intimidate|boost\n|-unboost|p2a: Arceus|atk|1\n|move|p2a: Arceus|Recover|p2a: Arceus\n|-heal|p2a: Arceus|100/100\n|\n|upkeep\n|turn|22\n|inactive|Time left: 300 sec this turn | 300 sec total\n|\n|t:|1783556744\n|move|p2a: Arceus|Calm Mind|p2a: Arceus\n|-boost|p2a: Arceus|spa|1\n|-boost|p2a: Arceus|spd|1\n|move|p1a: Luxray|Play Rough|p2a: Arceus\n|-damage|p2a: Arceus|56/100\n|\n|upkeep\n|turn|23\n|inactive|Time left: 300 sec this turn | 300 sec total\n|\n|t:|1783556745\n|move|p2a: Arceus|Recover|p2a: Arceus\n|-heal|p2a: Arceus|100/100\n|move|p1a: Luxray|Play Rough|p2a: Arceus\n|-damage|p2a: Arceus|55/100\n|\n|upkeep\n|turn|24\n|inactive|Time left: 300 sec this turn | 300 sec total\n|\n|t:|1783556746\n|move|p2a: Arceus|Recover|p2a: Arceus\n|-heal|p2a: Arceus|100/100\n|move|p1a: Luxray|Play Rough|p2a: Arceus\n|-damage|p2a: Arceus|62/100\n|-unboost|p2a: Arceus|atk|1\n|\n|upkeep\n|turn|25\n|inactive|Time left: 300 sec this turn | 300 sec total\n|\n|t:|1783556747\n|move|p2a: Arceus|Recover|p2a: Arceus\n|-heal|p2a: Arceus|100/100\n|move|p1a: Luxray|Play Rough|p2a: Arceus\n|-damage|p2a: Arceus|62/100\n|\n|upkeep\n|turn|26\n|inactive|Time left: 300 sec this turn | 300 sec total\n|\n|t:|1783556748\n|move|p2a: Arceus|Recover|p2a: Arceus\n|-heal|p2a: Arceus|100/100\n|move|p1a: Luxray|Play Rough|p2a: Arceus\n|-damage|p2a: Arceus|55/100\n|\n|upkeep\n|turn|27\n|inactive|Time left: 300 sec this turn | 300 sec total\n|\n|t:|1783556749\n|move|p2a: Arceus|Recover|p2a: Arceus\n|-heal|p2a: Arceus|100/100\n|move|p1a: Luxray|Play Rough|p2a: Arceus\n|-damage|p2a: Arceus|59/100\n|\n|upkeep\n|turn|28\n|inactive|Time left: 300 sec this turn | 300 sec total\n|\n|t:|1783556750\n|move|p2a: Arceus|Recover|p2a: Arceus\n|-heal|p2a: Arceus|100/100\n|move|p1a: Luxray|Play Rough|p2a: Arceus\n|-damage|p2a: Arceus|56/100\n|\n|upkeep\n|turn|29\n|inactive|Time left: 300 sec this turn | 300 sec total\n|\n|t:|1783556751\n|move|p2a: Arceus|Earth Power|p1a: Luxray\n|-damage|p1a: Luxray|126/284\n|move|p1a: Luxray|Play Rough|p2a: Arceus|[miss]\n|-miss|p1a: Luxray|p2a: Arceus\n|\n|upkeep\n|turn|30\n|inactive|Time left: 300 sec this turn | 300 sec total\n|\n|t:|1783556752\n|move|p2a: Arceus|Earth Power|p1a: Luxray\n|-damage|p1a: Luxray|34/284\n|move|p1a: Luxray|Play Rough|p2a: Arceus\n|-damage|p2a: Arceus|12/100\n|\n|upkeep\n|turn|31\n|inactive|Time left: 300 sec this turn | 300 sec total\n|\n|t:|1783556753\n|switch|p1a: Arceus|Arceus-Flying, L69|279/279\n|move|p2a: Arceus|Earth Power|p1a: Arceus\n|-immune|p1a: Arceus\n|\n|upkeep\n|turn|32\n|inactive|Time left: 300 sec this turn | 300 sec total\n|\n|t:|1783556755\n|move|p2a: Arceus|Calm Mind|p2a: Arceus\n|-boost|p2a: Arceus|spa|1\n|-boost|p2a: Arceus|spd|1\n|move|p1a: Arceus|Judgment|p2a: Arceus\n|-damage|p2a: Arceus|0 fnt\n|faint|p2a: Arceus\n|\n|upkeep\n|\n|t:|1783556756\n|switch|p2a: Garchomp|Garchomp, L74, M|100/100\n|turn|33\n|inactive|Time left: 300 sec this turn | 300 sec total\n|\n|t:|1783556757\n|move|p1a: Arceus|Judgment|p2a: Garchomp\n|-damage|p2a: Garchomp|59/100\n|move|p2a: Garchomp|Stealth Rock|p1a: Arceus\n|-sidestart|p1: p0x15163a7c|move: Stealth Rock\n|\n|upkeep\n|turn|34\n|inactive|Time left: 300 sec this turn | 300 sec total\n|\n|t:|1783556758\n|move|p1a: Arceus|Judgment|p2a: Garchomp\n|-damage|p2a: Garchomp|16/100\n|move|p2a: Garchomp|Dragon Tail|p1a: Arceus\n|-damage|p1a: Arceus|224/279\n|drag|p1a: Articuno|Articuno, L86|68/295\n|-damage|p1a: Articuno|0 fnt|[from] Stealth Rock\n|faint|p1a: Articuno\n|\n|upkeep\n|inactive|Time left: 300 sec this turn | 300 sec total | 5 sec grace\n|\n|t:|1783556759\n|switch|p1a: Arceus|Arceus-Flying, L69|224/279\n|-damage|p1a: Arceus|155/279|[from] Stealth Rock\n|turn|35\n|inactive|Time left: 300 sec this turn | 300 sec total\n|\n|t:|1783556760\n|switch|p2a: Uxie|Uxie, L83|100/100\n|move|p1a: Arceus|Judgment|p2a: Uxie\n|-damage|p2a: Uxie|69/100\n|\n|-heal|p2a: Uxie|75/100|[from] item: Leftovers\n|upkeep\n|turn|36\n|inactive|Time left: 300 sec this turn | 300 sec total\n|\n|t:|1783556761\n|move|p1a: Arceus|Recover|p1a: Arceus\n|-heal|p1a: Arceus|279/279\n|move|p2a: Uxie|Yawn|p1a: Arceus\n|-start|p1a: Arceus|move: Yawn|[of] p2a: Uxie\n|\n|-heal|p2a: Uxie|82/100|[from] item: Leftovers\n|upkeep\n|turn|37\n|inactive|Time left: 300 sec this turn | 300 sec total\n|\n|t:|1783556762\n|switch|p1a: Hydreigon|Hydreigon, L79, M|188/275\n|-damage|p1a: Hydreigon|154/275|[from] Stealth Rock\n|move|p2a: Uxie|Knock Off|p1a: Hydreigon\n|-resisted|p1a: Hydreigon\n|-damage|p1a: Hydreigon|133/275\n|\n|-heal|p2a: Uxie|88/100|[from] item: Leftovers\n|upkeep\n|turn|38\n|inactive|Time left: 300 sec this turn | 300 sec total\n|\n|t:|1783556764\n|move|p2a: Uxie|Yawn|p1a: Hydreigon\n|-start|p1a: Hydreigon|move: Yawn|[of] p2a: Uxie\n|move|p1a: Hydreigon|Dark Pulse|p2a: Uxie\n|-supereffective|p2a: Uxie\n|-damage|p2a: Uxie|39/100\n|\n|-heal|p2a: Uxie|45/100|[from] item: Leftovers\n|upkeep\n|turn|39\n|inactive|Time left: 300 sec this turn | 300 sec total\n|\n|t:|1783556765\n|-terastallize|p2a: Uxie|Dark\n|move|p2a: Uxie|Encore|p1a: Hydreigon\n|-start|p1a: Hydreigon|Encore\n|move|p1a: Hydreigon|Dark Pulse|p2a: Uxie\n|-resisted|p2a: Uxie\n|-damage|p2a: Uxie|32/100\n|\n|-heal|p2a: Uxie|39/100|[from] item: Leftovers\n|-end|p1a: Hydreigon|move: Yawn|[silent]\n|-status|p1a: Hydreigon|slp\n|upkeep\n|turn|40\n|inactive|Time left: 300 sec this turn | 300 sec total\n|\n|t:|1783556766\n|switch|p1a: Arceus|Arceus-Flying, L69|279/279\n|-damage|p1a: Arceus|210/279|[from] Stealth Rock\n|move|p2a: Uxie|Psychic Noise|p1a: Arceus\n|-damage|p1a: Arceus|143/279\n|-start|p1a: Arceus|move: Heal Block\n|\n|-heal|p2a: Uxie|45/100|[from] item: Leftovers\n|upkeep\n|turn|41\n|inactive|Time left: 300 sec this turn | 300 sec total\n|\n|t:|1783556767\n|move|p1a: Arceus|Judgment|p2a: Uxie\n|-damage|p2a: Uxie|17/100\n|move|p2a: Uxie|Psychic Noise|p1a: Arceus\n|-damage|p1a: Arceus|80/279\n|\n|-heal|p2a: Uxie|23/100|[from] item: Leftovers\n|-end|p1a: Arceus|move: Heal Block\n|upkeep\n|turn|42\n|inactive|Time left: 300 sec this turn | 300 sec total\n|\n|t:|1783556767\n|move|p1a: Arceus|Judgment|p2a: Uxie\n|-damage|p2a: Uxie|0 fnt\n|faint|p2a: Uxie\n|\n|upkeep\n|\n|t:|1783556768\n|switch|p2a: Garchomp|Garchomp, L74, M|16/100\n|turn|43\n|inactive|Time left: 300 sec this turn | 300 sec total\n|\n|t:|1783556769\n|move|p1a: Arceus|Judgment|p2a: Garchomp\n|-damage|p2a: Garchomp|0 fnt\n|faint|p2a: Garchomp\n|\n|win|p0x15163a7c", "uploadtime": 1783556769, "views": 0, "rating": 0, "private": 0, "password": null, "_winner": "p0x15163a7c", "_our_name": "p0x15163a7c"}