{"id": "battle-gen9randombattle-957", "formatid": "gen9randombattle", "format": "[Gen 9] Random Battle", "players": ["p0x9571ca2", "p0y957abfe"], "log": "|init|battle\n|title|p0x9571ca2 vs. p0y957abfe\n|j|\u2606p0x9571ca2\n|j|\u2606p0y957abfe\n|t:|1783550969\n|gametype|singles\n|player|p1|p0x9571ca2|2|\n|player|p2|p0y957abfe|2|\n|gen|9\n|tier|[Gen 9] Random Battle\n|rule|Species Clause: Limit one of each Pok\u00e9mon\n|rule|HP Percentage Mod: HP is shown in percentages\n|rule|Sleep Clause Mod: Limit one foe put to sleep\n|rule|Illusion Level Mod: Illusion disguises the Pok\u00e9mon's true level\n|\n|t:|1783550969\n|teamsize|p1|6\n|teamsize|p2|6\n|start\n|switch|p1a: Golduck|Golduck, L90, M|290/290\n|switch|p2a: Venusaur|Venusaur, L84, M|100/100\n|-ability|p1a: Golduck|Cloud Nine\n|turn|1\n|inactive|Battle timer is ON: inactive players will automatically lose when time's up. (requested by p0y957abfe)\n|inactive|Time left: 300 sec this turn | 300 sec total | 60 sec grace\n|inactive|p0x9571ca2 also wants the timer to be on.\n|\n|t:|1783550971\n|move|p1a: Golduck|Nasty Plot|p1a: Golduck\n|-boost|p1a: Golduck|spa|2\n|move|p2a: Venusaur|Energy Ball|p1a: Golduck\n|-supereffective|p1a: Golduck\n|-damage|p1a: Golduck|104/290\n|\n|-heal|p1a: Golduck|122/290|[from] item: Leftovers\n|upkeep\n|turn|2\n|inactive|Time left: 300 sec this turn | 300 sec total\n|\n|t:|1783550972\n|move|p1a: Golduck|Ice Beam|p2a: Venusaur\n|-supereffective|p2a: Venusaur\n|-damage|p2a: Venusaur|12/100\n|move|p2a: Venusaur|Energy Ball|p1a: Golduck\n|-supereffective|p1a: Golduck\n|-damage|p1a: Golduck|0 fnt\n|faint|p1a: Golduck\n|\n|-heal|p2a: Venusaur|19/100|[from] item: Leftovers\n|upkeep\n|inactive|Time left: 300 sec this turn | 300 sec total | 5 sec grace\n|\n|t:|1783550973\n|switch|p1a: Darkrai|Darkrai, L77|234/234\n|turn|3\n|inactive|Time left: 300 sec this turn | 300 sec total\n|\n|t:|1783550975\n|move|p1a: Darkrai|Dark Pulse|p2a: Venusaur\n|-damage|p2a: Venusaur|0 fnt\n|faint|p2a: Venusaur\n|-damage|p1a: Darkrai|211/234|[from] item: Life Orb\n|\n|upkeep\n|\n|t:|1783550975\n|switch|p2a: Dewgong|Dewgong, L94, F|100/100\n|turn|4\n|inactive|Time left: 300 sec this turn | 300 sec total\n|\n|t:|1783550977\n|move|p1a: Darkrai|Nasty Plot|p1a: Darkrai\n|-boost|p1a: Darkrai|spa|2\n|move|p2a: Dewgong|Ice Beam|p1a: Darkrai\n|-damage|p1a: Darkrai|108/234\n|\n|upkeep\n|turn|5\n|inactive|Time left: 300 sec this turn | 300 sec total\n|\n|t:|1783550978\n|move|p1a: Darkrai|Hypnosis|p2a: Dewgong|[miss]\n|-miss|p1a: Darkrai|p2a: Dewgong\n|move|p2a: Dewgong|Ice Beam|p1a: Darkrai\n|-damage|p1a: Darkrai|17/234\n|\n|upkeep\n|turn|6\n|inactive|Time left: 300 sec this turn | 300 sec total\n|\n|t:|1783550979\n|move|p1a: Darkrai|Hypnosis|p2a: Dewgong|[miss]\n|-miss|p1a: Darkrai|p2a: Dewgong\n|move|p2a: Dewgong|Flip Turn|p1a: Darkrai\n|-damage|p1a: Darkrai|0 fnt\n|faint|p1a: Darkrai\n|\n|t:|1783550980\n|switch|p2a: Azelf|Azelf, L82|100/100|[from] Flip Turn\n|\n|upkeep\n|inactive|Time left: 300 sec this turn | 300 sec total | 10 sec grace\n|\n|t:|1783550981\n|switch|p1a: Zarude|Zarude, L77|288/288\n|turn|7\n|inactive|Time left: 300 sec this turn | 300 sec total\n|\n|t:|1783550983\n|move|p2a: Azelf|U-turn|p1a: Zarude\n|-supereffective|p1a: Zarude\n|-damage|p1a: Zarude|2/288\n|-damage|p2a: Azelf|91/100|[from] item: Life Orb\n|\n|t:|1783550984\n|switch|p2a: Dewgong|Dewgong, L94, F|100/100|[from] U-turn\n|move|p1a: Zarude|Knock Off|p2a: Dewgong\n|-crit|p2a: Dewgong\n|-damage|p2a: Dewgong|40/100\n|-enditem|p2a: Dewgong|Assault Vest|[from] move: Knock Off|[of] p1a: Zarude\n|-damage|p1a: Zarude|0 fnt|[from] item: Life Orb\n|faint|p1a: Zarude\n|\n|upkeep\n|inactive|Time left: 300 sec this turn | 300 sec total | 10 sec grace\n|\n|t:|1783550985\n|switch|p1a: Quaquaval|Quaquaval, L79, M|264/264\n|turn|8\n|inactive|Time left: 300 sec this turn | 300 sec total\n|\n|t:|1783550986\n|move|p2a: Dewgong|Ice Beam|p1a: Quaquaval\n|-resisted|p1a: Quaquaval\n|-damage|p1a: Quaquaval|210/264\n|move|p1a: Quaquaval|Swords Dance|p1a: Quaquaval\n|-boost|p1a: Quaquaval|atk|2\n|\n|upkeep\n|turn|9\n|inactive|Time left: 300 sec this turn | 300 sec total\n|\n|t:|1783550987\n|move|p2a: Dewgong|Ice Beam|p1a: Quaquaval\n|-resisted|p1a: Quaquaval\n|-damage|p1a: Quaquaval|154/264\n|move|p1a: Quaquaval|Aqua Step|p2a: Dewgong\n|-resisted|p2a: Dewgong\n|-damage|p2a: Dewgong|2/100\n|-boost|p1a: Quaquaval|spe|1\n|-damage|p1a: Quaquaval|128/264|[from] item: Life Orb\n|\n|upkeep\n|turn|10\n|inactive|Time left: 300 sec this turn | 300 sec total\n|\n|t:|1783550989\n|move|p1a: Quaquaval|Aqua Step|p2a: Dewgong\n|-resisted|p2a: Dewgong\n|-damage|p2a: Dewgong|0 fnt\n|-boost|p1a: Quaquaval|spe|1\n|faint|p2a: Dewgong\n|-ability|p1a: Quaquaval|Moxie|boost\n|-boost|p1a: Quaquaval|atk|1\n|-damage|p1a: Quaquaval|102/264|[from] item: Life Orb\n|\n|upkeep\n|\n|t:|1783550990\n|switch|p2a: Scovillain|Scovillain, L91, M|100/100\n|turn|11\n|inactive|Time left: 300 sec this turn | 300 sec total\n|\n|t:|1783550991\n|move|p2a: Scovillain|Protect|p2a: Scovillain\n|-singleturn|p2a: Scovillain|Protect\n|move|p1a: Quaquaval|Close Combat|p2a: Scovillain\n|-activate|p2a: Scovillain|move: Protect\n|\n|upkeep\n|turn|12\n|inactive|Time left: 300 sec this turn | 300 sec total\n|\n|t:|1783550992\n|move|p2a: Scovillain|Protect|p2a: Scovillain\n|-singleturn|p2a: Scovillain|Protect\n|move|p1a: Quaquaval|Aqua Step|p2a: Scovillain\n|-activate|p2a: Scovillain|move: Protect\n|\n|upkeep\n|turn|13\n|inactive|Time left: 300 sec this turn | 300 sec total\n|\n|t:|1783550992\n|move|p1a: Quaquaval|Aqua Step|p2a: Scovillain\n|-damage|p2a: Scovillain|0 fnt\n|-boost|p1a: Quaquaval|spe|1\n|faint|p2a: Scovillain\n|-ability|p1a: Quaquaval|Moxie|boost\n|-boost|p1a: Quaquaval|atk|1\n|-damage|p1a: Quaquaval|76/264|[from] item: Life Orb\n|\n|upkeep\n|\n|t:|1783550993\n|switch|p2a: Zebstrika|Zebstrika, L87, F|100/100\n|turn|14\n|inactive|Time left: 300 sec this turn | 300 sec total\n|\n|t:|1783550994\n|switch|p2a: Meloetta|Meloetta, L82|100/100\n|move|p1a: Quaquaval|Aqua Step|p2a: Meloetta\n|-damage|p2a: Meloetta|0 fnt\n|-boost|p1a: Quaquaval|spe|1\n|faint|p2a: Meloetta\n|-ability|p1a: Quaquaval|Moxie|boost\n|-boost|p1a: Quaquaval|atk|1\n|-damage|p1a: Quaquaval|50/264|[from] item: Life Orb\n|\n|upkeep\n|\n|t:|1783550995\n|switch|p2a: Zebstrika|Zebstrika, L87, F|100/100\n|turn|15\n|inactive|Time left: 300 sec this turn | 300 sec total\n|\n|t:|1783550996\n|-terastallize|p1a: Quaquaval|Steel\n|move|p1a: Quaquaval|Aqua Step|p2a: Zebstrika\n|-damage|p2a: Zebstrika|0 fnt\n|-boost|p1a: Quaquaval|spe|1\n|faint|p2a: Zebstrika\n|-ability|p1a: Quaquaval|Moxie|boost\n|-boost|p1a: Quaquaval|atk|1\n|-damage|p1a: Quaquaval|24/264|[from] item: Life Orb\n|\n|upkeep\n|\n|t:|1783550997\n|switch|p2a: Azelf|Azelf, L82|91/100\n|turn|16\n|inactive|Time left: 300 sec this turn | 300 sec total\n|\n|t:|1783550998\n|move|p1a: Quaquaval|Aqua Step|p2a: Azelf\n|-damage|p2a: Azelf|0 fnt\n|-boost|p1a: Quaquaval|spe|1\n|faint|p2a: Azelf\n|-damage|p1a: Quaquaval|0 fnt|[from] item: Life Orb\n|faint|p1a: Quaquaval\n|\n|win|p0x9571ca2", "uploadtime": 1783550998, "views": 0, "rating": 0, "private": 0, "password": null, "_winner": "p0x9571ca2", "_our_name": "p0x9571ca2"}