{"id": "battle-gen9randombattle-1801", "formatid": "gen9randombattle", "format": "[Gen 9] Random Battle", "players": ["p0x18013198", "p0y18012c94"], "log": "|init|battle\n|title|p0x18013198 vs. p0y18012c94\n|j|\u2606p0x18013198\n|j|\u2606p0y18012c94\n|t:|1783560111\n|gametype|singles\n|player|p1|p0x18013198|170|\n|player|p2|p0y18012c94|2|\n|gen|9\n|tier|[Gen 9] Random Battle\n|rule|Species Clause: Limit one of each Pok\u00e9mon\n|rule|HP Percentage Mod: HP is shown in percentages\n|rule|Sleep Clause Mod: Limit one foe put to sleep\n|rule|Illusion Level Mod: Illusion disguises the Pok\u00e9mon's true level\n|\n|t:|1783560111\n|teamsize|p1|6\n|teamsize|p2|6\n|start\n|switch|p1a: Maushold|Maushold, L76|100/100\n|switch|p2a: Giratina|Giratina, L75|349/349\n|-ability|p2a: Giratina|Pressure\n|turn|1\n|inactive|Battle timer is ON: inactive players will automatically lose when time's up. (requested by p0y18012c94)\n|inactive|p0x18013198 also wants the timer to be on.\n|\n|t:|1783560113\n|move|p1a: Maushold|Tidy Up|p1a: Maushold\n|-boost|p1a: Maushold|atk|1\n|-boost|p1a: Maushold|spe|1\n|move|p2a: Giratina|Calm Mind|p2a: Giratina\n|-boost|p2a: Giratina|spa|1\n|-boost|p2a: Giratina|spd|1\n|\n|upkeep\n|turn|2\n|inactive|Time left: 300 sec this turn | 300 sec total\n|\n|t:|1783560114\n|move|p1a: Maushold|Encore|p2a: Giratina\n|-start|p2a: Giratina|Encore\n|move|p2a: Giratina|Calm Mind|p2a: Giratina\n|-boost|p2a: Giratina|spa|1\n|-boost|p2a: Giratina|spd|1\n|\n|upkeep\n|turn|3\n|inactive|Time left: 300 sec this turn | 300 sec total\n|\n|t:|1783560115\n|move|p1a: Maushold|Tidy Up|p1a: Maushold\n|-boost|p1a: Maushold|atk|1\n|-boost|p1a: Maushold|spe|1\n|move|p2a: Giratina|Calm Mind|p2a: Giratina\n|-boost|p2a: Giratina|spa|1\n|-boost|p2a: Giratina|spd|1\n|\n|upkeep\n|turn|4\n|inactive|Time left: 300 sec this turn | 300 sec total\n|\n|t:|1783560116\n|move|p1a: Maushold|Bite|p2a: Giratina\n|-supereffective|p2a: Giratina\n|-damage|p2a: Giratina|207/349\n|cant|p2a: Giratina|flinch\n|\n|-heal|p2a: Giratina|228/349|[from] item: Leftovers\n|-end|p2a: Giratina|Encore\n|upkeep\n|turn|5\n|inactive|Time left: 300 sec this turn | 300 sec total\n|\n|t:|1783560118\n|move|p1a: Maushold|Encore|p2a: Giratina\n|-start|p2a: Giratina|Encore\n|move|p2a: Giratina|Calm Mind|p2a: Giratina\n|-boost|p2a: Giratina|spa|1\n|-boost|p2a: Giratina|spd|1\n|\n|-heal|p2a: Giratina|249/349|[from] item: Leftovers\n|upkeep\n|turn|6\n|inactive|Time left: 300 sec this turn | 300 sec total\n|\n|t:|1783560119\n|move|p1a: Maushold|Bite|p2a: Giratina\n|-supereffective|p2a: Giratina\n|-damage|p2a: Giratina|103/349\n|move|p2a: Giratina|Calm Mind|p2a: Giratina\n|-boost|p2a: Giratina|spa|1\n|-boost|p2a: Giratina|spd|1\n|\n|-heal|p2a: Giratina|124/349|[from] item: Leftovers\n|upkeep\n|turn|7\n|inactive|Time left: 300 sec this turn | 300 sec total\n|\n|t:|1783560120\n|move|p1a: Maushold|Bite|p2a: Giratina\n|-supereffective|p2a: Giratina\n|-damage|p2a: Giratina|0 fnt\n|faint|p2a: Giratina\n|\n|upkeep\n|inactive|Time left: 300 sec this turn | 300 sec total | 5 sec grace\n|\n|t:|1783560121\n|switch|p2a: Alomomola|Alomomola, L87, F|429/429\n|turn|8\n|inactive|Time left: 300 sec this turn | 300 sec total\n|\n|t:|1783560122\n|move|p1a: Maushold|Population Bomb|p2a: Alomomola\n|-damage|p2a: Alomomola|380/429\n|-damage|p2a: Alomomola|334/429\n|-damage|p2a: Alomomola|286/429\n|-damage|p2a: Alomomola|237/429\n|-damage|p2a: Alomomola|192/429\n|-damage|p2a: Alomomola|143/429\n|-damage|p2a: Alomomola|95/429\n|-damage|p2a: Alomomola|46/429\n|-damage|p2a: Alomomola|3/429\n|-damage|p2a: Alomomola|0 fnt\n|faint|p2a: Alomomola\n|-hitcount|p2: Alomomola|10\n|\n|upkeep\n|inactive|Time left: 300 sec this turn | 300 sec total | 5 sec grace\n|\n|t:|1783560123\n|switch|p2a: Sylveon|Sylveon, L85, M|300/300\n|turn|9\n|inactive|Time left: 300 sec this turn | 300 sec total\n|\n|t:|1783560124\n|-terastallize|p2a: Sylveon|Steel\n|move|p1a: Maushold|Population Bomb|p2a: Sylveon\n|-resisted|p2a: Sylveon\n|-damage|p2a: Sylveon|274/300\n|-resisted|p2a: Sylveon\n|-damage|p2a: Sylveon|247/300\n|-resisted|p2a: Sylveon\n|-damage|p2a: Sylveon|218/300\n|-resisted|p2a: Sylveon\n|-damage|p2a: Sylveon|191/300\n|-resisted|p2a: Sylveon\n|-crit|p2a: Sylveon\n|-damage|p2a: Sylveon|152/300\n|-resisted|p2a: Sylveon\n|-damage|p2a: Sylveon|125/300\n|-resisted|p2a: Sylveon\n|-damage|p2a: Sylveon|97/300\n|-resisted|p2a: Sylveon\n|-damage|p2a: Sylveon|70/300\n|-resisted|p2a: Sylveon\n|-damage|p2a: Sylveon|43/300\n|-resisted|p2a: Sylveon\n|-damage|p2a: Sylveon|16/300\n|-hitcount|p2a: Sylveon|10\n|move|p2a: Sylveon|Hyper Voice|p1a: Maushold\n|-damage|p1a: Maushold|27/100\n|\n|-heal|p2a: Sylveon|34/300|[from] item: Leftovers\n|upkeep\n|turn|10\n|inactive|Time left: 300 sec this turn | 300 sec total\n|\n|t:|1783560125\n|move|p2a: Sylveon|Protect|p2a: Sylveon\n|-singleturn|p2a: Sylveon|Protect\n|move|p1a: Maushold|Population Bomb|p2a: Sylveon\n|-activate|p2a: Sylveon|move: Protect\n|\n|-heal|p2a: Sylveon|52/300|[from] item: Leftovers\n|upkeep\n|turn|11\n|inactive|Time left: 300 sec this turn | 300 sec total\n|\n|t:|1783560127\n|move|p1a: Maushold|Population Bomb|p2a: Sylveon\n|-resisted|p2a: Sylveon\n|-damage|p2a: Sylveon|24/300\n|-resisted|p2a: Sylveon\n|-damage|p2a: Sylveon|0 fnt\n|faint|p2a: Sylveon\n|-hitcount|p2: Sylveon|2\n|\n|upkeep\n|inactive|Time left: 300 sec this turn | 300 sec total | 5 sec grace\n|\n|t:|1783560127\n|switch|p2a: Zapdos|Zapdos-Galar, L77|265/265\n|turn|12\n|inactive|Time left: 300 sec this turn | 300 sec total\n|\n|t:|1783560128\n|move|p1a: Maushold|Population Bomb|p2a: Zapdos\n|-damage|p2a: Zapdos|219/265\n|-damage|p2a: Zapdos|170/265\n|-damage|p2a: Zapdos|121/265\n|-damage|p2a: Zapdos|70/265\n|-damage|p2a: Zapdos|21/265\n|-damage|p2a: Zapdos|0 fnt\n|faint|p2a: Zapdos\n|-hitcount|p2: Zapdos|6\n|\n|upkeep\n|inactive|Time left: 300 sec this turn | 300 sec total | 5 sec grace\n|\n|t:|1783560129\n|switch|p2a: Charizard|Charizard, L85, F|271/271\n|turn|13\n|inactive|Time left: 300 sec this turn | 300 sec total\n|\n|t:|1783560130\n|move|p1a: Maushold|Population Bomb|p2a: Charizard\n|-damage|p2a: Charizard|223/271\n|-damage|p2a: Charizard|172/271\n|-damage|p2a: Charizard|127/271\n|-damage|p2a: Charizard|84/271\n|-damage|p2a: Charizard|39/271\n|-damage|p2a: Charizard|0 fnt\n|faint|p2a: Charizard\n|-hitcount|p2: Charizard|6\n|\n|upkeep\n|inactive|Time left: 300 sec this turn | 300 sec total | 5 sec grace\n|\n|t:|1783560131\n|switch|p2a: Pawmot|Pawmot, L80, M|243/243\n|turn|14\n|inactive|Time left: 300 sec this turn | 300 sec total\n|\n|t:|1783560132\n|-terastallize|p1a: Maushold|Normal\n|move|p1a: Maushold|Population Bomb|p2a: Pawmot\n|-damage|p2a: Pawmot|175/243\n|-damage|p2a: Pawmot|105/243\n|-damage|p2a: Pawmot|35/243\n|-damage|p2a: Pawmot|0 fnt\n|faint|p2a: Pawmot\n|-hitcount|p2: Pawmot|4\n|\n|win|p0x18013198", "uploadtime": 1783560132, "views": 0, "rating": 0, "private": 0, "password": null, "_winner": "p0x18013198", "_our_name": "p0y18012c94"}