{"id": "battle-gen9randombattle-796", "formatid": "gen9randombattle", "format": "[Gen 9] Random Battle", "players": ["p0x796bf9a", "p0y79662cd"], "log": "|init|battle\n|title|p0x796bf9a vs. p0y79662cd\n|j|\u2606p0x796bf9a\n|j|\u2606p0y79662cd\n|t:|1783549106\n|gametype|singles\n|player|p1|p0x796bf9a|169|\n|player|p2|p0y79662cd|1|\n|gen|9\n|tier|[Gen 9] Random Battle\n|rule|Species Clause: Limit one of each Pok\u00e9mon\n|rule|HP Percentage Mod: HP is shown in percentages\n|rule|Sleep Clause Mod: Limit one foe put to sleep\n|rule|Illusion Level Mod: Illusion disguises the Pok\u00e9mon's true level\n|\n|t:|1783549106\n|teamsize|p1|6\n|teamsize|p2|6\n|start\n|switch|p1a: Mew|Mew, L82|298/298\n|switch|p2a: Heatran|Heatran, L79, F|100/100\n|-item|p2a: Heatran|Air Balloon\n|turn|1\n|inactive|Battle timer is ON: inactive players will automatically lose when time's up. (requested by p0y79662cd)\n|inactive|Time left: 300 sec this turn | 300 sec total | 60 sec grace\n|\n|t:|1783549108\n|move|p1a: Mew|Nasty Plot|p1a: Mew\n|-boost|p1a: Mew|spa|2\n|move|p2a: Heatran|Magma Storm|p1a: Mew\n|-damage|p1a: Mew|196/298\n|-activate|p1a: Mew|move: Magma Storm|[of] p2a: Heatran\n|\n|-damage|p1a: Mew|159/298|[from] move: Magma Storm|[partiallytrapped]\n|upkeep\n|turn|2\n|inactive|Time left: 300 sec this turn | 300 sec total\n|inactive|p0x796bf9a also wants the timer to be on.\n|\n|t:|1783549109\n|-terastallize|p2a: Heatran|Flying\n|move|p1a: Mew|Aura Sphere|p2a: Heatran\n|-resisted|p2a: Heatran\n|-damage|p2a: Heatran|78/100\n|-enditem|p2a: Heatran|Air Balloon\n|-damage|p1a: Mew|130/298|[from] item: Life Orb\n|move|p2a: Heatran|Heavy Slam|p1a: Mew\n|-damage|p1a: Mew|27/298\n|\n|-damage|p1a: Mew|0 fnt|[from] move: Magma Storm|[partiallytrapped]\n|faint|p1a: Mew\n|upkeep\n|inactive|Time left: 300 sec this turn | 300 sec total | 5 sec grace\n|\n|t:|1783549110\n|switch|p1a: Iron Hands|Iron Hands, L79|373/373\n|turn|3\n|inactive|Time left: 300 sec this turn | 300 sec total\n|\n|t:|1783549111\n|move|p2a: Heatran|Stealth Rock|p1a: Iron Hands\n|-sidestart|p1: p0x796bf9a|move: Stealth Rock\n|move|p1a: Iron Hands|Swords Dance|p1a: Iron Hands\n|-boost|p1a: Iron Hands|atk|2\n|\n|upkeep\n|turn|4\n|inactive|Time left: 300 sec this turn | 300 sec total\n|\n|t:|1783549112\n|switch|p2a: Rhydon|Rhydon, L85, M|100/100\n|move|p1a: Iron Hands|Ice Punch|p2a: Rhydon\n|-supereffective|p2a: Rhydon\n|-damage|p2a: Rhydon|62/100\n|\n|upkeep\n|turn|5\n|inactive|Time left: 300 sec this turn | 300 sec total\n|\n|t:|1783549113\n|move|p1a: Iron Hands|Drain Punch|p2a: Rhydon\n|-supereffective|p2a: Rhydon\n|-damage|p2a: Rhydon|5/100\n|move|p2a: Rhydon|Earthquake|p1a: Iron Hands\n|-supereffective|p1a: Iron Hands\n|-damage|p1a: Iron Hands|133/373\n|\n|-heal|p1a: Iron Hands|156/373|[from] item: Leftovers\n|upkeep\n|turn|6\n|inactive|Time left: 300 sec this turn | 300 sec total\n|\n|t:|1783549114\n|move|p1a: Iron Hands|Drain Punch|p2a: Rhydon\n|-supereffective|p2a: Rhydon\n|-damage|p2a: Rhydon|0 fnt\n|-heal|p1a: Iron Hands|163/373|[from] drain|[of] p2a: Rhydon\n|faint|p2a: Rhydon\n|\n|-heal|p1a: Iron Hands|186/373|[from] item: Leftovers\n|upkeep\n|\n|t:|1783549115\n|switch|p2a: Garchomp|Garchomp, L74, F|100/100\n|turn|7\n|inactive|Time left: 300 sec this turn | 300 sec total\n|\n|t:|1783549116\n|move|p2a: Garchomp|Earthquake|p1a: Iron Hands\n|-supereffective|p1a: Iron Hands\n|-damage|p1a: Iron Hands|6/373\n|move|p1a: Iron Hands|Ice Punch|p2a: Garchomp\n|-supereffective|p2a: Garchomp\n|-damage|p2a: Garchomp|0 fnt\n|-damage|p1a: Iron Hands|0 fnt|[from] ability: Rough Skin|[of] p2a: Garchomp\n|faint|p2a: Garchomp\n|faint|p1a: Iron Hands\n|-end|p1a: Iron Hands|Quark Drive|[silent]\n|\n|upkeep\n|inactive|Time left: 300 sec this turn | 300 sec total | 5 sec grace\n|\n|t:|1783549117\n|switch|p2a: Toxapex|Toxapex, L82, F|100/100\n|switch|p1a: Milotic|Milotic, L83, F|293/293\n|-damage|p1a: Milotic|257/293|[from] Stealth Rock\n|turn|8\n|inactive|Time left: 300 sec this turn | 300 sec total\n|\n|t:|1783549119\n|move|p1a: Milotic|Scald|p2a: Toxapex\n|-resisted|p2a: Toxapex\n|-damage|p2a: Toxapex|87/100\n|move|p2a: Toxapex|Toxic Spikes|p1a: Milotic\n|-sidestart|p1: p0x796bf9a|move: Toxic Spikes\n|\n|-heal|p1a: Milotic|275/293|[from] item: Leftovers\n|upkeep\n|turn|9\n|inactive|Time left: 300 sec this turn | 300 sec total\n|\n|t:|1783549120\n|move|p1a: Milotic|Ice Beam|p2a: Toxapex\n|-resisted|p2a: Toxapex\n|-damage|p2a: Toxapex|76/100\n|move|p2a: Toxapex|Toxic Spikes|p1a: Milotic\n|-sidestart|p1: p0x796bf9a|move: Toxic Spikes\n|\n|-heal|p1a: Milotic|293/293|[from] item: Leftovers\n|upkeep\n|turn|10\n|inactive|Time left: 300 sec this turn | 300 sec total\n|\n|t:|1783549121\n|move|p1a: Milotic|Scald|p2a: Toxapex\n|-resisted|p2a: Toxapex\n|-damage|p2a: Toxapex|63/100\n|move|p2a: Toxapex|Recover|p2a: Toxapex\n|-heal|p2a: Toxapex|100/100\n|\n|upkeep\n|turn|11\n|inactive|Time left: 300 sec this turn | 300 sec total\n|\n|t:|1783549122\n|move|p1a: Milotic|Scald|p2a: Toxapex\n|-resisted|p2a: Toxapex\n|-damage|p2a: Toxapex|88/100\n|move|p2a: Toxapex|Recover|p2a: Toxapex\n|-heal|p2a: Toxapex|100/100\n|\n|upkeep\n|turn|12\n|inactive|Time left: 300 sec this turn | 300 sec total\n|\n|t:|1783549123\n|move|p1a: Milotic|Ice Beam|p2a: Toxapex\n|-resisted|p2a: Toxapex\n|-damage|p2a: Toxapex|91/100\n|move|p2a: Toxapex|Haze|p2a: Toxapex\n|-clearallboost\n|\n|upkeep\n|turn|13\n|inactive|Time left: 300 sec this turn | 300 sec total\n|\n|t:|1783549124\n|move|p1a: Milotic|Scald|p2a: Toxapex\n|-resisted|p2a: Toxapex\n|-damage|p2a: Toxapex|78/100\n|-status|p2a: Toxapex|brn\n|move|p2a: Toxapex|Liquidation|p1a: Milotic\n|-resisted|p1a: Milotic\n|-damage|p1a: Milotic|276/293\n|-unboost|p1a: Milotic|def|1\n|-ability|p1a: Milotic|Competitive|boost\n|-boost|p1a: Milotic|spa|2\n|\n|-heal|p1a: Milotic|293/293|[from] item: Leftovers\n|-damage|p2a: Toxapex|72/100 brn|[from] brn\n|upkeep\n|turn|14\n|inactive|Time left: 300 sec this turn | 300 sec total\n|\n|t:|1783549125\n|move|p1a: Milotic|Ice Beam|p2a: Toxapex\n|-resisted|p2a: Toxapex\n|-crit|p2a: Toxapex\n|-damage|p2a: Toxapex|39/100 brn\n|move|p2a: Toxapex|Haze|p2a: Toxapex\n|-clearallboost\n|\n|-damage|p2a: Toxapex|33/100 brn|[from] brn\n|upkeep\n|turn|15\n|inactive|Time left: 300 sec this turn | 300 sec total\n|\n|t:|1783549127\n|move|p1a: Milotic|Ice Beam|p2a: Toxapex\n|-resisted|p2a: Toxapex\n|-damage|p2a: Toxapex|22/100 brn\n|move|p2a: Toxapex|Recover|p2a: Toxapex\n|-heal|p2a: Toxapex|72/100 brn\n|\n|-damage|p2a: Toxapex|66/100 brn|[from] brn\n|upkeep\n|turn|16\n|inactive|Time left: 300 sec this turn | 300 sec total\n|\n|t:|1783549128\n|move|p1a: Milotic|Ice Beam|p2a: Toxapex\n|-resisted|p2a: Toxapex\n|-damage|p2a: Toxapex|57/100 brn\n|move|p2a: Toxapex|Recover|p2a: Toxapex\n|-heal|p2a: Toxapex|100/100 brn\n|\n|-damage|p2a: Toxapex|94/100 brn|[from] brn\n|upkeep\n|turn|17\n|inactive|Time left: 300 sec this turn | 300 sec total\n|\n|t:|1783549129\n|move|p1a: Milotic|Scald|p2a: Toxapex\n|-resisted|p2a: Toxapex\n|-damage|p2a: Toxapex|80/100 brn\n|move|p2a: Toxapex|Haze|p2a: Toxapex\n|-clearallboost\n|\n|-damage|p2a: Toxapex|74/100 brn|[from] brn\n|upkeep\n|turn|18\n|inactive|Time left: 300 sec this turn | 300 sec total\n|\n|t:|1783549130\n|move|p1a: Milotic|Scald|p2a: Toxapex\n|-resisted|p2a: Toxapex\n|-damage|p2a: Toxapex|59/100 brn\n|move|p2a: Toxapex|Recover|p2a: Toxapex\n|-heal|p2a: Toxapex|100/100 brn\n|\n|-damage|p2a: Toxapex|94/100 brn|[from] brn\n|upkeep\n|turn|19\n|inactive|Time left: 300 sec this turn | 300 sec total\n|\n|t:|1783549131\n|move|p1a: Milotic|Ice Beam|p2a: Toxapex\n|-resisted|p2a: Toxapex\n|-damage|p2a: Toxapex|85/100 brn\n|move|p2a: Toxapex|Recover|p2a: Toxapex\n|-heal|p2a: Toxapex|100/100 brn\n|\n|-damage|p2a: Toxapex|94/100 brn|[from] brn\n|upkeep\n|turn|20\n|inactive|Time left: 300 sec this turn | 300 sec total\n|\n|t:|1783549133\n|move|p1a: Milotic|Ice Beam|p2a: Toxapex\n|-resisted|p2a: Toxapex\n|-damage|p2a: Toxapex|83/100 brn\n|move|p2a: Toxapex|Toxic Spikes||[still]\n|-fail|p2a: Toxapex\n|\n|-damage|p2a: Toxapex|77/100 brn|[from] brn\n|upkeep\n|turn|21\n|inactive|Time left: 300 sec this turn | 300 sec total\n|\n|t:|1783549134\n|move|p1a: Milotic|Ice Beam|p2a: Toxapex\n|-resisted|p2a: Toxapex\n|-crit|p2a: Toxapex\n|-damage|p2a: Toxapex|62/100 brn\n|move|p2a: Toxapex|Recover|p2a: Toxapex\n|-heal|p2a: Toxapex|100/100 brn\n|\n|-damage|p2a: Toxapex|94/100 brn|[from] brn\n|upkeep\n|turn|22\n|inactive|Time left: 300 sec this turn | 300 sec total\n|\n|t:|1783549135\n|move|p1a: Milotic|Scald|p2a: Toxapex\n|-resisted|p2a: Toxapex\n|-damage|p2a: Toxapex|82/100 brn\n|move|p2a: Toxapex|Toxic Spikes||[still]\n|-fail|p2a: Toxapex\n|\n|-damage|p2a: Toxapex|76/100 brn|[from] brn\n|upkeep\n|turn|23\n|inactive|Time left: 300 sec this turn | 300 sec total\n|\n|t:|1783549136\n|move|p1a: Milotic|Scald|p2a: Toxapex\n|-resisted|p2a: Toxapex\n|-damage|p2a: Toxapex|61/100 brn\n|move|p2a: Toxapex|Recover|p2a: Toxapex\n|-heal|p2a: Toxapex|100/100 brn\n|\n|-damage|p2a: Toxapex|94/100 brn|[from] brn\n|upkeep\n|turn|24\n|inactive|Time left: 300 sec this turn | 300 sec total\n|\n|t:|1783549137\n|move|p1a: Milotic|Scald|p2a: Toxapex\n|-resisted|p2a: Toxapex\n|-damage|p2a: Toxapex|80/100 brn\n|move|p2a: Toxapex|Haze|p2a: Toxapex\n|-clearallboost\n|\n|-damage|p2a: Toxapex|74/100 brn|[from] brn\n|upkeep\n|turn|25\n|inactive|Time left: 300 sec this turn | 300 sec total\n|\n|t:|1783549139\n|move|p1a: Milotic|Scald|p2a: Toxapex\n|-resisted|p2a: Toxapex\n|-damage|p2a: Toxapex|60/100 brn\n|move|p2a: Toxapex|Haze|p2a: Toxapex\n|-clearallboost\n|\n|-damage|p2a: Toxapex|54/100 brn|[from] brn\n|upkeep\n|turn|26\n|inactive|Time left: 300 sec this turn | 300 sec total\n|\n|t:|1783549140\n|switch|p2a: Illumise|Illumise, L91, F|100/100\n|move|p1a: Milotic|Scald|p2a: Illumise\n|-damage|p2a: Illumise|71/100\n|\n|upkeep\n|turn|27\n|inactive|Time left: 300 sec this turn | 300 sec total\n|\n|t:|1783549141\n|move|p2a: Illumise|Roost|p2a: Illumise\n|-heal|p2a: Illumise|100/100\n|-singleturn|p2a: Illumise|move: Roost\n|move|p1a: Milotic|Scald|p2a: Illumise\n|-damage|p2a: Illumise|69/100\n|\n|upkeep\n|turn|28\n|inactive|Time left: 300 sec this turn | 300 sec total\n|\n|t:|1783549142\n|move|p2a: Illumise|Roost|p2a: Illumise\n|-heal|p2a: Illumise|100/100\n|-singleturn|p2a: Illumise|move: Roost\n|move|p1a: Milotic|Scald|p2a: Illumise\n|-damage|p2a: Illumise|67/100\n|\n|upkeep\n|turn|29\n|inactive|Time left: 300 sec this turn | 300 sec total\n|\n|t:|1783549143\n|move|p2a: Illumise|Thunder Wave|p1a: Milotic\n|-status|p1a: Milotic|par\n|move|p1a: Milotic|Ice Beam|p2a: Illumise\n|-damage|p2a: Illumise|43/100\n|\n|upkeep\n|turn|30\n|inactive|Time left: 300 sec this turn | 300 sec total\n|\n|t:|1783549144\n|move|p2a: Illumise|Roost|p2a: Illumise\n|-heal|p2a: Illumise|93/100\n|-singleturn|p2a: Illumise|move: Roost\n|move|p1a: Milotic|Scald|p2a: Illumise\n|-damage|p2a: Illumise|63/100\n|\n|upkeep\n|turn|31\n|inactive|Time left: 300 sec this turn | 300 sec total\n|\n|t:|1783549145\n|move|p2a: Illumise|Roost|p2a: Illumise\n|-heal|p2a: Illumise|100/100\n|-singleturn|p2a: Illumise|move: Roost\n|move|p1a: Milotic|Scald|p2a: Illumise\n|-damage|p2a: Illumise|72/100\n|\n|upkeep\n|turn|32\n|inactive|Time left: 300 sec this turn | 300 sec total\n|\n|t:|1783549147\n|move|p2a: Illumise|Roost|p2a: Illumise\n|-heal|p2a: Illumise|100/100\n|-singleturn|p2a: Illumise|move: Roost\n|move|p1a: Milotic|Ice Beam|p2a: Illumise\n|-damage|p2a: Illumise|76/100\n|\n|upkeep\n|turn|33\n|inactive|Time left: 300 sec this turn | 300 sec total\n|\n|t:|1783549148\n|move|p2a: Illumise|Roost|p2a: Illumise\n|-heal|p2a: Illumise|100/100\n|-singleturn|p2a: Illumise|move: Roost\n|move|p1a: Milotic|Scald|p2a: Illumise\n|-damage|p2a: Illumise|71/100\n|-status|p2a: Illumise|brn\n|\n|-damage|p2a: Illumise|65/100 brn|[from] brn\n|upkeep\n|turn|34\n|inactive|Time left: 300 sec this turn | 300 sec total\n|\n|t:|1783549149\n|move|p2a: Illumise|Roost|p2a: Illumise\n|-heal|p2a: Illumise|100/100 brn\n|-singleturn|p2a: Illumise|move: Roost\n|cant|p1a: Milotic|par\n|\n|-damage|p2a: Illumise|94/100 brn|[from] brn\n|upkeep\n|turn|35\n|inactive|Time left: 300 sec this turn | 300 sec total\n|\n|t:|1783549150\n|switch|p2a: Toxapex|Toxapex, L82, F|88/100 brn\n|move|p1a: Milotic|Ice Beam|p2a: Toxapex\n|-resisted|p2a: Toxapex\n|-damage|p2a: Toxapex|76/100 brn\n|\n|-damage|p2a: Toxapex|70/100 brn|[from] brn\n|upkeep\n|turn|36\n|inactive|Time left: 300 sec this turn | 300 sec total\n|\n|t:|1783549151\n|switch|p2a: Heatran|Heatran, L79, F, tera:Flying|78/100\n|move|p1a: Milotic|Ice Beam|p2a: Heatran\n|-supereffective|p2a: Heatran\n|-damage|p2a: Heatran|31/100\n|\n|upkeep\n|turn|37\n|inactive|Time left: 300 sec this turn | 300 sec total\n|\n|t:|1783549152\n|switch|p2a: Toxapex|Toxapex, L82, F|100/100 brn\n|move|p1a: Milotic|Ice Beam|p2a: Toxapex\n|-resisted|p2a: Toxapex\n|-damage|p2a: Toxapex|90/100 brn\n|\n|-damage|p2a: Toxapex|84/100 brn|[from] brn\n|upkeep\n|turn|38\n|inactive|Time left: 300 sec this turn | 300 sec total\n|\n|t:|1783549152\n|move|p2a: Toxapex|Haze|p2a: Toxapex\n|-clearallboost\n|move|p1a: Milotic|Scald|p2a: Toxapex\n|-resisted|p2a: Toxapex\n|-damage|p2a: Toxapex|69/100 brn\n|\n|-damage|p2a: Toxapex|63/100 brn|[from] brn\n|upkeep\n|turn|39\n|inactive|Time left: 300 sec this turn | 300 sec total\n|\n|t:|1783549153\n|switch|p2a: Heatran|Heatran, L79, F, tera:Flying|31/100\n|move|p1a: Milotic|Scald|p2a: Heatran\n|-damage|p2a: Heatran|2/100\n|-status|p2a: Heatran|brn\n|\n|-damage|p2a: Heatran|0 fnt|[from] brn\n|faint|p2a: Heatran\n|upkeep\n|\n|t:|1783549154\n|switch|p2a: Haxorus|Haxorus, L77, M|100/100\n|-ability|p2a: Haxorus|Mold Breaker\n|turn|40\n|inactive|Time left: 300 sec this turn | 300 sec total\n|\n|t:|1783549155\n|move|p2a: Haxorus|Swords Dance|p2a: Haxorus\n|-boost|p2a: Haxorus|atk|2\n|cant|p1a: Milotic|par\n|\n|upkeep\n|turn|41\n|inactive|Time left: 300 sec this turn | 300 sec total\n|\n|t:|1783549155\n|move|p2a: Haxorus|Scale Shot|p1a: Milotic\n|-damage|p1a: Milotic|226/293 par\n|-damage|p1a: Milotic|163/293 par\n|-damage|p1a: Milotic|99/293 par\n|-damage|p1a: Milotic|26/293 par\n|-hitcount|p1a: Milotic|4\n|-unboost|p2a: Haxorus|def|1\n|-boost|p2a: Haxorus|spe|1\n|move|p1a: Milotic|Dragon Tail|p2a: Haxorus\n|-supereffective|p2a: Haxorus\n|-damage|p2a: Haxorus|64/100\n|drag|p2a: Toxapex|Toxapex, L82, F|97/100 brn\n|\n|-heal|p1a: Milotic|44/293 par|[from] item: Leftovers\n|-damage|p2a: Toxapex|91/100 brn|[from] brn\n|upkeep\n|turn|42\n|inactive|Time left: 300 sec this turn | 300 sec total\n|\n|t:|1783549156\n|move|p2a: Toxapex|Toxic Spikes||[still]\n|-fail|p2a: Toxapex\n|move|p1a: Milotic|Recover|p1a: Milotic\n|-heal|p1a: Milotic|191/293 par\n|\n|-heal|p1a: Milotic|209/293 par|[from] item: Leftovers\n|-damage|p2a: Toxapex|85/100 brn|[from] brn\n|upkeep\n|turn|43\n|inactive|Time left: 300 sec this turn | 300 sec total\n|\n|t:|1783549157\n|move|p2a: Toxapex|Liquidation|p1a: Milotic\n|-resisted|p1a: Milotic\n|-crit|p1a: Milotic\n|-damage|p1a: Milotic|182/293 par\n|move|p1a: Milotic|Ice Beam|p2a: Toxapex\n|-resisted|p2a: Toxapex\n|-damage|p2a: Toxapex|74/100 brn\n|\n|-heal|p1a: Milotic|200/293 par|[from] item: Leftovers\n|-damage|p2a: Toxapex|68/100 brn|[from] brn\n|upkeep\n|turn|44\n|inactive|Time left: 300 sec this turn | 300 sec total\n|\n|t:|1783549158\n|switch|p2a: Illumise|Illumise, L91, F|94/100 brn\n|cant|p1a: Milotic|par\n|\n|-heal|p1a: Milotic|218/293 par|[from] item: Leftovers\n|-damage|p2a: Illumise|88/100 brn|[from] brn\n|upkeep\n|turn|45\n|inactive|Time left: 300 sec this turn | 300 sec total\n|\n|t:|1783549158\n|switch|p2a: Toxapex|Toxapex, L82, F|100/100 brn\n|cant|p1a: Milotic|par\n|\n|-heal|p1a: Milotic|236/293 par|[from] item: Leftovers\n|-damage|p2a: Toxapex|94/100 brn|[from] brn\n|upkeep\n|turn|46\n|inactive|Time left: 300 sec this turn | 300 sec total\n|\n|t:|1783549159\n|move|p2a: Toxapex|Haze|p2a: Toxapex\n|-clearallboost\n|move|p1a: Milotic|Scald|p2a: Toxapex\n|-resisted|p2a: Toxapex\n|-damage|p2a: Toxapex|81/100 brn\n|\n|-heal|p1a: Milotic|254/293 par|[from] item: Leftovers\n|-damage|p2a: Toxapex|75/100 brn|[from] brn\n|upkeep\n|turn|47\n|inactive|Time left: 300 sec this turn | 300 sec total\n|\n|t:|1783549161\n|switch|p2a: Illumise|Illumise, L91, F|88/100 brn\n|move|p1a: Milotic|Ice Beam|p2a: Illumise\n|-damage|p2a: Illumise|67/100 brn\n|\n|-heal|p1a: Milotic|272/293 par|[from] item: Leftovers\n|-damage|p2a: Illumise|61/100 brn|[from] brn\n|upkeep\n|turn|48\n|inactive|Time left: 300 sec this turn | 300 sec total\n|\n|t:|1783549162\n|move|p2a: Illumise|Roost|p2a: Illumise\n|-heal|p2a: Illumise|100/100 brn\n|-singleturn|p2a: Illumise|move: Roost\n|move|p1a: Milotic|Scald|p2a: Illumise\n|-damage|p2a: Illumise|69/100 brn\n|\n|-heal|p1a: Milotic|290/293 par|[from] item: Leftovers\n|-damage|p2a: Illumise|63/100 brn|[from] brn\n|upkeep\n|turn|49\n|inactive|Time left: 300 sec this turn | 300 sec total\n|\n|t:|1783549163\n|switch|p2a: Toxapex|Toxapex, L82, F|100/100 brn\n|move|p1a: Milotic|Scald|p2a: Toxapex\n|-resisted|p2a: Toxapex\n|-damage|p2a: Toxapex|88/100 brn\n|\n|-heal|p1a: Milotic|293/293 par|[from] item: Leftovers\n|-damage|p2a: Toxapex|82/100 brn|[from] brn\n|upkeep\n|turn|50\n|inactive|Time left: 300 sec this turn | 300 sec total\n|\n|t:|1783549164\n|move|p2a: Toxapex|Liquidation|p1a: Milotic\n|-resisted|p1a: Milotic\n|-damage|p1a: Milotic|277/293 par\n|cant|p1a: Milotic|par\n|\n|-heal|p1a: Milotic|293/293 par|[from] item: Leftovers\n|-damage|p2a: Toxapex|76/100 brn|[from] brn\n|upkeep\n|turn|51\n|inactive|Time left: 300 sec this turn | 300 sec total\n|\n|t:|1783549165\n|switch|p2a: Illumise|Illumise, L91, F|63/100 brn\n|move|p1a: Milotic|Scald|p2a: Illumise\n|-damage|p2a: Illumise|32/100 brn\n|\n|-damage|p2a: Illumise|26/100 brn|[from] brn\n|upkeep\n|turn|52\n|inactive|Time left: 300 sec this turn | 300 sec total\n|\n|t:|1783549166\n|switch|p2a: Toxapex|Toxapex, L82, F|100/100 brn\n|move|p1a: Milotic|Ice Beam|p2a: Toxapex\n|-resisted|p2a: Toxapex\n|-damage|p2a: Toxapex|89/100 brn\n|\n|-damage|p2a: Toxapex|83/100 brn|[from] brn\n|upkeep\n|turn|53\n|inactive|Time left: 300 sec this turn | 300 sec total\n|\n|t:|1783549167\n|move|p2a: Toxapex|Toxic Spikes||[still]\n|-fail|p2a: Toxapex\n|move|p1a: Milotic|Scald|p2a: Toxapex\n|-resisted|p2a: Toxapex\n|-damage|p2a: Toxapex|69/100 brn\n|\n|-damage|p2a: Toxapex|63/100 brn|[from] brn\n|upkeep\n|turn|54\n|inactive|Time left: 300 sec this turn | 300 sec total\n|\n|t:|1783549168\n|switch|p2a: Haxorus|Haxorus, L77, M|64/100\n|-ability|p2a: Haxorus|Mold Breaker\n|move|p1a: Milotic|Scald|p2a: Haxorus\n|-resisted|p2a: Haxorus\n|-damage|p2a: Haxorus|40/100\n|\n|upkeep\n|turn|55\n|inactive|Time left: 300 sec this turn | 300 sec total\n|\n|t:|1783549169\n|move|p2a: Haxorus|Swords Dance|p2a: Haxorus\n|-boost|p2a: Haxorus|atk|2\n|move|p1a: Milotic|Dragon Tail|p2a: Haxorus|[miss]\n|-miss|p1a: Milotic|p2a: Haxorus\n|\n|upkeep\n|turn|56\n|inactive|Time left: 300 sec this turn | 300 sec total\n|\n|t:|1783549170\n|move|p2a: Haxorus|Scale Shot|p1a: Milotic\n|-damage|p1a: Milotic|227/293 par\n|-damage|p1a: Milotic|157/293 par\n|-damage|p1a: Milotic|88/293 par\n|-damage|p1a: Milotic|13/293 par\n|-damage|p1a: Milotic|0 fnt\n|faint|p1a: Milotic\n|-hitcount|p1: Milotic|5\n|-unboost|p2a: Haxorus|def|1\n|-boost|p2a: Haxorus|spe|1\n|\n|upkeep\n|inactive|Time left: 300 sec this turn | 300 sec total | 5 sec grace\n|\n|t:|1783549171\n|switch|p1a: Oinkologne|Oinkologne-F, L92, F|361/361\n|-damage|p1a: Oinkologne|316/361|[from] Stealth Rock\n|-status|p1a: Oinkologne|tox\n|turn|57\n|inactive|Time left: 300 sec this turn | 300 sec total\n|\n|t:|1783549172\n|move|p2a: Haxorus|Close Combat|p1a: Oinkologne\n|-supereffective|p1a: Oinkologne\n|-damage|p1a: Oinkologne|0 fnt\n|-unboost|p2a: Haxorus|def|1\n|-unboost|p2a: Haxorus|spd|1\n|faint|p1a: Oinkologne\n|\n|upkeep\n|inactive|Time left: 300 sec this turn | 300 sec total | 5 sec grace\n|\n|t:|1783549173\n|switch|p1a: Bombirdier|Bombirdier, L85, M|258/258\n|-damage|p1a: Bombirdier|194/258|[from] Stealth Rock\n|turn|58\n|inactive|Time left: 300 sec this turn | 300 sec total\n|\n|t:|1783549174\n|move|p2a: Haxorus|Scale Shot|p1a: Bombirdier\n|-damage|p1a: Bombirdier|134/258\n|-damage|p1a: Bombirdier|67/258\n|-damage|p1a: Bombirdier|3/258\n|-damage|p1a: Bombirdier|0 fnt\n|faint|p1a: Bombirdier\n|-hitcount|p1: Bombirdier|4\n|-unboost|p2a: Haxorus|def|1\n|-boost|p2a: Haxorus|spe|1\n|\n|upkeep\n|inactive|Time left: 300 sec this turn | 300 sec total | 5 sec grace\n|\n|t:|1783549175\n|switch|p1a: Dodrio|Dodrio, L85, F|241/241\n|-damage|p1a: Dodrio|181/241|[from] Stealth Rock\n|turn|59\n|inactive|Time left: 300 sec this turn | 300 sec total\n|\n|t:|1783549176\n|-terastallize|p1a: Dodrio|Ground\n|move|p2a: Haxorus|Close Combat|p1a: Dodrio\n|-damage|p1a: Dodrio|0 fnt\n|-unboost|p2a: Haxorus|def|1\n|-unboost|p2a: Haxorus|spd|1\n|faint|p1a: Dodrio\n|\n|win|p0y79662cd", "uploadtime": 1783549176, "views": 0, "rating": 0, "private": 0, "password": null, "_winner": "p0y79662cd", "_our_name": "p0x796bf9a"}