{"id": "battle-gen9randombattle-1958", "formatid": "gen9randombattle", "format": "[Gen 9] Random Battle", "players": ["p0x19586711", "p0y1958fd7f"], "log": "|init|battle\n|title|p0x19586711 vs. p0y1958fd7f\n|j|\u2606p0x19586711\n|j|\u2606p0y1958fd7f\n|t:|1783562653\n|gametype|singles\n|player|p1|p0x19586711|1|\n|player|p2|p0y1958fd7f|2|\n|gen|9\n|tier|[Gen 9] Random Battle\n|rule|Species Clause: Limit one of each Pok\u00e9mon\n|rule|HP Percentage Mod: HP is shown in percentages\n|rule|Sleep Clause Mod: Limit one foe put to sleep\n|rule|Illusion Level Mod: Illusion disguises the Pok\u00e9mon's true level\n|\n|t:|1783562653\n|teamsize|p1|6\n|teamsize|p2|6\n|start\n|switch|p1a: Eiscue|Eiscue, L88, M|100/100\n|switch|p2a: Comfey|Comfey, L85, M|225/225\n|turn|1\n|inactive|Battle timer is ON: inactive players will automatically lose when time's up. (requested by p0y1958fd7f)\n|\n|t:|1783562655\n|move|p2a: Comfey|Calm Mind|p2a: Comfey\n|-boost|p2a: Comfey|spa|1\n|-boost|p2a: Comfey|spd|1\n|move|p1a: Eiscue|Belly Drum|p1a: Eiscue\n|-damage|p1a: Eiscue|50/100\n|-setboost|p1a: Eiscue|atk|6|[from] move: Belly Drum\n|-enditem|p1a: Eiscue|Sitrus Berry|[eat]\n|-heal|p1a: Eiscue|75/100|[from] item: Sitrus Berry\n|\n|upkeep\n|turn|2\n|inactive|Time left: 300 sec this turn | 300 sec total\n|inactive|p0x19586711 also wants the timer to be on.\n|\n|t:|1783562656\n|move|p2a: Comfey|Draining Kiss|p1a: Eiscue\n|-damage|p1a: Eiscue|52/100\n|move|p1a: Eiscue|Ice Spinner|p2a: Comfey\n|-damage|p2a: Comfey|0 fnt\n|faint|p2a: Comfey\n|\n|upkeep\n|inactive|Time left: 300 sec this turn | 300 sec total | 5 sec grace\n|\n|t:|1783562657\n|switch|p2a: Pyroar|Pyroar, L88, M|295/295\n|-ability|p2a: Pyroar|Unnerve\n|turn|3\n|inactive|Time left: 300 sec this turn | 300 sec total\n|\n|t:|1783562658\n|-terastallize|p2a: Pyroar|Fire\n|-terastallize|p1a: Eiscue|Ground\n|move|p2a: Pyroar|Fire Blast|p1a: Eiscue\n|-damage|p1a: Eiscue|0 fnt\n|faint|p1a: Eiscue\n|\n|upkeep\n|\n|t:|1783562659\n|switch|p1a: Flapple|Flapple, L88, F|100/100\n|turn|4\n|inactive|Time left: 300 sec this turn | 300 sec total\n|\n|t:|1783562660\n|move|p2a: Pyroar|Fire Blast|p1a: Flapple|[miss]\n|-miss|p2a: Pyroar|p1a: Flapple\n|move|p1a: Flapple|Outrage|p2a: Pyroar|[miss]\n|-miss|p1a: Flapple|p2a: Pyroar\n|\n|upkeep\n|turn|5\n|inactive|Time left: 300 sec this turn | 300 sec total\n|\n|t:|1783562661\n|move|p2a: Pyroar|Fire Blast|p1a: Flapple\n|-damage|p1a: Flapple|7/100\n|move|p1a: Flapple|Outrage|p2a: Pyroar\n|-damage|p2a: Pyroar|0 fnt\n|faint|p2a: Pyroar\n|\n|upkeep\n|inactive|Time left: 300 sec this turn | 300 sec total | 5 sec grace\n|\n|t:|1783562662\n|switch|p2a: Iron Leaves|Iron Leaves, L80|275/275\n|turn|6\n|inactive|Time left: 300 sec this turn | 300 sec total\n|\n|t:|1783562663\n|move|p2a: Iron Leaves|Psyblade|p1a: Flapple\n|-damage|p1a: Flapple|0 fnt\n|faint|p1a: Flapple\n|\n|upkeep\n|\n|t:|1783562664\n|switch|p1a: Mightyena|Mightyena, L96, M|100/100\n|-ability|p1a: Mightyena|Intimidate|boost\n|-unboost|p2a: Iron Leaves|atk|1\n|turn|7\n|inactive|Time left: 300 sec this turn | 300 sec total\n|\n|t:|1783562665\n|-end|p2a: Iron Leaves|Quark Drive|[silent]\n|switch|p2a: Ursaluna|Ursaluna-Bloodmoon, L79, M|308/308\n|move|p1a: Mightyena|Throat Chop|p2a: Ursaluna\n|-crit|p2a: Ursaluna\n|-damage|p2a: Ursaluna|130/308\n|-start|p2a: Ursaluna|Throat Chop|[silent]\n|\n|-heal|p2a: Ursaluna|149/308|[from] item: Leftovers\n|upkeep\n|turn|8\n|inactive|Time left: 300 sec this turn | 300 sec total\n|\n|t:|1783562666\n|move|p1a: Mightyena|Throat Chop|p2a: Ursaluna\n|-damage|p2a: Ursaluna|10/308\n|move|p2a: Ursaluna|Moonlight|p2a: Ursaluna\n|-heal|p2a: Ursaluna|164/308\n|\n|-heal|p2a: Ursaluna|183/308|[from] item: Leftovers\n|-end|p2a: Ursaluna|Throat Chop|[silent]\n|upkeep\n|turn|9\n|inactive|Time left: 300 sec this turn | 300 sec total\n|\n|t:|1783562667\n|move|p1a: Mightyena|Throat Chop|p2a: Ursaluna\n|-damage|p2a: Ursaluna|44/308\n|-start|p2a: Ursaluna|Throat Chop|[silent]\n|move|p2a: Ursaluna|Moonlight|p2a: Ursaluna\n|-heal|p2a: Ursaluna|198/308\n|\n|-heal|p2a: Ursaluna|217/308|[from] item: Leftovers\n|upkeep\n|turn|10\n|inactive|Time left: 300 sec this turn | 300 sec total\n|\n|t:|1783562668\n|move|p1a: Mightyena|Throat Chop|p2a: Ursaluna\n|-crit|p2a: Ursaluna\n|-damage|p2a: Ursaluna|25/308\n|move|p2a: Ursaluna|Calm Mind|p2a: Ursaluna\n|-boost|p2a: Ursaluna|spa|1\n|-boost|p2a: Ursaluna|spd|1\n|\n|-heal|p2a: Ursaluna|44/308|[from] item: Leftovers\n|-end|p2a: Ursaluna|Throat Chop|[silent]\n|upkeep\n|turn|11\n|inactive|Time left: 300 sec this turn | 300 sec total\n|\n|t:|1783562669\n|move|p2a: Ursaluna|Vacuum Wave|p1a: Mightyena\n|-supereffective|p1a: Mightyena\n|-damage|p1a: Mightyena|62/100\n|move|p1a: Mightyena|Throat Chop|p2a: Ursaluna\n|-damage|p2a: Ursaluna|0 fnt\n|faint|p2a: Ursaluna\n|\n|upkeep\n|inactive|Time left: 300 sec this turn | 300 sec total | 5 sec grace\n|\n|t:|1783562670\n|switch|p2a: Iron Leaves|Iron Leaves, L80|275/275\n|turn|12\n|inactive|Time left: 300 sec this turn | 300 sec total\n|\n|t:|1783562671\n|switch|p1a: Volbeat|Volbeat, L90, M|100/100\n|move|p2a: Iron Leaves|Megahorn|p1a: Volbeat\n|-damage|p1a: Volbeat|42/100\n|\n|upkeep\n|turn|13\n|inactive|Time left: 300 sec this turn | 300 sec total\n|\n|t:|1783562672\n|move|p1a: Volbeat|Thunder Wave|p2a: Iron Leaves\n|-status|p2a: Iron Leaves|par\n|move|p2a: Iron Leaves|Megahorn|p1a: Volbeat\n|-crit|p1a: Volbeat\n|-damage|p1a: Volbeat|0 fnt\n|faint|p1a: Volbeat\n|\n|upkeep\n|\n|t:|1783562672\n|switch|p1a: Mightyena|Mightyena, L96, M|62/100\n|-ability|p1a: Mightyena|Intimidate|boost\n|-unboost|p2a: Iron Leaves|atk|1\n|turn|14\n|inactive|Time left: 300 sec this turn | 300 sec total\n|\n|t:|1783562673\n|-end|p2a: Iron Leaves|Quark Drive|[silent]\n|switch|p2a: Tornadus|Tornadus-Therian, L79, M|254/254\n|move|p1a: Mightyena|Throat Chop|p2a: Tornadus\n|-damage|p2a: Tornadus|86/254\n|-start|p2a: Tornadus|Throat Chop|[silent]\n|\n|upkeep\n|turn|15\n|inactive|Time left: 300 sec this turn | 300 sec total\n|\n|t:|1783562674\n|move|p2a: Tornadus|Focus Blast|p1a: Mightyena|[miss]\n|-miss|p2a: Tornadus|p1a: Mightyena\n|move|p1a: Mightyena|Throat Chop|p2a: Tornadus\n|-damage|p2a: Tornadus|0 fnt\n|faint|p2a: Tornadus\n|\n|upkeep\n|inactive|Time left: 300 sec this turn | 300 sec total | 5 sec grace\n|\n|t:|1783562675\n|switch|p2a: Rabsca|Rabsca, L91, M|284/284\n|turn|16\n|inactive|Time left: 300 sec this turn | 300 sec total\n|\n|t:|1783562676\n|move|p1a: Mightyena|Throat Chop|p2a: Rabsca\n|-supereffective|p2a: Rabsca\n|-damage|p2a: Rabsca|0 fnt\n|faint|p2a: Rabsca\n|\n|upkeep\n|inactive|Time left: 300 sec this turn | 300 sec total | 5 sec grace\n|\n|t:|1783562677\n|switch|p2a: Iron Leaves|Iron Leaves, L80|275/275 par\n|turn|17\n|inactive|Time left: 300 sec this turn | 300 sec total\n|\n|t:|1783562678\n|move|p1a: Mightyena|Throat Chop|p2a: Iron Leaves\n|-supereffective|p2a: Iron Leaves\n|-damage|p2a: Iron Leaves|0 fnt\n|faint|p2a: Iron Leaves\n|-end|p2a: Iron Leaves|Quark Drive|[silent]\n|\n|win|p0x19586711", "uploadtime": 1783562678, "views": 0, "rating": 0, "private": 0, "password": null, "_winner": "p0x19586711", "_our_name": "p0y1958fd7f"}