{"id": "battle-gen9randombattle-2000", "formatid": "gen9randombattle", "format": "[Gen 9] Random Battle", "players": ["p0x20007e18", "p0y20004178"], "log": "|init|battle\n|title|p0x20007e18 vs. p0y20004178\n|j|\u2606p0x20007e18\n|j|\u2606p0y20004178\n|t:|1783562413\n|gametype|singles\n|player|p1|p0x20007e18|101|\n|player|p2|p0y20004178|2|\n|gen|9\n|tier|[Gen 9] Random Battle\n|rule|Species Clause: Limit one of each Pok\u00e9mon\n|rule|HP Percentage Mod: HP is shown in percentages\n|rule|Sleep Clause Mod: Limit one foe put to sleep\n|rule|Illusion Level Mod: Illusion disguises the Pok\u00e9mon's true level\n|\n|t:|1783562413\n|teamsize|p1|6\n|teamsize|p2|6\n|start\n|switch|p1a: Flareon|Flareon, L90, M|263/263\n|switch|p2a: Sunflora|Sunflora, F|100/100\n|turn|1\n|inactive|Battle timer is ON: inactive players will automatically lose when time's up. (requested by p0y20004178)\n|inactive|Time left: 300 sec this turn | 300 sec total | 60 sec grace\n|inactive|p0x20007e18 also wants the timer to be on.\n|\n|t:|1783562415\n|-terastallize|p2a: Sunflora|Ground\n|move|p1a: Flareon|Flare Blitz|p2a: Sunflora\n|-damage|p2a: Sunflora|27/100\n|-damage|p1a: Flareon|187/263|[from] Recoil\n|move|p2a: Sunflora|Earth Power|p1a: Flareon\n|-supereffective|p1a: Flareon\n|-damage|p1a: Flareon|0 fnt\n|faint|p1a: Flareon\n|\n|upkeep\n|inactive|Time left: 300 sec this turn | 300 sec total | 65 sec grace\n|\n|t:|1783562416\n|switch|p1a: Rayquaza|Rayquaza, L72|270/270\n|-ability|p1a: Rayquaza|Air Lock\n|turn|2\n|inactive|Time left: 300 sec this turn | 300 sec total\n|\n|t:|1783562417\n|switch|p2a: Hatterene|Hatterene, L85, F|100/100\n|move|p1a: Rayquaza|Swords Dance|p1a: Rayquaza\n|-boost|p1a: Rayquaza|atk|2\n|\n|upkeep\n|turn|3\n|inactive|Time left: 300 sec this turn | 300 sec total\n|\n|t:|1783562418\n|move|p1a: Rayquaza|Dragon Ascent|p2a: Hatterene\n|-damage|p2a: Hatterene|1/100\n|-unboost|p1a: Rayquaza|def|1\n|-unboost|p1a: Rayquaza|spd|1\n|move|p2a: Hatterene|Draining Kiss|p1a: Rayquaza\n|-supereffective|p1a: Rayquaza\n|-damage|p1a: Rayquaza|12/270\n|-heal|p2a: Hatterene|84/100|[from] drain|[of] p1a: Rayquaza\n|\n|-heal|p2a: Hatterene|89/100|[from] item: Leftovers\n|upkeep\n|turn|4\n|inactive|Time left: 300 sec this turn | 300 sec total\n|\n|t:|1783562419\n|switch|p2a: Sunflora|Sunflora, F, tera:Ground|27/100\n|move|p1a: Rayquaza|Dragon Ascent|p2a: Sunflora\n|-damage|p2a: Sunflora|0 fnt\n|-unboost|p1a: Rayquaza|def|1\n|-unboost|p1a: Rayquaza|spd|1\n|faint|p2a: Sunflora\n|\n|upkeep\n|\n|t:|1783562419\n|switch|p2a: Mew|Mew, L82|100/100\n|turn|5\n|inactive|Time left: 300 sec this turn | 300 sec total\n|\n|t:|1783562421\n|switch|p1a: Slowking|Slowking, L88, M|310/310\n|move|p2a: Mew|Psychic|p1a: Slowking\n|-resisted|p1a: Slowking\n|-damage|p1a: Slowking|262/310\n|-damage|p2a: Mew|91/100|[from] item: Life Orb\n|\n|-heal|p1a: Slowking|281/310|[from] item: Leftovers\n|upkeep\n|turn|6\n|inactive|Time left: 300 sec this turn | 300 sec total\n|\n|t:|1783562422\n|move|p2a: Mew|Nasty Plot|p2a: Mew\n|-boost|p2a: Mew|spa|2\n|move|p1a: Slowking|Scald|p2a: Mew\n|-damage|p2a: Mew|61/100\n|-status|p2a: Mew|brn\n|-activate|p2a: Mew|ability: Synchronize\n|-status|p1a: Slowking|brn\n|\n|-heal|p1a: Slowking|300/310 brn|[from] item: Leftovers\n|-damage|p2a: Mew|55/100 brn|[from] brn\n|-damage|p1a: Slowking|281/310 brn|[from] brn\n|upkeep\n|turn|7\n|inactive|Time left: 300 sec this turn | 300 sec total\n|\n|t:|1783562423\n|move|p2a: Mew|Dark Pulse|p1a: Slowking\n|-supereffective|p1a: Slowking\n|-damage|p1a: Slowking|52/310 brn\n|-damage|p2a: Mew|45/100 brn|[from] item: Life Orb\n|move|p1a: Slowking|Scald|p2a: Mew\n|-damage|p2a: Mew|13/100 brn\n|\n|-heal|p1a: Slowking|71/310 brn|[from] item: Leftovers\n|-damage|p2a: Mew|7/100 brn|[from] brn\n|-damage|p1a: Slowking|52/310 brn|[from] brn\n|upkeep\n|turn|8\n|inactive|Time left: 300 sec this turn | 300 sec total\n|\n|t:|1783562424\n|switch|p1a: Rayquaza|Rayquaza, L72|12/270\n|-ability|p1a: Rayquaza|Air Lock\n|move|p2a: Mew|Psychic|p1a: Rayquaza\n|-damage|p1a: Rayquaza|0 fnt\n|faint|p1a: Rayquaza\n|-damage|p2a: Mew|0 fnt|[from] item: Life Orb\n|faint|p2a: Mew\n|\n|upkeep\n|inactive|Time left: 300 sec this turn | 300 sec total | 5 sec grace\n|\n|t:|1783562425\n|switch|p2a: Braviary|Braviary, L85, M|100/100\n|switch|p1a: Slowking|Slowking, L88, M|155/310 brn\n|turn|9\n|inactive|Time left: 300 sec this turn | 300 sec total\n|\n|t:|1783562426\n|switch|p1a: Eternatus|Eternatus, L69|308/308\n|-ability|p1a: Eternatus|Pressure\n|move|p2a: Braviary|Brave Bird|p1a: Eternatus\n|-damage|p1a: Eternatus|140/308\n|-damage|p2a: Braviary|84/100|[from] item: Rocky Helmet|[of] p1a: Eternatus\n|-damage|p2a: Braviary|66/100|[from] Recoil\n|\n|upkeep\n|turn|10\n|inactive|Time left: 300 sec this turn | 300 sec total\n|\n|t:|1783562427\n|switch|p2a: Hatterene|Hatterene, L85, F|89/100\n|move|p1a: Eternatus|Recover|p1a: Eternatus\n|-heal|p1a: Eternatus|294/308\n|\n|-heal|p2a: Hatterene|95/100|[from] item: Leftovers\n|upkeep\n|turn|11\n|inactive|Time left: 300 sec this turn | 300 sec total\n|\n|t:|1783562428\n|move|p1a: Eternatus|Sludge Bomb|p2a: Hatterene\n|-supereffective|p2a: Hatterene\n|-damage|p2a: Hatterene|26/100\n|-status|p2a: Hatterene|psn\n|move|p2a: Hatterene|Psyshock|p1a: Eternatus\n|-supereffective|p1a: Eternatus\n|-damage|p1a: Eternatus|18/308\n|\n|-heal|p2a: Hatterene|32/100 psn|[from] item: Leftovers\n|-damage|p2a: Hatterene|20/100 psn|[from] psn\n|upkeep\n|turn|12\n|inactive|Time left: 300 sec this turn | 300 sec total\n|\n|t:|1783562429\n|move|p1a: Eternatus|Sludge Bomb|p2a: Hatterene\n|-supereffective|p2a: Hatterene\n|-damage|p2a: Hatterene|0 fnt\n|faint|p2a: Hatterene\n|\n|upkeep\n|\n|t:|1783562430\n|switch|p2a: Cyclizar|Cyclizar, L84, M|100/100\n|turn|13\n|inactive|Time left: 300 sec this turn | 300 sec total\n|\n|t:|1783562431\n|switch|p1a: Slowking|Slowking, L88, M|258/310 brn\n|move|p2a: Cyclizar|Rapid Spin|p1a: Slowking\n|-damage|p1a: Slowking|201/310 brn\n|-boost|p2a: Cyclizar|spe|1\n|\n|-heal|p1a: Slowking|220/310 brn|[from] item: Leftovers\n|-damage|p1a: Slowking|201/310 brn|[from] brn\n|upkeep\n|turn|14\n|inactive|Time left: 300 sec this turn | 300 sec total\n|\n|t:|1783562432\n|move|p2a: Cyclizar|Knock Off|p1a: Slowking\n|-supereffective|p1a: Slowking\n|-damage|p1a: Slowking|69/310 brn\n|-enditem|p1a: Slowking|Leftovers|[from] move: Knock Off|[of] p2a: Cyclizar\n|move|p1a: Slowking|Slack Off|p1a: Slowking\n|-heal|p1a: Slowking|224/310 brn\n|\n|-damage|p1a: Slowking|205/310 brn|[from] brn\n|upkeep\n|turn|15\n|inactive|Time left: 300 sec this turn | 300 sec total\n|\n|t:|1783562433\n|move|p2a: Cyclizar|Rapid Spin|p1a: Slowking\n|-damage|p1a: Slowking|147/310 brn\n|-boost|p2a: Cyclizar|spe|1\n|move|p1a: Slowking|Scald|p2a: Cyclizar\n|-resisted|p2a: Cyclizar\n|-damage|p2a: Cyclizar|79/100\n|\n|-damage|p1a: Slowking|128/310 brn|[from] brn\n|upkeep\n|turn|16\n|inactive|Time left: 300 sec this turn | 300 sec total\n|\n|t:|1783562434\n|move|p2a: Cyclizar|Knock Off|p1a: Slowking\n|-supereffective|p1a: Slowking\n|-damage|p1a: Slowking|36/310 brn\n|move|p1a: Slowking|Slack Off|p1a: Slowking\n|-heal|p1a: Slowking|191/310 brn\n|\n|-damage|p1a: Slowking|172/310 brn|[from] brn\n|upkeep\n|turn|17\n|inactive|Time left: 300 sec this turn | 300 sec total\n|\n|t:|1783562435\n|move|p2a: Cyclizar|Knock Off|p1a: Slowking\n|-supereffective|p1a: Slowking\n|-damage|p1a: Slowking|82/310 brn\n|move|p1a: Slowking|Slack Off|p1a: Slowking\n|-heal|p1a: Slowking|237/310 brn\n|\n|-damage|p1a: Slowking|218/310 brn|[from] brn\n|upkeep\n|turn|18\n|inactive|Time left: 300 sec this turn | 300 sec total\n|\n|t:|1783562436\n|move|p2a: Cyclizar|Knock Off|p1a: Slowking\n|-supereffective|p1a: Slowking\n|-damage|p1a: Slowking|122/310 brn\n|move|p1a: Slowking|Scald|p2a: Cyclizar\n|-resisted|p2a: Cyclizar\n|-damage|p2a: Cyclizar|54/100\n|\n|-damage|p1a: Slowking|103/310 brn|[from] brn\n|upkeep\n|turn|19\n|inactive|Time left: 300 sec this turn | 300 sec total\n|\n|t:|1783562436\n|move|p2a: Cyclizar|Knock Off|p1a: Slowking\n|-supereffective|p1a: Slowking\n|-damage|p1a: Slowking|7/310 brn\n|move|p1a: Slowking|Slack Off|p1a: Slowking\n|-heal|p1a: Slowking|162/310 brn\n|\n|-damage|p1a: Slowking|143/310 brn|[from] brn\n|upkeep\n|turn|20\n|inactive|Time left: 300 sec this turn | 300 sec total\n|\n|t:|1783562437\n|move|p2a: Cyclizar|Knock Off|p1a: Slowking\n|-supereffective|p1a: Slowking\n|-damage|p1a: Slowking|55/310 brn\n|move|p1a: Slowking|Slack Off|p1a: Slowking\n|-heal|p1a: Slowking|210/310 brn\n|\n|-damage|p1a: Slowking|191/310 brn|[from] brn\n|upkeep\n|turn|21\n|inactive|Time left: 300 sec this turn | 300 sec total\n|\n|t:|1783562438\n|move|p2a: Cyclizar|Knock Off|p1a: Slowking\n|-supereffective|p1a: Slowking\n|-damage|p1a: Slowking|105/310 brn\n|move|p1a: Slowking|Psychic Noise|p2a: Cyclizar\n|-damage|p2a: Cyclizar|10/100\n|-start|p2a: Cyclizar|move: Heal Block\n|\n|-damage|p1a: Slowking|86/310 brn|[from] brn\n|upkeep\n|turn|22\n|inactive|Time left: 300 sec this turn | 300 sec total\n|\n|t:|1783562439\n|switch|p1a: Eternatus|Eternatus, L69|18/308\n|-ability|p1a: Eternatus|Pressure\n|move|p2a: Cyclizar|Draco Meteor|p1a: Eternatus\n|-supereffective|p1a: Eternatus\n|-damage|p1a: Eternatus|0 fnt\n|-unboost|p2a: Cyclizar|spa|2\n|faint|p1a: Eternatus\n|\n|-end|p2a: Cyclizar|move: Heal Block\n|upkeep\n|inactive|Time left: 300 sec this turn | 300 sec total | 5 sec grace\n|\n|t:|1783562440\n|switch|p1a: Slowking|Slowking, L88, M|189/310 brn\n|turn|23\n|inactive|Time left: 300 sec this turn | 300 sec total\n|\n|t:|1783562441\n|move|p2a: Cyclizar|Knock Off|p1a: Slowking\n|-supereffective|p1a: Slowking\n|-damage|p1a: Slowking|93/310 brn\n|move|p1a: Slowking|Slack Off|p1a: Slowking\n|-heal|p1a: Slowking|248/310 brn\n|\n|-damage|p1a: Slowking|229/310 brn|[from] brn\n|upkeep\n|turn|24\n|inactive|Time left: 300 sec this turn | 300 sec total\n|\n|t:|1783562442\n|switch|p2a: Braviary|Braviary, L85, M|66/100\n|move|p1a: Slowking|Psychic Noise|p2a: Braviary\n|-damage|p2a: Braviary|35/100\n|-start|p2a: Braviary|move: Heal Block\n|\n|-damage|p1a: Slowking|210/310 brn|[from] brn\n|upkeep\n|turn|25\n|inactive|Time left: 300 sec this turn | 300 sec total\n|\n|t:|1783562443\n|move|p2a: Braviary|Brave Bird|p1a: Slowking\n|-damage|p1a: Slowking|57/310 brn\n|-damage|p2a: Braviary|19/100|[from] Recoil\n|move|p1a: Slowking|Slack Off|p1a: Slowking\n|-heal|p1a: Slowking|212/310 brn\n|\n|-damage|p1a: Slowking|193/310 brn|[from] brn\n|-end|p2a: Braviary|move: Heal Block\n|upkeep\n|turn|26\n|inactive|Time left: 300 sec this turn | 300 sec total\n|\n|t:|1783562444\n|move|p2a: Braviary|Roost|p2a: Braviary\n|-heal|p2a: Braviary|69/100\n|-singleturn|p2a: Braviary|move: Roost\n|move|p1a: Slowking|Scald|p2a: Braviary\n|-damage|p2a: Braviary|31/100\n|\n|-damage|p1a: Slowking|174/310 brn|[from] brn\n|upkeep\n|turn|27\n|inactive|Time left: 300 sec this turn | 300 sec total\n|\n|t:|1783562445\n|move|p2a: Braviary|Roost|p2a: Braviary\n|-heal|p2a: Braviary|81/100\n|-singleturn|p2a: Braviary|move: Roost\n|move|p1a: Slowking|Slack Off|p1a: Slowking\n|-heal|p1a: Slowking|310/310 brn\n|\n|-damage|p1a: Slowking|291/310 brn|[from] brn\n|upkeep\n|turn|28\n|inactive|Time left: 300 sec this turn | 300 sec total\n|\n|t:|1783562446\n|move|p2a: Braviary|Brave Bird|p1a: Slowking\n|-damage|p1a: Slowking|126/310 brn\n|-damage|p2a: Braviary|64/100|[from] Recoil\n|move|p1a: Slowking|Scald|p2a: Braviary\n|-damage|p2a: Braviary|28/100\n|-status|p2a: Braviary|brn\n|\n|-damage|p2a: Braviary|22/100 brn|[from] brn\n|-damage|p1a: Slowking|107/310 brn|[from] brn\n|upkeep\n|turn|29\n|inactive|Time left: 300 sec this turn | 300 sec total\n|\n|t:|1783562447\n|move|p2a: Braviary|Roost|p2a: Braviary\n|-heal|p2a: Braviary|72/100 brn\n|-singleturn|p2a: Braviary|move: Roost\n|move|p1a: Slowking|Scald|p2a: Braviary\n|-damage|p2a: Braviary|39/100 brn\n|\n|-damage|p2a: Braviary|33/100 brn|[from] brn\n|-damage|p1a: Slowking|88/310 brn|[from] brn\n|upkeep\n|turn|30\n|inactive|Time left: 300 sec this turn | 300 sec total\n|\n|t:|1783562448\n|switch|p1a: Brambleghast|Brambleghast, L88, F|240/240\n|move|p2a: Braviary|Roost|p2a: Braviary\n|-heal|p2a: Braviary|83/100 brn\n|-singleturn|p2a: Braviary|move: Roost\n|\n|-damage|p2a: Braviary|77/100 brn|[from] brn\n|upkeep\n|turn|31\n|inactive|Time left: 300 sec this turn | 300 sec total\n|\n|t:|1783562449\n|move|p1a: Brambleghast|Leech Seed|p2a: Braviary\n|-start|p2a: Braviary|move: Leech Seed\n|move|p2a: Braviary|Bulk Up|p2a: Braviary\n|-boost|p2a: Braviary|atk|1\n|-boost|p2a: Braviary|def|1\n|\n|-damage|p2a: Braviary|65/100 brn|[from] Leech Seed|[of] p1a: Brambleghast\n|-damage|p2a: Braviary|59/100 brn|[from] brn\n|upkeep\n|turn|32\n|inactive|Time left: 300 sec this turn | 300 sec total\n|\n|t:|1783562450\n|move|p1a: Brambleghast|Substitute|p1a: Brambleghast\n|-start|p1a: Brambleghast|Substitute\n|-damage|p1a: Brambleghast|180/240\n|move|p2a: Braviary|Brave Bird|p1a: Brambleghast\n|-supereffective|p1a: Brambleghast\n|-end|p1a: Brambleghast|Substitute\n|-damage|p2a: Braviary|52/100 brn|[from] Recoil|[of] p1a: Brambleghast\n|\n|-heal|p1a: Brambleghast|195/240|[from] item: Leftovers\n|-damage|p2a: Braviary|40/100 brn|[from] Leech Seed|[of] p1a: Brambleghast\n|-heal|p1a: Brambleghast|233/240|[silent]\n|-damage|p2a: Braviary|34/100 brn|[from] brn\n|upkeep\n|turn|33\n|inactive|Time left: 300 sec this turn | 300 sec total\n|\n|t:|1783562451\n|move|p1a: Brambleghast|Substitute|p1a: Brambleghast\n|-start|p1a: Brambleghast|Substitute\n|-damage|p1a: Brambleghast|173/240\n|move|p2a: Braviary|Brave Bird|p1a: Brambleghast\n|-supereffective|p1a: Brambleghast\n|-end|p1a: Brambleghast|Substitute\n|-damage|p2a: Braviary|27/100 brn|[from] Recoil|[of] p1a: Brambleghast\n|\n|-heal|p1a: Brambleghast|188/240|[from] item: Leftovers\n|-damage|p2a: Braviary|15/100 brn|[from] Leech Seed|[of] p1a: Brambleghast\n|-heal|p1a: Brambleghast|226/240|[silent]\n|-damage|p2a: Braviary|9/100 brn|[from] brn\n|upkeep\n|turn|34\n|inactive|Time left: 300 sec this turn | 300 sec total\n|\n|t:|1783562452\n|move|p1a: Brambleghast|Power Whip|p2a: Braviary\n|-resisted|p2a: Braviary\n|-damage|p2a: Braviary|0 fnt\n|faint|p2a: Braviary\n|\n|-heal|p1a: Brambleghast|240/240|[from] item: Leftovers\n|upkeep\n|\n|t:|1783562453\n|switch|p2a: Iron Moth|Iron Moth, L78|100/100\n|turn|35\n|inactive|Time left: 300 sec this turn | 300 sec total\n|\n|t:|1783562454\n|-terastallize|p1a: Brambleghast|Water\n|move|p2a: Iron Moth|Fiery Dance|p1a: Brambleghast\n|-resisted|p1a: Brambleghast\n|-damage|p1a: Brambleghast|188/240\n|-boost|p2a: Iron Moth|spa|1\n|move|p1a: Brambleghast|Poltergeist|p2a: Iron Moth\n|-activate|p2a: Iron Moth|move: Poltergeist|Heavy-Duty Boots\n|-damage|p2a: Iron Moth|15/100\n|\n|-heal|p1a: Brambleghast|203/240|[from] item: Leftovers\n|upkeep\n|turn|36\n|inactive|Time left: 300 sec this turn | 300 sec total\n|\n|t:|1783562455\n|-end|p2a: Iron Moth|Quark Drive|[silent]\n|switch|p2a: Cyclizar|Cyclizar, L84, M|44/100\n|move|p1a: Brambleghast|Poltergeist|p2a: Cyclizar\n|-immune|p2a: Cyclizar\n|\n|-heal|p1a: Brambleghast|218/240|[from] item: Leftovers\n|upkeep\n|turn|37\n|inactive|Time left: 300 sec this turn | 300 sec total\n|\n|t:|1783562456\n|move|p2a: Cyclizar|Knock Off|p1a: Brambleghast\n|-damage|p1a: Brambleghast|141/240\n|-enditem|p1a: Brambleghast|Leftovers|[from] move: Knock Off|[of] p2a: Cyclizar\n|move|p1a: Brambleghast|Leech Seed|p2a: Cyclizar\n|-start|p2a: Cyclizar|move: Leech Seed\n|\n|-damage|p2a: Cyclizar|31/100|[from] Leech Seed|[of] p1a: Brambleghast\n|-heal|p1a: Brambleghast|172/240|[silent]\n|upkeep\n|turn|38\n|inactive|Time left: 300 sec this turn | 300 sec total\n|\n|t:|1783562457\n|switch|p2a: Iron Moth|Iron Moth, L78|15/100\n|move|p1a: Brambleghast|Power Whip|p2a: Iron Moth\n|-resisted|p2a: Iron Moth\n|-damage|p2a: Iron Moth|0 fnt\n|faint|p2a: Iron Moth\n|-end|p2a: Iron Moth|Quark Drive|[silent]\n|\n|upkeep\n|\n|t:|1783562458\n|switch|p2a: Cyclizar|Cyclizar, L84, M|65/100\n|turn|39\n|inactive|Time left: 300 sec this turn | 300 sec total\n|\n|t:|1783562459\n|move|p2a: Cyclizar|Knock Off|p1a: Brambleghast\n|-damage|p1a: Brambleghast|119/240\n|move|p1a: Brambleghast|Power Whip|p2a: Cyclizar\n|-resisted|p2a: Cyclizar\n|-damage|p2a: Cyclizar|28/100\n|\n|upkeep\n|turn|40\n|inactive|Time left: 300 sec this turn | 300 sec total\n|\n|t:|1783562460\n|move|p2a: Cyclizar|Shed Tail|p2a: Cyclizar\n|-fail|p2a: Cyclizar\n|move|p1a: Brambleghast|Power Whip|p2a: Cyclizar\n|-resisted|p2a: Cyclizar\n|-damage|p2a: Cyclizar|0 fnt\n|faint|p2a: Cyclizar\n|\n|win|p0x20007e18", "uploadtime": 1783562460, "views": 0, "rating": 0, "private": 0, "password": null, "_winner": "p0x20007e18", "_our_name": "p0x20007e18"}