{"id": "battle-gen9randombattle-2924", "formatid": "gen9randombattle", "format": "[Gen 9] Random Battle", "players": ["p0x29241081", "p0y29242344"], "log": "|init|battle\n|title|p0x29241081 vs. p0y29242344\n|j|\u2606p0x29241081\n|j|\u2606p0y29242344\n|t:|1783572697\n|gametype|singles\n|player|p1|p0x29241081|102|\n|player|p2|p0y29242344|102|\n|gen|9\n|tier|[Gen 9] Random Battle\n|rule|Species Clause: Limit one of each Pok\u00e9mon\n|rule|HP Percentage Mod: HP is shown in percentages\n|rule|Sleep Clause Mod: Limit one foe put to sleep\n|rule|Illusion Level Mod: Illusion disguises the Pok\u00e9mon's true level\n|\n|t:|1783572697\n|teamsize|p1|6\n|teamsize|p2|6\n|start\n|switch|p1a: Bruxish|Bruxish, L85, M|254/254\n|switch|p2a: Tentacruel|Tentacruel, L84, M|100/100\n|turn|1\n|inactive|Battle timer is ON: inactive players will automatically lose when time's up. (requested by p0x29241081)\n|inactive|p0y29242344 also wants the timer to be on.\n|\n|t:|1783572698\n|switch|p2a: Lunala|Lunala, L70|100/100\n|move|p1a: Bruxish|Psychic Fangs|p2a: Lunala\n|-resisted|p2a: Lunala\n|-damage|p2a: Lunala|80/100\n|\n|-heal|p2a: Lunala|86/100|[from] item: Leftovers\n|upkeep\n|turn|2\n|inactive|Time left: 300 sec this turn | 300 sec total\n|\n|t:|1783572699\n|move|p1a: Bruxish|Psychic Fangs|p2a: Lunala\n|-resisted|p2a: Lunala\n|-damage|p2a: Lunala|44/100\n|move|p2a: Lunala|Moongeist Beam|p1a: Bruxish\n|-supereffective|p1a: Bruxish\n|-damage|p1a: Bruxish|26/254\n|\n|-heal|p2a: Lunala|50/100|[from] item: Leftovers\n|upkeep\n|turn|3\n|inactive|Time left: 300 sec this turn | 300 sec total\n|\n|t:|1783572700\n|move|p1a: Bruxish|Psychic Fangs|p2a: Lunala\n|-resisted|p2a: Lunala\n|-damage|p2a: Lunala|9/100\n|move|p2a: Lunala|Moongeist Beam|p1a: Bruxish\n|-supereffective|p1a: Bruxish\n|-damage|p1a: Bruxish|0 fnt\n|faint|p1a: Bruxish\n|\n|-heal|p2a: Lunala|15/100|[from] item: Leftovers\n|upkeep\n|inactive|Time left: 300 sec this turn | 300 sec total | 5 sec grace\n|\n|t:|1783572701\n|switch|p1a: Kricketune|Kricketune, L99, M|312/312\n|turn|4\n|inactive|Time left: 300 sec this turn | 300 sec total\n|\n|t:|1783572702\n|switch|p2a: Blaziken|Blaziken, L76, F|100/100\n|move|p1a: Kricketune|Sticky Web|p2a: Blaziken\n|-sidestart|p2: p0y29242344|move: Sticky Web\n|\n|upkeep\n|turn|5\n|inactive|Time left: 300 sec this turn | 300 sec total\n|\n|t:|1783572703\n|move|p1a: Kricketune|Pounce|p2a: Blaziken\n|-resisted|p2a: Blaziken\n|-damage|p2a: Blaziken|88/100\n|-unboost|p2a: Blaziken|spe|1\n|move|p2a: Blaziken|Flare Blitz|p1a: Kricketune\n|-supereffective|p1a: Kricketune\n|-damage|p1a: Kricketune|0 fnt\n|faint|p1a: Kricketune\n|-damage|p2a: Blaziken|46/100|[from] Recoil\n|-damage|p2a: Blaziken|36/100|[from] item: Life Orb\n|\n|-ability|p2a: Blaziken|Speed Boost|boost\n|-boost|p2a: Blaziken|spe|1\n|upkeep\n|inactive|Time left: 300 sec this turn | 300 sec total | 5 sec grace\n|\n|t:|1783572704\n|switch|p1a: Mewtwo|Mewtwo, L72|272/272\n|-ability|p1a: Mewtwo|Unnerve\n|turn|6\n|inactive|Time left: 300 sec this turn | 300 sec total\n|\n|t:|1783572705\n|move|p1a: Mewtwo|Psystrike|p2a: Blaziken\n|-supereffective|p2a: Blaziken\n|-damage|p2a: Blaziken|0 fnt\n|faint|p2a: Blaziken\n|-damage|p1a: Mewtwo|245/272|[from] item: Life Orb\n|\n|upkeep\n|\n|t:|1783572706\n|switch|p2a: Porygon-Z|Porygon-Z, L83|100/100\n|-activate|p2a: Porygon-Z|move: Sticky Web\n|-unboost|p2a: Porygon-Z|spe|1\n|-ability|p2a: Porygon-Z|Download|boost\n|-boost|p2a: Porygon-Z|spa|1\n|turn|7\n|inactive|Time left: 300 sec this turn | 300 sec total\n|\n|t:|1783572707\n|move|p1a: Mewtwo|Psystrike|p2a: Porygon-Z\n|-damage|p2a: Porygon-Z|35/100\n|-damage|p1a: Mewtwo|218/272|[from] item: Life Orb\n|move|p2a: Porygon-Z|Tri Attack|p1a: Mewtwo\n|-damage|p1a: Mewtwo|0 fnt\n|faint|p1a: Mewtwo\n|-damage|p2a: Porygon-Z|25/100|[from] item: Life Orb\n|\n|upkeep\n|inactive|Time left: 300 sec this turn | 300 sec total | 5 sec grace\n|\n|t:|1783572708\n|switch|p1a: Rampardos|Rampardos, L90, F|321/321\n|turn|8\n|inactive|Time left: 300 sec this turn | 300 sec total\n|\n|t:|1783572709\n|switch|p2a: Lunala|Lunala, L70|15/100\n|-activate|p2a: Lunala|move: Sticky Web\n|-unboost|p2a: Lunala|spe|1\n|move|p1a: Rampardos|Fire Punch|p2a: Lunala\n|-damage|p2a: Lunala|0 fnt\n|faint|p2a: Lunala\n|\n|upkeep\n|\n|t:|1783572709\n|switch|p2a: Kleavor|Kleavor, L78, F|100/100\n|turn|9\n|inactive|Time left: 300 sec this turn | 300 sec total\n|\n|t:|1783572710\n|-terastallize|p2a: Kleavor|Fighting\n|move|p2a: Kleavor|Close Combat|p1a: Rampardos\n|-supereffective|p1a: Rampardos\n|-damage|p1a: Rampardos|0 fnt\n|-unboost|p2a: Kleavor|def|1\n|-unboost|p2a: Kleavor|spd|1\n|faint|p1a: Rampardos\n|\n|upkeep\n|inactive|Time left: 300 sec this turn | 300 sec total | 5 sec grace\n|\n|t:|1783572711\n|switch|p1a: Weavile|Weavile, L79, F|240/240\n|turn|10\n|inactive|Time left: 300 sec this turn | 300 sec total\n|\n|t:|1783572712\n|switch|p2a: Porygon-Z|Porygon-Z, L83|25/100\n|-activate|p2a: Porygon-Z|move: Sticky Web\n|-unboost|p2a: Porygon-Z|spe|1\n|-ability|p2a: Porygon-Z|Download|boost\n|-boost|p2a: Porygon-Z|atk|1\n|-terastallize|p1a: Weavile|Ice\n|move|p1a: Weavile|Triple Axel|p2a: Porygon-Z\n|-damage|p2a: Porygon-Z|12/100\n|-hitcount|p2a: Porygon-Z|1\n|\n|upkeep\n|turn|11\n|inactive|Time left: 300 sec this turn | 300 sec total\n|\n|t:|1783572713\n|move|p1a: Weavile|Swords Dance|p1a: Weavile\n|-boost|p1a: Weavile|atk|2\n|move|p2a: Porygon-Z|Tri Attack|p1a: Weavile\n|-damage|p1a: Weavile|79/240\n|-status|p1a: Weavile|brn\n|-damage|p2a: Porygon-Z|3/100|[from] item: Life Orb\n|\n|-damage|p1a: Weavile|64/240 brn|[from] brn\n|upkeep\n|turn|12\n|inactive|Time left: 300 sec this turn | 300 sec total\n|\n|t:|1783572715\n|move|p1a: Weavile|Knock Off|p2a: Porygon-Z\n|-damage|p2a: Porygon-Z|0 fnt\n|-enditem|p2a: Porygon-Z|Life Orb|[from] move: Knock Off|[of] p1a: Weavile\n|faint|p2a: Porygon-Z\n|\n|-damage|p1a: Weavile|49/240 brn|[from] brn\n|upkeep\n|\n|t:|1783572715\n|switch|p2a: Tentacruel|Tentacruel, L84, M|100/100\n|-activate|p2a: Tentacruel|move: Sticky Web\n|-unboost|p2a: Tentacruel|spe|1\n|turn|13\n|inactive|Time left: 300 sec this turn | 300 sec total\n|\n|t:|1783572716\n|move|p1a: Weavile|Knock Off|p2a: Tentacruel\n|-damage|p2a: Tentacruel|53/100\n|-enditem|p2a: Tentacruel|Leftovers|[from] move: Knock Off|[of] p1a: Weavile\n|move|p2a: Tentacruel|Rapid Spin|p1a: Weavile\n|-damage|p1a: Weavile|12/240 brn\n|-boost|p2a: Tentacruel|spe|1\n|-sideend|p2: p0y29242344|Sticky Web|[from] move: Rapid Spin|[of] p2a: Tentacruel\n|\n|-damage|p1a: Weavile|0 fnt|[from] brn\n|faint|p1a: Weavile\n|upkeep\n|inactive|Time left: 300 sec this turn | 300 sec total | 5 sec grace\n|\n|t:|1783572717\n|switch|p1a: Tentacruel|Tentacruel, L84, F|272/272\n|turn|14\n|inactive|Time left: 300 sec this turn | 300 sec total\n|\n|t:|1783572718\n|move|p1a: Tentacruel|Rapid Spin|p2a: Tentacruel\n|-crit|p2a: Tentacruel\n|-damage|p2a: Tentacruel|35/100\n|-boost|p1a: Tentacruel|spe|1\n|move|p2a: Tentacruel|Rapid Spin|p1a: Tentacruel\n|-damage|p1a: Tentacruel|239/272\n|-boost|p2a: Tentacruel|spe|1\n|\n|-heal|p1a: Tentacruel|256/272|[from] item: Leftovers\n|upkeep\n|turn|15\n|inactive|Time left: 300 sec this turn | 300 sec total\n|\n|t:|1783572719\n|move|p1a: Tentacruel|Sludge Bomb|p2a: Tentacruel\n|-resisted|p2a: Tentacruel\n|-damage|p2a: Tentacruel|22/100\n|move|p2a: Tentacruel|Rapid Spin|p1a: Tentacruel\n|-damage|p1a: Tentacruel|223/272\n|-boost|p2a: Tentacruel|spe|1\n|\n|-heal|p1a: Tentacruel|240/272|[from] item: Leftovers\n|upkeep\n|turn|16\n|inactive|Time left: 300 sec this turn | 300 sec total\n|\n|t:|1783572721\n|switch|p2a: Kleavor|Kleavor, L78, F, tera:Fighting|100/100\n|move|p1a: Tentacruel|Rapid Spin|p2a: Kleavor\n|-damage|p2a: Kleavor|87/100\n|-boost|p1a: Tentacruel|spe|1\n|\n|-heal|p1a: Tentacruel|257/272|[from] item: Leftovers\n|upkeep\n|turn|17\n|inactive|Time left: 300 sec this turn | 300 sec total\n|\n|t:|1783572722\n|move|p1a: Tentacruel|Sludge Bomb|p2a: Kleavor\n|-damage|p2a: Kleavor|45/100\n|move|p2a: Kleavor|Stone Axe|p1a: Tentacruel\n|-damage|p1a: Tentacruel|119/272\n|-sidestart|p1: p0x29241081|move: Stealth Rock\n|\n|-heal|p1a: Tentacruel|136/272|[from] item: Leftovers\n|upkeep\n|turn|18\n|inactive|Time left: 300 sec this turn | 300 sec total\n|\n|t:|1783572723\n|move|p1a: Tentacruel|Surf|p2a: Kleavor\n|-damage|p2a: Kleavor|0 fnt\n|faint|p2a: Kleavor\n|\n|-heal|p1a: Tentacruel|153/272|[from] item: Leftovers\n|upkeep\n|\n|t:|1783572724\n|switch|p2a: Wigglytuff|Wigglytuff, L96, F|100/100\n|turn|19\n|inactive|Time left: 300 sec this turn | 300 sec total\n|\n|t:|1783572725\n|move|p1a: Tentacruel|Sludge Bomb|p2a: Wigglytuff\n|-supereffective|p2a: Wigglytuff\n|-damage|p2a: Wigglytuff|52/100\n|move|p2a: Wigglytuff|Knock Off|p1a: Tentacruel\n|-damage|p1a: Tentacruel|64/272\n|-enditem|p1a: Tentacruel|Leftovers|[from] move: Knock Off|[of] p2a: Wigglytuff\n|\n|-heal|p2a: Wigglytuff|59/100|[from] item: Leftovers\n|upkeep\n|turn|20\n|inactive|Time left: 300 sec this turn | 300 sec total\n|\n|t:|1783572726\n|move|p1a: Tentacruel|Sludge Bomb|p2a: Wigglytuff\n|-supereffective|p2a: Wigglytuff\n|-damage|p2a: Wigglytuff|5/100\n|-status|p2a: Wigglytuff|psn\n|move|p2a: Wigglytuff|Knock Off|p1a: Tentacruel\n|-damage|p1a: Tentacruel|4/272\n|\n|-heal|p2a: Wigglytuff|11/100 psn|[from] item: Leftovers\n|-damage|p2a: Wigglytuff|0 fnt|[from] psn\n|faint|p2a: Wigglytuff\n|upkeep\n|\n|t:|1783572727\n|switch|p2a: Tentacruel|Tentacruel, L84, M|22/100\n|turn|21\n|inactive|Time left: 300 sec this turn | 300 sec total\n|\n|t:|1783572728\n|move|p1a: Tentacruel|Haze|p1a: Tentacruel\n|-clearallboost\n|move|p2a: Tentacruel|Sludge Bomb|p1a: Tentacruel\n|-resisted|p1a: Tentacruel\n|-damage|p1a: Tentacruel|0 fnt\n|faint|p1a: Tentacruel\n|\n|win|p0y29242344", "uploadtime": 1783572728, "views": 0, "rating": 0, "private": 0, "password": null, "_winner": "p0y29242344", "_our_name": "p0x29241081"}