{"id": "battle-gen9randombattle-127", "formatid": "gen9randombattle", "format": "[Gen 9] Random Battle", "players": ["p0x1275ce3", "p0y1275d75"], "log": "|init|battle\n|title|p0x1275ce3 vs. p0y1275d75\n|j|\u2606p0x1275ce3\n|j|\u2606p0y1275d75\n|t:|1783540631\n|gametype|singles\n|player|p1|p0x1275ce3|101|\n|player|p2|p0y1275d75|102|\n|gen|9\n|tier|[Gen 9] Random Battle\n|rule|Species Clause: Limit one of each Pok\u00e9mon\n|rule|HP Percentage Mod: HP is shown in percentages\n|rule|Sleep Clause Mod: Limit one foe put to sleep\n|rule|Illusion Level Mod: Illusion disguises the Pok\u00e9mon's true level\n|\n|t:|1783540631\n|teamsize|p1|6\n|teamsize|p2|6\n|start\n|switch|p1a: Meganium|Meganium, L90, F|290/290\n|switch|p2a: Calyrex|Calyrex-Shadow, L64|100/100\n|-ability|p2a: Calyrex|As One\n|-ability|p2a: Calyrex|Unnerve\n|turn|1\n|inactive|Battle timer is ON: inactive players will automatically lose when time's up. (requested by p0y1275d75)\n|inactive|Time left: 300 sec this turn | 300 sec total | 60 sec grace\n|\n|t:|1783540632\n|move|p2a: Calyrex|Astral Barrage|p1a: Meganium\n|-damage|p1a: Meganium|151/290\n|move|p1a: Meganium|Knock Off|p2a: Calyrex\n|-supereffective|p2a: Calyrex\n|-damage|p2a: Calyrex|0 fnt\n|-enditem|p2a: Calyrex|Choice Specs|[from] move: Knock Off|[of] p1a: Meganium\n|faint|p2a: Calyrex\n|\n|-heal|p1a: Meganium|169/290|[from] item: Leftovers\n|upkeep\n|inactive|p0x1275ce3 also wants the timer to be on.\n|\n|t:|1783540633\n|switch|p2a: Seviper|Seviper, L93, F|100/100\n|turn|2\n|inactive|Time left: 300 sec this turn | 300 sec total\n|\n|t:|1783540635\n|move|p1a: Meganium|Earthquake|p2a: Seviper\n|-supereffective|p2a: Seviper\n|-damage|p2a: Seviper|38/100\n|move|p2a: Seviper|Gunk Shot|p1a: Meganium\n|-supereffective|p1a: Meganium\n|-damage|p1a: Meganium|0 fnt\n|faint|p1a: Meganium\n|\n|-heal|p2a: Seviper|44/100|[from] item: Leftovers\n|upkeep\n|inactive|Time left: 300 sec this turn | 300 sec total | 5 sec grace\n|\n|t:|1783540636\n|switch|p1a: Delphox|Delphox, L84, M|263/263\n|turn|3\n|inactive|Time left: 300 sec this turn | 300 sec total\n|\n|t:|1783540637\n|switch|p2a: Golurk|Golurk, L87|100/100\n|move|p1a: Delphox|Fire Blast|p2a: Golurk\n|-damage|p2a: Golurk|52/100\n|\n|upkeep\n|turn|4\n|inactive|Time left: 300 sec this turn | 300 sec total\n|\n|t:|1783540638\n|move|p1a: Delphox|Grass Knot|p2a: Golurk\n|-supereffective|p2a: Golurk\n|-damage|p2a: Golurk|0 fnt\n|faint|p2a: Golurk\n|\n|upkeep\n|\n|t:|1783540639\n|switch|p2a: Wo-Chien|Wo-Chien, L83|100/100\n|-ability|p2a: Wo-Chien|Tablets of Ruin\n|turn|5\n|inactive|Time left: 300 sec this turn | 300 sec total\n|\n|t:|1783540640\n|move|p1a: Delphox|Nasty Plot|p1a: Delphox\n|-boost|p1a: Delphox|spa|2\n|move|p2a: Wo-Chien|Knock Off|p1a: Delphox\n|-supereffective|p1a: Delphox\n|-damage|p1a: Delphox|65/263\n|-enditem|p1a: Delphox|Heavy-Duty Boots|[from] move: Knock Off|[of] p2a: Wo-Chien\n|\n|upkeep\n|turn|6\n|inactive|Time left: 300 sec this turn | 300 sec total\n|\n|t:|1783540641\n|move|p2a: Wo-Chien|Protect|p2a: Wo-Chien\n|-singleturn|p2a: Wo-Chien|Protect\n|move|p1a: Delphox|Fire Blast|p2a: Wo-Chien\n|-activate|p2a: Wo-Chien|move: Protect\n|\n|upkeep\n|turn|7\n|inactive|Time left: 300 sec this turn | 300 sec total\n|\n|t:|1783540642\n|move|p1a: Delphox|Fire Blast|p2a: Wo-Chien\n|-supereffective|p2a: Wo-Chien\n|-damage|p2a: Wo-Chien|0 fnt\n|faint|p2a: Wo-Chien\n|\n|upkeep\n|\n|t:|1783540643\n|switch|p2a: Hippowdon|Hippowdon, L82, F|100/100\n|-weather|Sandstorm|[from] ability: Sand Stream|[of] p2a: Hippowdon\n|turn|8\n|inactive|Time left: 300 sec this turn | 300 sec total\n|\n|t:|1783540644\n|switch|p2a: Seviper|Seviper, L93, F|44/100\n|move|p1a: Delphox|Fire Blast|p2a: Seviper\n|-damage|p2a: Seviper|0 fnt\n|faint|p2a: Seviper\n|\n|-weather|Sandstorm|[upkeep]\n|-damage|p1a: Delphox|49/263|[from] Sandstorm\n|upkeep\n|\n|t:|1783540645\n|switch|p2a: Hippowdon|Hippowdon, L82, F|100/100\n|turn|9\n|inactive|Time left: 300 sec this turn | 300 sec total\n|\n|t:|1783540646\n|move|p1a: Delphox|Fire Blast|p2a: Hippowdon\n|-damage|p2a: Hippowdon|0 fnt\n|faint|p2a: Hippowdon\n|\n|-weather|Sandstorm|[upkeep]\n|-damage|p1a: Delphox|33/263|[from] Sandstorm\n|upkeep\n|\n|t:|1783540647\n|switch|p2a: Metagross|Metagross, L79|100/100\n|turn|10\n|inactive|Time left: 300 sec this turn | 300 sec total\n|\n|t:|1783540648\n|move|p1a: Delphox|Fire Blast|p2a: Metagross\n|-supereffective|p2a: Metagross\n|-damage|p2a: Metagross|0 fnt\n|faint|p2a: Metagross\n|\n|win|p0x1275ce3", "uploadtime": 1783540648, "views": 0, "rating": 0, "private": 0, "password": null, "_winner": "p0x1275ce3", "_our_name": "p0x1275ce3"}