{"id": "battle-gen9randombattle-2799", "formatid": "gen9randombattle", "format": "[Gen 9] Random Battle", "players": ["p0x27997002", "p0y2799f99b"], "log": "|init|battle\n|title|p0x27997002 vs. p0y2799f99b\n|j|\u2606p0x27997002\n|j|\u2606p0y2799f99b\n|t:|1783571249\n|gametype|singles\n|player|p1|p0x27997002|2|\n|player|p2|p0y2799f99b|266|\n|gen|9\n|tier|[Gen 9] Random Battle\n|rule|Species Clause: Limit one of each Pok\u00e9mon\n|rule|HP Percentage Mod: HP is shown in percentages\n|rule|Sleep Clause Mod: Limit one foe put to sleep\n|rule|Illusion Level Mod: Illusion disguises the Pok\u00e9mon's true level\n|\n|t:|1783571249\n|teamsize|p1|6\n|teamsize|p2|6\n|start\n|switch|p1a: Drifblim|Drifblim, L86, M|396/396\n|switch|p2a: Venusaur|Venusaur, L84, F|100/100\n|turn|1\n|inactive|Battle timer is ON: inactive players will automatically lose when time's up. (requested by p0x27997002)\n|inactive|p0y2799f99b also wants the timer to be on.\n|\n|t:|1783571251\n|switch|p2a: Politoed|Politoed, L88, M|100/100\n|-weather|RainDance|[from] ability: Drizzle|[of] p2a: Politoed\n|move|p1a: Drifblim|Calm Mind|p1a: Drifblim\n|-boost|p1a: Drifblim|spa|1\n|-boost|p1a: Drifblim|spd|1\n|\n|-weather|RainDance|[upkeep]\n|upkeep\n|turn|2\n|inactive|Time left: 300 sec this turn | 300 sec total\n|\n|t:|1783571252\n|move|p1a: Drifblim|Calm Mind|p1a: Drifblim\n|-boost|p1a: Drifblim|spa|1\n|-boost|p1a: Drifblim|spd|1\n|move|p2a: Politoed|Hydro Pump|p1a: Drifblim|[miss]\n|-miss|p2a: Politoed|p1a: Drifblim\n|\n|-weather|RainDance|[upkeep]\n|upkeep\n|turn|3\n|inactive|Time left: 300 sec this turn | 300 sec total\n|\n|t:|1783571253\n|move|p1a: Drifblim|Air Slash|p2a: Politoed\n|-damage|p2a: Politoed|55/100\n|cant|p2a: Politoed|flinch\n|\n|-weather|RainDance|[upkeep]\n|upkeep\n|turn|4\n|inactive|Time left: 300 sec this turn | 300 sec total\n|\n|t:|1783571254\n|move|p1a: Drifblim|Shadow Ball|p2a: Politoed\n|-damage|p2a: Politoed|10/100\n|move|p2a: Politoed|Hydro Pump|p1a: Drifblim\n|-damage|p1a: Drifblim|222/396\n|\n|-weather|RainDance|[upkeep]\n|upkeep\n|turn|5\n|inactive|Time left: 300 sec this turn | 300 sec total\n|\n|t:|1783571255\n|move|p1a: Drifblim|Air Slash|p2a: Politoed\n|-damage|p2a: Politoed|0 fnt\n|faint|p2a: Politoed\n|\n|-weather|none\n|upkeep\n|\n|t:|1783571256\n|switch|p2a: Iron Boulder|Iron Boulder, L77|100/100\n|-enditem|p2a: Iron Boulder|Booster Energy\n|-activate|p2a: Iron Boulder|ability: Quark Drive|[fromitem]\n|-start|p2a: Iron Boulder|quarkdrivespe\n|turn|6\n|inactive|Time left: 300 sec this turn | 300 sec total\n|\n|t:|1783571257\n|-terastallize|p1a: Drifblim|Dark\n|move|p2a: Iron Boulder|Mighty Cleave|p1a: Drifblim\n|-damage|p1a: Drifblim|63/396\n|-enditem|p1a: Drifblim|Sitrus Berry|[eat]\n|-heal|p1a: Drifblim|162/396|[from] item: Sitrus Berry\n|move|p1a: Drifblim|Shadow Ball|p2a: Iron Boulder\n|-supereffective|p2a: Iron Boulder\n|-damage|p2a: Iron Boulder|0 fnt\n|faint|p2a: Iron Boulder\n|-end|p2a: Iron Boulder|Quark Drive|[silent]\n|\n|upkeep\n|\n|t:|1783571258\n|switch|p2a: Golurk|Golurk, L87|100/100\n|turn|7\n|inactive|Time left: 300 sec this turn | 300 sec total\n|\n|t:|1783571259\n|move|p1a: Drifblim|Strength Sap|p2a: Golurk\n|-unboost|p2a: Golurk|atk|1\n|-heal|p1a: Drifblim|396/396\n|move|p2a: Golurk|Dynamic Punch|p1a: Drifblim\n|-supereffective|p1a: Drifblim\n|-damage|p1a: Drifblim|110/396\n|-start|p1a: Drifblim|confusion\n|\n|upkeep\n|turn|8\n|inactive|Time left: 300 sec this turn | 300 sec total\n|\n|t:|1783571260\n|-activate|p1a: Drifblim|confusion\n|move|p1a: Drifblim|Shadow Ball|p2a: Golurk\n|-supereffective|p2a: Golurk\n|-damage|p2a: Golurk|0 fnt\n|faint|p2a: Golurk\n|\n|upkeep\n|\n|t:|1783571261\n|switch|p2a: Glaceon|Glaceon, L94, F|100/100\n|turn|9\n|inactive|Time left: 300 sec this turn | 300 sec total\n|\n|t:|1783571262\n|-activate|p1a: Drifblim|confusion\n|move|p1a: Drifblim|Strength Sap|p2a: Glaceon\n|-unboost|p2a: Glaceon|atk|1\n|-heal|p1a: Drifblim|227/396\n|move|p2a: Glaceon|Freeze-Dry|p1a: Drifblim\n|-damage|p1a: Drifblim|148/396\n|\n|upkeep\n|turn|10\n|inactive|Time left: 300 sec this turn | 300 sec total\n|\n|t:|1783571263\n|-activate|p1a: Drifblim|confusion\n|move|p1a: Drifblim|Air Slash|p2a: Glaceon\n|-damage|p2a: Glaceon|53/100\n|move|p2a: Glaceon|Freeze-Dry|p1a: Drifblim\n|-damage|p1a: Drifblim|69/396\n|\n|upkeep\n|turn|11\n|inactive|Time left: 300 sec this turn | 300 sec total\n|\n|t:|1783571264\n|-activate|p1a: Drifblim|confusion\n|-damage|p1a: Drifblim|40/396|[from] confusion\n|move|p2a: Glaceon|Freeze-Dry|p1a: Drifblim\n|-damage|p1a: Drifblim|0 fnt\n|faint|p1a: Drifblim\n|\n|upkeep\n|inactive|Time left: 300 sec this turn | 300 sec total | 5 sec grace\n|\n|t:|1783571265\n|switch|p1a: Espeon|Espeon, L84, F|246/246\n|turn|12\n|inactive|Time left: 300 sec this turn | 300 sec total\n|\n|t:|1783571266\n|move|p1a: Espeon|Calm Mind|p1a: Espeon\n|-boost|p1a: Espeon|spa|1\n|-boost|p1a: Espeon|spd|1\n|move|p2a: Glaceon|Freeze-Dry|p1a: Espeon\n|-damage|p1a: Espeon|167/246\n|\n|upkeep\n|turn|13\n|inactive|Time left: 300 sec this turn | 300 sec total\n|\n|t:|1783571267\n|switch|p2a: Cacturne|Cacturne, L92, F|100/100\n|move|p1a: Espeon|Psyshock|p2a: Cacturne\n|-immune|p2a: Cacturne\n|\n|upkeep\n|turn|14\n|inactive|Time left: 300 sec this turn | 300 sec total\n|\n|t:|1783571268\n|switch|p1a: Glaceon|Glaceon, L94, F|275/275\n|move|p2a: Cacturne|Knock Off|p1a: Glaceon\n|-damage|p1a: Glaceon|149/275\n|-enditem|p1a: Glaceon|Heavy-Duty Boots|[from] move: Knock Off|[of] p2a: Cacturne\n|-damage|p2a: Cacturne|91/100|[from] item: Life Orb\n|\n|upkeep\n|turn|15\n|inactive|Time left: 300 sec this turn | 300 sec total\n|\n|t:|1783571270\n|switch|p2a: Glaceon|Glaceon, L94, F|53/100\n|move|p1a: Glaceon|Freeze-Dry|p2a: Glaceon\n|-resisted|p2a: Glaceon\n|-damage|p2a: Glaceon|34/100\n|\n|upkeep\n|turn|16\n|inactive|Time left: 300 sec this turn | 300 sec total\n|\n|t:|1783571271\n|move|p2a: Glaceon|Wish|p2a: Glaceon\n|move|p1a: Glaceon|Freeze-Dry|p2a: Glaceon\n|-resisted|p2a: Glaceon\n|-damage|p2a: Glaceon|14/100\n|\n|upkeep\n|turn|17\n|inactive|Time left: 300 sec this turn | 300 sec total\n|\n|t:|1783571272\n|move|p2a: Glaceon|Protect|p2a: Glaceon\n|-singleturn|p2a: Glaceon|Protect\n|move|p1a: Glaceon|Mud Shot|p2a: Glaceon\n|-activate|p2a: Glaceon|move: Protect\n|\n|-heal|p2a: Glaceon|64/100|[from] move: Wish|[wisher] Glaceon\n|upkeep\n|turn|18\n|inactive|Time left: 300 sec this turn | 300 sec total\n|\n|t:|1783571273\n|move|p2a: Glaceon|Mud Shot|p1a: Glaceon\n|-damage|p1a: Glaceon|96/275\n|-unboost|p1a: Glaceon|spe|1\n|move|p1a: Glaceon|Wish|p1a: Glaceon\n|\n|upkeep\n|turn|19\n|inactive|Time left: 300 sec this turn | 300 sec total\n|\n|t:|1783571274\n|move|p2a: Glaceon|Wish|p2a: Glaceon\n|move|p1a: Glaceon|Mud Shot|p2a: Glaceon\n|-damage|p2a: Glaceon|47/100\n|-unboost|p2a: Glaceon|spe|1\n|\n|-heal|p1a: Glaceon|233/275|[from] move: Wish|[wisher] Glaceon\n|upkeep\n|turn|20\n|inactive|Time left: 300 sec this turn | 300 sec total\n|\n|t:|1783571275\n|move|p2a: Glaceon|Freeze-Dry|p1a: Glaceon\n|-resisted|p1a: Glaceon\n|-damage|p1a: Glaceon|183/275\n|move|p1a: Glaceon|Freeze-Dry|p2a: Glaceon\n|-resisted|p2a: Glaceon\n|-damage|p2a: Glaceon|27/100\n|\n|-heal|p2a: Glaceon|77/100|[from] move: Wish|[wisher] Glaceon\n|upkeep\n|turn|21\n|inactive|Time left: 300 sec this turn | 300 sec total\n|\n|t:|1783571276\n|move|p1a: Glaceon|Freeze-Dry|p2a: Glaceon\n|-resisted|p2a: Glaceon\n|-damage|p2a: Glaceon|60/100\n|move|p2a: Glaceon|Freeze-Dry|p1a: Glaceon\n|-resisted|p1a: Glaceon\n|-damage|p1a: Glaceon|135/275\n|\n|upkeep\n|turn|22\n|inactive|Time left: 300 sec this turn | 300 sec total\n|\n|t:|1783571277\n|move|p1a: Glaceon|Mud Shot|p2a: Glaceon\n|-damage|p2a: Glaceon|42/100\n|-unboost|p2a: Glaceon|spe|1\n|move|p2a: Glaceon|Freeze-Dry|p1a: Glaceon\n|-resisted|p1a: Glaceon\n|-damage|p1a: Glaceon|85/275\n|\n|upkeep\n|turn|23\n|inactive|Time left: 300 sec this turn | 300 sec total\n|\n|t:|1783571278\n|move|p1a: Glaceon|Freeze-Dry|p2a: Glaceon\n|-resisted|p2a: Glaceon\n|-damage|p2a: Glaceon|26/100\n|move|p2a: Glaceon|Wish|p2a: Glaceon\n|\n|upkeep\n|turn|24\n|inactive|Time left: 300 sec this turn | 300 sec total\n|\n|t:|1783571279\n|move|p1a: Glaceon|Freeze-Dry|p2a: Glaceon\n|-resisted|p2a: Glaceon\n|-damage|p2a: Glaceon|8/100\n|move|p2a: Glaceon|Mud Shot|p1a: Glaceon\n|-damage|p1a: Glaceon|35/275\n|-unboost|p1a: Glaceon|spe|1\n|\n|-heal|p2a: Glaceon|58/100|[from] move: Wish|[wisher] Glaceon\n|upkeep\n|turn|25\n|inactive|Time left: 300 sec this turn | 300 sec total\n|\n|t:|1783571280\n|move|p2a: Glaceon|Freeze-Dry|p1a: Glaceon\n|-resisted|p1a: Glaceon\n|-damage|p1a: Glaceon|0 fnt\n|faint|p1a: Glaceon\n|\n|upkeep\n|inactive|Time left: 300 sec this turn | 300 sec total | 5 sec grace\n|\n|t:|1783571281\n|switch|p1a: Regirock|Regirock, L83|268/268\n|turn|26\n|inactive|Time left: 300 sec this turn | 300 sec total\n|\n|t:|1783571282\n|switch|p2a: Venusaur|Venusaur, L84, F|100/100\n|move|p1a: Regirock|Body Press|p2a: Venusaur\n|-resisted|p2a: Venusaur\n|-damage|p2a: Venusaur|81/100\n|\n|-heal|p2a: Venusaur|87/100|[from] item: Leftovers\n|upkeep\n|turn|27\n|inactive|Time left: 300 sec this turn | 300 sec total\n|\n|t:|1783571283\n|switch|p1a: Espeon|Espeon, L84, F|167/246\n|move|p2a: Venusaur|Earth Power|p1a: Espeon\n|-damage|p1a: Espeon|111/246\n|\n|-heal|p2a: Venusaur|93/100|[from] item: Leftovers\n|upkeep\n|turn|28\n|inactive|Time left: 300 sec this turn | 300 sec total\n|\n|t:|1783571284\n|-terastallize|p2a: Venusaur|Dark\n|move|p1a: Espeon|Psyshock|p2a: Venusaur\n|-immune|p2a: Venusaur\n|move|p2a: Venusaur|Knock Off|p1a: Espeon\n|-supereffective|p1a: Espeon\n|-damage|p1a: Espeon|0 fnt\n|-enditem|p1a: Espeon|Life Orb|[from] move: Knock Off|[of] p2a: Venusaur\n|faint|p1a: Espeon\n|\n|-heal|p2a: Venusaur|99/100|[from] item: Leftovers\n|upkeep\n|inactive|Time left: 300 sec this turn | 300 sec total | 5 sec grace\n|\n|t:|1783571285\n|switch|p1a: Regirock|Regirock, L83|268/268\n|turn|29\n|inactive|Time left: 300 sec this turn | 300 sec total\n|\n|t:|1783571286\n|move|p2a: Venusaur|Earth Power|p1a: Regirock\n|-supereffective|p1a: Regirock\n|-damage|p1a: Regirock|150/268\n|move|p1a: Regirock|Body Press|p2a: Venusaur\n|-supereffective|p2a: Venusaur\n|-damage|p2a: Venusaur|15/100\n|\n|-heal|p2a: Venusaur|21/100|[from] item: Leftovers\n|-heal|p1a: Regirock|166/268|[from] item: Leftovers\n|upkeep\n|turn|30\n|inactive|Time left: 300 sec this turn | 300 sec total\n|\n|t:|1783571287\n|move|p2a: Venusaur|Earth Power|p1a: Regirock\n|-supereffective|p1a: Regirock\n|-damage|p1a: Regirock|56/268\n|move|p1a: Regirock|Thunder Wave|p2a: Venusaur\n|-status|p2a: Venusaur|par\n|\n|-heal|p1a: Regirock|72/268|[from] item: Leftovers\n|-heal|p2a: Venusaur|27/100 par|[from] item: Leftovers\n|upkeep\n|turn|31\n|inactive|Time left: 300 sec this turn | 300 sec total\n|\n|t:|1783571289\n|move|p1a: Regirock|Stone Edge|p2a: Venusaur\n|-crit|p2a: Venusaur\n|-damage|p2a: Venusaur|0 fnt\n|faint|p2a: Venusaur\n|\n|-heal|p1a: Regirock|88/268|[from] item: Leftovers\n|upkeep\n|\n|t:|1783571290\n|switch|p2a: Glaceon|Glaceon, L94, F|58/100\n|turn|32\n|inactive|Time left: 300 sec this turn | 300 sec total\n|\n|t:|1783571291\n|switch|p1a: Hypno|Hypno, L95, F|315/315\n|move|p2a: Glaceon|Freeze-Dry|p1a: Hypno\n|-crit|p1a: Hypno\n|-damage|p1a: Hypno|197/315\n|-status|p1a: Hypno|frz\n|\n|-heal|p1a: Hypno|216/315 frz|[from] item: Leftovers\n|upkeep\n|turn|33\n|inactive|Time left: 300 sec this turn | 300 sec total\n|\n|t:|1783571292\n|cant|p1a: Hypno|frz\n|move|p2a: Glaceon|Wish|p2a: Glaceon\n|\n|-heal|p1a: Hypno|235/315 frz|[from] item: Leftovers\n|upkeep\n|turn|34\n|inactive|Time left: 300 sec this turn | 300 sec total\n|\n|t:|1783571292\n|cant|p1a: Hypno|frz\n|move|p2a: Glaceon|Freeze-Dry|p1a: Hypno\n|-damage|p1a: Hypno|150/315 frz\n|\n|-heal|p2a: Glaceon|100/100|[from] move: Wish|[wisher] Glaceon\n|-heal|p1a: Hypno|169/315 frz|[from] item: Leftovers\n|upkeep\n|turn|35\n|inactive|Time left: 300 sec this turn | 300 sec total\n|\n|t:|1783571293\n|cant|p1a: Hypno|frz\n|move|p2a: Glaceon|Mud Shot|p1a: Hypno\n|-damage|p1a: Hypno|121/315 frz\n|-unboost|p1a: Hypno|spe|1\n|\n|-heal|p1a: Hypno|140/315 frz|[from] item: Leftovers\n|upkeep\n|turn|36\n|inactive|Time left: 300 sec this turn | 300 sec total\n|\n|t:|1783571294\n|move|p2a: Glaceon|Freeze-Dry|p1a: Hypno\n|-damage|p1a: Hypno|55/315 frz\n|cant|p1a: Hypno|frz\n|\n|-heal|p1a: Hypno|74/315 frz|[from] item: Leftovers\n|upkeep\n|turn|37\n|inactive|Time left: 300 sec this turn | 300 sec total\n|\n|t:|1783571295\n|cant|p1a: Hypno|frz\n|move|p2a: Glaceon|Freeze-Dry|p1a: Hypno\n|-damage|p1a: Hypno|0 fnt\n|faint|p1a: Hypno\n|\n|upkeep\n|inactive|Time left: 300 sec this turn | 300 sec total | 5 sec grace\n|\n|t:|1783571296\n|switch|p1a: Regirock|Regirock, L83|88/268\n|turn|38\n|inactive|Time left: 300 sec this turn | 300 sec total\n|\n|t:|1783571297\n|move|p2a: Glaceon|Freeze-Dry|p1a: Regirock\n|-damage|p1a: Regirock|0 fnt\n|faint|p1a: Regirock\n|\n|upkeep\n|inactive|Time left: 300 sec this turn | 300 sec total | 5 sec grace\n|\n|t:|1783571298\n|switch|p1a: Wugtrio|Wugtrio, L91, F|212/212\n|turn|39\n|inactive|Time left: 300 sec this turn | 300 sec total\n|\n|t:|1783571299\n|move|p1a: Wugtrio|Aqua Jet|p2a: Glaceon\n|-damage|p2a: Glaceon|79/100\n|move|p2a: Glaceon|Freeze-Dry|p1a: Wugtrio\n|-supereffective|p1a: Wugtrio\n|-damage|p1a: Wugtrio|0 fnt\n|faint|p1a: Wugtrio\n|\n|win|p0y2799f99b", "uploadtime": 1783571299, "views": 0, "rating": 0, "private": 0, "password": null, "_winner": "p0y2799f99b", "_our_name": "p0x27997002"}