{"id": "battle-gen9randombattle-2062", "formatid": "gen9randombattle", "format": "[Gen 9] Random Battle", "players": ["p0x20626469", "p0y2062ea6e"], "log": "|init|battle\n|title|p0x20626469 vs. p0y2062ea6e\n|j|\u2606p0x20626469\n|j|\u2606p0y2062ea6e\n|t:|1783563091\n|gametype|singles\n|player|p1|p0x20626469|102|\n|player|p2|p0y2062ea6e|266|\n|gen|9\n|tier|[Gen 9] Random Battle\n|rule|Species Clause: Limit one of each Pok\u00e9mon\n|rule|HP Percentage Mod: HP is shown in percentages\n|rule|Sleep Clause Mod: Limit one foe put to sleep\n|rule|Illusion Level Mod: Illusion disguises the Pok\u00e9mon's true level\n|\n|t:|1783563091\n|teamsize|p1|6\n|teamsize|p2|6\n|start\n|switch|p1a: Exeggutor|Exeggutor-Alola, L89, M|314/314\n|switch|p2a: Sandaconda|Sandaconda, L84, M|100/100\n|turn|1\n|inactive|Battle timer is ON: inactive players will automatically lose when time's up. (requested by p0x20626469)\n|inactive|p0y2062ea6e also wants the timer to be on.\n|\n|t:|1783563093\n|move|p2a: Sandaconda|Stealth Rock|p1a: Exeggutor\n|-sidestart|p1: p0x20626469|move: Stealth Rock\n|move|p1a: Exeggutor|Giga Drain|p2a: Sandaconda\n|-supereffective|p2a: Sandaconda\n|-damage|p2a: Sandaconda|9/100\n|\n|-heal|p2a: Sandaconda|15/100|[from] item: Leftovers\n|upkeep\n|turn|2\n|inactive|Time left: 300 sec this turn | 300 sec total\n|\n|t:|1783563094\n|move|p2a: Sandaconda|Rest|p2a: Sandaconda\n|-status|p2a: Sandaconda|slp|[from] move: Rest\n|-heal|p2a: Sandaconda|100/100 slp|[silent]\n|move|p1a: Exeggutor|Dragon Pulse|p2a: Sandaconda\n|-damage|p2a: Sandaconda|48/100 slp\n|\n|-activate|p2a: Sandaconda|ability: Shed Skin\n|-curestatus|p2a: Sandaconda|slp|[msg]\n|-heal|p2a: Sandaconda|54/100|[from] item: Leftovers\n|upkeep\n|turn|3\n|inactive|Time left: 300 sec this turn | 300 sec total\n|\n|t:|1783563095\n|switch|p2a: Polteageist|Polteageist-Antique, L78|100/100\n|move|p1a: Exeggutor|Giga Drain|p2a: Polteageist\n|-damage|p2a: Polteageist|61/100\n|\n|upkeep\n|turn|4\n|inactive|Time left: 300 sec this turn | 300 sec total\n|\n|t:|1783563096\n|move|p2a: Polteageist|Shell Smash|p2a: Polteageist\n|-unboost|p2a: Polteageist|def|1\n|-unboost|p2a: Polteageist|spd|1\n|-boost|p2a: Polteageist|atk|2\n|-boost|p2a: Polteageist|spa|2\n|-boost|p2a: Polteageist|spe|2\n|-enditem|p2a: Polteageist|White Herb\n|-clearnegativeboost|p2a: Polteageist|[silent]\n|move|p1a: Exeggutor|Calm Mind|p1a: Exeggutor\n|-boost|p1a: Exeggutor|spa|1\n|-boost|p1a: Exeggutor|spd|1\n|\n|upkeep\n|turn|5\n|inactive|Time left: 300 sec this turn | 300 sec total\n|\n|t:|1783563097\n|move|p2a: Polteageist|Strength Sap|p1a: Exeggutor\n|-unboost|p1a: Exeggutor|atk|1\n|-heal|p2a: Polteageist|100/100\n|move|p1a: Exeggutor|Dragon Pulse|p2a: Polteageist\n|-damage|p2a: Polteageist|25/100\n|-start|p1a: Exeggutor|Disable|Dragon Pulse|[from] ability: Cursed Body|[of] p2a: Polteageist\n|\n|upkeep\n|turn|6\n|inactive|Time left: 300 sec this turn | 300 sec total\n|\n|t:|1783563098\n|move|p2a: Polteageist|Strength Sap|p1a: Exeggutor\n|-unboost|p1a: Exeggutor|atk|1\n|-heal|p2a: Polteageist|82/100\n|move|p1a: Exeggutor|Giga Drain|p2a: Polteageist\n|-damage|p2a: Polteageist|14/100\n|\n|upkeep\n|turn|7\n|inactive|Time left: 300 sec this turn | 300 sec total\n|\n|t:|1783563099\n|move|p2a: Polteageist|Strength Sap|p1a: Exeggutor\n|-unboost|p1a: Exeggutor|atk|1\n|-heal|p2a: Polteageist|57/100\n|move|p1a: Exeggutor|Giga Drain|p2a: Polteageist\n|-crit|p2a: Polteageist\n|-damage|p2a: Polteageist|0 fnt\n|faint|p2a: Polteageist\n|\n|upkeep\n|\n|t:|1783563100\n|switch|p2a: Dedenne|Dedenne, L88, F|100/100\n|turn|8\n|inactive|Time left: 300 sec this turn | 300 sec total\n|\n|t:|1783563101\n|move|p2a: Dedenne|Super Fang|p1a: Exeggutor\n|-damage|p1a: Exeggutor|157/314\n|-enditem|p1a: Exeggutor|Sitrus Berry|[eat]\n|-heal|p1a: Exeggutor|235/314|[from] item: Sitrus Berry\n|move|p1a: Exeggutor|Giga Drain|p2a: Dedenne\n|-damage|p2a: Dedenne|23/100\n|-heal|p1a: Exeggutor|314/314|[from] drain|[of] p2a: Dedenne\n|-enditem|p2a: Dedenne|Sitrus Berry|[eat]\n|-heal|p2a: Dedenne|48/100|[from] item: Sitrus Berry\n|-heal|p2a: Dedenne|81/100|[from] ability: Cheek Pouch\n|\n|-end|p1a: Exeggutor|Disable\n|-item|p1a: Exeggutor|Sitrus Berry|[from] ability: Harvest\n|upkeep\n|turn|9\n|inactive|Time left: 300 sec this turn | 300 sec total\n|\n|t:|1783563102\n|move|p2a: Dedenne|Dazzling Gleam|p1a: Exeggutor\n|-supereffective|p1a: Exeggutor\n|-damage|p1a: Exeggutor|206/314\n|move|p1a: Exeggutor|Giga Drain|p2a: Dedenne\n|-damage|p2a: Dedenne|15/100\n|-heal|p1a: Exeggutor|293/314|[from] drain|[of] p2a: Dedenne\n|\n|upkeep\n|turn|10\n|inactive|Time left: 300 sec this turn | 300 sec total\n|\n|t:|1783563103\n|move|p2a: Dedenne|Super Fang|p1a: Exeggutor\n|-damage|p1a: Exeggutor|147/314\n|-enditem|p1a: Exeggutor|Sitrus Berry|[eat]\n|-heal|p1a: Exeggutor|225/314|[from] item: Sitrus Berry\n|move|p1a: Exeggutor|Flamethrower|p2a: Dedenne\n|-damage|p2a: Dedenne|0 fnt\n|faint|p2a: Dedenne\n|\n|upkeep\n|\n|t:|1783563104\n|switch|p2a: Clawitzer|Clawitzer, L87, F|100/100\n|turn|11\n|inactive|Time left: 300 sec this turn | 300 sec total\n|\n|t:|1783563104\n|move|p2a: Clawitzer|Dragon Pulse|p1a: Exeggutor\n|-supereffective|p1a: Exeggutor\n|-damage|p1a: Exeggutor|0 fnt\n|faint|p1a: Exeggutor\n|\n|upkeep\n|inactive|Time left: 300 sec this turn | 300 sec total | 5 sec grace\n|\n|t:|1783563105\n|switch|p1a: Lugia|Lugia, L73|275/275\n|turn|12\n|inactive|Time left: 300 sec this turn | 300 sec total\n|\n|t:|1783563107\n|move|p1a: Lugia|Calm Mind|p1a: Lugia\n|-boost|p1a: Lugia|spa|1\n|-boost|p1a: Lugia|spd|1\n|move|p2a: Clawitzer|Dragon Pulse|p1a: Lugia\n|-damage|p1a: Lugia|235/275\n|\n|upkeep\n|turn|13\n|inactive|Time left: 300 sec this turn | 300 sec total\n|\n|t:|1783563108\n|move|p1a: Lugia|Calm Mind|p1a: Lugia\n|-boost|p1a: Lugia|spa|1\n|-boost|p1a: Lugia|spd|1\n|move|p2a: Clawitzer|Dragon Pulse|p1a: Lugia\n|-damage|p1a: Lugia|173/275\n|\n|upkeep\n|turn|14\n|inactive|Time left: 300 sec this turn | 300 sec total\n|\n|t:|1783563109\n|move|p1a: Lugia|Aeroblast|p2a: Clawitzer\n|-crit|p2a: Clawitzer\n|-damage|p2a: Clawitzer|12/100\n|move|p2a: Clawitzer|Dragon Pulse|p1a: Lugia\n|-damage|p1a: Lugia|116/275\n|\n|upkeep\n|turn|15\n|inactive|Time left: 300 sec this turn | 300 sec total\n|\n|t:|1783563110\n|move|p1a: Lugia|Aeroblast|p2a: Clawitzer\n|-damage|p2a: Clawitzer|0 fnt\n|faint|p2a: Clawitzer\n|\n|upkeep\n|\n|t:|1783563111\n|switch|p2a: Great Tusk|Great Tusk, L77|100/100\n|turn|16\n|inactive|Time left: 300 sec this turn | 300 sec total\n|\n|t:|1783563112\n|-terastallize|p2a: Great Tusk|Steel\n|move|p1a: Lugia|Recover|p1a: Lugia\n|-heal|p1a: Lugia|254/275\n|move|p2a: Great Tusk|Stone Edge|p1a: Lugia|[miss]\n|-miss|p2a: Great Tusk|p1a: Lugia\n|\n|upkeep\n|turn|17\n|inactive|Time left: 300 sec this turn | 300 sec total\n|\n|t:|1783563113\n|move|p1a: Lugia|Aeroblast|p2a: Great Tusk\n|-resisted|p2a: Great Tusk\n|-damage|p2a: Great Tusk|74/100\n|move|p2a: Great Tusk|Stone Edge|p1a: Lugia\n|-supereffective|p1a: Lugia\n|-damage|p1a: Lugia|122/275\n|\n|upkeep\n|turn|18\n|inactive|Time left: 300 sec this turn | 300 sec total\n|\n|t:|1783563114\n|move|p1a: Lugia|Recover|p1a: Lugia\n|-heal|p1a: Lugia|260/275\n|move|p2a: Great Tusk|Stone Edge|p1a: Lugia\n|-supereffective|p1a: Lugia\n|-damage|p1a: Lugia|126/275\n|\n|upkeep\n|turn|19\n|inactive|Time left: 300 sec this turn | 300 sec total\n|\n|t:|1783563115\n|move|p1a: Lugia|Recover|p1a: Lugia\n|-heal|p1a: Lugia|264/275\n|move|p2a: Great Tusk|Stone Edge|p1a: Lugia\n|-supereffective|p1a: Lugia\n|-damage|p1a: Lugia|128/275\n|\n|upkeep\n|turn|20\n|inactive|Time left: 300 sec this turn | 300 sec total\n|\n|t:|1783563116\n|move|p1a: Lugia|Recover|p1a: Lugia\n|-heal|p1a: Lugia|266/275\n|move|p2a: Great Tusk|Stone Edge|p1a: Lugia\n|-supereffective|p1a: Lugia\n|-damage|p1a: Lugia|134/275\n|\n|upkeep\n|turn|21\n|inactive|Time left: 300 sec this turn | 300 sec total\n|\n|t:|1783563117\n|move|p1a: Lugia|Recover|p1a: Lugia\n|-heal|p1a: Lugia|272/275\n|move|p2a: Great Tusk|Stone Edge|p1a: Lugia\n|-supereffective|p1a: Lugia\n|-damage|p1a: Lugia|138/275\n|\n|upkeep\n|turn|22\n|inactive|Time left: 300 sec this turn | 300 sec total\n|\n|t:|1783563118\n|move|p1a: Lugia|Recover|p1a: Lugia\n|-heal|p1a: Lugia|275/275\n|move|p2a: Great Tusk|Stone Edge|p1a: Lugia\n|-supereffective|p1a: Lugia\n|-damage|p1a: Lugia|212/275\n|\n|upkeep\n|turn|23\n|inactive|Time left: 300 sec this turn | 300 sec total\n|\n|t:|1783563119\n|move|p1a: Lugia|Aeroblast|p2a: Great Tusk\n|-resisted|p2a: Great Tusk\n|-damage|p2a: Great Tusk|49/100\n|move|p2a: Great Tusk|Stone Edge|p1a: Lugia\n|-supereffective|p1a: Lugia\n|-crit|p1a: Lugia\n|-damage|p1a: Lugia|36/275\n|\n|upkeep\n|turn|24\n|inactive|Time left: 300 sec this turn | 300 sec total\n|\n|t:|1783563120\n|move|p1a: Lugia|Recover|p1a: Lugia\n|-heal|p1a: Lugia|174/275\n|move|p2a: Great Tusk|Rapid Spin|p1a: Lugia\n|-damage|p1a: Lugia|142/275\n|-boost|p2a: Great Tusk|spe|1\n|\n|upkeep\n|turn|25\n|inactive|Time left: 300 sec this turn | 300 sec total\n|\n|t:|1783563121\n|move|p2a: Great Tusk|Rapid Spin|p1a: Lugia\n|-damage|p1a: Lugia|112/275\n|-boost|p2a: Great Tusk|spe|1\n|move|p1a: Lugia|Aeroblast|p2a: Great Tusk\n|-resisted|p2a: Great Tusk\n|-damage|p2a: Great Tusk|23/100\n|\n|upkeep\n|turn|26\n|inactive|Time left: 300 sec this turn | 300 sec total\n|\n|t:|1783563122\n|move|p2a: Great Tusk|Rapid Spin|p1a: Lugia\n|-damage|p1a: Lugia|78/275\n|-boost|p2a: Great Tusk|spe|1\n|move|p1a: Lugia|Aeroblast|p2a: Great Tusk\n|-resisted|p2a: Great Tusk\n|-damage|p2a: Great Tusk|0 fnt\n|faint|p2a: Great Tusk\n|-end|p2a: Great Tusk|Protosynthesis|[silent]\n|\n|upkeep\n|\n|t:|1783563123\n|switch|p2a: Trevenant|Trevenant, L89, M|100/100\n|turn|27\n|inactive|Time left: 300 sec this turn | 300 sec total\n|\n|t:|1783563124\n|move|p1a: Lugia|Aeroblast|p2a: Trevenant\n|-supereffective|p2a: Trevenant\n|-damage|p2a: Trevenant|0 fnt\n|faint|p2a: Trevenant\n|\n|upkeep\n|\n|t:|1783563124\n|switch|p2a: Sandaconda|Sandaconda, L84, M|54/100\n|turn|28\n|inactive|Time left: 300 sec this turn | 300 sec total\n|\n|t:|1783563125\n|move|p1a: Lugia|Aeroblast|p2a: Sandaconda|[miss]\n|-miss|p1a: Lugia|p2a: Sandaconda\n|move|p2a: Sandaconda|Stealth Rock||[still]\n|-fail|p2a: Sandaconda\n|\n|-heal|p2a: Sandaconda|60/100|[from] item: Leftovers\n|upkeep\n|turn|29\n|inactive|Time left: 300 sec this turn | 300 sec total\n|\n|t:|1783563126\n|move|p1a: Lugia|Psychic Noise|p2a: Sandaconda\n|-damage|p2a: Sandaconda|11/100\n|-start|p2a: Sandaconda|move: Heal Block\n|cant|p2a: Sandaconda|move: Heal Block|Rest\n|\n|upkeep\n|turn|30\n|inactive|Time left: 300 sec this turn | 300 sec total\n|\n|t:|1783563127\n|move|p1a: Lugia|Psychic Noise|p2a: Sandaconda\n|-damage|p2a: Sandaconda|0 fnt\n|faint|p2a: Sandaconda\n|\n|win|p0x20626469", "uploadtime": 1783563127, "views": 0, "rating": 0, "private": 0, "password": null, "_winner": "p0x20626469", "_our_name": "p0x20626469"}