{"id": "battle-gen9randombattle-21", "formatid": "gen9randombattle", "format": "[Gen 9] Random Battle", "players": ["p0x021afe7", "p0y021c5e7"], "log": "|init|battle\n|title|p0x021afe7 vs. p0y021c5e7\n|j|\u2606p0x021afe7\n|j|\u2606p0y021c5e7\n|t:|1783533494\n|gametype|singles\n|player|p1|p0x021afe7|101|\n|player|p2|p0y021c5e7|265|\n|gen|9\n|tier|[Gen 9] Random Battle\n|rule|Species Clause: Limit one of each Pok\u00e9mon\n|rule|HP Percentage Mod: HP is shown in percentages\n|rule|Sleep Clause Mod: Limit one foe put to sleep\n|rule|Illusion Level Mod: Illusion disguises the Pok\u00e9mon's true level\n|\n|t:|1783533494\n|teamsize|p1|6\n|teamsize|p2|6\n|start\n|switch|p1a: Spidops|Spidops, L96, M|271/271\n|switch|p2a: Kyurem|Kyurem-White, L73|100/100\n|-ability|p2a: Kyurem|Turboblaze\n|turn|1\n|inactive|Battle timer is ON: inactive players will automatically lose when time's up. (requested by p0y021c5e7)\n|inactive|Time left: 300 sec this turn | 300 sec total | 60 sec grace\n|\n|t:|1783533496\n|-terastallize|p2a: Kyurem|Fire\n|move|p2a: Kyurem|Fusion Flare|p1a: Spidops\n|-supereffective|p1a: Spidops\n|-crit|p1a: Spidops\n|-damage|p1a: Spidops|0 fnt\n|faint|p1a: Spidops\n|\n|upkeep\n|inactive|Time left: 300 sec this turn | 300 sec total | 65 sec grace\n|inactive|p0x021afe7 also wants the timer to be on.\n|\n|t:|1783533497\n|switch|p1a: Gumshoos|Gumshoos, L95, F|321/321\n|turn|2\n|inactive|Time left: 300 sec this turn | 300 sec total\n|\n|t:|1783533498\n|move|p2a: Kyurem|Fusion Flare|p1a: Gumshoos\n|-damage|p1a: Gumshoos|96/321\n|move|p1a: Gumshoos|Earthquake|p2a: Kyurem\n|-supereffective|p2a: Kyurem\n|-damage|p2a: Kyurem|0 fnt\n|faint|p2a: Kyurem\n|\n|upkeep\n|\n|t:|1783533499\n|switch|p2a: Oricorio|Oricorio-Sensu, L85, M|100/100\n|turn|3\n|inactive|Time left: 300 sec this turn | 300 sec total\n|\n|t:|1783533500\n|switch|p1a: Luxray|Luxray, L88, M|283/283\n|move|p2a: Oricorio|Hurricane|p1a: Luxray|[miss]\n|-miss|p2a: Oricorio|p1a: Luxray\n|\n|-status|p1a: Luxray|brn|[from] item: Flame Orb\n|upkeep\n|turn|4\n|inactive|Time left: 300 sec this turn | 300 sec total\n|\n|t:|1783533502\n|switch|p2a: Dugtrio|Dugtrio-Alola, L84, M|100/100\n|move|p1a: Luxray|Supercell Slam|p2a: Dugtrio\n|-immune|p2a: Dugtrio\n|-damage|p1a: Luxray|142/283 brn|[from] supercellslam\n|\n|-damage|p1a: Luxray|125/283 brn|[from] brn\n|upkeep\n|turn|5\n|inactive|Time left: 300 sec this turn | 300 sec total\n|\n|t:|1783533503\n|switch|p1a: Mudsdale|Mudsdale, L83, F|302/302\n|move|p2a: Dugtrio|Earthquake|p1a: Mudsdale\n|-damage|p1a: Mudsdale|164/302\n|-ability|p1a: Mudsdale|Stamina|boost\n|-boost|p1a: Mudsdale|def|1\n|-damage|p2a: Dugtrio|91/100|[from] item: Life Orb\n|\n|-heal|p1a: Mudsdale|182/302|[from] item: Leftovers\n|upkeep\n|turn|6\n|inactive|Time left: 300 sec this turn | 300 sec total\n|\n|t:|1783533504\n|switch|p2a: Hydrapple|Hydrapple, L83, F|100/100\n|move|p1a: Mudsdale|Earthquake|p2a: Hydrapple\n|-resisted|p2a: Hydrapple\n|-damage|p2a: Hydrapple|82/100\n|\n|-heal|p1a: Mudsdale|200/302|[from] item: Leftovers\n|upkeep\n|turn|7\n|inactive|Time left: 300 sec this turn | 300 sec total\n|\n|t:|1783533505\n|switch|p1a: Braviary|Braviary, L85, M|309/309\n|move|p2a: Hydrapple|Leaf Storm|p1a: Braviary\n|-resisted|p1a: Braviary\n|-damage|p1a: Braviary|217/309\n|-unboost|p2a: Hydrapple|spa|2\n|\n|upkeep\n|turn|8\n|inactive|Time left: 300 sec this turn | 300 sec total\n|\n|t:|1783533506\n|switch|p2a: Hypno|Hypno, L95, M|100/100\n|move|p1a: Braviary|Brave Bird|p2a: Hypno\n|-damage|p2a: Hypno|47/100\n|-damage|p1a: Braviary|162/309|[from] Recoil\n|\n|-heal|p2a: Hypno|53/100|[from] item: Leftovers\n|upkeep\n|turn|9\n|inactive|Time left: 300 sec this turn | 300 sec total\n|\n|t:|1783533507\n|move|p1a: Braviary|Brave Bird|p2a: Hypno\n|-damage|p2a: Hypno|3/100\n|-damage|p1a: Braviary|110/309|[from] Recoil\n|move|p2a: Hypno|Psychic Noise|p1a: Braviary\n|-damage|p1a: Braviary|23/309\n|-start|p1a: Braviary|move: Heal Block\n|\n|-heal|p2a: Hypno|9/100|[from] item: Leftovers\n|upkeep\n|turn|10\n|inactive|Time left: 300 sec this turn | 300 sec total\n|\n|t:|1783533508\n|switch|p2a: Oricorio|Oricorio-Sensu, L85, M|100/100\n|move|p1a: Braviary|Brave Bird|p2a: Oricorio\n|-crit|p2a: Oricorio\n|-damage|p2a: Oricorio|1/100\n|-damage|p1a: Braviary|0 fnt|[from] Recoil\n|faint|p1a: Braviary\n|\n|upkeep\n|inactive|Time left: 300 sec this turn | 300 sec total | 5 sec grace\n|\n|t:|1783533510\n|switch|p1a: Mudsdale|Mudsdale, L83, F|200/302\n|turn|11\n|inactive|Time left: 300 sec this turn | 300 sec total\n|\n|t:|1783533511\n|move|p2a: Oricorio|Hurricane|p1a: Mudsdale\n|-damage|p1a: Mudsdale|74/302\n|-ability|p1a: Mudsdale|Stamina|boost\n|-boost|p1a: Mudsdale|def|1\n|move|p1a: Mudsdale|Stone Edge|p2a: Oricorio\n|-supereffective|p2a: Oricorio\n|-damage|p2a: Oricorio|0 fnt\n|faint|p2a: Oricorio\n|\n|-heal|p1a: Mudsdale|92/302|[from] item: Leftovers\n|upkeep\n|\n|t:|1783533512\n|switch|p2a: Hydrapple|Hydrapple, L83, F|100/100\n|turn|12\n|inactive|Time left: 300 sec this turn | 300 sec total\n|\n|t:|1783533513\n|switch|p1a: Poliwrath|Poliwrath, L88, M|302/302\n|move|p2a: Hydrapple|Fickle Beam|p1a: Poliwrath|[anim] Fickle Beam All Out\n|-activate|p2a: Hydrapple|move: Fickle Beam\n|-damage|p1a: Poliwrath|167/302\n|\n|upkeep\n|turn|13\n|inactive|Time left: 300 sec this turn | 300 sec total\n|\n|t:|1783533514\n|move|p1a: Poliwrath|Knock Off|p2a: Hydrapple\n|-damage|p2a: Hydrapple|81/100\n|-enditem|p2a: Hydrapple|Assault Vest|[from] move: Knock Off|[of] p1a: Poliwrath\n|move|p2a: Hydrapple|Fickle Beam|p1a: Poliwrath|[anim] Fickle Beam All Out\n|-activate|p2a: Hydrapple|move: Fickle Beam\n|-damage|p1a: Poliwrath|44/302\n|\n|upkeep\n|turn|14\n|inactive|Time left: 300 sec this turn | 300 sec total\n|\n|t:|1783533515\n|move|p1a: Poliwrath|Close Combat|p2a: Hydrapple\n|-damage|p2a: Hydrapple|44/100\n|-unboost|p1a: Poliwrath|def|1\n|-unboost|p1a: Poliwrath|spd|1\n|move|p2a: Hydrapple|Fickle Beam|p1a: Poliwrath\n|-damage|p1a: Poliwrath|0 fnt\n|faint|p1a: Poliwrath\n|\n|upkeep\n|inactive|Time left: 300 sec this turn | 300 sec total | 5 sec grace\n|\n|t:|1783533516\n|switch|p1a: Gumshoos|Gumshoos, L95, F|96/321\n|turn|15\n|inactive|Time left: 300 sec this turn | 300 sec total\n|\n|t:|1783533517\n|switch|p2a: Hypno|Hypno, L95, M|9/100\n|move|p1a: Gumshoos|U-turn|p2a: Hypno\n|-supereffective|p2a: Hypno\n|-crit|p2a: Hypno\n|-damage|p2a: Hypno|0 fnt\n|faint|p2a: Hypno\n|inactive|Time left: 300 sec this turn | 300 sec total | 5 sec grace\n|\n|t:|1783533518\n|switch|p1a: Mudsdale|Mudsdale, L83, F|92/302|[from] U-turn\n|\n|-heal|p1a: Mudsdale|110/302|[from] item: Leftovers\n|upkeep\n|\n|t:|1783533519\n|switch|p2a: Dugtrio|Dugtrio-Alola, L84, M|91/100\n|turn|16\n|inactive|Time left: 300 sec this turn | 300 sec total\n|\n|t:|1783533520\n|move|p2a: Dugtrio|Earthquake|p1a: Mudsdale\n|-damage|p1a: Mudsdale|0 fnt\n|faint|p1a: Mudsdale\n|-damage|p2a: Dugtrio|81/100|[from] item: Life Orb\n|\n|upkeep\n|inactive|Time left: 300 sec this turn | 300 sec total | 5 sec grace\n|\n|t:|1783533521\n|switch|p1a: Gumshoos|Gumshoos, L95, F|96/321\n|turn|17\n|inactive|Time left: 300 sec this turn | 300 sec total\n|\n|t:|1783533521\n|move|p2a: Dugtrio|Earthquake|p1a: Gumshoos\n|-damage|p1a: Gumshoos|0 fnt\n|faint|p1a: Gumshoos\n|-damage|p2a: Dugtrio|71/100|[from] item: Life Orb\n|\n|upkeep\n|inactive|Time left: 300 sec this turn | 300 sec total | 5 sec grace\n|\n|t:|1783533522\n|switch|p1a: Luxray|Luxray, L88, M|125/283 brn\n|turn|18\n|inactive|Time left: 300 sec this turn | 300 sec total\n|\n|t:|1783533523\n|move|p2a: Dugtrio|Earthquake|p1a: Luxray\n|-supereffective|p1a: Luxray\n|-damage|p1a: Luxray|0 fnt\n|faint|p1a: Luxray\n|-damage|p2a: Dugtrio|62/100|[from] item: Life Orb\n|\n|win|p0y021c5e7", "uploadtime": 1783533523, "views": 0, "rating": 0, "private": 0, "password": null, "_winner": "p0y021c5e7", "_our_name": "p0x021afe7"}