{"id": "battle-gen9randombattle-2161", "formatid": "gen9randombattle", "format": "[Gen 9] Random Battle", "players": ["p0x21613e8e", "p0y21616937"], "log": "|init|battle\n|title|p0x21613e8e vs. p0y21616937\n|j|\u2606p0x21613e8e\n|j|\u2606p0y21616937\n|t:|1783564196\n|gametype|singles\n|player|p1|p0x21613e8e|170|\n|player|p2|p0y21616937|169|\n|gen|9\n|tier|[Gen 9] Random Battle\n|rule|Species Clause: Limit one of each Pok\u00e9mon\n|rule|HP Percentage Mod: HP is shown in percentages\n|rule|Sleep Clause Mod: Limit one foe put to sleep\n|rule|Illusion Level Mod: Illusion disguises the Pok\u00e9mon's true level\n|\n|t:|1783564196\n|teamsize|p1|6\n|teamsize|p2|6\n|start\n|switch|p1a: Araquanid|Araquanid, L82, F|100/100\n|switch|p2a: Mabosstiff|Mabosstiff, L86, M|278/278\n|turn|1\n|inactive|Battle timer is ON: inactive players will automatically lose when time's up. (requested by p0y21616937)\n|inactive|p0x21613e8e also wants the timer to be on.\n|\n|t:|1783564197\n|move|p2a: Mabosstiff|Crunch|p1a: Araquanid\n|-damage|p1a: Araquanid|56/100\n|move|p1a: Araquanid|Sticky Web|p2a: Mabosstiff\n|-sidestart|p2: p0y21616937|move: Sticky Web\n|\n|upkeep\n|turn|2\n|inactive|Time left: 300 sec this turn | 300 sec total\n|\n|t:|1783564198\n|switch|p1a: Clefable|Clefable, L83, M|100/100\n|move|p2a: Mabosstiff|Crunch|p1a: Clefable\n|-resisted|p1a: Clefable\n|-damage|p1a: Clefable|62/100\n|-unboost|p1a: Clefable|def|1\n|\n|-heal|p1a: Clefable|68/100|[from] item: Leftovers\n|upkeep\n|turn|3\n|inactive|Time left: 300 sec this turn | 300 sec total\n|\n|t:|1783564199\n|move|p2a: Mabosstiff|Crunch|p1a: Clefable\n|-resisted|p1a: Clefable\n|-crit|p1a: Clefable\n|-damage|p1a: Clefable|17/100\n|move|p1a: Clefable|Moonblast|p2a: Mabosstiff\n|-supereffective|p2a: Mabosstiff\n|-damage|p2a: Mabosstiff|72/278\n|\n|-heal|p1a: Clefable|23/100|[from] item: Leftovers\n|upkeep\n|turn|4\n|inactive|Time left: 300 sec this turn | 300 sec total\n|\n|t:|1783564200\n|move|p2a: Mabosstiff|Crunch|p1a: Clefable\n|-resisted|p1a: Clefable\n|-damage|p1a: Clefable|0 fnt\n|faint|p1a: Clefable\n|\n|upkeep\n|\n|t:|1783564201\n|switch|p1a: Raichu|Raichu, L88, F|100/100\n|turn|5\n|inactive|Time left: 300 sec this turn | 300 sec total\n|\n|t:|1783564202\n|move|p2a: Mabosstiff|Crunch|p1a: Raichu\n|-damage|p1a: Raichu|40/100\n|move|p1a: Raichu|Thunderbolt|p2a: Mabosstiff\n|-damage|p2a: Mabosstiff|0 fnt\n|faint|p2a: Mabosstiff\n|\n|upkeep\n|inactive|Time left: 300 sec this turn | 300 sec total | 5 sec grace\n|\n|t:|1783564204\n|switch|p2a: Sandslash|Sandslash, L89, M|278/278\n|-activate|p2a: Sandslash|move: Sticky Web\n|-unboost|p2a: Sandslash|spe|1\n|turn|6\n|inactive|Time left: 300 sec this turn | 300 sec total\n|\n|t:|1783564205\n|-terastallize|p1a: Raichu|Water\n|move|p1a: Raichu|Surf|p2a: Sandslash\n|-supereffective|p2a: Sandslash\n|-damage|p2a: Sandslash|18/278\n|move|p2a: Sandslash|Rapid Spin|p1a: Raichu\n|-damage|p1a: Raichu|17/100\n|-boost|p2a: Sandslash|spe|1\n|-sideend|p2: p0y21616937|Sticky Web|[from] move: Rapid Spin|[of] p2a: Sandslash\n|\n|-heal|p2a: Sandslash|35/278|[from] item: Leftovers\n|upkeep\n|turn|7\n|inactive|Time left: 300 sec this turn | 300 sec total\n|\n|t:|1783564206\n|switch|p2a: Lugia|Lugia, L73|275/275\n|move|p1a: Raichu|Knock Off|p2a: Lugia\n|-supereffective|p2a: Lugia\n|-damage|p2a: Lugia|212/275\n|-enditem|p2a: Lugia|Heavy-Duty Boots|[from] move: Knock Off|[of] p1a: Raichu\n|\n|upkeep\n|turn|8\n|inactive|Time left: 300 sec this turn | 300 sec total\n|\n|t:|1783564208\n|move|p1a: Raichu|Thunderbolt|p2a: Lugia\n|-supereffective|p2a: Lugia\n|-damage|p2a: Lugia|66/275\n|move|p2a: Lugia|Recover|p2a: Lugia\n|-heal|p2a: Lugia|204/275\n|\n|upkeep\n|turn|9\n|inactive|Time left: 300 sec this turn | 300 sec total\n|\n|t:|1783564209\n|move|p1a: Raichu|Thunderbolt|p2a: Lugia\n|-supereffective|p2a: Lugia\n|-damage|p2a: Lugia|48/275\n|move|p2a: Lugia|Aeroblast|p1a: Raichu\n|-crit|p1a: Raichu\n|-damage|p1a: Raichu|0 fnt\n|faint|p1a: Raichu\n|\n|upkeep\n|\n|t:|1783564210\n|switch|p1a: Araquanid|Araquanid, L82, F|56/100\n|turn|10\n|inactive|Time left: 300 sec this turn | 300 sec total\n|\n|t:|1783564211\n|move|p2a: Lugia|Aeroblast|p1a: Araquanid\n|-supereffective|p1a: Araquanid\n|-crit|p1a: Araquanid\n|-damage|p1a: Araquanid|0 fnt\n|faint|p1a: Araquanid\n|\n|upkeep\n|\n|t:|1783564211\n|switch|p1a: Tatsugiri|Tatsugiri, L87, M|100/100\n|turn|11\n|inactive|Time left: 300 sec this turn | 300 sec total\n|\n|t:|1783564212\n|move|p2a: Lugia|Recover|p2a: Lugia\n|-heal|p2a: Lugia|186/275\n|move|p1a: Tatsugiri|Nasty Plot|p1a: Tatsugiri\n|-boost|p1a: Tatsugiri|spa|2\n|\n|upkeep\n|turn|12\n|inactive|Time left: 300 sec this turn | 300 sec total\n|\n|t:|1783564213\n|move|p2a: Lugia|Recover|p2a: Lugia\n|-heal|p2a: Lugia|275/275\n|move|p1a: Tatsugiri|Hydro Pump|p2a: Lugia\n|-damage|p2a: Lugia|167/275\n|\n|upkeep\n|turn|13\n|inactive|Time left: 300 sec this turn | 300 sec total\n|\n|t:|1783564214\n|move|p2a: Lugia|Recover|p2a: Lugia\n|-heal|p2a: Lugia|275/275\n|move|p1a: Tatsugiri|Rapid Spin|p2a: Lugia\n|-damage|p2a: Lugia|264/275\n|-boost|p1a: Tatsugiri|spe|1\n|\n|upkeep\n|turn|14\n|inactive|Time left: 300 sec this turn | 300 sec total\n|\n|t:|1783564215\n|move|p1a: Tatsugiri|Hydro Pump|p2a: Lugia\n|-damage|p2a: Lugia|65/275\n|move|p2a: Lugia|Aeroblast|p1a: Tatsugiri\n|-damage|p1a: Tatsugiri|72/100\n|\n|upkeep\n|turn|15\n|inactive|Time left: 300 sec this turn | 300 sec total\n|\n|t:|1783564216\n|move|p1a: Tatsugiri|Hydro Pump|p2a: Lugia|[miss]\n|-miss|p1a: Tatsugiri|p2a: Lugia\n|move|p2a: Lugia|Aeroblast|p1a: Tatsugiri\n|-damage|p1a: Tatsugiri|44/100\n|\n|upkeep\n|turn|16\n|inactive|Time left: 300 sec this turn | 300 sec total\n|\n|t:|1783564217\n|move|p1a: Tatsugiri|Hydro Pump|p2a: Lugia\n|-damage|p2a: Lugia|0 fnt\n|faint|p2a: Lugia\n|\n|upkeep\n|inactive|Time left: 300 sec this turn | 300 sec total | 5 sec grace\n|\n|t:|1783564218\n|switch|p2a: Skarmory|Skarmory, L80, M|235/235\n|turn|17\n|inactive|Time left: 300 sec this turn | 300 sec total\n|\n|t:|1783564219\n|move|p1a: Tatsugiri|Hydro Pump|p2a: Skarmory\n|-ability|p2a: Skarmory|Sturdy\n|-damage|p2a: Skarmory|1/235\n|move|p2a: Skarmory|Brave Bird|p1a: Tatsugiri\n|-damage|p1a: Tatsugiri|0 fnt\n|faint|p1a: Tatsugiri\n|-damage|p2a: Skarmory|0 fnt|[from] Recoil\n|faint|p2a: Skarmory\n|\n|upkeep\n|inactive|Time left: 300 sec this turn | 300 sec total | 5 sec grace\n|\n|t:|1783564220\n|switch|p1a: Gliscor|Gliscor, L76, M|100/100\n|switch|p2a: Glimmora|Glimmora, L75, F|248/248\n|turn|18\n|inactive|Time left: 300 sec this turn | 300 sec total\n|\n|t:|1783564221\n|-terastallize|p2a: Glimmora|Grass\n|move|p1a: Gliscor|Earthquake|p2a: Glimmora\n|-resisted|p2a: Glimmora\n|-damage|p2a: Glimmora|198/248\n|-activate|p2a: Glimmora|ability: Toxic Debris\n|-sidestart|p1: p0x21613e8e|move: Toxic Spikes\n|move|p2a: Glimmora|Meteor Beam||[still]\n|-prepare|p2a: Glimmora|Meteor Beam\n|-boost|p2a: Glimmora|spa|1\n|-enditem|p2a: Glimmora|Power Herb\n|-anim|p2a: Glimmora|Meteor Beam|p1a: Gliscor\n|-damage|p1a: Gliscor|3/100\n|\n|-status|p1a: Gliscor|tox|[from] item: Toxic Orb\n|upkeep\n|turn|19\n|inactive|Time left: 300 sec this turn | 300 sec total\n|\n|t:|1783564222\n|move|p1a: Gliscor|Protect|p1a: Gliscor\n|-singleturn|p1a: Gliscor|Protect\n|move|p2a: Glimmora|Energy Ball|p1a: Gliscor\n|-activate|p1a: Gliscor|move: Protect\n|\n|-heal|p1a: Gliscor|15/100 tox|[from] ability: Poison Heal\n|upkeep\n|turn|20\n|inactive|Time left: 300 sec this turn | 300 sec total\n|\n|t:|1783564223\n|move|p1a: Gliscor|Protect|p1a: Gliscor\n|-singleturn|p1a: Gliscor|Protect\n|move|p2a: Glimmora|Energy Ball|p1a: Gliscor\n|-activate|p1a: Gliscor|move: Protect\n|\n|-heal|p1a: Gliscor|27/100 tox|[from] ability: Poison Heal\n|upkeep\n|turn|21\n|inactive|Time left: 300 sec this turn | 300 sec total\n|\n|t:|1783564224\n|move|p1a: Gliscor|Substitute|p1a: Gliscor\n|-start|p1a: Gliscor|Substitute\n|-damage|p1a: Gliscor|2/100 tox\n|move|p2a: Glimmora|Sludge Wave|p1a: Gliscor\n|-resisted|p1a: Gliscor\n|-end|p1a: Gliscor|Substitute\n|\n|-heal|p1a: Gliscor|14/100 tox|[from] ability: Poison Heal\n|upkeep\n|turn|22\n|inactive|Time left: 300 sec this turn | 300 sec total\n|\n|t:|1783564225\n|move|p1a: Gliscor|Protect|p1a: Gliscor\n|-singleturn|p1a: Gliscor|Protect\n|move|p2a: Glimmora|Sludge Wave|p1a: Gliscor\n|-activate|p1a: Gliscor|move: Protect\n|\n|-heal|p1a: Gliscor|26/100 tox|[from] ability: Poison Heal\n|upkeep\n|turn|23\n|inactive|Time left: 300 sec this turn | 300 sec total\n|\n|t:|1783564226\n|move|p1a: Gliscor|Substitute|p1a: Gliscor\n|-start|p1a: Gliscor|Substitute\n|-damage|p1a: Gliscor|2/100 tox\n|move|p2a: Glimmora|Sludge Wave|p1a: Gliscor\n|-resisted|p1a: Gliscor\n|-end|p1a: Gliscor|Substitute\n|\n|-heal|p1a: Gliscor|14/100 tox|[from] ability: Poison Heal\n|upkeep\n|turn|24\n|inactive|Time left: 300 sec this turn | 300 sec total\n|\n|t:|1783564227\n|move|p1a: Gliscor|Protect|p1a: Gliscor\n|-singleturn|p1a: Gliscor|Protect\n|move|p2a: Glimmora|Sludge Wave|p1a: Gliscor\n|-activate|p1a: Gliscor|move: Protect\n|\n|-heal|p1a: Gliscor|26/100 tox|[from] ability: Poison Heal\n|upkeep\n|turn|25\n|inactive|Time left: 300 sec this turn | 300 sec total\n|\n|t:|1783564228\n|move|p1a: Gliscor|Substitute|p1a: Gliscor\n|-start|p1a: Gliscor|Substitute\n|-damage|p1a: Gliscor|1/100 tox\n|move|p2a: Glimmora|Energy Ball|p1a: Gliscor\n|-end|p1a: Gliscor|Substitute\n|\n|-heal|p1a: Gliscor|13/100 tox|[from] ability: Poison Heal\n|upkeep\n|turn|26\n|inactive|Time left: 300 sec this turn | 300 sec total\n|\n|t:|1783564229\n|move|p1a: Gliscor|Protect|p1a: Gliscor\n|-singleturn|p1a: Gliscor|Protect\n|move|p2a: Glimmora|Energy Ball|p1a: Gliscor\n|-activate|p1a: Gliscor|move: Protect\n|\n|-heal|p1a: Gliscor|26/100 tox|[from] ability: Poison Heal\n|upkeep\n|turn|27\n|inactive|Time left: 300 sec this turn | 300 sec total\n|\n|t:|1783564229\n|move|p1a: Gliscor|Substitute|p1a: Gliscor\n|-start|p1a: Gliscor|Substitute\n|-damage|p1a: Gliscor|1/100 tox\n|move|p2a: Glimmora|Energy Ball|p1a: Gliscor\n|-end|p1a: Gliscor|Substitute\n|\n|-heal|p1a: Gliscor|13/100 tox|[from] ability: Poison Heal\n|upkeep\n|turn|28\n|inactive|Time left: 300 sec this turn | 300 sec total\n|\n|t:|1783564230\n|move|p1a: Gliscor|Protect|p1a: Gliscor\n|-singleturn|p1a: Gliscor|Protect\n|move|p2a: Glimmora|Energy Ball|p1a: Gliscor\n|-activate|p1a: Gliscor|move: Protect\n|\n|-heal|p1a: Gliscor|25/100 tox|[from] ability: Poison Heal\n|upkeep\n|turn|29\n|inactive|Time left: 300 sec this turn | 300 sec total\n|\n|t:|1783564231\n|move|p1a: Gliscor|Protect||[still]\n|-fail|p1a: Gliscor\n|move|p2a: Glimmora|Sludge Wave|p1a: Gliscor\n|-resisted|p1a: Gliscor\n|-damage|p1a: Gliscor|0 fnt\n|faint|p1a: Gliscor\n|\n|upkeep\n|\n|t:|1783564232\n|switch|p1a: Whimsicott|Whimsicott, L84, F|100/100\n|turn|30\n|inactive|Time left: 300 sec this turn | 300 sec total\n|\n|t:|1783564233\n|move|p1a: Whimsicott|U-turn|p2a: Glimmora\n|-supereffective|p2a: Glimmora\n|-damage|p2a: Glimmora|114/248\n|-activate|p2a: Glimmora|ability: Toxic Debris\n|-sidestart|p1: p0x21613e8e|move: Toxic Spikes\n|move|p2a: Glimmora|Sludge Wave|p1a: Whimsicott\n|-supereffective|p1a: Whimsicott\n|-damage|p1a: Whimsicott|0 fnt\n|faint|p1a: Whimsicott\n|\n|win|p0y21616937", "uploadtime": 1783564233, "views": 0, "rating": 0, "private": 0, "password": null, "_winner": "p0y21616937", "_our_name": "p0y21616937"}