{"id": "battle-gen9randombattle-328", "formatid": "gen9randombattle", "format": "[Gen 9] Random Battle", "players": ["p0x3288e5b", "p0y328038d"], "log": "|init|battle\n|title|p0x3288e5b vs. p0y328038d\n|j|\u2606p0x3288e5b\n|j|\u2606p0y328038d\n|t:|1783543415\n|gametype|singles\n|player|p1|p0x3288e5b|170|\n|player|p2|p0y328038d|101|\n|gen|9\n|tier|[Gen 9] Random Battle\n|rule|Species Clause: Limit one of each Pok\u00e9mon\n|rule|HP Percentage Mod: HP is shown in percentages\n|rule|Sleep Clause Mod: Limit one foe put to sleep\n|rule|Illusion Level Mod: Illusion disguises the Pok\u00e9mon's true level\n|\n|t:|1783543415\n|teamsize|p1|6\n|teamsize|p2|6\n|start\n|switch|p1a: Iron Bundle|Iron Bundle, L78|100/100\n|switch|p2a: Qwilfish|Qwilfish-Hisui, L83, F|244/244\n|-ability|p2a: Qwilfish|Intimidate|boost\n|-unboost|p1a: Iron Bundle|atk|1\n|turn|1\n|inactive|Battle timer is ON: inactive players will automatically lose when time's up. (requested by p0x3288e5b)\n|inactive|Time left: 300 sec this turn | 300 sec total | 60 sec grace\n|inactive|p0y328038d also wants the timer to be on.\n|\n|t:|1783543417\n|move|p1a: Iron Bundle|Ice Beam|p2a: Qwilfish\n|-damage|p2a: Qwilfish|108/244\n|move|p2a: Qwilfish|Crunch|p1a: Iron Bundle\n|-damage|p1a: Iron Bundle|65/100\n|\n|upkeep\n|turn|2\n|inactive|Time left: 300 sec this turn | 300 sec total\n|\n|t:|1783543418\n|move|p1a: Iron Bundle|Ice Beam|p2a: Qwilfish\n|-damage|p2a: Qwilfish|0 fnt\n|faint|p2a: Qwilfish\n|\n|upkeep\n|inactive|Time left: 300 sec this turn | 300 sec total | 5 sec grace\n|\n|t:|1783543419\n|switch|p2a: Hitmonlee|Hitmonlee, L85, M|223/223\n|turn|3\n|inactive|Time left: 300 sec this turn | 300 sec total\n|\n|t:|1783543420\n|move|p1a: Iron Bundle|Ice Beam|p2a: Hitmonlee\n|-damage|p2a: Hitmonlee|106/223\n|move|p2a: Hitmonlee|High Jump Kick|p1a: Iron Bundle\n|-supereffective|p1a: Iron Bundle\n|-damage|p1a: Iron Bundle|0 fnt\n|faint|p1a: Iron Bundle\n|-end|p1a: Iron Bundle|Quark Drive|[silent]\n|\n|upkeep\n|\n|t:|1783543421\n|switch|p1a: Greninja|Greninja, L80, M|100/100\n|turn|4\n|inactive|Time left: 300 sec this turn | 300 sec total\n|\n|t:|1783543422\n|move|p1a: Greninja|Gunk Shot|p2a: Hitmonlee\n|-damage|p2a: Hitmonlee|0 fnt\n|faint|p2a: Hitmonlee\n|-ability|p1a: Greninja|Battle Bond|boost\n|-boost|p1a: Greninja|atk|1\n|-boost|p1a: Greninja|spa|1\n|-boost|p1a: Greninja|spe|1\n|-activate|p1a: Greninja|ability: Battle Bond\n|-damage|p1a: Greninja|91/100|[from] item: Life Orb\n|\n|upkeep\n|inactive|Time left: 300 sec this turn | 300 sec total | 5 sec grace\n|\n|t:|1783543423\n|switch|p2a: Lilligant|Lilligant-Hisui, L79, F|240/240\n|turn|5\n|inactive|Time left: 300 sec this turn | 300 sec total\n|\n|t:|1783543424\n|-terastallize|p2a: Lilligant|Steel\n|move|p1a: Greninja|Ice Beam|p2a: Lilligant\n|-resisted|p2a: Lilligant\n|-damage|p2a: Lilligant|166/240\n|-damage|p1a: Greninja|81/100|[from] item: Life Orb\n|move|p2a: Lilligant|Leaf Blade|p1a: Greninja\n|-supereffective|p1a: Greninja\n|-damage|p1a: Greninja|0 fnt\n|faint|p1a: Greninja\n|\n|upkeep\n|\n|t:|1783543425\n|switch|p1a: Raging Bolt|Raging Bolt, L78|100/100\n|-enditem|p1a: Raging Bolt|Booster Energy\n|-activate|p1a: Raging Bolt|ability: Protosynthesis|[fromitem]\n|-start|p1a: Raging Bolt|protosynthesisspa\n|turn|6\n|inactive|Time left: 300 sec this turn | 300 sec total\n|\n|t:|1783543426\n|move|p2a: Lilligant|Sleep Powder|p1a: Raging Bolt\n|-status|p1a: Raging Bolt|slp|[from] move: Sleep Powder\n|cant|p1a: Raging Bolt|slp\n|\n|upkeep\n|turn|7\n|inactive|Time left: 300 sec this turn | 300 sec total\n|\n|t:|1783543427\n|move|p2a: Lilligant|Victory Dance|p2a: Lilligant\n|-boost|p2a: Lilligant|atk|1\n|-boost|p2a: Lilligant|def|1\n|-boost|p2a: Lilligant|spe|1\n|cant|p1a: Raging Bolt|slp\n|\n|upkeep\n|turn|8\n|inactive|Time left: 300 sec this turn | 300 sec total\n|\n|t:|1783543428\n|move|p2a: Lilligant|Victory Dance|p2a: Lilligant\n|-boost|p2a: Lilligant|atk|1\n|-boost|p2a: Lilligant|def|1\n|-boost|p2a: Lilligant|spe|1\n|-curestatus|p1a: Raging Bolt|slp|[msg]\n|move|p1a: Raging Bolt|Thunderbolt|p2a: Lilligant\n|-damage|p2a: Lilligant|0 fnt\n|faint|p2a: Lilligant\n|\n|upkeep\n|inactive|Time left: 300 sec this turn | 300 sec total | 5 sec grace\n|\n|t:|1783543429\n|switch|p2a: Iron Treads|Iron Treads, L77|265/265\n|turn|9\n|inactive|Time left: 300 sec this turn | 300 sec total\n|\n|t:|1783543429\n|-end|p1a: Raging Bolt|Protosynthesis|[silent]\n|switch|p1a: Jumpluff|Jumpluff, L87, M|100/100\n|move|p2a: Iron Treads|Earthquake|p1a: Jumpluff\n|-immune|p1a: Jumpluff\n|\n|upkeep\n|turn|10\n|inactive|Time left: 300 sec this turn | 300 sec total\n|\n|t:|1783543431\n|move|p1a: Jumpluff|Sleep Powder|p2a: Iron Treads\n|-status|p2a: Iron Treads|slp|[from] move: Sleep Powder\n|cant|p2a: Iron Treads|slp\n|\n|upkeep\n|turn|11\n|inactive|Time left: 300 sec this turn | 300 sec total\n|\n|t:|1783543432\n|switch|p1a: Baxcalibur|Baxcalibur, L75, F|100/100\n|cant|p2a: Iron Treads|slp\n|\n|upkeep\n|turn|12\n|inactive|Time left: 300 sec this turn | 300 sec total\n|\n|t:|1783543433\n|cant|p2a: Iron Treads|slp\n|move|p1a: Baxcalibur|Swords Dance|p1a: Baxcalibur\n|-boost|p1a: Baxcalibur|atk|2\n|\n|upkeep\n|turn|13\n|inactive|Time left: 300 sec this turn | 300 sec total\n|\n|t:|1783543434\n|-curestatus|p2a: Iron Treads|slp|[msg]\n|move|p2a: Iron Treads|Iron Head|p1a: Baxcalibur\n|-supereffective|p1a: Baxcalibur\n|-damage|p1a: Baxcalibur|41/100\n|cant|p1a: Baxcalibur|flinch\n|\n|upkeep\n|turn|14\n|inactive|Time left: 300 sec this turn | 300 sec total\n|\n|t:|1783543435\n|-terastallize|p1a: Baxcalibur|Ground\n|move|p2a: Iron Treads|Iron Head|p1a: Baxcalibur\n|-crit|p1a: Baxcalibur\n|-damage|p1a: Baxcalibur|0 fnt\n|faint|p1a: Baxcalibur\n|\n|upkeep\n|\n|t:|1783543436\n|switch|p1a: Jumpluff|Jumpluff, L87, M|100/100\n|turn|15\n|inactive|Time left: 300 sec this turn | 300 sec total\n|\n|t:|1783543437\n|move|p1a: Jumpluff|Sleep Powder|p2a: Iron Treads\n|-status|p2a: Iron Treads|slp|[from] move: Sleep Powder\n|cant|p2a: Iron Treads|slp\n|\n|upkeep\n|turn|16\n|inactive|Time left: 300 sec this turn | 300 sec total\n|\n|t:|1783543438\n|move|p1a: Jumpluff|Strength Sap|p2a: Iron Treads\n|-unboost|p2a: Iron Treads|atk|1\n|-curestatus|p2a: Iron Treads|slp|[msg]\n|move|p2a: Iron Treads|Rapid Spin|p1a: Jumpluff\n|-damage|p1a: Jumpluff|91/100\n|-boost|p2a: Iron Treads|spe|1\n|\n|upkeep\n|turn|17\n|inactive|Time left: 300 sec this turn | 300 sec total\n|\n|t:|1783543439\n|move|p2a: Iron Treads|Stealth Rock|p1a: Jumpluff\n|-sidestart|p1: p0x3288e5b|move: Stealth Rock\n|move|p1a: Jumpluff|Strength Sap|p2a: Iron Treads\n|-unboost|p2a: Iron Treads|atk|1\n|-heal|p1a: Jumpluff|100/100\n|\n|upkeep\n|turn|18\n|inactive|Time left: 300 sec this turn | 300 sec total\n|\n|t:|1783543440\n|-end|p2a: Iron Treads|Quark Drive|[silent]\n|switch|p2a: Krookodile|Krookodile, L79, F|280/280\n|-ability|p2a: Krookodile|Intimidate|boost\n|-unboost|p1a: Jumpluff|atk|1\n|move|p1a: Jumpluff|Sleep Powder|p2a: Krookodile\n|-status|p2a: Krookodile|slp|[from] move: Sleep Powder\n|\n|upkeep\n|turn|19\n|inactive|Time left: 300 sec this turn | 300 sec total\n|\n|t:|1783543440\n|switch|p2a: Iron Treads|Iron Treads, L77|265/265\n|switch|p1a: Diancie|Diancie, L82|100/100\n|-damage|p1a: Diancie|88/100|[from] Stealth Rock\n|\n|upkeep\n|turn|20\n|inactive|Time left: 300 sec this turn | 300 sec total\n|\n|t:|1783543441\n|switch|p1a: Jumpluff|Jumpluff, L87, M|100/100\n|-damage|p1a: Jumpluff|76/100|[from] Stealth Rock\n|move|p2a: Iron Treads|Iron Head|p1a: Jumpluff\n|-damage|p1a: Jumpluff|45/100\n|\n|upkeep\n|turn|21\n|inactive|Time left: 300 sec this turn | 300 sec total\n|\n|t:|1783543442\n|move|p1a: Jumpluff|Strength Sap|p2a: Iron Treads\n|-unboost|p2a: Iron Treads|atk|1\n|-heal|p1a: Jumpluff|100/100\n|move|p2a: Iron Treads|Rapid Spin|p1a: Jumpluff\n|-damage|p1a: Jumpluff|91/100\n|-boost|p2a: Iron Treads|spe|1\n|\n|upkeep\n|turn|22\n|inactive|Time left: 300 sec this turn | 300 sec total\n|\n|t:|1783543443\n|move|p2a: Iron Treads|Iron Head|p1a: Jumpluff\n|-damage|p1a: Jumpluff|70/100\n|move|p1a: Jumpluff|Strength Sap|p2a: Iron Treads\n|-unboost|p2a: Iron Treads|atk|1\n|-heal|p1a: Jumpluff|100/100\n|\n|upkeep\n|turn|23\n|inactive|Time left: 300 sec this turn | 300 sec total\n|\n|t:|1783543445\n|move|p2a: Iron Treads|Iron Head|p1a: Jumpluff\n|-damage|p1a: Jumpluff|82/100\n|move|p1a: Jumpluff|Strength Sap|p2a: Iron Treads\n|-unboost|p2a: Iron Treads|atk|1\n|-heal|p1a: Jumpluff|100/100\n|\n|upkeep\n|turn|24\n|inactive|Time left: 300 sec this turn | 300 sec total\n|\n|t:|1783543446\n|move|p2a: Iron Treads|Rapid Spin|p1a: Jumpluff\n|-damage|p1a: Jumpluff|94/100\n|-boost|p2a: Iron Treads|spe|1\n|move|p1a: Jumpluff|Strength Sap|p2a: Iron Treads\n|-unboost|p2a: Iron Treads|atk|1\n|-heal|p1a: Jumpluff|100/100\n|\n|upkeep\n|turn|25\n|inactive|Time left: 300 sec this turn | 300 sec total\n|\n|t:|1783543447\n|move|p2a: Iron Treads|Iron Head|p1a: Jumpluff\n|-damage|p1a: Jumpluff|89/100\n|move|p1a: Jumpluff|Acrobatics|p2a: Iron Treads\n|-resisted|p2a: Iron Treads\n|-damage|p2a: Iron Treads|230/265\n|\n|-heal|p2a: Iron Treads|246/265|[from] item: Leftovers\n|upkeep\n|turn|26\n|inactive|Time left: 300 sec this turn | 300 sec total\n|\n|t:|1783543448\n|move|p2a: Iron Treads|Rapid Spin|p1a: Jumpluff\n|-damage|p1a: Jumpluff|84/100\n|-boost|p2a: Iron Treads|spe|1\n|move|p1a: Jumpluff|Acrobatics|p2a: Iron Treads\n|-resisted|p2a: Iron Treads\n|-damage|p2a: Iron Treads|213/265\n|\n|-heal|p2a: Iron Treads|229/265|[from] item: Leftovers\n|upkeep\n|turn|27\n|inactive|Time left: 300 sec this turn | 300 sec total\n|\n|t:|1783543450\n|move|p2a: Iron Treads|Iron Head|p1a: Jumpluff\n|-damage|p1a: Jumpluff|72/100\n|cant|p1a: Jumpluff|flinch\n|\n|-heal|p2a: Iron Treads|245/265|[from] item: Leftovers\n|upkeep\n|turn|28\n|inactive|Time left: 300 sec this turn | 300 sec total\n|\n|t:|1783543451\n|move|p2a: Iron Treads|Iron Head|p1a: Jumpluff\n|-damage|p1a: Jumpluff|61/100\n|move|p1a: Jumpluff|Strength Sap|p2a: Iron Treads\n|-unboost|p2a: Iron Treads|atk|1\n|-heal|p1a: Jumpluff|88/100\n|\n|-heal|p2a: Iron Treads|261/265|[from] item: Leftovers\n|upkeep\n|turn|29\n|inactive|Time left: 300 sec this turn | 300 sec total\n|\n|t:|1783543452\n|move|p2a: Iron Treads|Iron Head|p1a: Jumpluff\n|-damage|p1a: Jumpluff|78/100\n|move|p1a: Jumpluff|Strength Sap|p2a: Iron Treads\n|-unboost|p2a: Iron Treads|atk|1\n|-heal|p1a: Jumpluff|100/100\n|\n|-heal|p2a: Iron Treads|265/265|[from] item: Leftovers\n|upkeep\n|turn|30\n|inactive|Time left: 300 sec this turn | 300 sec total\n|\n|t:|1783543453\n|switch|p1a: Diancie|Diancie, L82|88/100\n|-damage|p1a: Diancie|75/100|[from] Stealth Rock\n|move|p2a: Iron Treads|Iron Head|p1a: Diancie\n|-supereffective|p1a: Diancie\n|-damage|p1a: Diancie|51/100\n|\n|upkeep\n|turn|31\n|inactive|Time left: 300 sec this turn | 300 sec total\n|\n|t:|1783543454\n|move|p2a: Iron Treads|Iron Head|p1a: Diancie\n|-supereffective|p1a: Diancie\n|-crit|p1a: Diancie\n|-damage|p1a: Diancie|0 fnt\n|faint|p1a: Diancie\n|\n|upkeep\n|\n|t:|1783543455\n|switch|p1a: Raging Bolt|Raging Bolt, L78|100/100\n|-damage|p1a: Raging Bolt|88/100|[from] Stealth Rock\n|turn|32\n|inactive|Time left: 300 sec this turn | 300 sec total\n|\n|t:|1783543456\n|-end|p2a: Iron Treads|Quark Drive|[silent]\n|switch|p2a: Krookodile|Krookodile, L79, F|280/280 slp\n|-ability|p2a: Krookodile|Intimidate|boost\n|-unboost|p1a: Raging Bolt|atk|1\n|move|p1a: Raging Bolt|Calm Mind|p1a: Raging Bolt\n|-boost|p1a: Raging Bolt|spa|1\n|-boost|p1a: Raging Bolt|spd|1\n|\n|upkeep\n|turn|33\n|inactive|Time left: 300 sec this turn | 300 sec total\n|\n|t:|1783543457\n|switch|p2a: Iron Treads|Iron Treads, L77|265/265\n|move|p1a: Raging Bolt|Dragon Pulse|p2a: Iron Treads\n|-resisted|p2a: Iron Treads\n|-damage|p2a: Iron Treads|165/265\n|\n|-heal|p2a: Iron Treads|181/265|[from] item: Leftovers\n|upkeep\n|turn|34\n|inactive|Time left: 300 sec this turn | 300 sec total\n|\n|t:|1783543458\n|move|p2a: Iron Treads|Earthquake|p1a: Raging Bolt\n|-supereffective|p1a: Raging Bolt\n|-crit|p1a: Raging Bolt\n|-damage|p1a: Raging Bolt|0 fnt\n|faint|p1a: Raging Bolt\n|-end|p1a: Raging Bolt|Protosynthesis|[silent]\n|\n|-heal|p2a: Iron Treads|197/265|[from] item: Leftovers\n|upkeep\n|\n|t:|1783543459\n|switch|p1a: Jumpluff|Jumpluff, L87, M|100/100\n|-damage|p1a: Jumpluff|76/100|[from] Stealth Rock\n|turn|35\n|inactive|Time left: 300 sec this turn | 300 sec total\n|\n|t:|1783543460\n|move|p1a: Jumpluff|Strength Sap|p2a: Iron Treads\n|-unboost|p2a: Iron Treads|atk|1\n|-heal|p1a: Jumpluff|100/100\n|move|p2a: Iron Treads|Rapid Spin|p1a: Jumpluff\n|-damage|p1a: Jumpluff|92/100\n|-boost|p2a: Iron Treads|spe|1\n|\n|-heal|p2a: Iron Treads|213/265|[from] item: Leftovers\n|upkeep\n|turn|36\n|inactive|Time left: 300 sec this turn | 300 sec total\n|\n|t:|1783543461\n|move|p2a: Iron Treads|Iron Head|p1a: Jumpluff\n|-damage|p1a: Jumpluff|68/100\n|move|p1a: Jumpluff|Strength Sap|p2a: Iron Treads\n|-unboost|p2a: Iron Treads|atk|1\n|-heal|p1a: Jumpluff|100/100\n|\n|-heal|p2a: Iron Treads|229/265|[from] item: Leftovers\n|upkeep\n|turn|37\n|inactive|Time left: 300 sec this turn | 300 sec total\n|\n|t:|1783543462\n|move|p2a: Iron Treads|Rapid Spin|p1a: Jumpluff\n|-damage|p1a: Jumpluff|93/100\n|-boost|p2a: Iron Treads|spe|1\n|move|p1a: Jumpluff|Acrobatics|p2a: Iron Treads\n|-resisted|p2a: Iron Treads\n|-crit|p2a: Iron Treads\n|-damage|p2a: Iron Treads|180/265\n|\n|-heal|p2a: Iron Treads|196/265|[from] item: Leftovers\n|upkeep\n|turn|38\n|inactive|Time left: 300 sec this turn | 300 sec total\n|\n|t:|1783543463\n|move|p2a: Iron Treads|Rapid Spin|p1a: Jumpluff\n|-damage|p1a: Jumpluff|87/100\n|-boost|p2a: Iron Treads|spe|1\n|move|p1a: Jumpluff|Acrobatics|p2a: Iron Treads\n|-resisted|p2a: Iron Treads\n|-damage|p2a: Iron Treads|160/265\n|\n|-heal|p2a: Iron Treads|176/265|[from] item: Leftovers\n|upkeep\n|turn|39\n|inactive|Time left: 300 sec this turn | 300 sec total\n|\n|t:|1783543464\n|move|p2a: Iron Treads|Iron Head|p1a: Jumpluff\n|-damage|p1a: Jumpluff|70/100\n|move|p1a: Jumpluff|Acrobatics|p2a: Iron Treads\n|-resisted|p2a: Iron Treads\n|-damage|p2a: Iron Treads|140/265\n|\n|-heal|p2a: Iron Treads|156/265|[from] item: Leftovers\n|upkeep\n|turn|40\n|inactive|Time left: 300 sec this turn | 300 sec total\n|\n|t:|1783543466\n|move|p2a: Iron Treads|Iron Head|p1a: Jumpluff\n|-damage|p1a: Jumpluff|54/100\n|move|p1a: Jumpluff|Strength Sap|p2a: Iron Treads\n|-unboost|p2a: Iron Treads|atk|1\n|-heal|p1a: Jumpluff|94/100\n|\n|-heal|p2a: Iron Treads|172/265|[from] item: Leftovers\n|upkeep\n|turn|41\n|inactive|Time left: 300 sec this turn | 300 sec total\n|\n|t:|1783543467\n|move|p2a: Iron Treads|Rapid Spin|p1a: Jumpluff\n|-damage|p1a: Jumpluff|88/100\n|-boost|p2a: Iron Treads|spe|1\n|move|p1a: Jumpluff|Strength Sap|p2a: Iron Treads\n|-unboost|p2a: Iron Treads|atk|1\n|-heal|p1a: Jumpluff|100/100\n|\n|-heal|p2a: Iron Treads|188/265|[from] item: Leftovers\n|upkeep\n|turn|42\n|inactive|Time left: 300 sec this turn | 300 sec total\n|\n|t:|1783543468\n|move|p2a: Iron Treads|Iron Head|p1a: Jumpluff\n|-damage|p1a: Jumpluff|89/100\n|move|p1a: Jumpluff|Acrobatics|p2a: Iron Treads\n|-resisted|p2a: Iron Treads\n|-damage|p2a: Iron Treads|151/265\n|\n|-heal|p2a: Iron Treads|167/265|[from] item: Leftovers\n|upkeep\n|turn|43\n|inactive|Time left: 300 sec this turn | 300 sec total\n|\n|t:|1783543469\n|move|p2a: Iron Treads|Iron Head|p1a: Jumpluff\n|-damage|p1a: Jumpluff|78/100\n|cant|p1a: Jumpluff|flinch\n|\n|-heal|p2a: Iron Treads|183/265|[from] item: Leftovers\n|upkeep\n|turn|44\n|inactive|Time left: 300 sec this turn | 300 sec total\n|\n|t:|1783543470\n|move|p2a: Iron Treads|Iron Head|p1a: Jumpluff\n|-damage|p1a: Jumpluff|66/100\n|move|p1a: Jumpluff|Acrobatics|p2a: Iron Treads\n|-resisted|p2a: Iron Treads\n|-damage|p2a: Iron Treads|147/265\n|\n|-heal|p2a: Iron Treads|163/265|[from] item: Leftovers\n|upkeep\n|turn|45\n|inactive|Time left: 300 sec this turn | 300 sec total\n|\n|t:|1783543471\n|move|p2a: Iron Treads|Iron Head|p1a: Jumpluff\n|-damage|p1a: Jumpluff|54/100\n|move|p1a: Jumpluff|Strength Sap|p2a: Iron Treads\n|-unboost|p2a: Iron Treads|atk|1\n|-heal|p1a: Jumpluff|80/100\n|\n|-heal|p2a: Iron Treads|179/265|[from] item: Leftovers\n|upkeep\n|turn|46\n|inactive|Time left: 300 sec this turn | 300 sec total\n|\n|t:|1783543472\n|move|p2a: Iron Treads|Iron Head|p1a: Jumpluff\n|-damage|p1a: Jumpluff|70/100\n|move|p1a: Jumpluff|Acrobatics|p2a: Iron Treads\n|-resisted|p2a: Iron Treads\n|-damage|p2a: Iron Treads|143/265\n|\n|-heal|p2a: Iron Treads|159/265|[from] item: Leftovers\n|upkeep\n|turn|47\n|inactive|Time left: 300 sec this turn | 300 sec total\n|\n|t:|1783543474\n|move|p2a: Iron Treads|Iron Head|p1a: Jumpluff\n|-damage|p1a: Jumpluff|61/100\n|cant|p1a: Jumpluff|flinch\n|\n|-heal|p2a: Iron Treads|175/265|[from] item: Leftovers\n|upkeep\n|turn|48\n|inactive|Time left: 300 sec this turn | 300 sec total\n|\n|t:|1783543475\n|move|p2a: Iron Treads|Iron Head|p1a: Jumpluff\n|-damage|p1a: Jumpluff|51/100\n|move|p1a: Jumpluff|Strength Sap|p2a: Iron Treads\n|-unboost|p2a: Iron Treads|atk|1\n|-heal|p1a: Jumpluff|74/100\n|\n|-heal|p2a: Iron Treads|191/265|[from] item: Leftovers\n|upkeep\n|turn|49\n|inactive|Time left: 300 sec this turn | 300 sec total\n|\n|t:|1783543476\n|move|p2a: Iron Treads|Iron Head|p1a: Jumpluff\n|-damage|p1a: Jumpluff|65/100\n|move|p1a: Jumpluff|Acrobatics|p2a: Iron Treads\n|-resisted|p2a: Iron Treads\n|-damage|p2a: Iron Treads|157/265\n|\n|-heal|p2a: Iron Treads|173/265|[from] item: Leftovers\n|upkeep\n|turn|50\n|inactive|Time left: 300 sec this turn | 300 sec total\n|\n|t:|1783543477\n|move|p2a: Iron Treads|Rapid Spin|p1a: Jumpluff\n|-damage|p1a: Jumpluff|61/100\n|-boost|p2a: Iron Treads|spe|1\n|move|p1a: Jumpluff|Acrobatics|p2a: Iron Treads\n|-resisted|p2a: Iron Treads\n|-damage|p2a: Iron Treads|139/265\n|\n|-heal|p2a: Iron Treads|155/265|[from] item: Leftovers\n|upkeep\n|turn|51\n|inactive|Time left: 300 sec this turn | 300 sec total\n|\n|t:|1783543478\n|move|p2a: Iron Treads|Iron Head|p1a: Jumpluff\n|-damage|p1a: Jumpluff|52/100\n|move|p1a: Jumpluff|Acrobatics|p2a: Iron Treads\n|-resisted|p2a: Iron Treads\n|-damage|p2a: Iron Treads|116/265\n|\n|-heal|p2a: Iron Treads|132/265|[from] item: Leftovers\n|upkeep\n|turn|52\n|inactive|Time left: 300 sec this turn | 300 sec total\n|\n|t:|1783543480\n|move|p2a: Iron Treads|Iron Head|p1a: Jumpluff\n|-damage|p1a: Jumpluff|44/100\n|cant|p1a: Jumpluff|flinch\n|\n|-heal|p2a: Iron Treads|148/265|[from] item: Leftovers\n|upkeep\n|turn|53\n|inactive|Time left: 300 sec this turn | 300 sec total\n|\n|t:|1783543481\n|move|p2a: Iron Treads|Rapid Spin|p1a: Jumpluff\n|-damage|p1a: Jumpluff|40/100\n|-boost|p2a: Iron Treads|spe|1\n|move|p1a: Jumpluff|Strength Sap||[still]\n|-fail|p1a: Jumpluff\n|\n|-heal|p2a: Iron Treads|164/265|[from] item: Leftovers\n|upkeep\n|turn|54\n|inactive|Time left: 300 sec this turn | 300 sec total\n|\n|t:|1783543482\n|move|p2a: Iron Treads|Rapid Spin|p1a: Jumpluff\n|-damage|p1a: Jumpluff|36/100\n|move|p1a: Jumpluff|Strength Sap||[still]\n|-fail|p1a: Jumpluff\n|\n|-heal|p2a: Iron Treads|180/265|[from] item: Leftovers\n|upkeep\n|turn|55\n|inactive|Time left: 300 sec this turn | 300 sec total\n|\n|t:|1783543483\n|-end|p2a: Iron Treads|Quark Drive|[silent]\n|switch|p2a: Galvantula|Galvantula, L82, M|249/249\n|move|p1a: Jumpluff|Acrobatics|p2a: Galvantula\n|-damage|p2a: Galvantula|135/249\n|\n|upkeep\n|turn|56\n|inactive|Time left: 300 sec this turn | 300 sec total\n|\n|t:|1783543484\n|move|p1a: Jumpluff|Acrobatics|p2a: Galvantula\n|-damage|p2a: Galvantula|27/249\n|move|p2a: Galvantula|Thunder|p1a: Jumpluff\n|-damage|p1a: Jumpluff|0 fnt\n|faint|p1a: Jumpluff\n|\n|win|p0y328038d", "uploadtime": 1783543484, "views": 0, "rating": 0, "private": 0, "password": null, "_winner": "p0y328038d", "_our_name": "p0y328038d"}