{"id": "battle-gen9randombattle-219", "formatid": "gen9randombattle", "format": "[Gen 9] Random Battle", "players": ["p0x2192d96", "p0y2193f2d"], "log": "|init|battle\n|title|p0x2192d96 vs. p0y2193f2d\n|j|\u2606p0x2192d96\n|j|\u2606p0y2193f2d\n|t:|1783536335\n|gametype|singles\n|player|p1|p0x2192d96|101|\n|player|p2|p0y2193f2d|266|\n|gen|9\n|tier|[Gen 9] Random Battle\n|rule|Species Clause: Limit one of each Pok\u00e9mon\n|rule|HP Percentage Mod: HP is shown in percentages\n|rule|Sleep Clause Mod: Limit one foe put to sleep\n|rule|Illusion Level Mod: Illusion disguises the Pok\u00e9mon's true level\n|\n|t:|1783536335\n|teamsize|p1|6\n|teamsize|p2|6\n|start\n|switch|p1a: Masquerain|Masquerain, L87, M|100/100\n|switch|p2a: Chimecho|Chimecho, L93, F|290/290\n|-ability|p1a: Masquerain|Intimidate|boost\n|-unboost|p2a: Chimecho|atk|1\n|turn|1\n|inactive|Battle timer is ON: inactive players will automatically lose when time's up. (requested by p0x2192d96)\n|inactive|Time left: 300 sec this turn | 300 sec total | 60 sec grace\n|inactive|p0y2193f2d also wants the timer to be on.\n|\n|t:|1783536337\n|switch|p2a: Conkeldurr|Conkeldurr, L80, F|299/299\n|move|p1a: Masquerain|Quiver Dance|p1a: Masquerain\n|-boost|p1a: Masquerain|spa|1\n|-boost|p1a: Masquerain|spd|1\n|-boost|p1a: Masquerain|spe|1\n|\n|-status|p2a: Conkeldurr|brn|[from] item: Flame Orb\n|upkeep\n|turn|2\n|inactive|Time left: 300 sec this turn | 300 sec total\n|\n|t:|1783536338\n|-terastallize|p2a: Conkeldurr|Normal\n|move|p1a: Masquerain|Hurricane|p2a: Conkeldurr\n|-damage|p2a: Conkeldurr|56/299 brn\n|-start|p2a: Conkeldurr|confusion\n|-activate|p2a: Conkeldurr|confusion\n|-damage|p2a: Conkeldurr|17/299 brn|[from] confusion\n|\n|-damage|p2a: Conkeldurr|0 fnt|[from] brn\n|faint|p2a: Conkeldurr\n|upkeep\n|inactive|Time left: 300 sec this turn | 300 sec total | 5 sec grace\n|\n|t:|1783536339\n|switch|p2a: Florges|Florges-White, L85, F|271/271\n|turn|3\n|inactive|Time left: 300 sec this turn | 300 sec total\n|\n|t:|1783536340\n|move|p1a: Masquerain|Quiver Dance|p1a: Masquerain\n|-boost|p1a: Masquerain|spa|1\n|-boost|p1a: Masquerain|spd|1\n|-boost|p1a: Masquerain|spe|1\n|move|p2a: Florges|Calm Mind|p2a: Florges\n|-boost|p2a: Florges|spa|1\n|-boost|p2a: Florges|spd|1\n|\n|upkeep\n|turn|4\n|inactive|Time left: 300 sec this turn | 300 sec total\n|\n|t:|1783536341\n|move|p1a: Masquerain|Quiver Dance|p1a: Masquerain\n|-boost|p1a: Masquerain|spa|1\n|-boost|p1a: Masquerain|spd|1\n|-boost|p1a: Masquerain|spe|1\n|move|p2a: Florges|Moonblast|p1a: Masquerain\n|-damage|p1a: Masquerain|74/100\n|-unboost|p1a: Masquerain|spa|1\n|\n|upkeep\n|turn|5\n|inactive|Time left: 300 sec this turn | 300 sec total\n|\n|t:|1783536342\n|move|p1a: Masquerain|Quiver Dance|p1a: Masquerain\n|-boost|p1a: Masquerain|spa|1\n|-boost|p1a: Masquerain|spd|1\n|-boost|p1a: Masquerain|spe|1\n|move|p2a: Florges|Calm Mind|p2a: Florges\n|-boost|p2a: Florges|spa|1\n|-boost|p2a: Florges|spd|1\n|\n|upkeep\n|turn|6\n|inactive|Time left: 300 sec this turn | 300 sec total\n|\n|t:|1783536343\n|move|p1a: Masquerain|Quiver Dance|p1a: Masquerain\n|-boost|p1a: Masquerain|spa|1\n|-boost|p1a: Masquerain|spd|1\n|-boost|p1a: Masquerain|spe|1\n|move|p2a: Florges|Moonblast|p1a: Masquerain\n|-damage|p1a: Masquerain|49/100\n|-unboost|p1a: Masquerain|spa|1\n|\n|upkeep\n|turn|7\n|inactive|Time left: 300 sec this turn | 300 sec total\n|\n|t:|1783536344\n|move|p1a: Masquerain|Quiver Dance|p1a: Masquerain\n|-boost|p1a: Masquerain|spa|1\n|-boost|p1a: Masquerain|spd|1\n|-boost|p1a: Masquerain|spe|1\n|move|p2a: Florges|Moonblast|p1a: Masquerain\n|-damage|p1a: Masquerain|25/100\n|\n|upkeep\n|turn|8\n|inactive|Time left: 300 sec this turn | 300 sec total\n|\n|t:|1783536345\n|move|p1a: Masquerain|Hurricane|p2a: Florges\n|-damage|p2a: Florges|159/271\n|move|p2a: Florges|Moonblast|p1a: Masquerain\n|-damage|p1a: Masquerain|0 fnt\n|faint|p1a: Masquerain\n|\n|-heal|p2a: Florges|175/271|[from] item: Leftovers\n|upkeep\n|\n|t:|1783536346\n|switch|p1a: Gumshoos|Gumshoos, L95, F|100/100\n|turn|9\n|inactive|Time left: 300 sec this turn | 300 sec total\n|\n|t:|1783536347\n|move|p2a: Florges|Moonblast|p1a: Gumshoos\n|-damage|p1a: Gumshoos|9/100\n|move|p1a: Gumshoos|Double-Edge|p2a: Florges\n|-damage|p2a: Florges|0 fnt\n|faint|p2a: Florges\n|-damage|p1a: Gumshoos|0 fnt|[from] Recoil\n|faint|p1a: Gumshoos\n|\n|upkeep\n|inactive|Time left: 300 sec this turn | 300 sec total | 5 sec grace\n|\n|t:|1783536348\n|switch|p2a: Venusaur|Venusaur, L84, M|272/272\n|switch|p1a: Shiftry|Shiftry, L89, M|100/100\n|turn|10\n|inactive|Time left: 300 sec this turn | 300 sec total\n|\n|t:|1783536349\n|-terastallize|p1a: Shiftry|Poison\n|move|p1a: Shiftry|Swords Dance|p1a: Shiftry\n|-boost|p1a: Shiftry|atk|2\n|move|p2a: Venusaur|Sludge Bomb|p1a: Shiftry\n|-resisted|p1a: Shiftry\n|-damage|p1a: Shiftry|81/100\n|\n|upkeep\n|turn|11\n|inactive|Time left: 300 sec this turn | 300 sec total\n|\n|t:|1783536350\n|switch|p2a: Kingambit|Kingambit, L74, F|270/270\n|-activate|p2a: Kingambit|ability: Supreme Overlord\n|-start|p2a: Kingambit|fallen2|[silent]\n|move|p1a: Shiftry|Knock Off|p2a: Kingambit\n|-resisted|p2a: Kingambit\n|-damage|p2a: Kingambit|130/270\n|-enditem|p2a: Kingambit|Leftovers|[from] move: Knock Off|[of] p1a: Shiftry\n|-damage|p1a: Shiftry|71/100|[from] item: Life Orb\n|\n|upkeep\n|turn|12\n|inactive|Time left: 300 sec this turn | 300 sec total\n|\n|t:|1783536351\n|move|p1a: Shiftry|Leaf Blade|p2a: Kingambit\n|-resisted|p2a: Kingambit\n|-damage|p2a: Kingambit|1/270\n|-damage|p1a: Shiftry|61/100|[from] item: Life Orb\n|move|p2a: Kingambit|Kowtow Cleave|p1a: Shiftry\n|-damage|p1a: Shiftry|16/100\n|\n|upkeep\n|turn|13\n|inactive|Time left: 300 sec this turn | 300 sec total\n|\n|t:|1783536352\n|move|p1a: Shiftry|Sucker Punch|p2a: Kingambit\n|-resisted|p2a: Kingambit\n|-damage|p2a: Kingambit|0 fnt\n|faint|p2a: Kingambit\n|-end|p2a: Kingambit|fallen2|[silent]\n|-damage|p1a: Shiftry|6/100|[from] item: Life Orb\n|\n|upkeep\n|inactive|Time left: 300 sec this turn | 300 sec total | 5 sec grace\n|\n|t:|1783536353\n|switch|p2a: Arceus|Arceus-Psychic, L70|284/284\n|turn|14\n|inactive|Time left: 300 sec this turn | 300 sec total\n|\n|t:|1783536354\n|move|p1a: Shiftry|Sucker Punch||[still]\n|-fail|p1a: Shiftry\n|move|p2a: Arceus|Cosmic Power|p2a: Arceus\n|-boost|p2a: Arceus|def|1\n|-boost|p2a: Arceus|spd|1\n|\n|upkeep\n|turn|15\n|inactive|Time left: 300 sec this turn | 300 sec total\n|\n|t:|1783536355\n|move|p1a: Shiftry|Sucker Punch||[still]\n|-fail|p1a: Shiftry\n|move|p2a: Arceus|Cosmic Power|p2a: Arceus\n|-boost|p2a: Arceus|def|1\n|-boost|p2a: Arceus|spd|1\n|\n|upkeep\n|turn|16\n|inactive|Time left: 300 sec this turn | 300 sec total\n|\n|t:|1783536355\n|switch|p1a: Appletun|Appletun, L92, M|100/100\n|move|p2a: Arceus|Cosmic Power|p2a: Arceus\n|-boost|p2a: Arceus|def|1\n|-boost|p2a: Arceus|spd|1\n|\n|upkeep\n|turn|17\n|inactive|Time left: 300 sec this turn | 300 sec total\n|\n|t:|1783536356\n|move|p2a: Arceus|Stored Power|p1a: Appletun\n|-damage|p1a: Appletun|56/100\n|move|p1a: Appletun|Dragon Tail|p2a: Arceus\n|-damage|p2a: Arceus|256/284\n|drag|p2a: Chimecho|Chimecho, L93, F|290/290\n|\n|-heal|p1a: Appletun|62/100|[from] item: Leftovers\n|upkeep\n|turn|18\n|inactive|Time left: 300 sec this turn | 300 sec total\n|\n|t:|1783536357\n|move|p2a: Chimecho|Calm Mind|p2a: Chimecho\n|-boost|p2a: Chimecho|spa|1\n|-boost|p2a: Chimecho|spd|1\n|move|p1a: Appletun|Recover|p1a: Appletun\n|-heal|p1a: Appletun|100/100\n|\n|upkeep\n|turn|19\n|inactive|Time left: 300 sec this turn | 300 sec total\n|\n|t:|1783536358\n|move|p2a: Chimecho|Dazzling Gleam|p1a: Appletun\n|-supereffective|p1a: Appletun\n|-damage|p1a: Appletun|43/100\n|move|p1a: Appletun|Dragon Tail|p2a: Chimecho\n|-damage|p2a: Chimecho|221/290\n|drag|p2a: Arceus|Arceus-Psychic, L70|256/284\n|\n|-heal|p1a: Appletun|49/100|[from] item: Leftovers\n|upkeep\n|turn|20\n|inactive|Time left: 300 sec this turn | 300 sec total\n|\n|t:|1783536359\n|switch|p2a: Venusaur|Venusaur, L84, M|272/272\n|move|p1a: Appletun|Recover|p1a: Appletun\n|-heal|p1a: Appletun|99/100\n|\n|-heal|p1a: Appletun|100/100|[from] item: Leftovers\n|upkeep\n|turn|21\n|inactive|Time left: 300 sec this turn | 300 sec total\n|\n|t:|1783536359\n|move|p2a: Venusaur|Sludge Bomb|p1a: Appletun\n|-supereffective|p1a: Appletun\n|-damage|p1a: Appletun|44/100\n|move|p1a: Appletun|Dragon Tail|p2a: Venusaur\n|-damage|p2a: Venusaur|199/272\n|drag|p2a: Arceus|Arceus-Psychic, L70|256/284\n|\n|-heal|p1a: Appletun|50/100|[from] item: Leftovers\n|upkeep\n|turn|22\n|inactive|Time left: 300 sec this turn | 300 sec total\n|\n|t:|1783536360\n|switch|p2a: Venusaur|Venusaur, L84, M|199/272\n|move|p1a: Appletun|Recover|p1a: Appletun\n|-heal|p1a: Appletun|100/100\n|\n|-heal|p2a: Venusaur|216/272|[from] item: Leftovers\n|upkeep\n|turn|23\n|inactive|Time left: 300 sec this turn | 300 sec total\n|\n|t:|1783536361\n|move|p2a: Venusaur|Sludge Bomb|p1a: Appletun\n|-supereffective|p1a: Appletun\n|-damage|p1a: Appletun|47/100\n|move|p1a: Appletun|Dragon Tail|p2a: Venusaur\n|-damage|p2a: Venusaur|141/272\n|drag|p2a: Chimecho|Chimecho, L93, F|221/290\n|\n|-heal|p2a: Chimecho|239/290|[from] item: Leftovers\n|-heal|p1a: Appletun|53/100|[from] item: Leftovers\n|upkeep\n|turn|24\n|inactive|Time left: 300 sec this turn | 300 sec total\n|\n|t:|1783536362\n|move|p2a: Chimecho|Dazzling Gleam|p1a: Appletun\n|-supereffective|p1a: Appletun\n|-damage|p1a: Appletun|18/100\n|move|p1a: Appletun|Recover|p1a: Appletun\n|-heal|p1a: Appletun|68/100\n|\n|-heal|p2a: Chimecho|257/290|[from] item: Leftovers\n|-heal|p1a: Appletun|74/100|[from] item: Leftovers\n|upkeep\n|turn|25\n|inactive|Time left: 300 sec this turn | 300 sec total\n|\n|t:|1783536364\n|move|p2a: Chimecho|Dazzling Gleam|p1a: Appletun\n|-supereffective|p1a: Appletun\n|-damage|p1a: Appletun|39/100\n|move|p1a: Appletun|Apple Acid|p2a: Chimecho\n|-damage|p2a: Chimecho|164/290\n|-unboost|p2a: Chimecho|spd|1\n|\n|-heal|p2a: Chimecho|182/290|[from] item: Leftovers\n|-heal|p1a: Appletun|45/100|[from] item: Leftovers\n|upkeep\n|turn|26\n|inactive|Time left: 300 sec this turn | 300 sec total\n|\n|t:|1783536365\n|move|p2a: Chimecho|Calm Mind|p2a: Chimecho\n|-boost|p2a: Chimecho|spa|1\n|-boost|p2a: Chimecho|spd|1\n|move|p1a: Appletun|Apple Acid|p2a: Chimecho\n|-damage|p2a: Chimecho|82/290\n|-unboost|p2a: Chimecho|spd|1\n|\n|-heal|p2a: Chimecho|100/290|[from] item: Leftovers\n|-heal|p1a: Appletun|52/100|[from] item: Leftovers\n|upkeep\n|turn|27\n|inactive|Time left: 300 sec this turn | 300 sec total\n|\n|t:|1783536366\n|switch|p1a: Meloetta|Meloetta, L82|100/100\n|move|p2a: Chimecho|Dazzling Gleam|p1a: Meloetta\n|-damage|p1a: Meloetta|74/100\n|\n|-heal|p2a: Chimecho|118/290|[from] item: Leftovers\n|upkeep\n|turn|28\n|inactive|Time left: 300 sec this turn | 300 sec total\n|\n|t:|1783536367\n|switch|p2a: Arceus|Arceus-Psychic, L70|256/284\n|move|p1a: Meloetta|Relic Song|p2a: Arceus\n|-damage|p2a: Arceus|143/284\n|-formechange|p1a: Meloetta|Meloetta-Pirouette|[msg]\n|-damage|p1a: Meloetta|64/100|[from] item: Life Orb\n|\n|upkeep\n|turn|29\n|inactive|Time left: 300 sec this turn | 300 sec total\n|\n|t:|1783536368\n|move|p1a: Meloetta|Knock Off|p2a: Arceus\n|-supereffective|p2a: Arceus\n|-damage|p2a: Arceus|3/284\n|-damage|p1a: Meloetta|55/100|[from] item: Life Orb\n|move|p2a: Arceus|Recover|p2a: Arceus\n|-heal|p2a: Arceus|145/284\n|\n|upkeep\n|turn|30\n|inactive|Time left: 300 sec this turn | 300 sec total\n|\n|t:|1783536369\n|move|p1a: Meloetta|Knock Off|p2a: Arceus\n|-supereffective|p2a: Arceus\n|-damage|p2a: Arceus|0 fnt\n|faint|p2a: Arceus\n|-damage|p1a: Meloetta|45/100|[from] item: Life Orb\n|\n|upkeep\n|inactive|Time left: 300 sec this turn | 300 sec total | 5 sec grace\n|\n|t:|1783536370\n|switch|p2a: Chimecho|Chimecho, L93, F|118/290\n|turn|31\n|inactive|Time left: 300 sec this turn | 300 sec total\n|\n|t:|1783536371\n|switch|p2a: Venusaur|Venusaur, L84, M|141/272\n|move|p1a: Meloetta|Knock Off|p2a: Venusaur\n|-damage|p2a: Venusaur|37/272\n|-enditem|p2a: Venusaur|Leftovers|[from] move: Knock Off|[of] p1a: Meloetta\n|-damage|p1a: Meloetta|35/100|[from] item: Life Orb\n|\n|upkeep\n|turn|32\n|inactive|Time left: 300 sec this turn | 300 sec total\n|\n|t:|1783536372\n|move|p1a: Meloetta|Knock Off|p2a: Venusaur\n|-damage|p2a: Venusaur|0 fnt\n|faint|p2a: Venusaur\n|-damage|p1a: Meloetta|25/100|[from] item: Life Orb\n|\n|upkeep\n|inactive|Time left: 300 sec this turn | 300 sec total | 5 sec grace\n|\n|t:|1783536373\n|switch|p2a: Chimecho|Chimecho, L93, F|118/290\n|turn|33\n|inactive|Time left: 300 sec this turn | 300 sec total\n|\n|t:|1783536374\n|move|p1a: Meloetta|Knock Off|p2a: Chimecho\n|-supereffective|p2a: Chimecho\n|-damage|p2a: Chimecho|0 fnt\n|-enditem|p2a: Chimecho|Leftovers|[from] move: Knock Off|[of] p1a: Meloetta\n|faint|p2a: Chimecho\n|-damage|p1a: Meloetta|16/100|[from] item: Life Orb\n|\n|win|p0x2192d96", "uploadtime": 1783536374, "views": 0, "rating": 0, "private": 0, "password": null, "_winner": "p0x2192d96", "_our_name": "p0y2193f2d"}