{"id": "battle-gen9randombattle-67", "formatid": "gen9randombattle", "format": "[Gen 9] Random Battle", "players": ["p0x067148a", "p0y0673da2"], "log": "|init|battle\n|title|p0x067148a vs. p0y0673da2\n|j|\u2606p0x067148a\n|j|\u2606p0y0673da2\n|t:|1783539973\n|gametype|singles\n|player|p1|p0x067148a|170|\n|player|p2|p0y0673da2|265|\n|gen|9\n|tier|[Gen 9] Random Battle\n|rule|Species Clause: Limit one of each Pok\u00e9mon\n|rule|HP Percentage Mod: HP is shown in percentages\n|rule|Sleep Clause Mod: Limit one foe put to sleep\n|rule|Illusion Level Mod: Illusion disguises the Pok\u00e9mon's true level\n|\n|t:|1783539973\n|teamsize|p1|6\n|teamsize|p2|6\n|start\n|switch|p1a: Latios|Latios, L78, M|100/100\n|switch|p2a: Sceptile|Sceptile, L87, M|264/264\n|turn|1\n|inactive|Battle timer is ON: inactive players will automatically lose when time's up. (requested by p0x067148a)\n|inactive|Time left: 300 sec this turn | 300 sec total | 60 sec grace\n|inactive|p0y0673da2 also wants the timer to be on.\n|\n|t:|1783539974\n|move|p2a: Sceptile|Leech Seed|p1a: Latios\n|-start|p1a: Latios|move: Leech Seed\n|move|p1a: Latios|Luster Purge|p2a: Sceptile\n|-damage|p2a: Sceptile|126/264\n|\n|-heal|p2a: Sceptile|142/264|[from] item: Leftovers\n|-damage|p1a: Latios|88/100|[from] Leech Seed|[of] p2a: Sceptile\n|-heal|p2a: Sceptile|173/264|[silent]\n|upkeep\n|turn|2\n|inactive|Time left: 300 sec this turn | 300 sec total\n|\n|t:|1783539976\n|move|p2a: Sceptile|Giga Drain|p1a: Latios\n|-resisted|p1a: Latios\n|-damage|p1a: Latios|72/100\n|-heal|p2a: Sceptile|194/264|[from] drain|[of] p1a: Latios\n|move|p1a: Latios|Luster Purge|p2a: Sceptile\n|-damage|p2a: Sceptile|61/264\n|\n|-heal|p2a: Sceptile|77/264|[from] item: Leftovers\n|-damage|p1a: Latios|59/100|[from] Leech Seed|[of] p2a: Sceptile\n|-heal|p2a: Sceptile|108/264|[silent]\n|upkeep\n|turn|3\n|inactive|Time left: 300 sec this turn | 300 sec total\n|\n|t:|1783539977\n|switch|p2a: Bronzong|Bronzong, L88|261/261\n|move|p1a: Latios|Luster Purge|p2a: Bronzong\n|-resisted|p2a: Bronzong\n|-damage|p2a: Bronzong|234/261\n|-unboost|p2a: Bronzong|spd|1\n|\n|-heal|p2a: Bronzong|250/261|[from] item: Leftovers\n|-damage|p1a: Latios|47/100|[from] Leech Seed|[of] p2a: Bronzong\n|-heal|p2a: Bronzong|261/261|[silent]\n|upkeep\n|turn|4\n|inactive|Time left: 300 sec this turn | 300 sec total\n|\n|t:|1783539978\n|switch|p1a: Mudsdale|Mudsdale, L83, M|100/100\n|move|p2a: Bronzong|Stealth Rock|p1a: Mudsdale\n|-sidestart|p1: p0x067148a|move: Stealth Rock\n|\n|upkeep\n|turn|5\n|inactive|Time left: 300 sec this turn | 300 sec total\n|\n|t:|1783539979\n|move|p2a: Bronzong|Psychic|p1a: Mudsdale\n|-damage|p1a: Mudsdale|69/100\n|-ability|p1a: Mudsdale|Stamina|boost\n|-boost|p1a: Mudsdale|def|1\n|move|p1a: Mudsdale|Stealth Rock|p2a: Bronzong\n|-sidestart|p2: p0y0673da2|move: Stealth Rock\n|\n|-heal|p1a: Mudsdale|75/100|[from] item: Leftovers\n|upkeep\n|turn|6\n|inactive|Time left: 300 sec this turn | 300 sec total\n|\n|t:|1783539979\n|move|p2a: Bronzong|Psychic|p1a: Mudsdale\n|-damage|p1a: Mudsdale|45/100\n|-ability|p1a: Mudsdale|Stamina|boost\n|-boost|p1a: Mudsdale|def|1\n|move|p1a: Mudsdale|Stone Edge|p2a: Bronzong\n|-resisted|p2a: Bronzong\n|-damage|p2a: Bronzong|227/261\n|\n|-heal|p2a: Bronzong|243/261|[from] item: Leftovers\n|-heal|p1a: Mudsdale|50/100|[from] item: Leftovers\n|upkeep\n|turn|7\n|inactive|Time left: 300 sec this turn | 300 sec total\n|\n|t:|1783539980\n|move|p2a: Bronzong|Psychic|p1a: Mudsdale\n|-damage|p1a: Mudsdale|17/100\n|-ability|p1a: Mudsdale|Stamina|boost\n|-boost|p1a: Mudsdale|def|1\n|move|p1a: Mudsdale|Heavy Slam|p2a: Bronzong\n|-resisted|p2a: Bronzong\n|-damage|p2a: Bronzong|208/261\n|\n|-heal|p2a: Bronzong|224/261|[from] item: Leftovers\n|-heal|p1a: Mudsdale|23/100|[from] item: Leftovers\n|upkeep\n|turn|8\n|inactive|Time left: 300 sec this turn | 300 sec total\n|\n|t:|1783539982\n|move|p2a: Bronzong|Psychic|p1a: Mudsdale\n|-damage|p1a: Mudsdale|0 fnt\n|faint|p1a: Mudsdale\n|\n|-heal|p2a: Bronzong|240/261|[from] item: Leftovers\n|upkeep\n|\n|t:|1783539982\n|switch|p1a: Hydreigon|Hydreigon, L79, F|100/100\n|-damage|p1a: Hydreigon|88/100|[from] Stealth Rock\n|turn|9\n|inactive|Time left: 300 sec this turn | 300 sec total\n|\n|t:|1783539984\n|switch|p2a: Great Tusk|Great Tusk, L77|304/304\n|-damage|p2a: Great Tusk|295/304|[from] Stealth Rock\n|move|p1a: Hydreigon|Dark Pulse|p2a: Great Tusk\n|-resisted|p2a: Great Tusk\n|-damage|p2a: Great Tusk|190/304\n|\n|upkeep\n|turn|10\n|inactive|Time left: 300 sec this turn | 300 sec total\n|\n|t:|1783539985\n|move|p1a: Hydreigon|Dark Pulse|p2a: Great Tusk\n|-resisted|p2a: Great Tusk\n|-damage|p2a: Great Tusk|91/304\n|move|p2a: Great Tusk|Close Combat|p1a: Hydreigon\n|-supereffective|p1a: Hydreigon\n|-damage|p1a: Hydreigon|0 fnt\n|-unboost|p2a: Great Tusk|def|1\n|-unboost|p2a: Great Tusk|spd|1\n|faint|p1a: Hydreigon\n|\n|upkeep\n|\n|t:|1783539986\n|switch|p1a: Bruxish|Bruxish, L85, M|100/100\n|-damage|p1a: Bruxish|88/100|[from] Stealth Rock\n|turn|11\n|inactive|Time left: 300 sec this turn | 300 sec total\n|\n|t:|1783539987\n|-end|p2a: Great Tusk|Protosynthesis|[silent]\n|switch|p2a: Bronzong|Bronzong, L88|240/261\n|-damage|p2a: Bronzong|224/261|[from] Stealth Rock\n|move|p1a: Bruxish|Wave Crash|p2a: Bronzong\n|-damage|p2a: Bronzong|55/261\n|-damage|p1a: Bruxish|66/100|[from] Recoil\n|\n|-heal|p2a: Bronzong|71/261|[from] item: Leftovers\n|upkeep\n|turn|12\n|inactive|Time left: 300 sec this turn | 300 sec total\n|\n|t:|1783539988\n|move|p1a: Bruxish|Wave Crash|p2a: Bronzong\n|-damage|p2a: Bronzong|0 fnt\n|faint|p2a: Bronzong\n|-damage|p1a: Bruxish|57/100|[from] Recoil\n|\n|upkeep\n|inactive|Time left: 300 sec this turn | 300 sec total | 5 sec grace\n|\n|t:|1783539989\n|switch|p2a: Sceptile|Sceptile, L87, M|108/264\n|-damage|p2a: Sceptile|75/264|[from] Stealth Rock\n|turn|13\n|inactive|Time left: 300 sec this turn | 300 sec total\n|\n|t:|1783539990\n|switch|p1a: Venomoth|Venomoth, L84, M|100/100\n|move|p2a: Sceptile|Giga Drain|p1a: Venomoth\n|-resisted|p1a: Venomoth\n|-damage|p1a: Venomoth|86/100\n|-heal|p2a: Sceptile|94/264|[from] drain|[of] p1a: Venomoth\n|\n|-heal|p2a: Sceptile|110/264|[from] item: Leftovers\n|upkeep\n|turn|14\n|inactive|Time left: 300 sec this turn | 300 sec total\n|\n|t:|1783539992\n|move|p2a: Sceptile|Leech Seed|p1a: Venomoth\n|-start|p1a: Venomoth|move: Leech Seed\n|move|p1a: Venomoth|Quiver Dance|p1a: Venomoth\n|-boost|p1a: Venomoth|spa|1\n|-boost|p1a: Venomoth|spd|1\n|-boost|p1a: Venomoth|spe|1\n|\n|-heal|p2a: Sceptile|126/264|[from] item: Leftovers\n|-damage|p1a: Venomoth|73/100|[from] Leech Seed|[of] p2a: Sceptile\n|-heal|p2a: Sceptile|157/264|[silent]\n|upkeep\n|turn|15\n|inactive|Time left: 300 sec this turn | 300 sec total\n|\n|t:|1783539993\n|switch|p2a: Coalossal|Coalossal, L89, F|341/341\n|move|p1a: Venomoth|Bug Buzz|p2a: Coalossal\n|-resisted|p2a: Coalossal\n|-damage|p2a: Coalossal|219/341\n|\n|-damage|p1a: Venomoth|61/100|[from] Leech Seed|[of] p2a: Coalossal\n|-heal|p2a: Coalossal|250/341|[silent]\n|upkeep\n|turn|16\n|inactive|Time left: 300 sec this turn | 300 sec total\n|\n|t:|1783539994\n|move|p1a: Venomoth|Sleep Powder|p2a: Coalossal\n|-status|p2a: Coalossal|slp|[from] move: Sleep Powder\n|cant|p2a: Coalossal|slp\n|\n|-damage|p1a: Venomoth|49/100|[from] Leech Seed|[of] p2a: Coalossal\n|-heal|p2a: Coalossal|281/341 slp|[silent]\n|upkeep\n|turn|17\n|inactive|Time left: 300 sec this turn | 300 sec total\n|\n|t:|1783539995\n|move|p1a: Venomoth|Quiver Dance|p1a: Venomoth\n|-boost|p1a: Venomoth|spa|1\n|-boost|p1a: Venomoth|spd|1\n|-boost|p1a: Venomoth|spe|1\n|cant|p2a: Coalossal|slp\n|\n|-damage|p1a: Venomoth|37/100|[from] Leech Seed|[of] p2a: Coalossal\n|-heal|p2a: Coalossal|312/341 slp|[silent]\n|upkeep\n|turn|18\n|inactive|Time left: 300 sec this turn | 300 sec total\n|\n|t:|1783539996\n|move|p1a: Venomoth|Sludge Wave|p2a: Coalossal\n|-resisted|p2a: Coalossal\n|-damage|p2a: Coalossal|132/341 slp\n|cant|p2a: Coalossal|slp\n|\n|-damage|p1a: Venomoth|25/100|[from] Leech Seed|[of] p2a: Coalossal\n|-heal|p2a: Coalossal|163/341 slp|[silent]\n|upkeep\n|turn|19\n|inactive|Time left: 300 sec this turn | 300 sec total\n|\n|t:|1783539997\n|move|p1a: Venomoth|Sludge Wave|p2a: Coalossal\n|-resisted|p2a: Coalossal\n|-damage|p2a: Coalossal|0 fnt\n|faint|p2a: Coalossal\n|\n|upkeep\n|inactive|Time left: 300 sec this turn | 300 sec total | 5 sec grace\n|\n|t:|1783539998\n|switch|p2a: Great Tusk|Great Tusk, L77|91/304\n|-damage|p2a: Great Tusk|82/304|[from] Stealth Rock\n|turn|20\n|inactive|Time left: 300 sec this turn | 300 sec total\n|\n|t:|1783539999\n|move|p1a: Venomoth|Bug Buzz|p2a: Great Tusk\n|-resisted|p2a: Great Tusk\n|-damage|p2a: Great Tusk|0 fnt\n|faint|p2a: Great Tusk\n|-end|p2a: Great Tusk|Protosynthesis|[silent]\n|\n|upkeep\n|inactive|Time left: 300 sec this turn | 300 sec total | 5 sec grace\n|\n|t:|1783540000\n|switch|p2a: Sceptile|Sceptile, L87, M|157/264\n|-damage|p2a: Sceptile|124/264|[from] Stealth Rock\n|turn|21\n|inactive|Time left: 300 sec this turn | 300 sec total\n|\n|t:|1783540001\n|-terastallize|p2a: Sceptile|Steel\n|move|p1a: Venomoth|Bug Buzz|p2a: Sceptile\n|-resisted|p2a: Sceptile\n|-damage|p2a: Sceptile|0 fnt\n|faint|p2a: Sceptile\n|\n|upkeep\n|inactive|Time left: 300 sec this turn | 300 sec total | 5 sec grace\n|\n|t:|1783540002\n|switch|p2a: Deoxys|Deoxys-Speed, L82|216/216\n|-damage|p2a: Deoxys|189/216|[from] Stealth Rock\n|-ability|p2a: Deoxys|Pressure\n|turn|22\n|inactive|Time left: 300 sec this turn | 300 sec total\n|\n|t:|1783540003\n|move|p1a: Venomoth|Bug Buzz|p2a: Deoxys\n|-supereffective|p2a: Deoxys\n|-damage|p2a: Deoxys|0 fnt\n|faint|p2a: Deoxys\n|\n|upkeep\n|inactive|Time left: 300 sec this turn | 300 sec total | 5 sec grace\n|\n|t:|1783540004\n|switch|p2a: Regieleki|Regieleki, L79|256/256\n|-damage|p2a: Regieleki|224/256|[from] Stealth Rock\n|turn|23\n|inactive|Time left: 300 sec this turn | 300 sec total\n|\n|t:|1783540005\n|-terastallize|p1a: Venomoth|Poison\n|move|p1a: Venomoth|Sludge Wave|p2a: Regieleki\n|-damage|p2a: Regieleki|0 fnt\n|faint|p2a: Regieleki\n|\n|win|p0x067148a", "uploadtime": 1783540005, "views": 0, "rating": 0, "private": 0, "password": null, "_winner": "p0x067148a", "_our_name": "p0y0673da2"}