{"id": "battle-gen9randombattle-896", "formatid": "gen9randombattle", "format": "[Gen 9] Random Battle", "players": ["p0x8976616", "p0y897c36c"], "log": "|init|battle\n|title|p0x8976616 vs. p0y897c36c\n|j|\u2606p0x8976616\n|j|\u2606p0y897c36c\n|t:|1783549546\n|gametype|singles\n|player|p1|p0x8976616|2|\n|player|p2|p0y897c36c|169|\n|gen|9\n|tier|[Gen 9] Random Battle\n|rule|Species Clause: Limit one of each Pok\u00e9mon\n|rule|HP Percentage Mod: HP is shown in percentages\n|rule|Sleep Clause Mod: Limit one foe put to sleep\n|rule|Illusion Level Mod: Illusion disguises the Pok\u00e9mon's true level\n|\n|t:|1783549546\n|teamsize|p1|6\n|teamsize|p2|6\n|start\n|switch|p1a: Blaziken|Blaziken, L76, M|100/100\n|switch|p2a: Dunsparce|Dunsparce, L86, F|312/312\n|turn|1\n|inactive|Battle timer is ON: inactive players will automatically lose when time's up. (requested by p0x8976616)\n|inactive|Time left: 300 sec this turn | 300 sec total | 60 sec grace\n|inactive|p0y897c36c also wants the timer to be on.\n|\n|t:|1783549547\n|move|p1a: Blaziken|Swords Dance|p1a: Blaziken\n|-boost|p1a: Blaziken|atk|2\n|move|p2a: Dunsparce|Body Slam|p1a: Blaziken\n|-damage|p1a: Blaziken|62/100\n|\n|-ability|p1a: Blaziken|Speed Boost|boost\n|-boost|p1a: Blaziken|spe|1\n|upkeep\n|turn|2\n|inactive|Time left: 300 sec this turn | 300 sec total\n|\n|t:|1783549548\n|move|p1a: Blaziken|Close Combat|p2a: Dunsparce\n|-supereffective|p2a: Dunsparce\n|-damage|p2a: Dunsparce|0 fnt\n|-unboost|p1a: Blaziken|def|1\n|-unboost|p1a: Blaziken|spd|1\n|faint|p2a: Dunsparce\n|-damage|p1a: Blaziken|53/100|[from] item: Life Orb\n|\n|-ability|p1a: Blaziken|Speed Boost|boost\n|-boost|p1a: Blaziken|spe|1\n|upkeep\n|inactive|Time left: 300 sec this turn | 300 sec total | 5 sec grace\n|\n|t:|1783549549\n|switch|p2a: Entei|Entei, L78|307/307\n|turn|3\n|inactive|Time left: 300 sec this turn | 300 sec total\n|\n|t:|1783549550\n|move|p2a: Entei|Extreme Speed|p1a: Blaziken\n|-damage|p1a: Blaziken|0 fnt\n|faint|p1a: Blaziken\n|\n|upkeep\n|\n|t:|1783549551\n|switch|p1a: Avalugg|Avalugg, L88, M|100/100\n|turn|4\n|inactive|Time left: 300 sec this turn | 300 sec total\n|\n|t:|1783549552\n|switch|p2a: Armarouge|Armarouge, L80, F|267/267\n|move|p1a: Avalugg|Body Press|p2a: Armarouge\n|-resisted|p2a: Armarouge\n|-damage|p2a: Armarouge|217/267\n|-ability|p2a: Armarouge|Weak Armor|boost\n|-unboost|p2a: Armarouge|def|1\n|-boost|p2a: Armarouge|spe|2\n|\n|upkeep\n|turn|5\n|inactive|Time left: 300 sec this turn | 300 sec total\n|\n|t:|1783549554\n|switch|p1a: Ampharos|Ampharos, L88, M|100/100\n|move|p2a: Armarouge|Armor Cannon|p1a: Ampharos\n|-damage|p1a: Ampharos|58/100\n|-unboost|p2a: Armarouge|def|1\n|-unboost|p2a: Armarouge|spd|1\n|\n|upkeep\n|turn|6\n|inactive|Time left: 300 sec this turn | 300 sec total\n|\n|t:|1783549555\n|move|p2a: Armarouge|Armor Cannon|p1a: Ampharos\n|-damage|p1a: Ampharos|12/100\n|-unboost|p2a: Armarouge|def|1\n|-unboost|p2a: Armarouge|spd|1\n|move|p1a: Ampharos|Volt Switch|p2a: Armarouge\n|-damage|p2a: Armarouge|0 fnt\n|faint|p2a: Armarouge\n|\n|t:|1783549556\n|switch|p1a: Passimian|Passimian, L83, F|100/100|[from] Volt Switch\n|\n|upkeep\n|inactive|Time left: 300 sec this turn | 300 sec total | 10 sec grace\n|\n|t:|1783549557\n|switch|p2a: Gothitelle|Gothitelle, L90, F|272/272\n|turn|7\n|inactive|Time left: 300 sec this turn | 300 sec total\n|\n|t:|1783549558\n|move|p1a: Passimian|U-turn|p2a: Gothitelle\n|-supereffective|p2a: Gothitelle\n|-damage|p2a: Gothitelle|174/272\n|\n|t:|1783549559\n|switch|p1a: Gogoat|Gogoat, L88, M|100/100|[from] U-turn\n|move|p2a: Gothitelle|Psychic|p1a: Gogoat\n|-damage|p1a: Gogoat|72/100\n|\n|-heal|p1a: Gogoat|78/100|[from] item: Leftovers\n|upkeep\n|turn|8\n|inactive|Time left: 300 sec this turn | 300 sec total\n|\n|t:|1783549561\n|switch|p2a: Entei|Entei, L78|307/307\n|move|p1a: Gogoat|Bulk Up|p1a: Gogoat\n|-boost|p1a: Gogoat|atk|1\n|-boost|p1a: Gogoat|def|1\n|\n|-heal|p1a: Gogoat|84/100|[from] item: Leftovers\n|upkeep\n|turn|9\n|inactive|Time left: 300 sec this turn | 300 sec total\n|\n|t:|1783549562\n|-terastallize|p1a: Gogoat|Ground\n|move|p2a: Entei|Sacred Fire|p1a: Gogoat\n|-damage|p1a: Gogoat|47/100\n|-status|p1a: Gogoat|brn\n|move|p1a: Gogoat|Earthquake|p2a: Entei\n|-supereffective|p2a: Entei\n|-damage|p2a: Entei|94/307\n|\n|-heal|p1a: Gogoat|54/100 brn|[from] item: Leftovers\n|-damage|p1a: Gogoat|47/100 brn|[from] brn\n|upkeep\n|turn|10\n|inactive|Time left: 300 sec this turn | 300 sec total\n|\n|t:|1783549563\n|-terastallize|p2a: Entei|Fire\n|move|p2a: Entei|Sacred Fire|p1a: Gogoat\n|-damage|p1a: Gogoat|0 fnt\n|faint|p1a: Gogoat\n|\n|upkeep\n|\n|t:|1783549563\n|switch|p1a: Passimian|Passimian, L83, F|100/100\n|turn|11\n|inactive|Time left: 300 sec this turn | 300 sec total\n|\n|t:|1783549564\n|move|p1a: Passimian|Earthquake|p2a: Entei\n|-supereffective|p2a: Entei\n|-damage|p2a: Entei|0 fnt\n|faint|p2a: Entei\n|\n|upkeep\n|inactive|Time left: 300 sec this turn | 300 sec total | 5 sec grace\n|\n|t:|1783549566\n|switch|p2a: Gothitelle|Gothitelle, L90, F|174/272\n|turn|12\n|inactive|Time left: 300 sec this turn | 300 sec total\n|\n|t:|1783549566\n|move|p1a: Passimian|Earthquake|p2a: Gothitelle\n|-damage|p2a: Gothitelle|105/272\n|move|p2a: Gothitelle|Psychic|p1a: Passimian\n|-supereffective|p1a: Passimian\n|-damage|p1a: Passimian|3/100\n|\n|upkeep\n|turn|13\n|inactive|Time left: 300 sec this turn | 300 sec total\n|\n|t:|1783549568\n|move|p1a: Passimian|Earthquake|p2a: Gothitelle\n|-damage|p2a: Gothitelle|31/272\n|move|p2a: Gothitelle|Psychic|p1a: Passimian\n|-supereffective|p1a: Passimian\n|-damage|p1a: Passimian|0 fnt\n|faint|p1a: Passimian\n|\n|upkeep\n|\n|t:|1783549569\n|switch|p1a: Arceus|Arceus-Ice, L72|100/100\n|turn|14\n|inactive|Time left: 300 sec this turn | 300 sec total\n|\n|t:|1783549570\n|move|p2a: Gothitelle|Psychic|p1a: Arceus\n|-damage|p1a: Arceus|68/100\n|move|p1a: Arceus|Calm Mind|p1a: Arceus\n|-boost|p1a: Arceus|spa|1\n|-boost|p1a: Arceus|spd|1\n|\n|upkeep\n|turn|15\n|inactive|Time left: 300 sec this turn | 300 sec total\n|\n|t:|1783549571\n|switch|p2a: Glalie|Glalie, L96, F|309/309\n|move|p1a: Arceus|Recover|p1a: Arceus\n|-heal|p1a: Arceus|100/100\n|\n|upkeep\n|turn|16\n|inactive|Time left: 300 sec this turn | 300 sec total\n|\n|t:|1783549572\n|move|p1a: Arceus|Calm Mind|p1a: Arceus\n|-boost|p1a: Arceus|spa|1\n|-boost|p1a: Arceus|spd|1\n|move|p2a: Glalie|Earthquake|p1a: Arceus\n|-damage|p1a: Arceus|76/100\n|\n|upkeep\n|turn|17\n|inactive|Time left: 300 sec this turn | 300 sec total\n|\n|t:|1783549573\n|move|p1a: Arceus|Judgment|p2a: Glalie\n|-resisted|p2a: Glalie\n|-damage|p2a: Glalie|203/309\n|move|p2a: Glalie|Earthquake|p1a: Arceus\n|-damage|p1a: Arceus|53/100\n|\n|upkeep\n|turn|18\n|inactive|Time left: 300 sec this turn | 300 sec total\n|\n|t:|1783549574\n|move|p1a: Arceus|Judgment|p2a: Glalie\n|-resisted|p2a: Glalie\n|-damage|p2a: Glalie|107/309\n|move|p2a: Glalie|Earthquake|p1a: Arceus\n|-damage|p1a: Arceus|30/100\n|\n|upkeep\n|turn|19\n|inactive|Time left: 300 sec this turn | 300 sec total\n|\n|t:|1783549575\n|move|p1a: Arceus|Recover|p1a: Arceus\n|-heal|p1a: Arceus|80/100\n|move|p2a: Glalie|Earthquake|p1a: Arceus\n|-damage|p1a: Arceus|56/100\n|\n|upkeep\n|turn|20\n|inactive|Time left: 300 sec this turn | 300 sec total\n|\n|t:|1783549576\n|move|p1a: Arceus|Judgment|p2a: Glalie\n|-resisted|p2a: Glalie\n|-damage|p2a: Glalie|2/309\n|move|p2a: Glalie|Earthquake|p1a: Arceus\n|-damage|p1a: Arceus|29/100\n|\n|upkeep\n|turn|21\n|inactive|Time left: 300 sec this turn | 300 sec total\n|\n|t:|1783549577\n|move|p1a: Arceus|Recover|p1a: Arceus\n|-heal|p1a: Arceus|79/100\n|move|p2a: Glalie|Earthquake|p1a: Arceus\n|-damage|p1a: Arceus|54/100\n|\n|upkeep\n|turn|22\n|inactive|Time left: 300 sec this turn | 300 sec total\n|\n|t:|1783549578\n|move|p1a: Arceus|Judgment|p2a: Glalie\n|-resisted|p2a: Glalie\n|-damage|p2a: Glalie|0 fnt\n|faint|p2a: Glalie\n|\n|upkeep\n|inactive|Time left: 300 sec this turn | 300 sec total | 5 sec grace\n|\n|t:|1783549578\n|switch|p2a: Gothitelle|Gothitelle, L90, F|31/272\n|turn|23\n|inactive|Time left: 300 sec this turn | 300 sec total\n|\n|t:|1783549579\n|move|p2a: Gothitelle|Focus Blast|p1a: Arceus|[miss]\n|-miss|p2a: Gothitelle|p1a: Arceus\n|move|p1a: Arceus|Judgment|p2a: Gothitelle\n|-damage|p2a: Gothitelle|0 fnt\n|faint|p2a: Gothitelle\n|\n|upkeep\n|inactive|Time left: 300 sec this turn | 300 sec total | 5 sec grace\n|\n|t:|1783549580\n|switch|p2a: Regidrago|Regidrago, L77|435/435\n|turn|24\n|inactive|Time left: 300 sec this turn | 300 sec total\n|\n|t:|1783549581\n|move|p1a: Arceus|Judgment|p2a: Regidrago\n|-supereffective|p2a: Regidrago\n|-damage|p2a: Regidrago|0 fnt\n|faint|p2a: Regidrago\n|\n|win|p0x8976616", "uploadtime": 1783549581, "views": 0, "rating": 0, "private": 0, "password": null, "_winner": "p0x8976616", "_our_name": "p0y897c36c"}