{"id": "battle-gen9randombattle-731", "formatid": "gen9randombattle", "format": "[Gen 9] Random Battle", "players": ["p0x7312828", "p0y7312435"], "log": "|init|battle\n|title|p0x7312828 vs. p0y7312435\n|j|\u2606p0x7312828\n|j|\u2606p0y7312435\n|t:|1783548300\n|gametype|singles\n|player|p1|p0x7312828|265|\n|player|p2|p0y7312435|2|\n|gen|9\n|tier|[Gen 9] Random Battle\n|rule|Species Clause: Limit one of each Pok\u00e9mon\n|rule|HP Percentage Mod: HP is shown in percentages\n|rule|Sleep Clause Mod: Limit one foe put to sleep\n|rule|Illusion Level Mod: Illusion disguises the Pok\u00e9mon's true level\n|\n|t:|1783548300\n|teamsize|p1|6\n|teamsize|p2|6\n|start\n|switch|p1a: Glimmora|Glimmora, L75, M|248/248\n|switch|p2a: Groudon|Groudon, L72|100/100\n|-weather|SunnyDay|[from] ability: Drought|[of] p2a: Groudon\n|turn|1\n|inactive|Battle timer is ON: inactive players will automatically lose when time's up. (requested by p0x7312828)\n|inactive|p0y7312435 also wants the timer to be on.\n|\n|t:|1783548302\n|move|p1a: Glimmora|Meteor Beam||[still]\n|-prepare|p1a: Glimmora|Meteor Beam\n|-boost|p1a: Glimmora|spa|1\n|-enditem|p1a: Glimmora|Power Herb\n|-anim|p1a: Glimmora|Meteor Beam|p2a: Groudon\n|-resisted|p2a: Groudon\n|-damage|p2a: Groudon|59/100\n|move|p2a: Groudon|Precipice Blades|p1a: Glimmora\n|-supereffective|p1a: Glimmora\n|-damage|p1a: Glimmora|0 fnt\n|-activate|p1a: Glimmora|ability: Toxic Debris\n|-sidestart|p2: p0y7312435|move: Toxic Spikes\n|faint|p1a: Glimmora\n|\n|-weather|SunnyDay|[upkeep]\n|-heal|p2a: Groudon|65/100|[from] item: Leftovers\n|upkeep\n|inactive|Time left: 300 sec this turn | 300 sec total | 65 sec grace\n|\n|t:|1783548303\n|switch|p1a: Vileplume|Vileplume, L85, M|266/266\n|turn|2\n|inactive|Time left: 300 sec this turn | 300 sec total\n|\n|t:|1783548304\n|-terastallize|p1a: Vileplume|Water\n|move|p2a: Groudon|Heat Crash|p1a: Vileplume\n|-resisted|p1a: Vileplume\n|-damage|p1a: Vileplume|203/266\n|move|p1a: Vileplume|Giga Drain|p2a: Groudon\n|-supereffective|p2a: Groudon\n|-damage|p2a: Groudon|0 fnt\n|-heal|p1a: Vileplume|266/266|[from] drain|[of] p2a: Groudon\n|faint|p2a: Groudon\n|\n|-weather|SunnyDay|[upkeep]\n|upkeep\n|\n|t:|1783548306\n|switch|p2a: Indeedee|Indeedee, L84, M|100/100\n|-status|p2a: Indeedee|psn\n|-fieldstart|move: Psychic Terrain|[from] ability: Psychic Surge|[of] p2a: Indeedee\n|turn|3\n|inactive|Time left: 300 sec this turn | 300 sec total\n|\n|t:|1783548307\n|move|p2a: Indeedee|Calm Mind|p2a: Indeedee\n|-boost|p2a: Indeedee|spa|1\n|-boost|p2a: Indeedee|spd|1\n|move|p1a: Vileplume|Leech Seed|p2a: Indeedee\n|-start|p2a: Indeedee|move: Leech Seed\n|\n|-weather|SunnyDay|[upkeep]\n|-damage|p2a: Indeedee|88/100 psn|[from] Leech Seed|[of] p1a: Vileplume\n|-damage|p2a: Indeedee|76/100 psn|[from] psn\n|upkeep\n|turn|4\n|inactive|Time left: 300 sec this turn | 300 sec total\n|\n|t:|1783548308\n|switch|p1a: Chien-Pao|Chien-Pao, L72|234/234\n|-ability|p1a: Chien-Pao|Sword of Ruin\n|move|p2a: Indeedee|Expanding Force|p1a: Chien-Pao\n|-immune|p1a: Chien-Pao\n|\n|-weather|SunnyDay|[upkeep]\n|-damage|p2a: Indeedee|64/100 psn|[from] Leech Seed|[of] p1a: Chien-Pao\n|-damage|p2a: Indeedee|52/100 psn|[from] psn\n|upkeep\n|turn|5\n|inactive|Time left: 300 sec this turn | 300 sec total\n|\n|t:|1783548309\n|switch|p2a: Ribombee|Ribombee, L83, F|100/100\n|move|p1a: Chien-Pao|Throat Chop|p2a: Ribombee\n|-resisted|p2a: Ribombee\n|-damage|p2a: Ribombee|74/100\n|\n|-weather|none\n|upkeep\n|turn|6\n|inactive|Time left: 300 sec this turn | 300 sec total\n|\n|t:|1783548310\n|switch|p1a: Vileplume|Vileplume, L85, M, tera:Water|266/266\n|move|p2a: Ribombee|Quiver Dance|p2a: Ribombee\n|-boost|p2a: Ribombee|spa|1\n|-boost|p2a: Ribombee|spd|1\n|-boost|p2a: Ribombee|spe|1\n|\n|upkeep\n|turn|7\n|inactive|Time left: 300 sec this turn | 300 sec total\n|\n|t:|1783548311\n|move|p2a: Ribombee|Quiver Dance|p2a: Ribombee\n|-boost|p2a: Ribombee|spa|1\n|-boost|p2a: Ribombee|spd|1\n|-boost|p2a: Ribombee|spe|1\n|move|p1a: Vileplume|Sludge Bomb|p2a: Ribombee\n|-supereffective|p2a: Ribombee\n|-damage|p2a: Ribombee|15/100\n|\n|-fieldend|move: Psychic Terrain\n|upkeep\n|turn|8\n|inactive|Time left: 300 sec this turn | 300 sec total\n|\n|t:|1783548312\n|move|p2a: Ribombee|Moonblast|p1a: Vileplume\n|-damage|p1a: Vileplume|88/266\n|-unboost|p1a: Vileplume|spa|1\n|move|p1a: Vileplume|Sludge Bomb|p2a: Ribombee\n|-supereffective|p2a: Ribombee\n|-damage|p2a: Ribombee|0 fnt\n|faint|p2a: Ribombee\n|\n|-heal|p1a: Vileplume|104/266|[from] item: Leftovers\n|upkeep\n|\n|t:|1783548313\n|switch|p2a: Braviary|Braviary-Hisui, L85, M|100/100\n|turn|9\n|inactive|Time left: 300 sec this turn | 300 sec total\n|\n|t:|1783548314\n|move|p2a: Braviary|Hurricane|p1a: Vileplume\n|-damage|p1a: Vileplume|0 fnt\n|faint|p1a: Vileplume\n|\n|upkeep\n|inactive|Time left: 300 sec this turn | 300 sec total | 5 sec grace\n|\n|t:|1783548315\n|switch|p1a: Raging Bolt|Raging Bolt, L78|323/323\n|turn|10\n|inactive|Time left: 300 sec this turn | 300 sec total\n|\n|t:|1783548316\n|move|p1a: Raging Bolt|Thunderbolt|p2a: Braviary\n|-supereffective|p2a: Braviary\n|-damage|p2a: Braviary|17/100\n|move|p2a: Braviary|Hurricane|p1a: Raging Bolt\n|-resisted|p1a: Raging Bolt\n|-damage|p1a: Raging Bolt|109/323\n|\n|-heal|p1a: Raging Bolt|129/323|[from] item: Leftovers\n|upkeep\n|turn|11\n|inactive|Time left: 300 sec this turn | 300 sec total\n|\n|t:|1783548317\n|move|p1a: Raging Bolt|Thunderbolt|p2a: Braviary\n|-supereffective|p2a: Braviary\n|-damage|p2a: Braviary|0 fnt\n|faint|p2a: Braviary\n|\n|-heal|p1a: Raging Bolt|149/323|[from] item: Leftovers\n|upkeep\n|\n|t:|1783548318\n|switch|p2a: Indeedee|Indeedee, L84, M|52/100 psn\n|-fieldstart|move: Psychic Terrain|[from] ability: Psychic Surge|[of] p2a: Indeedee\n|turn|12\n|inactive|Time left: 300 sec this turn | 300 sec total\n|\n|t:|1783548319\n|-end|p1a: Raging Bolt|Protosynthesis|[silent]\n|switch|p1a: Chien-Pao|Chien-Pao, L72|234/234\n|-ability|p1a: Chien-Pao|Sword of Ruin\n|move|p2a: Indeedee|Expanding Force|p1a: Chien-Pao\n|-immune|p1a: Chien-Pao\n|\n|-damage|p2a: Indeedee|40/100 psn|[from] psn\n|upkeep\n|turn|13\n|inactive|Time left: 300 sec this turn | 300 sec total\n|\n|t:|1783548320\n|switch|p2a: Keldeo|Keldeo-Resolute, L79|100/100\n|-status|p2a: Keldeo|psn\n|move|p1a: Chien-Pao|Icicle Crash|p2a: Keldeo|[miss]\n|-miss|p1a: Chien-Pao|p2a: Keldeo\n|\n|-damage|p2a: Keldeo|88/100 psn|[from] psn\n|upkeep\n|turn|14\n|inactive|Time left: 300 sec this turn | 300 sec total\n|\n|t:|1783548321\n|switch|p1a: Raging Bolt|Raging Bolt, L78|149/323\n|move|p2a: Keldeo|Secret Sword|p1a: Raging Bolt\n|-damage|p1a: Raging Bolt|53/323\n|\n|-heal|p2a: Keldeo|94/100 psn|[from] item: Leftovers\n|-heal|p1a: Raging Bolt|73/323|[from] item: Leftovers\n|-damage|p2a: Keldeo|82/100 psn|[from] psn\n|upkeep\n|turn|15\n|inactive|Time left: 300 sec this turn | 300 sec total\n|\n|t:|1783548322\n|move|p2a: Keldeo|Secret Sword|p1a: Raging Bolt\n|-damage|p1a: Raging Bolt|0 fnt\n|faint|p1a: Raging Bolt\n|-end|p1a: Raging Bolt|Protosynthesis|[silent]\n|\n|-heal|p2a: Keldeo|88/100 psn|[from] item: Leftovers\n|-damage|p2a: Keldeo|76/100 psn|[from] psn\n|upkeep\n|inactive|Time left: 300 sec this turn | 300 sec total | 5 sec grace\n|\n|t:|1783548323\n|switch|p1a: Regieleki|Regieleki, L79|256/256\n|turn|16\n|inactive|Time left: 300 sec this turn | 300 sec total\n|\n|t:|1783548324\n|-terastallize|p2a: Keldeo|Steel\n|move|p1a: Regieleki|Thunderbolt|p2a: Keldeo\n|-damage|p2a: Keldeo|26/100 psn\n|move|p2a: Keldeo|Secret Sword|p1a: Regieleki\n|-damage|p1a: Regieleki|96/256\n|\n|-heal|p2a: Keldeo|32/100 psn|[from] item: Leftovers\n|-damage|p2a: Keldeo|20/100 psn|[from] psn\n|-fieldend|move: Psychic Terrain\n|upkeep\n|turn|17\n|inactive|Time left: 300 sec this turn | 300 sec total\n|\n|t:|1783548325\n|move|p1a: Regieleki|Volt Switch|p2a: Keldeo\n|-damage|p2a: Keldeo|0 fnt\n|faint|p2a: Keldeo\n|inactive|Time left: 300 sec this turn | 300 sec total | 5 sec grace\n|\n|t:|1783548325\n|switch|p1a: Chien-Pao|Chien-Pao, L72|234/234|[from] Volt Switch\n|-ability|p1a: Chien-Pao|Sword of Ruin\n|\n|upkeep\n|\n|t:|1783548326\n|switch|p2a: Dedenne|Dedenne, L88, F|100/100\n|-status|p2a: Dedenne|psn\n|turn|18\n|inactive|Time left: 300 sec this turn | 300 sec total\n|\n|t:|1783548327\n|move|p1a: Chien-Pao|Icicle Crash|p2a: Dedenne\n|-damage|p2a: Dedenne|50/100 psn\n|-enditem|p2a: Dedenne|Sitrus Berry|[eat]\n|-heal|p2a: Dedenne|75/100 psn|[from] item: Sitrus Berry\n|-heal|p2a: Dedenne|100/100 psn|[from] ability: Cheek Pouch\n|move|p2a: Dedenne|Dazzling Gleam|p1a: Chien-Pao\n|-supereffective|p1a: Chien-Pao\n|-damage|p1a: Chien-Pao|12/234\n|\n|-damage|p2a: Dedenne|88/100 psn|[from] psn\n|upkeep\n|turn|19\n|inactive|Time left: 300 sec this turn | 300 sec total\n|\n|t:|1783548328\n|move|p1a: Chien-Pao|Icicle Crash|p2a: Dedenne\n|-damage|p2a: Dedenne|38/100 psn\n|cant|p2a: Dedenne|flinch\n|\n|-damage|p2a: Dedenne|26/100 psn|[from] psn\n|upkeep\n|turn|20\n|inactive|Time left: 300 sec this turn | 300 sec total\n|\n|t:|1783548329\n|move|p1a: Chien-Pao|Sacred Sword|p2a: Dedenne\n|-resisted|p2a: Dedenne\n|-crit|p2a: Dedenne\n|-damage|p2a: Dedenne|0 fnt\n|faint|p2a: Dedenne\n|\n|upkeep\n|\n|t:|1783548330\n|switch|p2a: Indeedee|Indeedee, L84, M|40/100 psn\n|-fieldstart|move: Psychic Terrain|[from] ability: Psychic Surge|[of] p2a: Indeedee\n|turn|21\n|inactive|Time left: 300 sec this turn | 300 sec total\n|\n|t:|1783548331\n|move|p1a: Chien-Pao|Throat Chop|p2a: Indeedee\n|-supereffective|p2a: Indeedee\n|-damage|p2a: Indeedee|0 fnt\n|faint|p2a: Indeedee\n|\n|win|p0x7312828", "uploadtime": 1783548331, "views": 0, "rating": 0, "private": 0, "password": null, "_winner": "p0x7312828", "_our_name": "p0x7312828"}