{"id": "battle-gen9randombattle-2137", "formatid": "gen9randombattle", "format": "[Gen 9] Random Battle", "players": ["p0x2137b2e8", "p0y213786ae"], "log": "|init|battle\n|title|p0x2137b2e8 vs. p0y213786ae\n|j|\u2606p0x2137b2e8\n|j|\u2606p0y213786ae\n|t:|1783563936\n|gametype|singles\n|player|p1|p0x2137b2e8|266|\n|player|p2|p0y213786ae|170|\n|gen|9\n|tier|[Gen 9] Random Battle\n|rule|Species Clause: Limit one of each Pok\u00e9mon\n|rule|HP Percentage Mod: HP is shown in percentages\n|rule|Sleep Clause Mod: Limit one foe put to sleep\n|rule|Illusion Level Mod: Illusion disguises the Pok\u00e9mon's true level\n|\n|t:|1783563937\n|teamsize|p1|6\n|teamsize|p2|6\n|start\n|switch|p1a: Jumpluff|Jumpluff, L87, M|100/100\n|switch|p2a: Vespiquen|Vespiquen, L99, F|299/299\n|-ability|p2a: Vespiquen|Pressure\n|turn|1\n|inactive|Battle timer is ON: inactive players will automatically lose when time's up. (requested by p0y213786ae)\n|inactive|p0x2137b2e8 also wants the timer to be on.\n|\n|t:|1783563938\n|switch|p1a: Arbok|Arbok, L87, F|100/100\n|-ability|p1a: Arbok|Intimidate|boost\n|-unboost|p2a: Vespiquen|atk|1\n|move|p2a: Vespiquen|Hurricane|p1a: Arbok|[miss]\n|-miss|p2a: Vespiquen|p1a: Arbok\n|\n|upkeep\n|turn|2\n|inactive|Time left: 300 sec this turn | 300 sec total\n|\n|t:|1783563939\n|move|p1a: Arbok|Gunk Shot|p2a: Vespiquen\n|-damage|p2a: Vespiquen|205/299\n|move|p2a: Vespiquen|U-turn|p1a: Arbok\n|-resisted|p1a: Arbok\n|-damage|p1a: Arbok|87/100\n|inactive|Time left: 300 sec this turn | 300 sec total | 5 sec grace\n|\n|t:|1783563940\n|switch|p2a: Mabosstiff|Mabosstiff, L86, M|278/278|[from] U-turn\n|\n|-heal|p1a: Arbok|93/100|[from] item: Leftovers\n|upkeep\n|turn|3\n|inactive|Time left: 300 sec this turn | 300 sec total\n|\n|t:|1783563941\n|switch|p1a: Mimikyu|Mimikyu, L79, M|100/100\n|move|p2a: Mabosstiff|Psychic Fangs|p1a: Mimikyu\n|-activate|p1a: Mimikyu|ability: Disguise\n|-damage|p1a: Mimikyu|100/100\n|detailschange|p1a: Mimikyu|Mimikyu-Busted, L79, M\n|-damage|p1a: Mimikyu|88/100|[from] pokemon: Mimikyu-Busted\n|\n|upkeep\n|turn|4\n|inactive|Time left: 300 sec this turn | 300 sec total\n|\n|t:|1783563942\n|move|p1a: Mimikyu|Swords Dance|p1a: Mimikyu\n|-boost|p1a: Mimikyu|atk|2\n|move|p2a: Mabosstiff|Psychic Fangs|p1a: Mimikyu\n|-damage|p1a: Mimikyu|24/100\n|\n|upkeep\n|turn|5\n|inactive|Time left: 300 sec this turn | 300 sec total\n|\n|t:|1783563943\n|-terastallize|p2a: Mabosstiff|Fairy\n|move|p1a: Mimikyu|Play Rough|p2a: Mabosstiff\n|-damage|p2a: Mabosstiff|70/278\n|-damage|p1a: Mimikyu|14/100|[from] item: Life Orb\n|move|p2a: Mabosstiff|Psychic Fangs|p1a: Mimikyu\n|-damage|p1a: Mimikyu|0 fnt\n|faint|p1a: Mimikyu\n|\n|upkeep\n|\n|t:|1783563944\n|switch|p1a: Electivire|Electivire, L84, F|100/100\n|turn|6\n|inactive|Time left: 300 sec this turn | 300 sec total\n|\n|t:|1783563945\n|switch|p2a: Glastrier|Glastrier, L86|312/312\n|move|p1a: Electivire|Supercell Slam|p2a: Glastrier\n|-damage|p2a: Glastrier|186/312\n|-damage|p1a: Electivire|91/100|[from] item: Life Orb\n|\n|upkeep\n|turn|7\n|inactive|Time left: 300 sec this turn | 300 sec total\n|\n|t:|1783563946\n|move|p1a: Electivire|Flamethrower|p2a: Glastrier\n|-supereffective|p2a: Glastrier\n|-damage|p2a: Glastrier|48/312\n|-damage|p1a: Electivire|81/100|[from] item: Life Orb\n|move|p2a: Glastrier|High Horsepower|p1a: Electivire|[miss]\n|-miss|p2a: Glastrier|p1a: Electivire\n|\n|upkeep\n|turn|8\n|inactive|Time left: 300 sec this turn | 300 sec total\n|\n|t:|1783563947\n|switch|p2a: Haxorus|Haxorus, L77, M|244/244\n|-ability|p2a: Haxorus|Mold Breaker\n|move|p1a: Electivire|Knock Off|p2a: Haxorus\n|-damage|p2a: Haxorus|139/244\n|-enditem|p2a: Haxorus|Loaded Dice|[from] move: Knock Off|[of] p1a: Electivire\n|-damage|p1a: Electivire|71/100|[from] item: Life Orb\n|\n|upkeep\n|turn|9\n|inactive|Time left: 300 sec this turn | 300 sec total\n|\n|t:|1783563948\n|move|p1a: Electivire|Ice Punch|p2a: Haxorus\n|-supereffective|p2a: Haxorus\n|-damage|p2a: Haxorus|0 fnt\n|faint|p2a: Haxorus\n|-damage|p1a: Electivire|61/100|[from] item: Life Orb\n|\n|upkeep\n|inactive|Time left: 300 sec this turn | 300 sec total | 5 sec grace\n|\n|t:|1783563949\n|switch|p2a: Cobalion|Cobalion, L80|277/277\n|turn|10\n|inactive|Time left: 300 sec this turn | 300 sec total\n|\n|t:|1783563950\n|move|p2a: Cobalion|Calm Mind|p2a: Cobalion\n|-boost|p2a: Cobalion|spa|1\n|-boost|p2a: Cobalion|spd|1\n|move|p1a: Electivire|Flamethrower|p2a: Cobalion\n|-supereffective|p2a: Cobalion\n|-damage|p2a: Cobalion|150/277\n|-damage|p1a: Electivire|51/100|[from] item: Life Orb\n|\n|-heal|p2a: Cobalion|167/277|[from] item: Leftovers\n|upkeep\n|turn|11\n|inactive|Time left: 300 sec this turn | 300 sec total\n|\n|t:|1783563951\n|switch|p1a: Blaziken|Blaziken, L76, M|100/100\n|move|p2a: Cobalion|Aura Sphere|p1a: Blaziken\n|-damage|p1a: Blaziken|37/100\n|\n|-heal|p2a: Cobalion|184/277|[from] item: Leftovers\n|upkeep\n|turn|12\n|inactive|Time left: 300 sec this turn | 300 sec total\n|\n|t:|1783563952\n|switch|p1a: Arbok|Arbok, L87, F|93/100\n|-ability|p1a: Arbok|Intimidate|boost\n|-unboost|p2a: Cobalion|atk|1\n|move|p2a: Cobalion|Aura Sphere|p1a: Arbok\n|-resisted|p1a: Arbok\n|-damage|p1a: Arbok|71/100\n|\n|-heal|p2a: Cobalion|201/277|[from] item: Leftovers\n|-heal|p1a: Arbok|77/100|[from] item: Leftovers\n|upkeep\n|turn|13\n|inactive|Time left: 300 sec this turn | 300 sec total\n|\n|t:|1783563952\n|move|p2a: Cobalion|Flash Cannon|p1a: Arbok\n|-damage|p1a: Arbok|26/100\n|move|p1a: Arbok|Earthquake|p2a: Cobalion\n|-supereffective|p2a: Cobalion\n|-damage|p2a: Cobalion|93/277\n|\n|-heal|p2a: Cobalion|110/277|[from] item: Leftovers\n|-heal|p1a: Arbok|32/100|[from] item: Leftovers\n|upkeep\n|turn|14\n|inactive|Time left: 300 sec this turn | 300 sec total\n|\n|t:|1783563953\n|switch|p1a: Blaziken|Blaziken, L76, M|37/100\n|move|p2a: Cobalion|Flash Cannon|p1a: Blaziken\n|-resisted|p1a: Blaziken\n|-damage|p1a: Blaziken|9/100\n|\n|-heal|p2a: Cobalion|127/277|[from] item: Leftovers\n|upkeep\n|turn|15\n|inactive|Time left: 300 sec this turn | 300 sec total\n|\n|t:|1783563954\n|move|p2a: Cobalion|Flash Cannon|p1a: Blaziken\n|-resisted|p1a: Blaziken\n|-damage|p1a: Blaziken|0 fnt\n|faint|p1a: Blaziken\n|\n|-heal|p2a: Cobalion|144/277|[from] item: Leftovers\n|upkeep\n|\n|t:|1783563955\n|switch|p1a: Koraidon|Koraidon, L64|100/100\n|-weather|SunnyDay|[from] ability: Orichalcum Pulse|[of] p1a: Koraidon\n|-activate|p1a: Koraidon|Orichalcum Pulse|[source]\n|turn|16\n|inactive|Time left: 300 sec this turn | 300 sec total\n|\n|t:|1783563956\n|move|p2a: Cobalion|Aura Sphere|p1a: Koraidon\n|-damage|p1a: Koraidon|49/100\n|move|p1a: Koraidon|Collision Course|p2a: Cobalion\n|-supereffective|p2a: Cobalion\n|-damage|p2a: Cobalion|0 fnt\n|faint|p2a: Cobalion\n|\n|-weather|SunnyDay|[upkeep]\n|upkeep\n|inactive|Time left: 300 sec this turn | 300 sec total | 5 sec grace\n|\n|t:|1783563957\n|switch|p2a: Milotic|Milotic, L83, M|293/293\n|turn|17\n|inactive|Time left: 300 sec this turn | 300 sec total\n|\n|t:|1783563958\n|switch|p1a: Electivire|Electivire, L84, F|51/100\n|move|p2a: Milotic|Ice Beam|p1a: Electivire\n|-damage|p1a: Electivire|27/100\n|\n|-weather|SunnyDay|[upkeep]\n|upkeep\n|turn|18\n|inactive|Time left: 300 sec this turn | 300 sec total\n|\n|t:|1783563958\n|switch|p2a: Mabosstiff|Mabosstiff, L86, M, tera:Fairy|70/278\n|move|p1a: Electivire|Supercell Slam|p2a: Mabosstiff\n|-damage|p2a: Mabosstiff|0 fnt\n|faint|p2a: Mabosstiff\n|-damage|p1a: Electivire|17/100|[from] item: Life Orb\n|\n|-weather|SunnyDay|[upkeep]\n|upkeep\n|inactive|Time left: 300 sec this turn | 300 sec total | 5 sec grace\n|\n|t:|1783563959\n|switch|p2a: Glastrier|Glastrier, L86|48/312\n|turn|19\n|inactive|Time left: 300 sec this turn | 300 sec total\n|\n|t:|1783563960\n|move|p1a: Electivire|Supercell Slam|p2a: Glastrier\n|-damage|p2a: Glastrier|0 fnt\n|faint|p2a: Glastrier\n|-damage|p1a: Electivire|7/100|[from] item: Life Orb\n|\n|-weather|SunnyDay|[upkeep]\n|upkeep\n|inactive|Time left: 300 sec this turn | 300 sec total | 5 sec grace\n|\n|t:|1783563961\n|switch|p2a: Vespiquen|Vespiquen, L99, F|205/299\n|-ability|p2a: Vespiquen|Pressure\n|turn|20\n|inactive|Time left: 300 sec this turn | 300 sec total\n|\n|t:|1783563962\n|move|p1a: Electivire|Supercell Slam|p2a: Vespiquen\n|-supereffective|p2a: Vespiquen\n|-damage|p2a: Vespiquen|0 fnt\n|faint|p2a: Vespiquen\n|-damage|p1a: Electivire|0 fnt|[from] item: Life Orb\n|faint|p1a: Electivire\n|\n|-weather|none\n|upkeep\n|inactive|Time left: 300 sec this turn | 300 sec total | 5 sec grace\n|\n|t:|1783563963\n|switch|p1a: Arbok|Arbok, L87, F|32/100\n|switch|p2a: Milotic|Milotic, L83, M|293/293\n|-ability|p1a: Arbok|Intimidate|boost\n|-unboost|p2a: Milotic|atk|1\n|-ability|p2a: Milotic|Competitive|boost\n|-boost|p2a: Milotic|spa|2\n|turn|21\n|inactive|Time left: 300 sec this turn | 300 sec total\n|\n|t:|1783563964\n|move|p1a: Arbok|Gunk Shot|p2a: Milotic\n|-damage|p2a: Milotic|149/293\n|move|p2a: Milotic|Ice Beam|p1a: Arbok\n|-damage|p1a: Arbok|0 fnt\n|faint|p1a: Arbok\n|\n|-heal|p2a: Milotic|167/293|[from] item: Leftovers\n|upkeep\n|\n|t:|1783563965\n|switch|p1a: Koraidon|Koraidon, L64|49/100\n|-weather|SunnyDay|[from] ability: Orichalcum Pulse|[of] p1a: Koraidon\n|-activate|p1a: Koraidon|Orichalcum Pulse|[source]\n|turn|22\n|inactive|Time left: 300 sec this turn | 300 sec total\n|\n|t:|1783563967\n|move|p1a: Koraidon|Collision Course|p2a: Milotic\n|-damage|p2a: Milotic|52/293\n|move|p2a: Milotic|Recover|p2a: Milotic\n|-heal|p2a: Milotic|199/293\n|\n|-weather|SunnyDay|[upkeep]\n|-heal|p2a: Milotic|217/293|[from] item: Leftovers\n|upkeep\n|turn|23\n|inactive|Time left: 300 sec this turn | 300 sec total\n|\n|t:|1783563968\n|move|p1a: Koraidon|Swords Dance|p1a: Koraidon\n|-boost|p1a: Koraidon|atk|2\n|move|p2a: Milotic|Recover|p2a: Milotic\n|-heal|p2a: Milotic|293/293\n|\n|-weather|SunnyDay|[upkeep]\n|upkeep\n|turn|24\n|inactive|Time left: 300 sec this turn | 300 sec total\n|\n|t:|1783563969\n|-terastallize|p1a: Koraidon|Fire\n|move|p1a: Koraidon|Collision Course|p2a: Milotic\n|-damage|p2a: Milotic|43/293\n|move|p2a: Milotic|Recover|p2a: Milotic\n|-heal|p2a: Milotic|190/293\n|\n|-weather|SunnyDay|[upkeep]\n|-heal|p2a: Milotic|208/293|[from] item: Leftovers\n|upkeep\n|turn|25\n|inactive|Time left: 300 sec this turn | 300 sec total\n|\n|t:|1783563970\n|move|p1a: Koraidon|Collision Course|p2a: Milotic\n|-damage|p2a: Milotic|0 fnt\n|faint|p2a: Milotic\n|\n|win|p0x2137b2e8", "uploadtime": 1783563970, "views": 0, "rating": 0, "private": 0, "password": null, "_winner": "p0x2137b2e8", "_our_name": "p0y213786ae"}