{"id": "battle-gen9randombattle-1001", "formatid": "gen9randombattle", "format": "[Gen 9] Random Battle", "players": ["p0x100182a4", "p0y10010f9b"], "log": "|init|battle\n|title|p0x100182a4 vs. p0y10010f9b\n|j|\u2606p0x100182a4\n|j|\u2606p0y10010f9b\n|t:|1783551527\n|gametype|singles\n|player|p1|p0x100182a4|102|\n|player|p2|p0y10010f9b|169|\n|gen|9\n|tier|[Gen 9] Random Battle\n|rule|Species Clause: Limit one of each Pok\u00e9mon\n|rule|HP Percentage Mod: HP is shown in percentages\n|rule|Sleep Clause Mod: Limit one foe put to sleep\n|rule|Illusion Level Mod: Illusion disguises the Pok\u00e9mon's true level\n|\n|t:|1783551527\n|teamsize|p1|6\n|teamsize|p2|6\n|start\n|switch|p1a: Archaludon|Archaludon, L78, M|100/100\n|switch|p2a: Dusknoir|Dusknoir, L89, M|225/225\n|-item|p1a: Archaludon|Leftovers|[from] ability: Frisk|[of] p2a: Dusknoir\n|turn|1\n|inactive|Battle timer is ON: inactive players will automatically lose when time's up. (requested by p0x100182a4)\n|inactive|Time left: 300 sec this turn | 300 sec total | 60 sec grace\n|inactive|p0y10010f9b also wants the timer to be on.\n|\n|t:|1783551528\n|move|p1a: Archaludon|Flash Cannon|p2a: Dusknoir\n|-damage|p2a: Dusknoir|161/225\n|move|p2a: Dusknoir|Earthquake|p1a: Archaludon\n|-supereffective|p1a: Archaludon\n|-damage|p1a: Archaludon|49/100\n|-ability|p1a: Archaludon|Stamina|boost\n|-boost|p1a: Archaludon|def|1\n|\n|-heal|p1a: Archaludon|55/100|[from] item: Leftovers\n|-heal|p2a: Dusknoir|175/225|[from] item: Leftovers\n|upkeep\n|turn|2\n|inactive|Time left: 300 sec this turn | 300 sec total\n|\n|t:|1783551529\n|move|p1a: Archaludon|Thunder Wave|p2a: Dusknoir\n|-status|p2a: Dusknoir|par\n|move|p2a: Dusknoir|Earthquake|p1a: Archaludon\n|-supereffective|p1a: Archaludon\n|-damage|p1a: Archaludon|21/100\n|-ability|p1a: Archaludon|Stamina|boost\n|-boost|p1a: Archaludon|def|1\n|\n|-heal|p1a: Archaludon|27/100|[from] item: Leftovers\n|-heal|p2a: Dusknoir|189/225 par|[from] item: Leftovers\n|upkeep\n|turn|3\n|inactive|Time left: 300 sec this turn | 300 sec total\n|\n|t:|1783551530\n|move|p1a: Archaludon|Flash Cannon|p2a: Dusknoir\n|-damage|p2a: Dusknoir|123/225 par\n|move|p2a: Dusknoir|Poltergeist|p1a: Archaludon\n|-activate|p1a: Archaludon|move: Poltergeist|Leftovers\n|-damage|p1a: Archaludon|6/100\n|-ability|p1a: Archaludon|Stamina|boost\n|-boost|p1a: Archaludon|def|1\n|\n|-heal|p1a: Archaludon|12/100|[from] item: Leftovers\n|-heal|p2a: Dusknoir|137/225 par|[from] item: Leftovers\n|upkeep\n|turn|4\n|inactive|Time left: 300 sec this turn | 300 sec total\n|\n|t:|1783551531\n|move|p1a: Archaludon|Flash Cannon|p2a: Dusknoir\n|-damage|p2a: Dusknoir|80/225 par\n|move|p2a: Dusknoir|Poltergeist|p1a: Archaludon\n|-activate|p1a: Archaludon|move: Poltergeist|Leftovers\n|-damage|p1a: Archaludon|0 fnt\n|faint|p1a: Archaludon\n|\n|-heal|p2a: Dusknoir|94/225 par|[from] item: Leftovers\n|upkeep\n|\n|t:|1783551532\n|switch|p1a: Inteleon|Inteleon, L81, M|100/100\n|turn|5\n|inactive|Time left: 300 sec this turn | 300 sec total\n|\n|t:|1783551533\n|move|p1a: Inteleon|Scald|p2a: Dusknoir\n|-damage|p2a: Dusknoir|0 fnt\n|faint|p2a: Dusknoir\n|\n|upkeep\n|inactive|Time left: 300 sec this turn | 300 sec total | 5 sec grace\n|\n|t:|1783551534\n|switch|p2a: Bruxish|Bruxish, L85, F|254/254\n|turn|6\n|inactive|Time left: 300 sec this turn | 300 sec total\n|\n|t:|1783551535\n|move|p2a: Bruxish|Psychic Fangs|p1a: Inteleon\n|-damage|p1a: Inteleon|22/100\n|move|p1a: Inteleon|Scald|p2a: Bruxish\n|-resisted|p2a: Bruxish\n|-damage|p2a: Bruxish|138/254\n|-status|p2a: Bruxish|brn\n|\n|-damage|p2a: Bruxish|123/254 brn|[from] brn\n|upkeep\n|turn|7\n|inactive|Time left: 300 sec this turn | 300 sec total\n|\n|t:|1783551536\n|switch|p1a: Rhyperior|Rhyperior, L82, M|100/100\n|move|p2a: Bruxish|Psychic Fangs|p1a: Rhyperior\n|-crit|p1a: Rhyperior\n|-damage|p1a: Rhyperior|75/100\n|\n|-damage|p2a: Bruxish|108/254 brn|[from] brn\n|upkeep\n|turn|8\n|inactive|Time left: 300 sec this turn | 300 sec total\n|\n|t:|1783551537\n|move|p2a: Bruxish|Psychic Fangs|p1a: Rhyperior\n|-damage|p1a: Rhyperior|58/100\n|move|p1a: Rhyperior|Earthquake|p2a: Bruxish\n|-damage|p2a: Bruxish|0 fnt\n|faint|p2a: Bruxish\n|\n|upkeep\n|inactive|Time left: 300 sec this turn | 300 sec total | 5 sec grace\n|\n|t:|1783551538\n|switch|p2a: Trevenant|Trevenant, L89, M|296/296\n|turn|9\n|inactive|Time left: 300 sec this turn | 300 sec total\n|\n|t:|1783551539\n|move|p2a: Trevenant|Poltergeist|p1a: Rhyperior\n|-activate|p1a: Rhyperior|move: Poltergeist|Assault Vest\n|-damage|p1a: Rhyperior|26/100\n|move|p1a: Rhyperior|Stone Edge|p2a: Trevenant\n|-damage|p2a: Trevenant|163/296\n|\n|upkeep\n|turn|10\n|inactive|Time left: 300 sec this turn | 300 sec total\n|\n|t:|1783551540\n|move|p2a: Trevenant|Poltergeist|p1a: Rhyperior|[miss]\n|-miss|p2a: Trevenant|p1a: Rhyperior\n|move|p1a: Rhyperior|Megahorn|p2a: Trevenant\n|-damage|p2a: Trevenant|47/296\n|-enditem|p2a: Trevenant|Sitrus Berry|[eat]\n|-heal|p2a: Trevenant|121/296|[from] item: Sitrus Berry\n|\n|-item|p2a: Trevenant|Sitrus Berry|[from] ability: Harvest\n|upkeep\n|-enditem|p2a: Trevenant|Sitrus Berry|[eat]\n|-heal|p2a: Trevenant|195/296|[from] item: Sitrus Berry\n|turn|11\n|inactive|Time left: 300 sec this turn | 300 sec total\n|\n|t:|1783551541\n|switch|p1a: Primarina|Primarina, L83, F|100/100\n|move|p2a: Trevenant|Poltergeist|p1a: Primarina\n|-activate|p1a: Primarina|move: Poltergeist|Leftovers\n|-damage|p1a: Primarina|42/100\n|\n|-heal|p1a: Primarina|48/100|[from] item: Leftovers\n|upkeep\n|turn|12\n|inactive|Time left: 300 sec this turn | 300 sec total\n|\n|t:|1783551542\n|switch|p1a: Cetitan|Cetitan, L82, F|100/100\n|move|p2a: Trevenant|Poltergeist|p1a: Cetitan\n|-activate|p1a: Cetitan|move: Poltergeist|Life Orb\n|-damage|p1a: Cetitan|53/100\n|\n|upkeep\n|turn|13\n|inactive|Time left: 300 sec this turn | 300 sec total\n|\n|t:|1783551543\n|move|p2a: Trevenant|Protect|p2a: Trevenant\n|-singleturn|p2a: Trevenant|Protect\n|move|p1a: Cetitan|Icicle Crash|p2a: Trevenant\n|-activate|p2a: Trevenant|move: Protect\n|\n|upkeep\n|turn|14\n|inactive|Time left: 300 sec this turn | 300 sec total\n|\n|t:|1783551543\n|move|p1a: Cetitan|Icicle Crash|p2a: Trevenant\n|-supereffective|p2a: Trevenant\n|-damage|p2a: Trevenant|0 fnt\n|faint|p2a: Trevenant\n|\n|upkeep\n|inactive|Time left: 300 sec this turn | 300 sec total | 5 sec grace\n|\n|t:|1783551544\n|switch|p2a: Furret|Furret, L94, M|312/312\n|-item|p1a: Cetitan|Life Orb|[from] ability: Frisk|[of] p2a: Furret\n|turn|15\n|inactive|Time left: 300 sec this turn | 300 sec total\n|\n|t:|1783551546\n|move|p2a: Furret|Tidy Up|p2a: Furret\n|-boost|p2a: Furret|atk|1\n|-boost|p2a: Furret|spe|1\n|move|p1a: Cetitan|Icicle Crash|p2a: Furret\n|-crit|p2a: Furret\n|-damage|p2a: Furret|22/312\n|\n|upkeep\n|turn|16\n|inactive|Time left: 300 sec this turn | 300 sec total\n|\n|t:|1783551547\n|move|p1a: Cetitan|Ice Shard|p2a: Furret\n|-damage|p2a: Furret|0 fnt\n|faint|p2a: Furret\n|-damage|p1a: Cetitan|43/100|[from] item: Life Orb\n|\n|upkeep\n|inactive|Time left: 300 sec this turn | 300 sec total | 5 sec grace\n|\n|t:|1783551548\n|switch|p2a: Pawmot|Pawmot, L80, F|243/243\n|turn|17\n|inactive|Time left: 300 sec this turn | 300 sec total\n|\n|t:|1783551549\n|switch|p1a: Raichu|Raichu-Alola, L87, M|100/100\n|move|p2a: Pawmot|Double Shock|p1a: Raichu\n|-resisted|p1a: Raichu\n|-damage|p1a: Raichu|51/100\n|-start|p2a: Pawmot|typechange|???/Fighting|[from] move: Double Shock\n|-damage|p2a: Pawmot|219/243|[from] item: Life Orb\n|\n|upkeep\n|turn|18\n|inactive|Time left: 300 sec this turn | 300 sec total\n|\n|t:|1783551550\n|switch|p2a: Chansey|Chansey, L85, F|564/564\n|move|p1a: Raichu|Psyshock|p2a: Chansey\n|-damage|p2a: Chansey|284/564\n|\n|upkeep\n|turn|19\n|inactive|Time left: 300 sec this turn | 300 sec total\n|\n|t:|1783551551\n|-terastallize|p2a: Chansey|Dark\n|move|p1a: Raichu|Psyshock|p2a: Chansey\n|-immune|p2a: Chansey\n|move|p2a: Chansey|Soft-Boiled|p2a: Chansey\n|-heal|p2a: Chansey|564/564\n|\n|upkeep\n|turn|20\n|inactive|Time left: 300 sec this turn | 300 sec total\n|\n|t:|1783551552\n|switch|p1a: Cetitan|Cetitan, L82, F|43/100\n|move|p2a: Chansey|Seismic Toss|p1a: Cetitan\n|-damage|p1a: Cetitan|22/100\n|\n|upkeep\n|turn|21\n|inactive|Time left: 300 sec this turn | 300 sec total\n|\n|t:|1783551553\n|move|p1a: Cetitan|Icicle Crash|p2a: Chansey\n|-damage|p2a: Chansey|192/564\n|move|p2a: Chansey|Seismic Toss|p1a: Cetitan\n|-damage|p1a: Cetitan|1/100\n|\n|upkeep\n|turn|22\n|inactive|Time left: 300 sec this turn | 300 sec total\n|\n|t:|1783551554\n|switch|p2a: Pawmot|Pawmot, L80, F|219/243\n|move|p1a: Cetitan|Earthquake|p2a: Pawmot\n|-supereffective|p2a: Pawmot\n|-damage|p2a: Pawmot|0 fnt\n|faint|p2a: Pawmot\n|-damage|p1a: Cetitan|0 fnt|[from] item: Life Orb\n|faint|p1a: Cetitan\n|\n|upkeep\n|inactive|Time left: 300 sec this turn | 300 sec total | 5 sec grace\n|\n|t:|1783551555\n|switch|p2a: Chansey|Chansey, L85, F, tera:Dark|192/564\n|switch|p1a: Inteleon|Inteleon, L81, M|22/100\n|turn|23\n|inactive|Time left: 300 sec this turn | 300 sec total\n|\n|t:|1783551556\n|-terastallize|p1a: Inteleon|Water\n|move|p1a: Inteleon|Hydro Pump|p2a: Chansey\n|-damage|p2a: Chansey|0 fnt\n|faint|p2a: Chansey\n|\n|win|p0x100182a4", "uploadtime": 1783551556, "views": 0, "rating": 0, "private": 0, "password": null, "_winner": "p0x100182a4", "_our_name": "p0y10010f9b"}