{"id": "battle-gen9randombattle-70", "formatid": "gen9randombattle", "format": "[Gen 9] Random Battle", "players": ["p0x070578f", "p0y070d5a7"], "log": "|init|battle\n|title|p0x070578f vs. p0y070d5a7\n|j|\u2606p0x070578f\n|j|\u2606p0y070d5a7\n|t:|1783534036\n|gametype|singles\n|player|p1|p0x070578f|169|\n|player|p2|p0y070d5a7|102|\n|gen|9\n|tier|[Gen 9] Random Battle\n|rule|Species Clause: Limit one of each Pok\u00e9mon\n|rule|HP Percentage Mod: HP is shown in percentages\n|rule|Sleep Clause Mod: Limit one foe put to sleep\n|rule|Illusion Level Mod: Illusion disguises the Pok\u00e9mon's true level\n|\n|t:|1783534036\n|teamsize|p1|6\n|teamsize|p2|6\n|start\n|switch|p1a: Raikou|Raikou, L81|100/100\n|switch|p2a: Dipplin|Dipplin, L88, M|284/284\n|-ability|p1a: Raikou|Pressure\n|turn|1\n|inactive|Battle timer is ON: inactive players will automatically lose when time's up. (requested by p0y070d5a7)\n|inactive|p0x070578f also wants the timer to be on.\n|\n|t:|1783534038\n|move|p1a: Raikou|Calm Mind|p1a: Raikou\n|-boost|p1a: Raikou|spa|1\n|-boost|p1a: Raikou|spd|1\n|move|p2a: Dipplin|Giga Drain|p1a: Raikou\n|-damage|p1a: Raikou|80/100\n|\n|upkeep\n|turn|2\n|inactive|Time left: 300 sec this turn | 300 sec total\n|\n|t:|1783534040\n|move|p1a: Raikou|Calm Mind|p1a: Raikou\n|-boost|p1a: Raikou|spa|1\n|-boost|p1a: Raikou|spd|1\n|move|p2a: Dipplin|Giga Drain|p1a: Raikou\n|-damage|p1a: Raikou|64/100\n|\n|upkeep\n|turn|3\n|inactive|Time left: 300 sec this turn | 300 sec total\n|\n|t:|1783534041\n|move|p1a: Raikou|Scald|p2a: Dipplin\n|-resisted|p2a: Dipplin\n|-damage|p2a: Dipplin|265/284\n|move|p2a: Dipplin|Giga Drain|p1a: Raikou\n|-crit|p1a: Raikou\n|-damage|p1a: Raikou|20/100\n|-heal|p2a: Dipplin|284/284|[from] drain|[of] p1a: Raikou\n|\n|upkeep\n|turn|4\n|inactive|Time left: 300 sec this turn | 300 sec total\n|\n|t:|1783534042\n|move|p1a: Raikou|Calm Mind|p1a: Raikou\n|-boost|p1a: Raikou|spa|1\n|-boost|p1a: Raikou|spd|1\n|move|p2a: Dipplin|Dragon Pulse|p1a: Raikou\n|-damage|p1a: Raikou|6/100\n|\n|upkeep\n|turn|5\n|inactive|Time left: 300 sec this turn | 300 sec total\n|\n|t:|1783534043\n|move|p1a: Raikou|Scald|p2a: Dipplin\n|-resisted|p2a: Dipplin\n|-damage|p2a: Dipplin|260/284\n|move|p2a: Dipplin|Dragon Pulse|p1a: Raikou\n|-damage|p1a: Raikou|0 fnt\n|faint|p1a: Raikou\n|\n|upkeep\n|\n|t:|1783534044\n|switch|p1a: Yanmega|Yanmega, L82, M|100/100\n|turn|6\n|inactive|Time left: 300 sec this turn | 300 sec total\n|\n|t:|1783534045\n|move|p1a: Yanmega|Bug Buzz|p2a: Dipplin\n|-supereffective|p2a: Dipplin\n|-damage|p2a: Dipplin|42/284\n|move|p2a: Dipplin|Dragon Pulse|p1a: Yanmega\n|-damage|p1a: Yanmega|49/100\n|\n|upkeep\n|turn|7\n|inactive|Time left: 300 sec this turn | 300 sec total\n|\n|t:|1783534047\n|switch|p2a: Skeledirge|Skeledirge, L79, M|294/294\n|move|p1a: Yanmega|Bug Buzz|p2a: Skeledirge\n|-resisted|p2a: Skeledirge\n|-damage|p2a: Skeledirge|202/294\n|\n|upkeep\n|turn|8\n|inactive|Time left: 300 sec this turn | 300 sec total\n|\n|t:|1783534048\n|switch|p1a: Iron Thorns|Iron Thorns, L83|100/100\n|-enditem|p1a: Iron Thorns|Booster Energy\n|-activate|p1a: Iron Thorns|ability: Quark Drive|[fromitem]\n|-start|p1a: Iron Thorns|quarkdriveatk\n|move|p2a: Skeledirge|Torch Song|p1a: Iron Thorns\n|-resisted|p1a: Iron Thorns\n|-damage|p1a: Iron Thorns|85/100\n|-boost|p2a: Skeledirge|spa|1\n|\n|upkeep\n|turn|9\n|inactive|Time left: 300 sec this turn | 300 sec total\n|\n|t:|1783534049\n|switch|p2a: Bronzong|Bronzong, L88|261/261\n|move|p1a: Iron Thorns|Stone Edge|p2a: Bronzong\n|-resisted|p2a: Bronzong\n|-damage|p2a: Bronzong|193/261\n|\n|-heal|p2a: Bronzong|209/261|[from] item: Leftovers\n|upkeep\n|turn|10\n|inactive|Time left: 300 sec this turn | 300 sec total\n|\n|t:|1783534051\n|move|p1a: Iron Thorns|Dragon Dance|p1a: Iron Thorns\n|-boost|p1a: Iron Thorns|atk|1\n|-boost|p1a: Iron Thorns|spe|1\n|move|p2a: Bronzong|Psychic Noise|p1a: Iron Thorns\n|-crit|p1a: Iron Thorns\n|-damage|p1a: Iron Thorns|46/100\n|-start|p1a: Iron Thorns|move: Heal Block\n|\n|-heal|p2a: Bronzong|225/261|[from] item: Leftovers\n|upkeep\n|turn|11\n|inactive|Time left: 300 sec this turn | 300 sec total\n|\n|t:|1783534052\n|move|p1a: Iron Thorns|Wild Charge|p2a: Bronzong\n|-damage|p2a: Bronzong|54/261\n|-damage|p1a: Iron Thorns|32/100|[from] Recoil\n|move|p2a: Bronzong|Body Press|p1a: Iron Thorns\n|-supereffective|p1a: Iron Thorns\n|-damage|p1a: Iron Thorns|0 fnt\n|faint|p1a: Iron Thorns\n|-end|p1a: Iron Thorns|Quark Drive|[silent]\n|\n|-heal|p2a: Bronzong|70/261|[from] item: Leftovers\n|upkeep\n|\n|t:|1783534053\n|switch|p1a: Yanmega|Yanmega, L82, M|49/100\n|turn|12\n|inactive|Time left: 300 sec this turn | 300 sec total\n|\n|t:|1783534054\n|move|p1a: Yanmega|Bug Buzz|p2a: Bronzong\n|-damage|p2a: Bronzong|0 fnt\n|faint|p2a: Bronzong\n|\n|upkeep\n|inactive|Time left: 300 sec this turn | 300 sec total | 5 sec grace\n|\n|t:|1783534055\n|switch|p2a: Meloetta|Meloetta, L82|298/298\n|turn|13\n|inactive|Time left: 300 sec this turn | 300 sec total\n|\n|t:|1783534056\n|move|p1a: Yanmega|Bug Buzz|p2a: Meloetta\n|-supereffective|p2a: Meloetta\n|-damage|p2a: Meloetta|52/298\n|move|p2a: Meloetta|Hyper Voice|p1a: Yanmega\n|-damage|p1a: Yanmega|0 fnt\n|faint|p1a: Yanmega\n|\n|-heal|p2a: Meloetta|70/298|[from] item: Leftovers\n|upkeep\n|\n|t:|1783534057\n|switch|p1a: Dugtrio|Dugtrio, L84, F|100/100\n|turn|14\n|inactive|Time left: 300 sec this turn | 300 sec total\n|\n|t:|1783534058\n|move|p1a: Dugtrio|Earthquake|p2a: Meloetta\n|-damage|p2a: Meloetta|0 fnt\n|faint|p2a: Meloetta\n|-damage|p1a: Dugtrio|91/100|[from] item: Life Orb\n|\n|upkeep\n|inactive|Time left: 300 sec this turn | 300 sec total | 5 sec grace\n|\n|t:|1783534059\n|switch|p2a: Greedent|Greedent, L86, M|347/347\n|turn|15\n|inactive|Time left: 300 sec this turn | 300 sec total\n|\n|t:|1783534060\n|switch|p1a: Archaludon|Archaludon, L78, F|100/100\n|move|p2a: Greedent|Swords Dance|p2a: Greedent\n|-boost|p2a: Greedent|atk|2\n|\n|upkeep\n|turn|16\n|inactive|Time left: 300 sec this turn | 300 sec total\n|\n|t:|1783534061\n|-terastallize|p1a: Archaludon|Ground\n|move|p1a: Archaludon|Swords Dance|p1a: Archaludon\n|-boost|p1a: Archaludon|atk|2\n|move|p2a: Greedent|Earthquake|p1a: Archaludon\n|-damage|p1a: Archaludon|57/100\n|-ability|p1a: Archaludon|Stamina|boost\n|-boost|p1a: Archaludon|def|1\n|\n|upkeep\n|turn|17\n|inactive|Time left: 300 sec this turn | 300 sec total\n|\n|t:|1783534062\n|switch|p2a: Skeledirge|Skeledirge, L79, M|202/294\n|move|p1a: Archaludon|Outrage|p2a: Skeledirge\n|-damage|p2a: Skeledirge|85/294\n|\n|upkeep\n|turn|18\n|inactive|Time left: 300 sec this turn | 300 sec total\n|\n|t:|1783534063\n|-terastallize|p2a: Skeledirge|Fairy\n|move|p1a: Archaludon|Outrage|p2a: Skeledirge|[from] lockedmove\n|-immune|p2a: Skeledirge\n|move|p2a: Skeledirge|Slack Off|p2a: Skeledirge\n|-heal|p2a: Skeledirge|232/294\n|\n|upkeep\n|turn|19\n|inactive|Time left: 300 sec this turn | 300 sec total\n|\n|t:|1783534064\n|move|p1a: Archaludon|Iron Head|p2a: Skeledirge\n|-supereffective|p2a: Skeledirge\n|-damage|p2a: Skeledirge|70/294\n|cant|p2a: Skeledirge|flinch\n|\n|upkeep\n|turn|20\n|inactive|Time left: 300 sec this turn | 300 sec total\n|\n|t:|1783534065\n|switch|p2a: Greedent|Greedent, L86, M|347/347\n|move|p1a: Archaludon|Earthquake|p2a: Greedent\n|-damage|p2a: Greedent|163/347\n|-enditem|p2a: Greedent|Sitrus Berry|[eat]\n|-heal|p2a: Greedent|249/347|[from] item: Sitrus Berry\n|-heal|p2a: Greedent|347/347|[from] ability: Cheek Pouch\n|\n|upkeep\n|turn|21\n|inactive|Time left: 300 sec this turn | 300 sec total\n|\n|t:|1783534066\n|move|p1a: Archaludon|Earthquake|p2a: Greedent\n|-damage|p2a: Greedent|157/347\n|move|p2a: Greedent|Double-Edge|p1a: Archaludon\n|-damage|p1a: Archaludon|30/100\n|-ability|p1a: Archaludon|Stamina|boost\n|-boost|p1a: Archaludon|def|1\n|-damage|p2a: Greedent|133/347|[from] Recoil\n|\n|upkeep\n|turn|22\n|inactive|Time left: 300 sec this turn | 300 sec total\n|\n|t:|1783534067\n|move|p1a: Archaludon|Swords Dance|p1a: Archaludon\n|-boost|p1a: Archaludon|atk|2\n|move|p2a: Greedent|Knock Off|p1a: Archaludon\n|-damage|p1a: Archaludon|19/100\n|-ability|p1a: Archaludon|Stamina|boost\n|-boost|p1a: Archaludon|def|1\n|-enditem|p1a: Archaludon|Lum Berry|[from] move: Knock Off|[of] p2a: Greedent\n|\n|upkeep\n|turn|23\n|inactive|Time left: 300 sec this turn | 300 sec total\n|\n|t:|1783534068\n|switch|p2a: Dipplin|Dipplin, L88, M|42/284\n|move|p1a: Archaludon|Earthquake|p2a: Dipplin\n|-resisted|p2a: Dipplin\n|-damage|p2a: Dipplin|0 fnt\n|faint|p2a: Dipplin\n|\n|upkeep\n|inactive|Time left: 300 sec this turn | 300 sec total | 5 sec grace\n|\n|t:|1783534069\n|switch|p2a: Arcanine|Arcanine-Hisui, L79, F|280/280\n|turn|24\n|inactive|Time left: 300 sec this turn | 300 sec total\n|\n|t:|1783534070\n|move|p2a: Arcanine|Flare Blitz|p1a: Archaludon\n|-crit|p1a: Archaludon\n|-damage|p1a: Archaludon|0 fnt\n|faint|p1a: Archaludon\n|\n|upkeep\n|\n|t:|1783534071\n|switch|p1a: Dugtrio|Dugtrio, L84, F|91/100\n|turn|25\n|inactive|Time left: 300 sec this turn | 300 sec total\n|\n|t:|1783534072\n|move|p2a: Arcanine|Extreme Speed|p1a: Dugtrio\n|-damage|p1a: Dugtrio|50/100\n|move|p1a: Dugtrio|Earthquake|p2a: Arcanine\n|-supereffective|p2a: Arcanine\n|-damage|p2a: Arcanine|0 fnt\n|faint|p2a: Arcanine\n|-damage|p1a: Dugtrio|41/100|[from] item: Life Orb\n|\n|upkeep\n|inactive|Time left: 300 sec this turn | 300 sec total | 5 sec grace\n|\n|t:|1783534073\n|switch|p2a: Greedent|Greedent, L86, M|133/347\n|turn|26\n|inactive|Time left: 300 sec this turn | 300 sec total\n|\n|t:|1783534074\n|move|p1a: Dugtrio|Earthquake|p2a: Greedent\n|-damage|p2a: Greedent|15/347\n|-damage|p1a: Dugtrio|31/100|[from] item: Life Orb\n|move|p2a: Greedent|Swords Dance|p2a: Greedent\n|-boost|p2a: Greedent|atk|2\n|\n|upkeep\n|turn|27\n|inactive|Time left: 300 sec this turn | 300 sec total\n|\n|t:|1783534075\n|move|p1a: Dugtrio|Earthquake|p2a: Greedent\n|-damage|p2a: Greedent|0 fnt\n|faint|p2a: Greedent\n|-damage|p1a: Dugtrio|21/100|[from] item: Life Orb\n|\n|upkeep\n|inactive|Time left: 300 sec this turn | 300 sec total | 5 sec grace\n|\n|t:|1783534076\n|switch|p2a: Skeledirge|Skeledirge, L79, M, tera:Fairy|70/294\n|turn|28\n|inactive|Time left: 300 sec this turn | 300 sec total\n|\n|t:|1783534077\n|move|p1a: Dugtrio|Earthquake|p2a: Skeledirge\n|-damage|p2a: Skeledirge|0 fnt\n|faint|p2a: Skeledirge\n|-damage|p1a: Dugtrio|12/100|[from] item: Life Orb\n|\n|win|p0x070578f", "uploadtime": 1783534077, "views": 0, "rating": 0, "private": 0, "password": null, "_winner": "p0x070578f", "_our_name": "p0y070d5a7"}