{"id": "battle-gen9randombattle-2899", "formatid": "gen9randombattle", "format": "[Gen 9] Random Battle", "players": ["p0x28998e29", "p0y28990212"], "log": "|init|battle\n|title|p0x28998e29 vs. p0y28990212\n|j|\u2606p0x28998e29\n|j|\u2606p0y28990212\n|t:|1783573395\n|gametype|singles\n|player|p1|p0x28998e29|101|\n|player|p2|p0y28990212|102|\n|gen|9\n|tier|[Gen 9] Random Battle\n|rule|Species Clause: Limit one of each Pok\u00e9mon\n|rule|HP Percentage Mod: HP is shown in percentages\n|rule|Sleep Clause Mod: Limit one foe put to sleep\n|rule|Illusion Level Mod: Illusion disguises the Pok\u00e9mon's true level\n|\n|t:|1783573395\n|teamsize|p1|6\n|teamsize|p2|6\n|start\n|switch|p1a: Primarina|Primarina, L83, F|100/100\n|switch|p2a: Meowscarada|Meowscarada, L78, F|247/247\n|turn|1\n|inactive|Battle timer is ON: inactive players will automatically lose when time's up. (requested by p0y28990212)\n|\n|t:|1783573396\n|-terastallize|p2a: Meowscarada|Grass\n|-terastallize|p1a: Primarina|Poison\n|move|p2a: Meowscarada|Flower Trick|p1a: Primarina\n|-resisted|p1a: Primarina\n|-crit|p1a: Primarina\n|-damage|p1a: Primarina|70/100\n|move|p1a: Primarina|Draining Kiss|p2a: Meowscarada\n|-damage|p2a: Meowscarada|166/247\n|-heal|p1a: Primarina|92/100|[from] drain|[of] p2a: Meowscarada\n|\n|-heal|p1a: Primarina|98/100|[from] item: Leftovers\n|upkeep\n|turn|2\n|inactive|Time left: 300 sec this turn | 300 sec total\n|inactive|p0x28998e29 also wants the timer to be on.\n|\n|t:|1783573397\n|move|p2a: Meowscarada|Knock Off|p1a: Primarina\n|-damage|p1a: Primarina|55/100\n|-enditem|p1a: Primarina|Leftovers|[from] move: Knock Off|[of] p2a: Meowscarada\n|move|p1a: Primarina|Draining Kiss|p2a: Meowscarada\n|-damage|p2a: Meowscarada|85/247\n|-heal|p1a: Primarina|78/100|[from] drain|[of] p2a: Meowscarada\n|\n|upkeep\n|turn|3\n|inactive|Time left: 300 sec this turn | 300 sec total\n|\n|t:|1783573398\n|move|p2a: Meowscarada|Toxic Spikes|p1a: Primarina\n|-sidestart|p1: p0x28998e29|move: Toxic Spikes\n|move|p1a: Primarina|Draining Kiss|p2a: Meowscarada\n|-damage|p2a: Meowscarada|0 fnt\n|-heal|p1a: Primarina|100/100|[from] drain|[of] p2a: Meowscarada\n|faint|p2a: Meowscarada\n|\n|upkeep\n|inactive|Time left: 300 sec this turn | 300 sec total | 5 sec grace\n|\n|t:|1783573399\n|switch|p2a: Bruxish|Bruxish, L85, F|254/254\n|turn|4\n|inactive|Time left: 300 sec this turn | 300 sec total\n|\n|t:|1783573400\n|switch|p1a: Slowbro|Slowbro-Galar, L87, M|100/100\n|-sideend|p1: p0x28998e29|move: Toxic Spikes|[of] p1a: Slowbro\n|move|p2a: Bruxish|Psychic Fangs|p1a: Slowbro\n|-damage|p1a: Slowbro|44/100\n|-damage|p2a: Bruxish|229/254|[from] item: Life Orb\n|\n|upkeep\n|turn|5\n|inactive|Time left: 300 sec this turn | 300 sec total\n|\n|t:|1783573401\n|switch|p1a: Minun|Minun, L95, F|100/100\n|move|p2a: Bruxish|Psychic Fangs|p1a: Minun\n|-damage|p1a: Minun|4/100\n|-damage|p2a: Bruxish|204/254|[from] item: Life Orb\n|\n|upkeep\n|turn|6\n|inactive|Time left: 300 sec this turn | 300 sec total\n|\n|t:|1783573402\n|switch|p2a: Ursaluna|Ursaluna, L79, F|335/335\n|move|p1a: Minun|Thunderbolt|p2a: Ursaluna\n|-immune|p2a: Ursaluna\n|\n|-status|p2a: Ursaluna|brn|[from] item: Flame Orb\n|upkeep\n|turn|7\n|inactive|Time left: 300 sec this turn | 300 sec total\n|\n|t:|1783573403\n|switch|p2a: Komala|Komala, L87, M|255/255\n|-ability|p2a: Komala|Comatose\n|move|p1a: Minun|Alluring Voice|p2a: Komala\n|-damage|p2a: Komala|204/255\n|-damage|p1a: Minun|0 fnt|[from] item: Life Orb\n|faint|p1a: Minun\n|\n|upkeep\n|\n|t:|1783573404\n|switch|p1a: Barraskewda|Barraskewda, L81, F|100/100\n|turn|8\n|inactive|Time left: 300 sec this turn | 300 sec total\n|\n|t:|1783573405\n|switch|p2a: Okidogi|Okidogi, L77, M|262/262\n|move|p1a: Barraskewda|Close Combat|p2a: Okidogi\n|-resisted|p2a: Okidogi\n|-damage|p2a: Okidogi|204/262\n|-unboost|p1a: Barraskewda|def|1\n|-unboost|p1a: Barraskewda|spd|1\n|\n|-heal|p2a: Okidogi|220/262|[from] item: Leftovers\n|upkeep\n|turn|9\n|inactive|Time left: 300 sec this turn | 300 sec total\n|\n|t:|1783573406\n|switch|p1a: Slowbro|Slowbro-Galar, L87, M|77/100\n|move|p2a: Okidogi|Knock Off|p1a: Slowbro\n|-supereffective|p1a: Slowbro\n|-damage|p1a: Slowbro|33/100\n|-enditem|p1a: Slowbro|Assault Vest|[from] move: Knock Off|[of] p2a: Okidogi\n|\n|-heal|p2a: Okidogi|236/262|[from] item: Leftovers\n|upkeep\n|turn|10\n|inactive|Time left: 300 sec this turn | 300 sec total\n|\n|t:|1783573407\n|switch|p2a: Ursaluna|Ursaluna, L79, F|335/335 brn\n|move|p1a: Slowbro|Psychic|p2a: Ursaluna\n|-damage|p2a: Ursaluna|215/335 brn\n|-unboost|p2a: Ursaluna|spd|1\n|\n|-damage|p2a: Ursaluna|195/335 brn|[from] brn\n|upkeep\n|turn|11\n|inactive|Time left: 300 sec this turn | 300 sec total\n|\n|t:|1783573408\n|move|p2a: Ursaluna|Facade|p1a: Slowbro\n|-damage|p1a: Slowbro|0 fnt\n|faint|p1a: Slowbro\n|\n|-damage|p2a: Ursaluna|175/335 brn|[from] brn\n|upkeep\n|\n|t:|1783573409\n|switch|p1a: Toucannon|Toucannon, L88, F|100/100\n|turn|12\n|inactive|Time left: 300 sec this turn | 300 sec total\n|\n|t:|1783573410\n|switch|p2a: Okidogi|Okidogi, L77, M|236/262\n|move|p1a: Toucannon|Bullet Seed|p2a: Okidogi\n|-resisted|p2a: Okidogi\n|-damage|p2a: Okidogi|225/262\n|-resisted|p2a: Okidogi\n|-damage|p2a: Okidogi|215/262\n|-resisted|p2a: Okidogi\n|-damage|p2a: Okidogi|205/262\n|-resisted|p2a: Okidogi\n|-damage|p2a: Okidogi|196/262\n|-resisted|p2a: Okidogi\n|-damage|p2a: Okidogi|185/262\n|-hitcount|p2a: Okidogi|5\n|\n|-heal|p2a: Okidogi|201/262|[from] item: Leftovers\n|upkeep\n|turn|13\n|inactive|Time left: 300 sec this turn | 300 sec total\n|\n|t:|1783573411\n|-singleturn|p1a: Toucannon|move: Beak Blast\n|move|p2a: Okidogi|Drain Punch|p1a: Toucannon\n|-damage|p1a: Toucannon|71/100\n|-heal|p2a: Okidogi|243/262|[from] drain|[of] p1a: Toucannon\n|-status|p2a: Okidogi|brn\n|move|p1a: Toucannon|Beak Blast|p2a: Okidogi\n|-supereffective|p2a: Okidogi\n|-damage|p2a: Okidogi|0 fnt\n|faint|p2a: Okidogi\n|\n|upkeep\n|inactive|Time left: 300 sec this turn | 300 sec total | 5 sec grace\n|\n|t:|1783573411\n|switch|p2a: Bruxish|Bruxish, L85, F|204/254\n|turn|14\n|inactive|Time left: 300 sec this turn | 300 sec total\n|\n|t:|1783573412\n|move|p2a: Bruxish|Psychic Fangs|p1a: Toucannon\n|-damage|p1a: Toucannon|0 fnt\n|faint|p1a: Toucannon\n|-damage|p2a: Bruxish|179/254|[from] item: Life Orb\n|\n|upkeep\n|\n|t:|1783573413\n|switch|p1a: Oricorio|Oricorio-Pom-Pom, L82, M|100/100\n|turn|15\n|inactive|Time left: 300 sec this turn | 300 sec total\n|\n|t:|1783573414\n|move|p2a: Bruxish|Psychic Fangs|p1a: Oricorio\n|-damage|p1a: Oricorio|4/100\n|-damage|p2a: Bruxish|154/254|[from] item: Life Orb\n|move|p1a: Oricorio|Revelation Dance|p2a: Bruxish\n|-supereffective|p2a: Bruxish\n|-damage|p2a: Bruxish|0 fnt\n|faint|p2a: Bruxish\n|\n|upkeep\n|inactive|Time left: 300 sec this turn | 300 sec total | 5 sec grace\n|\n|t:|1783573415\n|switch|p2a: Keldeo|Keldeo-Resolute, L79|273/273\n|turn|16\n|inactive|Time left: 300 sec this turn | 300 sec total\n|\n|t:|1783573416\n|move|p2a: Keldeo|Secret Sword|p1a: Oricorio\n|-resisted|p1a: Oricorio\n|-damage|p1a: Oricorio|0 fnt\n|faint|p1a: Oricorio\n|-damage|p2a: Keldeo|246/273|[from] item: Life Orb\n|\n|upkeep\n|\n|t:|1783573417\n|switch|p1a: Primarina|Primarina, L83, F, tera:Poison|100/100\n|turn|17\n|inactive|Time left: 300 sec this turn | 300 sec total\n|\n|t:|1783573418\n|switch|p2a: Komala|Komala, L87, M|204/255\n|-ability|p2a: Komala|Comatose\n|move|p1a: Primarina|Calm Mind|p1a: Primarina\n|-boost|p1a: Primarina|spa|1\n|-boost|p1a: Primarina|spd|1\n|\n|upkeep\n|turn|18\n|inactive|Time left: 300 sec this turn | 300 sec total\n|\n|t:|1783573418\n|move|p2a: Komala|Body Slam|p1a: Primarina\n|-damage|p1a: Primarina|51/100\n|move|p1a: Primarina|Sparkling Aria|p2a: Komala\n|-damage|p2a: Komala|95/255\n|\n|upkeep\n|turn|19\n|inactive|Time left: 300 sec this turn | 300 sec total\n|\n|t:|1783573419\n|move|p2a: Komala|Body Slam|p1a: Primarina\n|-damage|p1a: Primarina|5/100\n|move|p1a: Primarina|Sparkling Aria|p2a: Komala\n|-damage|p2a: Komala|0 fnt\n|faint|p2a: Komala\n|\n|upkeep\n|inactive|Time left: 300 sec this turn | 300 sec total | 5 sec grace\n|\n|t:|1783573420\n|switch|p2a: Keldeo|Keldeo-Resolute, L79|246/273\n|turn|20\n|inactive|Time left: 300 sec this turn | 300 sec total\n|\n|t:|1783573421\n|move|p2a: Keldeo|Secret Sword|p1a: Primarina\n|-resisted|p1a: Primarina\n|-damage|p1a: Primarina|0 fnt\n|faint|p1a: Primarina\n|-damage|p2a: Keldeo|219/273|[from] item: Life Orb\n|\n|upkeep\n|\n|t:|1783573422\n|switch|p1a: Barraskewda|Barraskewda, L81, F|100/100\n|turn|21\n|inactive|Time left: 300 sec this turn | 300 sec total\n|\n|t:|1783573423\n|move|p1a: Barraskewda|Waterfall|p2a: Keldeo\n|-resisted|p2a: Keldeo\n|-damage|p2a: Keldeo|145/273\n|move|p2a: Keldeo|Secret Sword|p1a: Barraskewda\n|-damage|p1a: Barraskewda|29/100\n|-damage|p2a: Keldeo|118/273|[from] item: Life Orb\n|\n|upkeep\n|turn|22\n|inactive|Time left: 300 sec this turn | 300 sec total\n|\n|t:|1783573424\n|move|p2a: Keldeo|Vacuum Wave|p1a: Barraskewda\n|-damage|p1a: Barraskewda|0 fnt\n|faint|p1a: Barraskewda\n|-damage|p2a: Keldeo|91/273|[from] item: Life Orb\n|\n|win|p0y28990212", "uploadtime": 1783573424, "views": 0, "rating": 0, "private": 0, "password": null, "_winner": "p0y28990212", "_our_name": "p0y28990212"}