{"id": "battle-gen9randombattle-1192", "formatid": "gen9randombattle", "format": "[Gen 9] Random Battle", "players": ["p0x1192a204", "p0y11922d8a"], "log": "|init|battle\n|title|p0x1192a204 vs. p0y11922d8a\n|j|\u2606p0x1192a204\n|j|\u2606p0y11922d8a\n|t:|1783552936\n|gametype|singles\n|player|p1|p0x1192a204|170|\n|player|p2|p0y11922d8a|2|\n|gen|9\n|tier|[Gen 9] Random Battle\n|rule|Species Clause: Limit one of each Pok\u00e9mon\n|rule|HP Percentage Mod: HP is shown in percentages\n|rule|Sleep Clause Mod: Limit one foe put to sleep\n|rule|Illusion Level Mod: Illusion disguises the Pok\u00e9mon's true level\n|\n|t:|1783552936\n|teamsize|p1|6\n|teamsize|p2|6\n|start\n|switch|p1a: Eternatus|Eternatus, L69|308/308\n|switch|p2a: Kleavor|Kleavor, L78, F|100/100\n|-ability|p1a: Eternatus|Pressure\n|turn|1\n|inactive|Battle timer is ON: inactive players will automatically lose when time's up. (requested by p0y11922d8a)\n|inactive|Time left: 300 sec this turn | 300 sec total | 60 sec grace\n|inactive|p0x1192a204 also wants the timer to be on.\n|\n|t:|1783552938\n|move|p1a: Eternatus|Dynamax Cannon|p2a: Kleavor\n|-damage|p2a: Kleavor|51/100\n|move|p2a: Kleavor|Stone Axe|p1a: Eternatus|[miss]\n|-miss|p2a: Kleavor|p1a: Eternatus\n|\n|upkeep\n|turn|2\n|inactive|Time left: 300 sec this turn | 300 sec total\n|\n|t:|1783552939\n|switch|p2a: Iron Crown|Iron Crown, L78|100/100\n|move|p1a: Eternatus|Dynamax Cannon|p2a: Iron Crown\n|-resisted|p2a: Iron Crown\n|-damage|p2a: Iron Crown|84/100\n|\n|-heal|p2a: Iron Crown|90/100|[from] item: Leftovers\n|upkeep\n|turn|3\n|inactive|Time left: 300 sec this turn | 300 sec total\n|\n|t:|1783552940\n|switch|p1a: Iron Crown|Iron Crown, L78|268/268\n|move|p2a: Iron Crown|Calm Mind|p2a: Iron Crown\n|-boost|p2a: Iron Crown|spa|1\n|-boost|p2a: Iron Crown|spd|1\n|\n|-heal|p2a: Iron Crown|96/100|[from] item: Leftovers\n|upkeep\n|turn|4\n|inactive|Time left: 300 sec this turn | 300 sec total\n|\n|t:|1783552941\n|move|p1a: Iron Crown|Calm Mind|p1a: Iron Crown\n|-boost|p1a: Iron Crown|spa|1\n|-boost|p1a: Iron Crown|spd|1\n|move|p2a: Iron Crown|Calm Mind|p2a: Iron Crown\n|-boost|p2a: Iron Crown|spa|1\n|-boost|p2a: Iron Crown|spd|1\n|\n|-heal|p2a: Iron Crown|100/100|[from] item: Leftovers\n|upkeep\n|turn|5\n|inactive|Time left: 300 sec this turn | 300 sec total\n|\n|t:|1783552942\n|move|p2a: Iron Crown|Tachyon Cutter|p1a: Iron Crown\n|-resisted|p1a: Iron Crown\n|-damage|p1a: Iron Crown|232/268\n|-resisted|p1a: Iron Crown\n|-damage|p1a: Iron Crown|201/268\n|-hitcount|p1a: Iron Crown|2\n|move|p1a: Iron Crown|Calm Mind|p1a: Iron Crown\n|-boost|p1a: Iron Crown|spa|1\n|-boost|p1a: Iron Crown|spd|1\n|\n|-heal|p1a: Iron Crown|217/268|[from] item: Leftovers\n|upkeep\n|turn|6\n|inactive|Time left: 300 sec this turn | 300 sec total\n|\n|t:|1783552943\n|move|p1a: Iron Crown|Calm Mind|p1a: Iron Crown\n|-boost|p1a: Iron Crown|spa|1\n|-boost|p1a: Iron Crown|spd|1\n|move|p2a: Iron Crown|Tachyon Cutter|p1a: Iron Crown\n|-resisted|p1a: Iron Crown\n|-damage|p1a: Iron Crown|195/268\n|-resisted|p1a: Iron Crown\n|-damage|p1a: Iron Crown|175/268\n|-hitcount|p1a: Iron Crown|2\n|\n|-heal|p1a: Iron Crown|191/268|[from] item: Leftovers\n|upkeep\n|turn|7\n|inactive|Time left: 300 sec this turn | 300 sec total\n|\n|t:|1783552944\n|move|p2a: Iron Crown|Psyshock|p1a: Iron Crown\n|-resisted|p1a: Iron Crown\n|-damage|p1a: Iron Crown|151/268\n|move|p1a: Iron Crown|Focus Blast|p2a: Iron Crown\n|-damage|p2a: Iron Crown|59/100\n|\n|-heal|p2a: Iron Crown|65/100|[from] item: Leftovers\n|-heal|p1a: Iron Crown|167/268|[from] item: Leftovers\n|upkeep\n|turn|8\n|inactive|Time left: 300 sec this turn | 300 sec total\n|\n|t:|1783552946\n|move|p1a: Iron Crown|Tachyon Cutter|p2a: Iron Crown\n|-resisted|p2a: Iron Crown\n|-damage|p2a: Iron Crown|53/100\n|-resisted|p2a: Iron Crown\n|-damage|p2a: Iron Crown|41/100\n|-hitcount|p2a: Iron Crown|2\n|move|p2a: Iron Crown|Calm Mind|p2a: Iron Crown\n|-boost|p2a: Iron Crown|spa|1\n|-boost|p2a: Iron Crown|spd|1\n|\n|-heal|p1a: Iron Crown|183/268|[from] item: Leftovers\n|-heal|p2a: Iron Crown|47/100|[from] item: Leftovers\n|upkeep\n|turn|9\n|inactive|Time left: 300 sec this turn | 300 sec total\n|\n|t:|1783552947\n|move|p2a: Iron Crown|Focus Blast|p1a: Iron Crown\n|-damage|p1a: Iron Crown|99/268\n|move|p1a: Iron Crown|Focus Blast|p2a: Iron Crown\n|-damage|p2a: Iron Crown|19/100\n|\n|-heal|p1a: Iron Crown|115/268|[from] item: Leftovers\n|-heal|p2a: Iron Crown|25/100|[from] item: Leftovers\n|upkeep\n|turn|10\n|inactive|Time left: 300 sec this turn | 300 sec total\n|\n|t:|1783552947\n|move|p1a: Iron Crown|Focus Blast|p2a: Iron Crown|[miss]\n|-miss|p1a: Iron Crown|p2a: Iron Crown\n|move|p2a: Iron Crown|Focus Blast|p1a: Iron Crown\n|-damage|p1a: Iron Crown|35/268\n|\n|-heal|p2a: Iron Crown|31/100|[from] item: Leftovers\n|-heal|p1a: Iron Crown|51/268|[from] item: Leftovers\n|upkeep\n|turn|11\n|inactive|Time left: 300 sec this turn | 300 sec total\n|\n|t:|1783552948\n|move|p2a: Iron Crown|Psyshock|p1a: Iron Crown\n|-resisted|p1a: Iron Crown\n|-damage|p1a: Iron Crown|0 fnt\n|faint|p1a: Iron Crown\n|-end|p1a: Iron Crown|Quark Drive|[silent]\n|\n|-heal|p2a: Iron Crown|37/100|[from] item: Leftovers\n|upkeep\n|inactive|Time left: 300 sec this turn | 300 sec total | 5 sec grace\n|\n|t:|1783552949\n|switch|p1a: Zapdos|Zapdos-Galar, L77|265/265\n|turn|12\n|inactive|Time left: 300 sec this turn | 300 sec total\n|\n|t:|1783552951\n|move|p1a: Zapdos|Close Combat|p2a: Iron Crown\n|-damage|p2a: Iron Crown|0 fnt\n|-unboost|p1a: Zapdos|def|1\n|-unboost|p1a: Zapdos|spd|1\n|faint|p2a: Iron Crown\n|-end|p2a: Iron Crown|Quark Drive|[silent]\n|\n|upkeep\n|\n|t:|1783552952\n|switch|p2a: Articuno|Articuno-Galar, L84|100/100\n|turn|13\n|inactive|Time left: 300 sec this turn | 300 sec total\n|\n|t:|1783552953\n|switch|p1a: Crawdaunt|Crawdaunt, L84, F|243/243\n|move|p2a: Articuno|Freezing Glare|p1a: Crawdaunt\n|-immune|p1a: Crawdaunt\n|\n|upkeep\n|turn|14\n|inactive|Time left: 300 sec this turn | 300 sec total\n|\n|t:|1783552954\n|move|p2a: Articuno|Hurricane|p1a: Crawdaunt\n|-damage|p1a: Crawdaunt|57/243\n|move|p1a: Crawdaunt|Knock Off|p2a: Articuno\n|-supereffective|p2a: Articuno\n|-damage|p2a: Articuno|0 fnt\n|-enditem|p2a: Articuno|Heavy-Duty Boots|[from] move: Knock Off|[of] p1a: Crawdaunt\n|faint|p2a: Articuno\n|\n|upkeep\n|\n|t:|1783552955\n|switch|p2a: Kleavor|Kleavor, L78, F|51/100\n|turn|15\n|inactive|Time left: 300 sec this turn | 300 sec total\n|\n|t:|1783552956\n|switch|p1a: Eternatus|Eternatus, L69|308/308\n|-ability|p1a: Eternatus|Pressure\n|move|p2a: Kleavor|Stone Axe|p1a: Eternatus\n|-damage|p1a: Eternatus|167/308\n|-damage|p2a: Kleavor|34/100|[from] item: Rocky Helmet|[of] p1a: Eternatus\n|-sidestart|p1: p0x1192a204|move: Stealth Rock\n|\n|upkeep\n|turn|16\n|inactive|Time left: 300 sec this turn | 300 sec total\n|\n|t:|1783552957\n|switch|p2a: Heatran|Heatran, L79, M|100/100\n|move|p1a: Eternatus|Recover|p1a: Eternatus\n|-heal|p1a: Eternatus|308/308\n|\n|upkeep\n|turn|17\n|inactive|Time left: 300 sec this turn | 300 sec total\n|\n|t:|1783552958\n|move|p1a: Eternatus|Dynamax Cannon|p2a: Heatran\n|-resisted|p2a: Heatran\n|-damage|p2a: Heatran|90/100\n|move|p2a: Heatran|Earth Power|p1a: Eternatus\n|-supereffective|p1a: Eternatus\n|-damage|p1a: Eternatus|150/308\n|\n|upkeep\n|turn|18\n|inactive|Time left: 300 sec this turn | 300 sec total\n|\n|t:|1783552959\n|move|p1a: Eternatus|Recover|p1a: Eternatus\n|-heal|p1a: Eternatus|304/308\n|move|p2a: Heatran|Earth Power|p1a: Eternatus\n|-supereffective|p1a: Eternatus\n|-damage|p1a: Eternatus|134/308\n|\n|upkeep\n|turn|19\n|inactive|Time left: 300 sec this turn | 300 sec total\n|\n|t:|1783552960\n|move|p1a: Eternatus|Recover|p1a: Eternatus\n|-heal|p1a: Eternatus|288/308\n|move|p2a: Heatran|Earth Power|p1a: Eternatus\n|-supereffective|p1a: Eternatus\n|-damage|p1a: Eternatus|138/308\n|\n|upkeep\n|turn|20\n|inactive|Time left: 300 sec this turn | 300 sec total\n|\n|t:|1783552961\n|move|p1a: Eternatus|Recover|p1a: Eternatus\n|-heal|p1a: Eternatus|292/308\n|move|p2a: Heatran|Earth Power|p1a: Eternatus\n|-supereffective|p1a: Eternatus\n|-damage|p1a: Eternatus|130/308\n|\n|upkeep\n|turn|21\n|inactive|Time left: 300 sec this turn | 300 sec total\n|\n|t:|1783552962\n|move|p1a: Eternatus|Recover|p1a: Eternatus\n|-heal|p1a: Eternatus|284/308\n|move|p2a: Heatran|Earth Power|p1a: Eternatus\n|-supereffective|p1a: Eternatus\n|-damage|p1a: Eternatus|116/308\n|\n|upkeep\n|turn|22\n|inactive|Time left: 300 sec this turn | 300 sec total\n|\n|t:|1783552963\n|move|p1a: Eternatus|Recover|p1a: Eternatus\n|-heal|p1a: Eternatus|270/308\n|move|p2a: Heatran|Earth Power|p1a: Eternatus\n|-supereffective|p1a: Eternatus\n|-damage|p1a: Eternatus|118/308\n|\n|upkeep\n|turn|23\n|inactive|Time left: 300 sec this turn | 300 sec total\n|\n|t:|1783552965\n|move|p1a: Eternatus|Recover|p1a: Eternatus\n|-heal|p1a: Eternatus|272/308\n|move|p2a: Heatran|Earth Power|p1a: Eternatus\n|-supereffective|p1a: Eternatus\n|-damage|p1a: Eternatus|94/308\n|-unboost|p1a: Eternatus|spd|1\n|\n|upkeep\n|turn|24\n|inactive|Time left: 300 sec this turn | 300 sec total\n|\n|t:|1783552966\n|move|p1a: Eternatus|Recover|p1a: Eternatus\n|-heal|p1a: Eternatus|248/308\n|move|p2a: Heatran|Earth Power|p1a: Eternatus\n|-supereffective|p1a: Eternatus\n|-damage|p1a: Eternatus|20/308\n|\n|upkeep\n|turn|25\n|inactive|Time left: 300 sec this turn | 300 sec total\n|\n|t:|1783552967\n|move|p1a: Eternatus|Toxic Spikes|p2a: Heatran\n|-sidestart|p2: p0y11922d8a|move: Toxic Spikes\n|move|p2a: Heatran|Lava Plume|p1a: Eternatus\n|-resisted|p1a: Eternatus\n|-damage|p1a: Eternatus|0 fnt\n|faint|p1a: Eternatus\n|\n|upkeep\n|inactive|Time left: 300 sec this turn | 300 sec total | 5 sec grace\n|\n|t:|1783552968\n|switch|p1a: Zapdos|Zapdos-Galar, L77|265/265\n|-damage|p1a: Zapdos|232/265|[from] Stealth Rock\n|turn|26\n|inactive|Time left: 300 sec this turn | 300 sec total\n|\n|t:|1783552969\n|move|p1a: Zapdos|Close Combat|p2a: Heatran\n|-supereffective|p2a: Heatran\n|-damage|p2a: Heatran|2/100\n|-unboost|p1a: Zapdos|def|1\n|-unboost|p1a: Zapdos|spd|1\n|move|p2a: Heatran|Lava Plume|p1a: Zapdos\n|-damage|p1a: Zapdos|73/265\n|-status|p1a: Zapdos|brn\n|\n|-damage|p1a: Zapdos|57/265 brn|[from] brn\n|upkeep\n|turn|27\n|inactive|Time left: 300 sec this turn | 300 sec total\n|\n|t:|1783552970\n|switch|p2a: Alomomola|Alomomola, L87, F|100/100\n|move|p1a: Zapdos|Close Combat|p2a: Alomomola\n|-damage|p2a: Alomomola|84/100\n|-unboost|p1a: Zapdos|def|1\n|-unboost|p1a: Zapdos|spd|1\n|\n|-damage|p1a: Zapdos|41/265 brn|[from] brn\n|upkeep\n|turn|28\n|inactive|Time left: 300 sec this turn | 300 sec total\n|\n|t:|1783552971\n|move|p1a: Zapdos|Close Combat|p2a: Alomomola\n|-damage|p2a: Alomomola|69/100\n|-unboost|p1a: Zapdos|def|1\n|-unboost|p1a: Zapdos|spd|1\n|move|p2a: Alomomola|Flip Turn|p1a: Zapdos\n|-damage|p1a: Zapdos|0 fnt\n|faint|p1a: Zapdos\n|\n|t:|1783552972\n|switch|p2a: Heatran|Heatran, L79, M|2/100|[from] Flip Turn\n|\n|upkeep\n|inactive|Time left: 300 sec this turn | 300 sec total | 10 sec grace\n|\n|t:|1783552973\n|switch|p1a: Hawlucha|Hawlucha, L80, M|256/256\n|-damage|p1a: Hawlucha|224/256|[from] Stealth Rock\n|turn|29\n|inactive|Time left: 300 sec this turn | 300 sec total\n|\n|t:|1783552974\n|move|p1a: Hawlucha|Brave Bird|p2a: Heatran\n|-resisted|p2a: Heatran\n|-damage|p2a: Heatran|0 fnt\n|faint|p2a: Heatran\n|-damage|p1a: Hawlucha|223/256|[from] Recoil\n|\n|upkeep\n|\n|t:|1783552975\n|switch|p2a: Zamazenta|Zamazenta, L71|100/100\n|-status|p2a: Zamazenta|psn\n|-ability|p2a: Zamazenta|Dauntless Shield|boost\n|-boost|p2a: Zamazenta|def|1\n|turn|30\n|inactive|Time left: 300 sec this turn | 300 sec total\n|\n|t:|1783552976\n|move|p2a: Zamazenta|Psychic Fangs|p1a: Hawlucha\n|-supereffective|p1a: Hawlucha\n|-damage|p1a: Hawlucha|49/256\n|move|p1a: Hawlucha|Swords Dance|p1a: Hawlucha\n|-boost|p1a: Hawlucha|atk|2\n|\n|-damage|p2a: Zamazenta|88/100 psn|[from] psn\n|upkeep\n|turn|31\n|inactive|Time left: 300 sec this turn | 300 sec total\n|\n|t:|1783552977\n|switch|p1a: Crawdaunt|Crawdaunt, L84, F|57/243\n|-damage|p1a: Crawdaunt|27/243|[from] Stealth Rock\n|move|p2a: Zamazenta|Psychic Fangs|p1a: Crawdaunt\n|-immune|p1a: Crawdaunt\n|\n|-damage|p2a: Zamazenta|75/100 psn|[from] psn\n|upkeep\n|turn|32\n|inactive|Time left: 300 sec this turn | 300 sec total\n|\n|t:|1783552978\n|switch|p2a: Alomomola|Alomomola, L87, F|100/100\n|move|p1a: Crawdaunt|Knock Off|p2a: Alomomola\n|-damage|p2a: Alomomola|42/100\n|-enditem|p2a: Alomomola|Heavy-Duty Boots|[from] move: Knock Off|[of] p1a: Crawdaunt\n|\n|upkeep\n|turn|33\n|inactive|Time left: 300 sec this turn | 300 sec total\n|\n|t:|1783552978\n|move|p2a: Alomomola|Scald|p1a: Crawdaunt\n|-resisted|p1a: Crawdaunt\n|-damage|p1a: Crawdaunt|0 fnt\n|faint|p1a: Crawdaunt\n|\n|upkeep\n|inactive|Time left: 300 sec this turn | 300 sec total | 5 sec grace\n|\n|t:|1783552979\n|switch|p1a: Hawlucha|Hawlucha, L80, M|49/256\n|-damage|p1a: Hawlucha|17/256|[from] Stealth Rock\n|turn|34\n|inactive|Time left: 300 sec this turn | 300 sec total\n|\n|t:|1783552980\n|move|p1a: Hawlucha|Brave Bird|p2a: Alomomola\n|-damage|p2a: Alomomola|16/100\n|-damage|p1a: Hawlucha|0 fnt|[from] Recoil\n|faint|p1a: Hawlucha\n|move|p2a: Alomomola|Flip Turn|p1: Hawlucha|[notarget]\n|-fail|p2a: Alomomola\n|\n|upkeep\n|inactive|Time left: 300 sec this turn | 300 sec total | 5 sec grace\n|\n|t:|1783552981\n|switch|p1a: Frosmoth|Frosmoth, L82, M|249/249\n|turn|35\n|inactive|Time left: 300 sec this turn | 300 sec total\n|\n|t:|1783552982\n|move|p2a: Alomomola|Flip Turn|p1a: Frosmoth\n|-damage|p1a: Frosmoth|174/249\n|\n|t:|1783552983\n|switch|p2a: Zamazenta|Zamazenta, L71|75/100 psn|[from] Flip Turn\n|move|p1a: Frosmoth|Bug Buzz|p2a: Zamazenta\n|-resisted|p2a: Zamazenta\n|-damage|p2a: Zamazenta|53/100 psn\n|\n|-damage|p2a: Zamazenta|40/100 psn|[from] psn\n|upkeep\n|turn|36\n|inactive|Time left: 300 sec this turn | 300 sec total\n|\n|t:|1783552984\n|-terastallize|p1a: Frosmoth|Ground\n|move|p2a: Zamazenta|Close Combat|p1a: Frosmoth\n|-damage|p1a: Frosmoth|0 fnt\n|-unboost|p2a: Zamazenta|def|1\n|-unboost|p2a: Zamazenta|spd|1\n|faint|p1a: Frosmoth\n|\n|win|p0y11922d8a", "uploadtime": 1783552984, "views": 0, "rating": 0, "private": 0, "password": null, "_winner": "p0y11922d8a", "_our_name": "p0x1192a204"}