{"id": "battle-gen9randombattle-98", "formatid": "gen9randombattle", "format": "[Gen 9] Random Battle", "players": ["p0x098aa4b", "p0y098be4e"], "log": "|init|battle\n|title|p0x098aa4b vs. p0y098be4e\n|j|\u2606p0x098aa4b\n|j|\u2606p0y098be4e\n|t:|1783534907\n|gametype|singles\n|player|p1|p0x098aa4b|2|\n|player|p2|p0y098be4e|1|\n|gen|9\n|tier|[Gen 9] Random Battle\n|rule|Species Clause: Limit one of each Pok\u00e9mon\n|rule|HP Percentage Mod: HP is shown in percentages\n|rule|Sleep Clause Mod: Limit one foe put to sleep\n|rule|Illusion Level Mod: Illusion disguises the Pok\u00e9mon's true level\n|\n|t:|1783534907\n|teamsize|p1|6\n|teamsize|p2|6\n|start\n|switch|p1a: Ninetales|Ninetales-Alola, L78, F|242/242\n|switch|p2a: Maushold|Maushold-Four, L76|100/100\n|-weather|Snowscape|[from] ability: Snow Warning|[of] p1a: Ninetales\n|turn|1\n|inactive|Battle timer is ON: inactive players will automatically lose when time's up. (requested by p0x098aa4b)\n|inactive|p0y098be4e also wants the timer to be on.\n|\n|t:|1783534909\n|move|p1a: Ninetales|Aurora Veil|p1a: Ninetales\n|-sidestart|p1: p0x098aa4b|move: Aurora Veil\n|move|p2a: Maushold|Tidy Up|p2a: Maushold\n|-boost|p2a: Maushold|atk|1\n|-boost|p2a: Maushold|spe|1\n|\n|-weather|Snowscape|[upkeep]\n|upkeep\n|turn|2\n|inactive|Time left: 300 sec this turn | 300 sec total\n|\n|t:|1783534910\n|switch|p1a: Glimmora|Glimmora, L75, F|248/248\n|move|p2a: Maushold|Population Bomb|p1a: Glimmora\n|-resisted|p1a: Glimmora\n|-damage|p1a: Glimmora|239/248\n|-activate|p1a: Glimmora|ability: Toxic Debris\n|-sidestart|p2: p0y098be4e|move: Toxic Spikes\n|-resisted|p1a: Glimmora\n|-damage|p1a: Glimmora|231/248\n|-activate|p1a: Glimmora|ability: Toxic Debris\n|-sidestart|p2: p0y098be4e|move: Toxic Spikes\n|-resisted|p1a: Glimmora\n|-damage|p1a: Glimmora|222/248\n|-resisted|p1a: Glimmora\n|-damage|p1a: Glimmora|213/248\n|-resisted|p1a: Glimmora\n|-damage|p1a: Glimmora|204/248\n|-resisted|p1a: Glimmora\n|-damage|p1a: Glimmora|194/248\n|-resisted|p1a: Glimmora\n|-damage|p1a: Glimmora|185/248\n|-resisted|p1a: Glimmora\n|-crit|p1a: Glimmora\n|-damage|p1a: Glimmora|158/248\n|-resisted|p1a: Glimmora\n|-damage|p1a: Glimmora|150/248\n|-resisted|p1a: Glimmora\n|-damage|p1a: Glimmora|141/248\n|-hitcount|p1a: Glimmora|10\n|\n|-weather|Snowscape|[upkeep]\n|upkeep\n|turn|3\n|inactive|Time left: 300 sec this turn | 300 sec total\n|\n|t:|1783534911\n|move|p2a: Maushold|Tidy Up|p2a: Maushold\n|-sideend|p2: p0y098be4e|Toxic Spikes\n|-activate|p2a: Maushold|move: Tidy Up\n|-boost|p2a: Maushold|atk|1\n|-boost|p2a: Maushold|spe|1\n|move|p1a: Glimmora|Meteor Beam||[still]\n|-prepare|p1a: Glimmora|Meteor Beam\n|-boost|p1a: Glimmora|spa|1\n|-enditem|p1a: Glimmora|Power Herb\n|-anim|p1a: Glimmora|Meteor Beam|p2a: Maushold\n|-damage|p2a: Maushold|0 fnt\n|faint|p2a: Maushold\n|\n|-weather|Snowscape|[upkeep]\n|upkeep\n|\n|t:|1783534912\n|switch|p2a: Lunala|Lunala, L70|100/100\n|turn|4\n|inactive|Time left: 300 sec this turn | 300 sec total\n|\n|t:|1783534913\n|move|p2a: Lunala|Calm Mind|p2a: Lunala\n|-boost|p2a: Lunala|spa|1\n|-boost|p2a: Lunala|spd|1\n|move|p1a: Glimmora|Meteor Beam||[still]\n|-prepare|p1a: Glimmora|Meteor Beam\n|-boost|p1a: Glimmora|spa|1\n|\n|-weather|Snowscape|[upkeep]\n|upkeep\n|turn|5\n|inactive|Time left: 300 sec this turn | 300 sec total\n|\n|t:|1783534914\n|move|p2a: Lunala|Moongeist Beam|p1a: Glimmora\n|-damage|p1a: Glimmora|48/248\n|move|p1a: Glimmora|Meteor Beam|p2a: Lunala|[from] lockedmove\n|-damage|p2a: Lunala|71/100\n|\n|-weather|none\n|-heal|p2a: Lunala|77/100|[from] item: Leftovers\n|upkeep\n|turn|6\n|inactive|Time left: 300 sec this turn | 300 sec total\n|\n|t:|1783534915\n|switch|p1a: Furret|Furret, L94, M|312/312\n|-item|p2a: Lunala|Leftovers|[from] ability: Frisk|[of] p1a: Furret\n|move|p2a: Lunala|Moongeist Beam|p1a: Furret\n|-immune|p1a: Furret\n|\n|-heal|p2a: Lunala|83/100|[from] item: Leftovers\n|upkeep\n|turn|7\n|inactive|Time left: 300 sec this turn | 300 sec total\n|\n|t:|1783534917\n|-terastallize|p2a: Lunala|Fairy\n|move|p1a: Furret|Knock Off|p2a: Lunala\n|-resisted|p2a: Lunala\n|-damage|p2a: Lunala|64/100\n|-enditem|p2a: Lunala|Leftovers|[from] move: Knock Off|[of] p1a: Furret\n|move|p2a: Lunala|Moonblast|p1a: Furret\n|-damage|p1a: Furret|222/312\n|-unboost|p1a: Furret|spa|1\n|\n|upkeep\n|turn|8\n|inactive|Time left: 300 sec this turn | 300 sec total\n|\n|t:|1783534918\n|switch|p1a: Ninetales|Ninetales-Alola, L78, F|242/242\n|-weather|Snowscape|[from] ability: Snow Warning|[of] p1a: Ninetales\n|move|p2a: Lunala|Moonlight|p2a: Lunala\n|-heal|p2a: Lunala|89/100\n|\n|-weather|Snowscape|[upkeep]\n|-sideend|p1: p0x098aa4b|move: Aurora Veil\n|upkeep\n|turn|9\n|inactive|Time left: 300 sec this turn | 300 sec total\n|\n|t:|1783534919\n|move|p1a: Ninetales|Aurora Veil|p1a: Ninetales\n|-sidestart|p1: p0x098aa4b|move: Aurora Veil\n|move|p2a: Lunala|Moongeist Beam|p1a: Ninetales\n|-damage|p1a: Ninetales|171/242\n|\n|-weather|Snowscape|[upkeep]\n|upkeep\n|turn|10\n|inactive|Time left: 300 sec this turn | 300 sec total\n|\n|t:|1783534920\n|move|p1a: Ninetales|Blizzard|p2a: Lunala\n|-damage|p2a: Lunala|69/100\n|move|p2a: Lunala|Moongeist Beam|p1a: Ninetales\n|-damage|p1a: Ninetales|96/242\n|\n|-weather|Snowscape|[upkeep]\n|upkeep\n|turn|11\n|inactive|Time left: 300 sec this turn | 300 sec total\n|\n|t:|1783534920\n|switch|p1a: Furret|Furret, L94, M|222/312\n|move|p2a: Lunala|Moonlight|p2a: Lunala\n|-heal|p2a: Lunala|94/100\n|\n|-weather|Snowscape|[upkeep]\n|upkeep\n|turn|12\n|inactive|Time left: 300 sec this turn | 300 sec total\n|\n|t:|1783534921\n|-terastallize|p1a: Furret|Normal\n|move|p1a: Furret|Double-Edge|p2a: Lunala\n|-damage|p2a: Lunala|2/100\n|-damage|p1a: Furret|129/312|[from] Recoil\n|move|p2a: Lunala|Moonblast|p1a: Furret\n|-damage|p1a: Furret|42/312\n|\n|-weather|none\n|upkeep\n|turn|13\n|inactive|Time left: 300 sec this turn | 300 sec total\n|\n|t:|1783534922\n|move|p1a: Furret|Double-Edge|p2a: Lunala\n|-damage|p2a: Lunala|0 fnt\n|faint|p2a: Lunala\n|-damage|p1a: Furret|40/312|[from] Recoil\n|\n|upkeep\n|\n|t:|1783534923\n|switch|p2a: Golurk|Golurk, L87|100/100\n|turn|14\n|inactive|Time left: 300 sec this turn | 300 sec total\n|\n|t:|1783534924\n|switch|p1a: Kyogre|Kyogre, L71|259/259\n|-weather|RainDance|[from] ability: Drizzle|[of] p1a: Kyogre\n|move|p2a: Golurk|Dynamic Punch|p1a: Kyogre\n|-damage|p1a: Kyogre|187/259\n|-start|p1a: Kyogre|confusion\n|\n|-weather|RainDance|[upkeep]\n|upkeep\n|turn|15\n|inactive|Time left: 300 sec this turn | 300 sec total\n|\n|t:|1783534925\n|switch|p2a: Feraligatr|Feraligatr, L79, F|100/100\n|-activate|p1a: Kyogre|confusion\n|move|p1a: Kyogre|Water Spout|p2a: Feraligatr\n|-resisted|p2a: Feraligatr\n|-crit|p2a: Feraligatr\n|-damage|p2a: Feraligatr|43/100\n|\n|-weather|RainDance|[upkeep]\n|upkeep\n|turn|16\n|inactive|Time left: 300 sec this turn | 300 sec total\n|\n|t:|1783534926\n|-activate|p1a: Kyogre|confusion\n|move|p1a: Kyogre|Water Spout|p2a: Feraligatr\n|-resisted|p2a: Feraligatr\n|-damage|p2a: Feraligatr|7/100\n|move|p2a: Feraligatr|Dragon Dance|p2a: Feraligatr\n|-boost|p2a: Feraligatr|atk|1\n|-boost|p2a: Feraligatr|spe|1\n|\n|-weather|RainDance|[upkeep]\n|-sideend|p1: p0x098aa4b|move: Aurora Veil\n|upkeep\n|turn|17\n|inactive|Time left: 300 sec this turn | 300 sec total\n|\n|t:|1783534927\n|switch|p1a: Glimmora|Glimmora, L75, F|48/248\n|move|p2a: Feraligatr|Liquidation|p1a: Glimmora\n|-supereffective|p1a: Glimmora\n|-damage|p1a: Glimmora|0 fnt\n|-activate|p1a: Glimmora|ability: Toxic Debris\n|-sidestart|p2: p0y098be4e|move: Toxic Spikes\n|faint|p1a: Glimmora\n|\n|-weather|RainDance|[upkeep]\n|upkeep\n|inactive|Time left: 300 sec this turn | 300 sec total | 5 sec grace\n|\n|t:|1783534928\n|switch|p1a: Ninetales|Ninetales-Alola, L78, F|96/242\n|-weather|Snowscape|[from] ability: Snow Warning|[of] p1a: Ninetales\n|turn|18\n|inactive|Time left: 300 sec this turn | 300 sec total\n|\n|t:|1783534929\n|move|p2a: Feraligatr|Liquidation|p1a: Ninetales\n|-damage|p1a: Ninetales|0 fnt\n|faint|p1a: Ninetales\n|\n|-weather|Snowscape|[upkeep]\n|upkeep\n|inactive|Time left: 300 sec this turn | 300 sec total | 5 sec grace\n|\n|t:|1783534930\n|switch|p1a: Suicune|Suicune, L82|298/298\n|-ability|p1a: Suicune|Pressure\n|turn|19\n|inactive|Time left: 300 sec this turn | 300 sec total\n|\n|t:|1783534931\n|move|p2a: Feraligatr|Crunch|p1a: Suicune\n|-damage|p1a: Suicune|181/298\n|move|p1a: Suicune|Calm Mind|p1a: Suicune\n|-boost|p1a: Suicune|spa|1\n|-boost|p1a: Suicune|spd|1\n|\n|-weather|Snowscape|[upkeep]\n|-heal|p1a: Suicune|199/298|[from] item: Leftovers\n|upkeep\n|turn|20\n|inactive|Time left: 300 sec this turn | 300 sec total\n|\n|t:|1783534932\n|move|p2a: Feraligatr|Crunch|p1a: Suicune\n|-damage|p1a: Suicune|92/298\n|move|p1a: Suicune|Calm Mind|p1a: Suicune\n|-boost|p1a: Suicune|spa|1\n|-boost|p1a: Suicune|spd|1\n|\n|-weather|Snowscape|[upkeep]\n|-heal|p1a: Suicune|110/298|[from] item: Leftovers\n|upkeep\n|turn|21\n|inactive|Time left: 300 sec this turn | 300 sec total\n|\n|t:|1783534934\n|move|p1a: Suicune|Protect|p1a: Suicune\n|-singleturn|p1a: Suicune|Protect\n|move|p2a: Feraligatr|Crunch|p1a: Suicune\n|-activate|p1a: Suicune|move: Protect\n|\n|-weather|Snowscape|[upkeep]\n|-heal|p1a: Suicune|128/298|[from] item: Leftovers\n|upkeep\n|turn|22\n|inactive|Time left: 300 sec this turn | 300 sec total\n|\n|t:|1783534934\n|move|p1a: Suicune|Protect|p1a: Suicune\n|-singleturn|p1a: Suicune|Protect\n|move|p2a: Feraligatr|Crunch|p1a: Suicune\n|-activate|p1a: Suicune|move: Protect\n|\n|-weather|none\n|-heal|p1a: Suicune|146/298|[from] item: Leftovers\n|upkeep\n|turn|23\n|inactive|Time left: 300 sec this turn | 300 sec total\n|\n|t:|1783534935\n|move|p2a: Feraligatr|Crunch|p1a: Suicune\n|-damage|p1a: Suicune|28/298\n|move|p1a: Suicune|Calm Mind|p1a: Suicune\n|-boost|p1a: Suicune|spa|1\n|-boost|p1a: Suicune|spd|1\n|\n|-heal|p1a: Suicune|46/298|[from] item: Leftovers\n|upkeep\n|turn|24\n|inactive|Time left: 300 sec this turn | 300 sec total\n|\n|t:|1783534936\n|move|p1a: Suicune|Protect|p1a: Suicune\n|-singleturn|p1a: Suicune|Protect\n|move|p2a: Feraligatr|Crunch|p1a: Suicune\n|-activate|p1a: Suicune|move: Protect\n|\n|-heal|p1a: Suicune|64/298|[from] item: Leftovers\n|upkeep\n|turn|25\n|inactive|Time left: 300 sec this turn | 300 sec total\n|\n|t:|1783534937\n|move|p2a: Feraligatr|Crunch|p1a: Suicune\n|-damage|p1a: Suicune|0 fnt\n|faint|p1a: Suicune\n|\n|upkeep\n|inactive|Time left: 300 sec this turn | 300 sec total | 5 sec grace\n|\n|t:|1783534938\n|switch|p1a: Pincurchin|Pincurchin, M|258/258\n|-fieldstart|move: Electric Terrain|[from] ability: Electric Surge|[of] p1a: Pincurchin\n|turn|26\n|inactive|Time left: 300 sec this turn | 300 sec total\n|\n|t:|1783534939\n|switch|p1a: Furret|Furret, L94, M, tera:Normal|40/312\n|-item|p2a: Feraligatr|Life Orb|[from] ability: Frisk|[of] p1a: Furret\n|move|p2a: Feraligatr|Liquidation|p1a: Furret\n|-damage|p1a: Furret|0 fnt\n|faint|p1a: Furret\n|\n|upkeep\n|inactive|Time left: 300 sec this turn | 300 sec total | 5 sec grace\n|\n|t:|1783534940\n|switch|p1a: Pincurchin|Pincurchin, M|258/258\n|turn|27\n|inactive|Time left: 300 sec this turn | 300 sec total\n|\n|t:|1783534941\n|move|p2a: Feraligatr|Liquidation|p1a: Pincurchin\n|-damage|p1a: Pincurchin|77/258\n|move|p1a: Pincurchin|Curse|p1a: Pincurchin\n|-unboost|p1a: Pincurchin|spe|1\n|-boost|p1a: Pincurchin|atk|1\n|-boost|p1a: Pincurchin|def|1\n|\n|-heal|p1a: Pincurchin|93/258|[from] item: Leftovers\n|upkeep\n|turn|28\n|inactive|Time left: 300 sec this turn | 300 sec total\n|\n|t:|1783534942\n|switch|p1a: Kyogre|Kyogre, L71|187/259\n|-weather|RainDance|[from] ability: Drizzle|[of] p1a: Kyogre\n|move|p2a: Feraligatr|Liquidation|p1a: Kyogre\n|-resisted|p1a: Kyogre\n|-damage|p1a: Kyogre|8/259\n|\n|-weather|RainDance|[upkeep]\n|upkeep\n|turn|29\n|inactive|Time left: 300 sec this turn | 300 sec total\n|\n|t:|1783534943\n|move|p1a: Kyogre|Thunder|p2a: Feraligatr\n|-supereffective|p2a: Feraligatr\n|-damage|p2a: Feraligatr|0 fnt\n|faint|p2a: Feraligatr\n|\n|-weather|RainDance|[upkeep]\n|upkeep\n|\n|t:|1783534943\n|switch|p2a: Golurk|Golurk, L87|100/100\n|-status|p2a: Golurk|psn\n|turn|30\n|inactive|Time left: 300 sec this turn | 300 sec total\n|\n|t:|1783534944\n|switch|p1a: Pincurchin|Pincurchin, M|93/258\n|move|p2a: Golurk|Poltergeist|p1a: Pincurchin\n|-activate|p1a: Pincurchin|move: Poltergeist|Leftovers\n|-damage|p1a: Pincurchin|0 fnt\n|faint|p1a: Pincurchin\n|\n|-weather|RainDance|[upkeep]\n|-damage|p2a: Golurk|88/100 psn|[from] psn\n|-fieldend|move: Electric Terrain\n|upkeep\n|inactive|Time left: 300 sec this turn | 300 sec total | 5 sec grace\n|\n|t:|1783534945\n|switch|p1a: Kyogre|Kyogre, L71|8/259\n|turn|31\n|inactive|Time left: 300 sec this turn | 300 sec total\n|\n|t:|1783534945\n|move|p1a: Kyogre|Origin Pulse|p2a: Golurk\n|-supereffective|p2a: Golurk\n|-damage|p2a: Golurk|0 fnt\n|faint|p2a: Golurk\n|\n|-weather|RainDance|[upkeep]\n|upkeep\n|\n|t:|1783534946\n|switch|p2a: Krookodile|Krookodile, L79, F|100/100\n|-status|p2a: Krookodile|psn\n|-ability|p2a: Krookodile|Intimidate|boost\n|-unboost|p1a: Kyogre|atk|1\n|turn|32\n|inactive|Time left: 300 sec this turn | 300 sec total\n|\n|t:|1783534947\n|move|p1a: Kyogre|Origin Pulse|p2a: Krookodile\n|-supereffective|p2a: Krookodile\n|-damage|p2a: Krookodile|0 fnt\n|faint|p2a: Krookodile\n|\n|-weather|none\n|upkeep\n|\n|t:|1783534947\n|switch|p2a: Ambipom|Ambipom, L84, M|100/100\n|-status|p2a: Ambipom|psn\n|turn|33\n|inactive|Time left: 300 sec this turn | 300 sec total\n|\n|t:|1783534948\n|move|p1a: Kyogre|Origin Pulse|p2a: Ambipom\n|-damage|p2a: Ambipom|48/100 psn\n|move|p2a: Ambipom|U-turn|p1a: Kyogre\n|-damage|p1a: Kyogre|0 fnt\n|faint|p1a: Kyogre\n|\n|win|p0y098be4e", "uploadtime": 1783534948, "views": 0, "rating": 0, "private": 0, "password": null, "_winner": "p0y098be4e", "_our_name": "p0x098aa4b"}