{"id": "battle-gen9randombattle-2861", "formatid": "gen9randombattle", "format": "[Gen 9] Random Battle", "players": ["p0x2861dde9", "p0y28611e38"], "log": "|init|battle\n|title|p0x2861dde9 vs. p0y28611e38\n|j|\u2606p0x2861dde9\n|j|\u2606p0y28611e38\n|t:|1783572006\n|gametype|singles\n|player|p1|p0x2861dde9|170|\n|player|p2|p0y28611e38|101|\n|gen|9\n|tier|[Gen 9] Random Battle\n|rule|Species Clause: Limit one of each Pok\u00e9mon\n|rule|HP Percentage Mod: HP is shown in percentages\n|rule|Sleep Clause Mod: Limit one foe put to sleep\n|rule|Illusion Level Mod: Illusion disguises the Pok\u00e9mon's true level\n|\n|t:|1783572006\n|teamsize|p1|6\n|teamsize|p2|6\n|start\n|switch|p1a: Cobalion|Cobalion, L80|277/277\n|switch|p2a: Komala|Komala, L87, M|100/100\n|-ability|p2a: Komala|Comatose\n|turn|1\n|inactive|Battle timer is ON: inactive players will automatically lose when time's up. (requested by p0x2861dde9)\n|inactive|p0y28611e38 also wants the timer to be on.\n|\n|t:|1783572007\n|switch|p2a: Minun|Minun, L95, F|100/100\n|move|p1a: Cobalion|Swords Dance|p1a: Cobalion\n|-boost|p1a: Cobalion|atk|2\n|\n|upkeep\n|turn|2\n|inactive|Time left: 300 sec this turn | 300 sec total\n|\n|t:|1783572009\n|move|p2a: Minun|Thunderbolt|p1a: Cobalion\n|-damage|p1a: Cobalion|108/277\n|-damage|p2a: Minun|91/100|[from] item: Life Orb\n|move|p1a: Cobalion|Close Combat|p2a: Minun\n|-damage|p2a: Minun|0 fnt\n|-unboost|p1a: Cobalion|def|1\n|-unboost|p1a: Cobalion|spd|1\n|faint|p2a: Minun\n|\n|-heal|p1a: Cobalion|125/277|[from] item: Leftovers\n|upkeep\n|\n|t:|1783572009\n|switch|p2a: Bruxish|Bruxish, L85, M|100/100\n|turn|3\n|inactive|Time left: 300 sec this turn | 300 sec total\n|\n|t:|1783572010\n|move|p2a: Bruxish|Psychic Fangs|p1a: Cobalion\n|-damage|p1a: Cobalion|0 fnt\n|faint|p1a: Cobalion\n|\n|upkeep\n|inactive|Time left: 300 sec this turn | 300 sec total | 5 sec grace\n|\n|t:|1783572011\n|switch|p1a: Rhydon|Rhydon, L85, M|317/317\n|turn|4\n|inactive|Time left: 300 sec this turn | 300 sec total\n|\n|t:|1783572012\n|switch|p2a: Forretress|Forretress, L84, F|100/100\n|move|p1a: Rhydon|Swords Dance|p1a: Rhydon\n|-boost|p1a: Rhydon|atk|2\n|\n|upkeep\n|turn|5\n|inactive|Time left: 300 sec this turn | 300 sec total\n|\n|t:|1783572013\n|move|p1a: Rhydon|Earthquake|p2a: Forretress\n|-damage|p2a: Forretress|25/100\n|move|p2a: Forretress|Stealth Rock|p1a: Rhydon\n|-sidestart|p1: p0x2861dde9|move: Stealth Rock\n|\n|-heal|p2a: Forretress|31/100|[from] item: Leftovers\n|upkeep\n|turn|6\n|inactive|Time left: 300 sec this turn | 300 sec total\n|\n|t:|1783572014\n|move|p1a: Rhydon|Earthquake|p2a: Forretress\n|-damage|p2a: Forretress|0 fnt\n|faint|p2a: Forretress\n|\n|upkeep\n|\n|t:|1783572015\n|switch|p2a: Luvdisc|Luvdisc, F|100/100\n|turn|7\n|inactive|Time left: 300 sec this turn | 300 sec total\n|\n|t:|1783572016\n|-terastallize|p1a: Rhydon|Grass\n|move|p2a: Luvdisc|Substitute|p2a: Luvdisc\n|-start|p2a: Luvdisc|Substitute\n|-damage|p2a: Luvdisc|76/100\n|move|p1a: Rhydon|Earthquake|p2a: Luvdisc\n|-end|p2a: Luvdisc|Substitute\n|\n|upkeep\n|turn|8\n|inactive|Time left: 300 sec this turn | 300 sec total\n|\n|t:|1783572017\n|move|p2a: Luvdisc|Substitute|p2a: Luvdisc\n|-start|p2a: Luvdisc|Substitute\n|-damage|p2a: Luvdisc|51/100\n|move|p1a: Rhydon|Earthquake|p2a: Luvdisc\n|-end|p2a: Luvdisc|Substitute\n|\n|upkeep\n|turn|9\n|inactive|Time left: 300 sec this turn | 300 sec total\n|\n|t:|1783572018\n|move|p2a: Luvdisc|Substitute|p2a: Luvdisc\n|-start|p2a: Luvdisc|Substitute\n|-damage|p2a: Luvdisc|26/100\n|move|p1a: Rhydon|Earthquake|p2a: Luvdisc\n|-crit|p2a: Luvdisc\n|-end|p2a: Luvdisc|Substitute\n|\n|upkeep\n|turn|10\n|inactive|Time left: 300 sec this turn | 300 sec total\n|\n|t:|1783572019\n|move|p2a: Luvdisc|Endeavor|p1a: Rhydon\n|-damage|p1a: Rhydon|64/317\n|move|p1a: Rhydon|Swords Dance|p1a: Rhydon\n|-boost|p1a: Rhydon|atk|2\n|\n|upkeep\n|turn|11\n|inactive|Time left: 300 sec this turn | 300 sec total\n|\n|t:|1783572020\n|move|p2a: Luvdisc|Surf|p1a: Rhydon\n|-resisted|p1a: Rhydon\n|-damage|p1a: Rhydon|28/317\n|move|p1a: Rhydon|Earthquake|p2a: Luvdisc\n|-damage|p2a: Luvdisc|0 fnt\n|faint|p2a: Luvdisc\n|\n|upkeep\n|\n|t:|1783572021\n|switch|p2a: Komala|Komala, L87, M|100/100\n|-ability|p2a: Komala|Comatose\n|turn|12\n|inactive|Time left: 300 sec this turn | 300 sec total\n|\n|t:|1783572022\n|switch|p1a: Tauros|Tauros-Paldea-Combat, L82, M|257/257\n|-damage|p1a: Tauros|241/257|[from] Stealth Rock\n|-ability|p1a: Tauros|Intimidate|boost\n|-unboost|p2a: Komala|atk|1\n|move|p2a: Komala|Rapid Spin|p1a: Tauros\n|-damage|p1a: Tauros|202/257\n|-boost|p2a: Komala|spe|1\n|\n|upkeep\n|turn|13\n|inactive|Time left: 300 sec this turn | 300 sec total\n|\n|t:|1783572023\n|move|p2a: Komala|Body Slam|p1a: Tauros\n|-damage|p1a: Tauros|130/257\n|move|p1a: Tauros|Close Combat|p2a: Komala\n|-supereffective|p2a: Komala\n|-damage|p2a: Komala|0 fnt\n|-unboost|p1a: Tauros|def|1\n|-unboost|p1a: Tauros|spd|1\n|faint|p2a: Komala\n|\n|upkeep\n|\n|t:|1783572024\n|switch|p2a: Dugtrio|Dugtrio, L84, F|100/100\n|turn|14\n|inactive|Time left: 300 sec this turn | 300 sec total\n|\n|t:|1783572025\n|-terastallize|p2a: Dugtrio|Ghost\n|move|p2a: Dugtrio|Swords Dance|p2a: Dugtrio\n|-boost|p2a: Dugtrio|atk|2\n|move|p1a: Tauros|Close Combat|p2a: Dugtrio\n|-immune|p2a: Dugtrio\n|\n|upkeep\n|turn|15\n|inactive|Time left: 300 sec this turn | 300 sec total\n|\n|t:|1783572026\n|move|p2a: Dugtrio|Swords Dance|p2a: Dugtrio\n|-boost|p2a: Dugtrio|atk|2\n|move|p1a: Tauros|Close Combat|p2a: Dugtrio\n|-immune|p2a: Dugtrio\n|\n|upkeep\n|turn|16\n|inactive|Time left: 300 sec this turn | 300 sec total\n|\n|t:|1783572027\n|move|p2a: Dugtrio|Earthquake|p1a: Tauros\n|-damage|p1a: Tauros|0 fnt\n|faint|p1a: Tauros\n|-damage|p2a: Dugtrio|91/100|[from] item: Life Orb\n|\n|upkeep\n|inactive|Time left: 300 sec this turn | 300 sec total | 5 sec grace\n|\n|t:|1783572028\n|switch|p1a: Moltres|Moltres, L81|278/278\n|turn|17\n|inactive|Time left: 300 sec this turn | 300 sec total\n|\n|t:|1783572029\n|switch|p1a: Rhydon|Rhydon, L85, M, tera:Grass|28/317\n|-damage|p1a: Rhydon|0 fnt|[from] Stealth Rock\n|faint|p1a: Rhydon\n|move|p2a: Dugtrio|Stone Edge|p1: Rhydon|[notarget]\n|-fail|p2a: Dugtrio\n|\n|upkeep\n|inactive|Time left: 300 sec this turn | 300 sec total | 5 sec grace\n|\n|t:|1783572029\n|switch|p1a: Moltres|Moltres, L81|278/278\n|turn|18\n|inactive|Time left: 300 sec this turn | 300 sec total\n|\n|t:|1783572030\n|move|p2a: Dugtrio|Stone Edge|p1a: Moltres\n|-supereffective|p1a: Moltres\n|-damage|p1a: Moltres|0 fnt\n|faint|p1a: Moltres\n|-damage|p2a: Dugtrio|81/100|[from] item: Life Orb\n|\n|upkeep\n|inactive|Time left: 300 sec this turn | 300 sec total | 5 sec grace\n|\n|t:|1783572031\n|switch|p1a: Galvantula|Galvantula, L82, F|249/249\n|turn|19\n|inactive|Time left: 300 sec this turn | 300 sec total\n|\n|t:|1783572032\n|move|p2a: Dugtrio|Earthquake|p1a: Galvantula\n|-damage|p1a: Galvantula|0 fnt\n|faint|p1a: Galvantula\n|-damage|p2a: Dugtrio|71/100|[from] item: Life Orb\n|\n|upkeep\n|inactive|Time left: 300 sec this turn | 300 sec total | 5 sec grace\n|\n|t:|1783572033\n|switch|p1a: Gyarados|Gyarados, L79, M|280/280\n|turn|20\n|inactive|Time left: 300 sec this turn | 300 sec total\n|\n|t:|1783572034\n|move|p2a: Dugtrio|Stone Edge|p1a: Gyarados\n|-supereffective|p1a: Gyarados\n|-damage|p1a: Gyarados|0 fnt\n|faint|p1a: Gyarados\n|-damage|p2a: Dugtrio|62/100|[from] item: Life Orb\n|\n|win|p0y28611e38", "uploadtime": 1783572034, "views": 0, "rating": 0, "private": 0, "password": null, "_winner": "p0y28611e38", "_our_name": "p0x2861dde9"}