{"id": "battle-gen9randombattle-1369", "formatid": "gen9randombattle", "format": "[Gen 9] Random Battle", "players": ["p0x13694d73", "p0y136930a1"], "log": "|init|battle\n|title|p0x13694d73 vs. p0y136930a1\n|j|\u2606p0x13694d73\n|j|\u2606p0y136930a1\n|t:|1783555884\n|gametype|singles\n|player|p1|p0x13694d73|266|\n|player|p2|p0y136930a1|2|\n|gen|9\n|tier|[Gen 9] Random Battle\n|rule|Species Clause: Limit one of each Pok\u00e9mon\n|rule|HP Percentage Mod: HP is shown in percentages\n|rule|Sleep Clause Mod: Limit one foe put to sleep\n|rule|Illusion Level Mod: Illusion disguises the Pok\u00e9mon's true level\n|\n|t:|1783555884\n|teamsize|p1|6\n|teamsize|p2|6\n|start\n|switch|p1a: Sawsbuck|Sawsbuck, L88, F|284/284\n|switch|p2a: Vespiquen|Vespiquen, L99, F|100/100\n|-ability|p2a: Vespiquen|Pressure\n|turn|1\n|inactive|Battle timer is ON: inactive players will automatically lose when time's up. (requested by p0y136930a1)\n|inactive|Time left: 300 sec this turn | 300 sec total | 60 sec grace\n|inactive|p0x13694d73 also wants the timer to be on.\n|\n|t:|1783555886\n|move|p1a: Sawsbuck|Swords Dance|p1a: Sawsbuck\n|-boost|p1a: Sawsbuck|atk|2\n|move|p2a: Vespiquen|Hurricane|p1a: Sawsbuck|[miss]\n|-miss|p2a: Vespiquen|p1a: Sawsbuck\n|\n|upkeep\n|turn|2\n|inactive|Time left: 300 sec this turn | 300 sec total\n|\n|t:|1783555887\n|move|p1a: Sawsbuck|Double-Edge|p2a: Vespiquen\n|-damage|p2a: Vespiquen|7/100\n|-damage|p1a: Sawsbuck|191/284|[from] Recoil\n|-damage|p1a: Sawsbuck|163/284|[from] item: Life Orb\n|move|p2a: Vespiquen|Hurricane|p1a: Sawsbuck\n|-supereffective|p1a: Sawsbuck\n|-damage|p1a: Sawsbuck|0 fnt\n|faint|p1a: Sawsbuck\n|\n|upkeep\n|inactive|Time left: 300 sec this turn | 300 sec total | 5 sec grace\n|\n|t:|1783555888\n|switch|p1a: Bruxish|Bruxish, L85, F|254/254\n|turn|3\n|inactive|Time left: 300 sec this turn | 300 sec total\n|\n|t:|1783555889\n|move|p1a: Bruxish|Psychic Fangs|p2a: Vespiquen\n|-damage|p2a: Vespiquen|0 fnt\n|faint|p2a: Vespiquen\n|\n|upkeep\n|\n|t:|1783555890\n|switch|p2a: Ting-Lu|Ting-Lu, L78|100/100\n|-ability|p2a: Ting-Lu|Vessel of Ruin\n|turn|4\n|inactive|Time left: 300 sec this turn | 300 sec total\n|\n|t:|1783555891\n|switch|p1a: Slither Wing|Slither Wing, L81|270/270\n|move|p2a: Ting-Lu|Earthquake|p1a: Slither Wing\n|-resisted|p1a: Slither Wing\n|-damage|p1a: Slither Wing|212/270\n|\n|upkeep\n|turn|5\n|inactive|Time left: 300 sec this turn | 300 sec total\n|\n|t:|1783555893\n|move|p1a: Slither Wing|Close Combat|p2a: Ting-Lu\n|-supereffective|p2a: Ting-Lu\n|-damage|p2a: Ting-Lu|3/100\n|-unboost|p1a: Slither Wing|def|1\n|-unboost|p1a: Slither Wing|spd|1\n|-damage|p1a: Slither Wing|185/270|[from] item: Life Orb\n|move|p2a: Ting-Lu|Spikes|p1a: Slither Wing\n|-sidestart|p1: p0x13694d73|Spikes\n|\n|-heal|p2a: Ting-Lu|10/100|[from] item: Leftovers\n|upkeep\n|turn|6\n|inactive|Time left: 300 sec this turn | 300 sec total\n|\n|t:|1783555894\n|move|p1a: Slither Wing|Flare Blitz|p2a: Ting-Lu\n|-damage|p2a: Ting-Lu|0 fnt\n|faint|p2a: Ting-Lu\n|-damage|p1a: Slither Wing|174/270|[from] Recoil\n|-damage|p1a: Slither Wing|147/270|[from] item: Life Orb\n|\n|upkeep\n|\n|t:|1783555895\n|switch|p2a: Rampardos|Rampardos, L90, M|100/100\n|turn|7\n|inactive|Time left: 300 sec this turn | 300 sec total\n|\n|t:|1783555896\n|move|p2a: Rampardos|Rock Slide|p1a: Slither Wing\n|-damage|p1a: Slither Wing|0 fnt\n|faint|p1a: Slither Wing\n|-end|p1a: Slither Wing|Protosynthesis|[silent]\n|\n|upkeep\n|inactive|Time left: 300 sec this turn | 300 sec total | 5 sec grace\n|\n|t:|1783555897\n|switch|p1a: Dialga|Dialga-Origin, L73|266/266\n|-damage|p1a: Dialga|233/266|[from] Spikes\n|-ability|p1a: Dialga|Pressure\n|turn|8\n|inactive|Time left: 300 sec this turn | 300 sec total\n|\n|t:|1783555898\n|move|p2a: Rampardos|Rock Slide|p1a: Dialga|[miss]\n|-miss|p2a: Rampardos|p1a: Dialga\n|move|p1a: Dialga|Heavy Slam|p2a: Rampardos\n|-supereffective|p2a: Rampardos\n|-damage|p2a: Rampardos|5/100\n|\n|upkeep\n|turn|9\n|inactive|Time left: 300 sec this turn | 300 sec total\n|\n|t:|1783555899\n|move|p2a: Rampardos|Rock Slide|p1a: Dialga\n|-resisted|p1a: Dialga\n|-damage|p1a: Dialga|145/266\n|move|p1a: Dialga|Stealth Rock|p2a: Rampardos\n|-sidestart|p2: p0y136930a1|move: Stealth Rock\n|\n|upkeep\n|turn|10\n|inactive|Time left: 300 sec this turn | 300 sec total\n|\n|t:|1783555900\n|move|p2a: Rampardos|Rock Slide|p1a: Dialga\n|-resisted|p1a: Dialga\n|-crit|p1a: Dialga\n|-damage|p1a: Dialga|31/266\n|move|p1a: Dialga|Heavy Slam|p2a: Rampardos\n|-supereffective|p2a: Rampardos\n|-damage|p2a: Rampardos|0 fnt\n|faint|p2a: Rampardos\n|\n|upkeep\n|\n|t:|1783555901\n|switch|p2a: Hitmontop|Hitmontop, L88, M|100/100\n|-damage|p2a: Hitmontop|94/100|[from] Stealth Rock\n|-ability|p2a: Hitmontop|Intimidate|boost\n|-unboost|p1a: Dialga|atk|1\n|turn|11\n|inactive|Time left: 300 sec this turn | 300 sec total\n|\n|t:|1783555902\n|switch|p1a: Bruxish|Bruxish, L85, F|254/254\n|-damage|p1a: Bruxish|223/254|[from] Spikes\n|move|p2a: Hitmontop|Rapid Spin|p1a: Bruxish\n|-damage|p1a: Bruxish|175/254\n|-boost|p2a: Hitmontop|spe|1\n|-sideend|p2: p0y136930a1|Stealth Rock|[from] move: Rapid Spin|[of] p2a: Hitmontop\n|\n|upkeep\n|turn|12\n|inactive|Time left: 300 sec this turn | 300 sec total\n|\n|t:|1783555903\n|-terastallize|p2a: Hitmontop|Steel\n|move|p2a: Hitmontop|Sucker Punch|p1a: Bruxish\n|-supereffective|p1a: Bruxish\n|-damage|p1a: Bruxish|39/254\n|move|p1a: Bruxish|Psychic Fangs|p2a: Hitmontop\n|-resisted|p2a: Hitmontop\n|-damage|p2a: Hitmontop|49/100\n|\n|upkeep\n|turn|13\n|inactive|Time left: 300 sec this turn | 300 sec total\n|\n|t:|1783555904\n|move|p2a: Hitmontop|Stone Edge|p1a: Bruxish\n|-damage|p1a: Bruxish|0 fnt\n|faint|p1a: Bruxish\n|\n|upkeep\n|inactive|Time left: 300 sec this turn | 300 sec total | 5 sec grace\n|\n|t:|1783555905\n|switch|p1a: Iron Thorns|Iron Thorns, L83|302/302\n|-damage|p1a: Iron Thorns|265/302|[from] Spikes\n|-enditem|p1a: Iron Thorns|Booster Energy\n|-activate|p1a: Iron Thorns|ability: Quark Drive|[fromitem]\n|-start|p1a: Iron Thorns|quarkdriveatk\n|turn|14\n|inactive|Time left: 300 sec this turn | 300 sec total\n|\n|t:|1783555906\n|-terastallize|p1a: Iron Thorns|Grass\n|move|p2a: Hitmontop|Close Combat|p1a: Iron Thorns\n|-damage|p1a: Iron Thorns|156/302\n|-unboost|p2a: Hitmontop|def|1\n|-unboost|p2a: Hitmontop|spd|1\n|move|p1a: Iron Thorns|Dragon Dance|p1a: Iron Thorns\n|-boost|p1a: Iron Thorns|atk|1\n|-boost|p1a: Iron Thorns|spe|1\n|\n|upkeep\n|turn|15\n|inactive|Time left: 300 sec this turn | 300 sec total\n|\n|t:|1783555907\n|move|p2a: Hitmontop|Close Combat|p1a: Iron Thorns\n|-damage|p1a: Iron Thorns|48/302\n|-unboost|p2a: Hitmontop|def|1\n|-unboost|p2a: Hitmontop|spd|1\n|move|p1a: Iron Thorns|Wild Charge|p2a: Hitmontop\n|-damage|p2a: Hitmontop|0 fnt\n|faint|p2a: Hitmontop\n|-damage|p1a: Iron Thorns|20/302|[from] Recoil\n|\n|upkeep\n|\n|t:|1783555908\n|switch|p2a: Volbeat|Volbeat, L90, M|100/100\n|turn|16\n|inactive|Time left: 300 sec this turn | 300 sec total\n|\n|t:|1783555909\n|move|p2a: Volbeat|Encore|p1a: Iron Thorns\n|-start|p1a: Iron Thorns|Encore\n|move|p1a: Iron Thorns|Wild Charge|p2a: Volbeat\n|-damage|p2a: Volbeat|9/100\n|-damage|p1a: Iron Thorns|0 fnt|[from] Recoil\n|faint|p1a: Iron Thorns\n|-end|p1a: Iron Thorns|Quark Drive|[silent]\n|\n|upkeep\n|inactive|Time left: 300 sec this turn | 300 sec total | 5 sec grace\n|\n|t:|1783555911\n|switch|p1a: Grafaiai|Grafaiai, L86, M|249/249\n|turn|17\n|inactive|Time left: 300 sec this turn | 300 sec total\n|\n|t:|1783555912\n|move|p2a: Volbeat|Thunder Wave|p1a: Grafaiai\n|-status|p1a: Grafaiai|par\n|move|p1a: Grafaiai|Gunk Shot|p2a: Volbeat\n|-damage|p2a: Volbeat|0 fnt\n|faint|p2a: Volbeat\n|\n|upkeep\n|\n|t:|1783555913\n|switch|p2a: Volcanion|Volcanion, L79|100/100\n|turn|18\n|inactive|Time left: 300 sec this turn | 300 sec total\n|\n|t:|1783555914\n|move|p1a: Grafaiai|Parting Shot|p2a: Volcanion\n|-unboost|p2a: Volcanion|atk|1\n|-unboost|p2a: Volcanion|spa|1\n|inactive|Time left: 300 sec this turn | 300 sec total | 5 sec grace\n|\n|t:|1783555915\n|switch|p1a: Dialga|Dialga-Origin, L73|31/266|[from] Parting Shot\n|-damage|p1a: Dialga|0 fnt|[from] Spikes\n|faint|p1a: Dialga\n|move|p2a: Volcanion|Steam Eruption|p1: Dialga|[notarget]\n|-fail|p2a: Volcanion\n|\n|upkeep\n|inactive|Time left: 300 sec this turn | 300 sec total | 10 sec grace\n|\n|t:|1783555915\n|switch|p1a: Grafaiai|Grafaiai, L86, M|249/249 par\n|turn|19\n|inactive|Time left: 300 sec this turn | 300 sec total\n|\n|t:|1783555916\n|move|p1a: Grafaiai|Parting Shot|p2a: Volcanion\n|-unboost|p2a: Volcanion|atk|1\n|-unboost|p2a: Volcanion|spa|1\n|move|p2a: Volcanion|Steam Eruption|p1a: Grafaiai\n|-damage|p1a: Grafaiai|174/249 par\n|\n|upkeep\n|turn|20\n|inactive|Time left: 300 sec this turn | 300 sec total\n|\n|t:|1783555917\n|move|p2a: Volcanion|Flamethrower|p1a: Grafaiai\n|-damage|p1a: Grafaiai|113/249 par\n|cant|p1a: Grafaiai|par\n|\n|upkeep\n|turn|21\n|inactive|Time left: 300 sec this turn | 300 sec total\n|\n|t:|1783555918\n|move|p2a: Volcanion|Flamethrower|p1a: Grafaiai\n|-damage|p1a: Grafaiai|55/249 par\n|move|p1a: Grafaiai|Knock Off|p2a: Volcanion\n|-damage|p2a: Volcanion|76/100\n|-enditem|p2a: Volcanion|Heavy-Duty Boots|[from] move: Knock Off|[of] p1a: Grafaiai\n|\n|upkeep\n|turn|22\n|inactive|Time left: 300 sec this turn | 300 sec total\n|\n|t:|1783555919\n|move|p2a: Volcanion|Steam Eruption|p1a: Grafaiai\n|-damage|p1a: Grafaiai|0 fnt\n|faint|p1a: Grafaiai\n|\n|win|p0y136930a1", "uploadtime": 1783555919, "views": 0, "rating": 0, "private": 0, "password": null, "_winner": "p0y136930a1", "_our_name": "p0x13694d73"}