{"id": "battle-gen9randombattle-974", "formatid": "gen9randombattle", "format": "[Gen 9] Random Battle", "players": ["p0x9747f6d", "p0y974591c"], "log": "|init|battle\n|title|p0x9747f6d vs. p0y974591c\n|j|\u2606p0x9747f6d\n|j|\u2606p0y974591c\n|t:|1783551209\n|gametype|singles\n|player|p1|p0x9747f6d|266|\n|player|p2|p0y974591c|266|\n|gen|9\n|tier|[Gen 9] Random Battle\n|rule|Species Clause: Limit one of each Pok\u00e9mon\n|rule|HP Percentage Mod: HP is shown in percentages\n|rule|Sleep Clause Mod: Limit one foe put to sleep\n|rule|Illusion Level Mod: Illusion disguises the Pok\u00e9mon's true level\n|\n|t:|1783551209\n|teamsize|p1|6\n|teamsize|p2|6\n|start\n|switch|p1a: Meowstic|Meowstic-F, L89, F|277/277\n|switch|p2a: Lugia|Lugia, L73|100/100\n|turn|1\n|inactive|Battle timer is ON: inactive players will automatically lose when time's up. (requested by p0x9747f6d)\n|inactive|p0y974591c also wants the timer to be on.\n|\n|t:|1783551211\n|move|p1a: Meowstic|Nasty Plot|p1a: Meowstic\n|-boost|p1a: Meowstic|spa|2\n|move|p2a: Lugia|Calm Mind|p2a: Lugia\n|-boost|p2a: Lugia|spa|1\n|-boost|p2a: Lugia|spd|1\n|\n|upkeep\n|turn|2\n|inactive|Time left: 300 sec this turn | 300 sec total\n|\n|t:|1783551212\n|move|p1a: Meowstic|Dark Pulse|p2a: Lugia\n|-supereffective|p2a: Lugia\n|-damage|p2a: Lugia|75/100\n|-damage|p1a: Meowstic|250/277|[from] item: Life Orb\n|cant|p2a: Lugia|flinch\n|\n|upkeep\n|turn|3\n|inactive|Time left: 300 sec this turn | 300 sec total\n|\n|t:|1783551213\n|move|p1a: Meowstic|Dark Pulse|p2a: Lugia\n|-supereffective|p2a: Lugia\n|-damage|p2a: Lugia|26/100\n|-damage|p1a: Meowstic|223/277|[from] item: Life Orb\n|move|p2a: Lugia|Recover|p2a: Lugia\n|-heal|p2a: Lugia|76/100\n|\n|upkeep\n|turn|4\n|inactive|Time left: 300 sec this turn | 300 sec total\n|\n|t:|1783551214\n|move|p1a: Meowstic|Dark Pulse|p2a: Lugia\n|-supereffective|p2a: Lugia\n|-damage|p2a: Lugia|24/100\n|-damage|p1a: Meowstic|196/277|[from] item: Life Orb\n|move|p2a: Lugia|Recover|p2a: Lugia\n|-heal|p2a: Lugia|75/100\n|\n|upkeep\n|turn|5\n|inactive|Time left: 300 sec this turn | 300 sec total\n|\n|t:|1783551215\n|move|p1a: Meowstic|Dark Pulse|p2a: Lugia\n|-supereffective|p2a: Lugia\n|-damage|p2a: Lugia|22/100\n|-damage|p1a: Meowstic|169/277|[from] item: Life Orb\n|move|p2a: Lugia|Recover|p2a: Lugia\n|-heal|p2a: Lugia|72/100\n|\n|upkeep\n|turn|6\n|inactive|Time left: 300 sec this turn | 300 sec total\n|\n|t:|1783551216\n|move|p1a: Meowstic|Dark Pulse|p2a: Lugia\n|-supereffective|p2a: Lugia\n|-damage|p2a: Lugia|17/100\n|-damage|p1a: Meowstic|142/277|[from] item: Life Orb\n|move|p2a: Lugia|Recover|p2a: Lugia\n|-heal|p2a: Lugia|67/100\n|\n|upkeep\n|turn|7\n|inactive|Time left: 300 sec this turn | 300 sec total\n|\n|t:|1783551217\n|move|p1a: Meowstic|Dark Pulse|p2a: Lugia\n|-supereffective|p2a: Lugia\n|-damage|p2a: Lugia|12/100\n|-damage|p1a: Meowstic|115/277|[from] item: Life Orb\n|move|p2a: Lugia|Aeroblast|p1a: Meowstic\n|-crit|p1a: Meowstic\n|-damage|p1a: Meowstic|0 fnt\n|faint|p1a: Meowstic\n|\n|upkeep\n|inactive|Time left: 300 sec this turn | 300 sec total | 5 sec grace\n|\n|t:|1783551218\n|switch|p1a: Mienshao|Mienshao, L83, M|243/243\n|turn|8\n|inactive|Time left: 300 sec this turn | 300 sec total\n|\n|t:|1783551219\n|switch|p2a: Poliwrath|Poliwrath, L88, F|100/100\n|move|p1a: Mienshao|Knock Off|p2a: Poliwrath\n|-resisted|p2a: Poliwrath\n|-damage|p2a: Poliwrath|82/100\n|-enditem|p2a: Poliwrath|Leftovers|[from] move: Knock Off|[of] p1a: Mienshao\n|\n|upkeep\n|turn|9\n|inactive|Time left: 300 sec this turn | 300 sec total\n|\n|t:|1783551221\n|move|p1a: Mienshao|Knock Off|p2a: Poliwrath\n|-resisted|p2a: Poliwrath\n|-damage|p2a: Poliwrath|69/100\n|move|p2a: Poliwrath|Bulk Up|p2a: Poliwrath\n|-boost|p2a: Poliwrath|atk|1\n|-boost|p2a: Poliwrath|def|1\n|\n|upkeep\n|turn|10\n|inactive|Time left: 300 sec this turn | 300 sec total\n|\n|t:|1783551222\n|switch|p1a: Scyther|Scyther, L82, F|249/249\n|move|p2a: Poliwrath|Liquidation|p1a: Scyther\n|-damage|p1a: Scyther|95/249\n|\n|upkeep\n|turn|11\n|inactive|Time left: 300 sec this turn | 300 sec total\n|\n|t:|1783551223\n|move|p1a: Scyther|Dual Wingbeat|p2a: Poliwrath\n|-supereffective|p2a: Poliwrath\n|-damage|p2a: Poliwrath|43/100\n|-supereffective|p2a: Poliwrath\n|-damage|p2a: Poliwrath|15/100\n|-hitcount|p2a: Poliwrath|2\n|move|p2a: Poliwrath|Ice Punch|p1a: Scyther\n|-supereffective|p1a: Scyther\n|-damage|p1a: Scyther|0 fnt\n|faint|p1a: Scyther\n|\n|upkeep\n|inactive|Time left: 300 sec this turn | 300 sec total | 5 sec grace\n|\n|t:|1783551224\n|switch|p1a: Mienshao|Mienshao, L83, M|243/243\n|turn|12\n|inactive|Time left: 300 sec this turn | 300 sec total\n|\n|t:|1783551225\n|move|p1a: Mienshao|High Jump Kick|p2a: Poliwrath\n|-damage|p2a: Poliwrath|0 fnt\n|faint|p2a: Poliwrath\n|\n|upkeep\n|\n|t:|1783551226\n|switch|p2a: Polteageist|Polteageist, L78|100/100\n|turn|13\n|inactive|Time left: 300 sec this turn | 300 sec total\n|\n|t:|1783551228\n|switch|p1a: Gumshoos|Gumshoos, L95, F|321/321\n|move|p2a: Polteageist|Shell Smash|p2a: Polteageist\n|-unboost|p2a: Polteageist|def|1\n|-unboost|p2a: Polteageist|spd|1\n|-boost|p2a: Polteageist|atk|2\n|-boost|p2a: Polteageist|spa|2\n|-boost|p2a: Polteageist|spe|2\n|-enditem|p2a: Polteageist|White Herb\n|-clearnegativeboost|p2a: Polteageist|[silent]\n|\n|upkeep\n|turn|14\n|inactive|Time left: 300 sec this turn | 300 sec total\n|\n|t:|1783551229\n|-terastallize|p2a: Polteageist|Fighting\n|-terastallize|p1a: Gumshoos|Ground\n|move|p2a: Polteageist|Tera Blast|p1a: Gumshoos|[anim] Tera Blast Fighting\n|-damage|p1a: Gumshoos|99/321\n|move|p1a: Gumshoos|Earthquake|p2a: Polteageist\n|-damage|p2a: Polteageist|0 fnt\n|faint|p2a: Polteageist\n|\n|upkeep\n|\n|t:|1783551229\n|switch|p2a: Lugia|Lugia, L73|12/100\n|turn|15\n|inactive|Time left: 300 sec this turn | 300 sec total\n|\n|t:|1783551230\n|switch|p1a: Calyrex|Calyrex-Ice, L72|263/263\n|-ability|p1a: Calyrex|As One\n|-ability|p1a: Calyrex|Unnerve\n|move|p2a: Lugia|Recover|p2a: Lugia\n|-heal|p2a: Lugia|62/100\n|\n|upkeep\n|turn|16\n|inactive|Time left: 300 sec this turn | 300 sec total\n|\n|t:|1783551231\n|move|p2a: Lugia|Recover|p2a: Lugia\n|-heal|p2a: Lugia|100/100\n|move|p1a: Calyrex|Glacial Lance|p2a: Lugia\n|-supereffective|p2a: Lugia\n|-damage|p2a: Lugia|60/100\n|\n|upkeep\n|turn|17\n|inactive|Time left: 300 sec this turn | 300 sec total\n|\n|t:|1783551233\n|move|p2a: Lugia|Recover|p2a: Lugia\n|-heal|p2a: Lugia|100/100\n|move|p1a: Calyrex|Glacial Lance|p2a: Lugia\n|-supereffective|p2a: Lugia\n|-damage|p2a: Lugia|60/100\n|\n|upkeep\n|turn|18\n|inactive|Time left: 300 sec this turn | 300 sec total\n|\n|t:|1783551234\n|switch|p2a: Wyrdeer|Wyrdeer, L87, M|100/100\n|-ability|p2a: Wyrdeer|Intimidate|boost\n|-unboost|p1a: Calyrex|atk|1\n|move|p1a: Calyrex|Glacial Lance|p2a: Wyrdeer\n|-damage|p2a: Wyrdeer|67/100\n|\n|-heal|p2a: Wyrdeer|73/100|[from] item: Leftovers\n|upkeep\n|turn|19\n|inactive|Time left: 300 sec this turn | 300 sec total\n|\n|t:|1783551235\n|move|p2a: Wyrdeer|Earthquake|p1a: Calyrex\n|-damage|p1a: Calyrex|205/263\n|move|p1a: Calyrex|Glacial Lance|p2a: Wyrdeer\n|-damage|p2a: Wyrdeer|39/100\n|\n|-heal|p2a: Wyrdeer|45/100|[from] item: Leftovers\n|upkeep\n|turn|20\n|inactive|Time left: 300 sec this turn | 300 sec total\n|\n|t:|1783551236\n|move|p2a: Wyrdeer|Megahorn|p1a: Calyrex|[miss]\n|-miss|p2a: Wyrdeer|p1a: Calyrex\n|move|p1a: Calyrex|Glacial Lance|p2a: Wyrdeer\n|-damage|p2a: Wyrdeer|12/100\n|\n|-heal|p2a: Wyrdeer|19/100|[from] item: Leftovers\n|upkeep\n|turn|21\n|inactive|Time left: 300 sec this turn | 300 sec total\n|\n|t:|1783551237\n|move|p2a: Wyrdeer|Megahorn|p1a: Calyrex\n|-supereffective|p1a: Calyrex\n|-damage|p1a: Calyrex|63/263\n|move|p1a: Calyrex|Glacial Lance|p2a: Wyrdeer\n|-damage|p2a: Wyrdeer|0 fnt\n|faint|p2a: Wyrdeer\n|-ability|p1a: Calyrex|Chilling Neigh|boost\n|-boost|p1a: Calyrex|atk|1\n|\n|upkeep\n|\n|t:|1783551238\n|switch|p2a: Haxorus|Haxorus, L77, M|100/100\n|-ability|p2a: Haxorus|Mold Breaker\n|turn|22\n|inactive|Time left: 300 sec this turn | 300 sec total\n|\n|t:|1783551239\n|move|p2a: Haxorus|Scale Shot|p1a: Calyrex\n|-damage|p1a: Calyrex|41/263\n|-damage|p1a: Calyrex|16/263\n|-damage|p1a: Calyrex|0 fnt\n|faint|p1a: Calyrex\n|-hitcount|p1: Calyrex|3\n|-unboost|p2a: Haxorus|def|1\n|-boost|p2a: Haxorus|spe|1\n|\n|upkeep\n|inactive|Time left: 300 sec this turn | 300 sec total | 5 sec grace\n|\n|t:|1783551240\n|switch|p1a: Mienshao|Mienshao, L83, M|243/243\n|turn|23\n|inactive|Time left: 300 sec this turn | 300 sec total\n|\n|t:|1783551241\n|move|p2a: Haxorus|Iron Head|p1a: Mienshao\n|-damage|p1a: Mienshao|156/243\n|cant|p1a: Mienshao|flinch\n|\n|upkeep\n|turn|24\n|inactive|Time left: 300 sec this turn | 300 sec total\n|\n|t:|1783551242\n|move|p2a: Haxorus|Swords Dance|p2a: Haxorus\n|-boost|p2a: Haxorus|atk|2\n|move|p1a: Mienshao|High Jump Kick|p2a: Haxorus\n|-damage|p2a: Haxorus|0 fnt\n|faint|p2a: Haxorus\n|\n|upkeep\n|\n|t:|1783551242\n|switch|p2a: Lugia|Lugia, L73|60/100\n|turn|25\n|inactive|Time left: 300 sec this turn | 300 sec total\n|\n|t:|1783551243\n|switch|p1a: Ceruledge|Ceruledge, L78, M|245/245\n|move|p2a: Lugia|Recover|p2a: Lugia\n|-heal|p2a: Lugia|100/100\n|\n|upkeep\n|turn|26\n|inactive|Time left: 300 sec this turn | 300 sec total\n|\n|t:|1783551244\n|move|p2a: Lugia|Psychic Noise|p1a: Ceruledge\n|-damage|p1a: Ceruledge|193/245\n|-start|p1a: Ceruledge|move: Heal Block\n|move|p1a: Ceruledge|Poltergeist|p2a: Lugia\n|-activate|p2a: Lugia|move: Poltergeist|Heavy-Duty Boots\n|-supereffective|p2a: Lugia\n|-damage|p2a: Lugia|62/100\n|\n|upkeep\n|turn|27\n|inactive|Time left: 300 sec this turn | 300 sec total\n|\n|t:|1783551245\n|switch|p2a: Wo-Chien|Wo-Chien, L83|100/100\n|-ability|p2a: Wo-Chien|Tablets of Ruin\n|move|p1a: Ceruledge|Poltergeist|p2a: Wo-Chien\n|-activate|p2a: Wo-Chien|move: Poltergeist|Leftovers\n|-resisted|p2a: Wo-Chien\n|-damage|p2a: Wo-Chien|84/100\n|\n|-heal|p2a: Wo-Chien|90/100|[from] item: Leftovers\n|-end|p1a: Ceruledge|move: Heal Block\n|upkeep\n|turn|28\n|inactive|Time left: 300 sec this turn | 300 sec total\n|\n|t:|1783551246\n|move|p1a: Ceruledge|Bitter Blade|p2a: Wo-Chien\n|-supereffective|p2a: Wo-Chien\n|-damage|p2a: Wo-Chien|39/100\n|-heal|p1a: Ceruledge|245/245|[from] drain|[of] p2a: Wo-Chien\n|move|p2a: Wo-Chien|Stun Spore|p1a: Ceruledge\n|-status|p1a: Ceruledge|par\n|\n|-heal|p2a: Wo-Chien|45/100|[from] item: Leftovers\n|upkeep\n|turn|29\n|inactive|Time left: 300 sec this turn | 300 sec total\n|\n|t:|1783551247\n|move|p2a: Wo-Chien|Giga Drain|p1a: Ceruledge\n|-resisted|p1a: Ceruledge\n|-crit|p1a: Ceruledge\n|-damage|p1a: Ceruledge|187/245 par\n|-heal|p2a: Wo-Chien|56/100|[from] drain|[of] p1a: Ceruledge\n|move|p1a: Ceruledge|Bitter Blade|p2a: Wo-Chien\n|-supereffective|p2a: Wo-Chien\n|-damage|p2a: Wo-Chien|10/100\n|-heal|p1a: Ceruledge|245/245 par|[from] drain|[of] p2a: Wo-Chien\n|\n|-heal|p2a: Wo-Chien|16/100|[from] item: Leftovers\n|upkeep\n|turn|30\n|inactive|Time left: 300 sec this turn | 300 sec total\n|\n|t:|1783551248\n|move|p2a: Wo-Chien|Knock Off|p1a: Ceruledge\n|-supereffective|p1a: Ceruledge\n|-damage|p1a: Ceruledge|21/245 par\n|-ability|p1a: Ceruledge|Weak Armor|boost\n|-unboost|p1a: Ceruledge|def|1\n|-boost|p1a: Ceruledge|spe|2\n|-enditem|p1a: Ceruledge|Heavy-Duty Boots|[from] move: Knock Off|[of] p2a: Wo-Chien\n|cant|p1a: Ceruledge|par\n|\n|-heal|p2a: Wo-Chien|22/100|[from] item: Leftovers\n|upkeep\n|turn|31\n|inactive|Time left: 300 sec this turn | 300 sec total\n|\n|t:|1783551249\n|switch|p2a: Lugia|Lugia, L73|62/100\n|move|p1a: Ceruledge|Bitter Blade|p2a: Lugia\n|-damage|p2a: Lugia|32/100\n|-heal|p1a: Ceruledge|63/245 par|[from] drain|[of] p2a: Lugia\n|\n|upkeep\n|turn|32\n|inactive|Time left: 300 sec this turn | 300 sec total\n|\n|t:|1783551250\n|switch|p2a: Wo-Chien|Wo-Chien, L83|22/100\n|-ability|p2a: Wo-Chien|Tablets of Ruin\n|move|p1a: Ceruledge|Poltergeist|p2a: Wo-Chien\n|-activate|p2a: Wo-Chien|move: Poltergeist|Leftovers\n|-resisted|p2a: Wo-Chien\n|-damage|p2a: Wo-Chien|5/100\n|\n|-heal|p2a: Wo-Chien|11/100|[from] item: Leftovers\n|upkeep\n|turn|33\n|inactive|Time left: 300 sec this turn | 300 sec total\n|\n|t:|1783551251\n|switch|p2a: Lugia|Lugia, L73|32/100\n|cant|p1a: Ceruledge|par\n|\n|upkeep\n|turn|34\n|inactive|Time left: 300 sec this turn | 300 sec total\n|\n|t:|1783551252\n|switch|p2a: Wo-Chien|Wo-Chien, L83|11/100\n|-ability|p2a: Wo-Chien|Tablets of Ruin\n|move|p1a: Ceruledge|Poltergeist|p2a: Wo-Chien\n|-activate|p2a: Wo-Chien|move: Poltergeist|Leftovers\n|-resisted|p2a: Wo-Chien\n|-damage|p2a: Wo-Chien|0 fnt\n|faint|p2a: Wo-Chien\n|\n|upkeep\n|\n|t:|1783551253\n|switch|p2a: Lugia|Lugia, L73|32/100\n|turn|35\n|inactive|Time left: 300 sec this turn | 300 sec total\n|\n|t:|1783551254\n|switch|p1a: Mienshao|Mienshao, L83, M|156/243\n|move|p2a: Lugia|Psychic Noise|p1a: Mienshao\n|-supereffective|p1a: Mienshao\n|-damage|p1a: Mienshao|10/243\n|-start|p1a: Mienshao|move: Heal Block\n|\n|upkeep\n|turn|36\n|inactive|Time left: 300 sec this turn | 300 sec total\n|\n|t:|1783551254\n|move|p1a: Mienshao|Knock Off|p2a: Lugia\n|-supereffective|p2a: Lugia\n|-damage|p2a: Lugia|0 fnt\n|-enditem|p2a: Lugia|Heavy-Duty Boots|[from] move: Knock Off|[of] p1a: Mienshao\n|faint|p2a: Lugia\n|\n|win|p0x9747f6d", "uploadtime": 1783551254, "views": 0, "rating": 0, "private": 0, "password": null, "_winner": "p0x9747f6d", "_our_name": "p0x9747f6d"}