{"id": "battle-gen9randombattle-2661", "formatid": "gen9randombattle", "format": "[Gen 9] Random Battle", "players": ["p0x2661dca4", "p0y26610755"], "log": "|init|battle\n|title|p0x2661dca4 vs. p0y26610755\n|j|\u2606p0x2661dca4\n|j|\u2606p0y26610755\n|t:|1783569693\n|gametype|singles\n|player|p1|p0x2661dca4|169|\n|player|p2|p0y26610755|265|\n|gen|9\n|tier|[Gen 9] Random Battle\n|rule|Species Clause: Limit one of each Pok\u00e9mon\n|rule|HP Percentage Mod: HP is shown in percentages\n|rule|Sleep Clause Mod: Limit one foe put to sleep\n|rule|Illusion Level Mod: Illusion disguises the Pok\u00e9mon's true level\n|\n|t:|1783569693\n|teamsize|p1|6\n|teamsize|p2|6\n|start\n|switch|p1a: Passimian|Passimian, L83, M|100/100\n|switch|p2a: Mamoswine|Mamoswine, L81, F|311/311\n|turn|1\n|inactive|Battle timer is ON: inactive players will automatically lose when time's up. (requested by p0y26610755)\n|\n|t:|1783569694\n|switch|p2a: Medicham|Medicham, L86, F|243/243\n|move|p1a: Passimian|Close Combat|p2a: Medicham\n|-resisted|p2a: Medicham\n|-damage|p2a: Medicham|168/243\n|-unboost|p1a: Passimian|def|1\n|-unboost|p1a: Passimian|spd|1\n|\n|upkeep\n|turn|2\n|inactive|Time left: 300 sec this turn | 300 sec total\n|inactive|p0x2661dca4 also wants the timer to be on.\n|\n|t:|1783569695\n|switch|p1a: Glimmora|Glimmora, L75, M|100/100\n|move|p2a: Medicham|Close Combat|p1a: Glimmora\n|-damage|p1a: Glimmora|0 fnt\n|-unboost|p2a: Medicham|def|1\n|-unboost|p2a: Medicham|spd|1\n|-activate|p1a: Glimmora|ability: Toxic Debris\n|-sidestart|p2: p0y26610755|move: Toxic Spikes\n|faint|p1a: Glimmora\n|\n|upkeep\n|\n|t:|1783569696\n|switch|p1a: Passimian|Passimian, L83, M|100/100\n|turn|3\n|inactive|Time left: 300 sec this turn | 300 sec total\n|\n|t:|1783569697\n|move|p1a: Passimian|Knock Off|p2a: Medicham\n|-damage|p2a: Medicham|36/243\n|-enditem|p2a: Medicham|Choice Band|[from] move: Knock Off|[of] p1a: Passimian\n|move|p2a: Medicham|Close Combat|p1a: Passimian\n|-damage|p1a: Passimian|39/100\n|-unboost|p2a: Medicham|def|1\n|-unboost|p2a: Medicham|spd|1\n|\n|upkeep\n|turn|4\n|inactive|Time left: 300 sec this turn | 300 sec total\n|\n|t:|1783569699\n|switch|p2a: Grafaiai|Grafaiai, L86, M|249/249\n|-sideend|p2: p0y26610755|move: Toxic Spikes|[of] p2a: Grafaiai\n|move|p1a: Passimian|Knock Off|p2a: Grafaiai\n|-damage|p2a: Grafaiai|153/249\n|-enditem|p2a: Grafaiai|Life Orb|[from] move: Knock Off|[of] p1a: Passimian\n|\n|upkeep\n|turn|5\n|inactive|Time left: 300 sec this turn | 300 sec total\n|\n|t:|1783569700\n|move|p1a: Passimian|Knock Off|p2a: Grafaiai\n|-damage|p2a: Grafaiai|87/249\n|move|p2a: Grafaiai|Gunk Shot|p1a: Passimian|[miss]\n|-miss|p2a: Grafaiai|p1a: Passimian\n|\n|upkeep\n|turn|6\n|inactive|Time left: 300 sec this turn | 300 sec total\n|\n|t:|1783569701\n|move|p1a: Passimian|Knock Off|p2a: Grafaiai\n|-damage|p2a: Grafaiai|26/249\n|move|p2a: Grafaiai|Gunk Shot|p1a: Passimian|[miss]\n|-miss|p2a: Grafaiai|p1a: Passimian\n|\n|upkeep\n|turn|7\n|inactive|Time left: 300 sec this turn | 300 sec total\n|\n|t:|1783569702\n|switch|p2a: Pyroar|Pyroar, L88, F|295/295\n|-ability|p2a: Pyroar|Unnerve\n|move|p1a: Passimian|Knock Off|p2a: Pyroar\n|-damage|p2a: Pyroar|201/295\n|-enditem|p2a: Pyroar|Heavy-Duty Boots|[from] move: Knock Off|[of] p1a: Passimian\n|\n|upkeep\n|turn|8\n|inactive|Time left: 300 sec this turn | 300 sec total\n|\n|t:|1783569703\n|move|p1a: Passimian|Knock Off|p2a: Pyroar\n|-damage|p2a: Pyroar|142/295\n|move|p2a: Pyroar|Fire Blast|p1a: Passimian\n|-damage|p1a: Passimian|0 fnt\n|faint|p1a: Passimian\n|\n|upkeep\n|\n|t:|1783569704\n|switch|p1a: Electrode|Electrode, L92|100/100\n|turn|9\n|inactive|Time left: 300 sec this turn | 300 sec total\n|\n|t:|1783569705\n|move|p1a: Electrode|Thunderbolt|p2a: Pyroar\n|-damage|p2a: Pyroar|36/295\n|move|p2a: Pyroar|Fire Blast|p1a: Electrode\n|-damage|p1a: Electrode|43/100\n|\n|upkeep\n|turn|10\n|inactive|Time left: 300 sec this turn | 300 sec total\n|\n|t:|1783569706\n|switch|p2a: Quagsire|Quagsire, L84, F|297/297\n|move|p1a: Electrode|Foul Play|p2a: Quagsire\n|-damage|p2a: Quagsire|235/297\n|\n|-heal|p2a: Quagsire|253/297|[from] item: Leftovers\n|upkeep\n|turn|11\n|inactive|Time left: 300 sec this turn | 300 sec total\n|\n|t:|1783569707\n|switch|p1a: Brute Bonnet|Brute Bonnet, L80|100/100\n|move|p2a: Quagsire|Earthquake|p1a: Brute Bonnet\n|-resisted|p1a: Brute Bonnet\n|-damage|p1a: Brute Bonnet|86/100\n|\n|-heal|p1a: Brute Bonnet|92/100|[from] item: Leftovers\n|-heal|p2a: Quagsire|271/297|[from] item: Leftovers\n|upkeep\n|turn|12\n|inactive|Time left: 300 sec this turn | 300 sec total\n|\n|t:|1783569707\n|switch|p2a: Regice|Regice, L88|284/284\n|move|p1a: Brute Bonnet|Seed Bomb|p2a: Regice\n|-damage|p2a: Regice|193/284\n|\n|-heal|p1a: Brute Bonnet|98/100|[from] item: Leftovers\n|upkeep\n|turn|13\n|inactive|Time left: 300 sec this turn | 300 sec total\n|\n|t:|1783569708\n|move|p2a: Regice|Ice Beam|p1a: Brute Bonnet\n|-supereffective|p1a: Brute Bonnet\n|-damage|p1a: Brute Bonnet|34/100\n|-status|p1a: Brute Bonnet|frz\n|cant|p1a: Brute Bonnet|frz\n|\n|-heal|p1a: Brute Bonnet|40/100 frz|[from] item: Leftovers\n|upkeep\n|turn|14\n|inactive|Time left: 300 sec this turn | 300 sec total\n|\n|t:|1783569709\n|cant|p1a: Brute Bonnet|frz\n|move|p2a: Regice|Ice Beam|p1a: Brute Bonnet\n|-supereffective|p1a: Brute Bonnet\n|-damage|p1a: Brute Bonnet|0 fnt\n|faint|p1a: Brute Bonnet\n|-end|p1a: Brute Bonnet|Protosynthesis|[silent]\n|\n|upkeep\n|\n|t:|1783569710\n|switch|p1a: Virizion|Virizion, L82|100/100\n|turn|15\n|inactive|Time left: 300 sec this turn | 300 sec total\n|\n|t:|1783569711\n|switch|p2a: Grafaiai|Grafaiai, L86, M|26/249\n|move|p1a: Virizion|Swords Dance|p1a: Virizion\n|-boost|p1a: Virizion|atk|2\n|\n|upkeep\n|turn|16\n|inactive|Time left: 300 sec this turn | 300 sec total\n|\n|t:|1783569712\n|move|p2a: Grafaiai|Gunk Shot|p1a: Virizion\n|-supereffective|p1a: Virizion\n|-damage|p1a: Virizion|0 fnt\n|faint|p1a: Virizion\n|\n|upkeep\n|\n|t:|1783569712\n|switch|p1a: Electrode|Electrode, L92|43/100\n|turn|17\n|inactive|Time left: 300 sec this turn | 300 sec total\n|\n|t:|1783569713\n|switch|p2a: Quagsire|Quagsire, L84, F|271/297\n|move|p1a: Electrode|Foul Play|p2a: Quagsire\n|-damage|p2a: Quagsire|197/297\n|\n|-heal|p2a: Quagsire|215/297|[from] item: Leftovers\n|upkeep\n|turn|18\n|inactive|Time left: 300 sec this turn | 300 sec total\n|\n|t:|1783569714\n|switch|p1a: Glalie|Glalie, L96, M|100/100\n|move|p2a: Quagsire|Earthquake|p1a: Glalie\n|-damage|p1a: Glalie|71/100\n|\n|-heal|p2a: Quagsire|233/297|[from] item: Leftovers\n|upkeep\n|turn|19\n|inactive|Time left: 300 sec this turn | 300 sec total\n|\n|t:|1783569715\n|switch|p2a: Regice|Regice, L88|193/284\n|move|p1a: Glalie|Freeze-Dry|p2a: Regice\n|-resisted|p2a: Regice\n|-damage|p2a: Regice|174/284\n|\n|upkeep\n|turn|20\n|inactive|Time left: 300 sec this turn | 300 sec total\n|\n|t:|1783569716\n|move|p1a: Glalie|Spikes|p2a: Regice\n|-sidestart|p2: p0y26610755|Spikes\n|move|p2a: Regice|Thunderbolt|p1a: Glalie\n|-damage|p1a: Glalie|49/100\n|\n|upkeep\n|turn|21\n|inactive|Time left: 300 sec this turn | 300 sec total\n|\n|t:|1783569717\n|move|p1a: Glalie|Spikes|p2a: Regice\n|-sidestart|p2: p0y26610755|Spikes\n|move|p2a: Regice|Ice Beam|p1a: Glalie\n|-resisted|p1a: Glalie\n|-damage|p1a: Glalie|33/100\n|\n|upkeep\n|turn|22\n|inactive|Time left: 300 sec this turn | 300 sec total\n|\n|t:|1783569718\n|move|p1a: Glalie|Earthquake|p2a: Regice\n|-damage|p2a: Regice|102/284\n|move|p2a: Regice|Thunderbolt|p1a: Glalie\n|-damage|p1a: Glalie|10/100\n|\n|upkeep\n|turn|23\n|inactive|Time left: 300 sec this turn | 300 sec total\n|\n|t:|1783569719\n|-terastallize|p1a: Glalie|Ground\n|move|p1a: Glalie|Earthquake|p2a: Regice\n|-damage|p2a: Regice|0 fnt\n|faint|p2a: Regice\n|\n|upkeep\n|inactive|Time left: 300 sec this turn | 300 sec total | 5 sec grace\n|\n|t:|1783569720\n|switch|p2a: Mamoswine|Mamoswine, L81, F|311/311\n|-damage|p2a: Mamoswine|260/311|[from] Spikes\n|turn|24\n|inactive|Time left: 300 sec this turn | 300 sec total\n|\n|t:|1783569721\n|switch|p1a: Electrode|Electrode, L92|43/100\n|move|p2a: Mamoswine|Ice Shard|p1a: Electrode\n|-damage|p1a: Electrode|14/100\n|-damage|p2a: Mamoswine|229/311|[from] item: Life Orb\n|\n|upkeep\n|turn|25\n|inactive|Time left: 300 sec this turn | 300 sec total\n|\n|t:|1783569722\n|move|p2a: Mamoswine|Ice Shard|p1a: Electrode\n|-damage|p1a: Electrode|0 fnt\n|faint|p1a: Electrode\n|-damage|p2a: Mamoswine|198/311|[from] item: Life Orb\n|\n|upkeep\n|\n|t:|1783569723\n|switch|p1a: Glalie|Glalie, L96, M, tera:Ground|10/100\n|turn|26\n|inactive|Time left: 300 sec this turn | 300 sec total\n|\n|t:|1783569723\n|-terastallize|p2a: Mamoswine|Ice\n|move|p2a: Mamoswine|Ice Shard|p1a: Glalie\n|-supereffective|p1a: Glalie\n|-damage|p1a: Glalie|0 fnt\n|faint|p1a: Glalie\n|-damage|p2a: Mamoswine|167/311|[from] item: Life Orb\n|\n|win|p0y26610755", "uploadtime": 1783569723, "views": 0, "rating": 0, "private": 0, "password": null, "_winner": "p0y26610755", "_our_name": "p0y26610755"}