{"id": "battle-gen9randombattle-2828", "formatid": "gen9randombattle", "format": "[Gen 9] Random Battle", "players": ["p0x282877d8", "p0y2828b655"], "log": "|init|battle\n|title|p0x282877d8 vs. p0y2828b655\n|j|\u2606p0x282877d8\n|j|\u2606p0y2828b655\n|t:|1783571602\n|gametype|singles\n|player|p1|p0x282877d8|2|\n|player|p2|p0y2828b655|1|\n|gen|9\n|tier|[Gen 9] Random Battle\n|rule|Species Clause: Limit one of each Pok\u00e9mon\n|rule|HP Percentage Mod: HP is shown in percentages\n|rule|Sleep Clause Mod: Limit one foe put to sleep\n|rule|Illusion Level Mod: Illusion disguises the Pok\u00e9mon's true level\n|\n|t:|1783571602\n|teamsize|p1|6\n|teamsize|p2|6\n|start\n|switch|p1a: Blastoise|Blastoise, L80, M|100/100\n|switch|p2a: Mimikyu|Mimikyu, L79, M|216/216\n|turn|1\n|inactive|Battle timer is ON: inactive players will automatically lose when time's up. (requested by p0y2828b655)\n|inactive|p0x282877d8 also wants the timer to be on.\n|\n|t:|1783571603\n|move|p2a: Mimikyu|Swords Dance|p2a: Mimikyu\n|-boost|p2a: Mimikyu|atk|2\n|move|p1a: Blastoise|Shell Smash|p1a: Blastoise\n|-unboost|p1a: Blastoise|def|1\n|-unboost|p1a: Blastoise|spd|1\n|-boost|p1a: Blastoise|atk|2\n|-boost|p1a: Blastoise|spa|2\n|-boost|p1a: Blastoise|spe|2\n|-enditem|p1a: Blastoise|White Herb\n|-clearnegativeboost|p1a: Blastoise|[silent]\n|\n|upkeep\n|turn|2\n|inactive|Time left: 300 sec this turn | 300 sec total\n|\n|t:|1783571604\n|-terastallize|p2a: Mimikyu|Fairy\n|move|p1a: Blastoise|Ice Beam|p2a: Mimikyu\n|-activate|p2a: Mimikyu|ability: Disguise\n|-damage|p2a: Mimikyu|216/216\n|detailschange|p2a: Mimikyu|Mimikyu-Busted, L79, M, tera:Fairy\n|-damage|p2a: Mimikyu|189/216|[from] pokemon: Mimikyu-Busted\n|move|p2a: Mimikyu|Play Rough|p1a: Blastoise\n|-damage|p1a: Blastoise|4/100\n|-unboost|p1a: Blastoise|atk|1\n|-damage|p2a: Mimikyu|168/216|[from] item: Life Orb\n|\n|upkeep\n|turn|3\n|inactive|Time left: 300 sec this turn | 300 sec total\n|\n|t:|1783571605\n|move|p2a: Mimikyu|Shadow Sneak|p1a: Blastoise\n|-damage|p1a: Blastoise|0 fnt\n|faint|p1a: Blastoise\n|-damage|p2a: Mimikyu|147/216|[from] item: Life Orb\n|\n|upkeep\n|\n|t:|1783571606\n|switch|p1a: Leafeon|Leafeon, L88, F|100/100\n|turn|4\n|inactive|Time left: 300 sec this turn | 300 sec total\n|\n|t:|1783571607\n|switch|p2a: Venusaur|Venusaur, L84, M|272/272\n|move|p1a: Leafeon|Leaf Blade|p2a: Venusaur\n|-resisted|p2a: Venusaur\n|-damage|p2a: Venusaur|232/272\n|-damage|p1a: Leafeon|91/100|[from] item: Life Orb\n|\n|-heal|p2a: Venusaur|249/272|[from] item: Leftovers\n|upkeep\n|turn|5\n|inactive|Time left: 300 sec this turn | 300 sec total\n|\n|t:|1783571608\n|switch|p1a: Probopass|Probopass, L91, F|100/100\n|move|p2a: Venusaur|Sludge Bomb|p1a: Probopass\n|-immune|p1a: Probopass\n|\n|-heal|p2a: Venusaur|266/272|[from] item: Leftovers\n|upkeep\n|turn|6\n|inactive|Time left: 300 sec this turn | 300 sec total\n|\n|t:|1783571609\n|move|p2a: Venusaur|Earth Power|p1a: Probopass\n|-supereffective|p1a: Probopass\n|-damage|p1a: Probopass|35/100\n|move|p1a: Probopass|Power Gem|p2a: Venusaur\n|-damage|p2a: Venusaur|197/272\n|\n|-heal|p2a: Venusaur|214/272|[from] item: Leftovers\n|-heal|p1a: Probopass|41/100|[from] item: Leftovers\n|upkeep\n|turn|7\n|inactive|Time left: 300 sec this turn | 300 sec total\n|\n|t:|1783571610\n|move|p2a: Venusaur|Earth Power|p1a: Probopass\n|-supereffective|p1a: Probopass\n|-damage|p1a: Probopass|0 fnt\n|faint|p1a: Probopass\n|\n|-heal|p2a: Venusaur|231/272|[from] item: Leftovers\n|upkeep\n|\n|t:|1783571612\n|switch|p1a: Furret|Furret, L94, M|100/100\n|-item|p2a: Venusaur|Leftovers|[from] ability: Frisk|[of] p1a: Furret\n|turn|8\n|inactive|Time left: 300 sec this turn | 300 sec total\n|\n|t:|1783571613\n|move|p1a: Furret|Tidy Up|p1a: Furret\n|-boost|p1a: Furret|atk|1\n|-boost|p1a: Furret|spe|1\n|move|p2a: Venusaur|Sludge Bomb|p1a: Furret\n|-damage|p1a: Furret|62/100\n|\n|-heal|p2a: Venusaur|248/272|[from] item: Leftovers\n|upkeep\n|turn|9\n|inactive|Time left: 300 sec this turn | 300 sec total\n|\n|t:|1783571614\n|move|p1a: Furret|Double-Edge|p2a: Venusaur\n|-damage|p2a: Venusaur|1/272\n|-damage|p1a: Furret|36/100|[from] Recoil\n|-damage|p1a: Furret|26/100|[from] item: Life Orb\n|move|p2a: Venusaur|Sludge Bomb|p1a: Furret\n|-damage|p1a: Furret|0 fnt\n|faint|p1a: Furret\n|\n|-heal|p2a: Venusaur|18/272|[from] item: Leftovers\n|upkeep\n|\n|t:|1783571615\n|switch|p1a: Leafeon|Leafeon, L88, F|91/100\n|turn|10\n|inactive|Time left: 300 sec this turn | 300 sec total\n|\n|t:|1783571616\n|move|p1a: Leafeon|Double-Edge|p2a: Venusaur\n|-damage|p2a: Venusaur|0 fnt\n|faint|p2a: Venusaur\n|-damage|p1a: Leafeon|88/100|[from] Recoil\n|-damage|p1a: Leafeon|79/100|[from] item: Life Orb\n|\n|upkeep\n|inactive|Time left: 300 sec this turn | 300 sec total | 5 sec grace\n|\n|t:|1783571617\n|switch|p2a: Infernape|Infernape, L82, F|259/259\n|turn|11\n|inactive|Time left: 300 sec this turn | 300 sec total\n|\n|t:|1783571618\n|switch|p1a: Noivern|Noivern, L82, F|100/100\n|move|p2a: Infernape|Overheat|p1a: Noivern\n|-resisted|p1a: Noivern\n|-damage|p1a: Noivern|63/100\n|-unboost|p2a: Infernape|spa|2\n|-damage|p2a: Infernape|234/259|[from] item: Life Orb\n|\n|upkeep\n|turn|12\n|inactive|Time left: 300 sec this turn | 300 sec total\n|\n|t:|1783571620\n|switch|p2a: Piloswine|Piloswine, L85, M|309/309\n|move|p1a: Noivern|Hurricane|p2a: Piloswine|[miss]\n|-miss|p1a: Noivern|p2a: Piloswine\n|\n|upkeep\n|turn|13\n|inactive|Time left: 300 sec this turn | 300 sec total\n|\n|t:|1783571621\n|switch|p1a: Slither Wing|Slither Wing, L81|100/100\n|move|p2a: Piloswine|Ice Shard|p1a: Slither Wing\n|-damage|p1a: Slither Wing|82/100\n|\n|upkeep\n|turn|14\n|inactive|Time left: 300 sec this turn | 300 sec total\n|\n|t:|1783571622\n|move|p1a: Slither Wing|Will-O-Wisp|p2a: Piloswine\n|-status|p2a: Piloswine|brn\n|move|p2a: Piloswine|Icicle Crash|p1a: Slither Wing\n|-damage|p1a: Slither Wing|64/100\n|\n|-damage|p2a: Piloswine|290/309 brn|[from] brn\n|upkeep\n|turn|15\n|inactive|Time left: 300 sec this turn | 300 sec total\n|\n|t:|1783571623\n|move|p1a: Slither Wing|Morning Sun|p1a: Slither Wing\n|-heal|p1a: Slither Wing|100/100\n|move|p2a: Piloswine|Icicle Crash|p1a: Slither Wing\n|-damage|p1a: Slither Wing|79/100\n|\n|-damage|p2a: Piloswine|271/309 brn|[from] brn\n|upkeep\n|turn|16\n|inactive|Time left: 300 sec this turn | 300 sec total\n|\n|t:|1783571624\n|move|p1a: Slither Wing|U-turn|p2a: Piloswine\n|-damage|p2a: Piloswine|208/309 brn\n|\n|t:|1783571625\n|-end|p1a: Slither Wing|Protosynthesis|[silent]\n|switch|p1a: Leafeon|Leafeon, L88, F|79/100|[from] U-turn\n|move|p2a: Piloswine|Icicle Crash|p1a: Leafeon|[miss]\n|-miss|p2a: Piloswine|p1a: Leafeon\n|\n|-damage|p2a: Piloswine|189/309 brn|[from] brn\n|upkeep\n|turn|17\n|inactive|Time left: 300 sec this turn | 300 sec total\n|\n|t:|1783571626\n|move|p1a: Leafeon|Swords Dance|p1a: Leafeon\n|-boost|p1a: Leafeon|atk|2\n|move|p2a: Piloswine|Roar|p1a: Leafeon\n|drag|p1a: Slither Wing|Slither Wing, L81|79/100\n|\n|-damage|p2a: Piloswine|170/309 brn|[from] brn\n|upkeep\n|turn|18\n|inactive|Time left: 300 sec this turn | 300 sec total\n|\n|t:|1783571627\n|move|p1a: Slither Wing|Close Combat|p2a: Piloswine\n|-supereffective|p2a: Piloswine\n|-damage|p2a: Piloswine|0 fnt\n|-unboost|p1a: Slither Wing|def|1\n|-unboost|p1a: Slither Wing|spd|1\n|faint|p2a: Piloswine\n|\n|upkeep\n|inactive|Time left: 300 sec this turn | 300 sec total | 5 sec grace\n|\n|t:|1783571628\n|switch|p2a: Lucario|Lucario, L84, M|255/255\n|turn|19\n|inactive|Time left: 300 sec this turn | 300 sec total\n|\n|t:|1783571629\n|move|p2a: Lucario|Meteor Mash|p1a: Slither Wing\n|-damage|p1a: Slither Wing|0 fnt\n|faint|p1a: Slither Wing\n|-end|p1a: Slither Wing|Protosynthesis|[silent]\n|-damage|p2a: Lucario|230/255|[from] item: Life Orb\n|\n|upkeep\n|\n|t:|1783571630\n|switch|p1a: Noivern|Noivern, L82, F|63/100\n|turn|20\n|inactive|Time left: 300 sec this turn | 300 sec total\n|\n|t:|1783571631\n|switch|p2a: Vaporeon|Vaporeon, L86, F|364/364\n|move|p1a: Noivern|Flamethrower|p2a: Vaporeon\n|-resisted|p2a: Vaporeon\n|-damage|p2a: Vaporeon|337/364\n|-status|p2a: Vaporeon|brn\n|\n|-heal|p2a: Vaporeon|359/364 brn|[from] item: Leftovers\n|-damage|p2a: Vaporeon|337/364 brn|[from] brn\n|upkeep\n|turn|21\n|inactive|Time left: 300 sec this turn | 300 sec total\n|\n|t:|1783571632\n|switch|p1a: Leafeon|Leafeon, L88, F|79/100\n|move|p2a: Vaporeon|Scald|p1a: Leafeon\n|-resisted|p1a: Leafeon\n|-crit|p1a: Leafeon\n|-damage|p1a: Leafeon|47/100\n|\n|-heal|p2a: Vaporeon|359/364 brn|[from] item: Leftovers\n|-damage|p2a: Vaporeon|337/364 brn|[from] brn\n|upkeep\n|turn|22\n|inactive|Time left: 300 sec this turn | 300 sec total\n|\n|t:|1783571634\n|switch|p2a: Lucario|Lucario, L84, M|230/255\n|move|p1a: Leafeon|Swords Dance|p1a: Leafeon\n|-boost|p1a: Leafeon|atk|2\n|\n|upkeep\n|turn|23\n|inactive|Time left: 300 sec this turn | 300 sec total\n|\n|t:|1783571635\n|move|p1a: Leafeon|Synthesis|p1a: Leafeon\n|-heal|p1a: Leafeon|97/100\n|move|p2a: Lucario|Close Combat|p1a: Leafeon\n|-damage|p1a: Leafeon|52/100\n|-unboost|p2a: Lucario|def|1\n|-unboost|p2a: Lucario|spd|1\n|-damage|p2a: Lucario|205/255|[from] item: Life Orb\n|\n|upkeep\n|turn|24\n|inactive|Time left: 300 sec this turn | 300 sec total\n|\n|t:|1783571636\n|switch|p2a: Infernape|Infernape, L82, F|234/259\n|move|p1a: Leafeon|Leaf Blade|p2a: Infernape\n|-resisted|p2a: Infernape\n|-damage|p2a: Infernape|53/259\n|-damage|p1a: Leafeon|42/100|[from] item: Life Orb\n|\n|upkeep\n|turn|25\n|inactive|Time left: 300 sec this turn | 300 sec total\n|\n|t:|1783571637\n|switch|p1a: Noivern|Noivern, L82, F|63/100\n|move|p2a: Infernape|Close Combat|p1a: Noivern\n|-resisted|p1a: Noivern\n|-damage|p1a: Noivern|31/100\n|-unboost|p2a: Infernape|def|1\n|-unboost|p2a: Infernape|spd|1\n|-damage|p2a: Infernape|28/259|[from] item: Life Orb\n|\n|upkeep\n|turn|26\n|inactive|Time left: 300 sec this turn | 300 sec total\n|\n|t:|1783571638\n|move|p1a: Noivern|Roost|p1a: Noivern\n|-heal|p1a: Noivern|81/100\n|-singleturn|p1a: Noivern|move: Roost\n|move|p2a: Infernape|Close Combat|p1a: Noivern\n|-damage|p1a: Noivern|15/100\n|-unboost|p2a: Infernape|def|1\n|-unboost|p2a: Infernape|spd|1\n|-damage|p2a: Infernape|3/259|[from] item: Life Orb\n|\n|upkeep\n|turn|27\n|inactive|Time left: 300 sec this turn | 300 sec total\n|\n|t:|1783571639\n|move|p1a: Noivern|Flamethrower|p2a: Infernape\n|-resisted|p2a: Infernape\n|-damage|p2a: Infernape|0 fnt\n|faint|p2a: Infernape\n|\n|upkeep\n|inactive|Time left: 300 sec this turn | 300 sec total | 5 sec grace\n|\n|t:|1783571640\n|switch|p2a: Lucario|Lucario, L84, M|205/255\n|turn|28\n|inactive|Time left: 300 sec this turn | 300 sec total\n|\n|t:|1783571641\n|move|p2a: Lucario|Extreme Speed|p1a: Noivern\n|-damage|p1a: Noivern|0 fnt\n|faint|p1a: Noivern\n|-damage|p2a: Lucario|180/255|[from] item: Life Orb\n|\n|upkeep\n|\n|t:|1783571642\n|switch|p1a: Leafeon|Leafeon, L88, F|42/100\n|turn|29\n|inactive|Time left: 300 sec this turn | 300 sec total\n|\n|t:|1783571642\n|move|p1a: Leafeon|Swords Dance|p1a: Leafeon\n|-boost|p1a: Leafeon|atk|2\n|move|p2a: Lucario|Swords Dance|p2a: Lucario\n|-boost|p2a: Lucario|atk|2\n|\n|upkeep\n|turn|30\n|inactive|Time left: 300 sec this turn | 300 sec total\n|\n|t:|1783571643\n|move|p2a: Lucario|Extreme Speed|p1a: Leafeon\n|-damage|p1a: Leafeon|0 fnt\n|faint|p1a: Leafeon\n|-damage|p2a: Lucario|155/255|[from] item: Life Orb\n|\n|win|p0y2828b655", "uploadtime": 1783571643, "views": 0, "rating": 0, "private": 0, "password": null, "_winner": "p0y2828b655", "_our_name": "p0y2828b655"}