{"id": "battle-gen9randombattle-2179", "formatid": "gen9randombattle", "format": "[Gen 9] Random Battle", "players": ["p0x217957ec", "p0y2179acea"], "log": "|init|battle\n|title|p0x217957ec vs. p0y2179acea\n|j|\u2606p0x217957ec\n|j|\u2606p0y2179acea\n|t:|1783565236\n|gametype|singles\n|player|p1|p0x217957ec|266|\n|player|p2|p0y2179acea|102|\n|gen|9\n|tier|[Gen 9] Random Battle\n|rule|Species Clause: Limit one of each Pok\u00e9mon\n|rule|HP Percentage Mod: HP is shown in percentages\n|rule|Sleep Clause Mod: Limit one foe put to sleep\n|rule|Illusion Level Mod: Illusion disguises the Pok\u00e9mon's true level\n|\n|t:|1783565236\n|teamsize|p1|6\n|teamsize|p2|6\n|start\n|switch|p1a: Shiftry|Shiftry, L89, F|305/305\n|switch|p2a: Gholdengo|Gholdengo, L77|100/100\n|turn|1\n|inactive|Battle timer is ON: inactive players will automatically lose when time's up. (requested by p0x217957ec)\n|inactive|p0y2179acea also wants the timer to be on.\n|\n|t:|1783565238\n|switch|p2a: Cobalion|Cobalion, L80|100/100\n|move|p1a: Shiftry|Knock Off|p2a: Cobalion\n|-resisted|p2a: Cobalion\n|-damage|p2a: Cobalion|80/100\n|-ability|p2a: Cobalion|Justified|boost\n|-boost|p2a: Cobalion|atk|1\n|-enditem|p2a: Cobalion|Leftovers|[from] move: Knock Off|[of] p1a: Shiftry\n|-damage|p1a: Shiftry|275/305|[from] item: Life Orb\n|\n|upkeep\n|turn|2\n|inactive|Time left: 300 sec this turn | 300 sec total\n|\n|t:|1783565239\n|switch|p1a: Dedenne|Dedenne, L88, M|261/261\n|move|p2a: Cobalion|Close Combat|p1a: Dedenne\n|-resisted|p1a: Dedenne\n|-damage|p1a: Dedenne|148/261\n|-unboost|p2a: Cobalion|def|1\n|-unboost|p2a: Cobalion|spd|1\n|\n|upkeep\n|turn|3\n|inactive|Time left: 300 sec this turn | 300 sec total\n|\n|t:|1783565240\n|move|p1a: Dedenne|Thunderbolt|p2a: Cobalion\n|-damage|p2a: Cobalion|22/100\n|move|p2a: Cobalion|Iron Head|p1a: Dedenne\n|-damage|p1a: Dedenne|10/261\n|-enditem|p1a: Dedenne|Sitrus Berry|[eat]\n|-heal|p1a: Dedenne|75/261|[from] item: Sitrus Berry\n|-heal|p1a: Dedenne|162/261|[from] ability: Cheek Pouch\n|\n|upkeep\n|turn|4\n|inactive|Time left: 300 sec this turn | 300 sec total\n|\n|t:|1783565241\n|switch|p2a: Snorlax|Snorlax, L82, F|100/100\n|move|p1a: Dedenne|Dazzling Gleam|p2a: Snorlax\n|-damage|p2a: Snorlax|83/100\n|\n|upkeep\n|turn|5\n|inactive|Time left: 300 sec this turn | 300 sec total\n|\n|t:|1783565242\n|move|p1a: Dedenne|Thunderbolt|p2a: Snorlax\n|-damage|p2a: Snorlax|64/100\n|move|p2a: Snorlax|Body Slam|p1a: Dedenne\n|-damage|p1a: Dedenne|32/261\n|\n|upkeep\n|turn|6\n|inactive|Time left: 300 sec this turn | 300 sec total\n|\n|t:|1783565243\n|move|p1a: Dedenne|Nuzzle|p2a: Snorlax\n|-damage|p2a: Snorlax|58/100\n|-status|p2a: Snorlax|par\n|move|p2a: Snorlax|Rest|p2a: Snorlax\n|-status|p2a: Snorlax|slp|[from] move: Rest\n|-heal|p2a: Snorlax|100/100 slp|[silent]\n|-enditem|p2a: Snorlax|Chesto Berry|[eat]\n|-curestatus|p2a: Snorlax|slp|[msg]\n|\n|upkeep\n|turn|7\n|inactive|Time left: 300 sec this turn | 300 sec total\n|\n|t:|1783565244\n|move|p1a: Dedenne|Nuzzle|p2a: Snorlax\n|-crit|p2a: Snorlax\n|-damage|p2a: Snorlax|93/100\n|-status|p2a: Snorlax|par\n|cant|p2a: Snorlax|par\n|\n|upkeep\n|turn|8\n|inactive|Time left: 300 sec this turn | 300 sec total\n|\n|t:|1783565245\n|switch|p1a: Chesnaught|Chesnaught, L84, F|285/285\n|move|p2a: Snorlax|Body Slam|p1a: Chesnaught\n|-damage|p1a: Chesnaught|215/285\n|-status|p1a: Chesnaught|par\n|\n|-heal|p1a: Chesnaught|232/285 par|[from] item: Leftovers\n|upkeep\n|turn|9\n|inactive|Time left: 300 sec this turn | 300 sec total\n|\n|t:|1783565247\n|switch|p2a: Ribombee|Ribombee, L83, M|100/100\n|move|p1a: Chesnaught|Trailblaze|p2a: Ribombee\n|-resisted|p2a: Ribombee\n|-damage|p2a: Ribombee|83/100\n|-boost|p1a: Chesnaught|spe|1\n|\n|-heal|p1a: Chesnaught|249/285 par|[from] item: Leftovers\n|upkeep\n|turn|10\n|inactive|Time left: 300 sec this turn | 300 sec total\n|\n|t:|1783565248\n|move|p2a: Ribombee|Quiver Dance|p2a: Ribombee\n|-boost|p2a: Ribombee|spa|1\n|-boost|p2a: Ribombee|spd|1\n|-boost|p2a: Ribombee|spe|1\n|cant|p1a: Chesnaught|par\n|\n|-heal|p1a: Chesnaught|266/285 par|[from] item: Leftovers\n|upkeep\n|turn|11\n|inactive|Time left: 300 sec this turn | 300 sec total\n|\n|t:|1783565249\n|switch|p1a: Charizard|Charizard, L85, M|271/271\n|move|p2a: Ribombee|Moonblast|p1a: Charizard\n|-resisted|p1a: Charizard\n|-damage|p1a: Charizard|199/271\n|\n|upkeep\n|turn|12\n|inactive|Time left: 300 sec this turn | 300 sec total\n|\n|t:|1783565250\n|move|p2a: Ribombee|Moonblast|p1a: Charizard\n|-resisted|p1a: Charizard\n|-damage|p1a: Charizard|119/271\n|move|p1a: Charizard|Flare Blitz|p2a: Ribombee\n|-supereffective|p2a: Ribombee\n|-damage|p2a: Ribombee|0 fnt\n|faint|p2a: Ribombee\n|-damage|p1a: Charizard|55/271|[from] Recoil\n|\n|upkeep\n|\n|t:|1783565251\n|switch|p2a: Munkidori|Munkidori, L79, M|100/100\n|turn|13\n|inactive|Time left: 300 sec this turn | 300 sec total\n|\n|t:|1783565252\n|move|p2a: Munkidori|Fake Out|p1a: Charizard\n|-damage|p1a: Charizard|31/271\n|cant|p1a: Charizard|flinch\n|\n|upkeep\n|turn|14\n|inactive|Time left: 300 sec this turn | 300 sec total\n|\n|t:|1783565253\n|move|p1a: Charizard|Flare Blitz|p2a: Munkidori\n|-damage|p2a: Munkidori|10/100\n|-damage|p1a: Charizard|0 fnt|[from] Recoil\n|faint|p1a: Charizard\n|move|p2a: Munkidori|Psychic Noise|p1: Charizard|[notarget]\n|-fail|p2a: Munkidori\n|\n|upkeep\n|inactive|Time left: 300 sec this turn | 300 sec total | 5 sec grace\n|\n|t:|1783565254\n|switch|p1a: Dedenne|Dedenne, L88, M|32/261\n|turn|15\n|inactive|Time left: 300 sec this turn | 300 sec total\n|\n|t:|1783565255\n|switch|p2a: Gholdengo|Gholdengo, L77|100/100\n|move|p1a: Dedenne|Thunderbolt|p2a: Gholdengo\n|-damage|p2a: Gholdengo|66/100\n|\n|-heal|p2a: Gholdengo|72/100|[from] item: Leftovers\n|upkeep\n|turn|16\n|inactive|Time left: 300 sec this turn | 300 sec total\n|\n|t:|1783565256\n|move|p1a: Dedenne|Nuzzle|p2a: Gholdengo\n|-damage|p2a: Gholdengo|66/100\n|-status|p2a: Gholdengo|par\n|move|p2a: Gholdengo|Nasty Plot|p2a: Gholdengo\n|-boost|p2a: Gholdengo|spa|2\n|\n|-heal|p2a: Gholdengo|72/100 par|[from] item: Leftovers\n|upkeep\n|turn|17\n|inactive|Time left: 300 sec this turn | 300 sec total\n|\n|t:|1783565257\n|move|p1a: Dedenne|Thunderbolt|p2a: Gholdengo\n|-damage|p2a: Gholdengo|33/100 par\n|move|p2a: Gholdengo|Shadow Ball|p1a: Dedenne\n|-crit|p1a: Dedenne\n|-damage|p1a: Dedenne|0 fnt\n|faint|p1a: Dedenne\n|\n|-heal|p2a: Gholdengo|39/100 par|[from] item: Leftovers\n|upkeep\n|inactive|Time left: 300 sec this turn | 300 sec total | 5 sec grace\n|\n|t:|1783565258\n|switch|p1a: Shiftry|Shiftry, L89, F|275/305\n|turn|18\n|inactive|Time left: 300 sec this turn | 300 sec total\n|\n|t:|1783565259\n|switch|p2a: Cobalion|Cobalion, L80|22/100\n|move|p1a: Shiftry|Knock Off|p2a: Cobalion\n|-resisted|p2a: Cobalion\n|-damage|p2a: Cobalion|6/100\n|-ability|p2a: Cobalion|Justified|boost\n|-boost|p2a: Cobalion|atk|1\n|-damage|p1a: Shiftry|245/305|[from] item: Life Orb\n|\n|upkeep\n|turn|19\n|inactive|Time left: 300 sec this turn | 300 sec total\n|\n|t:|1783565260\n|switch|p1a: Chesnaught|Chesnaught, L84, F|266/285 par\n|move|p2a: Cobalion|Close Combat|p1a: Chesnaught\n|-damage|p1a: Chesnaught|127/285 par\n|-unboost|p2a: Cobalion|def|1\n|-unboost|p2a: Cobalion|spd|1\n|\n|-heal|p1a: Chesnaught|144/285 par|[from] item: Leftovers\n|upkeep\n|turn|20\n|inactive|Time left: 300 sec this turn | 300 sec total\n|\n|t:|1783565261\n|move|p2a: Cobalion|Close Combat|p1a: Chesnaught\n|-damage|p1a: Chesnaught|23/285 par\n|-unboost|p2a: Cobalion|def|1\n|-unboost|p2a: Cobalion|spd|1\n|move|p1a: Chesnaught|Synthesis|p1a: Chesnaught\n|-heal|p1a: Chesnaught|165/285 par\n|\n|-heal|p1a: Chesnaught|182/285 par|[from] item: Leftovers\n|upkeep\n|turn|21\n|inactive|Time left: 300 sec this turn | 300 sec total\n|\n|t:|1783565262\n|move|p2a: Cobalion|Close Combat|p1a: Chesnaught\n|-damage|p1a: Chesnaught|46/285 par\n|-unboost|p2a: Cobalion|def|1\n|-unboost|p2a: Cobalion|spd|1\n|cant|p1a: Chesnaught|par\n|\n|-heal|p1a: Chesnaught|63/285 par|[from] item: Leftovers\n|upkeep\n|turn|22\n|inactive|Time left: 300 sec this turn | 300 sec total\n|\n|t:|1783565263\n|move|p2a: Cobalion|Close Combat|p1a: Chesnaught\n|-damage|p1a: Chesnaught|0 fnt\n|-unboost|p2a: Cobalion|def|1\n|-unboost|p2a: Cobalion|spd|1\n|faint|p1a: Chesnaught\n|\n|upkeep\n|inactive|Time left: 300 sec this turn | 300 sec total | 5 sec grace\n|\n|t:|1783565264\n|switch|p1a: Oinkologne|Oinkologne-F, L92, F|361/361\n|turn|23\n|inactive|Time left: 300 sec this turn | 300 sec total\n|\n|t:|1783565265\n|move|p2a: Cobalion|Close Combat|p1a: Oinkologne\n|-supereffective|p1a: Oinkologne\n|-crit|p1a: Oinkologne\n|-damage|p1a: Oinkologne|0 fnt\n|-unboost|p2a: Cobalion|def|1\n|-unboost|p2a: Cobalion|spd|1\n|faint|p1a: Oinkologne\n|\n|upkeep\n|inactive|Time left: 300 sec this turn | 300 sec total | 5 sec grace\n|\n|t:|1783565265\n|switch|p1a: Dialga|Dialga-Origin, L73|266/266\n|-ability|p1a: Dialga|Pressure\n|turn|24\n|inactive|Time left: 300 sec this turn | 300 sec total\n|\n|t:|1783565266\n|-terastallize|p1a: Dialga|Dragon\n|move|p2a: Cobalion|Close Combat|p1a: Dialga\n|-damage|p1a: Dialga|104/266\n|-unboost|p2a: Cobalion|def|1\n|-unboost|p2a: Cobalion|spd|1\n|move|p1a: Dialga|Stealth Rock|p2a: Cobalion\n|-sidestart|p2: p0y2179acea|move: Stealth Rock\n|\n|upkeep\n|turn|25\n|inactive|Time left: 300 sec this turn | 300 sec total\n|\n|t:|1783565267\n|move|p2a: Cobalion|Iron Head|p1a: Dialga\n|-damage|p1a: Dialga|0 fnt\n|faint|p1a: Dialga\n|\n|upkeep\n|inactive|Time left: 300 sec this turn | 300 sec total | 5 sec grace\n|\n|t:|1783565268\n|switch|p1a: Shiftry|Shiftry, L89, F|245/305\n|turn|26\n|inactive|Time left: 300 sec this turn | 300 sec total\n|\n|t:|1783565269\n|switch|p2a: Flamigo|Flamigo, L82, M|100/100\n|-damage|p2a: Flamigo|88/100|[from] Stealth Rock\n|move|p1a: Shiftry|Tailwind|p1a: Shiftry\n|-sidestart|p1: p0x217957ec|move: Tailwind\n|-ability|p1a: Shiftry|Wind Rider|boost\n|-boost|p1a: Shiftry|atk|1\n|\n|upkeep\n|turn|27\n|inactive|Time left: 300 sec this turn | 300 sec total\n|\n|t:|1783565270\n|move|p1a: Shiftry|Leaf Blade|p2a: Flamigo\n|-resisted|p2a: Flamigo\n|-damage|p2a: Flamigo|43/100\n|-damage|p1a: Shiftry|215/305|[from] item: Life Orb\n|move|p2a: Flamigo|Close Combat|p1a: Shiftry\n|-supereffective|p1a: Shiftry\n|-damage|p1a: Shiftry|0 fnt\n|-unboost|p2a: Flamigo|def|1\n|-unboost|p2a: Flamigo|spd|1\n|faint|p1a: Shiftry\n|-damage|p2a: Flamigo|33/100|[from] item: Life Orb\n|\n|win|p0y2179acea", "uploadtime": 1783565270, "views": 0, "rating": 0, "private": 0, "password": null, "_winner": "p0y2179acea", "_our_name": "p0x217957ec"}