{"id": "battle-gen9randombattle-2184", "formatid": "gen9randombattle", "format": "[Gen 9] Random Battle", "players": ["p0x21844878", "p0y218485bb"], "log": "|init|battle\n|title|p0x21844878 vs. p0y218485bb\n|j|\u2606p0x21844878\n|j|\u2606p0y218485bb\n|t:|1783565319\n|gametype|singles\n|player|p1|p0x21844878|169|\n|player|p2|p0y218485bb|169|\n|gen|9\n|tier|[Gen 9] Random Battle\n|rule|Species Clause: Limit one of each Pok\u00e9mon\n|rule|HP Percentage Mod: HP is shown in percentages\n|rule|Sleep Clause Mod: Limit one foe put to sleep\n|rule|Illusion Level Mod: Illusion disguises the Pok\u00e9mon's true level\n|\n|t:|1783565319\n|teamsize|p1|6\n|teamsize|p2|6\n|start\n|switch|p1a: Mew|Mew, L82|298/298\n|switch|p2a: Goodra|Goodra, L85, M|100/100\n|turn|1\n|inactive|Battle timer is ON: inactive players will automatically lose when time's up. (requested by p0x21844878)\n|inactive|p0y218485bb also wants the timer to be on.\n|\n|t:|1783565320\n|move|p1a: Mew|Knock Off|p2a: Goodra\n|-damage|p2a: Goodra|74/100\n|-enditem|p2a: Goodra|Assault Vest|[from] move: Knock Off|[of] p1a: Mew\n|move|p2a: Goodra|Knock Off|p1a: Mew\n|-supereffective|p1a: Mew\n|-damage|p1a: Mew|170/298\n|-enditem|p1a: Mew|Leftovers|[from] move: Knock Off|[of] p2a: Goodra\n|\n|upkeep\n|turn|2\n|inactive|Time left: 300 sec this turn | 300 sec total\n|\n|t:|1783565322\n|switch|p1a: Zacian|Zacian, L69|241/241\n|-ability|p1a: Zacian|Intrepid Sword|boost\n|-boost|p1a: Zacian|atk|1\n|move|p2a: Goodra|Knock Off|p1a: Zacian\n|-resisted|p1a: Zacian\n|-damage|p1a: Zacian|208/241\n|-enditem|p1a: Zacian|Choice Band|[from] move: Knock Off|[of] p2a: Goodra\n|\n|upkeep\n|turn|3\n|inactive|Time left: 300 sec this turn | 300 sec total\n|\n|t:|1783565322\n|-terastallize|p2a: Goodra|Poison\n|move|p1a: Zacian|Play Rough|p2a: Goodra\n|-resisted|p2a: Goodra\n|-damage|p2a: Goodra|49/100\n|move|p2a: Goodra|Sludge Bomb|p1a: Zacian\n|-supereffective|p1a: Zacian\n|-damage|p1a: Zacian|0 fnt\n|faint|p1a: Zacian\n|\n|upkeep\n|inactive|Time left: 300 sec this turn | 300 sec total | 5 sec grace\n|\n|t:|1783565323\n|switch|p1a: Clodsire|Clodsire, L81, M|343/343\n|turn|4\n|inactive|Time left: 300 sec this turn | 300 sec total\n|\n|t:|1783565325\n|move|p2a: Goodra|Knock Off|p1a: Clodsire\n|-damage|p1a: Clodsire|240/343\n|-enditem|p1a: Clodsire|Leftovers|[from] move: Knock Off|[of] p2a: Goodra\n|move|p1a: Clodsire|Stealth Rock|p2a: Goodra\n|-sidestart|p2: p0y218485bb|move: Stealth Rock\n|\n|upkeep\n|turn|5\n|inactive|Time left: 300 sec this turn | 300 sec total\n|\n|t:|1783565326\n|switch|p2a: Vespiquen|Vespiquen, L99, F|100/100\n|-ability|p2a: Vespiquen|Pressure\n|move|p1a: Clodsire|Earthquake|p2a: Vespiquen\n|-immune|p2a: Vespiquen\n|\n|upkeep\n|turn|6\n|inactive|Time left: 300 sec this turn | 300 sec total\n|\n|t:|1783565327\n|move|p2a: Vespiquen|Spikes|p1a: Clodsire\n|-sidestart|p1: p0x21844878|Spikes\n|move|p1a: Clodsire|Gunk Shot|p2a: Vespiquen\n|-damage|p2a: Vespiquen|77/100\n|\n|upkeep\n|turn|7\n|inactive|Time left: 300 sec this turn | 300 sec total\n|\n|t:|1783565328\n|move|p2a: Vespiquen|Toxic Spikes|p1a: Clodsire\n|-sidestart|p1: p0x21844878|move: Toxic Spikes\n|move|p1a: Clodsire|Recover|p1a: Clodsire\n|-heal|p1a: Clodsire|343/343\n|\n|upkeep\n|turn|8\n|inactive|Time left: 300 sec this turn | 300 sec total\n|\n|t:|1783565329\n|switch|p1a: Beartic|Beartic, L91, F|321/321\n|move|p2a: Vespiquen|Spikes|p1a: Beartic\n|-sidestart|p1: p0x21844878|Spikes\n|\n|upkeep\n|turn|9\n|inactive|Time left: 300 sec this turn | 300 sec total\n|\n|t:|1783565330\n|switch|p2a: Tinkaton|Tinkaton, L82, F|100/100\n|-damage|p2a: Tinkaton|94/100|[from] Stealth Rock\n|-ability|p2a: Tinkaton|Mold Breaker\n|move|p1a: Beartic|Icicle Crash|p2a: Tinkaton\n|-resisted|p2a: Tinkaton\n|-damage|p2a: Tinkaton|65/100\n|\n|-heal|p2a: Tinkaton|71/100|[from] item: Leftovers\n|upkeep\n|turn|10\n|inactive|Time left: 300 sec this turn | 300 sec total\n|\n|t:|1783565331\n|move|p2a: Tinkaton|Gigaton Hammer|p1a: Beartic\n|-supereffective|p1a: Beartic\n|-damage|p1a: Beartic|75/321\n|move|p1a: Beartic|Swords Dance|p1a: Beartic\n|-boost|p1a: Beartic|atk|2\n|\n|-heal|p2a: Tinkaton|77/100|[from] item: Leftovers\n|upkeep\n|turn|11\n|inactive|Time left: 300 sec this turn | 300 sec total\n|\n|t:|1783565332\n|move|p2a: Tinkaton|Protect|p2a: Tinkaton\n|-singleturn|p2a: Tinkaton|Protect\n|move|p1a: Beartic|Close Combat|p2a: Tinkaton\n|-activate|p2a: Tinkaton|move: Protect\n|\n|-heal|p2a: Tinkaton|83/100|[from] item: Leftovers\n|upkeep\n|turn|12\n|inactive|Time left: 300 sec this turn | 300 sec total\n|\n|t:|1783565333\n|move|p1a: Beartic|Aqua Jet|p2a: Tinkaton\n|-damage|p2a: Tinkaton|51/100\n|move|p2a: Tinkaton|Gigaton Hammer|p1a: Beartic\n|-supereffective|p1a: Beartic\n|-damage|p1a: Beartic|0 fnt\n|faint|p1a: Beartic\n|\n|-heal|p2a: Tinkaton|57/100|[from] item: Leftovers\n|upkeep\n|inactive|Time left: 300 sec this turn | 300 sec total | 5 sec grace\n|\n|t:|1783565334\n|switch|p1a: Clodsire|Clodsire, L81, M|343/343\n|-damage|p1a: Clodsire|286/343|[from] Spikes\n|-sideend|p1: p0x21844878|move: Toxic Spikes|[of] p1a: Clodsire\n|turn|13\n|inactive|Time left: 300 sec this turn | 300 sec total\n|\n|t:|1783565335\n|move|p2a: Tinkaton|Protect|p2a: Tinkaton\n|-singleturn|p2a: Tinkaton|Protect\n|move|p1a: Clodsire|Earthquake|p2a: Tinkaton\n|-activate|p2a: Tinkaton|move: Protect\n|\n|-heal|p2a: Tinkaton|63/100|[from] item: Leftovers\n|upkeep\n|turn|14\n|inactive|Time left: 300 sec this turn | 300 sec total\n|\n|t:|1783565336\n|switch|p2a: Vespiquen|Vespiquen, L99, F|77/100\n|-ability|p2a: Vespiquen|Pressure\n|move|p1a: Clodsire|Earthquake|p2a: Vespiquen\n|-immune|p2a: Vespiquen\n|\n|upkeep\n|turn|15\n|inactive|Time left: 300 sec this turn | 300 sec total\n|\n|t:|1783565337\n|move|p2a: Vespiquen|Spikes|p1a: Clodsire\n|-sidestart|p1: p0x21844878|Spikes\n|move|p1a: Clodsire|Gunk Shot|p2a: Vespiquen\n|-damage|p2a: Vespiquen|54/100\n|-status|p2a: Vespiquen|psn\n|\n|-damage|p2a: Vespiquen|42/100 psn|[from] psn\n|upkeep\n|turn|16\n|inactive|Time left: 300 sec this turn | 300 sec total\n|\n|t:|1783565339\n|move|p2a: Vespiquen|Roost|p2a: Vespiquen\n|-heal|p2a: Vespiquen|92/100 psn\n|-singleturn|p2a: Vespiquen|move: Roost\n|move|p1a: Clodsire|Gunk Shot|p2a: Vespiquen\n|-damage|p2a: Vespiquen|66/100 psn\n|\n|-damage|p2a: Vespiquen|53/100 psn|[from] psn\n|upkeep\n|turn|17\n|inactive|Time left: 300 sec this turn | 300 sec total\n|\n|t:|1783565340\n|move|p2a: Vespiquen|Roost|p2a: Vespiquen\n|-heal|p2a: Vespiquen|100/100 psn\n|-singleturn|p2a: Vespiquen|move: Roost\n|move|p1a: Clodsire|Recover|p1a: Clodsire\n|-heal|p1a: Clodsire|343/343\n|\n|-damage|p2a: Vespiquen|88/100 psn|[from] psn\n|upkeep\n|turn|18\n|inactive|Time left: 300 sec this turn | 300 sec total\n|\n|t:|1783565341\n|move|p2a: Vespiquen|Air Slash|p1a: Clodsire\n|-damage|p1a: Clodsire|256/343\n|move|p1a: Clodsire|Earthquake|p2a: Vespiquen\n|-immune|p2a: Vespiquen\n|\n|-damage|p2a: Vespiquen|76/100 psn|[from] psn\n|upkeep\n|turn|19\n|inactive|Time left: 300 sec this turn | 300 sec total\n|\n|t:|1783565342\n|move|p2a: Vespiquen|Air Slash|p1a: Clodsire\n|-damage|p1a: Clodsire|171/343\n|cant|p1a: Clodsire|flinch\n|\n|-damage|p2a: Vespiquen|63/100 psn|[from] psn\n|upkeep\n|turn|20\n|inactive|Time left: 300 sec this turn | 300 sec total\n|\n|t:|1783565343\n|move|p2a: Vespiquen|Roost|p2a: Vespiquen\n|-heal|p2a: Vespiquen|100/100 psn\n|-singleturn|p2a: Vespiquen|move: Roost\n|move|p1a: Clodsire|Recover|p1a: Clodsire\n|-heal|p1a: Clodsire|343/343\n|\n|-damage|p2a: Vespiquen|88/100 psn|[from] psn\n|upkeep\n|turn|21\n|inactive|Time left: 300 sec this turn | 300 sec total\n|\n|t:|1783565344\n|move|p2a: Vespiquen|Toxic Spikes|p1a: Clodsire\n|-sidestart|p1: p0x21844878|move: Toxic Spikes\n|move|p1a: Clodsire|Gunk Shot|p2a: Vespiquen\n|-damage|p2a: Vespiquen|62/100 psn\n|\n|-damage|p2a: Vespiquen|49/100 psn|[from] psn\n|upkeep\n|turn|22\n|inactive|Time left: 300 sec this turn | 300 sec total\n|\n|t:|1783565345\n|move|p2a: Vespiquen|Roost|p2a: Vespiquen\n|-heal|p2a: Vespiquen|99/100 psn\n|-singleturn|p2a: Vespiquen|move: Roost\n|move|p1a: Clodsire|Earthquake|p2a: Vespiquen\n|-resisted|p2a: Vespiquen\n|-damage|p2a: Vespiquen|89/100 psn\n|\n|-damage|p2a: Vespiquen|77/100 psn|[from] psn\n|upkeep\n|turn|23\n|inactive|Time left: 300 sec this turn | 300 sec total\n|\n|t:|1783565346\n|move|p2a: Vespiquen|Toxic Spikes|p1a: Clodsire\n|-sidestart|p1: p0x21844878|move: Toxic Spikes\n|move|p1a: Clodsire|Earthquake|p2a: Vespiquen\n|-immune|p2a: Vespiquen\n|\n|-damage|p2a: Vespiquen|65/100 psn|[from] psn\n|upkeep\n|turn|24\n|inactive|Time left: 300 sec this turn | 300 sec total\n|\n|t:|1783565348\n|move|p2a: Vespiquen|Roost|p2a: Vespiquen\n|-heal|p2a: Vespiquen|100/100 psn\n|-singleturn|p2a: Vespiquen|move: Roost\n|move|p1a: Clodsire|Earthquake|p2a: Vespiquen\n|-resisted|p2a: Vespiquen\n|-damage|p2a: Vespiquen|90/100 psn\n|\n|-damage|p2a: Vespiquen|78/100 psn|[from] psn\n|upkeep\n|turn|25\n|inactive|Time left: 300 sec this turn | 300 sec total\n|\n|t:|1783565349\n|move|p2a: Vespiquen|Air Slash|p1a: Clodsire\n|-damage|p1a: Clodsire|258/343\n|move|p1a: Clodsire|Earthquake|p2a: Vespiquen\n|-immune|p2a: Vespiquen\n|\n|-damage|p2a: Vespiquen|66/100 psn|[from] psn\n|upkeep\n|turn|26\n|inactive|Time left: 300 sec this turn | 300 sec total\n|\n|t:|1783565350\n|move|p2a: Vespiquen|Roost|p2a: Vespiquen\n|-heal|p2a: Vespiquen|100/100 psn\n|-singleturn|p2a: Vespiquen|move: Roost\n|move|p1a: Clodsire|Recover|p1a: Clodsire\n|-heal|p1a: Clodsire|343/343\n|\n|-damage|p2a: Vespiquen|88/100 psn|[from] psn\n|upkeep\n|turn|27\n|inactive|Time left: 300 sec this turn | 300 sec total\n|\n|t:|1783565351\n|move|p2a: Vespiquen|Air Slash|p1a: Clodsire\n|-damage|p1a: Clodsire|256/343\n|cant|p1a: Clodsire|flinch\n|\n|-damage|p2a: Vespiquen|76/100 psn|[from] psn\n|upkeep\n|turn|28\n|inactive|Time left: 300 sec this turn | 300 sec total\n|\n|t:|1783565352\n|move|p2a: Vespiquen|Air Slash|p1a: Clodsire\n|-damage|p1a: Clodsire|174/343\n|move|p1a: Clodsire|Recover|p1a: Clodsire\n|-heal|p1a: Clodsire|343/343\n|\n|-damage|p2a: Vespiquen|63/100 psn|[from] psn\n|upkeep\n|turn|29\n|inactive|Time left: 300 sec this turn | 300 sec total\n|\n|t:|1783565353\n|move|p2a: Vespiquen|Roost|p2a: Vespiquen\n|-heal|p2a: Vespiquen|100/100 psn\n|-singleturn|p2a: Vespiquen|move: Roost\n|move|p1a: Clodsire|Recover||[still]\n|-fail|p1a: Clodsire|heal\n|\n|-damage|p2a: Vespiquen|88/100 psn|[from] psn\n|upkeep\n|turn|30\n|inactive|Time left: 300 sec this turn | 300 sec total\n|\n|t:|1783565354\n|move|p2a: Vespiquen|Air Slash|p1a: Clodsire\n|-damage|p1a: Clodsire|256/343\n|cant|p1a: Clodsire|flinch\n|\n|-damage|p2a: Vespiquen|76/100 psn|[from] psn\n|upkeep\n|turn|31\n|inactive|Time left: 300 sec this turn | 300 sec total\n|\n|t:|1783565355\n|move|p2a: Vespiquen|Air Slash|p1a: Clodsire\n|-damage|p1a: Clodsire|160/343\n|cant|p1a: Clodsire|flinch\n|\n|-damage|p2a: Vespiquen|63/100 psn|[from] psn\n|upkeep\n|turn|32\n|inactive|Time left: 300 sec this turn | 300 sec total\n|\n|t:|1783565356\n|move|p2a: Vespiquen|Air Slash|p1a: Clodsire\n|-damage|p1a: Clodsire|69/343\n|cant|p1a: Clodsire|flinch\n|\n|-damage|p2a: Vespiquen|51/100 psn|[from] psn\n|upkeep\n|turn|33\n|inactive|Time left: 300 sec this turn | 300 sec total\n|\n|t:|1783565357\n|move|p2a: Vespiquen|Roost|p2a: Vespiquen\n|-heal|p2a: Vespiquen|100/100 psn\n|-singleturn|p2a: Vespiquen|move: Roost\n|move|p1a: Clodsire|Recover|p1a: Clodsire\n|-heal|p1a: Clodsire|241/343\n|\n|-damage|p2a: Vespiquen|88/100 psn|[from] psn\n|upkeep\n|turn|34\n|inactive|Time left: 300 sec this turn | 300 sec total\n|\n|t:|1783565358\n|move|p2a: Vespiquen|Air Slash|p1a: Clodsire\n|-damage|p1a: Clodsire|157/343\n|move|p1a: Clodsire|Recover|p1a: Clodsire\n|-heal|p1a: Clodsire|329/343\n|\n|-damage|p2a: Vespiquen|76/100 psn|[from] psn\n|upkeep\n|turn|35\n|inactive|Time left: 300 sec this turn | 300 sec total\n|\n|t:|1783565359\n|switch|p1a: Toedscruel|Toedscruel, L87, M|281/281\n|-damage|p1a: Toedscruel|211/281|[from] Spikes\n|-status|p1a: Toedscruel|tox\n|move|p2a: Vespiquen|Air Slash|p1a: Toedscruel|[miss]\n|-miss|p2a: Vespiquen|p1a: Toedscruel\n|\n|-heal|p1a: Toedscruel|228/281 tox|[from] item: Leftovers\n|-damage|p1a: Toedscruel|211/281 tox|[from] psn\n|-damage|p2a: Vespiquen|63/100 psn|[from] psn\n|upkeep\n|turn|36\n|inactive|Time left: 300 sec this turn | 300 sec total\n|\n|t:|1783565360\n|move|p1a: Toedscruel|Rapid Spin|p2a: Vespiquen\n|-damage|p2a: Vespiquen|55/100 psn\n|-boost|p1a: Toedscruel|spe|1\n|-sideend|p1: p0x21844878|Spikes|[from] move: Rapid Spin|[of] p1a: Toedscruel\n|-sideend|p1: p0x21844878|Toxic Spikes|[from] move: Rapid Spin|[of] p1a: Toedscruel\n|move|p2a: Vespiquen|Air Slash|p1a: Toedscruel\n|-supereffective|p1a: Toedscruel\n|-damage|p1a: Toedscruel|65/281 tox\n|\n|-heal|p1a: Toedscruel|82/281 tox|[from] item: Leftovers\n|-damage|p1a: Toedscruel|48/281 tox|[from] psn\n|-damage|p2a: Vespiquen|43/100 psn|[from] psn\n|upkeep\n|turn|37\n|inactive|Time left: 300 sec this turn | 300 sec total\n|\n|t:|1783565361\n|switch|p1a: Zamazenta|Zamazenta, L71|248/248\n|-ability|p1a: Zamazenta|Dauntless Shield|boost\n|-boost|p1a: Zamazenta|def|1\n|move|p2a: Vespiquen|Spikes|p1a: Zamazenta\n|-sidestart|p1: p0x21844878|Spikes\n|\n|-damage|p2a: Vespiquen|30/100 psn|[from] psn\n|upkeep\n|turn|38\n|inactive|Time left: 300 sec this turn | 300 sec total\n|\n|t:|1783565362\n|move|p1a: Zamazenta|Iron Head|p2a: Vespiquen\n|-damage|p2a: Vespiquen|18/100 psn\n|move|p2a: Vespiquen|Air Slash|p1a: Zamazenta\n|-supereffective|p1a: Zamazenta\n|-damage|p1a: Zamazenta|78/248\n|\n|-heal|p1a: Zamazenta|93/248|[from] item: Leftovers\n|-damage|p2a: Vespiquen|6/100 psn|[from] psn\n|upkeep\n|turn|39\n|inactive|Time left: 300 sec this turn | 300 sec total\n|\n|t:|1783565363\n|move|p1a: Zamazenta|Body Press|p2a: Vespiquen\n|-resisted|p2a: Vespiquen\n|-damage|p2a: Vespiquen|0 fnt\n|faint|p2a: Vespiquen\n|\n|-heal|p1a: Zamazenta|108/248|[from] item: Leftovers\n|upkeep\n|\n|t:|1783565364\n|switch|p2a: Goodra|Goodra, L85, M, tera:Poison|49/100\n|-damage|p2a: Goodra|36/100|[from] Stealth Rock\n|turn|40\n|inactive|Time left: 300 sec this turn | 300 sec total\n|\n|t:|1783565365\n|move|p1a: Zamazenta|Iron Head|p2a: Goodra\n|-damage|p2a: Goodra|18/100\n|move|p2a: Goodra|Draco Meteor|p1a: Zamazenta\n|-damage|p1a: Zamazenta|0 fnt\n|-unboost|p2a: Goodra|spa|2\n|faint|p1a: Zamazenta\n|\n|upkeep\n|inactive|Time left: 300 sec this turn | 300 sec total | 5 sec grace\n|\n|t:|1783565366\n|switch|p1a: Toedscruel|Toedscruel, L87, M|48/281 tox\n|-damage|p1a: Toedscruel|13/281 tox|[from] Spikes\n|turn|41\n|inactive|Time left: 300 sec this turn | 300 sec total\n|\n|t:|1783565367\n|move|p1a: Toedscruel|Rapid Spin|p2a: Goodra\n|-damage|p2a: Goodra|5/100\n|-boost|p1a: Toedscruel|spe|1\n|-sideend|p1: p0x21844878|Spikes|[from] move: Rapid Spin|[of] p1a: Toedscruel\n|move|p2a: Goodra|Knock Off|p1a: Toedscruel\n|-damage|p1a: Toedscruel|0 fnt\n|-enditem|p1a: Toedscruel|Leftovers|[from] move: Knock Off|[of] p2a: Goodra\n|faint|p1a: Toedscruel\n|\n|upkeep\n|inactive|Time left: 300 sec this turn | 300 sec total | 5 sec grace\n|\n|t:|1783565368\n|switch|p1a: Mew|Mew, L82|170/298\n|turn|42\n|inactive|Time left: 300 sec this turn | 300 sec total\n|\n|t:|1783565369\n|switch|p2a: Tinkaton|Tinkaton, L82, F|63/100\n|-damage|p2a: Tinkaton|57/100|[from] Stealth Rock\n|-ability|p2a: Tinkaton|Mold Breaker\n|move|p1a: Mew|Knock Off|p2a: Tinkaton\n|-resisted|p2a: Tinkaton\n|-damage|p2a: Tinkaton|44/100\n|-enditem|p2a: Tinkaton|Leftovers|[from] move: Knock Off|[of] p1a: Mew\n|\n|upkeep\n|turn|43\n|inactive|Time left: 300 sec this turn | 300 sec total\n|\n|t:|1783565370\n|move|p1a: Mew|U-turn|p2a: Tinkaton\n|-resisted|p2a: Tinkaton\n|-damage|p2a: Tinkaton|39/100\n|inactive|Time left: 300 sec this turn | 300 sec total | 5 sec grace\n|\n|t:|1783565371\n|switch|p1a: Clodsire|Clodsire, L81, M|329/343|[from] U-turn\n|move|p2a: Tinkaton|Swords Dance|p2a: Tinkaton\n|-boost|p2a: Tinkaton|atk|2\n|\n|upkeep\n|turn|44\n|inactive|Time left: 300 sec this turn | 300 sec total\n|\n|t:|1783565372\n|-terastallize|p1a: Clodsire|Steel\n|move|p2a: Tinkaton|Gigaton Hammer|p1a: Clodsire\n|-resisted|p1a: Clodsire\n|-damage|p1a: Clodsire|148/343\n|move|p1a: Clodsire|Earthquake|p2a: Tinkaton\n|-supereffective|p2a: Tinkaton\n|-damage|p2a: Tinkaton|0 fnt\n|faint|p2a: Tinkaton\n|\n|upkeep\n|\n|t:|1783565373\n|switch|p2a: Morpeko|Morpeko, L88, F|100/100\n|-damage|p2a: Morpeko|88/100|[from] Stealth Rock\n|turn|45\n|inactive|Time left: 300 sec this turn | 300 sec total\n|\n|t:|1783565374\n|switch|p1a: Mew|Mew, L82|170/298\n|move|p2a: Morpeko|Aura Wheel|p1a: Mew\n|-damage|p1a: Mew|47/298\n|-boost|p2a: Morpeko|spe|1\n|\n|-heal|p2a: Morpeko|94/100|[from] item: Leftovers\n|-formechange|p2a: Morpeko|Morpeko-Hangry||[from] ability: Hunger Switch\n|upkeep\n|turn|46\n|inactive|Time left: 300 sec this turn | 300 sec total\n|\n|t:|1783565376\n|move|p2a: Morpeko|Aura Wheel|p1a: Mew\n|-supereffective|p1a: Mew\n|-damage|p1a: Mew|0 fnt\n|-boost|p2a: Morpeko|spe|1\n|faint|p1a: Mew\n|\n|-heal|p2a: Morpeko|100/100|[from] item: Leftovers\n|-formechange|p2a: Morpeko|Morpeko||[from] ability: Hunger Switch\n|upkeep\n|inactive|Time left: 300 sec this turn | 300 sec total | 5 sec grace\n|\n|t:|1783565377\n|switch|p1a: Clodsire|Clodsire, L81, M, tera:Steel|148/343\n|turn|47\n|inactive|Time left: 300 sec this turn | 300 sec total\n|\n|t:|1783565377\n|move|p2a: Morpeko|Aura Wheel|p1a: Clodsire\n|-damage|p1a: Clodsire|0 fnt\n|-boost|p2a: Morpeko|spe|1\n|faint|p1a: Clodsire\n|\n|win|p0y218485bb", "uploadtime": 1783565378, "views": 0, "rating": 0, "private": 0, "password": null, "_winner": "p0y218485bb", "_our_name": "p0x21844878"}