{"id": "battle-gen9randombattle-2232", "formatid": "gen9randombattle", "format": "[Gen 9] Random Battle", "players": ["p0x22326cc0", "p0y22324ce4"], "log": "|init|battle\n|title|p0x22326cc0 vs. p0y22324ce4\n|j|\u2606p0x22326cc0\n|j|\u2606p0y22324ce4\n|t:|1783564931\n|gametype|singles\n|player|p1|p0x22326cc0|170|\n|player|p2|p0y22324ce4|101|\n|gen|9\n|tier|[Gen 9] Random Battle\n|rule|Species Clause: Limit one of each Pok\u00e9mon\n|rule|HP Percentage Mod: HP is shown in percentages\n|rule|Sleep Clause Mod: Limit one foe put to sleep\n|rule|Illusion Level Mod: Illusion disguises the Pok\u00e9mon's true level\n|\n|t:|1783564931\n|teamsize|p1|6\n|teamsize|p2|6\n|start\n|switch|p1a: Hydrapple|Hydrapple, L83, M|100/100\n|switch|p2a: Oinkologne|Oinkologne-F, L92, F|361/361\n|turn|1\n|inactive|Battle timer is ON: inactive players will automatically lose when time's up. (requested by p0x22326cc0)\n|inactive|Time left: 300 sec this turn | 300 sec total | 60 sec grace\n|inactive|p0y22324ce4 also wants the timer to be on.\n|\n|t:|1783564933\n|move|p2a: Oinkologne|Body Slam|p1a: Hydrapple\n|-damage|p1a: Hydrapple|72/100\n|move|p1a: Hydrapple|Nasty Plot|p1a: Hydrapple\n|-boost|p1a: Hydrapple|spa|2\n|\n|upkeep\n|turn|2\n|inactive|Time left: 300 sec this turn | 300 sec total\n|\n|t:|1783564934\n|move|p2a: Oinkologne|Body Slam|p1a: Hydrapple\n|-damage|p1a: Hydrapple|44/100\n|move|p1a: Hydrapple|Giga Drain|p2a: Oinkologne\n|-damage|p2a: Oinkologne|154/361\n|-heal|p1a: Hydrapple|78/100|[from] drain|[of] p2a: Oinkologne\n|-damage|p1a: Hydrapple|68/100|[from] item: Life Orb\n|\n|-heal|p2a: Oinkologne|176/361|[from] item: Leftovers\n|upkeep\n|turn|3\n|inactive|Time left: 300 sec this turn | 300 sec total\n|\n|t:|1783564935\n|switch|p2a: Regice|Regice, L88|284/284\n|move|p1a: Hydrapple|Giga Drain|p2a: Regice\n|-crit|p2a: Regice\n|-damage|p2a: Regice|93/284\n|-heal|p1a: Hydrapple|99/100|[from] drain|[of] p2a: Regice\n|-damage|p1a: Hydrapple|89/100|[from] item: Life Orb\n|\n|upkeep\n|turn|4\n|inactive|Time left: 300 sec this turn | 300 sec total\n|\n|t:|1783564936\n|-terastallize|p1a: Hydrapple|Steel\n|move|p2a: Regice|Ice Beam|p1a: Hydrapple\n|-resisted|p1a: Hydrapple\n|-damage|p1a: Hydrapple|68/100\n|move|p1a: Hydrapple|Giga Drain|p2a: Regice\n|-damage|p2a: Regice|0 fnt\n|-heal|p1a: Hydrapple|84/100|[from] drain|[of] p2a: Regice\n|faint|p2a: Regice\n|-damage|p1a: Hydrapple|74/100|[from] item: Life Orb\n|\n|upkeep\n|inactive|Time left: 300 sec this turn | 300 sec total | 5 sec grace\n|\n|t:|1783564937\n|switch|p2a: Dudunsparce|Dudunsparce, L83, M|343/343\n|turn|5\n|inactive|Time left: 300 sec this turn | 300 sec total\n|\n|t:|1783564938\n|move|p2a: Dudunsparce|Glare|p1a: Hydrapple\n|-status|p1a: Hydrapple|par\n|cant|p1a: Hydrapple|par\n|\n|upkeep\n|turn|6\n|inactive|Time left: 300 sec this turn | 300 sec total\n|\n|t:|1783564939\n|move|p2a: Dudunsparce|Earthquake|p1a: Hydrapple\n|-supereffective|p1a: Hydrapple\n|-damage|p1a: Hydrapple|33/100 par\n|cant|p1a: Hydrapple|par\n|\n|upkeep\n|turn|7\n|inactive|Time left: 300 sec this turn | 300 sec total\n|\n|t:|1783564940\n|switch|p1a: Iron Jugulis|Iron Jugulis, L77|100/100\n|move|p2a: Dudunsparce|Earthquake|p1a: Iron Jugulis\n|-immune|p1a: Iron Jugulis\n|\n|upkeep\n|turn|8\n|inactive|Time left: 300 sec this turn | 300 sec total\n|\n|t:|1783564942\n|move|p1a: Iron Jugulis|Meteor Beam||[still]\n|-prepare|p1a: Iron Jugulis|Meteor Beam\n|-boost|p1a: Iron Jugulis|spa|1\n|-enditem|p1a: Iron Jugulis|Power Herb\n|-anim|p1a: Iron Jugulis|Meteor Beam|p2a: Dudunsparce\n|-damage|p2a: Dudunsparce|194/343\n|move|p2a: Dudunsparce|Headbutt|p1a: Iron Jugulis\n|-damage|p1a: Iron Jugulis|72/100\n|\n|-heal|p2a: Dudunsparce|215/343|[from] item: Leftovers\n|upkeep\n|turn|9\n|inactive|Time left: 300 sec this turn | 300 sec total\n|\n|t:|1783564943\n|switch|p2a: Raging Bolt|Raging Bolt, L78|323/323\n|move|p1a: Iron Jugulis|Meteor Beam||[still]\n|-prepare|p1a: Iron Jugulis|Meteor Beam\n|-boost|p1a: Iron Jugulis|spa|1\n|\n|upkeep\n|turn|10\n|inactive|Time left: 300 sec this turn | 300 sec total\n|\n|t:|1783564944\n|move|p2a: Raging Bolt|Thunderclap|p1a: Iron Jugulis\n|-supereffective|p1a: Iron Jugulis\n|-damage|p1a: Iron Jugulis|1/100\n|move|p1a: Iron Jugulis|Meteor Beam|p2a: Raging Bolt|[from] lockedmove\n|-damage|p2a: Raging Bolt|211/323\n|\n|upkeep\n|turn|11\n|inactive|Time left: 300 sec this turn | 300 sec total\n|\n|t:|1783564945\n|move|p2a: Raging Bolt|Thunderclap|p1a: Iron Jugulis\n|-supereffective|p1a: Iron Jugulis\n|-damage|p1a: Iron Jugulis|0 fnt\n|faint|p1a: Iron Jugulis\n|-end|p1a: Iron Jugulis|Quark Drive|[silent]\n|\n|upkeep\n|\n|t:|1783564946\n|switch|p1a: Hydrapple|Hydrapple, L83, M, tera:Steel|67/100 par\n|turn|12\n|inactive|Time left: 300 sec this turn | 300 sec total\n|\n|t:|1783564947\n|switch|p1a: Quagsire|Quagsire, L84, M|100/100\n|move|p2a: Raging Bolt|Thunderbolt|p1a: Quagsire\n|-immune|p1a: Quagsire\n|\n|upkeep\n|turn|13\n|inactive|Time left: 300 sec this turn | 300 sec total\n|\n|t:|1783564948\n|-end|p2a: Raging Bolt|Protosynthesis|[silent]\n|switch|p2a: Dipplin|Dipplin, L88, M|284/284\n|move|p1a: Quagsire|Toxic|p2a: Dipplin\n|-status|p2a: Dipplin|tox\n|\n|-damage|p2a: Dipplin|267/284 tox|[from] psn\n|upkeep\n|turn|14\n|inactive|Time left: 300 sec this turn | 300 sec total\n|\n|t:|1783564949\n|switch|p1a: Hydrapple|Hydrapple, L83, M, tera:Steel|99/100 par\n|move|p2a: Dipplin|Giga Drain|p1a: Hydrapple\n|-resisted|p1a: Hydrapple\n|-damage|p1a: Hydrapple|85/100 par\n|-heal|p2a: Dipplin|284/284 tox|[from] drain|[of] p1a: Hydrapple\n|\n|-damage|p2a: Dipplin|250/284 tox|[from] psn\n|upkeep\n|turn|15\n|inactive|Time left: 300 sec this turn | 300 sec total\n|\n|t:|1783564951\n|switch|p2a: Dudunsparce|Dudunsparce, L83, M|215/343\n|move|p1a: Hydrapple|Fickle Beam|p2a: Dudunsparce|[anim] Fickle Beam All Out\n|-activate|p1a: Hydrapple|move: Fickle Beam\n|-damage|p2a: Dudunsparce|0 fnt\n|faint|p2a: Dudunsparce\n|-damage|p1a: Hydrapple|75/100 par|[from] item: Life Orb\n|\n|upkeep\n|inactive|Time left: 300 sec this turn | 300 sec total | 5 sec grace\n|\n|t:|1783564952\n|switch|p2a: Oinkologne|Oinkologne-F, L92, F|176/361\n|turn|16\n|inactive|Time left: 300 sec this turn | 300 sec total\n|\n|t:|1783564953\n|move|p2a: Oinkologne|Body Slam|p1a: Hydrapple\n|-resisted|p1a: Hydrapple\n|-damage|p1a: Hydrapple|61/100 par\n|cant|p1a: Hydrapple|par\n|\n|-heal|p2a: Oinkologne|198/361|[from] item: Leftovers\n|upkeep\n|turn|17\n|inactive|Time left: 300 sec this turn | 300 sec total\n|\n|t:|1783564954\n|move|p2a: Oinkologne|Body Slam|p1a: Hydrapple\n|-resisted|p1a: Hydrapple\n|-damage|p1a: Hydrapple|47/100 par\n|cant|p1a: Hydrapple|par\n|\n|-heal|p2a: Oinkologne|220/361|[from] item: Leftovers\n|upkeep\n|turn|18\n|inactive|Time left: 300 sec this turn | 300 sec total\n|\n|t:|1783564955\n|move|p2a: Oinkologne|Body Slam|p1a: Hydrapple\n|-resisted|p1a: Hydrapple\n|-crit|p1a: Hydrapple\n|-damage|p1a: Hydrapple|28/100 par\n|move|p1a: Hydrapple|Nasty Plot|p1a: Hydrapple\n|-boost|p1a: Hydrapple|spa|2\n|\n|-heal|p2a: Oinkologne|242/361|[from] item: Leftovers\n|upkeep\n|turn|19\n|inactive|Time left: 300 sec this turn | 300 sec total\n|\n|t:|1783564956\n|switch|p2a: Dipplin|Dipplin, L88, M|250/284 tox\n|move|p1a: Hydrapple|Giga Drain|p2a: Dipplin\n|-resisted|p2a: Dipplin\n|-damage|p2a: Dipplin|210/284 tox\n|-heal|p1a: Hydrapple|34/100 par|[from] drain|[of] p2a: Dipplin\n|-damage|p1a: Hydrapple|25/100 par|[from] item: Life Orb\n|\n|-damage|p2a: Dipplin|193/284 tox|[from] psn\n|upkeep\n|turn|20\n|inactive|Time left: 300 sec this turn | 300 sec total\n|\n|t:|1783564957\n|move|p2a: Dipplin|Giga Drain|p1a: Hydrapple\n|-resisted|p1a: Hydrapple\n|-damage|p1a: Hydrapple|11/100 par\n|-heal|p2a: Dipplin|214/284 tox|[from] drain|[of] p1a: Hydrapple\n|move|p1a: Hydrapple|Fickle Beam|p2a: Dipplin\n|-supereffective|p2a: Dipplin\n|-damage|p2a: Dipplin|0 fnt\n|faint|p2a: Dipplin\n|-damage|p1a: Hydrapple|1/100 par|[from] item: Life Orb\n|\n|upkeep\n|inactive|Time left: 300 sec this turn | 300 sec total | 5 sec grace\n|\n|t:|1783564958\n|switch|p2a: Rabsca|Rabsca, L91, M|284/284\n|turn|21\n|inactive|Time left: 300 sec this turn | 300 sec total\n|\n|t:|1783564959\n|switch|p1a: Sableye|Sableye, L88, F|100/100\n|move|p2a: Rabsca|Psychic|p1a: Sableye\n|-immune|p1a: Sableye\n|\n|upkeep\n|turn|22\n|inactive|Time left: 300 sec this turn | 300 sec total\n|\n|t:|1783564960\n|move|p1a: Sableye|Knock Off|p2a: Rabsca\n|-supereffective|p2a: Rabsca\n|-damage|p2a: Rabsca|102/284\n|-enditem|p2a: Rabsca|Heavy-Duty Boots|[from] move: Knock Off|[of] p1a: Sableye\n|move|p2a: Rabsca|Bug Buzz|p1a: Sableye\n|-damage|p1a: Sableye|34/100\n|\n|-heal|p1a: Sableye|40/100|[from] item: Leftovers\n|upkeep\n|turn|23\n|inactive|Time left: 300 sec this turn | 300 sec total\n|\n|t:|1783564962\n|-terastallize|p2a: Rabsca|Steel\n|move|p1a: Sableye|Knock Off|p2a: Rabsca\n|-damage|p2a: Rabsca|42/284\n|move|p2a: Rabsca|Bug Buzz|p1a: Sableye\n|-damage|p1a: Sableye|0 fnt\n|faint|p1a: Sableye\n|\n|upkeep\n|\n|t:|1783564963\n|switch|p1a: Eternatus|Eternatus, L69|100/100\n|-ability|p1a: Eternatus|Pressure\n|turn|24\n|inactive|Time left: 300 sec this turn | 300 sec total\n|\n|t:|1783564963\n|move|p1a: Eternatus|Meteor Beam||[still]\n|-prepare|p1a: Eternatus|Meteor Beam\n|-boost|p1a: Eternatus|spa|1\n|-enditem|p1a: Eternatus|Power Herb\n|-anim|p1a: Eternatus|Meteor Beam|p2a: Rabsca\n|-resisted|p2a: Rabsca\n|-damage|p2a: Rabsca|0 fnt\n|faint|p2a: Rabsca\n|\n|upkeep\n|inactive|Time left: 300 sec this turn | 300 sec total | 5 sec grace\n|\n|t:|1783564964\n|switch|p2a: Oinkologne|Oinkologne-F, L92, F|242/361\n|turn|25\n|inactive|Time left: 300 sec this turn | 300 sec total\n|\n|t:|1783564966\n|move|p1a: Eternatus|Meteor Beam||[still]\n|-prepare|p1a: Eternatus|Meteor Beam\n|-boost|p1a: Eternatus|spa|1\n|move|p2a: Oinkologne|Body Slam|p1a: Eternatus\n|-damage|p1a: Eternatus|65/100\n|\n|-heal|p2a: Oinkologne|264/361|[from] item: Leftovers\n|upkeep\n|turn|26\n|inactive|Time left: 300 sec this turn | 300 sec total\n|\n|t:|1783564967\n|move|p1a: Eternatus|Meteor Beam|p2a: Oinkologne|[from] lockedmove\n|-damage|p2a: Oinkologne|127/361\n|move|p2a: Oinkologne|Body Slam|p1a: Eternatus\n|-damage|p1a: Eternatus|30/100\n|\n|-heal|p2a: Oinkologne|149/361|[from] item: Leftovers\n|upkeep\n|turn|27\n|inactive|Time left: 300 sec this turn | 300 sec total\n|\n|t:|1783564968\n|move|p1a: Eternatus|Dynamax Cannon|p2a: Oinkologne\n|-damage|p2a: Oinkologne|0 fnt\n|faint|p2a: Oinkologne\n|\n|upkeep\n|inactive|Time left: 300 sec this turn | 300 sec total | 5 sec grace\n|\n|t:|1783564968\n|switch|p2a: Raging Bolt|Raging Bolt, L78|211/323\n|turn|28\n|inactive|Time left: 300 sec this turn | 300 sec total\n|\n|t:|1783564969\n|move|p1a: Eternatus|Dynamax Cannon|p2a: Raging Bolt\n|-supereffective|p2a: Raging Bolt\n|-damage|p2a: Raging Bolt|0 fnt\n|faint|p2a: Raging Bolt\n|-end|p2a: Raging Bolt|Protosynthesis|[silent]\n|\n|win|p0x22326cc0", "uploadtime": 1783564969, "views": 0, "rating": 0, "private": 0, "password": null, "_winner": "p0x22326cc0", "_our_name": "p0y22324ce4"}