{"id": "battle-gen9randombattle-884", "formatid": "gen9randombattle", "format": "[Gen 9] Random Battle", "players": ["p0x884cf17", "p0y884265d"], "log": "|init|battle\n|title|p0x884cf17 vs. p0y884265d\n|j|\u2606p0x884cf17\n|j|\u2606p0y884265d\n|t:|1783550145\n|gametype|singles\n|player|p1|p0x884cf17|1|\n|player|p2|p0y884265d|170|\n|gen|9\n|tier|[Gen 9] Random Battle\n|rule|Species Clause: Limit one of each Pok\u00e9mon\n|rule|HP Percentage Mod: HP is shown in percentages\n|rule|Sleep Clause Mod: Limit one foe put to sleep\n|rule|Illusion Level Mod: Illusion disguises the Pok\u00e9mon's true level\n|\n|t:|1783550145\n|teamsize|p1|6\n|teamsize|p2|6\n|start\n|switch|p1a: Heracross|Heracross, L80, F|259/259\n|switch|p2a: Hatterene|Hatterene, L85, F|100/100\n|turn|1\n|inactive|Battle timer is ON: inactive players will automatically lose when time's up. (requested by p0y884265d)\n|inactive|Time left: 300 sec this turn | 300 sec total | 60 sec grace\n|inactive|p0x884cf17 also wants the timer to be on.\n|\n|t:|1783550146\n|switch|p1a: Porygon2|Porygon2, L81|270/270\n|-ability|p1a: Porygon2|Download|boost\n|-boost|p1a: Porygon2|atk|1\n|move|p2a: Hatterene|Psyshock|p1a: Porygon2\n|-damage|p1a: Porygon2|185/270\n|\n|upkeep\n|turn|2\n|inactive|Time left: 300 sec this turn | 300 sec total\n|\n|t:|1783550148\n|move|p1a: Porygon2|Discharge|p2a: Hatterene\n|-damage|p2a: Hatterene|81/100\n|-status|p2a: Hatterene|par\n|move|p2a: Hatterene|Mystical Fire|p1a: Porygon2\n|-damage|p1a: Porygon2|136/270\n|-unboost|p1a: Porygon2|spa|1\n|\n|-heal|p2a: Hatterene|87/100 par|[from] item: Leftovers\n|upkeep\n|turn|3\n|inactive|Time left: 300 sec this turn | 300 sec total\n|\n|t:|1783550149\n|move|p1a: Porygon2|Recover|p1a: Porygon2\n|-heal|p1a: Porygon2|270/270\n|move|p2a: Hatterene|Draining Kiss|p1a: Porygon2\n|-damage|p1a: Porygon2|219/270\n|-heal|p2a: Hatterene|100/100 par|[from] drain|[of] p1a: Porygon2\n|\n|upkeep\n|turn|4\n|inactive|Time left: 300 sec this turn | 300 sec total\n|\n|t:|1783550150\n|switch|p1a: Florges|Florges-White, L85, F|271/271\n|move|p2a: Hatterene|Psyshock|p1a: Florges\n|-damage|p1a: Florges|127/271\n|\n|-heal|p1a: Florges|143/271|[from] item: Leftovers\n|upkeep\n|turn|5\n|inactive|Time left: 300 sec this turn | 300 sec total\n|\n|t:|1783550152\n|move|p1a: Florges|Moonblast|p2a: Hatterene\n|-damage|p2a: Hatterene|60/100 par\n|move|p2a: Hatterene|Psyshock|p1a: Florges\n|-damage|p1a: Florges|0 fnt\n|faint|p1a: Florges\n|\n|-heal|p2a: Hatterene|66/100 par|[from] item: Leftovers\n|upkeep\n|inactive|Time left: 300 sec this turn | 300 sec total | 5 sec grace\n|\n|t:|1783550153\n|switch|p1a: Meowscarada|Meowscarada, L78, M|247/247\n|turn|6\n|inactive|Time left: 300 sec this turn | 300 sec total\n|\n|t:|1783550154\n|move|p1a: Meowscarada|Triple Axel|p2a: Hatterene\n|-start|p1a: Meowscarada|typechange|Ice|[from] ability: Protean\n|-damage|p2a: Hatterene|53/100 par\n|-damage|p2a: Hatterene|30/100 par\n|-damage|p2a: Hatterene|0 fnt\n|faint|p2a: Hatterene\n|-hitcount|p2: Hatterene|3\n|\n|upkeep\n|\n|t:|1783550155\n|switch|p2a: Groudon|Groudon, L72|100/100\n|-weather|SunnyDay|[from] ability: Drought|[of] p2a: Groudon\n|turn|7\n|inactive|Time left: 300 sec this turn | 300 sec total\n|\n|t:|1783550156\n|-terastallize|p2a: Groudon|Fire\n|move|p1a: Meowscarada|Triple Axel|p2a: Groudon\n|-resisted|p2a: Groudon\n|-damage|p2a: Groudon|96/100\n|-hitcount|p2a: Groudon|1\n|move|p2a: Groudon|Heat Crash|p1a: Meowscarada\n|-supereffective|p1a: Meowscarada\n|-damage|p1a: Meowscarada|0 fnt\n|faint|p1a: Meowscarada\n|\n|-weather|SunnyDay|[upkeep]\n|-heal|p2a: Groudon|100/100|[from] item: Leftovers\n|upkeep\n|inactive|Time left: 300 sec this turn | 300 sec total | 5 sec grace\n|\n|t:|1783550158\n|switch|p1a: Porygon2|Porygon2, L81|219/270\n|-ability|p1a: Porygon2|Download|boost\n|-boost|p1a: Porygon2|spa|1\n|turn|8\n|inactive|Time left: 300 sec this turn | 300 sec total\n|\n|t:|1783550158\n|move|p2a: Groudon|Heat Crash|p1a: Porygon2\n|-damage|p1a: Porygon2|78/270\n|move|p1a: Porygon2|Tri Attack|p2a: Groudon\n|-damage|p2a: Groudon|48/100\n|\n|-weather|SunnyDay|[upkeep]\n|-heal|p2a: Groudon|54/100|[from] item: Leftovers\n|upkeep\n|turn|9\n|inactive|Time left: 300 sec this turn | 300 sec total\n|\n|t:|1783550160\n|move|p2a: Groudon|Heat Crash|p1a: Porygon2\n|-damage|p1a: Porygon2|0 fnt\n|faint|p1a: Porygon2\n|\n|-weather|SunnyDay|[upkeep]\n|-heal|p2a: Groudon|60/100|[from] item: Leftovers\n|upkeep\n|inactive|Time left: 300 sec this turn | 300 sec total | 5 sec grace\n|\n|t:|1783550161\n|switch|p1a: Heracross|Heracross, L80, F|259/259\n|turn|10\n|inactive|Time left: 300 sec this turn | 300 sec total\n|\n|t:|1783550162\n|move|p1a: Heracross|Earthquake|p2a: Groudon\n|-supereffective|p2a: Groudon\n|-damage|p2a: Groudon|0 fnt\n|faint|p2a: Groudon\n|-ability|p1a: Heracross|Moxie|boost\n|-boost|p1a: Heracross|atk|1\n|\n|-weather|SunnyDay|[upkeep]\n|upkeep\n|\n|t:|1783550162\n|switch|p2a: Dragonite|Dragonite, L74, F|100/100\n|turn|11\n|inactive|Time left: 300 sec this turn | 300 sec total\n|\n|t:|1783550164\n|switch|p1a: Hitmonchan|Hitmonchan, L87, M|229/229\n|move|p2a: Dragonite|Dragon Dance|p2a: Dragonite\n|-boost|p2a: Dragonite|atk|1\n|-boost|p2a: Dragonite|spe|1\n|\n|-weather|none\n|upkeep\n|turn|12\n|inactive|Time left: 300 sec this turn | 300 sec total\n|\n|t:|1783550164\n|-terastallize|p1a: Hitmonchan|Steel\n|move|p2a: Dragonite|Outrage|p1a: Hitmonchan\n|-resisted|p1a: Hitmonchan\n|-damage|p1a: Hitmonchan|135/229\n|move|p1a: Hitmonchan|Drain Punch|p2a: Dragonite\n|-resisted|p2a: Dragonite\n|-damage|p2a: Dragonite|90/100\n|-heal|p1a: Hitmonchan|149/229|[from] drain|[of] p2a: Dragonite\n|\n|-heal|p1a: Hitmonchan|163/229|[from] item: Leftovers\n|upkeep\n|turn|13\n|inactive|Time left: 300 sec this turn | 300 sec total\n|\n|t:|1783550166\n|move|p2a: Dragonite|Outrage|p1a: Hitmonchan|[from] lockedmove\n|-resisted|p1a: Hitmonchan\n|-damage|p1a: Hitmonchan|59/229\n|move|p1a: Hitmonchan|Drain Punch|p2a: Dragonite\n|-resisted|p2a: Dragonite\n|-damage|p2a: Dragonite|70/100\n|-heal|p1a: Hitmonchan|85/229|[from] drain|[of] p2a: Dragonite\n|\n|-heal|p1a: Hitmonchan|99/229|[from] item: Leftovers\n|upkeep\n|turn|14\n|inactive|Time left: 300 sec this turn | 300 sec total\n|\n|t:|1783550167\n|move|p2a: Dragonite|Outrage|p1a: Hitmonchan|[from] lockedmove\n|-resisted|p1a: Hitmonchan\n|-damage|p1a: Hitmonchan|4/229\n|-start|p2a: Dragonite|confusion|[fatigue]\n|move|p1a: Hitmonchan|Drain Punch|p2a: Dragonite\n|-resisted|p2a: Dragonite\n|-damage|p2a: Dragonite|49/100\n|-heal|p1a: Hitmonchan|31/229|[from] drain|[of] p2a: Dragonite\n|\n|-heal|p1a: Hitmonchan|45/229|[from] item: Leftovers\n|upkeep\n|turn|15\n|inactive|Time left: 300 sec this turn | 300 sec total\n|\n|t:|1783550168\n|-activate|p2a: Dragonite|confusion\n|-damage|p2a: Dragonite|30/100|[from] confusion\n|move|p1a: Hitmonchan|Rapid Spin|p2a: Dragonite\n|-damage|p2a: Dragonite|14/100\n|-boost|p1a: Hitmonchan|spe|1\n|\n|-heal|p1a: Hitmonchan|59/229|[from] item: Leftovers\n|upkeep\n|turn|16\n|inactive|Time left: 300 sec this turn | 300 sec total\n|\n|t:|1783550169\n|switch|p2a: Chesnaught|Chesnaught, L84, F|100/100\n|move|p1a: Hitmonchan|Knock Off|p2a: Chesnaught\n|-resisted|p2a: Chesnaught\n|-damage|p2a: Chesnaught|90/100\n|-damage|p1a: Hitmonchan|21/229|[from] item: Rocky Helmet|[of] p2a: Chesnaught\n|-enditem|p2a: Chesnaught|Rocky Helmet|[from] move: Knock Off|[of] p1a: Hitmonchan\n|\n|-heal|p1a: Hitmonchan|35/229|[from] item: Leftovers\n|upkeep\n|turn|17\n|inactive|Time left: 300 sec this turn | 300 sec total\n|\n|t:|1783550170\n|move|p1a: Hitmonchan|Drain Punch|p2a: Chesnaught\n|-damage|p2a: Chesnaught|62/100\n|-heal|p1a: Hitmonchan|74/229|[from] drain|[of] p2a: Chesnaught\n|move|p2a: Chesnaught|Knock Off|p1a: Hitmonchan\n|-damage|p1a: Hitmonchan|0 fnt\n|-enditem|p1a: Hitmonchan|Leftovers|[from] move: Knock Off|[of] p2a: Chesnaught\n|faint|p1a: Hitmonchan\n|\n|upkeep\n|inactive|Time left: 300 sec this turn | 300 sec total | 5 sec grace\n|\n|t:|1783550171\n|switch|p1a: Heracross|Heracross, L80, F|259/259\n|turn|18\n|inactive|Time left: 300 sec this turn | 300 sec total\n|\n|t:|1783550172\n|move|p1a: Heracross|Megahorn|p2a: Chesnaught|[miss]\n|-miss|p1a: Heracross|p2a: Chesnaught\n|move|p2a: Chesnaught|Synthesis|p2a: Chesnaught\n|-heal|p2a: Chesnaught|100/100\n|\n|upkeep\n|turn|19\n|inactive|Time left: 300 sec this turn | 300 sec total\n|\n|t:|1783550173\n|switch|p2a: Arbok|Arbok, L87, M|100/100\n|-ability|p2a: Arbok|Intimidate|boost\n|-unboost|p1a: Heracross|atk|1\n|move|p1a: Heracross|Megahorn|p2a: Arbok|[miss]\n|-miss|p1a: Heracross|p2a: Arbok\n|\n|upkeep\n|turn|20\n|inactive|Time left: 300 sec this turn | 300 sec total\n|\n|t:|1783550174\n|switch|p1a: Tauros|Tauros, L82, M|257/257\n|move|p2a: Arbok|Coil|p2a: Arbok\n|-boost|p2a: Arbok|atk|1\n|-boost|p2a: Arbok|def|1\n|-boost|p2a: Arbok|accuracy|1\n|\n|upkeep\n|turn|21\n|inactive|Time left: 300 sec this turn | 300 sec total\n|\n|t:|1783550175\n|move|p1a: Tauros|Zen Headbutt|p2a: Arbok|[miss]\n|-miss|p1a: Tauros|p2a: Arbok\n|move|p2a: Arbok|Coil|p2a: Arbok\n|-boost|p2a: Arbok|atk|1\n|-boost|p2a: Arbok|def|1\n|-boost|p2a: Arbok|accuracy|1\n|\n|upkeep\n|turn|22\n|inactive|Time left: 300 sec this turn | 300 sec total\n|\n|t:|1783550176\n|move|p1a: Tauros|Zen Headbutt|p2a: Arbok\n|-supereffective|p2a: Arbok\n|-damage|p2a: Arbok|58/100\n|move|p2a: Arbok|Gunk Shot|p1a: Tauros\n|-damage|p1a: Tauros|0 fnt\n|faint|p1a: Tauros\n|\n|-heal|p2a: Arbok|64/100|[from] item: Leftovers\n|upkeep\n|inactive|Time left: 300 sec this turn | 300 sec total | 5 sec grace\n|\n|t:|1783550177\n|switch|p1a: Heracross|Heracross, L80, F|259/259\n|turn|23\n|inactive|Time left: 300 sec this turn | 300 sec total\n|\n|t:|1783550178\n|move|p2a: Arbok|Gunk Shot|p1a: Heracross\n|-damage|p1a: Heracross|0 fnt\n|faint|p1a: Heracross\n|\n|win|p0y884265d", "uploadtime": 1783550178, "views": 0, "rating": 0, "private": 0, "password": null, "_winner": "p0y884265d", "_our_name": "p0x884cf17"}