{"id": "battle-gen9randombattle-568", "formatid": "gen9randombattle", "format": "[Gen 9] Random Battle", "players": ["p0x568c1f6", "p0y5680661"], "log": "|init|battle\n|title|p0x568c1f6 vs. p0y5680661\n|j|\u2606p0x568c1f6\n|j|\u2606p0y5680661\n|t:|1783545664\n|gametype|singles\n|player|p1|p0x568c1f6|101|\n|player|p2|p0y5680661|102|\n|gen|9\n|tier|[Gen 9] Random Battle\n|rule|Species Clause: Limit one of each Pok\u00e9mon\n|rule|HP Percentage Mod: HP is shown in percentages\n|rule|Sleep Clause Mod: Limit one foe put to sleep\n|rule|Illusion Level Mod: Illusion disguises the Pok\u00e9mon's true level\n|\n|t:|1783545664\n|teamsize|p1|6\n|teamsize|p2|6\n|start\n|switch|p1a: Infernape|Infernape, L82, F|259/259\n|switch|p2a: Scizor|Scizor, L79, F|100/100\n|turn|1\n|inactive|Battle timer is ON: inactive players will automatically lose when time's up. (requested by p0x568c1f6)\n|inactive|p0y5680661 also wants the timer to be on.\n|\n|t:|1783545665\n|switch|p2a: Salamence|Salamence, L77, F|100/100\n|-ability|p2a: Salamence|Intimidate|boost\n|-unboost|p1a: Infernape|atk|1\n|move|p1a: Infernape|Flare Blitz|p2a: Salamence\n|-resisted|p2a: Salamence\n|-damage|p2a: Salamence|73/100\n|-damage|p1a: Infernape|234/259|[from] Recoil\n|\n|upkeep\n|turn|2\n|inactive|Time left: 300 sec this turn | 300 sec total\n|\n|t:|1783545667\n|switch|p1a: Abomasnow|Abomasnow, L84, F|287/287\n|-weather|Snowscape|[from] ability: Snow Warning|[of] p1a: Abomasnow\n|move|p2a: Salamence|Dragon Dance|p2a: Salamence\n|-boost|p2a: Salamence|atk|1\n|-boost|p2a: Salamence|spe|1\n|\n|-weather|Snowscape|[upkeep]\n|upkeep\n|turn|3\n|inactive|Time left: 300 sec this turn | 300 sec total\n|\n|t:|1783545668\n|-terastallize|p2a: Salamence|Steel\n|move|p2a: Salamence|Outrage|p1a: Abomasnow\n|-damage|p1a: Abomasnow|124/287\n|move|p1a: Abomasnow|Aurora Veil|p1a: Abomasnow\n|-sidestart|p1: p0x568c1f6|move: Aurora Veil\n|\n|-weather|Snowscape|[upkeep]\n|upkeep\n|turn|4\n|inactive|Time left: 300 sec this turn | 300 sec total\n|\n|t:|1783545669\n|switch|p1a: Swampert|Swampert, L83, F|302/302\n|move|p2a: Salamence|Outrage|p1a: Swampert|[from] lockedmove\n|-damage|p1a: Swampert|192/302\n|\n|-weather|Snowscape|[upkeep]\n|-heal|p1a: Swampert|210/302|[from] item: Leftovers\n|upkeep\n|turn|5\n|inactive|Time left: 300 sec this turn | 300 sec total\n|\n|t:|1783545670\n|move|p2a: Salamence|Outrage|p1a: Swampert|[from] lockedmove\n|-damage|p1a: Swampert|105/302\n|-start|p2a: Salamence|confusion|[fatigue]\n|move|p1a: Swampert|Earthquake|p2a: Salamence\n|-supereffective|p2a: Salamence\n|-damage|p2a: Salamence|0 fnt\n|faint|p2a: Salamence\n|\n|-weather|Snowscape|[upkeep]\n|-heal|p1a: Swampert|123/302|[from] item: Leftovers\n|upkeep\n|\n|t:|1783545671\n|switch|p2a: Masquerain|Masquerain, L87, M|100/100\n|-ability|p2a: Masquerain|Intimidate|boost\n|-unboost|p1a: Swampert|atk|1\n|turn|6\n|inactive|Time left: 300 sec this turn | 300 sec total\n|\n|t:|1783545672\n|switch|p1a: Infernape|Infernape, L82, F|235/235\n|move|p2a: Masquerain|Sticky Web|p1a: Infernape\n|-sidestart|p1: p0x568c1f6|move: Sticky Web\n|\n|-weather|none\n|upkeep\n|turn|7\n|inactive|Time left: 300 sec this turn | 300 sec total\n|\n|t:|1783545673\n|switch|p2a: Golduck|Golduck, L90, F|100/100\n|-ability|p2a: Golduck|Cloud Nine\n|move|p1a: Infernape|Dark Pulse|p2a: Golduck\n|-crit|p2a: Golduck\n|-damage|p2a: Golduck|25/100\n|\n|-heal|p2a: Golduck|31/100|[from] item: Leftovers\n|upkeep\n|turn|8\n|inactive|Time left: 300 sec this turn | 300 sec total\n|\n|t:|1783545674\n|switch|p2a: Bellibolt|Bellibolt, L84, M|100/100\n|move|p1a: Infernape|Dark Pulse|p2a: Bellibolt\n|-crit|p2a: Bellibolt\n|-damage|p2a: Bellibolt|25/100\n|-start|p2a: Bellibolt|Charge|Dark Pulse|[from] ability: Electromorphosis\n|\n|-heal|p2a: Bellibolt|31/100|[from] item: Leftovers\n|upkeep\n|turn|9\n|inactive|Time left: 300 sec this turn | 300 sec total\n|\n|t:|1783545675\n|move|p1a: Infernape|Dark Pulse|p2a: Bellibolt\n|-damage|p2a: Bellibolt|0 fnt\n|faint|p2a: Bellibolt\n|\n|upkeep\n|\n|t:|1783545676\n|switch|p2a: Raging Bolt|Raging Bolt, L78|100/100\n|-enditem|p2a: Raging Bolt|Booster Energy\n|-activate|p2a: Raging Bolt|ability: Protosynthesis|[fromitem]\n|-start|p2a: Raging Bolt|protosynthesisspa\n|turn|10\n|inactive|Time left: 300 sec this turn | 300 sec total\n|\n|t:|1783545677\n|move|p1a: Infernape|Dark Pulse|p2a: Raging Bolt\n|-damage|p2a: Raging Bolt|54/100\n|move|p2a: Raging Bolt|Dragon Pulse|p1a: Infernape\n|-damage|p1a: Infernape|138/235\n|replace|p1a: Zoroark|Zoroark, L83, F\n|-end|p1a: Zoroark|Illusion\n|-hint|Illusion Level Mod is active, so this Pok\u00e9mon's true level was hidden.\n|\n|-sideend|p1: p0x568c1f6|move: Aurora Veil\n|upkeep\n|turn|11\n|inactive|Time left: 300 sec this turn | 300 sec total\n|\n|t:|1783545679\n|move|p1a: Zoroark|Dark Pulse|p2a: Raging Bolt\n|-damage|p2a: Raging Bolt|2/100\n|move|p2a: Raging Bolt|Dragon Pulse|p1a: Zoroark\n|-damage|p1a: Zoroark|0 fnt\n|faint|p1a: Zoroark\n|\n|upkeep\n|inactive|Time left: 300 sec this turn | 300 sec total | 5 sec grace\n|\n|t:|1783545680\n|switch|p1a: Oricorio|Oricorio-Pom-Pom, L82, M|257/257\n|turn|12\n|inactive|Time left: 300 sec this turn | 300 sec total\n|\n|t:|1783545680\n|move|p1a: Oricorio|Quiver Dance|p1a: Oricorio\n|-boost|p1a: Oricorio|spa|1\n|-boost|p1a: Oricorio|spd|1\n|-boost|p1a: Oricorio|spe|1\n|move|p2a: Raging Bolt|Dragon Pulse|p1a: Oricorio\n|-damage|p1a: Oricorio|140/257\n|\n|upkeep\n|turn|13\n|inactive|Time left: 300 sec this turn | 300 sec total\n|\n|t:|1783545682\n|move|p1a: Oricorio|Revelation Dance|p2a: Raging Bolt\n|-resisted|p2a: Raging Bolt\n|-damage|p2a: Raging Bolt|0 fnt\n|faint|p2a: Raging Bolt\n|-end|p2a: Raging Bolt|Protosynthesis|[silent]\n|\n|upkeep\n|\n|t:|1783545683\n|switch|p2a: Scizor|Scizor, L79, F|100/100\n|turn|14\n|inactive|Time left: 300 sec this turn | 300 sec total\n|\n|t:|1783545684\n|move|p1a: Oricorio|Roost|p1a: Oricorio\n|-heal|p1a: Oricorio|257/257\n|-singleturn|p1a: Oricorio|move: Roost\n|move|p2a: Scizor|Knock Off|p1a: Oricorio\n|-damage|p1a: Oricorio|132/257\n|-enditem|p1a: Oricorio|Heavy-Duty Boots|[from] move: Knock Off|[of] p2a: Scizor\n|-damage|p2a: Scizor|90/100|[from] item: Life Orb\n|\n|upkeep\n|turn|15\n|inactive|Time left: 300 sec this turn | 300 sec total\n|\n|t:|1783545685\n|move|p1a: Oricorio|Hurricane|p2a: Scizor\n|-damage|p2a: Scizor|13/100\n|move|p2a: Scizor|Bug Bite|p1a: Oricorio\n|-resisted|p1a: Oricorio\n|-damage|p1a: Oricorio|55/257\n|-damage|p2a: Scizor|3/100|[from] item: Life Orb\n|\n|upkeep\n|turn|16\n|inactive|Time left: 300 sec this turn | 300 sec total\n|\n|t:|1783545686\n|move|p2a: Scizor|Bullet Punch|p1a: Oricorio\n|-resisted|p1a: Oricorio\n|-damage|p1a: Oricorio|2/257\n|-damage|p2a: Scizor|0 fnt|[from] item: Life Orb\n|faint|p2a: Scizor\n|move|p1a: Oricorio|Roost|p1a: Oricorio\n|-heal|p1a: Oricorio|131/257\n|-singleturn|p1a: Oricorio|move: Roost\n|\n|upkeep\n|\n|t:|1783545687\n|switch|p2a: Masquerain|Masquerain, L87, M|100/100\n|-ability|p2a: Masquerain|Intimidate|boost\n|-unboost|p1a: Oricorio|atk|1\n|turn|17\n|inactive|Time left: 300 sec this turn | 300 sec total\n|\n|t:|1783545688\n|move|p1a: Oricorio|Revelation Dance|p2a: Masquerain\n|-supereffective|p2a: Masquerain\n|-damage|p2a: Masquerain|0 fnt\n|faint|p2a: Masquerain\n|\n|upkeep\n|\n|t:|1783545689\n|switch|p2a: Golduck|Golduck, L90, F|31/100\n|-ability|p2a: Golduck|Cloud Nine\n|turn|18\n|inactive|Time left: 300 sec this turn | 300 sec total\n|\n|t:|1783545690\n|-terastallize|p1a: Oricorio|Ground\n|move|p1a: Oricorio|Revelation Dance|p2a: Golduck\n|-damage|p2a: Golduck|0 fnt\n|faint|p2a: Golduck\n|\n|win|p0x568c1f6", "uploadtime": 1783545690, "views": 0, "rating": 0, "private": 0, "password": null, "_winner": "p0x568c1f6", "_our_name": "p0x568c1f6"}