{"id": "battle-gen9randombattle-2895", "formatid": "gen9randombattle", "format": "[Gen 9] Random Battle", "players": ["p0x28962fa1", "p0y2896c2b4"], "log": "|init|battle\n|title|p0x28962fa1 vs. p0y2896c2b4\n|j|\u2606p0x28962fa1\n|j|\u2606p0y2896c2b4\n|t:|1783573342\n|gametype|singles\n|player|p1|p0x28962fa1|266|\n|player|p2|p0y2896c2b4|169|\n|gen|9\n|tier|[Gen 9] Random Battle\n|rule|Species Clause: Limit one of each Pok\u00e9mon\n|rule|HP Percentage Mod: HP is shown in percentages\n|rule|Sleep Clause Mod: Limit one foe put to sleep\n|rule|Illusion Level Mod: Illusion disguises the Pok\u00e9mon's true level\n|\n|t:|1783573342\n|teamsize|p1|6\n|teamsize|p2|6\n|start\n|switch|p1a: Garchomp|Garchomp, L74, F|282/282\n|switch|p2a: Beartic|Beartic, L91, F|100/100\n|turn|1\n|inactive|Battle timer is ON: inactive players will automatically lose when time's up. (requested by p0y2896c2b4)\n|inactive|Time left: 300 sec this turn | 300 sec total | 60 sec grace\n|inactive|p0x28962fa1 also wants the timer to be on.\n|\n|t:|1783573343\n|move|p1a: Garchomp|Swords Dance|p1a: Garchomp\n|-boost|p1a: Garchomp|atk|2\n|move|p2a: Beartic|Icicle Crash|p1a: Garchomp\n|-supereffective|p1a: Garchomp\n|-damage|p1a: Garchomp|0 fnt\n|faint|p1a: Garchomp\n|\n|upkeep\n|inactive|Time left: 300 sec this turn | 300 sec total | 65 sec grace\n|\n|t:|1783573344\n|switch|p1a: Iron Thorns|Iron Thorns, L83|302/302\n|-enditem|p1a: Iron Thorns|Booster Energy\n|-activate|p1a: Iron Thorns|ability: Quark Drive|[fromitem]\n|-start|p1a: Iron Thorns|quarkdriveatk\n|turn|2\n|inactive|Time left: 300 sec this turn | 300 sec total\n|\n|t:|1783573345\n|move|p1a: Iron Thorns|Stone Edge|p2a: Beartic\n|-supereffective|p2a: Beartic\n|-damage|p2a: Beartic|0 fnt\n|faint|p2a: Beartic\n|\n|upkeep\n|\n|t:|1783573346\n|switch|p2a: Sawsbuck|Sawsbuck-Autumn, L88, F|100/100\n|turn|3\n|inactive|Time left: 300 sec this turn | 300 sec total\n|\n|t:|1783573347\n|-terastallize|p1a: Iron Thorns|Rock\n|move|p2a: Sawsbuck|Swords Dance|p2a: Sawsbuck\n|-boost|p2a: Sawsbuck|atk|2\n|move|p1a: Iron Thorns|Stone Edge|p2a: Sawsbuck\n|-damage|p2a: Sawsbuck|3/100\n|\n|upkeep\n|turn|4\n|inactive|Time left: 300 sec this turn | 300 sec total\n|\n|t:|1783573348\n|-end|p1a: Iron Thorns|Quark Drive|[silent]\n|switch|p1a: Sceptile|Sceptile, L87, F|264/264\n|move|p2a: Sawsbuck|Horn Leech|p1a: Sceptile\n|-resisted|p1a: Sceptile\n|-damage|p1a: Sceptile|135/264\n|-heal|p2a: Sawsbuck|26/100|[from] drain|[of] p1a: Sceptile\n|-damage|p2a: Sawsbuck|16/100|[from] item: Life Orb\n|\n|upkeep\n|turn|5\n|inactive|Time left: 300 sec this turn | 300 sec total\n|\n|t:|1783573349\n|switch|p2a: Araquanid|Araquanid, L82, M|100/100\n|move|p1a: Sceptile|Focus Blast|p2a: Araquanid\n|-resisted|p2a: Araquanid\n|-damage|p2a: Araquanid|82/100\n|-damage|p1a: Sceptile|109/264|[from] item: Life Orb\n|\n|upkeep\n|turn|6\n|inactive|Time left: 300 sec this turn | 300 sec total\n|\n|t:|1783573351\n|move|p1a: Sceptile|Rock Slide|p2a: Araquanid\n|-supereffective|p2a: Araquanid\n|-damage|p2a: Araquanid|23/100\n|-damage|p1a: Sceptile|83/264|[from] item: Life Orb\n|move|p2a: Araquanid|Sticky Web|p1a: Sceptile\n|-sidestart|p1: p0x28962fa1|move: Sticky Web\n|\n|upkeep\n|turn|7\n|inactive|Time left: 300 sec this turn | 300 sec total\n|\n|t:|1783573352\n|switch|p2a: Lunala|Lunala, L70|100/100\n|move|p1a: Sceptile|Giga Drain|p2a: Lunala\n|-damage|p2a: Lunala|69/100\n|-heal|p1a: Sceptile|132/264|[from] drain|[of] p2a: Lunala\n|-damage|p1a: Sceptile|106/264|[from] item: Life Orb\n|\n|-heal|p2a: Lunala|75/100|[from] item: Leftovers\n|upkeep\n|turn|8\n|inactive|Time left: 300 sec this turn | 300 sec total\n|\n|t:|1783573353\n|move|p1a: Sceptile|Giga Drain|p2a: Lunala\n|-damage|p2a: Lunala|35/100\n|-heal|p1a: Sceptile|169/264|[from] drain|[of] p2a: Lunala\n|-damage|p1a: Sceptile|143/264|[from] item: Life Orb\n|move|p2a: Lunala|Calm Mind|p2a: Lunala\n|-boost|p2a: Lunala|spa|1\n|-boost|p2a: Lunala|spd|1\n|\n|-heal|p2a: Lunala|41/100|[from] item: Leftovers\n|upkeep\n|turn|9\n|inactive|Time left: 300 sec this turn | 300 sec total\n|\n|t:|1783573354\n|move|p1a: Sceptile|Giga Drain|p2a: Lunala\n|-damage|p2a: Lunala|13/100\n|-heal|p1a: Sceptile|186/264|[from] drain|[of] p2a: Lunala\n|-damage|p1a: Sceptile|160/264|[from] item: Life Orb\n|move|p2a: Lunala|Moonlight|p2a: Lunala\n|-heal|p2a: Lunala|63/100\n|\n|-heal|p2a: Lunala|69/100|[from] item: Leftovers\n|upkeep\n|turn|10\n|inactive|Time left: 300 sec this turn | 300 sec total\n|\n|t:|1783573355\n|move|p1a: Sceptile|Giga Drain|p2a: Lunala\n|-damage|p2a: Lunala|42/100\n|-heal|p1a: Sceptile|201/264|[from] drain|[of] p2a: Lunala\n|-damage|p1a: Sceptile|175/264|[from] item: Life Orb\n|move|p2a: Lunala|Moongeist Beam|p1a: Sceptile\n|-damage|p1a: Sceptile|18/264\n|\n|-heal|p2a: Lunala|49/100|[from] item: Leftovers\n|upkeep\n|turn|11\n|inactive|Time left: 300 sec this turn | 300 sec total\n|\n|t:|1783573357\n|move|p1a: Sceptile|Giga Drain|p2a: Lunala\n|-damage|p2a: Lunala|8/100\n|-heal|p1a: Sceptile|81/264|[from] drain|[of] p2a: Lunala\n|-damage|p1a: Sceptile|55/264|[from] item: Life Orb\n|move|p2a: Lunala|Moonlight|p2a: Lunala\n|-heal|p2a: Lunala|58/100\n|\n|-heal|p2a: Lunala|64/100|[from] item: Leftovers\n|upkeep\n|turn|12\n|inactive|Time left: 300 sec this turn | 300 sec total\n|\n|t:|1783573358\n|move|p1a: Sceptile|Giga Drain|p2a: Lunala\n|-damage|p2a: Lunala|29/100\n|-heal|p1a: Sceptile|110/264|[from] drain|[of] p2a: Lunala\n|-damage|p1a: Sceptile|84/264|[from] item: Life Orb\n|move|p2a: Lunala|Moonlight|p2a: Lunala\n|-heal|p2a: Lunala|79/100\n|\n|-heal|p2a: Lunala|85/100|[from] item: Leftovers\n|upkeep\n|turn|13\n|inactive|Time left: 300 sec this turn | 300 sec total\n|\n|t:|1783573359\n|move|p1a: Sceptile|Giga Drain|p2a: Lunala\n|-damage|p2a: Lunala|45/100\n|-heal|p1a: Sceptile|145/264|[from] drain|[of] p2a: Lunala\n|-damage|p1a: Sceptile|119/264|[from] item: Life Orb\n|move|p2a: Lunala|Calm Mind|p2a: Lunala\n|-boost|p2a: Lunala|spa|1\n|-boost|p2a: Lunala|spd|1\n|\n|-heal|p2a: Lunala|51/100|[from] item: Leftovers\n|upkeep\n|turn|14\n|inactive|Time left: 300 sec this turn | 300 sec total\n|\n|t:|1783573360\n|move|p1a: Sceptile|Giga Drain|p2a: Lunala\n|-damage|p2a: Lunala|33/100\n|-heal|p1a: Sceptile|147/264|[from] drain|[of] p2a: Lunala\n|-damage|p1a: Sceptile|121/264|[from] item: Life Orb\n|move|p2a: Lunala|Moonlight|p2a: Lunala\n|-heal|p2a: Lunala|83/100\n|\n|-heal|p2a: Lunala|89/100|[from] item: Leftovers\n|upkeep\n|turn|15\n|inactive|Time left: 300 sec this turn | 300 sec total\n|\n|t:|1783573361\n|move|p1a: Sceptile|Rock Slide|p2a: Lunala|[miss]\n|-miss|p1a: Sceptile|p2a: Lunala\n|move|p2a: Lunala|Moonblast|p1a: Sceptile\n|-damage|p1a: Sceptile|0 fnt\n|faint|p1a: Sceptile\n|\n|-heal|p2a: Lunala|96/100|[from] item: Leftovers\n|upkeep\n|inactive|Time left: 300 sec this turn | 300 sec total | 5 sec grace\n|\n|t:|1783573362\n|switch|p1a: Regice|Regice, L88|284/284\n|turn|16\n|inactive|Time left: 300 sec this turn | 300 sec total\n|\n|t:|1783573363\n|move|p2a: Lunala|Moongeist Beam|p1a: Regice\n|-damage|p1a: Regice|190/284\n|move|p1a: Regice|Thunder Wave|p2a: Lunala\n|-status|p2a: Lunala|par\n|\n|-heal|p2a: Lunala|100/100 par|[from] item: Leftovers\n|upkeep\n|turn|17\n|inactive|Time left: 300 sec this turn | 300 sec total\n|\n|t:|1783573364\n|switch|p1a: Iron Thorns|Iron Thorns, L83, tera:Rock|302/302\n|-activate|p1a: Iron Thorns|move: Sticky Web\n|-unboost|p1a: Iron Thorns|spe|1\n|cant|p2a: Lunala|par\n|\n|upkeep\n|turn|18\n|inactive|Time left: 300 sec this turn | 300 sec total\n|\n|t:|1783573365\n|move|p1a: Iron Thorns|Stone Edge|p2a: Lunala|[miss]\n|-miss|p1a: Iron Thorns|p2a: Lunala\n|move|p2a: Lunala|Moongeist Beam|p1a: Iron Thorns\n|-damage|p1a: Iron Thorns|83/302\n|\n|upkeep\n|turn|19\n|inactive|Time left: 300 sec this turn | 300 sec total\n|\n|t:|1783573366\n|move|p1a: Iron Thorns|Stone Edge|p2a: Lunala\n|-damage|p2a: Lunala|65/100 par\n|move|p2a: Lunala|Moongeist Beam|p1a: Iron Thorns\n|-damage|p1a: Iron Thorns|0 fnt\n|faint|p1a: Iron Thorns\n|-end|p1a: Iron Thorns|Quark Drive|[silent]\n|\n|-heal|p2a: Lunala|71/100 par|[from] item: Leftovers\n|upkeep\n|inactive|Time left: 300 sec this turn | 300 sec total | 5 sec grace\n|\n|t:|1783573367\n|switch|p1a: Kyogre|Kyogre, L71|259/259\n|-activate|p1a: Kyogre|move: Sticky Web\n|-unboost|p1a: Kyogre|spe|1\n|-weather|RainDance|[from] ability: Drizzle|[of] p1a: Kyogre\n|turn|20\n|inactive|Time left: 300 sec this turn | 300 sec total\n|\n|t:|1783573368\n|move|p1a: Kyogre|Calm Mind|p1a: Kyogre\n|-boost|p1a: Kyogre|spa|1\n|-boost|p1a: Kyogre|spd|1\n|move|p2a: Lunala|Moongeist Beam|p1a: Kyogre\n|-damage|p1a: Kyogre|154/259\n|\n|-weather|RainDance|[upkeep]\n|-heal|p1a: Kyogre|170/259|[from] item: Leftovers\n|-heal|p2a: Lunala|77/100 par|[from] item: Leftovers\n|upkeep\n|turn|21\n|inactive|Time left: 300 sec this turn | 300 sec total\n|\n|t:|1783573369\n|move|p1a: Kyogre|Calm Mind|p1a: Kyogre\n|-boost|p1a: Kyogre|spa|1\n|-boost|p1a: Kyogre|spd|1\n|move|p2a: Lunala|Moongeist Beam|p1a: Kyogre\n|-damage|p1a: Kyogre|92/259\n|\n|-weather|RainDance|[upkeep]\n|-heal|p1a: Kyogre|108/259|[from] item: Leftovers\n|-heal|p2a: Lunala|83/100 par|[from] item: Leftovers\n|upkeep\n|turn|22\n|inactive|Time left: 300 sec this turn | 300 sec total\n|\n|t:|1783573370\n|move|p1a: Kyogre|Origin Pulse|p2a: Lunala\n|-damage|p2a: Lunala|24/100 par\n|move|p2a: Lunala|Moongeist Beam|p1a: Kyogre\n|-damage|p1a: Kyogre|23/259\n|\n|-weather|RainDance|[upkeep]\n|-heal|p1a: Kyogre|39/259|[from] item: Leftovers\n|-heal|p2a: Lunala|30/100 par|[from] item: Leftovers\n|upkeep\n|turn|23\n|inactive|Time left: 300 sec this turn | 300 sec total\n|\n|t:|1783573371\n|move|p1a: Kyogre|Origin Pulse|p2a: Lunala|[miss]\n|-miss|p1a: Kyogre|p2a: Lunala\n|move|p2a: Lunala|Moonblast|p1a: Kyogre\n|-damage|p1a: Kyogre|0 fnt\n|faint|p1a: Kyogre\n|\n|-weather|RainDance|[upkeep]\n|-heal|p2a: Lunala|36/100 par|[from] item: Leftovers\n|upkeep\n|inactive|Time left: 300 sec this turn | 300 sec total | 5 sec grace\n|\n|t:|1783573372\n|switch|p1a: Ludicolo|Ludicolo, L90, M|290/290\n|-activate|p1a: Ludicolo|move: Sticky Web\n|-unboost|p1a: Ludicolo|spe|1\n|turn|24\n|inactive|Time left: 300 sec this turn | 300 sec total\n|\n|t:|1783573373\n|move|p1a: Ludicolo|Hydro Pump|p2a: Lunala\n|-damage|p2a: Lunala|0 fnt\n|faint|p2a: Lunala\n|-damage|p1a: Ludicolo|261/290|[from] item: Life Orb\n|\n|-weather|none\n|upkeep\n|\n|t:|1783573374\n|switch|p2a: Qwilfish|Qwilfish-Hisui, L83, F|100/100\n|-ability|p2a: Qwilfish|Intimidate|boost\n|-unboost|p1a: Ludicolo|atk|1\n|turn|25\n|inactive|Time left: 300 sec this turn | 300 sec total\n|\n|t:|1783573375\n|switch|p1a: Regice|Regice, L88|190/284\n|move|p2a: Qwilfish|Gunk Shot|p1a: Regice\n|-damage|p1a: Regice|91/284\n|\n|upkeep\n|turn|26\n|inactive|Time left: 300 sec this turn | 300 sec total\n|\n|t:|1783573376\n|move|p2a: Qwilfish|Gunk Shot|p1a: Regice|[miss]\n|-miss|p2a: Qwilfish|p1a: Regice\n|move|p1a: Regice|Thunderbolt|p2a: Qwilfish\n|-damage|p2a: Qwilfish|71/100\n|\n|upkeep\n|turn|27\n|inactive|Time left: 300 sec this turn | 300 sec total\n|\n|t:|1783573377\n|move|p2a: Qwilfish|Gunk Shot|p1a: Regice\n|-damage|p1a: Regice|0 fnt\n|faint|p1a: Regice\n|\n|upkeep\n|inactive|Time left: 300 sec this turn | 300 sec total | 5 sec grace\n|\n|t:|1783573378\n|switch|p1a: Ludicolo|Ludicolo, L90, M|261/290\n|-activate|p1a: Ludicolo|move: Sticky Web\n|-unboost|p1a: Ludicolo|spe|1\n|turn|28\n|inactive|Time left: 300 sec this turn | 300 sec total\n|\n|t:|1783573378\n|move|p2a: Qwilfish|Gunk Shot|p1a: Ludicolo|[miss]\n|-miss|p2a: Qwilfish|p1a: Ludicolo\n|move|p1a: Ludicolo|Rain Dance|p1a: Ludicolo\n|-weather|RainDance\n|\n|-weather|RainDance|[upkeep]\n|upkeep\n|turn|29\n|inactive|Time left: 300 sec this turn | 300 sec total\n|\n|t:|1783573379\n|move|p1a: Ludicolo|Hydro Pump|p2a: Qwilfish\n|-damage|p2a: Qwilfish|0 fnt\n|faint|p2a: Qwilfish\n|-damage|p1a: Ludicolo|232/290|[from] item: Life Orb\n|\n|-weather|RainDance|[upkeep]\n|upkeep\n|\n|t:|1783573380\n|switch|p2a: Whimsicott|Whimsicott, L84, F|100/100\n|turn|30\n|inactive|Time left: 300 sec this turn | 300 sec total\n|\n|t:|1783573381\n|move|p2a: Whimsicott|U-turn|p1a: Ludicolo\n|-supereffective|p1a: Ludicolo\n|-damage|p1a: Ludicolo|152/290\n|\n|t:|1783573382\n|switch|p2a: Sawsbuck|Sawsbuck-Autumn, L88, F|16/100|[from] U-turn\n|move|p1a: Ludicolo|Giga Drain|p2a: Sawsbuck\n|-ability|p2a: Sawsbuck|Sap Sipper|boost\n|-boost|p2a: Sawsbuck|atk|1\n|\n|-weather|RainDance|[upkeep]\n|upkeep\n|turn|31\n|inactive|Time left: 300 sec this turn | 300 sec total\n|\n|t:|1783573383\n|-terastallize|p2a: Sawsbuck|Ground\n|move|p1a: Ludicolo|Ice Beam|p2a: Sawsbuck\n|-supereffective|p2a: Sawsbuck\n|-damage|p2a: Sawsbuck|0 fnt\n|faint|p2a: Sawsbuck\n|-damage|p1a: Ludicolo|123/290|[from] item: Life Orb\n|\n|-weather|RainDance|[upkeep]\n|upkeep\n|\n|t:|1783573383\n|switch|p2a: Whimsicott|Whimsicott, L84, F|100/100\n|turn|32\n|inactive|Time left: 300 sec this turn | 300 sec total\n|\n|t:|1783573384\n|move|p2a: Whimsicott|U-turn|p1a: Ludicolo\n|-supereffective|p1a: Ludicolo\n|-damage|p1a: Ludicolo|37/290\n|\n|t:|1783573385\n|switch|p2a: Araquanid|Araquanid, L82, M|23/100|[from] U-turn\n|move|p1a: Ludicolo|Ice Beam|p2a: Araquanid\n|-resisted|p2a: Araquanid\n|-damage|p2a: Araquanid|10/100\n|-damage|p1a: Ludicolo|8/290|[from] item: Life Orb\n|\n|-weather|none\n|upkeep\n|turn|33\n|inactive|Time left: 300 sec this turn | 300 sec total\n|\n|t:|1783573386\n|move|p1a: Ludicolo|Hydro Pump|p2a: Araquanid\n|-resisted|p2a: Araquanid\n|-damage|p2a: Araquanid|0 fnt\n|faint|p2a: Araquanid\n|-damage|p1a: Ludicolo|0 fnt|[from] item: Life Orb\n|faint|p1a: Ludicolo\n|\n|win|p0y2896c2b4", "uploadtime": 1783573386, "views": 0, "rating": 0, "private": 0, "password": null, "_winner": "p0y2896c2b4", "_our_name": "p0x28962fa1"}