{"id": "battle-gen9randombattle-1595", "formatid": "gen9randombattle", "format": "[Gen 9] Random Battle", "players": ["p0x15953595", "p0y1595422c"], "log": "|init|battle\n|title|p0x15953595 vs. p0y1595422c\n|j|\u2606p0x15953595\n|j|\u2606p0y1595422c\n|t:|1783557681\n|gametype|singles\n|player|p1|p0x15953595|170|\n|player|p2|p0y1595422c|266|\n|gen|9\n|tier|[Gen 9] Random Battle\n|rule|Species Clause: Limit one of each Pok\u00e9mon\n|rule|HP Percentage Mod: HP is shown in percentages\n|rule|Sleep Clause Mod: Limit one foe put to sleep\n|rule|Illusion Level Mod: Illusion disguises the Pok\u00e9mon's true level\n|\n|t:|1783557681\n|teamsize|p1|6\n|teamsize|p2|6\n|start\n|switch|p1a: Chesnaught|Chesnaught, L84, F|100/100\n|switch|p2a: Quaquaval|Quaquaval, L79, M|264/264\n|turn|1\n|inactive|Battle timer is ON: inactive players will automatically lose when time's up. (requested by p0y1595422c)\n|inactive|p0x15953595 also wants the timer to be on.\n|\n|t:|1783557682\n|switch|p2a: Galvantula|Galvantula, L82, M|249/249\n|move|p1a: Chesnaught|Trailblaze|p2a: Galvantula\n|-resisted|p2a: Galvantula\n|-damage|p2a: Galvantula|209/249\n|-boost|p1a: Chesnaught|spe|1\n|\n|upkeep\n|turn|2\n|inactive|Time left: 300 sec this turn | 300 sec total\n|\n|t:|1783557684\n|move|p1a: Chesnaught|Trailblaze|p2a: Galvantula\n|-resisted|p2a: Galvantula\n|-damage|p2a: Galvantula|172/249\n|-boost|p1a: Chesnaught|spe|1\n|move|p2a: Galvantula|Sticky Web|p1a: Chesnaught\n|-sidestart|p1: p0x15953595|move: Sticky Web\n|\n|upkeep\n|turn|3\n|inactive|Time left: 300 sec this turn | 300 sec total\n|\n|t:|1783557685\n|move|p1a: Chesnaught|Iron Defense|p1a: Chesnaught\n|-boost|p1a: Chesnaught|def|2\n|move|p2a: Galvantula|Thunder|p1a: Chesnaught\n|-resisted|p1a: Chesnaught\n|-damage|p1a: Chesnaught|80/100\n|\n|-heal|p1a: Chesnaught|86/100|[from] item: Leftovers\n|upkeep\n|turn|4\n|inactive|Time left: 300 sec this turn | 300 sec total\n|\n|t:|1783557686\n|move|p1a: Chesnaught|Body Press|p2a: Galvantula\n|-resisted|p2a: Galvantula\n|-damage|p2a: Galvantula|37/249\n|move|p2a: Galvantula|Thunder|p1a: Chesnaught\n|-resisted|p1a: Chesnaught\n|-damage|p1a: Chesnaught|63/100\n|-status|p1a: Chesnaught|par\n|\n|-heal|p1a: Chesnaught|69/100 par|[from] item: Leftovers\n|upkeep\n|turn|5\n|inactive|Time left: 300 sec this turn | 300 sec total\n|\n|t:|1783557687\n|move|p2a: Galvantula|Bug Buzz|p1a: Chesnaught\n|-damage|p1a: Chesnaught|31/100 par\n|move|p1a: Chesnaught|Body Press|p2a: Galvantula\n|-resisted|p2a: Galvantula\n|-damage|p2a: Galvantula|0 fnt\n|faint|p2a: Galvantula\n|\n|-heal|p1a: Chesnaught|37/100 par|[from] item: Leftovers\n|upkeep\n|inactive|Time left: 300 sec this turn | 300 sec total | 5 sec grace\n|\n|t:|1783557688\n|switch|p2a: Duraludon|Duraludon, L82, M|249/249\n|turn|6\n|inactive|Time left: 300 sec this turn | 300 sec total\n|\n|t:|1783557689\n|move|p2a: Duraludon|Flash Cannon|p1a: Chesnaught\n|-damage|p1a: Chesnaught|0 fnt\n|faint|p1a: Chesnaught\n|\n|upkeep\n|\n|t:|1783557690\n|switch|p1a: Lilligant|Lilligant, L86, F|100/100\n|-activate|p1a: Lilligant|move: Sticky Web\n|-unboost|p1a: Lilligant|spe|1\n|turn|7\n|inactive|Time left: 300 sec this turn | 300 sec total\n|\n|t:|1783557691\n|move|p2a: Duraludon|Flash Cannon|p1a: Lilligant\n|-damage|p1a: Lilligant|63/100\n|move|p1a: Lilligant|Quiver Dance|p1a: Lilligant\n|-boost|p1a: Lilligant|spa|1\n|-boost|p1a: Lilligant|spd|1\n|-boost|p1a: Lilligant|spe|1\n|\n|upkeep\n|turn|8\n|inactive|Time left: 300 sec this turn | 300 sec total\n|\n|t:|1783557692\n|move|p1a: Lilligant|Quiver Dance|p1a: Lilligant\n|-boost|p1a: Lilligant|spa|1\n|-boost|p1a: Lilligant|spd|1\n|-boost|p1a: Lilligant|spe|1\n|move|p2a: Duraludon|Flash Cannon|p1a: Lilligant\n|-damage|p1a: Lilligant|43/100\n|\n|upkeep\n|turn|9\n|inactive|Time left: 300 sec this turn | 300 sec total\n|\n|t:|1783557693\n|move|p1a: Lilligant|Sleep Powder|p2a: Duraludon\n|-status|p2a: Duraludon|slp|[from] move: Sleep Powder\n|cant|p2a: Duraludon|slp\n|\n|upkeep\n|turn|10\n|inactive|Time left: 300 sec this turn | 300 sec total\n|\n|t:|1783557694\n|switch|p2a: Flapple|Flapple, L88, M|266/266\n|move|p1a: Lilligant|Quiver Dance|p1a: Lilligant\n|-boost|p1a: Lilligant|spa|1\n|-boost|p1a: Lilligant|spd|1\n|-boost|p1a: Lilligant|spe|1\n|\n|upkeep\n|turn|11\n|inactive|Time left: 300 sec this turn | 300 sec total\n|\n|t:|1783557695\n|move|p2a: Flapple|Sucker Punch|p1a: Lilligant\n|-damage|p1a: Lilligant|8/100\n|move|p1a: Lilligant|Tera Blast|p2a: Flapple\n|-damage|p2a: Flapple|19/266\n|-damage|p1a: Lilligant|0 fnt|[from] item: Life Orb\n|faint|p1a: Lilligant\n|\n|upkeep\n|\n|t:|1783557696\n|switch|p1a: Dodrio|Dodrio, L85, F|100/100\n|turn|12\n|inactive|Time left: 300 sec this turn | 300 sec total\n|\n|t:|1783557697\n|move|p2a: Flapple|Sucker Punch|p1a: Dodrio\n|-damage|p1a: Dodrio|58/100\n|move|p1a: Dodrio|Brave Bird|p2a: Flapple\n|-supereffective|p2a: Flapple\n|-damage|p2a: Flapple|0 fnt\n|faint|p2a: Flapple\n|-damage|p1a: Dodrio|56/100|[from] Recoil\n|\n|upkeep\n|inactive|Time left: 300 sec this turn | 300 sec total | 5 sec grace\n|\n|t:|1783557698\n|switch|p2a: Persian|Persian, L92, M|269/269\n|turn|13\n|inactive|Time left: 300 sec this turn | 300 sec total\n|\n|t:|1783557699\n|switch|p1a: Bisharp|Bisharp, L79, F|100/100\n|-activate|p1a: Bisharp|move: Sticky Web\n|-unboost|p1a: Bisharp|spe|1\n|-ability|p1a: Bisharp|Defiant|boost\n|-boost|p1a: Bisharp|atk|2\n|move|p2a: Persian|Double-Edge|p1a: Bisharp\n|-resisted|p1a: Bisharp\n|-damage|p1a: Bisharp|80/100\n|-damage|p2a: Persian|253/269|[from] Recoil\n|\n|upkeep\n|turn|14\n|inactive|Time left: 300 sec this turn | 300 sec total\n|\n|t:|1783557700\n|switch|p2a: Quaquaval|Quaquaval, L79, M|264/264\n|move|p1a: Bisharp|Throat Chop|p2a: Quaquaval\n|-resisted|p2a: Quaquaval\n|-damage|p2a: Quaquaval|154/264\n|-start|p2a: Quaquaval|Throat Chop|[silent]\n|\n|upkeep\n|turn|15\n|inactive|Time left: 300 sec this turn | 300 sec total\n|\n|t:|1783557701\n|-terastallize|p1a: Bisharp|Flying\n|move|p2a: Quaquaval|Close Combat|p1a: Bisharp\n|-resisted|p1a: Bisharp\n|-damage|p1a: Bisharp|56/100\n|-unboost|p2a: Quaquaval|def|1\n|-unboost|p2a: Quaquaval|spd|1\n|-damage|p2a: Quaquaval|128/264|[from] item: Life Orb\n|move|p1a: Bisharp|Throat Chop|p2a: Quaquaval\n|-resisted|p2a: Quaquaval\n|-damage|p2a: Quaquaval|0 fnt\n|faint|p2a: Quaquaval\n|\n|upkeep\n|inactive|Time left: 300 sec this turn | 300 sec total | 5 sec grace\n|\n|t:|1783557701\n|switch|p2a: Persian|Persian, L92, M|253/269\n|turn|16\n|inactive|Time left: 300 sec this turn | 300 sec total\n|\n|t:|1783557702\n|move|p2a: Persian|Fake Out|p1a: Bisharp\n|-damage|p1a: Bisharp|35/100\n|cant|p1a: Bisharp|flinch\n|\n|upkeep\n|turn|17\n|inactive|Time left: 300 sec this turn | 300 sec total\n|\n|t:|1783557704\n|move|p1a: Bisharp|Sucker Punch|p2a: Persian\n|-damage|p2a: Persian|54/269\n|move|p2a: Persian|Double-Edge|p1a: Bisharp\n|-damage|p1a: Bisharp|0 fnt\n|faint|p1a: Bisharp\n|-damage|p2a: Persian|28/269|[from] Recoil\n|\n|upkeep\n|\n|t:|1783557704\n|switch|p1a: Hariyama|Hariyama, L87, M|100/100\n|-activate|p1a: Hariyama|move: Sticky Web\n|-unboost|p1a: Hariyama|spe|1\n|turn|18\n|inactive|Time left: 300 sec this turn | 300 sec total\n|\n|t:|1783557706\n|move|p2a: Persian|Knock Off|p1a: Hariyama\n|-resisted|p1a: Hariyama\n|-damage|p1a: Hariyama|90/100\n|-enditem|p1a: Hariyama|Assault Vest|[from] move: Knock Off|[of] p2a: Persian\n|move|p1a: Hariyama|Knock Off|p2a: Persian\n|-damage|p2a: Persian|0 fnt\n|-enditem|p2a: Persian|Silk Scarf|[from] move: Knock Off|[of] p1a: Hariyama\n|faint|p2a: Persian\n|\n|upkeep\n|inactive|Time left: 300 sec this turn | 300 sec total | 5 sec grace\n|\n|t:|1783557707\n|switch|p2a: Duraludon|Duraludon, L82, M|249/249 slp\n|turn|19\n|inactive|Time left: 300 sec this turn | 300 sec total\n|\n|t:|1783557708\n|cant|p2a: Duraludon|slp\n|move|p1a: Hariyama|Close Combat|p2a: Duraludon\n|-supereffective|p2a: Duraludon\n|-crit|p2a: Duraludon\n|-damage|p2a: Duraludon|0 fnt\n|-unboost|p1a: Hariyama|def|1\n|-unboost|p1a: Hariyama|spd|1\n|faint|p2a: Duraludon\n|\n|upkeep\n|inactive|Time left: 300 sec this turn | 300 sec total | 5 sec grace\n|\n|t:|1783557709\n|switch|p2a: Hitmonlee|Hitmonlee, L85, M|224/224\n|turn|20\n|inactive|Time left: 300 sec this turn | 300 sec total\n|\n|t:|1783557710\n|move|p2a: Hitmonlee|Close Combat|p1a: Hariyama\n|-damage|p1a: Hariyama|15/100\n|-unboost|p2a: Hitmonlee|def|1\n|-unboost|p2a: Hitmonlee|spd|1\n|-enditem|p2a: Hitmonlee|White Herb\n|-clearnegativeboost|p2a: Hitmonlee|[silent]\n|move|p1a: Hariyama|Close Combat|p2a: Hitmonlee\n|-damage|p2a: Hitmonlee|0 fnt\n|-unboost|p1a: Hariyama|def|1\n|-unboost|p1a: Hariyama|spd|1\n|faint|p2a: Hitmonlee\n|\n|win|p0x15953595", "uploadtime": 1783557710, "views": 0, "rating": 0, "private": 0, "password": null, "_winner": "p0x15953595", "_our_name": "p0y1595422c"}