{"id": "battle-gen9randombattle-1005", "formatid": "gen9randombattle", "format": "[Gen 9] Random Battle", "players": ["p0x10057161", "p0y1005a30e"], "log": "|init|battle\n|title|p0x10057161 vs. p0y1005a30e\n|j|\u2606p0x10057161\n|j|\u2606p0y1005a30e\n|t:|1783550824\n|gametype|singles\n|player|p1|p0x10057161|101|\n|player|p2|p0y1005a30e|2|\n|gen|9\n|tier|[Gen 9] Random Battle\n|rule|Species Clause: Limit one of each Pok\u00e9mon\n|rule|HP Percentage Mod: HP is shown in percentages\n|rule|Sleep Clause Mod: Limit one foe put to sleep\n|rule|Illusion Level Mod: Illusion disguises the Pok\u00e9mon's true level\n|\n|t:|1783550824\n|teamsize|p1|6\n|teamsize|p2|6\n|start\n|switch|p1a: Mienshao|Mienshao, L83, F|100/100\n|switch|p2a: Delphox|Delphox, L84, F|263/263\n|turn|1\n|inactive|Battle timer is ON: inactive players will automatically lose when time's up. (requested by p0x10057161)\n|inactive|Time left: 300 sec this turn | 300 sec total | 60 sec grace\n|inactive|p0y1005a30e also wants the timer to be on.\n|\n|t:|1783550825\n|switch|p1a: Oranguru|Oranguru, L92, F|100/100\n|move|p2a: Delphox|Psyshock|p1a: Oranguru\n|-resisted|p1a: Oranguru\n|-crit|p1a: Oranguru\n|-damage|p1a: Oranguru|77/100\n|\n|upkeep\n|turn|2\n|inactive|Time left: 300 sec this turn | 300 sec total\n|\n|t:|1783550826\n|move|p2a: Delphox|Nasty Plot|p2a: Delphox\n|-boost|p2a: Delphox|spa|2\n|move|p1a: Oranguru|Hyper Voice|p2a: Delphox\n|-damage|p2a: Delphox|127/263\n|\n|upkeep\n|turn|3\n|inactive|Time left: 300 sec this turn | 300 sec total\n|\n|t:|1783550827\n|switch|p2a: Flutter Mane|Flutter Mane, L74|203/203\n|move|p1a: Oranguru|Hyper Voice|p2a: Flutter Mane\n|-immune|p2a: Flutter Mane\n|\n|upkeep\n|turn|4\n|inactive|Time left: 300 sec this turn | 300 sec total\n|\n|t:|1783550828\n|move|p2a: Flutter Mane|Moonblast|p1a: Oranguru\n|-damage|p1a: Oranguru|38/100\n|-unboost|p1a: Oranguru|spa|1\n|move|p1a: Oranguru|Hyper Voice|p2a: Flutter Mane\n|-immune|p2a: Flutter Mane\n|\n|upkeep\n|turn|5\n|inactive|Time left: 300 sec this turn | 300 sec total\n|\n|t:|1783550829\n|switch|p1a: Sunflora|Sunflora, M|100/100\n|move|p2a: Flutter Mane|Moonblast|p1a: Sunflora\n|-damage|p1a: Sunflora|59/100\n|-unboost|p1a: Sunflora|spa|1\n|\n|upkeep\n|turn|6\n|inactive|Time left: 300 sec this turn | 300 sec total\n|\n|t:|1783550831\n|move|p2a: Flutter Mane|Moonblast|p1a: Sunflora\n|-damage|p1a: Sunflora|15/100\n|move|p1a: Sunflora|Leaf Storm|p2a: Flutter Mane\n|-damage|p2a: Flutter Mane|29/203\n|-unboost|p1a: Sunflora|spa|2\n|\n|upkeep\n|turn|7\n|inactive|Time left: 300 sec this turn | 300 sec total\n|\n|t:|1783550832\n|switch|p1a: Misdreavus|Misdreavus, L90, F|100/100\n|move|p2a: Flutter Mane|Moonblast|p1a: Misdreavus\n|-damage|p1a: Misdreavus|65/100\n|-unboost|p1a: Misdreavus|spa|1\n|\n|upkeep\n|turn|8\n|inactive|Time left: 300 sec this turn | 300 sec total\n|\n|t:|1783550833\n|move|p2a: Flutter Mane|Moonblast|p1a: Misdreavus\n|-damage|p1a: Misdreavus|27/100\n|move|p1a: Misdreavus|Shadow Ball|p2a: Flutter Mane\n|-supereffective|p2a: Flutter Mane\n|-damage|p2a: Flutter Mane|0 fnt\n|faint|p2a: Flutter Mane\n|-end|p2a: Flutter Mane|Protosynthesis|[silent]\n|\n|upkeep\n|inactive|Time left: 300 sec this turn | 300 sec total | 5 sec grace\n|\n|t:|1783550834\n|switch|p2a: Delphox|Delphox, L84, F|127/263\n|turn|9\n|inactive|Time left: 300 sec this turn | 300 sec total\n|\n|t:|1783550835\n|move|p2a: Delphox|Fire Blast|p1a: Misdreavus\n|-crit|p1a: Misdreavus\n|-damage|p1a: Misdreavus|0 fnt\n|faint|p1a: Misdreavus\n|\n|upkeep\n|\n|t:|1783550836\n|switch|p1a: Oranguru|Oranguru, L92, F|38/100\n|turn|10\n|inactive|Time left: 300 sec this turn | 300 sec total\n|\n|t:|1783550837\n|switch|p2a: Trevenant|Trevenant, L89, M|296/296\n|move|p1a: Oranguru|Hyper Voice|p2a: Trevenant\n|-immune|p2a: Trevenant\n|\n|upkeep\n|turn|11\n|inactive|Time left: 300 sec this turn | 300 sec total\n|\n|t:|1783550839\n|move|p1a: Oranguru|Hyper Voice|p2a: Trevenant\n|-immune|p2a: Trevenant\n|move|p2a: Trevenant|Wood Hammer|p1a: Oranguru\n|-damage|p1a: Oranguru|0 fnt\n|faint|p1a: Oranguru\n|-damage|p2a: Trevenant|257/296|[from] Recoil\n|-damage|p2a: Trevenant|228/296|[from] item: Life Orb\n|\n|upkeep\n|\n|t:|1783550840\n|switch|p1a: Mienshao|Mienshao, L83, F|100/100\n|turn|12\n|inactive|Time left: 300 sec this turn | 300 sec total\n|\n|t:|1783550841\n|move|p1a: Mienshao|Knock Off|p2a: Trevenant\n|-supereffective|p2a: Trevenant\n|-damage|p2a: Trevenant|0 fnt\n|-enditem|p2a: Trevenant|Life Orb|[from] move: Knock Off|[of] p1a: Mienshao\n|faint|p2a: Trevenant\n|\n|upkeep\n|inactive|Time left: 300 sec this turn | 300 sec total | 5 sec grace\n|\n|t:|1783550842\n|switch|p2a: Rhyperior|Rhyperior, L82, F|323/323\n|turn|13\n|inactive|Time left: 300 sec this turn | 300 sec total\n|\n|t:|1783550843\n|move|p1a: Mienshao|Knock Off|p2a: Rhyperior\n|-damage|p2a: Rhyperior|227/323\n|-enditem|p2a: Rhyperior|Choice Band|[from] move: Knock Off|[of] p1a: Mienshao\n|move|p2a: Rhyperior|Earthquake|p1a: Mienshao\n|-damage|p1a: Mienshao|33/100\n|\n|upkeep\n|turn|14\n|inactive|Time left: 300 sec this turn | 300 sec total\n|\n|t:|1783550844\n|switch|p1a: Poliwrath|Poliwrath, L88, M|100/100\n|move|p2a: Rhyperior|Earthquake|p1a: Poliwrath\n|-damage|p1a: Poliwrath|63/100\n|\n|-heal|p1a: Poliwrath|69/100|[from] item: Leftovers\n|upkeep\n|turn|15\n|inactive|Time left: 300 sec this turn | 300 sec total\n|\n|t:|1783550845\n|switch|p2a: Luxray|Luxray, L88, M|284/284\n|-ability|p2a: Luxray|Intimidate|boost\n|-unboost|p1a: Poliwrath|atk|1\n|move|p1a: Poliwrath|Bulk Up|p1a: Poliwrath\n|-boost|p1a: Poliwrath|atk|1\n|-boost|p1a: Poliwrath|def|1\n|\n|-heal|p1a: Poliwrath|75/100|[from] item: Leftovers\n|upkeep\n|turn|16\n|inactive|Time left: 300 sec this turn | 300 sec total\n|\n|t:|1783550846\n|move|p2a: Luxray|Volt Switch|p1a: Poliwrath\n|-supereffective|p1a: Poliwrath\n|-damage|p1a: Poliwrath|28/100\n|inactive|Time left: 300 sec this turn | 300 sec total | 5 sec grace\n|\n|t:|1783550847\n|switch|p2a: Delphox|Delphox, L84, F|127/263|[from] Volt Switch\n|move|p1a: Poliwrath|Bulk Up|p1a: Poliwrath\n|-boost|p1a: Poliwrath|atk|1\n|-boost|p1a: Poliwrath|def|1\n|\n|-heal|p1a: Poliwrath|34/100|[from] item: Leftovers\n|upkeep\n|turn|17\n|inactive|Time left: 300 sec this turn | 300 sec total\n|\n|t:|1783550848\n|move|p2a: Delphox|Grass Knot|p1a: Poliwrath\n|-supereffective|p1a: Poliwrath\n|-damage|p1a: Poliwrath|0 fnt\n|faint|p1a: Poliwrath\n|\n|upkeep\n|\n|t:|1783550850\n|switch|p1a: Vikavolt|Vikavolt, L83, M|100/100\n|turn|18\n|inactive|Time left: 300 sec this turn | 300 sec total\n|\n|t:|1783550851\n|-terastallize|p1a: Vikavolt|Electric\n|move|p2a: Delphox|Fire Blast|p1a: Vikavolt\n|-damage|p1a: Vikavolt|39/100\n|move|p1a: Vikavolt|Discharge|p2a: Delphox\n|-damage|p2a: Delphox|0 fnt\n|faint|p2a: Delphox\n|\n|upkeep\n|inactive|Time left: 300 sec this turn | 300 sec total | 5 sec grace\n|\n|t:|1783550852\n|switch|p2a: Crawdaunt|Crawdaunt, L84, F|243/243\n|turn|19\n|inactive|Time left: 300 sec this turn | 300 sec total\n|\n|t:|1783550853\n|move|p2a: Crawdaunt|Knock Off|p1a: Vikavolt\n|-damage|p1a: Vikavolt|0 fnt\n|-enditem|p1a: Vikavolt|Heavy-Duty Boots|[from] move: Knock Off|[of] p2a: Crawdaunt\n|faint|p1a: Vikavolt\n|-damage|p2a: Crawdaunt|219/243|[from] item: Life Orb\n|\n|upkeep\n|\n|t:|1783550854\n|switch|p1a: Mienshao|Mienshao, L83, F|33/100\n|turn|20\n|inactive|Time left: 300 sec this turn | 300 sec total\n|\n|t:|1783550855\n|-terastallize|p2a: Crawdaunt|Water\n|move|p2a: Crawdaunt|Aqua Jet|p1a: Mienshao\n|-damage|p1a: Mienshao|0 fnt\n|faint|p1a: Mienshao\n|-damage|p2a: Crawdaunt|195/243|[from] item: Life Orb\n|\n|upkeep\n|\n|t:|1783550856\n|switch|p1a: Sunflora|Sunflora, M|15/100\n|turn|21\n|inactive|Time left: 300 sec this turn | 300 sec total\n|\n|t:|1783550856\n|move|p2a: Crawdaunt|Aqua Jet|p1a: Sunflora\n|-resisted|p1a: Sunflora\n|-damage|p1a: Sunflora|0 fnt\n|faint|p1a: Sunflora\n|-damage|p2a: Crawdaunt|171/243|[from] item: Life Orb\n|\n|win|p0y1005a30e", "uploadtime": 1783550856, "views": 0, "rating": 0, "private": 0, "password": null, "_winner": "p0y1005a30e", "_our_name": "p0y1005a30e"}