{"id": "battle-gen9randombattle-2721", "formatid": "gen9randombattle", "format": "[Gen 9] Random Battle", "players": ["p0x2721a753", "p0y27212ee0"], "log": "|init|battle\n|title|p0x2721a753 vs. p0y27212ee0\n|j|\u2606p0x2721a753\n|j|\u2606p0y27212ee0\n|t:|1783570363\n|gametype|singles\n|player|p1|p0x2721a753|101|\n|player|p2|p0y27212ee0|102|\n|gen|9\n|tier|[Gen 9] Random Battle\n|rule|Species Clause: Limit one of each Pok\u00e9mon\n|rule|HP Percentage Mod: HP is shown in percentages\n|rule|Sleep Clause Mod: Limit one foe put to sleep\n|rule|Illusion Level Mod: Illusion disguises the Pok\u00e9mon's true level\n|\n|t:|1783570363\n|teamsize|p1|6\n|teamsize|p2|6\n|start\n|switch|p1a: Houndstone|Houndstone, L86, M|100/100\n|switch|p2a: Munkidori|Munkidori, L79, M|269/269\n|turn|1\n|inactive|Battle timer is ON: inactive players will automatically lose when time's up. (requested by p0y27212ee0)\n|inactive|p0x2721a753 also wants the timer to be on.\n|\n|t:|1783570364\n|move|p2a: Munkidori|Psyshock|p1a: Houndstone\n|-damage|p1a: Houndstone|56/100\n|-status|p1a: Houndstone|tox|[from] ability: Toxic Chain|[of] p2a: Munkidori\n|-damage|p2a: Munkidori|243/269|[from] item: Life Orb\n|move|p1a: Houndstone|Poltergeist|p2a: Munkidori\n|-activate|p2a: Munkidori|move: Poltergeist|Life Orb\n|-supereffective|p2a: Munkidori\n|-damage|p2a: Munkidori|0 fnt\n|faint|p2a: Munkidori\n|\n|-heal|p1a: Houndstone|62/100 tox|[from] item: Leftovers\n|-damage|p1a: Houndstone|56/100 tox|[from] psn\n|upkeep\n|inactive|Time left: 300 sec this turn | 300 sec total | 65 sec grace\n|\n|t:|1783570365\n|switch|p2a: Blastoise|Blastoise, L80, F|258/258\n|turn|2\n|inactive|Time left: 300 sec this turn | 300 sec total\n|\n|t:|1783570367\n|switch|p1a: Eelektross|Eelektross, L87, M|100/100\n|move|p2a: Blastoise|Shell Smash|p2a: Blastoise\n|-unboost|p2a: Blastoise|def|1\n|-unboost|p2a: Blastoise|spd|1\n|-boost|p2a: Blastoise|atk|2\n|-boost|p2a: Blastoise|spa|2\n|-boost|p2a: Blastoise|spe|2\n|-enditem|p2a: Blastoise|White Herb\n|-clearnegativeboost|p2a: Blastoise|[silent]\n|\n|upkeep\n|turn|3\n|inactive|Time left: 300 sec this turn | 300 sec total\n|\n|t:|1783570368\n|move|p2a: Blastoise|Hydro Pump|p1a: Eelektross|[miss]\n|-miss|p2a: Blastoise|p1a: Eelektross\n|move|p1a: Eelektross|Supercell Slam|p2a: Blastoise\n|-supereffective|p2a: Blastoise\n|-damage|p2a: Blastoise|0 fnt\n|faint|p2a: Blastoise\n|\n|upkeep\n|inactive|Time left: 300 sec this turn | 300 sec total | 5 sec grace\n|\n|t:|1783570369\n|switch|p2a: Mew|Mew, L82|298/298\n|turn|4\n|inactive|Time left: 300 sec this turn | 300 sec total\n|\n|t:|1783570370\n|move|p2a: Mew|Swords Dance|p2a: Mew\n|-boost|p2a: Mew|atk|2\n|move|p1a: Eelektross|Coil|p1a: Eelektross\n|-boost|p1a: Eelektross|atk|1\n|-boost|p1a: Eelektross|def|1\n|-boost|p1a: Eelektross|accuracy|1\n|\n|upkeep\n|turn|5\n|inactive|Time left: 300 sec this turn | 300 sec total\n|\n|t:|1783570371\n|move|p2a: Mew|Psychic Fangs|p1a: Eelektross\n|-damage|p1a: Eelektross|51/100\n|-damage|p2a: Mew|269/298|[from] item: Life Orb\n|move|p1a: Eelektross|Knock Off|p2a: Mew\n|-supereffective|p2a: Mew\n|-damage|p2a: Mew|29/298\n|-enditem|p2a: Mew|Life Orb|[from] move: Knock Off|[of] p1a: Eelektross\n|\n|-heal|p1a: Eelektross|57/100|[from] item: Leftovers\n|upkeep\n|turn|6\n|inactive|Time left: 300 sec this turn | 300 sec total\n|\n|t:|1783570373\n|-terastallize|p2a: Mew|Fighting\n|move|p2a: Mew|Close Combat|p1a: Eelektross\n|-damage|p1a: Eelektross|1/100\n|-unboost|p2a: Mew|def|1\n|-unboost|p2a: Mew|spd|1\n|move|p1a: Eelektross|Drain Punch|p2a: Mew\n|-damage|p2a: Mew|0 fnt\n|-heal|p1a: Eelektross|6/100|[from] drain|[of] p2a: Mew\n|faint|p2a: Mew\n|\n|-heal|p1a: Eelektross|12/100|[from] item: Leftovers\n|upkeep\n|inactive|Time left: 300 sec this turn | 300 sec total | 5 sec grace\n|\n|t:|1783570374\n|switch|p2a: Komala|Komala, L87, M|255/255\n|-ability|p2a: Komala|Comatose\n|turn|7\n|inactive|Time left: 300 sec this turn | 300 sec total\n|\n|t:|1783570374\n|switch|p1a: Houndstone|Houndstone, L86, M|56/100 tox\n|move|p2a: Komala|Body Slam|p1a: Houndstone\n|-immune|p1a: Houndstone\n|\n|-heal|p1a: Houndstone|62/100 tox|[from] item: Leftovers\n|-damage|p1a: Houndstone|56/100 tox|[from] psn\n|upkeep\n|turn|8\n|inactive|Time left: 300 sec this turn | 300 sec total\n|\n|t:|1783570375\n|move|p1a: Houndstone|Body Press|p2a: Komala\n|-supereffective|p2a: Komala\n|-damage|p2a: Komala|117/255\n|move|p2a: Komala|Knock Off|p1a: Houndstone\n|-supereffective|p1a: Houndstone\n|-damage|p1a: Houndstone|26/100 tox\n|-enditem|p1a: Houndstone|Leftovers|[from] move: Knock Off|[of] p2a: Komala\n|\n|-damage|p1a: Houndstone|14/100 tox|[from] psn\n|upkeep\n|turn|9\n|inactive|Time left: 300 sec this turn | 300 sec total\n|\n|t:|1783570376\n|switch|p2a: Tauros|Tauros-Paldea-Aqua, L81, M|252/252\n|move|p1a: Houndstone|Rest|p1a: Houndstone\n|-status|p1a: Houndstone|slp|[from] move: Rest\n|-heal|p1a: Houndstone|100/100 slp|[silent]\n|\n|upkeep\n|turn|10\n|inactive|Time left: 300 sec this turn | 300 sec total\n|\n|t:|1783570377\n|switch|p1a: Palossand|Palossand, L89, F|100/100\n|move|p2a: Tauros|Bulk Up|p2a: Tauros\n|-boost|p2a: Tauros|atk|1\n|-boost|p2a: Tauros|def|1\n|\n|upkeep\n|turn|11\n|inactive|Time left: 300 sec this turn | 300 sec total\n|\n|t:|1783570378\n|move|p2a: Tauros|Bulk Up|p2a: Tauros\n|-boost|p2a: Tauros|atk|1\n|-boost|p2a: Tauros|def|1\n|move|p1a: Palossand|Sludge Bomb|p2a: Tauros\n|-damage|p2a: Tauros|165/252\n|\n|upkeep\n|turn|12\n|inactive|Time left: 300 sec this turn | 300 sec total\n|\n|t:|1783570379\n|-terastallize|p1a: Palossand|Water\n|move|p2a: Tauros|Substitute|p2a: Tauros\n|-start|p2a: Tauros|Substitute\n|-damage|p2a: Tauros|102/252\n|-enditem|p2a: Tauros|Sitrus Berry|[eat]\n|-heal|p2a: Tauros|165/252|[from] item: Sitrus Berry\n|move|p1a: Palossand|Earth Power|p2a: Tauros\n|-end|p2a: Tauros|Substitute\n|\n|upkeep\n|turn|13\n|inactive|Time left: 300 sec this turn | 300 sec total\n|\n|t:|1783570380\n|move|p2a: Tauros|Close Combat|p1a: Palossand\n|-damage|p1a: Palossand|28/100\n|-unboost|p2a: Tauros|def|1\n|-unboost|p2a: Tauros|spd|1\n|move|p1a: Palossand|Earth Power|p2a: Tauros\n|-damage|p2a: Tauros|0 fnt\n|faint|p2a: Tauros\n|\n|-heal|p1a: Palossand|34/100|[from] item: Leftovers\n|upkeep\n|inactive|Time left: 300 sec this turn | 300 sec total | 5 sec grace\n|\n|t:|1783570381\n|switch|p2a: Komala|Komala, L87, M|117/255\n|-ability|p2a: Komala|Comatose\n|turn|14\n|inactive|Time left: 300 sec this turn | 300 sec total\n|\n|t:|1783570382\n|move|p2a: Komala|Body Slam|p1a: Palossand\n|-damage|p1a: Palossand|3/100\n|move|p1a: Palossand|Shore Up|p1a: Palossand\n|-heal|p1a: Palossand|53/100\n|\n|-heal|p1a: Palossand|59/100|[from] item: Leftovers\n|upkeep\n|turn|15\n|inactive|Time left: 300 sec this turn | 300 sec total\n|\n|t:|1783570383\n|switch|p1a: Kingdra|Kingdra, L84, F|100/100\n|move|p2a: Komala|Body Slam|p1a: Kingdra\n|-damage|p1a: Kingdra|62/100\n|-status|p1a: Kingdra|par\n|-enditem|p1a: Kingdra|Lum Berry|[eat]\n|-curestatus|p1a: Kingdra|par|[msg]\n|\n|upkeep\n|turn|16\n|inactive|Time left: 300 sec this turn | 300 sec total\n|\n|t:|1783570384\n|move|p1a: Kingdra|Wave Crash|p2a: Komala\n|-damage|p2a: Komala|0 fnt\n|faint|p2a: Komala\n|-damage|p1a: Kingdra|47/100|[from] Recoil\n|\n|upkeep\n|inactive|Time left: 300 sec this turn | 300 sec total | 5 sec grace\n|\n|t:|1783570385\n|switch|p2a: Ditto|Ditto, L87|225/225\n|-transform|p2a: Ditto|p1a: Kingdra|[from] ability: Imposter\n|turn|17\n|inactive|Time left: 300 sec this turn | 300 sec total\n|\n|t:|1783570386\n|move|p2a: Ditto|Outrage|p1a: Kingdra\n|-supereffective|p1a: Kingdra\n|-damage|p1a: Kingdra|0 fnt\n|faint|p1a: Kingdra\n|\n|upkeep\n|\n|t:|1783570387\n|switch|p1a: Weavile|Weavile, L79, F|100/100\n|turn|18\n|inactive|Time left: 300 sec this turn | 300 sec total\n|\n|t:|1783570388\n|move|p2a: Ditto|Outrage|p1a: Weavile|[from] lockedmove\n|-damage|p1a: Weavile|28/100\n|-start|p2a: Ditto|confusion|[fatigue]\n|move|p1a: Weavile|Knock Off|p2a: Ditto\n|-damage|p2a: Ditto|60/225\n|-enditem|p2a: Ditto|Choice Scarf|[from] move: Knock Off|[of] p1a: Weavile\n|\n|upkeep\n|turn|19\n|inactive|Time left: 300 sec this turn | 300 sec total\n|\n|t:|1783570388\n|move|p1a: Weavile|Knock Off|p2a: Ditto\n|-damage|p2a: Ditto|0 fnt\n|faint|p2a: Ditto\n|\n|win|p0x2721a753", "uploadtime": 1783570388, "views": 0, "rating": 0, "private": 0, "password": null, "_winner": "p0x2721a753", "_our_name": "p0y27212ee0"}