{"id": "battle-gen9randombattle-1331", "formatid": "gen9randombattle", "format": "[Gen 9] Random Battle", "players": ["p0x1331eed2", "p0y1331afbd"], "log": "|init|battle\n|title|p0x1331eed2 vs. p0y1331afbd\n|j|\u2606p0x1331eed2\n|j|\u2606p0y1331afbd\n|t:|1783554585\n|gametype|singles\n|player|p1|p0x1331eed2|266|\n|player|p2|p0y1331afbd|101|\n|gen|9\n|tier|[Gen 9] Random Battle\n|rule|Species Clause: Limit one of each Pok\u00e9mon\n|rule|HP Percentage Mod: HP is shown in percentages\n|rule|Sleep Clause Mod: Limit one foe put to sleep\n|rule|Illusion Level Mod: Illusion disguises the Pok\u00e9mon's true level\n|\n|t:|1783554585\n|teamsize|p1|6\n|teamsize|p2|6\n|start\n|switch|p1a: Latios|Latios, L78, M|100/100\n|switch|p2a: Infernape|Infernape, L82, F|259/259\n|turn|1\n|inactive|Battle timer is ON: inactive players will automatically lose when time's up. (requested by p0x1331eed2)\n|inactive|Time left: 300 sec this turn | 300 sec total | 60 sec grace\n|inactive|p0y1331afbd also wants the timer to be on.\n|\n|t:|1783554586\n|move|p2a: Infernape|Knock Off|p1a: Latios\n|-supereffective|p1a: Latios\n|-damage|p1a: Latios|12/100\n|-enditem|p1a: Latios|Soul Dew|[from] move: Knock Off|[of] p2a: Infernape\n|-damage|p2a: Infernape|234/259|[from] item: Life Orb\n|move|p1a: Latios|Psyshock|p2a: Infernape\n|-supereffective|p2a: Infernape\n|-damage|p2a: Infernape|0 fnt\n|faint|p2a: Infernape\n|\n|upkeep\n|inactive|Time left: 300 sec this turn | 300 sec total | 65 sec grace\n|\n|t:|1783554587\n|switch|p2a: Overqwil|Overqwil, L82, M|274/274\n|-ability|p2a: Overqwil|Intimidate|boost\n|-unboost|p1a: Latios|atk|1\n|turn|2\n|inactive|Time left: 300 sec this turn | 300 sec total\n|\n|t:|1783554589\n|move|p1a: Latios|Draco Meteor|p2a: Overqwil\n|-damage|p2a: Overqwil|96/274\n|-unboost|p1a: Latios|spa|2\n|move|p2a: Overqwil|Swords Dance|p2a: Overqwil\n|-boost|p2a: Overqwil|atk|2\n|\n|upkeep\n|turn|3\n|inactive|Time left: 300 sec this turn | 300 sec total\n|\n|t:|1783554590\n|move|p1a: Latios|Draco Meteor|p2a: Overqwil\n|-damage|p2a: Overqwil|5/274\n|-unboost|p1a: Latios|spa|2\n|move|p2a: Overqwil|Swords Dance|p2a: Overqwil\n|-boost|p2a: Overqwil|atk|2\n|\n|upkeep\n|turn|4\n|inactive|Time left: 300 sec this turn | 300 sec total\n|\n|t:|1783554591\n|move|p1a: Latios|Draco Meteor|p2a: Overqwil\n|-damage|p2a: Overqwil|0 fnt\n|-unboost|p1a: Latios|spa|2\n|faint|p2a: Overqwil\n|\n|upkeep\n|inactive|Time left: 300 sec this turn | 300 sec total | 5 sec grace\n|\n|t:|1783554592\n|switch|p2a: Iron Leaves|Iron Leaves, L80|275/275\n|turn|5\n|inactive|Time left: 300 sec this turn | 300 sec total\n|\n|t:|1783554593\n|switch|p1a: Arbok|Arbok, L87, M|100/100\n|-ability|p1a: Arbok|Intimidate|boost\n|-unboost|p2a: Iron Leaves|atk|1\n|move|p2a: Iron Leaves|Swords Dance|p2a: Iron Leaves\n|-boost|p2a: Iron Leaves|atk|2\n|\n|upkeep\n|turn|6\n|inactive|Time left: 300 sec this turn | 300 sec total\n|\n|t:|1783554594\n|switch|p1a: Latios|Latios, L78, M|12/100\n|move|p2a: Iron Leaves|Psyblade|p1a: Latios\n|-resisted|p1a: Latios\n|-damage|p1a: Latios|0 fnt\n|faint|p1a: Latios\n|-damage|p2a: Iron Leaves|248/275|[from] item: Life Orb\n|\n|upkeep\n|\n|t:|1783554595\n|switch|p1a: Iron Bundle|Iron Bundle, L78|100/100\n|turn|7\n|inactive|Time left: 300 sec this turn | 300 sec total\n|\n|t:|1783554597\n|move|p1a: Iron Bundle|Ice Beam|p2a: Iron Leaves\n|-supereffective|p2a: Iron Leaves\n|-damage|p2a: Iron Leaves|0 fnt\n|faint|p2a: Iron Leaves\n|-end|p2a: Iron Leaves|Quark Drive|[silent]\n|\n|upkeep\n|inactive|Time left: 300 sec this turn | 300 sec total | 5 sec grace\n|\n|t:|1783554597\n|switch|p2a: Bastiodon|Bastiodon, L89, F|252/252\n|turn|8\n|inactive|Time left: 300 sec this turn | 300 sec total\n|\n|t:|1783554599\n|move|p1a: Iron Bundle|Ice Beam|p2a: Bastiodon\n|-resisted|p2a: Bastiodon\n|-damage|p2a: Bastiodon|204/252\n|move|p2a: Bastiodon|Iron Defense|p2a: Bastiodon\n|-boost|p2a: Bastiodon|def|2\n|\n|upkeep\n|turn|9\n|inactive|Time left: 300 sec this turn | 300 sec total\n|\n|t:|1783554600\n|-end|p1a: Iron Bundle|Quark Drive|[silent]\n|switch|p1a: Mismagius|Mismagius, L86, M|100/100\n|move|p2a: Bastiodon|Body Press|p1a: Mismagius\n|-immune|p1a: Mismagius\n|\n|upkeep\n|turn|10\n|inactive|Time left: 300 sec this turn | 300 sec total\n|\n|t:|1783554601\n|move|p1a: Mismagius|Nasty Plot|p1a: Mismagius\n|-boost|p1a: Mismagius|spa|2\n|move|p2a: Bastiodon|Foul Play|p1a: Mismagius\n|-supereffective|p1a: Mismagius\n|-damage|p1a: Mismagius|62/100\n|\n|-heal|p1a: Mismagius|68/100|[from] item: Leftovers\n|upkeep\n|turn|11\n|inactive|Time left: 300 sec this turn | 300 sec total\n|\n|t:|1783554602\n|move|p1a: Mismagius|Shadow Ball|p2a: Bastiodon\n|-damage|p2a: Bastiodon|77/252\n|move|p2a: Bastiodon|Foul Play|p1a: Mismagius\n|-supereffective|p1a: Mismagius\n|-damage|p1a: Mismagius|29/100\n|\n|-heal|p1a: Mismagius|35/100|[from] item: Leftovers\n|upkeep\n|turn|12\n|inactive|Time left: 300 sec this turn | 300 sec total\n|\n|t:|1783554603\n|move|p1a: Mismagius|Shadow Ball|p2a: Bastiodon\n|-damage|p2a: Bastiodon|0 fnt\n|faint|p2a: Bastiodon\n|\n|-heal|p1a: Mismagius|42/100|[from] item: Leftovers\n|upkeep\n|inactive|Time left: 300 sec this turn | 300 sec total | 5 sec grace\n|\n|t:|1783554604\n|switch|p2a: Darkrai|Darkrai, L77|234/234\n|turn|13\n|inactive|Time left: 300 sec this turn | 300 sec total\n|\n|t:|1783554604\n|-terastallize|p1a: Mismagius|Fighting\n|move|p2a: Darkrai|Dark Pulse|p1a: Mismagius\n|-resisted|p1a: Mismagius\n|-damage|p1a: Mismagius|19/100\n|-damage|p2a: Darkrai|211/234|[from] item: Life Orb\n|move|p1a: Mismagius|Tera Blast|p2a: Darkrai|[anim] Tera Blast Fighting\n|-supereffective|p2a: Darkrai\n|-damage|p2a: Darkrai|0 fnt\n|faint|p2a: Darkrai\n|\n|-heal|p1a: Mismagius|25/100|[from] item: Leftovers\n|upkeep\n|inactive|Time left: 300 sec this turn | 300 sec total | 5 sec grace\n|\n|t:|1783554606\n|switch|p2a: Amoonguss|Amoonguss, L82, F|321/321\n|turn|14\n|inactive|Time left: 300 sec this turn | 300 sec total\n|\n|t:|1783554607\n|move|p1a: Mismagius|Shadow Ball|p2a: Amoonguss\n|-damage|p2a: Amoonguss|117/321\n|move|p2a: Amoonguss|Spore|p1a: Mismagius\n|-status|p1a: Mismagius|slp|[from] move: Spore\n|\n|-heal|p1a: Mismagius|31/100 slp|[from] item: Leftovers\n|upkeep\n|turn|15\n|inactive|Time left: 300 sec this turn | 300 sec total\n|\n|t:|1783554608\n|switch|p1a: Medicham|Medicham, L86, F|100/100\n|move|p2a: Amoonguss|Giga Drain|p1a: Medicham\n|-damage|p1a: Medicham|72/100\n|-heal|p2a: Amoonguss|152/321|[from] drain|[of] p1a: Medicham\n|\n|upkeep\n|turn|16\n|inactive|Time left: 300 sec this turn | 300 sec total\n|\n|t:|1783554609\n|-terastallize|p2a: Amoonguss|Water\n|move|p1a: Medicham|Close Combat|p2a: Amoonguss\n|-damage|p2a: Amoonguss|0 fnt\n|-unboost|p1a: Medicham|def|1\n|-unboost|p1a: Medicham|spd|1\n|-damage|p1a: Medicham|56/100|[from] item: Rocky Helmet|[of] p2a: Amoonguss\n|faint|p2a: Amoonguss\n|\n|win|p0x1331eed2", "uploadtime": 1783554609, "views": 0, "rating": 0, "private": 0, "password": null, "_winner": "p0x1331eed2", "_our_name": "p0y1331afbd"}