{"id": "battle-gen9randombattle-13", "formatid": "gen9randombattle", "format": "[Gen 9] Random Battle", "players": ["p0x013b565", "p0y0130225"], "log": "|init|battle\n|title|p0x013b565 vs. p0y0130225\n|j|\u2606p0x013b565\n|j|\u2606p0y0130225\n|t:|1783539573\n|gametype|singles\n|player|p1|p0x013b565|1|\n|player|p2|p0y0130225|169|\n|gen|9\n|tier|[Gen 9] Random Battle\n|rule|Species Clause: Limit one of each Pok\u00e9mon\n|rule|HP Percentage Mod: HP is shown in percentages\n|rule|Sleep Clause Mod: Limit one foe put to sleep\n|rule|Illusion Level Mod: Illusion disguises the Pok\u00e9mon's true level\n|\n|t:|1783539573\n|teamsize|p1|6\n|teamsize|p2|6\n|start\n|switch|p1a: Houndstone|Houndstone, L86, M|100/100\n|switch|p2a: Rillaboom|Rillaboom, L79, F|288/288\n|-fieldstart|move: Grassy Terrain|[from] ability: Grassy Surge|[of] p2a: Rillaboom\n|turn|1\n|inactive|Battle timer is ON: inactive players will automatically lose when time's up. (requested by p0y0130225)\n|inactive|p0x013b565 also wants the timer to be on.\n|\n|t:|1783539574\n|move|p2a: Rillaboom|Swords Dance|p2a: Rillaboom\n|-boost|p2a: Rillaboom|atk|2\n|move|p1a: Houndstone|Poltergeist|p2a: Rillaboom\n|-activate|p2a: Rillaboom|move: Poltergeist|Life Orb\n|-damage|p2a: Rillaboom|155/288\n|\n|-heal|p2a: Rillaboom|173/288|[from] Grassy Terrain\n|upkeep\n|turn|2\n|inactive|Time left: 300 sec this turn | 300 sec total\n|\n|t:|1783539576\n|-terastallize|p2a: Rillaboom|Grass\n|move|p2a: Rillaboom|Wood Hammer|p1a: Houndstone\n|-damage|p1a: Houndstone|0 fnt\n|faint|p1a: Houndstone\n|-damage|p2a: Rillaboom|86/288|[from] Recoil\n|-damage|p2a: Rillaboom|58/288|[from] item: Life Orb\n|\n|-heal|p2a: Rillaboom|76/288|[from] Grassy Terrain\n|upkeep\n|\n|t:|1783539576\n|switch|p1a: Rillaboom|Rillaboom, L79, F|100/100\n|turn|3\n|inactive|Time left: 300 sec this turn | 300 sec total\n|\n|t:|1783539578\n|move|p1a: Rillaboom|Wood Hammer|p2a: Rillaboom\n|-resisted|p2a: Rillaboom\n|-damage|p2a: Rillaboom|0 fnt\n|faint|p2a: Rillaboom\n|-damage|p1a: Rillaboom|92/100|[from] Recoil\n|\n|-heal|p1a: Rillaboom|98/100|[from] Grassy Terrain\n|upkeep\n|inactive|Time left: 300 sec this turn | 300 sec total | 5 sec grace\n|\n|t:|1783539579\n|switch|p2a: Passimian|Passimian, L83, M|302/302\n|turn|4\n|inactive|Time left: 300 sec this turn | 300 sec total\n|\n|t:|1783539580\n|move|p2a: Passimian|Gunk Shot|p1a: Rillaboom\n|-supereffective|p1a: Rillaboom\n|-damage|p1a: Rillaboom|23/100\n|move|p1a: Rillaboom|Wood Hammer|p2a: Passimian\n|-damage|p2a: Passimian|44/302\n|-damage|p1a: Rillaboom|0 fnt|[from] Recoil\n|faint|p1a: Rillaboom\n|\n|-heal|p2a: Passimian|62/302|[from] Grassy Terrain\n|upkeep\n|\n|t:|1783539581\n|switch|p1a: Ursaluna|Ursaluna-Bloodmoon, L79, M|100/100\n|turn|5\n|inactive|Time left: 300 sec this turn | 300 sec total\n|\n|t:|1783539582\n|switch|p2a: Mudsdale|Mudsdale, L83, F|302/302\n|move|p1a: Ursaluna|Calm Mind|p1a: Ursaluna\n|-boost|p1a: Ursaluna|spa|1\n|-boost|p1a: Ursaluna|spd|1\n|\n|-fieldend|move: Grassy Terrain\n|upkeep\n|turn|6\n|inactive|Time left: 300 sec this turn | 300 sec total\n|\n|t:|1783539583\n|move|p1a: Ursaluna|Blood Moon|p2a: Mudsdale\n|-damage|p2a: Mudsdale|16/302\n|-ability|p2a: Mudsdale|Stamina|boost\n|-boost|p2a: Mudsdale|def|1\n|move|p2a: Mudsdale|Stealth Rock|p1a: Ursaluna\n|-sidestart|p1: p0x013b565|move: Stealth Rock\n|\n|-heal|p2a: Mudsdale|34/302|[from] item: Leftovers\n|upkeep\n|turn|7\n|inactive|Time left: 300 sec this turn | 300 sec total\n|\n|t:|1783539585\n|switch|p2a: Grimmsnarl|Grimmsnarl, L83, M|293/293\n|move|p1a: Ursaluna|Earth Power|p2a: Grimmsnarl\n|-damage|p2a: Grimmsnarl|94/293\n|\n|-heal|p2a: Grimmsnarl|112/293|[from] item: Leftovers\n|upkeep\n|turn|8\n|inactive|Time left: 300 sec this turn | 300 sec total\n|\n|t:|1783539586\n|move|p2a: Grimmsnarl|Parting Shot|p1a: Ursaluna\n|-unboost|p1a: Ursaluna|atk|1\n|-unboost|p1a: Ursaluna|spa|1\n|inactive|Time left: 300 sec this turn | 300 sec total | 5 sec grace\n|\n|t:|1783539587\n|switch|p2a: Mudsdale|Mudsdale, L83, F|34/302|[from] Parting Shot\n|move|p1a: Ursaluna|Blood Moon|p2a: Mudsdale\n|-damage|p2a: Mudsdale|0 fnt\n|faint|p2a: Mudsdale\n|\n|upkeep\n|inactive|Time left: 300 sec this turn | 300 sec total | 10 sec grace\n|\n|t:|1783539588\n|switch|p2a: Grimmsnarl|Grimmsnarl, L83, M|112/293\n|turn|9\n|inactive|Time left: 300 sec this turn | 300 sec total\n|\n|t:|1783539589\n|move|p2a: Grimmsnarl|Spirit Break|p1a: Ursaluna\n|-damage|p1a: Ursaluna|76/100\n|-unboost|p1a: Ursaluna|spa|1\n|move|p1a: Ursaluna|Calm Mind|p1a: Ursaluna\n|-boost|p1a: Ursaluna|spa|1\n|-boost|p1a: Ursaluna|spd|1\n|\n|-heal|p2a: Grimmsnarl|130/293|[from] item: Leftovers\n|-heal|p1a: Ursaluna|82/100|[from] item: Leftovers\n|upkeep\n|turn|10\n|inactive|Time left: 300 sec this turn | 300 sec total\n|\n|t:|1783539590\n|move|p2a: Grimmsnarl|Spirit Break|p1a: Ursaluna\n|-damage|p1a: Ursaluna|59/100\n|-unboost|p1a: Ursaluna|spa|1\n|move|p1a: Ursaluna|Blood Moon|p2a: Grimmsnarl\n|-damage|p2a: Grimmsnarl|0 fnt\n|faint|p2a: Grimmsnarl\n|\n|-heal|p1a: Ursaluna|65/100|[from] item: Leftovers\n|upkeep\n|inactive|Time left: 300 sec this turn | 300 sec total | 5 sec grace\n|\n|t:|1783539591\n|switch|p2a: Barraskewda|Barraskewda, L81, F|231/231\n|turn|11\n|inactive|Time left: 300 sec this turn | 300 sec total\n|\n|t:|1783539592\n|-terastallize|p1a: Ursaluna|Poison\n|move|p2a: Barraskewda|Waterfall|p1a: Ursaluna\n|-damage|p1a: Ursaluna|28/100\n|move|p1a: Ursaluna|Moonlight|p1a: Ursaluna\n|-heal|p1a: Ursaluna|78/100\n|\n|-heal|p1a: Ursaluna|84/100|[from] item: Leftovers\n|upkeep\n|turn|12\n|inactive|Time left: 300 sec this turn | 300 sec total\n|\n|t:|1783539593\n|move|p2a: Barraskewda|Waterfall|p1a: Ursaluna\n|-damage|p1a: Ursaluna|49/100\n|cant|p1a: Ursaluna|flinch\n|\n|-heal|p1a: Ursaluna|55/100|[from] item: Leftovers\n|upkeep\n|turn|13\n|inactive|Time left: 300 sec this turn | 300 sec total\n|\n|t:|1783539594\n|move|p2a: Barraskewda|Waterfall|p1a: Ursaluna\n|-damage|p1a: Ursaluna|17/100\n|move|p1a: Ursaluna|Moonlight|p1a: Ursaluna\n|-heal|p1a: Ursaluna|67/100\n|\n|-heal|p1a: Ursaluna|74/100|[from] item: Leftovers\n|upkeep\n|turn|14\n|inactive|Time left: 300 sec this turn | 300 sec total\n|\n|t:|1783539595\n|move|p2a: Barraskewda|Waterfall|p1a: Ursaluna\n|-damage|p1a: Ursaluna|37/100\n|move|p1a: Ursaluna|Moonlight|p1a: Ursaluna\n|-heal|p1a: Ursaluna|87/100\n|\n|-heal|p1a: Ursaluna|93/100|[from] item: Leftovers\n|upkeep\n|turn|15\n|inactive|Time left: 300 sec this turn | 300 sec total\n|\n|t:|1783539596\n|move|p2a: Barraskewda|Waterfall|p1a: Ursaluna\n|-damage|p1a: Ursaluna|57/100\n|move|p1a: Ursaluna|Blood Moon|p2a: Barraskewda\n|-damage|p2a: Barraskewda|66/231\n|\n|-heal|p1a: Ursaluna|63/100|[from] item: Leftovers\n|upkeep\n|turn|16\n|inactive|Time left: 300 sec this turn | 300 sec total\n|\n|t:|1783539598\n|move|p2a: Barraskewda|Waterfall|p1a: Ursaluna\n|-damage|p1a: Ursaluna|24/100\n|cant|p1a: Ursaluna|flinch\n|\n|-heal|p1a: Ursaluna|30/100|[from] item: Leftovers\n|upkeep\n|turn|17\n|inactive|Time left: 300 sec this turn | 300 sec total\n|\n|t:|1783539599\n|switch|p1a: Orthworm|Orthworm, L88, M|100/100\n|-damage|p1a: Orthworm|94/100|[from] Stealth Rock\n|move|p2a: Barraskewda|Waterfall|p1a: Orthworm\n|-damage|p1a: Orthworm|57/100\n|\n|-heal|p1a: Orthworm|63/100|[from] item: Leftovers\n|upkeep\n|turn|18\n|inactive|Time left: 300 sec this turn | 300 sec total\n|\n|t:|1783539600\n|move|p2a: Barraskewda|Waterfall|p1a: Orthworm\n|-damage|p1a: Orthworm|29/100\n|move|p1a: Orthworm|Body Press|p2a: Barraskewda\n|-crit|p2a: Barraskewda\n|-damage|p2a: Barraskewda|0 fnt\n|faint|p2a: Barraskewda\n|\n|-heal|p1a: Orthworm|35/100|[from] item: Leftovers\n|upkeep\n|inactive|Time left: 300 sec this turn | 300 sec total | 5 sec grace\n|\n|t:|1783539601\n|switch|p2a: Passimian|Passimian, L83, M|62/302\n|turn|19\n|inactive|Time left: 300 sec this turn | 300 sec total\n|\n|t:|1783539602\n|move|p2a: Passimian|Close Combat|p1a: Orthworm\n|-supereffective|p1a: Orthworm\n|-damage|p1a: Orthworm|0 fnt\n|-unboost|p2a: Passimian|def|1\n|-unboost|p2a: Passimian|spd|1\n|faint|p1a: Orthworm\n|\n|upkeep\n|\n|t:|1783539603\n|switch|p1a: Dodrio|Dodrio, L85, M|100/100\n|turn|20\n|inactive|Time left: 300 sec this turn | 300 sec total\n|\n|t:|1783539604\n|switch|p2a: Cinccino|Cinccino, L83, F|260/260\n|move|p1a: Dodrio|Brave Bird|p2a: Cinccino\n|-damage|p2a: Cinccino|65/260\n|-damage|p1a: Dodrio|74/100|[from] Recoil\n|\n|upkeep\n|turn|21\n|inactive|Time left: 300 sec this turn | 300 sec total\n|\n|t:|1783539605\n|switch|p1a: Magcargo|Magcargo, L95, F|100/100\n|move|p2a: Cinccino|Triple Axel|p1a: Magcargo\n|-resisted|p1a: Magcargo\n|-damage|p1a: Magcargo|98/100\n|-resisted|p1a: Magcargo\n|-damage|p1a: Magcargo|93/100\n|-status|p2a: Cinccino|brn|[from] ability: Flame Body|[of] p1a: Magcargo\n|-resisted|p1a: Magcargo\n|-damage|p1a: Magcargo|89/100\n|-hitcount|p1a: Magcargo|3\n|\n|-damage|p2a: Cinccino|49/260 brn|[from] brn\n|upkeep\n|turn|22\n|inactive|Time left: 300 sec this turn | 300 sec total\n|\n|t:|1783539606\n|move|p2a: Cinccino|Bullet Seed|p1a: Magcargo\n|-damage|p1a: Magcargo|86/100\n|-damage|p1a: Magcargo|83/100\n|-damage|p1a: Magcargo|79/100\n|-damage|p1a: Magcargo|76/100\n|-damage|p1a: Magcargo|73/100\n|-hitcount|p1a: Magcargo|5\n|move|p1a: Magcargo|Lava Plume|p2a: Cinccino\n|-damage|p2a: Cinccino|0 fnt\n|faint|p2a: Cinccino\n|\n|upkeep\n|inactive|Time left: 300 sec this turn | 300 sec total | 5 sec grace\n|\n|t:|1783539607\n|switch|p2a: Passimian|Passimian, L83, M|62/302\n|turn|23\n|inactive|Time left: 300 sec this turn | 300 sec total\n|\n|t:|1783539608\n|move|p2a: Passimian|Close Combat|p1a: Magcargo\n|-supereffective|p1a: Magcargo\n|-damage|p1a: Magcargo|0 fnt\n|-unboost|p2a: Passimian|def|1\n|-unboost|p2a: Passimian|spd|1\n|faint|p1a: Magcargo\n|\n|upkeep\n|\n|t:|1783539608\n|switch|p1a: Dodrio|Dodrio, L85, M|74/100\n|turn|24\n|inactive|Time left: 300 sec this turn | 300 sec total\n|\n|t:|1783539609\n|switch|p1a: Ursaluna|Ursaluna-Bloodmoon, L79, M, tera:Poison|30/100\n|-damage|p1a: Ursaluna|18/100|[from] Stealth Rock\n|move|p2a: Passimian|Close Combat|p1a: Ursaluna\n|-resisted|p1a: Ursaluna\n|-damage|p1a: Ursaluna|0 fnt\n|-unboost|p2a: Passimian|def|1\n|-unboost|p2a: Passimian|spd|1\n|faint|p1a: Ursaluna\n|\n|upkeep\n|\n|t:|1783539610\n|switch|p1a: Dodrio|Dodrio, L85, M|74/100\n|turn|25\n|inactive|Time left: 300 sec this turn | 300 sec total\n|\n|t:|1783539611\n|move|p2a: Passimian|Close Combat|p1a: Dodrio\n|-damage|p1a: Dodrio|4/100\n|-unboost|p2a: Passimian|def|1\n|-unboost|p2a: Passimian|spd|1\n|move|p1a: Dodrio|Knock Off|p2a: Passimian\n|-resisted|p2a: Passimian\n|-damage|p2a: Passimian|0 fnt\n|-enditem|p2a: Passimian|Choice Scarf|[from] move: Knock Off|[of] p1a: Dodrio\n|faint|p2a: Passimian\n|\n|win|p0x013b565", "uploadtime": 1783539611, "views": 0, "rating": 0, "private": 0, "password": null, "_winner": "p0x013b565", "_our_name": "p0y0130225"}