{"id": "battle-gen9randombattle-1772", "formatid": "gen9randombattle", "format": "[Gen 9] Random Battle", "players": ["p0x1772ca9f", "p0y1772a42a"], "log": "|init|battle\n|title|p0x1772ca9f vs. p0y1772a42a\n|j|\u2606p0x1772ca9f\n|j|\u2606p0y1772a42a\n|t:|1783559781\n|gametype|singles\n|player|p1|p0x1772ca9f|266|\n|player|p2|p0y1772a42a|169|\n|gen|9\n|tier|[Gen 9] Random Battle\n|rule|Species Clause: Limit one of each Pok\u00e9mon\n|rule|HP Percentage Mod: HP is shown in percentages\n|rule|Sleep Clause Mod: Limit one foe put to sleep\n|rule|Illusion Level Mod: Illusion disguises the Pok\u00e9mon's true level\n|\n|t:|1783559781\n|teamsize|p1|6\n|teamsize|p2|6\n|start\n|switch|p1a: Metagross|Metagross, L79|100/100\n|switch|p2a: Ursaluna|Ursaluna, L79, F|335/335\n|turn|1\n|inactive|Battle timer is ON: inactive players will automatically lose when time's up. (requested by p0x1772ca9f)\n|inactive|Time left: 300 sec this turn | 300 sec total | 60 sec grace\n|inactive|p0y1772a42a also wants the timer to be on.\n|\n|t:|1783559783\n|switch|p1a: Heracross|Heracross, L80, F|100/100\n|move|p2a: Ursaluna|Headlong Rush|p1a: Heracross\n|-resisted|p1a: Heracross\n|-damage|p1a: Heracross|65/100\n|-unboost|p2a: Ursaluna|def|1\n|-unboost|p2a: Ursaluna|spd|1\n|\n|-status|p2a: Ursaluna|brn|[from] item: Flame Orb\n|upkeep\n|turn|2\n|inactive|Time left: 300 sec this turn | 300 sec total\n|\n|t:|1783559784\n|switch|p2a: Oricorio|Oricorio-Sensu, L85, M|266/266\n|move|p1a: Heracross|Close Combat|p2a: Oricorio\n|-immune|p2a: Oricorio\n|\n|upkeep\n|turn|3\n|inactive|Time left: 300 sec this turn | 300 sec total\n|\n|t:|1783559785\n|switch|p1a: Wyrdeer|Wyrdeer, L87, M|100/100\n|-ability|p1a: Wyrdeer|Intimidate|boost\n|-unboost|p2a: Oricorio|atk|1\n|move|p2a: Oricorio|Quiver Dance|p2a: Oricorio\n|-boost|p2a: Oricorio|spa|1\n|-boost|p2a: Oricorio|spd|1\n|-boost|p2a: Oricorio|spe|1\n|\n|upkeep\n|turn|4\n|inactive|Time left: 300 sec this turn | 300 sec total\n|\n|t:|1783559786\n|move|p2a: Oricorio|Quiver Dance|p2a: Oricorio\n|-boost|p2a: Oricorio|spa|1\n|-boost|p2a: Oricorio|spd|1\n|-boost|p2a: Oricorio|spe|1\n|move|p1a: Wyrdeer|Thunder Wave|p2a: Oricorio\n|-status|p2a: Oricorio|par\n|\n|upkeep\n|turn|5\n|inactive|Time left: 300 sec this turn | 300 sec total\n|\n|t:|1783559787\n|cant|p2a: Oricorio|par\n|move|p1a: Wyrdeer|Psychic Noise|p2a: Oricorio\n|-damage|p2a: Oricorio|217/266 par\n|-start|p2a: Oricorio|move: Heal Block\n|\n|upkeep\n|turn|6\n|inactive|Time left: 300 sec this turn | 300 sec total\n|\n|t:|1783559788\n|move|p2a: Oricorio|Hurricane|p1a: Wyrdeer\n|-damage|p1a: Wyrdeer|25/100\n|move|p1a: Wyrdeer|Psychic Noise|p2a: Oricorio\n|-damage|p2a: Oricorio|166/266 par\n|\n|-heal|p1a: Wyrdeer|31/100|[from] item: Leftovers\n|-end|p2a: Oricorio|move: Heal Block\n|upkeep\n|turn|7\n|inactive|Time left: 300 sec this turn | 300 sec total\n|\n|t:|1783559789\n|cant|p2a: Oricorio|par\n|move|p1a: Wyrdeer|Psychic Noise|p2a: Oricorio\n|-damage|p2a: Oricorio|109/266 par\n|-start|p2a: Oricorio|move: Heal Block\n|\n|-heal|p1a: Wyrdeer|37/100|[from] item: Leftovers\n|upkeep\n|turn|8\n|inactive|Time left: 300 sec this turn | 300 sec total\n|\n|t:|1783559789\n|move|p2a: Oricorio|Hurricane|p1a: Wyrdeer|[miss]\n|-miss|p2a: Oricorio|p1a: Wyrdeer\n|move|p1a: Wyrdeer|Psychic Noise|p2a: Oricorio\n|-damage|p2a: Oricorio|55/266 par\n|\n|-heal|p1a: Wyrdeer|43/100|[from] item: Leftovers\n|-end|p2a: Oricorio|move: Heal Block\n|upkeep\n|turn|9\n|inactive|Time left: 300 sec this turn | 300 sec total\n|\n|t:|1783559790\n|move|p2a: Oricorio|Roost|p2a: Oricorio\n|-heal|p2a: Oricorio|188/266 par\n|-singleturn|p2a: Oricorio|move: Roost\n|move|p1a: Wyrdeer|Psychic Noise|p2a: Oricorio\n|-damage|p2a: Oricorio|130/266 par\n|-start|p2a: Oricorio|move: Heal Block\n|\n|-heal|p1a: Wyrdeer|50/100|[from] item: Leftovers\n|upkeep\n|turn|10\n|inactive|Time left: 300 sec this turn | 300 sec total\n|\n|t:|1783559791\n|move|p2a: Oricorio|Hurricane|p1a: Wyrdeer|[miss]\n|-miss|p2a: Oricorio|p1a: Wyrdeer\n|move|p1a: Wyrdeer|Psychic Noise|p2a: Oricorio\n|-damage|p2a: Oricorio|73/266 par\n|\n|-heal|p1a: Wyrdeer|56/100|[from] item: Leftovers\n|-end|p2a: Oricorio|move: Heal Block\n|upkeep\n|turn|11\n|inactive|Time left: 300 sec this turn | 300 sec total\n|\n|t:|1783559791\n|move|p2a: Oricorio|Roost|p2a: Oricorio\n|-heal|p2a: Oricorio|206/266 par\n|-singleturn|p2a: Oricorio|move: Roost\n|move|p1a: Wyrdeer|Psychic Noise|p2a: Oricorio\n|-damage|p2a: Oricorio|151/266 par\n|-start|p2a: Oricorio|move: Heal Block\n|\n|-heal|p1a: Wyrdeer|62/100|[from] item: Leftovers\n|upkeep\n|turn|12\n|inactive|Time left: 300 sec this turn | 300 sec total\n|\n|t:|1783559792\n|move|p2a: Oricorio|Hurricane|p1a: Wyrdeer\n|-damage|p1a: Wyrdeer|0 fnt\n|faint|p1a: Wyrdeer\n|\n|-end|p2a: Oricorio|move: Heal Block\n|upkeep\n|\n|t:|1783559793\n|switch|p1a: Sneasler|Sneasler, L74, M|100/100\n|turn|13\n|inactive|Time left: 300 sec this turn | 300 sec total\n|\n|t:|1783559794\n|move|p1a: Sneasler|Throat Chop|p2a: Oricorio\n|-supereffective|p2a: Oricorio\n|-damage|p2a: Oricorio|0 fnt\n|faint|p2a: Oricorio\n|\n|upkeep\n|inactive|Time left: 300 sec this turn | 300 sec total | 5 sec grace\n|\n|t:|1783559795\n|switch|p2a: Gumshoos|Gumshoos, L95, F|321/321\n|turn|14\n|inactive|Time left: 300 sec this turn | 300 sec total\n|\n|t:|1783559796\n|move|p1a: Sneasler|Throat Chop|p2a: Gumshoos\n|-damage|p2a: Gumshoos|232/321\n|-start|p2a: Gumshoos|Throat Chop|[silent]\n|move|p2a: Gumshoos|Earthquake|p1a: Sneasler\n|-supereffective|p1a: Sneasler\n|-damage|p1a: Sneasler|0 fnt\n|faint|p1a: Sneasler\n|\n|upkeep\n|\n|t:|1783559797\n|switch|p1a: Heracross|Heracross, L80, F|65/100\n|turn|15\n|inactive|Time left: 300 sec this turn | 300 sec total\n|\n|t:|1783559798\n|switch|p2a: Dedenne|Dedenne, L88, F|261/261\n|move|p1a: Heracross|Close Combat|p2a: Dedenne\n|-resisted|p2a: Dedenne\n|-damage|p2a: Dedenne|116/261\n|-unboost|p1a: Heracross|def|1\n|-unboost|p1a: Heracross|spd|1\n|-enditem|p2a: Dedenne|Sitrus Berry|[eat]\n|-heal|p2a: Dedenne|181/261|[from] item: Sitrus Berry\n|-heal|p2a: Dedenne|261/261|[from] ability: Cheek Pouch\n|\n|upkeep\n|turn|16\n|inactive|Time left: 300 sec this turn | 300 sec total\n|\n|t:|1783559799\n|switch|p1a: Spidops|Spidops, L96, M|100/100\n|move|p2a: Dedenne|Dazzling Gleam|p1a: Spidops\n|-damage|p1a: Spidops|74/100\n|\n|upkeep\n|turn|17\n|inactive|Time left: 300 sec this turn | 300 sec total\n|\n|t:|1783559800\n|move|p2a: Dedenne|Super Fang|p1a: Spidops\n|-damage|p1a: Spidops|37/100\n|move|p1a: Spidops|Sticky Web|p2a: Dedenne\n|-sidestart|p2: p0y1772a42a|move: Sticky Web\n|\n|upkeep\n|turn|18\n|inactive|Time left: 300 sec this turn | 300 sec total\n|\n|t:|1783559802\n|move|p2a: Dedenne|Thunderbolt|p1a: Spidops\n|-damage|p1a: Spidops|9/100\n|move|p1a: Spidops|U-turn|p2a: Dedenne\n|-resisted|p2a: Dedenne\n|-damage|p2a: Dedenne|212/261\n|\n|t:|1783559803\n|switch|p1a: Metagross|Metagross, L79|100/100|[from] U-turn\n|\n|upkeep\n|turn|19\n|inactive|Time left: 300 sec this turn | 300 sec total\n|\n|t:|1783559804\n|move|p2a: Dedenne|Super Fang|p1a: Metagross|[miss]\n|-miss|p2a: Dedenne|p1a: Metagross\n|move|p1a: Metagross|Heavy Slam|p2a: Dedenne\n|-damage|p2a: Dedenne|22/261\n|\n|upkeep\n|turn|20\n|inactive|Time left: 300 sec this turn | 300 sec total\n|\n|t:|1783559805\n|move|p2a: Dedenne|Super Fang|p1a: Metagross\n|-damage|p1a: Metagross|50/100\n|move|p1a: Metagross|Agility|p1a: Metagross\n|-boost|p1a: Metagross|spe|2\n|\n|upkeep\n|turn|21\n|inactive|Time left: 300 sec this turn | 300 sec total\n|\n|t:|1783559806\n|move|p1a: Metagross|Heavy Slam|p2a: Dedenne\n|-damage|p2a: Dedenne|0 fnt\n|faint|p2a: Dedenne\n|\n|upkeep\n|inactive|Time left: 300 sec this turn | 300 sec total | 5 sec grace\n|\n|t:|1783559807\n|switch|p2a: Ursaluna|Ursaluna, L79, F|335/335 brn\n|-activate|p2a: Ursaluna|move: Sticky Web\n|-unboost|p2a: Ursaluna|spe|1\n|turn|22\n|inactive|Time left: 300 sec this turn | 300 sec total\n|\n|t:|1783559808\n|move|p1a: Metagross|Earthquake|p2a: Ursaluna\n|-damage|p2a: Ursaluna|262/335 brn\n|move|p2a: Ursaluna|Facade|p1a: Metagross\n|-resisted|p1a: Metagross\n|-damage|p1a: Metagross|13/100\n|\n|-damage|p2a: Ursaluna|242/335 brn|[from] brn\n|upkeep\n|turn|23\n|inactive|Time left: 300 sec this turn | 300 sec total\n|\n|t:|1783559810\n|move|p1a: Metagross|Psychic Fangs|p2a: Ursaluna\n|-damage|p2a: Ursaluna|154/335 brn\n|move|p2a: Ursaluna|Facade|p1a: Metagross\n|-resisted|p1a: Metagross\n|-damage|p1a: Metagross|0 fnt\n|faint|p1a: Metagross\n|\n|-damage|p2a: Ursaluna|134/335 brn|[from] brn\n|upkeep\n|\n|t:|1783559811\n|switch|p1a: Heracross|Heracross, L80, F|65/100\n|turn|24\n|inactive|Time left: 300 sec this turn | 300 sec total\n|\n|t:|1783559812\n|switch|p2a: Urshifu|Urshifu-Rapid-Strike, L75, F|274/274\n|-activate|p2a: Urshifu|move: Sticky Web\n|-unboost|p2a: Urshifu|spe|1\n|move|p1a: Heracross|Close Combat|p2a: Urshifu\n|-damage|p2a: Urshifu|49/274\n|-unboost|p1a: Heracross|def|1\n|-unboost|p1a: Heracross|spd|1\n|\n|upkeep\n|turn|25\n|inactive|Time left: 300 sec this turn | 300 sec total\n|\n|t:|1783559813\n|move|p2a: Urshifu|Aqua Jet|p1a: Heracross\n|-damage|p1a: Heracross|24/100\n|-damage|p2a: Urshifu|22/274|[from] item: Life Orb\n|move|p1a: Heracross|Close Combat|p2a: Urshifu\n|-damage|p2a: Urshifu|0 fnt\n|-unboost|p1a: Heracross|def|1\n|-unboost|p1a: Heracross|spd|1\n|faint|p2a: Urshifu\n|-ability|p1a: Heracross|Moxie|boost\n|-boost|p1a: Heracross|atk|1\n|\n|upkeep\n|inactive|Time left: 300 sec this turn | 300 sec total | 5 sec grace\n|\n|t:|1783559815\n|switch|p2a: Beartic|Beartic, L91, F|321/321\n|turn|26\n|inactive|Time left: 300 sec this turn | 300 sec total\n|\n|t:|1783559816\n|-terastallize|p2a: Beartic|Fighting\n|move|p1a: Heracross|Close Combat|p2a: Beartic\n|-damage|p2a: Beartic|0 fnt\n|-unboost|p1a: Heracross|def|1\n|-unboost|p1a: Heracross|spd|1\n|faint|p2a: Beartic\n|-ability|p1a: Heracross|Moxie|boost\n|-boost|p1a: Heracross|atk|1\n|\n|upkeep\n|inactive|Time left: 300 sec this turn | 300 sec total | 5 sec grace\n|\n|t:|1783559817\n|switch|p2a: Ursaluna|Ursaluna, L79, F|134/335 brn\n|-activate|p2a: Ursaluna|move: Sticky Web\n|-unboost|p2a: Ursaluna|spe|1\n|turn|27\n|inactive|Time left: 300 sec this turn | 300 sec total\n|\n|t:|1783559818\n|move|p1a: Heracross|Close Combat|p2a: Ursaluna\n|-supereffective|p2a: Ursaluna\n|-damage|p2a: Ursaluna|0 fnt\n|-unboost|p1a: Heracross|def|1\n|-unboost|p1a: Heracross|spd|1\n|faint|p2a: Ursaluna\n|-ability|p1a: Heracross|Moxie|boost\n|-boost|p1a: Heracross|atk|1\n|\n|upkeep\n|inactive|Time left: 300 sec this turn | 300 sec total | 5 sec grace\n|\n|t:|1783559818\n|switch|p2a: Gumshoos|Gumshoos, L95, F|232/321\n|-activate|p2a: Gumshoos|move: Sticky Web\n|-unboost|p2a: Gumshoos|spe|1\n|turn|28\n|inactive|Time left: 300 sec this turn | 300 sec total\n|\n|t:|1783559819\n|move|p1a: Heracross|Close Combat|p2a: Gumshoos\n|-supereffective|p2a: Gumshoos\n|-damage|p2a: Gumshoos|0 fnt\n|-unboost|p1a: Heracross|def|1\n|-unboost|p1a: Heracross|spd|1\n|faint|p2a: Gumshoos\n|\n|win|p0x1772ca9f", "uploadtime": 1783559819, "views": 0, "rating": 0, "private": 0, "password": null, "_winner": "p0x1772ca9f", "_our_name": "p0y1772a42a"}