{"id": "battle-gen9randombattle-1673", "formatid": "gen9randombattle", "format": "[Gen 9] Random Battle", "players": ["p0x16733d61", "p0y167347dd"], "log": "|init|battle\n|title|p0x16733d61 vs. p0y167347dd\n|j|\u2606p0x16733d61\n|j|\u2606p0y167347dd\n|t:|1783559418\n|gametype|singles\n|player|p1|p0x16733d61|101|\n|player|p2|p0y167347dd|169|\n|gen|9\n|tier|[Gen 9] Random Battle\n|rule|Species Clause: Limit one of each Pok\u00e9mon\n|rule|HP Percentage Mod: HP is shown in percentages\n|rule|Sleep Clause Mod: Limit one foe put to sleep\n|rule|Illusion Level Mod: Illusion disguises the Pok\u00e9mon's true level\n|\n|t:|1783559418\n|teamsize|p1|6\n|teamsize|p2|6\n|start\n|switch|p1a: Arcanine|Arcanine-Hisui, L79, F|100/100\n|switch|p2a: Floatzel|Floatzel, L86, F|286/286\n|turn|1\n|inactive|Battle timer is ON: inactive players will automatically lose when time's up. (requested by p0x16733d61)\n|inactive|Time left: 300 sec this turn | 300 sec total | 60 sec grace\n|\n|t:|1783559419\n|switch|p1a: Inteleon|Inteleon, L81, F|100/100\n|move|p2a: Floatzel|Wave Crash|p1a: Inteleon\n|-resisted|p1a: Inteleon\n|-damage|p1a: Inteleon|62/100\n|-damage|p2a: Floatzel|255/286|[from] Recoil\n|\n|-heal|p2a: Floatzel|272/286|[from] item: Leftovers\n|upkeep\n|turn|2\n|inactive|Time left: 300 sec this turn | 300 sec total\n|inactive|p0y167347dd also wants the timer to be on.\n|\n|t:|1783559420\n|move|p2a: Floatzel|Bulk Up|p2a: Floatzel\n|-boost|p2a: Floatzel|atk|1\n|-boost|p2a: Floatzel|def|1\n|move|p1a: Inteleon|Scald|p2a: Floatzel\n|-resisted|p2a: Floatzel\n|-damage|p2a: Floatzel|173/286\n|\n|-heal|p2a: Floatzel|190/286|[from] item: Leftovers\n|upkeep\n|turn|3\n|inactive|Time left: 300 sec this turn | 300 sec total\n|\n|t:|1783559421\n|move|p2a: Floatzel|Bulk Up|p2a: Floatzel\n|-boost|p2a: Floatzel|atk|1\n|-boost|p2a: Floatzel|def|1\n|move|p1a: Inteleon|Scald|p2a: Floatzel\n|-resisted|p2a: Floatzel\n|-crit|p2a: Floatzel\n|-damage|p2a: Floatzel|39/286\n|\n|-heal|p2a: Floatzel|56/286|[from] item: Leftovers\n|upkeep\n|turn|4\n|inactive|Time left: 300 sec this turn | 300 sec total\n|\n|t:|1783559422\n|move|p2a: Floatzel|Wave Crash|p1a: Inteleon\n|-resisted|p1a: Inteleon\n|-damage|p1a: Inteleon|0 fnt\n|faint|p1a: Inteleon\n|-damage|p2a: Floatzel|6/286|[from] Recoil\n|\n|-heal|p2a: Floatzel|23/286|[from] item: Leftovers\n|upkeep\n|\n|t:|1783559422\n|switch|p1a: Gardevoir|Gardevoir, L83, F|100/100\n|-ability|p1a: Gardevoir|Water Veil|Trace|[from] ability: Trace|[of] p2a: Floatzel\n|turn|5\n|inactive|Time left: 300 sec this turn | 300 sec total\n|\n|t:|1783559423\n|move|p1a: Gardevoir|Mystical Fire|p2a: Floatzel\n|-resisted|p2a: Floatzel\n|-damage|p2a: Floatzel|0 fnt\n|faint|p2a: Floatzel\n|\n|upkeep\n|inactive|Time left: 300 sec this turn | 300 sec total | 5 sec grace\n|\n|t:|1783559424\n|switch|p2a: Golurk|Golurk, L87|297/297\n|turn|6\n|inactive|Time left: 300 sec this turn | 300 sec total\n|\n|t:|1783559425\n|switch|p1a: Furret|Furret, L94, F|100/100\n|-item|p2a: Golurk|Choice Band|[from] ability: Frisk|[of] p1a: Furret\n|move|p2a: Golurk|Poltergeist|p1a: Furret\n|-immune|p1a: Furret\n|\n|upkeep\n|turn|7\n|inactive|Time left: 300 sec this turn | 300 sec total\n|\n|t:|1783559426\n|switch|p2a: Vespiquen|Vespiquen, L99, F|299/299\n|-ability|p2a: Vespiquen|Pressure\n|move|p1a: Furret|Tidy Up|p1a: Furret\n|-boost|p1a: Furret|atk|1\n|-boost|p1a: Furret|spe|1\n|\n|upkeep\n|turn|8\n|inactive|Time left: 300 sec this turn | 300 sec total\n|\n|t:|1783559427\n|move|p1a: Furret|Tidy Up|p1a: Furret\n|-boost|p1a: Furret|atk|1\n|-boost|p1a: Furret|spe|1\n|move|p2a: Vespiquen|Hurricane|p1a: Furret|[miss]\n|-miss|p2a: Vespiquen|p1a: Furret\n|\n|upkeep\n|turn|9\n|inactive|Time left: 300 sec this turn | 300 sec total\n|\n|t:|1783559428\n|move|p1a: Furret|Knock Off|p2a: Vespiquen\n|-damage|p2a: Vespiquen|161/299\n|-enditem|p2a: Vespiquen|Heavy-Duty Boots|[from] move: Knock Off|[of] p1a: Furret\n|-damage|p1a: Furret|91/100|[from] item: Life Orb\n|move|p2a: Vespiquen|Hurricane|p1a: Furret\n|-damage|p1a: Furret|31/100\n|-start|p1a: Furret|confusion\n|\n|upkeep\n|turn|10\n|inactive|Time left: 300 sec this turn | 300 sec total\n|\n|t:|1783559429\n|-activate|p1a: Furret|confusion\n|move|p1a: Furret|Double-Edge|p2a: Vespiquen\n|-damage|p2a: Vespiquen|0 fnt\n|faint|p2a: Vespiquen\n|-damage|p1a: Furret|14/100|[from] Recoil\n|-damage|p1a: Furret|4/100|[from] item: Life Orb\n|\n|upkeep\n|inactive|Time left: 300 sec this turn | 300 sec total | 5 sec grace\n|\n|t:|1783559430\n|switch|p2a: Scizor|Scizor, L79, F|240/240\n|turn|11\n|inactive|Time left: 300 sec this turn | 300 sec total\n|\n|t:|1783559431\n|switch|p1a: Volcarona|Volcarona, L77, F|100/100\n|move|p2a: Scizor|Bullet Punch|p1a: Volcarona\n|-resisted|p1a: Volcarona\n|-damage|p1a: Volcarona|75/100\n|\n|upkeep\n|turn|12\n|inactive|Time left: 300 sec this turn | 300 sec total\n|\n|t:|1783559432\n|switch|p2a: Golurk|Golurk, L87|297/297\n|move|p1a: Volcarona|Fire Blast|p2a: Golurk\n|-damage|p2a: Golurk|171/297\n|\n|upkeep\n|turn|13\n|inactive|Time left: 300 sec this turn | 300 sec total\n|\n|t:|1783559433\n|-terastallize|p1a: Volcarona|Fire\n|move|p1a: Volcarona|Fire Blast|p2a: Golurk\n|-damage|p2a: Golurk|0 fnt\n|faint|p2a: Golurk\n|\n|upkeep\n|inactive|Time left: 300 sec this turn | 300 sec total | 5 sec grace\n|\n|t:|1783559434\n|switch|p2a: Miraidon|Miraidon, L65|238/238\n|-fieldstart|move: Electric Terrain|[from] ability: Hadron Engine|[of] p2a: Miraidon\n|turn|14\n|inactive|Time left: 300 sec this turn | 300 sec total\n|\n|t:|1783559435\n|switch|p1a: Gardevoir|Gardevoir, L83, F|100/100\n|-ability|p1a: Gardevoir|Hadron Engine|Trace|[from] ability: Trace|[of] p2a: Miraidon\n|-activate|p1a: Gardevoir|ability: Hadron Engine\n|move|p2a: Miraidon|Calm Mind|p2a: Miraidon\n|-boost|p2a: Miraidon|spa|1\n|-boost|p2a: Miraidon|spd|1\n|\n|upkeep\n|turn|15\n|inactive|Time left: 300 sec this turn | 300 sec total\n|\n|t:|1783559435\n|-terastallize|p2a: Miraidon|Electric\n|move|p1a: Gardevoir|Moonblast|p2a: Miraidon\n|-damage|p2a: Miraidon|124/238\n|-unboost|p2a: Miraidon|spa|1\n|move|p2a: Miraidon|Electro Drift|p1a: Gardevoir\n|-damage|p1a: Gardevoir|11/100\n|-damage|p2a: Miraidon|101/238|[from] item: Life Orb\n|\n|upkeep\n|turn|16\n|inactive|Time left: 300 sec this turn | 300 sec total\n|\n|t:|1783559437\n|switch|p2a: Scizor|Scizor, L79, F|240/240\n|move|p1a: Gardevoir|Moonblast|p2a: Scizor\n|-resisted|p2a: Scizor\n|-damage|p2a: Scizor|144/240\n|\n|upkeep\n|turn|17\n|inactive|Time left: 300 sec this turn | 300 sec total\n|\n|t:|1783559438\n|move|p1a: Gardevoir|Moonblast|p2a: Scizor\n|-resisted|p2a: Scizor\n|-damage|p2a: Scizor|48/240\n|move|p2a: Scizor|U-turn|p1a: Gardevoir\n|-damage|p1a: Gardevoir|0 fnt\n|faint|p1a: Gardevoir\n|inactive|Time left: 300 sec this turn | 300 sec total | 5 sec grace\n|\n|t:|1783559439\n|switch|p2a: Miraidon|Miraidon, L65, tera:Electric|101/238|[from] U-turn\n|-activate|p2a: Miraidon|ability: Hadron Engine\n|\n|upkeep\n|\n|t:|1783559440\n|switch|p1a: Pikachu|Pikachu-Original, L93, F|100/100\n|turn|18\n|inactive|Time left: 300 sec this turn | 300 sec total\n|\n|t:|1783559441\n|move|p1a: Pikachu|Knock Off|p2a: Miraidon\n|-damage|p2a: Miraidon|0 fnt\n|-enditem|p2a: Miraidon|Life Orb|[from] move: Knock Off|[of] p1a: Pikachu\n|faint|p2a: Miraidon\n|\n|-fieldend|move: Electric Terrain\n|upkeep\n|inactive|Time left: 300 sec this turn | 300 sec total | 5 sec grace\n|\n|t:|1783559442\n|switch|p2a: Pikachu|Pikachu-Original, L93, F|216/216\n|turn|19\n|inactive|Time left: 300 sec this turn | 300 sec total\n|\n|t:|1783559443\n|move|p2a: Pikachu|Play Rough|p1a: Pikachu\n|-damage|p1a: Pikachu|26/100\n|-unboost|p1a: Pikachu|atk|1\n|move|p1a: Pikachu|Knock Off|p2a: Pikachu\n|-damage|p2a: Pikachu|105/216\n|-enditem|p2a: Pikachu|Light Ball|[from] move: Knock Off|[of] p1a: Pikachu\n|\n|upkeep\n|turn|20\n|inactive|Time left: 300 sec this turn | 300 sec total\n|\n|t:|1783559444\n|move|p1a: Pikachu|Surf|p2a: Pikachu\n|-damage|p2a: Pikachu|0 fnt\n|faint|p2a: Pikachu\n|\n|upkeep\n|inactive|Time left: 300 sec this turn | 300 sec total | 5 sec grace\n|\n|t:|1783559445\n|switch|p2a: Scizor|Scizor, L79, F|48/240\n|turn|21\n|inactive|Time left: 300 sec this turn | 300 sec total\n|\n|t:|1783559446\n|move|p2a: Scizor|Bullet Punch|p1a: Pikachu\n|-resisted|p1a: Pikachu\n|-damage|p1a: Pikachu|0 fnt\n|faint|p1a: Pikachu\n|\n|upkeep\n|\n|t:|1783559446\n|switch|p1a: Arcanine|Arcanine-Hisui, L79, F|100/100\n|turn|22\n|inactive|Time left: 300 sec this turn | 300 sec total\n|\n|t:|1783559447\n|move|p2a: Scizor|Bullet Punch|p1a: Arcanine\n|-damage|p1a: Arcanine|57/100\n|move|p1a: Arcanine|Flare Blitz|p2a: Scizor\n|-supereffective|p2a: Scizor\n|-damage|p2a: Scizor|0 fnt\n|faint|p2a: Scizor\n|\n|win|p0x16733d61", "uploadtime": 1783559447, "views": 0, "rating": 0, "private": 0, "password": null, "_winner": "p0x16733d61", "_our_name": "p0y167347dd"}