{"id": "battle-gen9randombattle-1821", "formatid": "gen9randombattle", "format": "[Gen 9] Random Battle", "players": ["p0x1821da5d", "p0y18213fd4"], "log": "|init|battle\n|title|p0x1821da5d vs. p0y18213fd4\n|j|\u2606p0x1821da5d\n|j|\u2606p0y18213fd4\n|t:|1783560328\n|gametype|singles\n|player|p1|p0x1821da5d|1|\n|player|p2|p0y18213fd4|1|\n|gen|9\n|tier|[Gen 9] Random Battle\n|rule|Species Clause: Limit one of each Pok\u00e9mon\n|rule|HP Percentage Mod: HP is shown in percentages\n|rule|Sleep Clause Mod: Limit one foe put to sleep\n|rule|Illusion Level Mod: Illusion disguises the Pok\u00e9mon's true level\n|\n|t:|1783560328\n|teamsize|p1|6\n|teamsize|p2|6\n|start\n|switch|p1a: Arceus|Arceus-Poison, L70|284/284\n|switch|p2a: Dunsparce|Dunsparce, L86, F|100/100\n|turn|1\n|inactive|Battle timer is ON: inactive players will automatically lose when time's up. (requested by p0y18213fd4)\n|inactive|Time left: 300 sec this turn | 300 sec total | 60 sec grace\n|\n|t:|1783560329\n|move|p1a: Arceus|Swords Dance|p1a: Arceus\n|-boost|p1a: Arceus|atk|2\n|move|p2a: Dunsparce|Body Slam|p1a: Arceus\n|-damage|p1a: Arceus|214/284\n|-status|p1a: Arceus|par\n|\n|upkeep\n|turn|2\n|inactive|Time left: 300 sec this turn | 300 sec total\n|inactive|p0x1821da5d also wants the timer to be on.\n|\n|t:|1783560330\n|move|p2a: Dunsparce|Coil|p2a: Dunsparce\n|-boost|p2a: Dunsparce|atk|1\n|-boost|p2a: Dunsparce|def|1\n|-boost|p2a: Dunsparce|accuracy|1\n|move|p1a: Arceus|Gunk Shot|p2a: Dunsparce\n|-damage|p2a: Dunsparce|55/100\n|\n|upkeep\n|turn|3\n|inactive|Time left: 300 sec this turn | 300 sec total\n|\n|t:|1783560331\n|move|p2a: Dunsparce|Earthquake|p1a: Arceus\n|-supereffective|p1a: Arceus\n|-damage|p1a: Arceus|40/284 par\n|move|p1a: Arceus|Gunk Shot|p2a: Dunsparce|[miss]\n|-miss|p1a: Arceus|p2a: Dunsparce\n|\n|upkeep\n|turn|4\n|inactive|Time left: 300 sec this turn | 300 sec total\n|\n|t:|1783560333\n|move|p1a: Arceus|Extreme Speed|p2a: Dunsparce\n|-damage|p2a: Dunsparce|38/100\n|move|p2a: Dunsparce|Body Slam|p1a: Arceus\n|-damage|p1a: Arceus|0 fnt\n|faint|p1a: Arceus\n|\n|upkeep\n|inactive|Time left: 300 sec this turn | 300 sec total | 5 sec grace\n|\n|t:|1783560334\n|switch|p1a: Deoxys|Deoxys, L74|196/196\n|-ability|p1a: Deoxys|Pressure\n|turn|5\n|inactive|Time left: 300 sec this turn | 300 sec total\n|\n|t:|1783560335\n|move|p1a: Deoxys|Psycho Boost|p2a: Dunsparce\n|-damage|p2a: Dunsparce|0 fnt\n|-unboost|p1a: Deoxys|spa|2\n|faint|p2a: Dunsparce\n|-damage|p1a: Deoxys|177/196|[from] item: Life Orb\n|\n|upkeep\n|\n|t:|1783560336\n|switch|p2a: Salamence|Salamence, L77, F|100/100\n|turn|6\n|inactive|Time left: 300 sec this turn | 300 sec total\n|\n|t:|1783560337\n|switch|p1a: Weavile|Weavile, L79, M|239/239\n|move|p2a: Salamence|Outrage|p1a: Weavile\n|-damage|p1a: Weavile|59/239\n|\n|upkeep\n|turn|7\n|inactive|Time left: 300 sec this turn | 300 sec total\n|\n|t:|1783560338\n|move|p1a: Weavile|Triple Axel|p2a: Salamence\n|-supereffective|p2a: Salamence\n|-damage|p2a: Salamence|42/100\n|-supereffective|p2a: Salamence\n|-damage|p2a: Salamence|0 fnt\n|faint|p2a: Salamence\n|-hitcount|p2: Salamence|2\n|\n|upkeep\n|\n|t:|1783560339\n|switch|p2a: Copperajah|Copperajah, L86, F|100/100\n|turn|8\n|inactive|Time left: 300 sec this turn | 300 sec total\n|\n|t:|1783560340\n|move|p1a: Weavile|Triple Axel|p2a: Copperajah\n|-resisted|p2a: Copperajah\n|-damage|p2a: Copperajah|95/100\n|-resisted|p2a: Copperajah\n|-damage|p2a: Copperajah|83/100\n|-resisted|p2a: Copperajah\n|-crit|p2a: Copperajah\n|-damage|p2a: Copperajah|59/100\n|-hitcount|p2a: Copperajah|3\n|move|p2a: Copperajah|Heat Crash|p1a: Weavile\n|-supereffective|p1a: Weavile\n|-damage|p1a: Weavile|0 fnt\n|faint|p1a: Weavile\n|\n|upkeep\n|inactive|Time left: 300 sec this turn | 300 sec total | 5 sec grace\n|\n|t:|1783560340\n|switch|p1a: Whiscash|Whiscash, L88, M|337/337\n|turn|9\n|inactive|Time left: 300 sec this turn | 300 sec total\n|\n|t:|1783560341\n|switch|p2a: Illumise|Illumise, L91, F|100/100\n|move|p1a: Whiscash|Earthquake|p2a: Illumise\n|-resisted|p2a: Illumise\n|-damage|p2a: Illumise|80/100\n|\n|upkeep\n|turn|10\n|inactive|Time left: 300 sec this turn | 300 sec total\n|\n|t:|1783560342\n|move|p2a: Illumise|Bug Buzz|p1a: Whiscash\n|-damage|p1a: Whiscash|240/337\n|move|p1a: Whiscash|Earthquake|p2a: Illumise\n|-resisted|p2a: Illumise\n|-damage|p2a: Illumise|62/100\n|\n|-heal|p1a: Whiscash|261/337|[from] item: Leftovers\n|upkeep\n|turn|11\n|inactive|Time left: 300 sec this turn | 300 sec total\n|\n|t:|1783560343\n|move|p2a: Illumise|Roost|p2a: Illumise\n|-heal|p2a: Illumise|100/100\n|-singleturn|p2a: Illumise|move: Roost\n|move|p1a: Whiscash|Earthquake|p2a: Illumise\n|-resisted|p2a: Illumise\n|-damage|p2a: Illumise|79/100\n|\n|-heal|p1a: Whiscash|282/337|[from] item: Leftovers\n|upkeep\n|turn|12\n|inactive|Time left: 300 sec this turn | 300 sec total\n|\n|t:|1783560344\n|move|p2a: Illumise|Bug Buzz|p1a: Whiscash\n|-damage|p1a: Whiscash|188/337\n|move|p1a: Whiscash|Stealth Rock|p2a: Illumise\n|-sidestart|p2: p0y18213fd4|move: Stealth Rock\n|\n|-heal|p1a: Whiscash|209/337|[from] item: Leftovers\n|upkeep\n|turn|13\n|inactive|Time left: 300 sec this turn | 300 sec total\n|\n|t:|1783560345\n|move|p2a: Illumise|Bug Buzz|p1a: Whiscash\n|-damage|p1a: Whiscash|110/337\n|move|p1a: Whiscash|Earthquake|p2a: Illumise\n|-resisted|p2a: Illumise\n|-damage|p2a: Illumise|61/100\n|\n|-heal|p1a: Whiscash|131/337|[from] item: Leftovers\n|upkeep\n|turn|14\n|inactive|Time left: 300 sec this turn | 300 sec total\n|\n|t:|1783560346\n|move|p2a: Illumise|Bug Buzz|p1a: Whiscash\n|-damage|p1a: Whiscash|31/337\n|move|p1a: Whiscash|Earthquake|p2a: Illumise\n|-resisted|p2a: Illumise\n|-damage|p2a: Illumise|43/100\n|\n|-heal|p1a: Whiscash|52/337|[from] item: Leftovers\n|upkeep\n|turn|15\n|inactive|Time left: 300 sec this turn | 300 sec total\n|\n|t:|1783560348\n|switch|p1a: Kilowattrel|Kilowattrel, L83, F|252/252\n|move|p2a: Illumise|Bug Buzz|p1a: Kilowattrel\n|-resisted|p1a: Kilowattrel\n|-damage|p1a: Kilowattrel|193/252\n|-unboost|p1a: Kilowattrel|spd|1\n|\n|upkeep\n|turn|16\n|inactive|Time left: 300 sec this turn | 300 sec total\n|\n|t:|1783560349\n|move|p2a: Illumise|Roost|p2a: Illumise\n|-heal|p2a: Illumise|93/100\n|-singleturn|p2a: Illumise|move: Roost\n|move|p1a: Kilowattrel|Discharge|p2a: Illumise\n|-damage|p2a: Illumise|61/100\n|-status|p2a: Illumise|par\n|\n|upkeep\n|turn|17\n|inactive|Time left: 300 sec this turn | 300 sec total\n|\n|t:|1783560350\n|switch|p2a: Typhlosion|Typhlosion-Hisui, L83, M|100/100\n|move|p1a: Kilowattrel|Hurricane|p2a: Typhlosion|[miss]\n|-miss|p1a: Kilowattrel|p2a: Typhlosion\n|\n|upkeep\n|turn|18\n|inactive|Time left: 300 sec this turn | 300 sec total\n|\n|t:|1783560351\n|move|p1a: Kilowattrel|Discharge|p2a: Typhlosion\n|-damage|p2a: Typhlosion|67/100\n|move|p2a: Typhlosion|Fire Blast|p1a: Kilowattrel\n|-damage|p1a: Kilowattrel|0 fnt\n|faint|p1a: Kilowattrel\n|\n|upkeep\n|inactive|Time left: 300 sec this turn | 300 sec total | 5 sec grace\n|\n|t:|1783560352\n|switch|p1a: Deoxys|Deoxys, L74|177/196\n|-ability|p1a: Deoxys|Pressure\n|turn|19\n|inactive|Time left: 300 sec this turn | 300 sec total\n|\n|t:|1783560353\n|switch|p2a: Registeel|Registeel, L81|100/100\n|-damage|p2a: Registeel|94/100|[from] Stealth Rock\n|move|p1a: Deoxys|Knock Off|p2a: Registeel\n|-crit|p2a: Registeel\n|-damage|p2a: Registeel|53/100\n|-enditem|p2a: Registeel|Leftovers|[from] move: Knock Off|[of] p1a: Deoxys\n|-damage|p1a: Deoxys|158/196|[from] item: Life Orb\n|\n|upkeep\n|turn|20\n|inactive|Time left: 300 sec this turn | 300 sec total\n|\n|t:|1783560354\n|move|p1a: Deoxys|Superpower|p2a: Registeel\n|-supereffective|p2a: Registeel\n|-damage|p2a: Registeel|0 fnt\n|-unboost|p1a: Deoxys|atk|1\n|-unboost|p1a: Deoxys|def|1\n|faint|p2a: Registeel\n|-damage|p1a: Deoxys|139/196|[from] item: Life Orb\n|\n|upkeep\n|\n|t:|1783560355\n|switch|p2a: Copperajah|Copperajah, L86, F|59/100\n|-damage|p2a: Copperajah|53/100|[from] Stealth Rock\n|turn|21\n|inactive|Time left: 300 sec this turn | 300 sec total\n|\n|t:|1783560357\n|move|p1a: Deoxys|Superpower|p2a: Copperajah\n|-supereffective|p2a: Copperajah\n|-damage|p2a: Copperajah|0 fnt\n|-unboost|p1a: Deoxys|atk|1\n|-unboost|p1a: Deoxys|def|1\n|faint|p2a: Copperajah\n|-damage|p1a: Deoxys|120/196|[from] item: Life Orb\n|\n|upkeep\n|\n|t:|1783560357\n|switch|p2a: Typhlosion|Typhlosion-Hisui, L83, M|67/100\n|turn|22\n|inactive|Time left: 300 sec this turn | 300 sec total\n|\n|t:|1783560359\n|move|p1a: Deoxys|Psycho Boost|p2a: Typhlosion\n|-damage|p2a: Typhlosion|0 fnt\n|-unboost|p1a: Deoxys|spa|2\n|faint|p2a: Typhlosion\n|-damage|p1a: Deoxys|101/196|[from] item: Life Orb\n|\n|upkeep\n|\n|t:|1783560360\n|switch|p2a: Illumise|Illumise, L91, F|61/100 par\n|turn|23\n|inactive|Time left: 300 sec this turn | 300 sec total\n|\n|t:|1783560361\n|switch|p1a: Whiscash|Whiscash, L88, M|52/337\n|cant|p2a: Illumise|par\n|\n|-heal|p1a: Whiscash|73/337|[from] item: Leftovers\n|upkeep\n|turn|24\n|inactive|Time left: 300 sec this turn | 300 sec total\n|\n|t:|1783560362\n|move|p2a: Illumise|Roost|p2a: Illumise\n|-heal|p2a: Illumise|100/100 par\n|-singleturn|p2a: Illumise|move: Roost\n|move|p1a: Whiscash|Earthquake|p2a: Illumise\n|-resisted|p2a: Illumise\n|-damage|p2a: Illumise|80/100 par\n|\n|-heal|p1a: Whiscash|94/337|[from] item: Leftovers\n|upkeep\n|turn|25\n|inactive|Time left: 300 sec this turn | 300 sec total\n|\n|t:|1783560363\n|cant|p2a: Illumise|par\n|move|p1a: Whiscash|Earthquake|p2a: Illumise\n|-resisted|p2a: Illumise\n|-damage|p2a: Illumise|61/100 par\n|\n|-heal|p1a: Whiscash|115/337|[from] item: Leftovers\n|upkeep\n|turn|26\n|inactive|Time left: 300 sec this turn | 300 sec total\n|\n|t:|1783560364\n|move|p2a: Illumise|Roost|p2a: Illumise\n|-heal|p2a: Illumise|100/100 par\n|-singleturn|p2a: Illumise|move: Roost\n|move|p1a: Whiscash|Ice Beam|p2a: Illumise\n|-damage|p2a: Illumise|80/100 par\n|\n|-heal|p1a: Whiscash|136/337|[from] item: Leftovers\n|upkeep\n|turn|27\n|inactive|Time left: 300 sec this turn | 300 sec total\n|\n|t:|1783560365\n|move|p1a: Whiscash|Earthquake|p2a: Illumise\n|-resisted|p2a: Illumise\n|-damage|p2a: Illumise|62/100 par\n|cant|p2a: Illumise|par\n|\n|-heal|p1a: Whiscash|157/337|[from] item: Leftovers\n|upkeep\n|turn|28\n|inactive|Time left: 300 sec this turn | 300 sec total\n|\n|t:|1783560366\n|cant|p2a: Illumise|par\n|move|p1a: Whiscash|Ice Beam|p2a: Illumise\n|-damage|p2a: Illumise|40/100 par\n|\n|-heal|p1a: Whiscash|178/337|[from] item: Leftovers\n|upkeep\n|turn|29\n|inactive|Time left: 300 sec this turn | 300 sec total\n|\n|t:|1783560367\n|switch|p1a: Deoxys|Deoxys, L74|101/196\n|-ability|p1a: Deoxys|Pressure\n|move|p2a: Illumise|Roost|p2a: Illumise\n|-heal|p2a: Illumise|90/100 par\n|-singleturn|p2a: Illumise|move: Roost\n|\n|upkeep\n|turn|30\n|inactive|Time left: 300 sec this turn | 300 sec total\n|\n|t:|1783560368\n|-terastallize|p1a: Deoxys|Psychic\n|move|p1a: Deoxys|Psycho Boost|p2a: Illumise\n|-damage|p2a: Illumise|0 fnt\n|-unboost|p1a: Deoxys|spa|2\n|faint|p2a: Illumise\n|-damage|p1a: Deoxys|82/196|[from] item: Life Orb\n|\n|win|p0x1821da5d", "uploadtime": 1783560368, "views": 0, "rating": 0, "private": 0, "password": null, "_winner": "p0x1821da5d", "_our_name": "p0x1821da5d"}