{"id": "battle-gen9randombattle-2320", "formatid": "gen9randombattle", "format": "[Gen 9] Random Battle", "players": ["p0x2320cdbb", "p0y2320ce66"], "log": "|init|battle\n|title|p0x2320cdbb vs. p0y2320ce66\n|j|\u2606p0x2320cdbb\n|j|\u2606p0y2320ce66\n|t:|1783565916\n|gametype|singles\n|player|p1|p0x2320cdbb|102|\n|player|p2|p0y2320ce66|101|\n|gen|9\n|tier|[Gen 9] Random Battle\n|rule|Species Clause: Limit one of each Pok\u00e9mon\n|rule|HP Percentage Mod: HP is shown in percentages\n|rule|Sleep Clause Mod: Limit one foe put to sleep\n|rule|Illusion Level Mod: Illusion disguises the Pok\u00e9mon's true level\n|\n|t:|1783565916\n|teamsize|p1|6\n|teamsize|p2|6\n|start\n|switch|p1a: Keldeo|Keldeo-Resolute, L79|100/100\n|switch|p2a: Cyclizar|Cyclizar, L84, M|255/255\n|turn|1\n|inactive|Battle timer is ON: inactive players will automatically lose when time's up. (requested by p0x2320cdbb)\n|inactive|Time left: 300 sec this turn | 300 sec total | 60 sec grace\n|inactive|p0y2320ce66 also wants the timer to be on.\n|\n|t:|1783565918\n|move|p2a: Cyclizar|Shed Tail|p2a: Cyclizar\n|-start|p2a: Cyclizar|Substitute|[from] move: Shed Tail\n|-damage|p2a: Cyclizar|127/255\n|inactive|Time left: 300 sec this turn | 300 sec total | 65 sec grace\n|\n|t:|1783565919\n|switch|p2a: Articuno|Articuno-Galar, L84|288/288|[from] Shed Tail\n|move|p1a: Keldeo|Calm Mind|p1a: Keldeo\n|-boost|p1a: Keldeo|spa|1\n|-boost|p1a: Keldeo|spd|1\n|\n|upkeep\n|turn|2\n|inactive|Time left: 300 sec this turn | 300 sec total\n|\n|t:|1783565920\n|move|p1a: Keldeo|Substitute|p1a: Keldeo\n|-start|p1a: Keldeo|Substitute\n|-damage|p1a: Keldeo|76/100\n|move|p2a: Articuno|Calm Mind|p2a: Articuno\n|-boost|p2a: Articuno|spa|1\n|-boost|p2a: Articuno|spd|1\n|\n|-heal|p1a: Keldeo|82/100|[from] item: Leftovers\n|upkeep\n|turn|3\n|inactive|Time left: 300 sec this turn | 300 sec total\n|\n|t:|1783565921\n|move|p1a: Keldeo|Calm Mind|p1a: Keldeo\n|-boost|p1a: Keldeo|spa|1\n|-boost|p1a: Keldeo|spd|1\n|move|p2a: Articuno|Calm Mind|p2a: Articuno\n|-boost|p2a: Articuno|spa|1\n|-boost|p2a: Articuno|spd|1\n|\n|-heal|p1a: Keldeo|88/100|[from] item: Leftovers\n|upkeep\n|turn|4\n|inactive|Time left: 300 sec this turn | 300 sec total\n|\n|t:|1783565922\n|move|p1a: Keldeo|Hydro Pump|p2a: Articuno\n|-end|p2a: Articuno|Substitute\n|move|p2a: Articuno|Freezing Glare|p1a: Keldeo\n|-supereffective|p1a: Keldeo\n|-end|p1a: Keldeo|Substitute\n|\n|-heal|p1a: Keldeo|94/100|[from] item: Leftovers\n|upkeep\n|turn|5\n|inactive|Time left: 300 sec this turn | 300 sec total\n|\n|t:|1783565923\n|move|p1a: Keldeo|Substitute|p1a: Keldeo\n|-start|p1a: Keldeo|Substitute\n|-damage|p1a: Keldeo|69/100\n|move|p2a: Articuno|Hurricane|p1a: Keldeo\n|-supereffective|p1a: Keldeo\n|-end|p1a: Keldeo|Substitute\n|\n|-heal|p1a: Keldeo|76/100|[from] item: Leftovers\n|upkeep\n|turn|6\n|inactive|Time left: 300 sec this turn | 300 sec total\n|\n|t:|1783565924\n|move|p1a: Keldeo|Substitute|p1a: Keldeo\n|-start|p1a: Keldeo|Substitute\n|-damage|p1a: Keldeo|51/100\n|move|p2a: Articuno|Freezing Glare|p1a: Keldeo\n|-supereffective|p1a: Keldeo\n|-end|p1a: Keldeo|Substitute\n|\n|-heal|p1a: Keldeo|57/100|[from] item: Leftovers\n|upkeep\n|turn|7\n|inactive|Time left: 300 sec this turn | 300 sec total\n|\n|t:|1783565925\n|move|p1a: Keldeo|Substitute|p1a: Keldeo\n|-start|p1a: Keldeo|Substitute\n|-damage|p1a: Keldeo|32/100\n|move|p2a: Articuno|Freezing Glare|p1a: Keldeo\n|-supereffective|p1a: Keldeo\n|-end|p1a: Keldeo|Substitute\n|\n|-heal|p1a: Keldeo|38/100|[from] item: Leftovers\n|upkeep\n|turn|8\n|inactive|Time left: 300 sec this turn | 300 sec total\n|\n|t:|1783565926\n|-terastallize|p1a: Keldeo|Steel\n|move|p1a: Keldeo|Substitute|p1a: Keldeo\n|-start|p1a: Keldeo|Substitute\n|-damage|p1a: Keldeo|13/100\n|move|p2a: Articuno|Freezing Glare|p1a: Keldeo\n|-resisted|p1a: Keldeo\n|-activate|p1a: Keldeo|move: Substitute|[damage]\n|\n|-heal|p1a: Keldeo|20/100|[from] item: Leftovers\n|upkeep\n|turn|9\n|inactive|Time left: 300 sec this turn | 300 sec total\n|\n|t:|1783565927\n|move|p1a: Keldeo|Hydro Pump|p2a: Articuno\n|-damage|p2a: Articuno|180/288\n|move|p2a: Articuno|Hurricane|p1a: Keldeo\n|-resisted|p1a: Keldeo\n|-end|p1a: Keldeo|Substitute\n|\n|-heal|p1a: Keldeo|26/100|[from] item: Leftovers\n|upkeep\n|turn|10\n|inactive|Time left: 300 sec this turn | 300 sec total\n|\n|t:|1783565927\n|move|p1a: Keldeo|Hydro Pump|p2a: Articuno\n|-damage|p2a: Articuno|63/288\n|move|p2a: Articuno|Hurricane|p1a: Keldeo\n|-resisted|p1a: Keldeo\n|-damage|p1a: Keldeo|0 fnt\n|faint|p1a: Keldeo\n|\n|upkeep\n|\n|t:|1783565928\n|switch|p1a: Talonflame|Talonflame, L83, F|100/100\n|turn|11\n|inactive|Time left: 300 sec this turn | 300 sec total\n|\n|t:|1783565929\n|switch|p2a: Drednaw|Drednaw, L81, F|278/278\n|move|p1a: Talonflame|Flare Blitz|p2a: Drednaw\n|-resisted|p2a: Drednaw\n|-damage|p2a: Drednaw|251/278\n|-damage|p1a: Talonflame|97/100|[from] Recoil\n|\n|upkeep\n|turn|12\n|inactive|Time left: 300 sec this turn | 300 sec total\n|\n|t:|1783565930\n|switch|p1a: Scrafty|Scrafty, L83, M|100/100\n|-ability|p1a: Scrafty|Intimidate|boost\n|-unboost|p2a: Drednaw|atk|1\n|-enditem|p2a: Drednaw|White Herb\n|-clearnegativeboost|p2a: Drednaw|[silent]\n|move|p2a: Drednaw|Shell Smash|p2a: Drednaw\n|-unboost|p2a: Drednaw|def|1\n|-unboost|p2a: Drednaw|spd|1\n|-boost|p2a: Drednaw|atk|2\n|-boost|p2a: Drednaw|spa|2\n|-boost|p2a: Drednaw|spe|2\n|\n|upkeep\n|turn|13\n|inactive|Time left: 300 sec this turn | 300 sec total\n|\n|t:|1783565931\n|move|p2a: Drednaw|Liquidation|p1a: Scrafty\n|-damage|p1a: Scrafty|32/100\n|move|p1a: Scrafty|Drain Punch|p2a: Drednaw\n|-supereffective|p2a: Drednaw\n|-damage|p2a: Drednaw|35/278\n|-heal|p1a: Scrafty|77/100|[from] drain|[of] p2a: Drednaw\n|\n|-heal|p1a: Scrafty|83/100|[from] item: Leftovers\n|upkeep\n|turn|14\n|inactive|Time left: 300 sec this turn | 300 sec total\n|\n|t:|1783565933\n|move|p2a: Drednaw|Liquidation|p1a: Scrafty\n|-damage|p1a: Scrafty|14/100\n|move|p1a: Scrafty|Knock Off|p2a: Drednaw\n|-damage|p2a: Drednaw|0 fnt\n|faint|p2a: Drednaw\n|\n|-heal|p1a: Scrafty|20/100|[from] item: Leftovers\n|upkeep\n|inactive|Time left: 300 sec this turn | 300 sec total | 5 sec grace\n|\n|t:|1783565933\n|switch|p2a: Flapple|Flapple, L88, F|266/266\n|turn|15\n|inactive|Time left: 300 sec this turn | 300 sec total\n|\n|t:|1783565934\n|move|p2a: Flapple|Outrage|p1a: Scrafty\n|-damage|p1a: Scrafty|0 fnt\n|faint|p1a: Scrafty\n|\n|upkeep\n|\n|t:|1783565935\n|switch|p1a: Incineroar|Incineroar, L82, M|100/100\n|-ability|p1a: Incineroar|Intimidate|boost\n|-unboost|p2a: Flapple|atk|1\n|turn|16\n|inactive|Time left: 300 sec this turn | 300 sec total\n|\n|t:|1783565936\n|move|p2a: Flapple|Outrage|p1a: Incineroar|[from] lockedmove\n|-damage|p1a: Incineroar|45/100\n|move|p1a: Incineroar|U-turn|p2a: Flapple\n|-supereffective|p2a: Flapple\n|-damage|p2a: Flapple|164/266\n|\n|t:|1783565938\n|switch|p1a: Porygon-Z|Porygon-Z, L83|100/100|[from] U-turn\n|\n|upkeep\n|turn|17\n|inactive|Time left: 300 sec this turn | 300 sec total\n|\n|t:|1783565939\n|move|p1a: Porygon-Z|Tri Attack|p2a: Flapple\n|-damage|p2a: Flapple|0 fnt\n|faint|p2a: Flapple\n|-damage|p1a: Porygon-Z|91/100|[from] item: Life Orb\n|\n|upkeep\n|inactive|Time left: 300 sec this turn | 300 sec total | 5 sec grace\n|\n|t:|1783565940\n|switch|p2a: Articuno|Articuno-Galar, L84|63/288\n|turn|18\n|inactive|Time left: 300 sec this turn | 300 sec total\n|\n|t:|1783565940\n|move|p2a: Articuno|Recover|p2a: Articuno\n|-heal|p2a: Articuno|207/288\n|move|p1a: Porygon-Z|Thunderbolt|p2a: Articuno\n|-supereffective|p2a: Articuno\n|-damage|p2a: Articuno|9/288\n|-damage|p1a: Porygon-Z|81/100|[from] item: Life Orb\n|\n|upkeep\n|turn|19\n|inactive|Time left: 300 sec this turn | 300 sec total\n|\n|t:|1783565941\n|move|p2a: Articuno|Freezing Glare|p1a: Porygon-Z\n|-damage|p1a: Porygon-Z|36/100\n|move|p1a: Porygon-Z|Ice Beam|p2a: Articuno\n|-supereffective|p2a: Articuno\n|-damage|p2a: Articuno|0 fnt\n|faint|p2a: Articuno\n|-damage|p1a: Porygon-Z|26/100|[from] item: Life Orb\n|\n|upkeep\n|inactive|Time left: 300 sec this turn | 300 sec total | 5 sec grace\n|\n|t:|1783565942\n|switch|p2a: Cyclizar|Cyclizar, L84, M|212/255\n|turn|20\n|inactive|Time left: 300 sec this turn | 300 sec total\n|\n|t:|1783565943\n|move|p2a: Cyclizar|Knock Off|p1a: Porygon-Z\n|-damage|p1a: Porygon-Z|0 fnt\n|-enditem|p1a: Porygon-Z|Life Orb|[from] move: Knock Off|[of] p2a: Cyclizar\n|faint|p1a: Porygon-Z\n|\n|upkeep\n|\n|t:|1783565944\n|switch|p1a: Pachirisu|Pachirisu, L96, M|100/100\n|turn|21\n|inactive|Time left: 300 sec this turn | 300 sec total\n|\n|t:|1783565945\n|move|p2a: Cyclizar|Rapid Spin|p1a: Pachirisu\n|-damage|p1a: Pachirisu|79/100\n|-boost|p2a: Cyclizar|spe|1\n|move|p1a: Pachirisu|Super Fang|p2a: Cyclizar\n|-damage|p2a: Cyclizar|106/255\n|\n|upkeep\n|turn|22\n|inactive|Time left: 300 sec this turn | 300 sec total\n|\n|t:|1783565946\n|move|p2a: Cyclizar|Rapid Spin|p1a: Pachirisu\n|-damage|p1a: Pachirisu|58/100\n|-boost|p2a: Cyclizar|spe|1\n|move|p1a: Pachirisu|Nuzzle|p2a: Cyclizar\n|-resisted|p2a: Cyclizar\n|-damage|p2a: Cyclizar|95/255\n|-status|p2a: Cyclizar|par\n|\n|upkeep\n|turn|23\n|inactive|Time left: 300 sec this turn | 300 sec total\n|\n|t:|1783565947\n|cant|p2a: Cyclizar|par\n|move|p1a: Pachirisu|U-turn|p2a: Cyclizar\n|-damage|p2a: Cyclizar|45/255 par\n|\n|t:|1783565948\n|switch|p1a: Talonflame|Talonflame, L83, F|97/100|[from] U-turn\n|\n|upkeep\n|turn|24\n|inactive|Time left: 300 sec this turn | 300 sec total\n|\n|t:|1783565949\n|switch|p2a: Scovillain|Scovillain, L91, M|266/266\n|move|p1a: Talonflame|Flare Blitz|p2a: Scovillain\n|-damage|p2a: Scovillain|148/266\n|-damage|p1a: Talonflame|82/100|[from] Recoil\n|\n|-heal|p2a: Scovillain|164/266|[from] item: Leftovers\n|upkeep\n|turn|25\n|inactive|Time left: 300 sec this turn | 300 sec total\n|\n|t:|1783565950\n|move|p2a: Scovillain|Protect|p2a: Scovillain\n|-singleturn|p2a: Scovillain|Protect\n|move|p1a: Talonflame|Brave Bird|p2a: Scovillain\n|-activate|p2a: Scovillain|move: Protect\n|\n|-heal|p2a: Scovillain|180/266|[from] item: Leftovers\n|upkeep\n|turn|26\n|inactive|Time left: 300 sec this turn | 300 sec total\n|\n|t:|1783565951\n|-terastallize|p2a: Scovillain|Steel\n|move|p1a: Talonflame|Brave Bird|p2a: Scovillain\n|-resisted|p2a: Scovillain\n|-damage|p2a: Scovillain|113/266\n|-damage|p1a: Talonflame|74/100|[from] Recoil\n|move|p2a: Scovillain|Leech Seed|p1a: Talonflame\n|-start|p1a: Talonflame|move: Leech Seed\n|\n|-heal|p2a: Scovillain|129/266|[from] item: Leftovers\n|-damage|p1a: Talonflame|62/100|[from] Leech Seed|[of] p2a: Scovillain\n|-heal|p2a: Scovillain|162/266|[silent]\n|upkeep\n|turn|27\n|inactive|Time left: 300 sec this turn | 300 sec total\n|\n|t:|1783565952\n|switch|p1a: Incineroar|Incineroar, L82, M|45/100\n|-ability|p1a: Incineroar|Intimidate|boost\n|-unboost|p2a: Scovillain|atk|1\n|switch|p2a: Cyclizar|Cyclizar, L84, M|130/255 par\n|\n|upkeep\n|turn|28\n|inactive|Time left: 300 sec this turn | 300 sec total\n|\n|t:|1783565953\n|switch|p2a: Volbeat|Volbeat, L90, M|263/263\n|move|p1a: Incineroar|Knock Off|p2a: Volbeat\n|-damage|p2a: Volbeat|149/263\n|-enditem|p2a: Volbeat|Heavy-Duty Boots|[from] move: Knock Off|[of] p1a: Incineroar\n|\n|upkeep\n|turn|29\n|inactive|Time left: 300 sec this turn | 300 sec total\n|\n|t:|1783565954\n|move|p2a: Volbeat|U-turn|p1a: Incineroar\n|-damage|p1a: Incineroar|22/100\n|inactive|Time left: 300 sec this turn | 300 sec total | 5 sec grace\n|\n|t:|1783565955\n|switch|p2a: Cyclizar|Cyclizar, L84, M|215/255 par|[from] U-turn\n|move|p1a: Incineroar|Knock Off|p2a: Cyclizar\n|-damage|p2a: Cyclizar|73/255 par\n|-enditem|p2a: Cyclizar|Heavy-Duty Boots|[from] move: Knock Off|[of] p1a: Incineroar\n|\n|upkeep\n|turn|30\n|inactive|Time left: 300 sec this turn | 300 sec total\n|\n|t:|1783565956\n|switch|p2a: Volbeat|Volbeat, L90, M|149/263\n|move|p1a: Incineroar|Knock Off|p2a: Volbeat\n|-damage|p2a: Volbeat|62/263\n|\n|upkeep\n|turn|31\n|inactive|Time left: 300 sec this turn | 300 sec total\n|\n|t:|1783565957\n|switch|p1a: Talonflame|Talonflame, L83, F|62/100\n|move|p2a: Volbeat|U-turn|p1a: Talonflame\n|-resisted|p1a: Talonflame\n|-damage|p1a: Talonflame|54/100\n|inactive|Time left: 300 sec this turn | 300 sec total | 5 sec grace\n|\n|t:|1783565958\n|switch|p2a: Cyclizar|Cyclizar, L84, M|158/255 par|[from] U-turn\n|\n|upkeep\n|turn|32\n|inactive|Time left: 300 sec this turn | 300 sec total\n|\n|t:|1783565959\n|move|p1a: Talonflame|Swords Dance|p1a: Talonflame\n|-boost|p1a: Talonflame|atk|2\n|cant|p2a: Cyclizar|par\n|\n|upkeep\n|turn|33\n|inactive|Time left: 300 sec this turn | 300 sec total\n|\n|t:|1783565960\n|move|p1a: Talonflame|Brave Bird|p2a: Cyclizar\n|-damage|p2a: Cyclizar|0 fnt\n|faint|p2a: Cyclizar\n|-damage|p1a: Talonflame|35/100|[from] Recoil\n|\n|upkeep\n|inactive|Time left: 300 sec this turn | 300 sec total | 5 sec grace\n|\n|t:|1783565961\n|switch|p2a: Volbeat|Volbeat, L90, M|62/263\n|turn|34\n|inactive|Time left: 300 sec this turn | 300 sec total\n|\n|t:|1783565962\n|move|p2a: Volbeat|Thunder Wave|p1a: Talonflame\n|-status|p1a: Talonflame|par\n|cant|p1a: Talonflame|par\n|\n|upkeep\n|turn|35\n|inactive|Time left: 300 sec this turn | 300 sec total\n|\n|t:|1783565963\n|move|p2a: Volbeat|Roost|p2a: Volbeat\n|-heal|p2a: Volbeat|194/263\n|-singleturn|p2a: Volbeat|move: Roost\n|move|p1a: Talonflame|Flare Blitz|p2a: Volbeat\n|-supereffective|p2a: Volbeat\n|-damage|p2a: Volbeat|0 fnt\n|faint|p2a: Volbeat\n|-damage|p1a: Talonflame|11/100 par|[from] Recoil\n|\n|upkeep\n|inactive|Time left: 300 sec this turn | 300 sec total | 5 sec grace\n|\n|t:|1783565964\n|switch|p2a: Scovillain|Scovillain, L91, M, tera:Steel|162/266\n|turn|36\n|inactive|Time left: 300 sec this turn | 300 sec total\n|\n|t:|1783565965\n|move|p2a: Scovillain|Substitute|p2a: Scovillain\n|-start|p2a: Scovillain|Substitute\n|-damage|p2a: Scovillain|96/266\n|cant|p1a: Talonflame|par\n|\n|-heal|p2a: Scovillain|112/266|[from] item: Leftovers\n|upkeep\n|turn|37\n|inactive|Time left: 300 sec this turn | 300 sec total\n|\n|t:|1783565966\n|move|p2a: Scovillain|Flamethrower|p1a: Talonflame\n|-resisted|p1a: Talonflame\n|-damage|p1a: Talonflame|0 fnt\n|faint|p1a: Talonflame\n|\n|-heal|p2a: Scovillain|128/266|[from] item: Leftovers\n|upkeep\n|\n|t:|1783565968\n|switch|p1a: Incineroar|Incineroar, L82, M|22/100\n|-ability|p1a: Incineroar|Intimidate|boost\n|-immune|p2a: Scovillain\n|turn|38\n|inactive|Time left: 300 sec this turn | 300 sec total\n|\n|t:|1783565969\n|move|p2a: Scovillain|Leech Seed|p1a: Incineroar\n|-start|p1a: Incineroar|move: Leech Seed\n|move|p1a: Incineroar|Knock Off|p2a: Scovillain\n|-end|p2a: Scovillain|Substitute\n|\n|-heal|p2a: Scovillain|144/266|[from] item: Leftovers\n|-damage|p1a: Incineroar|9/100|[from] Leech Seed|[of] p2a: Scovillain\n|-heal|p2a: Scovillain|180/266|[silent]\n|upkeep\n|turn|39\n|inactive|Time left: 300 sec this turn | 300 sec total\n|\n|t:|1783565970\n|switch|p1a: Pachirisu|Pachirisu, L96, M|58/100\n|move|p2a: Scovillain|Flamethrower|p1a: Pachirisu\n|-damage|p1a: Pachirisu|35/100\n|\n|-heal|p2a: Scovillain|196/266|[from] item: Leftovers\n|upkeep\n|turn|40\n|inactive|Time left: 300 sec this turn | 300 sec total\n|\n|t:|1783565971\n|move|p1a: Pachirisu|Nuzzle|p2a: Scovillain\n|-damage|p2a: Scovillain|177/266\n|-status|p2a: Scovillain|par\n|move|p2a: Scovillain|Leech Seed|p1a: Pachirisu\n|-start|p1a: Pachirisu|move: Leech Seed\n|\n|-heal|p2a: Scovillain|193/266 par|[from] item: Leftovers\n|-damage|p1a: Pachirisu|23/100|[from] Leech Seed|[of] p2a: Scovillain\n|-heal|p2a: Scovillain|226/266 par|[silent]\n|upkeep\n|turn|41\n|inactive|Time left: 300 sec this turn | 300 sec total\n|\n|t:|1783565972\n|move|p1a: Pachirisu|Super Fang|p2a: Scovillain\n|-damage|p2a: Scovillain|113/266 par\n|move|p2a: Scovillain|Substitute|p2a: Scovillain\n|-start|p2a: Scovillain|Substitute\n|-damage|p2a: Scovillain|47/266 par\n|\n|-heal|p2a: Scovillain|63/266 par|[from] item: Leftovers\n|-damage|p1a: Pachirisu|10/100|[from] Leech Seed|[of] p2a: Scovillain\n|-heal|p2a: Scovillain|96/266 par|[silent]\n|upkeep\n|turn|42\n|inactive|Time left: 300 sec this turn | 300 sec total\n|\n|t:|1783565973\n|cant|p2a: Scovillain|par\n|move|p1a: Pachirisu|Thunderbolt|p2a: Scovillain\n|-end|p2a: Scovillain|Substitute\n|\n|-heal|p2a: Scovillain|112/266 par|[from] item: Leftovers\n|-damage|p1a: Pachirisu|0 fnt|[from] Leech Seed|[of] p2a: Scovillain\n|-heal|p2a: Scovillain|139/266 par|[silent]\n|faint|p1a: Pachirisu\n|upkeep\n|\n|t:|1783565974\n|switch|p1a: Incineroar|Incineroar, L82, M|9/100\n|-ability|p1a: Incineroar|Intimidate|boost\n|-unboost|p2a: Scovillain|atk|1\n|turn|43\n|inactive|Time left: 300 sec this turn | 300 sec total\n|\n|t:|1783565975\n|move|p2a: Scovillain|Protect|p2a: Scovillain\n|-singleturn|p2a: Scovillain|Protect\n|move|p1a: Incineroar|Close Combat|p2a: Scovillain\n|-activate|p2a: Scovillain|move: Protect\n|\n|-heal|p2a: Scovillain|155/266 par|[from] item: Leftovers\n|upkeep\n|turn|44\n|inactive|Time left: 300 sec this turn | 300 sec total\n|\n|t:|1783565976\n|move|p1a: Incineroar|Close Combat|p2a: Scovillain\n|-supereffective|p2a: Scovillain\n|-damage|p2a: Scovillain|0 fnt\n|-unboost|p1a: Incineroar|def|1\n|-unboost|p1a: Incineroar|spd|1\n|faint|p2a: Scovillain\n|\n|win|p0x2320cdbb", "uploadtime": 1783565976, "views": 0, "rating": 0, "private": 0, "password": null, "_winner": "p0x2320cdbb", "_our_name": "p0y2320ce66"}