{"id": "battle-gen9randombattle-184", "formatid": "gen9randombattle", "format": "[Gen 9] Random Battle", "players": ["p0x184bf21", "p0y184b54d"], "log": "|init|battle\n|title|p0x184bf21 vs. p0y184b54d\n|j|\u2606p0x184bf21\n|j|\u2606p0y184b54d\n|t:|1783541707\n|gametype|singles\n|player|p1|p0x184bf21|1|\n|player|p2|p0y184b54d|266|\n|gen|9\n|tier|[Gen 9] Random Battle\n|rule|Species Clause: Limit one of each Pok\u00e9mon\n|rule|HP Percentage Mod: HP is shown in percentages\n|rule|Sleep Clause Mod: Limit one foe put to sleep\n|rule|Illusion Level Mod: Illusion disguises the Pok\u00e9mon's true level\n|\n|t:|1783541707\n|teamsize|p1|6\n|teamsize|p2|6\n|start\n|switch|p1a: Kingdra|Kingdra, L84, F|263/263\n|switch|p2a: Snorlax|Snorlax, L82, F|100/100\n|turn|1\n|inactive|Battle timer is ON: inactive players will automatically lose when time's up. (requested by p0y184b54d)\n|inactive|Time left: 300 sec this turn | 300 sec total | 60 sec grace\n|inactive|p0x184bf21 also wants the timer to be on.\n|\n|t:|1783541709\n|switch|p1a: Tsareena|Tsareena, L87, F|267/267\n|move|p2a: Snorlax|Body Slam|p1a: Tsareena\n|-damage|p1a: Tsareena|186/267\n|\n|upkeep\n|turn|2\n|inactive|Time left: 300 sec this turn | 300 sec total\n|\n|t:|1783541710\n|move|p1a: Tsareena|Power Whip|p2a: Snorlax\n|-damage|p2a: Snorlax|52/100\n|move|p2a: Snorlax|Body Slam|p1a: Tsareena\n|-damage|p1a: Tsareena|107/267\n|-status|p1a: Tsareena|par\n|\n|-heal|p2a: Snorlax|58/100|[from] item: Leftovers\n|upkeep\n|turn|3\n|inactive|Time left: 300 sec this turn | 300 sec total\n|\n|t:|1783541712\n|move|p2a: Snorlax|Body Slam|p1a: Tsareena\n|-damage|p1a: Tsareena|28/267 par\n|move|p1a: Tsareena|High Jump Kick|p2a: Snorlax\n|-supereffective|p2a: Snorlax\n|-crit|p2a: Snorlax\n|-damage|p2a: Snorlax|0 fnt\n|faint|p2a: Snorlax\n|\n|upkeep\n|\n|t:|1783541713\n|switch|p2a: Sunflora|Sunflora, F|100/100\n|turn|4\n|inactive|Time left: 300 sec this turn | 300 sec total\n|\n|t:|1783541714\n|move|p2a: Sunflora|Sludge Bomb|p1a: Tsareena\n|-supereffective|p1a: Tsareena\n|-damage|p1a: Tsareena|0 fnt\n|faint|p1a: Tsareena\n|\n|upkeep\n|inactive|Time left: 300 sec this turn | 300 sec total | 5 sec grace\n|\n|t:|1783541715\n|switch|p1a: Kleavor|Kleavor, L78, M|237/237\n|turn|5\n|inactive|Time left: 300 sec this turn | 300 sec total\n|\n|t:|1783541716\n|switch|p2a: Diancie|Diancie, L82|100/100\n|move|p1a: Kleavor|Stone Axe|p2a: Diancie\n|-damage|p2a: Diancie|65/100\n|-sidestart|p2: p0y184b54d|move: Stealth Rock\n|\n|-heal|p2a: Diancie|71/100|[from] item: Leftovers\n|upkeep\n|turn|6\n|inactive|Time left: 300 sec this turn | 300 sec total\n|\n|t:|1783541717\n|move|p1a: Kleavor|Swords Dance|p1a: Kleavor\n|-boost|p1a: Kleavor|atk|2\n|move|p2a: Diancie|Diamond Storm|p1a: Kleavor\n|-supereffective|p1a: Kleavor\n|-damage|p1a: Kleavor|43/237\n|\n|-heal|p2a: Diancie|77/100|[from] item: Leftovers\n|upkeep\n|turn|7\n|inactive|Time left: 300 sec this turn | 300 sec total\n|\n|t:|1783541719\n|-terastallize|p1a: Kleavor|Rock\n|move|p1a: Kleavor|Stone Axe|p2a: Diancie\n|-damage|p2a: Diancie|0 fnt\n|faint|p2a: Diancie\n|\n|upkeep\n|\n|t:|1783541720\n|switch|p2a: Articuno|Articuno, L86|100/100\n|-ability|p2a: Articuno|Pressure\n|turn|8\n|inactive|Time left: 300 sec this turn | 300 sec total\n|\n|t:|1783541721\n|switch|p1a: Baxcalibur|Baxcalibur, L75, F|295/295\n|move|p2a: Articuno|Freeze-Dry|p1a: Baxcalibur\n|-damage|p1a: Baxcalibur|205/295\n|\n|upkeep\n|turn|9\n|inactive|Time left: 300 sec this turn | 300 sec total\n|\n|t:|1783541722\n|move|p2a: Articuno|Brave Bird|p1a: Baxcalibur\n|-damage|p1a: Baxcalibur|82/295\n|-damage|p2a: Articuno|87/100|[from] Recoil\n|move|p1a: Baxcalibur|Scale Shot|p2a: Articuno\n|-damage|p2a: Articuno|78/100\n|-damage|p2a: Articuno|69/100\n|-damage|p2a: Articuno|59/100\n|-damage|p2a: Articuno|50/100\n|-damage|p2a: Articuno|41/100\n|-hitcount|p2a: Articuno|5\n|-unboost|p1a: Baxcalibur|def|1\n|-boost|p1a: Baxcalibur|spe|1\n|\n|upkeep\n|turn|10\n|inactive|Time left: 300 sec this turn | 300 sec total\n|\n|t:|1783541723\n|move|p1a: Baxcalibur|Icicle Spear|p2a: Articuno\n|-damage|p2a: Articuno|32/100\n|-damage|p2a: Articuno|23/100\n|-damage|p2a: Articuno|13/100\n|-damage|p2a: Articuno|4/100\n|-hitcount|p2a: Articuno|4\n|move|p2a: Articuno|Roost|p2a: Articuno\n|-heal|p2a: Articuno|54/100\n|-singleturn|p2a: Articuno|move: Roost\n|\n|upkeep\n|turn|11\n|inactive|Time left: 300 sec this turn | 300 sec total\n|\n|t:|1783541724\n|move|p1a: Baxcalibur|Icicle Spear|p2a: Articuno\n|-damage|p2a: Articuno|45/100\n|-damage|p2a: Articuno|35/100\n|-damage|p2a: Articuno|26/100\n|-damage|p2a: Articuno|17/100\n|-hitcount|p2a: Articuno|4\n|move|p2a: Articuno|Roost|p2a: Articuno\n|-heal|p2a: Articuno|68/100\n|-singleturn|p2a: Articuno|move: Roost\n|\n|upkeep\n|turn|12\n|inactive|Time left: 300 sec this turn | 300 sec total\n|\n|t:|1783541725\n|move|p1a: Baxcalibur|Icicle Spear|p2a: Articuno\n|-damage|p2a: Articuno|58/100\n|-damage|p2a: Articuno|50/100\n|-damage|p2a: Articuno|41/100\n|-damage|p2a: Articuno|32/100\n|-hitcount|p2a: Articuno|4\n|move|p2a: Articuno|Freeze-Dry|p1a: Baxcalibur\n|-damage|p1a: Baxcalibur|0 fnt\n|faint|p1a: Baxcalibur\n|\n|upkeep\n|inactive|Time left: 300 sec this turn | 300 sec total | 5 sec grace\n|\n|t:|1783541726\n|switch|p1a: Electrode|Electrode, L92|260/260\n|turn|13\n|inactive|Time left: 300 sec this turn | 300 sec total\n|\n|t:|1783541727\n|-terastallize|p2a: Articuno|Ground\n|move|p1a: Electrode|Volt Switch|p2a: Articuno\n|-immune|p2a: Articuno\n|move|p2a: Articuno|Roost|p2a: Articuno\n|-heal|p2a: Articuno|83/100\n|\n|upkeep\n|turn|14\n|inactive|Time left: 300 sec this turn | 300 sec total\n|\n|t:|1783541728\n|move|p1a: Electrode|Volt Switch|p2a: Articuno\n|-immune|p2a: Articuno\n|move|p2a: Articuno|Freeze-Dry|p1a: Electrode\n|-damage|p1a: Electrode|184/260\n|\n|upkeep\n|turn|15\n|inactive|Time left: 300 sec this turn | 300 sec total\n|\n|t:|1783541729\n|move|p1a: Electrode|Tera Blast|p2a: Articuno\n|-damage|p2a: Articuno|64/100\n|-damage|p1a: Electrode|158/260|[from] item: Life Orb\n|move|p2a: Articuno|Freeze-Dry|p1a: Electrode\n|-damage|p1a: Electrode|83/260\n|\n|upkeep\n|turn|16\n|inactive|Time left: 300 sec this turn | 300 sec total\n|\n|t:|1783541730\n|switch|p1a: Arceus|Arceus-Flying, L69|279/279\n|move|p2a: Articuno|Freeze-Dry|p1a: Arceus\n|-supereffective|p1a: Arceus\n|-damage|p1a: Arceus|127/279\n|\n|upkeep\n|turn|17\n|inactive|Time left: 300 sec this turn | 300 sec total\n|\n|t:|1783541732\n|move|p1a: Arceus|Recover|p1a: Arceus\n|-heal|p1a: Arceus|267/279\n|move|p2a: Articuno|Freeze-Dry|p1a: Arceus\n|-supereffective|p1a: Arceus\n|-damage|p1a: Arceus|121/279\n|\n|upkeep\n|turn|18\n|inactive|Time left: 300 sec this turn | 300 sec total\n|\n|t:|1783541733\n|move|p1a: Arceus|Recover|p1a: Arceus\n|-heal|p1a: Arceus|261/279\n|move|p2a: Articuno|Freeze-Dry|p1a: Arceus\n|-supereffective|p1a: Arceus\n|-damage|p1a: Arceus|109/279\n|\n|upkeep\n|turn|19\n|inactive|Time left: 300 sec this turn | 300 sec total\n|\n|t:|1783541734\n|move|p1a: Arceus|Recover|p1a: Arceus\n|-heal|p1a: Arceus|249/279\n|move|p2a: Articuno|Freeze-Dry|p1a: Arceus\n|-supereffective|p1a: Arceus\n|-damage|p1a: Arceus|97/279\n|\n|upkeep\n|turn|20\n|inactive|Time left: 300 sec this turn | 300 sec total\n|\n|t:|1783541735\n|move|p1a: Arceus|Recover|p1a: Arceus\n|-heal|p1a: Arceus|237/279\n|move|p2a: Articuno|Freeze-Dry|p1a: Arceus\n|-supereffective|p1a: Arceus\n|-damage|p1a: Arceus|81/279\n|\n|upkeep\n|turn|21\n|inactive|Time left: 300 sec this turn | 300 sec total\n|\n|t:|1783541736\n|move|p1a: Arceus|Recover|p1a: Arceus\n|-heal|p1a: Arceus|221/279\n|move|p2a: Articuno|Freeze-Dry|p1a: Arceus\n|-supereffective|p1a: Arceus\n|-damage|p1a: Arceus|69/279\n|\n|upkeep\n|turn|22\n|inactive|Time left: 300 sec this turn | 300 sec total\n|\n|t:|1783541737\n|move|p1a: Arceus|Recover|p1a: Arceus\n|-heal|p1a: Arceus|209/279\n|move|p2a: Articuno|Freeze-Dry|p1a: Arceus\n|-supereffective|p1a: Arceus\n|-damage|p1a: Arceus|57/279\n|\n|upkeep\n|turn|23\n|inactive|Time left: 300 sec this turn | 300 sec total\n|\n|t:|1783541739\n|move|p1a: Arceus|Recover|p1a: Arceus\n|-heal|p1a: Arceus|197/279\n|move|p2a: Articuno|Freeze-Dry|p1a: Arceus\n|-supereffective|p1a: Arceus\n|-damage|p1a: Arceus|51/279\n|\n|upkeep\n|turn|24\n|inactive|Time left: 300 sec this turn | 300 sec total\n|\n|t:|1783541740\n|move|p1a: Arceus|Recover|p1a: Arceus\n|-heal|p1a: Arceus|191/279\n|move|p2a: Articuno|Freeze-Dry|p1a: Arceus\n|-supereffective|p1a: Arceus\n|-damage|p1a: Arceus|45/279\n|\n|upkeep\n|turn|25\n|inactive|Time left: 300 sec this turn | 300 sec total\n|\n|t:|1783541741\n|move|p1a: Arceus|Judgment|p2a: Articuno\n|-damage|p2a: Articuno|35/100\n|move|p2a: Articuno|Freeze-Dry|p1a: Arceus\n|-supereffective|p1a: Arceus\n|-damage|p1a: Arceus|0 fnt\n|faint|p1a: Arceus\n|\n|upkeep\n|inactive|Time left: 300 sec this turn | 300 sec total | 5 sec grace\n|\n|t:|1783541742\n|switch|p1a: Electrode|Electrode, L92|83/260\n|turn|26\n|inactive|Time left: 300 sec this turn | 300 sec total\n|\n|t:|1783541743\n|move|p1a: Electrode|Taunt|p2a: Articuno\n|-start|p2a: Articuno|move: Taunt\n|move|p2a: Articuno|Freeze-Dry|p1a: Electrode\n|-damage|p1a: Electrode|1/260\n|\n|upkeep\n|turn|27\n|inactive|Time left: 300 sec this turn | 300 sec total\n|\n|t:|1783541744\n|move|p1a: Electrode|Tera Blast|p2a: Articuno\n|-damage|p2a: Articuno|15/100\n|-damage|p1a: Electrode|0 fnt|[from] item: Life Orb\n|faint|p1a: Electrode\n|move|p2a: Articuno|Freeze-Dry|p1: Electrode|[notarget]\n|-fail|p2a: Articuno\n|\n|upkeep\n|inactive|Time left: 300 sec this turn | 300 sec total | 5 sec grace\n|\n|t:|1783541745\n|switch|p1a: Kingdra|Kingdra, L84, F|263/263\n|turn|28\n|inactive|Time left: 300 sec this turn | 300 sec total\n|\n|t:|1783541746\n|move|p2a: Articuno|Freeze-Dry|p1a: Kingdra\n|-supereffective|p1a: Kingdra\n|-damage|p1a: Kingdra|0 fnt\n|faint|p1a: Kingdra\n|\n|-end|p2a: Articuno|move: Taunt\n|upkeep\n|inactive|Time left: 300 sec this turn | 300 sec total | 5 sec grace\n|\n|t:|1783541747\n|switch|p1a: Kleavor|Kleavor, L78, M, tera:Rock|43/237\n|turn|29\n|inactive|Time left: 300 sec this turn | 300 sec total\n|\n|t:|1783541748\n|move|p2a: Articuno|Freeze-Dry|p1a: Kleavor\n|-damage|p1a: Kleavor|0 fnt\n|faint|p1a: Kleavor\n|\n|win|p0y184b54d", "uploadtime": 1783541748, "views": 0, "rating": 0, "private": 0, "password": null, "_winner": "p0y184b54d", "_our_name": "p0x184bf21"}