{"id": "battle-gen9randombattle-2295", "formatid": "gen9randombattle", "format": "[Gen 9] Random Battle", "players": ["p0x2295d2f4", "p0y22953b70"], "log": "|init|battle\n|title|p0x2295d2f4 vs. p0y22953b70\n|j|\u2606p0x2295d2f4\n|j|\u2606p0y22953b70\n|t:|1783565647\n|gametype|singles\n|player|p1|p0x2295d2f4|101|\n|player|p2|p0y22953b70|169|\n|gen|9\n|tier|[Gen 9] Random Battle\n|rule|Species Clause: Limit one of each Pok\u00e9mon\n|rule|HP Percentage Mod: HP is shown in percentages\n|rule|Sleep Clause Mod: Limit one foe put to sleep\n|rule|Illusion Level Mod: Illusion disguises the Pok\u00e9mon's true level\n|\n|t:|1783565647\n|teamsize|p1|6\n|teamsize|p2|6\n|start\n|switch|p1a: Moltres|Moltres-Galar, L79|100/100\n|switch|p2a: Bruxish|Bruxish, L85, F|254/254\n|turn|1\n|inactive|Battle timer is ON: inactive players will automatically lose when time's up. (requested by p0x2295d2f4)\n|inactive|Time left: 300 sec this turn | 300 sec total | 60 sec grace\n|inactive|p0y22953b70 also wants the timer to be on.\n|\n|t:|1783565648\n|move|p2a: Bruxish|Flip Turn|p1a: Moltres\n|-damage|p1a: Moltres|63/100\n|inactive|Time left: 300 sec this turn | 300 sec total | 65 sec grace\n|\n|t:|1783565649\n|switch|p2a: Tauros|Tauros-Paldea-Combat, L82, M|257/257|[from] Flip Turn\n|-ability|p2a: Tauros|Intimidate|boost\n|-unboost|p1a: Moltres|atk|1\n|move|p1a: Moltres|Fiery Wrath|p2a: Tauros\n|-resisted|p2a: Tauros\n|-damage|p2a: Tauros|206/257\n|\n|upkeep\n|turn|2\n|inactive|Time left: 300 sec this turn | 300 sec total\n|\n|t:|1783565651\n|switch|p1a: Rayquaza|Rayquaza, L72|100/100\n|-ability|p1a: Rayquaza|Air Lock\n|move|p2a: Tauros|Close Combat|p1a: Rayquaza\n|-resisted|p1a: Rayquaza\n|-damage|p1a: Rayquaza|61/100\n|-unboost|p2a: Tauros|def|1\n|-unboost|p2a: Tauros|spd|1\n|-damage|p2a: Tauros|181/257|[from] item: Life Orb\n|\n|upkeep\n|turn|3\n|inactive|Time left: 300 sec this turn | 300 sec total\n|\n|t:|1783565652\n|switch|p2a: Bruxish|Bruxish, L85, F|254/254\n|move|p1a: Rayquaza|Scale Shot|p2a: Bruxish\n|-damage|p2a: Bruxish|223/254\n|-damage|p2a: Bruxish|189/254\n|-damage|p2a: Bruxish|153/254\n|-damage|p2a: Bruxish|117/254\n|-hitcount|p2a: Bruxish|4\n|-unboost|p1a: Rayquaza|def|1\n|-boost|p1a: Rayquaza|spe|1\n|\n|upkeep\n|turn|4\n|inactive|Time left: 300 sec this turn | 300 sec total\n|\n|t:|1783565652\n|switch|p2a: Gholdengo|Gholdengo, L77|261/261\n|move|p1a: Rayquaza|Dragon Ascent|p2a: Gholdengo\n|-resisted|p2a: Gholdengo\n|-damage|p2a: Gholdengo|197/261\n|-unboost|p1a: Rayquaza|def|1\n|-unboost|p1a: Rayquaza|spd|1\n|\n|-heal|p2a: Gholdengo|213/261|[from] item: Leftovers\n|upkeep\n|turn|5\n|inactive|Time left: 300 sec this turn | 300 sec total\n|\n|t:|1783565654\n|move|p1a: Rayquaza|Earthquake|p2a: Gholdengo\n|-supereffective|p2a: Gholdengo\n|-damage|p2a: Gholdengo|59/261\n|move|p2a: Gholdengo|Nasty Plot|p2a: Gholdengo\n|-boost|p2a: Gholdengo|spa|2\n|\n|-heal|p2a: Gholdengo|75/261|[from] item: Leftovers\n|upkeep\n|turn|6\n|inactive|Time left: 300 sec this turn | 300 sec total\n|\n|t:|1783565655\n|move|p1a: Rayquaza|Earthquake|p2a: Gholdengo\n|-supereffective|p2a: Gholdengo\n|-damage|p2a: Gholdengo|0 fnt\n|faint|p2a: Gholdengo\n|\n|upkeep\n|inactive|Time left: 300 sec this turn | 300 sec total | 5 sec grace\n|\n|t:|1783565656\n|switch|p2a: Lanturn|Lanturn, L89, F|367/367\n|turn|7\n|inactive|Time left: 300 sec this turn | 300 sec total\n|\n|t:|1783565657\n|move|p1a: Rayquaza|Scale Shot|p2a: Lanturn\n|-damage|p2a: Lanturn|333/367\n|-damage|p2a: Lanturn|297/367\n|-damage|p2a: Lanturn|264/367\n|-damage|p2a: Lanturn|227/367\n|-hitcount|p2a: Lanturn|4\n|-unboost|p1a: Rayquaza|def|1\n|-boost|p1a: Rayquaza|spe|1\n|move|p2a: Lanturn|Thunderbolt|p1a: Rayquaza\n|-damage|p1a: Rayquaza|4/100\n|-status|p1a: Rayquaza|par\n|\n|-heal|p2a: Lanturn|249/367|[from] item: Leftovers\n|upkeep\n|turn|8\n|inactive|Time left: 300 sec this turn | 300 sec total\n|\n|t:|1783565658\n|cant|p1a: Rayquaza|par\n|move|p2a: Lanturn|Thunderbolt|p1a: Rayquaza\n|-damage|p1a: Rayquaza|0 fnt\n|faint|p1a: Rayquaza\n|\n|-heal|p2a: Lanturn|271/367|[from] item: Leftovers\n|upkeep\n|\n|t:|1783565659\n|switch|p1a: Piloswine|Piloswine, L85, F|100/100\n|turn|9\n|inactive|Time left: 300 sec this turn | 300 sec total\n|\n|t:|1783565660\n|move|p2a: Lanturn|Scald|p1a: Piloswine\n|-supereffective|p1a: Piloswine\n|-damage|p1a: Piloswine|55/100\n|-status|p1a: Piloswine|brn\n|move|p1a: Piloswine|Earthquake|p2a: Lanturn\n|-supereffective|p2a: Lanturn\n|-damage|p2a: Lanturn|139/367\n|\n|-heal|p2a: Lanturn|161/367|[from] item: Leftovers\n|-damage|p1a: Piloswine|49/100 brn|[from] brn\n|upkeep\n|turn|10\n|inactive|Time left: 300 sec this turn | 300 sec total\n|\n|t:|1783565661\n|move|p2a: Lanturn|Scald|p1a: Piloswine\n|-supereffective|p1a: Piloswine\n|-damage|p1a: Piloswine|8/100 brn\n|move|p1a: Piloswine|Stealth Rock|p2a: Lanturn\n|-sidestart|p2: p0y22953b70|move: Stealth Rock\n|\n|-heal|p2a: Lanturn|183/367|[from] item: Leftovers\n|-damage|p1a: Piloswine|1/100 brn|[from] brn\n|upkeep\n|turn|11\n|inactive|Time left: 300 sec this turn | 300 sec total\n|\n|t:|1783565662\n|move|p2a: Lanturn|Scald|p1a: Piloswine\n|-supereffective|p1a: Piloswine\n|-damage|p1a: Piloswine|0 fnt\n|faint|p1a: Piloswine\n|\n|-heal|p2a: Lanturn|205/367|[from] item: Leftovers\n|upkeep\n|\n|t:|1783565663\n|switch|p1a: Haxorus|Haxorus, L77, F|100/100\n|-ability|p1a: Haxorus|Mold Breaker\n|turn|12\n|inactive|Time left: 300 sec this turn | 300 sec total\n|\n|t:|1783565664\n|move|p1a: Haxorus|Earthquake|p2a: Lanturn\n|-supereffective|p2a: Lanturn\n|-damage|p2a: Lanturn|7/367\n|move|p2a: Lanturn|Ice Beam|p1a: Haxorus\n|-supereffective|p1a: Haxorus\n|-damage|p1a: Haxorus|37/100\n|\n|-heal|p2a: Lanturn|29/367|[from] item: Leftovers\n|upkeep\n|turn|13\n|inactive|Time left: 300 sec this turn | 300 sec total\n|\n|t:|1783565665\n|move|p1a: Haxorus|Scale Shot|p2a: Lanturn\n|-damage|p2a: Lanturn|0 fnt\n|faint|p2a: Lanturn\n|-hitcount|p2: Lanturn|1\n|-unboost|p1a: Haxorus|def|1\n|-boost|p1a: Haxorus|spe|1\n|\n|upkeep\n|inactive|Time left: 300 sec this turn | 300 sec total | 5 sec grace\n|\n|t:|1783565666\n|switch|p2a: Tauros|Tauros-Paldea-Combat, L82, M|181/257\n|-damage|p2a: Tauros|165/257|[from] Stealth Rock\n|-ability|p2a: Tauros|Intimidate|boost\n|-unboost|p1a: Haxorus|atk|1\n|turn|14\n|inactive|Time left: 300 sec this turn | 300 sec total\n|\n|t:|1783565667\n|move|p1a: Haxorus|Scale Shot|p2a: Tauros\n|-damage|p2a: Tauros|144/257\n|-damage|p2a: Tauros|125/257\n|-damage|p2a: Tauros|103/257\n|-damage|p2a: Tauros|84/257\n|-damage|p2a: Tauros|66/257\n|-hitcount|p2a: Tauros|5\n|-unboost|p1a: Haxorus|def|1\n|-boost|p1a: Haxorus|spe|1\n|move|p2a: Tauros|Bulk Up|p2a: Tauros\n|-boost|p2a: Tauros|atk|1\n|-boost|p2a: Tauros|def|1\n|\n|upkeep\n|turn|15\n|inactive|Time left: 300 sec this turn | 300 sec total\n|\n|t:|1783565668\n|move|p1a: Haxorus|Scale Shot|p2a: Tauros\n|-damage|p2a: Tauros|53/257\n|-damage|p2a: Tauros|38/257\n|-damage|p2a: Tauros|25/257\n|-damage|p2a: Tauros|12/257\n|-damage|p2a: Tauros|0 fnt\n|faint|p2a: Tauros\n|-hitcount|p2: Tauros|5\n|-unboost|p1a: Haxorus|def|1\n|-boost|p1a: Haxorus|spe|1\n|\n|upkeep\n|inactive|Time left: 300 sec this turn | 300 sec total | 5 sec grace\n|\n|t:|1783565669\n|switch|p2a: Mismagius|Mismagius, L86, M|243/243\n|-damage|p2a: Mismagius|213/243|[from] Stealth Rock\n|turn|16\n|inactive|Time left: 300 sec this turn | 300 sec total\n|\n|t:|1783565670\n|move|p1a: Haxorus|Scale Shot|p2a: Mismagius\n|-damage|p2a: Mismagius|188/243\n|-damage|p2a: Mismagius|160/243\n|-damage|p2a: Mismagius|135/243\n|-damage|p2a: Mismagius|107/243\n|-hitcount|p2a: Mismagius|4\n|-unboost|p1a: Haxorus|def|1\n|-boost|p1a: Haxorus|spe|1\n|move|p2a: Mismagius|Shadow Ball|p1a: Haxorus\n|-damage|p1a: Haxorus|0 fnt\n|faint|p1a: Haxorus\n|\n|upkeep\n|\n|t:|1783565671\n|switch|p1a: Furret|Furret, L94, F|100/100\n|-item|p2a: Mismagius|Choice Specs|[from] ability: Frisk|[of] p1a: Furret\n|turn|17\n|inactive|Time left: 300 sec this turn | 300 sec total\n|\n|t:|1783565672\n|move|p2a: Mismagius|Shadow Ball|p1a: Furret\n|-immune|p1a: Furret\n|move|p1a: Furret|Tidy Up|p1a: Furret\n|-sideend|p2: p0y22953b70|Stealth Rock\n|-activate|p1a: Furret|move: Tidy Up\n|-boost|p1a: Furret|atk|1\n|-boost|p1a: Furret|spe|1\n|\n|upkeep\n|turn|18\n|inactive|Time left: 300 sec this turn | 300 sec total\n|\n|t:|1783565673\n|move|p1a: Furret|Tidy Up|p1a: Furret\n|-boost|p1a: Furret|atk|1\n|-boost|p1a: Furret|spe|1\n|move|p2a: Mismagius|Shadow Ball|p1a: Furret\n|-immune|p1a: Furret\n|\n|upkeep\n|turn|19\n|inactive|Time left: 300 sec this turn | 300 sec total\n|\n|t:|1783565673\n|move|p1a: Furret|Knock Off|p2a: Mismagius\n|-supereffective|p2a: Mismagius\n|-damage|p2a: Mismagius|0 fnt\n|-enditem|p2a: Mismagius|Choice Specs|[from] move: Knock Off|[of] p1a: Furret\n|faint|p2a: Mismagius\n|-damage|p1a: Furret|91/100|[from] item: Life Orb\n|\n|upkeep\n|inactive|Time left: 300 sec this turn | 300 sec total | 5 sec grace\n|\n|t:|1783565674\n|switch|p2a: Bruxish|Bruxish, L85, F|117/254\n|turn|20\n|inactive|Time left: 300 sec this turn | 300 sec total\n|\n|t:|1783565675\n|move|p1a: Furret|Double-Edge|p2a: Bruxish\n|-damage|p2a: Bruxish|0 fnt\n|faint|p2a: Bruxish\n|-damage|p1a: Furret|78/100|[from] Recoil\n|-damage|p1a: Furret|68/100|[from] item: Life Orb\n|\n|upkeep\n|inactive|Time left: 300 sec this turn | 300 sec total | 5 sec grace\n|\n|t:|1783565676\n|switch|p2a: Smeargle|Smeargle, L95, F|258/258\n|turn|21\n|inactive|Time left: 300 sec this turn | 300 sec total\n|\n|t:|1783565677\n|-terastallize|p2a: Smeargle|Ghost\n|move|p1a: Furret|Knock Off|p2a: Smeargle\n|-supereffective|p2a: Smeargle\n|-damage|p2a: Smeargle|0 fnt\n|-enditem|p2a: Smeargle|Wide Lens|[from] move: Knock Off|[of] p1a: Furret\n|faint|p2a: Smeargle\n|-damage|p1a: Furret|58/100|[from] item: Life Orb\n|\n|win|p0x2295d2f4", "uploadtime": 1783565677, "views": 0, "rating": 0, "private": 0, "password": null, "_winner": "p0x2295d2f4", "_our_name": "p0y22953b70"}