{"id": "battle-gen9randombattle-266", "formatid": "gen9randombattle", "format": "[Gen 9] Random Battle", "players": ["p0x266dbf3", "p0y2667e15"], "log": "|init|battle\n|title|p0x266dbf3 vs. p0y2667e15\n|j|\u2606p0x266dbf3\n|j|\u2606p0y2667e15\n|t:|1783542680\n|gametype|singles\n|player|p1|p0x266dbf3|1|\n|player|p2|p0y2667e15|1|\n|gen|9\n|tier|[Gen 9] Random Battle\n|rule|Species Clause: Limit one of each Pok\u00e9mon\n|rule|HP Percentage Mod: HP is shown in percentages\n|rule|Sleep Clause Mod: Limit one foe put to sleep\n|rule|Illusion Level Mod: Illusion disguises the Pok\u00e9mon's true level\n|\n|t:|1783542680\n|teamsize|p1|6\n|teamsize|p2|6\n|start\n|switch|p1a: Iron Leaves|Iron Leaves, L80|275/275\n|switch|p2a: Porygon2|Porygon2, L81|100/100\n|-ability|p2a: Porygon2|Download|boost\n|-boost|p2a: Porygon2|atk|1\n|turn|1\n|inactive|Battle timer is ON: inactive players will automatically lose when time's up. (requested by p0y2667e15)\n|inactive|Time left: 300 sec this turn | 300 sec total | 60 sec grace\n|inactive|p0x266dbf3 also wants the timer to be on.\n|\n|t:|1783542682\n|move|p1a: Iron Leaves|Close Combat|p2a: Porygon2\n|-supereffective|p2a: Porygon2\n|-damage|p2a: Porygon2|32/100\n|-unboost|p1a: Iron Leaves|def|1\n|-unboost|p1a: Iron Leaves|spd|1\n|move|p2a: Porygon2|Shadow Ball|p1a: Iron Leaves\n|-supereffective|p1a: Iron Leaves\n|-damage|p1a: Iron Leaves|123/275\n|\n|upkeep\n|turn|2\n|inactive|Time left: 300 sec this turn | 300 sec total\n|\n|t:|1783542684\n|-terastallize|p2a: Porygon2|Fairy\n|move|p1a: Iron Leaves|Close Combat|p2a: Porygon2\n|-resisted|p2a: Porygon2\n|-damage|p2a: Porygon2|14/100\n|-unboost|p1a: Iron Leaves|def|1\n|-unboost|p1a: Iron Leaves|spd|1\n|move|p2a: Porygon2|Recover|p2a: Porygon2\n|-heal|p2a: Porygon2|64/100\n|\n|upkeep\n|turn|3\n|inactive|Time left: 300 sec this turn | 300 sec total\n|\n|t:|1783542685\n|-end|p1a: Iron Leaves|Quark Drive|[silent]\n|switch|p1a: Zangoose|Zangoose, L85, M|263/263\n|move|p2a: Porygon2|Tera Blast|p1a: Zangoose|[anim] Tera Blast Fairy\n|-damage|p1a: Zangoose|127/263\n|\n|-status|p1a: Zangoose|tox|[from] item: Toxic Orb\n|upkeep\n|turn|4\n|inactive|Time left: 300 sec this turn | 300 sec total\n|\n|t:|1783542686\n|move|p1a: Zangoose|Facade|p2a: Porygon2\n|-damage|p2a: Porygon2|1/100\n|move|p2a: Porygon2|Tera Blast|p1a: Zangoose|[anim] Tera Blast Fairy\n|-damage|p1a: Zangoose|0 fnt\n|faint|p1a: Zangoose\n|\n|upkeep\n|inactive|Time left: 300 sec this turn | 300 sec total | 5 sec grace\n|\n|t:|1783542687\n|switch|p1a: Iron Leaves|Iron Leaves, L80|123/275\n|turn|5\n|inactive|Time left: 300 sec this turn | 300 sec total\n|\n|t:|1783542688\n|move|p1a: Iron Leaves|Leaf Blade|p2a: Porygon2\n|-damage|p2a: Porygon2|0 fnt\n|faint|p2a: Porygon2\n|\n|upkeep\n|\n|t:|1783542689\n|switch|p2a: Magcargo|Magcargo, L95, M|100/100\n|turn|6\n|inactive|Time left: 300 sec this turn | 300 sec total\n|\n|t:|1783542690\n|-end|p1a: Iron Leaves|Quark Drive|[silent]\n|switch|p1a: Rampardos|Rampardos, L90, F|321/321\n|move|p2a: Magcargo|Fire Blast|p1a: Rampardos|[miss]\n|-miss|p2a: Magcargo|p1a: Rampardos\n|\n|upkeep\n|turn|7\n|inactive|Time left: 300 sec this turn | 300 sec total\n|\n|t:|1783542691\n|switch|p2a: Scrafty|Scrafty, L83, F|100/100\n|-ability|p2a: Scrafty|Intimidate|boost\n|-unboost|p1a: Rampardos|atk|1\n|move|p1a: Rampardos|Earthquake|p2a: Scrafty\n|-damage|p2a: Scrafty|71/100\n|\n|-heal|p2a: Scrafty|77/100|[from] item: Leftovers\n|upkeep\n|turn|8\n|inactive|Time left: 300 sec this turn | 300 sec total\n|\n|t:|1783542692\n|switch|p1a: Tauros|Tauros-Paldea-Aqua, L81, M|252/252\n|move|p2a: Scrafty|Knock Off|p1a: Tauros\n|-resisted|p1a: Tauros\n|-damage|p1a: Tauros|211/252\n|-enditem|p1a: Tauros|Sitrus Berry|[from] move: Knock Off|[of] p2a: Scrafty\n|\n|-heal|p2a: Scrafty|83/100|[from] item: Leftovers\n|upkeep\n|turn|9\n|inactive|Time left: 300 sec this turn | 300 sec total\n|\n|t:|1783542693\n|switch|p2a: Raichu|Raichu-Alola, L87, F|100/100\n|move|p1a: Tauros|Close Combat|p2a: Raichu\n|-resisted|p2a: Raichu\n|-damage|p2a: Raichu|63/100\n|-unboost|p1a: Tauros|def|1\n|-unboost|p1a: Tauros|spd|1\n|\n|upkeep\n|turn|10\n|inactive|Time left: 300 sec this turn | 300 sec total\n|\n|t:|1783542694\n|switch|p1a: Iron Leaves|Iron Leaves, L80|123/275\n|move|p2a: Raichu|Psychic|p1a: Iron Leaves\n|-resisted|p1a: Iron Leaves\n|-damage|p1a: Iron Leaves|59/275\n|\n|upkeep\n|turn|11\n|inactive|Time left: 300 sec this turn | 300 sec total\n|\n|t:|1783542695\n|-end|p1a: Iron Leaves|Quark Drive|[silent]\n|switch|p1a: Latias|Latias, L79, F|256/256\n|move|p2a: Raichu|Psychic|p1a: Latias\n|-resisted|p1a: Latias\n|-damage|p1a: Latias|197/256\n|\n|upkeep\n|turn|12\n|inactive|Time left: 300 sec this turn | 300 sec total\n|\n|t:|1783542696\n|switch|p2a: Scrafty|Scrafty, L83, F|83/100\n|-ability|p2a: Scrafty|Intimidate|boost\n|-unboost|p1a: Latias|atk|1\n|move|p1a: Latias|Calm Mind|p1a: Latias\n|-boost|p1a: Latias|spa|1\n|-boost|p1a: Latias|spd|1\n|\n|-heal|p2a: Scrafty|89/100|[from] item: Leftovers\n|upkeep\n|turn|13\n|inactive|Time left: 300 sec this turn | 300 sec total\n|\n|t:|1783542696\n|move|p1a: Latias|Draco Meteor|p2a: Scrafty\n|-damage|p2a: Scrafty|10/100\n|-unboost|p1a: Latias|spa|2\n|move|p2a: Scrafty|Knock Off|p1a: Latias\n|-supereffective|p1a: Latias\n|-damage|p1a: Latias|11/256\n|-enditem|p1a: Latias|Soul Dew|[from] move: Knock Off|[of] p2a: Scrafty\n|\n|-heal|p2a: Scrafty|16/100|[from] item: Leftovers\n|upkeep\n|turn|14\n|inactive|Time left: 300 sec this turn | 300 sec total\n|\n|t:|1783542697\n|move|p1a: Latias|Draco Meteor|p2a: Scrafty|[miss]\n|-miss|p1a: Latias|p2a: Scrafty\n|move|p2a: Scrafty|Dragon Dance|p2a: Scrafty\n|-boost|p2a: Scrafty|atk|1\n|-boost|p2a: Scrafty|spe|1\n|\n|-heal|p2a: Scrafty|22/100|[from] item: Leftovers\n|upkeep\n|turn|15\n|inactive|Time left: 300 sec this turn | 300 sec total\n|\n|t:|1783542698\n|move|p1a: Latias|Draco Meteor|p2a: Scrafty\n|-damage|p2a: Scrafty|0 fnt\n|-unboost|p1a: Latias|spa|2\n|faint|p2a: Scrafty\n|\n|upkeep\n|\n|t:|1783542699\n|switch|p2a: Magcargo|Magcargo, L95, M|100/100\n|turn|16\n|inactive|Time left: 300 sec this turn | 300 sec total\n|\n|t:|1783542700\n|switch|p1a: Rampardos|Rampardos, L90, F|321/321\n|move|p2a: Magcargo|Shell Smash|p2a: Magcargo\n|-unboost|p2a: Magcargo|def|1\n|-unboost|p2a: Magcargo|spd|1\n|-boost|p2a: Magcargo|atk|2\n|-boost|p2a: Magcargo|spa|2\n|-boost|p2a: Magcargo|spe|2\n|\n|upkeep\n|turn|17\n|inactive|Time left: 300 sec this turn | 300 sec total\n|\n|t:|1783542701\n|move|p1a: Rampardos|Earthquake|p2a: Magcargo\n|-supereffective|p2a: Magcargo\n|-damage|p2a: Magcargo|0 fnt\n|faint|p2a: Magcargo\n|\n|upkeep\n|\n|t:|1783542702\n|switch|p2a: Lumineon|Lumineon, L93, M|100/100\n|turn|18\n|inactive|Time left: 300 sec this turn | 300 sec total\n|\n|t:|1783542703\n|switch|p1a: Latias|Latias, L79, F|11/256\n|move|p2a: Lumineon|Hydro Pump|p1a: Latias\n|-resisted|p1a: Latias\n|-damage|p1a: Latias|0 fnt\n|faint|p1a: Latias\n|\n|upkeep\n|inactive|Time left: 300 sec this turn | 300 sec total | 5 sec grace\n|\n|t:|1783542704\n|switch|p1a: Rampardos|Rampardos, L90, F|321/321\n|turn|19\n|inactive|Time left: 300 sec this turn | 300 sec total\n|\n|t:|1783542705\n|move|p1a: Rampardos|Rock Slide|p2a: Lumineon|[miss]\n|-miss|p1a: Rampardos|p2a: Lumineon\n|move|p2a: Lumineon|Hydro Pump|p1a: Rampardos\n|-supereffective|p1a: Rampardos\n|-damage|p1a: Rampardos|1/321\n|\n|upkeep\n|turn|20\n|inactive|Time left: 300 sec this turn | 300 sec total\n|\n|t:|1783542707\n|move|p1a: Rampardos|Rock Slide|p2a: Lumineon\n|-damage|p2a: Lumineon|34/100\n|move|p2a: Lumineon|U-turn|p1a: Rampardos\n|-damage|p1a: Rampardos|0 fnt\n|faint|p1a: Rampardos\n|\n|t:|1783542708\n|switch|p2a: Raichu|Raichu-Alola, L87, F|63/100|[from] U-turn\n|\n|upkeep\n|inactive|Time left: 300 sec this turn | 300 sec total | 10 sec grace\n|\n|t:|1783542709\n|switch|p1a: Dugtrio|Dugtrio-Alola, L84, F|196/196\n|turn|21\n|inactive|Time left: 300 sec this turn | 300 sec total\n|\n|t:|1783542710\n|move|p1a: Dugtrio|Sucker Punch|p2a: Raichu\n|-supereffective|p2a: Raichu\n|-damage|p2a: Raichu|0 fnt\n|faint|p2a: Raichu\n|-damage|p1a: Dugtrio|177/196|[from] item: Life Orb\n|\n|upkeep\n|\n|t:|1783542711\n|switch|p2a: Lumineon|Lumineon, L93, M|34/100\n|turn|22\n|inactive|Time left: 300 sec this turn | 300 sec total\n|\n|t:|1783542712\n|move|p1a: Dugtrio|Earthquake|p2a: Lumineon\n|-damage|p2a: Lumineon|0 fnt\n|faint|p2a: Lumineon\n|-damage|p1a: Dugtrio|158/196|[from] item: Life Orb\n|\n|upkeep\n|\n|t:|1783542713\n|switch|p2a: Raikou|Raikou, L81|100/100\n|-ability|p2a: Raikou|Pressure\n|turn|23\n|inactive|Time left: 300 sec this turn | 300 sec total\n|\n|t:|1783542714\n|-terastallize|p1a: Dugtrio|Ground\n|move|p2a: Raikou|Substitute|p2a: Raikou\n|-start|p2a: Raikou|Substitute\n|-damage|p2a: Raikou|76/100\n|move|p1a: Dugtrio|Earthquake|p2a: Raikou\n|-supereffective|p2a: Raikou\n|-end|p2a: Raikou|Substitute\n|-damage|p1a: Dugtrio|139/196|[from] item: Life Orb\n|\n|-heal|p2a: Raikou|82/100|[from] item: Leftovers\n|upkeep\n|turn|24\n|inactive|Time left: 300 sec this turn | 300 sec total\n|\n|t:|1783542714\n|move|p1a: Dugtrio|Earthquake|p2a: Raikou\n|-supereffective|p2a: Raikou\n|-damage|p2a: Raikou|0 fnt\n|faint|p2a: Raikou\n|-damage|p1a: Dugtrio|120/196|[from] item: Life Orb\n|\n|win|p0x266dbf3", "uploadtime": 1783542714, "views": 0, "rating": 0, "private": 0, "password": null, "_winner": "p0x266dbf3", "_our_name": "p0x266dbf3"}