{"id": "battle-gen9randombattle-2496", "formatid": "gen9randombattle", "format": "[Gen 9] Random Battle", "players": ["p0x24968e2f", "p0y249640f4"], "log": "|init|battle\n|title|p0x24968e2f vs. p0y249640f4\n|j|\u2606p0x24968e2f\n|j|\u2606p0y249640f4\n|t:|1783567947\n|gametype|singles\n|player|p1|p0x24968e2f|265|\n|player|p2|p0y249640f4|1|\n|gen|9\n|tier|[Gen 9] Random Battle\n|rule|Species Clause: Limit one of each Pok\u00e9mon\n|rule|HP Percentage Mod: HP is shown in percentages\n|rule|Sleep Clause Mod: Limit one foe put to sleep\n|rule|Illusion Level Mod: Illusion disguises the Pok\u00e9mon's true level\n|\n|t:|1783567947\n|teamsize|p1|6\n|teamsize|p2|6\n|start\n|switch|p1a: Raging Bolt|Raging Bolt, L78|323/323\n|switch|p2a: Gholdengo|Gholdengo, L77|100/100\n|turn|1\n|inactive|Battle timer is ON: inactive players will automatically lose when time's up. (requested by p0x24968e2f)\n|inactive|p0y249640f4 also wants the timer to be on.\n|\n|t:|1783567949\n|move|p2a: Gholdengo|Shadow Ball|p1a: Raging Bolt\n|-damage|p1a: Raging Bolt|227/323\n|move|p1a: Raging Bolt|Calm Mind|p1a: Raging Bolt\n|-boost|p1a: Raging Bolt|spa|1\n|-boost|p1a: Raging Bolt|spd|1\n|\n|-heal|p1a: Raging Bolt|247/323|[from] item: Leftovers\n|upkeep\n|turn|2\n|inactive|Time left: 300 sec this turn | 300 sec total\n|\n|t:|1783567950\n|move|p2a: Gholdengo|Shadow Ball|p1a: Raging Bolt\n|-damage|p1a: Raging Bolt|178/323\n|-unboost|p1a: Raging Bolt|spd|1\n|move|p1a: Raging Bolt|Thunderbolt|p2a: Gholdengo\n|-damage|p2a: Gholdengo|36/100\n|\n|-heal|p2a: Gholdengo|42/100|[from] item: Leftovers\n|-heal|p1a: Raging Bolt|198/323|[from] item: Leftovers\n|upkeep\n|turn|3\n|inactive|Time left: 300 sec this turn | 300 sec total\n|\n|t:|1783567951\n|move|p2a: Gholdengo|Recover|p2a: Gholdengo\n|-heal|p2a: Gholdengo|92/100\n|move|p1a: Raging Bolt|Thunderbolt|p2a: Gholdengo\n|-damage|p2a: Gholdengo|29/100\n|\n|-heal|p2a: Gholdengo|35/100|[from] item: Leftovers\n|-heal|p1a: Raging Bolt|218/323|[from] item: Leftovers\n|upkeep\n|turn|4\n|inactive|Time left: 300 sec this turn | 300 sec total\n|\n|t:|1783567952\n|move|p2a: Gholdengo|Recover|p2a: Gholdengo\n|-heal|p2a: Gholdengo|86/100\n|move|p1a: Raging Bolt|Thunderbolt|p2a: Gholdengo\n|-damage|p2a: Gholdengo|22/100\n|\n|-heal|p2a: Gholdengo|28/100|[from] item: Leftovers\n|-heal|p1a: Raging Bolt|238/323|[from] item: Leftovers\n|upkeep\n|turn|5\n|inactive|Time left: 300 sec this turn | 300 sec total\n|\n|t:|1783567953\n|move|p2a: Gholdengo|Recover|p2a: Gholdengo\n|-heal|p2a: Gholdengo|79/100\n|move|p1a: Raging Bolt|Thunderbolt|p2a: Gholdengo\n|-damage|p2a: Gholdengo|16/100\n|\n|-heal|p2a: Gholdengo|22/100|[from] item: Leftovers\n|-heal|p1a: Raging Bolt|258/323|[from] item: Leftovers\n|upkeep\n|turn|6\n|inactive|Time left: 300 sec this turn | 300 sec total\n|\n|t:|1783567954\n|move|p2a: Gholdengo|Recover|p2a: Gholdengo\n|-heal|p2a: Gholdengo|73/100\n|move|p1a: Raging Bolt|Thunderbolt|p2a: Gholdengo\n|-damage|p2a: Gholdengo|0 fnt\n|faint|p2a: Gholdengo\n|\n|-heal|p1a: Raging Bolt|278/323|[from] item: Leftovers\n|upkeep\n|\n|t:|1783567955\n|switch|p2a: Kricketune|Kricketune, L99, F|100/100\n|turn|7\n|inactive|Time left: 300 sec this turn | 300 sec total\n|\n|t:|1783567956\n|move|p2a: Kricketune|Sticky Web|p1a: Raging Bolt\n|-sidestart|p1: p0x24968e2f|move: Sticky Web\n|move|p1a: Raging Bolt|Thunderbolt|p2a: Kricketune\n|-damage|p2a: Kricketune|33/100\n|\n|-heal|p1a: Raging Bolt|298/323|[from] item: Leftovers\n|upkeep\n|turn|8\n|inactive|Time left: 300 sec this turn | 300 sec total\n|\n|t:|1783567957\n|switch|p2a: Hypno|Hypno, L95, M|100/100\n|move|p1a: Raging Bolt|Thunderbolt|p2a: Hypno\n|-damage|p2a: Hypno|63/100\n|\n|-heal|p2a: Hypno|69/100|[from] item: Leftovers\n|-heal|p1a: Raging Bolt|318/323|[from] item: Leftovers\n|upkeep\n|turn|9\n|inactive|Time left: 300 sec this turn | 300 sec total\n|\n|t:|1783567958\n|move|p2a: Hypno|Toxic|p1a: Raging Bolt\n|-status|p1a: Raging Bolt|tox\n|move|p1a: Raging Bolt|Thunderbolt|p2a: Hypno\n|-damage|p2a: Hypno|34/100\n|\n|-heal|p2a: Hypno|40/100|[from] item: Leftovers\n|-heal|p1a: Raging Bolt|323/323 tox|[from] item: Leftovers\n|-damage|p1a: Raging Bolt|303/323 tox|[from] psn\n|upkeep\n|turn|10\n|inactive|Time left: 300 sec this turn | 300 sec total\n|\n|t:|1783567959\n|move|p2a: Hypno|Protect|p2a: Hypno\n|-singleturn|p2a: Hypno|Protect\n|move|p1a: Raging Bolt|Thunderbolt|p2a: Hypno\n|-activate|p2a: Hypno|move: Protect\n|\n|-heal|p2a: Hypno|46/100|[from] item: Leftovers\n|-heal|p1a: Raging Bolt|323/323 tox|[from] item: Leftovers\n|-damage|p1a: Raging Bolt|283/323 tox|[from] psn\n|upkeep\n|turn|11\n|inactive|Time left: 300 sec this turn | 300 sec total\n|\n|t:|1783567960\n|move|p2a: Hypno|Psychic Noise|p1a: Raging Bolt\n|-damage|p1a: Raging Bolt|192/323 tox\n|-start|p1a: Raging Bolt|move: Heal Block\n|move|p1a: Raging Bolt|Draco Meteor|p2a: Hypno|[miss]\n|-miss|p1a: Raging Bolt|p2a: Hypno\n|\n|-heal|p2a: Hypno|52/100|[from] item: Leftovers\n|-damage|p1a: Raging Bolt|132/323 tox|[from] psn\n|upkeep\n|turn|12\n|inactive|Time left: 300 sec this turn | 300 sec total\n|\n|t:|1783567961\n|move|p2a: Hypno|Protect|p2a: Hypno\n|-singleturn|p2a: Hypno|Protect\n|move|p1a: Raging Bolt|Draco Meteor|p2a: Hypno\n|-activate|p2a: Hypno|move: Protect\n|\n|-heal|p2a: Hypno|58/100|[from] item: Leftovers\n|-damage|p1a: Raging Bolt|52/323 tox|[from] psn\n|-end|p1a: Raging Bolt|move: Heal Block\n|upkeep\n|turn|13\n|inactive|Time left: 300 sec this turn | 300 sec total\n|\n|t:|1783567962\n|move|p2a: Hypno|Psychic Noise|p1a: Raging Bolt\n|-damage|p1a: Raging Bolt|0 fnt\n|faint|p1a: Raging Bolt\n|-end|p1a: Raging Bolt|Protosynthesis|[silent]\n|\n|-heal|p2a: Hypno|64/100|[from] item: Leftovers\n|upkeep\n|inactive|Time left: 300 sec this turn | 300 sec total | 5 sec grace\n|\n|t:|1783567963\n|switch|p1a: Ariados|Ariados, L95, M|287/287\n|turn|14\n|inactive|Time left: 300 sec this turn | 300 sec total\n|\n|t:|1783567965\n|move|p2a: Hypno|Psychic Noise|p1a: Ariados\n|-supereffective|p1a: Ariados\n|-damage|p1a: Ariados|117/287\n|-start|p1a: Ariados|move: Heal Block\n|move|p1a: Ariados|Sticky Web|p2a: Hypno\n|-sidestart|p2: p0y249640f4|move: Sticky Web\n|\n|-heal|p2a: Hypno|70/100|[from] item: Leftovers\n|upkeep\n|turn|15\n|inactive|Time left: 300 sec this turn | 300 sec total\n|\n|t:|1783567966\n|switch|p1a: Sandslash|Sandslash-Alola, L88, F|275/275\n|-activate|p1a: Sandslash|move: Sticky Web\n|-unboost|p1a: Sandslash|spe|1\n|move|p2a: Hypno|Psychic Noise|p1a: Sandslash\n|-resisted|p1a: Sandslash\n|-damage|p1a: Sandslash|226/275\n|-start|p1a: Sandslash|move: Heal Block\n|\n|-heal|p2a: Hypno|76/100|[from] item: Leftovers\n|upkeep\n|turn|16\n|inactive|Time left: 300 sec this turn | 300 sec total\n|\n|t:|1783567967\n|-terastallize|p1a: Sandslash|Ground\n|move|p2a: Hypno|Focus Blast|p1a: Sandslash|[miss]\n|-miss|p2a: Hypno|p1a: Sandslash\n|move|p1a: Sandslash|Rapid Spin|p2a: Hypno\n|-damage|p2a: Hypno|63/100\n|-boost|p1a: Sandslash|spe|1\n|-sideend|p1: p0x24968e2f|Sticky Web|[from] move: Rapid Spin|[of] p1a: Sandslash\n|\n|-heal|p2a: Hypno|69/100|[from] item: Leftovers\n|-end|p1a: Sandslash|move: Heal Block\n|upkeep\n|turn|17\n|inactive|Time left: 300 sec this turn | 300 sec total\n|\n|t:|1783567968\n|move|p2a: Hypno|Psychic Noise|p1a: Sandslash\n|-damage|p1a: Sandslash|124/275\n|-start|p1a: Sandslash|move: Heal Block\n|move|p1a: Sandslash|Swords Dance|p1a: Sandslash\n|-boost|p1a: Sandslash|atk|2\n|\n|-heal|p2a: Hypno|75/100|[from] item: Leftovers\n|upkeep\n|turn|18\n|inactive|Time left: 300 sec this turn | 300 sec total\n|\n|t:|1783567969\n|move|p2a: Hypno|Psychic Noise|p1a: Sandslash\n|-damage|p1a: Sandslash|33/275\n|move|p1a: Sandslash|Earthquake|p2a: Hypno\n|-damage|p2a: Hypno|1/100\n|\n|-heal|p2a: Hypno|7/100|[from] item: Leftovers\n|-end|p1a: Sandslash|move: Heal Block\n|upkeep\n|turn|19\n|inactive|Time left: 300 sec this turn | 300 sec total\n|\n|t:|1783567970\n|move|p2a: Hypno|Psychic Noise|p1a: Sandslash\n|-damage|p1a: Sandslash|0 fnt\n|faint|p1a: Sandslash\n|\n|-heal|p2a: Hypno|14/100|[from] item: Leftovers\n|upkeep\n|inactive|Time left: 300 sec this turn | 300 sec total | 5 sec grace\n|\n|t:|1783567971\n|switch|p1a: Zarude|Zarude-Dada, L77|288/288\n|turn|20\n|inactive|Time left: 300 sec this turn | 300 sec total\n|\n|t:|1783567972\n|move|p2a: Hypno|Protect|p2a: Hypno\n|-singleturn|p2a: Hypno|Protect\n|move|p1a: Zarude|Knock Off|p2a: Hypno\n|-activate|p2a: Hypno|move: Protect\n|\n|-heal|p2a: Hypno|20/100|[from] item: Leftovers\n|upkeep\n|turn|21\n|inactive|Time left: 300 sec this turn | 300 sec total\n|\n|t:|1783567972\n|move|p1a: Zarude|Swords Dance|p1a: Zarude\n|-boost|p1a: Zarude|atk|2\n|move|p2a: Hypno|Focus Blast|p1a: Zarude\n|-supereffective|p1a: Zarude\n|-damage|p1a: Zarude|118/288\n|\n|-heal|p2a: Hypno|26/100|[from] item: Leftovers\n|upkeep\n|turn|22\n|inactive|Time left: 300 sec this turn | 300 sec total\n|\n|t:|1783567974\n|move|p1a: Zarude|Knock Off|p2a: Hypno\n|-supereffective|p2a: Hypno\n|-damage|p2a: Hypno|0 fnt\n|-enditem|p2a: Hypno|Leftovers|[from] move: Knock Off|[of] p1a: Zarude\n|faint|p2a: Hypno\n|-damage|p1a: Zarude|90/288|[from] item: Life Orb\n|\n|upkeep\n|\n|t:|1783567974\n|switch|p2a: Dodrio|Dodrio, L85, F|100/100\n|turn|23\n|inactive|Time left: 300 sec this turn | 300 sec total\n|\n|t:|1783567975\n|move|p2a: Dodrio|Brave Bird|p1a: Zarude\n|-supereffective|p1a: Zarude\n|-damage|p1a: Zarude|0 fnt\n|faint|p1a: Zarude\n|-damage|p2a: Dodrio|88/100|[from] Recoil\n|\n|upkeep\n|inactive|Time left: 300 sec this turn | 300 sec total | 5 sec grace\n|\n|t:|1783567976\n|switch|p1a: Toucannon|Toucannon, L88, M|284/284\n|turn|24\n|inactive|Time left: 300 sec this turn | 300 sec total\n|\n|t:|1783567977\n|move|p2a: Dodrio|Swords Dance|p2a: Dodrio\n|-boost|p2a: Dodrio|atk|2\n|move|p1a: Toucannon|Boomburst|p2a: Dodrio\n|-damage|p2a: Dodrio|11/100\n|\n|upkeep\n|turn|25\n|inactive|Time left: 300 sec this turn | 300 sec total\n|\n|t:|1783567978\n|switch|p1a: Iron Hands|Iron Hands, L79|373/373\n|move|p2a: Dodrio|Double-Edge|p1a: Iron Hands\n|-damage|p1a: Iron Hands|117/373\n|-damage|p2a: Dodrio|0 fnt|[from] Recoil\n|faint|p2a: Dodrio\n|\n|upkeep\n|\n|t:|1783567979\n|switch|p2a: Basculin|Basculin, L86, M|100/100\n|-activate|p2a: Basculin|move: Sticky Web\n|-unboost|p2a: Basculin|spe|1\n|turn|26\n|inactive|Time left: 300 sec this turn | 300 sec total\n|\n|t:|1783567981\n|move|p1a: Iron Hands|Fake Out|p2a: Basculin\n|-damage|p2a: Basculin|85/100\n|cant|p2a: Basculin|flinch\n|\n|upkeep\n|turn|27\n|inactive|Time left: 300 sec this turn | 300 sec total\n|\n|t:|1783567982\n|move|p2a: Basculin|Flip Turn|p1a: Iron Hands\n|-damage|p1a: Iron Hands|3/373\n|\n|t:|1783567983\n|switch|p2a: Kricketune|Kricketune, L99, F|33/100|[from] Flip Turn\n|move|p1a: Iron Hands|Drain Punch|p2a: Kricketune\n|-resisted|p2a: Kricketune\n|-damage|p2a: Kricketune|16/100\n|-heal|p1a: Iron Hands|30/373|[from] drain|[of] p2a: Kricketune\n|\n|upkeep\n|turn|28\n|inactive|Time left: 300 sec this turn | 300 sec total\n|\n|t:|1783567984\n|move|p2a: Kricketune|Pounce|p1a: Iron Hands\n|-resisted|p1a: Iron Hands\n|-damage|p1a: Iron Hands|0 fnt\n|faint|p1a: Iron Hands\n|-end|p1a: Iron Hands|Quark Drive|[silent]\n|\n|upkeep\n|inactive|Time left: 300 sec this turn | 300 sec total | 5 sec grace\n|\n|t:|1783567984\n|switch|p1a: Toucannon|Toucannon, L88, M|284/284\n|turn|29\n|inactive|Time left: 300 sec this turn | 300 sec total\n|\n|t:|1783567985\n|move|p2a: Kricketune|Pounce|p1a: Toucannon\n|-resisted|p1a: Toucannon\n|-damage|p1a: Toucannon|227/284\n|-unboost|p1a: Toucannon|spe|1\n|move|p1a: Toucannon|Bullet Seed|p2a: Kricketune\n|-resisted|p2a: Kricketune\n|-damage|p2a: Kricketune|11/100\n|-resisted|p2a: Kricketune\n|-damage|p2a: Kricketune|7/100\n|-resisted|p2a: Kricketune\n|-damage|p2a: Kricketune|2/100\n|-resisted|p2a: Kricketune\n|-damage|p2a: Kricketune|0 fnt\n|faint|p2a: Kricketune\n|-hitcount|p2: Kricketune|4\n|\n|upkeep\n|\n|t:|1783567986\n|switch|p2a: Basculin|Basculin, L86, M|85/100\n|-activate|p2a: Basculin|move: Sticky Web\n|-unboost|p2a: Basculin|spe|1\n|turn|30\n|inactive|Time left: 300 sec this turn | 300 sec total\n|\n|t:|1783567987\n|switch|p1a: Ariados|Ariados, L95, M|117/287\n|move|p2a: Basculin|Flip Turn|p1a: Ariados\n|-damage|p1a: Ariados|0 fnt\n|faint|p1a: Ariados\n|\n|t:|1783567987\n|switch|p2a: Walking Wake|Walking Wake, L79|100/100|[from] Flip Turn\n|-activate|p2a: Walking Wake|move: Sticky Web\n|-unboost|p2a: Walking Wake|spe|1\n|\n|upkeep\n|inactive|Time left: 300 sec this turn | 300 sec total | 10 sec grace\n|\n|t:|1783567988\n|switch|p1a: Toucannon|Toucannon, L88, M|227/284\n|turn|31\n|inactive|Time left: 300 sec this turn | 300 sec total\n|\n|t:|1783567989\n|-terastallize|p2a: Walking Wake|Fire\n|move|p1a: Toucannon|Boomburst|p2a: Walking Wake\n|-damage|p2a: Walking Wake|46/100\n|move|p2a: Walking Wake|Flamethrower|p1a: Toucannon\n|-damage|p1a: Toucannon|70/284\n|-damage|p2a: Walking Wake|36/100|[from] item: Life Orb\n|\n|upkeep\n|turn|32\n|inactive|Time left: 300 sec this turn | 300 sec total\n|\n|t:|1783567989\n|move|p1a: Toucannon|Roost|p1a: Toucannon\n|-heal|p1a: Toucannon|212/284\n|-singleturn|p1a: Toucannon|move: Roost\n|move|p2a: Walking Wake|Flamethrower|p1a: Toucannon\n|-crit|p1a: Toucannon\n|-damage|p1a: Toucannon|0 fnt\n|faint|p1a: Toucannon\n|-damage|p2a: Walking Wake|26/100|[from] item: Life Orb\n|\n|win|p0y249640f4", "uploadtime": 1783567989, "views": 0, "rating": 0, "private": 0, "password": null, "_winner": "p0y249640f4", "_our_name": "p0x24968e2f"}