{"id": "battle-gen9randombattle-305", "formatid": "gen9randombattle", "format": "[Gen 9] Random Battle", "players": ["p0x30539b8", "p0y305dbad"], "log": "|init|battle\n|title|p0x30539b8 vs. p0y305dbad\n|j|\u2606p0x30539b8\n|j|\u2606p0y305dbad\n|t:|1783542610\n|gametype|singles\n|player|p1|p0x30539b8|170|\n|player|p2|p0y305dbad|169|\n|gen|9\n|tier|[Gen 9] Random Battle\n|rule|Species Clause: Limit one of each Pok\u00e9mon\n|rule|HP Percentage Mod: HP is shown in percentages\n|rule|Sleep Clause Mod: Limit one foe put to sleep\n|rule|Illusion Level Mod: Illusion disguises the Pok\u00e9mon's true level\n|\n|t:|1783542610\n|teamsize|p1|6\n|teamsize|p2|6\n|start\n|switch|p1a: Cacturne|Cacturne, L92, M|100/100\n|switch|p2a: Rhyperior|Rhyperior, L82, F|323/323\n|turn|1\n|inactive|Battle timer is ON: inactive players will automatically lose when time's up. (requested by p0x30539b8)\n|inactive|Time left: 300 sec this turn | 300 sec total | 60 sec grace\n|inactive|p0y305dbad also wants the timer to be on.\n|\n|t:|1783542611\n|move|p1a: Cacturne|Seed Bomb|p2a: Rhyperior\n|-supereffective|p2a: Rhyperior\n|-damage|p2a: Rhyperior|0 fnt\n|faint|p2a: Rhyperior\n|-damage|p1a: Cacturne|91/100|[from] item: Life Orb\n|\n|upkeep\n|inactive|Time left: 300 sec this turn | 300 sec total | 65 sec grace\n|\n|t:|1783542612\n|switch|p2a: Great Tusk|Great Tusk, L77|304/304\n|-enditem|p2a: Great Tusk|Booster Energy\n|-activate|p2a: Great Tusk|ability: Protosynthesis|[fromitem]\n|-start|p2a: Great Tusk|protosynthesisatk\n|turn|2\n|inactive|Time left: 300 sec this turn | 300 sec total\n|\n|t:|1783542614\n|switch|p1a: Zapdos|Zapdos-Galar, L77|100/100\n|move|p2a: Great Tusk|Close Combat|p1a: Zapdos\n|-resisted|p1a: Zapdos\n|-damage|p1a: Zapdos|66/100\n|-unboost|p2a: Great Tusk|def|1\n|-unboost|p2a: Great Tusk|spd|1\n|\n|upkeep\n|turn|3\n|inactive|Time left: 300 sec this turn | 300 sec total\n|\n|t:|1783542615\n|-end|p2a: Great Tusk|Protosynthesis|[silent]\n|switch|p2a: Pincurchin|Pincurchin, M|258/258\n|-fieldstart|move: Electric Terrain|[from] ability: Electric Surge|[of] p2a: Pincurchin\n|move|p1a: Zapdos|Brave Bird|p2a: Pincurchin\n|-resisted|p2a: Pincurchin\n|-damage|p2a: Pincurchin|179/258\n|-damage|p1a: Zapdos|56/100|[from] Recoil\n|\n|-heal|p2a: Pincurchin|195/258|[from] item: Leftovers\n|upkeep\n|turn|4\n|inactive|Time left: 300 sec this turn | 300 sec total\n|\n|t:|1783542616\n|switch|p1a: Palossand|Palossand, L89, F|100/100\n|move|p2a: Pincurchin|Zing Zap|p1a: Palossand\n|-immune|p1a: Palossand\n|\n|-heal|p2a: Pincurchin|211/258|[from] item: Leftovers\n|upkeep\n|turn|5\n|inactive|Time left: 300 sec this turn | 300 sec total\n|\n|t:|1783542617\n|move|p1a: Palossand|Earth Power|p2a: Pincurchin\n|-supereffective|p2a: Pincurchin\n|-damage|p2a: Pincurchin|35/258\n|move|p2a: Pincurchin|Zing Zap|p1a: Palossand\n|-immune|p1a: Palossand\n|\n|-heal|p2a: Pincurchin|51/258|[from] item: Leftovers\n|upkeep\n|turn|6\n|inactive|Time left: 300 sec this turn | 300 sec total\n|\n|t:|1783542618\n|switch|p2a: Rotom|Rotom-Wash, L82|216/216\n|move|p1a: Palossand|Sludge Bomb|p2a: Rotom\n|-damage|p2a: Rotom|152/216\n|\n|-heal|p2a: Rotom|165/216|[from] item: Leftovers\n|upkeep\n|turn|7\n|inactive|Time left: 300 sec this turn | 300 sec total\n|\n|t:|1783542619\n|move|p2a: Rotom|Nasty Plot|p2a: Rotom\n|-boost|p2a: Rotom|spa|2\n|move|p1a: Palossand|Shadow Ball|p2a: Rotom\n|-damage|p2a: Rotom|84/216\n|\n|-heal|p2a: Rotom|97/216|[from] item: Leftovers\n|-fieldend|move: Electric Terrain\n|upkeep\n|turn|8\n|inactive|Time left: 300 sec this turn | 300 sec total\n|\n|t:|1783542620\n|switch|p1a: Cacturne|Cacturne, L92, M|91/100\n|move|p2a: Rotom|Hydro Pump|p1a: Cacturne\n|-heal|p1a: Cacturne|100/100|[from] ability: Water Absorb|[of] p2a: Rotom\n|\n|-heal|p2a: Rotom|110/216|[from] item: Leftovers\n|upkeep\n|turn|9\n|inactive|Time left: 300 sec this turn | 300 sec total\n|\n|t:|1783542622\n|move|p2a: Rotom|Will-O-Wisp|p1a: Cacturne|[miss]\n|-miss|p2a: Rotom|p1a: Cacturne\n|move|p1a: Cacturne|Knock Off|p2a: Rotom\n|-damage|p2a: Rotom|0 fnt\n|-enditem|p2a: Rotom|Leftovers|[from] move: Knock Off|[of] p1a: Cacturne\n|faint|p2a: Rotom\n|-damage|p1a: Cacturne|91/100|[from] item: Life Orb\n|\n|upkeep\n|inactive|Time left: 300 sec this turn | 300 sec total | 5 sec grace\n|\n|t:|1783542622\n|switch|p2a: Bellossom|Bellossom, L84, F|263/263\n|turn|10\n|inactive|Time left: 300 sec this turn | 300 sec total\n|\n|t:|1783542623\n|move|p1a: Cacturne|Swords Dance|p1a: Cacturne\n|-boost|p1a: Cacturne|atk|2\n|move|p2a: Bellossom|Quiver Dance|p2a: Bellossom\n|-boost|p2a: Bellossom|spa|1\n|-boost|p2a: Bellossom|spd|1\n|-boost|p2a: Bellossom|spe|1\n|\n|upkeep\n|turn|11\n|inactive|Time left: 300 sec this turn | 300 sec total\n|\n|t:|1783542625\n|-terastallize|p1a: Cacturne|Poison\n|move|p2a: Bellossom|Strength Sap|p1a: Cacturne\n|-unboost|p1a: Cacturne|atk|1\n|move|p1a: Cacturne|Knock Off|p2a: Bellossom\n|-damage|p2a: Bellossom|0 fnt\n|-enditem|p2a: Bellossom|Leftovers|[from] move: Knock Off|[of] p1a: Cacturne\n|faint|p2a: Bellossom\n|-damage|p1a: Cacturne|81/100|[from] item: Life Orb\n|\n|upkeep\n|inactive|Time left: 300 sec this turn | 300 sec total | 5 sec grace\n|\n|t:|1783542626\n|switch|p2a: Great Tusk|Great Tusk, L77|304/304\n|turn|12\n|inactive|Time left: 300 sec this turn | 300 sec total\n|\n|t:|1783542627\n|switch|p1a: Palossand|Palossand, L89, F|100/100\n|move|p2a: Great Tusk|Earthquake|p1a: Palossand\n|-damage|p1a: Palossand|70/100\n|\n|-heal|p1a: Palossand|76/100|[from] item: Leftovers\n|upkeep\n|turn|13\n|inactive|Time left: 300 sec this turn | 300 sec total\n|\n|t:|1783542628\n|move|p2a: Great Tusk|Earthquake|p1a: Palossand\n|-damage|p1a: Palossand|46/100\n|move|p1a: Palossand|Earth Power|p2a: Great Tusk\n|-damage|p2a: Great Tusk|127/304\n|\n|-heal|p1a: Palossand|52/100|[from] item: Leftovers\n|upkeep\n|turn|14\n|inactive|Time left: 300 sec this turn | 300 sec total\n|\n|t:|1783542629\n|move|p2a: Great Tusk|Earthquake|p1a: Palossand\n|-damage|p1a: Palossand|23/100\n|move|p1a: Palossand|Shadow Ball|p2a: Great Tusk\n|-damage|p2a: Great Tusk|0 fnt\n|faint|p2a: Great Tusk\n|-end|p2a: Great Tusk|Protosynthesis|[silent]\n|\n|-heal|p1a: Palossand|29/100|[from] item: Leftovers\n|upkeep\n|inactive|Time left: 300 sec this turn | 300 sec total | 5 sec grace\n|\n|t:|1783542630\n|switch|p2a: Banette|Banette, L93, M|270/270\n|turn|15\n|inactive|Time left: 300 sec this turn | 300 sec total\n|\n|t:|1783542631\n|move|p2a: Banette|Poltergeist|p1a: Palossand\n|-activate|p1a: Palossand|move: Poltergeist|Leftovers\n|-supereffective|p1a: Palossand\n|-damage|p1a: Palossand|0 fnt\n|faint|p1a: Palossand\n|-damage|p2a: Banette|243/270|[from] item: Life Orb\n|\n|upkeep\n|\n|t:|1783542632\n|switch|p1a: Basculin|Basculin, L86, F|100/100\n|turn|16\n|inactive|Time left: 300 sec this turn | 300 sec total\n|\n|t:|1783542633\n|-terastallize|p2a: Banette|Poison\n|move|p2a: Banette|Shadow Sneak|p1a: Basculin\n|-damage|p1a: Basculin|63/100\n|-damage|p2a: Banette|216/270|[from] item: Life Orb\n|move|p1a: Basculin|Wave Crash|p2a: Banette\n|-damage|p2a: Banette|0 fnt\n|faint|p2a: Banette\n|-damage|p1a: Basculin|36/100|[from] Recoil\n|\n|upkeep\n|inactive|Time left: 300 sec this turn | 300 sec total | 5 sec grace\n|\n|t:|1783542634\n|switch|p2a: Pincurchin|Pincurchin, M|51/258\n|-fieldstart|move: Electric Terrain|[from] ability: Electric Surge|[of] p2a: Pincurchin\n|turn|17\n|inactive|Time left: 300 sec this turn | 300 sec total\n|\n|t:|1783542635\n|move|p1a: Basculin|Wave Crash|p2a: Pincurchin\n|-damage|p2a: Pincurchin|0 fnt\n|faint|p2a: Pincurchin\n|-damage|p1a: Basculin|30/100|[from] Recoil\n|\n|win|p0x30539b8", "uploadtime": 1783542635, "views": 0, "rating": 0, "private": 0, "password": null, "_winner": "p0x30539b8", "_our_name": "p0y305dbad"}