{"id": "battle-gen9randombattle-2878", "formatid": "gen9randombattle", "format": "[Gen 9] Random Battle", "players": ["p0x2878a1a0", "p0y287825dc"], "log": "|init|battle\n|title|p0x2878a1a0 vs. p0y287825dc\n|j|\u2606p0x2878a1a0\n|j|\u2606p0y287825dc\n|t:|1783573144\n|gametype|singles\n|player|p1|p0x2878a1a0|102|\n|player|p2|p0y287825dc|102|\n|gen|9\n|tier|[Gen 9] Random Battle\n|rule|Species Clause: Limit one of each Pok\u00e9mon\n|rule|HP Percentage Mod: HP is shown in percentages\n|rule|Sleep Clause Mod: Limit one foe put to sleep\n|rule|Illusion Level Mod: Illusion disguises the Pok\u00e9mon's true level\n|\n|t:|1783573144\n|teamsize|p1|6\n|teamsize|p2|6\n|start\n|switch|p1a: Heatran|Heatran, L79, F|273/273\n|switch|p2a: Baxcalibur|Baxcalibur, L75, M|100/100\n|-item|p1a: Heatran|Air Balloon\n|turn|1\n|inactive|Battle timer is ON: inactive players will automatically lose when time's up. (requested by p0x2878a1a0)\n|\n|t:|1783573145\n|move|p2a: Baxcalibur|Glaive Rush|p1a: Heatran\n|-resisted|p1a: Heatran\n|-damage|p1a: Heatran|182/273\n|-singlemove|p2a: Baxcalibur|Glaive Rush|[silent]\n|-enditem|p1a: Heatran|Air Balloon\n|move|p1a: Heatran|Stealth Rock|p2a: Baxcalibur\n|-sidestart|p2: p0y287825dc|move: Stealth Rock\n|\n|upkeep\n|turn|2\n|inactive|Time left: 300 sec this turn | 300 sec total\n|inactive|p0y287825dc also wants the timer to be on.\n|\n|t:|1783573146\n|move|p2a: Baxcalibur|Glaive Rush|p1a: Heatran\n|-resisted|p1a: Heatran\n|-damage|p1a: Heatran|89/273\n|-singlemove|p2a: Baxcalibur|Glaive Rush|[silent]\n|move|p1a: Heatran|Heavy Slam|p2a: Baxcalibur\n|-supereffective|p2a: Baxcalibur\n|-damage|p2a: Baxcalibur|30/100\n|\n|upkeep\n|turn|3\n|inactive|Time left: 300 sec this turn | 300 sec total\n|\n|t:|1783573148\n|switch|p1a: Fezandipiti|Fezandipiti, L82, M|278/278\n|move|p2a: Baxcalibur|Glaive Rush|p1a: Fezandipiti\n|-immune|p1a: Fezandipiti\n|\n|upkeep\n|turn|4\n|inactive|Time left: 300 sec this turn | 300 sec total\n|\n|t:|1783573149\n|move|p1a: Fezandipiti|Play Rough|p2a: Baxcalibur\n|-supereffective|p2a: Baxcalibur\n|-damage|p2a: Baxcalibur|0 fnt\n|faint|p2a: Baxcalibur\n|\n|upkeep\n|\n|t:|1783573150\n|switch|p2a: Bruxish|Bruxish, L85, F|100/100\n|-damage|p2a: Bruxish|88/100|[from] Stealth Rock\n|turn|5\n|inactive|Time left: 300 sec this turn | 300 sec total\n|\n|t:|1783573151\n|move|p2a: Bruxish|Psychic Fangs|p1a: Fezandipiti\n|-supereffective|p1a: Fezandipiti\n|-damage|p1a: Fezandipiti|0 fnt\n|faint|p1a: Fezandipiti\n|\n|upkeep\n|inactive|Time left: 300 sec this turn | 300 sec total | 5 sec grace\n|\n|t:|1783573152\n|switch|p1a: Groudon|Groudon, L72|263/263\n|-weather|SunnyDay|[from] ability: Drought|[of] p1a: Groudon\n|turn|6\n|inactive|Time left: 300 sec this turn | 300 sec total\n|\n|t:|1783573153\n|move|p2a: Bruxish|Psychic Fangs|p1a: Groudon\n|-crit|p1a: Groudon\n|-damage|p1a: Groudon|79/263\n|move|p1a: Groudon|Will-O-Wisp|p2a: Bruxish\n|-status|p2a: Bruxish|brn\n|\n|-weather|SunnyDay|[upkeep]\n|-heal|p1a: Groudon|95/263|[from] item: Leftovers\n|-damage|p2a: Bruxish|82/100 brn|[from] brn\n|upkeep\n|turn|7\n|inactive|Time left: 300 sec this turn | 300 sec total\n|\n|t:|1783573155\n|switch|p1a: Bronzong|Bronzong, L88|261/261\n|move|p2a: Bruxish|Psychic Fangs|p1a: Bronzong\n|-resisted|p1a: Bronzong\n|-damage|p1a: Bronzong|247/261\n|\n|-weather|SunnyDay|[upkeep]\n|-damage|p2a: Bruxish|76/100 brn|[from] brn\n|upkeep\n|turn|8\n|inactive|Time left: 300 sec this turn | 300 sec total\n|\n|t:|1783573156\n|move|p2a: Bruxish|Psychic Fangs|p1a: Bronzong\n|-resisted|p1a: Bronzong\n|-damage|p1a: Bronzong|233/261\n|move|p1a: Bronzong|Iron Defense|p1a: Bronzong\n|-boost|p1a: Bronzong|def|2\n|\n|-weather|SunnyDay|[upkeep]\n|-damage|p2a: Bruxish|71/100 brn|[from] brn\n|upkeep\n|turn|9\n|inactive|Time left: 300 sec this turn | 300 sec total\n|\n|t:|1783573157\n|move|p2a: Bruxish|Psychic Fangs|p1a: Bronzong\n|-resisted|p1a: Bronzong\n|-damage|p1a: Bronzong|226/261\n|move|p1a: Bronzong|Body Press|p2a: Bruxish\n|-resisted|p2a: Bruxish\n|-damage|p2a: Bruxish|38/100 brn\n|\n|-weather|SunnyDay|[upkeep]\n|-damage|p2a: Bruxish|32/100 brn|[from] brn\n|upkeep\n|turn|10\n|inactive|Time left: 300 sec this turn | 300 sec total\n|\n|t:|1783573158\n|move|p2a: Bruxish|Psychic Fangs|p1a: Bronzong\n|-resisted|p1a: Bronzong\n|-damage|p1a: Bronzong|220/261\n|move|p1a: Bronzong|Body Press|p2a: Bruxish\n|-resisted|p2a: Bruxish\n|-damage|p2a: Bruxish|0 fnt\n|faint|p2a: Bruxish\n|\n|-weather|none\n|upkeep\n|\n|t:|1783573159\n|switch|p2a: Grumpig|Grumpig, L92, M|100/100\n|-damage|p2a: Grumpig|88/100|[from] Stealth Rock\n|turn|11\n|inactive|Time left: 300 sec this turn | 300 sec total\n|\n|t:|1783573160\n|move|p2a: Grumpig|Shadow Ball|p1a: Bronzong\n|-supereffective|p1a: Bronzong\n|-damage|p1a: Bronzong|76/261\n|move|p1a: Bronzong|Body Press|p2a: Grumpig\n|-resisted|p2a: Grumpig\n|-damage|p2a: Grumpig|59/100\n|\n|upkeep\n|turn|12\n|inactive|Time left: 300 sec this turn | 300 sec total\n|\n|t:|1783573161\n|-terastallize|p1a: Bronzong|Fighting\n|move|p2a: Grumpig|Shadow Ball|p1a: Bronzong\n|-damage|p1a: Bronzong|3/261\n|move|p1a: Bronzong|Rest|p1a: Bronzong\n|-status|p1a: Bronzong|slp|[from] move: Rest\n|-heal|p1a: Bronzong|261/261 slp|[silent]\n|-enditem|p1a: Bronzong|Chesto Berry|[eat]\n|-curestatus|p1a: Bronzong|slp|[msg]\n|\n|upkeep\n|turn|13\n|inactive|Time left: 300 sec this turn | 300 sec total\n|\n|t:|1783573163\n|move|p2a: Grumpig|Shadow Ball|p1a: Bronzong\n|-damage|p1a: Bronzong|190/261\n|move|p1a: Bronzong|Body Press|p2a: Grumpig\n|-resisted|p2a: Grumpig\n|-damage|p2a: Grumpig|18/100\n|\n|upkeep\n|turn|14\n|inactive|Time left: 300 sec this turn | 300 sec total\n|\n|t:|1783573164\n|move|p2a: Grumpig|Shadow Ball|p1a: Bronzong\n|-damage|p1a: Bronzong|118/261\n|move|p1a: Bronzong|Body Press|p2a: Grumpig\n|-resisted|p2a: Grumpig\n|-damage|p2a: Grumpig|0 fnt\n|faint|p2a: Grumpig\n|\n|upkeep\n|\n|t:|1783573165\n|switch|p2a: Articuno|Articuno, L86|100/100\n|-ability|p2a: Articuno|Pressure\n|turn|15\n|inactive|Time left: 300 sec this turn | 300 sec total\n|\n|t:|1783573166\n|move|p2a: Articuno|Freeze-Dry|p1a: Bronzong\n|-damage|p1a: Bronzong|61/261\n|move|p1a: Bronzong|Body Press|p2a: Articuno\n|-damage|p2a: Articuno|39/100\n|\n|upkeep\n|turn|16\n|inactive|Time left: 300 sec this turn | 300 sec total\n|\n|t:|1783573167\n|move|p2a: Articuno|Brave Bird|p1a: Bronzong\n|-supereffective|p1a: Bronzong\n|-damage|p1a: Bronzong|0 fnt\n|faint|p1a: Bronzong\n|-damage|p2a: Articuno|32/100|[from] Recoil\n|\n|upkeep\n|inactive|Time left: 300 sec this turn | 300 sec total | 5 sec grace\n|\n|t:|1783573167\n|switch|p1a: Heatran|Heatran, L79, F|89/273\n|turn|17\n|inactive|Time left: 300 sec this turn | 300 sec total\n|\n|t:|1783573168\n|move|p2a: Articuno|Roost|p2a: Articuno\n|-heal|p2a: Articuno|83/100\n|-singleturn|p2a: Articuno|move: Roost\n|move|p1a: Heatran|Lava Plume|p2a: Articuno\n|-supereffective|p2a: Articuno\n|-damage|p2a: Articuno|30/100\n|-status|p2a: Articuno|brn\n|\n|-damage|p2a: Articuno|24/100 brn|[from] brn\n|upkeep\n|turn|18\n|inactive|Time left: 300 sec this turn | 300 sec total\n|\n|t:|1783573169\n|move|p2a: Articuno|Roost|p2a: Articuno\n|-heal|p2a: Articuno|74/100 brn\n|-singleturn|p2a: Articuno|move: Roost\n|move|p1a: Heatran|Lava Plume|p2a: Articuno\n|-supereffective|p2a: Articuno\n|-damage|p2a: Articuno|25/100 brn\n|\n|-damage|p2a: Articuno|19/100 brn|[from] brn\n|upkeep\n|turn|19\n|inactive|Time left: 300 sec this turn | 300 sec total\n|\n|t:|1783573170\n|move|p2a: Articuno|Roost|p2a: Articuno\n|-heal|p2a: Articuno|69/100 brn\n|-singleturn|p2a: Articuno|move: Roost\n|move|p1a: Heatran|Lava Plume|p2a: Articuno\n|-supereffective|p2a: Articuno\n|-damage|p2a: Articuno|19/100 brn\n|\n|-damage|p2a: Articuno|13/100 brn|[from] brn\n|upkeep\n|turn|20\n|inactive|Time left: 300 sec this turn | 300 sec total\n|\n|t:|1783573171\n|move|p2a: Articuno|Freeze-Dry|p1a: Heatran\n|-resisted|p1a: Heatran\n|-damage|p1a: Heatran|70/273\n|move|p1a: Heatran|Heavy Slam|p2a: Articuno\n|-supereffective|p2a: Articuno\n|-crit|p2a: Articuno\n|-damage|p2a: Articuno|0 fnt\n|faint|p2a: Articuno\n|\n|upkeep\n|\n|t:|1783573172\n|switch|p2a: Urshifu|Urshifu, L74, M|100/100\n|-damage|p2a: Urshifu|95/100|[from] Stealth Rock\n|turn|21\n|inactive|Time left: 300 sec this turn | 300 sec total\n|\n|t:|1783573173\n|move|p2a: Urshifu|Wicked Blow|p1a: Heatran\n|-crit|p1a: Heatran\n|-damage|p1a: Heatran|0 fnt\n|faint|p1a: Heatran\n|\n|upkeep\n|inactive|Time left: 300 sec this turn | 300 sec total | 5 sec grace\n|\n|t:|1783573173\n|switch|p1a: Dewgong|Dewgong, L94, F|322/322\n|turn|22\n|inactive|Time left: 300 sec this turn | 300 sec total\n|\n|t:|1783573174\n|move|p2a: Urshifu|Wicked Blow|p1a: Dewgong\n|-crit|p1a: Dewgong\n|-damage|p1a: Dewgong|144/322\n|move|p1a: Dewgong|Flip Turn|p2a: Urshifu\n|-damage|p2a: Urshifu|73/100\n|inactive|Time left: 300 sec this turn | 300 sec total | 5 sec grace\n|\n|t:|1783573175\n|switch|p1a: Piloswine|Piloswine, L85, M|309/309|[from] Flip Turn\n|\n|upkeep\n|turn|23\n|inactive|Time left: 300 sec this turn | 300 sec total\n|\n|t:|1783573176\n|-terastallize|p2a: Urshifu|Dark\n|move|p2a: Urshifu|Wicked Blow|p1a: Piloswine\n|-crit|p1a: Piloswine\n|-damage|p1a: Piloswine|149/309\n|move|p1a: Piloswine|Earthquake|p2a: Urshifu\n|-damage|p2a: Urshifu|30/100\n|\n|upkeep\n|turn|24\n|inactive|Time left: 300 sec this turn | 300 sec total\n|\n|t:|1783573177\n|switch|p1a: Groudon|Groudon, L72|95/263\n|-weather|SunnyDay|[from] ability: Drought|[of] p1a: Groudon\n|move|p2a: Urshifu|Wicked Blow|p1a: Groudon\n|-crit|p1a: Groudon\n|-damage|p1a: Groudon|0 fnt\n|faint|p1a: Groudon\n|\n|-weather|SunnyDay|[upkeep]\n|upkeep\n|inactive|Time left: 300 sec this turn | 300 sec total | 5 sec grace\n|\n|t:|1783573178\n|switch|p1a: Piloswine|Piloswine, L85, M|149/309\n|turn|25\n|inactive|Time left: 300 sec this turn | 300 sec total\n|\n|t:|1783573179\n|switch|p1a: Dewgong|Dewgong, L94, F|144/322\n|move|p2a: Urshifu|Wicked Blow|p1a: Dewgong\n|-crit|p1a: Dewgong\n|-damage|p1a: Dewgong|0 fnt\n|faint|p1a: Dewgong\n|\n|-weather|SunnyDay|[upkeep]\n|upkeep\n|inactive|Time left: 300 sec this turn | 300 sec total | 5 sec grace\n|\n|t:|1783573180\n|switch|p1a: Piloswine|Piloswine, L85, M|149/309\n|turn|26\n|inactive|Time left: 300 sec this turn | 300 sec total\n|\n|t:|1783573181\n|move|p2a: Urshifu|Wicked Blow|p1a: Piloswine\n|-crit|p1a: Piloswine\n|-damage|p1a: Piloswine|0 fnt\n|faint|p1a: Piloswine\n|\n|win|p0y287825dc", "uploadtime": 1783573181, "views": 0, "rating": 0, "private": 0, "password": null, "_winner": "p0y287825dc", "_our_name": "p0x2878a1a0"}