{"id": "battle-gen9randombattle-396", "formatid": "gen9randombattle", "format": "[Gen 9] Random Battle", "players": ["p0x3963dc5", "p0y396c574"], "log": "|init|battle\n|title|p0x3963dc5 vs. p0y396c574\n|j|\u2606p0x3963dc5\n|j|\u2606p0y396c574\n|t:|1783543683\n|gametype|singles\n|player|p1|p0x3963dc5|1|\n|player|p2|p0y396c574|266|\n|gen|9\n|tier|[Gen 9] Random Battle\n|rule|Species Clause: Limit one of each Pok\u00e9mon\n|rule|HP Percentage Mod: HP is shown in percentages\n|rule|Sleep Clause Mod: Limit one foe put to sleep\n|rule|Illusion Level Mod: Illusion disguises the Pok\u00e9mon's true level\n|\n|t:|1783543683\n|teamsize|p1|6\n|teamsize|p2|6\n|start\n|switch|p1a: Altaria|Altaria, L89, F|278/278\n|switch|p2a: Ursaluna|Ursaluna-Bloodmoon, L79, M|100/100\n|turn|1\n|inactive|Battle timer is ON: inactive players will automatically lose when time's up. (requested by p0y396c574)\n|inactive|Time left: 300 sec this turn | 300 sec total | 60 sec grace\n|inactive|p0x3963dc5 also wants the timer to be on.\n|\n|t:|1783543685\n|switch|p1a: Basculegion|Basculegion-F, L83, F|335/335\n|move|p2a: Ursaluna|Blood Moon|p1a: Basculegion\n|-damage|p1a: Basculegion|206/335\n|\n|upkeep\n|turn|2\n|inactive|Time left: 300 sec this turn | 300 sec total\n|\n|t:|1783543686\n|switch|p2a: Mabosstiff|Mabosstiff, L86, M|100/100\n|move|p1a: Basculegion|Hydro Pump|p2a: Mabosstiff|[miss]\n|-miss|p1a: Basculegion|p2a: Mabosstiff\n|\n|upkeep\n|turn|3\n|inactive|Time left: 300 sec this turn | 300 sec total\n|\n|t:|1783543687\n|move|p2a: Mabosstiff|Crunch|p1a: Basculegion\n|-supereffective|p1a: Basculegion\n|-damage|p1a: Basculegion|0 fnt\n|faint|p1a: Basculegion\n|\n|upkeep\n|inactive|Time left: 300 sec this turn | 300 sec total | 5 sec grace\n|\n|t:|1783543688\n|switch|p1a: Alcremie|Alcremie-Rainbow-Swirl, L90, F|263/263\n|turn|4\n|inactive|Time left: 300 sec this turn | 300 sec total\n|\n|t:|1783543689\n|move|p2a: Mabosstiff|Crunch|p1a: Alcremie\n|-resisted|p1a: Alcremie\n|-damage|p1a: Alcremie|184/263\n|-unboost|p1a: Alcremie|def|1\n|move|p1a: Alcremie|Alluring Voice|p2a: Mabosstiff\n|-supereffective|p2a: Mabosstiff\n|-damage|p2a: Mabosstiff|3/100\n|\n|-heal|p1a: Alcremie|200/263|[from] item: Leftovers\n|upkeep\n|turn|5\n|inactive|Time left: 300 sec this turn | 300 sec total\n|\n|t:|1783543690\n|move|p2a: Mabosstiff|Crunch|p1a: Alcremie\n|-resisted|p1a: Alcremie\n|-damage|p1a: Alcremie|65/263\n|move|p1a: Alcremie|Alluring Voice|p2a: Mabosstiff\n|-supereffective|p2a: Mabosstiff\n|-damage|p2a: Mabosstiff|0 fnt\n|faint|p2a: Mabosstiff\n|\n|-heal|p1a: Alcremie|81/263|[from] item: Leftovers\n|upkeep\n|\n|t:|1783543691\n|switch|p2a: Veluza|Veluza, L85, F|100/100\n|turn|6\n|inactive|Time left: 300 sec this turn | 300 sec total\n|\n|t:|1783543692\n|switch|p1a: Lumineon|Lumineon, L93, M|279/279\n|move|p2a: Veluza|Psycho Cut|p1a: Lumineon\n|-damage|p1a: Lumineon|89/279\n|\n|upkeep\n|turn|7\n|inactive|Time left: 300 sec this turn | 300 sec total\n|\n|t:|1783543693\n|move|p1a: Lumineon|U-turn|p2a: Veluza\n|-supereffective|p2a: Veluza\n|-damage|p2a: Veluza|64/100\n|inactive|Time left: 300 sec this turn | 300 sec total | 5 sec grace\n|\n|t:|1783543694\n|switch|p1a: Altaria|Altaria, L89, F|278/278|[from] U-turn\n|move|p2a: Veluza|Psycho Cut|p1a: Altaria\n|-damage|p1a: Altaria|103/278\n|\n|upkeep\n|turn|8\n|inactive|Time left: 300 sec this turn | 300 sec total\n|\n|t:|1783543695\n|move|p1a: Altaria|Roost|p1a: Altaria\n|-heal|p1a: Altaria|242/278\n|-singleturn|p1a: Altaria|move: Roost\n|move|p2a: Veluza|Psycho Cut|p1a: Altaria\n|-damage|p1a: Altaria|77/278\n|\n|upkeep\n|turn|9\n|inactive|Time left: 300 sec this turn | 300 sec total\n|\n|t:|1783543696\n|move|p1a: Altaria|Roost|p1a: Altaria\n|-heal|p1a: Altaria|216/278\n|-singleturn|p1a: Altaria|move: Roost\n|move|p2a: Veluza|Psycho Cut|p1a: Altaria\n|-crit|p1a: Altaria\n|-damage|p1a: Altaria|0 fnt\n|faint|p1a: Altaria\n|\n|upkeep\n|inactive|Time left: 300 sec this turn | 300 sec total | 5 sec grace\n|\n|t:|1783543697\n|switch|p1a: Snorlax|Snorlax, L82, M|397/397\n|turn|10\n|inactive|Time left: 300 sec this turn | 300 sec total\n|\n|t:|1783543698\n|move|p2a: Veluza|Psycho Cut|p1a: Snorlax\n|-damage|p1a: Snorlax|180/397\n|move|p1a: Snorlax|Crunch|p2a: Veluza\n|-supereffective|p2a: Veluza\n|-damage|p2a: Veluza|21/100\n|-unboost|p2a: Veluza|def|1\n|\n|-heal|p1a: Snorlax|204/397|[from] item: Leftovers\n|upkeep\n|turn|11\n|inactive|Time left: 300 sec this turn | 300 sec total\n|\n|t:|1783543699\n|move|p2a: Veluza|Psycho Cut|p1a: Snorlax\n|-damage|p1a: Snorlax|0 fnt\n|faint|p1a: Snorlax\n|\n|upkeep\n|inactive|Time left: 300 sec this turn | 300 sec total | 5 sec grace\n|\n|t:|1783543700\n|switch|p1a: Lumineon|Lumineon, L93, M|89/279\n|turn|12\n|inactive|Time left: 300 sec this turn | 300 sec total\n|\n|t:|1783543701\n|switch|p2a: Polteageist|Polteageist, L78|100/100\n|move|p1a: Lumineon|U-turn|p2a: Polteageist\n|-resisted|p2a: Polteageist\n|-damage|p2a: Polteageist|87/100\n|inactive|Time left: 300 sec this turn | 300 sec total | 5 sec grace\n|\n|t:|1783543702\n|switch|p1a: Piloswine|Piloswine, L85, M|309/309|[from] U-turn\n|\n|upkeep\n|turn|13\n|inactive|Time left: 300 sec this turn | 300 sec total\n|\n|t:|1783543703\n|move|p2a: Polteageist|Strength Sap|p1a: Piloswine\n|-unboost|p1a: Piloswine|atk|1\n|-heal|p2a: Polteageist|100/100\n|move|p1a: Piloswine|Earthquake|p2a: Polteageist\n|-damage|p2a: Polteageist|57/100\n|\n|upkeep\n|turn|14\n|inactive|Time left: 300 sec this turn | 300 sec total\n|\n|t:|1783543703\n|move|p2a: Polteageist|Strength Sap|p1a: Piloswine\n|-unboost|p1a: Piloswine|atk|1\n|-heal|p2a: Polteageist|100/100\n|move|p1a: Piloswine|Stealth Rock|p2a: Polteageist\n|-sidestart|p2: p0y396c574|move: Stealth Rock\n|\n|upkeep\n|turn|15\n|inactive|Time left: 300 sec this turn | 300 sec total\n|\n|t:|1783543704\n|move|p2a: Polteageist|Shell Smash|p2a: Polteageist\n|-unboost|p2a: Polteageist|def|1\n|-unboost|p2a: Polteageist|spd|1\n|-boost|p2a: Polteageist|atk|2\n|-boost|p2a: Polteageist|spa|2\n|-boost|p2a: Polteageist|spe|2\n|-enditem|p2a: Polteageist|White Herb\n|-clearnegativeboost|p2a: Polteageist|[silent]\n|move|p1a: Piloswine|Roar|p2a: Polteageist\n|drag|p2a: Cyclizar|Cyclizar, L84, F|100/100\n|\n|upkeep\n|turn|16\n|inactive|Time left: 300 sec this turn | 300 sec total\n|\n|t:|1783543705\n|switch|p1a: Alcremie|Alcremie-Rainbow-Swirl, L90, F|81/263\n|move|p2a: Cyclizar|Rapid Spin|p1a: Alcremie\n|-damage|p1a: Alcremie|27/263\n|-boost|p2a: Cyclizar|spe|1\n|-sideend|p2: p0y396c574|Stealth Rock|[from] move: Rapid Spin|[of] p2a: Cyclizar\n|\n|-heal|p1a: Alcremie|43/263|[from] item: Leftovers\n|upkeep\n|turn|17\n|inactive|Time left: 300 sec this turn | 300 sec total\n|\n|t:|1783543706\n|switch|p1a: Piloswine|Piloswine, L85, M|309/309\n|move|p2a: Cyclizar|Rapid Spin|p1a: Piloswine\n|-damage|p1a: Piloswine|272/309\n|-boost|p2a: Cyclizar|spe|1\n|\n|upkeep\n|turn|18\n|inactive|Time left: 300 sec this turn | 300 sec total\n|\n|t:|1783543708\n|move|p2a: Cyclizar|Shed Tail|p2a: Cyclizar\n|-start|p2a: Cyclizar|Substitute|[from] move: Shed Tail\n|-damage|p2a: Cyclizar|50/100\n|\n|t:|1783543708\n|switch|p2a: Veluza|Veluza, L85, F|21/100|[from] Shed Tail\n|move|p1a: Piloswine|Icicle Crash|p2a: Veluza\n|-resisted|p2a: Veluza\n|-activate|p2a: Veluza|move: Substitute|[damage]\n|\n|upkeep\n|turn|19\n|inactive|Time left: 300 sec this turn | 300 sec total\n|\n|t:|1783543710\n|move|p2a: Veluza|Psycho Cut|p1a: Piloswine\n|-damage|p1a: Piloswine|152/309\n|move|p1a: Piloswine|Stealth Rock|p2a: Veluza\n|-sidestart|p2: p0y396c574|move: Stealth Rock\n|\n|upkeep\n|turn|20\n|inactive|Time left: 300 sec this turn | 300 sec total\n|\n|t:|1783543711\n|move|p2a: Veluza|Psycho Cut|p1a: Piloswine\n|-damage|p1a: Piloswine|26/309\n|move|p1a: Piloswine|Roar|p2a: Veluza\n|drag|p2a: Ursaluna|Ursaluna-Bloodmoon, L79, M|100/100\n|-damage|p2a: Ursaluna|94/100|[from] Stealth Rock\n|\n|-heal|p2a: Ursaluna|100/100|[from] item: Leftovers\n|upkeep\n|turn|21\n|inactive|Time left: 300 sec this turn | 300 sec total\n|\n|t:|1783543712\n|move|p1a: Piloswine|Icicle Crash|p2a: Ursaluna\n|-supereffective|p2a: Ursaluna\n|-damage|p2a: Ursaluna|46/100\n|move|p2a: Ursaluna|Blood Moon|p1a: Piloswine\n|-damage|p1a: Piloswine|0 fnt\n|faint|p1a: Piloswine\n|\n|-heal|p2a: Ursaluna|52/100|[from] item: Leftovers\n|upkeep\n|inactive|Time left: 300 sec this turn | 300 sec total | 5 sec grace\n|\n|t:|1783543713\n|switch|p1a: Lumineon|Lumineon, L93, M|89/279\n|turn|22\n|inactive|Time left: 300 sec this turn | 300 sec total\n|\n|t:|1783543714\n|-terastallize|p2a: Ursaluna|Normal\n|move|p1a: Lumineon|Hydro Pump|p2a: Ursaluna|[miss]\n|-miss|p1a: Lumineon|p2a: Ursaluna\n|move|p2a: Ursaluna|Moonlight|p2a: Ursaluna\n|-heal|p2a: Ursaluna|100/100\n|\n|upkeep\n|turn|23\n|inactive|Time left: 300 sec this turn | 300 sec total\n|\n|t:|1783543715\n|move|p1a: Lumineon|Encore|p2a: Ursaluna\n|-start|p2a: Ursaluna|Encore\n|move|p2a: Ursaluna|Moonlight|p2a: Ursaluna\n|-fail|p2a: Ursaluna|heal\n|\n|upkeep\n|turn|24\n|inactive|Time left: 300 sec this turn | 300 sec total\n|\n|t:|1783543716\n|switch|p2a: Polteageist|Polteageist, L78|100/100\n|-damage|p2a: Polteageist|88/100|[from] Stealth Rock\n|move|p1a: Lumineon|U-turn|p2a: Polteageist\n|-resisted|p2a: Polteageist\n|-damage|p2a: Polteageist|74/100\n|inactive|Time left: 300 sec this turn | 300 sec total | 5 sec grace\n|\n|t:|1783543717\n|switch|p1a: Alcremie|Alcremie-Rainbow-Swirl, L90, F|43/263|[from] U-turn\n|\n|-heal|p1a: Alcremie|59/263|[from] item: Leftovers\n|upkeep\n|turn|25\n|inactive|Time left: 300 sec this turn | 300 sec total\n|\n|t:|1783543718\n|move|p1a: Alcremie|Recover|p1a: Alcremie\n|-heal|p1a: Alcremie|191/263\n|move|p2a: Polteageist|Shell Smash|p2a: Polteageist\n|-unboost|p2a: Polteageist|def|1\n|-unboost|p2a: Polteageist|spd|1\n|-boost|p2a: Polteageist|atk|2\n|-boost|p2a: Polteageist|spa|2\n|-boost|p2a: Polteageist|spe|2\n|\n|-heal|p1a: Alcremie|207/263|[from] item: Leftovers\n|upkeep\n|turn|26\n|inactive|Time left: 300 sec this turn | 300 sec total\n|\n|t:|1783543719\n|move|p2a: Polteageist|Shadow Ball|p1a: Alcremie\n|-damage|p1a: Alcremie|69/263\n|move|p1a: Alcremie|Recover|p1a: Alcremie\n|-heal|p1a: Alcremie|201/263\n|\n|-heal|p1a: Alcremie|217/263|[from] item: Leftovers\n|upkeep\n|turn|27\n|inactive|Time left: 300 sec this turn | 300 sec total\n|\n|t:|1783543720\n|move|p2a: Polteageist|Shadow Ball|p1a: Alcremie\n|-damage|p1a: Alcremie|79/263\n|-unboost|p1a: Alcremie|spd|1\n|move|p1a: Alcremie|Recover|p1a: Alcremie\n|-heal|p1a: Alcremie|211/263\n|\n|-heal|p1a: Alcremie|227/263|[from] item: Leftovers\n|upkeep\n|turn|28\n|inactive|Time left: 300 sec this turn | 300 sec total\n|\n|t:|1783543721\n|switch|p1a: Lumineon|Lumineon, L93, M|89/279\n|move|p2a: Polteageist|Shadow Ball|p1a: Lumineon\n|-damage|p1a: Lumineon|0 fnt\n|faint|p1a: Lumineon\n|\n|upkeep\n|inactive|Time left: 300 sec this turn | 300 sec total | 5 sec grace\n|\n|t:|1783543722\n|switch|p1a: Alcremie|Alcremie-Rainbow-Swirl, L90, F|227/263\n|turn|29\n|inactive|Time left: 300 sec this turn | 300 sec total\n|\n|t:|1783543723\n|move|p2a: Polteageist|Shadow Ball|p1a: Alcremie\n|-damage|p1a: Alcremie|86/263\n|move|p1a: Alcremie|Recover|p1a: Alcremie\n|-heal|p1a: Alcremie|218/263\n|\n|-heal|p1a: Alcremie|234/263|[from] item: Leftovers\n|upkeep\n|turn|30\n|inactive|Time left: 300 sec this turn | 300 sec total\n|\n|t:|1783543724\n|move|p2a: Polteageist|Shadow Ball|p1a: Alcremie\n|-damage|p1a: Alcremie|83/263\n|move|p1a: Alcremie|Recover|p1a: Alcremie\n|-heal|p1a: Alcremie|215/263\n|\n|-heal|p1a: Alcremie|231/263|[from] item: Leftovers\n|upkeep\n|turn|31\n|inactive|Time left: 300 sec this turn | 300 sec total\n|\n|t:|1783543725\n|move|p2a: Polteageist|Shadow Ball|p1a: Alcremie\n|-damage|p1a: Alcremie|99/263\n|move|p1a: Alcremie|Recover|p1a: Alcremie\n|-heal|p1a: Alcremie|231/263\n|\n|-heal|p1a: Alcremie|247/263|[from] item: Leftovers\n|upkeep\n|turn|32\n|inactive|Time left: 300 sec this turn | 300 sec total\n|\n|t:|1783543726\n|move|p2a: Polteageist|Shadow Ball|p1a: Alcremie\n|-damage|p1a: Alcremie|96/263\n|-unboost|p1a: Alcremie|spd|1\n|move|p1a: Alcremie|Recover|p1a: Alcremie\n|-heal|p1a: Alcremie|228/263\n|\n|-heal|p1a: Alcremie|244/263|[from] item: Leftovers\n|upkeep\n|turn|33\n|inactive|Time left: 300 sec this turn | 300 sec total\n|\n|t:|1783543727\n|move|p2a: Polteageist|Shadow Ball|p1a: Alcremie\n|-damage|p1a: Alcremie|51/263\n|move|p1a: Alcremie|Alluring Voice|p2a: Polteageist\n|-damage|p2a: Polteageist|13/100\n|\n|-heal|p1a: Alcremie|67/263|[from] item: Leftovers\n|upkeep\n|turn|34\n|inactive|Time left: 300 sec this turn | 300 sec total\n|\n|t:|1783543728\n|-terastallize|p1a: Alcremie|Poison\n|move|p2a: Polteageist|Shadow Ball|p1a: Alcremie\n|-damage|p1a: Alcremie|0 fnt\n|faint|p1a: Alcremie\n|\n|win|p0y396c574", "uploadtime": 1783543728, "views": 0, "rating": 0, "private": 0, "password": null, "_winner": "p0y396c574", "_our_name": "p0x3963dc5"}