{"id": "battle-gen9randombattle-1676", "formatid": "gen9randombattle", "format": "[Gen 9] Random Battle", "players": ["p0x167663cd", "p0y16761eae"], "log": "|init|battle\n|title|p0x167663cd vs. p0y16761eae\n|j|\u2606p0x167663cd\n|j|\u2606p0y16761eae\n|t:|1783559435\n|gametype|singles\n|player|p1|p0x167663cd|266|\n|player|p2|p0y16761eae|265|\n|gen|9\n|tier|[Gen 9] Random Battle\n|rule|Species Clause: Limit one of each Pok\u00e9mon\n|rule|HP Percentage Mod: HP is shown in percentages\n|rule|Sleep Clause Mod: Limit one foe put to sleep\n|rule|Illusion Level Mod: Illusion disguises the Pok\u00e9mon's true level\n|\n|t:|1783559435\n|teamsize|p1|6\n|teamsize|p2|6\n|start\n|switch|p1a: Skeledirge|Skeledirge, L79, M|294/294\n|switch|p2a: Haxorus|Haxorus, L77, F|100/100\n|-ability|p2a: Haxorus|Mold Breaker\n|turn|1\n|inactive|Battle timer is ON: inactive players will automatically lose when time's up. (requested by p0x167663cd)\n|inactive|p0y16761eae also wants the timer to be on.\n|\n|t:|1783559437\n|move|p2a: Haxorus|Outrage|p1a: Skeledirge\n|-damage|p1a: Skeledirge|159/294\n|move|p1a: Skeledirge|Torch Song|p2a: Haxorus\n|-resisted|p2a: Haxorus\n|-damage|p2a: Haxorus|78/100\n|-boost|p1a: Skeledirge|spa|1\n|\n|upkeep\n|turn|2\n|inactive|Time left: 300 sec this turn | 300 sec total\n|\n|t:|1783559438\n|-terastallize|p1a: Skeledirge|Fairy\n|move|p2a: Haxorus|Outrage|p1a: Skeledirge|[from] lockedmove\n|-immune|p1a: Skeledirge\n|-start|p2a: Haxorus|confusion|[fatigue]\n|-enditem|p2a: Haxorus|Lum Berry|[eat]\n|-end|p2a: Haxorus|confusion\n|move|p1a: Skeledirge|Torch Song|p2a: Haxorus\n|-resisted|p2a: Haxorus\n|-damage|p2a: Haxorus|47/100\n|-boost|p1a: Skeledirge|spa|1\n|\n|upkeep\n|turn|3\n|inactive|Time left: 300 sec this turn | 300 sec total\n|\n|t:|1783559439\n|-terastallize|p2a: Haxorus|Steel\n|move|p2a: Haxorus|Iron Head|p1a: Skeledirge\n|-supereffective|p1a: Skeledirge\n|-damage|p1a: Skeledirge|0 fnt\n|faint|p1a: Skeledirge\n|\n|upkeep\n|inactive|Time left: 300 sec this turn | 300 sec total | 5 sec grace\n|\n|t:|1783559440\n|switch|p1a: Gardevoir|Gardevoir, L83, F|249/249\n|-ability|p1a: Gardevoir|Mold Breaker|Trace|[from] ability: Trace|[of] p2a: Haxorus\n|-ability|p1a: Gardevoir|Mold Breaker\n|turn|4\n|inactive|Time left: 300 sec this turn | 300 sec total\n|\n|t:|1783559441\n|move|p1a: Gardevoir|Mystical Fire|p2a: Haxorus\n|-supereffective|p2a: Haxorus\n|-damage|p2a: Haxorus|0 fnt\n|faint|p2a: Haxorus\n|\n|upkeep\n|\n|t:|1783559442\n|switch|p2a: Malamar|Malamar, L82, F|100/100\n|turn|5\n|inactive|Time left: 300 sec this turn | 300 sec total\n|\n|t:|1783559443\n|move|p1a: Gardevoir|Mystical Fire|p2a: Malamar\n|-damage|p2a: Malamar|75/100\n|-unboost|p2a: Malamar|spa|1\n|move|p2a: Malamar|Superpower|p1a: Gardevoir\n|-resisted|p1a: Gardevoir\n|-damage|p1a: Gardevoir|224/249\n|-boost|p2a: Malamar|atk|1\n|-boost|p2a: Malamar|def|1\n|\n|upkeep\n|turn|6\n|inactive|Time left: 300 sec this turn | 300 sec total\n|\n|t:|1783559445\n|switch|p1a: Glaceon|Glaceon, L94, M|275/275\n|move|p2a: Malamar|Knock Off|p1a: Glaceon\n|-damage|p1a: Glaceon|172/275\n|-enditem|p1a: Glaceon|Heavy-Duty Boots|[from] move: Knock Off|[of] p2a: Malamar\n|\n|upkeep\n|turn|7\n|inactive|Time left: 300 sec this turn | 300 sec total\n|\n|t:|1783559446\n|move|p1a: Glaceon|Freeze-Dry|p2a: Malamar\n|-damage|p2a: Malamar|28/100\n|move|p2a: Malamar|Superpower|p1a: Glaceon\n|-supereffective|p1a: Glaceon\n|-damage|p1a: Glaceon|0 fnt\n|-boost|p2a: Malamar|atk|1\n|-boost|p2a: Malamar|def|1\n|faint|p1a: Glaceon\n|\n|upkeep\n|inactive|Time left: 300 sec this turn | 300 sec total | 5 sec grace\n|\n|t:|1783559447\n|switch|p1a: Cramorant|Cramorant, L86, M|261/261\n|turn|8\n|inactive|Time left: 300 sec this turn | 300 sec total\n|\n|t:|1783559448\n|switch|p2a: Dipplin|Dipplin, L88, M|100/100\n|move|p1a: Cramorant|Surf|p2a: Dipplin\n|-formechange|p1a: Cramorant|Cramorant-Gulping|\n|-resisted|p2a: Dipplin\n|-damage|p2a: Dipplin|95/100\n|\n|upkeep\n|turn|9\n|inactive|Time left: 300 sec this turn | 300 sec total\n|\n|t:|1783559449\n|move|p1a: Cramorant|Brave Bird|p2a: Dipplin\n|-supereffective|p2a: Dipplin\n|-damage|p2a: Dipplin|46/100\n|-damage|p1a: Cramorant|215/261|[from] Recoil\n|move|p2a: Dipplin|Recover|p2a: Dipplin\n|-heal|p2a: Dipplin|96/100\n|\n|upkeep\n|turn|10\n|inactive|Time left: 300 sec this turn | 300 sec total\n|\n|t:|1783559450\n|move|p1a: Cramorant|Brave Bird|p2a: Dipplin\n|-supereffective|p2a: Dipplin\n|-damage|p2a: Dipplin|51/100\n|-damage|p1a: Cramorant|173/261|[from] Recoil\n|move|p2a: Dipplin|Giga Drain|p1a: Cramorant\n|-damage|p1a: Cramorant|95/261\n|-heal|p2a: Dipplin|65/100|[from] drain|[of] p1a: Cramorant\n|-damage|p2a: Dipplin|40/100|[from] ability: Gulp Missile|[of] p1a: Cramorant\n|-unboost|p2a: Dipplin|def|1\n|-formechange|p1a: Cramorant|Cramorant|\n|\n|upkeep\n|turn|11\n|inactive|Time left: 300 sec this turn | 300 sec total\n|\n|t:|1783559451\n|switch|p2a: Thundurus|Thundurus-Therian, L80, M|100/100\n|move|p1a: Cramorant|Brave Bird|p2a: Thundurus\n|-resisted|p2a: Thundurus\n|-damage|p2a: Thundurus|73/100\n|-damage|p1a: Cramorant|71/261|[from] Recoil\n|\n|upkeep\n|turn|12\n|inactive|Time left: 300 sec this turn | 300 sec total\n|\n|t:|1783559452\n|switch|p1a: Gardevoir|Gardevoir, L83, F|224/249\n|-ability|p1a: Gardevoir|Volt Absorb|Trace|[from] ability: Trace|[of] p2a: Thundurus\n|move|p2a: Thundurus|Thunderbolt|p1a: Gardevoir\n|-heal|p1a: Gardevoir|249/249|[from] ability: Volt Absorb|[of] p2a: Thundurus\n|\n|upkeep\n|turn|13\n|inactive|Time left: 300 sec this turn | 300 sec total\n|\n|t:|1783559453\n|switch|p2a: Magmortar|Magmortar, L88, M|100/100\n|move|p1a: Gardevoir|Moonblast|p2a: Magmortar\n|-resisted|p2a: Magmortar\n|-damage|p2a: Magmortar|79/100\n|\n|upkeep\n|turn|14\n|inactive|Time left: 300 sec this turn | 300 sec total\n|\n|t:|1783559454\n|move|p1a: Gardevoir|Moonblast|p2a: Magmortar\n|-resisted|p2a: Magmortar\n|-damage|p2a: Magmortar|59/100\n|move|p2a: Magmortar|Fire Blast|p1a: Gardevoir\n|-damage|p1a: Gardevoir|114/249\n|\n|upkeep\n|turn|15\n|inactive|Time left: 300 sec this turn | 300 sec total\n|\n|t:|1783559455\n|move|p1a: Gardevoir|Moonblast|p2a: Magmortar\n|-resisted|p2a: Magmortar\n|-damage|p2a: Magmortar|40/100\n|-unboost|p2a: Magmortar|spa|1\n|move|p2a: Magmortar|Fire Blast|p1a: Gardevoir\n|-damage|p1a: Gardevoir|35/249\n|\n|upkeep\n|turn|16\n|inactive|Time left: 300 sec this turn | 300 sec total\n|\n|t:|1783559456\n|move|p1a: Gardevoir|Moonblast|p2a: Magmortar\n|-resisted|p2a: Magmortar\n|-damage|p2a: Magmortar|21/100\n|move|p2a: Magmortar|Knock Off|p1a: Gardevoir\n|-damage|p1a: Gardevoir|0 fnt\n|-enditem|p1a: Gardevoir|Choice Scarf|[from] move: Knock Off|[of] p2a: Magmortar\n|faint|p1a: Gardevoir\n|\n|upkeep\n|inactive|Time left: 300 sec this turn | 300 sec total | 5 sec grace\n|\n|t:|1783559457\n|switch|p1a: Azelf|Azelf, L82|257/257\n|turn|17\n|inactive|Time left: 300 sec this turn | 300 sec total\n|\n|t:|1783559458\n|move|p1a: Azelf|Psyshock|p2a: Magmortar\n|-damage|p2a: Magmortar|0 fnt\n|faint|p2a: Magmortar\n|-damage|p1a: Azelf|232/257|[from] item: Life Orb\n|\n|upkeep\n|\n|t:|1783559459\n|switch|p2a: Dipplin|Dipplin, L88, M|40/100\n|turn|18\n|inactive|Time left: 300 sec this turn | 300 sec total\n|\n|t:|1783559460\n|switch|p2a: Charizard|Charizard, L85, M|100/100\n|move|p1a: Azelf|Dazzling Gleam|p2a: Charizard\n|-resisted|p2a: Charizard\n|-damage|p2a: Charizard|86/100\n|-damage|p1a: Azelf|207/257|[from] item: Life Orb\n|\n|upkeep\n|turn|19\n|inactive|Time left: 300 sec this turn | 300 sec total\n|\n|t:|1783559461\n|move|p1a: Azelf|Nasty Plot|p1a: Azelf\n|-boost|p1a: Azelf|spa|2\n|move|p2a: Charizard|Hurricane|p1a: Azelf|[miss]\n|-miss|p2a: Charizard|p1a: Azelf\n|\n|upkeep\n|turn|20\n|inactive|Time left: 300 sec this turn | 300 sec total\n|\n|t:|1783559462\n|switch|p2a: Malamar|Malamar, L82, F|28/100\n|move|p1a: Azelf|Psyshock|p2a: Malamar\n|-immune|p2a: Malamar\n|\n|upkeep\n|turn|21\n|inactive|Time left: 300 sec this turn | 300 sec total\n|\n|t:|1783559462\n|switch|p2a: Charizard|Charizard, L85, M|86/100\n|move|p1a: Azelf|Dazzling Gleam|p2a: Charizard\n|-resisted|p2a: Charizard\n|-damage|p2a: Charizard|57/100\n|-damage|p1a: Azelf|182/257|[from] item: Life Orb\n|\n|upkeep\n|turn|22\n|inactive|Time left: 300 sec this turn | 300 sec total\n|\n|t:|1783559463\n|switch|p2a: Malamar|Malamar, L82, F|28/100\n|move|p1a: Azelf|Psyshock|p2a: Malamar\n|-immune|p2a: Malamar\n|\n|upkeep\n|turn|23\n|inactive|Time left: 300 sec this turn | 300 sec total\n|\n|t:|1783559464\n|move|p1a: Azelf|Dazzling Gleam|p2a: Malamar\n|-supereffective|p2a: Malamar\n|-damage|p2a: Malamar|0 fnt\n|faint|p2a: Malamar\n|-damage|p1a: Azelf|157/257|[from] item: Life Orb\n|\n|upkeep\n|\n|t:|1783559465\n|switch|p2a: Dipplin|Dipplin, L88, M|40/100\n|turn|24\n|inactive|Time left: 300 sec this turn | 300 sec total\n|\n|t:|1783559466\n|move|p1a: Azelf|Psyshock|p2a: Dipplin\n|-damage|p2a: Dipplin|0 fnt\n|faint|p2a: Dipplin\n|-damage|p1a: Azelf|132/257|[from] item: Life Orb\n|\n|upkeep\n|\n|t:|1783559467\n|switch|p2a: Thundurus|Thundurus-Therian, L80, M|73/100\n|turn|25\n|inactive|Time left: 300 sec this turn | 300 sec total\n|\n|t:|1783559468\n|move|p1a: Azelf|Psyshock|p2a: Thundurus\n|-damage|p2a: Thundurus|0 fnt\n|faint|p2a: Thundurus\n|-damage|p1a: Azelf|107/257|[from] item: Life Orb\n|\n|upkeep\n|\n|t:|1783559469\n|switch|p2a: Charizard|Charizard, L85, M|57/100\n|turn|26\n|inactive|Time left: 300 sec this turn | 300 sec total\n|\n|t:|1783559470\n|move|p1a: Azelf|Psyshock|p2a: Charizard\n|-damage|p2a: Charizard|0 fnt\n|faint|p2a: Charizard\n|-damage|p1a: Azelf|82/257|[from] item: Life Orb\n|\n|win|p0x167663cd", "uploadtime": 1783559470, "views": 0, "rating": 0, "private": 0, "password": null, "_winner": "p0x167663cd", "_our_name": "p0x167663cd"}