{"id": "battle-gen9randombattle-1405", "formatid": "gen9randombattle", "format": "[Gen 9] Random Battle", "players": ["p0x1405ea68", "p0y140522f4"], "log": "|init|battle\n|title|p0x1405ea68 vs. p0y140522f4\n|j|\u2606p0x1405ea68\n|j|\u2606p0y140522f4\n|t:|1783556339\n|gametype|singles\n|player|p1|p0x1405ea68|170|\n|player|p2|p0y140522f4|2|\n|gen|9\n|tier|[Gen 9] Random Battle\n|rule|Species Clause: Limit one of each Pok\u00e9mon\n|rule|HP Percentage Mod: HP is shown in percentages\n|rule|Sleep Clause Mod: Limit one foe put to sleep\n|rule|Illusion Level Mod: Illusion disguises the Pok\u00e9mon's true level\n|\n|t:|1783556339\n|teamsize|p1|6\n|teamsize|p2|6\n|start\n|switch|p1a: Rhydon|Rhydon, L85, M|317/317\n|switch|p2a: Dedenne|Dedenne, L88, M|100/100\n|turn|1\n|inactive|Battle timer is ON: inactive players will automatically lose when time's up. (requested by p0y140522f4)\n|inactive|Time left: 300 sec this turn | 300 sec total | 60 sec grace\n|inactive|p0x1405ea68 also wants the timer to be on.\n|\n|t:|1783556341\n|switch|p2a: Crabominable|Crabominable, L90, M|100/100\n|move|p1a: Rhydon|Earthquake|p2a: Crabominable\n|-damage|p2a: Crabominable|58/100\n|\n|upkeep\n|turn|2\n|inactive|Time left: 300 sec this turn | 300 sec total\n|\n|t:|1783556343\n|move|p2a: Crabominable|Drain Punch|p1a: Rhydon\n|-supereffective|p1a: Rhydon\n|-damage|p1a: Rhydon|171/317\n|-heal|p2a: Crabominable|81/100|[from] drain|[of] p1a: Rhydon\n|move|p1a: Rhydon|Earthquake|p2a: Crabominable\n|-crit|p2a: Crabominable\n|-damage|p2a: Crabominable|17/100\n|\n|upkeep\n|turn|3\n|inactive|Time left: 300 sec this turn | 300 sec total\n|\n|t:|1783556344\n|switch|p1a: Spidops|Spidops, L96, M|271/271\n|move|p2a: Crabominable|Ice Hammer|p1a: Spidops\n|-damage|p1a: Spidops|105/271\n|-unboost|p2a: Crabominable|spe|1\n|\n|upkeep\n|turn|4\n|inactive|Time left: 300 sec this turn | 300 sec total\n|\n|t:|1783556345\n|move|p1a: Spidops|Sticky Web|p2a: Crabominable\n|-sidestart|p2: p0y140522f4|move: Sticky Web\n|move|p2a: Crabominable|Ice Hammer|p1a: Spidops\n|-damage|p1a: Spidops|0 fnt\n|-unboost|p2a: Crabominable|spe|1\n|faint|p1a: Spidops\n|\n|upkeep\n|inactive|Time left: 300 sec this turn | 300 sec total | 5 sec grace\n|\n|t:|1783556346\n|switch|p1a: Rhydon|Rhydon, L85, M|171/317\n|turn|5\n|inactive|Time left: 300 sec this turn | 300 sec total\n|\n|t:|1783556347\n|move|p1a: Rhydon|Earthquake|p2a: Crabominable\n|-damage|p2a: Crabominable|0 fnt\n|faint|p2a: Crabominable\n|\n|upkeep\n|\n|t:|1783556348\n|switch|p2a: Volcanion|Volcanion, L79|100/100\n|-activate|p2a: Volcanion|move: Sticky Web\n|-unboost|p2a: Volcanion|spe|1\n|turn|6\n|inactive|Time left: 300 sec this turn | 300 sec total\n|\n|t:|1783556349\n|move|p1a: Rhydon|Earthquake|p2a: Volcanion\n|-supereffective|p2a: Volcanion\n|-damage|p2a: Volcanion|4/100\n|move|p2a: Volcanion|Steam Eruption|p1a: Rhydon\n|-supereffective|p1a: Rhydon\n|-damage|p1a: Rhydon|0 fnt\n|faint|p1a: Rhydon\n|\n|upkeep\n|inactive|Time left: 300 sec this turn | 300 sec total | 5 sec grace\n|\n|t:|1783556350\n|switch|p1a: Cetitan|Cetitan, L82, M|412/412\n|turn|7\n|inactive|Time left: 300 sec this turn | 300 sec total\n|\n|t:|1783556351\n|move|p1a: Cetitan|Earthquake|p2a: Volcanion\n|-supereffective|p2a: Volcanion\n|-damage|p2a: Volcanion|0 fnt\n|faint|p2a: Volcanion\n|\n|upkeep\n|\n|t:|1783556352\n|switch|p2a: Illumise|Illumise, L91, F|100/100\n|turn|8\n|inactive|Time left: 300 sec this turn | 300 sec total\n|\n|t:|1783556353\n|move|p2a: Illumise|Bug Buzz|p1a: Cetitan\n|-damage|p1a: Cetitan|282/412\n|move|p1a: Cetitan|Ice Spinner|p2a: Illumise\n|-damage|p2a: Illumise|62/100\n|\n|upkeep\n|turn|9\n|inactive|Time left: 300 sec this turn | 300 sec total\n|\n|t:|1783556354\n|move|p2a: Illumise|Bug Buzz|p1a: Cetitan\n|-damage|p1a: Cetitan|153/412\n|-enditem|p1a: Cetitan|Sitrus Berry|[eat]\n|-heal|p1a: Cetitan|256/412|[from] item: Sitrus Berry\n|move|p1a: Cetitan|Ice Spinner|p2a: Illumise\n|-damage|p2a: Illumise|26/100\n|\n|upkeep\n|turn|10\n|inactive|Time left: 300 sec this turn | 300 sec total\n|\n|t:|1783556355\n|move|p2a: Illumise|Roost|p2a: Illumise\n|-heal|p2a: Illumise|76/100\n|-singleturn|p2a: Illumise|move: Roost\n|move|p1a: Cetitan|Ice Spinner|p2a: Illumise\n|-damage|p2a: Illumise|41/100\n|\n|upkeep\n|turn|11\n|inactive|Time left: 300 sec this turn | 300 sec total\n|\n|t:|1783556356\n|move|p2a: Illumise|Roost|p2a: Illumise\n|-heal|p2a: Illumise|91/100\n|-singleturn|p2a: Illumise|move: Roost\n|move|p1a: Cetitan|Ice Spinner|p2a: Illumise\n|-damage|p2a: Illumise|55/100\n|\n|upkeep\n|turn|12\n|inactive|Time left: 300 sec this turn | 300 sec total\n|\n|t:|1783556357\n|move|p2a: Illumise|Bug Buzz|p1a: Cetitan\n|-damage|p1a: Cetitan|129/412\n|move|p1a: Cetitan|Ice Spinner|p2a: Illumise\n|-damage|p2a: Illumise|19/100\n|\n|upkeep\n|turn|13\n|inactive|Time left: 300 sec this turn | 300 sec total\n|\n|t:|1783556358\n|move|p2a: Illumise|Roost|p2a: Illumise\n|-heal|p2a: Illumise|69/100\n|-singleturn|p2a: Illumise|move: Roost\n|move|p1a: Cetitan|Ice Spinner|p2a: Illumise\n|-damage|p2a: Illumise|32/100\n|\n|upkeep\n|turn|14\n|inactive|Time left: 300 sec this turn | 300 sec total\n|\n|t:|1783556359\n|move|p2a: Illumise|Roost|p2a: Illumise\n|-heal|p2a: Illumise|82/100\n|-singleturn|p2a: Illumise|move: Roost\n|move|p1a: Cetitan|Ice Spinner|p2a: Illumise\n|-damage|p2a: Illumise|46/100\n|\n|upkeep\n|turn|15\n|inactive|Time left: 300 sec this turn | 300 sec total\n|\n|t:|1783556360\n|move|p2a: Illumise|Roost|p2a: Illumise\n|-heal|p2a: Illumise|96/100\n|-singleturn|p2a: Illumise|move: Roost\n|move|p1a: Cetitan|Ice Spinner|p2a: Illumise\n|-damage|p2a: Illumise|63/100\n|\n|upkeep\n|turn|16\n|inactive|Time left: 300 sec this turn | 300 sec total\n|\n|t:|1783556361\n|move|p2a: Illumise|Bug Buzz|p1a: Cetitan\n|-damage|p1a: Cetitan|0 fnt\n|faint|p1a: Cetitan\n|\n|upkeep\n|inactive|Time left: 300 sec this turn | 300 sec total | 5 sec grace\n|\n|t:|1783556362\n|switch|p1a: Tauros|Tauros-Paldea-Blaze, L81, M|252/252\n|turn|17\n|inactive|Time left: 300 sec this turn | 300 sec total\n|\n|t:|1783556363\n|move|p2a: Illumise|Thunder Wave|p1a: Tauros\n|-status|p1a: Tauros|par\n|move|p1a: Tauros|Raging Bull|p2a: Illumise\n|-supereffective|p2a: Illumise\n|-damage|p2a: Illumise|0 fnt\n|faint|p2a: Illumise\n|\n|upkeep\n|\n|t:|1783556364\n|switch|p2a: Dedenne|Dedenne, L88, M|100/100\n|-activate|p2a: Dedenne|move: Sticky Web\n|-unboost|p2a: Dedenne|spe|1\n|turn|18\n|inactive|Time left: 300 sec this turn | 300 sec total\n|\n|t:|1783556365\n|move|p2a: Dedenne|Super Fang|p1a: Tauros\n|-damage|p1a: Tauros|126/252 par\n|-enditem|p1a: Tauros|Sitrus Berry|[eat]\n|-heal|p1a: Tauros|189/252 par|[from] item: Sitrus Berry\n|move|p1a: Tauros|Raging Bull|p2a: Dedenne\n|-damage|p2a: Dedenne|52/100\n|\n|upkeep\n|turn|19\n|inactive|Time left: 300 sec this turn | 300 sec total\n|\n|t:|1783556366\n|move|p2a: Dedenne|Thunderbolt|p1a: Tauros\n|-damage|p1a: Tauros|83/252 par\n|move|p1a: Tauros|Raging Bull|p2a: Dedenne\n|-damage|p2a: Dedenne|7/100\n|-enditem|p2a: Dedenne|Sitrus Berry|[eat]\n|-heal|p2a: Dedenne|32/100|[from] item: Sitrus Berry\n|-heal|p2a: Dedenne|65/100|[from] ability: Cheek Pouch\n|\n|-activate|p1a: Tauros|ability: Cud Chew\n|-enditem|p1a: Tauros|Sitrus Berry|[eat]\n|-heal|p1a: Tauros|146/252 par|[from] item: Sitrus Berry\n|upkeep\n|turn|20\n|inactive|Time left: 300 sec this turn | 300 sec total\n|\n|t:|1783556367\n|move|p2a: Dedenne|Thunderbolt|p1a: Tauros\n|-damage|p1a: Tauros|38/252 par\n|move|p1a: Tauros|Raging Bull|p2a: Dedenne\n|-damage|p2a: Dedenne|17/100\n|\n|upkeep\n|turn|21\n|inactive|Time left: 300 sec this turn | 300 sec total\n|\n|t:|1783556368\n|move|p2a: Dedenne|Dazzling Gleam|p1a: Tauros\n|-damage|p1a: Tauros|0 fnt\n|faint|p1a: Tauros\n|\n|upkeep\n|inactive|Time left: 300 sec this turn | 300 sec total | 5 sec grace\n|\n|t:|1783556369\n|switch|p1a: Milotic|Milotic, L83, M|293/293\n|turn|22\n|inactive|Time left: 300 sec this turn | 300 sec total\n|\n|t:|1783556370\n|move|p1a: Milotic|Ice Beam|p2a: Dedenne\n|-damage|p2a: Dedenne|0 fnt\n|faint|p2a: Dedenne\n|\n|upkeep\n|\n|t:|1783556371\n|switch|p2a: Roaring Moon|Roaring Moon, L72|100/100\n|-activate|p2a: Roaring Moon|move: Sticky Web\n|-unboost|p2a: Roaring Moon|spe|1\n|turn|23\n|inactive|Time left: 300 sec this turn | 300 sec total\n|\n|t:|1783556372\n|move|p1a: Milotic|Ice Beam|p2a: Roaring Moon\n|-supereffective|p2a: Roaring Moon\n|-damage|p2a: Roaring Moon|49/100\n|move|p2a: Roaring Moon|Knock Off|p1a: Milotic\n|-damage|p1a: Milotic|173/293\n|-enditem|p1a: Milotic|Leftovers|[from] move: Knock Off|[of] p2a: Roaring Moon\n|\n|upkeep\n|turn|24\n|inactive|Time left: 300 sec this turn | 300 sec total\n|\n|t:|1783556374\n|-end|p2a: Roaring Moon|Protosynthesis|[silent]\n|switch|p2a: Toxapex|Toxapex, L82, M|100/100\n|-activate|p2a: Toxapex|move: Sticky Web\n|-unboost|p2a: Toxapex|spe|1\n|move|p1a: Milotic|Ice Beam|p2a: Toxapex\n|-resisted|p2a: Toxapex\n|-damage|p2a: Toxapex|90/100\n|\n|-heal|p2a: Toxapex|96/100|[from] item: Leftovers\n|upkeep\n|turn|25\n|inactive|Time left: 300 sec this turn | 300 sec total\n|\n|t:|1783556375\n|move|p1a: Milotic|Recover|p1a: Milotic\n|-heal|p1a: Milotic|293/293\n|move|p2a: Toxapex|Haze|p2a: Toxapex\n|-clearallboost\n|\n|-heal|p2a: Toxapex|100/100|[from] item: Leftovers\n|upkeep\n|turn|26\n|inactive|Time left: 300 sec this turn | 300 sec total\n|\n|t:|1783556375\n|move|p1a: Milotic|Scald|p2a: Toxapex\n|-resisted|p2a: Toxapex\n|-damage|p2a: Toxapex|88/100\n|move|p2a: Toxapex|Toxic Spikes|p1a: Milotic\n|-sidestart|p1: p0x1405ea68|move: Toxic Spikes\n|\n|-heal|p2a: Toxapex|94/100|[from] item: Leftovers\n|upkeep\n|turn|27\n|inactive|Time left: 300 sec this turn | 300 sec total\n|\n|t:|1783556376\n|move|p1a: Milotic|Ice Beam|p2a: Toxapex\n|-resisted|p2a: Toxapex\n|-damage|p2a: Toxapex|84/100\n|move|p2a: Toxapex|Toxic Spikes|p1a: Milotic\n|-sidestart|p1: p0x1405ea68|move: Toxic Spikes\n|\n|-heal|p2a: Toxapex|90/100|[from] item: Leftovers\n|upkeep\n|turn|28\n|inactive|Time left: 300 sec this turn | 300 sec total\n|\n|t:|1783556378\n|move|p1a: Milotic|Scald|p2a: Toxapex\n|-resisted|p2a: Toxapex\n|-damage|p2a: Toxapex|75/100\n|-status|p2a: Toxapex|brn\n|move|p2a: Toxapex|Liquidation|p1a: Milotic\n|-resisted|p1a: Milotic\n|-damage|p1a: Milotic|277/293\n|\n|-heal|p2a: Toxapex|81/100 brn|[from] item: Leftovers\n|-damage|p2a: Toxapex|75/100 brn|[from] brn\n|upkeep\n|turn|29\n|inactive|Time left: 300 sec this turn | 300 sec total\n|\n|t:|1783556379\n|move|p1a: Milotic|Ice Beam|p2a: Toxapex\n|-resisted|p2a: Toxapex\n|-damage|p2a: Toxapex|63/100 brn\n|move|p2a: Toxapex|Recover|p2a: Toxapex\n|-heal|p2a: Toxapex|100/100 brn\n|\n|-damage|p2a: Toxapex|94/100 brn|[from] brn\n|upkeep\n|turn|30\n|inactive|Time left: 300 sec this turn | 300 sec total\n|\n|t:|1783556380\n|move|p1a: Milotic|Ice Beam|p2a: Toxapex\n|-resisted|p2a: Toxapex\n|-damage|p2a: Toxapex|83/100 brn\n|move|p2a: Toxapex|Recover|p2a: Toxapex\n|-heal|p2a: Toxapex|100/100 brn\n|\n|-damage|p2a: Toxapex|94/100 brn|[from] brn\n|upkeep\n|turn|31\n|inactive|Time left: 300 sec this turn | 300 sec total\n|\n|t:|1783556381\n|move|p1a: Milotic|Ice Beam|p2a: Toxapex\n|-resisted|p2a: Toxapex\n|-damage|p2a: Toxapex|84/100 brn\n|move|p2a: Toxapex|Haze|p2a: Toxapex\n|-clearallboost\n|\n|-heal|p2a: Toxapex|90/100 brn|[from] item: Leftovers\n|-damage|p2a: Toxapex|84/100 brn|[from] brn\n|upkeep\n|turn|32\n|inactive|Time left: 300 sec this turn | 300 sec total\n|\n|t:|1783556382\n|move|p1a: Milotic|Ice Beam|p2a: Toxapex\n|-resisted|p2a: Toxapex\n|-damage|p2a: Toxapex|73/100 brn\n|move|p2a: Toxapex|Recover|p2a: Toxapex\n|-heal|p2a: Toxapex|100/100 brn\n|\n|-damage|p2a: Toxapex|94/100 brn|[from] brn\n|upkeep\n|turn|33\n|inactive|Time left: 300 sec this turn | 300 sec total\n|\n|t:|1783556382\n|move|p1a: Milotic|Ice Beam|p2a: Toxapex\n|-resisted|p2a: Toxapex\n|-damage|p2a: Toxapex|85/100 brn\n|move|p2a: Toxapex|Toxic Spikes||[still]\n|-fail|p2a: Toxapex\n|\n|-heal|p2a: Toxapex|91/100 brn|[from] item: Leftovers\n|-damage|p2a: Toxapex|85/100 brn|[from] brn\n|upkeep\n|turn|34\n|inactive|Time left: 300 sec this turn | 300 sec total\n|\n|t:|1783556383\n|move|p1a: Milotic|Ice Beam|p2a: Toxapex\n|-resisted|p2a: Toxapex\n|-damage|p2a: Toxapex|74/100 brn\n|move|p2a: Toxapex|Recover|p2a: Toxapex\n|-heal|p2a: Toxapex|100/100 brn\n|\n|-damage|p2a: Toxapex|94/100 brn|[from] brn\n|upkeep\n|turn|35\n|inactive|Time left: 300 sec this turn | 300 sec total\n|\n|t:|1783556385\n|move|p1a: Milotic|Ice Beam|p2a: Toxapex\n|-resisted|p2a: Toxapex\n|-damage|p2a: Toxapex|84/100 brn\n|move|p2a: Toxapex|Recover|p2a: Toxapex\n|-heal|p2a: Toxapex|100/100 brn\n|\n|-damage|p2a: Toxapex|94/100 brn|[from] brn\n|upkeep\n|turn|36\n|inactive|Time left: 300 sec this turn | 300 sec total\n|\n|t:|1783556386\n|move|p1a: Milotic|Ice Beam|p2a: Toxapex\n|-resisted|p2a: Toxapex\n|-damage|p2a: Toxapex|83/100 brn\n|move|p2a: Toxapex|Recover|p2a: Toxapex\n|-heal|p2a: Toxapex|100/100 brn\n|\n|-damage|p2a: Toxapex|94/100 brn|[from] brn\n|upkeep\n|turn|37\n|inactive|Time left: 300 sec this turn | 300 sec total\n|\n|t:|1783556387\n|move|p1a: Milotic|Ice Beam|p2a: Toxapex\n|-resisted|p2a: Toxapex\n|-damage|p2a: Toxapex|85/100 brn\n|move|p2a: Toxapex|Toxic Spikes||[still]\n|-fail|p2a: Toxapex\n|\n|-heal|p2a: Toxapex|91/100 brn|[from] item: Leftovers\n|-damage|p2a: Toxapex|85/100 brn|[from] brn\n|upkeep\n|turn|38\n|inactive|Time left: 300 sec this turn | 300 sec total\n|\n|t:|1783556388\n|move|p1a: Milotic|Ice Beam|p2a: Toxapex\n|-resisted|p2a: Toxapex\n|-damage|p2a: Toxapex|75/100 brn\n|move|p2a: Toxapex|Recover|p2a: Toxapex\n|-heal|p2a: Toxapex|100/100 brn\n|\n|-damage|p2a: Toxapex|94/100 brn|[from] brn\n|upkeep\n|turn|39\n|inactive|Time left: 300 sec this turn | 300 sec total\n|\n|t:|1783556389\n|move|p1a: Milotic|Ice Beam|p2a: Toxapex\n|-resisted|p2a: Toxapex\n|-damage|p2a: Toxapex|84/100 brn\n|move|p2a: Toxapex|Recover|p2a: Toxapex\n|-heal|p2a: Toxapex|100/100 brn\n|\n|-damage|p2a: Toxapex|94/100 brn|[from] brn\n|upkeep\n|turn|40\n|inactive|Time left: 300 sec this turn | 300 sec total\n|\n|t:|1783556390\n|move|p1a: Milotic|Scald|p2a: Toxapex\n|-resisted|p2a: Toxapex\n|-damage|p2a: Toxapex|81/100 brn\n|move|p2a: Toxapex|Toxic Spikes||[still]\n|-fail|p2a: Toxapex\n|\n|-heal|p2a: Toxapex|87/100 brn|[from] item: Leftovers\n|-damage|p2a: Toxapex|81/100 brn|[from] brn\n|upkeep\n|turn|41\n|inactive|Time left: 300 sec this turn | 300 sec total\n|\n|t:|1783556391\n|move|p1a: Milotic|Ice Beam|p2a: Toxapex\n|-resisted|p2a: Toxapex\n|-damage|p2a: Toxapex|70/100 brn\n|move|p2a: Toxapex|Liquidation|p1a: Milotic\n|-resisted|p1a: Milotic\n|-damage|p1a: Milotic|259/293\n|\n|-heal|p2a: Toxapex|76/100 brn|[from] item: Leftovers\n|-damage|p2a: Toxapex|70/100 brn|[from] brn\n|upkeep\n|turn|42\n|inactive|Time left: 300 sec this turn | 300 sec total\n|\n|t:|1783556392\n|switch|p2a: Roaring Moon|Roaring Moon, L72|49/100\n|-activate|p2a: Roaring Moon|move: Sticky Web\n|-unboost|p2a: Roaring Moon|spe|1\n|move|p1a: Milotic|Scald|p2a: Roaring Moon\n|-resisted|p2a: Roaring Moon\n|-damage|p2a: Roaring Moon|33/100\n|\n|upkeep\n|turn|43\n|inactive|Time left: 300 sec this turn | 300 sec total\n|\n|t:|1783556393\n|move|p1a: Milotic|Scald|p2a: Roaring Moon\n|-resisted|p2a: Roaring Moon\n|-damage|p2a: Roaring Moon|18/100\n|-status|p2a: Roaring Moon|brn\n|-enditem|p2a: Roaring Moon|Lum Berry|[eat]\n|-curestatus|p2a: Roaring Moon|brn|[msg]\n|move|p2a: Roaring Moon|Roost|p2a: Roaring Moon\n|-heal|p2a: Roaring Moon|68/100\n|-singleturn|p2a: Roaring Moon|move: Roost\n|\n|upkeep\n|turn|44\n|inactive|Time left: 300 sec this turn | 300 sec total\n|\n|t:|1783556395\n|move|p1a: Milotic|Scald|p2a: Roaring Moon\n|-resisted|p2a: Roaring Moon\n|-damage|p2a: Roaring Moon|52/100\n|move|p2a: Roaring Moon|Roost|p2a: Roaring Moon\n|-heal|p2a: Roaring Moon|100/100\n|-singleturn|p2a: Roaring Moon|move: Roost\n|\n|upkeep\n|turn|45\n|inactive|Time left: 300 sec this turn | 300 sec total\n|\n|t:|1783556396\n|move|p1a: Milotic|Scald|p2a: Roaring Moon\n|-resisted|p2a: Roaring Moon\n|-damage|p2a: Roaring Moon|85/100\n|-status|p2a: Roaring Moon|brn\n|move|p2a: Roaring Moon|Outrage|p1a: Milotic\n|-damage|p1a: Milotic|190/293\n|\n|-damage|p2a: Roaring Moon|79/100 brn|[from] brn\n|upkeep\n|turn|46\n|inactive|Time left: 300 sec this turn | 300 sec total\n|\n|t:|1783556397\n|move|p1a: Milotic|Recover|p1a: Milotic\n|-heal|p1a: Milotic|293/293\n|move|p2a: Roaring Moon|Outrage|p1a: Milotic|[from] lockedmove\n|-damage|p1a: Milotic|225/293\n|\n|-damage|p2a: Roaring Moon|73/100 brn|[from] brn\n|upkeep\n|turn|47\n|inactive|Time left: 300 sec this turn | 300 sec total\n|\n|t:|1783556398\n|move|p1a: Milotic|Recover|p1a: Milotic\n|-heal|p1a: Milotic|293/293\n|move|p2a: Roaring Moon|Outrage|p1a: Milotic|[from] lockedmove\n|-damage|p1a: Milotic|230/293\n|-start|p2a: Roaring Moon|confusion|[fatigue]\n|\n|-damage|p2a: Roaring Moon|67/100 brn|[from] brn\n|upkeep\n|turn|48\n|inactive|Time left: 300 sec this turn | 300 sec total\n|\n|t:|1783556399\n|move|p1a: Milotic|Recover|p1a: Milotic\n|-heal|p1a: Milotic|293/293\n|-activate|p2a: Roaring Moon|confusion\n|-damage|p2a: Roaring Moon|54/100 brn|[from] confusion\n|\n|-damage|p2a: Roaring Moon|48/100 brn|[from] brn\n|upkeep\n|turn|49\n|inactive|Time left: 300 sec this turn | 300 sec total\n|\n|t:|1783556400\n|move|p1a: Milotic|Scald|p2a: Roaring Moon\n|-resisted|p2a: Roaring Moon\n|-damage|p2a: Roaring Moon|30/100 brn\n|-activate|p2a: Roaring Moon|confusion\n|move|p2a: Roaring Moon|Outrage|p1a: Milotic\n|-damage|p1a: Milotic|224/293\n|\n|-damage|p2a: Roaring Moon|25/100 brn|[from] brn\n|upkeep\n|turn|50\n|inactive|Time left: 300 sec this turn | 300 sec total\n|\n|t:|1783556401\n|move|p1a: Milotic|Scald|p2a: Roaring Moon\n|-resisted|p2a: Roaring Moon\n|-damage|p2a: Roaring Moon|7/100 brn\n|-activate|p2a: Roaring Moon|confusion\n|-damage|p2a: Roaring Moon|0 fnt|[from] confusion\n|faint|p2a: Roaring Moon\n|-end|p2a: Roaring Moon|Protosynthesis|[silent]\n|\n|upkeep\n|\n|t:|1783556402\n|switch|p2a: Toxapex|Toxapex, L82, M|100/100 brn\n|-activate|p2a: Toxapex|move: Sticky Web\n|-unboost|p2a: Toxapex|spe|1\n|turn|51\n|inactive|Time left: 300 sec this turn | 300 sec total\n|\n|t:|1783556403\n|move|p1a: Milotic|Scald|p2a: Toxapex\n|-resisted|p2a: Toxapex\n|-damage|p2a: Toxapex|87/100 brn\n|move|p2a: Toxapex|Haze|p2a: Toxapex\n|-clearallboost\n|\n|-heal|p2a: Toxapex|93/100 brn|[from] item: Leftovers\n|-damage|p2a: Toxapex|87/100 brn|[from] brn\n|upkeep\n|turn|52\n|inactive|Time left: 300 sec this turn | 300 sec total\n|\n|t:|1783556404\n|move|p1a: Milotic|Recover|p1a: Milotic\n|-heal|p1a: Milotic|293/293\n|move|p2a: Toxapex|Toxic Spikes||[still]\n|-fail|p2a: Toxapex\n|\n|-heal|p2a: Toxapex|93/100 brn|[from] item: Leftovers\n|-damage|p2a: Toxapex|87/100 brn|[from] brn\n|upkeep\n|turn|53\n|inactive|Time left: 300 sec this turn | 300 sec total\n|\n|t:|1783556405\n|move|p1a: Milotic|Scald|p2a: Toxapex\n|-resisted|p2a: Toxapex\n|-damage|p2a: Toxapex|73/100 brn\n|move|p2a: Toxapex|Haze|p2a: Toxapex\n|-clearallboost\n|\n|-heal|p2a: Toxapex|79/100 brn|[from] item: Leftovers\n|-damage|p2a: Toxapex|73/100 brn|[from] brn\n|upkeep\n|turn|54\n|inactive|Time left: 300 sec this turn | 300 sec total\n|\n|t:|1783556407\n|switch|p1a: Sunflora|Sunflora, M|312/312\n|-status|p1a: Sunflora|tox\n|move|p2a: Toxapex|Liquidation|p1a: Sunflora\n|-resisted|p1a: Sunflora\n|-damage|p1a: Sunflora|295/312 tox\n|\n|-heal|p2a: Toxapex|79/100 brn|[from] item: Leftovers\n|-damage|p1a: Sunflora|276/312 tox|[from] psn\n|-damage|p2a: Toxapex|73/100 brn|[from] brn\n|upkeep\n|turn|55\n|inactive|Time left: 300 sec this turn | 300 sec total\n|\n|t:|1783556408\n|-terastallize|p2a: Toxapex|Fairy\n|move|p1a: Sunflora|Sunny Day|p1a: Sunflora\n|-weather|SunnyDay\n|move|p2a: Toxapex|Haze|p2a: Toxapex\n|-clearallboost\n|\n|-weather|SunnyDay|[upkeep]\n|-heal|p2a: Toxapex|79/100 brn|[from] item: Leftovers\n|-damage|p1a: Sunflora|238/312 tox|[from] psn\n|-damage|p2a: Toxapex|73/100 brn|[from] brn\n|upkeep\n|turn|56\n|inactive|Time left: 300 sec this turn | 300 sec total\n|\n|t:|1783556409\n|-terastallize|p1a: Sunflora|Fire\n|move|p1a: Sunflora|Weather Ball|p2a: Toxapex\n|-damage|p2a: Toxapex|0 fnt\n|faint|p2a: Toxapex\n|-damage|p1a: Sunflora|207/312 tox|[from] item: Life Orb\n|\n|win|p0x1405ea68", "uploadtime": 1783556409, "views": 0, "rating": 0, "private": 0, "password": null, "_winner": "p0x1405ea68", "_our_name": "p0x1405ea68"}