{"id": "battle-gen9randombattle-1585", "formatid": "gen9randombattle", "format": "[Gen 9] Random Battle", "players": ["p0x1585e02e", "p0y158511ae"], "log": "|init|battle\n|title|p0x1585e02e vs. p0y158511ae\n|j|\u2606p0x1585e02e\n|j|\u2606p0y158511ae\n|t:|1783558344\n|gametype|singles\n|player|p1|p0x1585e02e|265|\n|player|p2|p0y158511ae|2|\n|gen|9\n|tier|[Gen 9] Random Battle\n|rule|Species Clause: Limit one of each Pok\u00e9mon\n|rule|HP Percentage Mod: HP is shown in percentages\n|rule|Sleep Clause Mod: Limit one foe put to sleep\n|rule|Illusion Level Mod: Illusion disguises the Pok\u00e9mon's true level\n|\n|t:|1783558344\n|teamsize|p1|6\n|teamsize|p2|6\n|start\n|switch|p1a: Breloom|Breloom, L83, F|100/100\n|switch|p2a: Tyranitar|Tyranitar, L78, F|284/284\n|-weather|Sandstorm|[from] ability: Sand Stream|[of] p2a: Tyranitar\n|turn|1\n|inactive|Battle timer is ON: inactive players will automatically lose when time's up. (requested by p0y158511ae)\n|inactive|p0x1585e02e also wants the timer to be on.\n|\n|t:|1783558346\n|switch|p2a: Metagross|Metagross, L79|256/256\n|move|p1a: Breloom|Bullet Seed|p2a: Metagross\n|-resisted|p2a: Metagross\n|-damage|p2a: Metagross|233/256\n|-resisted|p2a: Metagross\n|-damage|p2a: Metagross|210/256\n|-resisted|p2a: Metagross\n|-damage|p2a: Metagross|183/256\n|-hitcount|p2a: Metagross|3\n|-damage|p1a: Breloom|91/100|[from] item: Life Orb\n|\n|-weather|Sandstorm|[upkeep]\n|-damage|p1a: Breloom|85/100|[from] Sandstorm\n|upkeep\n|turn|2\n|inactive|Time left: 300 sec this turn | 300 sec total\n|\n|t:|1783558347\n|move|p1a: Breloom|Spore|p2a: Metagross\n|-status|p2a: Metagross|slp|[from] move: Spore\n|cant|p2a: Metagross|slp\n|\n|-weather|Sandstorm|[upkeep]\n|-damage|p1a: Breloom|79/100|[from] Sandstorm\n|upkeep\n|turn|3\n|inactive|Time left: 300 sec this turn | 300 sec total\n|\n|t:|1783558348\n|move|p1a: Breloom|Bullet Seed|p2a: Metagross\n|-resisted|p2a: Metagross\n|-damage|p2a: Metagross|158/256 slp\n|-resisted|p2a: Metagross\n|-damage|p2a: Metagross|135/256 slp\n|-resisted|p2a: Metagross\n|-damage|p2a: Metagross|112/256 slp\n|-hitcount|p2a: Metagross|3\n|-damage|p1a: Breloom|69/100|[from] item: Life Orb\n|-curestatus|p2a: Metagross|slp|[msg]\n|move|p2a: Metagross|Heavy Slam|p1a: Breloom\n|-crit|p1a: Breloom\n|-damage|p1a: Breloom|0 fnt\n|faint|p1a: Breloom\n|\n|-weather|Sandstorm|[upkeep]\n|upkeep\n|\n|t:|1783558349\n|switch|p1a: Slaking|Slaking, L84, M|100/100\n|turn|4\n|inactive|Time left: 300 sec this turn | 300 sec total\n|\n|t:|1783558350\n|move|p1a: Slaking|Giga Impact|p2a: Metagross\n|-resisted|p2a: Metagross\n|-damage|p2a: Metagross|0 fnt\n|-mustrecharge|p1a: Slaking\n|faint|p2a: Metagross\n|\n|-weather|Sandstorm|[upkeep]\n|-damage|p1a: Slaking|94/100|[from] Sandstorm\n|upkeep\n|inactive|Time left: 300 sec this turn | 300 sec total | 5 sec grace\n|\n|t:|1783558351\n|switch|p2a: Tyranitar|Tyranitar, L78, F|284/284\n|turn|5\n|inactive|Time left: 300 sec this turn | 300 sec total\n|\n|t:|1783558353\n|cant|p1a: Slaking|recharge\n|move|p2a: Tyranitar|Knock Off|p1a: Slaking\n|-damage|p1a: Slaking|68/100\n|-enditem|p1a: Slaking|Choice Band|[from] move: Knock Off|[of] p2a: Tyranitar\n|\n|-weather|none\n|upkeep\n|turn|6\n|inactive|Time left: 300 sec this turn | 300 sec total\n|\n|t:|1783558354\n|move|p1a: Slaking|Giga Impact|p2a: Tyranitar\n|-resisted|p2a: Tyranitar\n|-damage|p2a: Tyranitar|173/284\n|-mustrecharge|p1a: Slaking\n|move|p2a: Tyranitar|Knock Off|p1a: Slaking\n|-damage|p1a: Slaking|48/100\n|\n|upkeep\n|turn|7\n|inactive|Time left: 300 sec this turn | 300 sec total\n|\n|t:|1783558355\n|switch|p2a: Torterra|Torterra, L78, M|276/276\n|cant|p1a: Slaking|recharge\n|\n|upkeep\n|turn|8\n|inactive|Time left: 300 sec this turn | 300 sec total\n|\n|t:|1783558357\n|move|p1a: Slaking|Giga Impact|p2a: Torterra\n|-damage|p2a: Torterra|65/276\n|-mustrecharge|p1a: Slaking\n|move|p2a: Torterra|Shell Smash|p2a: Torterra\n|-unboost|p2a: Torterra|def|1\n|-unboost|p2a: Torterra|spd|1\n|-boost|p2a: Torterra|atk|2\n|-boost|p2a: Torterra|spa|2\n|-boost|p2a: Torterra|spe|2\n|\n|upkeep\n|turn|9\n|inactive|Time left: 300 sec this turn | 300 sec total\n|\n|t:|1783558358\n|move|p2a: Torterra|Shell Smash|p2a: Torterra\n|-unboost|p2a: Torterra|def|1\n|-unboost|p2a: Torterra|spd|1\n|-boost|p2a: Torterra|atk|2\n|-boost|p2a: Torterra|spa|2\n|-boost|p2a: Torterra|spe|2\n|cant|p1a: Slaking|recharge\n|\n|upkeep\n|turn|10\n|inactive|Time left: 300 sec this turn | 300 sec total\n|\n|t:|1783558359\n|move|p2a: Torterra|Bullet Seed|p1a: Slaking\n|-damage|p1a: Slaking|21/100\n|-damage|p1a: Slaking|0 fnt\n|faint|p1a: Slaking\n|-hitcount|p1: Slaking|2\n|\n|upkeep\n|\n|t:|1783558360\n|switch|p1a: Ambipom|Ambipom, L84, F|100/100\n|turn|11\n|inactive|Time left: 300 sec this turn | 300 sec total\n|\n|t:|1783558361\n|move|p1a: Ambipom|Fake Out|p2a: Torterra\n|-damage|p2a: Torterra|0 fnt\n|faint|p2a: Torterra\n|\n|upkeep\n|inactive|Time left: 300 sec this turn | 300 sec total | 5 sec grace\n|\n|t:|1783558362\n|switch|p2a: Pelipper|Pelipper, L86, F|243/243\n|-weather|RainDance|[from] ability: Drizzle|[of] p2a: Pelipper\n|turn|12\n|inactive|Time left: 300 sec this turn | 300 sec total\n|\n|t:|1783558363\n|switch|p1a: Ampharos|Ampharos, L88, F|100/100\n|move|p2a: Pelipper|Weather Ball|p1a: Ampharos\n|-damage|p1a: Ampharos|47/100\n|\n|-weather|RainDance|[upkeep]\n|upkeep\n|turn|13\n|inactive|Time left: 300 sec this turn | 300 sec total\n|\n|t:|1783558364\n|move|p2a: Pelipper|Weather Ball|p1a: Ampharos\n|-damage|p1a: Ampharos|0 fnt\n|faint|p1a: Ampharos\n|\n|-weather|RainDance|[upkeep]\n|upkeep\n|\n|t:|1783558365\n|switch|p1a: Iron Hands|Iron Hands, L79|100/100\n|turn|14\n|inactive|Time left: 300 sec this turn | 300 sec total\n|\n|t:|1783558366\n|-terastallize|p2a: Pelipper|Water\n|move|p2a: Pelipper|Weather Ball|p1a: Iron Hands\n|-crit|p1a: Iron Hands\n|-damage|p1a: Iron Hands|0 fnt\n|faint|p1a: Iron Hands\n|-end|p1a: Iron Hands|Quark Drive|[silent]\n|\n|-weather|RainDance|[upkeep]\n|upkeep\n|\n|t:|1783558367\n|switch|p1a: Ambipom|Ambipom, L84, F|100/100\n|turn|15\n|inactive|Time left: 300 sec this turn | 300 sec total\n|\n|t:|1783558368\n|move|p1a: Ambipom|Fake Out|p2a: Pelipper\n|-damage|p2a: Pelipper|170/243\n|cant|p2a: Pelipper|flinch\n|\n|-weather|RainDance|[upkeep]\n|upkeep\n|turn|16\n|inactive|Time left: 300 sec this turn | 300 sec total\n|\n|t:|1783558369\n|-terastallize|p1a: Ambipom|Normal\n|move|p1a: Ambipom|Double-Edge|p2a: Pelipper\n|-damage|p2a: Pelipper|0 fnt\n|faint|p2a: Pelipper\n|-damage|p1a: Ambipom|79/100|[from] Recoil\n|\n|-weather|none\n|upkeep\n|inactive|Time left: 300 sec this turn | 300 sec total | 5 sec grace\n|\n|t:|1783558369\n|switch|p2a: Deoxys|Deoxys-Speed, L82|216/216\n|-ability|p2a: Deoxys|Pressure\n|turn|17\n|inactive|Time left: 300 sec this turn | 300 sec total\n|\n|t:|1783558370\n|move|p2a: Deoxys|Superpower|p1a: Ambipom\n|-supereffective|p1a: Ambipom\n|-damage|p1a: Ambipom|0 fnt\n|-unboost|p2a: Deoxys|atk|1\n|-unboost|p2a: Deoxys|def|1\n|faint|p1a: Ambipom\n|-damage|p2a: Deoxys|195/216|[from] item: Life Orb\n|\n|upkeep\n|\n|t:|1783558371\n|switch|p1a: Bombirdier|Bombirdier, L85, M|100/100\n|turn|18\n|inactive|Time left: 300 sec this turn | 300 sec total\n|\n|t:|1783558372\n|move|p2a: Deoxys|Superpower|p1a: Bombirdier\n|-damage|p1a: Bombirdier|71/100\n|-unboost|p2a: Deoxys|atk|1\n|-unboost|p2a: Deoxys|def|1\n|-damage|p2a: Deoxys|174/216|[from] item: Life Orb\n|move|p1a: Bombirdier|U-turn|p2a: Deoxys\n|-supereffective|p2a: Deoxys\n|-damage|p2a: Deoxys|0 fnt\n|faint|p2a: Deoxys\n|\n|upkeep\n|inactive|Time left: 300 sec this turn | 300 sec total | 5 sec grace\n|\n|t:|1783558373\n|switch|p2a: Kilowattrel|Kilowattrel, L83, M|252/252\n|turn|19\n|inactive|Time left: 300 sec this turn | 300 sec total\n|\n|t:|1783558374\n|move|p2a: Kilowattrel|Thunderbolt|p1a: Bombirdier\n|-supereffective|p1a: Bombirdier\n|-damage|p1a: Bombirdier|0 fnt\n|faint|p1a: Bombirdier\n|\n|win|p0y158511ae", "uploadtime": 1783558374, "views": 0, "rating": 0, "private": 0, "password": null, "_winner": "p0y158511ae", "_our_name": "p0y158511ae"}