{"id": "battle-gen9randombattle-2699", "formatid": "gen9randombattle", "format": "[Gen 9] Random Battle", "players": ["p0x26991ce8", "p0y2699fa95"], "log": "|init|battle\n|title|p0x26991ce8 vs. p0y2699fa95\n|j|\u2606p0x26991ce8\n|j|\u2606p0y2699fa95\n|t:|1783571123\n|gametype|singles\n|player|p1|p0x26991ce8|170|\n|player|p2|p0y2699fa95|266|\n|gen|9\n|tier|[Gen 9] Random Battle\n|rule|Species Clause: Limit one of each Pok\u00e9mon\n|rule|HP Percentage Mod: HP is shown in percentages\n|rule|Sleep Clause Mod: Limit one foe put to sleep\n|rule|Illusion Level Mod: Illusion disguises the Pok\u00e9mon's true level\n|\n|t:|1783571123\n|teamsize|p1|6\n|teamsize|p2|6\n|start\n|switch|p1a: Haxorus|Haxorus, L77, F|244/244\n|switch|p2a: Leavanny|Leavanny, L86, M|100/100\n|-ability|p1a: Haxorus|Mold Breaker\n|turn|1\n|inactive|Battle timer is ON: inactive players will automatically lose when time's up. (requested by p0y2699fa95)\n|inactive|Time left: 300 sec this turn | 300 sec total | 60 sec grace\n|inactive|p0x26991ce8 also wants the timer to be on.\n|\n|t:|1783571124\n|move|p2a: Leavanny|Sticky Web|p1a: Haxorus\n|-sidestart|p1: p0x26991ce8|move: Sticky Web\n|move|p1a: Haxorus|Swords Dance|p1a: Haxorus\n|-boost|p1a: Haxorus|atk|2\n|\n|upkeep\n|turn|2\n|inactive|Time left: 300 sec this turn | 300 sec total\n|\n|t:|1783571125\n|move|p2a: Leavanny|Triple Axel|p1a: Haxorus\n|-supereffective|p1a: Haxorus\n|-damage|p1a: Haxorus|208/244\n|-supereffective|p1a: Haxorus\n|-damage|p1a: Haxorus|140/244\n|-supereffective|p1a: Haxorus\n|-damage|p1a: Haxorus|44/244\n|-hitcount|p1a: Haxorus|3\n|move|p1a: Haxorus|Scale Shot|p2a: Leavanny\n|-damage|p2a: Leavanny|78/100\n|-damage|p2a: Leavanny|54/100\n|-damage|p2a: Leavanny|29/100\n|-damage|p2a: Leavanny|4/100\n|-damage|p2a: Leavanny|0 fnt\n|faint|p2a: Leavanny\n|-hitcount|p2: Leavanny|5\n|-unboost|p1a: Haxorus|def|1\n|-boost|p1a: Haxorus|spe|1\n|\n|upkeep\n|\n|t:|1783571126\n|switch|p2a: Sinistcha|Sinistcha, L83|100/100\n|turn|3\n|inactive|Time left: 300 sec this turn | 300 sec total\n|\n|t:|1783571127\n|move|p1a: Haxorus|Scale Shot|p2a: Sinistcha\n|-damage|p2a: Sinistcha|77/100\n|-damage|p2a: Sinistcha|57/100\n|-damage|p2a: Sinistcha|36/100\n|-damage|p2a: Sinistcha|15/100\n|-hitcount|p2a: Sinistcha|4\n|-unboost|p1a: Haxorus|def|1\n|-boost|p1a: Haxorus|spe|1\n|move|p2a: Sinistcha|Matcha Gotcha|p1a: Haxorus\n|-resisted|p1a: Haxorus\n|-damage|p1a: Haxorus|0 fnt\n|-heal|p2a: Sinistcha|23/100|[from] drain|[of] p1a: Haxorus\n|faint|p1a: Haxorus\n|\n|-heal|p2a: Sinistcha|29/100|[from] item: Leftovers\n|upkeep\n|inactive|Time left: 300 sec this turn | 300 sec total | 5 sec grace\n|\n|t:|1783571128\n|switch|p1a: Masquerain|Masquerain, L87, F|264/264\n|-ability|p1a: Masquerain|Intimidate|boost\n|-unboost|p2a: Sinistcha|atk|1\n|turn|4\n|inactive|Time left: 300 sec this turn | 300 sec total\n|\n|t:|1783571129\n|move|p1a: Masquerain|Quiver Dance|p1a: Masquerain\n|-boost|p1a: Masquerain|spa|1\n|-boost|p1a: Masquerain|spd|1\n|-boost|p1a: Masquerain|spe|1\n|move|p2a: Sinistcha|Strength Sap|p1a: Masquerain\n|-unboost|p1a: Masquerain|atk|1\n|-heal|p2a: Sinistcha|72/100\n|\n|-heal|p2a: Sinistcha|78/100|[from] item: Leftovers\n|upkeep\n|turn|5\n|inactive|Time left: 300 sec this turn | 300 sec total\n|\n|t:|1783571130\n|move|p1a: Masquerain|Quiver Dance|p1a: Masquerain\n|-boost|p1a: Masquerain|spa|1\n|-boost|p1a: Masquerain|spd|1\n|-boost|p1a: Masquerain|spe|1\n|move|p2a: Sinistcha|Strength Sap|p1a: Masquerain\n|-unboost|p1a: Masquerain|atk|1\n|-heal|p2a: Sinistcha|100/100\n|\n|upkeep\n|turn|6\n|inactive|Time left: 300 sec this turn | 300 sec total\n|\n|t:|1783571131\n|move|p1a: Masquerain|Bug Buzz|p2a: Sinistcha\n|-damage|p2a: Sinistcha|15/100\n|move|p2a: Sinistcha|Calm Mind|p2a: Sinistcha\n|-boost|p2a: Sinistcha|spa|1\n|-boost|p2a: Sinistcha|spd|1\n|\n|-heal|p2a: Sinistcha|21/100|[from] item: Leftovers\n|upkeep\n|turn|7\n|inactive|Time left: 300 sec this turn | 300 sec total\n|\n|t:|1783571132\n|move|p1a: Masquerain|Bug Buzz|p2a: Sinistcha\n|-damage|p2a: Sinistcha|0 fnt\n|faint|p2a: Sinistcha\n|\n|upkeep\n|\n|t:|1783571133\n|switch|p2a: Rampardos|Rampardos, L90, M|100/100\n|turn|8\n|inactive|Time left: 300 sec this turn | 300 sec total\n|\n|t:|1783571134\n|move|p1a: Masquerain|Hydro Pump|p2a: Rampardos\n|-supereffective|p2a: Rampardos\n|-damage|p2a: Rampardos|0 fnt\n|faint|p2a: Rampardos\n|\n|upkeep\n|\n|t:|1783571135\n|switch|p2a: Charizard|Charizard, L85, F|100/100\n|turn|9\n|inactive|Time left: 300 sec this turn | 300 sec total\n|\n|t:|1783571136\n|move|p1a: Masquerain|Hydro Pump|p2a: Charizard\n|-supereffective|p2a: Charizard\n|-damage|p2a: Charizard|0 fnt\n|faint|p2a: Charizard\n|\n|upkeep\n|\n|t:|1783571137\n|switch|p2a: Falinks|Falinks, L84|100/100\n|turn|10\n|inactive|Time left: 300 sec this turn | 300 sec total\n|\n|t:|1783571138\n|move|p1a: Masquerain|Hurricane|p2a: Falinks\n|-supereffective|p2a: Falinks\n|-damage|p2a: Falinks|0 fnt\n|faint|p2a: Falinks\n|\n|upkeep\n|\n|t:|1783571139\n|switch|p2a: Golduck|Golduck, L90, M|100/100\n|-ability|p2a: Golduck|Cloud Nine\n|turn|11\n|inactive|Time left: 300 sec this turn | 300 sec total\n|\n|t:|1783571140\n|move|p1a: Masquerain|Bug Buzz|p2a: Golduck\n|-damage|p2a: Golduck|34/100\n|move|p2a: Golduck|Nasty Plot|p2a: Golduck\n|-boost|p2a: Golduck|spa|2\n|\n|upkeep\n|turn|12\n|inactive|Time left: 300 sec this turn | 300 sec total\n|\n|t:|1783571141\n|-terastallize|p1a: Masquerain|Water\n|move|p1a: Masquerain|Bug Buzz|p2a: Golduck\n|-damage|p2a: Golduck|0 fnt\n|faint|p2a: Golduck\n|\n|win|p0x26991ce8", "uploadtime": 1783571141, "views": 0, "rating": 0, "private": 0, "password": null, "_winner": "p0x26991ce8", "_our_name": "p0x26991ce8"}