{"id": "battle-gen9randombattle-54", "formatid": "gen9randombattle", "format": "[Gen 9] Random Battle", "players": ["p0x054ca80", "p0y0546057"], "log": "|init|battle\n|title|p0x054ca80 vs. p0y0546057\n|j|\u2606p0x054ca80\n|j|\u2606p0y0546057\n|t:|1783539814\n|gametype|singles\n|player|p1|p0x054ca80|266|\n|player|p2|p0y0546057|169|\n|gen|9\n|tier|[Gen 9] Random Battle\n|rule|Species Clause: Limit one of each Pok\u00e9mon\n|rule|HP Percentage Mod: HP is shown in percentages\n|rule|Sleep Clause Mod: Limit one foe put to sleep\n|rule|Illusion Level Mod: Illusion disguises the Pok\u00e9mon's true level\n|\n|t:|1783539814\n|teamsize|p1|6\n|teamsize|p2|6\n|start\n|switch|p1a: Inteleon|Inteleon, L81, M|100/100\n|switch|p2a: Flapple|Flapple, L88, F|266/266\n|turn|1\n|inactive|Battle timer is ON: inactive players will automatically lose when time's up. (requested by p0y0546057)\n|inactive|p0x054ca80 also wants the timer to be on.\n|\n|t:|1783539815\n|move|p1a: Inteleon|Ice Beam|p2a: Flapple\n|-supereffective|p2a: Flapple\n|-damage|p2a: Flapple|0 fnt\n|faint|p2a: Flapple\n|\n|upkeep\n|inactive|Time left: 300 sec this turn | 300 sec total | 65 sec grace\n|\n|t:|1783539816\n|switch|p2a: Sudowoodo|Sudowoodo, L94, M|284/284\n|turn|2\n|inactive|Time left: 300 sec this turn | 300 sec total\n|\n|t:|1783539818\n|move|p1a: Inteleon|Ice Beam|p2a: Sudowoodo\n|-damage|p2a: Sudowoodo|163/284\n|move|p2a: Sudowoodo|Head Smash|p1a: Inteleon\n|-damage|p1a: Inteleon|3/100\n|\n|-heal|p2a: Sudowoodo|180/284|[from] item: Leftovers\n|upkeep\n|turn|3\n|inactive|Time left: 300 sec this turn | 300 sec total\n|\n|t:|1783539819\n|move|p1a: Inteleon|Ice Beam|p2a: Sudowoodo\n|-damage|p2a: Sudowoodo|68/284\n|move|p2a: Sudowoodo|Stealth Rock|p1a: Inteleon\n|-sidestart|p1: p0x054ca80|move: Stealth Rock\n|\n|-heal|p2a: Sudowoodo|85/284|[from] item: Leftovers\n|upkeep\n|turn|4\n|inactive|Time left: 300 sec this turn | 300 sec total\n|\n|t:|1783539819\n|switch|p2a: Flareon|Flareon, L90, F|263/263\n|move|p1a: Inteleon|Ice Beam|p2a: Flareon\n|-resisted|p2a: Flareon\n|-damage|p2a: Flareon|219/263\n|\n|-status|p2a: Flareon|tox|[from] item: Toxic Orb\n|upkeep\n|turn|5\n|inactive|Time left: 300 sec this turn | 300 sec total\n|\n|t:|1783539821\n|move|p1a: Inteleon|Ice Beam|p2a: Flareon\n|-resisted|p2a: Flareon\n|-damage|p2a: Flareon|180/263 tox\n|move|p2a: Flareon|Trailblaze|p1a: Inteleon\n|-supereffective|p1a: Inteleon\n|-damage|p1a: Inteleon|0 fnt\n|-boost|p2a: Flareon|spe|1\n|faint|p1a: Inteleon\n|\n|-damage|p2a: Flareon|164/263 tox|[from] psn\n|upkeep\n|\n|t:|1783539822\n|switch|p1a: Mimikyu|Mimikyu, L79, M|100/100\n|-damage|p1a: Mimikyu|88/100|[from] Stealth Rock\n|turn|6\n|inactive|Time left: 300 sec this turn | 300 sec total\n|\n|t:|1783539823\n|move|p2a: Flareon|Will-O-Wisp|p1a: Mimikyu\n|-status|p1a: Mimikyu|brn\n|move|p1a: Mimikyu|Drain Punch|p2a: Flareon\n|-damage|p2a: Flareon|129/263 tox\n|-heal|p1a: Mimikyu|96/100 brn|[from] drain|[of] p2a: Flareon\n|-damage|p1a: Mimikyu|87/100 brn|[from] item: Life Orb\n|\n|-damage|p2a: Flareon|97/263 tox|[from] psn\n|-damage|p1a: Mimikyu|81/100 brn|[from] brn\n|upkeep\n|turn|7\n|inactive|Time left: 300 sec this turn | 300 sec total\n|\n|t:|1783539824\n|switch|p2a: Braviary|Braviary, L85, M|309/309\n|move|p1a: Mimikyu|Swords Dance|p1a: Mimikyu\n|-boost|p1a: Mimikyu|atk|2\n|\n|-damage|p1a: Mimikyu|75/100 brn|[from] brn\n|upkeep\n|turn|8\n|inactive|Time left: 300 sec this turn | 300 sec total\n|\n|t:|1783539824\n|move|p1a: Mimikyu|Swords Dance|p1a: Mimikyu\n|-boost|p1a: Mimikyu|atk|2\n|move|p2a: Braviary|Bulk Up|p2a: Braviary\n|-boost|p2a: Braviary|atk|1\n|-boost|p2a: Braviary|def|1\n|\n|-damage|p1a: Mimikyu|69/100 brn|[from] brn\n|upkeep\n|turn|9\n|inactive|Time left: 300 sec this turn | 300 sec total\n|\n|t:|1783539826\n|move|p1a: Mimikyu|Play Rough|p2a: Braviary\n|-damage|p2a: Braviary|197/309\n|-damage|p1a: Mimikyu|59/100 brn|[from] item: Life Orb\n|move|p2a: Braviary|Brave Bird|p1a: Mimikyu\n|-activate|p1a: Mimikyu|ability: Disguise\n|-damage|p1a: Mimikyu|59/100 brn\n|detailschange|p1a: Mimikyu|Mimikyu-Busted, L79, M\n|-damage|p1a: Mimikyu|46/100 brn|[from] pokemon: Mimikyu-Busted\n|\n|-damage|p1a: Mimikyu|40/100 brn|[from] brn\n|upkeep\n|turn|10\n|inactive|Time left: 300 sec this turn | 300 sec total\n|\n|t:|1783539827\n|move|p1a: Mimikyu|Play Rough|p2a: Braviary\n|-damage|p2a: Braviary|81/309\n|-damage|p1a: Mimikyu|31/100 brn|[from] item: Life Orb\n|move|p2a: Braviary|Brave Bird|p1a: Mimikyu\n|-damage|p1a: Mimikyu|0 fnt\n|faint|p1a: Mimikyu\n|-damage|p2a: Braviary|60/309|[from] Recoil\n|\n|upkeep\n|\n|t:|1783539827\n|switch|p1a: Lunala|Lunala, L70|100/100\n|-damage|p1a: Lunala|88/100|[from] Stealth Rock\n|turn|11\n|inactive|Time left: 300 sec this turn | 300 sec total\n|\n|t:|1783539829\n|move|p2a: Braviary|Roost|p2a: Braviary\n|-heal|p2a: Braviary|215/309\n|-singleturn|p2a: Braviary|move: Roost\n|move|p1a: Lunala|Focus Blast|p2a: Braviary\n|-supereffective|p2a: Braviary\n|-damage|p2a: Braviary|43/309\n|\n|-heal|p1a: Lunala|94/100|[from] item: Leftovers\n|upkeep\n|turn|12\n|inactive|Time left: 300 sec this turn | 300 sec total\n|\n|t:|1783539830\n|move|p2a: Braviary|Roost|p2a: Braviary\n|-heal|p2a: Braviary|198/309\n|-singleturn|p2a: Braviary|move: Roost\n|move|p1a: Lunala|Focus Blast|p2a: Braviary\n|-supereffective|p2a: Braviary\n|-damage|p2a: Braviary|20/309\n|-unboost|p2a: Braviary|spd|1\n|-ability|p2a: Braviary|Defiant|boost\n|-boost|p2a: Braviary|atk|2\n|\n|-heal|p1a: Lunala|100/100|[from] item: Leftovers\n|upkeep\n|turn|13\n|inactive|Time left: 300 sec this turn | 300 sec total\n|\n|t:|1783539831\n|move|p2a: Braviary|Roost|p2a: Braviary\n|-heal|p2a: Braviary|175/309\n|-singleturn|p2a: Braviary|move: Roost\n|move|p1a: Lunala|Focus Blast|p2a: Braviary\n|-supereffective|p2a: Braviary\n|-damage|p2a: Braviary|0 fnt\n|faint|p2a: Braviary\n|\n|upkeep\n|inactive|Time left: 300 sec this turn | 300 sec total | 5 sec grace\n|\n|t:|1783539832\n|switch|p2a: Pachirisu|Pachirisu, L96, F|271/271\n|turn|14\n|inactive|Time left: 300 sec this turn | 300 sec total\n|\n|t:|1783539833\n|move|p2a: Pachirisu|Nuzzle|p1a: Lunala\n|-damage|p1a: Lunala|97/100\n|-status|p1a: Lunala|par\n|cant|p1a: Lunala|par\n|\n|-heal|p1a: Lunala|100/100 par|[from] item: Leftovers\n|upkeep\n|turn|15\n|inactive|Time left: 300 sec this turn | 300 sec total\n|\n|t:|1783539833\n|move|p2a: Pachirisu|U-turn|p1a: Lunala\n|-damage|p1a: Lunala|94/100 par\n|inactive|Time left: 300 sec this turn | 300 sec total | 5 sec grace\n|\n|t:|1783539834\n|switch|p2a: Alomomola|Alomomola, L87, M|429/429|[from] U-turn\n|move|p1a: Lunala|Calm Mind|p1a: Lunala\n|-boost|p1a: Lunala|spa|1\n|-boost|p1a: Lunala|spd|1\n|\n|-heal|p1a: Lunala|99/100 par|[from] item: Leftovers\n|upkeep\n|turn|16\n|inactive|Time left: 300 sec this turn | 300 sec total\n|\n|t:|1783539835\n|move|p2a: Alomomola|Flip Turn|p1a: Lunala\n|-damage|p1a: Lunala|78/100 par\n|inactive|Time left: 300 sec this turn | 300 sec total | 5 sec grace\n|\n|t:|1783539836\n|switch|p2a: Sudowoodo|Sudowoodo, L94, M|85/284|[from] Flip Turn\n|cant|p1a: Lunala|par\n|\n|-heal|p2a: Sudowoodo|102/284|[from] item: Leftovers\n|-heal|p1a: Lunala|84/100 par|[from] item: Leftovers\n|upkeep\n|turn|17\n|inactive|Time left: 300 sec this turn | 300 sec total\n|\n|t:|1783539836\n|move|p2a: Sudowoodo|Head Smash|p1a: Lunala\n|-damage|p1a: Lunala|11/100 par\n|cant|p1a: Lunala|par\n|\n|-heal|p2a: Sudowoodo|119/284|[from] item: Leftovers\n|-heal|p1a: Lunala|17/100 par|[from] item: Leftovers\n|upkeep\n|turn|18\n|inactive|Time left: 300 sec this turn | 300 sec total\n|\n|t:|1783539837\n|move|p2a: Sudowoodo|Wood Hammer|p1a: Lunala\n|-damage|p1a: Lunala|0 fnt\n|faint|p1a: Lunala\n|\n|-heal|p2a: Sudowoodo|136/284|[from] item: Leftovers\n|upkeep\n|\n|t:|1783539838\n|switch|p1a: Florges|Florges, L85, F|100/100\n|-damage|p1a: Florges|88/100|[from] Stealth Rock\n|turn|19\n|inactive|Time left: 300 sec this turn | 300 sec total\n|\n|t:|1783539839\n|move|p1a: Florges|Moonblast|p2a: Sudowoodo\n|-damage|p2a: Sudowoodo|15/284\n|-unboost|p2a: Sudowoodo|spa|1\n|move|p2a: Sudowoodo|Head Smash|p1a: Florges\n|-damage|p1a: Florges|5/100\n|\n|-heal|p1a: Florges|11/100|[from] item: Leftovers\n|-heal|p2a: Sudowoodo|32/284|[from] item: Leftovers\n|upkeep\n|turn|20\n|inactive|Time left: 300 sec this turn | 300 sec total\n|\n|t:|1783539840\n|move|p1a: Florges|Moonblast|p2a: Sudowoodo\n|-damage|p2a: Sudowoodo|0 fnt\n|faint|p2a: Sudowoodo\n|\n|-heal|p1a: Florges|17/100|[from] item: Leftovers\n|upkeep\n|inactive|Time left: 300 sec this turn | 300 sec total | 5 sec grace\n|\n|t:|1783539841\n|switch|p2a: Flareon|Flareon, L90, F|97/263 tox\n|turn|21\n|inactive|Time left: 300 sec this turn | 300 sec total\n|\n|t:|1783539842\n|-terastallize|p1a: Florges|Ground\n|move|p1a: Florges|Tera Blast|p2a: Flareon|[anim] Tera Blast Ground\n|-supereffective|p2a: Flareon\n|-damage|p2a: Flareon|0 fnt\n|faint|p2a: Flareon\n|\n|-heal|p1a: Florges|23/100|[from] item: Leftovers\n|upkeep\n|inactive|Time left: 300 sec this turn | 300 sec total | 5 sec grace\n|\n|t:|1783539843\n|switch|p2a: Alomomola|Alomomola, L87, M|429/429\n|turn|22\n|inactive|Time left: 300 sec this turn | 300 sec total\n|\n|t:|1783539844\n|move|p1a: Florges|Synthesis|p1a: Florges\n|-heal|p1a: Florges|73/100\n|move|p2a: Alomomola|Flip Turn|p1a: Florges\n|-supereffective|p1a: Florges\n|-damage|p1a: Florges|28/100\n|inactive|Time left: 300 sec this turn | 300 sec total | 5 sec grace\n|\n|t:|1783539845\n|switch|p2a: Pachirisu|Pachirisu, L96, F|271/271|[from] Flip Turn\n|\n|-heal|p1a: Florges|34/100|[from] item: Leftovers\n|upkeep\n|turn|23\n|inactive|Time left: 300 sec this turn | 300 sec total\n|\n|t:|1783539846\n|move|p2a: Pachirisu|U-turn|p1a: Florges\n|-damage|p1a: Florges|16/100\n|inactive|Time left: 300 sec this turn | 300 sec total | 5 sec grace\n|\n|t:|1783539847\n|switch|p2a: Alomomola|Alomomola, L87, M|429/429|[from] U-turn\n|move|p1a: Florges|Synthesis|p1a: Florges\n|-heal|p1a: Florges|66/100\n|\n|-heal|p1a: Florges|72/100|[from] item: Leftovers\n|upkeep\n|turn|24\n|inactive|Time left: 300 sec this turn | 300 sec total\n|\n|t:|1783539847\n|move|p1a: Florges|Calm Mind|p1a: Florges\n|-boost|p1a: Florges|spa|1\n|-boost|p1a: Florges|spd|1\n|move|p2a: Alomomola|Flip Turn|p1a: Florges\n|-supereffective|p1a: Florges\n|-damage|p1a: Florges|21/100\n|inactive|Time left: 300 sec this turn | 300 sec total | 5 sec grace\n|\n|t:|1783539848\n|switch|p2a: Pachirisu|Pachirisu, L96, F|271/271|[from] Flip Turn\n|\n|-heal|p1a: Florges|27/100|[from] item: Leftovers\n|upkeep\n|turn|25\n|inactive|Time left: 300 sec this turn | 300 sec total\n|\n|t:|1783539849\n|move|p2a: Pachirisu|U-turn|p1a: Florges\n|-damage|p1a: Florges|9/100\n|inactive|Time left: 300 sec this turn | 300 sec total | 5 sec grace\n|\n|t:|1783539850\n|switch|p2a: Alomomola|Alomomola, L87, M|429/429|[from] U-turn\n|move|p1a: Florges|Moonblast|p2a: Alomomola\n|-crit|p2a: Alomomola\n|-damage|p2a: Alomomola|48/429\n|\n|-heal|p1a: Florges|15/100|[from] item: Leftovers\n|upkeep\n|turn|26\n|inactive|Time left: 300 sec this turn | 300 sec total\n|\n|t:|1783539851\n|move|p2a: Alomomola|Protect|p2a: Alomomola\n|-singleturn|p2a: Alomomola|Protect\n|move|p1a: Florges|Tera Blast|p2a: Alomomola|[anim] Tera Blast Ground\n|-activate|p2a: Alomomola|move: Protect\n|\n|-heal|p1a: Florges|21/100|[from] item: Leftovers\n|upkeep\n|turn|27\n|inactive|Time left: 300 sec this turn | 300 sec total\n|\n|t:|1783539852\n|move|p2a: Alomomola|Protect||[still]\n|-fail|p2a: Alomomola\n|move|p1a: Florges|Moonblast|p2a: Alomomola\n|-damage|p2a: Alomomola|0 fnt\n|faint|p2a: Alomomola\n|\n|-heal|p1a: Florges|27/100|[from] item: Leftovers\n|upkeep\n|inactive|Time left: 300 sec this turn | 300 sec total | 5 sec grace\n|\n|t:|1783539853\n|switch|p2a: Pachirisu|Pachirisu, L96, F|271/271\n|turn|28\n|inactive|Time left: 300 sec this turn | 300 sec total\n|\n|t:|1783539855\n|-terastallize|p2a: Pachirisu|Flying\n|move|p2a: Pachirisu|U-turn|p1a: Florges\n|-damage|p1a: Florges|10/100\n|move|p1a: Florges|Synthesis|p1a: Florges\n|-heal|p1a: Florges|60/100\n|\n|-heal|p1a: Florges|66/100|[from] item: Leftovers\n|upkeep\n|turn|29\n|inactive|Time left: 300 sec this turn | 300 sec total\n|\n|t:|1783539856\n|move|p2a: Pachirisu|Super Fang|p1a: Florges|[miss]\n|-miss|p2a: Pachirisu|p1a: Florges\n|move|p1a: Florges|Moonblast|p2a: Pachirisu\n|-damage|p2a: Pachirisu|177/271\n|\n|-heal|p1a: Florges|72/100|[from] item: Leftovers\n|upkeep\n|turn|30\n|inactive|Time left: 300 sec this turn | 300 sec total\n|\n|t:|1783539857\n|move|p2a: Pachirisu|Super Fang|p1a: Florges\n|-damage|p1a: Florges|36/100\n|move|p1a: Florges|Moonblast|p2a: Pachirisu\n|-damage|p2a: Pachirisu|71/271\n|-unboost|p2a: Pachirisu|spa|1\n|\n|-heal|p1a: Florges|42/100|[from] item: Leftovers\n|upkeep\n|turn|31\n|inactive|Time left: 300 sec this turn | 300 sec total\n|\n|t:|1783539858\n|move|p2a: Pachirisu|Nuzzle|p1a: Florges\n|-immune|p1a: Florges\n|move|p1a: Florges|Moonblast|p2a: Pachirisu\n|-damage|p2a: Pachirisu|0 fnt\n|faint|p2a: Pachirisu\n|\n|win|p0x054ca80", "uploadtime": 1783539858, "views": 0, "rating": 0, "private": 0, "password": null, "_winner": "p0x054ca80", "_our_name": "p0y0546057"}