{"id": "battle-gen9randombattle-2645", "formatid": "gen9randombattle", "format": "[Gen 9] Random Battle", "players": ["p0x2645f43d", "p0y26458547"], "log": "|init|battle\n|title|p0x2645f43d vs. p0y26458547\n|j|\u2606p0x2645f43d\n|j|\u2606p0y26458547\n|t:|1783570521\n|gametype|singles\n|player|p1|p0x2645f43d|101|\n|player|p2|p0y26458547|101|\n|gen|9\n|tier|[Gen 9] Random Battle\n|rule|Species Clause: Limit one of each Pok\u00e9mon\n|rule|HP Percentage Mod: HP is shown in percentages\n|rule|Sleep Clause Mod: Limit one foe put to sleep\n|rule|Illusion Level Mod: Illusion disguises the Pok\u00e9mon's true level\n|\n|t:|1783570521\n|teamsize|p1|6\n|teamsize|p2|6\n|start\n|switch|p1a: Iron Bundle|Iron Bundle, L78|100/100\n|switch|p2a: Feraligatr|Feraligatr, L79, M|264/264\n|turn|1\n|inactive|Battle timer is ON: inactive players will automatically lose when time's up. (requested by p0x2645f43d)\n|inactive|Time left: 300 sec this turn | 300 sec total | 60 sec grace\n|inactive|p0y26458547 also wants the timer to be on.\n|\n|t:|1783570522\n|move|p1a: Iron Bundle|Freeze-Dry|p2a: Feraligatr\n|-supereffective|p2a: Feraligatr\n|-damage|p2a: Feraligatr|84/264\n|move|p2a: Feraligatr|Dragon Dance|p2a: Feraligatr\n|-boost|p2a: Feraligatr|atk|1\n|-boost|p2a: Feraligatr|spe|1\n|\n|upkeep\n|turn|2\n|inactive|Time left: 300 sec this turn | 300 sec total\n|\n|t:|1783570523\n|switch|p2a: Conkeldurr|Conkeldurr, L80, M|299/299\n|move|p1a: Iron Bundle|Freeze-Dry|p2a: Conkeldurr\n|-damage|p2a: Conkeldurr|196/299\n|\n|-status|p2a: Conkeldurr|brn|[from] item: Flame Orb\n|upkeep\n|turn|3\n|inactive|Time left: 300 sec this turn | 300 sec total\n|\n|t:|1783570525\n|move|p1a: Iron Bundle|Hydro Pump|p2a: Conkeldurr|[miss]\n|-miss|p1a: Iron Bundle|p2a: Conkeldurr\n|move|p2a: Conkeldurr|Close Combat|p1a: Iron Bundle\n|-supereffective|p1a: Iron Bundle\n|-damage|p1a: Iron Bundle|0 fnt\n|-unboost|p2a: Conkeldurr|def|1\n|-unboost|p2a: Conkeldurr|spd|1\n|faint|p1a: Iron Bundle\n|-end|p1a: Iron Bundle|Quark Drive|[silent]\n|\n|-damage|p2a: Conkeldurr|178/299 brn|[from] brn\n|upkeep\n|\n|t:|1783570525\n|switch|p1a: Cinderace|Cinderace, L77, M|100/100\n|turn|4\n|inactive|Time left: 300 sec this turn | 300 sec total\n|\n|t:|1783570527\n|switch|p2a: Feraligatr|Feraligatr, L79, M|84/264\n|move|p1a: Cinderace|Pyro Ball|p2a: Feraligatr\n|-resisted|p2a: Feraligatr\n|-crit|p2a: Feraligatr\n|-damage|p2a: Feraligatr|0 fnt\n|faint|p2a: Feraligatr\n|\n|upkeep\n|inactive|Time left: 300 sec this turn | 300 sec total | 5 sec grace\n|\n|t:|1783570528\n|switch|p2a: Indeedee|Indeedee-F, L90, F|272/272\n|-fieldstart|move: Psychic Terrain|[from] ability: Psychic Surge|[of] p2a: Indeedee\n|turn|5\n|inactive|Time left: 300 sec this turn | 300 sec total\n|\n|t:|1783570529\n|move|p2a: Indeedee|Psyshock|p1a: Cinderace\n|-damage|p1a: Cinderace|36/100\n|move|p1a: Cinderace|Pyro Ball|p2a: Indeedee\n|-damage|p2a: Indeedee|74/272\n|\n|upkeep\n|turn|6\n|inactive|Time left: 300 sec this turn | 300 sec total\n|\n|t:|1783570530\n|switch|p1a: Vigoroth|Vigoroth, L85, M|100/100\n|move|p2a: Indeedee|Psyshock|p1a: Vigoroth\n|-damage|p1a: Vigoroth|71/100\n|\n|upkeep\n|turn|7\n|inactive|Time left: 300 sec this turn | 300 sec total\n|\n|t:|1783570531\n|move|p2a: Indeedee|Psyshock|p1a: Vigoroth\n|-damage|p1a: Vigoroth|40/100\n|move|p1a: Vigoroth|Knock Off|p2a: Indeedee\n|-supereffective|p2a: Indeedee\n|-damage|p2a: Indeedee|0 fnt\n|-enditem|p2a: Indeedee|Choice Scarf|[from] move: Knock Off|[of] p1a: Vigoroth\n|faint|p2a: Indeedee\n|\n|upkeep\n|inactive|Time left: 300 sec this turn | 300 sec total | 5 sec grace\n|\n|t:|1783570532\n|switch|p2a: Iron Leaves|Iron Leaves, L80|275/275\n|turn|8\n|inactive|Time left: 300 sec this turn | 300 sec total\n|\n|t:|1783570533\n|switch|p1a: Gholdengo|Gholdengo, L77|100/100\n|move|p2a: Iron Leaves|Leaf Blade|p1a: Gholdengo\n|-resisted|p1a: Gholdengo\n|-damage|p1a: Gholdengo|70/100\n|\n|upkeep\n|turn|9\n|inactive|Time left: 300 sec this turn | 300 sec total\n|\n|t:|1783570534\n|move|p1a: Gholdengo|Shadow Ball|p2a: Iron Leaves\n|-supereffective|p2a: Iron Leaves\n|-damage|p2a: Iron Leaves|119/275\n|move|p2a: Iron Leaves|Leaf Blade|p1a: Gholdengo\n|-resisted|p1a: Gholdengo\n|-damage|p1a: Gholdengo|35/100\n|\n|-fieldend|move: Psychic Terrain\n|upkeep\n|turn|10\n|inactive|Time left: 300 sec this turn | 300 sec total\n|\n|t:|1783570535\n|-end|p2a: Iron Leaves|Quark Drive|[silent]\n|switch|p2a: Jolteon|Jolteon, L84, F|246/246\n|move|p1a: Gholdengo|Shadow Ball|p2a: Jolteon\n|-damage|p2a: Jolteon|164/246\n|\n|upkeep\n|turn|11\n|inactive|Time left: 300 sec this turn | 300 sec total\n|\n|t:|1783570536\n|move|p2a: Jolteon|Thunderbolt|p1a: Gholdengo\n|-damage|p1a: Gholdengo|0 fnt\n|faint|p1a: Gholdengo\n|\n|upkeep\n|\n|t:|1783570537\n|switch|p1a: Great Tusk|Great Tusk, L77|100/100\n|turn|12\n|inactive|Time left: 300 sec this turn | 300 sec total\n|\n|t:|1783570537\n|switch|p2a: Iron Leaves|Iron Leaves, L80|119/275\n|move|p1a: Great Tusk|Rapid Spin|p2a: Iron Leaves\n|-damage|p2a: Iron Leaves|81/275\n|-boost|p1a: Great Tusk|spe|1\n|\n|upkeep\n|turn|13\n|inactive|Time left: 300 sec this turn | 300 sec total\n|\n|t:|1783570538\n|-terastallize|p1a: Great Tusk|Ground\n|move|p1a: Great Tusk|Headlong Rush|p2a: Iron Leaves\n|-resisted|p2a: Iron Leaves\n|-damage|p2a: Iron Leaves|0 fnt\n|-unboost|p1a: Great Tusk|def|1\n|-unboost|p1a: Great Tusk|spd|1\n|faint|p2a: Iron Leaves\n|-end|p2a: Iron Leaves|Quark Drive|[silent]\n|\n|upkeep\n|inactive|Time left: 300 sec this turn | 300 sec total | 5 sec grace\n|\n|t:|1783570539\n|switch|p2a: Dedenne|Dedenne, L88, F|261/261\n|turn|14\n|inactive|Time left: 300 sec this turn | 300 sec total\n|\n|t:|1783570540\n|-terastallize|p2a: Dedenne|Flying\n|move|p1a: Great Tusk|Headlong Rush|p2a: Dedenne\n|-immune|p2a: Dedenne\n|move|p2a: Dedenne|Dazzling Gleam|p1a: Great Tusk\n|-damage|p1a: Great Tusk|37/100\n|\n|-heal|p1a: Great Tusk|43/100|[from] item: Leftovers\n|upkeep\n|turn|15\n|inactive|Time left: 300 sec this turn | 300 sec total\n|\n|t:|1783570541\n|move|p1a: Great Tusk|Close Combat|p2a: Dedenne\n|-resisted|p2a: Dedenne\n|-damage|p2a: Dedenne|171/261\n|-unboost|p1a: Great Tusk|def|1\n|-unboost|p1a: Great Tusk|spd|1\n|move|p2a: Dedenne|Dazzling Gleam|p1a: Great Tusk\n|-damage|p1a: Great Tusk|0 fnt\n|faint|p1a: Great Tusk\n|-end|p1a: Great Tusk|Protosynthesis|[silent]\n|\n|upkeep\n|\n|t:|1783570542\n|switch|p1a: Sandy Shocks|Sandy Shocks, L80|100/100\n|turn|16\n|inactive|Time left: 300 sec this turn | 300 sec total\n|\n|t:|1783570543\n|move|p2a: Dedenne|Super Fang|p1a: Sandy Shocks\n|-damage|p1a: Sandy Shocks|51/100\n|move|p1a: Sandy Shocks|Thunderbolt|p2a: Dedenne\n|-supereffective|p2a: Dedenne\n|-damage|p2a: Dedenne|0 fnt\n|faint|p2a: Dedenne\n|\n|upkeep\n|inactive|Time left: 300 sec this turn | 300 sec total | 5 sec grace\n|\n|t:|1783570544\n|switch|p2a: Conkeldurr|Conkeldurr, L80, M|178/299 brn\n|turn|17\n|inactive|Time left: 300 sec this turn | 300 sec total\n|\n|t:|1783570545\n|move|p1a: Sandy Shocks|Volt Switch|p2a: Conkeldurr\n|-damage|p2a: Conkeldurr|61/299 brn\n|\n|t:|1783570546\n|-end|p1a: Sandy Shocks|Protosynthesis|[silent]\n|switch|p1a: Cinderace|Cinderace, L77, M|36/100|[from] Volt Switch\n|move|p2a: Conkeldurr|Facade|p1a: Cinderace\n|-damage|p1a: Cinderace|0 fnt\n|faint|p1a: Cinderace\n|\n|-damage|p2a: Conkeldurr|43/299 brn|[from] brn\n|upkeep\n|\n|t:|1783570547\n|switch|p1a: Sandy Shocks|Sandy Shocks, L80|51/100\n|turn|18\n|inactive|Time left: 300 sec this turn | 300 sec total\n|\n|t:|1783570548\n|move|p2a: Conkeldurr|Mach Punch|p1a: Sandy Shocks\n|-damage|p1a: Sandy Shocks|20/100\n|move|p1a: Sandy Shocks|Earth Power|p2a: Conkeldurr\n|-damage|p2a: Conkeldurr|0 fnt\n|faint|p2a: Conkeldurr\n|\n|upkeep\n|inactive|Time left: 300 sec this turn | 300 sec total | 5 sec grace\n|\n|t:|1783570549\n|switch|p2a: Jolteon|Jolteon, L84, F|164/246\n|turn|19\n|inactive|Time left: 300 sec this turn | 300 sec total\n|\n|t:|1783570550\n|move|p2a: Jolteon|Calm Mind|p2a: Jolteon\n|-boost|p2a: Jolteon|spa|1\n|-boost|p2a: Jolteon|spd|1\n|move|p1a: Sandy Shocks|Earth Power|p2a: Jolteon\n|-supereffective|p2a: Jolteon\n|-damage|p2a: Jolteon|38/246\n|\n|upkeep\n|turn|20\n|inactive|Time left: 300 sec this turn | 300 sec total\n|\n|t:|1783570551\n|-end|p1a: Sandy Shocks|Protosynthesis|[silent]\n|switch|p1a: Vigoroth|Vigoroth, L85, M|40/100\n|move|p2a: Jolteon|Alluring Voice|p1a: Vigoroth\n|-damage|p1a: Vigoroth|8/100\n|\n|upkeep\n|turn|21\n|inactive|Time left: 300 sec this turn | 300 sec total\n|\n|t:|1783570552\n|switch|p1a: Sandy Shocks|Sandy Shocks, L80|20/100\n|move|p2a: Jolteon|Alluring Voice|p1a: Sandy Shocks\n|-damage|p1a: Sandy Shocks|0 fnt\n|faint|p1a: Sandy Shocks\n|-end|p1a: Sandy Shocks|Protosynthesis|[silent]\n|\n|upkeep\n|\n|t:|1783570553\n|switch|p1a: Vigoroth|Vigoroth, L85, M|8/100\n|turn|22\n|inactive|Time left: 300 sec this turn | 300 sec total\n|\n|t:|1783570554\n|move|p2a: Jolteon|Thunderbolt|p1a: Vigoroth\n|-damage|p1a: Vigoroth|0 fnt\n|faint|p1a: Vigoroth\n|\n|win|p0y26458547", "uploadtime": 1783570554, "views": 0, "rating": 0, "private": 0, "password": null, "_winner": "p0y26458547", "_our_name": "p0y26458547"}