{"id": "battle-gen9randombattle-1250", "formatid": "gen9randombattle", "format": "[Gen 9] Random Battle", "players": ["p0x12502f57", "p0y12500f87"], "log": "|init|battle\n|title|p0x12502f57 vs. p0y12500f87\n|j|\u2606p0x12502f57\n|j|\u2606p0y12500f87\n|t:|1783554480\n|gametype|singles\n|player|p1|p0x12502f57|169|\n|player|p2|p0y12500f87|265|\n|gen|9\n|tier|[Gen 9] Random Battle\n|rule|Species Clause: Limit one of each Pok\u00e9mon\n|rule|HP Percentage Mod: HP is shown in percentages\n|rule|Sleep Clause Mod: Limit one foe put to sleep\n|rule|Illusion Level Mod: Illusion disguises the Pok\u00e9mon's true level\n|\n|t:|1783554480\n|teamsize|p1|6\n|teamsize|p2|6\n|start\n|switch|p1a: Florges|Florges-Orange, L85, F|100/100\n|switch|p2a: Gengar|Gengar, L81, M|230/230\n|turn|1\n|inactive|Battle timer is ON: inactive players will automatically lose when time's up. (requested by p0x12502f57)\n|inactive|Time left: 300 sec this turn | 300 sec total | 60 sec grace\n|inactive|p0y12500f87 also wants the timer to be on.\n|\n|t:|1783554482\n|move|p2a: Gengar|Sludge Wave|p1a: Florges\n|-supereffective|p1a: Florges\n|-crit|p1a: Florges\n|-damage|p1a: Florges|0 fnt\n|faint|p1a: Florges\n|\n|upkeep\n|\n|t:|1783554483\n|switch|p1a: Overqwil|Overqwil, L82, M|100/100\n|-ability|p1a: Overqwil|Intimidate|boost\n|-unboost|p2a: Gengar|atk|1\n|turn|2\n|inactive|Time left: 300 sec this turn | 300 sec total\n|\n|t:|1783554484\n|switch|p2a: Mimikyu|Mimikyu, L79, M|216/216\n|move|p1a: Overqwil|Swords Dance|p1a: Overqwil\n|-boost|p1a: Overqwil|atk|2\n|\n|upkeep\n|turn|3\n|inactive|Time left: 300 sec this turn | 300 sec total\n|\n|t:|1783554485\n|move|p2a: Mimikyu|Swords Dance|p2a: Mimikyu\n|-boost|p2a: Mimikyu|atk|2\n|move|p1a: Overqwil|Gunk Shot|p2a: Mimikyu\n|-activate|p2a: Mimikyu|ability: Disguise\n|-damage|p2a: Mimikyu|216/216\n|-status|p2a: Mimikyu|psn\n|detailschange|p2a: Mimikyu|Mimikyu-Busted, L79, M\n|-damage|p2a: Mimikyu|189/216 psn|[from] pokemon: Mimikyu-Busted\n|\n|-damage|p2a: Mimikyu|162/216 psn|[from] psn\n|upkeep\n|turn|4\n|inactive|Time left: 300 sec this turn | 300 sec total\n|\n|t:|1783554486\n|-terastallize|p2a: Mimikyu|Fairy\n|move|p2a: Mimikyu|Play Rough|p1a: Overqwil\n|-damage|p1a: Overqwil|0 fnt\n|faint|p1a: Overqwil\n|-damage|p2a: Mimikyu|141/216 psn|[from] item: Life Orb\n|\n|-damage|p2a: Mimikyu|114/216 psn|[from] psn\n|upkeep\n|\n|t:|1783554486\n|switch|p1a: Swalot|Swalot, L90, M|100/100\n|turn|5\n|inactive|Time left: 300 sec this turn | 300 sec total\n|\n|t:|1783554487\n|move|p2a: Mimikyu|Play Rough|p1a: Swalot\n|-resisted|p1a: Swalot\n|-damage|p1a: Swalot|57/100\n|-damage|p2a: Mimikyu|93/216 psn|[from] item: Life Orb\n|move|p1a: Swalot|Sludge Bomb|p2a: Mimikyu\n|-supereffective|p2a: Mimikyu\n|-damage|p2a: Mimikyu|0 fnt\n|faint|p2a: Mimikyu\n|\n|-heal|p1a: Swalot|63/100|[from] item: Leftovers\n|upkeep\n|inactive|Time left: 300 sec this turn | 300 sec total | 5 sec grace\n|\n|t:|1783554488\n|switch|p2a: Mew|Mew, L82|298/298\n|turn|6\n|inactive|Time left: 300 sec this turn | 300 sec total\n|\n|t:|1783554489\n|switch|p1a: Iron Jugulis|Iron Jugulis, L77|100/100\n|move|p2a: Mew|Psychic|p1a: Iron Jugulis\n|-immune|p1a: Iron Jugulis\n|\n|upkeep\n|turn|7\n|inactive|Time left: 300 sec this turn | 300 sec total\n|\n|t:|1783554490\n|move|p1a: Iron Jugulis|Dark Pulse|p2a: Mew\n|-supereffective|p2a: Mew\n|-crit|p2a: Mew\n|-damage|p2a: Mew|0 fnt\n|faint|p2a: Mew\n|\n|upkeep\n|inactive|Time left: 300 sec this turn | 300 sec total | 5 sec grace\n|\n|t:|1783554491\n|switch|p2a: Reshiram|Reshiram, L76|277/277\n|-ability|p2a: Reshiram|Turboblaze\n|turn|8\n|inactive|Time left: 300 sec this turn | 300 sec total\n|\n|t:|1783554492\n|move|p1a: Iron Jugulis|Dark Pulse|p2a: Reshiram\n|-damage|p2a: Reshiram|165/277\n|move|p2a: Reshiram|Blue Flare|p1a: Iron Jugulis\n|-damage|p1a: Iron Jugulis|31/100\n|\n|upkeep\n|turn|9\n|inactive|Time left: 300 sec this turn | 300 sec total\n|\n|t:|1783554493\n|move|p1a: Iron Jugulis|Dark Pulse|p2a: Reshiram\n|-damage|p2a: Reshiram|53/277\n|move|p2a: Reshiram|Blue Flare|p1a: Iron Jugulis\n|-damage|p1a: Iron Jugulis|0 fnt\n|faint|p1a: Iron Jugulis\n|-end|p1a: Iron Jugulis|Quark Drive|[silent]\n|\n|upkeep\n|\n|t:|1783554495\n|switch|p1a: Zebstrika|Zebstrika, L87, F|100/100\n|turn|10\n|inactive|Time left: 300 sec this turn | 300 sec total\n|\n|t:|1783554496\n|switch|p2a: Noivern|Noivern, L82, F|274/274\n|move|p1a: Zebstrika|High Horsepower|p2a: Noivern\n|-immune|p2a: Noivern\n|\n|upkeep\n|turn|11\n|inactive|Time left: 300 sec this turn | 300 sec total\n|\n|t:|1783554497\n|move|p1a: Zebstrika|Volt Switch|p2a: Noivern\n|-damage|p2a: Noivern|171/274\n|-damage|p1a: Zebstrika|91/100|[from] item: Life Orb\n|\n|t:|1783554498\n|switch|p1a: Noctowl|Noctowl, L95, F|100/100|[from] Volt Switch\n|move|p2a: Noivern|Hurricane|p1a: Noctowl|[miss]\n|-miss|p2a: Noivern|p1a: Noctowl\n|\n|upkeep\n|turn|12\n|inactive|Time left: 300 sec this turn | 300 sec total\n|\n|t:|1783554499\n|move|p2a: Noivern|Roost|p2a: Noivern\n|-heal|p2a: Noivern|274/274\n|-singleturn|p2a: Noivern|move: Roost\n|move|p1a: Noctowl|Calm Mind|p1a: Noctowl\n|-boost|p1a: Noctowl|spa|1\n|-boost|p1a: Noctowl|spd|1\n|\n|upkeep\n|turn|13\n|inactive|Time left: 300 sec this turn | 300 sec total\n|\n|t:|1783554500\n|move|p2a: Noivern|Hurricane|p1a: Noctowl\n|-damage|p1a: Noctowl|83/100\n|move|p1a: Noctowl|Calm Mind|p1a: Noctowl\n|-boost|p1a: Noctowl|spa|1\n|-boost|p1a: Noctowl|spd|1\n|\n|upkeep\n|turn|14\n|inactive|Time left: 300 sec this turn | 300 sec total\n|\n|t:|1783554501\n|switch|p2a: Reshiram|Reshiram, L76|53/277\n|-ability|p2a: Reshiram|Turboblaze\n|move|p1a: Noctowl|Hurricane|p2a: Reshiram\n|-damage|p2a: Reshiram|0 fnt\n|faint|p2a: Reshiram\n|\n|upkeep\n|inactive|Time left: 300 sec this turn | 300 sec total | 5 sec grace\n|\n|t:|1783554502\n|switch|p2a: Scizor|Scizor, L79, F|240/240\n|turn|15\n|inactive|Time left: 300 sec this turn | 300 sec total\n|\n|t:|1783554503\n|switch|p2a: Gengar|Gengar, L81, M|230/230\n|move|p1a: Noctowl|Hurricane|p2a: Gengar|[miss]\n|-miss|p1a: Noctowl|p2a: Gengar\n|\n|upkeep\n|turn|16\n|inactive|Time left: 300 sec this turn | 300 sec total\n|\n|t:|1783554504\n|move|p2a: Gengar|Trick|p1a: Noctowl\n|-activate|p2a: Gengar|move: Trick|[of] p1a: Noctowl\n|-item|p1a: Noctowl|Choice Specs|[from] move: Trick\n|-item|p2a: Gengar|Heavy-Duty Boots|[from] move: Trick\n|move|p1a: Noctowl|Hurricane|p2a: Gengar\n|-damage|p2a: Gengar|0 fnt\n|-start|p1a: Noctowl|Disable|Hurricane|[from] ability: Cursed Body|[of] p2a: Gengar\n|faint|p2a: Gengar\n|\n|upkeep\n|inactive|Time left: 300 sec this turn | 300 sec total | 5 sec grace\n|\n|t:|1783554505\n|switch|p2a: Noivern|Noivern, L82, F|274/274\n|turn|17\n|inactive|Time left: 300 sec this turn | 300 sec total\n|\n|t:|1783554506\n|move|p2a: Noivern|Hurricane|p1a: Noctowl|[miss]\n|-miss|p2a: Noivern|p1a: Noctowl\n|-activate|p1a: Noctowl|move: Struggle\n|move|p1a: Noctowl|Struggle|p2a: Noivern\n|-damage|p2a: Noivern|252/274\n|-damage|p1a: Noctowl|58/100|[from] recoil\n|\n|upkeep\n|turn|18\n|inactive|Time left: 300 sec this turn | 300 sec total\n|\n|t:|1783554508\n|move|p2a: Noivern|Hurricane|p1a: Noctowl\n|-damage|p1a: Noctowl|46/100\n|-activate|p1a: Noctowl|move: Struggle\n|move|p1a: Noctowl|Struggle|p2a: Noivern\n|-damage|p2a: Noivern|231/274\n|-damage|p1a: Noctowl|21/100|[from] recoil\n|\n|upkeep\n|turn|19\n|inactive|Time left: 300 sec this turn | 300 sec total\n|\n|t:|1783554509\n|move|p2a: Noivern|Hurricane|p1a: Noctowl\n|-damage|p1a: Noctowl|7/100\n|-activate|p1a: Noctowl|move: Struggle\n|move|p1a: Noctowl|Struggle|p2a: Noivern\n|-damage|p2a: Noivern|209/274\n|-damage|p1a: Noctowl|0 fnt|[from] recoil\n|faint|p1a: Noctowl\n|\n|upkeep\n|\n|t:|1783554510\n|switch|p1a: Zebstrika|Zebstrika, L87, F|91/100\n|turn|20\n|inactive|Time left: 300 sec this turn | 300 sec total\n|\n|t:|1783554511\n|move|p1a: Zebstrika|Supercell Slam|p2a: Noivern\n|-damage|p2a: Noivern|48/274\n|-damage|p1a: Zebstrika|81/100|[from] item: Life Orb\n|move|p2a: Noivern|Roost|p2a: Noivern\n|-heal|p2a: Noivern|185/274\n|-singleturn|p2a: Noivern|move: Roost\n|\n|upkeep\n|turn|21\n|inactive|Time left: 300 sec this turn | 300 sec total\n|\n|t:|1783554512\n|move|p1a: Zebstrika|Supercell Slam|p2a: Noivern\n|-damage|p2a: Noivern|29/274\n|-damage|p1a: Zebstrika|71/100|[from] item: Life Orb\n|move|p2a: Noivern|Roost|p2a: Noivern\n|-heal|p2a: Noivern|166/274\n|-singleturn|p2a: Noivern|move: Roost\n|\n|upkeep\n|turn|22\n|inactive|Time left: 300 sec this turn | 300 sec total\n|\n|t:|1783554513\n|move|p1a: Zebstrika|Supercell Slam|p2a: Noivern\n|-damage|p2a: Noivern|10/274\n|-damage|p1a: Zebstrika|61/100|[from] item: Life Orb\n|move|p2a: Noivern|Draco Meteor|p1a: Zebstrika\n|-damage|p1a: Zebstrika|0 fnt\n|-unboost|p2a: Noivern|spa|2\n|faint|p1a: Zebstrika\n|\n|upkeep\n|\n|t:|1783554514\n|switch|p1a: Swalot|Swalot, L90, M|63/100\n|turn|23\n|inactive|Time left: 300 sec this turn | 300 sec total\n|\n|t:|1783554515\n|switch|p2a: Scizor|Scizor, L79, F|240/240\n|move|p1a: Swalot|Earthquake|p2a: Scizor\n|-damage|p2a: Scizor|177/240\n|\n|-heal|p1a: Swalot|69/100|[from] item: Leftovers\n|-heal|p2a: Scizor|192/240|[from] item: Leftovers\n|upkeep\n|turn|24\n|inactive|Time left: 300 sec this turn | 300 sec total\n|\n|t:|1783554516\n|move|p1a: Swalot|Earthquake|p2a: Scizor\n|-damage|p2a: Scizor|129/240\n|move|p2a: Scizor|Knock Off|p1a: Swalot\n|-damage|p1a: Swalot|48/100\n|-enditem|p1a: Swalot|Leftovers|[from] move: Knock Off|[of] p2a: Scizor\n|\n|-heal|p2a: Scizor|144/240|[from] item: Leftovers\n|upkeep\n|turn|25\n|inactive|Time left: 300 sec this turn | 300 sec total\n|\n|t:|1783554517\n|move|p1a: Swalot|Protect|p1a: Swalot\n|-singleturn|p1a: Swalot|Protect\n|move|p2a: Scizor|Bullet Punch|p1a: Swalot\n|-activate|p1a: Swalot|move: Protect\n|\n|-heal|p2a: Scizor|159/240|[from] item: Leftovers\n|upkeep\n|turn|26\n|inactive|Time left: 300 sec this turn | 300 sec total\n|\n|t:|1783554518\n|move|p2a: Scizor|Bullet Punch|p1a: Swalot\n|-damage|p1a: Swalot|26/100\n|move|p1a: Swalot|Earthquake|p2a: Scizor\n|-damage|p2a: Scizor|96/240\n|\n|-heal|p2a: Scizor|111/240|[from] item: Leftovers\n|upkeep\n|turn|27\n|inactive|Time left: 300 sec this turn | 300 sec total\n|\n|t:|1783554519\n|move|p1a: Swalot|Protect|p1a: Swalot\n|-singleturn|p1a: Swalot|Protect\n|move|p2a: Scizor|Bullet Punch|p1a: Swalot\n|-activate|p1a: Swalot|move: Protect\n|\n|-heal|p2a: Scizor|126/240|[from] item: Leftovers\n|upkeep\n|turn|28\n|inactive|Time left: 300 sec this turn | 300 sec total\n|\n|t:|1783554520\n|move|p1a: Swalot|Protect||[still]\n|-fail|p1a: Swalot\n|move|p2a: Scizor|Bullet Punch|p1a: Swalot\n|-damage|p1a: Swalot|3/100\n|\n|-heal|p2a: Scizor|141/240|[from] item: Leftovers\n|upkeep\n|turn|29\n|inactive|Time left: 300 sec this turn | 300 sec total\n|\n|t:|1783554521\n|move|p1a: Swalot|Protect|p1a: Swalot\n|-singleturn|p1a: Swalot|Protect\n|move|p2a: Scizor|Knock Off|p1a: Swalot\n|-activate|p1a: Swalot|move: Protect\n|\n|-heal|p2a: Scizor|156/240|[from] item: Leftovers\n|upkeep\n|turn|30\n|inactive|Time left: 300 sec this turn | 300 sec total\n|\n|t:|1783554522\n|move|p1a: Swalot|Protect||[still]\n|-fail|p1a: Swalot\n|move|p2a: Scizor|Knock Off|p1a: Swalot\n|-damage|p1a: Swalot|0 fnt\n|faint|p1a: Swalot\n|\n|win|p0y12500f87", "uploadtime": 1783554522, "views": 0, "rating": 0, "private": 0, "password": null, "_winner": "p0y12500f87", "_our_name": "p0y12500f87"}