{"id": "battle-gen9randombattle-53", "formatid": "gen9randombattle", "format": "[Gen 9] Random Battle", "players": ["p0x0535560", "p0y053045b"], "log": "|init|battle\n|title|p0x0535560 vs. p0y053045b\n|j|\u2606p0x0535560\n|j|\u2606p0y053045b\n|t:|1783539805\n|gametype|singles\n|player|p1|p0x0535560|266|\n|player|p2|p0y053045b|1|\n|gen|9\n|tier|[Gen 9] Random Battle\n|rule|Species Clause: Limit one of each Pok\u00e9mon\n|rule|HP Percentage Mod: HP is shown in percentages\n|rule|Sleep Clause Mod: Limit one foe put to sleep\n|rule|Illusion Level Mod: Illusion disguises the Pok\u00e9mon's true level\n|\n|t:|1783539805\n|teamsize|p1|6\n|teamsize|p2|6\n|start\n|switch|p1a: Toucannon|Toucannon, L88, M|100/100\n|switch|p2a: Lucario|Lucario, L84, F|255/255\n|turn|1\n|inactive|Battle timer is ON: inactive players will automatically lose when time's up. (requested by p0y053045b)\n|\n|t:|1783539807\n|-singleturn|p1a: Toucannon|move: Beak Blast\n|move|p2a: Lucario|Focus Blast|p1a: Toucannon|[miss]\n|-miss|p2a: Lucario|p1a: Toucannon\n|move|p1a: Toucannon|Beak Blast|p2a: Lucario\n|-damage|p2a: Lucario|102/255\n|\n|upkeep\n|turn|2\n|inactive|Time left: 300 sec this turn | 300 sec total\n|inactive|p0x0535560 also wants the timer to be on.\n|\n|t:|1783539808\n|switch|p2a: Glastrier|Glastrier, L86|311/311\n|-singleturn|p1a: Toucannon|move: Beak Blast\n|move|p1a: Toucannon|Beak Blast|p2a: Glastrier\n|-damage|p2a: Glastrier|205/311\n|\n|upkeep\n|turn|3\n|inactive|Time left: 300 sec this turn | 300 sec total\n|\n|t:|1783539809\n|move|p1a: Toucannon|Boomburst|p2a: Glastrier\n|-damage|p2a: Glastrier|91/311\n|move|p2a: Glastrier|Icicle Crash|p1a: Toucannon\n|-supereffective|p1a: Toucannon\n|-damage|p1a: Toucannon|0 fnt\n|faint|p1a: Toucannon\n|-ability|p2a: Glastrier|Chilling Neigh|boost\n|-boost|p2a: Glastrier|atk|1\n|\n|upkeep\n|\n|t:|1783539810\n|switch|p1a: Ninetales|Ninetales, L85, M|100/100\n|-weather|SunnyDay|[from] ability: Drought|[of] p1a: Ninetales\n|turn|4\n|inactive|Time left: 300 sec this turn | 300 sec total\n|\n|t:|1783539811\n|move|p1a: Ninetales|Fire Blast|p2a: Glastrier\n|-supereffective|p2a: Glastrier\n|-damage|p2a: Glastrier|0 fnt\n|faint|p2a: Glastrier\n|\n|-weather|SunnyDay|[upkeep]\n|upkeep\n|inactive|Time left: 300 sec this turn | 300 sec total | 5 sec grace\n|\n|t:|1783539812\n|switch|p2a: Chandelure|Chandelure, L83, M|235/235\n|turn|5\n|inactive|Time left: 300 sec this turn | 300 sec total\n|\n|t:|1783539813\n|move|p2a: Chandelure|Fire Blast|p1a: Ninetales\n|-resisted|p1a: Ninetales\n|-damage|p1a: Ninetales|61/100\n|move|p1a: Ninetales|Nasty Plot|p1a: Ninetales\n|-boost|p1a: Ninetales|spa|2\n|\n|-weather|SunnyDay|[upkeep]\n|upkeep\n|turn|6\n|inactive|Time left: 300 sec this turn | 300 sec total\n|\n|t:|1783539814\n|move|p2a: Chandelure|Fire Blast|p1a: Ninetales|[miss]\n|-miss|p2a: Chandelure|p1a: Ninetales\n|move|p1a: Ninetales|Scorching Sands|p2a: Chandelure\n|-supereffective|p2a: Chandelure\n|-crit|p2a: Chandelure\n|-damage|p2a: Chandelure|0 fnt\n|faint|p2a: Chandelure\n|\n|-weather|SunnyDay|[upkeep]\n|upkeep\n|inactive|Time left: 300 sec this turn | 300 sec total | 5 sec grace\n|\n|t:|1783539815\n|switch|p2a: Zacian|Zacian, L69|241/241\n|-ability|p2a: Zacian|Intrepid Sword|boost\n|-boost|p2a: Zacian|atk|1\n|turn|7\n|inactive|Time left: 300 sec this turn | 300 sec total\n|\n|t:|1783539816\n|move|p2a: Zacian|Close Combat|p1a: Ninetales\n|-damage|p1a: Ninetales|2/100\n|-unboost|p2a: Zacian|def|1\n|-unboost|p2a: Zacian|spd|1\n|move|p1a: Ninetales|Fire Blast|p2a: Zacian\n|-damage|p2a: Zacian|0 fnt\n|faint|p2a: Zacian\n|\n|-weather|SunnyDay|[upkeep]\n|upkeep\n|inactive|Time left: 300 sec this turn | 300 sec total | 5 sec grace\n|\n|t:|1783539817\n|switch|p2a: Darkrai|Darkrai, L77|234/234\n|turn|8\n|inactive|Time left: 300 sec this turn | 300 sec total\n|\n|t:|1783539818\n|move|p2a: Darkrai|Sludge Bomb|p1a: Ninetales\n|-damage|p1a: Ninetales|0 fnt\n|faint|p1a: Ninetales\n|-damage|p2a: Darkrai|211/234|[from] item: Life Orb\n|\n|-weather|none\n|upkeep\n|\n|t:|1783539818\n|switch|p1a: Vileplume|Vileplume, L85, M|100/100\n|turn|9\n|inactive|Time left: 300 sec this turn | 300 sec total\n|\n|t:|1783539819\n|move|p2a: Darkrai|Nasty Plot|p2a: Darkrai\n|-boost|p2a: Darkrai|spa|2\n|move|p1a: Vileplume|Sludge Bomb|p2a: Darkrai\n|-damage|p2a: Darkrai|102/234\n|\n|upkeep\n|turn|10\n|inactive|Time left: 300 sec this turn | 300 sec total\n|\n|t:|1783539820\n|move|p2a: Darkrai|Dark Pulse|p1a: Vileplume\n|-damage|p1a: Vileplume|12/100\n|-damage|p2a: Darkrai|79/234|[from] item: Life Orb\n|cant|p1a: Vileplume|flinch\n|\n|-heal|p1a: Vileplume|18/100|[from] item: Leftovers\n|upkeep\n|turn|11\n|inactive|Time left: 300 sec this turn | 300 sec total\n|\n|t:|1783539821\n|move|p2a: Darkrai|Dark Pulse|p1a: Vileplume\n|-damage|p1a: Vileplume|0 fnt\n|faint|p1a: Vileplume\n|-damage|p2a: Darkrai|56/234|[from] item: Life Orb\n|\n|upkeep\n|\n|t:|1783539822\n|switch|p1a: Dusknoir|Dusknoir, L89, F|100/100\n|-item|p2a: Darkrai|Life Orb|[from] ability: Frisk|[of] p1a: Dusknoir\n|turn|12\n|inactive|Time left: 300 sec this turn | 300 sec total\n|\n|t:|1783539823\n|move|p1a: Dusknoir|Shadow Sneak|p2a: Darkrai\n|-resisted|p2a: Darkrai\n|-damage|p2a: Darkrai|20/234\n|-damage|p1a: Dusknoir|91/100|[from] item: Life Orb\n|move|p2a: Darkrai|Dark Pulse|p1a: Dusknoir\n|-supereffective|p1a: Dusknoir\n|-damage|p1a: Dusknoir|0 fnt\n|faint|p1a: Dusknoir\n|-damage|p2a: Darkrai|0 fnt|[from] item: Life Orb\n|faint|p2a: Darkrai\n|\n|upkeep\n|inactive|Time left: 300 sec this turn | 300 sec total | 5 sec grace\n|\n|t:|1783539824\n|switch|p2a: Carbink|Carbink, L90|236/236\n|switch|p1a: Oricorio|Oricorio-Sensu, L85, F|100/100\n|turn|13\n|inactive|Time left: 300 sec this turn | 300 sec total\n|\n|t:|1783539825\n|move|p1a: Oricorio|Quiver Dance|p1a: Oricorio\n|-boost|p1a: Oricorio|spa|1\n|-boost|p1a: Oricorio|spd|1\n|-boost|p1a: Oricorio|spe|1\n|move|p2a: Carbink|Iron Defense|p2a: Carbink\n|-boost|p2a: Carbink|def|2\n|\n|upkeep\n|turn|14\n|inactive|Time left: 300 sec this turn | 300 sec total\n|\n|t:|1783539826\n|move|p1a: Oricorio|Quiver Dance|p1a: Oricorio\n|-boost|p1a: Oricorio|spa|1\n|-boost|p1a: Oricorio|spd|1\n|-boost|p1a: Oricorio|spe|1\n|move|p2a: Carbink|Moonblast|p1a: Oricorio\n|-damage|p1a: Oricorio|84/100\n|\n|upkeep\n|turn|15\n|inactive|Time left: 300 sec this turn | 300 sec total\n|\n|t:|1783539827\n|move|p1a: Oricorio|Revelation Dance|p2a: Carbink\n|-damage|p2a: Carbink|106/236\n|move|p2a: Carbink|Moonblast|p1a: Oricorio\n|-damage|p1a: Oricorio|68/100\n|\n|-heal|p2a: Carbink|120/236|[from] item: Leftovers\n|upkeep\n|turn|16\n|inactive|Time left: 300 sec this turn | 300 sec total\n|\n|t:|1783539828\n|move|p1a: Oricorio|Revelation Dance|p2a: Carbink\n|-damage|p2a: Carbink|0 fnt\n|faint|p2a: Carbink\n|\n|upkeep\n|inactive|Time left: 300 sec this turn | 300 sec total | 5 sec grace\n|\n|t:|1783539829\n|switch|p2a: Lucario|Lucario, L84, F|102/255\n|turn|17\n|inactive|Time left: 300 sec this turn | 300 sec total\n|\n|t:|1783539830\n|-terastallize|p2a: Lucario|Fighting\n|move|p1a: Oricorio|Revelation Dance|p2a: Lucario\n|-damage|p2a: Lucario|0 fnt\n|faint|p2a: Lucario\n|\n|win|p0x0535560", "uploadtime": 1783539830, "views": 0, "rating": 0, "private": 0, "password": null, "_winner": "p0x0535560", "_our_name": "p0y053045b"}