{"id": "battle-gen9randombattle-2273", "formatid": "gen9randombattle", "format": "[Gen 9] Random Battle", "players": ["p0x22734566", "p0y22736763"], "log": "|init|battle\n|title|p0x22734566 vs. p0y22736763\n|j|\u2606p0x22734566\n|j|\u2606p0y22736763\n|t:|1783565386\n|gametype|singles\n|player|p1|p0x22734566|101|\n|player|p2|p0y22736763|2|\n|gen|9\n|tier|[Gen 9] Random Battle\n|rule|Species Clause: Limit one of each Pok\u00e9mon\n|rule|HP Percentage Mod: HP is shown in percentages\n|rule|Sleep Clause Mod: Limit one foe put to sleep\n|rule|Illusion Level Mod: Illusion disguises the Pok\u00e9mon's true level\n|\n|t:|1783565386\n|teamsize|p1|6\n|teamsize|p2|6\n|start\n|switch|p1a: Noivern|Noivern, L82, M|100/100\n|switch|p2a: Barraskewda|Barraskewda, L81, F|231/231\n|turn|1\n|inactive|Battle timer is ON: inactive players will automatically lose when time's up. (requested by p0y22736763)\n|inactive|p0x22734566 also wants the timer to be on.\n|\n|t:|1783565387\n|move|p2a: Barraskewda|Waterfall|p1a: Noivern\n|-resisted|p1a: Noivern\n|-damage|p1a: Noivern|73/100\n|cant|p1a: Noivern|flinch\n|\n|upkeep\n|turn|2\n|inactive|Time left: 300 sec this turn | 300 sec total\n|\n|t:|1783565389\n|move|p2a: Barraskewda|Waterfall|p1a: Noivern\n|-resisted|p1a: Noivern\n|-damage|p1a: Noivern|42/100\n|cant|p1a: Noivern|flinch\n|\n|upkeep\n|turn|3\n|inactive|Time left: 300 sec this turn | 300 sec total\n|\n|t:|1783565390\n|move|p2a: Barraskewda|Waterfall|p1a: Noivern\n|-resisted|p1a: Noivern\n|-damage|p1a: Noivern|11/100\n|move|p1a: Noivern|Hurricane|p2a: Barraskewda|[miss]\n|-miss|p1a: Noivern|p2a: Barraskewda\n|\n|upkeep\n|turn|4\n|inactive|Time left: 300 sec this turn | 300 sec total\n|\n|t:|1783565391\n|switch|p1a: Basculin|Basculin, L86, F|100/100\n|move|p2a: Barraskewda|Waterfall|p1a: Basculin\n|-resisted|p1a: Basculin\n|-damage|p1a: Basculin|68/100\n|\n|upkeep\n|turn|5\n|inactive|Time left: 300 sec this turn | 300 sec total\n|\n|t:|1783565392\n|move|p2a: Barraskewda|Waterfall|p1a: Basculin\n|-resisted|p1a: Basculin\n|-damage|p1a: Basculin|37/100\n|move|p1a: Basculin|Wave Crash|p2a: Barraskewda\n|-resisted|p2a: Barraskewda\n|-damage|p2a: Barraskewda|57/231\n|-damage|p1a: Basculin|15/100|[from] Recoil\n|\n|upkeep\n|turn|6\n|inactive|Time left: 300 sec this turn | 300 sec total\n|\n|t:|1783565393\n|switch|p1a: Lugia|Lugia, L73|100/100\n|move|p2a: Barraskewda|Waterfall|p1a: Lugia\n|-damage|p1a: Lugia|80/100\n|\n|upkeep\n|turn|7\n|inactive|Time left: 300 sec this turn | 300 sec total\n|\n|t:|1783565394\n|move|p2a: Barraskewda|Waterfall|p1a: Lugia\n|-damage|p1a: Lugia|37/100\n|move|p1a: Lugia|Psychic Noise|p2a: Barraskewda\n|-damage|p2a: Barraskewda|0 fnt\n|faint|p2a: Barraskewda\n|\n|upkeep\n|inactive|Time left: 300 sec this turn | 300 sec total | 5 sec grace\n|\n|t:|1783565395\n|switch|p2a: Iron Thorns|Iron Thorns, L83|302/302\n|-enditem|p2a: Iron Thorns|Booster Energy\n|-activate|p2a: Iron Thorns|ability: Quark Drive|[fromitem]\n|-start|p2a: Iron Thorns|quarkdriveatk\n|turn|8\n|inactive|Time left: 300 sec this turn | 300 sec total\n|\n|t:|1783565396\n|move|p1a: Lugia|Recover|p1a: Lugia\n|-heal|p1a: Lugia|87/100\n|move|p2a: Iron Thorns|Wild Charge|p1a: Lugia\n|-supereffective|p1a: Lugia\n|-damage|p1a: Lugia|0 fnt\n|faint|p1a: Lugia\n|-damage|p2a: Iron Thorns|242/302|[from] Recoil\n|\n|upkeep\n|\n|t:|1783565397\n|switch|p1a: Basculin|Basculin, L86, F|15/100\n|turn|9\n|inactive|Time left: 300 sec this turn | 300 sec total\n|\n|t:|1783565398\n|-terastallize|p2a: Iron Thorns|Flying\n|move|p1a: Basculin|Wave Crash|p2a: Iron Thorns\n|-crit|p2a: Iron Thorns\n|-damage|p2a: Iron Thorns|0 fnt\n|faint|p2a: Iron Thorns\n|-end|p2a: Iron Thorns|Quark Drive|[silent]\n|-damage|p1a: Basculin|0 fnt|[from] Recoil\n|faint|p1a: Basculin\n|\n|upkeep\n|inactive|Time left: 300 sec this turn | 300 sec total | 5 sec grace\n|\n|t:|1783565399\n|switch|p1a: Zacian|Zacian-Crowned, L64|100/100\n|switch|p2a: Rabsca|Rabsca, L91, M|284/284\n|-ability|p1a: Zacian|Intrepid Sword|boost\n|-boost|p1a: Zacian|atk|1\n|turn|10\n|inactive|Time left: 300 sec this turn | 300 sec total\n|\n|t:|1783565400\n|move|p1a: Zacian|Behemoth Blade|p2a: Rabsca\n|-damage|p2a: Rabsca|163/284\n|move|p2a: Rabsca|Earth Power|p1a: Zacian\n|-supereffective|p1a: Zacian\n|-damage|p1a: Zacian|21/100\n|\n|upkeep\n|turn|11\n|inactive|Time left: 300 sec this turn | 300 sec total\n|\n|t:|1783565401\n|move|p1a: Zacian|Behemoth Blade|p2a: Rabsca\n|-damage|p2a: Rabsca|33/284\n|move|p2a: Rabsca|Psychic|p1a: Zacian\n|-resisted|p1a: Zacian\n|-damage|p1a: Zacian|0 fnt\n|faint|p1a: Zacian\n|\n|upkeep\n|\n|t:|1783565402\n|switch|p1a: Ceruledge|Ceruledge, L78, F|100/100\n|turn|12\n|inactive|Time left: 300 sec this turn | 300 sec total\n|\n|t:|1783565403\n|switch|p2a: Cramorant|Cramorant, L86, F|261/261\n|move|p1a: Ceruledge|Swords Dance|p1a: Ceruledge\n|-boost|p1a: Ceruledge|atk|2\n|\n|upkeep\n|turn|13\n|inactive|Time left: 300 sec this turn | 300 sec total\n|\n|t:|1783565404\n|move|p2a: Cramorant|Surf|p1a: Ceruledge\n|-formechange|p2a: Cramorant|Cramorant-Gulping|\n|-supereffective|p1a: Ceruledge\n|-damage|p1a: Ceruledge|31/100\n|move|p1a: Ceruledge|Poltergeist|p2a: Cramorant|[miss]\n|-miss|p1a: Ceruledge|p2a: Cramorant\n|\n|upkeep\n|turn|14\n|inactive|Time left: 300 sec this turn | 300 sec total\n|\n|t:|1783565405\n|switch|p1a: Arbok|Arbok, L87, F|100/100\n|-ability|p1a: Arbok|Intimidate|boost\n|-unboost|p2a: Cramorant|atk|1\n|move|p2a: Cramorant|Brave Bird|p1a: Arbok\n|-damage|p1a: Arbok|64/100\n|-damage|p2a: Cramorant|231/261|[from] Recoil\n|\n|-heal|p1a: Arbok|70/100|[from] item: Leftovers\n|upkeep\n|turn|15\n|inactive|Time left: 300 sec this turn | 300 sec total\n|\n|t:|1783565406\n|move|p2a: Cramorant|Surf|p1a: Arbok\n|-damage|p1a: Arbok|30/100\n|move|p1a: Arbok|Coil|p1a: Arbok\n|-boost|p1a: Arbok|atk|1\n|-boost|p1a: Arbok|def|1\n|-boost|p1a: Arbok|accuracy|1\n|\n|-heal|p1a: Arbok|36/100|[from] item: Leftovers\n|upkeep\n|turn|16\n|inactive|Time left: 300 sec this turn | 300 sec total\n|\n|t:|1783565407\n|move|p2a: Cramorant|Surf|p1a: Arbok\n|-damage|p1a: Arbok|0 fnt\n|faint|p1a: Arbok\n|\n|upkeep\n|\n|t:|1783565408\n|switch|p1a: Noivern|Noivern, L82, M|11/100\n|turn|17\n|inactive|Time left: 300 sec this turn | 300 sec total\n|\n|t:|1783565409\n|move|p1a: Noivern|Roost|p1a: Noivern\n|-heal|p1a: Noivern|61/100\n|-singleturn|p1a: Noivern|move: Roost\n|move|p2a: Cramorant|Surf|p1a: Noivern\n|-resisted|p1a: Noivern\n|-damage|p1a: Noivern|45/100\n|\n|upkeep\n|turn|18\n|inactive|Time left: 300 sec this turn | 300 sec total\n|\n|t:|1783565410\n|move|p1a: Noivern|Roost|p1a: Noivern\n|-heal|p1a: Noivern|95/100\n|-singleturn|p1a: Noivern|move: Roost\n|move|p2a: Cramorant|Brave Bird|p1a: Noivern\n|-damage|p1a: Noivern|60/100\n|-damage|p2a: Cramorant|200/261|[from] Recoil\n|\n|upkeep\n|turn|19\n|inactive|Time left: 300 sec this turn | 300 sec total\n|\n|t:|1783565411\n|move|p1a: Noivern|Roost|p1a: Noivern\n|-heal|p1a: Noivern|100/100\n|-singleturn|p1a: Noivern|move: Roost\n|move|p2a: Cramorant|Brave Bird|p1a: Noivern\n|-damage|p1a: Noivern|68/100\n|-damage|p2a: Cramorant|171/261|[from] Recoil\n|\n|upkeep\n|turn|20\n|inactive|Time left: 300 sec this turn | 300 sec total\n|\n|t:|1783565412\n|move|p1a: Noivern|Roost|p1a: Noivern\n|-heal|p1a: Noivern|100/100\n|-singleturn|p1a: Noivern|move: Roost\n|move|p2a: Cramorant|Roost|p2a: Cramorant\n|-heal|p2a: Cramorant|261/261\n|-singleturn|p2a: Cramorant|move: Roost\n|\n|upkeep\n|turn|21\n|inactive|Time left: 300 sec this turn | 300 sec total\n|\n|t:|1783565413\n|move|p1a: Noivern|Hurricane|p2a: Cramorant|[miss]\n|-miss|p1a: Noivern|p2a: Cramorant\n|move|p2a: Cramorant|Surf|p1a: Noivern\n|-resisted|p1a: Noivern\n|-damage|p1a: Noivern|82/100\n|\n|upkeep\n|turn|22\n|inactive|Time left: 300 sec this turn | 300 sec total\n|\n|t:|1783565414\n|move|p1a: Noivern|Hurricane|p2a: Cramorant|[miss]\n|-miss|p1a: Noivern|p2a: Cramorant\n|move|p2a: Cramorant|Surf|p1a: Noivern\n|-resisted|p1a: Noivern\n|-damage|p1a: Noivern|63/100\n|\n|upkeep\n|turn|23\n|inactive|Time left: 300 sec this turn | 300 sec total\n|\n|t:|1783565415\n|move|p1a: Noivern|Roost|p1a: Noivern\n|-heal|p1a: Noivern|100/100\n|-singleturn|p1a: Noivern|move: Roost\n|move|p2a: Cramorant|Brave Bird|p1a: Noivern\n|-damage|p1a: Noivern|67/100\n|-damage|p2a: Cramorant|231/261|[from] Recoil\n|\n|upkeep\n|turn|24\n|inactive|Time left: 300 sec this turn | 300 sec total\n|\n|t:|1783565416\n|move|p1a: Noivern|Roost|p1a: Noivern\n|-heal|p1a: Noivern|100/100\n|-singleturn|p1a: Noivern|move: Roost\n|move|p2a: Cramorant|Brave Bird|p1a: Noivern\n|-damage|p1a: Noivern|70/100\n|-damage|p2a: Cramorant|203/261|[from] Recoil\n|\n|upkeep\n|turn|25\n|inactive|Time left: 300 sec this turn | 300 sec total\n|\n|t:|1783565417\n|move|p1a: Noivern|Roost|p1a: Noivern\n|-heal|p1a: Noivern|100/100\n|-singleturn|p1a: Noivern|move: Roost\n|move|p2a: Cramorant|Brave Bird|p1a: Noivern\n|-damage|p1a: Noivern|71/100\n|-damage|p2a: Cramorant|176/261|[from] Recoil\n|\n|upkeep\n|turn|26\n|inactive|Time left: 300 sec this turn | 300 sec total\n|\n|t:|1783565418\n|move|p1a: Noivern|Roost|p1a: Noivern\n|-heal|p1a: Noivern|100/100\n|-singleturn|p1a: Noivern|move: Roost\n|move|p2a: Cramorant|Roost|p2a: Cramorant\n|-heal|p2a: Cramorant|261/261\n|-singleturn|p2a: Cramorant|move: Roost\n|\n|upkeep\n|turn|27\n|inactive|Time left: 300 sec this turn | 300 sec total\n|\n|t:|1783565419\n|move|p1a: Noivern|Hurricane|p2a: Cramorant|[miss]\n|-miss|p1a: Noivern|p2a: Cramorant\n|move|p2a: Cramorant|Surf|p1a: Noivern\n|-resisted|p1a: Noivern\n|-damage|p1a: Noivern|81/100\n|\n|upkeep\n|turn|28\n|inactive|Time left: 300 sec this turn | 300 sec total\n|\n|t:|1783565420\n|move|p1a: Noivern|Hurricane|p2a: Cramorant\n|-damage|p2a: Cramorant|164/261\n|-damage|p1a: Noivern|56/100|[from] ability: Gulp Missile|[of] p2a: Cramorant\n|-unboost|p1a: Noivern|def|1\n|-formechange|p2a: Cramorant|Cramorant|\n|move|p2a: Cramorant|Surf|p1a: Noivern\n|-formechange|p2a: Cramorant|Cramorant-Gulping|\n|-resisted|p1a: Noivern\n|-damage|p1a: Noivern|40/100\n|\n|upkeep\n|turn|29\n|inactive|Time left: 300 sec this turn | 300 sec total\n|\n|t:|1783565421\n|move|p1a: Noivern|Hurricane|p2a: Cramorant\n|-crit|p2a: Cramorant\n|-damage|p2a: Cramorant|22/261\n|-start|p2a: Cramorant|confusion\n|-damage|p1a: Noivern|15/100|[from] ability: Gulp Missile|[of] p2a: Cramorant\n|-unboost|p1a: Noivern|def|1\n|-formechange|p2a: Cramorant|Cramorant|\n|-activate|p2a: Cramorant|confusion\n|move|p2a: Cramorant|Brave Bird|p1a: Noivern\n|-damage|p1a: Noivern|0 fnt\n|faint|p1a: Noivern\n|-damage|p2a: Cramorant|9/261|[from] Recoil\n|\n|upkeep\n|\n|t:|1783565422\n|switch|p1a: Ceruledge|Ceruledge, L78, F|31/100\n|turn|30\n|inactive|Time left: 300 sec this turn | 300 sec total\n|\n|t:|1783565422\n|move|p1a: Ceruledge|Shadow Sneak|p2a: Cramorant\n|-damage|p2a: Cramorant|0 fnt\n|faint|p2a: Cramorant\n|\n|upkeep\n|inactive|Time left: 300 sec this turn | 300 sec total | 5 sec grace\n|\n|t:|1783565423\n|switch|p2a: Infernape|Infernape, L82, M|259/259\n|turn|31\n|inactive|Time left: 300 sec this turn | 300 sec total\n|\n|t:|1783565424\n|move|p2a: Infernape|Overheat|p1a: Ceruledge|[miss]\n|-miss|p2a: Infernape|p1a: Ceruledge\n|move|p1a: Ceruledge|Poltergeist|p2a: Infernape|[miss]\n|-miss|p1a: Ceruledge|p2a: Infernape\n|\n|upkeep\n|turn|32\n|inactive|Time left: 300 sec this turn | 300 sec total\n|\n|t:|1783565425\n|move|p2a: Infernape|Overheat|p1a: Ceruledge\n|-resisted|p1a: Ceruledge\n|-damage|p1a: Ceruledge|0 fnt\n|-unboost|p2a: Infernape|spa|2\n|faint|p1a: Ceruledge\n|-damage|p2a: Infernape|234/259|[from] item: Life Orb\n|\n|win|p0y22736763", "uploadtime": 1783565425, "views": 0, "rating": 0, "private": 0, "password": null, "_winner": "p0y22736763", "_our_name": "p0y22736763"}