{"id": "battle-gen9randombattle-958", "formatid": "gen9randombattle", "format": "[Gen 9] Random Battle", "players": ["p0x9584390", "p0y958fde8"], "log": "|init|battle\n|title|p0x9584390 vs. p0y958fde8\n|j|\u2606p0x9584390\n|j|\u2606p0y958fde8\n|t:|1783550244\n|gametype|singles\n|player|p1|p0x9584390|170|\n|player|p2|p0y958fde8|169|\n|gen|9\n|tier|[Gen 9] Random Battle\n|rule|Species Clause: Limit one of each Pok\u00e9mon\n|rule|HP Percentage Mod: HP is shown in percentages\n|rule|Sleep Clause Mod: Limit one foe put to sleep\n|rule|Illusion Level Mod: Illusion disguises the Pok\u00e9mon's true level\n|\n|t:|1783550244\n|teamsize|p1|6\n|teamsize|p2|6\n|start\n|switch|p1a: Uxie|Uxie, L83|260/260\n|switch|p2a: Bellibolt|Bellibolt, L84, F|100/100\n|turn|1\n|inactive|Battle timer is ON: inactive players will automatically lose when time's up. (requested by p0y958fde8)\n|inactive|Time left: 300 sec this turn | 300 sec total | 60 sec grace\n|inactive|p0x9584390 also wants the timer to be on.\n|\n|t:|1783550246\n|move|p1a: Uxie|Stealth Rock|p2a: Bellibolt\n|-sidestart|p2: p0y958fde8|move: Stealth Rock\n|move|p2a: Bellibolt|Thunderbolt|p1a: Uxie\n|-damage|p1a: Uxie|182/260\n|\n|-heal|p1a: Uxie|198/260|[from] item: Leftovers\n|upkeep\n|turn|2\n|inactive|Time left: 300 sec this turn | 300 sec total\n|\n|t:|1783550247\n|move|p1a: Uxie|Knock Off|p2a: Bellibolt\n|-crit|p2a: Bellibolt\n|-damage|p2a: Bellibolt|73/100\n|-start|p2a: Bellibolt|Charge|Knock Off|[from] ability: Electromorphosis\n|-enditem|p2a: Bellibolt|Leftovers|[from] move: Knock Off|[of] p1a: Uxie\n|move|p2a: Bellibolt|Thunderbolt|p1a: Uxie\n|-damage|p1a: Uxie|50/260\n|-end|p2a: Bellibolt|Charge|[silent]\n|\n|-heal|p1a: Uxie|66/260|[from] item: Leftovers\n|upkeep\n|turn|3\n|inactive|Time left: 300 sec this turn | 300 sec total\n|\n|t:|1783550248\n|switch|p1a: Grumpig|Grumpig, L92, F|297/297\n|move|p2a: Bellibolt|Thunderbolt|p1a: Grumpig\n|-crit|p1a: Grumpig\n|-damage|p1a: Grumpig|189/297\n|\n|-heal|p1a: Grumpig|207/297|[from] item: Leftovers\n|upkeep\n|turn|4\n|inactive|Time left: 300 sec this turn | 300 sec total\n|\n|t:|1783550249\n|move|p1a: Grumpig|Nasty Plot|p1a: Grumpig\n|-boost|p1a: Grumpig|spa|2\n|move|p2a: Bellibolt|Slack Off|p2a: Bellibolt\n|-heal|p2a: Bellibolt|100/100\n|\n|-heal|p1a: Grumpig|225/297|[from] item: Leftovers\n|upkeep\n|turn|5\n|inactive|Time left: 300 sec this turn | 300 sec total\n|\n|t:|1783550250\n|move|p1a: Grumpig|Psychic|p2a: Bellibolt\n|-crit|p2a: Bellibolt\n|-damage|p2a: Bellibolt|4/100\n|-start|p2a: Bellibolt|Charge|Psychic|[from] ability: Electromorphosis\n|move|p2a: Bellibolt|Volt Switch|p1a: Grumpig\n|-damage|p1a: Grumpig|99/297\n|-end|p2a: Bellibolt|Charge|[silent]\n|\n|t:|1783550251\n|switch|p2a: Staraptor|Staraptor, L79, F|100/100|[from] Volt Switch\n|-damage|p2a: Staraptor|76/100|[from] Stealth Rock\n|\n|-heal|p1a: Grumpig|117/297|[from] item: Leftovers\n|upkeep\n|turn|6\n|inactive|Time left: 300 sec this turn | 300 sec total\n|\n|t:|1783550253\n|move|p2a: Staraptor|Brave Bird|p1a: Grumpig\n|-damage|p1a: Grumpig|0 fnt\n|faint|p1a: Grumpig\n|-damage|p2a: Staraptor|61/100|[from] Recoil\n|\n|upkeep\n|inactive|Time left: 300 sec this turn | 300 sec total | 5 sec grace\n|\n|t:|1783550253\n|switch|p1a: Dialga|Dialga, L73|266/266\n|-ability|p1a: Dialga|Pressure\n|turn|7\n|inactive|Time left: 300 sec this turn | 300 sec total\n|\n|t:|1783550255\n|move|p2a: Staraptor|Brave Bird|p1a: Dialga\n|-resisted|p1a: Dialga\n|-damage|p1a: Dialga|164/266\n|-damage|p2a: Staraptor|48/100|[from] Recoil\n|move|p1a: Dialga|Heavy Slam|p2a: Staraptor\n|-damage|p2a: Staraptor|0 fnt\n|faint|p2a: Staraptor\n|\n|-heal|p1a: Dialga|180/266|[from] item: Leftovers\n|upkeep\n|\n|t:|1783550255\n|switch|p2a: Medicham|Medicham, L86, M|100/100\n|-damage|p2a: Medicham|94/100|[from] Stealth Rock\n|turn|8\n|inactive|Time left: 300 sec this turn | 300 sec total\n|\n|t:|1783550257\n|switch|p1a: Arbok|Arbok, L87, M|246/246\n|-ability|p1a: Arbok|Intimidate|boost\n|-unboost|p2a: Medicham|atk|1\n|move|p2a: Medicham|Close Combat|p1a: Arbok\n|-resisted|p1a: Arbok\n|-damage|p1a: Arbok|140/246\n|-unboost|p2a: Medicham|def|1\n|-unboost|p2a: Medicham|spd|1\n|\n|-heal|p1a: Arbok|155/246|[from] item: Leftovers\n|upkeep\n|turn|9\n|inactive|Time left: 300 sec this turn | 300 sec total\n|\n|t:|1783550258\n|move|p1a: Arbok|Coil|p1a: Arbok\n|-boost|p1a: Arbok|atk|1\n|-boost|p1a: Arbok|def|1\n|-boost|p1a: Arbok|accuracy|1\n|move|p2a: Medicham|Close Combat|p1a: Arbok\n|-resisted|p1a: Arbok\n|-damage|p1a: Arbok|87/246\n|-unboost|p2a: Medicham|def|1\n|-unboost|p2a: Medicham|spd|1\n|\n|-heal|p1a: Arbok|102/246|[from] item: Leftovers\n|upkeep\n|turn|10\n|inactive|Time left: 300 sec this turn | 300 sec total\n|\n|t:|1783550258\n|switch|p2a: Bellibolt|Bellibolt, L84, F|4/100\n|-damage|p2a: Bellibolt|0 fnt|[from] Stealth Rock\n|faint|p2a: Bellibolt\n|move|p1a: Arbok|Coil|p1a: Arbok\n|-boost|p1a: Arbok|atk|1\n|-boost|p1a: Arbok|def|1\n|-boost|p1a: Arbok|accuracy|1\n|\n|-heal|p1a: Arbok|117/246|[from] item: Leftovers\n|upkeep\n|\n|t:|1783550259\n|switch|p2a: Greninja|Greninja, L80, M|100/100\n|-damage|p2a: Greninja|88/100|[from] Stealth Rock\n|turn|11\n|inactive|Time left: 300 sec this turn | 300 sec total\n|\n|t:|1783550260\n|move|p2a: Greninja|Ice Beam|p1a: Arbok\n|-start|p2a: Greninja|typechange|Ice|[from] ability: Protean\n|-damage|p1a: Arbok|0 fnt\n|faint|p1a: Arbok\n|-damage|p2a: Greninja|79/100|[from] item: Life Orb\n|\n|upkeep\n|inactive|Time left: 300 sec this turn | 300 sec total | 5 sec grace\n|\n|t:|1783550261\n|switch|p1a: Mabosstiff|Mabosstiff, L86, F|278/278\n|turn|12\n|inactive|Time left: 300 sec this turn | 300 sec total\n|\n|t:|1783550262\n|move|p2a: Greninja|Ice Beam|p1a: Mabosstiff\n|-damage|p1a: Mabosstiff|148/278\n|-damage|p2a: Greninja|69/100|[from] item: Life Orb\n|move|p1a: Mabosstiff|Crunch|p2a: Greninja\n|-damage|p2a: Greninja|0 fnt\n|faint|p2a: Greninja\n|\n|upkeep\n|\n|t:|1783550263\n|switch|p2a: Medicham|Medicham, L86, M|94/100\n|-damage|p2a: Medicham|88/100|[from] Stealth Rock\n|turn|13\n|inactive|Time left: 300 sec this turn | 300 sec total\n|\n|t:|1783550264\n|move|p1a: Mabosstiff|Crunch|p2a: Medicham\n|-damage|p2a: Medicham|15/100\n|-unboost|p2a: Medicham|def|1\n|move|p2a: Medicham|Close Combat|p1a: Mabosstiff\n|-supereffective|p1a: Mabosstiff\n|-crit|p1a: Mabosstiff\n|-damage|p1a: Mabosstiff|0 fnt\n|-unboost|p2a: Medicham|def|1\n|-unboost|p2a: Medicham|spd|1\n|faint|p1a: Mabosstiff\n|\n|upkeep\n|inactive|Time left: 300 sec this turn | 300 sec total | 5 sec grace\n|\n|t:|1783550265\n|switch|p1a: Uxie|Uxie, L83|66/260\n|turn|14\n|inactive|Time left: 300 sec this turn | 300 sec total\n|\n|t:|1783550266\n|move|p1a: Uxie|Knock Off|p2a: Medicham\n|-damage|p2a: Medicham|0 fnt\n|-enditem|p2a: Medicham|Choice Band|[from] move: Knock Off|[of] p1a: Uxie\n|faint|p2a: Medicham\n|\n|-heal|p1a: Uxie|82/260|[from] item: Leftovers\n|upkeep\n|\n|t:|1783550268\n|switch|p2a: Cinderace|Cinderace, L77, M|100/100\n|turn|15\n|inactive|Time left: 300 sec this turn | 300 sec total\n|\n|t:|1783550269\n|switch|p1a: Quagsire|Quagsire, L84, F|297/297\n|move|p2a: Cinderace|Pyro Ball|p1a: Quagsire\n|-resisted|p1a: Quagsire\n|-damage|p1a: Quagsire|234/297\n|\n|-heal|p1a: Quagsire|252/297|[from] item: Leftovers\n|upkeep\n|turn|16\n|inactive|Time left: 300 sec this turn | 300 sec total\n|\n|t:|1783550270\n|move|p2a: Cinderace|U-turn|p1a: Quagsire\n|-start|p2a: Cinderace|typechange|Bug|[from] ability: Libero\n|-damage|p1a: Quagsire|176/297\n|\n|t:|1783550271\n|switch|p2a: Lapras|Lapras, L87, M|100/100|[from] U-turn\n|move|p1a: Quagsire|Earthquake|p2a: Lapras\n|-damage|p2a: Lapras|76/100\n|\n|-heal|p1a: Quagsire|194/297|[from] item: Leftovers\n|upkeep\n|turn|17\n|inactive|Time left: 300 sec this turn | 300 sec total\n|\n|t:|1783550271\n|-terastallize|p1a: Quagsire|Steel\n|move|p2a: Lapras|Freeze-Dry|p1a: Quagsire\n|-resisted|p1a: Quagsire\n|-damage|p1a: Quagsire|148/297\n|move|p1a: Quagsire|Recover|p1a: Quagsire\n|-heal|p1a: Quagsire|297/297\n|\n|upkeep\n|turn|18\n|inactive|Time left: 300 sec this turn | 300 sec total\n|\n|t:|1783550272\n|move|p2a: Lapras|Sparkling Aria|p1a: Quagsire\n|-damage|p1a: Quagsire|180/297\n|move|p1a: Quagsire|Toxic|p2a: Lapras\n|-status|p2a: Lapras|tox\n|\n|-heal|p1a: Quagsire|198/297|[from] item: Leftovers\n|-damage|p2a: Lapras|70/100 tox|[from] psn\n|upkeep\n|turn|19\n|inactive|Time left: 300 sec this turn | 300 sec total\n|\n|t:|1783550273\n|move|p2a: Lapras|Sparkling Aria|p1a: Quagsire\n|-crit|p1a: Quagsire\n|-damage|p1a: Quagsire|39/297\n|move|p1a: Quagsire|Recover|p1a: Quagsire\n|-heal|p1a: Quagsire|188/297\n|\n|-heal|p1a: Quagsire|206/297|[from] item: Leftovers\n|-damage|p2a: Lapras|57/100 tox|[from] psn\n|upkeep\n|turn|20\n|inactive|Time left: 300 sec this turn | 300 sec total\n|\n|t:|1783550274\n|move|p2a: Lapras|Rest|p2a: Lapras\n|-status|p2a: Lapras|slp|[from] move: Rest\n|-heal|p2a: Lapras|100/100 slp|[silent]\n|move|p1a: Quagsire|Earthquake|p2a: Lapras\n|-damage|p2a: Lapras|74/100 slp\n|\n|-heal|p1a: Quagsire|224/297|[from] item: Leftovers\n|upkeep\n|turn|21\n|inactive|Time left: 300 sec this turn | 300 sec total\n|\n|t:|1783550275\n|cant|p2a: Lapras|slp\n|move|p2a: Lapras|Sleep Talk|p2a: Lapras\n|move|p2a: Lapras|Rest||[from] move: Sleep Talk|[still]\n|-fail|p2a: Lapras\n|move|p1a: Quagsire|Earthquake|p2a: Lapras\n|-damage|p2a: Lapras|45/100 slp\n|\n|-heal|p1a: Quagsire|242/297|[from] item: Leftovers\n|upkeep\n|turn|22\n|inactive|Time left: 300 sec this turn | 300 sec total\n|\n|t:|1783550276\n|cant|p2a: Lapras|slp\n|move|p2a: Lapras|Sleep Talk|p2a: Lapras\n|move|p2a: Lapras|Freeze-Dry|p1a: Quagsire|[from] move: Sleep Talk\n|-resisted|p1a: Quagsire\n|-damage|p1a: Quagsire|200/297\n|move|p1a: Quagsire|Earthquake|p2a: Lapras\n|-damage|p2a: Lapras|16/100 slp\n|\n|-heal|p1a: Quagsire|218/297|[from] item: Leftovers\n|upkeep\n|turn|23\n|inactive|Time left: 300 sec this turn | 300 sec total\n|\n|t:|1783550277\n|-curestatus|p2a: Lapras|slp|[msg]\n|move|p2a: Lapras|Rest|p2a: Lapras\n|-status|p2a: Lapras|slp|[from] move: Rest\n|-heal|p2a: Lapras|100/100 slp|[silent]\n|move|p1a: Quagsire|Earthquake|p2a: Lapras\n|-damage|p2a: Lapras|76/100 slp\n|\n|-heal|p1a: Quagsire|236/297|[from] item: Leftovers\n|upkeep\n|turn|24\n|inactive|Time left: 300 sec this turn | 300 sec total\n|\n|t:|1783550278\n|cant|p2a: Lapras|slp\n|move|p2a: Lapras|Sleep Talk|p2a: Lapras\n|move|p2a: Lapras|Freeze-Dry|p1a: Quagsire|[from] move: Sleep Talk\n|-resisted|p1a: Quagsire\n|-damage|p1a: Quagsire|195/297\n|move|p1a: Quagsire|Earthquake|p2a: Lapras\n|-damage|p2a: Lapras|50/100 slp\n|\n|-heal|p1a: Quagsire|213/297|[from] item: Leftovers\n|upkeep\n|turn|25\n|inactive|Time left: 300 sec this turn | 300 sec total\n|\n|t:|1783550279\n|cant|p2a: Lapras|slp\n|move|p2a: Lapras|Sleep Talk|p2a: Lapras\n|move|p2a: Lapras|Freeze-Dry|p1a: Quagsire|[from] move: Sleep Talk\n|-resisted|p1a: Quagsire\n|-damage|p1a: Quagsire|165/297\n|move|p1a: Quagsire|Earthquake|p2a: Lapras\n|-damage|p2a: Lapras|22/100 slp\n|\n|-heal|p1a: Quagsire|183/297|[from] item: Leftovers\n|upkeep\n|turn|26\n|inactive|Time left: 300 sec this turn | 300 sec total\n|\n|t:|1783550280\n|-curestatus|p2a: Lapras|slp|[msg]\n|move|p2a: Lapras|Rest|p2a: Lapras\n|-status|p2a: Lapras|slp|[from] move: Rest\n|-heal|p2a: Lapras|100/100 slp|[silent]\n|move|p1a: Quagsire|Earthquake|p2a: Lapras\n|-damage|p2a: Lapras|72/100 slp\n|\n|-heal|p1a: Quagsire|201/297|[from] item: Leftovers\n|upkeep\n|turn|27\n|inactive|Time left: 300 sec this turn | 300 sec total\n|\n|t:|1783550281\n|cant|p2a: Lapras|slp\n|move|p2a: Lapras|Sleep Talk|p2a: Lapras\n|move|p2a: Lapras|Rest||[from] move: Sleep Talk|[still]\n|-fail|p2a: Lapras\n|move|p1a: Quagsire|Earthquake|p2a: Lapras\n|-damage|p2a: Lapras|44/100 slp\n|\n|-heal|p1a: Quagsire|219/297|[from] item: Leftovers\n|upkeep\n|turn|28\n|inactive|Time left: 300 sec this turn | 300 sec total\n|\n|t:|1783550282\n|cant|p2a: Lapras|slp\n|move|p2a: Lapras|Sleep Talk|p2a: Lapras\n|move|p2a: Lapras|Freeze-Dry|p1a: Quagsire|[from] move: Sleep Talk\n|-resisted|p1a: Quagsire\n|-damage|p1a: Quagsire|172/297\n|move|p1a: Quagsire|Earthquake|p2a: Lapras\n|-damage|p2a: Lapras|18/100 slp\n|\n|-heal|p1a: Quagsire|190/297|[from] item: Leftovers\n|upkeep\n|turn|29\n|inactive|Time left: 300 sec this turn | 300 sec total\n|\n|t:|1783550284\n|-curestatus|p2a: Lapras|slp|[msg]\n|move|p2a: Lapras|Rest|p2a: Lapras\n|-status|p2a: Lapras|slp|[from] move: Rest\n|-heal|p2a: Lapras|100/100 slp|[silent]\n|move|p1a: Quagsire|Recover|p1a: Quagsire\n|-heal|p1a: Quagsire|297/297\n|\n|upkeep\n|turn|30\n|inactive|Time left: 300 sec this turn | 300 sec total\n|\n|t:|1783550285\n|cant|p2a: Lapras|slp\n|move|p2a: Lapras|Sleep Talk|p2a: Lapras\n|move|p2a: Lapras|Sparkling Aria|p1a: Quagsire|[from] move: Sleep Talk\n|-damage|p1a: Quagsire|192/297\n|move|p1a: Quagsire|Earthquake|p2a: Lapras\n|-damage|p2a: Lapras|74/100 slp\n|\n|-heal|p1a: Quagsire|210/297|[from] item: Leftovers\n|upkeep\n|turn|31\n|inactive|Time left: 300 sec this turn | 300 sec total\n|\n|t:|1783550286\n|cant|p2a: Lapras|slp\n|move|p2a: Lapras|Sleep Talk|p2a: Lapras\n|move|p2a: Lapras|Rest||[from] move: Sleep Talk|[still]\n|-fail|p2a: Lapras\n|move|p1a: Quagsire|Earthquake|p2a: Lapras\n|-damage|p2a: Lapras|45/100 slp\n|\n|-heal|p1a: Quagsire|228/297|[from] item: Leftovers\n|upkeep\n|turn|32\n|inactive|Time left: 300 sec this turn | 300 sec total\n|\n|t:|1783550288\n|-curestatus|p2a: Lapras|slp|[msg]\n|move|p2a: Lapras|Sparkling Aria|p1a: Quagsire\n|-damage|p1a: Quagsire|113/297\n|move|p1a: Quagsire|Recover|p1a: Quagsire\n|-heal|p1a: Quagsire|262/297\n|\n|-heal|p1a: Quagsire|280/297|[from] item: Leftovers\n|upkeep\n|turn|33\n|inactive|Time left: 300 sec this turn | 300 sec total\n|\n|t:|1783550289\n|move|p2a: Lapras|Sparkling Aria|p1a: Quagsire\n|-damage|p1a: Quagsire|165/297\n|move|p1a: Quagsire|Earthquake|p2a: Lapras\n|-damage|p2a: Lapras|20/100\n|\n|-heal|p1a: Quagsire|183/297|[from] item: Leftovers\n|upkeep\n|turn|34\n|inactive|Time left: 300 sec this turn | 300 sec total\n|\n|t:|1783550290\n|move|p2a: Lapras|Rest|p2a: Lapras\n|-status|p2a: Lapras|slp|[from] move: Rest\n|-heal|p2a: Lapras|100/100 slp|[silent]\n|move|p1a: Quagsire|Earthquake|p2a: Lapras\n|-damage|p2a: Lapras|74/100 slp\n|\n|-heal|p1a: Quagsire|201/297|[from] item: Leftovers\n|upkeep\n|turn|35\n|inactive|Time left: 300 sec this turn | 300 sec total\n|\n|t:|1783550291\n|cant|p2a: Lapras|slp\n|move|p2a: Lapras|Sleep Talk|p2a: Lapras\n|move|p2a: Lapras|Freeze-Dry|p1a: Quagsire|[from] move: Sleep Talk\n|-resisted|p1a: Quagsire\n|-damage|p1a: Quagsire|159/297\n|move|p1a: Quagsire|Earthquake|p2a: Lapras\n|-damage|p2a: Lapras|48/100 slp\n|\n|-heal|p1a: Quagsire|177/297|[from] item: Leftovers\n|upkeep\n|turn|36\n|inactive|Time left: 300 sec this turn | 300 sec total\n|\n|t:|1783550292\n|cant|p2a: Lapras|slp\n|move|p2a: Lapras|Sleep Talk|p2a: Lapras\n|move|p2a: Lapras|Sparkling Aria|p1a: Quagsire|[from] move: Sleep Talk\n|-damage|p1a: Quagsire|62/297\n|move|p1a: Quagsire|Recover|p1a: Quagsire\n|-heal|p1a: Quagsire|211/297\n|\n|-heal|p1a: Quagsire|229/297|[from] item: Leftovers\n|upkeep\n|turn|37\n|inactive|Time left: 300 sec this turn | 300 sec total\n|\n|t:|1783550293\n|-curestatus|p2a: Lapras|slp|[msg]\n|move|p2a: Lapras|Rest|p2a: Lapras\n|-status|p2a: Lapras|slp|[from] move: Rest\n|-heal|p2a: Lapras|100/100 slp|[silent]\n|move|p1a: Quagsire|Recover|p1a: Quagsire\n|-heal|p1a: Quagsire|297/297\n|\n|upkeep\n|turn|38\n|inactive|Time left: 300 sec this turn | 300 sec total\n|\n|t:|1783550294\n|cant|p2a: Lapras|slp\n|move|p2a: Lapras|Sleep Talk|p2a: Lapras\n|move|p2a: Lapras|Freeze-Dry|p1a: Quagsire|[from] move: Sleep Talk\n|-resisted|p1a: Quagsire\n|-damage|p1a: Quagsire|250/297\n|-status|p1a: Quagsire|frz\n|cant|p1a: Quagsire|frz\n|\n|-heal|p1a: Quagsire|268/297 frz|[from] item: Leftovers\n|upkeep\n|turn|39\n|inactive|Time left: 300 sec this turn | 300 sec total\n|\n|t:|1783550295\n|cant|p2a: Lapras|slp\n|move|p2a: Lapras|Sleep Talk|p2a: Lapras\n|move|p2a: Lapras|Freeze-Dry|p1a: Quagsire|[from] move: Sleep Talk\n|-resisted|p1a: Quagsire\n|-crit|p1a: Quagsire\n|-damage|p1a: Quagsire|202/297 frz\n|cant|p1a: Quagsire|frz\n|\n|-heal|p1a: Quagsire|220/297 frz|[from] item: Leftovers\n|upkeep\n|turn|40\n|inactive|Time left: 300 sec this turn | 300 sec total\n|\n|t:|1783550296\n|-curestatus|p2a: Lapras|slp|[msg]\n|move|p2a: Lapras|Sparkling Aria|p1a: Quagsire\n|-damage|p1a: Quagsire|103/297 frz\n|cant|p1a: Quagsire|frz\n|\n|-heal|p1a: Quagsire|121/297 frz|[from] item: Leftovers\n|upkeep\n|turn|41\n|inactive|Time left: 300 sec this turn | 300 sec total\n|\n|t:|1783550297\n|move|p2a: Lapras|Sparkling Aria|p1a: Quagsire\n|-damage|p1a: Quagsire|12/297 frz\n|cant|p1a: Quagsire|frz\n|\n|-heal|p1a: Quagsire|30/297 frz|[from] item: Leftovers\n|upkeep\n|turn|42\n|inactive|Time left: 300 sec this turn | 300 sec total\n|\n|t:|1783550298\n|switch|p1a: Dialga|Dialga, L73|180/266\n|-ability|p1a: Dialga|Pressure\n|move|p2a: Lapras|Sparkling Aria|p1a: Dialga\n|-resisted|p1a: Dialga\n|-damage|p1a: Dialga|133/266\n|\n|-heal|p1a: Dialga|149/266|[from] item: Leftovers\n|upkeep\n|turn|43\n|inactive|Time left: 300 sec this turn | 300 sec total\n|\n|t:|1783550299\n|move|p1a: Dialga|Thunder Wave|p2a: Lapras\n|-status|p2a: Lapras|par\n|move|p2a: Lapras|Freeze-Dry|p1a: Dialga\n|-crit|p1a: Dialga\n|-damage|p1a: Dialga|34/266\n|\n|-heal|p1a: Dialga|50/266|[from] item: Leftovers\n|upkeep\n|turn|44\n|inactive|Time left: 300 sec this turn | 300 sec total\n|\n|t:|1783550300\n|move|p1a: Dialga|Heavy Slam|p2a: Lapras\n|-damage|p2a: Lapras|77/100 par\n|move|p2a: Lapras|Freeze-Dry|p1a: Dialga\n|-damage|p1a: Dialga|0 fnt\n|faint|p1a: Dialga\n|\n|upkeep\n|inactive|Time left: 300 sec this turn | 300 sec total | 5 sec grace\n|\n|t:|1783550301\n|switch|p1a: Uxie|Uxie, L83|82/260\n|turn|45\n|inactive|Time left: 300 sec this turn | 300 sec total\n|\n|t:|1783550303\n|move|p1a: Uxie|Psychic Noise|p2a: Lapras\n|-damage|p2a: Lapras|60/100 par\n|-start|p2a: Lapras|move: Heal Block\n|cant|p2a: Lapras|par\n|\n|-heal|p1a: Uxie|98/260|[from] item: Leftovers\n|upkeep\n|turn|46\n|inactive|Time left: 300 sec this turn | 300 sec total\n|\n|t:|1783550304\n|move|p1a: Uxie|Knock Off|p2a: Lapras\n|-damage|p2a: Lapras|44/100 par\n|-enditem|p2a: Lapras|Heavy-Duty Boots|[from] move: Knock Off|[of] p1a: Uxie\n|move|p2a: Lapras|Sparkling Aria|p1a: Uxie\n|-damage|p1a: Uxie|31/260\n|\n|-heal|p1a: Uxie|47/260|[from] item: Leftovers\n|-end|p2a: Lapras|move: Heal Block\n|upkeep\n|turn|47\n|inactive|Time left: 300 sec this turn | 300 sec total\n|\n|t:|1783550305\n|move|p1a: Uxie|Psychic Noise|p2a: Lapras\n|-damage|p2a: Lapras|29/100 par\n|-start|p2a: Lapras|move: Heal Block\n|cant|p2a: Lapras|par\n|\n|-heal|p1a: Uxie|63/260|[from] item: Leftovers\n|upkeep\n|turn|48\n|inactive|Time left: 300 sec this turn | 300 sec total\n|\n|t:|1783550306\n|move|p1a: Uxie|Psychic Noise|p2a: Lapras\n|-damage|p2a: Lapras|11/100 par\n|move|p2a: Lapras|Sparkling Aria|p1a: Uxie\n|-damage|p1a: Uxie|0 fnt\n|faint|p1a: Uxie\n|\n|-end|p2a: Lapras|move: Heal Block\n|upkeep\n|inactive|Time left: 300 sec this turn | 300 sec total | 5 sec grace\n|\n|t:|1783550307\n|switch|p1a: Quagsire|Quagsire, L84, F, tera:Steel|30/297 frz\n|turn|49\n|inactive|Time left: 300 sec this turn | 300 sec total\n|\n|t:|1783550308\n|-terastallize|p2a: Lapras|Ghost\n|cant|p1a: Quagsire|frz\n|move|p2a: Lapras|Sparkling Aria|p1a: Quagsire\n|-damage|p1a: Quagsire|0 fnt\n|faint|p1a: Quagsire\n|\n|win|p0y958fde8", "uploadtime": 1783550308, "views": 0, "rating": 0, "private": 0, "password": null, "_winner": "p0y958fde8", "_our_name": "p0x9584390"}