{"id": "battle-gen9randombattle-1716", "formatid": "gen9randombattle", "format": "[Gen 9] Random Battle", "players": ["p0x1716ec8c", "p0y171608f0"], "log": "|init|battle\n|title|p0x1716ec8c vs. p0y171608f0\n|j|\u2606p0x1716ec8c\n|j|\u2606p0y171608f0\n|t:|1783559872\n|gametype|singles\n|player|p1|p0x1716ec8c|170|\n|player|p2|p0y171608f0|101|\n|gen|9\n|tier|[Gen 9] Random Battle\n|rule|Species Clause: Limit one of each Pok\u00e9mon\n|rule|HP Percentage Mod: HP is shown in percentages\n|rule|Sleep Clause Mod: Limit one foe put to sleep\n|rule|Illusion Level Mod: Illusion disguises the Pok\u00e9mon's true level\n|\n|t:|1783559872\n|teamsize|p1|6\n|teamsize|p2|6\n|start\n|switch|p1a: Avalugg|Avalugg, L88, F|310/310\n|switch|p2a: Bellossom|Bellossom, L84, F|100/100\n|turn|1\n|inactive|Battle timer is ON: inactive players will automatically lose when time's up. (requested by p0y171608f0)\n|inactive|Time left: 300 sec this turn | 300 sec total | 60 sec grace\n|inactive|p0x1716ec8c also wants the timer to be on.\n|\n|t:|1783559873\n|move|p2a: Bellossom|Quiver Dance|p2a: Bellossom\n|-boost|p2a: Bellossom|spa|1\n|-boost|p2a: Bellossom|spd|1\n|-boost|p2a: Bellossom|spe|1\n|move|p1a: Avalugg|Avalanche|p2a: Bellossom\n|-supereffective|p2a: Bellossom\n|-crit|p2a: Bellossom\n|-damage|p2a: Bellossom|20/100\n|\n|-heal|p2a: Bellossom|26/100|[from] item: Leftovers\n|upkeep\n|turn|2\n|inactive|Time left: 300 sec this turn | 300 sec total\n|\n|t:|1783559874\n|move|p2a: Bellossom|Strength Sap|p1a: Avalugg\n|-unboost|p1a: Avalugg|atk|1\n|-heal|p2a: Bellossom|100/100\n|move|p1a: Avalugg|Avalanche|p2a: Bellossom\n|-supereffective|p2a: Bellossom\n|-damage|p2a: Bellossom|64/100\n|\n|-heal|p2a: Bellossom|70/100|[from] item: Leftovers\n|upkeep\n|turn|3\n|inactive|Time left: 300 sec this turn | 300 sec total\n|\n|t:|1783559875\n|switch|p1a: Appletun|Appletun, L92, M|352/352\n|move|p2a: Bellossom|Quiver Dance|p2a: Bellossom\n|-boost|p2a: Bellossom|spa|1\n|-boost|p2a: Bellossom|spd|1\n|-boost|p2a: Bellossom|spe|1\n|\n|-heal|p2a: Bellossom|76/100|[from] item: Leftovers\n|upkeep\n|turn|4\n|inactive|Time left: 300 sec this turn | 300 sec total\n|\n|t:|1783559876\n|-terastallize|p2a: Bellossom|Fairy\n|move|p2a: Bellossom|Moonblast|p1a: Appletun\n|-supereffective|p1a: Appletun\n|-damage|p1a: Appletun|0 fnt\n|faint|p1a: Appletun\n|\n|-heal|p2a: Bellossom|82/100|[from] item: Leftovers\n|upkeep\n|inactive|Time left: 300 sec this turn | 300 sec total | 5 sec grace\n|\n|t:|1783559877\n|switch|p1a: Vespiquen|Vespiquen, L99, F|299/299\n|-ability|p1a: Vespiquen|Pressure\n|turn|5\n|inactive|Time left: 300 sec this turn | 300 sec total\n|\n|t:|1783559878\n|move|p2a: Bellossom|Quiver Dance|p2a: Bellossom\n|-boost|p2a: Bellossom|spa|1\n|-boost|p2a: Bellossom|spd|1\n|-boost|p2a: Bellossom|spe|1\n|move|p1a: Vespiquen|Spikes|p2a: Bellossom\n|-sidestart|p2: p0y171608f0|Spikes\n|\n|-heal|p2a: Bellossom|88/100|[from] item: Leftovers\n|upkeep\n|turn|6\n|inactive|Time left: 300 sec this turn | 300 sec total\n|\n|t:|1783559879\n|move|p2a: Bellossom|Quiver Dance|p2a: Bellossom\n|-boost|p2a: Bellossom|spa|1\n|-boost|p2a: Bellossom|spd|1\n|-boost|p2a: Bellossom|spe|1\n|move|p1a: Vespiquen|Hurricane|p2a: Bellossom|[miss]\n|-miss|p1a: Vespiquen|p2a: Bellossom\n|\n|-heal|p2a: Bellossom|94/100|[from] item: Leftovers\n|upkeep\n|turn|7\n|inactive|Time left: 300 sec this turn | 300 sec total\n|\n|t:|1783559880\n|-terastallize|p1a: Vespiquen|Steel\n|move|p2a: Bellossom|Moonblast|p1a: Vespiquen\n|-resisted|p1a: Vespiquen\n|-damage|p1a: Vespiquen|183/299\n|move|p1a: Vespiquen|Spikes|p2a: Bellossom\n|-sidestart|p2: p0y171608f0|Spikes\n|\n|-heal|p2a: Bellossom|100/100|[from] item: Leftovers\n|upkeep\n|turn|8\n|inactive|Time left: 300 sec this turn | 300 sec total\n|\n|t:|1783559881\n|move|p2a: Bellossom|Moonblast|p1a: Vespiquen\n|-resisted|p1a: Vespiquen\n|-damage|p1a: Vespiquen|67/299\n|-unboost|p1a: Vespiquen|spa|1\n|move|p1a: Vespiquen|Roost|p1a: Vespiquen\n|-heal|p1a: Vespiquen|217/299\n|\n|upkeep\n|turn|9\n|inactive|Time left: 300 sec this turn | 300 sec total\n|\n|t:|1783559882\n|move|p2a: Bellossom|Moonblast|p1a: Vespiquen\n|-resisted|p1a: Vespiquen\n|-damage|p1a: Vespiquen|111/299\n|-unboost|p1a: Vespiquen|spa|1\n|move|p1a: Vespiquen|Roost|p1a: Vespiquen\n|-heal|p1a: Vespiquen|261/299\n|\n|upkeep\n|turn|10\n|inactive|Time left: 300 sec this turn | 300 sec total\n|\n|t:|1783559883\n|move|p2a: Bellossom|Moonblast|p1a: Vespiquen\n|-resisted|p1a: Vespiquen\n|-damage|p1a: Vespiquen|151/299\n|move|p1a: Vespiquen|Roost|p1a: Vespiquen\n|-heal|p1a: Vespiquen|299/299\n|\n|upkeep\n|turn|11\n|inactive|Time left: 300 sec this turn | 300 sec total\n|\n|t:|1783559884\n|move|p2a: Bellossom|Moonblast|p1a: Vespiquen\n|-resisted|p1a: Vespiquen\n|-damage|p1a: Vespiquen|199/299\n|move|p1a: Vespiquen|Toxic Spikes|p2a: Bellossom\n|-sidestart|p2: p0y171608f0|move: Toxic Spikes\n|\n|upkeep\n|turn|12\n|inactive|Time left: 300 sec this turn | 300 sec total\n|\n|t:|1783559885\n|move|p2a: Bellossom|Moonblast|p1a: Vespiquen\n|-resisted|p1a: Vespiquen\n|-damage|p1a: Vespiquen|95/299\n|move|p1a: Vespiquen|Roost|p1a: Vespiquen\n|-heal|p1a: Vespiquen|245/299\n|\n|upkeep\n|turn|13\n|inactive|Time left: 300 sec this turn | 300 sec total\n|\n|t:|1783559886\n|move|p2a: Bellossom|Giga Drain|p1a: Vespiquen\n|-resisted|p1a: Vespiquen\n|-crit|p1a: Vespiquen\n|-damage|p1a: Vespiquen|128/299\n|move|p1a: Vespiquen|Roost|p1a: Vespiquen\n|-heal|p1a: Vespiquen|278/299\n|\n|upkeep\n|turn|14\n|inactive|Time left: 300 sec this turn | 300 sec total\n|\n|t:|1783559887\n|move|p2a: Bellossom|Moonblast|p1a: Vespiquen\n|-resisted|p1a: Vespiquen\n|-damage|p1a: Vespiquen|164/299\n|move|p1a: Vespiquen|Spikes|p2a: Bellossom\n|-sidestart|p2: p0y171608f0|Spikes\n|\n|upkeep\n|turn|15\n|inactive|Time left: 300 sec this turn | 300 sec total\n|\n|t:|1783559889\n|move|p2a: Bellossom|Moonblast|p1a: Vespiquen\n|-resisted|p1a: Vespiquen\n|-damage|p1a: Vespiquen|53/299\n|-unboost|p1a: Vespiquen|spa|1\n|move|p1a: Vespiquen|Roost|p1a: Vespiquen\n|-heal|p1a: Vespiquen|203/299\n|\n|upkeep\n|turn|16\n|inactive|Time left: 300 sec this turn | 300 sec total\n|\n|t:|1783559890\n|move|p2a: Bellossom|Moonblast|p1a: Vespiquen\n|-resisted|p1a: Vespiquen\n|-damage|p1a: Vespiquen|95/299\n|move|p1a: Vespiquen|Roost|p1a: Vespiquen\n|-heal|p1a: Vespiquen|245/299\n|\n|upkeep\n|turn|17\n|inactive|Time left: 300 sec this turn | 300 sec total\n|\n|t:|1783559891\n|move|p2a: Bellossom|Moonblast|p1a: Vespiquen\n|-resisted|p1a: Vespiquen\n|-damage|p1a: Vespiquen|137/299\n|move|p1a: Vespiquen|Roost|p1a: Vespiquen\n|-heal|p1a: Vespiquen|287/299\n|\n|upkeep\n|turn|18\n|inactive|Time left: 300 sec this turn | 300 sec total\n|\n|t:|1783559892\n|move|p2a: Bellossom|Giga Drain|p1a: Vespiquen\n|-resisted|p1a: Vespiquen\n|-damage|p1a: Vespiquen|201/299\n|move|p1a: Vespiquen|Toxic Spikes|p2a: Bellossom\n|-sidestart|p2: p0y171608f0|move: Toxic Spikes\n|\n|upkeep\n|turn|19\n|inactive|Time left: 300 sec this turn | 300 sec total\n|\n|t:|1783559893\n|move|p2a: Bellossom|Giga Drain|p1a: Vespiquen\n|-resisted|p1a: Vespiquen\n|-damage|p1a: Vespiquen|111/299\n|move|p1a: Vespiquen|Toxic Spikes||[still]\n|-fail|p1a: Vespiquen\n|\n|upkeep\n|turn|20\n|inactive|Time left: 300 sec this turn | 300 sec total\n|\n|t:|1783559894\n|move|p2a: Bellossom|Giga Drain|p1a: Vespiquen\n|-resisted|p1a: Vespiquen\n|-damage|p1a: Vespiquen|23/299\n|move|p1a: Vespiquen|Toxic Spikes||[still]\n|-fail|p1a: Vespiquen\n|\n|upkeep\n|turn|21\n|inactive|Time left: 300 sec this turn | 300 sec total\n|\n|t:|1783559895\n|move|p2a: Bellossom|Giga Drain|p1a: Vespiquen\n|-resisted|p1a: Vespiquen\n|-damage|p1a: Vespiquen|0 fnt\n|faint|p1a: Vespiquen\n|\n|upkeep\n|inactive|Time left: 300 sec this turn | 300 sec total | 5 sec grace\n|\n|t:|1783559896\n|switch|p1a: Toxtricity|Toxtricity, L82, M|257/257\n|turn|22\n|inactive|Time left: 300 sec this turn | 300 sec total\n|\n|t:|1783559897\n|move|p2a: Bellossom|Moonblast|p1a: Toxtricity\n|-resisted|p1a: Toxtricity\n|-damage|p1a: Toxtricity|76/257\n|move|p1a: Toxtricity|Sludge Wave|p2a: Bellossom\n|-supereffective|p2a: Bellossom\n|-damage|p2a: Bellossom|77/100\n|\n|-heal|p2a: Bellossom|83/100|[from] item: Leftovers\n|upkeep\n|turn|23\n|inactive|Time left: 300 sec this turn | 300 sec total\n|\n|t:|1783559898\n|move|p2a: Bellossom|Giga Drain|p1a: Toxtricity\n|-resisted|p1a: Toxtricity\n|-damage|p1a: Toxtricity|0 fnt\n|-heal|p2a: Bellossom|97/100|[from] drain|[of] p1a: Toxtricity\n|faint|p1a: Toxtricity\n|\n|-heal|p2a: Bellossom|100/100|[from] item: Leftovers\n|upkeep\n|inactive|Time left: 300 sec this turn | 300 sec total | 5 sec grace\n|\n|t:|1783559899\n|switch|p1a: Avalugg|Avalugg, L88, F|310/310\n|turn|24\n|inactive|Time left: 300 sec this turn | 300 sec total\n|\n|t:|1783559900\n|move|p2a: Bellossom|Giga Drain|p1a: Avalugg\n|-ability|p1a: Avalugg|Sturdy\n|-damage|p1a: Avalugg|1/310\n|move|p1a: Avalugg|Avalanche|p2a: Bellossom\n|-damage|p2a: Bellossom|45/100\n|\n|-heal|p2a: Bellossom|51/100|[from] item: Leftovers\n|upkeep\n|turn|25\n|inactive|Time left: 300 sec this turn | 300 sec total\n|\n|t:|1783559901\n|move|p2a: Bellossom|Giga Drain|p1a: Avalugg\n|-damage|p1a: Avalugg|0 fnt\n|-heal|p2a: Bellossom|52/100|[from] drain|[of] p1a: Avalugg\n|faint|p1a: Avalugg\n|\n|-heal|p2a: Bellossom|58/100|[from] item: Leftovers\n|upkeep\n|inactive|Time left: 300 sec this turn | 300 sec total | 5 sec grace\n|\n|t:|1783559902\n|switch|p1a: Serperior|Serperior, L79, F|248/248\n|turn|26\n|inactive|Time left: 300 sec this turn | 300 sec total\n|\n|t:|1783559902\n|move|p2a: Bellossom|Moonblast|p1a: Serperior\n|-damage|p1a: Serperior|0 fnt\n|faint|p1a: Serperior\n|\n|-heal|p2a: Bellossom|64/100|[from] item: Leftovers\n|upkeep\n|inactive|Time left: 300 sec this turn | 300 sec total | 5 sec grace\n|\n|t:|1783559903\n|switch|p1a: Maushold|Maushold-Four, L76|238/238\n|turn|27\n|inactive|Time left: 300 sec this turn | 300 sec total\n|\n|t:|1783559904\n|move|p2a: Bellossom|Moonblast|p1a: Maushold\n|-crit|p1a: Maushold\n|-damage|p1a: Maushold|0 fnt\n|faint|p1a: Maushold\n|\n|win|p0y171608f0", "uploadtime": 1783559904, "views": 0, "rating": 0, "private": 0, "password": null, "_winner": "p0y171608f0", "_our_name": "p0x1716ec8c"}