{"id": "battle-gen9randombattle-2210", "formatid": "gen9randombattle", "format": "[Gen 9] Random Battle", "players": ["p0x2210e163", "p0y2210312e"], "log": "|init|battle\n|title|p0x2210e163 vs. p0y2210312e\n|j|\u2606p0x2210e163\n|j|\u2606p0y2210312e\n|t:|1783565624\n|gametype|singles\n|player|p1|p0x2210e163|101|\n|player|p2|p0y2210312e|169|\n|gen|9\n|tier|[Gen 9] Random Battle\n|rule|Species Clause: Limit one of each Pok\u00e9mon\n|rule|HP Percentage Mod: HP is shown in percentages\n|rule|Sleep Clause Mod: Limit one foe put to sleep\n|rule|Illusion Level Mod: Illusion disguises the Pok\u00e9mon's true level\n|\n|t:|1783565624\n|teamsize|p1|6\n|teamsize|p2|6\n|start\n|switch|p1a: Glaceon|Glaceon, L94, M|275/275\n|switch|p2a: Lunala|Lunala, L70|100/100\n|turn|1\n|inactive|Battle timer is ON: inactive players will automatically lose when time's up. (requested by p0x2210e163)\n|inactive|p0y2210312e also wants the timer to be on.\n|\n|t:|1783565626\n|move|p1a: Glaceon|Protect|p1a: Glaceon\n|-singleturn|p1a: Glaceon|Protect\n|move|p2a: Lunala|Calm Mind|p2a: Lunala\n|-boost|p2a: Lunala|spa|1\n|-boost|p2a: Lunala|spd|1\n|\n|upkeep\n|turn|2\n|inactive|Time left: 300 sec this turn | 300 sec total\n|\n|t:|1783565627\n|switch|p1a: Slaking|Slaking, L84, F|389/389\n|move|p2a: Lunala|Moongeist Beam|p1a: Slaking\n|-immune|p1a: Slaking\n|\n|upkeep\n|turn|3\n|inactive|Time left: 300 sec this turn | 300 sec total\n|\n|t:|1783565628\n|-terastallize|p2a: Lunala|Fairy\n|move|p1a: Slaking|Knock Off|p2a: Lunala\n|-resisted|p2a: Lunala\n|-damage|p2a: Lunala|90/100\n|-enditem|p2a: Lunala|Leftovers|[from] move: Knock Off|[of] p1a: Slaking\n|move|p2a: Lunala|Moonblast|p1a: Slaking\n|-damage|p1a: Slaking|227/389\n|\n|upkeep\n|turn|4\n|inactive|Time left: 300 sec this turn | 300 sec total\n|\n|t:|1783565629\n|switch|p1a: Glaceon|Glaceon, L94, M|275/275\n|move|p2a: Lunala|Moonblast|p1a: Glaceon\n|-damage|p1a: Glaceon|164/275\n|-unboost|p1a: Glaceon|spa|1\n|\n|upkeep\n|turn|5\n|inactive|Time left: 300 sec this turn | 300 sec total\n|\n|t:|1783565630\n|switch|p1a: Slaking|Slaking, L84, F|227/389\n|move|p2a: Lunala|Moonlight|p2a: Lunala\n|-heal|p2a: Lunala|100/100\n|\n|upkeep\n|turn|6\n|inactive|Time left: 300 sec this turn | 300 sec total\n|\n|t:|1783565631\n|move|p1a: Slaking|Giga Impact|p2a: Lunala\n|-damage|p2a: Lunala|53/100\n|-mustrecharge|p1a: Slaking\n|move|p2a: Lunala|Moonblast|p1a: Slaking\n|-damage|p1a: Slaking|35/389\n|\n|upkeep\n|turn|7\n|inactive|Time left: 300 sec this turn | 300 sec total\n|\n|t:|1783565632\n|cant|p1a: Slaking|recharge\n|move|p2a: Lunala|Moonblast|p1a: Slaking\n|-damage|p1a: Slaking|0 fnt\n|faint|p1a: Slaking\n|\n|upkeep\n|inactive|Time left: 300 sec this turn | 300 sec total | 5 sec grace\n|\n|t:|1783565633\n|switch|p1a: Mewtwo|Mewtwo, L72|272/272\n|-ability|p1a: Mewtwo|Unnerve\n|turn|8\n|inactive|Time left: 300 sec this turn | 300 sec total\n|\n|t:|1783565634\n|move|p1a: Mewtwo|Psystrike|p2a: Lunala\n|-damage|p2a: Lunala|0 fnt\n|faint|p2a: Lunala\n|-damage|p1a: Mewtwo|245/272|[from] item: Life Orb\n|\n|upkeep\n|\n|t:|1783565635\n|switch|p2a: Donphan|Donphan, L84, F|100/100\n|turn|9\n|inactive|Time left: 300 sec this turn | 300 sec total\n|\n|t:|1783565636\n|move|p1a: Mewtwo|Nasty Plot|p1a: Mewtwo\n|-boost|p1a: Mewtwo|spa|2\n|move|p2a: Donphan|Earthquake|p1a: Mewtwo\n|-damage|p1a: Mewtwo|98/272\n|\n|upkeep\n|turn|10\n|inactive|Time left: 300 sec this turn | 300 sec total\n|\n|t:|1783565638\n|move|p1a: Mewtwo|Psystrike|p2a: Donphan\n|-damage|p2a: Donphan|20/100\n|-damage|p1a: Mewtwo|71/272|[from] item: Life Orb\n|move|p2a: Donphan|Earthquake|p1a: Mewtwo\n|-damage|p1a: Mewtwo|0 fnt\n|faint|p1a: Mewtwo\n|\n|upkeep\n|inactive|Time left: 300 sec this turn | 300 sec total | 5 sec grace\n|\n|t:|1783565639\n|switch|p1a: Falinks|Falinks, L84|246/246\n|turn|11\n|inactive|Time left: 300 sec this turn | 300 sec total\n|\n|t:|1783565640\n|switch|p2a: Alcremie|Alcremie-Lemon-Cream, L90, F|100/100\n|move|p1a: Falinks|No Retreat|p1a: Falinks\n|-boost|p1a: Falinks|atk|1\n|-boost|p1a: Falinks|def|1\n|-boost|p1a: Falinks|spa|1\n|-boost|p1a: Falinks|spd|1\n|-boost|p1a: Falinks|spe|1\n|-start|p1a: Falinks|move: No Retreat\n|\n|upkeep\n|turn|12\n|inactive|Time left: 300 sec this turn | 300 sec total\n|\n|t:|1783565641\n|-terastallize|p1a: Falinks|Steel\n|move|p1a: Falinks|Iron Head|p2a: Alcremie\n|-supereffective|p2a: Alcremie\n|-damage|p2a: Alcremie|0 fnt\n|faint|p2a: Alcremie\n|-damage|p1a: Falinks|222/246|[from] item: Life Orb\n|\n|upkeep\n|\n|t:|1783565642\n|switch|p2a: Iron Moth|Iron Moth, L78|100/100\n|turn|13\n|inactive|Time left: 300 sec this turn | 300 sec total\n|\n|t:|1783565643\n|move|p1a: Falinks|Iron Head|p2a: Iron Moth\n|-resisted|p2a: Iron Moth\n|-damage|p2a: Iron Moth|51/100\n|-damage|p1a: Falinks|198/246|[from] item: Life Orb\n|move|p2a: Iron Moth|Fiery Dance|p1a: Falinks\n|-supereffective|p1a: Falinks\n|-damage|p1a: Falinks|10/246\n|-boost|p2a: Iron Moth|spa|1\n|\n|upkeep\n|turn|14\n|inactive|Time left: 300 sec this turn | 300 sec total\n|\n|t:|1783565644\n|-end|p2a: Iron Moth|Quark Drive|[silent]\n|switch|p2a: Donphan|Donphan, L84, F|20/100\n|move|p1a: Falinks|Close Combat|p2a: Donphan\n|-damage|p2a: Donphan|0 fnt\n|-unboost|p1a: Falinks|def|1\n|-unboost|p1a: Falinks|spd|1\n|faint|p2a: Donphan\n|-damage|p1a: Falinks|0 fnt|[from] item: Life Orb\n|faint|p1a: Falinks\n|\n|upkeep\n|inactive|Time left: 300 sec this turn | 300 sec total | 5 sec grace\n|\n|t:|1783565645\n|switch|p1a: Hariyama|Hariyama, L87, M|392/392\n|switch|p2a: Jolteon|Jolteon, L84, F|100/100\n|turn|15\n|inactive|Time left: 300 sec this turn | 300 sec total\n|\n|t:|1783565646\n|move|p2a: Jolteon|Thunderbolt|p1a: Hariyama\n|-damage|p1a: Hariyama|296/392\n|move|p1a: Hariyama|Knock Off|p2a: Jolteon\n|-damage|p2a: Jolteon|56/100\n|-enditem|p2a: Jolteon|Leftovers|[from] move: Knock Off|[of] p1a: Hariyama\n|\n|upkeep\n|turn|16\n|inactive|Time left: 300 sec this turn | 300 sec total\n|\n|t:|1783565647\n|move|p2a: Jolteon|Thunderbolt|p1a: Hariyama\n|-damage|p1a: Hariyama|205/392\n|move|p1a: Hariyama|Close Combat|p2a: Jolteon\n|-damage|p2a: Jolteon|0 fnt\n|-unboost|p1a: Hariyama|def|1\n|-unboost|p1a: Hariyama|spd|1\n|faint|p2a: Jolteon\n|\n|upkeep\n|\n|t:|1783565648\n|switch|p2a: Cloyster|Cloyster, L80, M|100/100\n|turn|17\n|inactive|Time left: 300 sec this turn | 300 sec total\n|\n|t:|1783565649\n|move|p2a: Cloyster|Shell Smash|p2a: Cloyster\n|-unboost|p2a: Cloyster|def|1\n|-unboost|p2a: Cloyster|spd|1\n|-boost|p2a: Cloyster|atk|2\n|-boost|p2a: Cloyster|spa|2\n|-boost|p2a: Cloyster|spe|2\n|-enditem|p2a: Cloyster|White Herb\n|-clearnegativeboost|p2a: Cloyster|[silent]\n|move|p1a: Hariyama|Close Combat|p2a: Cloyster\n|-supereffective|p2a: Cloyster\n|-damage|p2a: Cloyster|10/100\n|-unboost|p1a: Hariyama|def|1\n|-unboost|p1a: Hariyama|spd|1\n|\n|upkeep\n|turn|18\n|inactive|Time left: 300 sec this turn | 300 sec total\n|\n|t:|1783565651\n|move|p1a: Hariyama|Bullet Punch|p2a: Cloyster\n|-damage|p2a: Cloyster|0 fnt\n|faint|p2a: Cloyster\n|\n|upkeep\n|\n|t:|1783565651\n|switch|p2a: Iron Moth|Iron Moth, L78|51/100\n|turn|19\n|inactive|Time left: 300 sec this turn | 300 sec total\n|\n|t:|1783565652\n|move|p2a: Iron Moth|Sludge Wave|p1a: Hariyama\n|-damage|p1a: Hariyama|6/392\n|move|p1a: Hariyama|Knock Off|p2a: Iron Moth\n|-damage|p2a: Iron Moth|0 fnt\n|-enditem|p2a: Iron Moth|Heavy-Duty Boots|[from] move: Knock Off|[of] p1a: Hariyama\n|faint|p2a: Iron Moth\n|-end|p2a: Iron Moth|Quark Drive|[silent]\n|\n|win|p0x2210e163", "uploadtime": 1783565653, "views": 0, "rating": 0, "private": 0, "password": null, "_winner": "p0x2210e163", "_our_name": "p0x2210e163"}