{"id": "battle-gen9randombattle-2675", "formatid": "gen9randombattle", "format": "[Gen 9] Random Battle", "players": ["p0x26755aed", "p0y2675e86b"], "log": "|init|battle\n|title|p0x26755aed vs. p0y2675e86b\n|j|\u2606p0x26755aed\n|j|\u2606p0y2675e86b\n|t:|1783569848\n|gametype|singles\n|player|p1|p0x26755aed|266|\n|player|p2|p0y2675e86b|101|\n|gen|9\n|tier|[Gen 9] Random Battle\n|rule|Species Clause: Limit one of each Pok\u00e9mon\n|rule|HP Percentage Mod: HP is shown in percentages\n|rule|Sleep Clause Mod: Limit one foe put to sleep\n|rule|Illusion Level Mod: Illusion disguises the Pok\u00e9mon's true level\n|\n|t:|1783569848\n|teamsize|p1|6\n|teamsize|p2|6\n|start\n|switch|p1a: Vikavolt|Vikavolt, L83, M|263/263\n|switch|p2a: Terapagos|Terapagos, L77, F|100/100\n|-activate|p2a: Terapagos|ability: Tera Shift\n|detailschange|p2a: Terapagos|Terapagos-Terastal, L77, F\n|-heal|p2a: Terapagos|100/100|[silent]\n|turn|1\n|inactive|Battle timer is ON: inactive players will automatically lose when time's up. (requested by p0y2675e86b)\n|inactive|Time left: 300 sec this turn | 300 sec total | 60 sec grace\n|inactive|p0x26755aed also wants the timer to be on.\n|\n|t:|1783569849\n|move|p2a: Terapagos|Calm Mind|p2a: Terapagos\n|-boost|p2a: Terapagos|spa|1\n|-boost|p2a: Terapagos|spd|1\n|move|p1a: Vikavolt|Sticky Web|p2a: Terapagos\n|-sidestart|p2: p0y2675e86b|move: Sticky Web\n|\n|upkeep\n|turn|2\n|inactive|Time left: 300 sec this turn | 300 sec total\n|\n|t:|1783569850\n|switch|p1a: Basculegion|Basculegion, L80, M|323/323\n|move|p2a: Terapagos|Rapid Spin|p1a: Basculegion\n|-immune|p1a: Basculegion\n|\n|upkeep\n|turn|3\n|inactive|Time left: 300 sec this turn | 300 sec total\n|\n|t:|1783569852\n|move|p2a: Terapagos|Calm Mind|p2a: Terapagos\n|-boost|p2a: Terapagos|spa|1\n|-boost|p2a: Terapagos|spd|1\n|move|p1a: Basculegion|Wave Crash|p2a: Terapagos\n|-activate|p2a: Terapagos|ability: Tera Shell\n|-resisted|p2a: Terapagos\n|-damage|p2a: Terapagos|73/100\n|-damage|p1a: Basculegion|298/323|[from] Recoil\n|\n|upkeep\n|turn|4\n|inactive|Time left: 300 sec this turn | 300 sec total\n|\n|t:|1783569853\n|move|p2a: Terapagos|Earth Power|p1a: Basculegion\n|-damage|p1a: Basculegion|208/323\n|move|p1a: Basculegion|Wave Crash|p2a: Terapagos\n|-damage|p2a: Terapagos|9/100\n|-damage|p1a: Basculegion|151/323|[from] Recoil\n|\n|upkeep\n|turn|5\n|inactive|Time left: 300 sec this turn | 300 sec total\n|\n|t:|1783569854\n|move|p2a: Terapagos|Rapid Spin|p1a: Basculegion\n|-immune|p1a: Basculegion\n|move|p1a: Basculegion|Flip Turn|p2a: Terapagos\n|-damage|p2a: Terapagos|0 fnt\n|faint|p2a: Terapagos\n|inactive|Time left: 300 sec this turn | 300 sec total | 5 sec grace\n|\n|t:|1783569854\n|switch|p1a: Clawitzer|Clawitzer, L87, M|265/265|[from] Flip Turn\n|\n|upkeep\n|\n|t:|1783569855\n|switch|p2a: Excadrill|Excadrill, L79, F|100/100\n|-activate|p2a: Excadrill|move: Sticky Web\n|-unboost|p2a: Excadrill|spe|1\n|-ability|p2a: Excadrill|Mold Breaker\n|turn|6\n|inactive|Time left: 300 sec this turn | 300 sec total\n|\n|t:|1783569856\n|-terastallize|p2a: Excadrill|Water\n|move|p1a: Clawitzer|Water Pulse|p2a: Excadrill\n|-resisted|p2a: Excadrill\n|-damage|p2a: Excadrill|75/100\n|-start|p2a: Excadrill|confusion\n|-activate|p2a: Excadrill|confusion\n|-damage|p2a: Excadrill|60/100|[from] confusion\n|\n|upkeep\n|turn|7\n|inactive|Time left: 300 sec this turn | 300 sec total\n|\n|t:|1783569858\n|move|p1a: Clawitzer|Water Pulse|p2a: Excadrill\n|-resisted|p2a: Excadrill\n|-damage|p2a: Excadrill|35/100\n|-activate|p2a: Excadrill|confusion\n|-damage|p2a: Excadrill|20/100|[from] confusion\n|\n|upkeep\n|turn|8\n|inactive|Time left: 300 sec this turn | 300 sec total\n|\n|t:|1783569859\n|move|p1a: Clawitzer|Water Pulse|p2a: Excadrill\n|-resisted|p2a: Excadrill\n|-damage|p2a: Excadrill|0 fnt\n|faint|p2a: Excadrill\n|\n|upkeep\n|\n|t:|1783569860\n|switch|p2a: Palkia|Palkia, L75|100/100\n|-activate|p2a: Palkia|move: Sticky Web\n|-unboost|p2a: Palkia|spe|1\n|-ability|p2a: Palkia|Pressure\n|turn|9\n|inactive|Time left: 300 sec this turn | 300 sec total\n|\n|t:|1783569861\n|move|p1a: Clawitzer|Water Pulse|p2a: Palkia\n|-resisted|p2a: Palkia\n|-damage|p2a: Palkia|86/100\n|move|p2a: Palkia|Spacial Rend|p1a: Clawitzer\n|-damage|p1a: Clawitzer|136/265\n|\n|upkeep\n|turn|10\n|inactive|Time left: 300 sec this turn | 300 sec total\n|\n|t:|1783569862\n|move|p1a: Clawitzer|Water Pulse|p2a: Palkia\n|-resisted|p2a: Palkia\n|-damage|p2a: Palkia|70/100\n|move|p2a: Palkia|Spacial Rend|p1a: Clawitzer\n|-crit|p1a: Clawitzer\n|-damage|p1a: Clawitzer|0 fnt\n|faint|p1a: Clawitzer\n|\n|upkeep\n|inactive|Time left: 300 sec this turn | 300 sec total | 5 sec grace\n|\n|t:|1783569863\n|switch|p1a: Mismagius|Mismagius, L86, M|243/243\n|turn|11\n|inactive|Time left: 300 sec this turn | 300 sec total\n|\n|t:|1783569864\n|move|p1a: Mismagius|Nasty Plot|p1a: Mismagius\n|-boost|p1a: Mismagius|spa|2\n|move|p2a: Palkia|Spacial Rend|p1a: Mismagius\n|-damage|p1a: Mismagius|111/243\n|\n|-heal|p1a: Mismagius|126/243|[from] item: Leftovers\n|upkeep\n|turn|12\n|inactive|Time left: 300 sec this turn | 300 sec total\n|\n|t:|1783569865\n|move|p1a: Mismagius|Substitute|p1a: Mismagius\n|-start|p1a: Mismagius|Substitute\n|-damage|p1a: Mismagius|66/243\n|move|p2a: Palkia|Hydro Pump|p1a: Mismagius\n|-end|p1a: Mismagius|Substitute\n|\n|-heal|p1a: Mismagius|81/243|[from] item: Leftovers\n|upkeep\n|turn|13\n|inactive|Time left: 300 sec this turn | 300 sec total\n|\n|t:|1783569866\n|move|p1a: Mismagius|Shadow Ball|p2a: Palkia\n|-damage|p2a: Palkia|3/100\n|move|p2a: Palkia|Spacial Rend|p1a: Mismagius\n|-crit|p1a: Mismagius\n|-damage|p1a: Mismagius|0 fnt\n|faint|p1a: Mismagius\n|\n|upkeep\n|inactive|Time left: 300 sec this turn | 300 sec total | 5 sec grace\n|\n|t:|1783569867\n|switch|p1a: Basculegion|Basculegion, L80, M|151/323\n|turn|14\n|inactive|Time left: 300 sec this turn | 300 sec total\n|\n|t:|1783569868\n|switch|p2a: Gouging Fire|Gouging Fire, L74|100/100\n|move|p1a: Basculegion|Shadow Ball|p2a: Gouging Fire\n|-damage|p2a: Gouging Fire|67/100\n|\n|upkeep\n|turn|15\n|inactive|Time left: 300 sec this turn | 300 sec total\n|\n|t:|1783569869\n|switch|p1a: Avalugg|Avalugg, L88, F|310/310\n|move|p2a: Gouging Fire|Outrage|p1a: Avalugg\n|-damage|p1a: Avalugg|253/310\n|\n|upkeep\n|turn|16\n|inactive|Time left: 300 sec this turn | 300 sec total\n|\n|t:|1783569870\n|move|p2a: Gouging Fire|Outrage|p1a: Avalugg|[from] lockedmove\n|-damage|p1a: Avalugg|198/310\n|-start|p2a: Gouging Fire|confusion|[fatigue]\n|move|p1a: Avalugg|Avalanche|p2a: Gouging Fire\n|-damage|p2a: Gouging Fire|11/100\n|\n|upkeep\n|turn|17\n|inactive|Time left: 300 sec this turn | 300 sec total\n|\n|t:|1783569871\n|-end|p2a: Gouging Fire|Protosynthesis|[silent]\n|switch|p2a: Palkia|Palkia, L75|3/100\n|-activate|p2a: Palkia|move: Sticky Web\n|-unboost|p2a: Palkia|spe|1\n|-ability|p2a: Palkia|Pressure\n|move|p1a: Avalugg|Avalanche|p2a: Palkia\n|-damage|p2a: Palkia|0 fnt\n|faint|p2a: Palkia\n|\n|upkeep\n|\n|t:|1783569872\n|switch|p2a: Seviper|Seviper, L93, F|100/100\n|-activate|p2a: Seviper|move: Sticky Web\n|-unboost|p2a: Seviper|spe|1\n|turn|18\n|inactive|Time left: 300 sec this turn | 300 sec total\n|\n|t:|1783569873\n|switch|p1a: Basculegion|Basculegion, L80, M|151/323\n|move|p2a: Seviper|Flamethrower|p1a: Basculegion\n|-resisted|p1a: Basculegion\n|-damage|p1a: Basculegion|117/323\n|\n|upkeep\n|turn|19\n|inactive|Time left: 300 sec this turn | 300 sec total\n|\n|t:|1783569874\n|move|p2a: Seviper|Flamethrower|p1a: Basculegion\n|-resisted|p1a: Basculegion\n|-damage|p1a: Basculegion|88/323\n|move|p1a: Basculegion|Shadow Ball|p2a: Seviper\n|-damage|p2a: Seviper|63/100\n|\n|upkeep\n|turn|20\n|inactive|Time left: 300 sec this turn | 300 sec total\n|\n|t:|1783569876\n|move|p2a: Seviper|Flamethrower|p1a: Basculegion\n|-resisted|p1a: Basculegion\n|-damage|p1a: Basculegion|55/323\n|move|p1a: Basculegion|Shadow Ball|p2a: Seviper\n|-damage|p2a: Seviper|28/100\n|\n|upkeep\n|turn|21\n|inactive|Time left: 300 sec this turn | 300 sec total\n|\n|t:|1783569877\n|move|p2a: Seviper|Flamethrower|p1a: Basculegion\n|-resisted|p1a: Basculegion\n|-damage|p1a: Basculegion|24/323\n|move|p1a: Basculegion|Flip Turn|p2a: Seviper\n|-damage|p2a: Seviper|0 fnt\n|faint|p2a: Seviper\n|inactive|Time left: 300 sec this turn | 300 sec total | 5 sec grace\n|\n|t:|1783569879\n|switch|p1a: Avalugg|Avalugg, L88, F|198/310|[from] Flip Turn\n|\n|upkeep\n|\n|t:|1783569879\n|switch|p2a: Gouging Fire|Gouging Fire, L74|11/100\n|turn|22\n|inactive|Time left: 300 sec this turn | 300 sec total\n|\n|t:|1783569880\n|move|p2a: Gouging Fire|Morning Sun|p2a: Gouging Fire\n|-heal|p2a: Gouging Fire|61/100\n|move|p1a: Avalugg|Recover|p1a: Avalugg\n|-heal|p1a: Avalugg|310/310\n|\n|upkeep\n|turn|23\n|inactive|Time left: 300 sec this turn | 300 sec total\n|\n|t:|1783569881\n|move|p2a: Gouging Fire|Morning Sun|p2a: Gouging Fire\n|-heal|p2a: Gouging Fire|100/100\n|move|p1a: Avalugg|Curse|p1a: Avalugg\n|-unboost|p1a: Avalugg|spe|1\n|-boost|p1a: Avalugg|atk|1\n|-boost|p1a: Avalugg|def|1\n|\n|upkeep\n|turn|24\n|inactive|Time left: 300 sec this turn | 300 sec total\n|\n|t:|1783569882\n|-terastallize|p1a: Avalugg|Fighting\n|move|p2a: Gouging Fire|Dragon Dance|p2a: Gouging Fire\n|-boost|p2a: Gouging Fire|atk|1\n|-boost|p2a: Gouging Fire|spe|1\n|move|p1a: Avalugg|Body Press|p2a: Gouging Fire\n|-damage|p2a: Gouging Fire|28/100\n|\n|upkeep\n|turn|25\n|inactive|Time left: 300 sec this turn | 300 sec total\n|\n|t:|1783569884\n|move|p2a: Gouging Fire|Morning Sun|p2a: Gouging Fire\n|-heal|p2a: Gouging Fire|78/100\n|move|p1a: Avalugg|Body Press|p2a: Gouging Fire\n|-damage|p2a: Gouging Fire|5/100\n|\n|upkeep\n|turn|26\n|inactive|Time left: 300 sec this turn | 300 sec total\n|\n|t:|1783569885\n|move|p2a: Gouging Fire|Morning Sun|p2a: Gouging Fire\n|-heal|p2a: Gouging Fire|55/100\n|move|p1a: Avalugg|Body Press|p2a: Gouging Fire\n|-damage|p2a: Gouging Fire|0 fnt\n|faint|p2a: Gouging Fire\n|-end|p2a: Gouging Fire|Protosynthesis|[silent]\n|\n|upkeep\n|\n|t:|1783569886\n|switch|p2a: Medicham|Medicham, L86, M|100/100\n|-activate|p2a: Medicham|move: Sticky Web\n|-unboost|p2a: Medicham|spe|1\n|turn|27\n|inactive|Time left: 300 sec this turn | 300 sec total\n|\n|t:|1783569887\n|move|p2a: Medicham|Ice Punch|p1a: Avalugg\n|-damage|p1a: Avalugg|280/310\n|move|p1a: Avalugg|Avalanche|p2a: Medicham\n|-damage|p2a: Medicham|0 fnt\n|faint|p2a: Medicham\n|\n|win|p0x26755aed", "uploadtime": 1783569887, "views": 0, "rating": 0, "private": 0, "password": null, "_winner": "p0x26755aed", "_our_name": "p0x26755aed"}