{"id": "battle-gen9randombattle-204", "formatid": "gen9randombattle", "format": "[Gen 9] Random Battle", "players": ["p0x204458c", "p0y204a0b3"], "log": "|init|battle\n|title|p0x204458c vs. p0y204a0b3\n|j|\u2606p0x204458c\n|j|\u2606p0y204a0b3\n|t:|1783541925\n|gametype|singles\n|player|p1|p0x204458c|265|\n|player|p2|p0y204a0b3|169|\n|gen|9\n|tier|[Gen 9] Random Battle\n|rule|Species Clause: Limit one of each Pok\u00e9mon\n|rule|HP Percentage Mod: HP is shown in percentages\n|rule|Sleep Clause Mod: Limit one foe put to sleep\n|rule|Illusion Level Mod: Illusion disguises the Pok\u00e9mon's true level\n|\n|t:|1783541925\n|teamsize|p1|6\n|teamsize|p2|6\n|start\n|switch|p1a: Dragonite|Dragonite, L74, M|257/257\n|switch|p2a: Delibird|Delibird, F|100/100\n|turn|1\n|inactive|Battle timer is ON: inactive players will automatically lose when time's up. (requested by p0y204a0b3)\n|inactive|Time left: 300 sec this turn | 300 sec total | 60 sec grace\n|\n|t:|1783541927\n|move|p2a: Delibird|Freeze-Dry|p1a: Dragonite\n|-supereffective|p1a: Dragonite\n|-damage|p1a: Dragonite|99/257\n|move|p1a: Dragonite|Outrage|p2a: Delibird\n|-damage|p2a: Delibird|33/100\n|\n|upkeep\n|turn|2\n|inactive|Time left: 300 sec this turn | 300 sec total\n|inactive|p0x204458c also wants the timer to be on.\n|\n|t:|1783541928\n|move|p2a: Delibird|Freeze-Dry|p1a: Dragonite\n|-supereffective|p1a: Dragonite\n|-damage|p1a: Dragonite|0 fnt\n|faint|p1a: Dragonite\n|\n|upkeep\n|inactive|Time left: 300 sec this turn | 300 sec total | 5 sec grace\n|\n|t:|1783541929\n|switch|p1a: Scrafty|Scrafty, L83, F|244/244\n|-ability|p1a: Scrafty|Intimidate|boost\n|-unboost|p2a: Delibird|atk|1\n|turn|3\n|inactive|Time left: 300 sec this turn | 300 sec total\n|\n|t:|1783541930\n|switch|p2a: Conkeldurr|Conkeldurr, L80, M|100/100\n|move|p1a: Scrafty|Dragon Dance|p1a: Scrafty\n|-boost|p1a: Scrafty|atk|1\n|-boost|p1a: Scrafty|spe|1\n|\n|-status|p2a: Conkeldurr|brn|[from] item: Flame Orb\n|upkeep\n|turn|4\n|inactive|Time left: 300 sec this turn | 300 sec total\n|\n|t:|1783541931\n|-terastallize|p1a: Scrafty|Poison\n|move|p1a: Scrafty|Drain Punch|p2a: Conkeldurr\n|-damage|p2a: Conkeldurr|65/100 brn\n|move|p2a: Conkeldurr|Facade|p1a: Scrafty\n|-damage|p1a: Scrafty|103/244\n|\n|-heal|p1a: Scrafty|118/244|[from] item: Leftovers\n|-damage|p2a: Conkeldurr|59/100 brn|[from] brn\n|upkeep\n|turn|5\n|inactive|Time left: 300 sec this turn | 300 sec total\n|\n|t:|1783541932\n|move|p1a: Scrafty|Drain Punch|p2a: Conkeldurr\n|-damage|p2a: Conkeldurr|21/100 brn\n|-heal|p1a: Scrafty|176/244|[from] drain|[of] p2a: Conkeldurr\n|move|p2a: Conkeldurr|Facade|p1a: Scrafty\n|-damage|p1a: Scrafty|33/244\n|\n|-heal|p1a: Scrafty|48/244|[from] item: Leftovers\n|-damage|p2a: Conkeldurr|15/100 brn|[from] brn\n|upkeep\n|turn|6\n|inactive|Time left: 300 sec this turn | 300 sec total\n|\n|t:|1783541934\n|switch|p2a: Gliscor|Gliscor, L76, F|100/100\n|move|p1a: Scrafty|Drain Punch|p2a: Gliscor\n|-resisted|p2a: Gliscor\n|-damage|p2a: Gliscor|82/100\n|-heal|p1a: Scrafty|71/244|[from] drain|[of] p2a: Gliscor\n|\n|-heal|p1a: Scrafty|86/244|[from] item: Leftovers\n|-status|p2a: Gliscor|tox|[from] item: Toxic Orb\n|upkeep\n|turn|7\n|inactive|Time left: 300 sec this turn | 300 sec total\n|\n|t:|1783541935\n|move|p1a: Scrafty|Knock Off|p2a: Gliscor\n|-crit|p2a: Gliscor\n|-damage|p2a: Gliscor|10/100 tox\n|-enditem|p2a: Gliscor|Toxic Orb|[from] move: Knock Off|[of] p1a: Scrafty\n|move|p2a: Gliscor|Earthquake|p1a: Scrafty\n|-supereffective|p1a: Scrafty\n|-damage|p1a: Scrafty|0 fnt\n|faint|p1a: Scrafty\n|\n|-heal|p2a: Gliscor|22/100 tox|[from] ability: Poison Heal\n|upkeep\n|inactive|Time left: 300 sec this turn | 300 sec total | 5 sec grace\n|\n|t:|1783541936\n|switch|p1a: Krookodile|Krookodile, L79, F|280/280\n|-ability|p1a: Krookodile|Intimidate|boost\n|-unboost|p2a: Gliscor|atk|1\n|turn|8\n|inactive|Time left: 300 sec this turn | 300 sec total\n|\n|t:|1783541937\n|move|p1a: Krookodile|Knock Off|p2a: Gliscor\n|-damage|p2a: Gliscor|0 fnt\n|faint|p2a: Gliscor\n|\n|upkeep\n|\n|t:|1783541938\n|switch|p2a: Plusle|Plusle, L95, M|100/100\n|turn|9\n|inactive|Time left: 300 sec this turn | 300 sec total\n|\n|t:|1783541939\n|-terastallize|p2a: Plusle|Grass\n|move|p2a: Plusle|Grass Knot|p1a: Krookodile\n|-supereffective|p1a: Krookodile\n|-damage|p1a: Krookodile|0 fnt\n|faint|p1a: Krookodile\n|-damage|p2a: Plusle|91/100|[from] item: Life Orb\n|\n|upkeep\n|inactive|Time left: 300 sec this turn | 300 sec total | 5 sec grace\n|\n|t:|1783541940\n|switch|p1a: Arcanine|Arcanine, L84, F|288/288\n|-ability|p1a: Arcanine|Intimidate|boost\n|-unboost|p2a: Plusle|atk|1\n|turn|10\n|inactive|Time left: 300 sec this turn | 300 sec total\n|\n|t:|1783541941\n|move|p2a: Plusle|Thunderbolt|p1a: Arcanine\n|-damage|p1a: Arcanine|139/288\n|-damage|p2a: Plusle|81/100|[from] item: Life Orb\n|move|p1a: Arcanine|Flare Blitz|p2a: Plusle\n|-supereffective|p2a: Plusle\n|-damage|p2a: Plusle|0 fnt\n|faint|p2a: Plusle\n|-damage|p1a: Arcanine|68/288|[from] Recoil\n|\n|upkeep\n|\n|t:|1783541942\n|switch|p2a: Polteageist|Polteageist, L78|100/100\n|turn|11\n|inactive|Time left: 300 sec this turn | 300 sec total\n|\n|t:|1783541943\n|move|p1a: Arcanine|Flare Blitz|p2a: Polteageist\n|-damage|p2a: Polteageist|15/100\n|-damage|p1a: Arcanine|6/288|[from] Recoil\n|move|p2a: Polteageist|Shell Smash|p2a: Polteageist\n|-unboost|p2a: Polteageist|def|1\n|-unboost|p2a: Polteageist|spd|1\n|-boost|p2a: Polteageist|atk|2\n|-boost|p2a: Polteageist|spa|2\n|-boost|p2a: Polteageist|spe|2\n|-enditem|p2a: Polteageist|White Herb\n|-clearnegativeboost|p2a: Polteageist|[silent]\n|\n|upkeep\n|turn|12\n|inactive|Time left: 300 sec this turn | 300 sec total\n|\n|t:|1783541944\n|move|p2a: Polteageist|Strength Sap|p1a: Arcanine\n|-unboost|p1a: Arcanine|atk|1\n|-heal|p2a: Polteageist|100/100\n|move|p1a: Arcanine|Flare Blitz|p2a: Polteageist\n|-damage|p2a: Polteageist|48/100\n|-damage|p1a: Arcanine|0 fnt|[from] Recoil\n|faint|p1a: Arcanine\n|\n|upkeep\n|inactive|Time left: 300 sec this turn | 300 sec total | 5 sec grace\n|\n|t:|1783541945\n|switch|p1a: Toucannon|Toucannon, L88, F|284/284\n|turn|13\n|inactive|Time left: 300 sec this turn | 300 sec total\n|\n|t:|1783541946\n|-singleturn|p1a: Toucannon|move: Beak Blast\n|move|p2a: Polteageist|Strength Sap|p1a: Toucannon\n|-unboost|p1a: Toucannon|atk|1\n|-heal|p2a: Polteageist|100/100\n|move|p1a: Toucannon|Beak Blast|p2a: Polteageist\n|-damage|p2a: Polteageist|45/100\n|-start|p1a: Toucannon|Disable|Beak Blast|[from] ability: Cursed Body|[of] p2a: Polteageist\n|\n|upkeep\n|turn|14\n|inactive|Time left: 300 sec this turn | 300 sec total\n|\n|t:|1783541947\n|move|p2a: Polteageist|Strength Sap|p1a: Toucannon\n|-unboost|p1a: Toucannon|atk|1\n|-heal|p2a: Polteageist|100/100\n|move|p1a: Toucannon|U-turn|p2a: Polteageist\n|-resisted|p2a: Polteageist\n|-damage|p2a: Polteageist|90/100\n|inactive|Time left: 300 sec this turn | 300 sec total | 5 sec grace\n|\n|t:|1783541948\n|switch|p1a: Deoxys|Deoxys, L74|196/196|[from] U-turn\n|-ability|p1a: Deoxys|Pressure\n|\n|upkeep\n|turn|15\n|inactive|Time left: 300 sec this turn | 300 sec total\n|\n|t:|1783541949\n|switch|p1a: Toucannon|Toucannon, L88, F|284/284\n|move|p2a: Polteageist|Stored Power|p1a: Toucannon\n|-damage|p1a: Toucannon|33/284\n|\n|upkeep\n|turn|16\n|inactive|Time left: 300 sec this turn | 300 sec total\n|\n|t:|1783541950\n|switch|p1a: Deoxys|Deoxys, L74|196/196\n|-ability|p1a: Deoxys|Pressure\n|move|p2a: Polteageist|Stored Power|p1a: Deoxys\n|-resisted|p1a: Deoxys\n|-damage|p1a: Deoxys|15/196\n|\n|upkeep\n|turn|17\n|inactive|Time left: 300 sec this turn | 300 sec total\n|\n|t:|1783541951\n|move|p2a: Polteageist|Stored Power|p1a: Deoxys\n|-resisted|p1a: Deoxys\n|-damage|p1a: Deoxys|0 fnt\n|faint|p1a: Deoxys\n|\n|upkeep\n|inactive|Time left: 300 sec this turn | 300 sec total | 5 sec grace\n|\n|t:|1783541952\n|switch|p1a: Toucannon|Toucannon, L88, F|33/284\n|turn|18\n|inactive|Time left: 300 sec this turn | 300 sec total\n|\n|t:|1783541953\n|move|p2a: Polteageist|Stored Power|p1a: Toucannon\n|-damage|p1a: Toucannon|0 fnt\n|faint|p1a: Toucannon\n|\n|win|p0y204a0b3", "uploadtime": 1783541953, "views": 0, "rating": 0, "private": 0, "password": null, "_winner": "p0y204a0b3", "_our_name": "p0x204458c"}