{"id": "battle-gen9randombattle-312", "formatid": "gen9randombattle", "format": "[Gen 9] Random Battle", "players": ["p0x312ad5c", "p0y3120b88"], "log": "|init|battle\n|title|p0x312ad5c vs. p0y3120b88\n|j|\u2606p0x312ad5c\n|j|\u2606p0y3120b88\n|t:|1783543216\n|gametype|singles\n|player|p1|p0x312ad5c|266|\n|player|p2|p0y3120b88|170|\n|gen|9\n|tier|[Gen 9] Random Battle\n|rule|Species Clause: Limit one of each Pok\u00e9mon\n|rule|HP Percentage Mod: HP is shown in percentages\n|rule|Sleep Clause Mod: Limit one foe put to sleep\n|rule|Illusion Level Mod: Illusion disguises the Pok\u00e9mon's true level\n|\n|t:|1783543216\n|teamsize|p1|6\n|teamsize|p2|6\n|start\n|switch|p1a: Whiscash|Whiscash, L88, F|100/100\n|switch|p2a: Veluza|Veluza, L85, M|292/292\n|turn|1\n|inactive|Battle timer is ON: inactive players will automatically lose when time's up. (requested by p0x312ad5c)\n|inactive|Time left: 300 sec this turn | 300 sec total | 60 sec grace\n|inactive|p0y3120b88 also wants the timer to be on.\n|\n|t:|1783543218\n|move|p2a: Veluza|Aqua Cutter|p1a: Whiscash\n|-damage|p1a: Whiscash|42/100\n|move|p1a: Whiscash|Earthquake|p2a: Veluza\n|-damage|p2a: Veluza|154/292\n|-damage|p1a: Whiscash|32/100|[from] item: Life Orb\n|\n|upkeep\n|turn|2\n|inactive|Time left: 300 sec this turn | 300 sec total\n|\n|t:|1783543219\n|switch|p1a: Politoed|Politoed, L88, M|100/100\n|-weather|RainDance|[from] ability: Drizzle|[of] p1a: Politoed\n|move|p2a: Veluza|Aqua Cutter|p1a: Politoed\n|-resisted|p1a: Politoed\n|-crit|p1a: Politoed\n|-damage|p1a: Politoed|28/100\n|\n|-weather|RainDance|[upkeep]\n|upkeep\n|turn|3\n|inactive|Time left: 300 sec this turn | 300 sec total\n|\n|t:|1783543221\n|move|p1a: Politoed|Hydro Pump|p2a: Veluza\n|-resisted|p2a: Veluza\n|-damage|p2a: Veluza|0 fnt\n|faint|p2a: Veluza\n|\n|-weather|RainDance|[upkeep]\n|upkeep\n|inactive|Time left: 300 sec this turn | 300 sec total | 5 sec grace\n|\n|t:|1783543222\n|switch|p2a: Decidueye|Decidueye-Hisui, L87, M|295/295\n|turn|4\n|inactive|Time left: 300 sec this turn | 300 sec total\n|\n|t:|1783543223\n|switch|p1a: Tropius|Tropius, L91, F|100/100\n|move|p2a: Decidueye|Triple Arrows|p1a: Tropius\n|-resisted|p1a: Tropius\n|-crit|p1a: Tropius\n|-damage|p1a: Tropius|74/100\n|-unboost|p1a: Tropius|def|1\n|\n|-weather|RainDance|[upkeep]\n|upkeep\n|turn|5\n|inactive|Time left: 300 sec this turn | 300 sec total\n|\n|t:|1783543224\n|move|p2a: Decidueye|Triple Arrows|p1a: Tropius\n|-resisted|p1a: Tropius\n|-damage|p1a: Tropius|51/100\n|-unboost|p1a: Tropius|def|1\n|cant|p1a: Tropius|flinch\n|\n|-weather|RainDance|[upkeep]\n|upkeep\n|turn|6\n|inactive|Time left: 300 sec this turn | 300 sec total\n|\n|t:|1783543226\n|move|p2a: Decidueye|Knock Off|p1a: Tropius\n|-damage|p1a: Tropius|6/100\n|-enditem|p1a: Tropius|Sitrus Berry|[from] move: Knock Off|[of] p2a: Decidueye\n|move|p1a: Tropius|Dual Wingbeat|p2a: Decidueye\n|-supereffective|p2a: Decidueye\n|-damage|p2a: Decidueye|135/295\n|-supereffective|p2a: Decidueye\n|-damage|p2a: Decidueye|0 fnt\n|faint|p2a: Decidueye\n|-hitcount|p2: Decidueye|2\n|\n|-weather|none\n|upkeep\n|inactive|Time left: 300 sec this turn | 300 sec total | 5 sec grace\n|\n|t:|1783543227\n|switch|p2a: Alcremie|Alcremie-Matcha-Cream, L90, F|263/263\n|turn|7\n|inactive|Time left: 300 sec this turn | 300 sec total\n|\n|t:|1783543228\n|switch|p1a: Metagross|Metagross, L79|100/100\n|move|p2a: Alcremie|Calm Mind|p2a: Alcremie\n|-boost|p2a: Alcremie|spa|1\n|-boost|p2a: Alcremie|spd|1\n|\n|upkeep\n|turn|8\n|inactive|Time left: 300 sec this turn | 300 sec total\n|\n|t:|1783543229\n|switch|p2a: Regidrago|Regidrago, L77|435/435\n|move|p1a: Metagross|Heavy Slam|p2a: Regidrago\n|-damage|p2a: Regidrago|317/435\n|\n|upkeep\n|turn|9\n|inactive|Time left: 300 sec this turn | 300 sec total\n|\n|t:|1783543230\n|move|p2a: Regidrago|Dragon Dance|p2a: Regidrago\n|-boost|p2a: Regidrago|atk|1\n|-boost|p2a: Regidrago|spe|1\n|move|p1a: Metagross|Knock Off|p2a: Regidrago\n|-damage|p2a: Regidrago|196/435\n|-enditem|p2a: Regidrago|Life Orb|[from] move: Knock Off|[of] p1a: Metagross\n|\n|upkeep\n|turn|10\n|inactive|Time left: 300 sec this turn | 300 sec total\n|\n|t:|1783543231\n|-terastallize|p1a: Metagross|Ground\n|move|p2a: Regidrago|Earthquake|p1a: Metagross\n|-damage|p1a: Metagross|74/100\n|move|p1a: Metagross|Earthquake|p2a: Regidrago\n|-damage|p2a: Regidrago|13/435\n|\n|upkeep\n|turn|11\n|inactive|Time left: 300 sec this turn | 300 sec total\n|\n|t:|1783543232\n|move|p2a: Regidrago|Dragon Claw|p1a: Metagross\n|-damage|p1a: Metagross|22/100\n|move|p1a: Metagross|Knock Off|p2a: Regidrago\n|-damage|p2a: Regidrago|0 fnt\n|faint|p2a: Regidrago\n|\n|upkeep\n|inactive|Time left: 300 sec this turn | 300 sec total | 5 sec grace\n|\n|t:|1783543234\n|switch|p2a: Florges|Florges-Blue, L85, F|271/271\n|turn|12\n|inactive|Time left: 300 sec this turn | 300 sec total\n|\n|t:|1783543234\n|switch|p1a: Tropius|Tropius, L91, F|6/100\n|move|p2a: Florges|Moonblast|p1a: Tropius\n|-damage|p1a: Tropius|0 fnt\n|faint|p1a: Tropius\n|\n|upkeep\n|\n|t:|1783543235\n|switch|p1a: Tyranitar|Tyranitar, L78, F|100/100\n|-weather|Sandstorm|[from] ability: Sand Stream|[of] p1a: Tyranitar\n|turn|13\n|inactive|Time left: 300 sec this turn | 300 sec total\n|\n|t:|1783543236\n|move|p2a: Florges|Moonblast|p1a: Tyranitar\n|-supereffective|p1a: Tyranitar\n|-damage|p1a: Tyranitar|47/100\n|move|p1a: Tyranitar|Thunder Wave|p2a: Florges\n|-status|p2a: Florges|par\n|\n|-weather|Sandstorm|[upkeep]\n|-damage|p2a: Florges|255/271 par|[from] Sandstorm\n|-heal|p1a: Tyranitar|53/100|[from] item: Leftovers\n|-heal|p2a: Florges|271/271 par|[from] item: Leftovers\n|upkeep\n|turn|14\n|inactive|Time left: 300 sec this turn | 300 sec total\n|\n|t:|1783543237\n|move|p1a: Tyranitar|Stone Edge|p2a: Florges\n|-damage|p2a: Florges|126/271 par\n|move|p2a: Florges|Moonblast|p1a: Tyranitar\n|-supereffective|p1a: Tyranitar\n|-damage|p1a: Tyranitar|0 fnt\n|faint|p1a: Tyranitar\n|\n|-weather|Sandstorm|[upkeep]\n|-damage|p2a: Florges|110/271 par|[from] Sandstorm\n|-heal|p2a: Florges|126/271 par|[from] item: Leftovers\n|upkeep\n|\n|t:|1783543238\n|switch|p1a: Politoed|Politoed, L88, M|28/100\n|-weather|RainDance|[from] ability: Drizzle|[of] p1a: Politoed\n|turn|15\n|inactive|Time left: 300 sec this turn | 300 sec total\n|\n|t:|1783543239\n|move|p1a: Politoed|Weather Ball|p2a: Florges\n|-damage|p2a: Florges|0 fnt\n|faint|p2a: Florges\n|\n|-weather|RainDance|[upkeep]\n|upkeep\n|inactive|Time left: 300 sec this turn | 300 sec total | 5 sec grace\n|\n|t:|1783543240\n|switch|p2a: Alcremie|Alcremie-Matcha-Cream, L90, F|263/263\n|turn|16\n|inactive|Time left: 300 sec this turn | 300 sec total\n|\n|t:|1783543241\n|move|p1a: Politoed|Weather Ball|p2a: Alcremie\n|-damage|p2a: Alcremie|92/263\n|move|p2a: Alcremie|Alluring Voice|p1a: Politoed\n|-damage|p1a: Politoed|0 fnt\n|faint|p1a: Politoed\n|\n|-weather|RainDance|[upkeep]\n|-heal|p2a: Alcremie|108/263|[from] item: Leftovers\n|upkeep\n|\n|t:|1783543242\n|switch|p1a: Bombirdier|Bombirdier, L85, F|100/100\n|turn|17\n|inactive|Time left: 300 sec this turn | 300 sec total\n|\n|t:|1783543243\n|switch|p2a: Scizor|Scizor, L79, M|240/240\n|move|p1a: Bombirdier|Brave Bird|p2a: Scizor\n|-damage|p2a: Scizor|99/240\n|-damage|p1a: Bombirdier|82/100|[from] Recoil\n|\n|-weather|RainDance|[upkeep]\n|-heal|p2a: Scizor|114/240|[from] item: Leftovers\n|upkeep\n|turn|18\n|inactive|Time left: 300 sec this turn | 300 sec total\n|\n|t:|1783543244\n|-terastallize|p2a: Scizor|Steel\n|move|p2a: Scizor|Bullet Punch|p1a: Bombirdier\n|-damage|p1a: Bombirdier|47/100\n|move|p1a: Bombirdier|Brave Bird|p2a: Scizor\n|-resisted|p2a: Scizor\n|-damage|p2a: Scizor|42/240\n|-damage|p1a: Bombirdier|37/100|[from] Recoil\n|\n|-weather|RainDance|[upkeep]\n|-heal|p2a: Scizor|57/240|[from] item: Leftovers\n|upkeep\n|turn|19\n|inactive|Time left: 300 sec this turn | 300 sec total\n|\n|t:|1783543245\n|move|p1a: Bombirdier|Sucker Punch|p2a: Scizor\n|-crit|p2a: Scizor\n|-damage|p2a: Scizor|0 fnt\n|faint|p2a: Scizor\n|\n|-weather|none\n|upkeep\n|inactive|Time left: 300 sec this turn | 300 sec total | 5 sec grace\n|\n|t:|1783543246\n|switch|p2a: Alcremie|Alcremie-Matcha-Cream, L90, F|108/263\n|turn|20\n|inactive|Time left: 300 sec this turn | 300 sec total\n|\n|t:|1783543247\n|move|p1a: Bombirdier|Brave Bird|p2a: Alcremie\n|-damage|p2a: Alcremie|0 fnt\n|faint|p2a: Alcremie\n|-damage|p1a: Bombirdier|23/100|[from] Recoil\n|\n|win|p0x312ad5c", "uploadtime": 1783543247, "views": 0, "rating": 0, "private": 0, "password": null, "_winner": "p0x312ad5c", "_our_name": "p0y3120b88"}