{"id": "battle-gen9randombattle-2943", "formatid": "gen9randombattle", "format": "[Gen 9] Random Battle", "players": ["p0x29435d58", "p0y29431191"], "log": "|init|battle\n|title|p0x29435d58 vs. p0y29431191\n|j|\u2606p0x29435d58\n|j|\u2606p0y29431191\n|t:|1783573871\n|gametype|singles\n|player|p1|p0x29435d58|169|\n|player|p2|p0y29431191|265|\n|gen|9\n|tier|[Gen 9] Random Battle\n|rule|Species Clause: Limit one of each Pok\u00e9mon\n|rule|HP Percentage Mod: HP is shown in percentages\n|rule|Sleep Clause Mod: Limit one foe put to sleep\n|rule|Illusion Level Mod: Illusion disguises the Pok\u00e9mon's true level\n|\n|t:|1783573871\n|teamsize|p1|6\n|teamsize|p2|6\n|start\n|switch|p1a: Tatsugiri|Tatsugiri, L87, M|260/260\n|switch|p2a: Mandibuzz|Mandibuzz, L85, F|100/100\n|turn|1\n|inactive|Battle timer is ON: inactive players will automatically lose when time's up. (requested by p0x29435d58)\n|inactive|p0y29431191 also wants the timer to be on.\n|\n|t:|1783573872\n|switch|p1a: Conkeldurr|Conkeldurr, L80, M|299/299\n|move|p2a: Mandibuzz|Knock Off|p1a: Conkeldurr\n|-resisted|p1a: Conkeldurr\n|-damage|p1a: Conkeldurr|262/299\n|-enditem|p1a: Conkeldurr|Flame Orb|[from] move: Knock Off|[of] p2a: Mandibuzz\n|\n|upkeep\n|turn|2\n|inactive|Time left: 300 sec this turn | 300 sec total\n|\n|t:|1783573874\n|move|p2a: Mandibuzz|Brave Bird|p1a: Conkeldurr\n|-supereffective|p1a: Conkeldurr\n|-damage|p1a: Conkeldurr|58/299\n|-damage|p2a: Mandibuzz|80/100|[from] Recoil\n|move|p1a: Conkeldurr|Knock Off|p2a: Mandibuzz\n|-resisted|p2a: Mandibuzz\n|-damage|p2a: Mandibuzz|68/100\n|-enditem|p2a: Mandibuzz|Heavy-Duty Boots|[from] move: Knock Off|[of] p1a: Conkeldurr\n|\n|upkeep\n|turn|3\n|inactive|Time left: 300 sec this turn | 300 sec total\n|\n|t:|1783573875\n|move|p2a: Mandibuzz|Brave Bird|p1a: Conkeldurr\n|-supereffective|p1a: Conkeldurr\n|-damage|p1a: Conkeldurr|0 fnt\n|faint|p1a: Conkeldurr\n|-damage|p2a: Mandibuzz|62/100|[from] Recoil\n|\n|upkeep\n|inactive|Time left: 300 sec this turn | 300 sec total | 5 sec grace\n|\n|t:|1783573876\n|switch|p1a: Rotom|Rotom, L88|231/231\n|turn|4\n|inactive|Time left: 300 sec this turn | 300 sec total\n|\n|t:|1783573877\n|switch|p2a: Sylveon|Sylveon, L85, M|100/100\n|move|p1a: Rotom|Thunderbolt|p2a: Sylveon\n|-damage|p2a: Sylveon|76/100\n|\n|-heal|p2a: Sylveon|82/100|[from] item: Leftovers\n|upkeep\n|turn|5\n|inactive|Time left: 300 sec this turn | 300 sec total\n|\n|t:|1783573878\n|move|p1a: Rotom|Thunderbolt|p2a: Sylveon\n|-damage|p2a: Sylveon|58/100\n|move|p2a: Sylveon|Hyper Voice|p1a: Rotom\n|-damage|p1a: Rotom|104/231\n|\n|-heal|p2a: Sylveon|64/100|[from] item: Leftovers\n|upkeep\n|turn|6\n|inactive|Time left: 300 sec this turn | 300 sec total\n|\n|t:|1783573879\n|switch|p1a: Gastrodon|Gastrodon-East, L86, M|331/331\n|move|p2a: Sylveon|Hyper Voice|p1a: Gastrodon\n|-damage|p1a: Gastrodon|193/331\n|\n|-heal|p2a: Sylveon|70/100|[from] item: Leftovers\n|-heal|p1a: Gastrodon|213/331|[from] item: Leftovers\n|upkeep\n|turn|7\n|inactive|Time left: 300 sec this turn | 300 sec total\n|\n|t:|1783573880\n|move|p2a: Sylveon|Calm Mind|p2a: Sylveon\n|-boost|p2a: Sylveon|spa|1\n|-boost|p2a: Sylveon|spd|1\n|move|p1a: Gastrodon|Earthquake|p2a: Sylveon\n|-damage|p2a: Sylveon|33/100\n|\n|-heal|p2a: Sylveon|39/100|[from] item: Leftovers\n|-heal|p1a: Gastrodon|233/331|[from] item: Leftovers\n|upkeep\n|turn|8\n|inactive|Time left: 300 sec this turn | 300 sec total\n|\n|t:|1783573881\n|move|p2a: Sylveon|Hyper Voice|p1a: Gastrodon\n|-damage|p1a: Gastrodon|35/331\n|move|p1a: Gastrodon|Earthquake|p2a: Sylveon\n|-damage|p2a: Sylveon|0 fnt\n|faint|p2a: Sylveon\n|\n|-heal|p1a: Gastrodon|55/331|[from] item: Leftovers\n|upkeep\n|\n|t:|1783573882\n|switch|p2a: Cinccino|Cinccino, L83, M|100/100\n|turn|9\n|inactive|Time left: 300 sec this turn | 300 sec total\n|\n|t:|1783573884\n|switch|p1a: Gholdengo|Gholdengo, L77|261/261\n|move|p2a: Cinccino|Triple Axel|p1a: Gholdengo\n|-resisted|p1a: Gholdengo\n|-damage|p1a: Gholdengo|250/261\n|-resisted|p1a: Gholdengo\n|-damage|p1a: Gholdengo|230/261\n|-resisted|p1a: Gholdengo\n|-damage|p1a: Gholdengo|200/261\n|-hitcount|p1a: Gholdengo|3\n|\n|upkeep\n|turn|10\n|inactive|Time left: 300 sec this turn | 300 sec total\n|\n|t:|1783573884\n|switch|p2a: Minun|Minun, L95, M|100/100\n|move|p1a: Gholdengo|Focus Blast|p2a: Minun\n|-damage|p2a: Minun|68/100\n|\n|upkeep\n|turn|11\n|inactive|Time left: 300 sec this turn | 300 sec total\n|\n|t:|1783573885\n|move|p1a: Gholdengo|Focus Blast|p2a: Minun\n|-damage|p2a: Minun|38/100\n|move|p2a: Minun|Nasty Plot|p2a: Minun\n|-boost|p2a: Minun|spa|2\n|\n|upkeep\n|turn|12\n|inactive|Time left: 300 sec this turn | 300 sec total\n|\n|t:|1783573886\n|move|p1a: Gholdengo|Focus Blast|p2a: Minun|[miss]\n|-miss|p1a: Gholdengo|p2a: Minun\n|move|p2a: Minun|Thunderbolt|p1a: Gholdengo\n|-damage|p1a: Gholdengo|0 fnt\n|faint|p1a: Gholdengo\n|-damage|p2a: Minun|28/100|[from] item: Life Orb\n|\n|upkeep\n|inactive|Time left: 300 sec this turn | 300 sec total | 5 sec grace\n|\n|t:|1783573887\n|switch|p1a: Rotom|Rotom, L88|104/231\n|turn|13\n|inactive|Time left: 300 sec this turn | 300 sec total\n|\n|t:|1783573888\n|move|p1a: Rotom|Shadow Ball|p2a: Minun\n|-damage|p2a: Minun|0 fnt\n|faint|p2a: Minun\n|\n|upkeep\n|\n|t:|1783573889\n|switch|p2a: Cinccino|Cinccino, L83, M|100/100\n|turn|14\n|inactive|Time left: 300 sec this turn | 300 sec total\n|\n|t:|1783573890\n|switch|p1a: Ursaring|Ursaring, L84, F|288/288\n|move|p2a: Cinccino|Bullet Seed|p1a: Ursaring\n|-damage|p1a: Ursaring|258/288\n|-damage|p1a: Ursaring|226/288\n|-damage|p1a: Ursaring|194/288\n|-damage|p1a: Ursaring|166/288\n|-damage|p1a: Ursaring|137/288\n|-hitcount|p1a: Ursaring|5\n|\n|-status|p1a: Ursaring|tox|[from] item: Toxic Orb\n|upkeep\n|turn|15\n|inactive|Time left: 300 sec this turn | 300 sec total\n|\n|t:|1783573891\n|move|p2a: Cinccino|Triple Axel|p1a: Ursaring\n|-damage|p1a: Ursaring|115/288 tox\n|-damage|p1a: Ursaring|72/288 tox\n|-damage|p1a: Ursaring|6/288 tox\n|-hitcount|p1a: Ursaring|3\n|move|p1a: Ursaring|Close Combat|p2a: Cinccino\n|-supereffective|p2a: Cinccino\n|-damage|p2a: Cinccino|0 fnt\n|-unboost|p1a: Ursaring|def|1\n|-unboost|p1a: Ursaring|spd|1\n|faint|p2a: Cinccino\n|\n|-damage|p1a: Ursaring|0 fnt|[from] psn\n|faint|p1a: Ursaring\n|upkeep\n|inactive|Time left: 300 sec this turn | 300 sec total | 5 sec grace\n|\n|t:|1783573892\n|switch|p2a: Mandibuzz|Mandibuzz, L85, F|62/100\n|switch|p1a: Tatsugiri|Tatsugiri, L87, M|260/260\n|turn|16\n|inactive|Time left: 300 sec this turn | 300 sec total\n|\n|t:|1783573893\n|move|p1a: Tatsugiri|Nasty Plot|p1a: Tatsugiri\n|-boost|p1a: Tatsugiri|spa|2\n|move|p2a: Mandibuzz|Roost|p2a: Mandibuzz\n|-heal|p2a: Mandibuzz|100/100\n|-singleturn|p2a: Mandibuzz|move: Roost\n|\n|upkeep\n|turn|17\n|inactive|Time left: 300 sec this turn | 300 sec total\n|\n|t:|1783573894\n|move|p1a: Tatsugiri|Surf|p2a: Mandibuzz\n|-damage|p2a: Mandibuzz|38/100\n|move|p2a: Mandibuzz|Knock Off|p1a: Tatsugiri\n|-crit|p1a: Tatsugiri\n|-damage|p1a: Tatsugiri|97/260\n|-enditem|p1a: Tatsugiri|Heavy-Duty Boots|[from] move: Knock Off|[of] p2a: Mandibuzz\n|\n|upkeep\n|turn|18\n|inactive|Time left: 300 sec this turn | 300 sec total\n|\n|t:|1783573895\n|move|p1a: Tatsugiri|Surf|p2a: Mandibuzz\n|-crit|p2a: Mandibuzz\n|-damage|p2a: Mandibuzz|0 fnt\n|faint|p2a: Mandibuzz\n|\n|upkeep\n|\n|t:|1783573896\n|switch|p2a: Umbreon|Umbreon, L84, M|100/100\n|turn|19\n|inactive|Time left: 300 sec this turn | 300 sec total\n|\n|t:|1783573897\n|move|p1a: Tatsugiri|Surf|p2a: Umbreon\n|-damage|p2a: Umbreon|43/100\n|move|p2a: Umbreon|Foul Play|p1a: Tatsugiri\n|-damage|p1a: Tatsugiri|6/260\n|\n|-heal|p2a: Umbreon|49/100|[from] item: Leftovers\n|upkeep\n|turn|20\n|inactive|Time left: 300 sec this turn | 300 sec total\n|\n|t:|1783573898\n|move|p2a: Umbreon|Protect|p2a: Umbreon\n|-singleturn|p2a: Umbreon|Protect\n|move|p1a: Tatsugiri|Surf|p2a: Umbreon\n|-activate|p2a: Umbreon|move: Protect\n|\n|-heal|p2a: Umbreon|55/100|[from] item: Leftovers\n|upkeep\n|turn|21\n|inactive|Time left: 300 sec this turn | 300 sec total\n|\n|t:|1783573899\n|-terastallize|p1a: Tatsugiri|Water\n|move|p2a: Umbreon|Protect|p2a: Umbreon\n|-singleturn|p2a: Umbreon|Protect\n|move|p1a: Tatsugiri|Surf|p2a: Umbreon\n|-activate|p2a: Umbreon|move: Protect\n|\n|-heal|p2a: Umbreon|61/100|[from] item: Leftovers\n|upkeep\n|turn|22\n|inactive|Time left: 300 sec this turn | 300 sec total\n|\n|t:|1783573900\n|move|p2a: Umbreon|Protect||[still]\n|-fail|p2a: Umbreon\n|move|p1a: Tatsugiri|Surf|p2a: Umbreon\n|-damage|p2a: Umbreon|0 fnt\n|faint|p2a: Umbreon\n|\n|upkeep\n|\n|t:|1783573900\n|switch|p2a: Toucannon|Toucannon, L88, M|100/100\n|turn|23\n|inactive|Time left: 300 sec this turn | 300 sec total\n|\n|t:|1783573901\n|move|p1a: Tatsugiri|Surf|p2a: Toucannon\n|-damage|p2a: Toucannon|0 fnt\n|faint|p2a: Toucannon\n|\n|win|p0x29435d58", "uploadtime": 1783573901, "views": 0, "rating": 0, "private": 0, "password": null, "_winner": "p0x29435d58", "_our_name": "p0x29435d58"}