{"id": "battle-gen9randombattle-1210", "formatid": "gen9randombattle", "format": "[Gen 9] Random Battle", "players": ["p0x121011b7", "p0y1210867a"], "log": "|init|battle\n|title|p0x121011b7 vs. p0y1210867a\n|j|\u2606p0x121011b7\n|j|\u2606p0y1210867a\n|t:|1783553142\n|gametype|singles\n|player|p1|p0x121011b7|101|\n|player|p2|p0y1210867a|266|\n|gen|9\n|tier|[Gen 9] Random Battle\n|rule|Species Clause: Limit one of each Pok\u00e9mon\n|rule|HP Percentage Mod: HP is shown in percentages\n|rule|Sleep Clause Mod: Limit one foe put to sleep\n|rule|Illusion Level Mod: Illusion disguises the Pok\u00e9mon's true level\n|\n|t:|1783553142\n|teamsize|p1|6\n|teamsize|p2|6\n|start\n|switch|p1a: Falinks|Falinks, L84|100/100\n|switch|p2a: Palafin|Palafin, L77, M|281/281\n|turn|1\n|inactive|Battle timer is ON: inactive players will automatically lose when time's up. (requested by p0y1210867a)\n|inactive|p0x121011b7 also wants the timer to be on.\n|\n|t:|1783553144\n|move|p2a: Palafin|Bulk Up|p2a: Palafin\n|-boost|p2a: Palafin|atk|1\n|-boost|p2a: Palafin|def|1\n|move|p1a: Falinks|No Retreat|p1a: Falinks\n|-boost|p1a: Falinks|atk|1\n|-boost|p1a: Falinks|def|1\n|-boost|p1a: Falinks|spa|1\n|-boost|p1a: Falinks|spd|1\n|-boost|p1a: Falinks|spe|1\n|-start|p1a: Falinks|move: No Retreat\n|\n|upkeep\n|turn|2\n|inactive|Time left: 300 sec this turn | 300 sec total\n|\n|t:|1783553144\n|move|p1a: Falinks|Close Combat|p2a: Palafin\n|-damage|p2a: Palafin|67/281\n|-unboost|p1a: Falinks|def|1\n|-unboost|p1a: Falinks|spd|1\n|-damage|p1a: Falinks|91/100|[from] item: Life Orb\n|move|p2a: Palafin|Drain Punch|p1a: Falinks\n|-damage|p1a: Falinks|70/100\n|-heal|p2a: Palafin|93/281|[from] drain|[of] p1a: Falinks\n|\n|-heal|p2a: Palafin|110/281|[from] item: Leftovers\n|upkeep\n|turn|3\n|inactive|Time left: 300 sec this turn | 300 sec total\n|\n|t:|1783553145\n|move|p2a: Palafin|Jet Punch|p1a: Falinks\n|-damage|p1a: Falinks|48/100\n|move|p1a: Falinks|Knock Off|p2a: Palafin\n|-damage|p2a: Palafin|0 fnt\n|-enditem|p2a: Palafin|Leftovers|[from] move: Knock Off|[of] p1a: Falinks\n|faint|p2a: Palafin\n|-damage|p1a: Falinks|38/100|[from] item: Life Orb\n|\n|upkeep\n|inactive|Time left: 300 sec this turn | 300 sec total | 5 sec grace\n|\n|t:|1783553146\n|switch|p2a: Ho-Oh|Ho-Oh, L71|268/268\n|turn|4\n|inactive|Time left: 300 sec this turn | 300 sec total\n|\n|t:|1783553147\n|move|p1a: Falinks|Iron Head|p2a: Ho-Oh\n|-resisted|p2a: Ho-Oh\n|-damage|p2a: Ho-Oh|203/268\n|-damage|p1a: Falinks|29/100|[from] item: Life Orb\n|move|p2a: Ho-Oh|Brave Bird|p1a: Falinks\n|-supereffective|p1a: Falinks\n|-damage|p1a: Falinks|0 fnt\n|faint|p1a: Falinks\n|-damage|p2a: Ho-Oh|180/268|[from] Recoil\n|\n|upkeep\n|\n|t:|1783553148\n|switch|p1a: Azumarill|Azumarill, L82, M|100/100\n|turn|5\n|inactive|Time left: 300 sec this turn | 300 sec total\n|\n|t:|1783553148\n|switch|p2a: Feraligatr|Feraligatr, L79, M|264/264\n|move|p1a: Azumarill|Liquidation|p2a: Feraligatr\n|-resisted|p2a: Feraligatr\n|-damage|p2a: Feraligatr|211/264\n|\n|upkeep\n|turn|6\n|inactive|Time left: 300 sec this turn | 300 sec total\n|\n|t:|1783553149\n|move|p2a: Feraligatr|Dragon Dance|p2a: Feraligatr\n|-boost|p2a: Feraligatr|atk|1\n|-boost|p2a: Feraligatr|spe|1\n|move|p1a: Azumarill|Belly Drum|p1a: Azumarill\n|-damage|p1a: Azumarill|50/100\n|-setboost|p1a: Azumarill|atk|6|[from] move: Belly Drum\n|-enditem|p1a: Azumarill|Sitrus Berry|[eat]\n|-heal|p1a: Azumarill|75/100|[from] item: Sitrus Berry\n|\n|upkeep\n|turn|7\n|inactive|Time left: 300 sec this turn | 300 sec total\n|\n|t:|1783553150\n|move|p2a: Feraligatr|Liquidation|p1a: Azumarill\n|-resisted|p1a: Azumarill\n|-damage|p1a: Azumarill|38/100\n|move|p1a: Azumarill|Liquidation|p2a: Feraligatr\n|-resisted|p2a: Feraligatr\n|-damage|p2a: Feraligatr|2/264\n|\n|upkeep\n|turn|8\n|inactive|Time left: 300 sec this turn | 300 sec total\n|\n|t:|1783553151\n|move|p1a: Azumarill|Aqua Jet|p2a: Feraligatr\n|-resisted|p2a: Feraligatr\n|-damage|p2a: Feraligatr|0 fnt\n|faint|p2a: Feraligatr\n|\n|upkeep\n|inactive|Time left: 300 sec this turn | 300 sec total | 5 sec grace\n|\n|t:|1783553151\n|switch|p2a: Latias|Latias, L79, F|256/256\n|turn|9\n|inactive|Time left: 300 sec this turn | 300 sec total\n|\n|t:|1783553152\n|move|p2a: Latias|Psyshock|p1a: Azumarill\n|-damage|p1a: Azumarill|3/100\n|move|p1a: Azumarill|Play Rough|p2a: Latias\n|-supereffective|p2a: Latias\n|-damage|p2a: Latias|0 fnt\n|faint|p2a: Latias\n|\n|upkeep\n|inactive|Time left: 300 sec this turn | 300 sec total | 5 sec grace\n|\n|t:|1783553153\n|switch|p2a: Hypno|Hypno, L95, F|315/315\n|turn|10\n|inactive|Time left: 300 sec this turn | 300 sec total\n|\n|t:|1783553154\n|move|p1a: Azumarill|Aqua Jet|p2a: Hypno\n|-damage|p2a: Hypno|95/315\n|move|p2a: Hypno|Psychic Noise|p1a: Azumarill\n|-damage|p1a: Azumarill|0 fnt\n|faint|p1a: Azumarill\n|\n|-heal|p2a: Hypno|114/315|[from] item: Leftovers\n|upkeep\n|\n|t:|1783553155\n|switch|p1a: Lurantis|Lurantis, L87, M|100/100\n|turn|11\n|inactive|Time left: 300 sec this turn | 300 sec total\n|\n|t:|1783553156\n|move|p2a: Hypno|Thunder Wave|p1a: Lurantis\n|-status|p1a: Lurantis|par\n|move|p1a: Lurantis|Superpower|p2a: Hypno\n|-resisted|p2a: Hypno\n|-damage|p2a: Hypno|65/315\n|-boost|p1a: Lurantis|atk|1\n|-boost|p1a: Lurantis|def|1\n|\n|-heal|p2a: Hypno|84/315|[from] item: Leftovers\n|upkeep\n|turn|12\n|inactive|Time left: 300 sec this turn | 300 sec total\n|\n|t:|1783553157\n|move|p2a: Hypno|Knock Off|p1a: Lurantis\n|-damage|p1a: Lurantis|83/100 par\n|-enditem|p1a: Lurantis|Assault Vest|[from] move: Knock Off|[of] p2a: Hypno\n|move|p1a: Lurantis|Leaf Storm|p2a: Hypno\n|-damage|p2a: Hypno|0 fnt\n|-boost|p1a: Lurantis|spa|2\n|faint|p2a: Hypno\n|\n|upkeep\n|inactive|Time left: 300 sec this turn | 300 sec total | 5 sec grace\n|\n|t:|1783553158\n|switch|p2a: Ho-Oh|Ho-Oh, L71|268/268\n|turn|13\n|inactive|Time left: 300 sec this turn | 300 sec total\n|\n|t:|1783553160\n|-terastallize|p1a: Lurantis|Water\n|move|p2a: Ho-Oh|Sacred Fire|p1a: Lurantis\n|-resisted|p1a: Lurantis\n|-crit|p1a: Lurantis\n|-damage|p1a: Lurantis|56/100 par\n|cant|p1a: Lurantis|par\n|\n|upkeep\n|turn|14\n|inactive|Time left: 300 sec this turn | 300 sec total\n|\n|t:|1783553161\n|move|p2a: Ho-Oh|Brave Bird|p1a: Lurantis\n|-damage|p1a: Lurantis|28/100 par\n|-damage|p2a: Ho-Oh|244/268|[from] Recoil\n|move|p1a: Lurantis|Superpower|p2a: Ho-Oh\n|-resisted|p2a: Ho-Oh\n|-damage|p2a: Ho-Oh|155/268\n|-boost|p1a: Lurantis|atk|1\n|-boost|p1a: Lurantis|def|1\n|\n|upkeep\n|turn|15\n|inactive|Time left: 300 sec this turn | 300 sec total\n|\n|t:|1783553162\n|move|p2a: Ho-Oh|Brave Bird|p1a: Lurantis\n|-damage|p1a: Lurantis|8/100 par\n|-damage|p2a: Ho-Oh|138/268|[from] Recoil\n|move|p1a: Lurantis|Knock Off|p2a: Ho-Oh\n|-damage|p2a: Ho-Oh|0 fnt\n|-enditem|p2a: Ho-Oh|Heavy-Duty Boots|[from] move: Knock Off|[of] p1a: Lurantis\n|faint|p2a: Ho-Oh\n|\n|upkeep\n|inactive|Time left: 300 sec this turn | 300 sec total | 5 sec grace\n|\n|t:|1783553163\n|switch|p2a: Bastiodon|Bastiodon, L89, F|252/252\n|turn|16\n|inactive|Time left: 300 sec this turn | 300 sec total\n|\n|t:|1783553164\n|-terastallize|p2a: Bastiodon|Fighting\n|move|p2a: Bastiodon|Body Press|p1a: Lurantis\n|-damage|p1a: Lurantis|0 fnt\n|faint|p1a: Lurantis\n|\n|upkeep\n|\n|t:|1783553165\n|switch|p1a: Oricorio|Oricorio-Pom-Pom, L82, F|100/100\n|turn|17\n|inactive|Time left: 300 sec this turn | 300 sec total\n|\n|t:|1783553166\n|move|p1a: Oricorio|Hurricane|p2a: Bastiodon\n|-supereffective|p2a: Bastiodon\n|-damage|p2a: Bastiodon|90/252\n|move|p2a: Bastiodon|Iron Defense|p2a: Bastiodon\n|-boost|p2a: Bastiodon|def|2\n|\n|upkeep\n|turn|18\n|inactive|Time left: 300 sec this turn | 300 sec total\n|\n|t:|1783553167\n|move|p1a: Oricorio|Hurricane|p2a: Bastiodon\n|-supereffective|p2a: Bastiodon\n|-damage|p2a: Bastiodon|0 fnt\n|faint|p2a: Bastiodon\n|\n|win|p0x121011b7", "uploadtime": 1783553167, "views": 0, "rating": 0, "private": 0, "password": null, "_winner": "p0x121011b7", "_our_name": "p0y1210867a"}