{"id": "battle-gen9randombattle-1237", "formatid": "gen9randombattle", "format": "[Gen 9] Random Battle", "players": ["p0x1237257b", "p0y12370b23"], "log": "|init|battle\n|title|p0x1237257b vs. p0y12370b23\n|j|\u2606p0x1237257b\n|j|\u2606p0y12370b23\n|t:|1783553458\n|gametype|singles\n|player|p1|p0x1237257b|1|\n|player|p2|p0y12370b23|102|\n|gen|9\n|tier|[Gen 9] Random Battle\n|rule|Species Clause: Limit one of each Pok\u00e9mon\n|rule|HP Percentage Mod: HP is shown in percentages\n|rule|Sleep Clause Mod: Limit one foe put to sleep\n|rule|Illusion Level Mod: Illusion disguises the Pok\u00e9mon's true level\n|\n|t:|1783553458\n|teamsize|p1|6\n|teamsize|p2|6\n|start\n|switch|p1a: Coalossal|Coalossal, L89, F|341/341\n|switch|p2a: Furret|Furret, L94, M|100/100\n|-item|p1a: Coalossal|Heavy-Duty Boots|[from] ability: Frisk|[of] p2a: Furret\n|turn|1\n|inactive|Battle timer is ON: inactive players will automatically lose when time's up. (requested by p0x1237257b)\n|inactive|p0y12370b23 also wants the timer to be on.\n|\n|t:|1783553460\n|move|p2a: Furret|Knock Off|p1a: Coalossal\n|-damage|p1a: Coalossal|268/341\n|-status|p2a: Furret|brn|[from] ability: Flame Body|[of] p1a: Coalossal\n|-enditem|p1a: Coalossal|Heavy-Duty Boots|[from] move: Knock Off|[of] p2a: Furret\n|move|p1a: Coalossal|Spikes|p2a: Furret\n|-sidestart|p2: p0y12370b23|Spikes\n|\n|-damage|p2a: Furret|94/100 brn|[from] brn\n|upkeep\n|turn|2\n|inactive|Time left: 300 sec this turn | 300 sec total\n|\n|t:|1783553461\n|switch|p2a: Porygon2|Porygon2, L81|100/100\n|-damage|p2a: Porygon2|88/100|[from] Spikes\n|-ability|p2a: Porygon2|Download|boost\n|-boost|p2a: Porygon2|spa|1\n|move|p1a: Coalossal|Spikes|p2a: Porygon2\n|-sidestart|p2: p0y12370b23|Spikes\n|\n|upkeep\n|turn|3\n|inactive|Time left: 300 sec this turn | 300 sec total\n|\n|t:|1783553462\n|move|p2a: Porygon2|Tri Attack|p1a: Coalossal\n|-resisted|p1a: Coalossal\n|-damage|p1a: Coalossal|213/341\n|-status|p1a: Coalossal|frz\n|cant|p1a: Coalossal|frz\n|\n|upkeep\n|turn|4\n|inactive|Time left: 300 sec this turn | 300 sec total\n|\n|t:|1783553464\n|move|p2a: Porygon2|Discharge|p1a: Coalossal\n|-damage|p1a: Coalossal|132/341 frz\n|-curestatus|p1a: Coalossal|frz|[msg]\n|move|p1a: Coalossal|Stone Edge|p2a: Porygon2\n|-damage|p2a: Porygon2|62/100\n|\n|upkeep\n|turn|5\n|inactive|Time left: 300 sec this turn | 300 sec total\n|\n|t:|1783553465\n|move|p2a: Porygon2|Recover|p2a: Porygon2\n|-heal|p2a: Porygon2|100/100\n|move|p1a: Coalossal|Spikes|p2a: Porygon2\n|-sidestart|p2: p0y12370b23|Spikes\n|\n|upkeep\n|turn|6\n|inactive|Time left: 300 sec this turn | 300 sec total\n|\n|t:|1783553466\n|move|p2a: Porygon2|Ice Beam|p1a: Coalossal\n|-resisted|p1a: Coalossal\n|-damage|p1a: Coalossal|86/341\n|move|p1a: Coalossal|Rapid Spin|p2a: Porygon2\n|-crit|p2a: Porygon2\n|-damage|p2a: Porygon2|87/100\n|-boost|p1a: Coalossal|spe|1\n|\n|upkeep\n|turn|7\n|inactive|Time left: 300 sec this turn | 300 sec total\n|\n|t:|1783553467\n|move|p1a: Coalossal|Rapid Spin|p2a: Porygon2\n|-damage|p2a: Porygon2|79/100\n|-boost|p1a: Coalossal|spe|1\n|move|p2a: Porygon2|Discharge|p1a: Coalossal\n|-damage|p1a: Coalossal|13/341\n|\n|upkeep\n|turn|8\n|inactive|Time left: 300 sec this turn | 300 sec total\n|\n|t:|1783553469\n|move|p1a: Coalossal|Overheat|p2a: Porygon2\n|-damage|p2a: Porygon2|48/100\n|-unboost|p1a: Coalossal|spa|2\n|move|p2a: Porygon2|Tri Attack|p1a: Coalossal\n|-resisted|p1a: Coalossal\n|-damage|p1a: Coalossal|0 fnt\n|faint|p1a: Coalossal\n|\n|upkeep\n|inactive|Time left: 300 sec this turn | 300 sec total | 5 sec grace\n|\n|t:|1783553470\n|switch|p1a: Regidrago|Regidrago, L77|435/435\n|turn|9\n|inactive|Time left: 300 sec this turn | 300 sec total\n|\n|t:|1783553471\n|-terastallize|p1a: Regidrago|Dragon\n|move|p1a: Regidrago|Outrage|p2a: Porygon2\n|-damage|p2a: Porygon2|0 fnt\n|faint|p2a: Porygon2\n|\n|upkeep\n|\n|t:|1783553472\n|switch|p2a: Giratina|Giratina, L75|100/100\n|-damage|p2a: Giratina|76/100|[from] Spikes\n|-ability|p2a: Giratina|Pressure\n|turn|10\n|inactive|Time left: 300 sec this turn | 300 sec total\n|\n|t:|1783553473\n|-terastallize|p2a: Giratina|Fairy\n|move|p2a: Giratina|Dragon Pulse|p1a: Regidrago\n|-supereffective|p1a: Regidrago\n|-damage|p1a: Regidrago|183/435\n|move|p1a: Regidrago|Outrage|p2a: Giratina|[from] lockedmove\n|-immune|p2a: Giratina\n|\n|-heal|p2a: Giratina|82/100|[from] item: Leftovers\n|upkeep\n|turn|11\n|inactive|Time left: 300 sec this turn | 300 sec total\n|\n|t:|1783553474\n|move|p2a: Giratina|Dragon Pulse|p1a: Regidrago\n|-supereffective|p1a: Regidrago\n|-damage|p1a: Regidrago|0 fnt\n|faint|p1a: Regidrago\n|\n|-heal|p2a: Giratina|88/100|[from] item: Leftovers\n|upkeep\n|inactive|Time left: 300 sec this turn | 300 sec total | 5 sec grace\n|\n|t:|1783553475\n|switch|p1a: Mudsdale|Mudsdale, L83, F|302/302\n|turn|12\n|inactive|Time left: 300 sec this turn | 300 sec total\n|\n|t:|1783553476\n|move|p2a: Giratina|Calm Mind|p2a: Giratina\n|-boost|p2a: Giratina|spa|1\n|-boost|p2a: Giratina|spd|1\n|move|p1a: Mudsdale|Roar|p2a: Giratina\n|drag|p2a: Great Tusk|Great Tusk, L77|100/100\n|-damage|p2a: Great Tusk|75/100|[from] Spikes\n|-enditem|p2a: Great Tusk|Booster Energy\n|-activate|p2a: Great Tusk|ability: Protosynthesis|[fromitem]\n|-start|p2a: Great Tusk|protosynthesisatk\n|\n|upkeep\n|turn|13\n|inactive|Time left: 300 sec this turn | 300 sec total\n|\n|t:|1783553477\n|move|p2a: Great Tusk|Bulk Up|p2a: Great Tusk\n|-boost|p2a: Great Tusk|atk|1\n|-boost|p2a: Great Tusk|def|1\n|move|p1a: Mudsdale|Earthquake|p2a: Great Tusk\n|-damage|p2a: Great Tusk|54/100\n|\n|upkeep\n|turn|14\n|inactive|Time left: 300 sec this turn | 300 sec total\n|\n|t:|1783553478\n|move|p2a: Great Tusk|Close Combat|p1a: Mudsdale\n|-damage|p1a: Mudsdale|73/302\n|-unboost|p2a: Great Tusk|def|1\n|-unboost|p2a: Great Tusk|spd|1\n|-ability|p1a: Mudsdale|Stamina|boost\n|-boost|p1a: Mudsdale|def|1\n|move|p1a: Mudsdale|Roar|p2a: Great Tusk\n|-end|p2a: Great Tusk|Protosynthesis|[silent]\n|drag|p2a: Furret|Furret, L94, M|94/100 brn\n|-damage|p2a: Furret|69/100 brn|[from] Spikes\n|-item|p1a: Mudsdale|Leftovers|[from] ability: Frisk|[of] p2a: Furret\n|\n|-heal|p1a: Mudsdale|91/302|[from] item: Leftovers\n|-damage|p2a: Furret|63/100 brn|[from] brn\n|upkeep\n|turn|15\n|inactive|Time left: 300 sec this turn | 300 sec total\n|\n|t:|1783553479\n|move|p2a: Furret|Trick|p1a: Mudsdale\n|-activate|p2a: Furret|move: Trick|[of] p1a: Mudsdale\n|-item|p1a: Mudsdale|Choice Band|[from] move: Trick\n|-item|p2a: Furret|Leftovers|[from] move: Trick\n|move|p1a: Mudsdale|Stone Edge|p2a: Furret\n|-damage|p2a: Furret|14/100 brn\n|\n|-heal|p2a: Furret|20/100 brn|[from] item: Leftovers\n|-damage|p2a: Furret|14/100 brn|[from] brn\n|upkeep\n|turn|16\n|inactive|Time left: 300 sec this turn | 300 sec total\n|\n|t:|1783553479\n|move|p2a: Furret|Knock Off|p1a: Mudsdale\n|-damage|p1a: Mudsdale|69/302\n|-ability|p1a: Mudsdale|Stamina|boost\n|-boost|p1a: Mudsdale|def|1\n|-enditem|p1a: Mudsdale|Choice Band|[from] move: Knock Off|[of] p2a: Furret\n|move|p1a: Mudsdale|Stone Edge|p2a: Furret\n|-damage|p2a: Furret|0 fnt\n|faint|p2a: Furret\n|\n|upkeep\n|\n|t:|1783553480\n|switch|p2a: Tentacruel|Tentacruel, L84, F|100/100\n|-damage|p2a: Tentacruel|75/100|[from] Spikes\n|turn|17\n|inactive|Time left: 300 sec this turn | 300 sec total\n|\n|t:|1783553481\n|move|p2a: Tentacruel|Surf|p1a: Mudsdale\n|-supereffective|p1a: Mudsdale\n|-damage|p1a: Mudsdale|0 fnt\n|faint|p1a: Mudsdale\n|\n|-heal|p2a: Tentacruel|82/100|[from] item: Leftovers\n|upkeep\n|inactive|Time left: 300 sec this turn | 300 sec total | 5 sec grace\n|\n|t:|1783553482\n|switch|p1a: Wugtrio|Wugtrio, L91, F|212/212\n|turn|18\n|inactive|Time left: 300 sec this turn | 300 sec total\n|\n|t:|1783553483\n|switch|p2a: Giratina|Giratina, L75, tera:Fairy|88/100\n|-damage|p2a: Giratina|63/100|[from] Spikes\n|-ability|p2a: Giratina|Pressure\n|move|p1a: Wugtrio|Stomping Tantrum|p2a: Giratina\n|-damage|p2a: Giratina|39/100\n|\n|-heal|p2a: Giratina|45/100|[from] item: Leftovers\n|upkeep\n|turn|19\n|inactive|Time left: 300 sec this turn | 300 sec total\n|\n|t:|1783553484\n|move|p1a: Wugtrio|Stomping Tantrum|p2a: Giratina\n|-damage|p2a: Giratina|22/100\n|move|p2a: Giratina|Calm Mind|p2a: Giratina\n|-boost|p2a: Giratina|spa|1\n|-boost|p2a: Giratina|spd|1\n|\n|-heal|p2a: Giratina|28/100|[from] item: Leftovers\n|upkeep\n|turn|20\n|inactive|Time left: 300 sec this turn | 300 sec total\n|\n|t:|1783553485\n|move|p1a: Wugtrio|Stomping Tantrum|p2a: Giratina\n|-damage|p2a: Giratina|3/100\n|move|p2a: Giratina|Rest|p2a: Giratina\n|-status|p2a: Giratina|slp|[from] move: Rest\n|-heal|p2a: Giratina|100/100 slp|[silent]\n|\n|upkeep\n|turn|21\n|inactive|Time left: 300 sec this turn | 300 sec total\n|\n|t:|1783553486\n|switch|p1a: Articuno|Articuno, L86|295/295\n|-ability|p1a: Articuno|Pressure\n|cant|p2a: Giratina|slp\n|move|p2a: Giratina|Sleep Talk|p2a: Giratina\n|move|p2a: Giratina|Rest||[from] move: Sleep Talk|[still]\n|-fail|p2a: Giratina\n|\n|upkeep\n|turn|22\n|inactive|Time left: 300 sec this turn | 300 sec total\n|\n|t:|1783553487\n|move|p1a: Articuno|Haze|p1a: Articuno\n|-clearallboost\n|cant|p2a: Giratina|slp\n|move|p2a: Giratina|Sleep Talk|p2a: Giratina\n|move|p2a: Giratina|Calm Mind|p2a: Giratina|[from] move: Sleep Talk\n|-boost|p2a: Giratina|spa|1\n|-boost|p2a: Giratina|spd|1\n|\n|upkeep\n|turn|23\n|inactive|Time left: 300 sec this turn | 300 sec total\n|\n|t:|1783553488\n|move|p1a: Articuno|Haze|p1a: Articuno\n|-clearallboost\n|-curestatus|p2a: Giratina|slp|[msg]\n|move|p2a: Giratina|Calm Mind|p2a: Giratina\n|-boost|p2a: Giratina|spa|1\n|-boost|p2a: Giratina|spd|1\n|\n|upkeep\n|turn|24\n|inactive|Time left: 300 sec this turn | 300 sec total\n|\n|t:|1783553489\n|move|p1a: Articuno|Haze|p1a: Articuno\n|-clearallboost\n|move|p2a: Giratina|Dragon Pulse|p1a: Articuno\n|-damage|p1a: Articuno|241/295\n|\n|upkeep\n|turn|25\n|inactive|Time left: 300 sec this turn | 300 sec total\n|\n|t:|1783553490\n|move|p1a: Articuno|Roost|p1a: Articuno\n|-heal|p1a: Articuno|295/295\n|-singleturn|p1a: Articuno|move: Roost\n|move|p2a: Giratina|Calm Mind|p2a: Giratina\n|-boost|p2a: Giratina|spa|1\n|-boost|p2a: Giratina|spd|1\n|\n|upkeep\n|turn|26\n|inactive|Time left: 300 sec this turn | 300 sec total\n|\n|t:|1783553492\n|move|p1a: Articuno|Haze|p1a: Articuno\n|-clearallboost\n|move|p2a: Giratina|Dragon Pulse|p1a: Articuno\n|-damage|p1a: Articuno|237/295\n|\n|upkeep\n|turn|27\n|inactive|Time left: 300 sec this turn | 300 sec total\n|\n|t:|1783553493\n|move|p1a: Articuno|Freeze-Dry|p2a: Giratina\n|-damage|p2a: Giratina|82/100\n|move|p2a: Giratina|Calm Mind|p2a: Giratina\n|-boost|p2a: Giratina|spa|1\n|-boost|p2a: Giratina|spd|1\n|\n|-heal|p2a: Giratina|88/100|[from] item: Leftovers\n|upkeep\n|turn|28\n|inactive|Time left: 300 sec this turn | 300 sec total\n|\n|t:|1783553494\n|move|p1a: Articuno|Haze|p1a: Articuno\n|-clearallboost\n|move|p2a: Giratina|Calm Mind|p2a: Giratina\n|-boost|p2a: Giratina|spa|1\n|-boost|p2a: Giratina|spd|1\n|\n|-heal|p2a: Giratina|94/100|[from] item: Leftovers\n|upkeep\n|turn|29\n|inactive|Time left: 300 sec this turn | 300 sec total\n|\n|t:|1783553495\n|move|p1a: Articuno|Haze|p1a: Articuno\n|-clearallboost\n|move|p2a: Giratina|Calm Mind|p2a: Giratina\n|-boost|p2a: Giratina|spa|1\n|-boost|p2a: Giratina|spd|1\n|\n|-heal|p2a: Giratina|99/100|[from] item: Leftovers\n|upkeep\n|turn|30\n|inactive|Time left: 300 sec this turn | 300 sec total\n|\n|t:|1783553496\n|move|p1a: Articuno|Haze|p1a: Articuno\n|-clearallboost\n|move|p2a: Giratina|Calm Mind|p2a: Giratina\n|-boost|p2a: Giratina|spa|1\n|-boost|p2a: Giratina|spd|1\n|\n|-heal|p2a: Giratina|100/100|[from] item: Leftovers\n|upkeep\n|turn|31\n|inactive|Time left: 300 sec this turn | 300 sec total\n|\n|t:|1783553497\n|move|p1a: Articuno|Haze|p1a: Articuno\n|-clearallboost\n|move|p2a: Giratina|Calm Mind|p2a: Giratina\n|-boost|p2a: Giratina|spa|1\n|-boost|p2a: Giratina|spd|1\n|\n|upkeep\n|turn|32\n|inactive|Time left: 300 sec this turn | 300 sec total\n|\n|t:|1783553498\n|move|p1a: Articuno|Haze|p1a: Articuno\n|-clearallboost\n|move|p2a: Giratina|Calm Mind|p2a: Giratina\n|-boost|p2a: Giratina|spa|1\n|-boost|p2a: Giratina|spd|1\n|\n|upkeep\n|turn|33\n|inactive|Time left: 300 sec this turn | 300 sec total\n|\n|t:|1783553499\n|move|p1a: Articuno|Haze|p1a: Articuno\n|-clearallboost\n|move|p2a: Giratina|Calm Mind|p2a: Giratina\n|-boost|p2a: Giratina|spa|1\n|-boost|p2a: Giratina|spd|1\n|\n|upkeep\n|turn|34\n|inactive|Time left: 300 sec this turn | 300 sec total\n|\n|t:|1783553500\n|move|p1a: Articuno|Haze|p1a: Articuno\n|-clearallboost\n|move|p2a: Giratina|Calm Mind|p2a: Giratina\n|-boost|p2a: Giratina|spa|1\n|-boost|p2a: Giratina|spd|1\n|\n|upkeep\n|turn|35\n|inactive|Time left: 300 sec this turn | 300 sec total\n|\n|t:|1783553501\n|move|p1a: Articuno|Haze|p1a: Articuno\n|-clearallboost\n|move|p2a: Giratina|Dragon Pulse|p1a: Articuno\n|-damage|p1a: Articuno|180/295\n|\n|upkeep\n|turn|36\n|inactive|Time left: 300 sec this turn | 300 sec total\n|\n|t:|1783553502\n|move|p1a: Articuno|Roost|p1a: Articuno\n|-heal|p1a: Articuno|295/295\n|-singleturn|p1a: Articuno|move: Roost\n|move|p2a: Giratina|Calm Mind|p2a: Giratina\n|-boost|p2a: Giratina|spa|1\n|-boost|p2a: Giratina|spd|1\n|\n|upkeep\n|turn|37\n|inactive|Time left: 300 sec this turn | 300 sec total\n|\n|t:|1783553504\n|move|p1a: Articuno|Haze|p1a: Articuno\n|-clearallboost\n|move|p2a: Giratina|Calm Mind|p2a: Giratina\n|-boost|p2a: Giratina|spa|1\n|-boost|p2a: Giratina|spd|1\n|\n|upkeep\n|turn|38\n|inactive|Time left: 300 sec this turn | 300 sec total\n|\n|t:|1783553504\n|move|p1a: Articuno|Haze|p1a: Articuno\n|-clearallboost\n|move|p2a: Giratina|Calm Mind|p2a: Giratina\n|-boost|p2a: Giratina|spa|1\n|-boost|p2a: Giratina|spd|1\n|\n|upkeep\n|turn|39\n|inactive|Time left: 300 sec this turn | 300 sec total\n|\n|t:|1783553505\n|move|p1a: Articuno|Haze|p1a: Articuno\n|-clearallboost\n|move|p2a: Giratina|Calm Mind|p2a: Giratina\n|-boost|p2a: Giratina|spa|1\n|-boost|p2a: Giratina|spd|1\n|\n|upkeep\n|turn|40\n|inactive|Time left: 300 sec this turn | 300 sec total\n|\n|t:|1783553506\n|move|p1a: Articuno|Haze|p1a: Articuno\n|-clearallboost\n|move|p2a: Giratina|Dragon Pulse|p1a: Articuno\n|-damage|p1a: Articuno|241/295\n|\n|upkeep\n|turn|41\n|inactive|Time left: 300 sec this turn | 300 sec total\n|\n|t:|1783553507\n|move|p1a: Articuno|Freeze-Dry|p2a: Giratina\n|-damage|p2a: Giratina|82/100\n|move|p2a: Giratina|Calm Mind|p2a: Giratina\n|-boost|p2a: Giratina|spa|1\n|-boost|p2a: Giratina|spd|1\n|\n|-heal|p2a: Giratina|88/100|[from] item: Leftovers\n|upkeep\n|turn|42\n|inactive|Time left: 300 sec this turn | 300 sec total\n|\n|t:|1783553508\n|move|p1a: Articuno|Haze|p1a: Articuno\n|-clearallboost\n|move|p2a: Giratina|Calm Mind|p2a: Giratina\n|-boost|p2a: Giratina|spa|1\n|-boost|p2a: Giratina|spd|1\n|\n|-heal|p2a: Giratina|94/100|[from] item: Leftovers\n|upkeep\n|turn|43\n|inactive|Time left: 300 sec this turn | 300 sec total\n|\n|t:|1783553509\n|move|p1a: Articuno|Haze|p1a: Articuno\n|-clearallboost\n|move|p2a: Giratina|Dragon Pulse|p1a: Articuno\n|-damage|p1a: Articuno|189/295\n|\n|-heal|p2a: Giratina|99/100|[from] item: Leftovers\n|upkeep\n|turn|44\n|inactive|Time left: 300 sec this turn | 300 sec total\n|\n|t:|1783553510\n|move|p1a: Articuno|Roost|p1a: Articuno\n|-heal|p1a: Articuno|295/295\n|-singleturn|p1a: Articuno|move: Roost\n|move|p2a: Giratina|Calm Mind|p2a: Giratina\n|-boost|p2a: Giratina|spa|1\n|-boost|p2a: Giratina|spd|1\n|\n|-heal|p2a: Giratina|100/100|[from] item: Leftovers\n|upkeep\n|turn|45\n|inactive|Time left: 300 sec this turn | 300 sec total\n|\n|t:|1783553511\n|move|p1a: Articuno|Haze|p1a: Articuno\n|-clearallboost\n|move|p2a: Giratina|Calm Mind|p2a: Giratina\n|-boost|p2a: Giratina|spa|1\n|-boost|p2a: Giratina|spd|1\n|\n|upkeep\n|turn|46\n|inactive|Time left: 300 sec this turn | 300 sec total\n|\n|t:|1783553512\n|move|p1a: Articuno|Haze|p1a: Articuno\n|-clearallboost\n|move|p2a: Giratina|Calm Mind|p2a: Giratina\n|-boost|p2a: Giratina|spa|1\n|-boost|p2a: Giratina|spd|1\n|\n|upkeep\n|turn|47\n|inactive|Time left: 300 sec this turn | 300 sec total\n|\n|t:|1783553512\n|move|p1a: Articuno|Haze|p1a: Articuno\n|-clearallboost\n|move|p2a: Giratina|Calm Mind|p2a: Giratina\n|-boost|p2a: Giratina|spa|1\n|-boost|p2a: Giratina|spd|1\n|\n|upkeep\n|turn|48\n|inactive|Time left: 300 sec this turn | 300 sec total\n|\n|t:|1783553513\n|move|p1a: Articuno|Haze|p1a: Articuno\n|-clearallboost\n|move|p2a: Giratina|Calm Mind|p2a: Giratina\n|-boost|p2a: Giratina|spa|1\n|-boost|p2a: Giratina|spd|1\n|\n|upkeep\n|turn|49\n|inactive|Time left: 300 sec this turn | 300 sec total\n|\n|t:|1783553514\n|move|p1a: Articuno|Haze|p1a: Articuno\n|-clearallboost\n|move|p2a: Giratina|Dragon Pulse|p1a: Articuno\n|-crit|p1a: Articuno\n|-damage|p1a: Articuno|211/295\n|\n|upkeep\n|turn|50\n|inactive|Time left: 300 sec this turn | 300 sec total\n|\n|t:|1783553515\n|move|p1a: Articuno|Freeze-Dry|p2a: Giratina\n|-damage|p2a: Giratina|82/100\n|move|p2a: Giratina|Calm Mind|p2a: Giratina\n|-boost|p2a: Giratina|spa|1\n|-boost|p2a: Giratina|spd|1\n|\n|-heal|p2a: Giratina|88/100|[from] item: Leftovers\n|upkeep\n|turn|51\n|inactive|Time left: 300 sec this turn | 300 sec total\n|\n|t:|1783553516\n|move|p1a: Articuno|Roost|p1a: Articuno\n|-heal|p1a: Articuno|295/295\n|-singleturn|p1a: Articuno|move: Roost\n|move|p2a: Giratina|Calm Mind|p2a: Giratina\n|-boost|p2a: Giratina|spa|1\n|-boost|p2a: Giratina|spd|1\n|\n|-heal|p2a: Giratina|94/100|[from] item: Leftovers\n|upkeep\n|turn|52\n|inactive|Time left: 300 sec this turn | 300 sec total\n|\n|t:|1783553517\n|move|p1a: Articuno|Haze|p1a: Articuno\n|-clearallboost\n|move|p2a: Giratina|Calm Mind|p2a: Giratina\n|-boost|p2a: Giratina|spa|1\n|-boost|p2a: Giratina|spd|1\n|\n|-heal|p2a: Giratina|99/100|[from] item: Leftovers\n|upkeep\n|turn|53\n|inactive|Time left: 300 sec this turn | 300 sec total\n|\n|t:|1783553518\n|move|p1a: Articuno|Brave Bird|p2a: Giratina\n|-damage|p2a: Giratina|69/100\n|-damage|p1a: Articuno|260/295|[from] Recoil\n|move|p2a: Giratina|Calm Mind|p2a: Giratina\n|-boost|p2a: Giratina|spa|1\n|-boost|p2a: Giratina|spd|1\n|\n|-heal|p2a: Giratina|75/100|[from] item: Leftovers\n|upkeep\n|turn|54\n|inactive|Time left: 300 sec this turn | 300 sec total\n|\n|t:|1783553519\n|move|p1a: Articuno|Roost|p1a: Articuno\n|-heal|p1a: Articuno|295/295\n|-singleturn|p1a: Articuno|move: Roost\n|move|p2a: Giratina|Calm Mind|p2a: Giratina\n|-boost|p2a: Giratina|spa|1\n|-boost|p2a: Giratina|spd|1\n|\n|-heal|p2a: Giratina|81/100|[from] item: Leftovers\n|upkeep\n|turn|55\n|inactive|Time left: 300 sec this turn | 300 sec total\n|\n|t:|1783553520\n|move|p1a: Articuno|Freeze-Dry|p2a: Giratina\n|-damage|p2a: Giratina|74/100\n|move|p2a: Giratina|Dragon Pulse|p1a: Articuno\n|-damage|p1a: Articuno|162/295\n|\n|-heal|p2a: Giratina|80/100|[from] item: Leftovers\n|upkeep\n|turn|56\n|inactive|Time left: 300 sec this turn | 300 sec total\n|\n|t:|1783553521\n|move|p1a: Articuno|Roost|p1a: Articuno\n|-heal|p1a: Articuno|295/295\n|-singleturn|p1a: Articuno|move: Roost\n|move|p2a: Giratina|Calm Mind|p2a: Giratina\n|-boost|p2a: Giratina|spa|1\n|-boost|p2a: Giratina|spd|1\n|\n|-heal|p2a: Giratina|86/100|[from] item: Leftovers\n|upkeep\n|turn|57\n|inactive|Time left: 300 sec this turn | 300 sec total\n|\n|t:|1783553522\n|move|p1a: Articuno|Freeze-Dry|p2a: Giratina\n|-damage|p2a: Giratina|79/100\n|move|p2a: Giratina|Rest|p2a: Giratina\n|-status|p2a: Giratina|slp|[from] move: Rest\n|-heal|p2a: Giratina|100/100 slp|[silent]\n|\n|upkeep\n|turn|58\n|inactive|Time left: 300 sec this turn | 300 sec total\n|\n|t:|1783553523\n|move|p1a: Articuno|Freeze-Dry|p2a: Giratina\n|-damage|p2a: Giratina|94/100 slp\n|cant|p2a: Giratina|slp\n|move|p2a: Giratina|Sleep Talk|p2a: Giratina\n|move|p2a: Giratina|Calm Mind|p2a: Giratina|[from] move: Sleep Talk\n|-boost|p2a: Giratina|spa|1\n|-boost|p2a: Giratina|spd|1\n|\n|-heal|p2a: Giratina|99/100 slp|[from] item: Leftovers\n|upkeep\n|turn|59\n|inactive|Time left: 300 sec this turn | 300 sec total\n|\n|t:|1783553524\n|move|p1a: Articuno|Brave Bird|p2a: Giratina\n|-damage|p2a: Giratina|67/100 slp\n|-damage|p1a: Articuno|257/295|[from] Recoil\n|cant|p2a: Giratina|slp\n|move|p2a: Giratina|Sleep Talk|p2a: Giratina\n|move|p2a: Giratina|Rest||[from] move: Sleep Talk|[still]\n|-fail|p2a: Giratina\n|\n|-heal|p2a: Giratina|73/100 slp|[from] item: Leftovers\n|upkeep\n|turn|60\n|inactive|Time left: 300 sec this turn | 300 sec total\n|\n|t:|1783553525\n|move|p1a: Articuno|Roost|p1a: Articuno\n|-heal|p1a: Articuno|295/295\n|-singleturn|p1a: Articuno|move: Roost\n|-curestatus|p2a: Giratina|slp|[msg]\n|move|p2a: Giratina|Rest|p2a: Giratina\n|-status|p2a: Giratina|slp|[from] move: Rest\n|-heal|p2a: Giratina|100/100 slp|[silent]\n|\n|upkeep\n|turn|61\n|inactive|Time left: 300 sec this turn | 300 sec total\n|\n|t:|1783553526\n|move|p1a: Articuno|Freeze-Dry|p2a: Giratina\n|-crit|p2a: Giratina\n|-damage|p2a: Giratina|74/100 slp\n|cant|p2a: Giratina|slp\n|move|p2a: Giratina|Sleep Talk|p2a: Giratina\n|move|p2a: Giratina|Calm Mind|p2a: Giratina|[from] move: Sleep Talk\n|-boost|p2a: Giratina|spa|1\n|-boost|p2a: Giratina|spd|1\n|\n|-heal|p2a: Giratina|80/100 slp|[from] item: Leftovers\n|upkeep\n|turn|62\n|inactive|Time left: 300 sec this turn | 300 sec total\n|\n|t:|1783553527\n|move|p1a: Articuno|Roost||[still]\n|-fail|p1a: Articuno|heal\n|cant|p2a: Giratina|slp\n|move|p2a: Giratina|Sleep Talk|p2a: Giratina\n|move|p2a: Giratina|Calm Mind|p2a: Giratina|[from] move: Sleep Talk\n|-boost|p2a: Giratina|spa|0\n|-boost|p2a: Giratina|spd|0\n|\n|-heal|p2a: Giratina|86/100 slp|[from] item: Leftovers\n|upkeep\n|turn|63\n|inactive|Time left: 300 sec this turn | 300 sec total\n|\n|t:|1783553528\n|switch|p1a: Wugtrio|Wugtrio, L91, F|212/212\n|-curestatus|p2a: Giratina|slp|[msg]\n|move|p2a: Giratina|Rest|p2a: Giratina\n|-status|p2a: Giratina|slp|[from] move: Rest\n|-heal|p2a: Giratina|100/100 slp|[silent]\n|\n|upkeep\n|turn|64\n|inactive|Time left: 300 sec this turn | 300 sec total\n|\n|t:|1783553529\n|move|p1a: Wugtrio|Liquidation|p2a: Giratina\n|-damage|p2a: Giratina|61/100 slp\n|-unboost|p2a: Giratina|def|1\n|cant|p2a: Giratina|slp\n|move|p2a: Giratina|Sleep Talk|p2a: Giratina\n|move|p2a: Giratina|Rest||[from] move: Sleep Talk|[still]\n|-fail|p2a: Giratina\n|\n|-heal|p2a: Giratina|67/100 slp|[from] item: Leftovers\n|upkeep\n|turn|65\n|inactive|Time left: 300 sec this turn | 300 sec total\n|\n|t:|1783553530\n|move|p1a: Wugtrio|Liquidation|p2a: Giratina\n|-damage|p2a: Giratina|7/100 slp\n|-unboost|p2a: Giratina|def|1\n|cant|p2a: Giratina|slp\n|move|p2a: Giratina|Sleep Talk|p2a: Giratina\n|move|p2a: Giratina|Rest||[from] move: Sleep Talk|[still]\n|-fail|p2a: Giratina\n|\n|-heal|p2a: Giratina|13/100 slp|[from] item: Leftovers\n|upkeep\n|turn|66\n|inactive|Time left: 300 sec this turn | 300 sec total\n|\n|t:|1783553531\n|move|p1a: Wugtrio|Liquidation|p2a: Giratina\n|-damage|p2a: Giratina|0 fnt\n|faint|p2a: Giratina\n|\n|upkeep\n|\n|t:|1783553532\n|switch|p2a: Tentacruel|Tentacruel, L84, F|82/100\n|-damage|p2a: Tentacruel|57/100|[from] Spikes\n|turn|67\n|inactive|Time left: 300 sec this turn | 300 sec total\n|\n|t:|1783553533\n|move|p1a: Wugtrio|Liquidation|p2a: Tentacruel\n|-resisted|p2a: Tentacruel\n|-damage|p2a: Tentacruel|23/100\n|move|p2a: Tentacruel|Rapid Spin|p1a: Wugtrio\n|-damage|p1a: Wugtrio|176/212\n|-boost|p2a: Tentacruel|spe|1\n|-ability|p1a: Wugtrio|Gooey\n|-unboost|p2a: Tentacruel|spe|1\n|-sideend|p2: p0y12370b23|Spikes|[from] move: Rapid Spin|[of] p2a: Tentacruel\n|\n|-heal|p2a: Tentacruel|29/100|[from] item: Leftovers\n|upkeep\n|turn|68\n|inactive|Time left: 300 sec this turn | 300 sec total\n|\n|t:|1783553535\n|switch|p2a: Samurott|Samurott, L88, M|100/100\n|move|p1a: Wugtrio|Liquidation|p2a: Samurott\n|-resisted|p2a: Samurott\n|-damage|p2a: Samurott|74/100\n|\n|upkeep\n|turn|69\n|inactive|Time left: 300 sec this turn | 300 sec total\n|\n|t:|1783553536\n|switch|p1a: Articuno|Articuno, L86|295/295\n|-ability|p1a: Articuno|Pressure\n|move|p2a: Samurott|Swords Dance|p2a: Samurott\n|-boost|p2a: Samurott|atk|2\n|\n|upkeep\n|turn|70\n|inactive|Time left: 300 sec this turn | 300 sec total\n|\n|t:|1783553537\n|move|p1a: Articuno|Freeze-Dry|p2a: Samurott\n|-supereffective|p2a: Samurott\n|-damage|p2a: Samurott|16/100\n|move|p2a: Samurott|Liquidation|p1a: Articuno\n|-crit|p1a: Articuno\n|-damage|p1a: Articuno|0 fnt\n|faint|p1a: Articuno\n|-damage|p2a: Samurott|6/100|[from] item: Life Orb\n|\n|upkeep\n|inactive|Time left: 300 sec this turn | 300 sec total | 5 sec grace\n|\n|t:|1783553539\n|switch|p1a: Wugtrio|Wugtrio, L91, F|176/212\n|turn|71\n|inactive|Time left: 300 sec this turn | 300 sec total\n|\n|t:|1783553539\n|move|p1a: Wugtrio|Liquidation|p2a: Samurott\n|-resisted|p2a: Samurott\n|-damage|p2a: Samurott|0 fnt\n|faint|p2a: Samurott\n|\n|upkeep\n|\n|t:|1783553540\n|switch|p2a: Great Tusk|Great Tusk, L77|54/100\n|turn|72\n|inactive|Time left: 300 sec this turn | 300 sec total\n|\n|t:|1783553542\n|move|p1a: Wugtrio|Liquidation|p2a: Great Tusk\n|-supereffective|p2a: Great Tusk\n|-damage|p2a: Great Tusk|0 fnt\n|faint|p2a: Great Tusk\n|-end|p2a: Great Tusk|Protosynthesis|[silent]\n|\n|upkeep\n|\n|t:|1783553542\n|switch|p2a: Tentacruel|Tentacruel, L84, F|29/100\n|turn|73\n|inactive|Time left: 300 sec this turn | 300 sec total\n|\n|t:|1783553543\n|move|p1a: Wugtrio|Liquidation|p2a: Tentacruel\n|-resisted|p2a: Tentacruel\n|-damage|p2a: Tentacruel|0 fnt\n|faint|p2a: Tentacruel\n|\n|win|p0x1237257b", "uploadtime": 1783553543, "views": 0, "rating": 0, "private": 0, "password": null, "_winner": "p0x1237257b", "_our_name": "p0x1237257b"}