{"id": "battle-gen9randombattle-2774", "formatid": "gen9randombattle", "format": "[Gen 9] Random Battle", "players": ["p0x27748587", "p0y2774d938"], "log": "|init|battle\n|title|p0x27748587 vs. p0y2774d938\n|j|\u2606p0x27748587\n|j|\u2606p0y2774d938\n|t:|1783571949\n|gametype|singles\n|player|p1|p0x27748587|169|\n|player|p2|p0y2774d938|101|\n|gen|9\n|tier|[Gen 9] Random Battle\n|rule|Species Clause: Limit one of each Pok\u00e9mon\n|rule|HP Percentage Mod: HP is shown in percentages\n|rule|Sleep Clause Mod: Limit one foe put to sleep\n|rule|Illusion Level Mod: Illusion disguises the Pok\u00e9mon's true level\n|\n|t:|1783571949\n|teamsize|p1|6\n|teamsize|p2|6\n|start\n|switch|p1a: Iron Moth|Iron Moth, L78|253/253\n|switch|p2a: Walking Wake|Walking Wake, L79|100/100\n|turn|1\n|inactive|Battle timer is ON: inactive players will automatically lose when time's up. (requested by p0x27748587)\n|inactive|p0y2774d938 also wants the timer to be on.\n|\n|t:|1783571951\n|-end|p1a: Iron Moth|Quark Drive|[silent]\n|switch|p1a: Gastrodon|Gastrodon, L86, F|331/331\n|move|p2a: Walking Wake|Hydro Steam|p1a: Gastrodon\n|-ability|p1a: Gastrodon|Storm Drain|boost\n|-boost|p1a: Gastrodon|spa|1\n|\n|upkeep\n|turn|2\n|inactive|Time left: 300 sec this turn | 300 sec total\n|\n|t:|1783571952\n|-end|p2a: Walking Wake|Protosynthesis|[silent]\n|switch|p2a: Dondozo|Dondozo, L78, F|100/100\n|move|p1a: Gastrodon|Stealth Rock|p2a: Dondozo\n|-sidestart|p2: p0y2774d938|move: Stealth Rock\n|\n|upkeep\n|turn|3\n|inactive|Time left: 300 sec this turn | 300 sec total\n|\n|t:|1783571953\n|move|p1a: Gastrodon|Sludge Bomb|p2a: Dondozo\n|-damage|p2a: Dondozo|78/100\n|move|p2a: Dondozo|Curse|p2a: Dondozo\n|-unboost|p2a: Dondozo|spe|1\n|-boost|p2a: Dondozo|atk|1\n|-boost|p2a: Dondozo|def|1\n|\n|-heal|p2a: Dondozo|84/100|[from] item: Leftovers\n|upkeep\n|turn|4\n|inactive|Time left: 300 sec this turn | 300 sec total\n|\n|t:|1783571954\n|move|p1a: Gastrodon|Sludge Bomb|p2a: Dondozo\n|-damage|p2a: Dondozo|62/100\n|move|p2a: Dondozo|Curse|p2a: Dondozo\n|-unboost|p2a: Dondozo|spe|1\n|-boost|p2a: Dondozo|atk|1\n|-boost|p2a: Dondozo|def|1\n|\n|-heal|p2a: Dondozo|68/100|[from] item: Leftovers\n|upkeep\n|turn|5\n|inactive|Time left: 300 sec this turn | 300 sec total\n|\n|t:|1783571955\n|move|p1a: Gastrodon|Sludge Bomb|p2a: Dondozo\n|-damage|p2a: Dondozo|42/100\n|move|p2a: Dondozo|Curse|p2a: Dondozo\n|-unboost|p2a: Dondozo|spe|1\n|-boost|p2a: Dondozo|atk|1\n|-boost|p2a: Dondozo|def|1\n|\n|-heal|p2a: Dondozo|48/100|[from] item: Leftovers\n|upkeep\n|turn|6\n|inactive|Time left: 300 sec this turn | 300 sec total\n|\n|t:|1783571956\n|move|p1a: Gastrodon|Sludge Bomb|p2a: Dondozo\n|-damage|p2a: Dondozo|24/100\n|move|p2a: Dondozo|Rest|p2a: Dondozo\n|-status|p2a: Dondozo|slp|[from] move: Rest\n|-heal|p2a: Dondozo|100/100 slp|[silent]\n|\n|upkeep\n|turn|7\n|inactive|Time left: 300 sec this turn | 300 sec total\n|\n|t:|1783571957\n|move|p1a: Gastrodon|Sludge Bomb|p2a: Dondozo\n|-damage|p2a: Dondozo|79/100 slp\n|cant|p2a: Dondozo|slp\n|\n|-heal|p2a: Dondozo|85/100 slp|[from] item: Leftovers\n|upkeep\n|turn|8\n|inactive|Time left: 300 sec this turn | 300 sec total\n|\n|t:|1783571958\n|move|p1a: Gastrodon|Sludge Bomb|p2a: Dondozo\n|-damage|p2a: Dondozo|60/100 slp\n|cant|p2a: Dondozo|slp\n|\n|-heal|p2a: Dondozo|66/100 slp|[from] item: Leftovers\n|upkeep\n|turn|9\n|inactive|Time left: 300 sec this turn | 300 sec total\n|\n|t:|1783571959\n|move|p1a: Gastrodon|Sludge Bomb|p2a: Dondozo\n|-damage|p2a: Dondozo|43/100 slp\n|-curestatus|p2a: Dondozo|slp|[msg]\n|move|p2a: Dondozo|Curse|p2a: Dondozo\n|-unboost|p2a: Dondozo|spe|1\n|-boost|p2a: Dondozo|atk|1\n|-boost|p2a: Dondozo|def|1\n|\n|-heal|p2a: Dondozo|49/100|[from] item: Leftovers\n|upkeep\n|turn|10\n|inactive|Time left: 300 sec this turn | 300 sec total\n|\n|t:|1783571960\n|move|p1a: Gastrodon|Sludge Bomb|p2a: Dondozo\n|-damage|p2a: Dondozo|26/100\n|-status|p2a: Dondozo|psn\n|move|p2a: Dondozo|Rest|p2a: Dondozo\n|-status|p2a: Dondozo|slp|[from] move: Rest\n|-heal|p2a: Dondozo|100/100 slp|[silent]\n|\n|upkeep\n|turn|11\n|inactive|Time left: 300 sec this turn | 300 sec total\n|\n|t:|1783571961\n|move|p1a: Gastrodon|Sludge Bomb|p2a: Dondozo\n|-damage|p2a: Dondozo|76/100 slp\n|cant|p2a: Dondozo|slp\n|\n|-heal|p2a: Dondozo|82/100 slp|[from] item: Leftovers\n|upkeep\n|turn|12\n|inactive|Time left: 300 sec this turn | 300 sec total\n|\n|t:|1783571962\n|move|p1a: Gastrodon|Sludge Bomb|p2a: Dondozo\n|-damage|p2a: Dondozo|58/100 slp\n|cant|p2a: Dondozo|slp\n|\n|-heal|p2a: Dondozo|64/100 slp|[from] item: Leftovers\n|upkeep\n|turn|13\n|inactive|Time left: 300 sec this turn | 300 sec total\n|\n|t:|1783571963\n|move|p1a: Gastrodon|Sludge Bomb|p2a: Dondozo\n|-damage|p2a: Dondozo|40/100 slp\n|-curestatus|p2a: Dondozo|slp|[msg]\n|move|p2a: Dondozo|Rest|p2a: Dondozo\n|-status|p2a: Dondozo|slp|[from] move: Rest\n|-heal|p2a: Dondozo|100/100 slp|[silent]\n|\n|upkeep\n|turn|14\n|inactive|Time left: 300 sec this turn | 300 sec total\n|\n|t:|1783571964\n|move|p1a: Gastrodon|Sludge Bomb|p2a: Dondozo\n|-crit|p2a: Dondozo\n|-damage|p2a: Dondozo|64/100 slp\n|cant|p2a: Dondozo|slp\n|move|p2a: Dondozo|Sleep Talk|p2a: Dondozo\n|move|p2a: Dondozo|Curse|p2a: Dondozo|[from] move: Sleep Talk\n|-unboost|p2a: Dondozo|spe|1\n|-boost|p2a: Dondozo|atk|1\n|-boost|p2a: Dondozo|def|1\n|\n|-heal|p2a: Dondozo|70/100 slp|[from] item: Leftovers\n|upkeep\n|turn|15\n|inactive|Time left: 300 sec this turn | 300 sec total\n|\n|t:|1783571965\n|move|p1a: Gastrodon|Sludge Bomb|p2a: Dondozo\n|-damage|p2a: Dondozo|47/100 slp\n|cant|p2a: Dondozo|slp\n|move|p2a: Dondozo|Sleep Talk|p2a: Dondozo\n|move|p2a: Dondozo|Curse|p2a: Dondozo|[from] move: Sleep Talk\n|-unboost|p2a: Dondozo|spe|1\n|-boost|p2a: Dondozo|atk|1\n|-boost|p2a: Dondozo|def|1\n|\n|-heal|p2a: Dondozo|53/100 slp|[from] item: Leftovers\n|upkeep\n|turn|16\n|inactive|Time left: 300 sec this turn | 300 sec total\n|\n|t:|1783571966\n|move|p1a: Gastrodon|Sludge Bomb|p2a: Dondozo\n|-crit|p2a: Dondozo\n|-damage|p2a: Dondozo|15/100 slp\n|-curestatus|p2a: Dondozo|slp|[msg]\n|move|p2a: Dondozo|Rest|p2a: Dondozo\n|-status|p2a: Dondozo|slp|[from] move: Rest\n|-heal|p2a: Dondozo|100/100 slp|[silent]\n|\n|upkeep\n|turn|17\n|inactive|Time left: 300 sec this turn | 300 sec total\n|\n|t:|1783571967\n|move|p1a: Gastrodon|Sludge Bomb|p2a: Dondozo\n|-damage|p2a: Dondozo|78/100 slp\n|cant|p2a: Dondozo|slp\n|\n|-heal|p2a: Dondozo|84/100 slp|[from] item: Leftovers\n|upkeep\n|turn|18\n|inactive|Time left: 300 sec this turn | 300 sec total\n|\n|t:|1783571968\n|move|p1a: Gastrodon|Sludge Bomb|p2a: Dondozo\n|-damage|p2a: Dondozo|62/100 slp\n|cant|p2a: Dondozo|slp\n|\n|-heal|p2a: Dondozo|68/100 slp|[from] item: Leftovers\n|upkeep\n|turn|19\n|inactive|Time left: 300 sec this turn | 300 sec total\n|\n|t:|1783571969\n|move|p1a: Gastrodon|Earthquake|p2a: Dondozo\n|-damage|p2a: Dondozo|62/100 slp\n|-curestatus|p2a: Dondozo|slp|[msg]\n|move|p2a: Dondozo|Wave Crash|p1a: Gastrodon\n|-ability|p1a: Gastrodon|Storm Drain|boost\n|-boost|p1a: Gastrodon|spa|1\n|\n|-heal|p2a: Dondozo|68/100|[from] item: Leftovers\n|upkeep\n|turn|20\n|inactive|Time left: 300 sec this turn | 300 sec total\n|\n|t:|1783571969\n|move|p1a: Gastrodon|Earthquake|p2a: Dondozo\n|-damage|p2a: Dondozo|62/100\n|move|p2a: Dondozo|Wave Crash|p1a: Gastrodon\n|-ability|p1a: Gastrodon|Storm Drain|boost\n|-boost|p1a: Gastrodon|spa|1\n|\n|-heal|p2a: Dondozo|68/100|[from] item: Leftovers\n|upkeep\n|turn|21\n|inactive|Time left: 300 sec this turn | 300 sec total\n|\n|t:|1783571970\n|move|p1a: Gastrodon|Earthquake|p2a: Dondozo\n|-damage|p2a: Dondozo|62/100\n|move|p2a: Dondozo|Sleep Talk||[still]\n|-fail|p2a: Dondozo\n|\n|-heal|p2a: Dondozo|68/100|[from] item: Leftovers\n|upkeep\n|turn|22\n|inactive|Time left: 300 sec this turn | 300 sec total\n|\n|t:|1783571971\n|move|p1a: Gastrodon|Earthquake|p2a: Dondozo\n|-damage|p2a: Dondozo|62/100\n|move|p2a: Dondozo|Wave Crash|p1a: Gastrodon\n|-ability|p1a: Gastrodon|Storm Drain|boost\n|-boost|p1a: Gastrodon|spa|1\n|\n|-heal|p2a: Dondozo|68/100|[from] item: Leftovers\n|upkeep\n|turn|23\n|inactive|Time left: 300 sec this turn | 300 sec total\n|\n|t:|1783571972\n|move|p1a: Gastrodon|Earthquake|p2a: Dondozo\n|-damage|p2a: Dondozo|62/100\n|move|p2a: Dondozo|Wave Crash|p1a: Gastrodon\n|-ability|p1a: Gastrodon|Storm Drain|boost\n|-boost|p1a: Gastrodon|spa|1\n|\n|-heal|p2a: Dondozo|68/100|[from] item: Leftovers\n|upkeep\n|turn|24\n|inactive|Time left: 300 sec this turn | 300 sec total\n|\n|t:|1783571973\n|move|p1a: Gastrodon|Earthquake|p2a: Dondozo\n|-damage|p2a: Dondozo|62/100\n|move|p2a: Dondozo|Wave Crash|p1a: Gastrodon\n|-ability|p1a: Gastrodon|Storm Drain|boost\n|-boost|p1a: Gastrodon|spa|1\n|\n|-heal|p2a: Dondozo|68/100|[from] item: Leftovers\n|upkeep\n|turn|25\n|inactive|Time left: 300 sec this turn | 300 sec total\n|\n|t:|1783571974\n|move|p1a: Gastrodon|Earthquake|p2a: Dondozo\n|-damage|p2a: Dondozo|62/100\n|move|p2a: Dondozo|Wave Crash|p1a: Gastrodon\n|-immune|p1a: Gastrodon|[from] ability: Storm Drain\n|\n|-heal|p2a: Dondozo|68/100|[from] item: Leftovers\n|upkeep\n|turn|26\n|inactive|Time left: 300 sec this turn | 300 sec total\n|\n|t:|1783571975\n|move|p1a: Gastrodon|Earthquake|p2a: Dondozo\n|-crit|p2a: Dondozo\n|-damage|p2a: Dondozo|32/100\n|move|p2a: Dondozo|Wave Crash|p1a: Gastrodon\n|-immune|p1a: Gastrodon|[from] ability: Storm Drain\n|\n|-heal|p2a: Dondozo|38/100|[from] item: Leftovers\n|upkeep\n|turn|27\n|inactive|Time left: 300 sec this turn | 300 sec total\n|\n|t:|1783571976\n|move|p1a: Gastrodon|Earthquake|p2a: Dondozo\n|-crit|p2a: Dondozo\n|-damage|p2a: Dondozo|2/100\n|move|p2a: Dondozo|Rest|p2a: Dondozo\n|-status|p2a: Dondozo|slp|[from] move: Rest\n|-heal|p2a: Dondozo|100/100 slp|[silent]\n|\n|upkeep\n|turn|28\n|inactive|Time left: 300 sec this turn | 300 sec total\n|\n|t:|1783571977\n|move|p1a: Gastrodon|Earthquake|p2a: Dondozo\n|-damage|p2a: Dondozo|94/100 slp\n|cant|p2a: Dondozo|slp\n|move|p2a: Dondozo|Sleep Talk|p2a: Dondozo\n|move|p2a: Dondozo|Rest||[from] move: Sleep Talk|[still]\n|-fail|p2a: Dondozo\n|\n|-heal|p2a: Dondozo|99/100 slp|[from] item: Leftovers\n|upkeep\n|turn|29\n|inactive|Time left: 300 sec this turn | 300 sec total\n|\n|t:|1783571978\n|move|p1a: Gastrodon|Recover||[still]\n|-fail|p1a: Gastrodon|heal\n|cant|p2a: Dondozo|slp\n|move|p2a: Dondozo|Sleep Talk|p2a: Dondozo\n|move|p2a: Dondozo|Rest||[from] move: Sleep Talk|[still]\n|-fail|p2a: Dondozo\n|\n|-heal|p2a: Dondozo|100/100 slp|[from] item: Leftovers\n|upkeep\n|turn|30\n|inactive|Time left: 300 sec this turn | 300 sec total\n|\n|t:|1783571979\n|move|p1a: Gastrodon|Stealth Rock||[still]\n|-fail|p1a: Gastrodon\n|-curestatus|p2a: Dondozo|slp|[msg]\n|move|p2a: Dondozo|Wave Crash|p1a: Gastrodon\n|-immune|p1a: Gastrodon|[from] ability: Storm Drain\n|\n|upkeep\n|turn|31\n|inactive|Time left: 300 sec this turn | 300 sec total\n|\n|t:|1783571980\n|move|p1a: Gastrodon|Earthquake|p2a: Dondozo\n|-damage|p2a: Dondozo|94/100\n|move|p2a: Dondozo|Wave Crash|p1a: Gastrodon\n|-immune|p1a: Gastrodon|[from] ability: Storm Drain\n|\n|-heal|p2a: Dondozo|100/100|[from] item: Leftovers\n|upkeep\n|turn|32\n|inactive|Time left: 300 sec this turn | 300 sec total\n|\n|t:|1783571981\n|move|p1a: Gastrodon|Earthquake|p2a: Dondozo\n|-damage|p2a: Dondozo|94/100\n|move|p2a: Dondozo|Wave Crash|p1a: Gastrodon\n|-immune|p1a: Gastrodon|[from] ability: Storm Drain\n|\n|-heal|p2a: Dondozo|100/100|[from] item: Leftovers\n|upkeep\n|turn|33\n|inactive|Time left: 300 sec this turn | 300 sec total\n|\n|t:|1783571982\n|move|p1a: Gastrodon|Earthquake|p2a: Dondozo\n|-damage|p2a: Dondozo|94/100\n|move|p2a: Dondozo|Wave Crash|p1a: Gastrodon\n|-immune|p1a: Gastrodon|[from] ability: Storm Drain\n|\n|-heal|p2a: Dondozo|99/100|[from] item: Leftovers\n|upkeep\n|turn|34\n|inactive|Time left: 300 sec this turn | 300 sec total\n|\n|t:|1783571982\n|move|p1a: Gastrodon|Earthquake|p2a: Dondozo\n|-damage|p2a: Dondozo|94/100\n|move|p2a: Dondozo|Wave Crash|p1a: Gastrodon\n|-immune|p1a: Gastrodon|[from] ability: Storm Drain\n|\n|-heal|p2a: Dondozo|99/100|[from] item: Leftovers\n|upkeep\n|turn|35\n|inactive|Time left: 300 sec this turn | 300 sec total\n|\n|t:|1783571983\n|move|p1a: Gastrodon|Stealth Rock||[still]\n|-fail|p1a: Gastrodon\n|move|p2a: Dondozo|Wave Crash|p1a: Gastrodon\n|-immune|p1a: Gastrodon|[from] ability: Storm Drain\n|\n|-heal|p2a: Dondozo|100/100|[from] item: Leftovers\n|upkeep\n|turn|36\n|inactive|Time left: 300 sec this turn | 300 sec total\n|\n|t:|1783571984\n|move|p1a: Gastrodon|Recover||[still]\n|-fail|p1a: Gastrodon|heal\n|move|p2a: Dondozo|Wave Crash|p1a: Gastrodon\n|-immune|p1a: Gastrodon|[from] ability: Storm Drain\n|\n|upkeep\n|turn|37\n|inactive|Time left: 300 sec this turn | 300 sec total\n|\n|t:|1783571985\n|move|p1a: Gastrodon|Earthquake|p2a: Dondozo\n|-damage|p2a: Dondozo|94/100\n|move|p2a: Dondozo|Wave Crash|p1a: Gastrodon\n|-immune|p1a: Gastrodon|[from] ability: Storm Drain\n|\n|-heal|p2a: Dondozo|100/100|[from] item: Leftovers\n|upkeep\n|turn|38\n|inactive|Time left: 300 sec this turn | 300 sec total\n|\n|t:|1783571986\n|move|p1a: Gastrodon|Earthquake|p2a: Dondozo\n|-damage|p2a: Dondozo|95/100\n|move|p2a: Dondozo|Wave Crash|p1a: Gastrodon\n|-immune|p1a: Gastrodon|[from] ability: Storm Drain\n|\n|-heal|p2a: Dondozo|100/100|[from] item: Leftovers\n|upkeep\n|turn|39\n|inactive|Time left: 300 sec this turn | 300 sec total\n|\n|t:|1783571988\n|move|p1a: Gastrodon|Stealth Rock||[still]\n|-fail|p1a: Gastrodon\n|move|p2a: Dondozo|Curse|p2a: Dondozo\n|\n|upkeep\n|turn|40\n|inactive|Time left: 300 sec this turn | 300 sec total\n|\n|t:|1783571989\n|move|p1a: Gastrodon|Recover||[still]\n|-fail|p1a: Gastrodon|heal\n|move|p2a: Dondozo|Curse|p2a: Dondozo\n|\n|upkeep\n|turn|41\n|inactive|Time left: 300 sec this turn | 300 sec total\n|\n|t:|1783571990\n|switch|p2a: Galvantula|Galvantula, L82, F|100/100\n|move|p1a: Gastrodon|Stealth Rock||[still]\n|-fail|p1a: Gastrodon\n|\n|upkeep\n|turn|42\n|inactive|Time left: 300 sec this turn | 300 sec total\n|\n|t:|1783571991\n|move|p2a: Galvantula|Sticky Web|p1a: Gastrodon\n|-sidestart|p1: p0x27748587|move: Sticky Web\n|move|p1a: Gastrodon|Stealth Rock||[still]\n|-fail|p1a: Gastrodon\n|\n|upkeep\n|turn|43\n|inactive|Time left: 300 sec this turn | 300 sec total\n|\n|t:|1783571992\n|move|p2a: Galvantula|Energy Ball|p1a: Gastrodon\n|-supereffective|p1a: Gastrodon\n|-damage|p1a: Gastrodon|79/331\n|move|p1a: Gastrodon|Recover|p1a: Gastrodon\n|-heal|p1a: Gastrodon|245/331\n|\n|-heal|p1a: Gastrodon|265/331|[from] item: Leftovers\n|upkeep\n|turn|44\n|inactive|Time left: 300 sec this turn | 300 sec total\n|\n|t:|1783571993\n|move|p2a: Galvantula|Energy Ball|p1a: Gastrodon\n|-supereffective|p1a: Gastrodon\n|-damage|p1a: Gastrodon|25/331\n|move|p1a: Gastrodon|Recover|p1a: Gastrodon\n|-heal|p1a: Gastrodon|191/331\n|\n|-heal|p1a: Gastrodon|211/331|[from] item: Leftovers\n|upkeep\n|turn|45\n|inactive|Time left: 300 sec this turn | 300 sec total\n|\n|t:|1783571994\n|move|p2a: Galvantula|Energy Ball|p1a: Gastrodon\n|-supereffective|p1a: Gastrodon\n|-damage|p1a: Gastrodon|0 fnt\n|faint|p1a: Gastrodon\n|\n|upkeep\n|inactive|Time left: 300 sec this turn | 300 sec total | 5 sec grace\n|\n|t:|1783571995\n|switch|p1a: Iron Moth|Iron Moth, L78|253/253\n|-activate|p1a: Iron Moth|move: Sticky Web\n|-unboost|p1a: Iron Moth|spe|1\n|turn|46\n|inactive|Time left: 300 sec this turn | 300 sec total\n|\n|t:|1783571996\n|switch|p2a: Komala|Komala, L87, M|100/100\n|-damage|p2a: Komala|88/100|[from] Stealth Rock\n|-ability|p2a: Komala|Comatose\n|move|p1a: Iron Moth|Sludge Wave|p2a: Komala\n|-damage|p2a: Komala|48/100\n|\n|upkeep\n|turn|47\n|inactive|Time left: 300 sec this turn | 300 sec total\n|\n|t:|1783571997\n|-end|p1a: Iron Moth|Quark Drive|[silent]\n|switch|p1a: Staraptor|Staraptor, L79, M|263/263\n|move|p2a: Komala|Rapid Spin|p1a: Staraptor\n|-damage|p1a: Staraptor|182/263\n|-boost|p2a: Komala|spe|1\n|-sideend|p2: p0y2774d938|Stealth Rock|[from] move: Rapid Spin|[of] p2a: Komala\n|\n|upkeep\n|turn|48\n|inactive|Time left: 300 sec this turn | 300 sec total\n|\n|t:|1783571999\n|move|p2a: Komala|Body Slam|p1a: Staraptor\n|-damage|p1a: Staraptor|41/263\n|move|p1a: Staraptor|Brave Bird|p2a: Komala\n|-damage|p2a: Komala|0 fnt\n|faint|p2a: Komala\n|-damage|p1a: Staraptor|1/263|[from] Recoil\n|\n|upkeep\n|\n|t:|1783572000\n|switch|p2a: Darkrai|Darkrai, L77|100/100\n|turn|49\n|inactive|Time left: 300 sec this turn | 300 sec total\n|\n|t:|1783572001\n|move|p2a: Darkrai|Dark Pulse|p1a: Staraptor\n|-damage|p1a: Staraptor|0 fnt\n|faint|p1a: Staraptor\n|-damage|p2a: Darkrai|91/100|[from] item: Life Orb\n|\n|upkeep\n|inactive|Time left: 300 sec this turn | 300 sec total | 5 sec grace\n|\n|t:|1783572001\n|switch|p1a: Flutter Mane|Flutter Mane, L74|203/203\n|-activate|p1a: Flutter Mane|move: Sticky Web\n|-unboost|p1a: Flutter Mane|spe|1\n|turn|50\n|inactive|Time left: 300 sec this turn | 300 sec total\n|\n|t:|1783572003\n|move|p2a: Darkrai|Hypnosis|p1a: Flutter Mane\n|-status|p1a: Flutter Mane|slp|[from] move: Hypnosis\n|cant|p1a: Flutter Mane|slp\n|\n|-damage|p1a: Flutter Mane|178/203 slp|[from] ability: Bad Dreams|[of] p2a: Darkrai\n|upkeep\n|turn|51\n|inactive|Time left: 300 sec this turn | 300 sec total\n|\n|t:|1783572003\n|move|p2a: Darkrai|Dark Pulse|p1a: Flutter Mane\n|-damage|p1a: Flutter Mane|88/203 slp\n|-damage|p2a: Darkrai|81/100|[from] item: Life Orb\n|cant|p1a: Flutter Mane|slp\n|\n|-damage|p1a: Flutter Mane|63/203 slp|[from] ability: Bad Dreams|[of] p2a: Darkrai\n|upkeep\n|turn|52\n|inactive|Time left: 300 sec this turn | 300 sec total\n|\n|t:|1783572005\n|move|p2a: Darkrai|Dark Pulse|p1a: Flutter Mane\n|-damage|p1a: Flutter Mane|0 fnt\n|faint|p1a: Flutter Mane\n|-end|p1a: Flutter Mane|Protosynthesis|[silent]\n|-damage|p2a: Darkrai|71/100|[from] item: Life Orb\n|\n|upkeep\n|inactive|Time left: 300 sec this turn | 300 sec total | 5 sec grace\n|\n|t:|1783572006\n|switch|p1a: Iron Moth|Iron Moth, L78|253/253\n|-activate|p1a: Iron Moth|move: Sticky Web\n|-unboost|p1a: Iron Moth|spe|1\n|turn|53\n|inactive|Time left: 300 sec this turn | 300 sec total\n|\n|t:|1783572007\n|move|p2a: Darkrai|Hypnosis|p1a: Iron Moth\n|-status|p1a: Iron Moth|slp|[from] move: Hypnosis\n|cant|p1a: Iron Moth|slp\n|\n|-damage|p1a: Iron Moth|222/253 slp|[from] ability: Bad Dreams|[of] p2a: Darkrai\n|upkeep\n|turn|54\n|inactive|Time left: 300 sec this turn | 300 sec total\n|\n|t:|1783572008\n|move|p2a: Darkrai|Nasty Plot|p2a: Darkrai\n|-boost|p2a: Darkrai|spa|2\n|cant|p1a: Iron Moth|slp\n|\n|-damage|p1a: Iron Moth|191/253 slp|[from] ability: Bad Dreams|[of] p2a: Darkrai\n|upkeep\n|turn|55\n|inactive|Time left: 300 sec this turn | 300 sec total\n|\n|t:|1783572009\n|move|p2a: Darkrai|Dark Pulse|p1a: Iron Moth\n|-damage|p1a: Iron Moth|0 fnt\n|faint|p1a: Iron Moth\n|-end|p1a: Iron Moth|Quark Drive|[silent]\n|-damage|p2a: Darkrai|61/100|[from] item: Life Orb\n|\n|upkeep\n|inactive|Time left: 300 sec this turn | 300 sec total | 5 sec grace\n|\n|t:|1783572009\n|switch|p1a: Noivern|Noivern, L82, F|274/274\n|turn|56\n|inactive|Time left: 300 sec this turn | 300 sec total\n|\n|t:|1783572010\n|switch|p2a: Dunsparce|Dunsparce, L86, F|100/100\n|move|p1a: Noivern|Draco Meteor|p2a: Dunsparce\n|-damage|p2a: Dunsparce|66/100\n|-unboost|p1a: Noivern|spa|2\n|\n|upkeep\n|turn|57\n|inactive|Time left: 300 sec this turn | 300 sec total\n|\n|t:|1783572011\n|switch|p1a: Gholdengo|Gholdengo, L77|261/261\n|-activate|p1a: Gholdengo|move: Sticky Web\n|-unboost|p1a: Gholdengo|spe|1\n|move|p2a: Dunsparce|Coil|p2a: Dunsparce\n|-boost|p2a: Dunsparce|atk|1\n|-boost|p2a: Dunsparce|def|1\n|-boost|p2a: Dunsparce|accuracy|1\n|\n|upkeep\n|turn|58\n|inactive|Time left: 300 sec this turn | 300 sec total\n|\n|t:|1783572012\n|-terastallize|p1a: Gholdengo|Fighting\n|move|p1a: Gholdengo|Focus Blast|p2a: Dunsparce\n|-supereffective|p2a: Dunsparce\n|-crit|p2a: Dunsparce\n|-damage|p2a: Dunsparce|0 fnt\n|faint|p2a: Dunsparce\n|\n|upkeep\n|\n|t:|1783572013\n|switch|p2a: Walking Wake|Walking Wake, L79|100/100\n|turn|59\n|inactive|Time left: 300 sec this turn | 300 sec total\n|\n|t:|1783572014\n|move|p2a: Walking Wake|Hydro Steam|p1a: Gholdengo\n|-damage|p1a: Gholdengo|136/261\n|-damage|p2a: Walking Wake|91/100|[from] item: Life Orb\n|move|p1a: Gholdengo|Focus Blast|p2a: Walking Wake|[miss]\n|-miss|p1a: Gholdengo|p2a: Walking Wake\n|\n|upkeep\n|turn|60\n|inactive|Time left: 300 sec this turn | 300 sec total\n|\n|t:|1783572015\n|move|p2a: Walking Wake|Draco Meteor|p1a: Gholdengo\n|-damage|p1a: Gholdengo|0 fnt\n|-unboost|p2a: Walking Wake|spa|2\n|faint|p1a: Gholdengo\n|-damage|p2a: Walking Wake|81/100|[from] item: Life Orb\n|\n|upkeep\n|inactive|Time left: 300 sec this turn | 300 sec total | 5 sec grace\n|\n|t:|1783572015\n|switch|p1a: Noivern|Noivern, L82, F|274/274\n|turn|61\n|inactive|Time left: 300 sec this turn | 300 sec total\n|\n|t:|1783572016\n|-end|p2a: Walking Wake|Protosynthesis|[silent]\n|switch|p2a: Darkrai|Darkrai, L77|61/100\n|move|p1a: Noivern|Hurricane|p2a: Darkrai|[miss]\n|-miss|p1a: Noivern|p2a: Darkrai\n|\n|upkeep\n|turn|62\n|inactive|Time left: 300 sec this turn | 300 sec total\n|\n|t:|1783572017\n|-terastallize|p2a: Darkrai|Poison\n|move|p1a: Noivern|Hurricane|p2a: Darkrai\n|-damage|p2a: Darkrai|9/100\n|move|p2a: Darkrai|Sludge Bomb|p1a: Noivern\n|-damage|p1a: Noivern|118/274\n|-status|p1a: Noivern|psn\n|-damage|p2a: Darkrai|0 fnt|[from] item: Life Orb\n|faint|p2a: Darkrai\n|\n|-damage|p1a: Noivern|84/274 psn|[from] psn\n|upkeep\n|\n|t:|1783572017\n|switch|p2a: Walking Wake|Walking Wake, L79|81/100\n|turn|63\n|inactive|Time left: 300 sec this turn | 300 sec total\n|\n|t:|1783572018\n|move|p1a: Noivern|Hurricane|p2a: Walking Wake\n|-damage|p2a: Walking Wake|39/100\n|move|p2a: Walking Wake|Draco Meteor|p1a: Noivern\n|-supereffective|p1a: Noivern\n|-damage|p1a: Noivern|0 fnt\n|-unboost|p2a: Walking Wake|spa|2\n|faint|p1a: Noivern\n|-damage|p2a: Walking Wake|29/100|[from] item: Life Orb\n|\n|win|p0y2774d938", "uploadtime": 1783572018, "views": 0, "rating": 0, "private": 0, "password": null, "_winner": "p0y2774d938", "_our_name": "p0x27748587"}