{"id": "battle-gen9randombattle-2737", "formatid": "gen9randombattle", "format": "[Gen 9] Random Battle", "players": ["p0x2737ffa4", "p0y27373a1e"], "log": "|init|battle\n|title|p0x2737ffa4 vs. p0y27373a1e\n|j|\u2606p0x2737ffa4\n|j|\u2606p0y27373a1e\n|t:|1783570555\n|gametype|singles\n|player|p1|p0x2737ffa4|101|\n|player|p2|p0y27373a1e|1|\n|gen|9\n|tier|[Gen 9] Random Battle\n|rule|Species Clause: Limit one of each Pok\u00e9mon\n|rule|HP Percentage Mod: HP is shown in percentages\n|rule|Sleep Clause Mod: Limit one foe put to sleep\n|rule|Illusion Level Mod: Illusion disguises the Pok\u00e9mon's true level\n|\n|t:|1783570555\n|teamsize|p1|6\n|teamsize|p2|6\n|start\n|switch|p1a: Jirachi|Jirachi, L80|100/100\n|switch|p2a: Ting-Lu|Ting-Lu, L78|370/370\n|-ability|p2a: Ting-Lu|Vessel of Ruin\n|turn|1\n|inactive|Battle timer is ON: inactive players will automatically lose when time's up. (requested by p0y27373a1e)\n|inactive|p0x2737ffa4 also wants the timer to be on.\n|\n|t:|1783570556\n|switch|p1a: Rhydon|Rhydon, L85, M|100/100\n|move|p2a: Ting-Lu|Payback|p1a: Rhydon\n|-damage|p1a: Rhydon|92/100\n|\n|upkeep\n|turn|2\n|inactive|Time left: 300 sec this turn | 300 sec total\n|\n|t:|1783570557\n|move|p1a: Rhydon|Swords Dance|p1a: Rhydon\n|-boost|p1a: Rhydon|atk|2\n|move|p2a: Ting-Lu|Earthquake|p1a: Rhydon\n|-supereffective|p1a: Rhydon\n|-damage|p1a: Rhydon|56/100\n|\n|upkeep\n|turn|3\n|inactive|Time left: 300 sec this turn | 300 sec total\n|\n|t:|1783570558\n|move|p1a: Rhydon|Megahorn|p2a: Ting-Lu\n|-supereffective|p2a: Ting-Lu\n|-damage|p2a: Ting-Lu|18/370\n|move|p2a: Ting-Lu|Earthquake|p1a: Rhydon\n|-supereffective|p1a: Rhydon\n|-damage|p1a: Rhydon|23/100\n|\n|-heal|p2a: Ting-Lu|41/370|[from] item: Leftovers\n|upkeep\n|turn|4\n|inactive|Time left: 300 sec this turn | 300 sec total\n|\n|t:|1783570559\n|move|p1a: Rhydon|Earthquake|p2a: Ting-Lu\n|-damage|p2a: Ting-Lu|0 fnt\n|faint|p2a: Ting-Lu\n|\n|upkeep\n|inactive|Time left: 300 sec this turn | 300 sec total | 5 sec grace\n|\n|t:|1783570560\n|switch|p2a: Lumineon|Lumineon, L93, M|279/279\n|turn|5\n|inactive|Time left: 300 sec this turn | 300 sec total\n|\n|t:|1783570560\n|switch|p1a: Jirachi|Jirachi, L80|100/100\n|move|p2a: Lumineon|Ice Beam|p1a: Jirachi\n|-resisted|p1a: Jirachi\n|-damage|p1a: Jirachi|91/100\n|-status|p1a: Jirachi|frz\n|\n|-heal|p1a: Jirachi|97/100 frz|[from] item: Leftovers\n|upkeep\n|turn|6\n|inactive|Time left: 300 sec this turn | 300 sec total\n|\n|t:|1783570561\n|move|p2a: Lumineon|Hydro Pump|p1a: Jirachi|[miss]\n|-miss|p2a: Lumineon|p1a: Jirachi\n|cant|p1a: Jirachi|frz\n|\n|-heal|p1a: Jirachi|100/100 frz|[from] item: Leftovers\n|upkeep\n|turn|7\n|inactive|Time left: 300 sec this turn | 300 sec total\n|\n|t:|1783570563\n|move|p2a: Lumineon|Ice Beam|p1a: Jirachi\n|-resisted|p1a: Jirachi\n|-damage|p1a: Jirachi|90/100 frz\n|cant|p1a: Jirachi|frz\n|\n|-heal|p1a: Jirachi|96/100 frz|[from] item: Leftovers\n|upkeep\n|turn|8\n|inactive|Time left: 300 sec this turn | 300 sec total\n|\n|t:|1783570564\n|move|p2a: Lumineon|Ice Beam|p1a: Jirachi\n|-resisted|p1a: Jirachi\n|-damage|p1a: Jirachi|87/100 frz\n|cant|p1a: Jirachi|frz\n|\n|-heal|p1a: Jirachi|93/100 frz|[from] item: Leftovers\n|upkeep\n|turn|9\n|inactive|Time left: 300 sec this turn | 300 sec total\n|\n|t:|1783570565\n|move|p2a: Lumineon|U-turn|p1a: Jirachi\n|-damage|p1a: Jirachi|76/100 frz\n|inactive|Time left: 300 sec this turn | 300 sec total | 5 sec grace\n|\n|t:|1783570566\n|switch|p2a: Poliwrath|Poliwrath, L88, F|302/302|[from] U-turn\n|cant|p1a: Jirachi|frz\n|\n|-heal|p1a: Jirachi|83/100 frz|[from] item: Leftovers\n|upkeep\n|turn|10\n|inactive|Time left: 300 sec this turn | 300 sec total\n|\n|t:|1783570567\n|cant|p1a: Jirachi|frz\n|move|p2a: Poliwrath|Liquidation|p1a: Jirachi\n|-damage|p1a: Jirachi|51/100 frz\n|\n|-heal|p1a: Jirachi|57/100 frz|[from] item: Leftovers\n|upkeep\n|turn|11\n|inactive|Time left: 300 sec this turn | 300 sec total\n|\n|t:|1783570568\n|cant|p1a: Jirachi|frz\n|move|p2a: Poliwrath|Liquidation|p1a: Jirachi\n|-damage|p1a: Jirachi|26/100 frz\n|\n|-heal|p1a: Jirachi|32/100 frz|[from] item: Leftovers\n|upkeep\n|turn|12\n|inactive|Time left: 300 sec this turn | 300 sec total\n|\n|t:|1783570570\n|cant|p1a: Jirachi|frz\n|move|p2a: Poliwrath|Bulk Up|p2a: Poliwrath\n|-boost|p2a: Poliwrath|atk|1\n|-boost|p2a: Poliwrath|def|1\n|\n|-heal|p1a: Jirachi|38/100 frz|[from] item: Leftovers\n|upkeep\n|turn|13\n|inactive|Time left: 300 sec this turn | 300 sec total\n|\n|t:|1783570571\n|-curestatus|p1a: Jirachi|frz|[msg]\n|move|p1a: Jirachi|Body Slam|p2a: Poliwrath\n|-damage|p2a: Poliwrath|264/302\n|-status|p2a: Poliwrath|par\n|move|p2a: Poliwrath|Liquidation|p1a: Jirachi\n|-damage|p1a: Jirachi|0 fnt\n|faint|p1a: Jirachi\n|\n|-heal|p2a: Poliwrath|282/302 par|[from] item: Leftovers\n|upkeep\n|\n|t:|1783570572\n|switch|p1a: Girafarig|Girafarig, L89, F|100/100\n|turn|14\n|inactive|Time left: 300 sec this turn | 300 sec total\n|\n|t:|1783570573\n|move|p1a: Girafarig|Nasty Plot|p1a: Girafarig\n|-boost|p1a: Girafarig|spa|2\n|move|p2a: Poliwrath|Knock Off|p1a: Girafarig\n|-supereffective|p1a: Girafarig\n|-damage|p1a: Girafarig|35/100\n|-enditem|p1a: Girafarig|Eviolite|[from] move: Knock Off|[of] p2a: Poliwrath\n|\n|-heal|p2a: Poliwrath|300/302 par|[from] item: Leftovers\n|upkeep\n|turn|15\n|inactive|Time left: 300 sec this turn | 300 sec total\n|\n|t:|1783570575\n|-terastallize|p1a: Girafarig|Electric\n|-terastallize|p2a: Poliwrath|Steel\n|move|p1a: Girafarig|Thunderbolt|p2a: Poliwrath\n|-damage|p2a: Poliwrath|104/302 par\n|move|p2a: Poliwrath|Drain Punch|p1a: Girafarig\n|-damage|p1a: Girafarig|0 fnt\n|-heal|p2a: Poliwrath|151/302 par|[from] drain|[of] p1a: Girafarig\n|faint|p1a: Girafarig\n|\n|-heal|p2a: Poliwrath|169/302 par|[from] item: Leftovers\n|upkeep\n|\n|t:|1783570576\n|switch|p1a: Rhydon|Rhydon, L85, M|23/100\n|turn|16\n|inactive|Time left: 300 sec this turn | 300 sec total\n|\n|t:|1783570577\n|move|p1a: Rhydon|Earthquake|p2a: Poliwrath\n|-supereffective|p2a: Poliwrath\n|-damage|p2a: Poliwrath|0 fnt\n|faint|p2a: Poliwrath\n|\n|upkeep\n|inactive|Time left: 300 sec this turn | 300 sec total | 5 sec grace\n|\n|t:|1783570578\n|switch|p2a: Lumineon|Lumineon, L93, M|279/279\n|turn|17\n|inactive|Time left: 300 sec this turn | 300 sec total\n|\n|t:|1783570579\n|switch|p1a: Pachirisu|Pachirisu, L96, M|100/100\n|move|p2a: Lumineon|Hydro Pump|p1a: Pachirisu|[miss]\n|-miss|p2a: Lumineon|p1a: Pachirisu\n|\n|upkeep\n|turn|18\n|inactive|Time left: 300 sec this turn | 300 sec total\n|\n|t:|1783570580\n|move|p1a: Pachirisu|Super Fang|p2a: Lumineon\n|-damage|p2a: Lumineon|140/279\n|move|p2a: Lumineon|Ice Beam|p1a: Pachirisu\n|-damage|p1a: Pachirisu|86/100\n|\n|upkeep\n|turn|19\n|inactive|Time left: 300 sec this turn | 300 sec total\n|\n|t:|1783570581\n|move|p1a: Pachirisu|Thunderbolt|p2a: Lumineon\n|-supereffective|p2a: Lumineon\n|-damage|p2a: Lumineon|12/279\n|move|p2a: Lumineon|Ice Beam|p1a: Pachirisu\n|-damage|p1a: Pachirisu|74/100\n|\n|upkeep\n|turn|20\n|inactive|Time left: 300 sec this turn | 300 sec total\n|\n|t:|1783570582\n|switch|p2a: Duraludon|Duraludon, L82, F|249/249\n|move|p1a: Pachirisu|Nuzzle|p2a: Duraludon\n|-resisted|p2a: Duraludon\n|-damage|p2a: Duraludon|244/249\n|-status|p2a: Duraludon|par\n|\n|upkeep\n|turn|21\n|inactive|Time left: 300 sec this turn | 300 sec total\n|\n|t:|1783570583\n|move|p1a: Pachirisu|Super Fang|p2a: Duraludon\n|-damage|p2a: Duraludon|122/249 par\n|cant|p2a: Duraludon|par\n|\n|upkeep\n|turn|22\n|inactive|Time left: 300 sec this turn | 300 sec total\n|\n|t:|1783570584\n|move|p1a: Pachirisu|Super Fang|p2a: Duraludon|[miss]\n|-miss|p1a: Pachirisu|p2a: Duraludon\n|move|p2a: Duraludon|Body Press|p1a: Pachirisu\n|-damage|p1a: Pachirisu|48/100\n|\n|upkeep\n|turn|23\n|inactive|Time left: 300 sec this turn | 300 sec total\n|\n|t:|1783570585\n|move|p1a: Pachirisu|Super Fang|p2a: Duraludon\n|-damage|p2a: Duraludon|61/249 par\n|move|p2a: Duraludon|Body Press|p1a: Pachirisu\n|-damage|p1a: Pachirisu|26/100\n|\n|upkeep\n|turn|24\n|inactive|Time left: 300 sec this turn | 300 sec total\n|\n|t:|1783570586\n|switch|p1a: Annihilape|Annihilape, L76, M|100/100\n|move|p2a: Duraludon|Body Press|p1a: Annihilape\n|-immune|p1a: Annihilape\n|\n|upkeep\n|turn|25\n|inactive|Time left: 300 sec this turn | 300 sec total\n|\n|t:|1783570587\n|switch|p2a: Deoxys|Deoxys-Speed, L82|216/216\n|-ability|p2a: Deoxys|Pressure\n|move|p1a: Annihilape|Drain Punch|p2a: Deoxys\n|-resisted|p2a: Deoxys\n|-damage|p2a: Deoxys|179/216\n|\n|upkeep\n|turn|26\n|inactive|Time left: 300 sec this turn | 300 sec total\n|\n|t:|1783570589\n|switch|p1a: Rhydon|Rhydon, L85, M|23/100\n|move|p2a: Deoxys|Psycho Boost|p1a: Rhydon\n|-damage|p1a: Rhydon|0 fnt\n|-unboost|p2a: Deoxys|spa|2\n|faint|p1a: Rhydon\n|-damage|p2a: Deoxys|158/216|[from] item: Life Orb\n|\n|upkeep\n|\n|t:|1783570590\n|switch|p1a: Staraptor|Staraptor, L79, M|100/100\n|turn|27\n|inactive|Time left: 300 sec this turn | 300 sec total\n|\n|t:|1783570591\n|switch|p2a: Duraludon|Duraludon, L82, F|61/249 par\n|move|p1a: Staraptor|Brave Bird|p2a: Duraludon\n|-resisted|p2a: Duraludon\n|-damage|p2a: Duraludon|14/249 par\n|-damage|p1a: Staraptor|94/100|[from] Recoil\n|\n|upkeep\n|turn|28\n|inactive|Time left: 300 sec this turn | 300 sec total\n|\n|t:|1783570592\n|move|p1a: Staraptor|Brave Bird|p2a: Duraludon\n|-resisted|p2a: Duraludon\n|-damage|p2a: Duraludon|0 fnt\n|faint|p2a: Duraludon\n|-damage|p1a: Staraptor|93/100|[from] Recoil\n|\n|upkeep\n|inactive|Time left: 300 sec this turn | 300 sec total | 5 sec grace\n|\n|t:|1783570593\n|switch|p2a: Weavile|Weavile, L79, M|240/240\n|turn|29\n|inactive|Time left: 300 sec this turn | 300 sec total\n|\n|t:|1783570594\n|move|p1a: Staraptor|Brave Bird|p2a: Weavile\n|-damage|p2a: Weavile|45/240\n|-damage|p1a: Staraptor|68/100|[from] Recoil\n|move|p2a: Weavile|Triple Axel|p1a: Staraptor|[miss]\n|-miss|p2a: Weavile|p1a: Staraptor\n|\n|upkeep\n|turn|30\n|inactive|Time left: 300 sec this turn | 300 sec total\n|\n|t:|1783570595\n|move|p2a: Weavile|Ice Shard|p1a: Staraptor\n|-supereffective|p1a: Staraptor\n|-damage|p1a: Staraptor|27/100\n|move|p1a: Staraptor|Brave Bird|p2a: Weavile\n|-damage|p2a: Weavile|0 fnt\n|faint|p2a: Weavile\n|-damage|p1a: Staraptor|21/100|[from] Recoil\n|\n|upkeep\n|inactive|Time left: 300 sec this turn | 300 sec total | 5 sec grace\n|\n|t:|1783570596\n|switch|p2a: Deoxys|Deoxys-Speed, L82|158/216\n|-ability|p2a: Deoxys|Pressure\n|turn|31\n|inactive|Time left: 300 sec this turn | 300 sec total\n|\n|t:|1783570597\n|move|p2a: Deoxys|Dark Pulse|p1a: Staraptor\n|-damage|p1a: Staraptor|0 fnt\n|faint|p1a: Staraptor\n|-damage|p2a: Deoxys|137/216|[from] item: Life Orb\n|\n|upkeep\n|\n|t:|1783570598\n|switch|p1a: Pachirisu|Pachirisu, L96, M|26/100\n|turn|32\n|inactive|Time left: 300 sec this turn | 300 sec total\n|\n|t:|1783570599\n|move|p2a: Deoxys|Psycho Boost|p1a: Pachirisu\n|-damage|p1a: Pachirisu|0 fnt\n|-unboost|p2a: Deoxys|spa|2\n|faint|p1a: Pachirisu\n|-damage|p2a: Deoxys|116/216|[from] item: Life Orb\n|\n|upkeep\n|\n|t:|1783570600\n|switch|p1a: Annihilape|Annihilape, L76, M|100/100\n|turn|33\n|inactive|Time left: 300 sec this turn | 300 sec total\n|\n|t:|1783570600\n|move|p2a: Deoxys|Nasty Plot|p2a: Deoxys\n|-boost|p2a: Deoxys|spa|2\n|move|p1a: Annihilape|Rage Fist|p2a: Deoxys\n|-supereffective|p2a: Deoxys\n|-damage|p2a: Deoxys|20/216\n|\n|upkeep\n|turn|34\n|inactive|Time left: 300 sec this turn | 300 sec total\n|\n|t:|1783570601\n|move|p2a: Deoxys|Psycho Boost|p1a: Annihilape\n|-supereffective|p1a: Annihilape\n|-crit|p1a: Annihilape\n|-damage|p1a: Annihilape|0 fnt\n|-unboost|p2a: Deoxys|spa|2\n|faint|p1a: Annihilape\n|-damage|p2a: Deoxys|0 fnt|[from] item: Life Orb\n|faint|p2a: Deoxys\n|\n|win|p0y27373a1e", "uploadtime": 1783570601, "views": 0, "rating": 0, "private": 0, "password": null, "_winner": "p0y27373a1e", "_our_name": "p0y27373a1e"}