{"id": "battle-gen9randombattle-2470", "formatid": "gen9randombattle", "format": "[Gen 9] Random Battle", "players": ["p0x2470dbc7", "p0y24703332"], "log": "|init|battle\n|title|p0x2470dbc7 vs. p0y24703332\n|j|\u2606p0x2470dbc7\n|j|\u2606p0y24703332\n|t:|1783567668\n|gametype|singles\n|player|p1|p0x2470dbc7|1|\n|player|p2|p0y24703332|265|\n|gen|9\n|tier|[Gen 9] Random Battle\n|rule|Species Clause: Limit one of each Pok\u00e9mon\n|rule|HP Percentage Mod: HP is shown in percentages\n|rule|Sleep Clause Mod: Limit one foe put to sleep\n|rule|Illusion Level Mod: Illusion disguises the Pok\u00e9mon's true level\n|\n|t:|1783567668\n|teamsize|p1|6\n|teamsize|p2|6\n|start\n|switch|p1a: Ursaring|Ursaring, L84, M|288/288\n|switch|p2a: Kyogre|Kyogre, L71|100/100\n|-weather|RainDance|[from] ability: Drizzle|[of] p2a: Kyogre\n|turn|1\n|inactive|Battle timer is ON: inactive players will automatically lose when time's up. (requested by p0x2470dbc7)\n|inactive|p0y24703332 also wants the timer to be on.\n|\n|t:|1783567669\n|move|p2a: Kyogre|Water Spout|p1a: Ursaring\n|-damage|p1a: Ursaring|119/288\n|move|p1a: Ursaring|Body Slam|p2a: Kyogre\n|-damage|p2a: Kyogre|48/100\n|-status|p2a: Kyogre|par\n|\n|-weather|RainDance|[upkeep]\n|upkeep\n|turn|2\n|inactive|Time left: 300 sec this turn | 300 sec total\n|\n|t:|1783567671\n|move|p1a: Ursaring|Body Slam|p2a: Kyogre\n|-damage|p2a: Kyogre|0 fnt\n|faint|p2a: Kyogre\n|\n|-weather|RainDance|[upkeep]\n|upkeep\n|\n|t:|1783567672\n|switch|p2a: Darkrai|Darkrai, L77|100/100\n|turn|3\n|inactive|Time left: 300 sec this turn | 300 sec total\n|\n|t:|1783567673\n|move|p2a: Darkrai|Nasty Plot|p2a: Darkrai\n|-boost|p2a: Darkrai|spa|2\n|move|p1a: Ursaring|Body Slam|p2a: Darkrai\n|-damage|p2a: Darkrai|50/100\n|\n|-weather|RainDance|[upkeep]\n|upkeep\n|turn|4\n|inactive|Time left: 300 sec this turn | 300 sec total\n|\n|t:|1783567674\n|switch|p1a: Great Tusk|Great Tusk, L77|304/304\n|move|p2a: Darkrai|Dark Pulse|p1a: Great Tusk\n|-resisted|p1a: Great Tusk\n|-damage|p1a: Great Tusk|175/304\n|-damage|p2a: Darkrai|40/100|[from] item: Life Orb\n|\n|-weather|RainDance|[upkeep]\n|upkeep\n|turn|5\n|inactive|Time left: 300 sec this turn | 300 sec total\n|\n|t:|1783567675\n|move|p2a: Darkrai|Hypnosis|p1a: Great Tusk\n|-status|p1a: Great Tusk|slp|[from] move: Hypnosis\n|cant|p1a: Great Tusk|slp\n|\n|-weather|none\n|-damage|p1a: Great Tusk|137/304 slp|[from] ability: Bad Dreams|[of] p2a: Darkrai\n|upkeep\n|turn|6\n|inactive|Time left: 300 sec this turn | 300 sec total\n|\n|t:|1783567676\n|-end|p1a: Great Tusk|Protosynthesis|[silent]\n|switch|p1a: Weavile|Weavile, L79, M|239/239\n|move|p2a: Darkrai|Dark Pulse|p1a: Weavile\n|-resisted|p1a: Weavile\n|-damage|p1a: Weavile|116/239\n|-damage|p2a: Darkrai|30/100|[from] item: Life Orb\n|\n|upkeep\n|turn|7\n|inactive|Time left: 300 sec this turn | 300 sec total\n|\n|t:|1783567677\n|move|p1a: Weavile|Knock Off|p2a: Darkrai\n|-resisted|p2a: Darkrai\n|-damage|p2a: Darkrai|0 fnt\n|-enditem|p2a: Darkrai|Life Orb|[from] move: Knock Off|[of] p1a: Weavile\n|faint|p2a: Darkrai\n|\n|upkeep\n|\n|t:|1783567678\n|switch|p2a: Bastiodon|Bastiodon, L89, M|100/100\n|turn|8\n|inactive|Time left: 300 sec this turn | 300 sec total\n|\n|t:|1783567680\n|move|p1a: Weavile|Knock Off|p2a: Bastiodon\n|-damage|p2a: Bastiodon|67/100\n|-enditem|p2a: Bastiodon|Chesto Berry|[from] move: Knock Off|[of] p1a: Weavile\n|move|p2a: Bastiodon|Body Press|p1a: Weavile\n|-supereffective|p1a: Weavile\n|-damage|p1a: Weavile|0 fnt\n|faint|p1a: Weavile\n|\n|upkeep\n|inactive|Time left: 300 sec this turn | 300 sec total | 5 sec grace\n|\n|t:|1783567681\n|switch|p1a: Meowstic|Meowstic, L89, M|277/277\n|turn|9\n|inactive|Time left: 300 sec this turn | 300 sec total\n|\n|t:|1783567682\n|move|p1a: Meowstic|Reflect|p1a: Meowstic\n|-sidestart|p1: p0x2470dbc7|Reflect\n|move|p2a: Bastiodon|Foul Play|p1a: Meowstic\n|-supereffective|p1a: Meowstic\n|-damage|p1a: Meowstic|243/277\n|\n|upkeep\n|turn|10\n|inactive|Time left: 300 sec this turn | 300 sec total\n|\n|t:|1783567683\n|move|p1a: Meowstic|Light Screen|p1a: Meowstic\n|-sidestart|p1: p0x2470dbc7|move: Light Screen\n|move|p2a: Bastiodon|Iron Defense|p2a: Bastiodon\n|-boost|p2a: Bastiodon|def|2\n|\n|upkeep\n|turn|11\n|inactive|Time left: 300 sec this turn | 300 sec total\n|\n|t:|1783567684\n|move|p1a: Meowstic|Yawn|p2a: Bastiodon\n|-start|p2a: Bastiodon|move: Yawn|[of] p1a: Meowstic\n|move|p2a: Bastiodon|Body Press|p1a: Meowstic\n|-resisted|p1a: Meowstic\n|-damage|p1a: Meowstic|189/277\n|\n|upkeep\n|turn|12\n|inactive|Time left: 300 sec this turn | 300 sec total\n|\n|t:|1783567685\n|switch|p1a: Hypno|Hypno, L95, M|315/315\n|move|p2a: Bastiodon|Body Press|p1a: Hypno\n|-resisted|p1a: Hypno\n|-damage|p1a: Hypno|268/315\n|\n|-heal|p1a: Hypno|287/315|[from] item: Leftovers\n|-end|p2a: Bastiodon|move: Yawn|[silent]\n|-status|p2a: Bastiodon|slp\n|upkeep\n|turn|13\n|inactive|Time left: 300 sec this turn | 300 sec total\n|\n|t:|1783567686\n|move|p1a: Hypno|Psychic Noise|p2a: Bastiodon\n|-immune|p2a: Bastiodon|[from] ability: Soundproof\n|cant|p2a: Bastiodon|slp\n|\n|-heal|p1a: Hypno|306/315|[from] item: Leftovers\n|upkeep\n|turn|14\n|inactive|Time left: 300 sec this turn | 300 sec total\n|\n|t:|1783567687\n|move|p1a: Hypno|Encore|p2a: Bastiodon\n|-start|p2a: Bastiodon|Encore\n|-curestatus|p2a: Bastiodon|slp|[msg]\n|move|p2a: Bastiodon|Body Press|p1a: Hypno\n|-resisted|p1a: Hypno\n|-damage|p1a: Hypno|254/315\n|\n|-heal|p1a: Hypno|273/315|[from] item: Leftovers\n|upkeep\n|turn|15\n|inactive|Time left: 300 sec this turn | 300 sec total\n|\n|t:|1783567688\n|move|p1a: Hypno|Knock Off|p2a: Bastiodon\n|-damage|p2a: Bastiodon|61/100\n|move|p2a: Bastiodon|Body Press|p1a: Hypno\n|-resisted|p1a: Hypno\n|-damage|p1a: Hypno|224/315\n|\n|-heal|p1a: Hypno|243/315|[from] item: Leftovers\n|upkeep\n|turn|16\n|inactive|Time left: 300 sec this turn | 300 sec total\n|\n|t:|1783567689\n|switch|p1a: Meowstic|Meowstic, L89, M|189/277\n|move|p2a: Bastiodon|Body Press|p1a: Meowstic\n|-resisted|p1a: Meowstic\n|-damage|p1a: Meowstic|141/277\n|\n|-end|p2a: Bastiodon|Encore\n|-sideend|p1: p0x2470dbc7|Reflect\n|upkeep\n|turn|17\n|inactive|Time left: 300 sec this turn | 300 sec total\n|\n|t:|1783567690\n|move|p1a: Meowstic|Reflect|p1a: Meowstic\n|-sidestart|p1: p0x2470dbc7|Reflect\n|move|p2a: Bastiodon|Body Press|p1a: Meowstic\n|-resisted|p1a: Meowstic\n|-damage|p1a: Meowstic|87/277\n|\n|-sideend|p1: p0x2470dbc7|move: Light Screen\n|upkeep\n|turn|18\n|inactive|Time left: 300 sec this turn | 300 sec total\n|\n|t:|1783567691\n|move|p1a: Meowstic|Light Screen|p1a: Meowstic\n|-sidestart|p1: p0x2470dbc7|move: Light Screen\n|move|p2a: Bastiodon|Body Press|p1a: Meowstic\n|-resisted|p1a: Meowstic\n|-damage|p1a: Meowstic|35/277\n|\n|upkeep\n|turn|19\n|inactive|Time left: 300 sec this turn | 300 sec total\n|\n|t:|1783567692\n|move|p1a: Meowstic|Yawn|p2a: Bastiodon\n|-start|p2a: Bastiodon|move: Yawn|[of] p1a: Meowstic\n|move|p2a: Bastiodon|Body Press|p1a: Meowstic\n|-resisted|p1a: Meowstic\n|-damage|p1a: Meowstic|0 fnt\n|faint|p1a: Meowstic\n|\n|upkeep\n|inactive|Time left: 300 sec this turn | 300 sec total | 5 sec grace\n|\n|t:|1783567693\n|switch|p1a: Ursaring|Ursaring, L84, M|119/288\n|turn|20\n|inactive|Time left: 300 sec this turn | 300 sec total\n|\n|t:|1783567694\n|move|p1a: Ursaring|Earthquake|p2a: Bastiodon\n|-supereffective|p2a: Bastiodon\n|-damage|p2a: Bastiodon|20/100\n|move|p2a: Bastiodon|Body Press|p1a: Ursaring\n|-supereffective|p1a: Ursaring\n|-damage|p1a: Ursaring|0 fnt\n|faint|p1a: Ursaring\n|\n|-end|p2a: Bastiodon|move: Yawn|[silent]\n|-status|p2a: Bastiodon|slp\n|upkeep\n|inactive|Time left: 300 sec this turn | 300 sec total | 5 sec grace\n|\n|t:|1783567695\n|switch|p1a: Copperajah|Copperajah, L86, F|350/350\n|turn|21\n|inactive|Time left: 300 sec this turn | 300 sec total\n|\n|t:|1783567696\n|cant|p2a: Bastiodon|slp\n|move|p1a: Copperajah|Earthquake|p2a: Bastiodon\n|-supereffective|p2a: Bastiodon\n|-damage|p2a: Bastiodon|0 fnt\n|faint|p2a: Bastiodon\n|-damage|p1a: Copperajah|315/350|[from] item: Life Orb\n|\n|upkeep\n|\n|t:|1783567697\n|switch|p2a: Skeledirge|Skeledirge, L79, M|100/100\n|turn|22\n|inactive|Time left: 300 sec this turn | 300 sec total\n|\n|t:|1783567698\n|move|p2a: Skeledirge|Torch Song|p1a: Copperajah\n|-supereffective|p1a: Copperajah\n|-damage|p1a: Copperajah|218/350\n|-boost|p2a: Skeledirge|spa|1\n|move|p1a: Copperajah|Earthquake|p2a: Skeledirge\n|-supereffective|p2a: Skeledirge\n|-damage|p2a: Skeledirge|27/100\n|-damage|p1a: Copperajah|183/350|[from] item: Life Orb\n|\n|upkeep\n|turn|23\n|inactive|Time left: 300 sec this turn | 300 sec total\n|\n|t:|1783567699\n|move|p2a: Skeledirge|Torch Song|p1a: Copperajah\n|-supereffective|p1a: Copperajah\n|-damage|p1a: Copperajah|33/350\n|-boost|p2a: Skeledirge|spa|1\n|move|p1a: Copperajah|Earthquake|p2a: Skeledirge\n|-supereffective|p2a: Skeledirge\n|-damage|p2a: Skeledirge|0 fnt\n|faint|p2a: Skeledirge\n|-damage|p1a: Copperajah|0 fnt|[from] item: Life Orb\n|faint|p1a: Copperajah\n|\n|upkeep\n|inactive|Time left: 300 sec this turn | 300 sec total | 5 sec grace\n|\n|t:|1783567700\n|switch|p2a: Snorlax|Snorlax, L82, F|100/100\n|switch|p1a: Hypno|Hypno, L95, M|243/315\n|turn|24\n|inactive|Time left: 300 sec this turn | 300 sec total\n|\n|t:|1783567701\n|move|p1a: Hypno|Knock Off|p2a: Snorlax\n|-damage|p2a: Snorlax|77/100\n|-enditem|p2a: Snorlax|Leftovers|[from] move: Knock Off|[of] p1a: Hypno\n|move|p2a: Snorlax|Body Slam|p1a: Hypno\n|-damage|p1a: Hypno|192/315\n|-status|p1a: Hypno|par\n|\n|-heal|p1a: Hypno|211/315 par|[from] item: Leftovers\n|-sideend|p1: p0x2470dbc7|Reflect\n|upkeep\n|turn|25\n|inactive|Time left: 300 sec this turn | 300 sec total\n|\n|t:|1783567702\n|move|p2a: Snorlax|Body Slam|p1a: Hypno\n|-damage|p1a: Hypno|108/315 par\n|move|p1a: Hypno|Toxic|p2a: Snorlax\n|-status|p2a: Snorlax|tox\n|\n|-heal|p1a: Hypno|127/315 par|[from] item: Leftovers\n|-damage|p2a: Snorlax|71/100 tox|[from] psn\n|-sideend|p1: p0x2470dbc7|move: Light Screen\n|upkeep\n|turn|26\n|inactive|Time left: 300 sec this turn | 300 sec total\n|\n|t:|1783567703\n|move|p2a: Snorlax|Rest|p2a: Snorlax\n|-status|p2a: Snorlax|slp|[from] move: Rest\n|-heal|p2a: Snorlax|100/100 slp|[silent]\n|cant|p1a: Hypno|par\n|\n|-heal|p1a: Hypno|146/315 par|[from] item: Leftovers\n|upkeep\n|turn|27\n|inactive|Time left: 300 sec this turn | 300 sec total\n|\n|t:|1783567704\n|cant|p2a: Snorlax|slp\n|move|p2a: Snorlax|Sleep Talk|p2a: Snorlax\n|move|p2a: Snorlax|Curse|p2a: Snorlax|[from] move: Sleep Talk\n|-unboost|p2a: Snorlax|spe|1\n|-boost|p2a: Snorlax|atk|1\n|-boost|p2a: Snorlax|def|1\n|cant|p1a: Hypno|par\n|\n|-heal|p1a: Hypno|165/315 par|[from] item: Leftovers\n|upkeep\n|turn|28\n|inactive|Time left: 300 sec this turn | 300 sec total\n|\n|t:|1783567705\n|move|p1a: Hypno|Encore||[still]\n|-fail|p1a: Hypno\n|cant|p2a: Snorlax|slp\n|move|p2a: Snorlax|Sleep Talk|p2a: Snorlax\n|move|p2a: Snorlax|Curse|p2a: Snorlax|[from] move: Sleep Talk\n|-unboost|p2a: Snorlax|spe|1\n|-boost|p2a: Snorlax|atk|1\n|-boost|p2a: Snorlax|def|1\n|\n|-heal|p1a: Hypno|184/315 par|[from] item: Leftovers\n|upkeep\n|turn|29\n|inactive|Time left: 300 sec this turn | 300 sec total\n|\n|t:|1783567706\n|cant|p1a: Hypno|par\n|-curestatus|p2a: Snorlax|slp|[msg]\n|move|p2a: Snorlax|Body Slam|p1a: Hypno\n|-damage|p1a: Hypno|0 fnt\n|faint|p1a: Hypno\n|\n|upkeep\n|inactive|Time left: 300 sec this turn | 300 sec total | 5 sec grace\n|\n|t:|1783567707\n|switch|p1a: Great Tusk|Great Tusk, L77|137/304 slp\n|turn|30\n|inactive|Time left: 300 sec this turn | 300 sec total\n|\n|t:|1783567708\n|-terastallize|p1a: Great Tusk|Steel\n|-terastallize|p2a: Snorlax|Poison\n|-curestatus|p1a: Great Tusk|slp|[msg]\n|move|p1a: Great Tusk|Stone Edge|p2a: Snorlax\n|-damage|p2a: Snorlax|89/100\n|move|p2a: Snorlax|Body Slam|p1a: Great Tusk\n|-resisted|p1a: Great Tusk\n|-damage|p1a: Great Tusk|65/304\n|-status|p1a: Great Tusk|par\n|\n|upkeep\n|turn|31\n|inactive|Time left: 300 sec this turn | 300 sec total\n|\n|t:|1783567709\n|move|p1a: Great Tusk|Headlong Rush|p2a: Snorlax\n|-supereffective|p2a: Snorlax\n|-damage|p2a: Snorlax|42/100\n|-unboost|p1a: Great Tusk|def|1\n|-unboost|p1a: Great Tusk|spd|1\n|move|p2a: Snorlax|Body Slam|p1a: Great Tusk\n|-resisted|p1a: Great Tusk\n|-damage|p1a: Great Tusk|0 fnt\n|faint|p1a: Great Tusk\n|-end|p1a: Great Tusk|Protosynthesis|[silent]\n|\n|win|p0y24703332", "uploadtime": 1783567709, "views": 0, "rating": 0, "private": 0, "password": null, "_winner": "p0y24703332", "_our_name": "p0x2470dbc7"}