{"id": "battle-gen9randombattle-2811", "formatid": "gen9randombattle", "format": "[Gen 9] Random Battle", "players": ["p0x28111f53", "p0y2811e018"], "log": "|init|battle\n|title|p0x28111f53 vs. p0y2811e018\n|j|\u2606p0x28111f53\n|j|\u2606p0y2811e018\n|t:|1783571406\n|gametype|singles\n|player|p1|p0x28111f53|265|\n|player|p2|p0y2811e018|169|\n|gen|9\n|tier|[Gen 9] Random Battle\n|rule|Species Clause: Limit one of each Pok\u00e9mon\n|rule|HP Percentage Mod: HP is shown in percentages\n|rule|Sleep Clause Mod: Limit one foe put to sleep\n|rule|Illusion Level Mod: Illusion disguises the Pok\u00e9mon's true level\n|\n|t:|1783571406\n|teamsize|p1|6\n|teamsize|p2|6\n|start\n|switch|p1a: Torkoal|Torkoal, L88, M|100/100\n|switch|p2a: Annihilape|Annihilape, L76, F|292/292\n|-weather|SunnyDay|[from] ability: Drought|[of] p1a: Torkoal\n|turn|1\n|inactive|Battle timer is ON: inactive players will automatically lose when time's up. (requested by p0x28111f53)\n|inactive|Time left: 300 sec this turn | 300 sec total | 60 sec grace\n|inactive|p0y2811e018 also wants the timer to be on.\n|\n|t:|1783571407\n|move|p2a: Annihilape|Bulk Up|p2a: Annihilape\n|-boost|p2a: Annihilape|atk|1\n|-boost|p2a: Annihilape|def|1\n|move|p1a: Torkoal|Fire Blast|p2a: Annihilape\n|-damage|p2a: Annihilape|99/292\n|\n|-weather|SunnyDay|[upkeep]\n|-heal|p2a: Annihilape|117/292|[from] item: Leftovers\n|upkeep\n|turn|2\n|inactive|Time left: 300 sec this turn | 300 sec total\n|\n|t:|1783571408\n|move|p2a: Annihilape|Gunk Shot|p1a: Torkoal|[miss]\n|-miss|p2a: Annihilape|p1a: Torkoal\n|move|p1a: Torkoal|Fire Blast|p2a: Annihilape\n|-damage|p2a: Annihilape|0 fnt\n|faint|p2a: Annihilape\n|\n|-weather|SunnyDay|[upkeep]\n|upkeep\n|inactive|Time left: 300 sec this turn | 300 sec total | 5 sec grace\n|\n|t:|1783571409\n|switch|p2a: Glastrier|Glastrier, L86|312/312\n|turn|3\n|inactive|Time left: 300 sec this turn | 300 sec total\n|\n|t:|1783571410\n|-terastallize|p2a: Glastrier|Fighting\n|move|p2a: Glastrier|Swords Dance|p2a: Glastrier\n|-boost|p2a: Glastrier|atk|2\n|move|p1a: Torkoal|Fire Blast|p2a: Glastrier\n|-damage|p2a: Glastrier|164/312\n|\n|-weather|SunnyDay|[upkeep]\n|upkeep\n|turn|4\n|inactive|Time left: 300 sec this turn | 300 sec total\n|\n|t:|1783571411\n|move|p2a: Glastrier|High Horsepower|p1a: Torkoal\n|-supereffective|p1a: Torkoal\n|-damage|p1a: Torkoal|7/100\n|move|p1a: Torkoal|Fire Blast|p2a: Glastrier\n|-damage|p2a: Glastrier|11/312\n|\n|-weather|SunnyDay|[upkeep]\n|upkeep\n|turn|5\n|inactive|Time left: 300 sec this turn | 300 sec total\n|\n|t:|1783571412\n|move|p2a: Glastrier|High Horsepower|p1a: Torkoal\n|-supereffective|p1a: Torkoal\n|-damage|p1a: Torkoal|0 fnt\n|faint|p1a: Torkoal\n|-ability|p2a: Glastrier|Chilling Neigh|boost\n|-boost|p2a: Glastrier|atk|1\n|\n|-weather|none\n|upkeep\n|\n|t:|1783571413\n|switch|p1a: Regidrago|Regidrago, L77|100/100\n|turn|6\n|inactive|Time left: 300 sec this turn | 300 sec total\n|\n|t:|1783571415\n|move|p1a: Regidrago|Outrage|p2a: Glastrier\n|-crit|p2a: Glastrier\n|-damage|p2a: Glastrier|0 fnt\n|faint|p2a: Glastrier\n|\n|upkeep\n|inactive|Time left: 300 sec this turn | 300 sec total | 5 sec grace\n|\n|t:|1783571415\n|switch|p2a: Phione|Phione, L91|293/293\n|turn|7\n|inactive|Time left: 300 sec this turn | 300 sec total\n|\n|t:|1783571416\n|move|p2a: Phione|Scald|p1a: Regidrago\n|-resisted|p1a: Regidrago\n|-damage|p1a: Regidrago|86/100\n|-status|p1a: Regidrago|brn\n|-enditem|p1a: Regidrago|Lum Berry|[eat]\n|-curestatus|p1a: Regidrago|brn|[msg]\n|move|p1a: Regidrago|Outrage|p2a: Phione|[from] lockedmove\n|-damage|p2a: Phione|121/293\n|-start|p1a: Regidrago|confusion|[fatigue]\n|\n|-heal|p2a: Phione|139/293|[from] item: Leftovers\n|upkeep\n|turn|8\n|inactive|Time left: 300 sec this turn | 300 sec total\n|\n|t:|1783571417\n|move|p2a: Phione|Scald|p1a: Regidrago\n|-resisted|p1a: Regidrago\n|-damage|p1a: Regidrago|70/100\n|-activate|p1a: Regidrago|confusion\n|move|p1a: Regidrago|Outrage|p2a: Phione\n|-damage|p2a: Phione|0 fnt\n|faint|p2a: Phione\n|\n|upkeep\n|inactive|Time left: 300 sec this turn | 300 sec total | 5 sec grace\n|\n|t:|1783571418\n|switch|p2a: Staraptor|Staraptor, L79, M|263/263\n|turn|9\n|inactive|Time left: 300 sec this turn | 300 sec total\n|\n|t:|1783571419\n|move|p2a: Staraptor|Double-Edge|p1a: Regidrago\n|-damage|p1a: Regidrago|0 fnt\n|faint|p1a: Regidrago\n|-damage|p2a: Staraptor|164/263|[from] Recoil\n|\n|upkeep\n|\n|t:|1783571420\n|switch|p1a: Regieleki|Regieleki, L79|100/100\n|turn|10\n|inactive|Time left: 300 sec this turn | 300 sec total\n|\n|t:|1783571421\n|switch|p2a: Shaymin|Shaymin-Sky, L73|266/266\n|move|p1a: Regieleki|Volt Switch|p2a: Shaymin\n|-damage|p2a: Shaymin|125/266\n|\n|t:|1783571422\n|switch|p1a: Iron Hands|Iron Hands, L79|100/100|[from] Volt Switch\n|\n|-heal|p2a: Shaymin|141/266|[from] item: Leftovers\n|upkeep\n|turn|11\n|inactive|Time left: 300 sec this turn | 300 sec total\n|\n|t:|1783571423\n|move|p2a: Shaymin|Substitute|p2a: Shaymin\n|-start|p2a: Shaymin|Substitute\n|-damage|p2a: Shaymin|75/266\n|move|p1a: Iron Hands|Ice Punch|p2a: Shaymin\n|-supereffective|p2a: Shaymin\n|-end|p2a: Shaymin|Substitute\n|\n|-heal|p2a: Shaymin|91/266|[from] item: Leftovers\n|upkeep\n|turn|12\n|inactive|Time left: 300 sec this turn | 300 sec total\n|\n|t:|1783571424\n|move|p2a: Shaymin|Air Slash|p1a: Iron Hands\n|-damage|p1a: Iron Hands|78/100\n|cant|p1a: Iron Hands|flinch\n|\n|-heal|p2a: Shaymin|107/266|[from] item: Leftovers\n|-heal|p1a: Iron Hands|84/100|[from] item: Leftovers\n|upkeep\n|turn|13\n|inactive|Time left: 300 sec this turn | 300 sec total\n|\n|t:|1783571425\n|move|p2a: Shaymin|Air Slash|p1a: Iron Hands\n|-damage|p1a: Iron Hands|61/100\n|cant|p1a: Iron Hands|flinch\n|\n|-heal|p2a: Shaymin|123/266|[from] item: Leftovers\n|-heal|p1a: Iron Hands|67/100|[from] item: Leftovers\n|upkeep\n|turn|14\n|inactive|Time left: 300 sec this turn | 300 sec total\n|\n|t:|1783571426\n|move|p2a: Shaymin|Air Slash|p1a: Iron Hands\n|-damage|p1a: Iron Hands|41/100\n|cant|p1a: Iron Hands|flinch\n|\n|-heal|p2a: Shaymin|139/266|[from] item: Leftovers\n|-heal|p1a: Iron Hands|47/100|[from] item: Leftovers\n|upkeep\n|turn|15\n|inactive|Time left: 300 sec this turn | 300 sec total\n|\n|t:|1783571427\n|move|p2a: Shaymin|Air Slash|p1a: Iron Hands\n|-damage|p1a: Iron Hands|24/100\n|move|p1a: Iron Hands|Ice Punch|p2a: Shaymin\n|-supereffective|p2a: Shaymin\n|-damage|p2a: Shaymin|0 fnt\n|faint|p2a: Shaymin\n|\n|-heal|p1a: Iron Hands|30/100|[from] item: Leftovers\n|upkeep\n|inactive|Time left: 300 sec this turn | 300 sec total | 5 sec grace\n|\n|t:|1783571428\n|switch|p2a: Staraptor|Staraptor, L79, M|164/263\n|turn|16\n|inactive|Time left: 300 sec this turn | 300 sec total\n|\n|t:|1783571429\n|move|p2a: Staraptor|Double-Edge|p1a: Iron Hands\n|-damage|p1a: Iron Hands|0 fnt\n|faint|p1a: Iron Hands\n|-end|p1a: Iron Hands|Quark Drive|[silent]\n|-damage|p2a: Staraptor|128/263|[from] Recoil\n|\n|upkeep\n|\n|t:|1783571430\n|switch|p1a: Regieleki|Regieleki, L79|100/100\n|turn|17\n|inactive|Time left: 300 sec this turn | 300 sec total\n|\n|t:|1783571431\n|switch|p2a: Lycanroc|Lycanroc-Dusk, L81, F|254/254\n|-terastallize|p1a: Regieleki|Electric\n|move|p1a: Regieleki|Thunderbolt|p2a: Lycanroc\n|-damage|p2a: Lycanroc|20/254\n|\n|upkeep\n|turn|18\n|inactive|Time left: 300 sec this turn | 300 sec total\n|\n|t:|1783571432\n|move|p1a: Regieleki|Thunderbolt|p2a: Lycanroc\n|-damage|p2a: Lycanroc|0 fnt\n|faint|p2a: Lycanroc\n|\n|upkeep\n|inactive|Time left: 300 sec this turn | 300 sec total | 5 sec grace\n|\n|t:|1783571433\n|switch|p2a: Staraptor|Staraptor, L79, M|128/263\n|turn|19\n|inactive|Time left: 300 sec this turn | 300 sec total\n|\n|t:|1783571433\n|move|p2a: Staraptor|Quick Attack|p1a: Regieleki\n|-damage|p1a: Regieleki|60/100\n|move|p1a: Regieleki|Explosion|p2a: Staraptor\n|-damage|p2a: Staraptor|0 fnt\n|faint|p1a: Regieleki\n|faint|p2a: Staraptor\n|\n|win|p0x28111f53", "uploadtime": 1783571433, "views": 0, "rating": 0, "private": 0, "password": null, "_winner": "p0x28111f53", "_our_name": "p0y2811e018"}