{"id": "battle-gen9randombattle-2569", "formatid": "gen9randombattle", "format": "[Gen 9] Random Battle", "players": ["p0x25699c11", "p0y25695d5a"], "log": "|init|battle\n|title|p0x25699c11 vs. p0y25695d5a\n|j|\u2606p0x25699c11\n|j|\u2606p0y25695d5a\n|t:|1783568757\n|gametype|singles\n|player|p1|p0x25699c11|169|\n|player|p2|p0y25695d5a|1|\n|gen|9\n|tier|[Gen 9] Random Battle\n|rule|Species Clause: Limit one of each Pok\u00e9mon\n|rule|HP Percentage Mod: HP is shown in percentages\n|rule|Sleep Clause Mod: Limit one foe put to sleep\n|rule|Illusion Level Mod: Illusion disguises the Pok\u00e9mon's true level\n|\n|t:|1783568757\n|teamsize|p1|6\n|teamsize|p2|6\n|start\n|switch|p1a: Tropius|Tropius, L91, F|328/328\n|switch|p2a: Jolteon|Jolteon, L84, M|100/100\n|turn|1\n|inactive|Battle timer is ON: inactive players will automatically lose when time's up. (requested by p0y25695d5a)\n|inactive|Time left: 300 sec this turn | 300 sec total | 60 sec grace\n|inactive|p0x25699c11 also wants the timer to be on.\n|\n|t:|1783568759\n|move|p2a: Jolteon|Calm Mind|p2a: Jolteon\n|-boost|p2a: Jolteon|spa|1\n|-boost|p2a: Jolteon|spd|1\n|move|p1a: Tropius|Dragon Dance|p1a: Tropius\n|-boost|p1a: Tropius|atk|1\n|-boost|p1a: Tropius|spe|1\n|\n|upkeep\n|turn|2\n|inactive|Time left: 300 sec this turn | 300 sec total\n|\n|t:|1783568760\n|switch|p2a: Heatran|Heatran, L79, M|100/100\n|-item|p2a: Heatran|Air Balloon\n|move|p1a: Tropius|Earthquake|p2a: Heatran\n|-immune|p2a: Heatran\n|\n|upkeep\n|turn|3\n|inactive|Time left: 300 sec this turn | 300 sec total\n|\n|t:|1783568761\n|move|p1a: Tropius|Dual Wingbeat|p2a: Heatran\n|-resisted|p2a: Heatran\n|-damage|p2a: Heatran|91/100\n|-enditem|p2a: Heatran|Air Balloon\n|-resisted|p2a: Heatran\n|-damage|p2a: Heatran|81/100\n|-hitcount|p2a: Heatran|2\n|move|p2a: Heatran|Magma Storm|p1a: Tropius\n|-supereffective|p1a: Tropius\n|-damage|p1a: Tropius|88/328\n|-activate|p1a: Tropius|move: Magma Storm|[of] p2a: Heatran\n|-enditem|p1a: Tropius|Sitrus Berry|[eat]\n|-heal|p1a: Tropius|170/328|[from] item: Sitrus Berry\n|\n|-damage|p1a: Tropius|129/328|[from] move: Magma Storm|[partiallytrapped]\n|-item|p1a: Tropius|Sitrus Berry|[from] ability: Harvest\n|upkeep\n|-enditem|p1a: Tropius|Sitrus Berry|[eat]\n|-heal|p1a: Tropius|211/328|[from] item: Sitrus Berry\n|turn|4\n|inactive|Time left: 300 sec this turn | 300 sec total\n|\n|t:|1783568762\n|-terastallize|p2a: Heatran|Grass\n|move|p1a: Tropius|Earthquake|p2a: Heatran\n|-resisted|p2a: Heatran\n|-damage|p2a: Heatran|64/100\n|move|p2a: Heatran|Magma Storm|p1a: Tropius\n|-supereffective|p1a: Tropius\n|-damage|p1a: Tropius|0 fnt\n|faint|p1a: Tropius\n|\n|upkeep\n|inactive|Time left: 300 sec this turn | 300 sec total | 5 sec grace\n|\n|t:|1783568763\n|switch|p1a: Ribombee|Ribombee, L83, F|235/235\n|turn|5\n|inactive|Time left: 300 sec this turn | 300 sec total\n|\n|t:|1783568765\n|move|p1a: Ribombee|Bug Buzz|p2a: Heatran\n|-supereffective|p2a: Heatran\n|-damage|p2a: Heatran|4/100\n|move|p2a: Heatran|Heavy Slam|p1a: Ribombee\n|-supereffective|p1a: Ribombee\n|-damage|p1a: Ribombee|0 fnt\n|faint|p1a: Ribombee\n|\n|upkeep\n|inactive|Time left: 300 sec this turn | 300 sec total | 5 sec grace\n|\n|t:|1783568765\n|switch|p1a: Comfey|Comfey, L85, F|225/225\n|turn|6\n|inactive|Time left: 300 sec this turn | 300 sec total\n|\n|t:|1783568766\n|move|p1a: Comfey|Calm Mind|p1a: Comfey\n|-boost|p1a: Comfey|spa|1\n|-boost|p1a: Comfey|spd|1\n|move|p2a: Heatran|Heavy Slam|p1a: Comfey\n|-supereffective|p1a: Comfey\n|-damage|p1a: Comfey|27/225\n|\n|-heal|p1a: Comfey|41/225|[from] item: Leftovers\n|upkeep\n|turn|7\n|inactive|Time left: 300 sec this turn | 300 sec total\n|\n|t:|1783568767\n|move|p1a: Comfey|Draining Kiss|p2a: Heatran\n|-damage|p2a: Heatran|0 fnt\n|-heal|p1a: Comfey|48/225|[from] drain|[of] p2a: Heatran\n|faint|p2a: Heatran\n|\n|-heal|p1a: Comfey|62/225|[from] item: Leftovers\n|upkeep\n|\n|t:|1783568768\n|switch|p2a: Glalie|Glalie, L96, F|100/100\n|turn|8\n|inactive|Time left: 300 sec this turn | 300 sec total\n|\n|t:|1783568769\n|move|p1a: Comfey|Draining Kiss|p2a: Glalie\n|-damage|p2a: Glalie|80/100\n|-heal|p1a: Comfey|109/225|[from] drain|[of] p2a: Glalie\n|move|p2a: Glalie|Earthquake|p1a: Comfey\n|-damage|p1a: Comfey|33/225\n|\n|-heal|p1a: Comfey|47/225|[from] item: Leftovers\n|upkeep\n|turn|9\n|inactive|Time left: 300 sec this turn | 300 sec total\n|\n|t:|1783568770\n|move|p1a: Comfey|Draining Kiss|p2a: Glalie\n|-damage|p2a: Glalie|57/100\n|-heal|p1a: Comfey|100/225|[from] drain|[of] p2a: Glalie\n|move|p2a: Glalie|Earthquake|p1a: Comfey\n|-crit|p1a: Comfey\n|-damage|p1a: Comfey|0 fnt\n|faint|p1a: Comfey\n|\n|upkeep\n|inactive|Time left: 300 sec this turn | 300 sec total | 5 sec grace\n|\n|t:|1783568771\n|switch|p1a: Golurk|Golurk, L87|297/297\n|turn|10\n|inactive|Time left: 300 sec this turn | 300 sec total\n|\n|t:|1783568772\n|move|p2a: Glalie|Freeze-Dry|p1a: Golurk\n|-supereffective|p1a: Golurk\n|-damage|p1a: Golurk|129/297\n|move|p1a: Golurk|Dynamic Punch|p2a: Glalie\n|-supereffective|p2a: Glalie\n|-damage|p2a: Glalie|0 fnt\n|faint|p2a: Glalie\n|-damage|p1a: Golurk|100/297|[from] item: Life Orb\n|\n|upkeep\n|\n|t:|1783568773\n|switch|p2a: Keldeo|Keldeo-Resolute, L79|100/100\n|turn|11\n|inactive|Time left: 300 sec this turn | 300 sec total\n|\n|t:|1783568774\n|switch|p1a: Goodra|Goodra, L85, F|292/292\n|move|p2a: Keldeo|Hydro Pump|p1a: Goodra\n|-resisted|p1a: Goodra\n|-damage|p1a: Goodra|257/292\n|-damage|p2a: Keldeo|91/100|[from] item: Life Orb\n|\n|upkeep\n|turn|12\n|inactive|Time left: 300 sec this turn | 300 sec total\n|\n|t:|1783568775\n|move|p2a: Keldeo|Secret Sword|p1a: Goodra\n|-damage|p1a: Goodra|101/292\n|-damage|p2a: Keldeo|81/100|[from] item: Life Orb\n|move|p1a: Goodra|Earthquake|p2a: Keldeo\n|-damage|p2a: Keldeo|54/100\n|\n|upkeep\n|turn|13\n|inactive|Time left: 300 sec this turn | 300 sec total\n|\n|t:|1783568777\n|switch|p1a: Golurk|Golurk, L87|100/297\n|move|p2a: Keldeo|Secret Sword|p1a: Golurk\n|-immune|p1a: Golurk\n|\n|upkeep\n|turn|14\n|inactive|Time left: 300 sec this turn | 300 sec total\n|\n|t:|1783568778\n|switch|p1a: Goodra|Goodra, L85, F|101/292\n|move|p2a: Keldeo|Hydro Pump|p1a: Goodra|[miss]\n|-miss|p2a: Keldeo|p1a: Goodra\n|\n|upkeep\n|turn|15\n|inactive|Time left: 300 sec this turn | 300 sec total\n|\n|t:|1783568779\n|switch|p1a: Golurk|Golurk, L87|100/297\n|move|p2a: Keldeo|Secret Sword|p1a: Golurk\n|-immune|p1a: Golurk\n|\n|upkeep\n|turn|16\n|inactive|Time left: 300 sec this turn | 300 sec total\n|\n|t:|1783568780\n|switch|p1a: Goodra|Goodra, L85, F|101/292\n|move|p2a: Keldeo|Hydro Pump|p1a: Goodra\n|-resisted|p1a: Goodra\n|-damage|p1a: Goodra|66/292\n|-damage|p2a: Keldeo|44/100|[from] item: Life Orb\n|\n|upkeep\n|turn|17\n|inactive|Time left: 300 sec this turn | 300 sec total\n|\n|t:|1783568782\n|move|p2a: Keldeo|Secret Sword|p1a: Goodra\n|-damage|p1a: Goodra|0 fnt\n|faint|p1a: Goodra\n|-damage|p2a: Keldeo|34/100|[from] item: Life Orb\n|\n|upkeep\n|inactive|Time left: 300 sec this turn | 300 sec total | 5 sec grace\n|\n|t:|1783568783\n|switch|p1a: Magmortar|Magmortar, L88, F|275/275\n|turn|18\n|inactive|Time left: 300 sec this turn | 300 sec total\n|\n|t:|1783568784\n|-terastallize|p1a: Magmortar|Fighting\n|move|p2a: Keldeo|Hydro Pump|p1a: Magmortar\n|-damage|p1a: Magmortar|111/275\n|-damage|p2a: Keldeo|24/100|[from] item: Life Orb\n|move|p1a: Magmortar|Thunderbolt|p2a: Keldeo\n|-supereffective|p2a: Keldeo\n|-damage|p2a: Keldeo|0 fnt\n|faint|p2a: Keldeo\n|\n|upkeep\n|\n|t:|1783568785\n|switch|p2a: Dedenne|Dedenne, L88, M|100/100\n|turn|19\n|inactive|Time left: 300 sec this turn | 300 sec total\n|\n|t:|1783568786\n|switch|p1a: Golurk|Golurk, L87|100/297\n|move|p2a: Dedenne|Dazzling Gleam|p1a: Golurk\n|-damage|p1a: Golurk|12/297\n|\n|upkeep\n|turn|20\n|inactive|Time left: 300 sec this turn | 300 sec total\n|\n|t:|1783568787\n|move|p2a: Dedenne|Dazzling Gleam|p1a: Golurk\n|-damage|p1a: Golurk|0 fnt\n|faint|p1a: Golurk\n|\n|upkeep\n|inactive|Time left: 300 sec this turn | 300 sec total | 5 sec grace\n|\n|t:|1783568787\n|switch|p1a: Magmortar|Magmortar, L88, F, tera:Fighting|111/275\n|turn|21\n|inactive|Time left: 300 sec this turn | 300 sec total\n|\n|t:|1783568788\n|move|p2a: Dedenne|Dazzling Gleam|p1a: Magmortar\n|-supereffective|p1a: Magmortar\n|-damage|p1a: Magmortar|0 fnt\n|faint|p1a: Magmortar\n|\n|win|p0y25695d5a", "uploadtime": 1783568788, "views": 0, "rating": 0, "private": 0, "password": null, "_winner": "p0y25695d5a", "_our_name": "p0x25699c11"}