{"id": "battle-gen9randombattle-426", "formatid": "gen9randombattle", "format": "[Gen 9] Random Battle", "players": ["p0x426b8f5", "p0y426f572"], "log": "|init|battle\n|title|p0x426b8f5 vs. p0y426f572\n|j|\u2606p0x426b8f5\n|j|\u2606p0y426f572\n|t:|1783544007\n|gametype|singles\n|player|p1|p0x426b8f5|266|\n|player|p2|p0y426f572|265|\n|gen|9\n|tier|[Gen 9] Random Battle\n|rule|Species Clause: Limit one of each Pok\u00e9mon\n|rule|HP Percentage Mod: HP is shown in percentages\n|rule|Sleep Clause Mod: Limit one foe put to sleep\n|rule|Illusion Level Mod: Illusion disguises the Pok\u00e9mon's true level\n|\n|t:|1783544007\n|teamsize|p1|6\n|teamsize|p2|6\n|start\n|switch|p1a: Kommo-o|Kommo-o, L77, M|242/242\n|switch|p2a: Dipplin|Dipplin, L88, M|100/100\n|turn|1\n|inactive|Battle timer is ON: inactive players will automatically lose when time's up. (requested by p0y426f572)\n|inactive|Time left: 300 sec this turn | 300 sec total | 60 sec grace\n|inactive|p0x426b8f5 also wants the timer to be on.\n|\n|t:|1783544008\n|move|p1a: Kommo-o|Clangorous Soul|p1a: Kommo-o\n|-boost|p1a: Kommo-o|atk|1\n|-boost|p1a: Kommo-o|def|1\n|-boost|p1a: Kommo-o|spa|1\n|-boost|p1a: Kommo-o|spd|1\n|-boost|p1a: Kommo-o|spe|1\n|-damage|p1a: Kommo-o|163/242\n|-enditem|p1a: Kommo-o|Throat Spray\n|-boost|p1a: Kommo-o|spa|1|[from] item: Throat Spray\n|move|p2a: Dipplin|Dragon Tail|p1a: Kommo-o\n|-supereffective|p1a: Kommo-o\n|-damage|p1a: Kommo-o|95/242\n|drag|p1a: Azelf|Azelf, L82|257/257\n|\n|upkeep\n|turn|2\n|inactive|Time left: 300 sec this turn | 300 sec total\n|\n|t:|1783544009\n|move|p1a: Azelf|Nasty Plot|p1a: Azelf\n|-boost|p1a: Azelf|spa|2\n|move|p2a: Dipplin|Dragon Pulse|p1a: Azelf\n|-damage|p1a: Azelf|134/257\n|\n|upkeep\n|turn|3\n|inactive|Time left: 300 sec this turn | 300 sec total\n|\n|t:|1783544011\n|move|p1a: Azelf|Dazzling Gleam|p2a: Dipplin\n|-supereffective|p2a: Dipplin\n|-damage|p2a: Dipplin|20/100\n|-damage|p1a: Azelf|109/257|[from] item: Life Orb\n|move|p2a: Dipplin|Dragon Pulse|p1a: Azelf\n|-damage|p1a: Azelf|0 fnt\n|faint|p1a: Azelf\n|\n|upkeep\n|inactive|Time left: 300 sec this turn | 300 sec total | 5 sec grace\n|\n|t:|1783544012\n|switch|p1a: Scovillain|Scovillain, L91, F|266/266\n|turn|4\n|inactive|Time left: 300 sec this turn | 300 sec total\n|\n|t:|1783544013\n|move|p1a: Scovillain|Flamethrower|p2a: Dipplin\n|-damage|p2a: Dipplin|0 fnt\n|faint|p2a: Dipplin\n|\n|upkeep\n|\n|t:|1783544014\n|switch|p2a: Kleavor|Kleavor, L78, F|100/100\n|turn|5\n|inactive|Time left: 300 sec this turn | 300 sec total\n|\n|t:|1783544015\n|move|p2a: Kleavor|Stone Axe|p1a: Scovillain\n|-supereffective|p1a: Scovillain\n|-damage|p1a: Scovillain|0 fnt\n|-sidestart|p1: p0x426b8f5|move: Stealth Rock\n|faint|p1a: Scovillain\n|\n|upkeep\n|inactive|Time left: 300 sec this turn | 300 sec total | 5 sec grace\n|\n|t:|1783544016\n|switch|p1a: Latios|Latios, L78, M|253/253\n|-damage|p1a: Latios|222/253|[from] Stealth Rock\n|turn|6\n|inactive|Time left: 300 sec this turn | 300 sec total\n|\n|t:|1783544017\n|switch|p2a: Uxie|Uxie, L83|100/100\n|move|p1a: Latios|Luster Purge|p2a: Uxie\n|-resisted|p2a: Uxie\n|-damage|p2a: Uxie|75/100\n|-unboost|p2a: Uxie|spd|1\n|\n|-heal|p2a: Uxie|81/100|[from] item: Leftovers\n|upkeep\n|turn|7\n|inactive|Time left: 300 sec this turn | 300 sec total\n|\n|t:|1783544018\n|move|p1a: Latios|Luster Purge|p2a: Uxie\n|-resisted|p2a: Uxie\n|-damage|p2a: Uxie|47/100\n|move|p2a: Uxie|Knock Off|p1a: Latios\n|-supereffective|p1a: Latios\n|-damage|p1a: Latios|90/253\n|-enditem|p1a: Latios|Choice Specs|[from] move: Knock Off|[of] p2a: Uxie\n|\n|-heal|p2a: Uxie|54/100|[from] item: Leftovers\n|upkeep\n|turn|8\n|inactive|Time left: 300 sec this turn | 300 sec total\n|\n|t:|1783544020\n|move|p1a: Latios|Draco Meteor|p2a: Uxie\n|-damage|p2a: Uxie|0 fnt\n|-unboost|p1a: Latios|spa|2\n|faint|p2a: Uxie\n|\n|upkeep\n|\n|t:|1783544021\n|switch|p2a: Thundurus|Thundurus, L80, M|100/100\n|turn|9\n|inactive|Time left: 300 sec this turn | 300 sec total\n|\n|t:|1783544022\n|switch|p1a: Gholdengo|Gholdengo, L77|261/261\n|-damage|p1a: Gholdengo|245/261|[from] Stealth Rock\n|move|p2a: Thundurus|Acrobatics|p1a: Gholdengo\n|-resisted|p1a: Gholdengo\n|-damage|p1a: Gholdengo|177/261\n|\n|-heal|p1a: Gholdengo|193/261|[from] item: Leftovers\n|upkeep\n|turn|10\n|inactive|Time left: 300 sec this turn | 300 sec total\n|\n|t:|1783544023\n|move|p2a: Thundurus|Thunderbolt|p1a: Gholdengo\n|-damage|p1a: Gholdengo|73/261\n|move|p1a: Gholdengo|Recover|p1a: Gholdengo\n|-heal|p1a: Gholdengo|204/261\n|\n|-heal|p1a: Gholdengo|220/261|[from] item: Leftovers\n|upkeep\n|turn|11\n|inactive|Time left: 300 sec this turn | 300 sec total\n|\n|t:|1783544024\n|move|p2a: Thundurus|Thunderbolt|p1a: Gholdengo\n|-crit|p1a: Gholdengo\n|-damage|p1a: Gholdengo|42/261\n|move|p1a: Gholdengo|Shadow Ball|p2a: Thundurus\n|-damage|p2a: Thundurus|57/100\n|\n|-heal|p1a: Gholdengo|58/261|[from] item: Leftovers\n|upkeep\n|turn|12\n|inactive|Time left: 300 sec this turn | 300 sec total\n|\n|t:|1783544027\n|switch|p1a: Latios|Latios, L78, M|90/253\n|-damage|p1a: Latios|59/253|[from] Stealth Rock\n|move|p2a: Thundurus|Thunderbolt|p1a: Latios\n|-resisted|p1a: Latios\n|-damage|p1a: Latios|10/253\n|\n|upkeep\n|turn|13\n|inactive|Time left: 300 sec this turn | 300 sec total\n|\n|t:|1783544028\n|move|p2a: Thundurus|Acrobatics|p1a: Latios\n|-damage|p1a: Latios|0 fnt\n|faint|p1a: Latios\n|\n|upkeep\n|inactive|Time left: 300 sec this turn | 300 sec total | 5 sec grace\n|\n|t:|1783544030\n|switch|p1a: Glimmora|Glimmora, L75, F|248/248\n|-damage|p1a: Glimmora|217/248|[from] Stealth Rock\n|-item|p1a: Glimmora|Air Balloon\n|turn|14\n|inactive|Time left: 300 sec this turn | 300 sec total\n|\n|t:|1783544031\n|move|p2a: Thundurus|Thunderbolt|p1a: Glimmora\n|-damage|p1a: Glimmora|97/248\n|-enditem|p1a: Glimmora|Air Balloon\n|move|p1a: Glimmora|Sludge Wave|p2a: Thundurus\n|-damage|p2a: Thundurus|13/100\n|\n|upkeep\n|turn|15\n|inactive|Time left: 300 sec this turn | 300 sec total\n|\n|t:|1783544033\n|-terastallize|p1a: Glimmora|Ground\n|move|p2a: Thundurus|Focus Blast|p1a: Glimmora|[miss]\n|-miss|p2a: Thundurus|p1a: Glimmora\n|move|p1a: Glimmora|Sludge Wave|p2a: Thundurus\n|-damage|p2a: Thundurus|0 fnt\n|faint|p2a: Thundurus\n|\n|upkeep\n|\n|t:|1783544034\n|switch|p2a: Cramorant|Cramorant, L86, M|100/100\n|turn|16\n|inactive|Time left: 300 sec this turn | 300 sec total\n|\n|t:|1783544035\n|switch|p1a: Kommo-o|Kommo-o, L77, M|95/242\n|-damage|p1a: Kommo-o|80/242|[from] Stealth Rock\n|move|p2a: Cramorant|Surf|p1a: Kommo-o\n|-formechange|p2a: Cramorant|Cramorant-Gulping|\n|-resisted|p1a: Kommo-o\n|-damage|p1a: Kommo-o|38/242\n|\n|upkeep\n|turn|17\n|inactive|Time left: 300 sec this turn | 300 sec total\n|\n|t:|1783544036\n|move|p2a: Cramorant|Surf|p1a: Kommo-o\n|-resisted|p1a: Kommo-o\n|-damage|p1a: Kommo-o|0 fnt\n|faint|p1a: Kommo-o\n|\n|upkeep\n|inactive|Time left: 300 sec this turn | 300 sec total | 5 sec grace\n|\n|t:|1783544037\n|switch|p1a: Gholdengo|Gholdengo, L77|58/261\n|-damage|p1a: Gholdengo|42/261|[from] Stealth Rock\n|turn|18\n|inactive|Time left: 300 sec this turn | 300 sec total\n|\n|t:|1783544038\n|-terastallize|p2a: Cramorant|Ground\n|move|p2a: Cramorant|Surf|p1a: Gholdengo\n|-damage|p1a: Gholdengo|0 fnt\n|faint|p1a: Gholdengo\n|\n|upkeep\n|inactive|Time left: 300 sec this turn | 300 sec total | 5 sec grace\n|\n|t:|1783544039\n|switch|p1a: Glimmora|Glimmora, L75, F, tera:Ground|97/248\n|-damage|p1a: Glimmora|82/248|[from] Stealth Rock\n|turn|19\n|inactive|Time left: 300 sec this turn | 300 sec total\n|\n|t:|1783544040\n|move|p2a: Cramorant|Surf|p1a: Glimmora\n|-supereffective|p1a: Glimmora\n|-damage|p1a: Glimmora|0 fnt\n|faint|p1a: Glimmora\n|\n|win|p0y426f572", "uploadtime": 1783544040, "views": 0, "rating": 0, "private": 0, "password": null, "_winner": "p0y426f572", "_our_name": "p0x426b8f5"}