{"id": "battle-gen9randombattle-1621", "formatid": "gen9randombattle", "format": "[Gen 9] Random Battle", "players": ["p0x16210c4f", "p0y16216e03"], "log": "|init|battle\n|title|p0x16210c4f vs. p0y16216e03\n|j|\u2606p0x16210c4f\n|j|\u2606p0y16216e03\n|t:|1783558746\n|gametype|singles\n|player|p1|p0x16210c4f|266|\n|player|p2|p0y16216e03|101|\n|gen|9\n|tier|[Gen 9] Random Battle\n|rule|Species Clause: Limit one of each Pok\u00e9mon\n|rule|HP Percentage Mod: HP is shown in percentages\n|rule|Sleep Clause Mod: Limit one foe put to sleep\n|rule|Illusion Level Mod: Illusion disguises the Pok\u00e9mon's true level\n|\n|t:|1783558746\n|teamsize|p1|6\n|teamsize|p2|6\n|start\n|switch|p1a: Vileplume|Vileplume, L85, M|100/100\n|switch|p2a: Lanturn|Lanturn, L89, M|367/367\n|turn|1\n|inactive|Battle timer is ON: inactive players will automatically lose when time's up. (requested by p0y16216e03)\n|inactive|p0x16210c4f also wants the timer to be on.\n|\n|t:|1783558748\n|switch|p2a: Heatran|Heatran, L79, F|273/273\n|-item|p2a: Heatran|Air Balloon\n|move|p1a: Vileplume|Giga Drain|p2a: Heatran\n|-resisted|p2a: Heatran\n|-damage|p2a: Heatran|251/273\n|-enditem|p2a: Heatran|Air Balloon\n|\n|upkeep\n|turn|2\n|inactive|Time left: 300 sec this turn | 300 sec total\n|\n|t:|1783558749\n|move|p2a: Heatran|Stealth Rock|p1a: Vileplume\n|-sidestart|p1: p0x16210c4f|move: Stealth Rock\n|move|p1a: Vileplume|Leech Seed|p2a: Heatran\n|-start|p2a: Heatran|move: Leech Seed\n|\n|-damage|p2a: Heatran|217/273|[from] Leech Seed|[of] p1a: Vileplume\n|upkeep\n|turn|3\n|inactive|Time left: 300 sec this turn | 300 sec total\n|\n|t:|1783558750\n|move|p2a: Heatran|Magma Storm|p1a: Vileplume\n|-supereffective|p1a: Vileplume\n|-damage|p1a: Vileplume|13/100\n|-activate|p1a: Vileplume|move: Magma Storm|[of] p2a: Heatran\n|move|p1a: Vileplume|Strength Sap|p2a: Heatran\n|-unboost|p2a: Heatran|atk|1\n|-heal|p1a: Vileplume|83/100\n|\n|-heal|p1a: Vileplume|89/100|[from] item: Leftovers\n|-damage|p2a: Heatran|183/273|[from] Leech Seed|[of] p1a: Vileplume\n|-heal|p1a: Vileplume|100/100|[silent]\n|-damage|p1a: Vileplume|88/100|[from] move: Magma Storm|[partiallytrapped]\n|upkeep\n|turn|4\n|inactive|Time left: 300 sec this turn | 300 sec total\n|\n|t:|1783558752\n|move|p2a: Heatran|Magma Storm|p1a: Vileplume\n|-supereffective|p1a: Vileplume\n|-damage|p1a: Vileplume|0 fnt\n|faint|p1a: Vileplume\n|\n|upkeep\n|\n|t:|1783558753\n|switch|p1a: Slither Wing|Slither Wing, L81|100/100\n|-damage|p1a: Slither Wing|88/100|[from] Stealth Rock\n|turn|5\n|inactive|Time left: 300 sec this turn | 300 sec total\n|\n|t:|1783558754\n|switch|p2a: Froslass|Froslass, L87, F|263/263\n|move|p1a: Slither Wing|Close Combat|p2a: Froslass\n|-immune|p2a: Froslass\n|\n|upkeep\n|turn|6\n|inactive|Time left: 300 sec this turn | 300 sec total\n|\n|t:|1783558755\n|-end|p1a: Slither Wing|Protosynthesis|[silent]\n|switch|p1a: Ceruledge|Ceruledge, L78, F|100/100\n|move|p2a: Froslass|Triple Axel|p1a: Ceruledge\n|-resisted|p1a: Ceruledge\n|-damage|p1a: Ceruledge|95/100\n|-ability|p1a: Ceruledge|Weak Armor|boost\n|-unboost|p1a: Ceruledge|def|1\n|-boost|p1a: Ceruledge|spe|2\n|-resisted|p1a: Ceruledge\n|-damage|p1a: Ceruledge|80/100\n|-ability|p1a: Ceruledge|Weak Armor|boost\n|-unboost|p1a: Ceruledge|def|1\n|-boost|p1a: Ceruledge|spe|2\n|-resisted|p1a: Ceruledge\n|-damage|p1a: Ceruledge|52/100\n|-ability|p1a: Ceruledge|Weak Armor|boost\n|-unboost|p1a: Ceruledge|def|1\n|-boost|p1a: Ceruledge|spe|2\n|-hitcount|p1a: Ceruledge|3\n|\n|upkeep\n|turn|7\n|inactive|Time left: 300 sec this turn | 300 sec total\n|\n|t:|1783558756\n|switch|p2a: Heatran|Heatran, L79, F|183/273\n|move|p1a: Ceruledge|Poltergeist||[still]\n|-fail|p1a: Ceruledge\n|\n|upkeep\n|turn|8\n|inactive|Time left: 300 sec this turn | 300 sec total\n|\n|t:|1783558757\n|switch|p1a: Slither Wing|Slither Wing, L81|88/100\n|-damage|p1a: Slither Wing|76/100|[from] Stealth Rock\n|move|p2a: Heatran|Heavy Slam|p1a: Slither Wing\n|-damage|p1a: Slither Wing|37/100\n|\n|upkeep\n|turn|9\n|inactive|Time left: 300 sec this turn | 300 sec total\n|\n|t:|1783558758\n|switch|p2a: Gardevoir|Gardevoir, L83, F|249/249\n|move|p1a: Slither Wing|Close Combat|p2a: Gardevoir\n|-resisted|p2a: Gardevoir\n|-damage|p2a: Gardevoir|176/249\n|-unboost|p1a: Slither Wing|def|1\n|-unboost|p1a: Slither Wing|spd|1\n|\n|upkeep\n|turn|10\n|inactive|Time left: 300 sec this turn | 300 sec total\n|\n|t:|1783558759\n|-end|p1a: Slither Wing|Protosynthesis|[silent]\n|switch|p1a: Ceruledge|Ceruledge, L78, F|52/100\n|-ability|p2a: Gardevoir|Weak Armor|Trace|[from] ability: Trace|[of] p1a: Ceruledge\n|move|p2a: Gardevoir|Psychic|p1a: Ceruledge\n|-damage|p1a: Ceruledge|7/100\n|\n|upkeep\n|turn|11\n|inactive|Time left: 300 sec this turn | 300 sec total\n|\n|t:|1783558760\n|move|p1a: Ceruledge|Shadow Sneak|p2a: Gardevoir\n|-supereffective|p2a: Gardevoir\n|-damage|p2a: Gardevoir|62/249\n|-ability|p2a: Gardevoir|Weak Armor|boost\n|-unboost|p2a: Gardevoir|def|1\n|-boost|p2a: Gardevoir|spe|2\n|move|p2a: Gardevoir|Psychic|p1a: Ceruledge\n|-damage|p1a: Ceruledge|0 fnt\n|faint|p1a: Ceruledge\n|\n|upkeep\n|\n|t:|1783558762\n|switch|p1a: Leafeon|Leafeon, L88, F|100/100\n|-damage|p1a: Leafeon|88/100|[from] Stealth Rock\n|turn|12\n|inactive|Time left: 300 sec this turn | 300 sec total\n|\n|t:|1783558763\n|-terastallize|p1a: Leafeon|Dark\n|move|p2a: Gardevoir|Psychic|p1a: Leafeon\n|-immune|p1a: Leafeon\n|move|p1a: Leafeon|Swords Dance|p1a: Leafeon\n|-boost|p1a: Leafeon|atk|2\n|\n|-heal|p1a: Leafeon|94/100|[from] item: Leftovers\n|upkeep\n|turn|13\n|inactive|Time left: 300 sec this turn | 300 sec total\n|\n|t:|1783558764\n|move|p2a: Gardevoir|Psychic|p1a: Leafeon\n|-immune|p1a: Leafeon\n|move|p1a: Leafeon|Knock Off|p2a: Gardevoir\n|-damage|p2a: Gardevoir|0 fnt\n|-enditem|p2a: Gardevoir|Choice Scarf|[from] move: Knock Off|[of] p1a: Leafeon\n|faint|p2a: Gardevoir\n|\n|-heal|p1a: Leafeon|100/100|[from] item: Leftovers\n|upkeep\n|inactive|Time left: 300 sec this turn | 300 sec total | 5 sec grace\n|\n|t:|1783558765\n|switch|p2a: Galvantula|Galvantula, L82, M|249/249\n|turn|14\n|inactive|Time left: 300 sec this turn | 300 sec total\n|\n|t:|1783558766\n|move|p2a: Galvantula|Bug Buzz|p1a: Leafeon\n|-supereffective|p1a: Leafeon\n|-damage|p1a: Leafeon|21/100\n|move|p1a: Leafeon|Knock Off|p2a: Galvantula\n|-damage|p2a: Galvantula|0 fnt\n|-enditem|p2a: Galvantula|Heavy-Duty Boots|[from] move: Knock Off|[of] p1a: Leafeon\n|faint|p2a: Galvantula\n|\n|-heal|p1a: Leafeon|27/100|[from] item: Leftovers\n|upkeep\n|inactive|Time left: 300 sec this turn | 300 sec total | 5 sec grace\n|\n|t:|1783558767\n|switch|p2a: Froslass|Froslass, L87, F|263/263\n|turn|15\n|inactive|Time left: 300 sec this turn | 300 sec total\n|\n|t:|1783558767\n|move|p2a: Froslass|Triple Axel|p1a: Leafeon\n|-crit|p1a: Leafeon\n|-damage|p1a: Leafeon|19/100\n|-damage|p1a: Leafeon|8/100\n|-damage|p1a: Leafeon|0 fnt\n|faint|p1a: Leafeon\n|-hitcount|p1: Leafeon|3\n|\n|upkeep\n|\n|t:|1783558768\n|switch|p1a: Persian|Persian, L92, M|100/100\n|-damage|p1a: Persian|88/100|[from] Stealth Rock\n|turn|16\n|inactive|Time left: 300 sec this turn | 300 sec total\n|\n|t:|1783558769\n|switch|p2a: Heatran|Heatran, L79, F|183/273\n|move|p1a: Persian|Knock Off|p2a: Heatran\n|-damage|p2a: Heatran|126/273\n|\n|upkeep\n|turn|17\n|inactive|Time left: 300 sec this turn | 300 sec total\n|\n|t:|1783558770\n|move|p1a: Persian|Knock Off|p2a: Heatran\n|-damage|p2a: Heatran|64/273\n|move|p2a: Heatran|Magma Storm|p1a: Persian\n|-damage|p1a: Persian|37/100\n|-activate|p1a: Persian|move: Magma Storm|[of] p2a: Heatran\n|\n|-damage|p1a: Persian|24/100|[from] move: Magma Storm|[partiallytrapped]\n|upkeep\n|turn|18\n|inactive|Time left: 300 sec this turn | 300 sec total\n|\n|t:|1783558771\n|move|p1a: Persian|Knock Off|p2a: Heatran\n|-damage|p2a: Heatran|6/273\n|move|p2a: Heatran|Earth Power|p1a: Persian\n|-damage|p1a: Persian|0 fnt\n|faint|p1a: Persian\n|\n|upkeep\n|\n|t:|1783558772\n|switch|p1a: Tornadus|Tornadus, L82, M|100/100\n|turn|19\n|inactive|Time left: 300 sec this turn | 300 sec total\n|\n|t:|1783558773\n|switch|p2a: Froslass|Froslass, L87, F|263/263\n|move|p1a: Tornadus|Bleakwind Storm|p2a: Froslass\n|-damage|p2a: Froslass|133/263\n|\n|upkeep\n|turn|20\n|inactive|Time left: 300 sec this turn | 300 sec total\n|\n|t:|1783558774\n|switch|p1a: Slither Wing|Slither Wing, L81|37/100\n|-damage|p1a: Slither Wing|25/100|[from] Stealth Rock\n|move|p2a: Froslass|Triple Axel|p1a: Slither Wing\n|-crit|p1a: Slither Wing\n|-damage|p1a: Slither Wing|11/100\n|-damage|p1a: Slither Wing|0 fnt\n|faint|p1a: Slither Wing\n|-end|p1a: Slither Wing|Protosynthesis|[silent]\n|-hitcount|p1: Slither Wing|2\n|\n|upkeep\n|\n|t:|1783558774\n|switch|p1a: Tornadus|Tornadus, L82, M|100/100\n|turn|21\n|inactive|Time left: 300 sec this turn | 300 sec total\n|\n|t:|1783558775\n|move|p2a: Froslass|Triple Axel|p1a: Tornadus\n|-supereffective|p1a: Tornadus\n|-damage|p1a: Tornadus|82/100\n|-supereffective|p1a: Tornadus\n|-damage|p1a: Tornadus|44/100\n|-supereffective|p1a: Tornadus\n|-damage|p1a: Tornadus|0 fnt\n|faint|p1a: Tornadus\n|-hitcount|p1: Tornadus|3\n|\n|win|p0y16216e03", "uploadtime": 1783558775, "views": 0, "rating": 0, "private": 0, "password": null, "_winner": "p0y16216e03", "_our_name": "p0y16216e03"}