{"id": "battle-gen9randombattle-851", "formatid": "gen9randombattle", "format": "[Gen 9] Random Battle", "players": ["p0x8516b95", "p0y8518b18"], "log": "|init|battle\n|title|p0x8516b95 vs. p0y8518b18\n|j|\u2606p0x8516b95\n|j|\u2606p0y8518b18\n|t:|1783549016\n|gametype|singles\n|player|p1|p0x8516b95|2|\n|player|p2|p0y8518b18|266|\n|gen|9\n|tier|[Gen 9] Random Battle\n|rule|Species Clause: Limit one of each Pok\u00e9mon\n|rule|HP Percentage Mod: HP is shown in percentages\n|rule|Sleep Clause Mod: Limit one foe put to sleep\n|rule|Illusion Level Mod: Illusion disguises the Pok\u00e9mon's true level\n|\n|t:|1783549016\n|teamsize|p1|6\n|teamsize|p2|6\n|start\n|switch|p1a: Farigiraf|Farigiraf, L90, F|362/362\n|switch|p2a: Latias|Latias, L79, F|100/100\n|turn|1\n|inactive|Battle timer is ON: inactive players will automatically lose when time's up. (requested by p0x8516b95)\n|\n|t:|1783549017\n|move|p2a: Latias|Calm Mind|p2a: Latias\n|-boost|p2a: Latias|spa|1\n|-boost|p2a: Latias|spd|1\n|move|p1a: Farigiraf|Body Slam|p2a: Latias\n|-damage|p2a: Latias|64/100\n|-status|p2a: Latias|par\n|\n|upkeep\n|turn|2\n|inactive|Time left: 300 sec this turn | 300 sec total\n|inactive|p0y8518b18 also wants the timer to be on.\n|\n|t:|1783549018\n|switch|p1a: Grimmsnarl|Grimmsnarl, L83, M|293/293\n|move|p2a: Latias|Calm Mind|p2a: Latias\n|-boost|p2a: Latias|spa|1\n|-boost|p2a: Latias|spd|1\n|\n|upkeep\n|turn|3\n|inactive|Time left: 300 sec this turn | 300 sec total\n|\n|t:|1783549020\n|move|p1a: Grimmsnarl|Spirit Break|p2a: Latias\n|-supereffective|p2a: Latias\n|-crit|p2a: Latias\n|-damage|p2a: Latias|0 fnt\n|faint|p2a: Latias\n|\n|upkeep\n|\n|t:|1783549020\n|switch|p2a: Manaphy|Manaphy, L78|100/100\n|turn|4\n|inactive|Time left: 300 sec this turn | 300 sec total\n|\n|t:|1783549021\n|move|p1a: Grimmsnarl|Light Screen|p1a: Grimmsnarl\n|-sidestart|p1: p0x8516b95|move: Light Screen\n|move|p2a: Manaphy|Tail Glow|p2a: Manaphy\n|-boost|p2a: Manaphy|spa|3\n|\n|upkeep\n|turn|5\n|inactive|Time left: 300 sec this turn | 300 sec total\n|\n|t:|1783549023\n|move|p2a: Manaphy|Surf|p1a: Grimmsnarl\n|-damage|p1a: Grimmsnarl|178/293\n|move|p1a: Grimmsnarl|Spirit Break|p2a: Manaphy\n|-damage|p2a: Manaphy|70/100\n|-unboost|p2a: Manaphy|spa|1\n|\n|-heal|p2a: Manaphy|76/100|[from] item: Leftovers\n|upkeep\n|turn|6\n|inactive|Time left: 300 sec this turn | 300 sec total\n|\n|t:|1783549024\n|move|p2a: Manaphy|Tail Glow|p2a: Manaphy\n|-boost|p2a: Manaphy|spa|3\n|move|p1a: Grimmsnarl|Spirit Break|p2a: Manaphy\n|-damage|p2a: Manaphy|44/100\n|-unboost|p2a: Manaphy|spa|1\n|\n|-heal|p2a: Manaphy|50/100|[from] item: Leftovers\n|upkeep\n|turn|7\n|inactive|Time left: 300 sec this turn | 300 sec total\n|\n|t:|1783549025\n|move|p1a: Grimmsnarl|Reflect|p1a: Grimmsnarl\n|-sidestart|p1: p0x8516b95|Reflect\n|move|p2a: Manaphy|Surf|p1a: Grimmsnarl\n|-damage|p1a: Grimmsnarl|43/293\n|\n|-heal|p2a: Manaphy|56/100|[from] item: Leftovers\n|upkeep\n|turn|8\n|inactive|Time left: 300 sec this turn | 300 sec total\n|\n|t:|1783549026\n|move|p1a: Grimmsnarl|Parting Shot|p2a: Manaphy\n|-unboost|p2a: Manaphy|atk|1\n|-unboost|p2a: Manaphy|spa|1\n|inactive|Time left: 300 sec this turn | 300 sec total | 5 sec grace\n|\n|t:|1783549027\n|switch|p1a: Galvantula|Galvantula, L82, M|249/249|[from] Parting Shot\n|move|p2a: Manaphy|Surf|p1a: Galvantula\n|-damage|p1a: Galvantula|102/249\n|\n|-heal|p2a: Manaphy|62/100|[from] item: Leftovers\n|upkeep\n|turn|9\n|inactive|Time left: 300 sec this turn | 300 sec total\n|\n|t:|1783549028\n|move|p1a: Galvantula|Thunder|p2a: Manaphy\n|-supereffective|p2a: Manaphy\n|-damage|p2a: Manaphy|0 fnt\n|faint|p2a: Manaphy\n|\n|upkeep\n|\n|t:|1783549029\n|switch|p2a: Hippowdon|Hippowdon, L82, F|100/100\n|-weather|Sandstorm|[from] ability: Sand Stream|[of] p2a: Hippowdon\n|turn|10\n|inactive|Time left: 300 sec this turn | 300 sec total\n|\n|t:|1783549030\n|move|p1a: Galvantula|Sticky Web|p2a: Hippowdon\n|-sidestart|p2: p0y8518b18|move: Sticky Web\n|move|p2a: Hippowdon|Stone Edge|p1a: Galvantula\n|-supereffective|p1a: Galvantula\n|-damage|p1a: Galvantula|9/249\n|\n|-weather|Sandstorm|[upkeep]\n|-damage|p1a: Galvantula|0 fnt|[from] Sandstorm\n|faint|p1a: Galvantula\n|upkeep\n|inactive|Time left: 300 sec this turn | 300 sec total | 5 sec grace\n|\n|t:|1783549031\n|switch|p1a: Grimmsnarl|Grimmsnarl, L83, M|43/293\n|turn|11\n|inactive|Time left: 300 sec this turn | 300 sec total\n|\n|t:|1783549032\n|move|p1a: Grimmsnarl|Parting Shot|p2a: Hippowdon\n|-unboost|p2a: Hippowdon|atk|1\n|-unboost|p2a: Hippowdon|spa|1\n|inactive|Time left: 300 sec this turn | 300 sec total | 5 sec grace\n|\n|t:|1783549033\n|switch|p1a: Farigiraf|Farigiraf, L90, F|362/362|[from] Parting Shot\n|move|p2a: Hippowdon|Earthquake|p1a: Farigiraf\n|-damage|p1a: Farigiraf|317/362\n|\n|-weather|Sandstorm|[upkeep]\n|-damage|p1a: Farigiraf|295/362|[from] Sandstorm\n|-heal|p1a: Farigiraf|317/362|[from] item: Leftovers\n|-sideend|p1: p0x8516b95|move: Light Screen\n|upkeep\n|turn|12\n|inactive|Time left: 300 sec this turn | 300 sec total\n|\n|t:|1783549034\n|switch|p2a: Cryogonal|Cryogonal, L89|100/100\n|move|p1a: Farigiraf|Psychic Noise|p2a: Cryogonal\n|-damage|p2a: Cryogonal|78/100\n|-start|p2a: Cryogonal|move: Heal Block\n|\n|-weather|Sandstorm|[upkeep]\n|-damage|p2a: Cryogonal|72/100|[from] Sandstorm\n|-damage|p1a: Farigiraf|295/362|[from] Sandstorm\n|-heal|p1a: Farigiraf|317/362|[from] item: Leftovers\n|upkeep\n|turn|13\n|inactive|Time left: 300 sec this turn | 300 sec total\n|\n|t:|1783549035\n|move|p2a: Cryogonal|Rapid Spin|p1a: Farigiraf\n|-damage|p1a: Farigiraf|304/362\n|-boost|p2a: Cryogonal|spe|1\n|-sideend|p2: p0y8518b18|Sticky Web|[from] move: Rapid Spin|[of] p2a: Cryogonal\n|move|p1a: Farigiraf|Body Slam|p2a: Cryogonal\n|-damage|p2a: Cryogonal|26/100\n|-status|p2a: Cryogonal|par\n|\n|-weather|Sandstorm|[upkeep]\n|-damage|p2a: Cryogonal|20/100 par|[from] Sandstorm\n|-damage|p1a: Farigiraf|282/362|[from] Sandstorm\n|-heal|p1a: Farigiraf|304/362|[from] item: Leftovers\n|-end|p2a: Cryogonal|move: Heal Block\n|upkeep\n|turn|14\n|inactive|Time left: 300 sec this turn | 300 sec total\n|\n|t:|1783549037\n|move|p2a: Cryogonal|Recover|p2a: Cryogonal\n|-heal|p2a: Cryogonal|71/100 par\n|move|p1a: Farigiraf|Body Slam|p2a: Cryogonal\n|-damage|p2a: Cryogonal|24/100 par\n|\n|-weather|none\n|-heal|p1a: Farigiraf|326/362|[from] item: Leftovers\n|-sideend|p1: p0x8516b95|Reflect\n|upkeep\n|turn|15\n|inactive|Time left: 300 sec this turn | 300 sec total\n|\n|t:|1783549038\n|move|p2a: Cryogonal|Recover|p2a: Cryogonal\n|-heal|p2a: Cryogonal|74/100 par\n|move|p1a: Farigiraf|Body Slam|p2a: Cryogonal\n|-damage|p2a: Cryogonal|28/100 par\n|\n|-heal|p1a: Farigiraf|348/362|[from] item: Leftovers\n|upkeep\n|turn|16\n|inactive|Time left: 300 sec this turn | 300 sec total\n|\n|t:|1783549039\n|move|p2a: Cryogonal|Recover|p2a: Cryogonal\n|-heal|p2a: Cryogonal|78/100 par\n|move|p1a: Farigiraf|Body Slam|p2a: Cryogonal\n|-damage|p2a: Cryogonal|28/100 par\n|\n|-heal|p1a: Farigiraf|362/362|[from] item: Leftovers\n|upkeep\n|turn|17\n|inactive|Time left: 300 sec this turn | 300 sec total\n|\n|t:|1783549040\n|cant|p2a: Cryogonal|par\n|move|p1a: Farigiraf|Body Slam|p2a: Cryogonal\n|-damage|p2a: Cryogonal|0 fnt\n|faint|p2a: Cryogonal\n|\n|upkeep\n|\n|t:|1783549041\n|switch|p2a: Hippowdon|Hippowdon, L82, F|100/100\n|-weather|Sandstorm|[from] ability: Sand Stream|[of] p2a: Hippowdon\n|turn|18\n|inactive|Time left: 300 sec this turn | 300 sec total\n|\n|t:|1783549042\n|move|p1a: Farigiraf|Body Slam|p2a: Hippowdon\n|-damage|p2a: Hippowdon|72/100\n|-status|p2a: Hippowdon|par\n|cant|p2a: Hippowdon|par\n|\n|-weather|Sandstorm|[upkeep]\n|-damage|p1a: Farigiraf|340/362|[from] Sandstorm\n|-heal|p1a: Farigiraf|362/362|[from] item: Leftovers\n|-heal|p2a: Hippowdon|78/100 par|[from] item: Leftovers\n|upkeep\n|turn|19\n|inactive|Time left: 300 sec this turn | 300 sec total\n|\n|t:|1783549043\n|move|p1a: Farigiraf|Psychic Noise|p2a: Hippowdon\n|-damage|p2a: Hippowdon|36/100 par\n|-start|p2a: Hippowdon|move: Heal Block\n|move|p2a: Hippowdon|Earthquake|p1a: Farigiraf\n|-damage|p1a: Farigiraf|247/362\n|\n|-weather|Sandstorm|[upkeep]\n|-damage|p1a: Farigiraf|225/362|[from] Sandstorm\n|-heal|p1a: Farigiraf|247/362|[from] item: Leftovers\n|upkeep\n|turn|20\n|inactive|Time left: 300 sec this turn | 300 sec total\n|\n|t:|1783549044\n|move|p1a: Farigiraf|Psychic Noise|p2a: Hippowdon\n|-damage|p2a: Hippowdon|0 fnt\n|faint|p2a: Hippowdon\n|\n|-weather|Sandstorm|[upkeep]\n|-damage|p1a: Farigiraf|225/362|[from] Sandstorm\n|-heal|p1a: Farigiraf|247/362|[from] item: Leftovers\n|upkeep\n|\n|t:|1783549045\n|switch|p2a: Gothitelle|Gothitelle, L90, F|100/100\n|turn|21\n|inactive|Time left: 300 sec this turn | 300 sec total\n|\n|t:|1783549046\n|move|p2a: Gothitelle|Dark Pulse|p1a: Farigiraf\n|-supereffective|p1a: Farigiraf\n|-damage|p1a: Farigiraf|109/362\n|move|p1a: Farigiraf|Body Slam|p2a: Gothitelle\n|-damage|p2a: Gothitelle|66/100\n|\n|-weather|Sandstorm|[upkeep]\n|-damage|p2a: Gothitelle|60/100|[from] Sandstorm\n|-damage|p1a: Farigiraf|87/362|[from] Sandstorm\n|-heal|p1a: Farigiraf|109/362|[from] item: Leftovers\n|upkeep\n|turn|22\n|inactive|Time left: 300 sec this turn | 300 sec total\n|\n|t:|1783549047\n|-terastallize|p1a: Farigiraf|Fairy\n|move|p2a: Gothitelle|Dark Pulse|p1a: Farigiraf\n|-resisted|p1a: Farigiraf\n|-damage|p1a: Farigiraf|76/362\n|move|p1a: Farigiraf|Wish|p1a: Farigiraf\n|\n|-weather|none\n|-heal|p1a: Farigiraf|98/362|[from] item: Leftovers\n|upkeep\n|turn|23\n|inactive|Time left: 300 sec this turn | 300 sec total\n|\n|t:|1783549048\n|switch|p2a: Talonflame|Talonflame, L83, M|100/100\n|move|p1a: Farigiraf|Body Slam|p2a: Talonflame\n|-damage|p2a: Talonflame|56/100\n|\n|-heal|p1a: Farigiraf|279/362|[from] move: Wish|[wisher] Farigiraf\n|-heal|p1a: Farigiraf|301/362|[from] item: Leftovers\n|upkeep\n|turn|24\n|inactive|Time left: 300 sec this turn | 300 sec total\n|\n|t:|1783549049\n|move|p2a: Talonflame|Swords Dance|p2a: Talonflame\n|-boost|p2a: Talonflame|atk|2\n|move|p1a: Farigiraf|Psychic Noise|p2a: Talonflame\n|-damage|p2a: Talonflame|14/100\n|-start|p2a: Talonflame|move: Heal Block\n|\n|-heal|p1a: Farigiraf|323/362|[from] item: Leftovers\n|upkeep\n|turn|25\n|inactive|Time left: 300 sec this turn | 300 sec total\n|\n|t:|1783549050\n|move|p2a: Talonflame|Flare Blitz|p1a: Farigiraf\n|-damage|p1a: Farigiraf|103/362\n|-damage|p2a: Talonflame|0 fnt|[from] Recoil\n|faint|p2a: Talonflame\n|move|p1a: Farigiraf|Psychic Noise|p2: Talonflame|[notarget]\n|-fail|p1a: Farigiraf\n|\n|-heal|p1a: Farigiraf|125/362|[from] item: Leftovers\n|upkeep\n|\n|t:|1783549051\n|switch|p2a: Gothitelle|Gothitelle, L90, F|60/100\n|turn|26\n|inactive|Time left: 300 sec this turn | 300 sec total\n|\n|t:|1783549051\n|move|p2a: Gothitelle|Psychic|p1a: Farigiraf\n|-damage|p1a: Farigiraf|5/362\n|move|p1a: Farigiraf|Body Slam|p2a: Gothitelle\n|-damage|p2a: Gothitelle|28/100\n|\n|-heal|p1a: Farigiraf|27/362|[from] item: Leftovers\n|upkeep\n|turn|27\n|inactive|Time left: 300 sec this turn | 300 sec total\n|\n|t:|1783549052\n|move|p2a: Gothitelle|Psychic|p1a: Farigiraf\n|-damage|p1a: Farigiraf|0 fnt\n|faint|p1a: Farigiraf\n|\n|upkeep\n|inactive|Time left: 300 sec this turn | 300 sec total | 5 sec grace\n|\n|t:|1783549053\n|switch|p1a: Hydreigon|Hydreigon, L79, M|275/275\n|turn|28\n|inactive|Time left: 300 sec this turn | 300 sec total\n|\n|t:|1783549054\n|move|p2a: Gothitelle|Psychic|p1a: Hydreigon\n|-immune|p1a: Hydreigon\n|move|p1a: Hydreigon|Dark Pulse|p2a: Gothitelle\n|-supereffective|p2a: Gothitelle\n|-damage|p2a: Gothitelle|0 fnt\n|faint|p2a: Gothitelle\n|\n|win|p0x8516b95", "uploadtime": 1783549054, "views": 0, "rating": 0, "private": 0, "password": null, "_winner": "p0x8516b95", "_our_name": "p0x8516b95"}