{"id": "battle-gen9randombattle-1403", "formatid": "gen9randombattle", "format": "[Gen 9] Random Battle", "players": ["p0x1403a2a2", "p0y1403face"], "log": "|init|battle\n|title|p0x1403a2a2 vs. p0y1403face\n|j|\u2606p0x1403a2a2\n|j|\u2606p0y1403face\n|t:|1783555372\n|gametype|singles\n|player|p1|p0x1403a2a2|265|\n|player|p2|p0y1403face|102|\n|gen|9\n|tier|[Gen 9] Random Battle\n|rule|Species Clause: Limit one of each Pok\u00e9mon\n|rule|HP Percentage Mod: HP is shown in percentages\n|rule|Sleep Clause Mod: Limit one foe put to sleep\n|rule|Illusion Level Mod: Illusion disguises the Pok\u00e9mon's true level\n|\n|t:|1783555372\n|teamsize|p1|6\n|teamsize|p2|6\n|start\n|switch|p1a: Slowbro|Slowbro-Galar, L87, M|100/100\n|switch|p2a: Farigiraf|Farigiraf, L90, M|362/362\n|turn|1\n|inactive|Battle timer is ON: inactive players will automatically lose when time's up. (requested by p0x1403a2a2)\n|inactive|Time left: 300 sec this turn | 300 sec total | 60 sec grace\n|inactive|p0y1403face also wants the timer to be on.\n|\n|t:|1783555374\n|move|p2a: Farigiraf|Body Slam|p1a: Slowbro\n|-damage|p1a: Slowbro|72/100\n|-damage|p2a: Farigiraf|302/362|[from] item: Rocky Helmet|[of] p1a: Slowbro\n|move|p1a: Slowbro|Earthquake|p2a: Farigiraf\n|-crit|p2a: Farigiraf\n|-damage|p2a: Farigiraf|169/362\n|\n|-heal|p2a: Farigiraf|191/362|[from] item: Leftovers\n|upkeep\n|turn|2\n|inactive|Time left: 300 sec this turn | 300 sec total\n|\n|t:|1783555376\n|move|p2a: Farigiraf|Psychic Noise|p1a: Slowbro\n|-damage|p1a: Slowbro|37/100\n|-start|p1a: Slowbro|move: Heal Block\n|move|p1a: Slowbro|Shell Side Arm|p2a: Farigiraf|[anim] Shell Side Arm Physical\n|-damage|p2a: Farigiraf|65/362\n|-hint|Physical Shell Side Arm\n|-status|p2a: Farigiraf|psn\n|\n|-heal|p2a: Farigiraf|87/362 psn|[from] item: Leftovers\n|-damage|p2a: Farigiraf|42/362 psn|[from] psn\n|upkeep\n|turn|3\n|inactive|Time left: 300 sec this turn | 300 sec total\n|\n|t:|1783555377\n|switch|p1a: Honchkrow|Honchkrow, L86, M|100/100\n|move|p2a: Farigiraf|Psychic Noise|p1a: Honchkrow\n|-immune|p1a: Honchkrow\n|\n|-heal|p2a: Farigiraf|64/362 psn|[from] item: Leftovers\n|-damage|p2a: Farigiraf|19/362 psn|[from] psn\n|upkeep\n|turn|4\n|inactive|Time left: 300 sec this turn | 300 sec total\n|\n|t:|1783555378\n|switch|p2a: Eelektross|Eelektross, L87, F|290/290\n|move|p1a: Honchkrow|Brave Bird|p2a: Eelektross\n|-resisted|p2a: Eelektross\n|-damage|p2a: Eelektross|209/290\n|-damage|p1a: Honchkrow|92/100|[from] Recoil\n|\n|-heal|p2a: Eelektross|227/290|[from] item: Leftovers\n|upkeep\n|turn|5\n|inactive|Time left: 300 sec this turn | 300 sec total\n|\n|t:|1783555379\n|switch|p1a: Slowbro|Slowbro-Galar, L87, M|70/100\n|move|p2a: Eelektross|Supercell Slam|p1a: Slowbro\n|-damage|p1a: Slowbro|31/100\n|-damage|p2a: Eelektross|179/290|[from] item: Rocky Helmet|[of] p1a: Slowbro\n|\n|-heal|p2a: Eelektross|197/290|[from] item: Leftovers\n|upkeep\n|turn|6\n|inactive|Time left: 300 sec this turn | 300 sec total\n|\n|t:|1783555380\n|-terastallize|p1a: Slowbro|Ground\n|move|p2a: Eelektross|Supercell Slam|p1a: Slowbro\n|-immune|p1a: Slowbro\n|-damage|p2a: Eelektross|52/290|[from] supercellslam\n|move|p1a: Slowbro|Slack Off|p1a: Slowbro\n|-heal|p1a: Slowbro|82/100\n|\n|-heal|p2a: Eelektross|70/290|[from] item: Leftovers\n|upkeep\n|turn|7\n|inactive|Time left: 300 sec this turn | 300 sec total\n|\n|t:|1783555381\n|move|p2a: Eelektross|Fire Punch|p1a: Slowbro\n|-damage|p1a: Slowbro|63/100\n|-damage|p2a: Eelektross|22/290|[from] item: Rocky Helmet|[of] p1a: Slowbro\n|move|p1a: Slowbro|Psychic|p2a: Eelektross\n|-damage|p2a: Eelektross|0 fnt\n|faint|p2a: Eelektross\n|\n|upkeep\n|inactive|Time left: 300 sec this turn | 300 sec total | 5 sec grace\n|\n|t:|1783555382\n|switch|p2a: Milotic|Milotic, L83, F|293/293\n|turn|8\n|inactive|Time left: 300 sec this turn | 300 sec total\n|\n|t:|1783555383\n|switch|p1a: Victreebel|Victreebel, L90, F|100/100\n|move|p2a: Milotic|Scald|p1a: Victreebel\n|-resisted|p1a: Victreebel\n|-damage|p1a: Victreebel|84/100\n|\n|upkeep\n|turn|9\n|inactive|Time left: 300 sec this turn | 300 sec total\n|\n|t:|1783555384\n|move|p2a: Milotic|Ice Beam|p1a: Victreebel\n|-supereffective|p1a: Victreebel\n|-damage|p1a: Victreebel|38/100\n|-status|p1a: Victreebel|frz\n|-curestatus|p1a: Victreebel|frz|[msg]\n|move|p1a: Victreebel|Power Whip|p2a: Milotic|[miss]\n|-miss|p1a: Victreebel|p2a: Milotic\n|\n|upkeep\n|turn|10\n|inactive|Time left: 300 sec this turn | 300 sec total\n|\n|t:|1783555385\n|switch|p1a: Hitmonlee|Hitmonlee, L85, M|100/100\n|move|p2a: Milotic|Ice Beam|p1a: Hitmonlee\n|-damage|p1a: Hitmonlee|77/100\n|-status|p1a: Hitmonlee|frz\n|\n|upkeep\n|turn|11\n|inactive|Time left: 300 sec this turn | 300 sec total\n|\n|t:|1783555386\n|-curestatus|p1a: Hitmonlee|frz|[msg]\n|move|p1a: Hitmonlee|Stone Edge|p2a: Milotic\n|-crit|p2a: Milotic\n|-damage|p2a: Milotic|147/293\n|move|p2a: Milotic|Scald|p1a: Hitmonlee\n|-damage|p1a: Hitmonlee|46/100\n|\n|-heal|p2a: Milotic|165/293|[from] item: Leftovers\n|upkeep\n|turn|12\n|inactive|Time left: 300 sec this turn | 300 sec total\n|\n|t:|1783555387\n|move|p1a: Hitmonlee|Close Combat|p2a: Milotic\n|-damage|p2a: Milotic|0 fnt\n|-unboost|p1a: Hitmonlee|def|1\n|-unboost|p1a: Hitmonlee|spd|1\n|faint|p2a: Milotic\n|-enditem|p1a: Hitmonlee|White Herb\n|-clearnegativeboost|p1a: Hitmonlee|[silent]\n|\n|upkeep\n|inactive|Time left: 300 sec this turn | 300 sec total | 5 sec grace\n|\n|t:|1783555388\n|switch|p2a: Sandslash|Sandslash, L89, F|278/278\n|turn|13\n|inactive|Time left: 300 sec this turn | 300 sec total\n|\n|t:|1783555389\n|move|p1a: Hitmonlee|Knock Off|p2a: Sandslash\n|-damage|p2a: Sandslash|213/278\n|-enditem|p2a: Sandslash|Leftovers|[from] move: Knock Off|[of] p1a: Hitmonlee\n|move|p2a: Sandslash|Swords Dance|p2a: Sandslash\n|-boost|p2a: Sandslash|atk|2\n|\n|upkeep\n|turn|14\n|inactive|Time left: 300 sec this turn | 300 sec total\n|\n|t:|1783555390\n|move|p1a: Hitmonlee|Close Combat|p2a: Sandslash\n|-damage|p2a: Sandslash|83/278\n|-unboost|p1a: Hitmonlee|def|1\n|-unboost|p1a: Hitmonlee|spd|1\n|move|p2a: Sandslash|Rapid Spin|p1a: Hitmonlee\n|-damage|p1a: Hitmonlee|0 fnt\n|-boost|p2a: Sandslash|spe|1\n|faint|p1a: Hitmonlee\n|\n|upkeep\n|\n|t:|1783555391\n|switch|p1a: Slowbro|Slowbro-Galar, L87, M, tera:Ground|96/100\n|turn|15\n|inactive|Time left: 300 sec this turn | 300 sec total\n|\n|t:|1783555392\n|move|p2a: Sandslash|Earthquake|p1a: Slowbro\n|-crit|p1a: Slowbro\n|-damage|p1a: Slowbro|0 fnt\n|faint|p1a: Slowbro\n|\n|upkeep\n|\n|t:|1783555393\n|switch|p1a: Honchkrow|Honchkrow, L86, M|92/100\n|turn|16\n|inactive|Time left: 300 sec this turn | 300 sec total\n|\n|t:|1783555394\n|move|p2a: Sandslash|Stone Edge|p1a: Honchkrow\n|-supereffective|p1a: Honchkrow\n|-damage|p1a: Honchkrow|0 fnt\n|faint|p1a: Honchkrow\n|\n|upkeep\n|\n|t:|1783555395\n|switch|p1a: Flamigo|Flamigo, L82, M|100/100\n|turn|17\n|inactive|Time left: 300 sec this turn | 300 sec total\n|\n|t:|1783555396\n|move|p2a: Sandslash|Stone Edge|p1a: Flamigo|[miss]\n|-miss|p2a: Sandslash|p1a: Flamigo\n|move|p1a: Flamigo|Close Combat|p2a: Sandslash\n|-damage|p2a: Sandslash|0 fnt\n|-unboost|p1a: Flamigo|def|1\n|-unboost|p1a: Flamigo|spd|1\n|faint|p2a: Sandslash\n|-damage|p1a: Flamigo|91/100|[from] item: Life Orb\n|\n|upkeep\n|inactive|Time left: 300 sec this turn | 300 sec total | 5 sec grace\n|\n|t:|1783555397\n|switch|p2a: Plusle|Plusle, L95, F|268/268\n|turn|18\n|inactive|Time left: 300 sec this turn | 300 sec total\n|\n|t:|1783555398\n|switch|p1a: Victreebel|Victreebel, L90, F|38/100\n|move|p2a: Plusle|Thunderbolt|p1a: Victreebel\n|-resisted|p1a: Victreebel\n|-damage|p1a: Victreebel|9/100\n|-damage|p2a: Plusle|242/268|[from] item: Life Orb\n|\n|upkeep\n|turn|19\n|inactive|Time left: 300 sec this turn | 300 sec total\n|\n|t:|1783555400\n|move|p1a: Victreebel|Sucker Punch|p2a: Plusle\n|-damage|p2a: Plusle|124/268\n|-damage|p1a: Victreebel|0 fnt|[from] item: Life Orb\n|faint|p1a: Victreebel\n|move|p2a: Plusle|Thunderbolt|p1: Victreebel|[notarget]\n|-fail|p2a: Plusle\n|\n|upkeep\n|\n|t:|1783555400\n|switch|p1a: Basculin|Basculin-Blue-Striped, L86, M|100/100\n|turn|20\n|inactive|Time left: 300 sec this turn | 300 sec total\n|\n|t:|1783555401\n|move|p1a: Basculin|Aqua Jet|p2a: Plusle\n|-damage|p2a: Plusle|0 fnt\n|faint|p2a: Plusle\n|\n|upkeep\n|inactive|Time left: 300 sec this turn | 300 sec total | 5 sec grace\n|\n|t:|1783555402\n|switch|p2a: Iron Treads|Iron Treads, L77|265/265\n|turn|21\n|inactive|Time left: 300 sec this turn | 300 sec total\n|\n|t:|1783555403\n|-terastallize|p2a: Iron Treads|Dragon\n|move|p1a: Basculin|Aqua Jet|p2a: Iron Treads\n|-resisted|p2a: Iron Treads\n|-damage|p2a: Iron Treads|230/265\n|move|p2a: Iron Treads|Iron Head|p1a: Basculin\n|-resisted|p1a: Basculin\n|-damage|p1a: Basculin|83/100\n|\n|-heal|p2a: Iron Treads|246/265|[from] item: Leftovers\n|upkeep\n|turn|22\n|inactive|Time left: 300 sec this turn | 300 sec total\n|\n|t:|1783555404\n|switch|p1a: Flamigo|Flamigo, L82, M|91/100\n|move|p2a: Iron Treads|Iron Head|p1a: Flamigo\n|-damage|p1a: Flamigo|59/100\n|\n|-heal|p2a: Iron Treads|262/265|[from] item: Leftovers\n|upkeep\n|turn|23\n|inactive|Time left: 300 sec this turn | 300 sec total\n|\n|t:|1783555405\n|move|p2a: Iron Treads|Iron Head|p1a: Flamigo\n|-damage|p1a: Flamigo|24/100\n|cant|p1a: Flamigo|flinch\n|\n|-heal|p2a: Iron Treads|265/265|[from] item: Leftovers\n|upkeep\n|turn|24\n|inactive|Time left: 300 sec this turn | 300 sec total\n|\n|t:|1783555406\n|switch|p1a: Basculin|Basculin-Blue-Striped, L86, M|83/100\n|move|p2a: Iron Treads|Volt Switch|p1a: Basculin\n|-supereffective|p1a: Basculin\n|-damage|p1a: Basculin|46/100\n|inactive|Time left: 300 sec this turn | 300 sec total | 5 sec grace\n|\n|t:|1783555407\n|-end|p2a: Iron Treads|Quark Drive|[silent]\n|switch|p2a: Farigiraf|Farigiraf, L90, M|19/362 psn|[from] Volt Switch\n|\n|-heal|p2a: Farigiraf|41/362 psn|[from] item: Leftovers\n|-damage|p2a: Farigiraf|0 fnt|[from] psn\n|faint|p2a: Farigiraf\n|upkeep\n|inactive|Time left: 300 sec this turn | 300 sec total | 10 sec grace\n|\n|t:|1783555408\n|switch|p2a: Iron Treads|Iron Treads, L77, tera:Dragon|265/265\n|turn|25\n|inactive|Time left: 300 sec this turn | 300 sec total\n|\n|t:|1783555408\n|move|p1a: Basculin|Aqua Jet|p2a: Iron Treads\n|-resisted|p2a: Iron Treads\n|-damage|p2a: Iron Treads|228/265\n|move|p2a: Iron Treads|Volt Switch|p1a: Basculin\n|-supereffective|p1a: Basculin\n|-damage|p1a: Basculin|10/100\n|\n|-heal|p2a: Iron Treads|244/265|[from] item: Leftovers\n|upkeep\n|turn|26\n|inactive|Time left: 300 sec this turn | 300 sec total\n|\n|t:|1783555409\n|move|p1a: Basculin|Aqua Jet|p2a: Iron Treads\n|-resisted|p2a: Iron Treads\n|-damage|p2a: Iron Treads|209/265\n|move|p2a: Iron Treads|Iron Head|p1a: Basculin\n|-resisted|p1a: Basculin\n|-damage|p1a: Basculin|0 fnt\n|faint|p1a: Basculin\n|\n|-heal|p2a: Iron Treads|225/265|[from] item: Leftovers\n|upkeep\n|\n|t:|1783555410\n|switch|p1a: Flamigo|Flamigo, L82, M|24/100\n|turn|27\n|inactive|Time left: 300 sec this turn | 300 sec total\n|\n|t:|1783555411\n|move|p2a: Iron Treads|Iron Head|p1a: Flamigo\n|-damage|p1a: Flamigo|0 fnt\n|faint|p1a: Flamigo\n|\n|win|p0y1403face", "uploadtime": 1783555411, "views": 0, "rating": 0, "private": 0, "password": null, "_winner": "p0y1403face", "_our_name": "p0y1403face"}