{"id": "battle-gen9randombattle-1527", "formatid": "gen9randombattle", "format": "[Gen 9] Random Battle", "players": ["p0x1527d53f", "p0y15276cc6"], "log": "|init|battle\n|title|p0x1527d53f vs. p0y15276cc6\n|j|\u2606p0x1527d53f\n|j|\u2606p0y15276cc6\n|t:|1783557756\n|gametype|singles\n|player|p1|p0x1527d53f|169|\n|player|p2|p0y15276cc6|2|\n|gen|9\n|tier|[Gen 9] Random Battle\n|rule|Species Clause: Limit one of each Pok\u00e9mon\n|rule|HP Percentage Mod: HP is shown in percentages\n|rule|Sleep Clause Mod: Limit one foe put to sleep\n|rule|Illusion Level Mod: Illusion disguises the Pok\u00e9mon's true level\n|\n|t:|1783557756\n|teamsize|p1|6\n|teamsize|p2|6\n|start\n|switch|p1a: Palossand|Palossand, L89, F|100/100\n|switch|p2a: Toucannon|Toucannon, L88, F|284/284\n|turn|1\n|inactive|Battle timer is ON: inactive players will automatically lose when time's up. (requested by p0y15276cc6)\n|\n|t:|1783557758\n|move|p2a: Toucannon|Knock Off|p1a: Palossand\n|-supereffective|p1a: Palossand\n|-damage|p1a: Palossand|51/100\n|-enditem|p1a: Palossand|Leftovers|[from] move: Knock Off|[of] p2a: Toucannon\n|move|p1a: Palossand|Stealth Rock|p2a: Toucannon\n|-sidestart|p2: p0y15276cc6|move: Stealth Rock\n|\n|upkeep\n|turn|2\n|inactive|Time left: 300 sec this turn | 300 sec total\n|inactive|p0x1527d53f also wants the timer to be on.\n|\n|t:|1783557759\n|-singleturn|p2a: Toucannon|move: Beak Blast\n|move|p1a: Palossand|Shore Up|p1a: Palossand\n|-heal|p1a: Palossand|100/100\n|move|p2a: Toucannon|Beak Blast|p1a: Palossand\n|-damage|p1a: Palossand|66/100\n|\n|upkeep\n|turn|3\n|inactive|Time left: 300 sec this turn | 300 sec total\n|\n|t:|1783557760\n|-singleturn|p2a: Toucannon|move: Beak Blast\n|move|p1a: Palossand|Shore Up|p1a: Palossand\n|-heal|p1a: Palossand|100/100\n|move|p2a: Toucannon|Beak Blast|p1a: Palossand\n|-damage|p1a: Palossand|62/100\n|\n|upkeep\n|turn|4\n|inactive|Time left: 300 sec this turn | 300 sec total\n|\n|t:|1783557761\n|-singleturn|p2a: Toucannon|move: Beak Blast\n|move|p1a: Palossand|Shore Up|p1a: Palossand\n|-heal|p1a: Palossand|100/100\n|move|p2a: Toucannon|Beak Blast|p1a: Palossand\n|-damage|p1a: Palossand|64/100\n|\n|upkeep\n|turn|5\n|inactive|Time left: 300 sec this turn | 300 sec total\n|\n|t:|1783557762\n|-singleturn|p2a: Toucannon|move: Beak Blast\n|move|p1a: Palossand|Shore Up|p1a: Palossand\n|-heal|p1a: Palossand|100/100\n|move|p2a: Toucannon|Beak Blast|p1a: Palossand\n|-damage|p1a: Palossand|63/100\n|\n|upkeep\n|turn|6\n|inactive|Time left: 300 sec this turn | 300 sec total\n|\n|t:|1783557763\n|-singleturn|p2a: Toucannon|move: Beak Blast\n|move|p1a: Palossand|Shore Up|p1a: Palossand\n|-heal|p1a: Palossand|100/100\n|move|p2a: Toucannon|Beak Blast|p1a: Palossand\n|-damage|p1a: Palossand|64/100\n|\n|upkeep\n|turn|7\n|inactive|Time left: 300 sec this turn | 300 sec total\n|\n|t:|1783557764\n|-singleturn|p2a: Toucannon|move: Beak Blast\n|move|p1a: Palossand|Shore Up|p1a: Palossand\n|-heal|p1a: Palossand|100/100\n|move|p2a: Toucannon|Beak Blast|p1a: Palossand\n|-damage|p1a: Palossand|64/100\n|\n|upkeep\n|turn|8\n|inactive|Time left: 300 sec this turn | 300 sec total\n|\n|t:|1783557765\n|-singleturn|p2a: Toucannon|move: Beak Blast\n|move|p1a: Palossand|Shore Up|p1a: Palossand\n|-heal|p1a: Palossand|100/100\n|move|p2a: Toucannon|Beak Blast|p1a: Palossand\n|-damage|p1a: Palossand|62/100\n|\n|upkeep\n|turn|9\n|inactive|Time left: 300 sec this turn | 300 sec total\n|\n|t:|1783557766\n|-singleturn|p2a: Toucannon|move: Beak Blast\n|move|p1a: Palossand|Shore Up|p1a: Palossand\n|-heal|p1a: Palossand|100/100\n|move|p2a: Toucannon|Beak Blast|p1a: Palossand\n|-damage|p1a: Palossand|62/100\n|\n|upkeep\n|turn|10\n|inactive|Time left: 300 sec this turn | 300 sec total\n|\n|t:|1783557767\n|switch|p1a: Greedent|Greedent, L86, F|100/100\n|-singleturn|p2a: Toucannon|move: Beak Blast\n|move|p2a: Toucannon|Beak Blast|p1a: Greedent\n|-damage|p1a: Greedent|63/100\n|\n|upkeep\n|turn|11\n|inactive|Time left: 300 sec this turn | 300 sec total\n|\n|t:|1783557768\n|move|p2a: Toucannon|Knock Off|p1a: Greedent\n|-damage|p1a: Greedent|37/100\n|-enditem|p1a: Greedent|Sitrus Berry|[from] move: Knock Off|[of] p2a: Toucannon\n|move|p1a: Greedent|Knock Off|p2a: Toucannon\n|-crit|p2a: Toucannon\n|-damage|p2a: Toucannon|174/284\n|-enditem|p2a: Toucannon|Heavy-Duty Boots|[from] move: Knock Off|[of] p1a: Greedent\n|\n|upkeep\n|turn|12\n|inactive|Time left: 300 sec this turn | 300 sec total\n|\n|t:|1783557769\n|switch|p1a: Palossand|Palossand, L89, F|62/100\n|-singleturn|p2a: Toucannon|move: Beak Blast\n|move|p2a: Toucannon|Beak Blast|p1a: Palossand\n|-damage|p1a: Palossand|21/100\n|\n|upkeep\n|turn|13\n|inactive|Time left: 300 sec this turn | 300 sec total\n|\n|t:|1783557770\n|switch|p1a: Hippowdon|Hippowdon, L82, M|100/100\n|-weather|Sandstorm|[from] ability: Sand Stream|[of] p1a: Hippowdon\n|-singleturn|p2a: Toucannon|move: Beak Blast\n|move|p2a: Toucannon|Beak Blast|p1a: Hippowdon\n|-damage|p1a: Hippowdon|67/100\n|\n|-weather|Sandstorm|[upkeep]\n|-damage|p2a: Toucannon|157/284|[from] Sandstorm\n|upkeep\n|turn|14\n|inactive|Time left: 300 sec this turn | 300 sec total\n|\n|t:|1783557772\n|move|p2a: Toucannon|Boomburst|p1a: Hippowdon\n|-crit|p1a: Hippowdon\n|-damage|p1a: Hippowdon|0 fnt\n|faint|p1a: Hippowdon\n|\n|-weather|Sandstorm|[upkeep]\n|-damage|p2a: Toucannon|140/284|[from] Sandstorm\n|upkeep\n|\n|t:|1783557773\n|switch|p1a: Samurott|Samurott, L88, F|100/100\n|turn|15\n|inactive|Time left: 300 sec this turn | 300 sec total\n|\n|t:|1783557774\n|move|p1a: Samurott|Hydro Pump|p2a: Toucannon\n|-damage|p2a: Toucannon|0 fnt\n|faint|p2a: Toucannon\n|\n|-weather|Sandstorm|[upkeep]\n|-damage|p1a: Samurott|94/100|[from] Sandstorm\n|upkeep\n|inactive|Time left: 300 sec this turn | 300 sec total | 5 sec grace\n|\n|t:|1783557775\n|switch|p2a: Reshiram|Reshiram, L76|277/277\n|-ability|p2a: Reshiram|Turboblaze\n|turn|16\n|inactive|Time left: 300 sec this turn | 300 sec total\n|\n|t:|1783557776\n|move|p2a: Reshiram|Outrage|p1a: Samurott\n|-damage|p1a: Samurott|57/100\n|move|p1a: Samurott|Knock Off|p2a: Reshiram\n|-damage|p2a: Reshiram|200/277\n|-enditem|p2a: Reshiram|Heavy-Duty Boots|[from] move: Knock Off|[of] p1a: Samurott\n|\n|-weather|Sandstorm|[upkeep]\n|-damage|p2a: Reshiram|183/277|[from] Sandstorm\n|-damage|p1a: Samurott|51/100|[from] Sandstorm\n|upkeep\n|turn|17\n|inactive|Time left: 300 sec this turn | 300 sec total\n|\n|t:|1783557778\n|move|p2a: Reshiram|Outrage|p1a: Samurott|[from] lockedmove\n|-damage|p1a: Samurott|13/100\n|-start|p2a: Reshiram|confusion|[fatigue]\n|move|p1a: Samurott|Hydro Pump|p2a: Reshiram\n|-damage|p2a: Reshiram|0 fnt\n|faint|p2a: Reshiram\n|\n|-weather|none\n|upkeep\n|inactive|Time left: 300 sec this turn | 300 sec total | 5 sec grace\n|\n|t:|1783557778\n|switch|p2a: Barraskewda|Barraskewda, L81, F|231/231\n|-damage|p2a: Barraskewda|203/231|[from] Stealth Rock\n|turn|18\n|inactive|Time left: 300 sec this turn | 300 sec total\n|\n|t:|1783557780\n|switch|p1a: Wo-Chien|Wo-Chien, L83|100/100\n|-ability|p1a: Wo-Chien|Tablets of Ruin\n|move|p2a: Barraskewda|Waterfall|p1a: Wo-Chien\n|-resisted|p1a: Wo-Chien\n|-damage|p1a: Wo-Chien|83/100\n|\n|-heal|p1a: Wo-Chien|89/100|[from] item: Leftovers\n|upkeep\n|turn|19\n|inactive|Time left: 300 sec this turn | 300 sec total\n|\n|t:|1783557780\n|switch|p2a: Sawsbuck|Sawsbuck, L88, F|284/284\n|-damage|p2a: Sawsbuck|249/284|[from] Stealth Rock\n|move|p1a: Wo-Chien|Knock Off|p2a: Sawsbuck\n|-damage|p2a: Sawsbuck|141/284\n|-enditem|p2a: Sawsbuck|Life Orb|[from] move: Knock Off|[of] p1a: Wo-Chien\n|\n|-heal|p1a: Wo-Chien|95/100|[from] item: Leftovers\n|upkeep\n|turn|20\n|inactive|Time left: 300 sec this turn | 300 sec total\n|\n|t:|1783557781\n|move|p2a: Sawsbuck|Swords Dance|p2a: Sawsbuck\n|-boost|p2a: Sawsbuck|atk|2\n|move|p1a: Wo-Chien|Knock Off|p2a: Sawsbuck\n|-damage|p2a: Sawsbuck|69/284\n|\n|-heal|p1a: Wo-Chien|100/100|[from] item: Leftovers\n|upkeep\n|turn|21\n|inactive|Time left: 300 sec this turn | 300 sec total\n|\n|t:|1783557782\n|move|p2a: Sawsbuck|Horn Leech|p1a: Wo-Chien\n|-resisted|p1a: Wo-Chien\n|-damage|p1a: Wo-Chien|77/100\n|-heal|p2a: Sawsbuck|102/284|[from] drain|[of] p1a: Wo-Chien\n|move|p1a: Wo-Chien|Knock Off|p2a: Sawsbuck\n|-damage|p2a: Sawsbuck|29/284\n|\n|-heal|p1a: Wo-Chien|83/100|[from] item: Leftovers\n|upkeep\n|turn|22\n|inactive|Time left: 300 sec this turn | 300 sec total\n|\n|t:|1783557783\n|move|p2a: Sawsbuck|Double-Edge|p1a: Wo-Chien\n|-damage|p1a: Wo-Chien|16/100\n|-damage|p2a: Sawsbuck|0 fnt|[from] Recoil\n|faint|p2a: Sawsbuck\n|move|p1a: Wo-Chien|Knock Off|p2: Sawsbuck|[notarget]\n|-fail|p1a: Wo-Chien\n|\n|-heal|p1a: Wo-Chien|22/100|[from] item: Leftovers\n|upkeep\n|inactive|Time left: 300 sec this turn | 300 sec total | 5 sec grace\n|\n|t:|1783557784\n|switch|p2a: Bombirdier|Bombirdier, L85, F|258/258\n|-damage|p2a: Bombirdier|194/258|[from] Stealth Rock\n|turn|23\n|inactive|Time left: 300 sec this turn | 300 sec total\n|\n|t:|1783557785\n|move|p1a: Wo-Chien|Protect|p1a: Wo-Chien\n|-singleturn|p1a: Wo-Chien|Protect\n|move|p2a: Bombirdier|Brave Bird|p1a: Wo-Chien\n|-activate|p1a: Wo-Chien|move: Protect\n|\n|-heal|p1a: Wo-Chien|28/100|[from] item: Leftovers\n|upkeep\n|turn|24\n|inactive|Time left: 300 sec this turn | 300 sec total\n|\n|t:|1783557786\n|switch|p1a: Palossand|Palossand, L89, F|21/100\n|move|p2a: Bombirdier|Brave Bird|p1a: Palossand\n|-damage|p1a: Palossand|0 fnt\n|faint|p1a: Palossand\n|-damage|p2a: Bombirdier|174/258|[from] Recoil\n|\n|upkeep\n|\n|t:|1783557787\n|switch|p1a: Weavile|Weavile, L79, M|100/100\n|turn|25\n|inactive|Time left: 300 sec this turn | 300 sec total\n|\n|t:|1783557788\n|move|p1a: Weavile|Triple Axel|p2a: Bombirdier|[miss]\n|-miss|p1a: Weavile|p2a: Bombirdier\n|move|p2a: Bombirdier|Brave Bird|p1a: Weavile\n|-damage|p1a: Weavile|0 fnt\n|faint|p1a: Weavile\n|-damage|p2a: Bombirdier|95/258|[from] Recoil\n|\n|upkeep\n|\n|t:|1783557788\n|switch|p1a: Wo-Chien|Wo-Chien, L83|28/100\n|-ability|p1a: Wo-Chien|Tablets of Ruin\n|turn|26\n|inactive|Time left: 300 sec this turn | 300 sec total\n|\n|t:|1783557789\n|move|p1a: Wo-Chien|Protect|p1a: Wo-Chien\n|-singleturn|p1a: Wo-Chien|Protect\n|move|p2a: Bombirdier|Brave Bird|p1a: Wo-Chien\n|-activate|p1a: Wo-Chien|move: Protect\n|\n|-heal|p1a: Wo-Chien|34/100|[from] item: Leftovers\n|upkeep\n|turn|27\n|inactive|Time left: 300 sec this turn | 300 sec total\n|\n|t:|1783557790\n|move|p1a: Wo-Chien|Protect||[still]\n|-fail|p1a: Wo-Chien\n|move|p2a: Bombirdier|Brave Bird|p1a: Wo-Chien\n|-supereffective|p1a: Wo-Chien\n|-damage|p1a: Wo-Chien|0 fnt\n|faint|p1a: Wo-Chien\n|-damage|p2a: Bombirdier|64/258|[from] Recoil\n|\n|upkeep\n|\n|t:|1783557791\n|switch|p1a: Greedent|Greedent, L86, F|37/100\n|turn|28\n|inactive|Time left: 300 sec this turn | 300 sec total\n|\n|t:|1783557792\n|move|p2a: Bombirdier|Brave Bird|p1a: Greedent\n|-damage|p1a: Greedent|0 fnt\n|faint|p1a: Greedent\n|-damage|p2a: Bombirdier|22/258|[from] Recoil\n|\n|upkeep\n|\n|t:|1783557793\n|switch|p1a: Samurott|Samurott, L88, F|13/100\n|turn|29\n|inactive|Time left: 300 sec this turn | 300 sec total\n|\n|t:|1783557794\n|-terastallize|p2a: Bombirdier|Rock\n|-terastallize|p1a: Samurott|Dark\n|move|p2a: Bombirdier|Brave Bird|p1a: Samurott\n|-crit|p1a: Samurott\n|-damage|p1a: Samurott|0 fnt\n|faint|p1a: Samurott\n|-damage|p2a: Bombirdier|9/258|[from] Recoil\n|\n|win|p0y15276cc6", "uploadtime": 1783557794, "views": 0, "rating": 0, "private": 0, "password": null, "_winner": "p0y15276cc6", "_our_name": "p0y15276cc6"}