{"id": "battle-gen9randombattle-1224", "formatid": "gen9randombattle", "format": "[Gen 9] Random Battle", "players": ["p0x12249994", "p0y12244844"], "log": "|init|battle\n|title|p0x12249994 vs. p0y12244844\n|j|\u2606p0x12249994\n|j|\u2606p0y12244844\n|t:|1783553297\n|gametype|singles\n|player|p1|p0x12249994|2|\n|player|p2|p0y12244844|2|\n|gen|9\n|tier|[Gen 9] Random Battle\n|rule|Species Clause: Limit one of each Pok\u00e9mon\n|rule|HP Percentage Mod: HP is shown in percentages\n|rule|Sleep Clause Mod: Limit one foe put to sleep\n|rule|Illusion Level Mod: Illusion disguises the Pok\u00e9mon's true level\n|\n|t:|1783553297\n|teamsize|p1|6\n|teamsize|p2|6\n|start\n|switch|p1a: Virizion|Virizion, L82|100/100\n|switch|p2a: Arceus|Arceus-Dark, L71|288/288\n|turn|1\n|inactive|Battle timer is ON: inactive players will automatically lose when time's up. (requested by p0y12244844)\n|inactive|p0x12249994 also wants the timer to be on.\n|\n|t:|1783553299\n|move|p1a: Virizion|Swords Dance|p1a: Virizion\n|-boost|p1a: Virizion|atk|2\n|move|p2a: Arceus|Calm Mind|p2a: Arceus\n|-boost|p2a: Arceus|spa|1\n|-boost|p2a: Arceus|spd|1\n|\n|upkeep\n|turn|2\n|inactive|Time left: 300 sec this turn | 300 sec total\n|\n|t:|1783553300\n|-terastallize|p2a: Arceus|Fairy\n|move|p1a: Virizion|Leaf Blade|p2a: Arceus\n|-damage|p2a: Arceus|89/288\n|-damage|p1a: Virizion|91/100|[from] item: Life Orb\n|move|p2a: Arceus|Dazzling Gleam|p1a: Virizion\n|-supereffective|p1a: Virizion\n|-damage|p1a: Virizion|33/100\n|\n|upkeep\n|turn|3\n|inactive|Time left: 300 sec this turn | 300 sec total\n|\n|t:|1783553301\n|switch|p2a: Slither Wing|Slither Wing, L81|270/270\n|move|p1a: Virizion|Leaf Blade|p2a: Slither Wing\n|-resisted|p2a: Slither Wing\n|-damage|p2a: Slither Wing|149/270\n|-damage|p1a: Virizion|23/100|[from] item: Life Orb\n|\n|upkeep\n|turn|4\n|inactive|Time left: 300 sec this turn | 300 sec total\n|\n|t:|1783553303\n|move|p2a: Slither Wing|First Impression|p1a: Virizion\n|-damage|p1a: Virizion|0 fnt\n|faint|p1a: Virizion\n|-damage|p2a: Slither Wing|122/270|[from] item: Life Orb\n|\n|upkeep\n|\n|t:|1783553304\n|switch|p1a: Clodsire|Clodsire, L81, F|100/100\n|turn|5\n|inactive|Time left: 300 sec this turn | 300 sec total\n|\n|t:|1783553305\n|move|p2a: Slither Wing|Earthquake|p1a: Clodsire\n|-supereffective|p1a: Clodsire\n|-damage|p1a: Clodsire|18/100\n|-damage|p2a: Slither Wing|95/270|[from] item: Life Orb\n|move|p1a: Clodsire|Poison Jab|p2a: Slither Wing\n|-damage|p2a: Slither Wing|16/270\n|-status|p2a: Slither Wing|psn\n|\n|-heal|p1a: Clodsire|24/100|[from] item: Leftovers\n|-damage|p2a: Slither Wing|0 fnt|[from] psn\n|faint|p2a: Slither Wing\n|-end|p2a: Slither Wing|Protosynthesis|[silent]\n|upkeep\n|inactive|Time left: 300 sec this turn | 300 sec total | 5 sec grace\n|\n|t:|1783553306\n|switch|p2a: Arceus|Arceus-Dark, L71, tera:Fairy|89/288\n|turn|6\n|inactive|Time left: 300 sec this turn | 300 sec total\n|\n|t:|1783553307\n|switch|p1a: Okidogi|Okidogi, L77, M|100/100\n|move|p2a: Arceus|Judgment|p1a: Okidogi\n|-resisted|p1a: Okidogi\n|-damage|p1a: Okidogi|86/100\n|\n|upkeep\n|turn|7\n|inactive|Time left: 300 sec this turn | 300 sec total\n|\n|t:|1783553308\n|move|p2a: Arceus|Recover|p2a: Arceus\n|-heal|p2a: Arceus|233/288\n|move|p1a: Okidogi|Gunk Shot|p2a: Arceus\n|-supereffective|p2a: Arceus\n|-damage|p2a: Arceus|9/288\n|\n|upkeep\n|turn|8\n|inactive|Time left: 300 sec this turn | 300 sec total\n|\n|t:|1783553309\n|move|p2a: Arceus|Recover|p2a: Arceus\n|-heal|p2a: Arceus|153/288\n|move|p1a: Okidogi|Gunk Shot|p2a: Arceus|[miss]\n|-miss|p1a: Okidogi|p2a: Arceus\n|\n|upkeep\n|turn|9\n|inactive|Time left: 300 sec this turn | 300 sec total\n|\n|t:|1783553310\n|move|p2a: Arceus|Recover|p2a: Arceus\n|-heal|p2a: Arceus|288/288\n|move|p1a: Okidogi|Gunk Shot|p2a: Arceus|[miss]\n|-miss|p1a: Okidogi|p2a: Arceus\n|\n|upkeep\n|turn|10\n|inactive|Time left: 300 sec this turn | 300 sec total\n|\n|t:|1783553311\n|switch|p2a: Klefki|Klefki, L84, M|233/233\n|move|p1a: Okidogi|Gunk Shot|p2a: Klefki\n|-immune|p2a: Klefki\n|\n|upkeep\n|turn|11\n|inactive|Time left: 300 sec this turn | 300 sec total\n|\n|t:|1783553312\n|move|p2a: Klefki|Thunder Wave|p1a: Okidogi\n|-status|p1a: Okidogi|par\n|move|p1a: Okidogi|High Horsepower|p2a: Klefki\n|-supereffective|p2a: Klefki\n|-damage|p2a: Klefki|85/233\n|\n|-heal|p2a: Klefki|99/233|[from] item: Leftovers\n|upkeep\n|turn|12\n|inactive|Time left: 300 sec this turn | 300 sec total\n|\n|t:|1783553313\n|move|p2a: Klefki|Spikes|p1a: Okidogi\n|-sidestart|p1: p0x12249994|Spikes\n|move|p1a: Okidogi|High Horsepower|p2a: Klefki\n|-supereffective|p2a: Klefki\n|-damage|p2a: Klefki|0 fnt\n|faint|p2a: Klefki\n|\n|upkeep\n|inactive|Time left: 300 sec this turn | 300 sec total | 5 sec grace\n|\n|t:|1783553314\n|switch|p2a: Manaphy|Manaphy, L78|284/284\n|turn|13\n|inactive|Time left: 300 sec this turn | 300 sec total\n|\n|t:|1783553314\n|move|p2a: Manaphy|Tail Glow|p2a: Manaphy\n|-boost|p2a: Manaphy|spa|3\n|move|p1a: Okidogi|Gunk Shot|p2a: Manaphy\n|-damage|p2a: Manaphy|148/284\n|-status|p2a: Manaphy|psn\n|\n|-heal|p2a: Manaphy|165/284 psn|[from] item: Leftovers\n|-damage|p2a: Manaphy|130/284 psn|[from] psn\n|upkeep\n|turn|14\n|inactive|Time left: 300 sec this turn | 300 sec total\n|\n|t:|1783553315\n|move|p2a: Manaphy|Surf|p1a: Okidogi\n|-damage|p1a: Okidogi|29/100 par\n|move|p1a: Okidogi|Knock Off|p2a: Manaphy\n|-damage|p2a: Manaphy|64/284 psn\n|-enditem|p2a: Manaphy|Leftovers|[from] move: Knock Off|[of] p1a: Okidogi\n|\n|-damage|p2a: Manaphy|29/284 psn|[from] psn\n|upkeep\n|turn|15\n|inactive|Time left: 300 sec this turn | 300 sec total\n|\n|t:|1783553316\n|move|p2a: Manaphy|Surf|p1a: Okidogi\n|-damage|p1a: Okidogi|0 fnt\n|faint|p1a: Okidogi\n|\n|-damage|p2a: Manaphy|0 fnt|[from] psn\n|faint|p2a: Manaphy\n|upkeep\n|inactive|Time left: 300 sec this turn | 300 sec total | 5 sec grace\n|\n|t:|1783553317\n|switch|p2a: Porygon2|Porygon2, L81|270/270\n|switch|p1a: Ampharos|Ampharos, L88, F|100/100\n|-damage|p1a: Ampharos|88/100|[from] Spikes\n|-ability|p2a: Porygon2|Download|boost\n|-boost|p2a: Porygon2|atk|1\n|turn|16\n|inactive|Time left: 300 sec this turn | 300 sec total\n|\n|t:|1783553318\n|move|p1a: Ampharos|Agility|p1a: Ampharos\n|-boost|p1a: Ampharos|spe|2\n|move|p2a: Porygon2|Ice Beam|p1a: Ampharos\n|-damage|p1a: Ampharos|69/100\n|\n|upkeep\n|turn|17\n|inactive|Time left: 300 sec this turn | 300 sec total\n|\n|t:|1783553320\n|move|p1a: Ampharos|Focus Blast|p2a: Porygon2\n|-supereffective|p2a: Porygon2\n|-damage|p2a: Porygon2|85/270\n|-damage|p1a: Ampharos|59/100|[from] item: Life Orb\n|move|p2a: Porygon2|Tri Attack|p1a: Ampharos\n|-crit|p1a: Ampharos\n|-damage|p1a: Ampharos|23/100\n|\n|upkeep\n|turn|18\n|inactive|Time left: 300 sec this turn | 300 sec total\n|\n|t:|1783553321\n|move|p1a: Ampharos|Thunderbolt|p2a: Porygon2\n|-damage|p2a: Porygon2|0 fnt\n|faint|p2a: Porygon2\n|-damage|p1a: Ampharos|13/100|[from] item: Life Orb\n|\n|upkeep\n|inactive|Time left: 300 sec this turn | 300 sec total | 5 sec grace\n|\n|t:|1783553322\n|switch|p2a: Arceus|Arceus-Dark, L71, tera:Fairy|288/288\n|turn|19\n|inactive|Time left: 300 sec this turn | 300 sec total\n|\n|t:|1783553323\n|move|p1a: Ampharos|Thunderbolt|p2a: Arceus\n|-damage|p2a: Arceus|154/288\n|-status|p2a: Arceus|par\n|-damage|p1a: Ampharos|3/100|[from] item: Life Orb\n|cant|p2a: Arceus|par\n|\n|upkeep\n|turn|20\n|inactive|Time left: 300 sec this turn | 300 sec total\n|\n|t:|1783553324\n|-terastallize|p1a: Ampharos|Electric\n|move|p1a: Ampharos|Thunderbolt|p2a: Arceus\n|-damage|p2a: Arceus|0 fnt\n|faint|p2a: Arceus\n|-damage|p1a: Ampharos|0 fnt|[from] item: Life Orb\n|faint|p1a: Ampharos\n|\n|upkeep\n|inactive|Time left: 300 sec this turn | 300 sec total | 5 sec grace\n|\n|t:|1783553325\n|switch|p2a: Suicune|Suicune, L82|298/298\n|switch|p1a: Baxcalibur|Baxcalibur, L75, F|100/100\n|-ability|p2a: Suicune|Pressure\n|-damage|p1a: Baxcalibur|88/100|[from] Spikes\n|turn|21\n|inactive|Time left: 300 sec this turn | 300 sec total\n|\n|t:|1783553326\n|move|p2a: Suicune|Calm Mind|p2a: Suicune\n|-boost|p2a: Suicune|spa|1\n|-boost|p2a: Suicune|spd|1\n|move|p1a: Baxcalibur|Glaive Rush|p2a: Suicune\n|-damage|p2a: Suicune|121/298\n|-singlemove|p1a: Baxcalibur|Glaive Rush|[silent]\n|\n|-heal|p2a: Suicune|139/298|[from] item: Leftovers\n|upkeep\n|turn|22\n|inactive|Time left: 300 sec this turn | 300 sec total\n|\n|t:|1783553327\n|move|p2a: Suicune|Protect|p2a: Suicune\n|-singleturn|p2a: Suicune|Protect\n|move|p1a: Baxcalibur|Glaive Rush|p2a: Suicune\n|-activate|p2a: Suicune|move: Protect\n|\n|-heal|p2a: Suicune|157/298|[from] item: Leftovers\n|upkeep\n|turn|23\n|inactive|Time left: 300 sec this turn | 300 sec total\n|\n|t:|1783553328\n|move|p2a: Suicune|Substitute|p2a: Suicune\n|-start|p2a: Suicune|Substitute\n|-damage|p2a: Suicune|83/298\n|move|p1a: Baxcalibur|Glaive Rush|p2a: Suicune\n|-end|p2a: Suicune|Substitute\n|-singlemove|p1a: Baxcalibur|Glaive Rush|[silent]\n|\n|-heal|p2a: Suicune|101/298|[from] item: Leftovers\n|upkeep\n|turn|24\n|inactive|Time left: 300 sec this turn | 300 sec total\n|\n|t:|1783553329\n|switch|p1a: Clodsire|Clodsire, L81, F|24/100\n|-damage|p1a: Clodsire|12/100|[from] Spikes\n|move|p2a: Suicune|Protect||[still]\n|-fail|p2a: Suicune\n|\n|-heal|p2a: Suicune|119/298|[from] item: Leftovers\n|-heal|p1a: Clodsire|18/100|[from] item: Leftovers\n|upkeep\n|turn|25\n|inactive|Time left: 300 sec this turn | 300 sec total\n|\n|t:|1783553330\n|move|p2a: Suicune|Substitute|p2a: Suicune\n|-start|p2a: Suicune|Substitute\n|-damage|p2a: Suicune|45/298\n|move|p1a: Clodsire|Recover|p1a: Clodsire\n|-heal|p1a: Clodsire|68/100\n|\n|-heal|p2a: Suicune|63/298|[from] item: Leftovers\n|-heal|p1a: Clodsire|74/100|[from] item: Leftovers\n|upkeep\n|turn|26\n|inactive|Time left: 300 sec this turn | 300 sec total\n|\n|t:|1783553331\n|move|p2a: Suicune|Scald|p1a: Clodsire\n|-supereffective|p1a: Clodsire\n|-damage|p1a: Clodsire|33/100\n|move|p1a: Clodsire|Recover|p1a: Clodsire\n|-heal|p1a: Clodsire|84/100\n|\n|-heal|p2a: Suicune|81/298|[from] item: Leftovers\n|-heal|p1a: Clodsire|90/100|[from] item: Leftovers\n|upkeep\n|turn|27\n|inactive|Time left: 300 sec this turn | 300 sec total\n|\n|t:|1783553332\n|move|p2a: Suicune|Calm Mind|p2a: Suicune\n|-boost|p2a: Suicune|spa|1\n|-boost|p2a: Suicune|spd|1\n|move|p1a: Clodsire|Earthquake|p2a: Suicune\n|-activate|p2a: Suicune|move: Substitute|[damage]\n|\n|-heal|p2a: Suicune|99/298|[from] item: Leftovers\n|-heal|p1a: Clodsire|96/100|[from] item: Leftovers\n|upkeep\n|turn|28\n|inactive|Time left: 300 sec this turn | 300 sec total\n|\n|t:|1783553333\n|switch|p1a: Vaporeon|Vaporeon, L86, F|100/100\n|-damage|p1a: Vaporeon|88/100|[from] Spikes\n|move|p2a: Suicune|Scald|p1a: Vaporeon\n|-heal|p1a: Vaporeon|100/100|[from] ability: Water Absorb|[of] p2a: Suicune\n|\n|-heal|p2a: Suicune|117/298|[from] item: Leftovers\n|upkeep\n|turn|29\n|inactive|Time left: 300 sec this turn | 300 sec total\n|\n|t:|1783553334\n|move|p2a: Suicune|Calm Mind|p2a: Suicune\n|-boost|p2a: Suicune|spa|1\n|-boost|p2a: Suicune|spd|1\n|move|p1a: Vaporeon|Scald|p2a: Suicune\n|-resisted|p2a: Suicune\n|-end|p2a: Suicune|Substitute\n|\n|-heal|p2a: Suicune|135/298|[from] item: Leftovers\n|upkeep\n|turn|30\n|inactive|Time left: 300 sec this turn | 300 sec total\n|\n|t:|1783553335\n|move|p2a: Suicune|Substitute|p2a: Suicune\n|-start|p2a: Suicune|Substitute\n|-damage|p2a: Suicune|61/298\n|move|p1a: Vaporeon|Wish|p1a: Vaporeon\n|\n|-heal|p2a: Suicune|79/298|[from] item: Leftovers\n|upkeep\n|turn|31\n|inactive|Time left: 300 sec this turn | 300 sec total\n|\n|t:|1783553336\n|switch|p1a: Baxcalibur|Baxcalibur, L75, F|88/100\n|-damage|p1a: Baxcalibur|76/100|[from] Spikes\n|move|p2a: Suicune|Calm Mind|p2a: Suicune\n|-boost|p2a: Suicune|spa|1\n|-boost|p2a: Suicune|spd|1\n|\n|-heal|p1a: Baxcalibur|100/100|[from] move: Wish|[wisher] Vaporeon\n|-heal|p2a: Suicune|97/298|[from] item: Leftovers\n|upkeep\n|turn|32\n|inactive|Time left: 300 sec this turn | 300 sec total\n|\n|t:|1783553337\n|move|p2a: Suicune|Scald|p1a: Baxcalibur\n|-resisted|p1a: Baxcalibur\n|-damage|p1a: Baxcalibur|54/100\n|move|p1a: Baxcalibur|Earthquake|p2a: Suicune\n|-end|p2a: Suicune|Substitute\n|\n|-heal|p2a: Suicune|115/298|[from] item: Leftovers\n|upkeep\n|turn|33\n|inactive|Time left: 300 sec this turn | 300 sec total\n|\n|t:|1783553338\n|move|p2a: Suicune|Protect|p2a: Suicune\n|-singleturn|p2a: Suicune|Protect\n|move|p1a: Baxcalibur|Earthquake|p2a: Suicune\n|-activate|p2a: Suicune|move: Protect\n|\n|-heal|p2a: Suicune|133/298|[from] item: Leftovers\n|upkeep\n|turn|34\n|inactive|Time left: 300 sec this turn | 300 sec total\n|\n|t:|1783553339\n|move|p2a: Suicune|Scald|p1a: Baxcalibur\n|-resisted|p1a: Baxcalibur\n|-damage|p1a: Baxcalibur|10/100\n|move|p1a: Baxcalibur|Earthquake|p2a: Suicune\n|-damage|p2a: Suicune|33/298\n|\n|-heal|p2a: Suicune|51/298|[from] item: Leftovers\n|upkeep\n|turn|35\n|inactive|Time left: 300 sec this turn | 300 sec total\n|\n|t:|1783553340\n|switch|p1a: Vaporeon|Vaporeon, L86, F|100/100\n|-damage|p1a: Vaporeon|88/100|[from] Spikes\n|move|p2a: Suicune|Scald|p1a: Vaporeon\n|-heal|p1a: Vaporeon|100/100|[from] ability: Water Absorb|[of] p2a: Suicune\n|\n|-heal|p2a: Suicune|69/298|[from] item: Leftovers\n|upkeep\n|turn|36\n|inactive|Time left: 300 sec this turn | 300 sec total\n|\n|t:|1783553341\n|move|p2a: Suicune|Calm Mind|p2a: Suicune\n|-boost|p2a: Suicune|spa|1\n|-boost|p2a: Suicune|spd|1\n|move|p1a: Vaporeon|Flip Turn|p2a: Suicune\n|-resisted|p2a: Suicune\n|-damage|p2a: Suicune|48/298\n|\n|t:|1783553342\n|switch|p1a: Clodsire|Clodsire, L81, F|96/100|[from] Flip Turn\n|-damage|p1a: Clodsire|84/100|[from] Spikes\n|\n|-heal|p2a: Suicune|66/298|[from] item: Leftovers\n|-heal|p1a: Clodsire|90/100|[from] item: Leftovers\n|upkeep\n|turn|37\n|inactive|Time left: 300 sec this turn | 300 sec total\n|\n|t:|1783553343\n|move|p2a: Suicune|Protect|p2a: Suicune\n|-singleturn|p2a: Suicune|Protect\n|move|p1a: Clodsire|Earthquake|p2a: Suicune\n|-activate|p2a: Suicune|move: Protect\n|\n|-heal|p2a: Suicune|84/298|[from] item: Leftovers\n|-heal|p1a: Clodsire|96/100|[from] item: Leftovers\n|upkeep\n|turn|38\n|inactive|Time left: 300 sec this turn | 300 sec total\n|\n|t:|1783553344\n|move|p2a: Suicune|Substitute|p2a: Suicune\n|-start|p2a: Suicune|Substitute\n|-damage|p2a: Suicune|10/298\n|move|p1a: Clodsire|Earthquake|p2a: Suicune\n|-activate|p2a: Suicune|move: Substitute|[damage]\n|\n|-heal|p2a: Suicune|28/298|[from] item: Leftovers\n|-heal|p1a: Clodsire|100/100|[from] item: Leftovers\n|upkeep\n|turn|39\n|inactive|Time left: 300 sec this turn | 300 sec total\n|\n|t:|1783553345\n|switch|p1a: Vaporeon|Vaporeon, L86, F|100/100\n|-damage|p1a: Vaporeon|88/100|[from] Spikes\n|move|p2a: Suicune|Scald|p1a: Vaporeon\n|-heal|p1a: Vaporeon|100/100|[from] ability: Water Absorb|[of] p2a: Suicune\n|\n|-heal|p2a: Suicune|46/298|[from] item: Leftovers\n|upkeep\n|turn|40\n|inactive|Time left: 300 sec this turn | 300 sec total\n|\n|t:|1783553346\n|move|p2a: Suicune|Substitute|p2a: Suicune\n|-fail|p2a: Suicune|move: Substitute\n|move|p1a: Vaporeon|Scald|p2a: Suicune\n|-resisted|p2a: Suicune\n|-end|p2a: Suicune|Substitute\n|\n|-heal|p2a: Suicune|64/298|[from] item: Leftovers\n|upkeep\n|turn|41\n|inactive|Time left: 300 sec this turn | 300 sec total\n|\n|t:|1783553347\n|move|p2a: Suicune|Protect|p2a: Suicune\n|-singleturn|p2a: Suicune|Protect\n|move|p1a: Vaporeon|Flip Turn|p2a: Suicune\n|-activate|p2a: Suicune|move: Protect\n|\n|-heal|p2a: Suicune|82/298|[from] item: Leftovers\n|upkeep\n|turn|42\n|inactive|Time left: 300 sec this turn | 300 sec total\n|\n|t:|1783553348\n|move|p2a: Suicune|Substitute|p2a: Suicune\n|-start|p2a: Suicune|Substitute\n|-damage|p2a: Suicune|8/298\n|move|p1a: Vaporeon|Flip Turn|p2a: Suicune\n|-resisted|p2a: Suicune\n|-activate|p2a: Suicune|move: Substitute|[damage]\n|\n|t:|1783553348\n|switch|p1a: Clodsire|Clodsire, L81, F|100/100|[from] Flip Turn\n|-damage|p1a: Clodsire|88/100|[from] Spikes\n|\n|-heal|p2a: Suicune|26/298|[from] item: Leftovers\n|-heal|p1a: Clodsire|94/100|[from] item: Leftovers\n|upkeep\n|turn|43\n|inactive|Time left: 300 sec this turn | 300 sec total\n|\n|t:|1783553349\n|switch|p1a: Vaporeon|Vaporeon, L86, F|100/100\n|-damage|p1a: Vaporeon|88/100|[from] Spikes\n|move|p2a: Suicune|Protect||[still]\n|-fail|p2a: Suicune\n|\n|-heal|p2a: Suicune|44/298|[from] item: Leftovers\n|-heal|p1a: Vaporeon|94/100|[from] item: Leftovers\n|upkeep\n|turn|44\n|inactive|Time left: 300 sec this turn | 300 sec total\n|\n|t:|1783553350\n|move|p1a: Vaporeon|Protect|p1a: Vaporeon\n|-singleturn|p1a: Vaporeon|Protect\n|move|p2a: Suicune|Calm Mind|p2a: Suicune\n|-boost|p2a: Suicune|spa|1\n|-boost|p2a: Suicune|spd|1\n|\n|-heal|p2a: Suicune|62/298|[from] item: Leftovers\n|-heal|p1a: Vaporeon|99/100|[from] item: Leftovers\n|upkeep\n|turn|45\n|inactive|Time left: 300 sec this turn | 300 sec total\n|\n|t:|1783553351\n|move|p2a: Suicune|Scald|p1a: Vaporeon\n|-heal|p1a: Vaporeon|100/100|[from] ability: Water Absorb|[of] p2a: Suicune\n|move|p1a: Vaporeon|Flip Turn|p2a: Suicune\n|-resisted|p2a: Suicune\n|-activate|p2a: Suicune|move: Substitute|[damage]\n|\n|t:|1783553352\n|switch|p1a: Clodsire|Clodsire, L81, F|94/100|[from] Flip Turn\n|-damage|p1a: Clodsire|82/100|[from] Spikes\n|\n|-heal|p2a: Suicune|80/298|[from] item: Leftovers\n|-heal|p1a: Clodsire|88/100|[from] item: Leftovers\n|upkeep\n|turn|46\n|inactive|Time left: 300 sec this turn | 300 sec total\n|\n|t:|1783553353\n|move|p2a: Suicune|Scald|p1a: Clodsire\n|-supereffective|p1a: Clodsire\n|-damage|p1a: Clodsire|47/100\n|move|p1a: Clodsire|Recover|p1a: Clodsire\n|-heal|p1a: Clodsire|98/100\n|\n|-heal|p2a: Suicune|98/298|[from] item: Leftovers\n|-heal|p1a: Clodsire|100/100|[from] item: Leftovers\n|upkeep\n|turn|47\n|inactive|Time left: 300 sec this turn | 300 sec total\n|\n|t:|1783553354\n|switch|p1a: Vaporeon|Vaporeon, L86, F|100/100\n|-damage|p1a: Vaporeon|88/100|[from] Spikes\n|move|p2a: Suicune|Scald|p1a: Vaporeon\n|-heal|p1a: Vaporeon|100/100|[from] ability: Water Absorb|[of] p2a: Suicune\n|\n|-heal|p2a: Suicune|116/298|[from] item: Leftovers\n|upkeep\n|turn|48\n|inactive|Time left: 300 sec this turn | 300 sec total\n|\n|t:|1783553355\n|move|p2a: Suicune|Protect|p2a: Suicune\n|-singleturn|p2a: Suicune|Protect\n|move|p1a: Vaporeon|Wish|p1a: Vaporeon\n|\n|-heal|p2a: Suicune|134/298|[from] item: Leftovers\n|upkeep\n|turn|49\n|inactive|Time left: 300 sec this turn | 300 sec total\n|\n|t:|1783553356\n|move|p2a: Suicune|Scald|p1a: Vaporeon\n|-immune|p1a: Vaporeon|[from] ability: Water Absorb\n|move|p1a: Vaporeon|Scald|p2a: Suicune\n|-resisted|p2a: Suicune\n|-activate|p2a: Suicune|move: Substitute|[damage]\n|\n|-heal|p2a: Suicune|152/298|[from] item: Leftovers\n|upkeep\n|turn|50\n|inactive|Time left: 300 sec this turn | 300 sec total\n|\n|t:|1783553357\n|move|p2a: Suicune|Scald|p1a: Vaporeon\n|-immune|p1a: Vaporeon|[from] ability: Water Absorb\n|move|p1a: Vaporeon|Scald|p2a: Suicune\n|-resisted|p2a: Suicune\n|-activate|p2a: Suicune|move: Substitute|[damage]\n|\n|-heal|p2a: Suicune|170/298|[from] item: Leftovers\n|upkeep\n|turn|51\n|inactive|Time left: 300 sec this turn | 300 sec total\n|\n|t:|1783553358\n|move|p2a: Suicune|Scald|p1a: Vaporeon\n|-immune|p1a: Vaporeon|[from] ability: Water Absorb\n|move|p1a: Vaporeon|Wish|p1a: Vaporeon\n|\n|-heal|p2a: Suicune|188/298|[from] item: Leftovers\n|upkeep\n|turn|52\n|inactive|Time left: 300 sec this turn | 300 sec total\n|\n|t:|1783553359\n|move|p2a: Suicune|Substitute|p2a: Suicune\n|-fail|p2a: Suicune|move: Substitute\n|move|p1a: Vaporeon|Flip Turn|p2a: Suicune\n|-resisted|p2a: Suicune\n|-crit|p2a: Suicune\n|-end|p2a: Suicune|Substitute\n|\n|t:|1783553360\n|switch|p1a: Clodsire|Clodsire, L81, F|100/100|[from] Flip Turn\n|-damage|p1a: Clodsire|88/100|[from] Spikes\n|\n|-heal|p1a: Clodsire|100/100|[from] move: Wish|[wisher] Vaporeon\n|-heal|p2a: Suicune|206/298|[from] item: Leftovers\n|upkeep\n|turn|53\n|inactive|Time left: 300 sec this turn | 300 sec total\n|\n|t:|1783553361\n|switch|p1a: Vaporeon|Vaporeon, L86, F|100/100\n|-damage|p1a: Vaporeon|88/100|[from] Spikes\n|move|p2a: Suicune|Substitute|p2a: Suicune\n|-start|p2a: Suicune|Substitute\n|-damage|p2a: Suicune|132/298\n|\n|-heal|p2a: Suicune|150/298|[from] item: Leftovers\n|-heal|p1a: Vaporeon|94/100|[from] item: Leftovers\n|upkeep\n|turn|54\n|inactive|Time left: 300 sec this turn | 300 sec total\n|\n|t:|1783553362\n|move|p2a: Suicune|Calm Mind|p2a: Suicune\n|-boost|p2a: Suicune|spa|0\n|-boost|p2a: Suicune|spd|0\n|move|p1a: Vaporeon|Scald|p2a: Suicune\n|-resisted|p2a: Suicune\n|-activate|p2a: Suicune|move: Substitute|[damage]\n|\n|-heal|p2a: Suicune|168/298|[from] item: Leftovers\n|-heal|p1a: Vaporeon|99/100|[from] item: Leftovers\n|upkeep\n|turn|55\n|inactive|Time left: 300 sec this turn | 300 sec total\n|\n|t:|1783553363\n|move|p1a: Vaporeon|Protect|p1a: Vaporeon\n|-singleturn|p1a: Vaporeon|Protect\n|move|p2a: Suicune|Scald|p1a: Vaporeon\n|-activate|p1a: Vaporeon|move: Protect\n|\n|-heal|p2a: Suicune|186/298|[from] item: Leftovers\n|-heal|p1a: Vaporeon|100/100|[from] item: Leftovers\n|upkeep\n|turn|56\n|inactive|Time left: 300 sec this turn | 300 sec total\n|\n|t:|1783553364\n|move|p2a: Suicune|Protect|p2a: Suicune\n|-singleturn|p2a: Suicune|Protect\n|move|p1a: Vaporeon|Wish|p1a: Vaporeon\n|\n|-heal|p2a: Suicune|204/298|[from] item: Leftovers\n|upkeep\n|turn|57\n|inactive|Time left: 300 sec this turn | 300 sec total\n|\n|t:|1783553365\n|move|p2a: Suicune|Protect|p2a: Suicune\n|-singleturn|p2a: Suicune|Protect\n|move|p1a: Vaporeon|Scald|p2a: Suicune\n|-activate|p2a: Suicune|move: Protect\n|\n|-heal|p2a: Suicune|222/298|[from] item: Leftovers\n|upkeep\n|turn|58\n|inactive|Time left: 300 sec this turn | 300 sec total\n|\n|t:|1783553366\n|move|p2a: Suicune|Calm Mind|p2a: Suicune\n|-boost|p2a: Suicune|spa|0\n|-boost|p2a: Suicune|spd|0\n|move|p1a: Vaporeon|Scald|p2a: Suicune\n|-resisted|p2a: Suicune\n|-activate|p2a: Suicune|move: Substitute|[damage]\n|\n|-heal|p2a: Suicune|240/298|[from] item: Leftovers\n|upkeep\n|turn|59\n|inactive|Time left: 300 sec this turn | 300 sec total\n|\n|t:|1783553367\n|move|p2a: Suicune|Scald|p1a: Vaporeon\n|-immune|p1a: Vaporeon|[from] ability: Water Absorb\n|move|p1a: Vaporeon|Flip Turn|p2a: Suicune\n|-resisted|p2a: Suicune\n|-activate|p2a: Suicune|move: Substitute|[damage]\n|\n|t:|1783553368\n|switch|p1a: Clodsire|Clodsire, L81, F|100/100|[from] Flip Turn\n|-damage|p1a: Clodsire|88/100|[from] Spikes\n|\n|-heal|p2a: Suicune|258/298|[from] item: Leftovers\n|-heal|p1a: Clodsire|94/100|[from] item: Leftovers\n|upkeep\n|turn|60\n|inactive|Time left: 300 sec this turn | 300 sec total\n|\n|t:|1783553369\n|switch|p1a: Vaporeon|Vaporeon, L86, F|100/100\n|-damage|p1a: Vaporeon|88/100|[from] Spikes\n|move|p2a: Suicune|Scald|p1a: Vaporeon\n|-heal|p1a: Vaporeon|100/100|[from] ability: Water Absorb|[of] p2a: Suicune\n|\n|-heal|p2a: Suicune|276/298|[from] item: Leftovers\n|upkeep\n|turn|61\n|inactive|Time left: 300 sec this turn | 300 sec total\n|\n|t:|1783553370\n|move|p2a: Suicune|Scald|p1a: Vaporeon\n|-immune|p1a: Vaporeon|[from] ability: Water Absorb\n|move|p1a: Vaporeon|Wish|p1a: Vaporeon\n|\n|-heal|p2a: Suicune|294/298|[from] item: Leftovers\n|upkeep\n|turn|62\n|inactive|Time left: 300 sec this turn | 300 sec total\n|\n|t:|1783553372\n|move|p2a: Suicune|Protect|p2a: Suicune\n|-singleturn|p2a: Suicune|Protect\n|move|p1a: Vaporeon|Scald|p2a: Suicune\n|-activate|p2a: Suicune|move: Protect\n|\n|-heal|p2a: Suicune|298/298|[from] item: Leftovers\n|upkeep\n|turn|63\n|inactive|Time left: 300 sec this turn | 300 sec total\n|\n|t:|1783553373\n|move|p1a: Vaporeon|Protect|p1a: Vaporeon\n|-singleturn|p1a: Vaporeon|Protect\n|move|p2a: Suicune|Calm Mind|p2a: Suicune\n|-boost|p2a: Suicune|spa|0\n|-boost|p2a: Suicune|spd|0\n|\n|upkeep\n|turn|64\n|inactive|Time left: 300 sec this turn | 300 sec total\n|\n|t:|1783553374\n|move|p1a: Vaporeon|Protect||[still]\n|-fail|p1a: Vaporeon\n|move|p2a: Suicune|Scald|p1a: Vaporeon\n|-immune|p1a: Vaporeon|[from] ability: Water Absorb\n|\n|upkeep\n|turn|65\n|inactive|Time left: 300 sec this turn | 300 sec total\n|\n|t:|1783553375\n|move|p2a: Suicune|Scald|p1a: Vaporeon\n|-immune|p1a: Vaporeon|[from] ability: Water Absorb\n|move|p1a: Vaporeon|Flip Turn|p2a: Suicune\n|-resisted|p2a: Suicune\n|-activate|p2a: Suicune|move: Substitute|[damage]\n|\n|t:|1783553376\n|switch|p1a: Clodsire|Clodsire, L81, F|94/100|[from] Flip Turn\n|-damage|p1a: Clodsire|82/100|[from] Spikes\n|\n|-heal|p1a: Clodsire|88/100|[from] item: Leftovers\n|upkeep\n|turn|66\n|inactive|Time left: 300 sec this turn | 300 sec total\n|\n|t:|1783553377\n|switch|p1a: Vaporeon|Vaporeon, L86, F|100/100\n|-damage|p1a: Vaporeon|88/100|[from] Spikes\n|move|p2a: Suicune|Scald|p1a: Vaporeon\n|-heal|p1a: Vaporeon|100/100|[from] ability: Water Absorb|[of] p2a: Suicune\n|\n|upkeep\n|turn|67\n|inactive|Time left: 300 sec this turn | 300 sec total\n|\n|t:|1783553378\n|move|p2a: Suicune|Scald|p1a: Vaporeon\n|-immune|p1a: Vaporeon|[from] ability: Water Absorb\n|move|p1a: Vaporeon|Wish|p1a: Vaporeon\n|\n|upkeep\n|turn|68\n|inactive|Time left: 300 sec this turn | 300 sec total\n|\n|t:|1783553379\n|move|p2a: Suicune|Scald|p1a: Vaporeon\n|-immune|p1a: Vaporeon|[from] ability: Water Absorb\n|move|p1a: Vaporeon|Flip Turn|p2a: Suicune\n|-resisted|p2a: Suicune\n|-end|p2a: Suicune|Substitute\n|\n|t:|1783553379\n|switch|p1a: Clodsire|Clodsire, L81, F|88/100|[from] Flip Turn\n|-damage|p1a: Clodsire|76/100|[from] Spikes\n|\n|-heal|p1a: Clodsire|100/100|[from] move: Wish|[wisher] Vaporeon\n|upkeep\n|turn|69\n|inactive|Time left: 300 sec this turn | 300 sec total\n|\n|t:|1783553380\n|move|p2a: Suicune|Substitute|p2a: Suicune\n|-start|p2a: Suicune|Substitute\n|-damage|p2a: Suicune|224/298\n|move|p1a: Clodsire|Poison Jab|p2a: Suicune\n|-activate|p2a: Suicune|move: Substitute|[damage]\n|\n|-heal|p2a: Suicune|242/298|[from] item: Leftovers\n|upkeep\n|turn|70\n|inactive|Time left: 300 sec this turn | 300 sec total\n|\n|t:|1783553381\n|switch|p1a: Vaporeon|Vaporeon, L86, F|100/100\n|-damage|p1a: Vaporeon|88/100|[from] Spikes\n|move|p2a: Suicune|Scald|p1a: Vaporeon\n|-heal|p1a: Vaporeon|100/100|[from] ability: Water Absorb|[of] p2a: Suicune\n|\n|-heal|p2a: Suicune|260/298|[from] item: Leftovers\n|upkeep\n|turn|71\n|inactive|Time left: 300 sec this turn | 300 sec total\n|\n|t:|1783553382\n|move|p2a: Suicune|Protect|p2a: Suicune\n|-singleturn|p2a: Suicune|Protect\n|move|p1a: Vaporeon|Protect||[still]\n|-fail|p1a: Vaporeon\n|\n|-heal|p2a: Suicune|278/298|[from] item: Leftovers\n|upkeep\n|turn|72\n|inactive|Time left: 300 sec this turn | 300 sec total\n|\n|t:|1783553383\n|move|p2a: Suicune|Substitute|p2a: Suicune\n|-fail|p2a: Suicune|move: Substitute\n|move|p1a: Vaporeon|Wish|p1a: Vaporeon\n|\n|-heal|p2a: Suicune|296/298|[from] item: Leftovers\n|upkeep\n|turn|73\n|inactive|Time left: 300 sec this turn | 300 sec total\n|\n|t:|1783553384\n|move|p2a: Suicune|Substitute|p2a: Suicune\n|-fail|p2a: Suicune|move: Substitute\n|move|p1a: Vaporeon|Wish||[still]\n|-fail|p1a: Vaporeon\n|\n|-heal|p2a: Suicune|298/298|[from] item: Leftovers\n|upkeep\n|turn|74\n|inactive|Time left: 300 sec this turn | 300 sec total\n|\n|t:|1783553385\n|move|p2a: Suicune|Substitute|p2a: Suicune\n|-fail|p2a: Suicune|move: Substitute\n|move|p1a: Vaporeon|Scald|p2a: Suicune\n|-resisted|p2a: Suicune\n|-activate|p2a: Suicune|move: Substitute|[damage]\n|\n|upkeep\n|turn|75\n|inactive|Time left: 300 sec this turn | 300 sec total\n|\n|t:|1783553386\n|move|p1a: Vaporeon|Protect|p1a: Vaporeon\n|-singleturn|p1a: Vaporeon|Protect\n|move|p2a: Suicune|Substitute|p2a: Suicune\n|-fail|p2a: Suicune|move: Substitute\n|\n|upkeep\n|turn|76\n|inactive|Time left: 300 sec this turn | 300 sec total\n|\n|t:|1783553387\n|move|p1a: Vaporeon|Protect|p1a: Vaporeon\n|-singleturn|p1a: Vaporeon|Protect\n|move|p2a: Suicune|Substitute|p2a: Suicune\n|-fail|p2a: Suicune|move: Substitute\n|\n|upkeep\n|turn|77\n|inactive|Time left: 300 sec this turn | 300 sec total\n|\n|t:|1783553388\n|move|p2a: Suicune|Substitute|p2a: Suicune\n|-fail|p2a: Suicune|move: Substitute\n|move|p1a: Vaporeon|Scald|p2a: Suicune\n|-resisted|p2a: Suicune\n|-end|p2a: Suicune|Substitute\n|\n|upkeep\n|turn|78\n|inactive|Time left: 300 sec this turn | 300 sec total\n|\n|t:|1783553389\n|move|p1a: Vaporeon|Protect|p1a: Vaporeon\n|-singleturn|p1a: Vaporeon|Protect\n|move|p2a: Suicune|Substitute|p2a: Suicune\n|-start|p2a: Suicune|Substitute\n|-damage|p2a: Suicune|224/298\n|\n|-heal|p2a: Suicune|242/298|[from] item: Leftovers\n|upkeep\n|turn|79\n|inactive|Time left: 300 sec this turn | 300 sec total\n|\n|t:|1783553390\n|move|p2a: Suicune|Protect|p2a: Suicune\n|-singleturn|p2a: Suicune|Protect\n|move|p1a: Vaporeon|Flip Turn|p2a: Suicune\n|-activate|p2a: Suicune|move: Protect\n|\n|-heal|p2a: Suicune|260/298|[from] item: Leftovers\n|upkeep\n|turn|80\n|inactive|Time left: 300 sec this turn | 300 sec total\n|\n|t:|1783553391\n|move|p2a: Suicune|Scald|p1a: Vaporeon\n|-immune|p1a: Vaporeon|[from] ability: Water Absorb\n|move|p1a: Vaporeon|Wish|p1a: Vaporeon\n|\n|-heal|p2a: Suicune|278/298|[from] item: Leftovers\n|upkeep\n|turn|81\n|inactive|Time left: 300 sec this turn | 300 sec total\n|\n|t:|1783553392\n|move|p2a: Suicune|Protect|p2a: Suicune\n|-singleturn|p2a: Suicune|Protect\n|move|p1a: Vaporeon|Protect||[still]\n|-fail|p1a: Vaporeon\n|\n|-heal|p2a: Suicune|296/298|[from] item: Leftovers\n|upkeep\n|turn|82\n|inactive|Time left: 300 sec this turn | 300 sec total\n|\n|t:|1783553393\n|move|p2a: Suicune|Protect||[still]\n|-fail|p2a: Suicune\n|move|p1a: Vaporeon|Wish|p1a: Vaporeon\n|\n|-heal|p2a: Suicune|298/298|[from] item: Leftovers\n|upkeep\n|turn|83\n|inactive|Time left: 300 sec this turn | 300 sec total\n|\n|t:|1783553394\n|move|p2a: Suicune|Protect|p2a: Suicune\n|-singleturn|p2a: Suicune|Protect\n|move|p1a: Vaporeon|Scald|p2a: Suicune\n|-activate|p2a: Suicune|move: Protect\n|\n|upkeep\n|turn|84\n|inactive|Time left: 300 sec this turn | 300 sec total\n|\n|t:|1783553395\n|move|p2a: Suicune|Calm Mind|p2a: Suicune\n|-boost|p2a: Suicune|spa|0\n|-boost|p2a: Suicune|spd|0\n|move|p1a: Vaporeon|Wish|p1a: Vaporeon\n|\n|upkeep\n|turn|85\n|inactive|Time left: 300 sec this turn | 300 sec total\n|\n|t:|1783553396\n|move|p2a: Suicune|Protect|p2a: Suicune\n|-singleturn|p2a: Suicune|Protect\n|move|p1a: Vaporeon|Flip Turn|p2a: Suicune\n|-activate|p2a: Suicune|move: Protect\n|\n|upkeep\n|turn|86\n|inactive|Time left: 300 sec this turn | 300 sec total\n|\n|t:|1783553397\n|move|p2a: Suicune|Calm Mind|p2a: Suicune\n|-boost|p2a: Suicune|spa|0\n|-boost|p2a: Suicune|spd|0\n|move|p1a: Vaporeon|Flip Turn|p2a: Suicune\n|-resisted|p2a: Suicune\n|-activate|p2a: Suicune|move: Substitute|[damage]\n|\n|t:|1783553398\n|switch|p1a: Clodsire|Clodsire, L81, F|100/100|[from] Flip Turn\n|-damage|p1a: Clodsire|88/100|[from] Spikes\n|\n|-heal|p1a: Clodsire|94/100|[from] item: Leftovers\n|upkeep\n|turn|87\n|inactive|Time left: 300 sec this turn | 300 sec total\n|\n|t:|1783553399\n|move|p2a: Suicune|Calm Mind|p2a: Suicune\n|-boost|p2a: Suicune|spa|0\n|-boost|p2a: Suicune|spd|0\n|move|p1a: Clodsire|Poison Jab|p2a: Suicune\n|-activate|p2a: Suicune|move: Substitute|[damage]\n|\n|-heal|p1a: Clodsire|100/100|[from] item: Leftovers\n|upkeep\n|turn|88\n|inactive|Time left: 300 sec this turn | 300 sec total\n|\n|t:|1783553400\n|move|p2a: Suicune|Scald|p1a: Clodsire\n|-supereffective|p1a: Clodsire\n|-damage|p1a: Clodsire|61/100\n|move|p1a: Clodsire|Earthquake|p2a: Suicune\n|-end|p2a: Suicune|Substitute\n|\n|-heal|p1a: Clodsire|68/100|[from] item: Leftovers\n|upkeep\n|turn|89\n|inactive|Time left: 300 sec this turn | 300 sec total\n|\n|t:|1783553401\n|move|p2a: Suicune|Calm Mind|p2a: Suicune\n|-boost|p2a: Suicune|spa|0\n|-boost|p2a: Suicune|spd|0\n|move|p1a: Clodsire|Poison Jab|p2a: Suicune\n|-damage|p2a: Suicune|247/298\n|-status|p2a: Suicune|psn\n|\n|-heal|p2a: Suicune|265/298 psn|[from] item: Leftovers\n|-heal|p1a: Clodsire|74/100|[from] item: Leftovers\n|-damage|p2a: Suicune|228/298 psn|[from] psn\n|upkeep\n|turn|90\n|inactive|Time left: 300 sec this turn | 300 sec total\n|\n|t:|1783553402\n|move|p2a: Suicune|Calm Mind|p2a: Suicune\n|-boost|p2a: Suicune|spa|0\n|-boost|p2a: Suicune|spd|0\n|move|p1a: Clodsire|Earthquake|p2a: Suicune\n|-damage|p2a: Suicune|162/298 psn\n|\n|-heal|p2a: Suicune|180/298 psn|[from] item: Leftovers\n|-heal|p1a: Clodsire|80/100|[from] item: Leftovers\n|-damage|p2a: Suicune|143/298 psn|[from] psn\n|upkeep\n|turn|91\n|inactive|Time left: 300 sec this turn | 300 sec total\n|\n|t:|1783553404\n|move|p2a: Suicune|Calm Mind|p2a: Suicune\n|-boost|p2a: Suicune|spa|0\n|-boost|p2a: Suicune|spd|0\n|move|p1a: Clodsire|Poison Jab|p2a: Suicune\n|-damage|p2a: Suicune|86/298 psn\n|\n|-heal|p2a: Suicune|104/298 psn|[from] item: Leftovers\n|-heal|p1a: Clodsire|86/100|[from] item: Leftovers\n|-damage|p2a: Suicune|67/298 psn|[from] psn\n|upkeep\n|turn|92\n|inactive|Time left: 300 sec this turn | 300 sec total\n|\n|t:|1783553405\n|move|p2a: Suicune|Calm Mind|p2a: Suicune\n|-boost|p2a: Suicune|spa|0\n|-boost|p2a: Suicune|spd|0\n|move|p1a: Clodsire|Earthquake|p2a: Suicune\n|-damage|p2a: Suicune|0 fnt\n|faint|p2a: Suicune\n|\n|win|p0x12249994", "uploadtime": 1783553405, "views": 0, "rating": 0, "private": 0, "password": null, "_winner": "p0x12249994", "_our_name": "p0y12244844"}