{"id": "battle-gen9randombattle-2701", "formatid": "gen9randombattle", "format": "[Gen 9] Random Battle", "players": ["p0x2701a371", "p0y2701df01"], "log": "|init|battle\n|title|p0x2701a371 vs. p0y2701df01\n|j|\u2606p0x2701a371\n|j|\u2606p0y2701df01\n|t:|1783571147\n|gametype|singles\n|player|p1|p0x2701a371|266|\n|player|p2|p0y2701df01|101|\n|gen|9\n|tier|[Gen 9] Random Battle\n|rule|Species Clause: Limit one of each Pok\u00e9mon\n|rule|HP Percentage Mod: HP is shown in percentages\n|rule|Sleep Clause Mod: Limit one foe put to sleep\n|rule|Illusion Level Mod: Illusion disguises the Pok\u00e9mon's true level\n|\n|t:|1783571147\n|teamsize|p1|6\n|teamsize|p2|6\n|start\n|switch|p1a: Regigigas|Regigigas, L84|100/100\n|switch|p2a: Noivern|Noivern, L82, F|274/274\n|-start|p1a: Regigigas|ability: Slow Start\n|turn|1\n|inactive|Battle timer is ON: inactive players will automatically lose when time's up. (requested by p0y2701df01)\n|inactive|p0x2701a371 also wants the timer to be on.\n|\n|t:|1783571148\n|move|p2a: Noivern|Hurricane|p1a: Regigigas|[miss]\n|-miss|p2a: Noivern|p1a: Regigigas\n|move|p1a: Regigigas|Body Slam|p2a: Noivern\n|-crit|p2a: Noivern\n|-damage|p2a: Noivern|160/274\n|-status|p2a: Noivern|par\n|\n|upkeep\n|turn|2\n|inactive|Time left: 300 sec this turn | 300 sec total\n|\n|t:|1783571149\n|move|p2a: Noivern|Hurricane|p1a: Regigigas\n|-damage|p1a: Regigigas|59/100\n|-start|p1a: Regigigas|confusion\n|-activate|p1a: Regigigas|confusion\n|move|p1a: Regigigas|Knock Off|p2a: Noivern\n|-damage|p2a: Noivern|107/274 par\n|-enditem|p2a: Noivern|Choice Specs|[from] move: Knock Off|[of] p1a: Regigigas\n|\n|-heal|p1a: Regigigas|65/100|[from] item: Leftovers\n|upkeep\n|turn|3\n|inactive|Time left: 300 sec this turn | 300 sec total\n|\n|t:|1783571150\n|cant|p2a: Noivern|par\n|-end|p1a: Regigigas|confusion\n|move|p1a: Regigigas|Knock Off|p2a: Noivern\n|-damage|p2a: Noivern|71/274 par\n|\n|-heal|p1a: Regigigas|71/100|[from] item: Leftovers\n|upkeep\n|turn|4\n|inactive|Time left: 300 sec this turn | 300 sec total\n|\n|t:|1783571151\n|move|p2a: Noivern|Boomburst|p1a: Regigigas\n|-damage|p1a: Regigigas|45/100\n|move|p1a: Regigigas|Body Slam|p2a: Noivern\n|-damage|p2a: Noivern|0 fnt\n|faint|p2a: Noivern\n|\n|-heal|p1a: Regigigas|51/100|[from] item: Leftovers\n|upkeep\n|inactive|Time left: 300 sec this turn | 300 sec total | 5 sec grace\n|\n|t:|1783571152\n|switch|p2a: Avalugg|Avalugg-Hisui, L90, F|317/317\n|turn|5\n|inactive|Time left: 300 sec this turn | 300 sec total\n|\n|t:|1783571153\n|switch|p1a: Skeledirge|Skeledirge, L79, M|100/100\n|move|p2a: Avalugg|Stone Edge|p1a: Skeledirge\n|-supereffective|p1a: Skeledirge\n|-damage|p1a: Skeledirge|4/100\n|\n|upkeep\n|turn|6\n|inactive|Time left: 300 sec this turn | 300 sec total\n|\n|t:|1783571154\n|move|p1a: Skeledirge|Shadow Ball|p2a: Avalugg\n|-damage|p2a: Avalugg|178/317\n|move|p2a: Avalugg|Stone Edge|p1a: Skeledirge\n|-supereffective|p1a: Skeledirge\n|-damage|p1a: Skeledirge|0 fnt\n|faint|p1a: Skeledirge\n|\n|upkeep\n|\n|t:|1783571155\n|switch|p1a: Basculin|Basculin, L86, F|100/100\n|turn|7\n|inactive|Time left: 300 sec this turn | 300 sec total\n|\n|t:|1783571156\n|-terastallize|p2a: Avalugg|Ghost\n|move|p1a: Basculin|Wave Crash|p2a: Avalugg\n|-damage|p2a: Avalugg|58/317\n|-damage|p1a: Basculin|85/100|[from] Recoil\n|move|p2a: Avalugg|Stone Edge|p1a: Basculin\n|-damage|p1a: Basculin|14/100\n|\n|upkeep\n|turn|8\n|inactive|Time left: 300 sec this turn | 300 sec total\n|\n|t:|1783571157\n|switch|p2a: Toxapex|Toxapex, L82, F|216/216\n|move|p1a: Basculin|Wave Crash|p2a: Toxapex\n|-resisted|p2a: Toxapex\n|-damage|p2a: Toxapex|137/216\n|-damage|p1a: Basculin|4/100|[from] Recoil\n|\n|-heal|p2a: Toxapex|150/216|[from] item: Leftovers\n|upkeep\n|turn|9\n|inactive|Time left: 300 sec this turn | 300 sec total\n|\n|t:|1783571158\n|move|p1a: Basculin|Wave Crash|p2a: Toxapex\n|-resisted|p2a: Toxapex\n|-damage|p2a: Toxapex|70/216\n|-damage|p1a: Basculin|0 fnt|[from] Recoil\n|faint|p1a: Basculin\n|move|p2a: Toxapex|Toxic|p1: Basculin|[notarget]\n|-fail|p2a: Toxapex\n|\n|-heal|p2a: Toxapex|83/216|[from] item: Leftovers\n|upkeep\n|\n|t:|1783571159\n|switch|p1a: Bisharp|Bisharp, L79, M|100/100\n|turn|10\n|inactive|Time left: 300 sec this turn | 300 sec total\n|\n|t:|1783571160\n|move|p1a: Bisharp|Throat Chop|p2a: Toxapex\n|-damage|p2a: Toxapex|16/216\n|-start|p2a: Toxapex|Throat Chop|[silent]\n|move|p2a: Toxapex|Recover|p2a: Toxapex\n|-heal|p2a: Toxapex|124/216\n|\n|-heal|p2a: Toxapex|137/216|[from] item: Leftovers\n|upkeep\n|turn|11\n|inactive|Time left: 300 sec this turn | 300 sec total\n|\n|t:|1783571161\n|move|p1a: Bisharp|Throat Chop|p2a: Toxapex\n|-damage|p2a: Toxapex|71/216\n|move|p2a: Toxapex|Recover|p2a: Toxapex\n|-heal|p2a: Toxapex|179/216\n|\n|-heal|p2a: Toxapex|192/216|[from] item: Leftovers\n|-end|p2a: Toxapex|Throat Chop|[silent]\n|upkeep\n|turn|12\n|inactive|Time left: 300 sec this turn | 300 sec total\n|\n|t:|1783571162\n|move|p1a: Bisharp|Stealth Rock|p2a: Toxapex\n|-sidestart|p2: p0y2701df01|move: Stealth Rock\n|move|p2a: Toxapex|Liquidation|p1a: Bisharp\n|-damage|p1a: Bisharp|82/100\n|\n|-heal|p2a: Toxapex|205/216|[from] item: Leftovers\n|upkeep\n|turn|13\n|inactive|Time left: 300 sec this turn | 300 sec total\n|\n|t:|1783571163\n|move|p1a: Bisharp|Iron Head|p2a: Toxapex\n|-resisted|p2a: Toxapex\n|-damage|p2a: Toxapex|176/216\n|cant|p2a: Toxapex|flinch\n|\n|-heal|p2a: Toxapex|189/216|[from] item: Leftovers\n|upkeep\n|turn|14\n|inactive|Time left: 300 sec this turn | 300 sec total\n|\n|t:|1783571164\n|move|p1a: Bisharp|Throat Chop|p2a: Toxapex\n|-damage|p2a: Toxapex|122/216\n|-start|p2a: Toxapex|Throat Chop|[silent]\n|move|p2a: Toxapex|Toxic|p1a: Bisharp\n|-immune|p1a: Bisharp\n|\n|-heal|p2a: Toxapex|135/216|[from] item: Leftovers\n|upkeep\n|turn|15\n|inactive|Time left: 300 sec this turn | 300 sec total\n|\n|t:|1783571165\n|move|p1a: Bisharp|Throat Chop|p2a: Toxapex\n|-damage|p2a: Toxapex|75/216\n|move|p2a: Toxapex|Recover|p2a: Toxapex\n|-heal|p2a: Toxapex|183/216\n|\n|-heal|p2a: Toxapex|196/216|[from] item: Leftovers\n|-end|p2a: Toxapex|Throat Chop|[silent]\n|upkeep\n|turn|16\n|inactive|Time left: 300 sec this turn | 300 sec total\n|\n|t:|1783571166\n|move|p1a: Bisharp|Iron Head|p2a: Toxapex\n|-resisted|p2a: Toxapex\n|-damage|p2a: Toxapex|167/216\n|move|p2a: Toxapex|Toxic|p1a: Bisharp\n|-immune|p1a: Bisharp\n|\n|-heal|p2a: Toxapex|180/216|[from] item: Leftovers\n|upkeep\n|turn|17\n|inactive|Time left: 300 sec this turn | 300 sec total\n|\n|t:|1783571166\n|move|p1a: Bisharp|Iron Head|p2a: Toxapex\n|-resisted|p2a: Toxapex\n|-damage|p2a: Toxapex|149/216\n|cant|p2a: Toxapex|flinch\n|\n|-heal|p2a: Toxapex|162/216|[from] item: Leftovers\n|upkeep\n|turn|18\n|inactive|Time left: 300 sec this turn | 300 sec total\n|\n|t:|1783571167\n|move|p1a: Bisharp|Throat Chop|p2a: Toxapex\n|-damage|p2a: Toxapex|102/216\n|-start|p2a: Toxapex|Throat Chop|[silent]\n|move|p2a: Toxapex|Toxic|p1a: Bisharp\n|-immune|p1a: Bisharp\n|\n|-heal|p2a: Toxapex|115/216|[from] item: Leftovers\n|upkeep\n|turn|19\n|inactive|Time left: 300 sec this turn | 300 sec total\n|\n|t:|1783571168\n|move|p1a: Bisharp|Throat Chop|p2a: Toxapex\n|-damage|p2a: Toxapex|55/216\n|move|p2a: Toxapex|Recover|p2a: Toxapex\n|-heal|p2a: Toxapex|163/216\n|\n|-heal|p2a: Toxapex|176/216|[from] item: Leftovers\n|-end|p2a: Toxapex|Throat Chop|[silent]\n|upkeep\n|turn|20\n|inactive|Time left: 300 sec this turn | 300 sec total\n|\n|t:|1783571169\n|move|p1a: Bisharp|Throat Chop|p2a: Toxapex\n|-damage|p2a: Toxapex|118/216\n|-start|p2a: Toxapex|Throat Chop|[silent]\n|move|p2a: Toxapex|Toxic|p1a: Bisharp\n|-immune|p1a: Bisharp\n|\n|-heal|p2a: Toxapex|131/216|[from] item: Leftovers\n|upkeep\n|turn|21\n|inactive|Time left: 300 sec this turn | 300 sec total\n|\n|t:|1783571171\n|move|p1a: Bisharp|Throat Chop|p2a: Toxapex\n|-crit|p2a: Toxapex\n|-damage|p2a: Toxapex|43/216\n|move|p2a: Toxapex|Recover|p2a: Toxapex\n|-heal|p2a: Toxapex|151/216\n|\n|-heal|p2a: Toxapex|164/216|[from] item: Leftovers\n|-end|p2a: Toxapex|Throat Chop|[silent]\n|upkeep\n|turn|22\n|inactive|Time left: 300 sec this turn | 300 sec total\n|\n|t:|1783571172\n|move|p1a: Bisharp|Iron Head|p2a: Toxapex\n|-resisted|p2a: Toxapex\n|-damage|p2a: Toxapex|135/216\n|cant|p2a: Toxapex|flinch\n|\n|-heal|p2a: Toxapex|148/216|[from] item: Leftovers\n|upkeep\n|turn|23\n|inactive|Time left: 300 sec this turn | 300 sec total\n|\n|t:|1783571173\n|move|p1a: Bisharp|Throat Chop|p2a: Toxapex\n|-damage|p2a: Toxapex|84/216\n|-start|p2a: Toxapex|Throat Chop|[silent]\n|move|p2a: Toxapex|Toxic|p1a: Bisharp\n|-immune|p1a: Bisharp\n|\n|-heal|p2a: Toxapex|97/216|[from] item: Leftovers\n|upkeep\n|turn|24\n|inactive|Time left: 300 sec this turn | 300 sec total\n|\n|t:|1783571174\n|move|p1a: Bisharp|Throat Chop|p2a: Toxapex\n|-damage|p2a: Toxapex|39/216\n|move|p2a: Toxapex|Recover|p2a: Toxapex\n|-heal|p2a: Toxapex|147/216\n|\n|-heal|p2a: Toxapex|160/216|[from] item: Leftovers\n|-end|p2a: Toxapex|Throat Chop|[silent]\n|upkeep\n|turn|25\n|inactive|Time left: 300 sec this turn | 300 sec total\n|\n|t:|1783571175\n|move|p1a: Bisharp|Throat Chop|p2a: Toxapex\n|-damage|p2a: Toxapex|94/216\n|-start|p2a: Toxapex|Throat Chop|[silent]\n|move|p2a: Toxapex|Recover|p2a: Toxapex\n|-heal|p2a: Toxapex|202/216\n|\n|-heal|p2a: Toxapex|215/216|[from] item: Leftovers\n|upkeep\n|turn|26\n|inactive|Time left: 300 sec this turn | 300 sec total\n|\n|t:|1783571176\n|move|p1a: Bisharp|Throat Chop|p2a: Toxapex\n|-damage|p2a: Toxapex|154/216\n|move|p2a: Toxapex|Toxic|p1a: Bisharp\n|-immune|p1a: Bisharp\n|\n|-heal|p2a: Toxapex|167/216|[from] item: Leftovers\n|-end|p2a: Toxapex|Throat Chop|[silent]\n|upkeep\n|turn|27\n|inactive|Time left: 300 sec this turn | 300 sec total\n|\n|t:|1783571177\n|move|p1a: Bisharp|Throat Chop|p2a: Toxapex\n|-damage|p2a: Toxapex|104/216\n|-start|p2a: Toxapex|Throat Chop|[silent]\n|move|p2a: Toxapex|Toxic|p1a: Bisharp\n|-immune|p1a: Bisharp\n|\n|-heal|p2a: Toxapex|117/216|[from] item: Leftovers\n|upkeep\n|turn|28\n|inactive|Time left: 300 sec this turn | 300 sec total\n|\n|t:|1783571178\n|move|p1a: Bisharp|Throat Chop|p2a: Toxapex\n|-damage|p2a: Toxapex|54/216\n|move|p2a: Toxapex|Recover|p2a: Toxapex\n|-heal|p2a: Toxapex|162/216\n|\n|-heal|p2a: Toxapex|175/216|[from] item: Leftovers\n|-end|p2a: Toxapex|Throat Chop|[silent]\n|upkeep\n|turn|29\n|inactive|Time left: 300 sec this turn | 300 sec total\n|\n|t:|1783571179\n|move|p1a: Bisharp|Throat Chop|p2a: Toxapex\n|-damage|p2a: Toxapex|114/216\n|-start|p2a: Toxapex|Throat Chop|[silent]\n|move|p2a: Toxapex|Toxic|p1a: Bisharp\n|-immune|p1a: Bisharp\n|\n|-heal|p2a: Toxapex|127/216|[from] item: Leftovers\n|upkeep\n|turn|30\n|inactive|Time left: 300 sec this turn | 300 sec total\n|\n|t:|1783571180\n|move|p1a: Bisharp|Throat Chop|p2a: Toxapex\n|-damage|p2a: Toxapex|69/216\n|move|p2a: Toxapex|Toxic|p1a: Bisharp\n|-immune|p1a: Bisharp\n|\n|-heal|p2a: Toxapex|82/216|[from] item: Leftovers\n|-end|p2a: Toxapex|Throat Chop|[silent]\n|upkeep\n|turn|31\n|inactive|Time left: 300 sec this turn | 300 sec total\n|\n|t:|1783571180\n|switch|p2a: Scovillain|Scovillain, L91, F|266/266\n|move|p1a: Bisharp|Throat Chop|p2a: Scovillain\n|-damage|p2a: Scovillain|169/266\n|-start|p2a: Scovillain|Throat Chop|[silent]\n|\n|upkeep\n|turn|32\n|inactive|Time left: 300 sec this turn | 300 sec total\n|\n|t:|1783571181\n|switch|p1a: Chimecho|Chimecho, L93, F|100/100\n|move|p2a: Scovillain|Fire Blast|p1a: Chimecho\n|-damage|p1a: Chimecho|55/100\n|\n|-heal|p1a: Chimecho|61/100|[from] item: Leftovers\n|-end|p2a: Scovillain|Throat Chop|[silent]\n|upkeep\n|turn|33\n|inactive|Time left: 300 sec this turn | 300 sec total\n|\n|t:|1783571182\n|move|p2a: Scovillain|Fire Blast|p1a: Chimecho|[miss]\n|-miss|p2a: Scovillain|p1a: Chimecho\n|move|p1a: Chimecho|Psychic Noise|p2a: Scovillain\n|-damage|p2a: Scovillain|60/266\n|-start|p2a: Scovillain|move: Heal Block\n|\n|-heal|p1a: Chimecho|67/100|[from] item: Leftovers\n|upkeep\n|turn|34\n|inactive|Time left: 300 sec this turn | 300 sec total\n|\n|t:|1783571183\n|move|p2a: Scovillain|Fire Blast|p1a: Chimecho\n|-damage|p1a: Chimecho|18/100\n|move|p1a: Chimecho|Psychic Noise|p2a: Scovillain\n|-damage|p2a: Scovillain|0 fnt\n|faint|p2a: Scovillain\n|\n|-heal|p1a: Chimecho|24/100|[from] item: Leftovers\n|upkeep\n|inactive|Time left: 300 sec this turn | 300 sec total | 5 sec grace\n|\n|t:|1783571184\n|switch|p2a: Sylveon|Sylveon, L85, M|300/300\n|-damage|p2a: Sylveon|263/300|[from] Stealth Rock\n|turn|35\n|inactive|Time left: 300 sec this turn | 300 sec total\n|\n|t:|1783571185\n|move|p1a: Chimecho|Recover|p1a: Chimecho\n|-heal|p1a: Chimecho|74/100\n|move|p2a: Sylveon|Hyper Voice|p1a: Chimecho\n|-damage|p1a: Chimecho|33/100\n|\n|-heal|p1a: Chimecho|39/100|[from] item: Leftovers\n|-heal|p2a: Sylveon|281/300|[from] item: Leftovers\n|upkeep\n|turn|36\n|inactive|Time left: 300 sec this turn | 300 sec total\n|\n|t:|1783571186\n|move|p1a: Chimecho|Recover|p1a: Chimecho\n|-heal|p1a: Chimecho|89/100\n|move|p2a: Sylveon|Calm Mind|p2a: Sylveon\n|-boost|p2a: Sylveon|spa|1\n|-boost|p2a: Sylveon|spd|1\n|\n|-heal|p1a: Chimecho|95/100|[from] item: Leftovers\n|-heal|p2a: Sylveon|299/300|[from] item: Leftovers\n|upkeep\n|turn|37\n|inactive|Time left: 300 sec this turn | 300 sec total\n|\n|t:|1783571187\n|move|p1a: Chimecho|Thunder Wave|p2a: Sylveon\n|-status|p2a: Sylveon|par\n|move|p2a: Sylveon|Hyper Voice|p1a: Chimecho\n|-damage|p1a: Chimecho|39/100\n|\n|-heal|p1a: Chimecho|45/100|[from] item: Leftovers\n|-heal|p2a: Sylveon|300/300 par|[from] item: Leftovers\n|upkeep\n|turn|38\n|inactive|Time left: 300 sec this turn | 300 sec total\n|\n|t:|1783571188\n|move|p1a: Chimecho|Recover|p1a: Chimecho\n|-heal|p1a: Chimecho|95/100\n|cant|p2a: Sylveon|par\n|\n|-heal|p1a: Chimecho|100/100|[from] item: Leftovers\n|upkeep\n|turn|39\n|inactive|Time left: 300 sec this turn | 300 sec total\n|\n|t:|1783571189\n|switch|p1a: Regigigas|Regigigas, L84|51/100\n|-start|p1a: Regigigas|ability: Slow Start\n|cant|p2a: Sylveon|par\n|\n|-heal|p1a: Regigigas|57/100|[from] item: Leftovers\n|upkeep\n|turn|40\n|inactive|Time left: 300 sec this turn | 300 sec total\n|\n|t:|1783571190\n|move|p1a: Regigigas|Knock Off|p2a: Sylveon\n|-resisted|p2a: Sylveon\n|-damage|p2a: Sylveon|270/300 par\n|-enditem|p2a: Sylveon|Leftovers|[from] move: Knock Off|[of] p1a: Regigigas\n|move|p2a: Sylveon|Hyper Voice|p1a: Regigigas\n|-damage|p1a: Regigigas|9/100\n|\n|-heal|p1a: Regigigas|15/100|[from] item: Leftovers\n|upkeep\n|turn|41\n|inactive|Time left: 300 sec this turn | 300 sec total\n|\n|t:|1783571191\n|move|p1a: Regigigas|Rest|p1a: Regigigas\n|-status|p1a: Regigigas|slp|[from] move: Rest\n|-heal|p1a: Regigigas|100/100 slp|[silent]\n|move|p2a: Sylveon|Hyper Voice|p1a: Regigigas\n|-damage|p1a: Regigigas|46/100 slp\n|\n|-heal|p1a: Regigigas|53/100 slp|[from] item: Leftovers\n|upkeep\n|turn|42\n|inactive|Time left: 300 sec this turn | 300 sec total\n|\n|t:|1783571192\n|cant|p1a: Regigigas|slp\n|move|p1a: Regigigas|Sleep Talk|p1a: Regigigas\n|move|p1a: Regigigas|Rest||[from] move: Sleep Talk|[still]\n|-fail|p1a: Regigigas\n|move|p2a: Sylveon|Hyper Voice|p1a: Regigigas\n|-damage|p1a: Regigigas|0 fnt\n|faint|p1a: Regigigas\n|-end|p1a: Regigigas|Slow Start|[silent]\n|\n|upkeep\n|\n|t:|1783571193\n|switch|p1a: Bisharp|Bisharp, L79, M|82/100\n|turn|43\n|inactive|Time left: 300 sec this turn | 300 sec total\n|\n|t:|1783571194\n|move|p2a: Sylveon|Protect|p2a: Sylveon\n|-singleturn|p2a: Sylveon|Protect\n|move|p1a: Bisharp|Iron Head|p2a: Sylveon\n|-activate|p2a: Sylveon|move: Protect\n|\n|upkeep\n|turn|44\n|inactive|Time left: 300 sec this turn | 300 sec total\n|\n|t:|1783571195\n|move|p1a: Bisharp|Iron Head|p2a: Sylveon\n|-supereffective|p2a: Sylveon\n|-damage|p2a: Sylveon|64/300 par\n|move|p2a: Sylveon|Hyper Voice|p1a: Bisharp\n|-damage|p1a: Bisharp|12/100\n|\n|upkeep\n|turn|45\n|inactive|Time left: 300 sec this turn | 300 sec total\n|\n|t:|1783571196\n|move|p1a: Bisharp|Iron Head|p2a: Sylveon\n|-supereffective|p2a: Sylveon\n|-damage|p2a: Sylveon|0 fnt\n|faint|p2a: Sylveon\n|\n|upkeep\n|inactive|Time left: 300 sec this turn | 300 sec total | 5 sec grace\n|\n|t:|1783571197\n|switch|p2a: Toxapex|Toxapex, L82, F|154/216\n|-damage|p2a: Toxapex|127/216|[from] Stealth Rock\n|turn|46\n|inactive|Time left: 300 sec this turn | 300 sec total\n|\n|t:|1783571198\n|move|p1a: Bisharp|Throat Chop|p2a: Toxapex\n|-damage|p2a: Toxapex|64/216\n|-start|p2a: Toxapex|Throat Chop|[silent]\n|move|p2a: Toxapex|Liquidation|p1a: Bisharp\n|-damage|p1a: Bisharp|0 fnt\n|faint|p1a: Bisharp\n|\n|-heal|p2a: Toxapex|77/216|[from] item: Leftovers\n|upkeep\n|\n|t:|1783571199\n|switch|p1a: Chimecho|Chimecho, L93, F|100/100\n|turn|47\n|inactive|Time left: 300 sec this turn | 300 sec total\n|\n|t:|1783571200\n|switch|p2a: Oinkologne|Oinkologne-F, L92, F|361/361\n|-damage|p2a: Oinkologne|316/361|[from] Stealth Rock\n|move|p1a: Chimecho|Psychic Noise|p2a: Oinkologne\n|-damage|p2a: Oinkologne|229/361\n|-block|p2a: Oinkologne|ability: Aroma Veil|[of] p2a: Oinkologne\n|\n|-heal|p2a: Oinkologne|251/361|[from] item: Leftovers\n|upkeep\n|turn|48\n|inactive|Time left: 300 sec this turn | 300 sec total\n|\n|t:|1783571201\n|move|p1a: Chimecho|Thunder Wave|p2a: Oinkologne\n|-status|p2a: Oinkologne|par\n|move|p2a: Oinkologne|Body Slam|p1a: Chimecho\n|-damage|p1a: Chimecho|64/100\n|\n|-heal|p1a: Chimecho|70/100|[from] item: Leftovers\n|-heal|p2a: Oinkologne|273/361 par|[from] item: Leftovers\n|upkeep\n|turn|49\n|inactive|Time left: 300 sec this turn | 300 sec total\n|\n|t:|1783571202\n|move|p1a: Chimecho|Psychic Noise|p2a: Oinkologne\n|-damage|p2a: Oinkologne|179/361 par\n|-block|p2a: Oinkologne|ability: Aroma Veil|[of] p2a: Oinkologne\n|move|p2a: Oinkologne|Body Slam|p1a: Chimecho\n|-crit|p1a: Chimecho\n|-damage|p1a: Chimecho|15/100\n|-status|p1a: Chimecho|par\n|\n|-heal|p1a: Chimecho|22/100 par|[from] item: Leftovers\n|-heal|p2a: Oinkologne|201/361 par|[from] item: Leftovers\n|upkeep\n|turn|50\n|inactive|Time left: 300 sec this turn | 300 sec total\n|\n|t:|1783571204\n|move|p1a: Chimecho|Recover|p1a: Chimecho\n|-heal|p1a: Chimecho|72/100 par\n|cant|p2a: Oinkologne|par\n|\n|-heal|p1a: Chimecho|78/100 par|[from] item: Leftovers\n|-heal|p2a: Oinkologne|223/361 par|[from] item: Leftovers\n|upkeep\n|turn|51\n|inactive|Time left: 300 sec this turn | 300 sec total\n|\n|t:|1783571205\n|cant|p1a: Chimecho|par\n|move|p2a: Oinkologne|Body Slam|p1a: Chimecho\n|-damage|p1a: Chimecho|41/100 par\n|\n|-heal|p1a: Chimecho|47/100 par|[from] item: Leftovers\n|-heal|p2a: Oinkologne|245/361 par|[from] item: Leftovers\n|upkeep\n|turn|52\n|inactive|Time left: 300 sec this turn | 300 sec total\n|\n|t:|1783571206\n|move|p1a: Chimecho|Recover|p1a: Chimecho\n|-heal|p1a: Chimecho|97/100 par\n|cant|p2a: Oinkologne|par\n|\n|-heal|p1a: Chimecho|100/100 par|[from] item: Leftovers\n|-heal|p2a: Oinkologne|267/361 par|[from] item: Leftovers\n|upkeep\n|turn|53\n|inactive|Time left: 300 sec this turn | 300 sec total\n|\n|t:|1783571207\n|move|p1a: Chimecho|Heal Bell|p1a: Chimecho\n|-activate|p1a: Chimecho|move: Heal Bell\n|-curestatus|p1a: Chimecho|par|[msg]\n|move|p2a: Oinkologne|Curse|p2a: Oinkologne\n|-unboost|p2a: Oinkologne|spe|1\n|-boost|p2a: Oinkologne|atk|1\n|-boost|p2a: Oinkologne|def|1\n|\n|-heal|p2a: Oinkologne|289/361 par|[from] item: Leftovers\n|upkeep\n|turn|54\n|inactive|Time left: 300 sec this turn | 300 sec total\n|\n|t:|1783571208\n|move|p1a: Chimecho|Psychic Noise|p2a: Oinkologne\n|-damage|p2a: Oinkologne|196/361 par\n|-block|p2a: Oinkologne|ability: Aroma Veil|[of] p2a: Oinkologne\n|move|p2a: Oinkologne|Body Slam|p1a: Chimecho\n|-damage|p1a: Chimecho|50/100\n|\n|-heal|p1a: Chimecho|57/100|[from] item: Leftovers\n|-heal|p2a: Oinkologne|218/361 par|[from] item: Leftovers\n|upkeep\n|turn|55\n|inactive|Time left: 300 sec this turn | 300 sec total\n|\n|t:|1783571210\n|move|p1a: Chimecho|Recover|p1a: Chimecho\n|-heal|p1a: Chimecho|100/100\n|move|p2a: Oinkologne|Body Slam|p1a: Chimecho\n|-damage|p1a: Chimecho|46/100\n|\n|-heal|p1a: Chimecho|52/100|[from] item: Leftovers\n|-heal|p2a: Oinkologne|240/361 par|[from] item: Leftovers\n|upkeep\n|turn|56\n|inactive|Time left: 300 sec this turn | 300 sec total\n|\n|t:|1783571211\n|move|p1a: Chimecho|Recover|p1a: Chimecho\n|-heal|p1a: Chimecho|100/100\n|move|p2a: Oinkologne|Body Slam|p1a: Chimecho\n|-damage|p1a: Chimecho|50/100\n|\n|-heal|p1a: Chimecho|56/100|[from] item: Leftovers\n|-heal|p2a: Oinkologne|262/361 par|[from] item: Leftovers\n|upkeep\n|turn|57\n|inactive|Time left: 300 sec this turn | 300 sec total\n|\n|t:|1783571212\n|move|p1a: Chimecho|Recover|p1a: Chimecho\n|-heal|p1a: Chimecho|100/100\n|move|p2a: Oinkologne|Body Slam|p1a: Chimecho\n|-damage|p1a: Chimecho|54/100\n|\n|-heal|p1a: Chimecho|60/100|[from] item: Leftovers\n|-heal|p2a: Oinkologne|284/361 par|[from] item: Leftovers\n|upkeep\n|turn|58\n|inactive|Time left: 300 sec this turn | 300 sec total\n|\n|t:|1783571213\n|move|p1a: Chimecho|Psychic Noise|p2a: Oinkologne\n|-damage|p2a: Oinkologne|203/361 par\n|-block|p2a: Oinkologne|ability: Aroma Veil|[of] p2a: Oinkologne\n|cant|p2a: Oinkologne|par\n|\n|-heal|p1a: Chimecho|66/100|[from] item: Leftovers\n|-heal|p2a: Oinkologne|225/361 par|[from] item: Leftovers\n|upkeep\n|turn|59\n|inactive|Time left: 300 sec this turn | 300 sec total\n|\n|t:|1783571214\n|move|p1a: Chimecho|Psychic Noise|p2a: Oinkologne\n|-damage|p2a: Oinkologne|141/361 par\n|-block|p2a: Oinkologne|ability: Aroma Veil|[of] p2a: Oinkologne\n|move|p2a: Oinkologne|Body Slam|p1a: Chimecho\n|-damage|p1a: Chimecho|13/100\n|-status|p1a: Chimecho|par\n|\n|-heal|p1a: Chimecho|19/100 par|[from] item: Leftovers\n|-heal|p2a: Oinkologne|163/361 par|[from] item: Leftovers\n|upkeep\n|turn|60\n|inactive|Time left: 300 sec this turn | 300 sec total\n|\n|t:|1783571215\n|move|p1a: Chimecho|Psychic Noise|p2a: Oinkologne\n|-damage|p2a: Oinkologne|73/361 par\n|-block|p2a: Oinkologne|ability: Aroma Veil|[of] p2a: Oinkologne\n|move|p2a: Oinkologne|Body Slam|p1a: Chimecho\n|-damage|p1a: Chimecho|0 fnt\n|faint|p1a: Chimecho\n|\n|-heal|p2a: Oinkologne|95/361 par|[from] item: Leftovers\n|upkeep\n|\n|t:|1783571216\n|switch|p1a: Chansey|Chansey, L85, F|100/100\n|turn|61\n|inactive|Time left: 300 sec this turn | 300 sec total\n|\n|t:|1783571217\n|move|p1a: Chansey|Seismic Toss|p2a: Oinkologne\n|-damage|p2a: Oinkologne|10/361 par\n|move|p2a: Oinkologne|Rest|p2a: Oinkologne\n|-status|p2a: Oinkologne|slp|[from] move: Rest\n|-heal|p2a: Oinkologne|361/361 slp|[silent]\n|\n|upkeep\n|turn|62\n|inactive|Time left: 300 sec this turn | 300 sec total\n|\n|t:|1783571218\n|switch|p2a: Avalugg|Avalugg-Hisui, L90, F, tera:Ghost|58/317\n|move|p1a: Chansey|Thunder Wave|p2a: Avalugg\n|-status|p2a: Avalugg|par\n|\n|upkeep\n|turn|63\n|inactive|Time left: 300 sec this turn | 300 sec total\n|\n|t:|1783571219\n|move|p1a: Chansey|Thunder Wave|p2a: Avalugg\n|-fail|p2a: Avalugg|par\n|move|p2a: Avalugg|Body Press|p1a: Chansey\n|-supereffective|p1a: Chansey\n|-damage|p1a: Chansey|13/100\n|\n|upkeep\n|turn|64\n|inactive|Time left: 300 sec this turn | 300 sec total\n|\n|t:|1783571220\n|move|p1a: Chansey|Soft-Boiled|p1a: Chansey\n|-heal|p1a: Chansey|63/100\n|cant|p2a: Avalugg|par\n|\n|upkeep\n|turn|65\n|inactive|Time left: 300 sec this turn | 300 sec total\n|\n|t:|1783571221\n|move|p1a: Chansey|Soft-Boiled|p1a: Chansey\n|-heal|p1a: Chansey|100/100\n|cant|p2a: Avalugg|par\n|\n|upkeep\n|turn|66\n|inactive|Time left: 300 sec this turn | 300 sec total\n|\n|t:|1783571222\n|move|p1a: Chansey|Thunder Wave|p2a: Avalugg\n|-fail|p2a: Avalugg|par\n|move|p2a: Avalugg|Body Press|p1a: Chansey\n|-supereffective|p1a: Chansey\n|-damage|p1a: Chansey|9/100\n|\n|upkeep\n|turn|67\n|inactive|Time left: 300 sec this turn | 300 sec total\n|\n|t:|1783571222\n|move|p1a: Chansey|Soft-Boiled|p1a: Chansey\n|-heal|p1a: Chansey|59/100\n|move|p2a: Avalugg|Stone Edge|p1a: Chansey\n|-damage|p1a: Chansey|0 fnt\n|faint|p1a: Chansey\n|\n|win|p0y2701df01", "uploadtime": 1783571222, "views": 0, "rating": 0, "private": 0, "password": null, "_winner": "p0y2701df01", "_our_name": "p0y2701df01"}