{"id": "battle-gen9randombattle-1945", "formatid": "gen9randombattle", "format": "[Gen 9] Random Battle", "players": ["p0x1945cebf", "p0y19450533"], "log": "|init|battle\n|title|p0x1945cebf vs. p0y19450533\n|j|\u2606p0x1945cebf\n|j|\u2606p0y19450533\n|t:|1783561770\n|gametype|singles\n|player|p1|p0x1945cebf|1|\n|player|p2|p0y19450533|265|\n|gen|9\n|tier|[Gen 9] Random Battle\n|rule|Species Clause: Limit one of each Pok\u00e9mon\n|rule|HP Percentage Mod: HP is shown in percentages\n|rule|Sleep Clause Mod: Limit one foe put to sleep\n|rule|Illusion Level Mod: Illusion disguises the Pok\u00e9mon's true level\n|\n|t:|1783561770\n|teamsize|p1|6\n|teamsize|p2|6\n|start\n|switch|p1a: Arceus|Arceus-Rock, L74|100/100\n|switch|p2a: Volbeat|Volbeat, L90, M|263/263\n|turn|1\n|inactive|Battle timer is ON: inactive players will automatically lose when time's up. (requested by p0x1945cebf)\n|inactive|Time left: 300 sec this turn | 300 sec total | 60 sec grace\n|inactive|p0y19450533 also wants the timer to be on.\n|\n|t:|1783561771\n|move|p1a: Arceus|Stone Edge|p2a: Volbeat|[miss]\n|-miss|p1a: Arceus|p2a: Volbeat\n|move|p2a: Volbeat|Lunge|p1a: Arceus\n|-damage|p1a: Arceus|75/100\n|-unboost|p1a: Arceus|atk|1\n|\n|upkeep\n|turn|2\n|inactive|Time left: 300 sec this turn | 300 sec total\n|\n|t:|1783561772\n|switch|p2a: Drednaw|Drednaw, L81, M|278/278\n|move|p1a: Arceus|Swords Dance|p1a: Arceus\n|-boost|p1a: Arceus|atk|2\n|\n|upkeep\n|turn|3\n|inactive|Time left: 300 sec this turn | 300 sec total\n|\n|t:|1783561772\n|-terastallize|p1a: Arceus|Ground\n|-terastallize|p2a: Drednaw|Ground\n|move|p1a: Arceus|Earthquake|p2a: Drednaw\n|-damage|p2a: Drednaw|116/278\n|move|p2a: Drednaw|Shell Smash|p2a: Drednaw\n|-unboost|p2a: Drednaw|def|1\n|-unboost|p2a: Drednaw|spd|1\n|-boost|p2a: Drednaw|atk|2\n|-boost|p2a: Drednaw|spa|2\n|-boost|p2a: Drednaw|spe|2\n|-enditem|p2a: Drednaw|White Herb\n|-clearnegativeboost|p2a: Drednaw|[silent]\n|\n|upkeep\n|turn|4\n|inactive|Time left: 300 sec this turn | 300 sec total\n|\n|t:|1783561773\n|move|p2a: Drednaw|Liquidation|p1a: Arceus\n|-supereffective|p1a: Arceus\n|-damage|p1a: Arceus|0 fnt\n|faint|p1a: Arceus\n|\n|upkeep\n|\n|t:|1783561774\n|switch|p1a: Poliwrath|Poliwrath, L88, F|100/100\n|turn|5\n|inactive|Time left: 300 sec this turn | 300 sec total\n|\n|t:|1783561775\n|move|p2a: Drednaw|Earthquake|p1a: Poliwrath\n|-damage|p1a: Poliwrath|33/100\n|move|p1a: Poliwrath|Liquidation|p2a: Drednaw\n|-supereffective|p2a: Drednaw\n|-damage|p2a: Drednaw|0 fnt\n|faint|p2a: Drednaw\n|\n|upkeep\n|inactive|Time left: 300 sec this turn | 300 sec total | 5 sec grace\n|\n|t:|1783561776\n|switch|p2a: Polteageist|Polteageist-Antique, L78|222/222\n|turn|6\n|inactive|Time left: 300 sec this turn | 300 sec total\n|\n|t:|1783561777\n|move|p1a: Poliwrath|Knock Off|p2a: Polteageist\n|-supereffective|p2a: Polteageist\n|-damage|p2a: Polteageist|28/222\n|-start|p1a: Poliwrath|Disable|Knock Off|[from] ability: Cursed Body|[of] p2a: Polteageist\n|-enditem|p2a: Polteageist|White Herb|[from] move: Knock Off|[of] p1a: Poliwrath\n|move|p2a: Polteageist|Shell Smash|p2a: Polteageist\n|-unboost|p2a: Polteageist|def|1\n|-unboost|p2a: Polteageist|spd|1\n|-boost|p2a: Polteageist|atk|2\n|-boost|p2a: Polteageist|spa|2\n|-boost|p2a: Polteageist|spe|2\n|\n|upkeep\n|turn|7\n|inactive|Time left: 300 sec this turn | 300 sec total\n|\n|t:|1783561778\n|switch|p1a: Bombirdier|Bombirdier, L85, F|100/100\n|move|p2a: Polteageist|Strength Sap|p1a: Bombirdier\n|-unboost|p1a: Bombirdier|atk|1\n|-heal|p2a: Polteageist|222/222\n|\n|upkeep\n|turn|8\n|inactive|Time left: 300 sec this turn | 300 sec total\n|\n|t:|1783561780\n|move|p2a: Polteageist|Shadow Ball|p1a: Bombirdier\n|-resisted|p1a: Bombirdier\n|-damage|p1a: Bombirdier|66/100\n|move|p1a: Bombirdier|Knock Off|p2a: Polteageist\n|-supereffective|p2a: Polteageist\n|-damage|p2a: Polteageist|36/222\n|\n|upkeep\n|turn|9\n|inactive|Time left: 300 sec this turn | 300 sec total\n|\n|t:|1783561781\n|move|p2a: Polteageist|Strength Sap|p1a: Bombirdier\n|-unboost|p1a: Bombirdier|atk|1\n|-heal|p2a: Polteageist|185/222\n|move|p1a: Bombirdier|Knock Off|p2a: Polteageist\n|-supereffective|p2a: Polteageist\n|-damage|p2a: Polteageist|27/222\n|\n|upkeep\n|turn|10\n|inactive|Time left: 300 sec this turn | 300 sec total\n|\n|t:|1783561782\n|move|p2a: Polteageist|Strength Sap|p1a: Bombirdier\n|-unboost|p1a: Bombirdier|atk|1\n|-heal|p2a: Polteageist|139/222\n|move|p1a: Bombirdier|Knock Off|p2a: Polteageist\n|-supereffective|p2a: Polteageist\n|-damage|p2a: Polteageist|13/222\n|\n|upkeep\n|turn|11\n|inactive|Time left: 300 sec this turn | 300 sec total\n|\n|t:|1783561783\n|move|p2a: Polteageist|Strength Sap|p1a: Bombirdier\n|-unboost|p1a: Bombirdier|atk|1\n|-heal|p2a: Polteageist|102/222\n|move|p1a: Bombirdier|Knock Off|p2a: Polteageist\n|-supereffective|p2a: Polteageist\n|-damage|p2a: Polteageist|0 fnt\n|faint|p2a: Polteageist\n|\n|upkeep\n|inactive|Time left: 300 sec this turn | 300 sec total | 5 sec grace\n|\n|t:|1783561784\n|switch|p2a: Terrakion|Terrakion, L79|273/273\n|turn|12\n|inactive|Time left: 300 sec this turn | 300 sec total\n|\n|t:|1783561785\n|switch|p1a: Froslass|Froslass, L87, F|100/100\n|move|p2a: Terrakion|Close Combat|p1a: Froslass\n|-immune|p1a: Froslass\n|\n|upkeep\n|turn|13\n|inactive|Time left: 300 sec this turn | 300 sec total\n|\n|t:|1783561786\n|switch|p2a: Dudunsparce|Dudunsparce-Three-Segment, L83, M|343/343\n|move|p1a: Froslass|Triple Axel|p2a: Dudunsparce\n|-damage|p2a: Dudunsparce|319/343\n|-damage|p2a: Dudunsparce|279/343\n|-damage|p2a: Dudunsparce|213/343\n|-hitcount|p2a: Dudunsparce|3\n|\n|-heal|p2a: Dudunsparce|234/343|[from] item: Leftovers\n|upkeep\n|turn|14\n|inactive|Time left: 300 sec this turn | 300 sec total\n|\n|t:|1783561787\n|move|p1a: Froslass|Triple Axel|p2a: Dudunsparce\n|-damage|p2a: Dudunsparce|212/343\n|-damage|p2a: Dudunsparce|169/343\n|-damage|p2a: Dudunsparce|105/343\n|-hitcount|p2a: Dudunsparce|3\n|move|p2a: Dudunsparce|Glare|p1a: Froslass\n|-status|p1a: Froslass|par\n|\n|-heal|p2a: Dudunsparce|126/343|[from] item: Leftovers\n|upkeep\n|turn|15\n|inactive|Time left: 300 sec this turn | 300 sec total\n|\n|t:|1783561788\n|move|p2a: Dudunsparce|Roost|p2a: Dudunsparce\n|-heal|p2a: Dudunsparce|298/343\n|-singleturn|p2a: Dudunsparce|move: Roost\n|move|p1a: Froslass|Triple Axel|p2a: Dudunsparce\n|-damage|p2a: Dudunsparce|274/343\n|-damage|p2a: Dudunsparce|229/343\n|-damage|p2a: Dudunsparce|159/343\n|-hitcount|p2a: Dudunsparce|3\n|\n|-heal|p2a: Dudunsparce|180/343|[from] item: Leftovers\n|upkeep\n|turn|16\n|inactive|Time left: 300 sec this turn | 300 sec total\n|\n|t:|1783561789\n|switch|p1a: Bombirdier|Bombirdier, L85, F|66/100\n|move|p2a: Dudunsparce|Roost|p2a: Dudunsparce\n|-heal|p2a: Dudunsparce|343/343\n|-singleturn|p2a: Dudunsparce|move: Roost\n|\n|upkeep\n|turn|17\n|inactive|Time left: 300 sec this turn | 300 sec total\n|\n|t:|1783561790\n|move|p1a: Bombirdier|Roost|p1a: Bombirdier\n|-heal|p1a: Bombirdier|100/100\n|-singleturn|p1a: Bombirdier|move: Roost\n|move|p2a: Dudunsparce|Glare|p1a: Bombirdier\n|-status|p1a: Bombirdier|par\n|\n|upkeep\n|turn|18\n|inactive|Time left: 300 sec this turn | 300 sec total\n|\n|t:|1783561791\n|move|p2a: Dudunsparce|Headbutt|p1a: Bombirdier\n|-damage|p1a: Bombirdier|71/100 par\n|cant|p1a: Bombirdier|par\n|\n|upkeep\n|turn|19\n|inactive|Time left: 300 sec this turn | 300 sec total\n|\n|t:|1783561792\n|move|p2a: Dudunsparce|Headbutt|p1a: Bombirdier\n|-damage|p1a: Bombirdier|40/100 par\n|cant|p1a: Bombirdier|flinch\n|\n|upkeep\n|turn|20\n|inactive|Time left: 300 sec this turn | 300 sec total\n|\n|t:|1783561793\n|move|p2a: Dudunsparce|Headbutt|p1a: Bombirdier\n|-damage|p1a: Bombirdier|12/100 par\n|cant|p1a: Bombirdier|flinch\n|\n|upkeep\n|turn|21\n|inactive|Time left: 300 sec this turn | 300 sec total\n|\n|t:|1783561794\n|move|p2a: Dudunsparce|Headbutt|p1a: Bombirdier\n|-damage|p1a: Bombirdier|0 fnt\n|faint|p1a: Bombirdier\n|\n|upkeep\n|\n|t:|1783561795\n|switch|p1a: Poliwrath|Poliwrath, L88, F|33/100\n|turn|22\n|inactive|Time left: 300 sec this turn | 300 sec total\n|\n|t:|1783561796\n|move|p1a: Poliwrath|Close Combat|p2a: Dudunsparce\n|-supereffective|p2a: Dudunsparce\n|-damage|p2a: Dudunsparce|59/343\n|-unboost|p1a: Poliwrath|def|1\n|-unboost|p1a: Poliwrath|spd|1\n|move|p2a: Dudunsparce|Glare|p1a: Poliwrath\n|-status|p1a: Poliwrath|par\n|\n|-heal|p2a: Dudunsparce|80/343|[from] item: Leftovers\n|upkeep\n|turn|23\n|inactive|Time left: 300 sec this turn | 300 sec total\n|\n|t:|1783561797\n|move|p2a: Dudunsparce|Headbutt|p1a: Poliwrath\n|-damage|p1a: Poliwrath|0 fnt\n|faint|p1a: Poliwrath\n|\n|-heal|p2a: Dudunsparce|101/343|[from] item: Leftovers\n|upkeep\n|\n|t:|1783561798\n|switch|p1a: Barraskewda|Barraskewda, L81, M|100/100\n|turn|24\n|inactive|Time left: 300 sec this turn | 300 sec total\n|\n|t:|1783561798\n|move|p1a: Barraskewda|Waterfall|p2a: Dudunsparce\n|-damage|p2a: Dudunsparce|0 fnt\n|faint|p2a: Dudunsparce\n|\n|upkeep\n|inactive|Time left: 300 sec this turn | 300 sec total | 5 sec grace\n|\n|t:|1783561799\n|switch|p2a: Volbeat|Volbeat, L90, M|263/263\n|turn|25\n|inactive|Time left: 300 sec this turn | 300 sec total\n|\n|t:|1783561800\n|move|p1a: Barraskewda|Waterfall|p2a: Volbeat\n|-damage|p2a: Volbeat|122/263\n|move|p2a: Volbeat|Lunge|p1a: Barraskewda\n|-damage|p1a: Barraskewda|55/100\n|-unboost|p1a: Barraskewda|atk|1\n|\n|upkeep\n|turn|26\n|inactive|Time left: 300 sec this turn | 300 sec total\n|\n|t:|1783561801\n|move|p2a: Volbeat|Roost|p2a: Volbeat\n|-heal|p2a: Volbeat|254/263\n|-singleturn|p2a: Volbeat|move: Roost\n|move|p1a: Barraskewda|Waterfall|p2a: Volbeat\n|-damage|p2a: Volbeat|158/263\n|\n|upkeep\n|turn|27\n|inactive|Time left: 300 sec this turn | 300 sec total\n|\n|t:|1783561802\n|move|p2a: Volbeat|Roost|p2a: Volbeat\n|-heal|p2a: Volbeat|263/263\n|-singleturn|p2a: Volbeat|move: Roost\n|move|p1a: Barraskewda|Waterfall|p2a: Volbeat\n|-damage|p2a: Volbeat|167/263\n|\n|upkeep\n|turn|28\n|inactive|Time left: 300 sec this turn | 300 sec total\n|\n|t:|1783561804\n|move|p1a: Barraskewda|Waterfall|p2a: Volbeat\n|-damage|p2a: Volbeat|61/263\n|move|p2a: Volbeat|Lunge|p1a: Barraskewda\n|-damage|p1a: Barraskewda|11/100\n|-unboost|p1a: Barraskewda|atk|1\n|\n|upkeep\n|turn|29\n|inactive|Time left: 300 sec this turn | 300 sec total\n|\n|t:|1783561805\n|move|p2a: Volbeat|Roost|p2a: Volbeat\n|-heal|p2a: Volbeat|193/263\n|-singleturn|p2a: Volbeat|move: Roost\n|move|p1a: Barraskewda|Waterfall|p2a: Volbeat\n|-damage|p2a: Volbeat|118/263\n|\n|upkeep\n|turn|30\n|inactive|Time left: 300 sec this turn | 300 sec total\n|\n|t:|1783561806\n|move|p2a: Volbeat|Roost|p2a: Volbeat\n|-heal|p2a: Volbeat|250/263\n|-singleturn|p2a: Volbeat|move: Roost\n|move|p1a: Barraskewda|Waterfall|p2a: Volbeat\n|-crit|p2a: Volbeat\n|-damage|p2a: Volbeat|6/263\n|\n|upkeep\n|turn|31\n|inactive|Time left: 300 sec this turn | 300 sec total\n|\n|t:|1783561807\n|move|p2a: Volbeat|Roost|p2a: Volbeat\n|-heal|p2a: Volbeat|138/263\n|-singleturn|p2a: Volbeat|move: Roost\n|move|p1a: Barraskewda|Waterfall|p2a: Volbeat\n|-damage|p2a: Volbeat|59/263\n|\n|upkeep\n|turn|32\n|inactive|Time left: 300 sec this turn | 300 sec total\n|\n|t:|1783561808\n|move|p2a: Volbeat|Roost|p2a: Volbeat\n|-heal|p2a: Volbeat|191/263\n|-singleturn|p2a: Volbeat|move: Roost\n|move|p1a: Barraskewda|Waterfall|p2a: Volbeat\n|-damage|p2a: Volbeat|115/263\n|\n|upkeep\n|turn|33\n|inactive|Time left: 300 sec this turn | 300 sec total\n|\n|t:|1783561809\n|move|p2a: Volbeat|Roost|p2a: Volbeat\n|-heal|p2a: Volbeat|247/263\n|-singleturn|p2a: Volbeat|move: Roost\n|move|p1a: Barraskewda|Waterfall|p2a: Volbeat\n|-damage|p2a: Volbeat|165/263\n|\n|upkeep\n|turn|34\n|inactive|Time left: 300 sec this turn | 300 sec total\n|\n|t:|1783561810\n|move|p1a: Barraskewda|Waterfall|p2a: Volbeat\n|-damage|p2a: Volbeat|92/263\n|move|p2a: Volbeat|Lunge|p1a: Barraskewda\n|-damage|p1a: Barraskewda|0 fnt\n|faint|p1a: Barraskewda\n|\n|upkeep\n|\n|t:|1783561810\n|switch|p1a: Iron Treads|Iron Treads, L77|100/100\n|turn|35\n|inactive|Time left: 300 sec this turn | 300 sec total\n|\n|t:|1783561811\n|move|p2a: Volbeat|Roost|p2a: Volbeat\n|-heal|p2a: Volbeat|224/263\n|-singleturn|p2a: Volbeat|move: Roost\n|move|p1a: Iron Treads|Iron Head|p2a: Volbeat\n|-damage|p2a: Volbeat|142/263\n|\n|upkeep\n|turn|36\n|inactive|Time left: 300 sec this turn | 300 sec total\n|\n|t:|1783561812\n|move|p1a: Iron Treads|Iron Head|p2a: Volbeat\n|-damage|p2a: Volbeat|63/263\n|cant|p2a: Volbeat|flinch\n|\n|upkeep\n|turn|37\n|inactive|Time left: 300 sec this turn | 300 sec total\n|\n|t:|1783561813\n|move|p2a: Volbeat|Encore|p1a: Iron Treads\n|-start|p1a: Iron Treads|Encore\n|move|p1a: Iron Treads|Iron Head|p2a: Volbeat\n|-damage|p2a: Volbeat|0 fnt\n|faint|p2a: Volbeat\n|\n|upkeep\n|inactive|Time left: 300 sec this turn | 300 sec total | 5 sec grace\n|\n|t:|1783561814\n|switch|p2a: Terrakion|Terrakion, L79|273/273\n|turn|38\n|inactive|Time left: 300 sec this turn | 300 sec total\n|\n|t:|1783561815\n|-end|p1a: Iron Treads|Quark Drive|[silent]\n|switch|p1a: Froslass|Froslass, L87, F|100/100 par\n|move|p2a: Terrakion|Earthquake|p1a: Froslass\n|-damage|p1a: Froslass|53/100 par\n|\n|upkeep\n|turn|39\n|inactive|Time left: 300 sec this turn | 300 sec total\n|\n|t:|1783561816\n|move|p2a: Terrakion|Earthquake|p1a: Froslass\n|-damage|p1a: Froslass|4/100 par\n|move|p1a: Froslass|Destiny Bond|p1a: Froslass\n|-singlemove|p1a: Froslass|Destiny Bond\n|\n|upkeep\n|turn|40\n|inactive|Time left: 300 sec this turn | 300 sec total\n|\n|t:|1783561817\n|switch|p2a: Grafaiai|Grafaiai, L86, M|249/249\n|move|p1a: Froslass|Poltergeist|p2a: Grafaiai\n|-immune|p2a: Grafaiai\n|\n|upkeep\n|turn|41\n|inactive|Time left: 300 sec this turn | 300 sec total\n|\n|t:|1783561818\n|switch|p1a: Iron Treads|Iron Treads, L77|100/100\n|move|p2a: Grafaiai|U-turn|p1a: Iron Treads\n|-resisted|p1a: Iron Treads\n|-crit|p1a: Iron Treads\n|-damage|p1a: Iron Treads|88/100\n|inactive|Time left: 300 sec this turn | 300 sec total | 5 sec grace\n|\n|t:|1783561819\n|switch|p2a: Terrakion|Terrakion, L79|273/273|[from] U-turn\n|\n|upkeep\n|turn|42\n|inactive|Time left: 300 sec this turn | 300 sec total\n|\n|t:|1783561820\n|move|p2a: Terrakion|Earthquake|p1a: Iron Treads\n|-supereffective|p1a: Iron Treads\n|-damage|p1a: Iron Treads|18/100\n|move|p1a: Iron Treads|Rapid Spin|p2a: Terrakion\n|-resisted|p2a: Terrakion\n|-damage|p2a: Terrakion|256/273\n|-boost|p1a: Iron Treads|spe|1\n|\n|upkeep\n|turn|43\n|inactive|Time left: 300 sec this turn | 300 sec total\n|\n|t:|1783561821\n|move|p1a: Iron Treads|Iron Head|p2a: Terrakion\n|-supereffective|p2a: Terrakion\n|-damage|p2a: Terrakion|74/273\n|cant|p2a: Terrakion|flinch\n|\n|upkeep\n|turn|44\n|inactive|Time left: 300 sec this turn | 300 sec total\n|\n|t:|1783561821\n|move|p1a: Iron Treads|Earthquake|p2a: Terrakion\n|-supereffective|p2a: Terrakion\n|-damage|p2a: Terrakion|0 fnt\n|faint|p2a: Terrakion\n|\n|upkeep\n|inactive|Time left: 300 sec this turn | 300 sec total | 5 sec grace\n|\n|t:|1783561822\n|switch|p2a: Grafaiai|Grafaiai, L86, M|249/249\n|turn|45\n|inactive|Time left: 300 sec this turn | 300 sec total\n|\n|t:|1783561823\n|move|p1a: Iron Treads|Earthquake|p2a: Grafaiai\n|-supereffective|p2a: Grafaiai\n|-damage|p2a: Grafaiai|21/249\n|move|p2a: Grafaiai|Knock Off|p1a: Iron Treads\n|-damage|p1a: Iron Treads|0 fnt\n|-enditem|p1a: Iron Treads|Assault Vest|[from] move: Knock Off|[of] p2a: Grafaiai\n|faint|p1a: Iron Treads\n|-end|p1a: Iron Treads|Quark Drive|[silent]\n|\n|upkeep\n|\n|t:|1783561824\n|switch|p1a: Froslass|Froslass, L87, F|4/100 par\n|turn|46\n|inactive|Time left: 300 sec this turn | 300 sec total\n|\n|t:|1783561825\n|move|p2a: Grafaiai|Knock Off|p1a: Froslass\n|-supereffective|p1a: Froslass\n|-damage|p1a: Froslass|0 fnt\n|-enditem|p1a: Froslass|Wide Lens|[from] move: Knock Off|[of] p2a: Grafaiai\n|faint|p1a: Froslass\n|\n|win|p0y19450533", "uploadtime": 1783561825, "views": 0, "rating": 0, "private": 0, "password": null, "_winner": "p0y19450533", "_our_name": "p0y19450533"}