{"id": "battle-gen9randombattle-591", "formatid": "gen9randombattle", "format": "[Gen 9] Random Battle", "players": ["p0x591b41d", "p0y59174d1"], "log": "|init|battle\n|title|p0x591b41d vs. p0y59174d1\n|j|\u2606p0x591b41d\n|j|\u2606p0y59174d1\n|t:|1783545926\n|gametype|singles\n|player|p1|p0x591b41d|169|\n|player|p2|p0y59174d1|169|\n|gen|9\n|tier|[Gen 9] Random Battle\n|rule|Species Clause: Limit one of each Pok\u00e9mon\n|rule|HP Percentage Mod: HP is shown in percentages\n|rule|Sleep Clause Mod: Limit one foe put to sleep\n|rule|Illusion Level Mod: Illusion disguises the Pok\u00e9mon's true level\n|\n|t:|1783545926\n|teamsize|p1|6\n|teamsize|p2|6\n|start\n|switch|p1a: Espeon|Espeon, L84, F|246/246\n|switch|p2a: Orthworm|Orthworm, L88, F|100/100\n|turn|1\n|inactive|Battle timer is ON: inactive players will automatically lose when time's up. (requested by p0x591b41d)\n|inactive|p0y59174d1 also wants the timer to be on.\n|\n|t:|1783545928\n|move|p1a: Espeon|Calm Mind|p1a: Espeon\n|-boost|p1a: Espeon|spa|1\n|-boost|p1a: Espeon|spd|1\n|move|p2a: Orthworm|Iron Tail|p1a: Espeon\n|-damage|p1a: Espeon|105/246\n|\n|upkeep\n|turn|2\n|inactive|Time left: 300 sec this turn | 300 sec total\n|\n|t:|1783545929\n|move|p1a: Espeon|Morning Sun|p1a: Espeon\n|-heal|p1a: Espeon|228/246\n|move|p2a: Orthworm|Iron Tail|p1a: Espeon\n|-damage|p1a: Espeon|81/246\n|-unboost|p1a: Espeon|def|1\n|\n|upkeep\n|turn|3\n|inactive|Time left: 300 sec this turn | 300 sec total\n|\n|t:|1783545930\n|move|p1a: Espeon|Morning Sun|p1a: Espeon\n|-heal|p1a: Espeon|204/246\n|move|p2a: Orthworm|Iron Tail|p1a: Espeon\n|-damage|p1a: Espeon|0 fnt\n|faint|p1a: Espeon\n|\n|upkeep\n|inactive|Time left: 300 sec this turn | 300 sec total | 5 sec grace\n|\n|t:|1783545931\n|switch|p1a: Ninetales|Ninetales, L85, M|263/263\n|-weather|SunnyDay|[from] ability: Drought|[of] p1a: Ninetales\n|turn|4\n|inactive|Time left: 300 sec this turn | 300 sec total\n|\n|t:|1783545932\n|switch|p2a: Blaziken|Blaziken, L76, M|100/100\n|move|p1a: Ninetales|Fire Blast|p2a: Blaziken\n|-resisted|p2a: Blaziken\n|-damage|p2a: Blaziken|58/100\n|\n|-weather|SunnyDay|[upkeep]\n|upkeep\n|turn|5\n|inactive|Time left: 300 sec this turn | 300 sec total\n|\n|t:|1783545934\n|move|p1a: Ninetales|Fire Blast|p2a: Blaziken\n|-resisted|p2a: Blaziken\n|-damage|p2a: Blaziken|18/100\n|move|p2a: Blaziken|Close Combat|p1a: Ninetales\n|-damage|p1a: Ninetales|90/263\n|-unboost|p2a: Blaziken|def|1\n|-unboost|p2a: Blaziken|spd|1\n|-damage|p2a: Blaziken|9/100|[from] item: Life Orb\n|\n|-weather|SunnyDay|[upkeep]\n|-ability|p2a: Blaziken|Speed Boost|boost\n|-boost|p2a: Blaziken|spe|1\n|upkeep\n|turn|6\n|inactive|Time left: 300 sec this turn | 300 sec total\n|\n|t:|1783545935\n|move|p2a: Blaziken|Close Combat|p1a: Ninetales\n|-damage|p1a: Ninetales|0 fnt\n|-unboost|p2a: Blaziken|def|1\n|-unboost|p2a: Blaziken|spd|1\n|faint|p1a: Ninetales\n|-damage|p2a: Blaziken|0 fnt|[from] item: Life Orb\n|faint|p2a: Blaziken\n|\n|-weather|SunnyDay|[upkeep]\n|upkeep\n|inactive|Time left: 300 sec this turn | 300 sec total | 5 sec grace\n|\n|t:|1783545936\n|switch|p1a: Ting-Lu|Ting-Lu, L78|370/370\n|switch|p2a: Espeon|Espeon, L84, M|100/100\n|-ability|p1a: Ting-Lu|Vessel of Ruin\n|turn|7\n|inactive|Time left: 300 sec this turn | 300 sec total\n|\n|t:|1783545937\n|switch|p2a: Dipplin|Dipplin, L88, F|100/100\n|move|p1a: Ting-Lu|Payback|p2a: Dipplin\n|-damage|p2a: Dipplin|90/100\n|\n|-weather|SunnyDay|[upkeep]\n|upkeep\n|turn|8\n|inactive|Time left: 300 sec this turn | 300 sec total\n|\n|t:|1783545938\n|switch|p1a: Florges|Florges-Yellow, L85, F|271/271\n|move|p2a: Dipplin|Giga Drain|p1a: Florges\n|-damage|p1a: Florges|214/271\n|-heal|p2a: Dipplin|99/100|[from] drain|[of] p1a: Florges\n|\n|-weather|none\n|-heal|p1a: Florges|230/271|[from] item: Leftovers\n|upkeep\n|turn|9\n|inactive|Time left: 300 sec this turn | 300 sec total\n|\n|t:|1783545939\n|move|p1a: Florges|Moonblast|p2a: Dipplin\n|-supereffective|p2a: Dipplin\n|-damage|p2a: Dipplin|41/100\n|move|p2a: Dipplin|Giga Drain|p1a: Florges\n|-damage|p1a: Florges|175/271\n|-heal|p2a: Dipplin|50/100|[from] drain|[of] p1a: Florges\n|\n|-heal|p1a: Florges|191/271|[from] item: Leftovers\n|upkeep\n|turn|10\n|inactive|Time left: 300 sec this turn | 300 sec total\n|\n|t:|1783545941\n|switch|p2a: Orthworm|Orthworm, L88, F|100/100\n|move|p1a: Florges|Moonblast|p2a: Orthworm\n|-resisted|p2a: Orthworm\n|-damage|p2a: Orthworm|73/100\n|\n|-heal|p1a: Florges|207/271|[from] item: Leftovers\n|upkeep\n|turn|11\n|inactive|Time left: 300 sec this turn | 300 sec total\n|\n|t:|1783545942\n|move|p1a: Florges|Moonblast|p2a: Orthworm\n|-resisted|p2a: Orthworm\n|-damage|p2a: Orthworm|45/100\n|-unboost|p2a: Orthworm|spa|1\n|move|p2a: Orthworm|Iron Tail|p1a: Florges\n|-supereffective|p1a: Florges\n|-damage|p1a: Florges|0 fnt\n|faint|p1a: Florges\n|\n|upkeep\n|inactive|Time left: 300 sec this turn | 300 sec total | 5 sec grace\n|\n|t:|1783545943\n|switch|p1a: Jirachi|Jirachi, L80|291/291\n|turn|12\n|inactive|Time left: 300 sec this turn | 300 sec total\n|\n|t:|1783545944\n|move|p1a: Jirachi|Body Slam|p2a: Orthworm\n|-resisted|p2a: Orthworm\n|-damage|p2a: Orthworm|38/100\n|-status|p2a: Orthworm|par\n|cant|p2a: Orthworm|par\n|\n|upkeep\n|turn|13\n|inactive|Time left: 300 sec this turn | 300 sec total\n|\n|t:|1783545945\n|move|p1a: Jirachi|Iron Head|p2a: Orthworm\n|-resisted|p2a: Orthworm\n|-damage|p2a: Orthworm|28/100 par\n|move|p2a: Orthworm|Rest|p2a: Orthworm\n|-status|p2a: Orthworm|slp|[from] move: Rest\n|-heal|p2a: Orthworm|100/100 slp|[silent]\n|-enditem|p2a: Orthworm|Chesto Berry|[eat]\n|-curestatus|p2a: Orthworm|slp|[msg]\n|\n|upkeep\n|turn|14\n|inactive|Time left: 300 sec this turn | 300 sec total\n|\n|t:|1783545946\n|move|p1a: Jirachi|Iron Head|p2a: Orthworm\n|-resisted|p2a: Orthworm\n|-damage|p2a: Orthworm|91/100\n|cant|p2a: Orthworm|flinch\n|\n|upkeep\n|turn|15\n|inactive|Time left: 300 sec this turn | 300 sec total\n|\n|t:|1783545947\n|move|p1a: Jirachi|Iron Head|p2a: Orthworm\n|-resisted|p2a: Orthworm\n|-damage|p2a: Orthworm|81/100\n|cant|p2a: Orthworm|flinch\n|\n|upkeep\n|turn|16\n|inactive|Time left: 300 sec this turn | 300 sec total\n|\n|t:|1783545948\n|move|p1a: Jirachi|Iron Head|p2a: Orthworm\n|-resisted|p2a: Orthworm\n|-damage|p2a: Orthworm|70/100\n|move|p2a: Orthworm|Coil|p2a: Orthworm\n|-boost|p2a: Orthworm|atk|1\n|-boost|p2a: Orthworm|def|1\n|-boost|p2a: Orthworm|accuracy|1\n|\n|upkeep\n|turn|17\n|inactive|Time left: 300 sec this turn | 300 sec total\n|\n|t:|1783545949\n|move|p1a: Jirachi|Iron Head|p2a: Orthworm\n|-resisted|p2a: Orthworm\n|-damage|p2a: Orthworm|64/100\n|cant|p2a: Orthworm|flinch\n|\n|upkeep\n|turn|18\n|inactive|Time left: 300 sec this turn | 300 sec total\n|\n|t:|1783545950\n|move|p1a: Jirachi|Iron Head|p2a: Orthworm\n|-resisted|p2a: Orthworm\n|-damage|p2a: Orthworm|58/100\n|cant|p2a: Orthworm|flinch\n|\n|upkeep\n|turn|19\n|inactive|Time left: 300 sec this turn | 300 sec total\n|\n|t:|1783545951\n|move|p1a: Jirachi|Iron Head|p2a: Orthworm\n|-resisted|p2a: Orthworm\n|-crit|p2a: Orthworm\n|-damage|p2a: Orthworm|43/100\n|move|p2a: Orthworm|Coil|p2a: Orthworm\n|-boost|p2a: Orthworm|atk|1\n|-boost|p2a: Orthworm|def|1\n|-boost|p2a: Orthworm|accuracy|1\n|\n|upkeep\n|turn|20\n|inactive|Time left: 300 sec this turn | 300 sec total\n|\n|t:|1783545952\n|move|p1a: Jirachi|Body Slam|p2a: Orthworm\n|-resisted|p2a: Orthworm\n|-damage|p2a: Orthworm|39/100\n|move|p2a: Orthworm|Body Press|p1a: Jirachi\n|-damage|p1a: Jirachi|129/291\n|\n|-heal|p1a: Jirachi|147/291|[from] item: Leftovers\n|upkeep\n|turn|21\n|inactive|Time left: 300 sec this turn | 300 sec total\n|\n|t:|1783545953\n|move|p1a: Jirachi|Protect|p1a: Jirachi\n|-singleturn|p1a: Jirachi|Protect\n|move|p2a: Orthworm|Body Press|p1a: Jirachi\n|-activate|p1a: Jirachi|move: Protect\n|\n|-heal|p1a: Jirachi|165/291|[from] item: Leftovers\n|upkeep\n|turn|22\n|inactive|Time left: 300 sec this turn | 300 sec total\n|\n|t:|1783545954\n|move|p1a: Jirachi|Iron Head|p2a: Orthworm\n|-resisted|p2a: Orthworm\n|-damage|p2a: Orthworm|35/100\n|cant|p2a: Orthworm|flinch\n|\n|-heal|p1a: Jirachi|183/291|[from] item: Leftovers\n|upkeep\n|turn|23\n|inactive|Time left: 300 sec this turn | 300 sec total\n|\n|t:|1783545955\n|move|p1a: Jirachi|Body Slam|p2a: Orthworm\n|-resisted|p2a: Orthworm\n|-damage|p2a: Orthworm|31/100\n|-status|p2a: Orthworm|par\n|move|p2a: Orthworm|Body Press|p1a: Jirachi\n|-damage|p1a: Jirachi|21/291\n|\n|-heal|p1a: Jirachi|39/291|[from] item: Leftovers\n|upkeep\n|turn|24\n|inactive|Time left: 300 sec this turn | 300 sec total\n|\n|t:|1783545956\n|move|p1a: Jirachi|Iron Head|p2a: Orthworm\n|-resisted|p2a: Orthworm\n|-damage|p2a: Orthworm|26/100 par\n|cant|p2a: Orthworm|flinch\n|\n|-heal|p1a: Jirachi|57/291|[from] item: Leftovers\n|upkeep\n|turn|25\n|inactive|Time left: 300 sec this turn | 300 sec total\n|\n|t:|1783545957\n|move|p1a: Jirachi|Wish|p1a: Jirachi\n|cant|p2a: Orthworm|par\n|\n|-heal|p1a: Jirachi|75/291|[from] item: Leftovers\n|upkeep\n|turn|26\n|inactive|Time left: 300 sec this turn | 300 sec total\n|\n|t:|1783545958\n|move|p1a: Jirachi|Protect|p1a: Jirachi\n|-singleturn|p1a: Jirachi|Protect\n|cant|p2a: Orthworm|par\n|\n|-heal|p1a: Jirachi|220/291|[from] move: Wish|[wisher] Jirachi\n|-heal|p1a: Jirachi|238/291|[from] item: Leftovers\n|upkeep\n|turn|27\n|inactive|Time left: 300 sec this turn | 300 sec total\n|\n|t:|1783545959\n|move|p1a: Jirachi|Wish|p1a: Jirachi\n|cant|p2a: Orthworm|par\n|\n|-heal|p1a: Jirachi|256/291|[from] item: Leftovers\n|upkeep\n|turn|28\n|inactive|Time left: 300 sec this turn | 300 sec total\n|\n|t:|1783545960\n|move|p1a: Jirachi|Iron Head|p2a: Orthworm\n|-resisted|p2a: Orthworm\n|-damage|p2a: Orthworm|22/100 par\n|cant|p2a: Orthworm|flinch\n|\n|-heal|p1a: Jirachi|291/291|[from] move: Wish|[wisher] Jirachi\n|upkeep\n|turn|29\n|inactive|Time left: 300 sec this turn | 300 sec total\n|\n|t:|1783545961\n|move|p1a: Jirachi|Iron Head|p2a: Orthworm\n|-resisted|p2a: Orthworm\n|-damage|p2a: Orthworm|17/100 par\n|cant|p2a: Orthworm|flinch\n|\n|upkeep\n|turn|30\n|inactive|Time left: 300 sec this turn | 300 sec total\n|\n|t:|1783545963\n|move|p1a: Jirachi|Iron Head|p2a: Orthworm\n|-resisted|p2a: Orthworm\n|-damage|p2a: Orthworm|11/100 par\n|cant|p2a: Orthworm|flinch\n|\n|upkeep\n|turn|31\n|inactive|Time left: 300 sec this turn | 300 sec total\n|\n|t:|1783545964\n|move|p1a: Jirachi|Iron Head|p2a: Orthworm\n|-resisted|p2a: Orthworm\n|-damage|p2a: Orthworm|7/100 par\n|cant|p2a: Orthworm|flinch\n|\n|upkeep\n|turn|32\n|inactive|Time left: 300 sec this turn | 300 sec total\n|\n|t:|1783545965\n|move|p1a: Jirachi|Iron Head|p2a: Orthworm\n|-resisted|p2a: Orthworm\n|-damage|p2a: Orthworm|2/100 par\n|cant|p2a: Orthworm|flinch\n|\n|upkeep\n|turn|33\n|inactive|Time left: 300 sec this turn | 300 sec total\n|\n|t:|1783545966\n|move|p1a: Jirachi|Body Slam|p2a: Orthworm\n|-resisted|p2a: Orthworm\n|-damage|p2a: Orthworm|0 fnt\n|faint|p2a: Orthworm\n|\n|upkeep\n|\n|t:|1783545967\n|switch|p2a: Bellibolt|Bellibolt, L84, M|100/100\n|turn|34\n|inactive|Time left: 300 sec this turn | 300 sec total\n|\n|t:|1783545968\n|switch|p1a: Ting-Lu|Ting-Lu, L78|370/370\n|-ability|p1a: Ting-Lu|Vessel of Ruin\n|move|p2a: Bellibolt|Thunderbolt|p1a: Ting-Lu\n|-immune|p1a: Ting-Lu\n|\n|upkeep\n|turn|35\n|inactive|Time left: 300 sec this turn | 300 sec total\n|\n|t:|1783545969\n|switch|p2a: Dipplin|Dipplin, L88, F|50/100\n|move|p1a: Ting-Lu|Earthquake|p2a: Dipplin\n|-resisted|p2a: Dipplin\n|-damage|p2a: Dipplin|41/100\n|\n|upkeep\n|turn|36\n|inactive|Time left: 300 sec this turn | 300 sec total\n|\n|t:|1783545971\n|move|p2a: Dipplin|Giga Drain|p1a: Ting-Lu\n|-supereffective|p1a: Ting-Lu\n|-damage|p1a: Ting-Lu|214/370\n|-heal|p2a: Dipplin|68/100|[from] drain|[of] p1a: Ting-Lu\n|move|p1a: Ting-Lu|Stealth Rock|p2a: Dipplin\n|-sidestart|p2: p0y59174d1|move: Stealth Rock\n|\n|-heal|p1a: Ting-Lu|237/370|[from] item: Leftovers\n|upkeep\n|turn|37\n|inactive|Time left: 300 sec this turn | 300 sec total\n|\n|t:|1783545972\n|move|p2a: Dipplin|Giga Drain|p1a: Ting-Lu\n|-supereffective|p1a: Ting-Lu\n|-crit|p1a: Ting-Lu\n|-damage|p1a: Ting-Lu|27/370\n|-heal|p2a: Dipplin|100/100|[from] drain|[of] p1a: Ting-Lu\n|move|p1a: Ting-Lu|Spikes|p2a: Dipplin\n|-sidestart|p2: p0y59174d1|Spikes\n|\n|-heal|p1a: Ting-Lu|50/370|[from] item: Leftovers\n|upkeep\n|turn|38\n|inactive|Time left: 300 sec this turn | 300 sec total\n|\n|t:|1783545973\n|switch|p1a: Jirachi|Jirachi, L80|291/291\n|move|p2a: Dipplin|Dragon Pulse|p1a: Jirachi\n|-resisted|p1a: Jirachi\n|-damage|p1a: Jirachi|245/291\n|\n|-heal|p1a: Jirachi|263/291|[from] item: Leftovers\n|upkeep\n|turn|39\n|inactive|Time left: 300 sec this turn | 300 sec total\n|\n|t:|1783545974\n|move|p1a: Jirachi|Body Slam|p2a: Dipplin\n|-damage|p2a: Dipplin|90/100\n|-status|p2a: Dipplin|par\n|move|p2a: Dipplin|Dragon Pulse|p1a: Jirachi\n|-resisted|p1a: Jirachi\n|-damage|p1a: Jirachi|219/291\n|\n|-heal|p1a: Jirachi|237/291|[from] item: Leftovers\n|upkeep\n|turn|40\n|inactive|Time left: 300 sec this turn | 300 sec total\n|\n|t:|1783545975\n|move|p1a: Jirachi|Wish|p1a: Jirachi\n|move|p2a: Dipplin|Recover|p2a: Dipplin\n|-heal|p2a: Dipplin|100/100 par\n|\n|-heal|p1a: Jirachi|255/291|[from] item: Leftovers\n|upkeep\n|turn|41\n|inactive|Time left: 300 sec this turn | 300 sec total\n|\n|t:|1783545976\n|move|p1a: Jirachi|Iron Head|p2a: Dipplin\n|-damage|p2a: Dipplin|86/100 par\n|move|p2a: Dipplin|Giga Drain|p1a: Jirachi\n|-resisted|p1a: Jirachi\n|-damage|p1a: Jirachi|213/291\n|-heal|p2a: Dipplin|93/100 par|[from] drain|[of] p1a: Jirachi\n|\n|-heal|p1a: Jirachi|291/291|[from] move: Wish|[wisher] Jirachi\n|upkeep\n|turn|42\n|inactive|Time left: 300 sec this turn | 300 sec total\n|\n|t:|1783545977\n|move|p1a: Jirachi|Wish|p1a: Jirachi\n|move|p2a: Dipplin|Recover|p2a: Dipplin\n|-heal|p2a: Dipplin|100/100 par\n|\n|upkeep\n|turn|43\n|inactive|Time left: 300 sec this turn | 300 sec total\n|\n|t:|1783545978\n|switch|p1a: Glimmora|Glimmora, L75, F|248/248\n|move|p2a: Dipplin|Giga Drain|p1a: Glimmora\n|-damage|p1a: Glimmora|149/248\n|\n|-heal|p1a: Glimmora|248/248|[from] move: Wish|[wisher] Jirachi\n|upkeep\n|turn|44\n|inactive|Time left: 300 sec this turn | 300 sec total\n|\n|t:|1783545979\n|move|p1a: Glimmora|Sludge Wave|p2a: Dipplin\n|-supereffective|p2a: Dipplin\n|-damage|p2a: Dipplin|54/100 par\n|move|p2a: Dipplin|Giga Drain|p1a: Glimmora\n|-damage|p1a: Glimmora|142/248\n|-heal|p2a: Dipplin|73/100 par|[from] drain|[of] p1a: Glimmora\n|\n|upkeep\n|turn|45\n|inactive|Time left: 300 sec this turn | 300 sec total\n|\n|t:|1783545980\n|move|p1a: Glimmora|Sludge Wave|p2a: Dipplin\n|-supereffective|p2a: Dipplin\n|-damage|p2a: Dipplin|22/100 par\n|move|p2a: Dipplin|Giga Drain|p1a: Glimmora\n|-damage|p1a: Glimmora|42/248\n|-heal|p2a: Dipplin|40/100 par|[from] drain|[of] p1a: Glimmora\n|\n|upkeep\n|turn|46\n|inactive|Time left: 300 sec this turn | 300 sec total\n|\n|t:|1783545982\n|move|p1a: Glimmora|Sludge Wave|p2a: Dipplin\n|-supereffective|p2a: Dipplin\n|-damage|p2a: Dipplin|0 fnt\n|faint|p2a: Dipplin\n|\n|upkeep\n|\n|t:|1783545983\n|switch|p2a: Sceptile|Sceptile, L87, F|100/100\n|-damage|p2a: Sceptile|88/100|[from] Stealth Rock\n|-damage|p2a: Sceptile|75/100|[from] Spikes\n|turn|47\n|inactive|Time left: 300 sec this turn | 300 sec total\n|\n|t:|1783545984\n|move|p2a: Sceptile|Giga Drain|p1a: Glimmora\n|-damage|p1a: Glimmora|0 fnt\n|-heal|p2a: Sceptile|83/100|[from] drain|[of] p1a: Glimmora\n|faint|p1a: Glimmora\n|\n|-heal|p2a: Sceptile|90/100|[from] item: Leftovers\n|upkeep\n|inactive|Time left: 300 sec this turn | 300 sec total | 5 sec grace\n|\n|t:|1783545985\n|switch|p1a: Jirachi|Jirachi, L80|291/291\n|turn|48\n|inactive|Time left: 300 sec this turn | 300 sec total\n|\n|t:|1783545986\n|move|p2a: Sceptile|Leech Seed|p1a: Jirachi\n|-start|p1a: Jirachi|move: Leech Seed\n|move|p1a: Jirachi|Body Slam|p2a: Sceptile\n|-damage|p2a: Sceptile|62/100\n|-status|p2a: Sceptile|par\n|\n|-heal|p2a: Sceptile|68/100 par|[from] item: Leftovers\n|-damage|p1a: Jirachi|255/291|[from] Leech Seed|[of] p2a: Sceptile\n|-heal|p2a: Sceptile|82/100 par|[silent]\n|upkeep\n|turn|49\n|inactive|Time left: 300 sec this turn | 300 sec total\n|\n|t:|1783545987\n|switch|p1a: Ting-Lu|Ting-Lu, L78|50/370\n|-ability|p1a: Ting-Lu|Vessel of Ruin\n|move|p2a: Sceptile|Giga Drain|p1a: Ting-Lu\n|-supereffective|p1a: Ting-Lu\n|-damage|p1a: Ting-Lu|0 fnt\n|-heal|p2a: Sceptile|91/100 par|[from] drain|[of] p1a: Ting-Lu\n|faint|p1a: Ting-Lu\n|\n|-heal|p2a: Sceptile|97/100 par|[from] item: Leftovers\n|upkeep\n|inactive|Time left: 300 sec this turn | 300 sec total | 5 sec grace\n|\n|t:|1783545988\n|switch|p1a: Jirachi|Jirachi, L80|255/291\n|turn|50\n|inactive|Time left: 300 sec this turn | 300 sec total\n|\n|t:|1783545989\n|move|p1a: Jirachi|Iron Head|p2a: Sceptile\n|-damage|p2a: Sceptile|63/100 par\n|cant|p2a: Sceptile|par\n|\n|-heal|p1a: Jirachi|273/291|[from] item: Leftovers\n|-heal|p2a: Sceptile|69/100 par|[from] item: Leftovers\n|upkeep\n|turn|51\n|inactive|Time left: 300 sec this turn | 300 sec total\n|\n|t:|1783545990\n|move|p1a: Jirachi|Iron Head|p2a: Sceptile\n|-damage|p2a: Sceptile|30/100 par\n|cant|p2a: Sceptile|par\n|\n|-heal|p1a: Jirachi|291/291|[from] item: Leftovers\n|-heal|p2a: Sceptile|36/100 par|[from] item: Leftovers\n|upkeep\n|turn|52\n|inactive|Time left: 300 sec this turn | 300 sec total\n|\n|t:|1783545991\n|move|p1a: Jirachi|Iron Head|p2a: Sceptile\n|-damage|p2a: Sceptile|0 fnt\n|faint|p2a: Sceptile\n|\n|upkeep\n|\n|t:|1783545992\n|switch|p2a: Bellibolt|Bellibolt, L84, M|100/100\n|-damage|p2a: Bellibolt|88/100|[from] Stealth Rock\n|-damage|p2a: Bellibolt|75/100|[from] Spikes\n|turn|53\n|inactive|Time left: 300 sec this turn | 300 sec total\n|\n|t:|1783545993\n|move|p1a: Jirachi|Body Slam|p2a: Bellibolt\n|-damage|p2a: Bellibolt|58/100\n|-start|p2a: Bellibolt|Charge|Body Slam|[from] ability: Electromorphosis\n|move|p2a: Bellibolt|Slack Off|p2a: Bellibolt\n|-heal|p2a: Bellibolt|100/100\n|\n|upkeep\n|turn|54\n|inactive|Time left: 300 sec this turn | 300 sec total\n|\n|t:|1783545994\n|-terastallize|p2a: Bellibolt|Electric\n|move|p1a: Jirachi|Protect|p1a: Jirachi\n|-singleturn|p1a: Jirachi|Protect\n|move|p2a: Bellibolt|Thunderbolt|p1a: Jirachi\n|-activate|p1a: Jirachi|move: Protect\n|-end|p2a: Bellibolt|Charge|[silent]\n|\n|upkeep\n|turn|55\n|inactive|Time left: 300 sec this turn | 300 sec total\n|\n|t:|1783545995\n|move|p1a: Jirachi|Iron Head|p2a: Bellibolt\n|-resisted|p2a: Bellibolt\n|-damage|p2a: Bellibolt|88/100\n|-start|p2a: Bellibolt|Charge|Iron Head|[from] ability: Electromorphosis\n|cant|p2a: Bellibolt|flinch\n|-end|p2a: Bellibolt|Charge|[silent]\n|\n|-heal|p2a: Bellibolt|94/100|[from] item: Leftovers\n|upkeep\n|turn|56\n|inactive|Time left: 300 sec this turn | 300 sec total\n|\n|t:|1783545997\n|move|p1a: Jirachi|Wish|p1a: Jirachi\n|move|p2a: Bellibolt|Thunderbolt|p1a: Jirachi\n|-damage|p1a: Jirachi|167/291\n|\n|-heal|p1a: Jirachi|185/291|[from] item: Leftovers\n|-heal|p2a: Bellibolt|100/100|[from] item: Leftovers\n|upkeep\n|turn|57\n|inactive|Time left: 300 sec this turn | 300 sec total\n|\n|t:|1783545998\n|move|p1a: Jirachi|Iron Head|p2a: Bellibolt\n|-resisted|p2a: Bellibolt\n|-damage|p2a: Bellibolt|88/100\n|-start|p2a: Bellibolt|Charge|Iron Head|[from] ability: Electromorphosis\n|cant|p2a: Bellibolt|flinch\n|-end|p2a: Bellibolt|Charge|[silent]\n|\n|-heal|p1a: Jirachi|291/291|[from] move: Wish|[wisher] Jirachi\n|-heal|p2a: Bellibolt|95/100|[from] item: Leftovers\n|upkeep\n|turn|58\n|inactive|Time left: 300 sec this turn | 300 sec total\n|\n|t:|1783545999\n|move|p1a: Jirachi|Wish|p1a: Jirachi\n|move|p2a: Bellibolt|Thunderbolt|p1a: Jirachi\n|-damage|p1a: Jirachi|175/291\n|\n|-heal|p1a: Jirachi|193/291|[from] item: Leftovers\n|-heal|p2a: Bellibolt|100/100|[from] item: Leftovers\n|upkeep\n|turn|59\n|inactive|Time left: 300 sec this turn | 300 sec total\n|\n|t:|1783546000\n|move|p1a: Jirachi|Iron Head|p2a: Bellibolt\n|-resisted|p2a: Bellibolt\n|-damage|p2a: Bellibolt|89/100\n|-start|p2a: Bellibolt|Charge|Iron Head|[from] ability: Electromorphosis\n|cant|p2a: Bellibolt|flinch\n|-end|p2a: Bellibolt|Charge|[silent]\n|\n|-heal|p1a: Jirachi|291/291|[from] move: Wish|[wisher] Jirachi\n|-heal|p2a: Bellibolt|95/100|[from] item: Leftovers\n|upkeep\n|turn|60\n|inactive|Time left: 300 sec this turn | 300 sec total\n|\n|t:|1783546001\n|move|p1a: Jirachi|Protect|p1a: Jirachi\n|-singleturn|p1a: Jirachi|Protect\n|move|p2a: Bellibolt|Thunderbolt|p1a: Jirachi\n|-activate|p1a: Jirachi|move: Protect\n|\n|-heal|p2a: Bellibolt|100/100|[from] item: Leftovers\n|upkeep\n|turn|61\n|inactive|Time left: 300 sec this turn | 300 sec total\n|\n|t:|1783546002\n|move|p1a: Jirachi|Wish|p1a: Jirachi\n|move|p2a: Bellibolt|Thunderbolt|p1a: Jirachi\n|-damage|p1a: Jirachi|173/291\n|\n|-heal|p1a: Jirachi|191/291|[from] item: Leftovers\n|upkeep\n|turn|62\n|inactive|Time left: 300 sec this turn | 300 sec total\n|\n|t:|1783546003\n|move|p1a: Jirachi|Protect|p1a: Jirachi\n|-singleturn|p1a: Jirachi|Protect\n|move|p2a: Bellibolt|Thunderbolt|p1a: Jirachi\n|-activate|p1a: Jirachi|move: Protect\n|\n|-heal|p1a: Jirachi|291/291|[from] move: Wish|[wisher] Jirachi\n|upkeep\n|turn|63\n|inactive|Time left: 300 sec this turn | 300 sec total\n|\n|t:|1783546004\n|move|p1a: Jirachi|Iron Head|p2a: Bellibolt\n|-resisted|p2a: Bellibolt\n|-damage|p2a: Bellibolt|89/100\n|-start|p2a: Bellibolt|Charge|Iron Head|[from] ability: Electromorphosis\n|cant|p2a: Bellibolt|flinch\n|-end|p2a: Bellibolt|Charge|[silent]\n|\n|-heal|p2a: Bellibolt|95/100|[from] item: Leftovers\n|upkeep\n|turn|64\n|inactive|Time left: 300 sec this turn | 300 sec total\n|\n|t:|1783546004\n|move|p1a: Jirachi|Wish|p1a: Jirachi\n|move|p2a: Bellibolt|Thunderbolt|p1a: Jirachi\n|-damage|p1a: Jirachi|155/291\n|\n|-heal|p1a: Jirachi|173/291|[from] item: Leftovers\n|-heal|p2a: Bellibolt|100/100|[from] item: Leftovers\n|upkeep\n|turn|65\n|inactive|Time left: 300 sec this turn | 300 sec total\n|\n|t:|1783546005\n|move|p1a: Jirachi|Protect|p1a: Jirachi\n|-singleturn|p1a: Jirachi|Protect\n|move|p2a: Bellibolt|Thunderbolt|p1a: Jirachi\n|-activate|p1a: Jirachi|move: Protect\n|\n|-heal|p1a: Jirachi|291/291|[from] move: Wish|[wisher] Jirachi\n|upkeep\n|turn|66\n|inactive|Time left: 300 sec this turn | 300 sec total\n|\n|t:|1783546006\n|move|p1a: Jirachi|Wish|p1a: Jirachi\n|move|p2a: Bellibolt|Thunderbolt|p1a: Jirachi\n|-damage|p1a: Jirachi|171/291\n|\n|-heal|p1a: Jirachi|189/291|[from] item: Leftovers\n|upkeep\n|turn|67\n|inactive|Time left: 300 sec this turn | 300 sec total\n|\n|t:|1783546007\n|move|p1a: Jirachi|Iron Head|p2a: Bellibolt\n|-resisted|p2a: Bellibolt\n|-damage|p2a: Bellibolt|88/100\n|-start|p2a: Bellibolt|Charge|Iron Head|[from] ability: Electromorphosis\n|cant|p2a: Bellibolt|flinch\n|-end|p2a: Bellibolt|Charge|[silent]\n|\n|-heal|p1a: Jirachi|291/291|[from] move: Wish|[wisher] Jirachi\n|-heal|p2a: Bellibolt|95/100|[from] item: Leftovers\n|upkeep\n|turn|68\n|inactive|Time left: 300 sec this turn | 300 sec total\n|\n|t:|1783546008\n|move|p1a: Jirachi|Iron Head|p2a: Bellibolt\n|-resisted|p2a: Bellibolt\n|-damage|p2a: Bellibolt|82/100\n|-start|p2a: Bellibolt|Charge|Iron Head|[from] ability: Electromorphosis\n|cant|p2a: Bellibolt|flinch\n|-end|p2a: Bellibolt|Charge|[silent]\n|\n|-heal|p2a: Bellibolt|88/100|[from] item: Leftovers\n|upkeep\n|turn|69\n|inactive|Time left: 300 sec this turn | 300 sec total\n|\n|t:|1783546009\n|move|p1a: Jirachi|Protect|p1a: Jirachi\n|-singleturn|p1a: Jirachi|Protect\n|move|p2a: Bellibolt|Thunderbolt|p1a: Jirachi\n|-activate|p1a: Jirachi|move: Protect\n|\n|-heal|p2a: Bellibolt|94/100|[from] item: Leftovers\n|upkeep\n|turn|70\n|inactive|Time left: 300 sec this turn | 300 sec total\n|\n|t:|1783546010\n|move|p1a: Jirachi|Wish|p1a: Jirachi\n|move|p2a: Bellibolt|Thunderbolt|p1a: Jirachi\n|-damage|p1a: Jirachi|169/291\n|\n|-heal|p1a: Jirachi|187/291|[from] item: Leftovers\n|-heal|p2a: Bellibolt|100/100|[from] item: Leftovers\n|upkeep\n|turn|71\n|inactive|Time left: 300 sec this turn | 300 sec total\n|\n|t:|1783546011\n|move|p1a: Jirachi|Protect|p1a: Jirachi\n|-singleturn|p1a: Jirachi|Protect\n|move|p2a: Bellibolt|Thunderbolt|p1a: Jirachi\n|-activate|p1a: Jirachi|move: Protect\n|\n|-heal|p1a: Jirachi|291/291|[from] move: Wish|[wisher] Jirachi\n|upkeep\n|turn|72\n|inactive|Time left: 300 sec this turn | 300 sec total\n|\n|t:|1783546011\n|move|p1a: Jirachi|Wish|p1a: Jirachi\n|move|p2a: Bellibolt|Thunderbolt|p1a: Jirachi\n|-damage|p1a: Jirachi|165/291\n|\n|-heal|p1a: Jirachi|183/291|[from] item: Leftovers\n|upkeep\n|turn|73\n|inactive|Time left: 300 sec this turn | 300 sec total\n|\n|t:|1783546012\n|move|p1a: Jirachi|Protect|p1a: Jirachi\n|-singleturn|p1a: Jirachi|Protect\n|move|p2a: Bellibolt|Thunderbolt|p1a: Jirachi\n|-activate|p1a: Jirachi|move: Protect\n|\n|-heal|p1a: Jirachi|291/291|[from] move: Wish|[wisher] Jirachi\n|upkeep\n|turn|74\n|inactive|Time left: 300 sec this turn | 300 sec total\n|\n|t:|1783546014\n|move|p1a: Jirachi|Wish|p1a: Jirachi\n|move|p2a: Bellibolt|Thunderbolt|p1a: Jirachi\n|-damage|p1a: Jirachi|163/291\n|-status|p1a: Jirachi|par\n|\n|-heal|p1a: Jirachi|181/291 par|[from] item: Leftovers\n|upkeep\n|turn|75\n|inactive|Time left: 300 sec this turn | 300 sec total\n|\n|t:|1783546015\n|move|p1a: Jirachi|Protect|p1a: Jirachi\n|-singleturn|p1a: Jirachi|Protect\n|move|p2a: Bellibolt|Thunderbolt|p1a: Jirachi\n|-activate|p1a: Jirachi|move: Protect\n|\n|-heal|p1a: Jirachi|291/291 par|[from] move: Wish|[wisher] Jirachi\n|upkeep\n|turn|76\n|inactive|Time left: 300 sec this turn | 300 sec total\n|\n|t:|1783546015\n|move|p2a: Bellibolt|Thunderbolt|p1a: Jirachi\n|-damage|p1a: Jirachi|171/291 par\n|move|p1a: Jirachi|Wish|p1a: Jirachi\n|\n|-heal|p1a: Jirachi|189/291 par|[from] item: Leftovers\n|upkeep\n|turn|77\n|inactive|Time left: 300 sec this turn | 300 sec total\n|\n|t:|1783546017\n|move|p1a: Jirachi|Protect|p1a: Jirachi\n|-singleturn|p1a: Jirachi|Protect\n|move|p2a: Bellibolt|Thunderbolt|p1a: Jirachi\n|-activate|p1a: Jirachi|move: Protect\n|\n|-heal|p1a: Jirachi|291/291 par|[from] move: Wish|[wisher] Jirachi\n|upkeep\n|turn|78\n|inactive|Time left: 300 sec this turn | 300 sec total\n|\n|t:|1783546017\n|move|p2a: Bellibolt|Thunderbolt|p1a: Jirachi\n|-damage|p1a: Jirachi|161/291 par\n|move|p1a: Jirachi|Wish|p1a: Jirachi\n|\n|-heal|p1a: Jirachi|179/291 par|[from] item: Leftovers\n|upkeep\n|turn|79\n|inactive|Time left: 300 sec this turn | 300 sec total\n|\n|t:|1783546019\n|move|p1a: Jirachi|Protect|p1a: Jirachi\n|-singleturn|p1a: Jirachi|Protect\n|move|p2a: Bellibolt|Thunderbolt|p1a: Jirachi\n|-activate|p1a: Jirachi|move: Protect\n|\n|-heal|p1a: Jirachi|291/291 par|[from] move: Wish|[wisher] Jirachi\n|upkeep\n|turn|80\n|inactive|Time left: 300 sec this turn | 300 sec total\n|\n|t:|1783546020\n|move|p2a: Bellibolt|Thunderbolt|p1a: Jirachi\n|-damage|p1a: Jirachi|173/291 par\n|cant|p1a: Jirachi|par\n|\n|-heal|p1a: Jirachi|191/291 par|[from] item: Leftovers\n|upkeep\n|turn|81\n|inactive|Time left: 300 sec this turn | 300 sec total\n|\n|t:|1783546021\n|move|p1a: Jirachi|Protect|p1a: Jirachi\n|-singleturn|p1a: Jirachi|Protect\n|move|p2a: Bellibolt|Thunderbolt|p1a: Jirachi\n|-activate|p1a: Jirachi|move: Protect\n|\n|-heal|p1a: Jirachi|209/291 par|[from] item: Leftovers\n|upkeep\n|turn|82\n|inactive|Time left: 300 sec this turn | 300 sec total\n|\n|t:|1783546022\n|move|p2a: Bellibolt|Thunderbolt|p1a: Jirachi\n|-damage|p1a: Jirachi|83/291 par\n|cant|p1a: Jirachi|par\n|\n|-heal|p1a: Jirachi|101/291 par|[from] item: Leftovers\n|upkeep\n|turn|83\n|inactive|Time left: 300 sec this turn | 300 sec total\n|\n|t:|1783546023\n|move|p1a: Jirachi|Protect|p1a: Jirachi\n|-singleturn|p1a: Jirachi|Protect\n|move|p2a: Bellibolt|Volt Switch|p1a: Jirachi\n|-activate|p1a: Jirachi|move: Protect\n|\n|-heal|p1a: Jirachi|119/291 par|[from] item: Leftovers\n|upkeep\n|turn|84\n|inactive|Time left: 300 sec this turn | 300 sec total\n|\n|t:|1783546024\n|move|p2a: Bellibolt|Volt Switch|p1a: Jirachi\n|-damage|p1a: Jirachi|21/291 par\n|\n|t:|1783546025\n|switch|p2a: Espeon|Espeon, L84, M|100/100|[from] Volt Switch\n|-damage|p2a: Espeon|88/100|[from] Stealth Rock\n|-damage|p2a: Espeon|76/100|[from] Spikes\n|move|p1a: Jirachi|Wish|p1a: Jirachi\n|\n|-heal|p1a: Jirachi|39/291 par|[from] item: Leftovers\n|upkeep\n|turn|85\n|inactive|Time left: 300 sec this turn | 300 sec total\n|\n|t:|1783546026\n|move|p1a: Jirachi|Protect|p1a: Jirachi\n|-singleturn|p1a: Jirachi|Protect\n|move|p2a: Espeon|Shadow Ball|p1a: Jirachi\n|-activate|p1a: Jirachi|move: Protect\n|\n|-heal|p1a: Jirachi|184/291 par|[from] move: Wish|[wisher] Jirachi\n|-heal|p1a: Jirachi|202/291 par|[from] item: Leftovers\n|upkeep\n|turn|86\n|inactive|Time left: 300 sec this turn | 300 sec total\n|\n|t:|1783546027\n|-terastallize|p1a: Jirachi|Water\n|move|p2a: Espeon|Shadow Ball|p1a: Jirachi\n|-damage|p1a: Jirachi|98/291 par\n|cant|p1a: Jirachi|par\n|\n|-heal|p1a: Jirachi|116/291 par|[from] item: Leftovers\n|upkeep\n|turn|87\n|inactive|Time left: 300 sec this turn | 300 sec total\n|\n|t:|1783546028\n|move|p2a: Espeon|Shadow Ball|p1a: Jirachi\n|-damage|p1a: Jirachi|13/291 par\n|-unboost|p1a: Jirachi|spd|1\n|move|p1a: Jirachi|Body Slam|p2a: Espeon\n|-damage|p2a: Espeon|45/100\n|-status|p2a: Espeon|par\n|\n|-heal|p1a: Jirachi|31/291 par|[from] item: Leftovers\n|upkeep\n|turn|88\n|inactive|Time left: 300 sec this turn | 300 sec total\n|\n|t:|1783546029\n|move|p2a: Espeon|Shadow Ball|p1a: Jirachi\n|-damage|p1a: Jirachi|0 fnt\n|faint|p1a: Jirachi\n|\n|win|p0y59174d1", "uploadtime": 1783546029, "views": 0, "rating": 0, "private": 0, "password": null, "_winner": "p0y59174d1", "_our_name": "p0x591b41d"}