{"id": "battle-gen9randombattle-2892", "formatid": "gen9randombattle", "format": "[Gen 9] Random Battle", "players": ["p0x2892a6a2", "p0y289227fa"], "log": "|init|battle\n|title|p0x2892a6a2 vs. p0y289227fa\n|j|\u2606p0x2892a6a2\n|j|\u2606p0y289227fa\n|t:|1783573307\n|gametype|singles\n|player|p1|p0x2892a6a2|170|\n|player|p2|p0y289227fa|169|\n|gen|9\n|tier|[Gen 9] Random Battle\n|rule|Species Clause: Limit one of each Pok\u00e9mon\n|rule|HP Percentage Mod: HP is shown in percentages\n|rule|Sleep Clause Mod: Limit one foe put to sleep\n|rule|Illusion Level Mod: Illusion disguises the Pok\u00e9mon's true level\n|\n|t:|1783573307\n|teamsize|p1|6\n|teamsize|p2|6\n|start\n|switch|p1a: Minun|Minun, L95, M|268/268\n|switch|p2a: Breloom|Breloom, L83, F|100/100\n|turn|1\n|inactive|Battle timer is ON: inactive players will automatically lose when time's up. (requested by p0x2892a6a2)\n|inactive|p0y289227fa also wants the timer to be on.\n|\n|t:|1783573308\n|switch|p1a: Arceus|Arceus-Grass, L73|296/296\n|move|p2a: Breloom|Bullet Seed|p1a: Arceus\n|-resisted|p1a: Arceus\n|-damage|p1a: Arceus|269/296\n|-resisted|p1a: Arceus\n|-damage|p1a: Arceus|242/296\n|-hitcount|p1a: Arceus|2\n|-damage|p2a: Breloom|91/100|[from] item: Life Orb\n|\n|upkeep\n|turn|2\n|inactive|Time left: 300 sec this turn | 300 sec total | 60 sec grace\n|\n|t:|1783573309\n|move|p1a: Arceus|Fire Blast|p2a: Breloom\n|-supereffective|p2a: Breloom\n|-damage|p2a: Breloom|14/100\n|move|p2a: Breloom|Swords Dance|p2a: Breloom\n|-boost|p2a: Breloom|atk|2\n|\n|upkeep\n|turn|3\n|inactive|Time left: 300 sec this turn | 300 sec total\n|\n|t:|1783573310\n|move|p2a: Breloom|Mach Punch|p1a: Arceus\n|-damage|p1a: Arceus|47/296\n|-damage|p2a: Breloom|4/100|[from] item: Life Orb\n|move|p1a: Arceus|Judgment|p2a: Breloom\n|-resisted|p2a: Breloom\n|-damage|p2a: Breloom|0 fnt\n|faint|p2a: Breloom\n|\n|upkeep\n|\n|t:|1783573311\n|switch|p2a: Iron Bundle|Iron Bundle, L78|100/100\n|turn|4\n|inactive|Time left: 300 sec this turn | 300 sec total\n|\n|t:|1783573312\n|switch|p1a: Glaceon|Glaceon, L94, F|275/275\n|move|p2a: Iron Bundle|Hydro Pump|p1a: Glaceon\n|-damage|p1a: Glaceon|175/275\n|\n|upkeep\n|turn|5\n|inactive|Time left: 300 sec this turn | 300 sec total\n|\n|t:|1783573313\n|-end|p2a: Iron Bundle|Quark Drive|[silent]\n|switch|p2a: Porygon-Z|Porygon-Z, L83|100/100\n|move|p1a: Glaceon|Freeze-Dry|p2a: Porygon-Z\n|-damage|p2a: Porygon-Z|55/100\n|\n|upkeep\n|turn|6\n|inactive|Time left: 300 sec this turn | 300 sec total\n|\n|t:|1783573314\n|-terastallize|p2a: Porygon-Z|Fighting\n|move|p2a: Porygon-Z|Tera Blast|p1a: Glaceon|[anim] Tera Blast Fighting\n|-supereffective|p1a: Glaceon\n|-damage|p1a: Glaceon|0 fnt\n|faint|p1a: Glaceon\n|-damage|p2a: Porygon-Z|45/100|[from] item: Life Orb\n|\n|upkeep\n|inactive|Time left: 300 sec this turn | 300 sec total | 5 sec grace\n|\n|t:|1783573314\n|switch|p1a: Infernape|Infernape, L82, M|259/259\n|turn|7\n|inactive|Time left: 300 sec this turn | 300 sec total\n|\n|t:|1783573315\n|switch|p2a: Suicune|Suicune, L82|100/100\n|-ability|p2a: Suicune|Pressure\n|move|p1a: Infernape|Close Combat|p2a: Suicune\n|-damage|p2a: Suicune|50/100\n|-unboost|p1a: Infernape|def|1\n|-unboost|p1a: Infernape|spd|1\n|\n|-heal|p2a: Suicune|56/100|[from] item: Leftovers\n|upkeep\n|turn|8\n|inactive|Time left: 300 sec this turn | 300 sec total\n|\n|t:|1783573316\n|move|p1a: Infernape|Close Combat|p2a: Suicune\n|-damage|p2a: Suicune|0 fnt\n|-unboost|p1a: Infernape|def|1\n|-unboost|p1a: Infernape|spd|1\n|faint|p2a: Suicune\n|\n|upkeep\n|\n|t:|1783573317\n|switch|p2a: Pawmot|Pawmot, L80, F|100/100\n|turn|9\n|inactive|Time left: 300 sec this turn | 300 sec total\n|\n|t:|1783573318\n|move|p1a: Infernape|Close Combat|p2a: Pawmot\n|-damage|p2a: Pawmot|0 fnt\n|-unboost|p1a: Infernape|def|1\n|-unboost|p1a: Infernape|spd|1\n|faint|p2a: Pawmot\n|\n|upkeep\n|\n|t:|1783573319\n|switch|p2a: Iron Bundle|Iron Bundle, L78|100/100\n|turn|10\n|inactive|Time left: 300 sec this turn | 300 sec total\n|\n|t:|1783573320\n|switch|p1a: Rabsca|Rabsca, L91, F|284/284\n|move|p2a: Iron Bundle|Hydro Pump|p1a: Rabsca\n|-damage|p1a: Rabsca|172/284\n|\n|upkeep\n|turn|11\n|inactive|Time left: 300 sec this turn | 300 sec total\n|\n|t:|1783573321\n|-end|p2a: Iron Bundle|Quark Drive|[silent]\n|switch|p2a: Komala|Komala, L87, F|100/100\n|-ability|p2a: Komala|Comatose\n|move|p1a: Rabsca|Bug Buzz|p2a: Komala\n|-damage|p2a: Komala|67/100\n|\n|upkeep\n|turn|12\n|inactive|Time left: 300 sec this turn | 300 sec total\n|\n|t:|1783573322\n|switch|p1a: Infernape|Infernape, L82, M|259/259\n|move|p2a: Komala|Knock Off|p1a: Infernape\n|-resisted|p1a: Infernape\n|-crit|p1a: Infernape\n|-damage|p1a: Infernape|181/259\n|-enditem|p1a: Infernape|Choice Band|[from] move: Knock Off|[of] p2a: Komala\n|\n|upkeep\n|turn|13\n|inactive|Time left: 300 sec this turn | 300 sec total\n|\n|t:|1783573323\n|move|p1a: Infernape|Close Combat|p2a: Komala\n|-supereffective|p2a: Komala\n|-crit|p2a: Komala\n|-damage|p2a: Komala|0 fnt\n|-unboost|p1a: Infernape|def|1\n|-unboost|p1a: Infernape|spd|1\n|faint|p2a: Komala\n|\n|upkeep\n|\n|t:|1783573325\n|switch|p2a: Iron Bundle|Iron Bundle, L78|100/100\n|turn|14\n|inactive|Time left: 300 sec this turn | 300 sec total\n|\n|t:|1783573326\n|move|p2a: Iron Bundle|Hydro Pump|p1a: Infernape\n|-supereffective|p1a: Infernape\n|-damage|p1a: Infernape|0 fnt\n|faint|p1a: Infernape\n|\n|upkeep\n|inactive|Time left: 300 sec this turn | 300 sec total | 5 sec grace\n|\n|t:|1783573327\n|switch|p1a: Minun|Minun, L95, M|268/268\n|turn|15\n|inactive|Time left: 300 sec this turn | 300 sec total\n|\n|t:|1783573328\n|move|p2a: Iron Bundle|Ice Beam|p1a: Minun\n|-damage|p1a: Minun|174/268\n|-status|p1a: Minun|frz\n|cant|p1a: Minun|frz\n|\n|upkeep\n|turn|16\n|inactive|Time left: 300 sec this turn | 300 sec total\n|\n|t:|1783573329\n|move|p2a: Iron Bundle|Ice Beam|p1a: Minun\n|-damage|p1a: Minun|77/268 frz\n|cant|p1a: Minun|frz\n|\n|upkeep\n|turn|17\n|inactive|Time left: 300 sec this turn | 300 sec total\n|\n|t:|1783573330\n|move|p2a: Iron Bundle|Hydro Pump|p1a: Minun\n|-damage|p1a: Minun|0 fnt\n|faint|p1a: Minun\n|\n|upkeep\n|inactive|Time left: 300 sec this turn | 300 sec total | 5 sec grace\n|\n|t:|1783573331\n|switch|p1a: Maushold|Maushold, L76|238/238\n|turn|18\n|inactive|Time left: 300 sec this turn | 300 sec total\n|\n|t:|1783573332\n|-terastallize|p1a: Maushold|Normal\n|move|p2a: Iron Bundle|Ice Beam|p1a: Maushold\n|-damage|p1a: Maushold|117/238\n|move|p1a: Maushold|Population Bomb|p2a: Iron Bundle\n|-damage|p2a: Iron Bundle|87/100\n|-damage|p2a: Iron Bundle|76/100\n|-damage|p2a: Iron Bundle|63/100\n|-damage|p2a: Iron Bundle|50/100\n|-damage|p2a: Iron Bundle|38/100\n|-damage|p2a: Iron Bundle|26/100\n|-damage|p2a: Iron Bundle|13/100\n|-damage|p2a: Iron Bundle|1/100\n|-damage|p2a: Iron Bundle|0 fnt\n|faint|p2a: Iron Bundle\n|-end|p2a: Iron Bundle|Quark Drive|[silent]\n|-hitcount|p2: Iron Bundle|9\n|\n|upkeep\n|\n|t:|1783573333\n|switch|p2a: Porygon-Z|Porygon-Z, L83, tera:Fighting|45/100\n|turn|19\n|inactive|Time left: 300 sec this turn | 300 sec total\n|\n|t:|1783573333\n|move|p1a: Maushold|Population Bomb|p2a: Porygon-Z\n|-damage|p2a: Porygon-Z|33/100\n|-damage|p2a: Porygon-Z|21/100\n|-damage|p2a: Porygon-Z|8/100\n|-damage|p2a: Porygon-Z|0 fnt\n|faint|p2a: Porygon-Z\n|-hitcount|p2: Porygon-Z|4\n|\n|win|p0x2892a6a2", "uploadtime": 1783573333, "views": 0, "rating": 0, "private": 0, "password": null, "_winner": "p0x2892a6a2", "_our_name": "p0x2892a6a2"}