{"id": "battle-gen9randombattle-89", "formatid": "gen9randombattle", "format": "[Gen 9] Random Battle", "players": ["p0x089438a", "p0y08919fb"], "log": "|init|battle\n|title|p0x089438a vs. p0y08919fb\n|j|\u2606p0x089438a\n|j|\u2606p0y08919fb\n|t:|1783534806\n|gametype|singles\n|player|p1|p0x089438a|265|\n|player|p2|p0y08919fb|1|\n|gen|9\n|tier|[Gen 9] Random Battle\n|rule|Species Clause: Limit one of each Pok\u00e9mon\n|rule|HP Percentage Mod: HP is shown in percentages\n|rule|Sleep Clause Mod: Limit one foe put to sleep\n|rule|Illusion Level Mod: Illusion disguises the Pok\u00e9mon's true level\n|\n|t:|1783534806\n|teamsize|p1|6\n|teamsize|p2|6\n|start\n|switch|p1a: Kyogre|Kyogre, L71|100/100\n|switch|p2a: Minior|Minior-Yellow, L79|224/224\n|-weather|RainDance|[from] ability: Drizzle|[of] p1a: Kyogre\n|-formechange|p2a: Minior|Minior-Meteor||[from] ability: Shields Down\n|turn|1\n|inactive|Battle timer is ON: inactive players will automatically lose when time's up. (requested by p0x089438a)\n|inactive|Time left: 300 sec this turn | 300 sec total | 60 sec grace\n|inactive|p0y08919fb also wants the timer to be on.\n|\n|t:|1783534807\n|switch|p2a: Palkia|Palkia, L75|259/259\n|-ability|p2a: Palkia|Pressure\n|move|p1a: Kyogre|Water Spout|p2a: Palkia\n|-resisted|p2a: Palkia\n|-damage|p2a: Palkia|201/259\n|\n|-weather|RainDance|[upkeep]\n|upkeep\n|turn|2\n|inactive|Time left: 300 sec this turn | 300 sec total\n|\n|t:|1783534809\n|move|p2a: Palkia|Spacial Rend|p1a: Kyogre\n|-damage|p1a: Kyogre|65/100\n|move|p1a: Kyogre|Water Spout|p2a: Palkia\n|-resisted|p2a: Palkia\n|-damage|p2a: Palkia|166/259\n|\n|-weather|RainDance|[upkeep]\n|upkeep\n|turn|3\n|inactive|Time left: 300 sec this turn | 300 sec total\n|\n|t:|1783534810\n|switch|p1a: Primarina|Primarina, L83, M|100/100\n|move|p2a: Palkia|Spacial Rend|p1a: Primarina\n|-immune|p1a: Primarina\n|\n|-weather|RainDance|[upkeep]\n|upkeep\n|turn|4\n|inactive|Time left: 300 sec this turn | 300 sec total\n|\n|t:|1783534811\n|switch|p2a: Meloetta|Meloetta, L82|298/298\n|move|p1a: Primarina|Sparkling Aria|p2a: Meloetta\n|-damage|p2a: Meloetta|159/298\n|\n|-weather|RainDance|[upkeep]\n|-heal|p2a: Meloetta|177/298|[from] item: Leftovers\n|upkeep\n|turn|5\n|inactive|Time left: 300 sec this turn | 300 sec total\n|\n|t:|1783534812\n|move|p2a: Meloetta|Calm Mind|p2a: Meloetta\n|-boost|p2a: Meloetta|spa|1\n|-boost|p2a: Meloetta|spd|1\n|move|p1a: Primarina|Sparkling Aria|p2a: Meloetta\n|-damage|p2a: Meloetta|90/298\n|\n|-weather|none\n|-heal|p2a: Meloetta|108/298|[from] item: Leftovers\n|upkeep\n|turn|6\n|inactive|Time left: 300 sec this turn | 300 sec total\n|\n|t:|1783534813\n|move|p2a: Meloetta|Psyshock|p1a: Primarina\n|-damage|p1a: Primarina|38/100\n|move|p1a: Primarina|Calm Mind|p1a: Primarina\n|-boost|p1a: Primarina|spa|1\n|-boost|p1a: Primarina|spd|1\n|\n|-heal|p2a: Meloetta|126/298|[from] item: Leftovers\n|-heal|p1a: Primarina|44/100|[from] item: Leftovers\n|upkeep\n|turn|7\n|inactive|Time left: 300 sec this turn | 300 sec total\n|\n|t:|1783534814\n|switch|p1a: Skuntank|Skuntank, L84, M|100/100\n|move|p2a: Meloetta|Psyshock|p1a: Skuntank\n|-immune|p1a: Skuntank\n|\n|-heal|p2a: Meloetta|144/298|[from] item: Leftovers\n|upkeep\n|turn|8\n|inactive|Time left: 300 sec this turn | 300 sec total\n|\n|t:|1783534815\n|move|p2a: Meloetta|Hyper Voice|p1a: Skuntank\n|-damage|p1a: Skuntank|25/100\n|move|p1a: Skuntank|Knock Off|p2a: Meloetta\n|-supereffective|p2a: Meloetta\n|-damage|p2a: Meloetta|0 fnt\n|-enditem|p2a: Meloetta|Leftovers|[from] move: Knock Off|[of] p1a: Skuntank\n|faint|p2a: Meloetta\n|-damage|p1a: Skuntank|15/100|[from] item: Life Orb\n|\n|upkeep\n|inactive|Time left: 300 sec this turn | 300 sec total | 5 sec grace\n|\n|t:|1783534816\n|switch|p2a: Minior|Minior-Yellow, L79|224/224\n|-formechange|p2a: Minior|Minior-Meteor||[from] ability: Shields Down\n|turn|9\n|inactive|Time left: 300 sec this turn | 300 sec total\n|\n|t:|1783534817\n|move|p1a: Skuntank|Taunt|p2a: Minior\n|-start|p2a: Minior|move: Taunt\n|cant|p2a: Minior|move: Taunt|Shell Smash\n|\n|upkeep\n|turn|10\n|inactive|Time left: 300 sec this turn | 300 sec total\n|\n|t:|1783534818\n|move|p1a: Skuntank|Knock Off|p2a: Minior\n|-damage|p2a: Minior|91/224\n|-enditem|p2a: Minior|White Herb|[from] move: Knock Off|[of] p1a: Skuntank\n|-damage|p1a: Skuntank|5/100|[from] item: Life Orb\n|move|p2a: Minior|Power Gem|p1a: Skuntank\n|-damage|p1a: Skuntank|0 fnt\n|faint|p1a: Skuntank\n|\n|-formechange|p2a: Minior|Minior-Yellow||[from] ability: Shields Down\n|upkeep\n|\n|t:|1783534819\n|switch|p1a: Kyogre|Kyogre, L71|65/100\n|-weather|RainDance|[from] ability: Drizzle|[of] p1a: Kyogre\n|turn|11\n|inactive|Time left: 300 sec this turn | 300 sec total\n|\n|t:|1783534820\n|switch|p2a: Palkia|Palkia, L75|166/259\n|-ability|p2a: Palkia|Pressure\n|move|p1a: Kyogre|Water Spout|p2a: Palkia\n|-resisted|p2a: Palkia\n|-damage|p2a: Palkia|130/259\n|\n|-weather|RainDance|[upkeep]\n|upkeep\n|turn|12\n|inactive|Time left: 300 sec this turn | 300 sec total\n|\n|t:|1783534820\n|switch|p1a: Primarina|Primarina, L83, M|44/100\n|move|p2a: Palkia|Hydro Pump|p1a: Primarina\n|-resisted|p1a: Primarina\n|-damage|p1a: Primarina|15/100\n|\n|-weather|RainDance|[upkeep]\n|-heal|p1a: Primarina|21/100|[from] item: Leftovers\n|upkeep\n|turn|13\n|inactive|Time left: 300 sec this turn | 300 sec total\n|\n|t:|1783534821\n|move|p2a: Palkia|Hydro Pump|p1a: Primarina\n|-resisted|p1a: Primarina\n|-damage|p1a: Primarina|0 fnt\n|faint|p1a: Primarina\n|\n|-weather|RainDance|[upkeep]\n|upkeep\n|\n|t:|1783534822\n|switch|p1a: Rayquaza|Rayquaza, L72|100/100\n|-ability|p1a: Rayquaza|Air Lock\n|turn|14\n|inactive|Time left: 300 sec this turn | 300 sec total\n|\n|t:|1783534823\n|move|p2a: Palkia|Hydro Pump|p1a: Rayquaza|[miss]\n|-miss|p2a: Palkia|p1a: Rayquaza\n|move|p1a: Rayquaza|Swords Dance|p1a: Rayquaza\n|-boost|p1a: Rayquaza|atk|2\n|\n|-weather|RainDance|[upkeep]\n|upkeep\n|turn|15\n|inactive|Time left: 300 sec this turn | 300 sec total\n|\n|t:|1783534824\n|switch|p2a: Minior|Minior-Yellow, L79|91/224\n|move|p1a: Rayquaza|Scale Shot|p2a: Minior\n|-damage|p2a: Minior|9/224\n|-damage|p2a: Minior|0 fnt\n|faint|p2a: Minior\n|-hitcount|p2: Minior|2\n|-unboost|p1a: Rayquaza|def|1\n|-boost|p1a: Rayquaza|spe|1\n|\n|-weather|none\n|upkeep\n|inactive|Time left: 300 sec this turn | 300 sec total | 5 sec grace\n|\n|t:|1783534825\n|switch|p2a: Palkia|Palkia, L75|130/259\n|-ability|p2a: Palkia|Pressure\n|turn|16\n|inactive|Time left: 300 sec this turn | 300 sec total\n|\n|t:|1783534825\n|-terastallize|p1a: Rayquaza|Steel\n|move|p2a: Palkia|Spacial Rend|p1a: Rayquaza\n|-resisted|p1a: Rayquaza\n|-damage|p1a: Rayquaza|74/100\n|move|p1a: Rayquaza|Earthquake|p2a: Palkia\n|-damage|p2a: Palkia|0 fnt\n|faint|p2a: Palkia\n|\n|upkeep\n|inactive|Time left: 300 sec this turn | 300 sec total | 5 sec grace\n|\n|t:|1783534826\n|switch|p2a: Tropius|Tropius, L91, F|328/328\n|turn|17\n|inactive|Time left: 300 sec this turn | 300 sec total\n|\n|t:|1783534827\n|move|p2a: Tropius|Protect|p2a: Tropius\n|-singleturn|p2a: Tropius|Protect\n|move|p1a: Rayquaza|Dragon Ascent|p2a: Tropius\n|-activate|p2a: Tropius|move: Protect\n|\n|upkeep\n|turn|18\n|inactive|Time left: 300 sec this turn | 300 sec total\n|\n|t:|1783534828\n|-terastallize|p2a: Tropius|Steel\n|move|p1a: Rayquaza|Dragon Ascent|p2a: Tropius\n|-resisted|p2a: Tropius\n|-damage|p2a: Tropius|201/328\n|-unboost|p1a: Rayquaza|def|1\n|-unboost|p1a: Rayquaza|spd|1\n|move|p2a: Tropius|Leech Seed|p1a: Rayquaza|[miss]\n|-miss|p2a: Tropius|p1a: Rayquaza\n|\n|upkeep\n|turn|19\n|inactive|Time left: 300 sec this turn | 300 sec total\n|\n|t:|1783534829\n|move|p2a: Tropius|Protect|p2a: Tropius\n|-singleturn|p2a: Tropius|Protect\n|move|p1a: Rayquaza|Earthquake|p2a: Tropius\n|-activate|p2a: Tropius|move: Protect\n|\n|upkeep\n|turn|20\n|inactive|Time left: 300 sec this turn | 300 sec total\n|\n|t:|1783534829\n|move|p2a: Tropius|Protect|p2a: Tropius\n|-singleturn|p2a: Tropius|Protect\n|move|p1a: Rayquaza|Earthquake|p2a: Tropius\n|-activate|p2a: Tropius|move: Protect\n|\n|upkeep\n|turn|21\n|inactive|Time left: 300 sec this turn | 300 sec total\n|\n|t:|1783534830\n|switch|p2a: Gothitelle|Gothitelle, L90, F|272/272\n|move|p1a: Rayquaza|Earthquake|p2a: Gothitelle\n|-damage|p2a: Gothitelle|143/272\n|\n|-heal|p2a: Gothitelle|160/272|[from] item: Leftovers\n|upkeep\n|turn|22\n|inactive|Time left: 300 sec this turn | 300 sec total\n|\n|t:|1783534831\n|move|p1a: Rayquaza|Scale Shot|p2a: Gothitelle\n|-damage|p2a: Gothitelle|109/272\n|-damage|p2a: Gothitelle|57/272\n|-damage|p2a: Gothitelle|11/272\n|-damage|p2a: Gothitelle|0 fnt\n|faint|p2a: Gothitelle\n|-hitcount|p2: Gothitelle|4\n|-unboost|p1a: Rayquaza|def|1\n|-boost|p1a: Rayquaza|spe|1\n|\n|upkeep\n|inactive|Time left: 300 sec this turn | 300 sec total | 5 sec grace\n|\n|t:|1783534832\n|switch|p2a: Tropius|Tropius, L91, F, tera:Steel|201/328\n|turn|23\n|inactive|Time left: 300 sec this turn | 300 sec total\n|\n|t:|1783534833\n|move|p2a: Tropius|Protect|p2a: Tropius\n|-singleturn|p2a: Tropius|Protect\n|move|p1a: Rayquaza|Earthquake|p2a: Tropius\n|-activate|p2a: Tropius|move: Protect\n|\n|upkeep\n|turn|24\n|inactive|Time left: 300 sec this turn | 300 sec total\n|\n|t:|1783534834\n|move|p2a: Tropius|Protect|p2a: Tropius\n|-singleturn|p2a: Tropius|Protect\n|move|p1a: Rayquaza|Earthquake|p2a: Tropius\n|-activate|p2a: Tropius|move: Protect\n|\n|upkeep\n|turn|25\n|inactive|Time left: 300 sec this turn | 300 sec total\n|\n|t:|1783534835\n|move|p2a: Tropius|Protect||[still]\n|-fail|p2a: Tropius\n|move|p1a: Rayquaza|Earthquake|p2a: Tropius\n|-supereffective|p2a: Tropius\n|-damage|p2a: Tropius|0 fnt\n|faint|p2a: Tropius\n|\n|upkeep\n|inactive|Time left: 300 sec this turn | 300 sec total | 5 sec grace\n|\n|t:|1783534836\n|switch|p2a: Miraidon|Miraidon, L65|238/238\n|-fieldstart|move: Electric Terrain|[from] ability: Hadron Engine|[of] p2a: Miraidon\n|turn|26\n|inactive|Time left: 300 sec this turn | 300 sec total\n|\n|t:|1783534837\n|move|p1a: Rayquaza|Earthquake|p2a: Miraidon\n|-supereffective|p2a: Miraidon\n|-damage|p2a: Miraidon|0 fnt\n|faint|p2a: Miraidon\n|\n|win|p0x089438a", "uploadtime": 1783534837, "views": 0, "rating": 0, "private": 0, "password": null, "_winner": "p0x089438a", "_our_name": "p0y08919fb"}