{"id": "battle-gen9randombattle-54", "formatid": "gen9randombattle", "format": "[Gen 9] Random Battle", "players": ["p0x05472e6", "p0y05488ad"], "log": "|init|battle\n|title|p0x05472e6 vs. p0y05488ad\n|j|\u2606p0x05472e6\n|j|\u2606p0y05488ad\n|t:|1783534397\n|gametype|singles\n|player|p1|p0x05472e6|266|\n|player|p2|p0y05488ad|102|\n|gen|9\n|tier|[Gen 9] Random Battle\n|rule|Species Clause: Limit one of each Pok\u00e9mon\n|rule|HP Percentage Mod: HP is shown in percentages\n|rule|Sleep Clause Mod: Limit one foe put to sleep\n|rule|Illusion Level Mod: Illusion disguises the Pok\u00e9mon's true level\n|\n|t:|1783534397\n|teamsize|p1|6\n|teamsize|p2|6\n|start\n|switch|p1a: Crawdaunt|Crawdaunt, L84, M|243/243\n|switch|p2a: Toedscruel|Toedscruel, L87, M|100/100\n|turn|1\n|inactive|Battle timer is ON: inactive players will automatically lose when time's up. (requested by p0x05472e6)\n|inactive|p0y05488ad also wants the timer to be on.\n|\n|t:|1783534398\n|move|p2a: Toedscruel|Giga Drain|p1a: Crawdaunt\n|-supereffective|p1a: Crawdaunt\n|-damage|p1a: Crawdaunt|39/243\n|move|p1a: Crawdaunt|Knock Off|p2a: Toedscruel\n|-damage|p2a: Toedscruel|6/100\n|-enditem|p2a: Toedscruel|Assault Vest|[from] move: Knock Off|[of] p1a: Crawdaunt\n|-damage|p1a: Crawdaunt|15/243|[from] item: Life Orb\n|\n|upkeep\n|turn|2\n|inactive|Time left: 300 sec this turn | 300 sec total\n|\n|t:|1783534399\n|switch|p1a: Abomasnow|Abomasnow, L84, F|287/287\n|-weather|Snowscape|[from] ability: Snow Warning|[of] p1a: Abomasnow\n|move|p2a: Toedscruel|Earth Power|p1a: Abomasnow\n|-resisted|p1a: Abomasnow\n|-damage|p1a: Abomasnow|238/287\n|\n|-weather|Snowscape|[upkeep]\n|upkeep\n|turn|3\n|inactive|Time left: 300 sec this turn | 300 sec total\n|\n|t:|1783534400\n|move|p2a: Toedscruel|Knock Off|p1a: Abomasnow\n|-damage|p1a: Abomasnow|193/287\n|-enditem|p1a: Abomasnow|Light Clay|[from] move: Knock Off|[of] p2a: Toedscruel\n|move|p1a: Abomasnow|Aurora Veil|p1a: Abomasnow\n|-sidestart|p1: p0x05472e6|move: Aurora Veil\n|\n|-weather|Snowscape|[upkeep]\n|upkeep\n|turn|4\n|inactive|Time left: 300 sec this turn | 300 sec total\n|\n|t:|1783534401\n|switch|p2a: Glastrier|Glastrier, L86|100/100\n|move|p1a: Abomasnow|Wood Hammer|p2a: Glastrier\n|-damage|p2a: Glastrier|81/100\n|-damage|p1a: Abomasnow|173/287|[from] Recoil\n|\n|-weather|Snowscape|[upkeep]\n|upkeep\n|turn|5\n|inactive|Time left: 300 sec this turn | 300 sec total\n|\n|t:|1783534402\n|move|p1a: Abomasnow|Wood Hammer|p2a: Glastrier\n|-damage|p2a: Glastrier|61/100\n|-damage|p1a: Abomasnow|152/287|[from] Recoil\n|move|p2a: Glastrier|Swords Dance|p2a: Glastrier\n|-boost|p2a: Glastrier|atk|2\n|\n|-weather|Snowscape|[upkeep]\n|upkeep\n|turn|6\n|inactive|Time left: 300 sec this turn | 300 sec total\n|\n|t:|1783534403\n|move|p1a: Abomasnow|Wood Hammer|p2a: Glastrier\n|-damage|p2a: Glastrier|43/100\n|-damage|p1a: Abomasnow|134/287|[from] Recoil\n|move|p2a: Glastrier|Icicle Crash|p1a: Abomasnow\n|-damage|p1a: Abomasnow|37/287\n|\n|-weather|none\n|upkeep\n|turn|7\n|inactive|Time left: 300 sec this turn | 300 sec total\n|\n|t:|1783534404\n|move|p1a: Abomasnow|Wood Hammer|p2a: Glastrier\n|-damage|p2a: Glastrier|17/100\n|-damage|p1a: Abomasnow|10/287|[from] Recoil\n|move|p2a: Glastrier|Icicle Crash|p1a: Abomasnow|[miss]\n|-miss|p2a: Glastrier|p1a: Abomasnow\n|\n|-sideend|p1: p0x05472e6|move: Aurora Veil\n|upkeep\n|turn|8\n|inactive|Time left: 300 sec this turn | 300 sec total\n|\n|t:|1783534405\n|move|p1a: Abomasnow|Wood Hammer|p2a: Glastrier\n|-damage|p2a: Glastrier|0 fnt\n|faint|p2a: Glastrier\n|-damage|p1a: Abomasnow|0 fnt|[from] Recoil\n|faint|p1a: Abomasnow\n|\n|upkeep\n|inactive|Time left: 300 sec this turn | 300 sec total | 5 sec grace\n|\n|t:|1783534406\n|switch|p1a: Clefable|Clefable, L83, F|293/293\n|switch|p2a: Meowscarada|Meowscarada, L78, M|100/100\n|turn|9\n|inactive|Time left: 300 sec this turn | 300 sec total\n|\n|t:|1783534407\n|move|p2a: Meowscarada|Triple Axel|p1a: Clefable\n|-start|p2a: Meowscarada|typechange|Ice|[from] ability: Protean\n|-damage|p1a: Clefable|256/293\n|-damage|p1a: Clefable|189/293\n|-damage|p1a: Clefable|84/293\n|-hitcount|p1a: Clefable|3\n|move|p1a: Clefable|Moonblast|p2a: Meowscarada\n|-damage|p2a: Meowscarada|32/100\n|\n|upkeep\n|turn|10\n|inactive|Time left: 300 sec this turn | 300 sec total\n|\n|t:|1783534409\n|move|p2a: Meowscarada|Triple Axel|p1a: Clefable|[miss]\n|-miss|p2a: Meowscarada|p1a: Clefable\n|move|p1a: Clefable|Moonblast|p2a: Meowscarada\n|-damage|p2a: Meowscarada|0 fnt\n|faint|p2a: Meowscarada\n|\n|upkeep\n|\n|t:|1783534410\n|switch|p2a: Flutter Mane|Flutter Mane, L74|100/100\n|turn|11\n|inactive|Time left: 300 sec this turn | 300 sec total\n|\n|t:|1783534411\n|switch|p1a: Wigglytuff|Wigglytuff, L96, F|424/424\n|move|p2a: Flutter Mane|Moonblast|p1a: Wigglytuff\n|-damage|p1a: Wigglytuff|211/424\n|\n|-heal|p1a: Wigglytuff|237/424|[from] item: Leftovers\n|upkeep\n|turn|12\n|inactive|Time left: 300 sec this turn | 300 sec total\n|\n|t:|1783534412\n|move|p1a: Wigglytuff|Protect|p1a: Wigglytuff\n|-singleturn|p1a: Wigglytuff|Protect\n|move|p2a: Flutter Mane|Moonblast|p1a: Wigglytuff\n|-activate|p1a: Wigglytuff|move: Protect\n|\n|-heal|p1a: Wigglytuff|263/424|[from] item: Leftovers\n|upkeep\n|turn|13\n|inactive|Time left: 300 sec this turn | 300 sec total\n|\n|t:|1783534413\n|-terastallize|p1a: Wigglytuff|Poison\n|move|p2a: Flutter Mane|Moonblast|p1a: Wigglytuff\n|-resisted|p1a: Wigglytuff\n|-damage|p1a: Wigglytuff|167/424\n|-unboost|p1a: Wigglytuff|spa|1\n|-ability|p1a: Wigglytuff|Competitive|boost\n|-boost|p1a: Wigglytuff|spa|2\n|move|p1a: Wigglytuff|Wish|p1a: Wigglytuff\n|\n|-heal|p1a: Wigglytuff|193/424|[from] item: Leftovers\n|upkeep\n|turn|14\n|inactive|Time left: 300 sec this turn | 300 sec total\n|\n|t:|1783534414\n|-end|p2a: Flutter Mane|Protosynthesis|[silent]\n|switch|p2a: Toedscruel|Toedscruel, L87, M|6/100\n|move|p1a: Wigglytuff|Alluring Voice|p2a: Toedscruel\n|-crit|p2a: Toedscruel\n|-damage|p2a: Toedscruel|0 fnt\n|faint|p2a: Toedscruel\n|\n|-heal|p1a: Wigglytuff|405/424|[from] move: Wish|[wisher] Wigglytuff\n|-heal|p1a: Wigglytuff|424/424|[from] item: Leftovers\n|upkeep\n|\n|t:|1783534415\n|switch|p2a: Slowbro|Slowbro, L85, M|100/100\n|turn|15\n|inactive|Time left: 300 sec this turn | 300 sec total\n|\n|t:|1783534416\n|move|p1a: Wigglytuff|Alluring Voice|p2a: Slowbro\n|-damage|p2a: Slowbro|44/100\n|move|p2a: Slowbro|Calm Mind|p2a: Slowbro\n|-boost|p2a: Slowbro|spa|1\n|-boost|p2a: Slowbro|spd|1\n|\n|upkeep\n|turn|16\n|inactive|Time left: 300 sec this turn | 300 sec total\n|\n|t:|1783534417\n|move|p1a: Wigglytuff|Alluring Voice|p2a: Slowbro\n|-damage|p2a: Slowbro|11/100\n|move|p2a: Slowbro|Slack Off|p2a: Slowbro\n|-heal|p2a: Slowbro|61/100\n|\n|upkeep\n|turn|17\n|inactive|Time left: 300 sec this turn | 300 sec total\n|\n|t:|1783534418\n|move|p1a: Wigglytuff|Alluring Voice|p2a: Slowbro\n|-damage|p2a: Slowbro|28/100\n|move|p2a: Slowbro|Slack Off|p2a: Slowbro\n|-heal|p2a: Slowbro|78/100\n|\n|upkeep\n|turn|18\n|inactive|Time left: 300 sec this turn | 300 sec total\n|\n|t:|1783534419\n|move|p1a: Wigglytuff|Alluring Voice|p2a: Slowbro\n|-damage|p2a: Slowbro|41/100\n|move|p2a: Slowbro|Psychic Noise|p1a: Wigglytuff\n|-supereffective|p1a: Wigglytuff\n|-damage|p1a: Wigglytuff|118/424\n|-start|p1a: Wigglytuff|move: Heal Block\n|\n|upkeep\n|turn|19\n|inactive|Time left: 300 sec this turn | 300 sec total\n|\n|t:|1783534421\n|move|p1a: Wigglytuff|Alluring Voice|p2a: Slowbro\n|-damage|p2a: Slowbro|6/100\n|move|p2a: Slowbro|Slack Off|p2a: Slowbro\n|-heal|p2a: Slowbro|56/100\n|\n|-end|p1a: Wigglytuff|move: Heal Block\n|upkeep\n|turn|20\n|inactive|Time left: 300 sec this turn | 300 sec total\n|\n|t:|1783534422\n|move|p1a: Wigglytuff|Alluring Voice|p2a: Slowbro\n|-damage|p2a: Slowbro|18/100\n|move|p2a: Slowbro|Slack Off|p2a: Slowbro\n|-heal|p2a: Slowbro|68/100\n|\n|-heal|p1a: Wigglytuff|144/424|[from] item: Leftovers\n|upkeep\n|turn|21\n|inactive|Time left: 300 sec this turn | 300 sec total\n|\n|t:|1783534423\n|move|p1a: Wigglytuff|Alluring Voice|p2a: Slowbro\n|-damage|p2a: Slowbro|33/100\n|move|p2a: Slowbro|Psychic Noise|p1a: Wigglytuff\n|-supereffective|p1a: Wigglytuff\n|-damage|p1a: Wigglytuff|0 fnt\n|faint|p1a: Wigglytuff\n|\n|upkeep\n|inactive|Time left: 300 sec this turn | 300 sec total | 5 sec grace\n|\n|t:|1783534424\n|switch|p1a: Brambleghast|Brambleghast, L88, F|240/240\n|turn|22\n|inactive|Time left: 300 sec this turn | 300 sec total\n|\n|t:|1783534425\n|move|p1a: Brambleghast|Poltergeist|p2a: Slowbro\n|-activate|p2a: Slowbro|move: Poltergeist|Rocky Helmet\n|-supereffective|p2a: Slowbro\n|-damage|p2a: Slowbro|0 fnt\n|faint|p2a: Slowbro\n|\n|upkeep\n|\n|t:|1783534426\n|switch|p2a: Flutter Mane|Flutter Mane, L74|100/100\n|turn|23\n|inactive|Time left: 300 sec this turn | 300 sec total\n|\n|t:|1783534427\n|switch|p1a: Crawdaunt|Crawdaunt, L84, M|15/243\n|move|p2a: Flutter Mane|Shadow Ball|p1a: Crawdaunt\n|-resisted|p1a: Crawdaunt\n|-damage|p1a: Crawdaunt|0 fnt\n|faint|p1a: Crawdaunt\n|\n|upkeep\n|inactive|Time left: 300 sec this turn | 300 sec total | 5 sec grace\n|\n|t:|1783534428\n|switch|p1a: Houndoom|Houndoom, L87, F|272/272\n|turn|24\n|inactive|Time left: 300 sec this turn | 300 sec total\n|\n|t:|1783534429\n|-end|p2a: Flutter Mane|Protosynthesis|[silent]\n|switch|p2a: Garganacl|Garganacl, L80, M|100/100\n|move|p1a: Houndoom|Nasty Plot|p1a: Houndoom\n|-boost|p1a: Houndoom|spa|2\n|\n|upkeep\n|turn|25\n|inactive|Time left: 300 sec this turn | 300 sec total\n|\n|t:|1783534430\n|move|p1a: Houndoom|Dark Pulse|p2a: Garganacl\n|-damage|p2a: Garganacl|28/100\n|move|p2a: Garganacl|Body Press|p1a: Houndoom\n|-supereffective|p1a: Houndoom\n|-damage|p1a: Houndoom|88/272\n|\n|-heal|p2a: Garganacl|35/100|[from] item: Leftovers\n|upkeep\n|turn|26\n|inactive|Time left: 300 sec this turn | 300 sec total\n|\n|t:|1783534431\n|move|p1a: Houndoom|Dark Pulse|p2a: Garganacl\n|-crit|p2a: Garganacl\n|-damage|p2a: Garganacl|0 fnt\n|faint|p2a: Garganacl\n|\n|upkeep\n|\n|t:|1783534432\n|switch|p2a: Flutter Mane|Flutter Mane, L74|100/100\n|turn|27\n|inactive|Time left: 300 sec this turn | 300 sec total\n|\n|t:|1783534433\n|move|p2a: Flutter Mane|Shadow Ball|p1a: Houndoom\n|-resisted|p1a: Houndoom\n|-damage|p1a: Houndoom|16/272\n|-unboost|p1a: Houndoom|spd|1\n|move|p1a: Houndoom|Fire Blast|p2a: Flutter Mane|[miss]\n|-miss|p1a: Houndoom|p2a: Flutter Mane\n|\n|upkeep\n|turn|28\n|inactive|Time left: 300 sec this turn | 300 sec total\n|\n|t:|1783534433\n|switch|p1a: Clefable|Clefable, L83, F|84/293\n|move|p2a: Flutter Mane|Shadow Ball|p1a: Clefable\n|-damage|p1a: Clefable|0 fnt\n|faint|p1a: Clefable\n|\n|upkeep\n|inactive|Time left: 300 sec this turn | 300 sec total | 5 sec grace\n|\n|t:|1783534434\n|switch|p1a: Houndoom|Houndoom, L87, F|16/272\n|turn|29\n|inactive|Time left: 300 sec this turn | 300 sec total\n|\n|t:|1783534435\n|move|p2a: Flutter Mane|Shadow Ball|p1a: Houndoom\n|-resisted|p1a: Houndoom\n|-damage|p1a: Houndoom|0 fnt\n|faint|p1a: Houndoom\n|\n|upkeep\n|inactive|Time left: 300 sec this turn | 300 sec total | 5 sec grace\n|\n|t:|1783534436\n|switch|p1a: Brambleghast|Brambleghast, L88, F|240/240\n|turn|30\n|inactive|Time left: 300 sec this turn | 300 sec total\n|\n|t:|1783534437\n|-terastallize|p2a: Flutter Mane|Fairy\n|move|p2a: Flutter Mane|Shadow Ball|p1a: Brambleghast\n|-supereffective|p1a: Brambleghast\n|-damage|p1a: Brambleghast|0 fnt\n|faint|p1a: Brambleghast\n|\n|win|p0y05488ad", "uploadtime": 1783534437, "views": 0, "rating": 0, "private": 0, "password": null, "_winner": "p0y05488ad", "_our_name": "p0x05472e6"}