{"id": "battle-gen9randombattle-1152", "formatid": "gen9randombattle", "format": "[Gen 9] Random Battle", "players": ["p0x11528c9e", "p0y1152ec68"], "log": "|init|battle\n|title|p0x11528c9e vs. p0y1152ec68\n|j|\u2606p0x11528c9e\n|j|\u2606p0y1152ec68\n|t:|1783553376\n|gametype|singles\n|player|p1|p0x11528c9e|1|\n|player|p2|p0y1152ec68|169|\n|gen|9\n|tier|[Gen 9] Random Battle\n|rule|Species Clause: Limit one of each Pok\u00e9mon\n|rule|HP Percentage Mod: HP is shown in percentages\n|rule|Sleep Clause Mod: Limit one foe put to sleep\n|rule|Illusion Level Mod: Illusion disguises the Pok\u00e9mon's true level\n|\n|t:|1783553376\n|teamsize|p1|6\n|teamsize|p2|6\n|start\n|switch|p1a: Farigiraf|Farigiraf, L90, M|362/362\n|switch|p2a: Urshifu|Urshifu-Rapid-Strike, L75, M, shiny|100/100\n|turn|1\n|inactive|Battle timer is ON: inactive players will automatically lose when time's up. (requested by p0y1152ec68)\n|inactive|Time left: 300 sec this turn | 300 sec total | 60 sec grace\n|\n|t:|1783553377\n|switch|p2a: Roaring Moon|Roaring Moon, L72|100/100\n|move|p1a: Farigiraf|Psychic Noise|p2a: Roaring Moon\n|-immune|p2a: Roaring Moon\n|\n|upkeep\n|turn|2\n|inactive|Time left: 300 sec this turn | 300 sec total\n|inactive|p0x11528c9e also wants the timer to be on.\n|\n|t:|1783553378\n|switch|p1a: Iron Hands|Iron Hands, L79|373/373\n|move|p2a: Roaring Moon|Knock Off|p1a: Iron Hands\n|-resisted|p1a: Iron Hands\n|-damage|p1a: Iron Hands|307/373\n|-enditem|p1a: Iron Hands|Leftovers|[from] move: Knock Off|[of] p2a: Roaring Moon\n|\n|upkeep\n|turn|3\n|inactive|Time left: 300 sec this turn | 300 sec total\n|\n|t:|1783553380\n|-end|p2a: Roaring Moon|Protosynthesis|[silent]\n|switch|p2a: Mimikyu|Mimikyu, L79, F|100/100\n|move|p1a: Iron Hands|Drain Punch|p2a: Mimikyu\n|-immune|p2a: Mimikyu\n|\n|upkeep\n|turn|4\n|inactive|Time left: 300 sec this turn | 300 sec total\n|\n|t:|1783553381\n|move|p2a: Mimikyu|Swords Dance|p2a: Mimikyu\n|-boost|p2a: Mimikyu|atk|2\n|move|p1a: Iron Hands|Swords Dance|p1a: Iron Hands\n|-boost|p1a: Iron Hands|atk|2\n|\n|upkeep\n|turn|5\n|inactive|Time left: 300 sec this turn | 300 sec total\n|\n|t:|1783553382\n|-terastallize|p1a: Iron Hands|Flying\n|move|p2a: Mimikyu|Play Rough|p1a: Iron Hands|[miss]\n|-miss|p2a: Mimikyu|p1a: Iron Hands\n|move|p1a: Iron Hands|Wild Charge|p2a: Mimikyu\n|-activate|p2a: Mimikyu|ability: Disguise\n|-damage|p2a: Mimikyu|100/100\n|detailschange|p2a: Mimikyu|Mimikyu-Busted, L79, F\n|-damage|p2a: Mimikyu|88/100|[from] pokemon: Mimikyu-Busted\n|\n|upkeep\n|turn|6\n|inactive|Time left: 300 sec this turn | 300 sec total\n|\n|t:|1783553383\n|move|p2a: Mimikyu|Play Rough|p1a: Iron Hands\n|-damage|p1a: Iron Hands|111/373\n|-unboost|p1a: Iron Hands|atk|1\n|-damage|p2a: Mimikyu|78/100|[from] item: Life Orb\n|move|p1a: Iron Hands|Wild Charge|p2a: Mimikyu\n|-damage|p2a: Mimikyu|0 fnt\n|faint|p2a: Mimikyu\n|-damage|p1a: Iron Hands|69/373|[from] Recoil\n|\n|upkeep\n|\n|t:|1783553385\n|switch|p2a: Roaring Moon|Roaring Moon, L72|100/100\n|turn|7\n|inactive|Time left: 300 sec this turn | 300 sec total\n|\n|t:|1783553386\n|move|p2a: Roaring Moon|Outrage|p1a: Iron Hands\n|-damage|p1a: Iron Hands|0 fnt\n|faint|p1a: Iron Hands\n|-end|p1a: Iron Hands|Quark Drive|[silent]\n|\n|upkeep\n|inactive|Time left: 300 sec this turn | 300 sec total | 5 sec grace\n|\n|t:|1783553386\n|switch|p1a: Ceruledge|Ceruledge, L78, F|245/245\n|turn|8\n|inactive|Time left: 300 sec this turn | 300 sec total\n|\n|t:|1783553388\n|move|p2a: Roaring Moon|Outrage|p1a: Ceruledge|[from] lockedmove\n|-crit|p1a: Ceruledge\n|-damage|p1a: Ceruledge|0 fnt\n|faint|p1a: Ceruledge\n|\n|upkeep\n|inactive|Time left: 300 sec this turn | 300 sec total | 5 sec grace\n|\n|t:|1783553389\n|switch|p1a: Farigiraf|Farigiraf, L90, M|362/362\n|turn|9\n|inactive|Time left: 300 sec this turn | 300 sec total\n|\n|t:|1783553390\n|move|p2a: Roaring Moon|Outrage|p1a: Farigiraf|[from] lockedmove\n|-damage|p1a: Farigiraf|155/362\n|-start|p2a: Roaring Moon|confusion|[fatigue]\n|move|p1a: Farigiraf|Body Slam|p2a: Roaring Moon\n|-damage|p2a: Roaring Moon|51/100\n|\n|-heal|p1a: Farigiraf|177/362|[from] item: Leftovers\n|upkeep\n|turn|10\n|inactive|Time left: 300 sec this turn | 300 sec total\n|\n|t:|1783553391\n|move|p1a: Farigiraf|Protect|p1a: Farigiraf\n|-singleturn|p1a: Farigiraf|Protect\n|-activate|p2a: Roaring Moon|confusion\n|move|p2a: Roaring Moon|Outrage|p1a: Farigiraf\n|-activate|p1a: Farigiraf|move: Protect\n|\n|-heal|p1a: Farigiraf|199/362|[from] item: Leftovers\n|upkeep\n|turn|11\n|inactive|Time left: 300 sec this turn | 300 sec total\n|\n|t:|1783553392\n|-activate|p2a: Roaring Moon|confusion\n|move|p2a: Roaring Moon|Outrage|p1a: Farigiraf\n|-damage|p1a: Farigiraf|0 fnt\n|faint|p1a: Farigiraf\n|\n|upkeep\n|inactive|Time left: 300 sec this turn | 300 sec total | 5 sec grace\n|\n|t:|1783553393\n|switch|p1a: Victreebel|Victreebel, L90, M|290/290\n|turn|12\n|inactive|Time left: 300 sec this turn | 300 sec total\n|\n|t:|1783553394\n|-activate|p2a: Roaring Moon|confusion\n|move|p2a: Roaring Moon|Outrage|p1a: Victreebel|[from] lockedmove\n|-damage|p1a: Victreebel|91/290\n|move|p1a: Victreebel|Sludge Wave|p2a: Roaring Moon\n|-damage|p2a: Roaring Moon|0 fnt\n|faint|p2a: Roaring Moon\n|-end|p2a: Roaring Moon|Protosynthesis|[silent]\n|-damage|p1a: Victreebel|62/290|[from] item: Life Orb\n|\n|upkeep\n|\n|t:|1783553395\n|switch|p2a: Urshifu|Urshifu-Rapid-Strike, L75, M, shiny|100/100\n|turn|13\n|inactive|Time left: 300 sec this turn | 300 sec total\n|\n|t:|1783553396\n|move|p2a: Urshifu|Surging Strikes|p1a: Victreebel\n|-resisted|p1a: Victreebel\n|-crit|p1a: Victreebel\n|-damage|p1a: Victreebel|31/290\n|-resisted|p1a: Victreebel\n|-crit|p1a: Victreebel\n|-damage|p1a: Victreebel|0 fnt\n|faint|p1a: Victreebel\n|-hitcount|p1: Victreebel|2\n|-damage|p2a: Urshifu|91/100|[from] item: Life Orb\n|\n|upkeep\n|inactive|Time left: 300 sec this turn | 300 sec total | 5 sec grace\n|\n|t:|1783553397\n|switch|p1a: Raikou|Raikou, L81|278/278\n|-ability|p1a: Raikou|Pressure\n|turn|14\n|inactive|Time left: 300 sec this turn | 300 sec total\n|\n|t:|1783553398\n|switch|p2a: Clodsire|Clodsire, L81, F|100/100\n|move|p1a: Raikou|Thunderbolt|p2a: Clodsire\n|-immune|p2a: Clodsire\n|\n|upkeep\n|turn|15\n|inactive|Time left: 300 sec this turn | 300 sec total\n|\n|t:|1783553399\n|switch|p1a: Haxorus|Haxorus, L77, F|244/244\n|-ability|p1a: Haxorus|Mold Breaker\n|move|p2a: Clodsire|Earthquake|p1a: Haxorus\n|-damage|p1a: Haxorus|163/244\n|\n|upkeep\n|turn|16\n|inactive|Time left: 300 sec this turn | 300 sec total\n|\n|t:|1783553400\n|switch|p2a: Wigglytuff|Wigglytuff, L96, M|100/100\n|move|p1a: Haxorus|Swords Dance|p1a: Haxorus\n|-boost|p1a: Haxorus|atk|2\n|\n|upkeep\n|turn|17\n|inactive|Time left: 300 sec this turn | 300 sec total\n|\n|t:|1783553401\n|move|p1a: Haxorus|Iron Head|p2a: Wigglytuff\n|-supereffective|p2a: Wigglytuff\n|-damage|p2a: Wigglytuff|16/100\n|move|p2a: Wigglytuff|Dazzling Gleam|p1a: Haxorus\n|-supereffective|p1a: Haxorus\n|-damage|p1a: Haxorus|0 fnt\n|faint|p1a: Haxorus\n|\n|-heal|p2a: Wigglytuff|22/100|[from] item: Leftovers\n|upkeep\n|inactive|Time left: 300 sec this turn | 300 sec total | 5 sec grace\n|\n|t:|1783553402\n|switch|p1a: Raikou|Raikou, L81|278/278\n|-ability|p1a: Raikou|Pressure\n|turn|18\n|inactive|Time left: 300 sec this turn | 300 sec total\n|\n|t:|1783553403\n|switch|p2a: Clodsire|Clodsire, L81, F|100/100\n|move|p1a: Raikou|Thunderbolt|p2a: Clodsire\n|-immune|p2a: Clodsire\n|\n|upkeep\n|turn|19\n|inactive|Time left: 300 sec this turn | 300 sec total\n|\n|t:|1783553404\n|move|p1a: Raikou|Scald|p2a: Clodsire\n|-immune|p2a: Clodsire|[from] ability: Water Absorb\n|move|p2a: Clodsire|Earthquake|p1a: Raikou\n|-supereffective|p1a: Raikou\n|-damage|p1a: Raikou|68/278\n|\n|upkeep\n|turn|20\n|inactive|Time left: 300 sec this turn | 300 sec total\n|\n|t:|1783553405\n|-terastallize|p2a: Clodsire|Flying\n|move|p1a: Raikou|Thunderbolt|p2a: Clodsire\n|-supereffective|p2a: Clodsire\n|-damage|p2a: Clodsire|47/100\n|move|p2a: Clodsire|Earthquake|p1a: Raikou\n|-supereffective|p1a: Raikou\n|-damage|p1a: Raikou|0 fnt\n|faint|p1a: Raikou\n|\n|win|p0y1152ec68", "uploadtime": 1783553405, "views": 0, "rating": 0, "private": 0, "password": null, "_winner": "p0y1152ec68", "_our_name": "p0x11528c9e"}