{"id": "battle-gen9randombattle-1803", "formatid": "gen9randombattle", "format": "[Gen 9] Random Battle", "players": ["p0x18035b0c", "p0y180314da"], "log": "|init|battle\n|title|p0x18035b0c vs. p0y180314da\n|j|\u2606p0x18035b0c\n|j|\u2606p0y180314da\n|t:|1783560895\n|gametype|singles\n|player|p1|p0x18035b0c|266|\n|player|p2|p0y180314da|266|\n|gen|9\n|tier|[Gen 9] Random Battle\n|rule|Species Clause: Limit one of each Pok\u00e9mon\n|rule|HP Percentage Mod: HP is shown in percentages\n|rule|Sleep Clause Mod: Limit one foe put to sleep\n|rule|Illusion Level Mod: Illusion disguises the Pok\u00e9mon's true level\n|\n|t:|1783560895\n|teamsize|p1|6\n|teamsize|p2|6\n|start\n|switch|p1a: Mismagius|Mismagius, L86, F|243/243\n|switch|p2a: Minun|Minun, L95, F|100/100\n|turn|1\n|inactive|Battle timer is ON: inactive players will automatically lose when time's up. (requested by p0y180314da)\n|inactive|Time left: 300 sec this turn | 300 sec total | 60 sec grace\n|inactive|p0x18035b0c also wants the timer to be on.\n|\n|t:|1783560896\n|move|p2a: Minun|Thunderbolt|p1a: Mismagius\n|-crit|p1a: Mismagius\n|-damage|p1a: Mismagius|78/243\n|-damage|p2a: Minun|91/100|[from] item: Life Orb\n|move|p1a: Mismagius|Shadow Ball|p2a: Minun\n|-damage|p2a: Minun|57/100\n|\n|-heal|p1a: Mismagius|93/243|[from] item: Leftovers\n|upkeep\n|turn|2\n|inactive|Time left: 300 sec this turn | 300 sec total\n|\n|t:|1783560897\n|switch|p1a: Baxcalibur|Baxcalibur, L75, M|295/295\n|move|p2a: Minun|Thunderbolt|p1a: Baxcalibur\n|-resisted|p1a: Baxcalibur\n|-damage|p1a: Baxcalibur|225/295\n|-damage|p2a: Minun|48/100|[from] item: Life Orb\n|\n|upkeep\n|turn|3\n|inactive|Time left: 300 sec this turn | 300 sec total\n|\n|t:|1783560898\n|switch|p2a: Eiscue|Eiscue, L88, M|100/100\n|move|p1a: Baxcalibur|Glaive Rush|p2a: Eiscue\n|-activate|p2a: Eiscue|ability: Ice Face\n|-damage|p2a: Eiscue|100/100\n|-singlemove|p1a: Baxcalibur|Glaive Rush|[silent]\n|detailschange|p2a: Eiscue|Eiscue-Noice, L88, M\n|\n|upkeep\n|turn|4\n|inactive|Time left: 300 sec this turn | 300 sec total\n|\n|t:|1783560900\n|move|p2a: Eiscue|Ice Spinner|p1a: Baxcalibur\n|-damage|p1a: Baxcalibur|39/295\n|move|p1a: Baxcalibur|Glaive Rush|p2a: Eiscue\n|-damage|p2a: Eiscue|7/100\n|-singlemove|p1a: Baxcalibur|Glaive Rush|[silent]\n|-enditem|p2a: Eiscue|Sitrus Berry|[eat]\n|-heal|p2a: Eiscue|32/100|[from] item: Sitrus Berry\n|\n|upkeep\n|turn|5\n|inactive|Time left: 300 sec this turn | 300 sec total\n|\n|t:|1783560901\n|switch|p1a: Toxapex|Toxapex, L82, M|216/216\n|move|p2a: Eiscue|Ice Spinner|p1a: Toxapex\n|-resisted|p1a: Toxapex\n|-damage|p1a: Toxapex|187/216\n|-damage|p2a: Eiscue|15/100|[from] item: Rocky Helmet|[of] p1a: Toxapex\n|\n|upkeep\n|turn|6\n|inactive|Time left: 300 sec this turn | 300 sec total\n|\n|t:|1783560902\n|switch|p2a: Wigglytuff|Wigglytuff, L96, M|100/100\n|move|p1a: Toxapex|Toxic Spikes|p2a: Wigglytuff\n|-sidestart|p2: p0y180314da|move: Toxic Spikes\n|\n|upkeep\n|turn|7\n|inactive|Time left: 300 sec this turn | 300 sec total\n|\n|t:|1783560903\n|move|p2a: Wigglytuff|Knock Off|p1a: Toxapex\n|-damage|p1a: Toxapex|136/216\n|-damage|p2a: Wigglytuff|84/100|[from] item: Rocky Helmet|[of] p1a: Toxapex\n|-enditem|p1a: Toxapex|Rocky Helmet|[from] move: Knock Off|[of] p2a: Wigglytuff\n|move|p1a: Toxapex|Toxic Spikes|p2a: Wigglytuff\n|-sidestart|p2: p0y180314da|move: Toxic Spikes\n|\n|-heal|p2a: Wigglytuff|90/100|[from] item: Leftovers\n|upkeep\n|turn|8\n|inactive|Time left: 300 sec this turn | 300 sec total\n|\n|t:|1783560904\n|move|p2a: Wigglytuff|Alluring Voice|p1a: Toxapex\n|-resisted|p1a: Toxapex\n|-damage|p1a: Toxapex|100/216\n|move|p1a: Toxapex|Recover|p1a: Toxapex\n|-heal|p1a: Toxapex|208/216\n|\n|-heal|p2a: Wigglytuff|96/100|[from] item: Leftovers\n|upkeep\n|turn|9\n|inactive|Time left: 300 sec this turn | 300 sec total\n|\n|t:|1783560905\n|move|p2a: Wigglytuff|Knock Off|p1a: Toxapex\n|-damage|p1a: Toxapex|177/216\n|move|p1a: Toxapex|Liquidation|p2a: Wigglytuff\n|-damage|p2a: Wigglytuff|76/100\n|-unboost|p2a: Wigglytuff|def|1\n|-ability|p2a: Wigglytuff|Competitive|boost\n|-boost|p2a: Wigglytuff|spa|2\n|\n|-heal|p2a: Wigglytuff|83/100|[from] item: Leftovers\n|upkeep\n|turn|10\n|inactive|Time left: 300 sec this turn | 300 sec total\n|\n|t:|1783560906\n|move|p2a: Wigglytuff|Alluring Voice|p1a: Toxapex\n|-resisted|p1a: Toxapex\n|-damage|p1a: Toxapex|113/216\n|move|p1a: Toxapex|Haze|p1a: Toxapex\n|-clearallboost\n|\n|-heal|p2a: Wigglytuff|89/100|[from] item: Leftovers\n|upkeep\n|turn|11\n|inactive|Time left: 300 sec this turn | 300 sec total\n|\n|t:|1783560907\n|move|p2a: Wigglytuff|Knock Off|p1a: Toxapex\n|-damage|p1a: Toxapex|83/216\n|move|p1a: Toxapex|Recover|p1a: Toxapex\n|-heal|p1a: Toxapex|191/216\n|\n|-heal|p2a: Wigglytuff|95/100|[from] item: Leftovers\n|upkeep\n|turn|12\n|inactive|Time left: 300 sec this turn | 300 sec total\n|\n|t:|1783560908\n|move|p2a: Wigglytuff|Alluring Voice|p1a: Toxapex\n|-resisted|p1a: Toxapex\n|-damage|p1a: Toxapex|155/216\n|move|p1a: Toxapex|Toxic Spikes||[still]\n|-fail|p1a: Toxapex\n|\n|-heal|p2a: Wigglytuff|100/100|[from] item: Leftovers\n|upkeep\n|turn|13\n|inactive|Time left: 300 sec this turn | 300 sec total\n|\n|t:|1783560909\n|switch|p1a: Torkoal|Torkoal, L88, F|266/266\n|-weather|SunnyDay|[from] ability: Drought|[of] p1a: Torkoal\n|move|p2a: Wigglytuff|Alluring Voice|p1a: Torkoal\n|-resisted|p1a: Torkoal\n|-damage|p1a: Torkoal|210/266\n|\n|-weather|SunnyDay|[upkeep]\n|upkeep\n|turn|14\n|inactive|Time left: 300 sec this turn | 300 sec total\n|\n|t:|1783560910\n|move|p2a: Wigglytuff|Knock Off|p1a: Torkoal\n|-damage|p1a: Torkoal|159/266\n|-enditem|p1a: Torkoal|Heavy-Duty Boots|[from] move: Knock Off|[of] p2a: Wigglytuff\n|move|p1a: Torkoal|Lava Plume|p2a: Wigglytuff\n|-damage|p2a: Wigglytuff|64/100\n|-status|p2a: Wigglytuff|brn\n|\n|-weather|SunnyDay|[upkeep]\n|-heal|p2a: Wigglytuff|71/100 brn|[from] item: Leftovers\n|-damage|p2a: Wigglytuff|64/100 brn|[from] brn\n|upkeep\n|turn|15\n|inactive|Time left: 300 sec this turn | 300 sec total\n|\n|t:|1783560911\n|move|p2a: Wigglytuff|Alluring Voice|p1a: Torkoal\n|-resisted|p1a: Torkoal\n|-damage|p1a: Torkoal|105/266\n|move|p1a: Torkoal|Lava Plume|p2a: Wigglytuff\n|-damage|p2a: Wigglytuff|22/100 brn\n|\n|-weather|SunnyDay|[upkeep]\n|-heal|p2a: Wigglytuff|28/100 brn|[from] item: Leftovers\n|-damage|p2a: Wigglytuff|22/100 brn|[from] brn\n|upkeep\n|turn|16\n|inactive|Time left: 300 sec this turn | 300 sec total\n|\n|t:|1783560912\n|move|p2a: Wigglytuff|Alluring Voice|p1a: Torkoal\n|-resisted|p1a: Torkoal\n|-damage|p1a: Torkoal|45/266\n|move|p1a: Torkoal|Lava Plume|p2a: Wigglytuff\n|-damage|p2a: Wigglytuff|0 fnt\n|faint|p2a: Wigglytuff\n|\n|-weather|SunnyDay|[upkeep]\n|upkeep\n|\n|t:|1783560913\n|switch|p2a: Gurdurr|Gurdurr, L85, M|100/100\n|-status|p2a: Gurdurr|tox\n|turn|17\n|inactive|Time left: 300 sec this turn | 300 sec total\n|\n|t:|1783560914\n|switch|p1a: Toxapex|Toxapex, L82, M|216/216\n|move|p2a: Gurdurr|Defog|p1a: Toxapex\n|-unboost|p1a: Toxapex|evasion|1\n|-sideend|p2: p0y180314da|Toxic Spikes|[from] move: Defog|[of] p2a: Gurdurr\n|\n|-weather|none\n|-damage|p2a: Gurdurr|94/100 tox|[from] psn\n|upkeep\n|turn|18\n|inactive|Time left: 300 sec this turn | 300 sec total\n|\n|t:|1783560915\n|switch|p2a: Archaludon|Archaludon, L78, F|100/100\n|move|p1a: Toxapex|Liquidation|p2a: Archaludon\n|-resisted|p2a: Archaludon\n|-damage|p2a: Archaludon|92/100\n|-ability|p2a: Archaludon|Stamina|boost\n|-boost|p2a: Archaludon|def|1\n|\n|-heal|p2a: Archaludon|98/100|[from] item: Leftovers\n|upkeep\n|turn|19\n|inactive|Time left: 300 sec this turn | 300 sec total\n|\n|t:|1783560917\n|move|p2a: Archaludon|Stealth Rock|p1a: Toxapex\n|-sidestart|p1: p0x18035b0c|move: Stealth Rock\n|move|p1a: Toxapex|Toxic Spikes|p2a: Archaludon\n|-sidestart|p2: p0y180314da|move: Toxic Spikes\n|\n|-heal|p2a: Archaludon|100/100|[from] item: Leftovers\n|upkeep\n|turn|20\n|inactive|Time left: 300 sec this turn | 300 sec total\n|\n|t:|1783560918\n|move|p2a: Archaludon|Flash Cannon|p1a: Toxapex\n|-resisted|p1a: Toxapex\n|-damage|p1a: Toxapex|185/216\n|move|p1a: Toxapex|Toxic Spikes|p2a: Archaludon\n|-sidestart|p2: p0y180314da|move: Toxic Spikes\n|\n|upkeep\n|turn|21\n|inactive|Time left: 300 sec this turn | 300 sec total\n|\n|t:|1783560919\n|move|p2a: Archaludon|Flash Cannon|p1a: Toxapex\n|-resisted|p1a: Toxapex\n|-damage|p1a: Toxapex|152/216\n|-unboost|p1a: Toxapex|spd|1\n|move|p1a: Toxapex|Recover|p1a: Toxapex\n|-heal|p1a: Toxapex|216/216\n|\n|upkeep\n|turn|22\n|inactive|Time left: 300 sec this turn | 300 sec total\n|\n|t:|1783560920\n|move|p2a: Archaludon|Flash Cannon|p1a: Toxapex\n|-resisted|p1a: Toxapex\n|-damage|p1a: Toxapex|165/216\n|move|p1a: Toxapex|Recover|p1a: Toxapex\n|-heal|p1a: Toxapex|216/216\n|\n|upkeep\n|turn|23\n|inactive|Time left: 300 sec this turn | 300 sec total\n|\n|t:|1783560921\n|move|p2a: Archaludon|Flash Cannon|p1a: Toxapex\n|-resisted|p1a: Toxapex\n|-damage|p1a: Toxapex|166/216\n|move|p1a: Toxapex|Haze|p1a: Toxapex\n|-clearallboost\n|\n|upkeep\n|turn|24\n|inactive|Time left: 300 sec this turn | 300 sec total\n|\n|t:|1783560922\n|move|p2a: Archaludon|Flash Cannon|p1a: Toxapex\n|-resisted|p1a: Toxapex\n|-damage|p1a: Toxapex|131/216\n|-unboost|p1a: Toxapex|spd|1\n|move|p1a: Toxapex|Recover|p1a: Toxapex\n|-heal|p1a: Toxapex|216/216\n|\n|upkeep\n|turn|25\n|inactive|Time left: 300 sec this turn | 300 sec total\n|\n|t:|1783560923\n|move|p2a: Archaludon|Flash Cannon|p1a: Toxapex\n|-resisted|p1a: Toxapex\n|-damage|p1a: Toxapex|168/216\n|-unboost|p1a: Toxapex|spd|1\n|move|p1a: Toxapex|Recover|p1a: Toxapex\n|-heal|p1a: Toxapex|216/216\n|\n|upkeep\n|turn|26\n|inactive|Time left: 300 sec this turn | 300 sec total\n|\n|t:|1783560924\n|switch|p1a: Appletun|Appletun, L92, M|352/352\n|-damage|p1a: Appletun|308/352|[from] Stealth Rock\n|move|p2a: Archaludon|Flash Cannon|p1a: Appletun\n|-damage|p1a: Appletun|226/352\n|\n|-heal|p1a: Appletun|248/352|[from] item: Leftovers\n|upkeep\n|turn|27\n|inactive|Time left: 300 sec this turn | 300 sec total\n|\n|t:|1783560925\n|switch|p1a: Toxapex|Toxapex, L82, M|216/216\n|-damage|p1a: Toxapex|189/216|[from] Stealth Rock\n|move|p2a: Archaludon|Draco Meteor|p1a: Toxapex\n|-damage|p1a: Toxapex|89/216\n|-unboost|p2a: Archaludon|spa|2\n|\n|upkeep\n|turn|28\n|inactive|Time left: 300 sec this turn | 300 sec total\n|\n|t:|1783560926\n|switch|p2a: Eiscue|Eiscue-Noice, L88, M|15/100\n|-status|p2a: Eiscue|tox\n|move|p1a: Toxapex|Recover|p1a: Toxapex\n|-heal|p1a: Toxapex|197/216\n|\n|-damage|p2a: Eiscue|9/100 tox|[from] psn\n|upkeep\n|turn|29\n|inactive|Time left: 300 sec this turn | 300 sec total\n|\n|t:|1783560927\n|switch|p2a: Archaludon|Archaludon, L78, F|100/100\n|move|p1a: Toxapex|Toxic Spikes||[still]\n|-fail|p1a: Toxapex\n|\n|upkeep\n|turn|30\n|inactive|Time left: 300 sec this turn | 300 sec total\n|\n|t:|1783560928\n|move|p2a: Archaludon|Flash Cannon|p1a: Toxapex\n|-resisted|p1a: Toxapex\n|-damage|p1a: Toxapex|164/216\n|move|p1a: Toxapex|Toxic Spikes||[still]\n|-fail|p1a: Toxapex\n|\n|upkeep\n|turn|31\n|inactive|Time left: 300 sec this turn | 300 sec total\n|\n|t:|1783560928\n|move|p2a: Archaludon|Flash Cannon|p1a: Toxapex\n|-resisted|p1a: Toxapex\n|-damage|p1a: Toxapex|133/216\n|move|p1a: Toxapex|Recover|p1a: Toxapex\n|-heal|p1a: Toxapex|216/216\n|\n|upkeep\n|turn|32\n|inactive|Time left: 300 sec this turn | 300 sec total\n|\n|t:|1783560929\n|move|p2a: Archaludon|Flash Cannon|p1a: Toxapex\n|-resisted|p1a: Toxapex\n|-damage|p1a: Toxapex|183/216\n|move|p1a: Toxapex|Toxic Spikes||[still]\n|-fail|p1a: Toxapex\n|\n|upkeep\n|turn|33\n|inactive|Time left: 300 sec this turn | 300 sec total\n|\n|t:|1783560930\n|move|p2a: Archaludon|Flash Cannon|p1a: Toxapex\n|-resisted|p1a: Toxapex\n|-damage|p1a: Toxapex|149/216\n|move|p1a: Toxapex|Liquidation|p2a: Archaludon\n|-resisted|p2a: Archaludon\n|-damage|p2a: Archaludon|92/100\n|-ability|p2a: Archaludon|Stamina|boost\n|-boost|p2a: Archaludon|def|1\n|\n|-heal|p2a: Archaludon|98/100|[from] item: Leftovers\n|upkeep\n|turn|34\n|inactive|Time left: 300 sec this turn | 300 sec total\n|\n|t:|1783560931\n|move|p2a: Archaludon|Flash Cannon|p1a: Toxapex\n|-resisted|p1a: Toxapex\n|-damage|p1a: Toxapex|116/216\n|move|p1a: Toxapex|Liquidation|p2a: Archaludon\n|-resisted|p2a: Archaludon\n|-damage|p2a: Archaludon|92/100\n|-ability|p2a: Archaludon|Stamina|boost\n|-boost|p2a: Archaludon|def|1\n|\n|-heal|p2a: Archaludon|98/100|[from] item: Leftovers\n|upkeep\n|turn|35\n|inactive|Time left: 300 sec this turn | 300 sec total\n|\n|t:|1783560932\n|move|p2a: Archaludon|Flash Cannon|p1a: Toxapex\n|-resisted|p1a: Toxapex\n|-damage|p1a: Toxapex|82/216\n|-unboost|p1a: Toxapex|spd|1\n|move|p1a: Toxapex|Haze|p1a: Toxapex\n|-clearallboost\n|\n|-heal|p2a: Archaludon|100/100|[from] item: Leftovers\n|upkeep\n|turn|36\n|inactive|Time left: 300 sec this turn | 300 sec total\n|\n|t:|1783560933\n|switch|p1a: Appletun|Appletun, L92, M|248/352\n|-damage|p1a: Appletun|204/352|[from] Stealth Rock\n|move|p2a: Archaludon|Draco Meteor|p1a: Appletun\n|-supereffective|p1a: Appletun\n|-crit|p1a: Appletun\n|-damage|p1a: Appletun|0 fnt\n|-unboost|p2a: Archaludon|spa|2\n|faint|p1a: Appletun\n|\n|upkeep\n|inactive|Time left: 300 sec this turn | 300 sec total | 5 sec grace\n|\n|t:|1783560934\n|switch|p1a: Mismagius|Mismagius, L86, F|93/243\n|-damage|p1a: Mismagius|63/243|[from] Stealth Rock\n|turn|37\n|inactive|Time left: 300 sec this turn | 300 sec total\n|\n|t:|1783560935\n|move|p1a: Mismagius|Shadow Ball|p2a: Archaludon\n|-damage|p2a: Archaludon|53/100\n|-ability|p2a: Archaludon|Stamina|boost\n|-boost|p2a: Archaludon|def|1\n|move|p2a: Archaludon|Draco Meteor|p1a: Mismagius\n|-damage|p1a: Mismagius|0 fnt\n|-unboost|p2a: Archaludon|spa|2\n|faint|p1a: Mismagius\n|\n|-heal|p2a: Archaludon|59/100|[from] item: Leftovers\n|upkeep\n|inactive|Time left: 300 sec this turn | 300 sec total | 5 sec grace\n|\n|t:|1783560935\n|switch|p1a: Sneasler|Sneasler, L74, F|240/240\n|-damage|p1a: Sneasler|225/240|[from] Stealth Rock\n|turn|38\n|inactive|Time left: 300 sec this turn | 300 sec total\n|\n|t:|1783560936\n|switch|p2a: Eiscue|Eiscue-Noice, L88, M|9/100 tox\n|move|p1a: Sneasler|Close Combat|p2a: Eiscue\n|-supereffective|p2a: Eiscue\n|-damage|p2a: Eiscue|0 fnt\n|-unboost|p1a: Sneasler|def|1\n|-unboost|p1a: Sneasler|spd|1\n|faint|p2a: Eiscue\n|\n|upkeep\n|\n|t:|1783560937\n|switch|p2a: Minun|Minun, L95, F|48/100\n|-status|p2a: Minun|tox\n|turn|39\n|inactive|Time left: 300 sec this turn | 300 sec total\n|\n|t:|1783560938\n|switch|p1a: Baxcalibur|Baxcalibur, L75, M|39/295\n|-damage|p1a: Baxcalibur|0 fnt|[from] Stealth Rock\n|faint|p1a: Baxcalibur\n|move|p2a: Minun|Thunderbolt|p1: Baxcalibur|[notarget]\n|-fail|p2a: Minun\n|\n|-damage|p2a: Minun|42/100 tox|[from] psn\n|upkeep\n|inactive|Time left: 300 sec this turn | 300 sec total | 5 sec grace\n|\n|t:|1783560939\n|switch|p1a: Sneasler|Sneasler, L74, F|225/240\n|-damage|p1a: Sneasler|210/240|[from] Stealth Rock\n|turn|40\n|inactive|Time left: 300 sec this turn | 300 sec total\n|\n|t:|1783560940\n|move|p2a: Minun|Thunderbolt|p1a: Sneasler\n|-damage|p1a: Sneasler|62/240\n|-damage|p2a: Minun|32/100 tox|[from] item: Life Orb\n|move|p1a: Sneasler|Close Combat|p2a: Minun\n|-crit|p2a: Minun\n|-damage|p2a: Minun|0 fnt\n|-unboost|p1a: Sneasler|def|1\n|-unboost|p1a: Sneasler|spd|1\n|faint|p2a: Minun\n|\n|upkeep\n|\n|t:|1783560941\n|switch|p2a: Gurdurr|Gurdurr, L85, M|94/100 tox\n|turn|41\n|inactive|Time left: 300 sec this turn | 300 sec total\n|\n|t:|1783560942\n|switch|p1a: Toxapex|Toxapex, L82, M|154/216\n|-damage|p1a: Toxapex|127/216|[from] Stealth Rock\n|move|p2a: Gurdurr|Drain Punch|p1a: Toxapex\n|-resisted|p1a: Toxapex\n|-damage|p1a: Toxapex|84/216\n|-heal|p2a: Gurdurr|100/100 tox|[from] drain|[of] p1a: Toxapex\n|\n|-damage|p2a: Gurdurr|94/100 tox|[from] psn\n|upkeep\n|turn|42\n|inactive|Time left: 300 sec this turn | 300 sec total\n|\n|t:|1783560943\n|move|p2a: Gurdurr|Drain Punch|p1a: Toxapex\n|-resisted|p1a: Toxapex\n|-damage|p1a: Toxapex|42/216\n|-heal|p2a: Gurdurr|100/100 tox|[from] drain|[of] p1a: Toxapex\n|move|p1a: Toxapex|Liquidation|p2a: Gurdurr\n|-damage|p2a: Gurdurr|85/100 tox\n|\n|-damage|p2a: Gurdurr|73/100 tox|[from] psn\n|upkeep\n|turn|43\n|inactive|Time left: 300 sec this turn | 300 sec total\n|\n|t:|1783560943\n|switch|p1a: Torkoal|Torkoal, L88, F|45/266\n|-damage|p1a: Torkoal|0 fnt|[from] Stealth Rock\n|faint|p1a: Torkoal\n|move|p2a: Gurdurr|Knock Off|p1: Torkoal|[notarget]\n|-fail|p2a: Gurdurr\n|\n|-damage|p2a: Gurdurr|55/100 tox|[from] psn\n|upkeep\n|inactive|Time left: 300 sec this turn | 300 sec total | 5 sec grace\n|\n|t:|1783560944\n|switch|p1a: Toxapex|Toxapex, L82, M|114/216\n|-damage|p1a: Toxapex|87/216|[from] Stealth Rock\n|turn|44\n|inactive|Time left: 300 sec this turn | 300 sec total\n|\n|t:|1783560945\n|switch|p2a: Archaludon|Archaludon, L78, F|59/100\n|switch|p1a: Sneasler|Sneasler, L74, F|62/240\n|-damage|p1a: Sneasler|47/240|[from] Stealth Rock\n|\n|-heal|p2a: Archaludon|65/100|[from] item: Leftovers\n|upkeep\n|turn|45\n|inactive|Time left: 300 sec this turn | 300 sec total\n|\n|t:|1783560946\n|-terastallize|p1a: Sneasler|Fighting\n|-terastallize|p2a: Archaludon|Fighting\n|move|p1a: Sneasler|Close Combat|p2a: Archaludon\n|-damage|p2a: Archaludon|0 fnt\n|-unboost|p1a: Sneasler|def|1\n|-unboost|p1a: Sneasler|spd|1\n|faint|p2a: Archaludon\n|\n|upkeep\n|\n|t:|1783560947\n|switch|p2a: Dipplin|Dipplin, L88, F|100/100\n|-status|p2a: Dipplin|tox\n|turn|46\n|inactive|Time left: 300 sec this turn | 300 sec total\n|\n|t:|1783560948\n|move|p1a: Sneasler|Close Combat|p2a: Dipplin\n|-damage|p2a: Dipplin|55/100 tox\n|-unboost|p1a: Sneasler|def|1\n|-unboost|p1a: Sneasler|spd|1\n|move|p2a: Dipplin|Dragon Pulse|p1a: Sneasler\n|-damage|p1a: Sneasler|0 fnt\n|faint|p1a: Sneasler\n|\n|-damage|p2a: Dipplin|49/100 tox|[from] psn\n|upkeep\n|inactive|Time left: 300 sec this turn | 300 sec total | 5 sec grace\n|\n|t:|1783560949\n|switch|p1a: Toxapex|Toxapex, L82, M|159/216\n|-damage|p1a: Toxapex|132/216|[from] Stealth Rock\n|turn|47\n|inactive|Time left: 300 sec this turn | 300 sec total\n|\n|t:|1783560950\n|move|p2a: Dipplin|Dragon Pulse|p1a: Toxapex\n|-damage|p1a: Toxapex|62/216\n|move|p1a: Toxapex|Liquidation|p2a: Dipplin\n|-resisted|p2a: Dipplin\n|-damage|p2a: Dipplin|47/100 tox\n|\n|-damage|p2a: Dipplin|35/100 tox|[from] psn\n|upkeep\n|turn|48\n|inactive|Time left: 300 sec this turn | 300 sec total\n|\n|t:|1783560951\n|move|p2a: Dipplin|Dragon Pulse|p1a: Toxapex\n|-damage|p1a: Toxapex|0 fnt\n|faint|p1a: Toxapex\n|\n|win|p0y180314da", "uploadtime": 1783560951, "views": 0, "rating": 0, "private": 0, "password": null, "_winner": "p0y180314da", "_our_name": "p0x18035b0c"}