{"id": "battle-gen9randombattle-1798", "formatid": "gen9randombattle", "format": "[Gen 9] Random Battle", "players": ["p0x17987af3", "p0y1798b487"], "log": "|init|battle\n|title|p0x17987af3 vs. p0y1798b487\n|j|\u2606p0x17987af3\n|j|\u2606p0y1798b487\n|t:|1783560829\n|gametype|singles\n|player|p1|p0x17987af3|2|\n|player|p2|p0y1798b487|266|\n|gen|9\n|tier|[Gen 9] Random Battle\n|rule|Species Clause: Limit one of each Pok\u00e9mon\n|rule|HP Percentage Mod: HP is shown in percentages\n|rule|Sleep Clause Mod: Limit one foe put to sleep\n|rule|Illusion Level Mod: Illusion disguises the Pok\u00e9mon's true level\n|\n|t:|1783560829\n|teamsize|p1|6\n|teamsize|p2|6\n|start\n|switch|p1a: Slowking|Slowking-Galar, L85, F|100/100\n|switch|p2a: Veluza|Veluza, L85, F|292/292\n|turn|1\n|inactive|Battle timer is ON: inactive players will automatically lose when time's up. (requested by p0y1798b487)\n|inactive|p0x17987af3 also wants the timer to be on.\n|\n|t:|1783560831\n|move|p2a: Veluza|Night Slash|p1a: Slowking\n|-supereffective|p1a: Slowking\n|-damage|p1a: Slowking|15/100\n|move|p1a: Slowking|Sludge Bomb|p2a: Veluza\n|-damage|p2a: Veluza|168/292\n|\n|upkeep\n|turn|2\n|inactive|Time left: 300 sec this turn | 300 sec total\n|\n|t:|1783560832\n|switch|p1a: Hariyama|Hariyama, L87, M|100/100\n|move|p2a: Veluza|Night Slash|p1a: Hariyama\n|-resisted|p1a: Hariyama\n|-damage|p1a: Hariyama|80/100\n|\n|-status|p1a: Hariyama|brn|[from] item: Flame Orb\n|upkeep\n|turn|3\n|inactive|Time left: 300 sec this turn | 300 sec total\n|\n|t:|1783560833\n|switch|p2a: Landorus|Landorus-Therian, L76, M|260/260\n|-ability|p2a: Landorus|Intimidate|boost\n|-unboost|p1a: Hariyama|atk|1\n|switch|p1a: Tyranitar|Tyranitar, L78, F|100/100\n|-weather|Sandstorm|[from] ability: Sand Stream|[of] p1a: Tyranitar\n|\n|-weather|Sandstorm|[upkeep]\n|upkeep\n|turn|4\n|inactive|Time left: 300 sec this turn | 300 sec total\n|\n|t:|1783560834\n|move|p2a: Landorus|Stealth Rock|p1a: Tyranitar\n|-sidestart|p1: p0x17987af3|move: Stealth Rock\n|move|p1a: Tyranitar|Knock Off|p2a: Landorus\n|-damage|p2a: Landorus|125/260\n|-enditem|p2a: Landorus|Leftovers|[from] move: Knock Off|[of] p1a: Tyranitar\n|\n|-weather|Sandstorm|[upkeep]\n|upkeep\n|turn|5\n|inactive|Time left: 300 sec this turn | 300 sec total\n|\n|t:|1783560835\n|move|p2a: Landorus|Earthquake|p1a: Tyranitar\n|-supereffective|p1a: Tyranitar\n|-damage|p1a: Tyranitar|20/100\n|-enditem|p1a: Tyranitar|Weakness Policy\n|-boost|p1a: Tyranitar|atk|2|[from] item: Weakness Policy\n|-boost|p1a: Tyranitar|spa|2|[from] item: Weakness Policy\n|move|p1a: Tyranitar|Dragon Dance|p1a: Tyranitar\n|-boost|p1a: Tyranitar|atk|1\n|-boost|p1a: Tyranitar|spe|1\n|\n|-weather|Sandstorm|[upkeep]\n|upkeep\n|turn|6\n|inactive|Time left: 300 sec this turn | 300 sec total\n|\n|t:|1783560837\n|move|p1a: Tyranitar|Knock Off|p2a: Landorus\n|-damage|p2a: Landorus|0 fnt\n|faint|p2a: Landorus\n|\n|-weather|Sandstorm|[upkeep]\n|upkeep\n|inactive|Time left: 300 sec this turn | 300 sec total | 5 sec grace\n|\n|t:|1783560838\n|switch|p2a: Veluza|Veluza, L85, F|168/292\n|turn|7\n|inactive|Time left: 300 sec this turn | 300 sec total\n|\n|t:|1783560839\n|move|p2a: Veluza|Aqua Jet|p1a: Tyranitar\n|-supereffective|p1a: Tyranitar\n|-damage|p1a: Tyranitar|0 fnt\n|faint|p1a: Tyranitar\n|\n|-weather|none\n|upkeep\n|\n|t:|1783560840\n|switch|p1a: Araquanid|Araquanid, L82, F|100/100\n|turn|8\n|inactive|Time left: 300 sec this turn | 300 sec total\n|\n|t:|1783560841\n|switch|p2a: Araquanid|Araquanid, L82, M|246/246\n|move|p1a: Araquanid|Sticky Web|p2a: Araquanid\n|-sidestart|p2: p0y1798b487|move: Sticky Web\n|\n|upkeep\n|turn|9\n|inactive|Time left: 300 sec this turn | 300 sec total\n|\n|t:|1783560842\n|move|p1a: Araquanid|Liquidation|p2a: Araquanid\n|-resisted|p2a: Araquanid\n|-damage|p2a: Araquanid|182/246\n|move|p2a: Araquanid|Sticky Web|p1a: Araquanid\n|-sidestart|p1: p0x17987af3|move: Sticky Web\n|\n|upkeep\n|turn|10\n|inactive|Time left: 300 sec this turn | 300 sec total\n|\n|t:|1783560843\n|move|p1a: Araquanid|Liquidation|p2a: Araquanid\n|-resisted|p2a: Araquanid\n|-damage|p2a: Araquanid|116/246\n|-unboost|p2a: Araquanid|def|1\n|move|p2a: Araquanid|Liquidation|p1a: Araquanid\n|-resisted|p1a: Araquanid\n|-damage|p1a: Araquanid|72/100\n|\n|upkeep\n|turn|11\n|inactive|Time left: 300 sec this turn | 300 sec total\n|\n|t:|1783560844\n|move|p1a: Araquanid|Liquidation|p2a: Araquanid\n|-resisted|p2a: Araquanid\n|-damage|p2a: Araquanid|11/246\n|-unboost|p2a: Araquanid|def|1\n|move|p2a: Araquanid|Liquidation|p1a: Araquanid\n|-resisted|p1a: Araquanid\n|-damage|p1a: Araquanid|48/100\n|\n|upkeep\n|turn|12\n|inactive|Time left: 300 sec this turn | 300 sec total\n|\n|t:|1783560845\n|move|p2a: Araquanid|Liquidation|p1a: Araquanid\n|-resisted|p1a: Araquanid\n|-damage|p1a: Araquanid|19/100\n|move|p1a: Araquanid|Leech Life|p2a: Araquanid\n|-damage|p2a: Araquanid|0 fnt\n|-heal|p1a: Araquanid|22/100|[from] drain|[of] p2a: Araquanid\n|faint|p2a: Araquanid\n|\n|upkeep\n|inactive|Time left: 300 sec this turn | 300 sec total | 5 sec grace\n|\n|t:|1783560846\n|switch|p2a: Hitmonlee|Hitmonlee, L85, M|224/224\n|-activate|p2a: Hitmonlee|move: Sticky Web\n|-unboost|p2a: Hitmonlee|spe|1\n|-enditem|p2a: Hitmonlee|White Herb\n|-clearnegativeboost|p2a: Hitmonlee|[silent]\n|turn|13\n|inactive|Time left: 300 sec this turn | 300 sec total\n|\n|t:|1783560847\n|switch|p1a: Hariyama|Hariyama, L87, M|80/100 brn\n|-damage|p1a: Hariyama|73/100 brn|[from] Stealth Rock\n|-activate|p1a: Hariyama|move: Sticky Web\n|-unboost|p1a: Hariyama|spe|1\n|move|p2a: Hitmonlee|Knock Off|p1a: Hariyama\n|-resisted|p1a: Hariyama\n|-damage|p1a: Hariyama|60/100 brn\n|-enditem|p1a: Hariyama|Flame Orb|[from] move: Knock Off|[of] p2a: Hitmonlee\n|\n|-damage|p1a: Hariyama|54/100 brn|[from] brn\n|upkeep\n|turn|14\n|inactive|Time left: 300 sec this turn | 300 sec total\n|\n|t:|1783560848\n|move|p2a: Hitmonlee|Close Combat|p1a: Hariyama\n|-damage|p1a: Hariyama|7/100 brn\n|-unboost|p2a: Hitmonlee|def|1\n|-unboost|p2a: Hitmonlee|spd|1\n|move|p1a: Hariyama|Facade|p2a: Hitmonlee\n|-damage|p2a: Hitmonlee|0 fnt\n|faint|p2a: Hitmonlee\n|\n|-damage|p1a: Hariyama|1/100 brn|[from] brn\n|upkeep\n|inactive|Time left: 300 sec this turn | 300 sec total | 5 sec grace\n|\n|t:|1783560848\n|switch|p2a: Veluza|Veluza, L85, F|168/292\n|-activate|p2a: Veluza|move: Sticky Web\n|-unboost|p2a: Veluza|spe|1\n|turn|15\n|inactive|Time left: 300 sec this turn | 300 sec total\n|\n|t:|1783560849\n|switch|p1a: Arboliva|Arboliva, L91, F|100/100\n|-damage|p1a: Arboliva|88/100|[from] Stealth Rock\n|-activate|p1a: Arboliva|move: Sticky Web\n|-unboost|p1a: Arboliva|spe|1\n|move|p2a: Veluza|Psycho Cut|p1a: Arboliva\n|-damage|p1a: Arboliva|33/100\n|-enditem|p1a: Arboliva|Sitrus Berry|[eat]\n|-heal|p1a: Arboliva|58/100|[from] item: Sitrus Berry\n|\n|-item|p1a: Arboliva|Sitrus Berry|[from] ability: Harvest\n|upkeep\n|turn|16\n|inactive|Time left: 300 sec this turn | 300 sec total\n|\n|t:|1783560850\n|switch|p1a: Darkrai|Darkrai, L77|100/100\n|-damage|p1a: Darkrai|88/100|[from] Stealth Rock\n|-activate|p1a: Darkrai|move: Sticky Web\n|-unboost|p1a: Darkrai|spe|1\n|move|p2a: Veluza|Psycho Cut|p1a: Darkrai\n|-immune|p1a: Darkrai\n|\n|upkeep\n|turn|17\n|inactive|Time left: 300 sec this turn | 300 sec total\n|\n|t:|1783560851\n|switch|p2a: Latias|Latias, L79, F|256/256\n|move|p1a: Darkrai|Nasty Plot|p1a: Darkrai\n|-boost|p1a: Darkrai|spa|2\n|\n|upkeep\n|turn|18\n|inactive|Time left: 300 sec this turn | 300 sec total\n|\n|t:|1783560852\n|-terastallize|p2a: Latias|Steel\n|move|p2a: Latias|Calm Mind|p2a: Latias\n|-boost|p2a: Latias|spa|1\n|-boost|p2a: Latias|spd|1\n|move|p1a: Darkrai|Dark Pulse|p2a: Latias\n|-damage|p2a: Latias|123/256\n|-damage|p1a: Darkrai|78/100|[from] item: Life Orb\n|\n|upkeep\n|turn|19\n|inactive|Time left: 300 sec this turn | 300 sec total\n|\n|t:|1783560853\n|move|p2a: Latias|Draco Meteor|p1a: Darkrai\n|-damage|p1a: Darkrai|0 fnt\n|-unboost|p2a: Latias|spa|2\n|faint|p1a: Darkrai\n|\n|upkeep\n|\n|t:|1783560854\n|switch|p1a: Arboliva|Arboliva, L91, F|58/100\n|-damage|p1a: Arboliva|46/100|[from] Stealth Rock\n|-activate|p1a: Arboliva|move: Sticky Web\n|-unboost|p1a: Arboliva|spe|1\n|-enditem|p1a: Arboliva|Sitrus Berry|[eat]\n|-heal|p1a: Arboliva|71/100|[from] item: Sitrus Berry\n|turn|20\n|inactive|Time left: 300 sec this turn | 300 sec total\n|\n|t:|1783560854\n|move|p2a: Latias|Recover|p2a: Latias\n|-heal|p2a: Latias|251/256\n|move|p1a: Arboliva|Leech Seed|p2a: Latias\n|-start|p2a: Latias|move: Leech Seed\n|\n|-damage|p2a: Latias|219/256|[from] Leech Seed|[of] p1a: Arboliva\n|-heal|p1a: Arboliva|82/100|[silent]\n|-item|p1a: Arboliva|Sitrus Berry|[from] ability: Harvest\n|upkeep\n|turn|21\n|inactive|Time left: 300 sec this turn | 300 sec total\n|\n|t:|1783560855\n|move|p2a: Latias|Calm Mind|p2a: Latias\n|-boost|p2a: Latias|spa|1\n|-boost|p2a: Latias|spd|1\n|move|p1a: Arboliva|Hyper Voice|p2a: Latias\n|-resisted|p2a: Latias\n|-damage|p2a: Latias|194/256\n|\n|-damage|p2a: Latias|162/256|[from] Leech Seed|[of] p1a: Arboliva\n|-heal|p1a: Arboliva|93/100|[silent]\n|upkeep\n|turn|22\n|inactive|Time left: 300 sec this turn | 300 sec total\n|\n|t:|1783560857\n|move|p2a: Latias|Calm Mind|p2a: Latias\n|-boost|p2a: Latias|spa|1\n|-boost|p2a: Latias|spd|1\n|move|p1a: Arboliva|Substitute|p1a: Arboliva\n|-start|p1a: Arboliva|Substitute\n|-damage|p1a: Arboliva|68/100\n|\n|-damage|p2a: Latias|130/256|[from] Leech Seed|[of] p1a: Arboliva\n|-heal|p1a: Arboliva|79/100|[silent]\n|upkeep\n|turn|23\n|inactive|Time left: 300 sec this turn | 300 sec total\n|\n|t:|1783560858\n|move|p2a: Latias|Recover|p2a: Latias\n|-heal|p2a: Latias|256/256\n|move|p1a: Arboliva|Hyper Voice|p2a: Latias\n|-resisted|p2a: Latias\n|-damage|p2a: Latias|235/256\n|\n|-damage|p2a: Latias|203/256|[from] Leech Seed|[of] p1a: Arboliva\n|-heal|p1a: Arboliva|90/100|[silent]\n|upkeep\n|turn|24\n|inactive|Time left: 300 sec this turn | 300 sec total\n|\n|t:|1783560859\n|move|p1a: Arboliva|Protect|p1a: Arboliva\n|-singleturn|p1a: Arboliva|Protect\n|move|p2a: Latias|Calm Mind|p2a: Latias\n|-boost|p2a: Latias|spa|1\n|-boost|p2a: Latias|spd|1\n|\n|-damage|p2a: Latias|171/256|[from] Leech Seed|[of] p1a: Arboliva\n|-heal|p1a: Arboliva|100/100|[silent]\n|upkeep\n|turn|25\n|inactive|Time left: 300 sec this turn | 300 sec total\n|\n|t:|1783560860\n|move|p2a: Latias|Psyshock|p1a: Arboliva\n|-end|p1a: Arboliva|Substitute\n|move|p1a: Arboliva|Hyper Voice|p2a: Latias\n|-resisted|p2a: Latias\n|-crit|p2a: Latias\n|-damage|p2a: Latias|97/256\n|\n|-damage|p2a: Latias|65/256|[from] Leech Seed|[of] p1a: Arboliva\n|upkeep\n|turn|26\n|inactive|Time left: 300 sec this turn | 300 sec total\n|\n|t:|1783560861\n|move|p2a: Latias|Recover|p2a: Latias\n|-heal|p2a: Latias|193/256\n|move|p1a: Arboliva|Substitute|p1a: Arboliva\n|-start|p1a: Arboliva|Substitute\n|-damage|p1a: Arboliva|75/100\n|\n|-damage|p2a: Latias|161/256|[from] Leech Seed|[of] p1a: Arboliva\n|-heal|p1a: Arboliva|87/100|[silent]\n|upkeep\n|turn|27\n|inactive|Time left: 300 sec this turn | 300 sec total\n|\n|t:|1783560862\n|move|p2a: Latias|Psyshock|p1a: Arboliva\n|-end|p1a: Arboliva|Substitute\n|move|p1a: Arboliva|Substitute|p1a: Arboliva\n|-start|p1a: Arboliva|Substitute\n|-damage|p1a: Arboliva|62/100\n|\n|-damage|p2a: Latias|129/256|[from] Leech Seed|[of] p1a: Arboliva\n|-heal|p1a: Arboliva|73/100|[silent]\n|upkeep\n|turn|28\n|inactive|Time left: 300 sec this turn | 300 sec total\n|\n|t:|1783560863\n|move|p2a: Latias|Recover|p2a: Latias\n|-heal|p2a: Latias|256/256\n|move|p1a: Arboliva|Substitute|p1a: Arboliva\n|-fail|p1a: Arboliva|move: Substitute\n|\n|-damage|p2a: Latias|224/256|[from] Leech Seed|[of] p1a: Arboliva\n|-heal|p1a: Arboliva|84/100|[silent]\n|upkeep\n|turn|29\n|inactive|Time left: 300 sec this turn | 300 sec total\n|\n|t:|1783560864\n|move|p1a: Arboliva|Protect|p1a: Arboliva\n|-singleturn|p1a: Arboliva|Protect\n|move|p2a: Latias|Psyshock|p1a: Arboliva\n|-activate|p1a: Arboliva|move: Protect\n|\n|-damage|p2a: Latias|192/256|[from] Leech Seed|[of] p1a: Arboliva\n|-heal|p1a: Arboliva|95/100|[silent]\n|upkeep\n|turn|30\n|inactive|Time left: 300 sec this turn | 300 sec total\n|\n|t:|1783560865\n|move|p1a: Arboliva|Protect|p1a: Arboliva\n|-singleturn|p1a: Arboliva|Protect\n|move|p2a: Latias|Psyshock|p1a: Arboliva\n|-activate|p1a: Arboliva|move: Protect\n|\n|-damage|p2a: Latias|160/256|[from] Leech Seed|[of] p1a: Arboliva\n|-heal|p1a: Arboliva|100/100|[silent]\n|upkeep\n|turn|31\n|inactive|Time left: 300 sec this turn | 300 sec total\n|\n|t:|1783560866\n|move|p2a: Latias|Psyshock|p1a: Arboliva\n|-end|p1a: Arboliva|Substitute\n|move|p1a: Arboliva|Substitute|p1a: Arboliva\n|-start|p1a: Arboliva|Substitute\n|-damage|p1a: Arboliva|75/100\n|\n|-damage|p2a: Latias|128/256|[from] Leech Seed|[of] p1a: Arboliva\n|-heal|p1a: Arboliva|87/100|[silent]\n|upkeep\n|turn|32\n|inactive|Time left: 300 sec this turn | 300 sec total\n|\n|t:|1783560867\n|move|p2a: Latias|Recover|p2a: Latias\n|-heal|p2a: Latias|256/256\n|move|p1a: Arboliva|Hyper Voice|p2a: Latias\n|-resisted|p2a: Latias\n|-damage|p2a: Latias|237/256\n|\n|-damage|p2a: Latias|205/256|[from] Leech Seed|[of] p1a: Arboliva\n|-heal|p1a: Arboliva|98/100|[silent]\n|upkeep\n|turn|33\n|inactive|Time left: 300 sec this turn | 300 sec total\n|\n|t:|1783560867\n|move|p1a: Arboliva|Protect|p1a: Arboliva\n|-singleturn|p1a: Arboliva|Protect\n|move|p2a: Latias|Calm Mind|p2a: Latias\n|-boost|p2a: Latias|spa|1\n|-boost|p2a: Latias|spd|1\n|\n|-damage|p2a: Latias|173/256|[from] Leech Seed|[of] p1a: Arboliva\n|-heal|p1a: Arboliva|100/100|[silent]\n|upkeep\n|turn|34\n|inactive|Time left: 300 sec this turn | 300 sec total\n|\n|t:|1783560868\n|move|p2a: Latias|Psyshock|p1a: Arboliva\n|-end|p1a: Arboliva|Substitute\n|move|p1a: Arboliva|Substitute|p1a: Arboliva\n|-start|p1a: Arboliva|Substitute\n|-damage|p1a: Arboliva|75/100\n|\n|-damage|p2a: Latias|141/256|[from] Leech Seed|[of] p1a: Arboliva\n|-heal|p1a: Arboliva|87/100|[silent]\n|upkeep\n|turn|35\n|inactive|Time left: 300 sec this turn | 300 sec total\n|\n|t:|1783560869\n|move|p1a: Arboliva|Protect|p1a: Arboliva\n|-singleturn|p1a: Arboliva|Protect\n|move|p2a: Latias|Recover|p2a: Latias\n|-heal|p2a: Latias|256/256\n|\n|-damage|p2a: Latias|224/256|[from] Leech Seed|[of] p1a: Arboliva\n|-heal|p1a: Arboliva|98/100|[silent]\n|upkeep\n|turn|36\n|inactive|Time left: 300 sec this turn | 300 sec total\n|\n|t:|1783560870\n|move|p2a: Latias|Psyshock|p1a: Arboliva\n|-end|p1a: Arboliva|Substitute\n|move|p1a: Arboliva|Substitute|p1a: Arboliva\n|-start|p1a: Arboliva|Substitute\n|-damage|p1a: Arboliva|73/100\n|\n|-damage|p2a: Latias|192/256|[from] Leech Seed|[of] p1a: Arboliva\n|-heal|p1a: Arboliva|84/100|[silent]\n|upkeep\n|turn|37\n|inactive|Time left: 300 sec this turn | 300 sec total\n|\n|t:|1783560871\n|move|p1a: Arboliva|Protect|p1a: Arboliva\n|-singleturn|p1a: Arboliva|Protect\n|move|p2a: Latias|Psyshock|p1a: Arboliva\n|-activate|p1a: Arboliva|move: Protect\n|\n|-damage|p2a: Latias|160/256|[from] Leech Seed|[of] p1a: Arboliva\n|-heal|p1a: Arboliva|95/100|[silent]\n|upkeep\n|turn|38\n|inactive|Time left: 300 sec this turn | 300 sec total\n|\n|t:|1783560872\n|move|p2a: Latias|Psyshock|p1a: Arboliva\n|-end|p1a: Arboliva|Substitute\n|move|p1a: Arboliva|Hyper Voice|p2a: Latias\n|-resisted|p2a: Latias\n|-damage|p2a: Latias|145/256\n|\n|-damage|p2a: Latias|113/256|[from] Leech Seed|[of] p1a: Arboliva\n|-heal|p1a: Arboliva|100/100|[silent]\n|upkeep\n|turn|39\n|inactive|Time left: 300 sec this turn | 300 sec total\n|\n|t:|1783560873\n|move|p1a: Arboliva|Protect|p1a: Arboliva\n|-singleturn|p1a: Arboliva|Protect\n|move|p2a: Latias|Psyshock|p1a: Arboliva\n|-activate|p1a: Arboliva|move: Protect\n|\n|-damage|p2a: Latias|81/256|[from] Leech Seed|[of] p1a: Arboliva\n|upkeep\n|turn|40\n|inactive|Time left: 300 sec this turn | 300 sec total\n|\n|t:|1783560874\n|move|p2a: Latias|Psyshock|p1a: Arboliva\n|-crit|p1a: Arboliva\n|-damage|p1a: Arboliva|0 fnt\n|faint|p1a: Arboliva\n|\n|upkeep\n|\n|t:|1783560875\n|switch|p1a: Araquanid|Araquanid, L82, F|22/100\n|turn|41\n|inactive|Time left: 300 sec this turn | 300 sec total\n|\n|t:|1783560876\n|switch|p1a: Hariyama|Hariyama, L87, M|1/100 brn\n|-damage|p1a: Hariyama|0 fnt|[from] Stealth Rock\n|faint|p1a: Hariyama\n|move|p2a: Latias|Psyshock|p1: Hariyama|[notarget]\n|-fail|p2a: Latias\n|\n|upkeep\n|\n|t:|1783560877\n|switch|p1a: Araquanid|Araquanid, L82, F|22/100\n|turn|42\n|inactive|Time left: 300 sec this turn | 300 sec total\n|\n|t:|1783560878\n|move|p2a: Latias|Psyshock|p1a: Araquanid\n|-crit|p1a: Araquanid\n|-damage|p1a: Araquanid|0 fnt\n|faint|p1a: Araquanid\n|\n|upkeep\n|\n|t:|1783560879\n|switch|p1a: Slowking|Slowking-Galar, L85, F|48/100\n|-damage|p1a: Slowking|36/100|[from] Stealth Rock\n|-activate|p1a: Slowking|move: Sticky Web\n|-unboost|p1a: Slowking|spe|1\n|turn|43\n|inactive|Time left: 300 sec this turn | 300 sec total\n|\n|t:|1783560880\n|-terastallize|p1a: Slowking|Fairy\n|move|p2a: Latias|Psyshock|p1a: Slowking\n|-damage|p1a: Slowking|0 fnt\n|faint|p1a: Slowking\n|\n|win|p0y1798b487", "uploadtime": 1783560880, "views": 0, "rating": 0, "private": 0, "password": null, "_winner": "p0y1798b487", "_our_name": "p0y1798b487"}