{"id": "battle-gen9randombattle-990", "formatid": "gen9randombattle", "format": "[Gen 9] Random Battle", "players": ["p0x9905abf", "p0y990c088"], "log": "|init|battle\n|title|p0x9905abf vs. p0y990c088\n|j|\u2606p0x9905abf\n|j|\u2606p0y990c088\n|t:|1783550647\n|gametype|singles\n|player|p1|p0x9905abf|101|\n|player|p2|p0y990c088|102|\n|gen|9\n|tier|[Gen 9] Random Battle\n|rule|Species Clause: Limit one of each Pok\u00e9mon\n|rule|HP Percentage Mod: HP is shown in percentages\n|rule|Sleep Clause Mod: Limit one foe put to sleep\n|rule|Illusion Level Mod: Illusion disguises the Pok\u00e9mon's true level\n|\n|t:|1783550647\n|teamsize|p1|6\n|teamsize|p2|6\n|start\n|switch|p1a: Serperior|Serperior, L79, M|248/248\n|switch|p2a: Probopass|Probopass, L91, F|100/100\n|turn|1\n|inactive|Battle timer is ON: inactive players will automatically lose when time's up. (requested by p0y990c088)\n|inactive|Time left: 300 sec this turn | 300 sec total | 60 sec grace\n|inactive|p0x9905abf also wants the timer to be on.\n|\n|t:|1783550649\n|move|p1a: Serperior|Leaf Storm|p2a: Probopass\n|-damage|p2a: Probopass|69/100\n|-boost|p1a: Serperior|spa|2\n|-damage|p1a: Serperior|224/248|[from] item: Life Orb\n|move|p2a: Probopass|Body Press|p1a: Serperior\n|-damage|p1a: Serperior|135/248\n|\n|-heal|p2a: Probopass|75/100|[from] item: Leftovers\n|upkeep\n|turn|2\n|inactive|Time left: 300 sec this turn | 300 sec total\n|\n|t:|1783550650\n|move|p1a: Serperior|Leaf Storm|p2a: Probopass\n|-damage|p2a: Probopass|19/100\n|-boost|p1a: Serperior|spa|2\n|-damage|p1a: Serperior|111/248|[from] item: Life Orb\n|move|p2a: Probopass|Body Press|p1a: Serperior\n|-damage|p1a: Serperior|22/248\n|\n|-heal|p2a: Probopass|25/100|[from] item: Leftovers\n|upkeep\n|turn|3\n|inactive|Time left: 300 sec this turn | 300 sec total\n|\n|t:|1783550651\n|-terastallize|p2a: Probopass|Fighting\n|move|p1a: Serperior|Synthesis|p1a: Serperior\n|-heal|p1a: Serperior|146/248\n|move|p2a: Probopass|Body Press|p1a: Serperior\n|-crit|p1a: Serperior\n|-damage|p1a: Serperior|0 fnt\n|faint|p1a: Serperior\n|\n|-heal|p2a: Probopass|31/100|[from] item: Leftovers\n|upkeep\n|inactive|Time left: 300 sec this turn | 300 sec total | 5 sec grace\n|\n|t:|1783550652\n|switch|p1a: Flareon|Flareon, L90, F|263/263\n|turn|4\n|inactive|Time left: 300 sec this turn | 300 sec total\n|\n|t:|1783550653\n|move|p1a: Flareon|Flare Blitz|p2a: Probopass\n|-damage|p2a: Probopass|0 fnt\n|faint|p2a: Probopass\n|-damage|p1a: Flareon|237/263|[from] Recoil\n|\n|-status|p1a: Flareon|tox|[from] item: Toxic Orb\n|upkeep\n|\n|t:|1783550654\n|switch|p2a: Barraskewda|Barraskewda, L81, M|100/100\n|turn|5\n|inactive|Time left: 300 sec this turn | 300 sec total\n|\n|t:|1783550655\n|switch|p1a: Dipplin|Dipplin, L88, M|284/284\n|move|p2a: Barraskewda|Waterfall|p1a: Dipplin\n|-resisted|p1a: Dipplin\n|-damage|p1a: Dipplin|264/284\n|\n|upkeep\n|turn|6\n|inactive|Time left: 300 sec this turn | 300 sec total\n|\n|t:|1783550656\n|switch|p2a: Slowking|Slowking, L88, M|100/100\n|move|p1a: Dipplin|Giga Drain|p2a: Slowking\n|-supereffective|p2a: Slowking\n|-damage|p2a: Slowking|53/100\n|-heal|p1a: Dipplin|284/284|[from] drain|[of] p2a: Slowking\n|\n|upkeep\n|turn|7\n|inactive|Time left: 300 sec this turn | 300 sec total\n|\n|t:|1783550657\n|move|p1a: Dipplin|Giga Drain|p2a: Slowking\n|-supereffective|p2a: Slowking\n|-damage|p2a: Slowking|6/100\n|move|p2a: Slowking|Slack Off|p2a: Slowking\n|-heal|p2a: Slowking|56/100\n|\n|upkeep\n|turn|8\n|inactive|Time left: 300 sec this turn | 300 sec total\n|\n|t:|1783550658\n|move|p1a: Dipplin|Giga Drain|p2a: Slowking\n|-supereffective|p2a: Slowking\n|-damage|p2a: Slowking|15/100\n|move|p2a: Slowking|Slack Off|p2a: Slowking\n|-heal|p2a: Slowking|65/100\n|\n|upkeep\n|turn|9\n|inactive|Time left: 300 sec this turn | 300 sec total\n|\n|t:|1783550659\n|move|p1a: Dipplin|Giga Drain|p2a: Slowking\n|-supereffective|p2a: Slowking\n|-damage|p2a: Slowking|22/100\n|move|p2a: Slowking|Slack Off|p2a: Slowking\n|-heal|p2a: Slowking|72/100\n|\n|upkeep\n|turn|10\n|inactive|Time left: 300 sec this turn | 300 sec total\n|\n|t:|1783550660\n|move|p1a: Dipplin|Giga Drain|p2a: Slowking\n|-supereffective|p2a: Slowking\n|-damage|p2a: Slowking|27/100\n|move|p2a: Slowking|Psychic Noise|p1a: Dipplin\n|-damage|p1a: Dipplin|224/284\n|-start|p1a: Dipplin|move: Heal Block\n|\n|upkeep\n|turn|11\n|inactive|Time left: 300 sec this turn | 300 sec total\n|\n|t:|1783550661\n|move|p1a: Dipplin|Dragon Pulse|p2a: Slowking\n|-damage|p2a: Slowking|1/100\n|move|p2a: Slowking|Slack Off|p2a: Slowking\n|-heal|p2a: Slowking|51/100\n|\n|-end|p1a: Dipplin|move: Heal Block\n|upkeep\n|turn|12\n|inactive|Time left: 300 sec this turn | 300 sec total\n|\n|t:|1783550662\n|move|p1a: Dipplin|Giga Drain|p2a: Slowking\n|-supereffective|p2a: Slowking\n|-damage|p2a: Slowking|8/100\n|-heal|p1a: Dipplin|284/284|[from] drain|[of] p2a: Slowking\n|move|p2a: Slowking|Slack Off|p2a: Slowking\n|-heal|p2a: Slowking|58/100\n|\n|upkeep\n|turn|13\n|inactive|Time left: 300 sec this turn | 300 sec total\n|\n|t:|1783550663\n|move|p1a: Dipplin|Giga Drain|p2a: Slowking\n|-supereffective|p2a: Slowking\n|-damage|p2a: Slowking|13/100\n|move|p2a: Slowking|Slack Off|p2a: Slowking\n|-heal|p2a: Slowking|63/100\n|\n|upkeep\n|turn|14\n|inactive|Time left: 300 sec this turn | 300 sec total\n|\n|t:|1783550664\n|switch|p2a: Mandibuzz|Mandibuzz, L85, F|100/100\n|move|p1a: Dipplin|Giga Drain|p2a: Mandibuzz\n|-resisted|p2a: Mandibuzz\n|-damage|p2a: Mandibuzz|89/100\n|\n|upkeep\n|turn|15\n|inactive|Time left: 300 sec this turn | 300 sec total\n|\n|t:|1783550665\n|move|p2a: Mandibuzz|Brave Bird|p1a: Dipplin\n|-supereffective|p1a: Dipplin\n|-crit|p1a: Dipplin\n|-damage|p1a: Dipplin|122/284\n|-damage|p2a: Mandibuzz|72/100|[from] Recoil\n|move|p1a: Dipplin|Giga Drain|p2a: Mandibuzz\n|-resisted|p2a: Mandibuzz\n|-damage|p2a: Mandibuzz|60/100\n|-heal|p1a: Dipplin|142/284|[from] drain|[of] p2a: Mandibuzz\n|\n|upkeep\n|turn|16\n|inactive|Time left: 300 sec this turn | 300 sec total\n|\n|t:|1783550666\n|move|p2a: Mandibuzz|Roost|p2a: Mandibuzz\n|-heal|p2a: Mandibuzz|100/100\n|-singleturn|p2a: Mandibuzz|move: Roost\n|move|p1a: Dipplin|Recover|p1a: Dipplin\n|-heal|p1a: Dipplin|284/284\n|\n|upkeep\n|turn|17\n|inactive|Time left: 300 sec this turn | 300 sec total\n|\n|t:|1783550667\n|move|p2a: Mandibuzz|Brave Bird|p1a: Dipplin\n|-supereffective|p1a: Dipplin\n|-damage|p1a: Dipplin|174/284\n|-damage|p2a: Mandibuzz|89/100|[from] Recoil\n|move|p1a: Dipplin|Giga Drain|p2a: Mandibuzz\n|-resisted|p2a: Mandibuzz\n|-damage|p2a: Mandibuzz|77/100\n|-heal|p1a: Dipplin|195/284|[from] drain|[of] p2a: Mandibuzz\n|\n|upkeep\n|turn|18\n|inactive|Time left: 300 sec this turn | 300 sec total\n|\n|t:|1783550668\n|move|p2a: Mandibuzz|Brave Bird|p1a: Dipplin\n|-supereffective|p1a: Dipplin\n|-damage|p1a: Dipplin|93/284\n|-damage|p2a: Mandibuzz|66/100|[from] Recoil\n|move|p1a: Dipplin|Giga Drain|p2a: Mandibuzz\n|-resisted|p2a: Mandibuzz\n|-crit|p2a: Mandibuzz\n|-damage|p2a: Mandibuzz|48/100\n|-heal|p1a: Dipplin|123/284|[from] drain|[of] p2a: Mandibuzz\n|\n|upkeep\n|turn|19\n|inactive|Time left: 300 sec this turn | 300 sec total\n|\n|t:|1783550670\n|move|p2a: Mandibuzz|Roost|p2a: Mandibuzz\n|-heal|p2a: Mandibuzz|98/100\n|-singleturn|p2a: Mandibuzz|move: Roost\n|move|p1a: Dipplin|Recover|p1a: Dipplin\n|-heal|p1a: Dipplin|265/284\n|\n|upkeep\n|turn|20\n|inactive|Time left: 300 sec this turn | 300 sec total\n|\n|t:|1783550671\n|move|p2a: Mandibuzz|Brave Bird|p1a: Dipplin\n|-supereffective|p1a: Dipplin\n|-damage|p1a: Dipplin|151/284\n|-damage|p2a: Mandibuzz|86/100|[from] Recoil\n|move|p1a: Dipplin|Giga Drain|p2a: Mandibuzz\n|-resisted|p2a: Mandibuzz\n|-damage|p2a: Mandibuzz|73/100\n|-heal|p1a: Dipplin|173/284|[from] drain|[of] p2a: Mandibuzz\n|\n|upkeep\n|turn|21\n|inactive|Time left: 300 sec this turn | 300 sec total\n|\n|t:|1783550672\n|move|p2a: Mandibuzz|Brave Bird|p1a: Dipplin\n|-supereffective|p1a: Dipplin\n|-damage|p1a: Dipplin|69/284\n|-damage|p2a: Mandibuzz|62/100|[from] Recoil\n|move|p1a: Dipplin|Giga Drain|p2a: Mandibuzz\n|-resisted|p2a: Mandibuzz\n|-damage|p2a: Mandibuzz|49/100\n|-heal|p1a: Dipplin|91/284|[from] drain|[of] p2a: Mandibuzz\n|\n|upkeep\n|turn|22\n|inactive|Time left: 300 sec this turn | 300 sec total\n|\n|t:|1783550673\n|-terastallize|p1a: Dipplin|Steel\n|move|p2a: Mandibuzz|Brave Bird|p1a: Dipplin\n|-resisted|p1a: Dipplin\n|-damage|p1a: Dipplin|65/284\n|-damage|p2a: Mandibuzz|46/100|[from] Recoil\n|move|p1a: Dipplin|Recover|p1a: Dipplin\n|-heal|p1a: Dipplin|207/284\n|\n|upkeep\n|turn|23\n|inactive|Time left: 300 sec this turn | 300 sec total\n|\n|t:|1783550674\n|move|p2a: Mandibuzz|Roost|p2a: Mandibuzz\n|-heal|p2a: Mandibuzz|96/100\n|-singleturn|p2a: Mandibuzz|move: Roost\n|move|p1a: Dipplin|Giga Drain|p2a: Mandibuzz\n|-damage|p2a: Mandibuzz|72/100\n|-heal|p1a: Dipplin|246/284|[from] drain|[of] p2a: Mandibuzz\n|\n|upkeep\n|turn|24\n|inactive|Time left: 300 sec this turn | 300 sec total\n|\n|t:|1783550675\n|move|p2a: Mandibuzz|Foul Play|p1a: Dipplin\n|-damage|p1a: Dipplin|195/284\n|move|p1a: Dipplin|Dragon Pulse|p2a: Mandibuzz\n|-damage|p2a: Mandibuzz|46/100\n|\n|upkeep\n|turn|25\n|inactive|Time left: 300 sec this turn | 300 sec total\n|\n|t:|1783550676\n|move|p2a: Mandibuzz|Roost|p2a: Mandibuzz\n|-heal|p2a: Mandibuzz|96/100\n|-singleturn|p2a: Mandibuzz|move: Roost\n|move|p1a: Dipplin|Dragon Pulse|p2a: Mandibuzz\n|-damage|p2a: Mandibuzz|70/100\n|\n|upkeep\n|turn|26\n|inactive|Time left: 300 sec this turn | 300 sec total\n|\n|t:|1783550677\n|move|p2a: Mandibuzz|Roost|p2a: Mandibuzz\n|-heal|p2a: Mandibuzz|100/100\n|-singleturn|p2a: Mandibuzz|move: Roost\n|move|p1a: Dipplin|Recover|p1a: Dipplin\n|-heal|p1a: Dipplin|284/284\n|\n|upkeep\n|turn|27\n|inactive|Time left: 300 sec this turn | 300 sec total\n|\n|t:|1783550679\n|move|p2a: Mandibuzz|Foul Play|p1a: Dipplin\n|-damage|p1a: Dipplin|230/284\n|move|p1a: Dipplin|Dragon Pulse|p2a: Mandibuzz\n|-damage|p2a: Mandibuzz|72/100\n|\n|upkeep\n|turn|28\n|inactive|Time left: 300 sec this turn | 300 sec total\n|\n|t:|1783550680\n|move|p2a: Mandibuzz|Roost|p2a: Mandibuzz\n|-heal|p2a: Mandibuzz|100/100\n|-singleturn|p2a: Mandibuzz|move: Roost\n|move|p1a: Dipplin|Giga Drain|p2a: Mandibuzz\n|-damage|p2a: Mandibuzz|75/100\n|-heal|p1a: Dipplin|272/284|[from] drain|[of] p2a: Mandibuzz\n|\n|upkeep\n|turn|29\n|inactive|Time left: 300 sec this turn | 300 sec total\n|\n|t:|1783550681\n|move|p2a: Mandibuzz|Roost|p2a: Mandibuzz\n|-heal|p2a: Mandibuzz|100/100\n|-singleturn|p2a: Mandibuzz|move: Roost\n|move|p1a: Dipplin|Dragon Pulse|p2a: Mandibuzz\n|-damage|p2a: Mandibuzz|71/100\n|\n|upkeep\n|turn|30\n|inactive|Time left: 300 sec this turn | 300 sec total\n|\n|t:|1783550682\n|move|p2a: Mandibuzz|Roost|p2a: Mandibuzz\n|-heal|p2a: Mandibuzz|100/100\n|-singleturn|p2a: Mandibuzz|move: Roost\n|move|p1a: Dipplin|Dragon Pulse|p2a: Mandibuzz\n|-crit|p2a: Mandibuzz\n|-damage|p2a: Mandibuzz|60/100\n|\n|upkeep\n|turn|31\n|inactive|Time left: 300 sec this turn | 300 sec total\n|\n|t:|1783550683\n|switch|p2a: Slowking|Slowking, L88, M|97/100\n|move|p1a: Dipplin|Dragon Pulse|p2a: Slowking\n|-damage|p2a: Slowking|72/100\n|\n|upkeep\n|turn|32\n|inactive|Time left: 300 sec this turn | 300 sec total\n|\n|t:|1783550684\n|move|p1a: Dipplin|Giga Drain|p2a: Slowking\n|-supereffective|p2a: Slowking\n|-damage|p2a: Slowking|27/100\n|-heal|p1a: Dipplin|284/284|[from] drain|[of] p2a: Slowking\n|move|p2a: Slowking|Slack Off|p2a: Slowking\n|-heal|p2a: Slowking|77/100\n|\n|upkeep\n|turn|33\n|inactive|Time left: 300 sec this turn | 300 sec total\n|\n|t:|1783550685\n|move|p1a: Dipplin|Dragon Pulse|p2a: Slowking\n|-damage|p2a: Slowking|52/100\n|move|p2a: Slowking|Scald|p1a: Dipplin\n|-damage|p1a: Dipplin|220/284\n|\n|upkeep\n|turn|34\n|inactive|Time left: 300 sec this turn | 300 sec total\n|\n|t:|1783550686\n|move|p1a: Dipplin|Dragon Pulse|p2a: Slowking\n|-damage|p2a: Slowking|28/100\n|move|p2a: Slowking|Slack Off|p2a: Slowking\n|-heal|p2a: Slowking|78/100\n|\n|upkeep\n|turn|35\n|inactive|Time left: 300 sec this turn | 300 sec total\n|\n|t:|1783550687\n|move|p1a: Dipplin|Dragon Pulse|p2a: Slowking\n|-damage|p2a: Slowking|50/100\n|move|p2a: Slowking|Scald|p1a: Dipplin\n|-damage|p1a: Dipplin|153/284\n|-status|p1a: Dipplin|brn\n|\n|-damage|p1a: Dipplin|136/284 brn|[from] brn\n|upkeep\n|turn|36\n|inactive|Time left: 300 sec this turn | 300 sec total\n|\n|t:|1783550689\n|move|p1a: Dipplin|Recover|p1a: Dipplin\n|-heal|p1a: Dipplin|278/284 brn\n|move|p2a: Slowking|Scald|p1a: Dipplin\n|-damage|p1a: Dipplin|217/284 brn\n|\n|-damage|p1a: Dipplin|200/284 brn|[from] brn\n|upkeep\n|turn|37\n|inactive|Time left: 300 sec this turn | 300 sec total\n|\n|t:|1783550690\n|move|p1a: Dipplin|Dragon Pulse|p2a: Slowking\n|-damage|p2a: Slowking|25/100\n|move|p2a: Slowking|Scald|p1a: Dipplin\n|-damage|p1a: Dipplin|128/284 brn\n|\n|-damage|p1a: Dipplin|111/284 brn|[from] brn\n|upkeep\n|turn|38\n|inactive|Time left: 300 sec this turn | 300 sec total\n|\n|t:|1783550691\n|switch|p2a: Zangoose|Zangoose, L85, M|100/100\n|move|p1a: Dipplin|Recover|p1a: Dipplin\n|-heal|p1a: Dipplin|253/284 brn\n|\n|-damage|p1a: Dipplin|236/284 brn|[from] brn\n|-status|p2a: Zangoose|tox|[from] item: Toxic Orb\n|upkeep\n|turn|39\n|inactive|Time left: 300 sec this turn | 300 sec total\n|\n|t:|1783550692\n|switch|p2a: Slowking|Slowking, L88, M|58/100\n|move|p1a: Dipplin|Dragon Pulse|p2a: Slowking\n|-damage|p2a: Slowking|35/100\n|\n|-damage|p1a: Dipplin|219/284 brn|[from] brn\n|upkeep\n|turn|40\n|inactive|Time left: 300 sec this turn | 300 sec total\n|\n|t:|1783550693\n|move|p1a: Dipplin|Dragon Pulse|p2a: Slowking\n|-damage|p2a: Slowking|11/100\n|move|p2a: Slowking|Scald|p1a: Dipplin\n|-damage|p1a: Dipplin|150/284 brn\n|\n|-damage|p1a: Dipplin|133/284 brn|[from] brn\n|upkeep\n|turn|41\n|inactive|Time left: 300 sec this turn | 300 sec total\n|\n|t:|1783550694\n|switch|p2a: Mandibuzz|Mandibuzz, L85, F|60/100\n|move|p1a: Dipplin|Dragon Pulse|p2a: Mandibuzz\n|-damage|p2a: Mandibuzz|32/100\n|\n|-damage|p1a: Dipplin|116/284 brn|[from] brn\n|upkeep\n|turn|42\n|inactive|Time left: 300 sec this turn | 300 sec total\n|\n|t:|1783550695\n|switch|p2a: Slowking|Slowking, L88, M|44/100\n|move|p1a: Dipplin|Recover|p1a: Dipplin\n|-heal|p1a: Dipplin|258/284 brn\n|\n|-damage|p1a: Dipplin|241/284 brn|[from] brn\n|upkeep\n|turn|43\n|inactive|Time left: 300 sec this turn | 300 sec total\n|\n|t:|1783550696\n|move|p1a: Dipplin|Dragon Pulse|p2a: Slowking\n|-damage|p2a: Slowking|21/100\n|move|p2a: Slowking|Scald|p1a: Dipplin\n|-damage|p1a: Dipplin|181/284 brn\n|\n|-damage|p1a: Dipplin|164/284 brn|[from] brn\n|upkeep\n|turn|44\n|inactive|Time left: 300 sec this turn | 300 sec total\n|\n|t:|1783550697\n|switch|p2a: Mandibuzz|Mandibuzz, L85, F|32/100\n|move|p1a: Dipplin|Dragon Pulse|p2a: Mandibuzz\n|-damage|p2a: Mandibuzz|2/100\n|\n|-damage|p1a: Dipplin|147/284 brn|[from] brn\n|upkeep\n|turn|45\n|inactive|Time left: 300 sec this turn | 300 sec total\n|\n|t:|1783550698\n|switch|p2a: Slowking|Slowking, L88, M|54/100\n|move|p1a: Dipplin|Recover|p1a: Dipplin\n|-heal|p1a: Dipplin|284/284 brn\n|\n|-damage|p1a: Dipplin|267/284 brn|[from] brn\n|upkeep\n|turn|46\n|inactive|Time left: 300 sec this turn | 300 sec total\n|\n|t:|1783550699\n|switch|p1a: Drifblim|Drifblim, L86, M|398/398\n|move|p2a: Slowking|Scald|p1a: Drifblim\n|-damage|p1a: Drifblim|271/398\n|-status|p1a: Drifblim|brn\n|\n|-damage|p1a: Drifblim|247/398 brn|[from] brn\n|upkeep\n|turn|47\n|inactive|Time left: 300 sec this turn | 300 sec total\n|\n|t:|1783550700\n|switch|p2a: Roaring Moon|Roaring Moon, L72|100/100\n|move|p1a: Drifblim|Shadow Ball|p2a: Roaring Moon\n|-resisted|p2a: Roaring Moon\n|-damage|p2a: Roaring Moon|84/100\n|\n|-damage|p1a: Drifblim|223/398 brn|[from] brn\n|upkeep\n|turn|48\n|inactive|Time left: 300 sec this turn | 300 sec total\n|\n|t:|1783550701\n|move|p2a: Roaring Moon|Knock Off|p1a: Drifblim\n|-supereffective|p1a: Drifblim\n|-damage|p1a: Drifblim|0 fnt\n|-damage|p2a: Roaring Moon|59/100|[from] ability: Aftermath|[of] p1a: Drifblim\n|-enditem|p1a: Drifblim|Heavy-Duty Boots|[from] move: Knock Off|[of] p2a: Roaring Moon\n|faint|p1a: Drifblim\n|\n|upkeep\n|inactive|Time left: 300 sec this turn | 300 sec total | 5 sec grace\n|\n|t:|1783550702\n|switch|p1a: Grafaiai|Grafaiai, L86, M|249/249\n|turn|49\n|inactive|Time left: 300 sec this turn | 300 sec total\n|\n|t:|1783550702\n|-end|p2a: Roaring Moon|Protosynthesis|[silent]\n|switch|p2a: Mandibuzz|Mandibuzz, L85, F|2/100\n|move|p1a: Grafaiai|Gunk Shot|p2a: Mandibuzz\n|-damage|p2a: Mandibuzz|0 fnt\n|faint|p2a: Mandibuzz\n|\n|upkeep\n|\n|t:|1783550703\n|switch|p2a: Zangoose|Zangoose, L85, M|100/100 tox\n|turn|50\n|inactive|Time left: 300 sec this turn | 300 sec total\n|\n|t:|1783550704\n|move|p1a: Grafaiai|Super Fang|p2a: Zangoose\n|-damage|p2a: Zangoose|51/100 tox\n|move|p2a: Zangoose|Facade|p1a: Grafaiai\n|-damage|p1a: Grafaiai|0 fnt\n|faint|p1a: Grafaiai\n|\n|-damage|p2a: Zangoose|45/100 tox|[from] psn\n|upkeep\n|inactive|Time left: 300 sec this turn | 300 sec total | 5 sec grace\n|\n|t:|1783550704\n|switch|p1a: Zebstrika|Zebstrika, L87, F|272/272\n|turn|51\n|inactive|Time left: 300 sec this turn | 300 sec total\n|\n|t:|1783550705\n|move|p2a: Zangoose|Quick Attack|p1a: Zebstrika\n|-damage|p1a: Zebstrika|184/272\n|move|p1a: Zebstrika|Supercell Slam|p2a: Zangoose\n|-damage|p2a: Zangoose|0 fnt\n|faint|p2a: Zangoose\n|-damage|p1a: Zebstrika|157/272|[from] item: Life Orb\n|\n|upkeep\n|\n|t:|1783550706\n|switch|p2a: Barraskewda|Barraskewda, L81, M|100/100\n|turn|52\n|inactive|Time left: 300 sec this turn | 300 sec total\n|\n|t:|1783550706\n|switch|p1a: Dipplin|Dipplin, L88, M, tera:Steel|267/284 brn\n|move|p2a: Barraskewda|Waterfall|p1a: Dipplin\n|-damage|p1a: Dipplin|186/284 brn\n|\n|-damage|p1a: Dipplin|169/284 brn|[from] brn\n|upkeep\n|turn|53\n|inactive|Time left: 300 sec this turn | 300 sec total\n|\n|t:|1783550707\n|move|p2a: Barraskewda|Waterfall|p1a: Dipplin\n|-damage|p1a: Dipplin|90/284 brn\n|move|p1a: Dipplin|Dragon Tail|p2a: Barraskewda\n|-damage|p2a: Barraskewda|83/100\n|drag|p2a: Slowking|Slowking, L88, M|87/100\n|\n|-damage|p1a: Dipplin|73/284 brn|[from] brn\n|upkeep\n|turn|54\n|inactive|Time left: 300 sec this turn | 300 sec total\n|\n|t:|1783550708\n|switch|p1a: Zebstrika|Zebstrika, L87, F|157/272\n|move|p2a: Slowking|Scald|p1a: Zebstrika\n|-damage|p1a: Zebstrika|31/272\n|\n|upkeep\n|turn|55\n|inactive|Time left: 300 sec this turn | 300 sec total\n|\n|t:|1783550709\n|switch|p2a: Roaring Moon|Roaring Moon, L72|59/100\n|move|p1a: Zebstrika|Supercell Slam|p2a: Roaring Moon\n|-resisted|p2a: Roaring Moon\n|-damage|p2a: Roaring Moon|25/100\n|-damage|p1a: Zebstrika|4/272|[from] item: Life Orb\n|\n|upkeep\n|turn|56\n|inactive|Time left: 300 sec this turn | 300 sec total\n|\n|t:|1783550710\n|move|p1a: Zebstrika|Overheat|p2a: Roaring Moon\n|-resisted|p2a: Roaring Moon\n|-damage|p2a: Roaring Moon|5/100\n|-unboost|p1a: Zebstrika|spa|2\n|-damage|p1a: Zebstrika|0 fnt|[from] item: Life Orb\n|faint|p1a: Zebstrika\n|move|p2a: Roaring Moon|Outrage|p1: Zebstrika|[notarget]\n|-fail|p2a: Roaring Moon\n|\n|upkeep\n|inactive|Time left: 300 sec this turn | 300 sec total | 5 sec grace\n|\n|t:|1783550711\n|switch|p1a: Flareon|Flareon, L90, F|237/263 tox\n|turn|57\n|inactive|Time left: 300 sec this turn | 300 sec total\n|\n|t:|1783550712\n|switch|p1a: Dipplin|Dipplin, L88, M, tera:Steel|73/284 brn\n|move|p2a: Roaring Moon|Outrage|p1a: Dipplin\n|-resisted|p1a: Dipplin\n|-damage|p1a: Dipplin|40/284 brn\n|\n|-damage|p1a: Dipplin|23/284 brn|[from] brn\n|upkeep\n|turn|58\n|inactive|Time left: 300 sec this turn | 300 sec total\n|\n|t:|1783550713\n|switch|p1a: Flareon|Flareon, L90, F|237/263 tox\n|move|p2a: Roaring Moon|Outrage|p1a: Flareon|[from] lockedmove\n|-damage|p1a: Flareon|89/263 tox\n|-start|p2a: Roaring Moon|confusion|[fatigue]\n|-enditem|p2a: Roaring Moon|Lum Berry|[eat]\n|-end|p2a: Roaring Moon|confusion\n|\n|-damage|p1a: Flareon|73/263 tox|[from] psn\n|upkeep\n|turn|59\n|inactive|Time left: 300 sec this turn | 300 sec total\n|\n|t:|1783550714\n|move|p1a: Flareon|Quick Attack|p2a: Roaring Moon\n|-damage|p2a: Roaring Moon|0 fnt\n|faint|p2a: Roaring Moon\n|-end|p2a: Roaring Moon|Protosynthesis|[silent]\n|\n|-damage|p1a: Flareon|41/263 tox|[from] psn\n|upkeep\n|\n|t:|1783550714\n|switch|p2a: Barraskewda|Barraskewda, L81, M|83/100\n|turn|60\n|inactive|Time left: 300 sec this turn | 300 sec total\n|\n|t:|1783550715\n|move|p1a: Flareon|Quick Attack|p2a: Barraskewda\n|-damage|p2a: Barraskewda|48/100\n|move|p2a: Barraskewda|Flip Turn|p1a: Flareon\n|-supereffective|p1a: Flareon\n|-damage|p1a: Flareon|0 fnt\n|faint|p1a: Flareon\n|\n|t:|1783550716\n|switch|p2a: Slowking|Slowking, L88, M|100/100|[from] Flip Turn\n|\n|upkeep\n|inactive|Time left: 300 sec this turn | 300 sec total | 10 sec grace\n|\n|t:|1783550717\n|switch|p1a: Dipplin|Dipplin, L88, M, tera:Steel|23/284 brn\n|turn|61\n|inactive|Time left: 300 sec this turn | 300 sec total\n|\n|t:|1783550718\n|-prepare|p2a: Slowking|Chilly Reception|[premajor]\n|move|p2a: Slowking|Chilly Reception|p2a: Slowking\n|-weather|Snowscape\n|\n|t:|1783550719\n|switch|p2a: Barraskewda|Barraskewda, L81, M|48/100|[from] Chilly Reception\n|move|p1a: Dipplin|Dragon Tail|p2a: Barraskewda\n|-damage|p2a: Barraskewda|30/100\n|drag|p2a: Slowking|Slowking, L88, M|100/100\n|\n|-weather|Snowscape|[upkeep]\n|-damage|p1a: Dipplin|6/284 brn|[from] brn\n|upkeep\n|turn|62\n|inactive|Time left: 300 sec this turn | 300 sec total\n|\n|t:|1783550720\n|switch|p2a: Barraskewda|Barraskewda, L81, M|30/100\n|move|p1a: Dipplin|Dragon Tail|p2a: Barraskewda\n|-damage|p2a: Barraskewda|12/100\n|drag|p2a: Slowking|Slowking, L88, M|100/100\n|\n|-weather|Snowscape|[upkeep]\n|-damage|p1a: Dipplin|0 fnt|[from] brn\n|faint|p1a: Dipplin\n|\n|win|p0y990c088", "uploadtime": 1783550720, "views": 0, "rating": 0, "private": 0, "password": null, "_winner": "p0y990c088", "_our_name": "p0x9905abf"}