{"id": "battle-gen9randombattle-2929", "formatid": "gen9randombattle", "format": "[Gen 9] Random Battle", "players": ["p0x2929c8bd", "p0y2929aeb2"], "log": "|init|battle\n|title|p0x2929c8bd vs. p0y2929aeb2\n|j|\u2606p0x2929c8bd\n|j|\u2606p0y2929aeb2\n|t:|1783572744\n|gametype|singles\n|player|p1|p0x2929c8bd|102|\n|player|p2|p0y2929aeb2|169|\n|gen|9\n|tier|[Gen 9] Random Battle\n|rule|Species Clause: Limit one of each Pok\u00e9mon\n|rule|HP Percentage Mod: HP is shown in percentages\n|rule|Sleep Clause Mod: Limit one foe put to sleep\n|rule|Illusion Level Mod: Illusion disguises the Pok\u00e9mon's true level\n|\n|t:|1783572744\n|teamsize|p1|6\n|teamsize|p2|6\n|start\n|switch|p1a: Tinkaton|Tinkaton, L82, F|274/274\n|switch|p2a: Appletun|Appletun, L92, F|100/100\n|-ability|p1a: Tinkaton|Mold Breaker\n|turn|1\n|inactive|Battle timer is ON: inactive players will automatically lose when time's up. (requested by p0y2929aeb2)\n|inactive|Time left: 300 sec this turn | 300 sec total | 60 sec grace\n|inactive|p0x2929c8bd also wants the timer to be on.\n|\n|t:|1783572745\n|move|p1a: Tinkaton|Swords Dance|p1a: Tinkaton\n|-boost|p1a: Tinkaton|atk|2\n|move|p2a: Appletun|Apple Acid|p1a: Tinkaton\n|-resisted|p1a: Tinkaton\n|-damage|p1a: Tinkaton|228/274\n|-unboost|p1a: Tinkaton|spd|1\n|\n|-heal|p1a: Tinkaton|245/274|[from] item: Leftovers\n|upkeep\n|turn|2\n|inactive|Time left: 300 sec this turn | 300 sec total\n|\n|t:|1783572746\n|-terastallize|p2a: Appletun|Steel\n|move|p1a: Tinkaton|Gigaton Hammer|p2a: Appletun\n|-resisted|p2a: Appletun\n|-damage|p2a: Appletun|64/100\n|move|p2a: Appletun|Apple Acid|p1a: Tinkaton\n|-resisted|p1a: Tinkaton\n|-damage|p1a: Tinkaton|172/274\n|-unboost|p1a: Tinkaton|spd|1\n|\n|-heal|p1a: Tinkaton|189/274|[from] item: Leftovers\n|-heal|p2a: Appletun|70/100|[from] item: Leftovers\n|upkeep\n|turn|3\n|inactive|Time left: 300 sec this turn | 300 sec total\n|\n|t:|1783572747\n|move|p1a: Tinkaton|Knock Off|p2a: Appletun\n|-damage|p2a: Appletun|37/100\n|-enditem|p2a: Appletun|Leftovers|[from] move: Knock Off|[of] p1a: Tinkaton\n|move|p2a: Appletun|Apple Acid|p1a: Tinkaton\n|-resisted|p1a: Tinkaton\n|-damage|p1a: Tinkaton|102/274\n|-unboost|p1a: Tinkaton|spd|1\n|\n|-heal|p1a: Tinkaton|119/274|[from] item: Leftovers\n|upkeep\n|turn|4\n|inactive|Time left: 300 sec this turn | 300 sec total\n|\n|t:|1783572748\n|move|p1a: Tinkaton|Gigaton Hammer|p2a: Appletun\n|-resisted|p2a: Appletun\n|-damage|p2a: Appletun|2/100\n|move|p2a: Appletun|Apple Acid|p1a: Tinkaton\n|-resisted|p1a: Tinkaton\n|-damage|p1a: Tinkaton|0 fnt\n|faint|p1a: Tinkaton\n|\n|upkeep\n|inactive|Time left: 300 sec this turn | 300 sec total | 5 sec grace\n|\n|t:|1783572749\n|switch|p1a: Dedenne|Dedenne, L88, M|261/261\n|turn|5\n|inactive|Time left: 300 sec this turn | 300 sec total\n|\n|t:|1783572750\n|switch|p2a: Donphan|Donphan, L84, M|100/100\n|move|p1a: Dedenne|Nuzzle|p2a: Donphan\n|-immune|p2a: Donphan\n|\n|upkeep\n|turn|6\n|inactive|Time left: 300 sec this turn | 300 sec total\n|\n|t:|1783572751\n|switch|p1a: Mismagius|Mismagius, L86, M|243/243\n|move|p2a: Donphan|Earthquake|p1a: Mismagius\n|-immune|p1a: Mismagius|[from] ability: Levitate\n|\n|upkeep\n|turn|7\n|inactive|Time left: 300 sec this turn | 300 sec total\n|\n|t:|1783572752\n|move|p1a: Mismagius|Nasty Plot|p1a: Mismagius\n|-boost|p1a: Mismagius|spa|2\n|move|p2a: Donphan|Knock Off|p1a: Mismagius\n|-supereffective|p1a: Mismagius\n|-damage|p1a: Mismagius|41/243\n|-enditem|p1a: Mismagius|Leftovers|[from] move: Knock Off|[of] p2a: Donphan\n|\n|upkeep\n|turn|8\n|inactive|Time left: 300 sec this turn | 300 sec total\n|\n|t:|1783572753\n|move|p2a: Donphan|Ice Shard|p1a: Mismagius\n|-damage|p1a: Mismagius|0 fnt\n|faint|p1a: Mismagius\n|\n|upkeep\n|inactive|Time left: 300 sec this turn | 300 sec total | 5 sec grace\n|\n|t:|1783572754\n|switch|p1a: Sandaconda|Sandaconda, L84, F|258/258\n|turn|9\n|inactive|Time left: 300 sec this turn | 300 sec total\n|\n|t:|1783572755\n|move|p1a: Sandaconda|Glare|p2a: Donphan\n|-status|p2a: Donphan|par\n|cant|p2a: Donphan|par\n|\n|upkeep\n|turn|10\n|inactive|Time left: 300 sec this turn | 300 sec total\n|\n|t:|1783572756\n|move|p1a: Sandaconda|Stealth Rock|p2a: Donphan\n|-sidestart|p2: p0y2929aeb2|move: Stealth Rock\n|move|p2a: Donphan|Earthquake|p1a: Sandaconda\n|-damage|p1a: Sandaconda|161/258\n|\n|-heal|p1a: Sandaconda|177/258|[from] item: Leftovers\n|upkeep\n|turn|11\n|inactive|Time left: 300 sec this turn | 300 sec total\n|\n|t:|1783572757\n|move|p1a: Sandaconda|Earthquake|p2a: Donphan\n|-damage|p2a: Donphan|68/100 par\n|move|p2a: Donphan|Rapid Spin|p1a: Sandaconda\n|-damage|p1a: Sandaconda|146/258\n|-boost|p2a: Donphan|spe|1\n|-sideend|p2: p0y2929aeb2|Stealth Rock|[from] move: Rapid Spin|[of] p2a: Donphan\n|\n|-heal|p1a: Sandaconda|162/258|[from] item: Leftovers\n|upkeep\n|turn|12\n|inactive|Time left: 300 sec this turn | 300 sec total\n|\n|t:|1783572758\n|move|p1a: Sandaconda|Earthquake|p2a: Donphan\n|-damage|p2a: Donphan|35/100 par\n|cant|p2a: Donphan|par\n|\n|-heal|p1a: Sandaconda|178/258|[from] item: Leftovers\n|upkeep\n|turn|13\n|inactive|Time left: 300 sec this turn | 300 sec total\n|\n|t:|1783572759\n|move|p1a: Sandaconda|Earthquake|p2a: Donphan\n|-damage|p2a: Donphan|4/100 par\n|move|p2a: Donphan|Earthquake|p1a: Sandaconda\n|-damage|p1a: Sandaconda|81/258\n|\n|-heal|p1a: Sandaconda|97/258|[from] item: Leftovers\n|upkeep\n|turn|14\n|inactive|Time left: 300 sec this turn | 300 sec total\n|\n|t:|1783572761\n|move|p1a: Sandaconda|Stealth Rock|p2a: Donphan\n|-sidestart|p2: p0y2929aeb2|move: Stealth Rock\n|move|p2a: Donphan|Earthquake|p1a: Sandaconda\n|-damage|p1a: Sandaconda|0 fnt\n|faint|p1a: Sandaconda\n|\n|upkeep\n|inactive|Time left: 300 sec this turn | 300 sec total | 5 sec grace\n|\n|t:|1783572762\n|switch|p1a: Toxicroak|Toxicroak, L84, M|277/277\n|turn|15\n|inactive|Time left: 300 sec this turn | 300 sec total\n|\n|t:|1783572763\n|move|p1a: Toxicroak|Earthquake|p2a: Donphan\n|-damage|p2a: Donphan|0 fnt\n|faint|p2a: Donphan\n|-damage|p1a: Toxicroak|250/277|[from] item: Life Orb\n|\n|upkeep\n|\n|t:|1783572763\n|switch|p2a: Hypno|Hypno, L95, F|100/100\n|-damage|p2a: Hypno|88/100|[from] Stealth Rock\n|turn|16\n|inactive|Time left: 300 sec this turn | 300 sec total\n|\n|t:|1783572765\n|-terastallize|p1a: Toxicroak|Dark\n|move|p1a: Toxicroak|Swords Dance|p1a: Toxicroak\n|-boost|p1a: Toxicroak|atk|2\n|move|p2a: Hypno|Psychic Noise|p1a: Toxicroak\n|-immune|p1a: Toxicroak\n|\n|-heal|p2a: Hypno|94/100|[from] item: Leftovers\n|upkeep\n|turn|17\n|inactive|Time left: 300 sec this turn | 300 sec total\n|\n|t:|1783572766\n|switch|p2a: Appletun|Appletun, L92, F, tera:Steel|2/100\n|-damage|p2a: Appletun|0 fnt|[from] Stealth Rock\n|faint|p2a: Appletun\n|move|p1a: Toxicroak|Gunk Shot|p2: Appletun|[notarget]\n|-fail|p1a: Toxicroak\n|\n|upkeep\n|\n|t:|1783572767\n|switch|p2a: Comfey|Comfey, L85, F|100/100\n|-damage|p2a: Comfey|88/100|[from] Stealth Rock\n|turn|18\n|inactive|Time left: 300 sec this turn | 300 sec total\n|\n|t:|1783572767\n|move|p2a: Comfey|Draining Kiss|p1a: Toxicroak\n|-supereffective|p1a: Toxicroak\n|-damage|p1a: Toxicroak|128/277\n|-heal|p2a: Comfey|100/100|[from] drain|[of] p1a: Toxicroak\n|move|p1a: Toxicroak|Gunk Shot|p2a: Comfey\n|-supereffective|p2a: Comfey\n|-damage|p2a: Comfey|0 fnt\n|faint|p2a: Comfey\n|-damage|p1a: Toxicroak|101/277|[from] item: Life Orb\n|\n|upkeep\n|\n|t:|1783572768\n|switch|p2a: Phione|Phione, L91|100/100\n|-damage|p2a: Phione|88/100|[from] Stealth Rock\n|turn|19\n|inactive|Time left: 300 sec this turn | 300 sec total\n|\n|t:|1783572770\n|move|p2a: Phione|Ice Beam|p1a: Toxicroak\n|-damage|p1a: Toxicroak|23/277\n|move|p1a: Toxicroak|Close Combat|p2a: Phione\n|-damage|p2a: Phione|0 fnt\n|-unboost|p1a: Toxicroak|def|1\n|-unboost|p1a: Toxicroak|spd|1\n|faint|p2a: Phione\n|-damage|p1a: Toxicroak|0 fnt|[from] item: Life Orb\n|faint|p1a: Toxicroak\n|\n|upkeep\n|inactive|Time left: 300 sec this turn | 300 sec total | 5 sec grace\n|\n|t:|1783572771\n|switch|p2a: Arboliva|Arboliva, L91, F|100/100\n|switch|p1a: Dedenne|Dedenne, L88, M|261/261\n|-damage|p2a: Arboliva|88/100|[from] Stealth Rock\n|turn|20\n|inactive|Time left: 300 sec this turn | 300 sec total\n|\n|t:|1783572772\n|move|p1a: Dedenne|Nuzzle|p2a: Arboliva\n|-resisted|p2a: Arboliva\n|-damage|p2a: Arboliva|86/100\n|-status|p2a: Arboliva|par\n|move|p2a: Arboliva|Hyper Voice|p1a: Dedenne\n|-damage|p1a: Dedenne|104/261\n|-enditem|p1a: Dedenne|Sitrus Berry|[eat]\n|-heal|p1a: Dedenne|169/261|[from] item: Sitrus Berry\n|-heal|p1a: Dedenne|256/261|[from] ability: Cheek Pouch\n|\n|upkeep\n|turn|21\n|inactive|Time left: 300 sec this turn | 300 sec total\n|\n|t:|1783572773\n|move|p1a: Dedenne|Super Fang|p2a: Arboliva\n|-damage|p2a: Arboliva|43/100 par\n|-enditem|p2a: Arboliva|Sitrus Berry|[eat]\n|-heal|p2a: Arboliva|68/100 par|[from] item: Sitrus Berry\n|cant|p2a: Arboliva|par\n|\n|upkeep\n|turn|22\n|inactive|Time left: 300 sec this turn | 300 sec total\n|\n|t:|1783572774\n|move|p1a: Dedenne|Super Fang|p2a: Arboliva\n|-damage|p2a: Arboliva|35/100 par\n|move|p2a: Arboliva|Hyper Voice|p1a: Dedenne\n|-damage|p1a: Dedenne|93/261\n|\n|-item|p2a: Arboliva|Sitrus Berry|[from] ability: Harvest\n|upkeep\n|-enditem|p2a: Arboliva|Sitrus Berry|[eat]\n|-heal|p2a: Arboliva|60/100 par|[from] item: Sitrus Berry\n|turn|23\n|inactive|Time left: 300 sec this turn | 300 sec total\n|\n|t:|1783572775\n|move|p1a: Dedenne|Super Fang|p2a: Arboliva\n|-damage|p2a: Arboliva|30/100 par\n|move|p2a: Arboliva|Leech Seed|p1a: Dedenne\n|-start|p1a: Dedenne|move: Leech Seed\n|\n|-damage|p1a: Dedenne|61/261|[from] Leech Seed|[of] p2a: Arboliva\n|-heal|p2a: Arboliva|41/100 par|[silent]\n|upkeep\n|turn|24\n|inactive|Time left: 300 sec this turn | 300 sec total\n|\n|t:|1783572775\n|switch|p1a: Deoxys|Deoxys-Speed, L82|216/216\n|-ability|p1a: Deoxys|Pressure\n|move|p2a: Arboliva|Leech Seed|p1a: Deoxys\n|-start|p1a: Deoxys|move: Leech Seed\n|\n|-damage|p1a: Deoxys|189/216|[from] Leech Seed|[of] p2a: Arboliva\n|-heal|p2a: Arboliva|50/100 par|[silent]\n|upkeep\n|turn|25\n|inactive|Time left: 300 sec this turn | 300 sec total\n|\n|t:|1783572776\n|switch|p1a: Dedenne|Dedenne, L88, M|61/261\n|move|p2a: Arboliva|Hyper Voice|p1a: Dedenne\n|-damage|p1a: Dedenne|0 fnt\n|faint|p1a: Dedenne\n|\n|-item|p2a: Arboliva|Sitrus Berry|[from] ability: Harvest\n|upkeep\n|-enditem|p2a: Arboliva|Sitrus Berry|[eat]\n|-heal|p2a: Arboliva|75/100 par|[from] item: Sitrus Berry\n|inactive|Time left: 300 sec this turn | 300 sec total | 5 sec grace\n|\n|t:|1783572777\n|switch|p1a: Deoxys|Deoxys-Speed, L82|189/216\n|-ability|p1a: Deoxys|Pressure\n|turn|26\n|inactive|Time left: 300 sec this turn | 300 sec total\n|\n|t:|1783572778\n|move|p1a: Deoxys|Nasty Plot|p1a: Deoxys\n|-boost|p1a: Deoxys|spa|2\n|move|p2a: Arboliva|Hyper Voice|p1a: Deoxys\n|-damage|p1a: Deoxys|63/216\n|\n|-item|p2a: Arboliva|Sitrus Berry|[from] ability: Harvest\n|upkeep\n|turn|27\n|inactive|Time left: 300 sec this turn | 300 sec total\n|\n|t:|1783572779\n|move|p1a: Deoxys|Nasty Plot|p1a: Deoxys\n|-boost|p1a: Deoxys|spa|2\n|cant|p2a: Arboliva|par\n|\n|upkeep\n|turn|28\n|inactive|Time left: 300 sec this turn | 300 sec total\n|\n|t:|1783572780\n|cant|p2a: Arboliva|par\n|move|p1a: Deoxys|Focus Blast|p2a: Arboliva\n|-supereffective|p2a: Arboliva\n|-damage|p2a: Arboliva|0 fnt\n|faint|p2a: Arboliva\n|-damage|p1a: Deoxys|42/216|[from] item: Life Orb\n|\n|upkeep\n|\n|t:|1783572781\n|switch|p2a: Hypno|Hypno, L95, F|94/100\n|-damage|p2a: Hypno|82/100|[from] Stealth Rock\n|turn|29\n|inactive|Time left: 300 sec this turn | 300 sec total\n|\n|t:|1783572782\n|move|p1a: Deoxys|Dark Pulse|p2a: Hypno\n|-supereffective|p2a: Hypno\n|-damage|p2a: Hypno|0 fnt\n|faint|p2a: Hypno\n|-damage|p1a: Deoxys|21/216|[from] item: Life Orb\n|\n|win|p0x2929c8bd", "uploadtime": 1783572782, "views": 0, "rating": 0, "private": 0, "password": null, "_winner": "p0x2929c8bd", "_our_name": "p0x2929c8bd"}