{"id": "battle-gen9randombattle-2021", "formatid": "gen9randombattle", "format": "[Gen 9] Random Battle", "players": ["p0x2021e840", "p0y202121b0"], "log": "|init|battle\n|title|p0x2021e840 vs. p0y202121b0\n|j|\u2606p0x2021e840\n|j|\u2606p0y202121b0\n|t:|1783563406\n|gametype|singles\n|player|p1|p0x2021e840|1|\n|player|p2|p0y202121b0|101|\n|gen|9\n|tier|[Gen 9] Random Battle\n|rule|Species Clause: Limit one of each Pok\u00e9mon\n|rule|HP Percentage Mod: HP is shown in percentages\n|rule|Sleep Clause Mod: Limit one foe put to sleep\n|rule|Illusion Level Mod: Illusion disguises the Pok\u00e9mon's true level\n|\n|t:|1783563406\n|teamsize|p1|6\n|teamsize|p2|6\n|start\n|switch|p1a: Lapras|Lapras, L87, F|367/367\n|switch|p2a: Weezing|Weezing-Galar, L86, F|100/100\n|turn|1\n|inactive|Battle timer is ON: inactive players will automatically lose when time's up. (requested by p0x2021e840)\n|inactive|p0y202121b0 also wants the timer to be on.\n|\n|t:|1783563407\n|move|p1a: Lapras|Sparkling Aria|p2a: Weezing\n|-damage|p2a: Weezing|32/100\n|move|p2a: Weezing|Pain Split|p1a: Lapras\n|-sethp|p1a: Lapras|223/367|[from] move: Pain Split|[silent]\n|-sethp|p2a: Weezing|89/100|[from] move: Pain Split\n|\n|-heal|p2a: Weezing|95/100|[from] item: Leftovers\n|upkeep\n|turn|2\n|inactive|Time left: 300 sec this turn | 300 sec total\n|\n|t:|1783563408\n|switch|p2a: Lilligant|Lilligant, L86, F|100/100\n|move|p1a: Lapras|Sparkling Aria|p2a: Lilligant\n|-resisted|p2a: Lilligant\n|-damage|p2a: Lilligant|69/100\n|\n|upkeep\n|turn|3\n|inactive|Time left: 300 sec this turn | 300 sec total\n|\n|t:|1783563410\n|move|p2a: Lilligant|Quiver Dance|p2a: Lilligant\n|-boost|p2a: Lilligant|spa|1\n|-boost|p2a: Lilligant|spd|1\n|-boost|p2a: Lilligant|spe|1\n|move|p1a: Lapras|Sparkling Aria|p2a: Lilligant\n|-resisted|p2a: Lilligant\n|-damage|p2a: Lilligant|49/100\n|\n|upkeep\n|turn|4\n|inactive|Time left: 300 sec this turn | 300 sec total\n|\n|t:|1783563410\n|switch|p1a: Glastrier|Glastrier, L86|312/312\n|move|p2a: Lilligant|Petal Dance|p1a: Glastrier\n|-damage|p1a: Glastrier|78/312\n|-damage|p2a: Lilligant|39/100|[from] item: Life Orb\n|\n|upkeep\n|turn|5\n|inactive|Time left: 300 sec this turn | 300 sec total\n|\n|t:|1783563411\n|switch|p1a: Spidops|Spidops, L96, M|271/271\n|move|p2a: Lilligant|Petal Dance|p1a: Spidops|[from] lockedmove\n|-resisted|p1a: Spidops\n|-damage|p1a: Spidops|138/271\n|-damage|p2a: Lilligant|29/100|[from] item: Life Orb\n|\n|upkeep\n|turn|6\n|inactive|Time left: 300 sec this turn | 300 sec total\n|\n|t:|1783563413\n|move|p2a: Lilligant|Petal Dance|p1a: Spidops|[from] lockedmove\n|-resisted|p1a: Spidops\n|-damage|p1a: Spidops|20/271\n|-damage|p2a: Lilligant|19/100|[from] item: Life Orb\n|move|p1a: Spidops|Sticky Web|p2a: Lilligant\n|-sidestart|p2: p0y202121b0|move: Sticky Web\n|\n|upkeep\n|turn|7\n|inactive|Time left: 300 sec this turn | 300 sec total\n|\n|t:|1783563414\n|switch|p1a: Hypno|Hypno, L95, F|315/315\n|move|p2a: Lilligant|Sleep Powder|p1a: Hypno\n|-immune|p1a: Hypno|[from] ability: Insomnia\n|\n|upkeep\n|turn|8\n|inactive|Time left: 300 sec this turn | 300 sec total\n|\n|t:|1783563415\n|move|p2a: Lilligant|Petal Dance|p1a: Hypno\n|-damage|p1a: Hypno|95/315\n|-damage|p2a: Lilligant|9/100|[from] item: Life Orb\n|move|p1a: Hypno|Knock Off|p2a: Lilligant\n|-damage|p2a: Lilligant|0 fnt\n|-enditem|p2a: Lilligant|Life Orb|[from] move: Knock Off|[of] p1a: Hypno\n|faint|p2a: Lilligant\n|\n|-heal|p1a: Hypno|114/315|[from] item: Leftovers\n|upkeep\n|\n|t:|1783563416\n|switch|p2a: Weezing|Weezing-Galar, L86, F|95/100\n|turn|9\n|inactive|Time left: 300 sec this turn | 300 sec total\n|\n|t:|1783563417\n|move|p1a: Hypno|Psychic Noise|p2a: Weezing\n|-supereffective|p2a: Weezing\n|-damage|p2a: Weezing|20/100\n|-start|p2a: Weezing|move: Heal Block\n|move|p2a: Weezing|Defog|p1a: Hypno\n|-unboost|p1a: Hypno|evasion|1\n|-sideend|p2: p0y202121b0|Sticky Web|[from] move: Defog|[of] p2a: Weezing\n|\n|-heal|p1a: Hypno|133/315|[from] item: Leftovers\n|upkeep\n|turn|10\n|inactive|Time left: 300 sec this turn | 300 sec total\n|\n|t:|1783563418\n|switch|p2a: Darkrai|Darkrai, L77|100/100\n|move|p1a: Hypno|Psychic Noise|p2a: Darkrai\n|-immune|p2a: Darkrai\n|\n|-heal|p1a: Hypno|152/315|[from] item: Leftovers\n|upkeep\n|turn|11\n|inactive|Time left: 300 sec this turn | 300 sec total\n|\n|t:|1783563419\n|move|p2a: Darkrai|Nasty Plot|p2a: Darkrai\n|-boost|p2a: Darkrai|spa|2\n|move|p1a: Hypno|Knock Off|p2a: Darkrai\n|-resisted|p2a: Darkrai\n|-damage|p2a: Darkrai|84/100\n|-enditem|p2a: Darkrai|Life Orb|[from] move: Knock Off|[of] p1a: Hypno\n|\n|-heal|p1a: Hypno|171/315|[from] item: Leftovers\n|upkeep\n|turn|12\n|inactive|Time left: 300 sec this turn | 300 sec total\n|\n|t:|1783563420\n|switch|p1a: Spidops|Spidops, L96, M|20/271\n|move|p2a: Darkrai|Dark Pulse|p1a: Spidops\n|-damage|p1a: Spidops|0 fnt\n|faint|p1a: Spidops\n|\n|upkeep\n|inactive|Time left: 300 sec this turn | 300 sec total | 5 sec grace\n|\n|t:|1783563421\n|switch|p1a: Lapras|Lapras, L87, F|223/367\n|turn|13\n|inactive|Time left: 300 sec this turn | 300 sec total\n|\n|t:|1783563422\n|move|p2a: Darkrai|Dark Pulse|p1a: Lapras\n|-damage|p1a: Lapras|54/367\n|move|p1a: Lapras|Ice Beam|p2a: Darkrai\n|-damage|p2a: Darkrai|16/100\n|\n|upkeep\n|turn|14\n|inactive|Time left: 300 sec this turn | 300 sec total\n|\n|t:|1783563423\n|move|p2a: Darkrai|Dark Pulse|p1a: Lapras\n|-damage|p1a: Lapras|0 fnt\n|faint|p1a: Lapras\n|\n|upkeep\n|inactive|Time left: 300 sec this turn | 300 sec total | 5 sec grace\n|\n|t:|1783563424\n|switch|p1a: Rhyperior|Rhyperior, L82, F|323/323\n|turn|15\n|inactive|Time left: 300 sec this turn | 300 sec total\n|\n|t:|1783563425\n|move|p2a: Darkrai|Dark Pulse|p1a: Rhyperior\n|-crit|p1a: Rhyperior\n|-damage|p1a: Rhyperior|0 fnt\n|faint|p1a: Rhyperior\n|\n|upkeep\n|inactive|Time left: 300 sec this turn | 300 sec total | 5 sec grace\n|\n|t:|1783563426\n|switch|p1a: Hypno|Hypno, L95, F|171/315\n|turn|16\n|inactive|Time left: 300 sec this turn | 300 sec total\n|\n|t:|1783563427\n|-terastallize|p1a: Hypno|Dark\n|move|p2a: Darkrai|Dark Pulse|p1a: Hypno\n|-resisted|p1a: Hypno\n|-damage|p1a: Hypno|108/315\n|move|p1a: Hypno|Knock Off|p2a: Darkrai\n|-resisted|p2a: Darkrai\n|-damage|p2a: Darkrai|0 fnt\n|faint|p2a: Darkrai\n|\n|-heal|p1a: Hypno|127/315|[from] item: Leftovers\n|upkeep\n|\n|t:|1783563428\n|switch|p2a: Regidrago|Regidrago, L77|100/100\n|turn|17\n|inactive|Time left: 300 sec this turn | 300 sec total\n|\n|t:|1783563429\n|move|p1a: Hypno|Psychic Noise|p2a: Regidrago\n|-damage|p2a: Regidrago|71/100\n|-start|p2a: Regidrago|move: Heal Block\n|move|p2a: Regidrago|Dragon Dance|p2a: Regidrago\n|-boost|p2a: Regidrago|atk|1\n|-boost|p2a: Regidrago|spe|1\n|\n|-heal|p1a: Hypno|146/315|[from] item: Leftovers\n|upkeep\n|turn|18\n|inactive|Time left: 300 sec this turn | 300 sec total\n|\n|t:|1783563431\n|move|p2a: Regidrago|Dragon Claw|p1a: Hypno\n|-damage|p1a: Hypno|0 fnt\n|faint|p1a: Hypno\n|-damage|p2a: Regidrago|61/100|[from] item: Life Orb\n|\n|-end|p2a: Regidrago|move: Heal Block\n|upkeep\n|inactive|Time left: 300 sec this turn | 300 sec total | 5 sec grace\n|\n|t:|1783563432\n|switch|p1a: Glastrier|Glastrier, L86|78/312\n|turn|19\n|inactive|Time left: 300 sec this turn | 300 sec total\n|\n|t:|1783563433\n|move|p2a: Regidrago|Dragon Claw|p1a: Glastrier\n|-damage|p1a: Glastrier|0 fnt\n|faint|p1a: Glastrier\n|-damage|p2a: Regidrago|51/100|[from] item: Life Orb\n|\n|upkeep\n|inactive|Time left: 300 sec this turn | 300 sec total | 5 sec grace\n|\n|t:|1783563433\n|switch|p1a: Pikachu|Pikachu-Hoenn, L93, M|216/216\n|turn|20\n|inactive|Time left: 300 sec this turn | 300 sec total\n|\n|t:|1783563434\n|move|p2a: Regidrago|Earthquake|p1a: Pikachu\n|-supereffective|p1a: Pikachu\n|-damage|p1a: Pikachu|0 fnt\n|faint|p1a: Pikachu\n|-damage|p2a: Regidrago|41/100|[from] item: Life Orb\n|\n|win|p0y202121b0", "uploadtime": 1783563434, "views": 0, "rating": 0, "private": 0, "password": null, "_winner": "p0y202121b0", "_our_name": "p0x2021e840"}