{"id": "battle-gen9randombattle-803", "formatid": "gen9randombattle", "format": "[Gen 9] Random Battle", "players": ["p0x80390ca", "p0y803fa03"], "log": "|init|battle\n|title|p0x80390ca vs. p0y803fa03\n|j|\u2606p0x80390ca\n|j|\u2606p0y803fa03\n|t:|1783548456\n|gametype|singles\n|player|p1|p0x80390ca|265|\n|player|p2|p0y803fa03|265|\n|gen|9\n|tier|[Gen 9] Random Battle\n|rule|Species Clause: Limit one of each Pok\u00e9mon\n|rule|HP Percentage Mod: HP is shown in percentages\n|rule|Sleep Clause Mod: Limit one foe put to sleep\n|rule|Illusion Level Mod: Illusion disguises the Pok\u00e9mon's true level\n|\n|t:|1783548456\n|teamsize|p1|6\n|teamsize|p2|6\n|start\n|switch|p1a: Gogoat|Gogoat, L88, F|100/100\n|switch|p2a: Gogoat|Gogoat, L88, F|360/360\n|turn|1\n|inactive|Battle timer is ON: inactive players will automatically lose when time's up. (requested by p0y803fa03)\n|\n|t:|1783548457\n|move|p2a: Gogoat|Bulk Up|p2a: Gogoat\n|-boost|p2a: Gogoat|atk|1\n|-boost|p2a: Gogoat|def|1\n|move|p1a: Gogoat|Bulk Up|p1a: Gogoat\n|-boost|p1a: Gogoat|atk|1\n|-boost|p1a: Gogoat|def|1\n|\n|upkeep\n|turn|2\n|inactive|Time left: 300 sec this turn | 300 sec total\n|inactive|p0x80390ca also wants the timer to be on.\n|\n|t:|1783548458\n|move|p1a: Gogoat|Bulk Up|p1a: Gogoat\n|-boost|p1a: Gogoat|atk|1\n|-boost|p1a: Gogoat|def|1\n|move|p2a: Gogoat|Bulk Up|p2a: Gogoat\n|-boost|p2a: Gogoat|atk|1\n|-boost|p2a: Gogoat|def|1\n|\n|upkeep\n|turn|3\n|inactive|Time left: 300 sec this turn | 300 sec total\n|\n|t:|1783548459\n|move|p2a: Gogoat|Bulk Up|p2a: Gogoat\n|-boost|p2a: Gogoat|atk|1\n|-boost|p2a: Gogoat|def|1\n|move|p1a: Gogoat|Bulk Up|p1a: Gogoat\n|-boost|p1a: Gogoat|atk|1\n|-boost|p1a: Gogoat|def|1\n|\n|upkeep\n|turn|4\n|inactive|Time left: 300 sec this turn | 300 sec total\n|\n|t:|1783548460\n|move|p1a: Gogoat|Bulk Up|p1a: Gogoat\n|-boost|p1a: Gogoat|atk|1\n|-boost|p1a: Gogoat|def|1\n|move|p2a: Gogoat|Bulk Up|p2a: Gogoat\n|-boost|p2a: Gogoat|atk|1\n|-boost|p2a: Gogoat|def|1\n|\n|upkeep\n|turn|5\n|inactive|Time left: 300 sec this turn | 300 sec total\n|\n|t:|1783548461\n|move|p2a: Gogoat|Bulk Up|p2a: Gogoat\n|-boost|p2a: Gogoat|atk|1\n|-boost|p2a: Gogoat|def|1\n|move|p1a: Gogoat|Earthquake|p2a: Gogoat\n|-resisted|p2a: Gogoat\n|-damage|p2a: Gogoat|317/360\n|\n|-heal|p2a: Gogoat|339/360|[from] item: Leftovers\n|upkeep\n|turn|6\n|inactive|Time left: 300 sec this turn | 300 sec total\n|\n|t:|1783548462\n|move|p1a: Gogoat|Earthquake|p2a: Gogoat\n|-resisted|p2a: Gogoat\n|-damage|p2a: Gogoat|299/360\n|move|p2a: Gogoat|Earthquake|p1a: Gogoat\n|-resisted|p1a: Gogoat\n|-damage|p1a: Gogoat|83/100\n|\n|-heal|p2a: Gogoat|321/360|[from] item: Leftovers\n|-heal|p1a: Gogoat|89/100|[from] item: Leftovers\n|upkeep\n|turn|7\n|inactive|Time left: 300 sec this turn | 300 sec total\n|\n|t:|1783548463\n|move|p1a: Gogoat|Earthquake|p2a: Gogoat\n|-resisted|p2a: Gogoat\n|-damage|p2a: Gogoat|280/360\n|move|p2a: Gogoat|Earthquake|p1a: Gogoat\n|-resisted|p1a: Gogoat\n|-crit|p1a: Gogoat\n|-damage|p1a: Gogoat|16/100\n|\n|-heal|p1a: Gogoat|22/100|[from] item: Leftovers\n|-heal|p2a: Gogoat|302/360|[from] item: Leftovers\n|upkeep\n|turn|8\n|inactive|Time left: 300 sec this turn | 300 sec total\n|\n|t:|1783548464\n|move|p2a: Gogoat|Earthquake|p1a: Gogoat\n|-resisted|p1a: Gogoat\n|-damage|p1a: Gogoat|6/100\n|move|p1a: Gogoat|Milk Drink|p1a: Gogoat\n|-heal|p1a: Gogoat|56/100\n|\n|-heal|p1a: Gogoat|62/100|[from] item: Leftovers\n|-heal|p2a: Gogoat|324/360|[from] item: Leftovers\n|upkeep\n|turn|9\n|inactive|Time left: 300 sec this turn | 300 sec total\n|\n|t:|1783548465\n|move|p2a: Gogoat|Earthquake|p1a: Gogoat\n|-resisted|p1a: Gogoat\n|-damage|p1a: Gogoat|46/100\n|move|p1a: Gogoat|Milk Drink|p1a: Gogoat\n|-heal|p1a: Gogoat|96/100\n|\n|-heal|p2a: Gogoat|346/360|[from] item: Leftovers\n|-heal|p1a: Gogoat|100/100|[from] item: Leftovers\n|upkeep\n|turn|10\n|inactive|Time left: 300 sec this turn | 300 sec total\n|\n|t:|1783548466\n|move|p1a: Gogoat|Bulk Up|p1a: Gogoat\n|-boost|p1a: Gogoat|atk|1\n|-boost|p1a: Gogoat|def|1\n|move|p2a: Gogoat|Bulk Up|p2a: Gogoat\n|-boost|p2a: Gogoat|atk|1\n|-boost|p2a: Gogoat|def|1\n|\n|-heal|p2a: Gogoat|360/360|[from] item: Leftovers\n|upkeep\n|turn|11\n|inactive|Time left: 300 sec this turn | 300 sec total\n|\n|t:|1783548467\n|move|p1a: Gogoat|Horn Leech|p2a: Gogoat\n|-immune|p2a: Gogoat|[from] ability: Sap Sipper\n|move|p2a: Gogoat|Earthquake|p1a: Gogoat\n|-resisted|p1a: Gogoat\n|-damage|p1a: Gogoat|85/100\n|\n|-heal|p1a: Gogoat|92/100|[from] item: Leftovers\n|upkeep\n|turn|12\n|inactive|Time left: 300 sec this turn | 300 sec total\n|\n|t:|1783548468\n|move|p2a: Gogoat|Earthquake|p1a: Gogoat\n|-resisted|p1a: Gogoat\n|-damage|p1a: Gogoat|75/100\n|move|p1a: Gogoat|Bulk Up|p1a: Gogoat\n|-boost|p1a: Gogoat|atk|1\n|-boost|p1a: Gogoat|def|1\n|\n|-heal|p1a: Gogoat|81/100|[from] item: Leftovers\n|upkeep\n|turn|13\n|inactive|Time left: 300 sec this turn | 300 sec total\n|\n|t:|1783548469\n|move|p1a: Gogoat|Earthquake|p2a: Gogoat\n|-resisted|p2a: Gogoat\n|-damage|p2a: Gogoat|310/360\n|move|p2a: Gogoat|Earthquake|p1a: Gogoat\n|-resisted|p1a: Gogoat\n|-damage|p1a: Gogoat|67/100\n|\n|-heal|p2a: Gogoat|332/360|[from] item: Leftovers\n|-heal|p1a: Gogoat|73/100|[from] item: Leftovers\n|upkeep\n|turn|14\n|inactive|Time left: 300 sec this turn | 300 sec total\n|\n|t:|1783548470\n|move|p2a: Gogoat|Earthquake|p1a: Gogoat\n|-resisted|p1a: Gogoat\n|-damage|p1a: Gogoat|59/100\n|move|p1a: Gogoat|Earthquake|p2a: Gogoat\n|-resisted|p2a: Gogoat\n|-damage|p2a: Gogoat|282/360\n|\n|-heal|p2a: Gogoat|304/360|[from] item: Leftovers\n|-heal|p1a: Gogoat|65/100|[from] item: Leftovers\n|upkeep\n|turn|15\n|inactive|Time left: 300 sec this turn | 300 sec total\n|\n|t:|1783548471\n|move|p2a: Gogoat|Earthquake|p1a: Gogoat\n|-resisted|p1a: Gogoat\n|-damage|p1a: Gogoat|52/100\n|move|p1a: Gogoat|Milk Drink|p1a: Gogoat\n|-heal|p1a: Gogoat|100/100\n|\n|-heal|p2a: Gogoat|326/360|[from] item: Leftovers\n|upkeep\n|turn|16\n|inactive|Time left: 300 sec this turn | 300 sec total\n|\n|t:|1783548472\n|move|p2a: Gogoat|Milk Drink|p2a: Gogoat\n|-heal|p2a: Gogoat|360/360\n|move|p1a: Gogoat|Earthquake|p2a: Gogoat\n|-resisted|p2a: Gogoat\n|-damage|p2a: Gogoat|312/360\n|\n|-heal|p2a: Gogoat|334/360|[from] item: Leftovers\n|upkeep\n|turn|17\n|inactive|Time left: 300 sec this turn | 300 sec total\n|\n|t:|1783548473\n|move|p1a: Gogoat|Earthquake|p2a: Gogoat\n|-resisted|p2a: Gogoat\n|-damage|p2a: Gogoat|285/360\n|move|p2a: Gogoat|Earthquake|p1a: Gogoat\n|-resisted|p1a: Gogoat\n|-damage|p1a: Gogoat|87/100\n|\n|-heal|p2a: Gogoat|307/360|[from] item: Leftovers\n|-heal|p1a: Gogoat|93/100|[from] item: Leftovers\n|upkeep\n|turn|18\n|inactive|Time left: 300 sec this turn | 300 sec total\n|\n|t:|1783548475\n|move|p1a: Gogoat|Earthquake|p2a: Gogoat\n|-resisted|p2a: Gogoat\n|-damage|p2a: Gogoat|256/360\n|move|p2a: Gogoat|Milk Drink|p2a: Gogoat\n|-heal|p2a: Gogoat|360/360\n|\n|-heal|p1a: Gogoat|99/100|[from] item: Leftovers\n|upkeep\n|turn|19\n|inactive|Time left: 300 sec this turn | 300 sec total\n|\n|t:|1783548476\n|move|p1a: Gogoat|Earthquake|p2a: Gogoat\n|-resisted|p2a: Gogoat\n|-damage|p2a: Gogoat|307/360\n|move|p2a: Gogoat|Earthquake|p1a: Gogoat\n|-resisted|p1a: Gogoat\n|-damage|p1a: Gogoat|85/100\n|\n|-heal|p2a: Gogoat|329/360|[from] item: Leftovers\n|-heal|p1a: Gogoat|91/100|[from] item: Leftovers\n|upkeep\n|turn|20\n|inactive|Time left: 300 sec this turn | 300 sec total\n|\n|t:|1783548477\n|move|p2a: Gogoat|Earthquake|p1a: Gogoat\n|-resisted|p1a: Gogoat\n|-damage|p1a: Gogoat|78/100\n|move|p1a: Gogoat|Earthquake|p2a: Gogoat\n|-resisted|p2a: Gogoat\n|-damage|p2a: Gogoat|279/360\n|\n|-heal|p1a: Gogoat|84/100|[from] item: Leftovers\n|-heal|p2a: Gogoat|301/360|[from] item: Leftovers\n|upkeep\n|turn|21\n|inactive|Time left: 300 sec this turn | 300 sec total\n|\n|t:|1783548478\n|move|p1a: Gogoat|Earthquake|p2a: Gogoat\n|-resisted|p2a: Gogoat\n|-crit|p2a: Gogoat\n|-damage|p2a: Gogoat|20/360\n|move|p2a: Gogoat|Milk Drink|p2a: Gogoat\n|-heal|p2a: Gogoat|200/360\n|\n|-heal|p2a: Gogoat|222/360|[from] item: Leftovers\n|-heal|p1a: Gogoat|90/100|[from] item: Leftovers\n|upkeep\n|turn|22\n|inactive|Time left: 300 sec this turn | 300 sec total\n|\n|t:|1783548479\n|move|p1a: Gogoat|Earthquake|p2a: Gogoat\n|-resisted|p2a: Gogoat\n|-damage|p2a: Gogoat|172/360\n|move|p2a: Gogoat|Milk Drink|p2a: Gogoat\n|-heal|p2a: Gogoat|352/360\n|\n|-heal|p1a: Gogoat|97/100|[from] item: Leftovers\n|-heal|p2a: Gogoat|360/360|[from] item: Leftovers\n|upkeep\n|turn|23\n|inactive|Time left: 300 sec this turn | 300 sec total\n|\n|t:|1783548480\n|move|p1a: Gogoat|Earthquake|p2a: Gogoat\n|-resisted|p2a: Gogoat\n|-damage|p2a: Gogoat|308/360\n|move|p2a: Gogoat|Earthquake|p1a: Gogoat\n|-resisted|p1a: Gogoat\n|-damage|p1a: Gogoat|84/100\n|\n|-heal|p2a: Gogoat|330/360|[from] item: Leftovers\n|-heal|p1a: Gogoat|90/100|[from] item: Leftovers\n|upkeep\n|turn|24\n|inactive|Time left: 300 sec this turn | 300 sec total\n|\n|t:|1783548481\n|move|p1a: Gogoat|Earthquake|p2a: Gogoat\n|-resisted|p2a: Gogoat\n|-damage|p2a: Gogoat|283/360\n|move|p2a: Gogoat|Earthquake|p1a: Gogoat\n|-resisted|p1a: Gogoat\n|-damage|p1a: Gogoat|77/100\n|\n|-heal|p1a: Gogoat|83/100|[from] item: Leftovers\n|-heal|p2a: Gogoat|305/360|[from] item: Leftovers\n|upkeep\n|turn|25\n|inactive|Time left: 300 sec this turn | 300 sec total\n|\n|t:|1783548482\n|move|p1a: Gogoat|Milk Drink|p1a: Gogoat\n|-heal|p1a: Gogoat|100/100\n|move|p2a: Gogoat|Earthquake|p1a: Gogoat\n|-resisted|p1a: Gogoat\n|-damage|p1a: Gogoat|87/100\n|\n|-heal|p1a: Gogoat|93/100|[from] item: Leftovers\n|-heal|p2a: Gogoat|327/360|[from] item: Leftovers\n|upkeep\n|turn|26\n|inactive|Time left: 300 sec this turn | 300 sec total\n|\n|t:|1783548483\n|move|p2a: Gogoat|Milk Drink|p2a: Gogoat\n|-heal|p2a: Gogoat|360/360\n|move|p1a: Gogoat|Earthquake|p2a: Gogoat\n|-resisted|p2a: Gogoat\n|-crit|p2a: Gogoat\n|-damage|p2a: Gogoat|91/360\n|\n|-heal|p2a: Gogoat|113/360|[from] item: Leftovers\n|-heal|p1a: Gogoat|99/100|[from] item: Leftovers\n|upkeep\n|turn|27\n|inactive|Time left: 300 sec this turn | 300 sec total\n|\n|t:|1783548484\n|move|p2a: Gogoat|Milk Drink|p2a: Gogoat\n|-heal|p2a: Gogoat|293/360\n|move|p1a: Gogoat|Milk Drink|p1a: Gogoat\n|-heal|p1a: Gogoat|100/100\n|\n|-heal|p2a: Gogoat|315/360|[from] item: Leftovers\n|upkeep\n|turn|28\n|inactive|Time left: 300 sec this turn | 300 sec total\n|\n|t:|1783548485\n|move|p1a: Gogoat|Milk Drink||[still]\n|-fail|p1a: Gogoat|heal\n|move|p2a: Gogoat|Earthquake|p1a: Gogoat\n|-resisted|p1a: Gogoat\n|-damage|p1a: Gogoat|87/100\n|\n|-heal|p2a: Gogoat|337/360|[from] item: Leftovers\n|-heal|p1a: Gogoat|93/100|[from] item: Leftovers\n|upkeep\n|turn|29\n|inactive|Time left: 300 sec this turn | 300 sec total\n|\n|t:|1783548486\n|move|p1a: Gogoat|Milk Drink|p1a: Gogoat\n|-heal|p1a: Gogoat|100/100\n|move|p2a: Gogoat|Horn Leech|p1a: Gogoat\n|-immune|p1a: Gogoat|[from] ability: Sap Sipper\n|\n|-heal|p2a: Gogoat|359/360|[from] item: Leftovers\n|upkeep\n|turn|30\n|inactive|Time left: 300 sec this turn | 300 sec total\n|\n|t:|1783548487\n|move|p1a: Gogoat|Bulk Up|p1a: Gogoat\n|-boost|p1a: Gogoat|atk|0\n|-boost|p1a: Gogoat|def|0\n|move|p2a: Gogoat|Bulk Up|p2a: Gogoat\n|-boost|p2a: Gogoat|atk|0\n|-boost|p2a: Gogoat|def|0\n|\n|-heal|p2a: Gogoat|360/360|[from] item: Leftovers\n|upkeep\n|turn|31\n|inactive|Time left: 300 sec this turn | 300 sec total\n|\n|t:|1783548488\n|move|p1a: Gogoat|Horn Leech|p2a: Gogoat\n|-immune|p2a: Gogoat|[from] ability: Sap Sipper\n|move|p2a: Gogoat|Horn Leech|p1a: Gogoat\n|-immune|p1a: Gogoat|[from] ability: Sap Sipper\n|\n|upkeep\n|turn|32\n|inactive|Time left: 300 sec this turn | 300 sec total\n|\n|t:|1783548489\n|move|p2a: Gogoat|Horn Leech|p1a: Gogoat\n|-immune|p1a: Gogoat|[from] ability: Sap Sipper\n|move|p1a: Gogoat|Horn Leech|p2a: Gogoat\n|-immune|p2a: Gogoat|[from] ability: Sap Sipper\n|\n|upkeep\n|turn|33\n|inactive|Time left: 300 sec this turn | 300 sec total\n|\n|t:|1783548490\n|move|p1a: Gogoat|Bulk Up|p1a: Gogoat\n|-boost|p1a: Gogoat|atk|0\n|-boost|p1a: Gogoat|def|0\n|move|p2a: Gogoat|Bulk Up|p2a: Gogoat\n|-boost|p2a: Gogoat|atk|0\n|-boost|p2a: Gogoat|def|0\n|\n|upkeep\n|turn|34\n|inactive|Time left: 300 sec this turn | 300 sec total\n|\n|t:|1783548491\n|move|p2a: Gogoat|Horn Leech|p1a: Gogoat\n|-immune|p1a: Gogoat|[from] ability: Sap Sipper\n|move|p1a: Gogoat|Bulk Up|p1a: Gogoat\n|-boost|p1a: Gogoat|atk|0\n|-boost|p1a: Gogoat|def|0\n|\n|upkeep\n|turn|35\n|inactive|Time left: 300 sec this turn | 300 sec total\n|\n|t:|1783548492\n|move|p1a: Gogoat|Bulk Up|p1a: Gogoat\n|-boost|p1a: Gogoat|atk|0\n|-boost|p1a: Gogoat|def|0\n|move|p2a: Gogoat|Horn Leech|p1a: Gogoat\n|-immune|p1a: Gogoat|[from] ability: Sap Sipper\n|\n|upkeep\n|turn|36\n|inactive|Time left: 300 sec this turn | 300 sec total\n|\n|t:|1783548493\n|move|p1a: Gogoat|Horn Leech|p2a: Gogoat\n|-immune|p2a: Gogoat|[from] ability: Sap Sipper\n|move|p2a: Gogoat|Milk Drink||[still]\n|-fail|p2a: Gogoat|heal\n|\n|upkeep\n|turn|37\n|inactive|Time left: 300 sec this turn | 300 sec total\n|\n|t:|1783548494\n|move|p2a: Gogoat|Bulk Up|p2a: Gogoat\n|-boost|p2a: Gogoat|atk|0\n|-boost|p2a: Gogoat|def|0\n|move|p1a: Gogoat|Horn Leech|p2a: Gogoat\n|-immune|p2a: Gogoat|[from] ability: Sap Sipper\n|\n|upkeep\n|turn|38\n|inactive|Time left: 300 sec this turn | 300 sec total\n|\n|t:|1783548495\n|move|p2a: Gogoat|Bulk Up|p2a: Gogoat\n|-boost|p2a: Gogoat|atk|0\n|-boost|p2a: Gogoat|def|0\n|move|p1a: Gogoat|Horn Leech|p2a: Gogoat\n|-immune|p2a: Gogoat|[from] ability: Sap Sipper\n|\n|upkeep\n|turn|39\n|inactive|Time left: 300 sec this turn | 300 sec total\n|\n|t:|1783548496\n|move|p2a: Gogoat|Bulk Up|p2a: Gogoat\n|-boost|p2a: Gogoat|atk|0\n|-boost|p2a: Gogoat|def|0\n|move|p1a: Gogoat|Horn Leech|p2a: Gogoat\n|-immune|p2a: Gogoat|[from] ability: Sap Sipper\n|\n|upkeep\n|turn|40\n|inactive|Time left: 300 sec this turn | 300 sec total\n|\n|t:|1783548497\n|move|p1a: Gogoat|Bulk Up|p1a: Gogoat\n|-boost|p1a: Gogoat|atk|0\n|-boost|p1a: Gogoat|def|0\n|move|p2a: Gogoat|Horn Leech|p1a: Gogoat\n|-immune|p1a: Gogoat|[from] ability: Sap Sipper\n|\n|upkeep\n|turn|41\n|inactive|Time left: 300 sec this turn | 300 sec total\n|\n|t:|1783548498\n|move|p2a: Gogoat|Bulk Up|p2a: Gogoat\n|-boost|p2a: Gogoat|atk|0\n|-boost|p2a: Gogoat|def|0\n|move|p1a: Gogoat|Horn Leech|p2a: Gogoat\n|-immune|p2a: Gogoat|[from] ability: Sap Sipper\n|\n|upkeep\n|turn|42\n|inactive|Time left: 300 sec this turn | 300 sec total\n|\n|t:|1783548499\n|move|p1a: Gogoat|Horn Leech|p2a: Gogoat\n|-immune|p2a: Gogoat|[from] ability: Sap Sipper\n|move|p2a: Gogoat|Bulk Up|p2a: Gogoat\n|-boost|p2a: Gogoat|atk|0\n|-boost|p2a: Gogoat|def|0\n|\n|upkeep\n|turn|43\n|inactive|Time left: 300 sec this turn | 300 sec total\n|\n|t:|1783548500\n|move|p2a: Gogoat|Horn Leech|p1a: Gogoat\n|-immune|p1a: Gogoat|[from] ability: Sap Sipper\n|move|p1a: Gogoat|Bulk Up|p1a: Gogoat\n|-boost|p1a: Gogoat|atk|0\n|-boost|p1a: Gogoat|def|0\n|\n|upkeep\n|turn|44\n|inactive|Time left: 300 sec this turn | 300 sec total\n|\n|t:|1783548501\n|move|p1a: Gogoat|Bulk Up|p1a: Gogoat\n|-boost|p1a: Gogoat|atk|0\n|-boost|p1a: Gogoat|def|0\n|move|p2a: Gogoat|Bulk Up|p2a: Gogoat\n|-boost|p2a: Gogoat|atk|0\n|-boost|p2a: Gogoat|def|0\n|\n|upkeep\n|turn|45\n|inactive|Time left: 300 sec this turn | 300 sec total\n|\n|t:|1783548502\n|move|p2a: Gogoat|Horn Leech|p1a: Gogoat\n|-immune|p1a: Gogoat|[from] ability: Sap Sipper\n|move|p1a: Gogoat|Horn Leech|p2a: Gogoat\n|-immune|p2a: Gogoat|[from] ability: Sap Sipper\n|\n|upkeep\n|turn|46\n|inactive|Time left: 300 sec this turn | 300 sec total\n|\n|t:|1783548503\n|move|p2a: Gogoat|Bulk Up|p2a: Gogoat\n|-boost|p2a: Gogoat|atk|0\n|-boost|p2a: Gogoat|def|0\n|move|p1a: Gogoat|Horn Leech|p2a: Gogoat\n|-immune|p2a: Gogoat|[from] ability: Sap Sipper\n|\n|upkeep\n|turn|47\n|inactive|Time left: 300 sec this turn | 300 sec total\n|\n|t:|1783548504\n|move|p2a: Gogoat|Horn Leech|p1a: Gogoat\n|-immune|p1a: Gogoat|[from] ability: Sap Sipper\n|move|p1a: Gogoat|Horn Leech|p2a: Gogoat\n|-immune|p2a: Gogoat|[from] ability: Sap Sipper\n|\n|upkeep\n|turn|48\n|inactive|Time left: 300 sec this turn | 300 sec total\n|\n|t:|1783548504\n|move|p2a: Gogoat|Bulk Up|p2a: Gogoat\n|-boost|p2a: Gogoat|atk|0\n|-boost|p2a: Gogoat|def|0\n|move|p1a: Gogoat|Horn Leech|p2a: Gogoat\n|-immune|p2a: Gogoat|[from] ability: Sap Sipper\n|\n|upkeep\n|turn|49\n|inactive|Time left: 300 sec this turn | 300 sec total\n|\n|t:|1783548505\n|move|p1a: Gogoat|Bulk Up|p1a: Gogoat\n|-boost|p1a: Gogoat|atk|0\n|-boost|p1a: Gogoat|def|0\n|move|p2a: Gogoat|Horn Leech|p1a: Gogoat\n|-immune|p1a: Gogoat|[from] ability: Sap Sipper\n|\n|upkeep\n|turn|50\n|inactive|Time left: 300 sec this turn | 300 sec total\n|\n|t:|1783548506\n|move|p2a: Gogoat|Horn Leech|p1a: Gogoat\n|-immune|p1a: Gogoat|[from] ability: Sap Sipper\n|move|p1a: Gogoat|Bulk Up|p1a: Gogoat\n|-boost|p1a: Gogoat|atk|0\n|-boost|p1a: Gogoat|def|0\n|\n|upkeep\n|turn|51\n|inactive|Time left: 300 sec this turn | 300 sec total\n|\n|t:|1783548507\n|move|p1a: Gogoat|Horn Leech|p2a: Gogoat\n|-immune|p2a: Gogoat|[from] ability: Sap Sipper\n|move|p2a: Gogoat|Bulk Up|p2a: Gogoat\n|-boost|p2a: Gogoat|atk|0\n|-boost|p2a: Gogoat|def|0\n|\n|upkeep\n|turn|52\n|inactive|Time left: 300 sec this turn | 300 sec total\n|\n|t:|1783548508\n|move|p2a: Gogoat|Horn Leech|p1a: Gogoat\n|-immune|p1a: Gogoat|[from] ability: Sap Sipper\n|move|p1a: Gogoat|Horn Leech|p2a: Gogoat\n|-immune|p2a: Gogoat|[from] ability: Sap Sipper\n|\n|upkeep\n|turn|53\n|inactive|Time left: 300 sec this turn | 300 sec total\n|\n|t:|1783548510\n|move|p1a: Gogoat|Horn Leech|p2a: Gogoat\n|-immune|p2a: Gogoat|[from] ability: Sap Sipper\n|move|p2a: Gogoat|Bulk Up|p2a: Gogoat\n|-boost|p2a: Gogoat|atk|0\n|-boost|p2a: Gogoat|def|0\n|\n|upkeep\n|turn|54\n|inactive|Time left: 300 sec this turn | 300 sec total\n|\n|t:|1783548511\n|move|p2a: Gogoat|Horn Leech|p1a: Gogoat\n|-immune|p1a: Gogoat|[from] ability: Sap Sipper\n|move|p1a: Gogoat|Bulk Up|p1a: Gogoat\n|-boost|p1a: Gogoat|atk|0\n|-boost|p1a: Gogoat|def|0\n|\n|upkeep\n|turn|55\n|inactive|Time left: 300 sec this turn | 300 sec total\n|\n|t:|1783548512\n|move|p2a: Gogoat|Horn Leech|p1a: Gogoat\n|-immune|p1a: Gogoat|[from] ability: Sap Sipper\n|move|p1a: Gogoat|Bulk Up|p1a: Gogoat\n|-boost|p1a: Gogoat|atk|0\n|-boost|p1a: Gogoat|def|0\n|\n|upkeep\n|turn|56\n|inactive|Time left: 300 sec this turn | 300 sec total\n|\n|t:|1783548513\n|move|p1a: Gogoat|Bulk Up|p1a: Gogoat\n|-boost|p1a: Gogoat|atk|0\n|-boost|p1a: Gogoat|def|0\n|move|p2a: Gogoat|Horn Leech|p1a: Gogoat\n|-immune|p1a: Gogoat|[from] ability: Sap Sipper\n|\n|upkeep\n|turn|57\n|inactive|Time left: 300 sec this turn | 300 sec total\n|\n|t:|1783548514\n|move|p2a: Gogoat|Bulk Up|p2a: Gogoat\n|-boost|p2a: Gogoat|atk|0\n|-boost|p2a: Gogoat|def|0\n|move|p1a: Gogoat|Bulk Up|p1a: Gogoat\n|-boost|p1a: Gogoat|atk|0\n|-boost|p1a: Gogoat|def|0\n|\n|upkeep\n|turn|58\n|inactive|Time left: 300 sec this turn | 300 sec total\n|\n|t:|1783548515\n|move|p2a: Gogoat|Bulk Up|p2a: Gogoat\n|-boost|p2a: Gogoat|atk|0\n|-boost|p2a: Gogoat|def|0\n|move|p1a: Gogoat|Bulk Up|p1a: Gogoat\n|-boost|p1a: Gogoat|atk|0\n|-boost|p1a: Gogoat|def|0\n|\n|upkeep\n|turn|59\n|inactive|Time left: 300 sec this turn | 300 sec total\n|\n|t:|1783548516\n|move|p1a: Gogoat|Bulk Up|p1a: Gogoat\n|-boost|p1a: Gogoat|atk|0\n|-boost|p1a: Gogoat|def|0\n|move|p2a: Gogoat|Bulk Up|p2a: Gogoat\n|-boost|p2a: Gogoat|atk|0\n|-boost|p2a: Gogoat|def|0\n|\n|upkeep\n|turn|60\n|inactive|Time left: 300 sec this turn | 300 sec total\n|\n|t:|1783548517\n|move|p2a: Gogoat|Bulk Up|p2a: Gogoat\n|-boost|p2a: Gogoat|atk|0\n|-boost|p2a: Gogoat|def|0\n|move|p1a: Gogoat|Bulk Up|p1a: Gogoat\n|-boost|p1a: Gogoat|atk|0\n|-boost|p1a: Gogoat|def|0\n|\n|upkeep\n|turn|61\n|inactive|Time left: 300 sec this turn | 300 sec total\n|\n|t:|1783548519\n|move|p2a: Gogoat|Bulk Up|p2a: Gogoat\n|-boost|p2a: Gogoat|atk|0\n|-boost|p2a: Gogoat|def|0\n|move|p1a: Gogoat|Bulk Up|p1a: Gogoat\n|-boost|p1a: Gogoat|atk|0\n|-boost|p1a: Gogoat|def|0\n|\n|upkeep\n|turn|62\n|inactive|Time left: 300 sec this turn | 300 sec total\n|\n|t:|1783548520\n|move|p2a: Gogoat|Bulk Up|p2a: Gogoat\n|-boost|p2a: Gogoat|atk|0\n|-boost|p2a: Gogoat|def|0\n|move|p1a: Gogoat|Bulk Up|p1a: Gogoat\n|-boost|p1a: Gogoat|atk|0\n|-boost|p1a: Gogoat|def|0\n|\n|upkeep\n|turn|63\n|inactive|Time left: 300 sec this turn | 300 sec total\n|\n|t:|1783548521\n|move|p2a: Gogoat|Bulk Up|p2a: Gogoat\n|-boost|p2a: Gogoat|atk|0\n|-boost|p2a: Gogoat|def|0\n|move|p1a: Gogoat|Bulk Up|p1a: Gogoat\n|-boost|p1a: Gogoat|atk|0\n|-boost|p1a: Gogoat|def|0\n|\n|upkeep\n|turn|64\n|inactive|Time left: 300 sec this turn | 300 sec total\n|\n|t:|1783548522\n|move|p1a: Gogoat|Bulk Up|p1a: Gogoat\n|-boost|p1a: Gogoat|atk|0\n|-boost|p1a: Gogoat|def|0\n|move|p2a: Gogoat|Bulk Up|p2a: Gogoat\n|-boost|p2a: Gogoat|atk|0\n|-boost|p2a: Gogoat|def|0\n|\n|upkeep\n|turn|65\n|inactive|Time left: 300 sec this turn | 300 sec total\n|\n|t:|1783548523\n|move|p1a: Gogoat|Bulk Up|p1a: Gogoat\n|-boost|p1a: Gogoat|atk|0\n|-boost|p1a: Gogoat|def|0\n|move|p2a: Gogoat|Bulk Up|p2a: Gogoat\n|-boost|p2a: Gogoat|atk|0\n|-boost|p2a: Gogoat|def|0\n|\n|upkeep\n|turn|66\n|inactive|Time left: 300 sec this turn | 300 sec total\n|\n|t:|1783548524\n|move|p2a: Gogoat|Bulk Up|p2a: Gogoat\n|-boost|p2a: Gogoat|atk|0\n|-boost|p2a: Gogoat|def|0\n|move|p1a: Gogoat|Bulk Up|p1a: Gogoat\n|-boost|p1a: Gogoat|atk|0\n|-boost|p1a: Gogoat|def|0\n|\n|upkeep\n|turn|67\n|inactive|Time left: 300 sec this turn | 300 sec total\n|\n|t:|1783548525\n|move|p1a: Gogoat|Bulk Up|p1a: Gogoat\n|-boost|p1a: Gogoat|atk|0\n|-boost|p1a: Gogoat|def|0\n|move|p2a: Gogoat|Bulk Up|p2a: Gogoat\n|-boost|p2a: Gogoat|atk|0\n|-boost|p2a: Gogoat|def|0\n|\n|upkeep\n|turn|68\n|inactive|Time left: 300 sec this turn | 300 sec total\n|\n|t:|1783548526\n|move|p2a: Gogoat|Bulk Up|p2a: Gogoat\n|-boost|p2a: Gogoat|atk|0\n|-boost|p2a: Gogoat|def|0\n|move|p1a: Gogoat|Bulk Up|p1a: Gogoat\n|-boost|p1a: Gogoat|atk|0\n|-boost|p1a: Gogoat|def|0\n|\n|upkeep\n|turn|69\n|inactive|Time left: 300 sec this turn | 300 sec total\n|\n|t:|1783548527\n|move|p2a: Gogoat|Bulk Up|p2a: Gogoat\n|-boost|p2a: Gogoat|atk|0\n|-boost|p2a: Gogoat|def|0\n|move|p1a: Gogoat|Bulk Up|p1a: Gogoat\n|-boost|p1a: Gogoat|atk|0\n|-boost|p1a: Gogoat|def|0\n|\n|upkeep\n|turn|70\n|inactive|Time left: 300 sec this turn | 300 sec total\n|\n|t:|1783548529\n|move|p1a: Gogoat|Earthquake|p2a: Gogoat\n|-resisted|p2a: Gogoat\n|-damage|p2a: Gogoat|307/360\n|move|p2a: Gogoat|Milk Drink|p2a: Gogoat\n|-heal|p2a: Gogoat|360/360\n|\n|upkeep\n|turn|71\n|inactive|Time left: 300 sec this turn | 300 sec total\n|\n|t:|1783548530\n|move|p2a: Gogoat|Bulk Up|p2a: Gogoat\n|-boost|p2a: Gogoat|atk|0\n|-boost|p2a: Gogoat|def|0\n|move|p1a: Gogoat|Milk Drink||[still]\n|-fail|p1a: Gogoat|heal\n|\n|upkeep\n|turn|72\n|inactive|Time left: 300 sec this turn | 300 sec total\n|\n|t:|1783548531\n|move|p2a: Gogoat|Horn Leech|p1a: Gogoat\n|-immune|p1a: Gogoat|[from] ability: Sap Sipper\n|move|p1a: Gogoat|Bulk Up|p1a: Gogoat\n|-boost|p1a: Gogoat|atk|0\n|-boost|p1a: Gogoat|def|0\n|\n|upkeep\n|turn|73\n|inactive|Time left: 300 sec this turn | 300 sec total\n|\n|t:|1783548532\n|-activate|p2a: Gogoat|move: Struggle\n|move|p2a: Gogoat|Struggle|p1a: Gogoat\n|-damage|p1a: Gogoat|87/100\n|-damage|p2a: Gogoat|270/360|[from] recoil\n|-activate|p1a: Gogoat|move: Struggle\n|move|p1a: Gogoat|Struggle|p2a: Gogoat\n|-damage|p2a: Gogoat|222/360\n|-damage|p1a: Gogoat|62/100|[from] recoil\n|\n|-heal|p2a: Gogoat|244/360|[from] item: Leftovers\n|-heal|p1a: Gogoat|69/100|[from] item: Leftovers\n|upkeep\n|turn|74\n|inactive|Time left: 300 sec this turn | 300 sec total\n|\n|t:|1783548533\n|-activate|p1a: Gogoat|move: Struggle\n|move|p1a: Gogoat|Struggle|p2a: Gogoat\n|-damage|p2a: Gogoat|198/360\n|-damage|p1a: Gogoat|44/100|[from] recoil\n|-activate|p2a: Gogoat|move: Struggle\n|move|p2a: Gogoat|Struggle|p1a: Gogoat\n|-damage|p1a: Gogoat|29/100\n|-damage|p2a: Gogoat|108/360|[from] recoil\n|\n|-heal|p2a: Gogoat|130/360|[from] item: Leftovers\n|-heal|p1a: Gogoat|35/100|[from] item: Leftovers\n|upkeep\n|turn|75\n|inactive|Time left: 300 sec this turn | 300 sec total\n|\n|t:|1783548534\n|-activate|p2a: Gogoat|move: Struggle\n|move|p2a: Gogoat|Struggle|p1a: Gogoat\n|-damage|p1a: Gogoat|22/100\n|-damage|p2a: Gogoat|40/360|[from] recoil\n|-activate|p1a: Gogoat|move: Struggle\n|move|p1a: Gogoat|Struggle|p2a: Gogoat\n|-damage|p2a: Gogoat|0 fnt\n|faint|p2a: Gogoat\n|-damage|p1a: Gogoat|0 fnt|[from] recoil\n|faint|p1a: Gogoat\n|\n|upkeep\n|inactive|Time left: 300 sec this turn | 300 sec total | 5 sec grace\n|\n|t:|1783548535\n|switch|p1a: Falinks|Falinks, L84|100/100\n|switch|p2a: Keldeo|Keldeo-Resolute, L79|273/273\n|turn|76\n|inactive|Time left: 300 sec this turn | 300 sec total\n|\n|t:|1783548536\n|move|p2a: Keldeo|Surf|p1a: Falinks\n|-damage|p1a: Falinks|40/100\n|move|p1a: Falinks|No Retreat|p1a: Falinks\n|-boost|p1a: Falinks|atk|1\n|-boost|p1a: Falinks|def|1\n|-boost|p1a: Falinks|spa|1\n|-boost|p1a: Falinks|spd|1\n|-boost|p1a: Falinks|spe|1\n|-start|p1a: Falinks|move: No Retreat\n|\n|upkeep\n|turn|77\n|inactive|Time left: 300 sec this turn | 300 sec total\n|\n|t:|1783548537\n|move|p1a: Falinks|Close Combat|p2a: Keldeo\n|-crit|p2a: Keldeo\n|-damage|p2a: Keldeo|0 fnt\n|-unboost|p1a: Falinks|def|1\n|-unboost|p1a: Falinks|spd|1\n|faint|p2a: Keldeo\n|-damage|p1a: Falinks|31/100|[from] item: Life Orb\n|\n|upkeep\n|inactive|Time left: 300 sec this turn | 300 sec total | 5 sec grace\n|\n|t:|1783548538\n|switch|p2a: Gurdurr|Gurdurr, L85, M|283/283\n|turn|78\n|inactive|Time left: 300 sec this turn | 300 sec total\n|\n|t:|1783548538\n|move|p1a: Falinks|Close Combat|p2a: Gurdurr\n|-damage|p2a: Gurdurr|98/283\n|-unboost|p1a: Falinks|def|1\n|-unboost|p1a: Falinks|spd|1\n|-damage|p1a: Falinks|21/100|[from] item: Life Orb\n|move|p2a: Gurdurr|Drain Punch|p1a: Falinks\n|-damage|p1a: Falinks|0 fnt\n|-heal|p2a: Gurdurr|123/283|[from] drain|[of] p1a: Falinks\n|faint|p1a: Falinks\n|\n|upkeep\n|\n|t:|1783548539\n|switch|p1a: Oranguru|Oranguru, L92, M|100/100\n|turn|79\n|inactive|Time left: 300 sec this turn | 300 sec total\n|\n|t:|1783548540\n|switch|p2a: Skuntank|Skuntank, L84, F|310/310\n|move|p1a: Oranguru|Nasty Plot|p1a: Oranguru\n|-boost|p1a: Oranguru|spa|2\n|\n|upkeep\n|turn|80\n|inactive|Time left: 300 sec this turn | 300 sec total\n|\n|t:|1783548541\n|-terastallize|p1a: Oranguru|Fighting\n|move|p2a: Skuntank|Knock Off|p1a: Oranguru\n|-resisted|p1a: Oranguru\n|-damage|p1a: Oranguru|81/100\n|-enditem|p1a: Oranguru|Leftovers|[from] move: Knock Off|[of] p2a: Skuntank\n|-damage|p2a: Skuntank|279/310|[from] item: Life Orb\n|move|p1a: Oranguru|Focus Blast|p2a: Skuntank\n|-damage|p2a: Skuntank|0 fnt\n|faint|p2a: Skuntank\n|\n|upkeep\n|inactive|Time left: 300 sec this turn | 300 sec total | 5 sec grace\n|\n|t:|1783548542\n|switch|p2a: Clawitzer|Clawitzer, L87, M|265/265\n|turn|81\n|inactive|Time left: 300 sec this turn | 300 sec total\n|\n|t:|1783548543\n|move|p1a: Oranguru|Psychic|p2a: Clawitzer\n|-damage|p2a: Clawitzer|138/265\n|move|p2a: Clawitzer|Water Pulse|p1a: Oranguru\n|-damage|p1a: Oranguru|49/100\n|\n|upkeep\n|turn|82\n|inactive|Time left: 300 sec this turn | 300 sec total\n|\n|t:|1783548544\n|move|p1a: Oranguru|Thunderbolt|p2a: Clawitzer\n|-supereffective|p2a: Clawitzer\n|-damage|p2a: Clawitzer|0 fnt\n|faint|p2a: Clawitzer\n|\n|upkeep\n|inactive|Time left: 300 sec this turn | 300 sec total | 5 sec grace\n|\n|t:|1783548545\n|switch|p2a: Glalie|Glalie, L96, M|309/309\n|turn|83\n|inactive|Time left: 300 sec this turn | 300 sec total\n|\n|t:|1783548546\n|-terastallize|p2a: Glalie|Ghost\n|move|p2a: Glalie|Earthquake|p1a: Oranguru\n|-crit|p1a: Oranguru\n|-damage|p1a: Oranguru|14/100\n|move|p1a: Oranguru|Psychic|p2a: Glalie\n|-crit|p2a: Glalie\n|-damage|p2a: Glalie|0 fnt\n|faint|p2a: Glalie\n|\n|upkeep\n|inactive|Time left: 300 sec this turn | 300 sec total | 5 sec grace\n|\n|t:|1783548547\n|switch|p2a: Gurdurr|Gurdurr, L85, M|123/283\n|turn|84\n|inactive|Time left: 300 sec this turn | 300 sec total\n|\n|t:|1783548548\n|move|p2a: Gurdurr|Mach Punch|p1a: Oranguru\n|-damage|p1a: Oranguru|0 fnt\n|faint|p1a: Oranguru\n|\n|upkeep\n|\n|t:|1783548549\n|switch|p1a: Dragalge|Dragalge, L88, F|100/100\n|turn|85\n|inactive|Time left: 300 sec this turn | 300 sec total\n|\n|t:|1783548549\n|move|p1a: Dragalge|Sludge Wave|p2a: Gurdurr\n|-damage|p2a: Gurdurr|0 fnt\n|faint|p2a: Gurdurr\n|\n|win|p0x80390ca", "uploadtime": 1783548549, "views": 0, "rating": 0, "private": 0, "password": null, "_winner": "p0x80390ca", "_our_name": "p0y803fa03"}