{"id": "battle-gen9randombattle-2952", "formatid": "gen9randombattle", "format": "[Gen 9] Random Battle", "players": ["p0x29523be7", "p0y29527efe"], "log": "|init|battle\n|title|p0x29523be7 vs. p0y29527efe\n|j|\u2606p0x29523be7\n|j|\u2606p0y29527efe\n|t:|1783573015\n|gametype|singles\n|player|p1|p0x29523be7|1|\n|player|p2|p0y29527efe|169|\n|gen|9\n|tier|[Gen 9] Random Battle\n|rule|Species Clause: Limit one of each Pok\u00e9mon\n|rule|HP Percentage Mod: HP is shown in percentages\n|rule|Sleep Clause Mod: Limit one foe put to sleep\n|rule|Illusion Level Mod: Illusion disguises the Pok\u00e9mon's true level\n|\n|t:|1783573015\n|teamsize|p1|6\n|teamsize|p2|6\n|start\n|switch|p1a: Chandelure|Chandelure, L83, F|100/100\n|switch|p2a: Glaceon|Glaceon, L94, M|275/275\n|turn|1\n|inactive|Battle timer is ON: inactive players will automatically lose when time's up. (requested by p0x29523be7)\n|inactive|Time left: 300 sec this turn | 300 sec total | 60 sec grace\n|inactive|p0y29527efe also wants the timer to be on.\n|\n|t:|1783573017\n|move|p1a: Chandelure|Fire Blast|p2a: Glaceon\n|-supereffective|p2a: Glaceon\n|-damage|p2a: Glaceon|0 fnt\n|faint|p2a: Glaceon\n|\n|upkeep\n|inactive|Time left: 300 sec this turn | 300 sec total | 65 sec grace\n|\n|t:|1783573018\n|switch|p2a: Infernape|Infernape, L82, M|259/259\n|turn|2\n|inactive|Time left: 300 sec this turn | 300 sec total\n|\n|t:|1783573019\n|move|p1a: Chandelure|Fire Blast|p2a: Infernape\n|-resisted|p2a: Infernape\n|-damage|p2a: Infernape|166/259\n|move|p2a: Infernape|Knock Off|p1a: Chandelure\n|-supereffective|p1a: Chandelure\n|-damage|p1a: Chandelure|9/100\n|-enditem|p1a: Chandelure|Choice Scarf|[from] move: Knock Off|[of] p2a: Infernape\n|\n|upkeep\n|turn|3\n|inactive|Time left: 300 sec this turn | 300 sec total\n|\n|t:|1783573021\n|switch|p1a: Tauros|Tauros-Paldea-Combat, L82, M|100/100\n|-ability|p1a: Tauros|Intimidate|boost\n|-unboost|p2a: Infernape|atk|1\n|move|p2a: Infernape|Knock Off|p1a: Tauros\n|-resisted|p1a: Tauros\n|-damage|p1a: Tauros|90/100\n|-enditem|p1a: Tauros|Life Orb|[from] move: Knock Off|[of] p2a: Infernape\n|\n|upkeep\n|turn|4\n|inactive|Time left: 300 sec this turn | 300 sec total\n|\n|t:|1783573022\n|switch|p2a: Enamorus|Enamorus-Therian, L83, F|259/259\n|move|p1a: Tauros|Bulk Up|p1a: Tauros\n|-boost|p1a: Tauros|atk|1\n|-boost|p1a: Tauros|def|1\n|\n|upkeep\n|turn|5\n|inactive|Time left: 300 sec this turn | 300 sec total\n|\n|t:|1783573023\n|-terastallize|p1a: Tauros|Steel\n|move|p1a: Tauros|Iron Head|p2a: Enamorus\n|-supereffective|p2a: Enamorus\n|-damage|p2a: Enamorus|41/259\n|move|p2a: Enamorus|Moonblast|p1a: Tauros\n|-resisted|p1a: Tauros\n|-damage|p1a: Tauros|59/100\n|-unboost|p1a: Tauros|spa|1\n|\n|upkeep\n|turn|6\n|inactive|Time left: 300 sec this turn | 300 sec total\n|\n|t:|1783573024\n|move|p1a: Tauros|Iron Head|p2a: Enamorus\n|-supereffective|p2a: Enamorus\n|-damage|p2a: Enamorus|0 fnt\n|faint|p2a: Enamorus\n|\n|upkeep\n|inactive|Time left: 300 sec this turn | 300 sec total | 5 sec grace\n|\n|t:|1783573025\n|switch|p2a: Infernape|Infernape, L82, M|166/259\n|turn|7\n|inactive|Time left: 300 sec this turn | 300 sec total\n|\n|t:|1783573026\n|switch|p1a: Chandelure|Chandelure, L83, F|9/100\n|move|p2a: Infernape|Close Combat|p1a: Chandelure\n|-immune|p1a: Chandelure\n|\n|upkeep\n|turn|8\n|inactive|Time left: 300 sec this turn | 300 sec total\n|\n|t:|1783573027\n|switch|p2a: Empoleon|Empoleon, L84, F|278/278\n|move|p1a: Chandelure|Shadow Ball|p2a: Empoleon\n|-damage|p2a: Empoleon|182/278\n|\n|-heal|p2a: Empoleon|199/278|[from] item: Leftovers\n|upkeep\n|turn|9\n|inactive|Time left: 300 sec this turn | 300 sec total\n|\n|t:|1783573028\n|move|p1a: Chandelure|Fire Blast|p2a: Empoleon|[miss]\n|-miss|p1a: Chandelure|p2a: Empoleon\n|move|p2a: Empoleon|Surf|p1a: Chandelure\n|-supereffective|p1a: Chandelure\n|-damage|p1a: Chandelure|0 fnt\n|faint|p1a: Chandelure\n|\n|-heal|p2a: Empoleon|216/278|[from] item: Leftovers\n|upkeep\n|\n|t:|1783573029\n|switch|p1a: Toxicroak|Toxicroak, L84, F|100/100\n|turn|10\n|inactive|Time left: 300 sec this turn | 300 sec total\n|\n|t:|1783573030\n|switch|p2a: Vivillon|Vivillon-Savanna, L83, M|268/268\n|move|p1a: Toxicroak|Close Combat|p2a: Vivillon\n|-resisted|p2a: Vivillon\n|-damage|p2a: Vivillon|202/268\n|-unboost|p1a: Toxicroak|def|1\n|-unboost|p1a: Toxicroak|spd|1\n|-damage|p1a: Toxicroak|91/100|[from] item: Life Orb\n|\n|upkeep\n|turn|11\n|inactive|Time left: 300 sec this turn | 300 sec total\n|\n|t:|1783573031\n|switch|p1a: Salamence|Salamence, L77, F|100/100\n|move|p2a: Vivillon|Hurricane|p1a: Salamence\n|-damage|p1a: Salamence|55/100\n|\n|upkeep\n|turn|12\n|inactive|Time left: 300 sec this turn | 300 sec total\n|\n|t:|1783573032\n|switch|p2a: Empoleon|Empoleon, L84, F|216/278\n|move|p1a: Salamence|Outrage|p2a: Empoleon\n|-resisted|p2a: Empoleon\n|-damage|p2a: Empoleon|147/278\n|\n|-heal|p2a: Empoleon|164/278|[from] item: Leftovers\n|upkeep\n|turn|13\n|inactive|Time left: 300 sec this turn | 300 sec total\n|\n|t:|1783573033\n|move|p1a: Salamence|Outrage|p2a: Empoleon|[from] lockedmove\n|-resisted|p2a: Empoleon\n|-damage|p2a: Empoleon|99/278\n|move|p2a: Empoleon|Roost|p2a: Empoleon\n|-heal|p2a: Empoleon|238/278\n|-singleturn|p2a: Empoleon|move: Roost\n|\n|-heal|p2a: Empoleon|255/278|[from] item: Leftovers\n|upkeep\n|turn|14\n|inactive|Time left: 300 sec this turn | 300 sec total\n|\n|t:|1783573034\n|move|p1a: Salamence|Outrage|p2a: Empoleon|[from] lockedmove\n|-resisted|p2a: Empoleon\n|-damage|p2a: Empoleon|180/278\n|-start|p1a: Salamence|confusion|[fatigue]\n|move|p2a: Empoleon|Surf|p1a: Salamence\n|-resisted|p1a: Salamence\n|-damage|p1a: Salamence|33/100\n|\n|-heal|p2a: Empoleon|197/278|[from] item: Leftovers\n|upkeep\n|turn|15\n|inactive|Time left: 300 sec this turn | 300 sec total\n|\n|t:|1783573035\n|switch|p1a: Toxicroak|Toxicroak, L84, F|91/100\n|move|p2a: Empoleon|Roost|p2a: Empoleon\n|-heal|p2a: Empoleon|278/278\n|-singleturn|p2a: Empoleon|move: Roost\n|\n|upkeep\n|turn|16\n|inactive|Time left: 300 sec this turn | 300 sec total\n|\n|t:|1783573036\n|switch|p2a: Vivillon|Vivillon-Savanna, L83, M|202/268\n|move|p1a: Toxicroak|Gunk Shot|p2a: Vivillon\n|-crit|p2a: Vivillon\n|-damage|p2a: Vivillon|0 fnt\n|faint|p2a: Vivillon\n|-damage|p1a: Toxicroak|81/100|[from] item: Life Orb\n|\n|upkeep\n|inactive|Time left: 300 sec this turn | 300 sec total | 5 sec grace\n|\n|t:|1783573037\n|switch|p2a: Infernape|Infernape, L82, M|166/259\n|turn|17\n|inactive|Time left: 300 sec this turn | 300 sec total\n|\n|t:|1783573038\n|switch|p1a: Tauros|Tauros-Paldea-Combat, L82, M, tera:Steel|59/100\n|-ability|p1a: Tauros|Intimidate|boost\n|-unboost|p2a: Infernape|atk|1\n|move|p2a: Infernape|Flare Blitz|p1a: Tauros\n|-supereffective|p1a: Tauros\n|-damage|p1a: Tauros|0 fnt\n|faint|p1a: Tauros\n|-damage|p2a: Infernape|116/259|[from] Recoil\n|\n|upkeep\n|\n|t:|1783573039\n|switch|p1a: Salamence|Salamence, L77, F|33/100\n|turn|18\n|inactive|Time left: 300 sec this turn | 300 sec total\n|\n|t:|1783573040\n|switch|p2a: Exeggutor|Exeggutor, L89, F|314/314\n|move|p1a: Salamence|Earthquake|p2a: Exeggutor\n|-resisted|p2a: Exeggutor\n|-damage|p2a: Exeggutor|280/314\n|\n|upkeep\n|turn|19\n|inactive|Time left: 300 sec this turn | 300 sec total\n|\n|t:|1783573041\n|move|p1a: Salamence|Dual Wingbeat|p2a: Exeggutor\n|-supereffective|p2a: Exeggutor\n|-damage|p2a: Exeggutor|190/314\n|-supereffective|p2a: Exeggutor\n|-damage|p2a: Exeggutor|100/314\n|-enditem|p2a: Exeggutor|Sitrus Berry|[eat]\n|-heal|p2a: Exeggutor|178/314|[from] item: Sitrus Berry\n|-hitcount|p2a: Exeggutor|2\n|move|p2a: Exeggutor|Psyshock|p1a: Salamence\n|-damage|p1a: Salamence|0 fnt\n|faint|p1a: Salamence\n|\n|upkeep\n|\n|t:|1783573042\n|switch|p1a: Misdreavus|Misdreavus, L90, M|100/100\n|turn|20\n|inactive|Time left: 300 sec this turn | 300 sec total\n|\n|t:|1783573042\n|-terastallize|p2a: Exeggutor|Steel\n|move|p1a: Misdreavus|Shadow Ball|p2a: Exeggutor\n|-damage|p2a: Exeggutor|78/314\n|move|p2a: Exeggutor|Calm Mind|p2a: Exeggutor\n|-boost|p2a: Exeggutor|spa|1\n|-boost|p2a: Exeggutor|spd|1\n|\n|-item|p2a: Exeggutor|Sitrus Berry|[from] ability: Harvest\n|upkeep\n|-enditem|p2a: Exeggutor|Sitrus Berry|[eat]\n|-heal|p2a: Exeggutor|156/314|[from] item: Sitrus Berry\n|turn|21\n|inactive|Time left: 300 sec this turn | 300 sec total\n|\n|t:|1783573043\n|move|p1a: Misdreavus|Shadow Ball|p2a: Exeggutor\n|-damage|p2a: Exeggutor|96/314\n|move|p2a: Exeggutor|Psyshock|p1a: Misdreavus\n|-damage|p1a: Misdreavus|42/100\n|\n|upkeep\n|turn|22\n|inactive|Time left: 300 sec this turn | 300 sec total\n|\n|t:|1783573045\n|move|p1a: Misdreavus|Shadow Ball|p2a: Exeggutor\n|-damage|p2a: Exeggutor|36/314\n|-unboost|p2a: Exeggutor|spd|1\n|move|p2a: Exeggutor|Giga Drain|p1a: Misdreavus\n|-damage|p1a: Misdreavus|0 fnt\n|-heal|p2a: Exeggutor|89/314|[from] drain|[of] p1a: Misdreavus\n|faint|p1a: Misdreavus\n|\n|-item|p2a: Exeggutor|Sitrus Berry|[from] ability: Harvest\n|upkeep\n|-enditem|p2a: Exeggutor|Sitrus Berry|[eat]\n|-heal|p2a: Exeggutor|167/314|[from] item: Sitrus Berry\n|\n|t:|1783573045\n|switch|p1a: Illumise|Illumise, L91, F|100/100\n|turn|23\n|inactive|Time left: 300 sec this turn | 300 sec total\n|\n|t:|1783573046\n|move|p1a: Illumise|Thunder Wave|p2a: Exeggutor\n|-status|p2a: Exeggutor|par\n|move|p2a: Exeggutor|Psyshock|p1a: Illumise\n|-damage|p1a: Illumise|31/100\n|\n|upkeep\n|turn|24\n|inactive|Time left: 300 sec this turn | 300 sec total\n|\n|t:|1783573047\n|move|p1a: Illumise|Roost|p1a: Illumise\n|-heal|p1a: Illumise|81/100\n|-singleturn|p1a: Illumise|move: Roost\n|move|p2a: Exeggutor|Psyshock|p1a: Illumise\n|-damage|p1a: Illumise|14/100\n|\n|upkeep\n|turn|25\n|inactive|Time left: 300 sec this turn | 300 sec total\n|\n|t:|1783573048\n|move|p1a: Illumise|Roost|p1a: Illumise\n|-heal|p1a: Illumise|64/100\n|-singleturn|p1a: Illumise|move: Roost\n|move|p2a: Exeggutor|Psyshock|p1a: Illumise\n|-damage|p1a: Illumise|0 fnt\n|faint|p1a: Illumise\n|\n|upkeep\n|\n|t:|1783573049\n|switch|p1a: Toxicroak|Toxicroak, L84, F|81/100\n|turn|26\n|inactive|Time left: 300 sec this turn | 300 sec total\n|\n|t:|1783573050\n|move|p1a: Toxicroak|Swords Dance|p1a: Toxicroak\n|-boost|p1a: Toxicroak|atk|2\n|move|p2a: Exeggutor|Psyshock|p1a: Toxicroak\n|-supereffective|p1a: Toxicroak\n|-damage|p1a: Toxicroak|0 fnt\n|faint|p1a: Toxicroak\n|\n|win|p0y29527efe", "uploadtime": 1783573050, "views": 0, "rating": 0, "private": 0, "password": null, "_winner": "p0y29527efe", "_our_name": "p0y29527efe"}