{"id": "battle-gen9randombattle-1218", "formatid": "gen9randombattle", "format": "[Gen 9] Random Battle", "players": ["p0x1218b148", "p0y12180d54"], "log": "|init|battle\n|title|p0x1218b148 vs. p0y12180d54\n|j|\u2606p0x1218b148\n|j|\u2606p0y12180d54\n|t:|1783554106\n|gametype|singles\n|player|p1|p0x1218b148|1|\n|player|p2|p0y12180d54|169|\n|gen|9\n|tier|[Gen 9] Random Battle\n|rule|Species Clause: Limit one of each Pok\u00e9mon\n|rule|HP Percentage Mod: HP is shown in percentages\n|rule|Sleep Clause Mod: Limit one foe put to sleep\n|rule|Illusion Level Mod: Illusion disguises the Pok\u00e9mon's true level\n|\n|t:|1783554106\n|teamsize|p1|6\n|teamsize|p2|6\n|start\n|switch|p1a: Chien-Pao|Chien-Pao, L72|234/234\n|switch|p2a: Qwilfish|Qwilfish, L86, M|100/100\n|-ability|p1a: Chien-Pao|Sword of Ruin\n|-ability|p2a: Qwilfish|Intimidate|boost\n|-unboost|p1a: Chien-Pao|atk|1\n|turn|1\n|inactive|Battle timer is ON: inactive players will automatically lose when time's up. (requested by p0y12180d54)\n|inactive|Time left: 300 sec this turn | 300 sec total | 60 sec grace\n|inactive|p0x1218b148 also wants the timer to be on.\n|\n|t:|1783554108\n|move|p1a: Chien-Pao|Icicle Crash|p2a: Qwilfish\n|-resisted|p2a: Qwilfish\n|-damage|p2a: Qwilfish|80/100\n|move|p2a: Qwilfish|Gunk Shot|p1a: Chien-Pao\n|-damage|p1a: Chien-Pao|83/234\n|\n|-heal|p2a: Qwilfish|86/100|[from] item: Leftovers\n|upkeep\n|turn|2\n|inactive|Time left: 300 sec this turn | 300 sec total\n|\n|t:|1783554109\n|move|p1a: Chien-Pao|Icicle Crash|p2a: Qwilfish\n|-resisted|p2a: Qwilfish\n|-damage|p2a: Qwilfish|67/100\n|cant|p2a: Qwilfish|flinch\n|\n|-heal|p2a: Qwilfish|73/100|[from] item: Leftovers\n|upkeep\n|turn|3\n|inactive|Time left: 300 sec this turn | 300 sec total\n|\n|t:|1783554110\n|move|p1a: Chien-Pao|Icicle Crash|p2a: Qwilfish\n|-resisted|p2a: Qwilfish\n|-damage|p2a: Qwilfish|50/100\n|move|p2a: Qwilfish|Gunk Shot|p1a: Chien-Pao\n|-damage|p1a: Chien-Pao|0 fnt\n|faint|p1a: Chien-Pao\n|\n|-heal|p2a: Qwilfish|56/100|[from] item: Leftovers\n|upkeep\n|inactive|Time left: 300 sec this turn | 300 sec total | 5 sec grace\n|\n|t:|1783554111\n|switch|p1a: Hitmonchan|Hitmonchan, L87, M|229/229\n|turn|4\n|inactive|Time left: 300 sec this turn | 300 sec total\n|\n|t:|1783554112\n|move|p2a: Qwilfish|Gunk Shot|p1a: Hitmonchan\n|-damage|p1a: Hitmonchan|100/229\n|-status|p1a: Hitmonchan|psn\n|move|p1a: Hitmonchan|Bulk Up|p1a: Hitmonchan\n|-boost|p1a: Hitmonchan|atk|1\n|-boost|p1a: Hitmonchan|def|1\n|\n|-heal|p2a: Qwilfish|62/100|[from] item: Leftovers\n|-heal|p1a: Hitmonchan|114/229 psn|[from] item: Leftovers\n|-damage|p1a: Hitmonchan|86/229 psn|[from] psn\n|upkeep\n|turn|5\n|inactive|Time left: 300 sec this turn | 300 sec total\n|\n|t:|1783554113\n|move|p2a: Qwilfish|Waterfall|p1a: Hitmonchan\n|-damage|p1a: Hitmonchan|28/229 psn\n|move|p1a: Hitmonchan|Drain Punch|p2a: Qwilfish\n|-resisted|p2a: Qwilfish\n|-damage|p2a: Qwilfish|27/100\n|-heal|p1a: Hitmonchan|72/229 psn|[from] drain|[of] p2a: Qwilfish\n|\n|-heal|p2a: Qwilfish|33/100|[from] item: Leftovers\n|-heal|p1a: Hitmonchan|86/229 psn|[from] item: Leftovers\n|-damage|p1a: Hitmonchan|58/229 psn|[from] psn\n|upkeep\n|turn|6\n|inactive|Time left: 300 sec this turn | 300 sec total\n|\n|t:|1783554115\n|move|p2a: Qwilfish|Waterfall|p1a: Hitmonchan\n|-damage|p1a: Hitmonchan|0 fnt\n|faint|p1a: Hitmonchan\n|\n|-heal|p2a: Qwilfish|39/100|[from] item: Leftovers\n|upkeep\n|inactive|Time left: 300 sec this turn | 300 sec total | 5 sec grace\n|\n|t:|1783554116\n|switch|p1a: Swanna|Swanna, L89, M|278/278\n|turn|7\n|inactive|Time left: 300 sec this turn | 300 sec total\n|\n|t:|1783554117\n|switch|p2a: Wyrdeer|Wyrdeer, L87, M|100/100\n|-ability|p2a: Wyrdeer|Intimidate|boost\n|-unboost|p1a: Swanna|atk|1\n|move|p1a: Swanna|Brave Bird|p2a: Wyrdeer\n|-damage|p2a: Wyrdeer|69/100\n|-damage|p1a: Swanna|244/278|[from] Recoil\n|\n|-heal|p2a: Wyrdeer|75/100|[from] item: Leftovers\n|upkeep\n|turn|8\n|inactive|Time left: 300 sec this turn | 300 sec total\n|\n|t:|1783554118\n|switch|p1a: Scream Tail|Scream Tail, L84|330/330\n|move|p2a: Wyrdeer|Body Slam|p1a: Scream Tail\n|-damage|p1a: Scream Tail|240/330\n|\n|-heal|p1a: Scream Tail|260/330|[from] item: Leftovers\n|-heal|p2a: Wyrdeer|81/100|[from] item: Leftovers\n|upkeep\n|turn|9\n|inactive|Time left: 300 sec this turn | 300 sec total\n|\n|t:|1783554119\n|move|p1a: Scream Tail|Dazzling Gleam|p2a: Wyrdeer\n|-damage|p2a: Wyrdeer|62/100\n|move|p2a: Wyrdeer|Body Slam|p1a: Scream Tail\n|-damage|p1a: Scream Tail|160/330\n|\n|-heal|p1a: Scream Tail|180/330|[from] item: Leftovers\n|-heal|p2a: Wyrdeer|68/100|[from] item: Leftovers\n|upkeep\n|turn|10\n|inactive|Time left: 300 sec this turn | 300 sec total\n|\n|t:|1783554120\n|move|p1a: Scream Tail|Wish|p1a: Scream Tail\n|move|p2a: Wyrdeer|Body Slam|p1a: Scream Tail\n|-damage|p1a: Scream Tail|81/330\n|-status|p1a: Scream Tail|par\n|\n|-heal|p2a: Wyrdeer|74/100|[from] item: Leftovers\n|-heal|p1a: Scream Tail|101/330 par|[from] item: Leftovers\n|upkeep\n|turn|11\n|inactive|Time left: 300 sec this turn | 300 sec total\n|\n|t:|1783554121\n|move|p2a: Wyrdeer|Body Slam|p1a: Scream Tail\n|-damage|p1a: Scream Tail|16/330 par\n|move|p1a: Scream Tail|Thunder Wave|p2a: Wyrdeer\n|-status|p2a: Wyrdeer|par\n|\n|-heal|p1a: Scream Tail|181/330 par|[from] move: Wish|[wisher] Scream Tail\n|-heal|p1a: Scream Tail|201/330 par|[from] item: Leftovers\n|-heal|p2a: Wyrdeer|80/100 par|[from] item: Leftovers\n|upkeep\n|turn|12\n|inactive|Time left: 300 sec this turn | 300 sec total\n|\n|t:|1783554122\n|move|p1a: Scream Tail|Wish|p1a: Scream Tail\n|move|p2a: Wyrdeer|Body Slam|p1a: Scream Tail\n|-damage|p1a: Scream Tail|107/330 par\n|\n|-heal|p1a: Scream Tail|127/330 par|[from] item: Leftovers\n|-heal|p2a: Wyrdeer|86/100 par|[from] item: Leftovers\n|upkeep\n|turn|13\n|inactive|Time left: 300 sec this turn | 300 sec total\n|\n|t:|1783554123\n|move|p1a: Scream Tail|Dazzling Gleam|p2a: Wyrdeer\n|-damage|p2a: Wyrdeer|67/100 par\n|cant|p2a: Wyrdeer|par\n|\n|-heal|p1a: Scream Tail|292/330 par|[from] move: Wish|[wisher] Scream Tail\n|-heal|p1a: Scream Tail|312/330 par|[from] item: Leftovers\n|-heal|p2a: Wyrdeer|73/100 par|[from] item: Leftovers\n|upkeep\n|turn|14\n|inactive|Time left: 300 sec this turn | 300 sec total\n|\n|t:|1783554124\n|switch|p2a: Overqwil|Overqwil, L82, M|100/100\n|-ability|p2a: Overqwil|Intimidate|boost\n|-unboost|p1a: Scream Tail|atk|1\n|move|p1a: Scream Tail|Dazzling Gleam|p2a: Overqwil\n|-damage|p2a: Overqwil|73/100\n|\n|-heal|p1a: Scream Tail|330/330 par|[from] item: Leftovers\n|upkeep\n|turn|15\n|inactive|Time left: 300 sec this turn | 300 sec total\n|\n|t:|1783554126\n|move|p2a: Overqwil|Swords Dance|p2a: Overqwil\n|-boost|p2a: Overqwil|atk|2\n|cant|p1a: Scream Tail|par\n|\n|upkeep\n|turn|16\n|inactive|Time left: 300 sec this turn | 300 sec total\n|\n|t:|1783554127\n|move|p1a: Scream Tail|Protect|p1a: Scream Tail\n|-singleturn|p1a: Scream Tail|Protect\n|move|p2a: Overqwil|Gunk Shot|p1a: Scream Tail\n|-activate|p1a: Scream Tail|move: Protect\n|\n|upkeep\n|turn|17\n|inactive|Time left: 300 sec this turn | 300 sec total\n|\n|t:|1783554127\n|cant|p1a: Scream Tail|par\n|move|p2a: Overqwil|Gunk Shot|p1a: Scream Tail\n|-supereffective|p1a: Scream Tail\n|-damage|p1a: Scream Tail|0 fnt\n|faint|p1a: Scream Tail\n|-end|p1a: Scream Tail|Protosynthesis|[silent]\n|-damage|p2a: Overqwil|63/100|[from] item: Life Orb\n|\n|upkeep\n|inactive|Time left: 300 sec this turn | 300 sec total | 5 sec grace\n|\n|t:|1783554128\n|switch|p1a: Swanna|Swanna, L89, M|244/278\n|turn|18\n|inactive|Time left: 300 sec this turn | 300 sec total\n|\n|t:|1783554129\n|move|p1a: Swanna|Brave Bird|p2a: Overqwil\n|-damage|p2a: Overqwil|19/100\n|-damage|p1a: Swanna|204/278|[from] Recoil\n|move|p2a: Overqwil|Crunch|p1a: Swanna\n|-damage|p1a: Swanna|0 fnt\n|faint|p1a: Swanna\n|-damage|p2a: Overqwil|9/100|[from] item: Life Orb\n|\n|upkeep\n|inactive|Time left: 300 sec this turn | 300 sec total | 5 sec grace\n|\n|t:|1783554130\n|switch|p1a: Volcarona|Volcarona, L77, M|257/257\n|turn|19\n|inactive|Time left: 300 sec this turn | 300 sec total\n|\n|t:|1783554131\n|move|p1a: Volcarona|Fiery Dance|p2a: Overqwil\n|-damage|p2a: Overqwil|0 fnt\n|faint|p2a: Overqwil\n|\n|upkeep\n|\n|t:|1783554132\n|switch|p2a: Qwilfish|Qwilfish, L86, M|39/100\n|-ability|p2a: Qwilfish|Intimidate|boost\n|-unboost|p1a: Volcarona|atk|1\n|turn|20\n|inactive|Time left: 300 sec this turn | 300 sec total\n|\n|t:|1783554133\n|move|p1a: Volcarona|Quiver Dance|p1a: Volcarona\n|-boost|p1a: Volcarona|spa|1\n|-boost|p1a: Volcarona|spd|1\n|-boost|p1a: Volcarona|spe|1\n|move|p2a: Qwilfish|Waterfall|p1a: Volcarona\n|-supereffective|p1a: Volcarona\n|-damage|p1a: Volcarona|21/257\n|\n|-heal|p2a: Qwilfish|45/100|[from] item: Leftovers\n|upkeep\n|turn|21\n|inactive|Time left: 300 sec this turn | 300 sec total\n|\n|t:|1783554134\n|switch|p2a: Stantler|Stantler, L92, M|100/100\n|-ability|p2a: Stantler|Intimidate|boost\n|-unboost|p1a: Volcarona|atk|1\n|move|p1a: Volcarona|Giga Drain|p2a: Stantler\n|-damage|p2a: Stantler|77/100\n|-heal|p1a: Volcarona|55/257|[from] drain|[of] p2a: Stantler\n|\n|upkeep\n|turn|22\n|inactive|Time left: 300 sec this turn | 300 sec total\n|\n|t:|1783554135\n|-terastallize|p2a: Stantler|Fairy\n|move|p1a: Volcarona|Quiver Dance|p1a: Volcarona\n|-boost|p1a: Volcarona|spa|1\n|-boost|p1a: Volcarona|spd|1\n|-boost|p1a: Volcarona|spe|1\n|move|p2a: Stantler|Tera Blast|p1a: Volcarona|[anim] Tera Blast Fairy\n|-resisted|p1a: Volcarona\n|-damage|p1a: Volcarona|0 fnt\n|faint|p1a: Volcarona\n|\n|upkeep\n|inactive|Time left: 300 sec this turn | 300 sec total | 5 sec grace\n|\n|t:|1783554136\n|switch|p1a: Breloom|Breloom, L83, M|235/235\n|turn|23\n|inactive|Time left: 300 sec this turn | 300 sec total\n|\n|t:|1783554137\n|-terastallize|p1a: Breloom|Fighting\n|move|p2a: Stantler|Tera Blast|p1a: Breloom|[anim] Tera Blast Fairy\n|-supereffective|p1a: Breloom\n|-damage|p1a: Breloom|31/235\n|move|p1a: Breloom|Bullet Seed|p2a: Stantler\n|-damage|p2a: Stantler|57/100\n|-damage|p2a: Stantler|39/100\n|-damage|p2a: Stantler|21/100\n|-hitcount|p2a: Stantler|3\n|-damage|p1a: Breloom|8/235|[from] item: Life Orb\n|\n|upkeep\n|turn|24\n|inactive|Time left: 300 sec this turn | 300 sec total\n|\n|t:|1783554138\n|move|p2a: Stantler|Shadow Ball|p1a: Breloom\n|-damage|p1a: Breloom|0 fnt\n|faint|p1a: Breloom\n|\n|win|p0y12180d54", "uploadtime": 1783554138, "views": 0, "rating": 0, "private": 0, "password": null, "_winner": "p0y12180d54", "_our_name": "p0x1218b148"}