{"id": "battle-gen9randombattle-310", "formatid": "gen9randombattle", "format": "[Gen 9] Random Battle", "players": ["p0x3108431", "p0y31053ef"], "log": "|init|battle\n|title|p0x3108431 vs. p0y31053ef\n|j|\u2606p0x3108431\n|j|\u2606p0y31053ef\n|t:|1783542655\n|gametype|singles\n|player|p1|p0x3108431|169|\n|player|p2|p0y31053ef|265|\n|gen|9\n|tier|[Gen 9] Random Battle\n|rule|Species Clause: Limit one of each Pok\u00e9mon\n|rule|HP Percentage Mod: HP is shown in percentages\n|rule|Sleep Clause Mod: Limit one foe put to sleep\n|rule|Illusion Level Mod: Illusion disguises the Pok\u00e9mon's true level\n|\n|t:|1783542655\n|teamsize|p1|6\n|teamsize|p2|6\n|start\n|switch|p1a: Armarouge|Armarouge, L80, M|267/267\n|switch|p2a: Scizor|Scizor, L79, M|100/100\n|turn|1\n|inactive|Battle timer is ON: inactive players will automatically lose when time's up. (requested by p0x3108431)\n|inactive|p0y31053ef also wants the timer to be on.\n|\n|t:|1783542657\n|switch|p2a: Oinkologne|Oinkologne, L92, M|100/100\n|move|p1a: Armarouge|Armor Cannon|p2a: Oinkologne\n|-damage|p2a: Oinkologne|81/100\n|-unboost|p1a: Armarouge|def|1\n|-unboost|p1a: Armarouge|spd|1\n|\n|-heal|p2a: Oinkologne|87/100|[from] item: Leftovers\n|upkeep\n|turn|2\n|inactive|Time left: 300 sec this turn | 300 sec total\n|\n|t:|1783542658\n|switch|p1a: Quaquaval|Quaquaval, L79, M|264/264\n|move|p2a: Oinkologne|Double-Edge|p1a: Quaquaval\n|-damage|p1a: Quaquaval|84/264\n|-damage|p2a: Oinkologne|70/100|[from] Recoil\n|\n|-heal|p1a: Quaquaval|100/264|[from] item: Leftovers\n|-heal|p2a: Oinkologne|77/100|[from] item: Leftovers\n|upkeep\n|turn|3\n|inactive|Time left: 300 sec this turn | 300 sec total\n|\n|t:|1783542660\n|switch|p2a: Chesnaught|Chesnaught, L84, M|100/100\n|move|p1a: Quaquaval|Close Combat|p2a: Chesnaught\n|-damage|p2a: Chesnaught|62/100\n|-unboost|p1a: Quaquaval|def|1\n|-unboost|p1a: Quaquaval|spd|1\n|\n|-heal|p1a: Quaquaval|116/264|[from] item: Leftovers\n|-heal|p2a: Chesnaught|68/100|[from] item: Leftovers\n|upkeep\n|turn|4\n|inactive|Time left: 300 sec this turn | 300 sec total\n|\n|t:|1783542661\n|switch|p1a: Armarouge|Armarouge, L80, M|267/267\n|move|p2a: Chesnaught|Body Press|p1a: Armarouge\n|-resisted|p1a: Armarouge\n|-damage|p1a: Armarouge|215/267\n|-ability|p1a: Armarouge|Weak Armor|boost\n|-unboost|p1a: Armarouge|def|1\n|-boost|p1a: Armarouge|spe|2\n|\n|-heal|p2a: Chesnaught|74/100|[from] item: Leftovers\n|upkeep\n|turn|5\n|inactive|Time left: 300 sec this turn | 300 sec total\n|\n|t:|1783542662\n|switch|p2a: Oinkologne|Oinkologne, L92, M|77/100\n|move|p1a: Armarouge|Armor Cannon|p2a: Oinkologne\n|-crit|p2a: Oinkologne\n|-damage|p2a: Oinkologne|43/100\n|-unboost|p1a: Armarouge|def|1\n|-unboost|p1a: Armarouge|spd|1\n|\n|-heal|p2a: Oinkologne|50/100|[from] item: Leftovers\n|upkeep\n|turn|6\n|inactive|Time left: 300 sec this turn | 300 sec total\n|\n|t:|1783542663\n|switch|p1a: Bombirdier|Bombirdier, L85, F|258/258\n|move|p2a: Oinkologne|High Horsepower|p1a: Bombirdier\n|-immune|p1a: Bombirdier\n|\n|-heal|p2a: Oinkologne|56/100|[from] item: Leftovers\n|upkeep\n|turn|7\n|inactive|Time left: 300 sec this turn | 300 sec total\n|\n|t:|1783542664\n|move|p1a: Bombirdier|Knock Off|p2a: Oinkologne\n|-damage|p2a: Oinkologne|21/100\n|-enditem|p2a: Oinkologne|Leftovers|[from] move: Knock Off|[of] p1a: Bombirdier\n|move|p2a: Oinkologne|Double-Edge|p1a: Bombirdier\n|-damage|p1a: Bombirdier|98/258\n|-damage|p2a: Oinkologne|6/100|[from] Recoil\n|\n|upkeep\n|turn|8\n|inactive|Time left: 300 sec this turn | 300 sec total\n|\n|t:|1783542666\n|move|p1a: Bombirdier|Roost|p1a: Bombirdier\n|-heal|p1a: Bombirdier|227/258\n|-singleturn|p1a: Bombirdier|move: Roost\n|move|p2a: Oinkologne|Double-Edge|p1a: Bombirdier\n|-damage|p1a: Bombirdier|80/258\n|-damage|p2a: Oinkologne|0 fnt|[from] Recoil\n|faint|p2a: Oinkologne\n|\n|upkeep\n|\n|t:|1783542667\n|switch|p2a: Chien-Pao|Chien-Pao, L72|100/100\n|-ability|p2a: Chien-Pao|Sword of Ruin\n|turn|9\n|inactive|Time left: 300 sec this turn | 300 sec total\n|\n|t:|1783542667\n|switch|p1a: Armarouge|Armarouge, L80, M|215/267\n|move|p2a: Chien-Pao|Sacred Sword|p1a: Armarouge\n|-resisted|p1a: Armarouge\n|-crit|p1a: Armarouge\n|-damage|p1a: Armarouge|139/267\n|-ability|p1a: Armarouge|Weak Armor|boost\n|-unboost|p1a: Armarouge|def|1\n|-boost|p1a: Armarouge|spe|2\n|\n|upkeep\n|turn|10\n|inactive|Time left: 300 sec this turn | 300 sec total\n|\n|t:|1783542668\n|switch|p2a: Skuntank|Skuntank, L84, F|100/100\n|move|p1a: Armarouge|Armor Cannon|p2a: Skuntank\n|-damage|p2a: Skuntank|60/100\n|-unboost|p1a: Armarouge|def|1\n|-unboost|p1a: Armarouge|spd|1\n|\n|upkeep\n|turn|11\n|inactive|Time left: 300 sec this turn | 300 sec total\n|\n|t:|1783542669\n|move|p1a: Armarouge|Armor Cannon|p2a: Skuntank\n|-damage|p2a: Skuntank|17/100\n|-unboost|p1a: Armarouge|def|1\n|-unboost|p1a: Armarouge|spd|1\n|move|p2a: Skuntank|Knock Off|p1a: Armarouge\n|-supereffective|p1a: Armarouge\n|-damage|p1a: Armarouge|0 fnt\n|-enditem|p1a: Armarouge|Power Herb|[from] move: Knock Off|[of] p2a: Skuntank\n|faint|p1a: Armarouge\n|\n|upkeep\n|inactive|Time left: 300 sec this turn | 300 sec total | 5 sec grace\n|\n|t:|1783542671\n|switch|p1a: Lucario|Lucario, L84, M|255/255\n|turn|12\n|inactive|Time left: 300 sec this turn | 300 sec total\n|\n|t:|1783542672\n|switch|p2a: Chesnaught|Chesnaught, L84, M|74/100\n|move|p1a: Lucario|Flash Cannon|p2a: Chesnaught\n|-damage|p2a: Chesnaught|20/100\n|-damage|p1a: Lucario|230/255|[from] item: Life Orb\n|\n|-heal|p2a: Chesnaught|26/100|[from] item: Leftovers\n|upkeep\n|turn|13\n|inactive|Time left: 300 sec this turn | 300 sec total\n|\n|t:|1783542673\n|switch|p2a: Hitmontop|Hitmontop, L88, M|100/100\n|-ability|p2a: Hitmontop|Intimidate|boost\n|-fail|p1a: Lucario|unboost|Attack|[from] ability: Inner Focus|[of] p1a: Lucario\n|move|p1a: Lucario|Flash Cannon|p2a: Hitmontop\n|-damage|p2a: Hitmontop|74/100\n|-damage|p1a: Lucario|205/255|[from] item: Life Orb\n|\n|upkeep\n|turn|14\n|inactive|Time left: 300 sec this turn | 300 sec total\n|\n|t:|1783542674\n|switch|p1a: Corviknight|Corviknight, L80, M|288/288\n|-ability|p1a: Corviknight|Pressure\n|move|p2a: Hitmontop|Close Combat|p1a: Corviknight\n|-damage|p1a: Corviknight|162/288\n|-unboost|p2a: Hitmontop|def|1\n|-unboost|p2a: Hitmontop|spd|1\n|\n|-heal|p1a: Corviknight|180/288|[from] item: Leftovers\n|upkeep\n|turn|15\n|inactive|Time left: 300 sec this turn | 300 sec total\n|\n|t:|1783542675\n|move|p2a: Hitmontop|Close Combat|p1a: Corviknight\n|-damage|p1a: Corviknight|48/288\n|-unboost|p2a: Hitmontop|def|1\n|-unboost|p2a: Hitmontop|spd|1\n|move|p1a: Corviknight|Roost|p1a: Corviknight\n|-heal|p1a: Corviknight|192/288\n|-singleturn|p1a: Corviknight|move: Roost\n|\n|-heal|p1a: Corviknight|210/288|[from] item: Leftovers\n|upkeep\n|turn|16\n|inactive|Time left: 300 sec this turn | 300 sec total\n|\n|t:|1783542676\n|switch|p2a: Skuntank|Skuntank, L84, F|17/100\n|move|p1a: Corviknight|Brave Bird|p2a: Skuntank\n|-damage|p2a: Skuntank|0 fnt\n|-damage|p1a: Corviknight|138/288|[from] ability: Aftermath|[of] p2a: Skuntank\n|faint|p2a: Skuntank\n|-damage|p1a: Corviknight|121/288|[from] Recoil\n|\n|-heal|p1a: Corviknight|139/288|[from] item: Leftovers\n|upkeep\n|\n|t:|1783542677\n|switch|p2a: Chien-Pao|Chien-Pao, L72|100/100\n|-ability|p2a: Chien-Pao|Sword of Ruin\n|turn|17\n|inactive|Time left: 300 sec this turn | 300 sec total\n|\n|t:|1783542678\n|move|p2a: Chien-Pao|Icicle Crash|p1a: Corviknight\n|-damage|p1a: Corviknight|0 fnt\n|faint|p1a: Corviknight\n|\n|upkeep\n|inactive|Time left: 300 sec this turn | 300 sec total | 5 sec grace\n|\n|t:|1783542679\n|switch|p1a: Lucario|Lucario, L84, M|205/255\n|turn|18\n|inactive|Time left: 300 sec this turn | 300 sec total\n|\n|t:|1783542680\n|switch|p2a: Hitmontop|Hitmontop, L88, M|74/100\n|-ability|p2a: Hitmontop|Intimidate|boost\n|-fail|p1a: Lucario|unboost|Attack|[from] ability: Inner Focus|[of] p1a: Lucario\n|move|p1a: Lucario|Flash Cannon|p2a: Hitmontop\n|-damage|p2a: Hitmontop|47/100\n|-damage|p1a: Lucario|180/255|[from] item: Life Orb\n|\n|upkeep\n|turn|19\n|inactive|Time left: 300 sec this turn | 300 sec total\n|\n|t:|1783542681\n|-terastallize|p1a: Lucario|Fighting\n|move|p1a: Lucario|Focus Blast|p2a: Hitmontop|[miss]\n|-miss|p1a: Lucario|p2a: Hitmontop\n|move|p2a: Hitmontop|Close Combat|p1a: Lucario\n|-damage|p1a: Lucario|18/255\n|-unboost|p2a: Hitmontop|def|1\n|-unboost|p2a: Hitmontop|spd|1\n|\n|upkeep\n|turn|20\n|inactive|Time left: 300 sec this turn | 300 sec total\n|\n|t:|1783542682\n|switch|p2a: Chesnaught|Chesnaught, L84, M|26/100\n|move|p1a: Lucario|Vacuum Wave|p2a: Chesnaught\n|-damage|p2a: Chesnaught|0 fnt\n|faint|p2a: Chesnaught\n|-damage|p1a: Lucario|0 fnt|[from] item: Life Orb\n|faint|p1a: Lucario\n|\n|upkeep\n|inactive|Time left: 300 sec this turn | 300 sec total | 5 sec grace\n|\n|t:|1783542683\n|switch|p1a: Piloswine|Piloswine, L85, M|309/309\n|switch|p2a: Chien-Pao|Chien-Pao, L72|100/100\n|-ability|p2a: Chien-Pao|Sword of Ruin\n|turn|21\n|inactive|Time left: 300 sec this turn | 300 sec total\n|\n|t:|1783542684\n|move|p2a: Chien-Pao|Sacred Sword|p1a: Piloswine\n|-supereffective|p1a: Piloswine\n|-damage|p1a: Piloswine|143/309\n|move|p1a: Piloswine|Earthquake|p2a: Chien-Pao\n|-damage|p2a: Chien-Pao|45/100\n|\n|upkeep\n|turn|22\n|inactive|Time left: 300 sec this turn | 300 sec total\n|\n|t:|1783542685\n|move|p2a: Chien-Pao|Sacred Sword|p1a: Piloswine\n|-supereffective|p1a: Piloswine\n|-damage|p1a: Piloswine|0 fnt\n|faint|p1a: Piloswine\n|\n|upkeep\n|inactive|Time left: 300 sec this turn | 300 sec total | 5 sec grace\n|\n|t:|1783542686\n|switch|p1a: Quaquaval|Quaquaval, L79, M|116/264\n|turn|23\n|inactive|Time left: 300 sec this turn | 300 sec total\n|\n|t:|1783542687\n|-terastallize|p2a: Chien-Pao|Fighting\n|move|p2a: Chien-Pao|Sacred Sword|p1a: Quaquaval\n|-damage|p1a: Quaquaval|0 fnt\n|faint|p1a: Quaquaval\n|\n|upkeep\n|inactive|Time left: 300 sec this turn | 300 sec total | 5 sec grace\n|\n|t:|1783542688\n|switch|p1a: Bombirdier|Bombirdier, L85, F|80/258\n|turn|24\n|inactive|Time left: 300 sec this turn | 300 sec total\n|\n|t:|1783542689\n|move|p2a: Chien-Pao|Sacred Sword|p1a: Bombirdier\n|-damage|p1a: Bombirdier|0 fnt\n|faint|p1a: Bombirdier\n|\n|win|p0y31053ef", "uploadtime": 1783542689, "views": 0, "rating": 0, "private": 0, "password": null, "_winner": "p0y31053ef", "_our_name": "p0x3108431"}