{"id": "battle-gen9randombattle-233", "formatid": "gen9randombattle", "format": "[Gen 9] Random Battle", "players": ["p0x233e9dc", "p0y2333b21"], "log": "|init|battle\n|title|p0x233e9dc vs. p0y2333b21\n|j|\u2606p0x233e9dc\n|j|\u2606p0y2333b21\n|t:|1783542272\n|gametype|singles\n|player|p1|p0x233e9dc|169|\n|player|p2|p0y2333b21|2|\n|gen|9\n|tier|[Gen 9] Random Battle\n|rule|Species Clause: Limit one of each Pok\u00e9mon\n|rule|HP Percentage Mod: HP is shown in percentages\n|rule|Sleep Clause Mod: Limit one foe put to sleep\n|rule|Illusion Level Mod: Illusion disguises the Pok\u00e9mon's true level\n|\n|t:|1783542272\n|teamsize|p1|6\n|teamsize|p2|6\n|start\n|switch|p1a: Gogoat|Gogoat, L88, F|100/100\n|switch|p2a: Iron Moth|Iron Moth, L78|253/253\n|turn|1\n|inactive|Battle timer is ON: inactive players will automatically lose when time's up. (requested by p0y2333b21)\n|\n|t:|1783542274\n|move|p2a: Iron Moth|Fire Blast|p1a: Gogoat\n|-supereffective|p1a: Gogoat\n|-damage|p1a: Gogoat|0 fnt\n|faint|p1a: Gogoat\n|\n|upkeep\n|inactive|p0x233e9dc also wants the timer to be on.\n|\n|t:|1783542275\n|switch|p1a: Munkidori|Munkidori, L79, M|100/100\n|turn|2\n|inactive|Time left: 300 sec this turn | 300 sec total\n|\n|t:|1783542276\n|move|p2a: Iron Moth|Fire Blast|p1a: Munkidori\n|-damage|p1a: Munkidori|17/100\n|move|p1a: Munkidori|Psyshock|p2a: Iron Moth\n|-supereffective|p2a: Iron Moth\n|-damage|p2a: Iron Moth|0 fnt\n|faint|p2a: Iron Moth\n|-end|p2a: Iron Moth|Quark Drive|[silent]\n|\n|upkeep\n|inactive|Time left: 300 sec this turn | 300 sec total | 5 sec grace\n|\n|t:|1783542277\n|switch|p2a: Sawsbuck|Sawsbuck-Autumn, L88, F|284/284\n|turn|3\n|inactive|Time left: 300 sec this turn | 300 sec total\n|\n|t:|1783542278\n|move|p2a: Sawsbuck|Swords Dance|p2a: Sawsbuck\n|-boost|p2a: Sawsbuck|atk|2\n|move|p1a: Munkidori|Psyshock|p2a: Sawsbuck\n|-damage|p2a: Sawsbuck|136/284\n|-status|p2a: Sawsbuck|tox|[from] ability: Toxic Chain|[of] p1a: Munkidori\n|\n|-damage|p2a: Sawsbuck|119/284 tox|[from] psn\n|upkeep\n|turn|4\n|inactive|Time left: 300 sec this turn | 300 sec total\n|\n|t:|1783542279\n|move|p2a: Sawsbuck|Horn Leech|p1a: Munkidori\n|-resisted|p1a: Munkidori\n|-damage|p1a: Munkidori|0 fnt\n|-heal|p2a: Sawsbuck|141/284 tox|[from] drain|[of] p1a: Munkidori\n|faint|p1a: Munkidori\n|-damage|p2a: Sawsbuck|113/284 tox|[from] item: Life Orb\n|\n|-damage|p2a: Sawsbuck|79/284 tox|[from] psn\n|upkeep\n|\n|t:|1783542280\n|switch|p1a: Brambleghast|Brambleghast, L88, F|100/100\n|turn|5\n|inactive|Time left: 300 sec this turn | 300 sec total\n|\n|t:|1783542282\n|move|p2a: Sawsbuck|Horn Leech|p1a: Brambleghast\n|-resisted|p1a: Brambleghast\n|-damage|p1a: Brambleghast|42/100\n|-heal|p2a: Sawsbuck|149/284 tox|[from] drain|[of] p1a: Brambleghast\n|-damage|p2a: Sawsbuck|121/284 tox|[from] item: Life Orb\n|move|p1a: Brambleghast|Substitute|p1a: Brambleghast\n|-start|p1a: Brambleghast|Substitute\n|-damage|p1a: Brambleghast|17/100\n|\n|-heal|p1a: Brambleghast|23/100|[from] item: Leftovers\n|-damage|p2a: Sawsbuck|70/284 tox|[from] psn\n|upkeep\n|turn|6\n|inactive|Time left: 300 sec this turn | 300 sec total\n|\n|t:|1783542283\n|move|p2a: Sawsbuck|Horn Leech|p1a: Brambleghast\n|-resisted|p1a: Brambleghast\n|-end|p1a: Brambleghast|Substitute\n|-heal|p2a: Sawsbuck|100/284 tox|[from] drain|[of] p1a: Brambleghast\n|-damage|p2a: Sawsbuck|72/284 tox|[from] item: Life Orb\n|move|p1a: Brambleghast|Power Whip|p2a: Sawsbuck\n|-resisted|p2a: Sawsbuck\n|-damage|p2a: Sawsbuck|0 fnt\n|faint|p2a: Sawsbuck\n|\n|-heal|p1a: Brambleghast|30/100|[from] item: Leftovers\n|upkeep\n|inactive|Time left: 300 sec this turn | 300 sec total | 5 sec grace\n|\n|t:|1783542284\n|switch|p2a: Mimikyu|Mimikyu, L79, F|216/216\n|turn|7\n|inactive|Time left: 300 sec this turn | 300 sec total\n|\n|t:|1783542285\n|switch|p1a: Overqwil|Overqwil, L82, M|100/100\n|-ability|p1a: Overqwil|Intimidate|boost\n|-unboost|p2a: Mimikyu|atk|1\n|move|p2a: Mimikyu|Swords Dance|p2a: Mimikyu\n|-boost|p2a: Mimikyu|atk|2\n|\n|upkeep\n|turn|8\n|inactive|Time left: 300 sec this turn | 300 sec total\n|\n|t:|1783542286\n|move|p2a: Mimikyu|Play Rough|p1a: Overqwil\n|-damage|p1a: Overqwil|41/100\n|-damage|p2a: Mimikyu|195/216|[from] item: Life Orb\n|move|p1a: Overqwil|Swords Dance|p1a: Overqwil\n|-boost|p1a: Overqwil|atk|2\n|\n|upkeep\n|turn|9\n|inactive|Time left: 300 sec this turn | 300 sec total\n|\n|t:|1783542287\n|switch|p1a: Rotom|Rotom-Heat, L83|100/100\n|move|p2a: Mimikyu|Play Rough|p1a: Rotom\n|-resisted|p1a: Rotom\n|-damage|p1a: Rotom|70/100\n|-damage|p2a: Mimikyu|174/216|[from] item: Life Orb\n|\n|upkeep\n|turn|10\n|inactive|Time left: 300 sec this turn | 300 sec total\n|\n|t:|1783542289\n|move|p2a: Mimikyu|Swords Dance|p2a: Mimikyu\n|-boost|p2a: Mimikyu|atk|2\n|move|p1a: Rotom|Will-O-Wisp|p2a: Mimikyu\n|-status|p2a: Mimikyu|brn\n|\n|-damage|p2a: Mimikyu|161/216 brn|[from] brn\n|upkeep\n|turn|11\n|inactive|Time left: 300 sec this turn | 300 sec total\n|\n|t:|1783542290\n|move|p2a: Mimikyu|Drain Punch|p1a: Rotom\n|-damage|p1a: Rotom|43/100\n|-heal|p2a: Mimikyu|192/216 brn|[from] drain|[of] p1a: Rotom\n|-damage|p2a: Mimikyu|171/216 brn|[from] item: Life Orb\n|move|p1a: Rotom|Overheat|p2a: Mimikyu\n|-activate|p2a: Mimikyu|ability: Disguise\n|-damage|p2a: Mimikyu|171/216 brn\n|-unboost|p1a: Rotom|spa|2\n|detailschange|p2a: Mimikyu|Mimikyu-Busted, L79, F\n|-damage|p2a: Mimikyu|144/216 brn|[from] pokemon: Mimikyu-Busted\n|\n|-damage|p2a: Mimikyu|131/216 brn|[from] brn\n|upkeep\n|turn|12\n|inactive|Time left: 300 sec this turn | 300 sec total\n|\n|t:|1783542291\n|switch|p1a: Brambleghast|Brambleghast, L88, F|30/100\n|move|p2a: Mimikyu|Play Rough|p1a: Brambleghast\n|-damage|p1a: Brambleghast|0 fnt\n|faint|p1a: Brambleghast\n|-damage|p2a: Mimikyu|110/216 brn|[from] item: Life Orb\n|\n|-damage|p2a: Mimikyu|97/216 brn|[from] brn\n|upkeep\n|\n|t:|1783542292\n|switch|p1a: Rotom|Rotom-Heat, L83|43/100\n|turn|13\n|inactive|Time left: 300 sec this turn | 300 sec total\n|\n|t:|1783542293\n|move|p2a: Mimikyu|Drain Punch|p1a: Rotom\n|-damage|p1a: Rotom|13/100\n|-heal|p2a: Mimikyu|130/216 brn|[from] drain|[of] p1a: Rotom\n|-damage|p2a: Mimikyu|109/216 brn|[from] item: Life Orb\n|move|p1a: Rotom|Thunderbolt|p2a: Mimikyu\n|-damage|p2a: Mimikyu|22/216 brn\n|\n|-damage|p2a: Mimikyu|9/216 brn|[from] brn\n|upkeep\n|turn|14\n|inactive|Time left: 300 sec this turn | 300 sec total\n|\n|t:|1783542295\n|move|p2a: Mimikyu|Play Rough|p1a: Rotom\n|-resisted|p1a: Rotom\n|-damage|p1a: Rotom|0 fnt\n|faint|p1a: Rotom\n|-damage|p2a: Mimikyu|0 fnt|[from] item: Life Orb\n|faint|p2a: Mimikyu\n|\n|upkeep\n|inactive|Time left: 300 sec this turn | 300 sec total | 5 sec grace\n|\n|t:|1783542296\n|switch|p2a: Rabsca|Rabsca, L91, M|284/284\n|switch|p1a: Goodra|Goodra, L85, F|100/100\n|turn|15\n|inactive|Time left: 300 sec this turn | 300 sec total\n|\n|t:|1783542297\n|switch|p2a: Arbok|Arbok, L87, M|246/246\n|-ability|p2a: Arbok|Intimidate|boost\n|-unboost|p1a: Goodra|atk|1\n|move|p1a: Goodra|Fire Blast|p2a: Arbok\n|-damage|p2a: Arbok|161/246\n|\n|-heal|p2a: Arbok|176/246|[from] item: Leftovers\n|upkeep\n|turn|16\n|inactive|Time left: 300 sec this turn | 300 sec total\n|\n|t:|1783542298\n|move|p2a: Arbok|Earthquake|p1a: Goodra\n|-damage|p1a: Goodra|70/100\n|move|p1a: Goodra|Fire Blast|p2a: Arbok\n|-damage|p2a: Arbok|90/246\n|\n|-heal|p2a: Arbok|105/246|[from] item: Leftovers\n|upkeep\n|turn|17\n|inactive|Time left: 300 sec this turn | 300 sec total\n|\n|t:|1783542299\n|move|p2a: Arbok|Gunk Shot|p1a: Goodra\n|-damage|p1a: Goodra|19/100\n|-status|p1a: Goodra|psn\n|move|p1a: Goodra|Fire Blast|p2a: Arbok\n|-damage|p2a: Arbok|10/246\n|\n|-heal|p2a: Arbok|25/246|[from] item: Leftovers\n|-damage|p1a: Goodra|6/100 psn|[from] psn\n|upkeep\n|turn|18\n|inactive|Time left: 300 sec this turn | 300 sec total\n|\n|t:|1783542300\n|switch|p1a: Overqwil|Overqwil, L82, M|41/100\n|-ability|p1a: Overqwil|Intimidate|boost\n|-unboost|p2a: Arbok|atk|1\n|-terastallize|p2a: Arbok|Ground\n|move|p2a: Arbok|Earthquake|p1a: Overqwil\n|-supereffective|p1a: Overqwil\n|-damage|p1a: Overqwil|0 fnt\n|faint|p1a: Overqwil\n|\n|-heal|p2a: Arbok|40/246|[from] item: Leftovers\n|upkeep\n|\n|t:|1783542301\n|switch|p1a: Goodra|Goodra, L85, F|6/100 psn\n|turn|19\n|inactive|Time left: 300 sec this turn | 300 sec total\n|\n|t:|1783542302\n|-terastallize|p1a: Goodra|Grass\n|move|p2a: Arbok|Gunk Shot|p1a: Goodra\n|-supereffective|p1a: Goodra\n|-damage|p1a: Goodra|0 fnt\n|faint|p1a: Goodra\n|\n|win|p0y2333b21", "uploadtime": 1783542302, "views": 0, "rating": 0, "private": 0, "password": null, "_winner": "p0y2333b21", "_our_name": "p0y2333b21"}