{"id": "battle-gen9randombattle-2729", "formatid": "gen9randombattle", "format": "[Gen 9] Random Battle", "players": ["p0x27296060", "p0y27296d9e"], "log": "|init|battle\n|title|p0x27296060 vs. p0y27296d9e\n|j|\u2606p0x27296060\n|j|\u2606p0y27296d9e\n|t:|1783570456\n|gametype|singles\n|player|p1|p0x27296060|170|\n|player|p2|p0y27296d9e|265|\n|gen|9\n|tier|[Gen 9] Random Battle\n|rule|Species Clause: Limit one of each Pok\u00e9mon\n|rule|HP Percentage Mod: HP is shown in percentages\n|rule|Sleep Clause Mod: Limit one foe put to sleep\n|rule|Illusion Level Mod: Illusion disguises the Pok\u00e9mon's true level\n|\n|t:|1783570456\n|teamsize|p1|6\n|teamsize|p2|6\n|start\n|switch|p1a: Giratina|Giratina-Origin, L72|100/100\n|switch|p2a: Lycanroc|Lycanroc, L86, F|269/269\n|turn|1\n|inactive|Battle timer is ON: inactive players will automatically lose when time's up. (requested by p0x27296060)\n|inactive|Time left: 300 sec this turn | 300 sec total | 60 sec grace\n|\n|t:|1783570457\n|move|p2a: Lycanroc|Stone Edge|p1a: Giratina|[miss]\n|-miss|p2a: Lycanroc|p1a: Giratina\n|move|p1a: Giratina|Poltergeist|p2a: Lycanroc|[miss]\n|-miss|p1a: Giratina|p2a: Lycanroc\n|\n|upkeep\n|turn|2\n|inactive|Time left: 300 sec this turn | 300 sec total\n|inactive|p0y27296d9e also wants the timer to be on.\n|\n|t:|1783570458\n|switch|p1a: Magnezone|Magnezone, L85|100/100\n|move|p2a: Lycanroc|Swords Dance|p2a: Lycanroc\n|-boost|p2a: Lycanroc|atk|2\n|\n|upkeep\n|turn|3\n|inactive|Time left: 300 sec this turn | 300 sec total\n|\n|t:|1783570459\n|switch|p1a: Giratina|Giratina-Origin, L72|100/100\n|move|p2a: Lycanroc|Close Combat|p1a: Giratina\n|-immune|p1a: Giratina\n|\n|upkeep\n|turn|4\n|inactive|Time left: 300 sec this turn | 300 sec total\n|\n|t:|1783570460\n|switch|p1a: Magnezone|Magnezone, L85|100/100\n|move|p2a: Lycanroc|Stone Edge|p1a: Magnezone\n|-resisted|p1a: Magnezone\n|-damage|p1a: Magnezone|50/100\n|-damage|p2a: Lycanroc|243/269|[from] item: Life Orb\n|\n|-heal|p1a: Magnezone|57/100|[from] item: Leftovers\n|upkeep\n|turn|5\n|inactive|Time left: 300 sec this turn | 300 sec total\n|\n|t:|1783570461\n|switch|p1a: Alcremie|Alcremie, L90, F|100/100\n|move|p2a: Lycanroc|Close Combat|p1a: Alcremie\n|-resisted|p1a: Alcremie\n|-crit|p1a: Alcremie\n|-damage|p1a: Alcremie|17/100\n|-unboost|p2a: Lycanroc|def|1\n|-unboost|p2a: Lycanroc|spd|1\n|-damage|p2a: Lycanroc|217/269|[from] item: Life Orb\n|\n|-heal|p1a: Alcremie|23/100|[from] item: Leftovers\n|upkeep\n|turn|6\n|inactive|Time left: 300 sec this turn | 300 sec total\n|\n|t:|1783570462\n|move|p2a: Lycanroc|Accelerock|p1a: Alcremie\n|-damage|p1a: Alcremie|0 fnt\n|faint|p1a: Alcremie\n|-damage|p2a: Lycanroc|191/269|[from] item: Life Orb\n|\n|upkeep\n|\n|t:|1783570463\n|switch|p1a: Giratina|Giratina-Origin, L72|100/100\n|turn|7\n|inactive|Time left: 300 sec this turn | 300 sec total\n|\n|t:|1783570464\n|move|p2a: Lycanroc|Stone Edge|p1a: Giratina\n|-crit|p1a: Giratina\n|-damage|p1a: Giratina|0 fnt\n|faint|p1a: Giratina\n|-damage|p2a: Lycanroc|165/269|[from] item: Life Orb\n|\n|upkeep\n|\n|t:|1783570465\n|switch|p1a: Kilowattrel|Kilowattrel, L83, M|100/100\n|turn|8\n|inactive|Time left: 300 sec this turn | 300 sec total\n|\n|t:|1783570466\n|-terastallize|p1a: Kilowattrel|Water\n|move|p2a: Lycanroc|Accelerock|p1a: Kilowattrel\n|-damage|p1a: Kilowattrel|26/100\n|-damage|p2a: Lycanroc|139/269|[from] item: Life Orb\n|move|p1a: Kilowattrel|Discharge|p2a: Lycanroc\n|-damage|p2a: Lycanroc|0 fnt\n|faint|p2a: Lycanroc\n|\n|upkeep\n|inactive|Time left: 300 sec this turn | 300 sec total | 5 sec grace\n|\n|t:|1783570467\n|switch|p2a: Polteageist|Polteageist-Antique, L78|222/222\n|turn|9\n|inactive|Time left: 300 sec this turn | 300 sec total\n|\n|t:|1783570468\n|switch|p1a: Clawitzer|Clawitzer, L87, F|100/100\n|move|p2a: Polteageist|Shell Smash|p2a: Polteageist\n|-unboost|p2a: Polteageist|def|1\n|-unboost|p2a: Polteageist|spd|1\n|-boost|p2a: Polteageist|atk|2\n|-boost|p2a: Polteageist|spa|2\n|-boost|p2a: Polteageist|spe|2\n|-enditem|p2a: Polteageist|White Herb\n|-clearnegativeboost|p2a: Polteageist|[silent]\n|\n|upkeep\n|turn|10\n|inactive|Time left: 300 sec this turn | 300 sec total\n|\n|t:|1783570469\n|move|p2a: Polteageist|Stored Power|p1a: Clawitzer\n|-damage|p1a: Clawitzer|15/100\n|move|p1a: Clawitzer|Dark Pulse|p2a: Polteageist\n|-supereffective|p2a: Polteageist\n|-damage|p2a: Polteageist|0 fnt\n|faint|p2a: Polteageist\n|\n|upkeep\n|inactive|Time left: 300 sec this turn | 300 sec total | 5 sec grace\n|\n|t:|1783570470\n|switch|p2a: Rayquaza|Rayquaza, L72|270/270\n|-ability|p2a: Rayquaza|Air Lock\n|turn|11\n|inactive|Time left: 300 sec this turn | 300 sec total\n|\n|t:|1783570471\n|switch|p1a: Corviknight|Corviknight, L80, F|100/100\n|move|p2a: Rayquaza|Earthquake|p1a: Corviknight\n|-immune|p1a: Corviknight\n|\n|upkeep\n|turn|12\n|inactive|Time left: 300 sec this turn | 300 sec total\n|\n|t:|1783570472\n|move|p2a: Rayquaza|Dragon Dance|p2a: Rayquaza\n|-boost|p2a: Rayquaza|atk|1\n|-boost|p2a: Rayquaza|spe|1\n|move|p1a: Corviknight|Brave Bird|p2a: Rayquaza\n|-damage|p2a: Rayquaza|153/270\n|-damage|p1a: Corviknight|87/100|[from] Recoil\n|\n|upkeep\n|turn|13\n|inactive|Time left: 300 sec this turn | 300 sec total\n|\n|t:|1783570473\n|move|p2a: Rayquaza|Dragon Dance|p2a: Rayquaza\n|-boost|p2a: Rayquaza|atk|1\n|-boost|p2a: Rayquaza|spe|1\n|move|p1a: Corviknight|Brave Bird|p2a: Rayquaza\n|-damage|p2a: Rayquaza|41/270\n|-damage|p1a: Corviknight|74/100|[from] Recoil\n|\n|upkeep\n|turn|14\n|inactive|Time left: 300 sec this turn | 300 sec total\n|\n|t:|1783570474\n|move|p2a: Rayquaza|Dragon Dance|p2a: Rayquaza\n|-boost|p2a: Rayquaza|atk|1\n|-boost|p2a: Rayquaza|spe|1\n|move|p1a: Corviknight|Brave Bird|p2a: Rayquaza\n|-damage|p2a: Rayquaza|0 fnt\n|faint|p2a: Rayquaza\n|-damage|p1a: Corviknight|69/100|[from] Recoil\n|\n|upkeep\n|inactive|Time left: 300 sec this turn | 300 sec total | 5 sec grace\n|\n|t:|1783570475\n|switch|p2a: Dunsparce|Dunsparce, L86, M|312/312\n|turn|15\n|inactive|Time left: 300 sec this turn | 300 sec total\n|\n|t:|1783570476\n|move|p1a: Corviknight|Brave Bird|p2a: Dunsparce\n|-damage|p2a: Dunsparce|236/312\n|-damage|p1a: Corviknight|61/100|[from] Recoil\n|move|p2a: Dunsparce|Coil|p2a: Dunsparce\n|-boost|p2a: Dunsparce|atk|1\n|-boost|p2a: Dunsparce|def|1\n|-boost|p2a: Dunsparce|accuracy|1\n|\n|upkeep\n|turn|16\n|inactive|Time left: 300 sec this turn | 300 sec total\n|\n|t:|1783570477\n|move|p1a: Corviknight|Roost|p1a: Corviknight\n|-heal|p1a: Corviknight|100/100\n|-singleturn|p1a: Corviknight|move: Roost\n|move|p2a: Dunsparce|Coil|p2a: Dunsparce\n|-boost|p2a: Dunsparce|atk|1\n|-boost|p2a: Dunsparce|def|1\n|-boost|p2a: Dunsparce|accuracy|1\n|\n|upkeep\n|turn|17\n|inactive|Time left: 300 sec this turn | 300 sec total\n|\n|t:|1783570478\n|move|p1a: Corviknight|Body Press|p2a: Dunsparce\n|-supereffective|p2a: Dunsparce\n|-damage|p2a: Dunsparce|190/312\n|move|p2a: Dunsparce|Coil|p2a: Dunsparce\n|-boost|p2a: Dunsparce|atk|1\n|-boost|p2a: Dunsparce|def|1\n|-boost|p2a: Dunsparce|accuracy|1\n|\n|upkeep\n|turn|18\n|inactive|Time left: 300 sec this turn | 300 sec total\n|\n|t:|1783570479\n|move|p1a: Corviknight|Body Press|p2a: Dunsparce\n|-supereffective|p2a: Dunsparce\n|-damage|p2a: Dunsparce|156/312\n|move|p2a: Dunsparce|Roost|p2a: Dunsparce\n|-heal|p2a: Dunsparce|312/312\n|-singleturn|p2a: Dunsparce|move: Roost\n|\n|upkeep\n|turn|19\n|inactive|Time left: 300 sec this turn | 300 sec total\n|\n|t:|1783570480\n|move|p1a: Corviknight|Body Press|p2a: Dunsparce\n|-supereffective|p2a: Dunsparce\n|-damage|p2a: Dunsparce|274/312\n|move|p2a: Dunsparce|Body Slam|p1a: Corviknight\n|-resisted|p1a: Corviknight\n|-damage|p1a: Corviknight|69/100\n|-status|p1a: Corviknight|par\n|-damage|p2a: Dunsparce|222/312|[from] item: Rocky Helmet|[of] p1a: Corviknight\n|\n|upkeep\n|turn|20\n|inactive|Time left: 300 sec this turn | 300 sec total\n|\n|t:|1783570481\n|move|p2a: Dunsparce|Coil|p2a: Dunsparce\n|-boost|p2a: Dunsparce|atk|1\n|-boost|p2a: Dunsparce|def|1\n|-boost|p2a: Dunsparce|accuracy|1\n|move|p1a: Corviknight|Roost|p1a: Corviknight\n|-heal|p1a: Corviknight|100/100 par\n|-singleturn|p1a: Corviknight|move: Roost\n|\n|upkeep\n|turn|21\n|inactive|Time left: 300 sec this turn | 300 sec total\n|\n|t:|1783570482\n|move|p2a: Dunsparce|Body Slam|p1a: Corviknight\n|-resisted|p1a: Corviknight\n|-damage|p1a: Corviknight|66/100 par\n|-damage|p2a: Dunsparce|170/312|[from] item: Rocky Helmet|[of] p1a: Corviknight\n|move|p1a: Corviknight|U-turn|p2a: Dunsparce\n|-damage|p2a: Dunsparce|159/312\n|\n|t:|1783570483\n|switch|p1a: Clawitzer|Clawitzer, L87, F|15/100|[from] U-turn\n|\n|upkeep\n|turn|22\n|inactive|Time left: 300 sec this turn | 300 sec total\n|\n|t:|1783570484\n|move|p1a: Clawitzer|Aura Sphere|p2a: Dunsparce\n|-supereffective|p2a: Dunsparce\n|-damage|p2a: Dunsparce|0 fnt\n|faint|p2a: Dunsparce\n|\n|upkeep\n|inactive|Time left: 300 sec this turn | 300 sec total | 5 sec grace\n|\n|t:|1783570485\n|switch|p2a: Solgaleo|Solgaleo, L74|325/325\n|turn|23\n|inactive|Time left: 300 sec this turn | 300 sec total\n|\n|t:|1783570486\n|switch|p1a: Corviknight|Corviknight, L80, F|66/100 par\n|move|p2a: Solgaleo|Knock Off|p1a: Corviknight\n|-damage|p1a: Corviknight|41/100 par\n|-damage|p2a: Solgaleo|271/325|[from] item: Rocky Helmet|[of] p1a: Corviknight\n|-enditem|p1a: Corviknight|Rocky Helmet|[from] move: Knock Off|[of] p2a: Solgaleo\n|\n|upkeep\n|turn|24\n|inactive|Time left: 300 sec this turn | 300 sec total\n|\n|t:|1783570486\n|move|p2a: Solgaleo|Flame Charge|p1a: Corviknight\n|-supereffective|p1a: Corviknight\n|-damage|p1a: Corviknight|18/100 par\n|-boost|p2a: Solgaleo|spe|1\n|move|p1a: Corviknight|Roost|p1a: Corviknight\n|-heal|p1a: Corviknight|68/100 par\n|-singleturn|p1a: Corviknight|move: Roost\n|\n|upkeep\n|turn|25\n|inactive|Time left: 300 sec this turn | 300 sec total\n|\n|t:|1783570487\n|move|p2a: Solgaleo|Flame Charge|p1a: Corviknight\n|-supereffective|p1a: Corviknight\n|-damage|p1a: Corviknight|42/100 par\n|-boost|p2a: Solgaleo|spe|1\n|move|p1a: Corviknight|Roost|p1a: Corviknight\n|-heal|p1a: Corviknight|92/100 par\n|-singleturn|p1a: Corviknight|move: Roost\n|\n|upkeep\n|turn|26\n|inactive|Time left: 300 sec this turn | 300 sec total\n|\n|t:|1783570488\n|move|p2a: Solgaleo|Flame Charge|p1a: Corviknight\n|-supereffective|p1a: Corviknight\n|-damage|p1a: Corviknight|69/100 par\n|-boost|p2a: Solgaleo|spe|1\n|move|p1a: Corviknight|Brave Bird|p2a: Solgaleo\n|-resisted|p2a: Solgaleo\n|-damage|p2a: Solgaleo|221/325\n|-damage|p1a: Corviknight|63/100 par|[from] Recoil\n|\n|upkeep\n|turn|27\n|inactive|Time left: 300 sec this turn | 300 sec total\n|\n|t:|1783570489\n|move|p2a: Solgaleo|Flame Charge|p1a: Corviknight\n|-supereffective|p1a: Corviknight\n|-crit|p1a: Corviknight\n|-damage|p1a: Corviknight|26/100 par\n|-boost|p2a: Solgaleo|spe|1\n|move|p1a: Corviknight|Roost|p1a: Corviknight\n|-heal|p1a: Corviknight|76/100 par\n|-singleturn|p1a: Corviknight|move: Roost\n|\n|upkeep\n|turn|28\n|inactive|Time left: 300 sec this turn | 300 sec total\n|\n|t:|1783570490\n|move|p2a: Solgaleo|Psychic|p1a: Corviknight\n|-resisted|p1a: Corviknight\n|-damage|p1a: Corviknight|61/100 par\n|-ability|p1a: Corviknight|Mirror Armor\n|-fail|p2a: Solgaleo|unboost|[from] ability: Full Metal Body|[of] p2a: Solgaleo\n|cant|p1a: Corviknight|par\n|\n|upkeep\n|turn|29\n|inactive|Time left: 300 sec this turn | 300 sec total\n|\n|t:|1783570491\n|move|p2a: Solgaleo|Knock Off|p1a: Corviknight\n|-damage|p1a: Corviknight|45/100 par\n|move|p1a: Corviknight|Roost|p1a: Corviknight\n|-heal|p1a: Corviknight|95/100 par\n|-singleturn|p1a: Corviknight|move: Roost\n|\n|upkeep\n|turn|30\n|inactive|Time left: 300 sec this turn | 300 sec total\n|\n|t:|1783570492\n|move|p2a: Solgaleo|Knock Off|p1a: Corviknight\n|-damage|p1a: Corviknight|79/100 par\n|move|p1a: Corviknight|U-turn|p2a: Solgaleo\n|-damage|p2a: Solgaleo|179/325\n|\n|t:|1783570493\n|switch|p1a: Magnezone|Magnezone, L85|57/100|[from] U-turn\n|\n|-heal|p1a: Magnezone|63/100|[from] item: Leftovers\n|upkeep\n|turn|31\n|inactive|Time left: 300 sec this turn | 300 sec total\n|\n|t:|1783570494\n|move|p2a: Solgaleo|Knock Off|p1a: Magnezone\n|-damage|p1a: Magnezone|41/100\n|-enditem|p1a: Magnezone|Leftovers|[from] move: Knock Off|[of] p2a: Solgaleo\n|move|p1a: Magnezone|Thunderbolt|p2a: Solgaleo\n|-damage|p2a: Solgaleo|4/325\n|\n|upkeep\n|turn|32\n|inactive|Time left: 300 sec this turn | 300 sec total\n|\n|t:|1783570496\n|move|p2a: Solgaleo|Flame Charge|p1a: Magnezone\n|-supereffective|p1a: Magnezone\n|-damage|p1a: Magnezone|19/100\n|-boost|p2a: Solgaleo|spe|1\n|move|p1a: Magnezone|Thunderbolt|p2a: Solgaleo\n|-crit|p2a: Solgaleo\n|-damage|p2a: Solgaleo|0 fnt\n|faint|p2a: Solgaleo\n|\n|upkeep\n|inactive|Time left: 300 sec this turn | 300 sec total | 5 sec grace\n|\n|t:|1783570496\n|switch|p2a: Toxapex|Toxapex, L82, F|216/216\n|turn|33\n|inactive|Time left: 300 sec this turn | 300 sec total\n|\n|t:|1783570497\n|move|p1a: Magnezone|Thunderbolt|p2a: Toxapex\n|-supereffective|p2a: Toxapex\n|-damage|p2a: Toxapex|46/216\n|move|p2a: Toxapex|Liquidation|p1a: Magnezone\n|-damage|p1a: Magnezone|0 fnt\n|faint|p1a: Magnezone\n|\n|-heal|p2a: Toxapex|59/216|[from] item: Leftovers\n|upkeep\n|\n|t:|1783570498\n|switch|p1a: Clawitzer|Clawitzer, L87, F|15/100\n|turn|34\n|inactive|Time left: 300 sec this turn | 300 sec total\n|\n|t:|1783570499\n|move|p1a: Clawitzer|Water Pulse|p2a: Toxapex\n|-resisted|p2a: Toxapex\n|-damage|p2a: Toxapex|0 fnt\n|faint|p2a: Toxapex\n|\n|win|p0x27296060", "uploadtime": 1783570499, "views": 0, "rating": 0, "private": 0, "password": null, "_winner": "p0x27296060", "_our_name": "p0y27296d9e"}