{"id": "battle-gen9randombattle-262", "formatid": "gen9randombattle", "format": "[Gen 9] Random Battle", "players": ["p0x26217a1", "p0y262e7ef"], "log": "|init|battle\n|title|p0x26217a1 vs. p0y262e7ef\n|j|\u2606p0x26217a1\n|j|\u2606p0y262e7ef\n|t:|1783542641\n|gametype|singles\n|player|p1|p0x26217a1|265|\n|player|p2|p0y262e7ef|101|\n|gen|9\n|tier|[Gen 9] Random Battle\n|rule|Species Clause: Limit one of each Pok\u00e9mon\n|rule|HP Percentage Mod: HP is shown in percentages\n|rule|Sleep Clause Mod: Limit one foe put to sleep\n|rule|Illusion Level Mod: Illusion disguises the Pok\u00e9mon's true level\n|\n|t:|1783542641\n|teamsize|p1|6\n|teamsize|p2|6\n|start\n|switch|p1a: Archaludon|Archaludon, L78, M|100/100\n|switch|p2a: Hoopa|Hoopa-Unbound, L80|259/259\n|turn|1\n|inactive|Battle timer is ON: inactive players will automatically lose when time's up. (requested by p0y262e7ef)\n|\n|t:|1783542643\n|switch|p2a: Luxray|Luxray, L88, F|283/283\n|move|p1a: Archaludon|Swords Dance|p1a: Archaludon\n|-boost|p1a: Archaludon|atk|2\n|\n|-status|p2a: Luxray|brn|[from] item: Flame Orb\n|upkeep\n|turn|2\n|inactive|Time left: 300 sec this turn | 300 sec total\n|inactive|p0x26217a1 also wants the timer to be on.\n|\n|t:|1783542644\n|switch|p2a: Camerupt|Camerupt, L91, M|275/275\n|move|p1a: Archaludon|Outrage|p2a: Camerupt\n|-damage|p2a: Camerupt|34/275\n|\n|-heal|p2a: Camerupt|51/275|[from] item: Leftovers\n|upkeep\n|turn|3\n|inactive|Time left: 300 sec this turn | 300 sec total\n|\n|t:|1783542645\n|move|p1a: Archaludon|Outrage|p2a: Camerupt|[from] lockedmove\n|-damage|p2a: Camerupt|0 fnt\n|faint|p2a: Camerupt\n|-start|p1a: Archaludon|confusion|[fatigue]\n|-enditem|p1a: Archaludon|Lum Berry|[eat]\n|-end|p1a: Archaludon|confusion\n|\n|upkeep\n|inactive|Time left: 300 sec this turn | 300 sec total | 5 sec grace\n|\n|t:|1783542646\n|switch|p2a: Medicham|Medicham, L86, M|243/243\n|turn|4\n|inactive|Time left: 300 sec this turn | 300 sec total\n|\n|t:|1783542647\n|-terastallize|p1a: Archaludon|Ground\n|move|p2a: Medicham|Close Combat|p1a: Archaludon\n|-damage|p1a: Archaludon|48/100\n|-unboost|p2a: Medicham|def|1\n|-unboost|p2a: Medicham|spd|1\n|-ability|p1a: Archaludon|Stamina|boost\n|-boost|p1a: Archaludon|def|1\n|move|p1a: Archaludon|Outrage|p2a: Medicham\n|-damage|p2a: Medicham|0 fnt\n|faint|p2a: Medicham\n|\n|upkeep\n|inactive|Time left: 300 sec this turn | 300 sec total | 5 sec grace\n|\n|t:|1783542647\n|switch|p2a: Hoopa|Hoopa-Unbound, L80|259/259\n|turn|5\n|inactive|Time left: 300 sec this turn | 300 sec total\n|\n|t:|1783542648\n|move|p2a: Hoopa|Psychic|p1a: Archaludon\n|-damage|p1a: Archaludon|0 fnt\n|faint|p1a: Archaludon\n|\n|upkeep\n|\n|t:|1783542649\n|switch|p1a: Carbink|Carbink, L90|100/100\n|turn|6\n|inactive|Time left: 300 sec this turn | 300 sec total\n|\n|t:|1783542649\n|move|p2a: Hoopa|Psychic|p1a: Carbink\n|-damage|p1a: Carbink|62/100\n|move|p1a: Carbink|Moonblast|p2a: Hoopa\n|-supereffective|p2a: Hoopa\n|-damage|p2a: Hoopa|133/259\n|-unboost|p2a: Hoopa|spa|1\n|\n|upkeep\n|turn|7\n|inactive|Time left: 300 sec this turn | 300 sec total\n|\n|t:|1783542650\n|move|p2a: Hoopa|Psychic|p1a: Carbink\n|-damage|p1a: Carbink|37/100\n|move|p1a: Carbink|Moonblast|p2a: Hoopa\n|-supereffective|p2a: Hoopa\n|-damage|p2a: Hoopa|7/259\n|\n|upkeep\n|turn|8\n|inactive|Time left: 300 sec this turn | 300 sec total\n|\n|t:|1783542651\n|switch|p2a: Barraskewda|Barraskewda, L81, M|231/231\n|move|p1a: Carbink|Rest|p1a: Carbink\n|-status|p1a: Carbink|slp|[from] move: Rest\n|-heal|p1a: Carbink|100/100 slp|[silent]\n|-enditem|p1a: Carbink|Chesto Berry|[eat]\n|-curestatus|p1a: Carbink|slp|[msg]\n|\n|upkeep\n|turn|9\n|inactive|Time left: 300 sec this turn | 300 sec total\n|\n|t:|1783542652\n|move|p2a: Barraskewda|Waterfall|p1a: Carbink\n|-supereffective|p1a: Carbink\n|-damage|p1a: Carbink|19/100\n|move|p1a: Carbink|Body Press|p2a: Barraskewda\n|-crit|p2a: Barraskewda\n|-damage|p2a: Barraskewda|43/231\n|\n|upkeep\n|turn|10\n|inactive|Time left: 300 sec this turn | 300 sec total\n|\n|t:|1783542653\n|switch|p1a: Dialga|Dialga, L73|100/100\n|-ability|p1a: Dialga|Pressure\n|move|p2a: Barraskewda|Waterfall|p1a: Dialga\n|-resisted|p1a: Dialga\n|-damage|p1a: Dialga|77/100\n|\n|-heal|p1a: Dialga|83/100|[from] item: Leftovers\n|upkeep\n|turn|11\n|inactive|Time left: 300 sec this turn | 300 sec total\n|\n|t:|1783542654\n|move|p2a: Barraskewda|Waterfall|p1a: Dialga\n|-resisted|p1a: Dialga\n|-damage|p1a: Dialga|57/100\n|move|p1a: Dialga|Stealth Rock|p2a: Barraskewda\n|-sidestart|p2: p0y262e7ef|move: Stealth Rock\n|\n|-heal|p1a: Dialga|63/100|[from] item: Leftovers\n|upkeep\n|turn|12\n|inactive|Time left: 300 sec this turn | 300 sec total\n|\n|t:|1783542655\n|move|p2a: Barraskewda|Waterfall|p1a: Dialga\n|-resisted|p1a: Dialga\n|-damage|p1a: Dialga|40/100\n|cant|p1a: Dialga|flinch\n|\n|-heal|p1a: Dialga|46/100|[from] item: Leftovers\n|upkeep\n|turn|13\n|inactive|Time left: 300 sec this turn | 300 sec total\n|\n|t:|1783542656\n|move|p2a: Barraskewda|Waterfall|p1a: Dialga\n|-resisted|p1a: Dialga\n|-damage|p1a: Dialga|22/100\n|move|p1a: Dialga|Heavy Slam|p2a: Barraskewda\n|-resisted|p2a: Barraskewda\n|-damage|p2a: Barraskewda|0 fnt\n|faint|p2a: Barraskewda\n|\n|-heal|p1a: Dialga|28/100|[from] item: Leftovers\n|upkeep\n|inactive|Time left: 300 sec this turn | 300 sec total | 5 sec grace\n|\n|t:|1783542658\n|switch|p2a: Luxray|Luxray, L88, F|283/283 brn\n|-damage|p2a: Luxray|248/283 brn|[from] Stealth Rock\n|turn|14\n|inactive|Time left: 300 sec this turn | 300 sec total\n|\n|t:|1783542659\n|move|p1a: Dialga|Draco Meteor|p2a: Luxray\n|-damage|p2a: Luxray|89/283 brn\n|-unboost|p1a: Dialga|spa|2\n|move|p2a: Luxray|Trailblaze|p1a: Dialga\n|-resisted|p1a: Dialga\n|-damage|p1a: Dialga|22/100\n|-boost|p2a: Luxray|spe|1\n|\n|-heal|p1a: Dialga|28/100|[from] item: Leftovers\n|-damage|p2a: Luxray|72/283 brn|[from] brn\n|upkeep\n|turn|15\n|inactive|Time left: 300 sec this turn | 300 sec total\n|\n|t:|1783542660\n|move|p2a: Luxray|Facade|p1a: Dialga\n|-resisted|p1a: Dialga\n|-damage|p1a: Dialga|0 fnt\n|faint|p1a: Dialga\n|\n|-damage|p2a: Luxray|55/283 brn|[from] brn\n|upkeep\n|\n|t:|1783542661\n|switch|p1a: Cresselia|Cresselia, L80, F|100/100\n|turn|16\n|inactive|Time left: 300 sec this turn | 300 sec total\n|\n|t:|1783542662\n|switch|p2a: Gumshoos|Gumshoos, L95, F|321/321\n|-damage|p2a: Gumshoos|281/321|[from] Stealth Rock\n|move|p1a: Cresselia|Psyshock|p2a: Gumshoos\n|-damage|p2a: Gumshoos|212/321\n|\n|upkeep\n|turn|17\n|inactive|Time left: 300 sec this turn | 300 sec total\n|\n|t:|1783542663\n|switch|p1a: Carbink|Carbink, L90|19/100\n|move|p2a: Gumshoos|Knock Off|p1a: Carbink\n|-resisted|p1a: Carbink\n|-damage|p1a: Carbink|0 fnt\n|faint|p1a: Carbink\n|\n|upkeep\n|\n|t:|1783542664\n|switch|p1a: Blastoise|Blastoise, L80, F|100/100\n|turn|18\n|inactive|Time left: 300 sec this turn | 300 sec total\n|\n|t:|1783542665\n|move|p1a: Blastoise|Shell Smash|p1a: Blastoise\n|-unboost|p1a: Blastoise|def|1\n|-unboost|p1a: Blastoise|spd|1\n|-boost|p1a: Blastoise|atk|2\n|-boost|p1a: Blastoise|spa|2\n|-boost|p1a: Blastoise|spe|2\n|-enditem|p1a: Blastoise|White Herb\n|-clearnegativeboost|p1a: Blastoise|[silent]\n|move|p2a: Gumshoos|Knock Off|p1a: Blastoise\n|-damage|p1a: Blastoise|62/100\n|\n|upkeep\n|turn|19\n|inactive|Time left: 300 sec this turn | 300 sec total\n|\n|t:|1783542666\n|switch|p2a: Hoopa|Hoopa-Unbound, L80|7/259\n|-damage|p2a: Hoopa|0 fnt|[from] Stealth Rock\n|faint|p2a: Hoopa\n|move|p1a: Blastoise|Hydro Pump|p2: Hoopa|[notarget]\n|-fail|p1a: Blastoise\n|\n|upkeep\n|inactive|Time left: 300 sec this turn | 300 sec total | 5 sec grace\n|\n|t:|1783542667\n|switch|p2a: Luxray|Luxray, L88, F|55/283 brn\n|-damage|p2a: Luxray|20/283 brn|[from] Stealth Rock\n|turn|20\n|inactive|Time left: 300 sec this turn | 300 sec total\n|\n|t:|1783542668\n|move|p1a: Blastoise|Earthquake|p2a: Luxray\n|-supereffective|p2a: Luxray\n|-damage|p2a: Luxray|0 fnt\n|faint|p2a: Luxray\n|\n|upkeep\n|inactive|Time left: 300 sec this turn | 300 sec total | 5 sec grace\n|\n|t:|1783542669\n|switch|p2a: Gumshoos|Gumshoos, L95, F|212/321\n|-damage|p2a: Gumshoos|172/321|[from] Stealth Rock\n|turn|21\n|inactive|Time left: 300 sec this turn | 300 sec total\n|\n|t:|1783542670\n|-terastallize|p2a: Gumshoos|Normal\n|move|p1a: Blastoise|Ice Beam|p2a: Gumshoos\n|-damage|p2a: Gumshoos|43/321\n|move|p2a: Gumshoos|Knock Off|p1a: Blastoise\n|-damage|p1a: Blastoise|24/100\n|\n|upkeep\n|turn|22\n|inactive|Time left: 300 sec this turn | 300 sec total\n|\n|t:|1783542671\n|move|p1a: Blastoise|Earthquake|p2a: Gumshoos\n|-damage|p2a: Gumshoos|0 fnt\n|faint|p2a: Gumshoos\n|\n|win|p0x26217a1", "uploadtime": 1783542671, "views": 0, "rating": 0, "private": 0, "password": null, "_winner": "p0x26217a1", "_our_name": "p0y262e7ef"}