{"id": "battle-gen9randombattle-185", "formatid": "gen9randombattle", "format": "[Gen 9] Random Battle", "players": ["p0x1852d38", "p0y185c841"], "log": "|init|battle\n|title|p0x1852d38 vs. p0y185c841\n|j|\u2606p0x1852d38\n|j|\u2606p0y185c841\n|t:|1783535386\n|gametype|singles\n|player|p1|p0x1852d38|266|\n|player|p2|p0y185c841|102|\n|gen|9\n|tier|[Gen 9] Random Battle\n|rule|Species Clause: Limit one of each Pok\u00e9mon\n|rule|HP Percentage Mod: HP is shown in percentages\n|rule|Sleep Clause Mod: Limit one foe put to sleep\n|rule|Illusion Level Mod: Illusion disguises the Pok\u00e9mon's true level\n|\n|t:|1783535386\n|teamsize|p1|6\n|teamsize|p2|6\n|start\n|switch|p1a: Ninetales|Ninetales-Alola, L78, M|242/242\n|switch|p2a: Masquerain|Masquerain, L87, M|100/100\n|-weather|Snowscape|[from] ability: Snow Warning|[of] p1a: Ninetales\n|-ability|p2a: Masquerain|Intimidate|boost\n|-unboost|p1a: Ninetales|atk|1\n|turn|1\n|inactive|Battle timer is ON: inactive players will automatically lose when time's up. (requested by p0x1852d38)\n|inactive|p0y185c841 also wants the timer to be on.\n|\n|t:|1783535387\n|move|p1a: Ninetales|Aurora Veil|p1a: Ninetales\n|-sidestart|p1: p0x1852d38|move: Aurora Veil\n|move|p2a: Masquerain|Sticky Web|p1a: Ninetales\n|-sidestart|p1: p0x1852d38|move: Sticky Web\n|\n|-weather|Snowscape|[upkeep]\n|upkeep\n|turn|2\n|inactive|Time left: 300 sec this turn | 300 sec total\n|\n|t:|1783535388\n|switch|p2a: Espathra|Espathra, L80, M|100/100\n|move|p1a: Ninetales|Blizzard|p2a: Espathra\n|-damage|p2a: Espathra|56/100\n|\n|-weather|Snowscape|[upkeep]\n|upkeep\n|turn|3\n|inactive|Time left: 300 sec this turn | 300 sec total\n|\n|t:|1783535389\n|move|p1a: Ninetales|Moonblast|p2a: Espathra\n|-damage|p2a: Espathra|17/100\n|move|p2a: Espathra|Lumina Crash|p1a: Ninetales\n|-damage|p1a: Ninetales|179/242\n|-unboost|p1a: Ninetales|spd|2\n|\n|-weather|Snowscape|[upkeep]\n|-ability|p2a: Espathra|Speed Boost|boost\n|-boost|p2a: Espathra|spe|1\n|upkeep\n|turn|4\n|inactive|Time left: 300 sec this turn | 300 sec total\n|\n|t:|1783535390\n|move|p2a: Espathra|Lumina Crash|p1a: Ninetales\n|-damage|p1a: Ninetales|65/242\n|-unboost|p1a: Ninetales|spd|2\n|move|p1a: Ninetales|Moonblast|p2a: Espathra\n|-damage|p2a: Espathra|0 fnt\n|faint|p2a: Espathra\n|\n|-weather|Snowscape|[upkeep]\n|upkeep\n|\n|t:|1783535391\n|switch|p2a: Terrakion|Terrakion, L79|100/100\n|turn|5\n|inactive|Time left: 300 sec this turn | 300 sec total\n|\n|t:|1783535392\n|switch|p1a: Enamorus|Enamorus-Therian, L83, F|259/259\n|move|p2a: Terrakion|Swords Dance|p2a: Terrakion\n|-boost|p2a: Terrakion|atk|2\n|\n|-weather|none\n|upkeep\n|turn|6\n|inactive|Time left: 300 sec this turn | 300 sec total\n|\n|t:|1783535393\n|move|p2a: Terrakion|Stone Edge|p1a: Enamorus\n|-supereffective|p1a: Enamorus\n|-damage|p1a: Enamorus|20/259\n|-damage|p2a: Terrakion|91/100|[from] item: Life Orb\n|move|p1a: Enamorus|Moonblast|p2a: Terrakion\n|-supereffective|p2a: Terrakion\n|-damage|p2a: Terrakion|0 fnt\n|faint|p2a: Terrakion\n|\n|upkeep\n|\n|t:|1783535394\n|switch|p2a: Minun|Minun, L95, M|100/100\n|turn|7\n|inactive|Time left: 300 sec this turn | 300 sec total\n|\n|t:|1783535395\n|switch|p1a: Muk|Muk, L86, F|321/321\n|-activate|p1a: Muk|move: Sticky Web\n|-unboost|p1a: Muk|spe|1\n|move|p2a: Minun|Thunderbolt|p1a: Muk\n|-damage|p1a: Muk|268/321\n|-damage|p2a: Minun|91/100|[from] item: Life Orb\n|\n|-heal|p1a: Muk|288/321|[from] item: Leftovers\n|upkeep\n|turn|8\n|inactive|Time left: 300 sec this turn | 300 sec total\n|\n|t:|1783535397\n|switch|p2a: Masquerain|Masquerain, L87, M|100/100\n|-ability|p2a: Masquerain|Intimidate|boost\n|-unboost|p1a: Muk|atk|1\n|move|p1a: Muk|Poison Jab|p2a: Masquerain\n|-damage|p2a: Masquerain|70/100\n|-status|p2a: Masquerain|psn|[from] ability: Poison Touch|[of] p1a: Muk\n|\n|-heal|p1a: Muk|308/321|[from] item: Leftovers\n|-damage|p2a: Masquerain|57/100 psn|[from] psn\n|-sideend|p1: p0x1852d38|move: Aurora Veil\n|upkeep\n|turn|9\n|inactive|Time left: 300 sec this turn | 300 sec total\n|\n|t:|1783535398\n|move|p2a: Masquerain|U-turn|p1a: Muk\n|-resisted|p1a: Muk\n|-damage|p1a: Muk|277/321\n|\n|t:|1783535399\n|switch|p2a: Torkoal|Torkoal, L88, M|100/100|[from] U-turn\n|-weather|SunnyDay|[from] ability: Drought|[of] p2a: Torkoal\n|move|p1a: Muk|Knock Off|p2a: Torkoal\n|-damage|p2a: Torkoal|89/100\n|-enditem|p2a: Torkoal|Heavy-Duty Boots|[from] move: Knock Off|[of] p1a: Muk\n|\n|-weather|SunnyDay|[upkeep]\n|-heal|p1a: Muk|297/321|[from] item: Leftovers\n|upkeep\n|turn|10\n|inactive|Time left: 300 sec this turn | 300 sec total\n|\n|t:|1783535400\n|switch|p1a: Ninetales|Ninetales-Alola, L78, M|65/242\n|-activate|p1a: Ninetales|move: Sticky Web\n|-unboost|p1a: Ninetales|spe|1\n|-weather|Snowscape|[from] ability: Snow Warning|[of] p1a: Ninetales\n|move|p2a: Torkoal|Lava Plume|p1a: Ninetales\n|-supereffective|p1a: Ninetales\n|-damage|p1a: Ninetales|0 fnt\n|faint|p1a: Ninetales\n|\n|-weather|Snowscape|[upkeep]\n|upkeep\n|inactive|Time left: 300 sec this turn | 300 sec total | 5 sec grace\n|\n|t:|1783535401\n|switch|p1a: Enamorus|Enamorus-Therian, L83, F|20/259\n|turn|11\n|inactive|Time left: 300 sec this turn | 300 sec total\n|\n|t:|1783535403\n|move|p1a: Enamorus|Earth Power|p2a: Torkoal\n|-supereffective|p2a: Torkoal\n|-damage|p2a: Torkoal|23/100\n|-unboost|p2a: Torkoal|spd|1\n|move|p2a: Torkoal|Lava Plume|p1a: Enamorus\n|-damage|p1a: Enamorus|0 fnt\n|faint|p1a: Enamorus\n|\n|-weather|Snowscape|[upkeep]\n|upkeep\n|inactive|Time left: 300 sec this turn | 300 sec total | 5 sec grace\n|\n|t:|1783535404\n|switch|p1a: Arceus|Arceus-Ice, L72|291/291\n|-activate|p1a: Arceus|move: Sticky Web\n|-unboost|p1a: Arceus|spe|1\n|turn|12\n|inactive|Time left: 300 sec this turn | 300 sec total\n|\n|t:|1783535405\n|switch|p2a: Minun|Minun, L95, M|91/100\n|move|p1a: Arceus|Judgment|p2a: Minun\n|-damage|p2a: Minun|51/100\n|\n|-weather|Snowscape|[upkeep]\n|upkeep\n|turn|13\n|inactive|Time left: 300 sec this turn | 300 sec total\n|\n|t:|1783535406\n|move|p2a: Minun|Nasty Plot|p2a: Minun\n|-boost|p2a: Minun|spa|2\n|move|p1a: Arceus|Calm Mind|p1a: Arceus\n|-boost|p1a: Arceus|spa|1\n|-boost|p1a: Arceus|spd|1\n|\n|-weather|Snowscape|[upkeep]\n|upkeep\n|turn|14\n|inactive|Time left: 300 sec this turn | 300 sec total\n|\n|t:|1783535407\n|move|p2a: Minun|Encore|p1a: Arceus\n|-start|p1a: Arceus|Encore\n|move|p1a: Arceus|Calm Mind|p1a: Arceus\n|-boost|p1a: Arceus|spa|1\n|-boost|p1a: Arceus|spd|1\n|\n|-weather|none\n|upkeep\n|turn|15\n|inactive|Time left: 300 sec this turn | 300 sec total\n|\n|t:|1783535408\n|move|p2a: Minun|Thunderbolt|p1a: Arceus\n|-damage|p1a: Arceus|181/291\n|-damage|p2a: Minun|42/100|[from] item: Life Orb\n|move|p1a: Arceus|Calm Mind|p1a: Arceus\n|-boost|p1a: Arceus|spa|1\n|-boost|p1a: Arceus|spd|1\n|\n|upkeep\n|turn|16\n|inactive|Time left: 300 sec this turn | 300 sec total\n|\n|t:|1783535409\n|move|p2a: Minun|Thunderbolt|p1a: Arceus\n|-damage|p1a: Arceus|78/291\n|-damage|p2a: Minun|32/100|[from] item: Life Orb\n|move|p1a: Arceus|Calm Mind|p1a: Arceus\n|-boost|p1a: Arceus|spa|1\n|-boost|p1a: Arceus|spd|1\n|\n|-end|p1a: Arceus|Encore\n|upkeep\n|turn|17\n|inactive|Time left: 300 sec this turn | 300 sec total\n|\n|t:|1783535411\n|move|p2a: Minun|Encore|p1a: Arceus\n|-start|p1a: Arceus|Encore\n|move|p1a: Arceus|Calm Mind|p1a: Arceus\n|-boost|p1a: Arceus|spa|1\n|-boost|p1a: Arceus|spd|1\n|\n|upkeep\n|turn|18\n|inactive|Time left: 300 sec this turn | 300 sec total\n|\n|t:|1783535412\n|move|p2a: Minun|Thunderbolt|p1a: Arceus\n|-damage|p1a: Arceus|14/291\n|-status|p1a: Arceus|par\n|-damage|p2a: Minun|22/100|[from] item: Life Orb\n|move|p1a: Arceus|Calm Mind|p1a: Arceus\n|-boost|p1a: Arceus|spa|1\n|-boost|p1a: Arceus|spd|1\n|\n|upkeep\n|turn|19\n|inactive|Time left: 300 sec this turn | 300 sec total\n|\n|t:|1783535413\n|move|p2a: Minun|Grass Knot|p1a: Arceus\n|-damage|p1a: Arceus|0 fnt\n|faint|p1a: Arceus\n|-damage|p2a: Minun|12/100|[from] item: Life Orb\n|\n|upkeep\n|inactive|Time left: 300 sec this turn | 300 sec total | 5 sec grace\n|\n|t:|1783535414\n|switch|p1a: Muk|Muk, L86, F|297/321\n|-activate|p1a: Muk|move: Sticky Web\n|-unboost|p1a: Muk|spe|1\n|turn|20\n|inactive|Time left: 300 sec this turn | 300 sec total\n|\n|t:|1783535415\n|move|p1a: Muk|Shadow Sneak|p2a: Minun\n|-damage|p2a: Minun|0 fnt\n|faint|p2a: Minun\n|\n|-heal|p1a: Muk|317/321|[from] item: Leftovers\n|upkeep\n|\n|t:|1783535416\n|switch|p2a: Masquerain|Masquerain, L87, M|57/100 psn\n|-ability|p2a: Masquerain|Intimidate|boost\n|-unboost|p1a: Muk|atk|1\n|turn|21\n|inactive|Time left: 300 sec this turn | 300 sec total\n|\n|t:|1783535417\n|switch|p1a: Emboar|Emboar, L84, M|322/322\n|-activate|p1a: Emboar|move: Sticky Web\n|-unboost|p1a: Emboar|spe|1\n|move|p2a: Masquerain|Hurricane|p1a: Emboar|[miss]\n|-miss|p2a: Masquerain|p1a: Emboar\n|\n|-damage|p2a: Masquerain|45/100 psn|[from] psn\n|upkeep\n|turn|22\n|inactive|Time left: 300 sec this turn | 300 sec total\n|\n|t:|1783535418\n|move|p2a: Masquerain|Hurricane|p1a: Emboar|[miss]\n|-miss|p2a: Masquerain|p1a: Emboar\n|move|p1a: Emboar|Flare Blitz|p2a: Masquerain\n|-supereffective|p2a: Masquerain\n|-damage|p2a: Masquerain|0 fnt\n|faint|p2a: Masquerain\n|-damage|p1a: Emboar|283/322|[from] Recoil\n|\n|upkeep\n|\n|t:|1783535419\n|switch|p2a: Mandibuzz|Mandibuzz, L85, F|100/100\n|turn|23\n|inactive|Time left: 300 sec this turn | 300 sec total\n|\n|t:|1783535420\n|move|p2a: Mandibuzz|Foul Play|p1a: Emboar\n|-resisted|p1a: Emboar\n|-damage|p1a: Emboar|206/322\n|move|p1a: Emboar|Scald|p2a: Mandibuzz\n|-damage|p2a: Mandibuzz|85/100\n|\n|upkeep\n|turn|24\n|inactive|Time left: 300 sec this turn | 300 sec total\n|\n|t:|1783535420\n|move|p2a: Mandibuzz|Foul Play|p1a: Emboar\n|-resisted|p1a: Emboar\n|-damage|p1a: Emboar|125/322\n|move|p1a: Emboar|Scald|p2a: Mandibuzz\n|-damage|p2a: Mandibuzz|67/100\n|\n|upkeep\n|turn|25\n|inactive|Time left: 300 sec this turn | 300 sec total\n|\n|t:|1783535421\n|move|p2a: Mandibuzz|Foul Play|p1a: Emboar\n|-resisted|p1a: Emboar\n|-damage|p1a: Emboar|53/322\n|move|p1a: Emboar|Close Combat|p2a: Mandibuzz\n|-damage|p2a: Mandibuzz|30/100\n|-unboost|p1a: Emboar|def|1\n|-unboost|p1a: Emboar|spd|1\n|\n|upkeep\n|turn|26\n|inactive|Time left: 300 sec this turn | 300 sec total\n|\n|t:|1783535422\n|move|p2a: Mandibuzz|Foul Play|p1a: Emboar\n|-resisted|p1a: Emboar\n|-damage|p1a: Emboar|0 fnt\n|faint|p1a: Emboar\n|\n|upkeep\n|inactive|Time left: 300 sec this turn | 300 sec total | 5 sec grace\n|\n|t:|1783535423\n|switch|p1a: Muk|Muk, L86, F|317/321\n|-activate|p1a: Muk|move: Sticky Web\n|-unboost|p1a: Muk|spe|1\n|turn|27\n|inactive|Time left: 300 sec this turn | 300 sec total\n|\n|t:|1783535424\n|move|p2a: Mandibuzz|Roost|p2a: Mandibuzz\n|-heal|p2a: Mandibuzz|80/100\n|-singleturn|p2a: Mandibuzz|move: Roost\n|move|p1a: Muk|Poison Jab|p2a: Mandibuzz\n|-damage|p2a: Mandibuzz|56/100\n|-status|p2a: Mandibuzz|psn\n|\n|-heal|p1a: Muk|321/321|[from] item: Leftovers\n|-damage|p2a: Mandibuzz|43/100 psn|[from] psn\n|upkeep\n|turn|28\n|inactive|Time left: 300 sec this turn | 300 sec total\n|\n|t:|1783535425\n|move|p2a: Mandibuzz|Roost|p2a: Mandibuzz\n|-heal|p2a: Mandibuzz|93/100 psn\n|-singleturn|p2a: Mandibuzz|move: Roost\n|move|p1a: Muk|Poison Jab|p2a: Mandibuzz\n|-damage|p2a: Mandibuzz|67/100 psn\n|\n|-damage|p2a: Mandibuzz|55/100 psn|[from] psn\n|upkeep\n|turn|29\n|inactive|Time left: 300 sec this turn | 300 sec total\n|\n|t:|1783535426\n|move|p2a: Mandibuzz|Roost|p2a: Mandibuzz\n|-heal|p2a: Mandibuzz|100/100 psn\n|-singleturn|p2a: Mandibuzz|move: Roost\n|move|p1a: Muk|Poison Jab|p2a: Mandibuzz\n|-damage|p2a: Mandibuzz|73/100 psn\n|\n|-damage|p2a: Mandibuzz|61/100 psn|[from] psn\n|upkeep\n|turn|30\n|inactive|Time left: 300 sec this turn | 300 sec total\n|\n|t:|1783535427\n|move|p2a: Mandibuzz|Roost|p2a: Mandibuzz\n|-heal|p2a: Mandibuzz|100/100 psn\n|-singleturn|p2a: Mandibuzz|move: Roost\n|move|p1a: Muk|Poison Jab|p2a: Mandibuzz\n|-damage|p2a: Mandibuzz|74/100 psn\n|\n|-damage|p2a: Mandibuzz|61/100 psn|[from] psn\n|upkeep\n|turn|31\n|inactive|Time left: 300 sec this turn | 300 sec total\n|\n|t:|1783535427\n|move|p2a: Mandibuzz|Roost|p2a: Mandibuzz\n|-heal|p2a: Mandibuzz|100/100 psn\n|-singleturn|p2a: Mandibuzz|move: Roost\n|move|p1a: Muk|Poison Jab|p2a: Mandibuzz\n|-damage|p2a: Mandibuzz|74/100 psn\n|\n|-damage|p2a: Mandibuzz|62/100 psn|[from] psn\n|upkeep\n|turn|32\n|inactive|Time left: 300 sec this turn | 300 sec total\n|\n|t:|1783535428\n|move|p2a: Mandibuzz|Roost|p2a: Mandibuzz\n|-heal|p2a: Mandibuzz|100/100 psn\n|-singleturn|p2a: Mandibuzz|move: Roost\n|move|p1a: Muk|Knock Off|p2a: Mandibuzz\n|-resisted|p2a: Mandibuzz\n|-damage|p2a: Mandibuzz|90/100 psn\n|-enditem|p2a: Mandibuzz|Heavy-Duty Boots|[from] move: Knock Off|[of] p1a: Muk\n|\n|-damage|p2a: Mandibuzz|78/100 psn|[from] psn\n|upkeep\n|turn|33\n|inactive|Time left: 300 sec this turn | 300 sec total\n|\n|t:|1783535429\n|move|p2a: Mandibuzz|Foul Play|p1a: Muk\n|-damage|p1a: Muk|200/321\n|move|p1a: Muk|Poison Jab|p2a: Mandibuzz\n|-damage|p2a: Mandibuzz|50/100 psn\n|\n|-heal|p1a: Muk|220/321|[from] item: Leftovers\n|-damage|p2a: Mandibuzz|38/100 psn|[from] psn\n|upkeep\n|turn|34\n|inactive|Time left: 300 sec this turn | 300 sec total\n|\n|t:|1783535430\n|move|p2a: Mandibuzz|Roost|p2a: Mandibuzz\n|-heal|p2a: Mandibuzz|88/100 psn\n|-singleturn|p2a: Mandibuzz|move: Roost\n|move|p1a: Muk|Poison Jab|p2a: Mandibuzz\n|-damage|p2a: Mandibuzz|63/100 psn\n|\n|-heal|p1a: Muk|240/321|[from] item: Leftovers\n|-damage|p2a: Mandibuzz|50/100 psn|[from] psn\n|upkeep\n|turn|35\n|inactive|Time left: 300 sec this turn | 300 sec total\n|\n|t:|1783535431\n|move|p2a: Mandibuzz|Roost|p2a: Mandibuzz\n|-heal|p2a: Mandibuzz|100/100 psn\n|-singleturn|p2a: Mandibuzz|move: Roost\n|move|p1a: Muk|Poison Jab|p2a: Mandibuzz\n|-damage|p2a: Mandibuzz|74/100 psn\n|\n|-heal|p1a: Muk|260/321|[from] item: Leftovers\n|-damage|p2a: Mandibuzz|61/100 psn|[from] psn\n|upkeep\n|turn|36\n|inactive|Time left: 300 sec this turn | 300 sec total\n|\n|t:|1783535432\n|move|p2a: Mandibuzz|Foul Play|p1a: Muk\n|-damage|p1a: Muk|131/321\n|move|p1a: Muk|Poison Jab|p2a: Mandibuzz\n|-damage|p2a: Mandibuzz|35/100 psn\n|\n|-heal|p1a: Muk|151/321|[from] item: Leftovers\n|-damage|p2a: Mandibuzz|22/100 psn|[from] psn\n|upkeep\n|turn|37\n|inactive|Time left: 300 sec this turn | 300 sec total\n|\n|t:|1783535432\n|switch|p2a: Torkoal|Torkoal, L88, M|23/100\n|-weather|SunnyDay|[from] ability: Drought|[of] p2a: Torkoal\n|move|p1a: Muk|Poison Jab|p2a: Torkoal\n|-damage|p2a: Torkoal|0 fnt\n|faint|p2a: Torkoal\n|\n|-weather|SunnyDay|[upkeep]\n|-heal|p1a: Muk|171/321|[from] item: Leftovers\n|upkeep\n|\n|t:|1783535433\n|switch|p2a: Mandibuzz|Mandibuzz, L85, F|22/100 psn\n|turn|38\n|inactive|Time left: 300 sec this turn | 300 sec total\n|\n|t:|1783535434\n|move|p1a: Muk|Shadow Sneak|p2a: Mandibuzz\n|-resisted|p2a: Mandibuzz\n|-damage|p2a: Mandibuzz|18/100 psn\n|move|p2a: Mandibuzz|Toxic|p1a: Muk\n|-immune|p1a: Muk\n|\n|-weather|SunnyDay|[upkeep]\n|-heal|p1a: Muk|191/321|[from] item: Leftovers\n|-damage|p2a: Mandibuzz|5/100 psn|[from] psn\n|upkeep\n|turn|39\n|inactive|Time left: 300 sec this turn | 300 sec total\n|\n|t:|1783535435\n|switch|p1a: Cacturne|Cacturne, L92, F|278/278\n|-activate|p1a: Cacturne|move: Sticky Web\n|-unboost|p1a: Cacturne|spe|1\n|-terastallize|p2a: Mandibuzz|Steel\n|move|p2a: Mandibuzz|Foul Play|p1a: Cacturne\n|-resisted|p1a: Cacturne\n|-damage|p1a: Cacturne|194/278\n|\n|-weather|SunnyDay|[upkeep]\n|-damage|p2a: Mandibuzz|0 fnt|[from] psn\n|faint|p2a: Mandibuzz\n|\n|win|p0x1852d38", "uploadtime": 1783535435, "views": 0, "rating": 0, "private": 0, "password": null, "_winner": "p0x1852d38", "_our_name": "p0x1852d38"}