{"id": "battle-gen9randombattle-1413", "formatid": "gen9randombattle", "format": "[Gen 9] Random Battle", "players": ["p0x1413cf02", "p0y14131349"], "log": "|init|battle\n|title|p0x1413cf02 vs. p0y14131349\n|j|\u2606p0x1413cf02\n|j|\u2606p0y14131349\n|t:|1783555486\n|gametype|singles\n|player|p1|p0x1413cf02|1|\n|player|p2|p0y14131349|170|\n|gen|9\n|tier|[Gen 9] Random Battle\n|rule|Species Clause: Limit one of each Pok\u00e9mon\n|rule|HP Percentage Mod: HP is shown in percentages\n|rule|Sleep Clause Mod: Limit one foe put to sleep\n|rule|Illusion Level Mod: Illusion disguises the Pok\u00e9mon's true level\n|\n|t:|1783555486\n|teamsize|p1|6\n|teamsize|p2|6\n|start\n|switch|p1a: Hawlucha|Hawlucha, L80, F|100/100\n|switch|p2a: Calyrex|Calyrex, L93|337/337\n|-ability|p2a: Calyrex|Unnerve\n|turn|1\n|inactive|Battle timer is ON: inactive players will automatically lose when time's up. (requested by p0y14131349)\n|inactive|p0x1413cf02 also wants the timer to be on.\n|\n|t:|1783555487\n|switch|p1a: Hatterene|Hatterene, L85, F|100/100\n|move|p2a: Calyrex|Psychic|p1a: Hatterene\n|-resisted|p1a: Hatterene\n|-damage|p1a: Hatterene|87/100\n|\n|upkeep\n|turn|2\n|inactive|Time left: 300 sec this turn | 300 sec total\n|\n|t:|1783555489\n|move|p2a: Calyrex|Calm Mind|p2a: Calyrex\n|-boost|p2a: Calyrex|spa|1\n|-boost|p2a: Calyrex|spd|1\n|move|p1a: Hatterene|Mystical Fire|p2a: Calyrex\n|-supereffective|p2a: Calyrex\n|-damage|p2a: Calyrex|245/337\n|-unboost|p2a: Calyrex|spa|1\n|\n|-heal|p2a: Calyrex|266/337|[from] item: Leftovers\n|upkeep\n|turn|3\n|inactive|Time left: 300 sec this turn | 300 sec total\n|\n|t:|1783555490\n|move|p2a: Calyrex|Calm Mind|p2a: Calyrex\n|-boost|p2a: Calyrex|spa|1\n|-boost|p2a: Calyrex|spd|1\n|move|p1a: Hatterene|Mystical Fire|p2a: Calyrex\n|-supereffective|p2a: Calyrex\n|-crit|p2a: Calyrex\n|-damage|p2a: Calyrex|60/337\n|-unboost|p2a: Calyrex|spa|1\n|\n|-heal|p2a: Calyrex|81/337|[from] item: Leftovers\n|upkeep\n|turn|4\n|inactive|Time left: 300 sec this turn | 300 sec total\n|\n|t:|1783555491\n|move|p2a: Calyrex|Calm Mind|p2a: Calyrex\n|-boost|p2a: Calyrex|spa|1\n|-boost|p2a: Calyrex|spd|1\n|move|p1a: Hatterene|Mystical Fire|p2a: Calyrex\n|-supereffective|p2a: Calyrex\n|-damage|p2a: Calyrex|29/337\n|-unboost|p2a: Calyrex|spa|1\n|\n|-heal|p2a: Calyrex|50/337|[from] item: Leftovers\n|upkeep\n|turn|5\n|inactive|Time left: 300 sec this turn | 300 sec total\n|\n|t:|1783555491\n|move|p2a: Calyrex|Giga Drain|p1a: Hatterene\n|-damage|p1a: Hatterene|66/100\n|-heal|p2a: Calyrex|75/337|[from] drain|[of] p1a: Hatterene\n|move|p1a: Hatterene|Mystical Fire|p2a: Calyrex\n|-supereffective|p2a: Calyrex\n|-crit|p2a: Calyrex\n|-damage|p2a: Calyrex|0 fnt\n|faint|p2a: Calyrex\n|\n|upkeep\n|inactive|Time left: 300 sec this turn | 300 sec total | 5 sec grace\n|\n|t:|1783555492\n|switch|p2a: Emboar|Emboar, L84, M|322/322\n|turn|6\n|inactive|Time left: 300 sec this turn | 300 sec total\n|\n|t:|1783555493\n|move|p2a: Emboar|Flare Blitz|p1a: Hatterene\n|-damage|p1a: Hatterene|0 fnt\n|faint|p1a: Hatterene\n|-damage|p2a: Emboar|271/322|[from] Recoil\n|\n|upkeep\n|\n|t:|1783555494\n|switch|p1a: Tauros|Tauros, L82, M|100/100\n|turn|7\n|inactive|Time left: 300 sec this turn | 300 sec total\n|\n|t:|1783555495\n|move|p1a: Tauros|Earthquake|p2a: Emboar\n|-supereffective|p2a: Emboar\n|-damage|p2a: Emboar|42/322\n|-damage|p1a: Tauros|91/100|[from] item: Life Orb\n|move|p2a: Emboar|Flare Blitz|p1a: Tauros\n|-crit|p1a: Tauros\n|-damage|p1a: Tauros|0 fnt\n|faint|p1a: Tauros\n|-damage|p2a: Emboar|0 fnt|[from] Recoil\n|faint|p2a: Emboar\n|\n|upkeep\n|inactive|Time left: 300 sec this turn | 300 sec total | 5 sec grace\n|\n|t:|1783555496\n|switch|p1a: Hawlucha|Hawlucha, L80, F|100/100\n|switch|p2a: Terrakion|Terrakion, L79|273/273\n|turn|8\n|inactive|Time left: 300 sec this turn | 300 sec total\n|\n|t:|1783555497\n|move|p1a: Hawlucha|Close Combat|p2a: Terrakion\n|-supereffective|p2a: Terrakion\n|-damage|p2a: Terrakion|43/273\n|-unboost|p1a: Hawlucha|def|1\n|-unboost|p1a: Hawlucha|spd|1\n|-enditem|p1a: Hawlucha|White Herb\n|-clearnegativeboost|p1a: Hawlucha|[silent]\n|move|p2a: Terrakion|Stone Edge|p1a: Hawlucha\n|-damage|p1a: Hawlucha|18/100\n|\n|upkeep\n|turn|9\n|inactive|Time left: 300 sec this turn | 300 sec total\n|\n|t:|1783555498\n|switch|p2a: Swampert|Swampert, L83, F|302/302\n|move|p1a: Hawlucha|Acrobatics|p2a: Swampert\n|-damage|p2a: Swampert|199/302\n|\n|-heal|p2a: Swampert|217/302|[from] item: Leftovers\n|upkeep\n|turn|10\n|inactive|Time left: 300 sec this turn | 300 sec total\n|\n|t:|1783555499\n|move|p1a: Hawlucha|Acrobatics|p2a: Swampert\n|-damage|p2a: Swampert|123/302\n|move|p2a: Swampert|Stealth Rock|p1a: Hawlucha\n|-sidestart|p1: p0x1413cf02|move: Stealth Rock\n|\n|-heal|p2a: Swampert|141/302|[from] item: Leftovers\n|upkeep\n|turn|11\n|inactive|Time left: 300 sec this turn | 300 sec total\n|\n|t:|1783555500\n|move|p1a: Hawlucha|Acrobatics|p2a: Swampert\n|-crit|p2a: Swampert\n|-damage|p2a: Swampert|0 fnt\n|faint|p2a: Swampert\n|\n|upkeep\n|inactive|Time left: 300 sec this turn | 300 sec total | 5 sec grace\n|\n|t:|1783555501\n|switch|p2a: Terrakion|Terrakion, L79|43/273\n|turn|12\n|inactive|Time left: 300 sec this turn | 300 sec total\n|\n|t:|1783555502\n|move|p2a: Terrakion|Quick Attack|p1a: Hawlucha\n|-damage|p1a: Hawlucha|0 fnt\n|faint|p1a: Hawlucha\n|\n|upkeep\n|\n|t:|1783555503\n|switch|p1a: Gothitelle|Gothitelle, L90, F|100/100\n|-damage|p1a: Gothitelle|88/100|[from] Stealth Rock\n|turn|13\n|inactive|Time left: 300 sec this turn | 300 sec total\n|\n|t:|1783555504\n|move|p2a: Terrakion|Quick Attack|p1a: Gothitelle\n|-damage|p1a: Gothitelle|73/100\n|move|p1a: Gothitelle|Calm Mind|p1a: Gothitelle\n|-boost|p1a: Gothitelle|spa|1\n|-boost|p1a: Gothitelle|spd|1\n|\n|-heal|p1a: Gothitelle|80/100|[from] item: Leftovers\n|upkeep\n|turn|14\n|inactive|Time left: 300 sec this turn | 300 sec total\n|\n|t:|1783555505\n|move|p2a: Terrakion|Quick Attack|p1a: Gothitelle\n|-damage|p1a: Gothitelle|63/100\n|move|p1a: Gothitelle|Calm Mind|p1a: Gothitelle\n|-boost|p1a: Gothitelle|spa|1\n|-boost|p1a: Gothitelle|spd|1\n|\n|-heal|p1a: Gothitelle|69/100|[from] item: Leftovers\n|upkeep\n|turn|15\n|inactive|Time left: 300 sec this turn | 300 sec total\n|\n|t:|1783555506\n|move|p2a: Terrakion|Quick Attack|p1a: Gothitelle\n|-damage|p1a: Gothitelle|55/100\n|move|p1a: Gothitelle|Calm Mind|p1a: Gothitelle\n|-boost|p1a: Gothitelle|spa|1\n|-boost|p1a: Gothitelle|spd|1\n|\n|-heal|p1a: Gothitelle|61/100|[from] item: Leftovers\n|upkeep\n|turn|16\n|inactive|Time left: 300 sec this turn | 300 sec total\n|\n|t:|1783555507\n|move|p2a: Terrakion|Quick Attack|p1a: Gothitelle\n|-damage|p1a: Gothitelle|46/100\n|move|p1a: Gothitelle|Psychic Noise|p2a: Terrakion\n|-supereffective|p2a: Terrakion\n|-damage|p2a: Terrakion|0 fnt\n|faint|p2a: Terrakion\n|\n|-heal|p1a: Gothitelle|52/100|[from] item: Leftovers\n|upkeep\n|inactive|Time left: 300 sec this turn | 300 sec total | 5 sec grace\n|\n|t:|1783555508\n|switch|p2a: Hydreigon|Hydreigon, L79, F|275/275\n|turn|17\n|inactive|Time left: 300 sec this turn | 300 sec total\n|\n|t:|1783555509\n|-terastallize|p2a: Hydreigon|Dark\n|-terastallize|p1a: Gothitelle|Steel\n|move|p2a: Hydreigon|Dark Pulse|p1a: Gothitelle\n|-damage|p1a: Gothitelle|29/100\n|move|p1a: Gothitelle|Thunderbolt|p2a: Hydreigon\n|-damage|p2a: Hydreigon|103/275\n|\n|-heal|p1a: Gothitelle|35/100|[from] item: Leftovers\n|upkeep\n|turn|18\n|inactive|Time left: 300 sec this turn | 300 sec total\n|\n|t:|1783555511\n|move|p2a: Hydreigon|Dark Pulse|p1a: Gothitelle\n|-damage|p1a: Gothitelle|13/100\n|move|p1a: Gothitelle|Thunderbolt|p2a: Hydreigon\n|-damage|p2a: Hydreigon|0 fnt\n|faint|p2a: Hydreigon\n|\n|-heal|p1a: Gothitelle|20/100|[from] item: Leftovers\n|upkeep\n|inactive|Time left: 300 sec this turn | 300 sec total | 5 sec grace\n|\n|t:|1783555512\n|switch|p2a: Whimsicott|Whimsicott, L84, F|238/238\n|turn|19\n|inactive|Time left: 300 sec this turn | 300 sec total\n|\n|t:|1783555513\n|move|p2a: Whimsicott|Encore|p1a: Gothitelle\n|-start|p1a: Gothitelle|Encore\n|move|p1a: Gothitelle|Thunderbolt|p2a: Whimsicott\n|-resisted|p2a: Whimsicott\n|-damage|p2a: Whimsicott|144/238\n|\n|-heal|p1a: Gothitelle|26/100|[from] item: Leftovers\n|upkeep\n|turn|20\n|inactive|Time left: 300 sec this turn | 300 sec total\n|\n|t:|1783555514\n|move|p2a: Whimsicott|Stun Spore|p1a: Gothitelle|[miss]\n|-miss|p2a: Whimsicott|p1a: Gothitelle\n|move|p1a: Gothitelle|Thunderbolt|p2a: Whimsicott\n|-resisted|p2a: Whimsicott\n|-damage|p2a: Whimsicott|44/238\n|\n|-heal|p1a: Gothitelle|32/100|[from] item: Leftovers\n|upkeep\n|turn|21\n|inactive|Time left: 300 sec this turn | 300 sec total\n|\n|t:|1783555515\n|move|p2a: Whimsicott|Stun Spore|p1a: Gothitelle\n|-status|p1a: Gothitelle|par\n|cant|p1a: Gothitelle|par\n|\n|-heal|p1a: Gothitelle|38/100 par|[from] item: Leftovers\n|-end|p1a: Gothitelle|Encore\n|upkeep\n|turn|22\n|inactive|Time left: 300 sec this turn | 300 sec total\n|\n|t:|1783555516\n|move|p2a: Whimsicott|Stun Spore|p1a: Gothitelle\n|-fail|p1a: Gothitelle|par\n|move|p1a: Gothitelle|Thunderbolt|p2a: Whimsicott\n|-resisted|p2a: Whimsicott\n|-damage|p2a: Whimsicott|0 fnt\n|faint|p2a: Whimsicott\n|\n|win|p0x1413cf02", "uploadtime": 1783555516, "views": 0, "rating": 0, "private": 0, "password": null, "_winner": "p0x1413cf02", "_our_name": "p0y14131349"}