{"id": "battle-gen9randombattle-279", "formatid": "gen9randombattle", "format": "[Gen 9] Random Battle", "players": ["p0x279e9d1", "p0y2793d77"], "log": "|init|battle\n|title|p0x279e9d1 vs. p0y2793d77\n|j|\u2606p0x279e9d1\n|j|\u2606p0y2793d77\n|t:|1783542298\n|gametype|singles\n|player|p1|p0x279e9d1|265|\n|player|p2|p0y2793d77|102|\n|gen|9\n|tier|[Gen 9] Random Battle\n|rule|Species Clause: Limit one of each Pok\u00e9mon\n|rule|HP Percentage Mod: HP is shown in percentages\n|rule|Sleep Clause Mod: Limit one foe put to sleep\n|rule|Illusion Level Mod: Illusion disguises the Pok\u00e9mon's true level\n|\n|t:|1783542298\n|teamsize|p1|6\n|teamsize|p2|6\n|start\n|switch|p1a: Carbink|Carbink, L90|236/236\n|switch|p2a: Altaria|Altaria, L89, F|100/100\n|turn|1\n|inactive|Battle timer is ON: inactive players will automatically lose when time's up. (requested by p0x279e9d1)\n|inactive|p0y2793d77 also wants the timer to be on.\n|\n|t:|1783542299\n|move|p2a: Altaria|Dragon Dance|p2a: Altaria\n|-boost|p2a: Altaria|atk|1\n|-boost|p2a: Altaria|spe|1\n|move|p1a: Carbink|Moonblast|p2a: Altaria\n|-supereffective|p2a: Altaria\n|-crit|p2a: Altaria\n|-damage|p2a: Altaria|38/100\n|\n|upkeep\n|turn|2\n|inactive|Time left: 300 sec this turn | 300 sec total\n|\n|t:|1783542301\n|move|p2a: Altaria|Roost|p2a: Altaria\n|-heal|p2a: Altaria|88/100\n|-singleturn|p2a: Altaria|move: Roost\n|move|p1a: Carbink|Moonblast|p2a: Altaria\n|-supereffective|p2a: Altaria\n|-damage|p2a: Altaria|40/100\n|\n|upkeep\n|turn|3\n|inactive|Time left: 300 sec this turn | 300 sec total\n|\n|t:|1783542302\n|move|p2a: Altaria|Roost|p2a: Altaria\n|-heal|p2a: Altaria|90/100\n|-singleturn|p2a: Altaria|move: Roost\n|move|p1a: Carbink|Moonblast|p2a: Altaria\n|-supereffective|p2a: Altaria\n|-damage|p2a: Altaria|51/100\n|-unboost|p2a: Altaria|spa|1\n|\n|upkeep\n|turn|4\n|inactive|Time left: 300 sec this turn | 300 sec total\n|\n|t:|1783542303\n|move|p2a: Altaria|Roost|p2a: Altaria\n|-heal|p2a: Altaria|100/100\n|-singleturn|p2a: Altaria|move: Roost\n|move|p1a: Carbink|Moonblast|p2a: Altaria\n|-supereffective|p2a: Altaria\n|-damage|p2a: Altaria|59/100\n|\n|upkeep\n|turn|5\n|inactive|Time left: 300 sec this turn | 300 sec total\n|\n|t:|1783542304\n|move|p2a: Altaria|Roost|p2a: Altaria\n|-heal|p2a: Altaria|100/100\n|-singleturn|p2a: Altaria|move: Roost\n|move|p1a: Carbink|Moonblast|p2a: Altaria\n|-supereffective|p2a: Altaria\n|-damage|p2a: Altaria|59/100\n|\n|upkeep\n|turn|6\n|inactive|Time left: 300 sec this turn | 300 sec total\n|\n|t:|1783542305\n|move|p2a: Altaria|Roost|p2a: Altaria\n|-heal|p2a: Altaria|100/100\n|-singleturn|p2a: Altaria|move: Roost\n|move|p1a: Carbink|Moonblast|p2a: Altaria\n|-supereffective|p2a: Altaria\n|-damage|p2a: Altaria|59/100\n|\n|upkeep\n|turn|7\n|inactive|Time left: 300 sec this turn | 300 sec total\n|\n|t:|1783542305\n|move|p2a: Altaria|Roost|p2a: Altaria\n|-heal|p2a: Altaria|100/100\n|-singleturn|p2a: Altaria|move: Roost\n|move|p1a: Carbink|Moonblast|p2a: Altaria\n|-supereffective|p2a: Altaria\n|-damage|p2a: Altaria|59/100\n|\n|upkeep\n|turn|8\n|inactive|Time left: 300 sec this turn | 300 sec total\n|\n|t:|1783542306\n|move|p2a: Altaria|Dragon Dance|p2a: Altaria\n|-boost|p2a: Altaria|atk|1\n|-boost|p2a: Altaria|spe|1\n|move|p1a: Carbink|Moonblast|p2a: Altaria\n|-supereffective|p2a: Altaria\n|-damage|p2a: Altaria|16/100\n|\n|upkeep\n|turn|9\n|inactive|Time left: 300 sec this turn | 300 sec total\n|\n|t:|1783542307\n|move|p2a: Altaria|Roost|p2a: Altaria\n|-heal|p2a: Altaria|66/100\n|-singleturn|p2a: Altaria|move: Roost\n|move|p1a: Carbink|Moonblast|p2a: Altaria\n|-supereffective|p2a: Altaria\n|-damage|p2a: Altaria|22/100\n|\n|upkeep\n|turn|10\n|inactive|Time left: 300 sec this turn | 300 sec total\n|\n|t:|1783542308\n|move|p2a: Altaria|Roost|p2a: Altaria\n|-heal|p2a: Altaria|72/100\n|-singleturn|p2a: Altaria|move: Roost\n|move|p1a: Carbink|Moonblast|p2a: Altaria\n|-supereffective|p2a: Altaria\n|-damage|p2a: Altaria|31/100\n|\n|upkeep\n|turn|11\n|inactive|Time left: 300 sec this turn | 300 sec total\n|\n|t:|1783542309\n|move|p2a: Altaria|Earthquake|p1a: Carbink\n|-supereffective|p1a: Carbink\n|-damage|p1a: Carbink|82/236\n|move|p1a: Carbink|Moonblast|p2a: Altaria\n|-supereffective|p2a: Altaria\n|-damage|p2a: Altaria|0 fnt\n|faint|p2a: Altaria\n|\n|upkeep\n|\n|t:|1783542310\n|switch|p2a: Sinistcha|Sinistcha-Masterpiece, L83|100/100\n|turn|12\n|inactive|Time left: 300 sec this turn | 300 sec total\n|\n|t:|1783542311\n|-terastallize|p1a: Carbink|Fighting\n|move|p2a: Sinistcha|Matcha Gotcha|p1a: Carbink\n|-damage|p1a: Carbink|16/236\n|move|p1a: Carbink|Rest|p1a: Carbink\n|-status|p1a: Carbink|slp|[from] move: Rest\n|-heal|p1a: Carbink|236/236 slp|[silent]\n|-enditem|p1a: Carbink|Chesto Berry|[eat]\n|-curestatus|p1a: Carbink|slp|[msg]\n|\n|upkeep\n|turn|13\n|inactive|Time left: 300 sec this turn | 300 sec total\n|\n|t:|1783542312\n|move|p2a: Sinistcha|Calm Mind|p2a: Sinistcha\n|-boost|p2a: Sinistcha|spa|1\n|-boost|p2a: Sinistcha|spd|1\n|move|p1a: Carbink|Moonblast|p2a: Sinistcha\n|-damage|p2a: Sinistcha|78/100\n|\n|-heal|p2a: Sinistcha|84/100|[from] item: Leftovers\n|upkeep\n|turn|14\n|inactive|Time left: 300 sec this turn | 300 sec total\n|\n|t:|1783542313\n|move|p2a: Sinistcha|Calm Mind|p2a: Sinistcha\n|-boost|p2a: Sinistcha|spa|1\n|-boost|p2a: Sinistcha|spd|1\n|move|p1a: Carbink|Moonblast|p2a: Sinistcha\n|-damage|p2a: Sinistcha|69/100\n|-unboost|p2a: Sinistcha|spa|1\n|\n|-heal|p2a: Sinistcha|75/100|[from] item: Leftovers\n|upkeep\n|turn|15\n|inactive|Time left: 300 sec this turn | 300 sec total\n|\n|t:|1783542314\n|move|p2a: Sinistcha|Matcha Gotcha|p1a: Carbink\n|-damage|p1a: Carbink|143/236\n|-heal|p2a: Sinistcha|93/100|[from] drain|[of] p1a: Carbink\n|-status|p1a: Carbink|brn\n|move|p1a: Carbink|Iron Defense|p1a: Carbink\n|-boost|p1a: Carbink|def|2\n|\n|-heal|p2a: Sinistcha|99/100|[from] item: Leftovers\n|-damage|p1a: Carbink|129/236 brn|[from] brn\n|upkeep\n|turn|16\n|inactive|Time left: 300 sec this turn | 300 sec total\n|\n|t:|1783542315\n|move|p2a: Sinistcha|Calm Mind|p2a: Sinistcha\n|-boost|p2a: Sinistcha|spa|1\n|-boost|p2a: Sinistcha|spd|1\n|move|p1a: Carbink|Rest|p1a: Carbink\n|-status|p1a: Carbink|slp|[from] move: Rest\n|-heal|p1a: Carbink|236/236 slp|[silent]\n|\n|-heal|p2a: Sinistcha|100/100|[from] item: Leftovers\n|upkeep\n|turn|17\n|inactive|Time left: 300 sec this turn | 300 sec total\n|\n|t:|1783542316\n|move|p2a: Sinistcha|Matcha Gotcha|p1a: Carbink\n|-damage|p1a: Carbink|106/236 slp\n|cant|p1a: Carbink|slp\n|\n|upkeep\n|turn|18\n|inactive|Time left: 300 sec this turn | 300 sec total\n|\n|t:|1783542317\n|move|p2a: Sinistcha|Shadow Ball|p1a: Carbink\n|-damage|p1a: Carbink|0 fnt\n|faint|p1a: Carbink\n|\n|upkeep\n|inactive|Time left: 300 sec this turn | 300 sec total | 5 sec grace\n|\n|t:|1783542317\n|switch|p1a: Comfey|Comfey, L85, F|225/225\n|turn|19\n|inactive|Time left: 300 sec this turn | 300 sec total\n|\n|t:|1783542318\n|move|p1a: Comfey|Calm Mind|p1a: Comfey\n|-boost|p1a: Comfey|spa|1\n|-boost|p1a: Comfey|spd|1\n|move|p2a: Sinistcha|Shadow Ball|p1a: Comfey\n|-damage|p1a: Comfey|110/225\n|\n|-heal|p1a: Comfey|124/225|[from] item: Leftovers\n|upkeep\n|turn|20\n|inactive|Time left: 300 sec this turn | 300 sec total\n|\n|t:|1783542319\n|move|p1a: Comfey|Calm Mind|p1a: Comfey\n|-boost|p1a: Comfey|spa|1\n|-boost|p1a: Comfey|spd|1\n|move|p2a: Sinistcha|Shadow Ball|p1a: Comfey\n|-damage|p1a: Comfey|37/225\n|\n|-heal|p1a: Comfey|51/225|[from] item: Leftovers\n|upkeep\n|turn|21\n|inactive|Time left: 300 sec this turn | 300 sec total\n|\n|t:|1783542320\n|move|p1a: Comfey|Draining Kiss|p2a: Sinistcha\n|-damage|p2a: Sinistcha|82/100\n|-heal|p1a: Comfey|86/225|[from] drain|[of] p2a: Sinistcha\n|move|p2a: Sinistcha|Matcha Gotcha|p1a: Comfey\n|-damage|p1a: Comfey|1/225\n|-heal|p2a: Sinistcha|99/100|[from] drain|[of] p1a: Comfey\n|\n|-heal|p1a: Comfey|15/225|[from] item: Leftovers\n|-heal|p2a: Sinistcha|100/100|[from] item: Leftovers\n|upkeep\n|turn|22\n|inactive|Time left: 300 sec this turn | 300 sec total\n|\n|t:|1783542322\n|move|p1a: Comfey|Encore|p2a: Sinistcha\n|-start|p2a: Sinistcha|Encore\n|move|p2a: Sinistcha|Matcha Gotcha|p1a: Comfey\n|-damage|p1a: Comfey|0 fnt\n|faint|p1a: Comfey\n|\n|upkeep\n|inactive|Time left: 300 sec this turn | 300 sec total | 5 sec grace\n|\n|t:|1783542323\n|switch|p1a: Hitmontop|Hitmontop, L88, M|231/231\n|-ability|p1a: Hitmontop|Intimidate|boost\n|-unboost|p2a: Sinistcha|atk|1\n|turn|23\n|inactive|Time left: 300 sec this turn | 300 sec total\n|\n|t:|1783542324\n|switch|p1a: Armarouge|Armarouge, L80, F|267/267\n|move|p2a: Sinistcha|Matcha Gotcha|p1a: Armarouge\n|-resisted|p1a: Armarouge\n|-damage|p1a: Armarouge|153/267\n|\n|upkeep\n|turn|24\n|inactive|Time left: 300 sec this turn | 300 sec total\n|\n|t:|1783542325\n|move|p1a: Armarouge|Meteor Beam||[still]\n|-prepare|p1a: Armarouge|Meteor Beam\n|-boost|p1a: Armarouge|spa|1\n|-enditem|p1a: Armarouge|Power Herb\n|-anim|p1a: Armarouge|Meteor Beam|p2a: Sinistcha\n|-damage|p2a: Sinistcha|76/100\n|move|p2a: Sinistcha|Matcha Gotcha|p1a: Armarouge\n|-resisted|p1a: Armarouge\n|-damage|p1a: Armarouge|43/267\n|-heal|p2a: Sinistcha|97/100|[from] drain|[of] p1a: Armarouge\n|\n|-heal|p2a: Sinistcha|100/100|[from] item: Leftovers\n|-end|p2a: Sinistcha|Encore\n|upkeep\n|turn|25\n|inactive|Time left: 300 sec this turn | 300 sec total\n|\n|t:|1783542326\n|move|p1a: Armarouge|Armor Cannon|p2a: Sinistcha\n|-supereffective|p2a: Sinistcha\n|-damage|p2a: Sinistcha|64/100\n|-unboost|p1a: Armarouge|def|1\n|-unboost|p1a: Armarouge|spd|1\n|move|p2a: Sinistcha|Shadow Ball|p1a: Armarouge\n|-supereffective|p1a: Armarouge\n|-damage|p1a: Armarouge|0 fnt\n|faint|p1a: Armarouge\n|\n|-heal|p2a: Sinistcha|70/100|[from] item: Leftovers\n|upkeep\n|inactive|Time left: 300 sec this turn | 300 sec total | 5 sec grace\n|\n|t:|1783542327\n|switch|p1a: Cramorant|Cramorant, L86, M|261/261\n|turn|26\n|inactive|Time left: 300 sec this turn | 300 sec total\n|\n|t:|1783542329\n|-terastallize|p2a: Sinistcha|Steel\n|move|p1a: Cramorant|Brave Bird|p2a: Sinistcha\n|-resisted|p2a: Sinistcha\n|-damage|p2a: Sinistcha|50/100\n|-damage|p1a: Cramorant|244/261|[from] Recoil\n|move|p2a: Sinistcha|Matcha Gotcha|p1a: Cramorant\n|-damage|p1a: Cramorant|51/261\n|-heal|p2a: Sinistcha|88/100|[from] drain|[of] p1a: Cramorant\n|\n|-heal|p2a: Sinistcha|94/100|[from] item: Leftovers\n|upkeep\n|turn|27\n|inactive|Time left: 300 sec this turn | 300 sec total\n|\n|t:|1783542330\n|move|p1a: Cramorant|Surf|p2a: Sinistcha\n|-formechange|p1a: Cramorant|Cramorant-Gorging|\n|-damage|p2a: Sinistcha|79/100\n|move|p2a: Sinistcha|Strength Sap|p1a: Cramorant\n|-unboost|p1a: Cramorant|atk|1\n|-heal|p2a: Sinistcha|100/100\n|\n|upkeep\n|turn|28\n|inactive|Time left: 300 sec this turn | 300 sec total\n|\n|t:|1783542331\n|move|p1a: Cramorant|Roost|p1a: Cramorant\n|-heal|p1a: Cramorant|182/261\n|-singleturn|p1a: Cramorant|move: Roost\n|move|p2a: Sinistcha|Strength Sap|p1a: Cramorant\n|-unboost|p1a: Cramorant|atk|1\n|\n|upkeep\n|turn|29\n|inactive|Time left: 300 sec this turn | 300 sec total\n|\n|t:|1783542332\n|switch|p1a: Hitmontop|Hitmontop, L88, M|231/231\n|-ability|p1a: Hitmontop|Intimidate|boost\n|-unboost|p2a: Sinistcha|atk|1\n|move|p2a: Sinistcha|Matcha Gotcha|p1a: Hitmontop\n|-damage|p1a: Hitmontop|84/231\n|-status|p1a: Hitmontop|brn\n|\n|-damage|p1a: Hitmontop|70/231 brn|[from] brn\n|upkeep\n|turn|30\n|inactive|Time left: 300 sec this turn | 300 sec total\n|\n|t:|1783542333\n|move|p1a: Hitmontop|Close Combat|p2a: Sinistcha\n|-supereffective|p2a: Sinistcha\n|-damage|p2a: Sinistcha|28/100\n|-unboost|p1a: Hitmontop|def|1\n|-unboost|p1a: Hitmontop|spd|1\n|move|p2a: Sinistcha|Shadow Ball|p1a: Hitmontop\n|-damage|p1a: Hitmontop|0 fnt\n|faint|p1a: Hitmontop\n|\n|-heal|p2a: Sinistcha|34/100|[from] item: Leftovers\n|upkeep\n|inactive|Time left: 300 sec this turn | 300 sec total | 5 sec grace\n|\n|t:|1783542334\n|switch|p1a: Iron Boulder|Iron Boulder, L77|265/265\n|-enditem|p1a: Iron Boulder|Booster Energy\n|-activate|p1a: Iron Boulder|ability: Quark Drive|[fromitem]\n|-start|p1a: Iron Boulder|quarkdrivespe\n|turn|31\n|inactive|Time left: 300 sec this turn | 300 sec total\n|\n|t:|1783542335\n|switch|p2a: Swampert|Swampert, L83, F|100/100\n|move|p1a: Iron Boulder|Close Combat|p2a: Swampert\n|-damage|p2a: Swampert|74/100\n|-unboost|p1a: Iron Boulder|def|1\n|-unboost|p1a: Iron Boulder|spd|1\n|\n|-heal|p2a: Swampert|80/100|[from] item: Leftovers\n|upkeep\n|turn|32\n|inactive|Time left: 300 sec this turn | 300 sec total\n|\n|t:|1783542337\n|-end|p1a: Iron Boulder|Quark Drive|[silent]\n|switch|p1a: Cramorant|Cramorant, L86, M|182/261\n|move|p2a: Swampert|Flip Turn|p1a: Cramorant\n|-resisted|p1a: Cramorant\n|-damage|p1a: Cramorant|137/261\n|\n|t:|1783542338\n|switch|p2a: Glaceon|Glaceon, L94, M|100/100|[from] Flip Turn\n|\n|upkeep\n|turn|33\n|inactive|Time left: 300 sec this turn | 300 sec total\n|\n|t:|1783542339\n|move|p1a: Cramorant|Surf|p2a: Glaceon\n|-formechange|p1a: Cramorant|Cramorant-Gulping|\n|-damage|p2a: Glaceon|72/100\n|move|p2a: Glaceon|Freeze-Dry|p1a: Cramorant\n|-supereffective|p1a: Cramorant\n|-crit|p1a: Cramorant\n|-damage|p1a: Cramorant|0 fnt\n|-damage|p2a: Glaceon|47/100|[from] ability: Gulp Missile|[of] p1a: Cramorant\n|-unboost|p2a: Glaceon|def|1\n|-formechange|p1a: Cramorant|Cramorant|\n|faint|p1a: Cramorant\n|\n|upkeep\n|inactive|Time left: 300 sec this turn | 300 sec total | 5 sec grace\n|\n|t:|1783542340\n|switch|p1a: Iron Boulder|Iron Boulder, L77|265/265\n|turn|34\n|inactive|Time left: 300 sec this turn | 300 sec total\n|\n|t:|1783542341\n|switch|p2a: Swampert|Swampert, L83, F|80/100\n|move|p1a: Iron Boulder|Swords Dance|p1a: Iron Boulder\n|-boost|p1a: Iron Boulder|atk|2\n|\n|-heal|p2a: Swampert|86/100|[from] item: Leftovers\n|upkeep\n|turn|35\n|inactive|Time left: 300 sec this turn | 300 sec total\n|\n|t:|1783542342\n|move|p1a: Iron Boulder|Zen Headbutt|p2a: Swampert\n|-crit|p2a: Swampert\n|-damage|p2a: Swampert|0 fnt\n|faint|p2a: Swampert\n|\n|upkeep\n|\n|t:|1783542342\n|switch|p2a: Luvdisc|Luvdisc, F|100/100\n|turn|36\n|inactive|Time left: 300 sec this turn | 300 sec total\n|\n|t:|1783542343\n|move|p2a: Luvdisc|Surf|p1a: Iron Boulder\n|-supereffective|p1a: Iron Boulder\n|-damage|p1a: Iron Boulder|125/265\n|move|p1a: Iron Boulder|Mighty Cleave|p2a: Luvdisc\n|-damage|p2a: Luvdisc|12/100\n|\n|upkeep\n|turn|37\n|inactive|Time left: 300 sec this turn | 300 sec total\n|\n|t:|1783542344\n|move|p2a: Luvdisc|Surf|p1a: Iron Boulder\n|-supereffective|p1a: Iron Boulder\n|-damage|p1a: Iron Boulder|0 fnt\n|faint|p1a: Iron Boulder\n|-end|p1a: Iron Boulder|Quark Drive|[silent]\n|\n|win|p0y2793d77", "uploadtime": 1783542344, "views": 0, "rating": 0, "private": 0, "password": null, "_winner": "p0y2793d77", "_our_name": "p0x279e9d1"}