{"id": "battle-gen9randombattle-2336", "formatid": "gen9randombattle", "format": "[Gen 9] Random Battle", "players": ["p0x2336fb21", "p0y2336581d"], "log": "|init|battle\n|title|p0x2336fb21 vs. p0y2336581d\n|j|\u2606p0x2336fb21\n|j|\u2606p0y2336581d\n|t:|1783566117\n|gametype|singles\n|player|p1|p0x2336fb21|169|\n|player|p2|p0y2336581d|102|\n|gen|9\n|tier|[Gen 9] Random Battle\n|rule|Species Clause: Limit one of each Pok\u00e9mon\n|rule|HP Percentage Mod: HP is shown in percentages\n|rule|Sleep Clause Mod: Limit one foe put to sleep\n|rule|Illusion Level Mod: Illusion disguises the Pok\u00e9mon's true level\n|\n|t:|1783566117\n|teamsize|p1|6\n|teamsize|p2|6\n|start\n|switch|p1a: Seviper|Seviper, L93, M|287/287\n|switch|p2a: Frosmoth|Frosmoth, L82, F|100/100\n|turn|1\n|inactive|Battle timer is ON: inactive players will automatically lose when time's up. (requested by p0y2336581d)\n|inactive|Time left: 300 sec this turn | 300 sec total | 60 sec grace\n|inactive|p0x2336fb21 also wants the timer to be on.\n|\n|t:|1783566119\n|move|p1a: Seviper|Gunk Shot|p2a: Frosmoth|[miss]\n|-miss|p1a: Seviper|p2a: Frosmoth\n|move|p2a: Frosmoth|Quiver Dance|p2a: Frosmoth\n|-boost|p2a: Frosmoth|spa|1\n|-boost|p2a: Frosmoth|spd|1\n|-boost|p2a: Frosmoth|spe|1\n|\n|upkeep\n|turn|2\n|inactive|Time left: 300 sec this turn | 300 sec total\n|\n|t:|1783566120\n|move|p2a: Frosmoth|Ice Beam|p1a: Seviper\n|-damage|p1a: Seviper|91/287\n|move|p1a: Seviper|Gunk Shot|p2a: Frosmoth|[miss]\n|-miss|p1a: Seviper|p2a: Frosmoth\n|\n|-heal|p1a: Seviper|108/287|[from] item: Leftovers\n|upkeep\n|turn|3\n|inactive|Time left: 300 sec this turn | 300 sec total\n|\n|t:|1783566121\n|move|p2a: Frosmoth|Ice Beam|p1a: Seviper\n|-damage|p1a: Seviper|0 fnt\n|faint|p1a: Seviper\n|\n|upkeep\n|inactive|Time left: 300 sec this turn | 300 sec total | 5 sec grace\n|\n|t:|1783566122\n|switch|p1a: Furret|Furret, L94, M|312/312\n|-item|p2a: Frosmoth|Heavy-Duty Boots|[from] ability: Frisk|[of] p1a: Furret\n|turn|4\n|inactive|Time left: 300 sec this turn | 300 sec total\n|\n|t:|1783566123\n|move|p2a: Frosmoth|Ice Beam|p1a: Furret\n|-damage|p1a: Furret|92/312\n|move|p1a: Furret|Double-Edge|p2a: Frosmoth\n|-damage|p2a: Frosmoth|4/100\n|-damage|p1a: Furret|12/312|[from] Recoil\n|\n|upkeep\n|turn|5\n|inactive|Time left: 300 sec this turn | 300 sec total\n|\n|t:|1783566124\n|move|p2a: Frosmoth|Ice Beam|p1a: Furret\n|-damage|p1a: Furret|0 fnt\n|faint|p1a: Furret\n|\n|upkeep\n|inactive|Time left: 300 sec this turn | 300 sec total | 5 sec grace\n|\n|t:|1783566125\n|switch|p1a: Dragapult|Dragapult, L77, F|262/262\n|turn|6\n|inactive|Time left: 300 sec this turn | 300 sec total\n|\n|t:|1783566126\n|move|p1a: Dragapult|Dragon Darts|p2a: Frosmoth\n|-damage|p2a: Frosmoth|0 fnt\n|faint|p2a: Frosmoth\n|\n|upkeep\n|\n|t:|1783566127\n|switch|p2a: Typhlosion|Typhlosion-Hisui, L83, F|100/100\n|turn|7\n|inactive|Time left: 300 sec this turn | 300 sec total\n|\n|t:|1783566128\n|move|p2a: Typhlosion|Shadow Ball|p1a: Dragapult\n|-supereffective|p1a: Dragapult\n|-damage|p1a: Dragapult|34/262\n|move|p1a: Dragapult|Dragon Darts|p2a: Typhlosion\n|-damage|p2a: Typhlosion|76/100\n|-anim|p1a: Dragapult|Dragon Darts|p2a: Typhlosion\n|-damage|p2a: Typhlosion|53/100\n|\n|upkeep\n|turn|8\n|inactive|Time left: 300 sec this turn | 300 sec total\n|\n|t:|1783566129\n|switch|p1a: Fezandipiti|Fezandipiti, L82, M|278/278\n|move|p2a: Typhlosion|Shadow Ball|p1a: Fezandipiti\n|-damage|p1a: Fezandipiti|205/278\n|-unboost|p1a: Fezandipiti|spd|1\n|\n|-heal|p1a: Fezandipiti|222/278|[from] item: Leftovers\n|upkeep\n|turn|9\n|inactive|Time left: 300 sec this turn | 300 sec total\n|\n|t:|1783566130\n|move|p2a: Typhlosion|Shadow Ball|p1a: Fezandipiti\n|-damage|p1a: Fezandipiti|105/278\n|move|p1a: Fezandipiti|Swords Dance|p1a: Fezandipiti\n|-boost|p1a: Fezandipiti|atk|2\n|\n|-heal|p1a: Fezandipiti|122/278|[from] item: Leftovers\n|upkeep\n|turn|10\n|inactive|Time left: 300 sec this turn | 300 sec total\n|\n|t:|1783566131\n|move|p2a: Typhlosion|Shadow Ball|p1a: Fezandipiti\n|-damage|p1a: Fezandipiti|17/278\n|move|p1a: Fezandipiti|Gunk Shot|p2a: Typhlosion|[miss]\n|-miss|p1a: Fezandipiti|p2a: Typhlosion\n|\n|-heal|p1a: Fezandipiti|34/278|[from] item: Leftovers\n|upkeep\n|turn|11\n|inactive|Time left: 300 sec this turn | 300 sec total\n|\n|t:|1783566132\n|switch|p1a: Eelektross|Eelektross, L87, F|290/290\n|move|p2a: Typhlosion|Shadow Ball|p1a: Eelektross\n|-damage|p1a: Eelektross|221/290\n|-unboost|p1a: Eelektross|spd|1\n|\n|upkeep\n|turn|12\n|inactive|Time left: 300 sec this turn | 300 sec total\n|\n|t:|1783566133\n|move|p2a: Typhlosion|Shadow Ball|p1a: Eelektross\n|-damage|p1a: Eelektross|116/290\n|move|p1a: Eelektross|Discharge|p2a: Typhlosion\n|-damage|p2a: Typhlosion|17/100\n|\n|upkeep\n|turn|13\n|inactive|Time left: 300 sec this turn | 300 sec total\n|\n|t:|1783566134\n|move|p2a: Typhlosion|Shadow Ball|p1a: Eelektross\n|-damage|p1a: Eelektross|19/290\n|-unboost|p1a: Eelektross|spd|1\n|move|p1a: Eelektross|Discharge|p2a: Typhlosion\n|-damage|p2a: Typhlosion|0 fnt\n|faint|p2a: Typhlosion\n|\n|upkeep\n|\n|t:|1783566135\n|switch|p2a: Cyclizar|Cyclizar, L84, M|100/100\n|turn|14\n|inactive|Time left: 300 sec this turn | 300 sec total\n|\n|t:|1783566136\n|switch|p1a: Dragapult|Dragapult, L77, F|34/262\n|move|p2a: Cyclizar|Rapid Spin|p1a: Dragapult\n|-immune|p1a: Dragapult\n|\n|upkeep\n|turn|15\n|inactive|Time left: 300 sec this turn | 300 sec total\n|\n|t:|1783566136\n|-terastallize|p2a: Cyclizar|Steel\n|move|p1a: Dragapult|Dragon Darts|p2a: Cyclizar\n|-resisted|p2a: Cyclizar\n|-damage|p2a: Cyclizar|88/100\n|-anim|p1a: Dragapult|Dragon Darts|p2a: Cyclizar\n|-resisted|p2a: Cyclizar\n|-damage|p2a: Cyclizar|75/100\n|move|p2a: Cyclizar|Knock Off|p1a: Dragapult\n|-supereffective|p1a: Dragapult\n|-damage|p1a: Dragapult|0 fnt\n|-enditem|p1a: Dragapult|Heavy-Duty Boots|[from] move: Knock Off|[of] p2a: Cyclizar\n|faint|p1a: Dragapult\n|\n|upkeep\n|inactive|Time left: 300 sec this turn | 300 sec total | 5 sec grace\n|\n|t:|1783566137\n|switch|p1a: Noivern|Noivern, L82, F|274/274\n|turn|16\n|inactive|Time left: 300 sec this turn | 300 sec total\n|\n|t:|1783566138\n|move|p2a: Cyclizar|Draco Meteor|p1a: Noivern\n|-supereffective|p1a: Noivern\n|-crit|p1a: Noivern\n|-damage|p1a: Noivern|0 fnt\n|-unboost|p2a: Cyclizar|spa|2\n|faint|p1a: Noivern\n|\n|upkeep\n|inactive|Time left: 300 sec this turn | 300 sec total | 5 sec grace\n|\n|t:|1783566139\n|switch|p1a: Eelektross|Eelektross, L87, F|19/290\n|turn|17\n|inactive|Time left: 300 sec this turn | 300 sec total\n|\n|t:|1783566140\n|switch|p1a: Fezandipiti|Fezandipiti, L82, M|34/278\n|move|p2a: Cyclizar|Rapid Spin|p1a: Fezandipiti\n|-damage|p1a: Fezandipiti|0 fnt\n|-boost|p2a: Cyclizar|spe|1\n|faint|p1a: Fezandipiti\n|\n|upkeep\n|inactive|Time left: 300 sec this turn | 300 sec total | 5 sec grace\n|\n|t:|1783566141\n|switch|p1a: Eelektross|Eelektross, L87, F|19/290\n|turn|18\n|inactive|Time left: 300 sec this turn | 300 sec total\n|\n|t:|1783566142\n|move|p2a: Cyclizar|Knock Off|p1a: Eelektross\n|-damage|p1a: Eelektross|0 fnt\n|-enditem|p1a: Eelektross|Assault Vest|[from] move: Knock Off|[of] p2a: Cyclizar\n|faint|p1a: Eelektross\n|\n|win|p0y2336581d", "uploadtime": 1783566142, "views": 0, "rating": 0, "private": 0, "password": null, "_winner": "p0y2336581d", "_our_name": "p0x2336fb21"}