{"id": "battle-gen9randombattle-2707", "formatid": "gen9randombattle", "format": "[Gen 9] Random Battle", "players": ["p0x27070993", "p0y2707124b"], "log": "|init|battle\n|title|p0x27070993 vs. p0y2707124b\n|j|\u2606p0x27070993\n|j|\u2606p0y2707124b\n|t:|1783570225\n|gametype|singles\n|player|p1|p0x27070993|266|\n|player|p2|p0y2707124b|2|\n|gen|9\n|tier|[Gen 9] Random Battle\n|rule|Species Clause: Limit one of each Pok\u00e9mon\n|rule|HP Percentage Mod: HP is shown in percentages\n|rule|Sleep Clause Mod: Limit one foe put to sleep\n|rule|Illusion Level Mod: Illusion disguises the Pok\u00e9mon's true level\n|\n|t:|1783570225\n|teamsize|p1|6\n|teamsize|p2|6\n|start\n|switch|p1a: Gyarados|Gyarados, L79, M|100/100\n|switch|p2a: Regirock|Regirock, L83|268/268\n|-ability|p1a: Gyarados|Intimidate|boost\n|-fail|p2a: Regirock|unboost|[from] ability: Clear Body|[of] p2a: Regirock\n|turn|1\n|inactive|Battle timer is ON: inactive players will automatically lose when time's up. (requested by p0y2707124b)\n|inactive|p0x27070993 also wants the timer to be on.\n|\n|t:|1783570226\n|move|p1a: Gyarados|Waterfall|p2a: Regirock\n|-supereffective|p2a: Regirock\n|-damage|p2a: Regirock|170/268\n|move|p2a: Regirock|Stone Edge|p1a: Gyarados\n|-supereffective|p1a: Gyarados\n|-damage|p1a: Gyarados|18/100\n|\n|-heal|p2a: Regirock|186/268|[from] item: Leftovers\n|upkeep\n|turn|2\n|inactive|Time left: 300 sec this turn | 300 sec total\n|\n|t:|1783570227\n|move|p1a: Gyarados|Waterfall|p2a: Regirock\n|-supereffective|p2a: Regirock\n|-damage|p2a: Regirock|90/268\n|cant|p2a: Regirock|flinch\n|\n|-heal|p2a: Regirock|106/268|[from] item: Leftovers\n|upkeep\n|turn|3\n|inactive|Time left: 300 sec this turn | 300 sec total\n|\n|t:|1783570228\n|move|p1a: Gyarados|Waterfall|p2a: Regirock\n|-supereffective|p2a: Regirock\n|-damage|p2a: Regirock|16/268\n|move|p2a: Regirock|Body Press|p1a: Gyarados\n|-resisted|p1a: Gyarados\n|-damage|p1a: Gyarados|0 fnt\n|faint|p1a: Gyarados\n|\n|-heal|p2a: Regirock|32/268|[from] item: Leftovers\n|upkeep\n|\n|t:|1783570229\n|switch|p1a: Basculin|Basculin, L86, F|100/100\n|turn|4\n|inactive|Time left: 300 sec this turn | 300 sec total\n|\n|t:|1783570230\n|switch|p2a: Alomomola|Alomomola, L87, F|429/429\n|move|p1a: Basculin|Wave Crash|p2a: Alomomola\n|-resisted|p2a: Alomomola\n|-damage|p2a: Alomomola|288/429\n|-damage|p1a: Basculin|82/100|[from] Recoil\n|\n|-heal|p2a: Alomomola|314/429|[from] item: Leftovers\n|upkeep\n|turn|5\n|inactive|Time left: 300 sec this turn | 300 sec total\n|\n|t:|1783570231\n|move|p1a: Basculin|Wave Crash|p2a: Alomomola\n|-resisted|p2a: Alomomola\n|-damage|p2a: Alomomola|192/429\n|-damage|p1a: Basculin|67/100|[from] Recoil\n|move|p2a: Alomomola|Flip Turn|p1a: Basculin\n|-resisted|p1a: Basculin\n|-damage|p1a: Basculin|53/100\n|inactive|Time left: 300 sec this turn | 300 sec total | 5 sec grace\n|\n|t:|1783570232\n|switch|p2a: Cinderace|Cinderace, L77, F|249/249|[from] Flip Turn\n|\n|upkeep\n|turn|6\n|inactive|Time left: 300 sec this turn | 300 sec total\n|\n|t:|1783570233\n|move|p2a: Cinderace|Gunk Shot|p1a: Basculin\n|-start|p2a: Cinderace|typechange|Poison|[from] ability: Libero\n|-damage|p1a: Basculin|0 fnt\n|faint|p1a: Basculin\n|\n|upkeep\n|\n|t:|1783570234\n|switch|p1a: Qwilfish|Qwilfish-Hisui, L83, M|100/100\n|-ability|p1a: Qwilfish|Intimidate|boost\n|-unboost|p2a: Cinderace|atk|1\n|turn|7\n|inactive|Time left: 300 sec this turn | 300 sec total\n|\n|t:|1783570236\n|switch|p2a: Alomomola|Alomomola, L87, F|335/429\n|move|p1a: Qwilfish|Crunch|p2a: Alomomola\n|-damage|p2a: Alomomola|247/429\n|\n|-heal|p2a: Alomomola|273/429|[from] item: Leftovers\n|upkeep\n|turn|8\n|inactive|Time left: 300 sec this turn | 300 sec total\n|\n|t:|1783570237\n|move|p1a: Qwilfish|Toxic Spikes|p2a: Alomomola\n|-sidestart|p2: p0y2707124b|move: Toxic Spikes\n|move|p2a: Alomomola|Flip Turn|p1a: Qwilfish\n|-damage|p1a: Qwilfish|84/100\n|inactive|Time left: 300 sec this turn | 300 sec total | 5 sec grace\n|\n|t:|1783570238\n|switch|p2a: Frosmoth|Frosmoth, L82, M|249/249|[from] Flip Turn\n|\n|upkeep\n|turn|9\n|inactive|Time left: 300 sec this turn | 300 sec total\n|\n|t:|1783570239\n|move|p1a: Qwilfish|Gunk Shot|p2a: Frosmoth\n|-damage|p2a: Frosmoth|98/249\n|move|p2a: Frosmoth|Quiver Dance|p2a: Frosmoth\n|-boost|p2a: Frosmoth|spa|1\n|-boost|p2a: Frosmoth|spd|1\n|-boost|p2a: Frosmoth|spe|1\n|\n|upkeep\n|turn|10\n|inactive|Time left: 300 sec this turn | 300 sec total\n|\n|t:|1783570240\n|move|p2a: Frosmoth|Ice Beam|p1a: Qwilfish\n|-crit|p1a: Qwilfish\n|-damage|p1a: Qwilfish|0 fnt\n|faint|p1a: Qwilfish\n|\n|upkeep\n|\n|t:|1783570241\n|switch|p1a: Dragapult|Dragapult, L77, F|100/100\n|turn|11\n|inactive|Time left: 300 sec this turn | 300 sec total\n|\n|t:|1783570242\n|move|p1a: Dragapult|U-turn|p2a: Frosmoth\n|-damage|p2a: Frosmoth|34/249\n|\n|t:|1783570243\n|switch|p1a: Pachirisu|Pachirisu, L96, F|100/100|[from] U-turn\n|move|p2a: Frosmoth|Ice Beam|p1a: Pachirisu\n|-damage|p1a: Pachirisu|48/100\n|\n|upkeep\n|turn|12\n|inactive|Time left: 300 sec this turn | 300 sec total\n|\n|t:|1783570244\n|move|p1a: Pachirisu|U-turn|p2a: Frosmoth\n|-damage|p2a: Frosmoth|0 fnt\n|faint|p2a: Frosmoth\n|\n|t:|1783570245\n|switch|p1a: Dragapult|Dragapult, L77, F|100/100|[from] U-turn\n|\n|upkeep\n|inactive|Time left: 300 sec this turn | 300 sec total | 10 sec grace\n|\n|t:|1783570245\n|switch|p2a: Polteageist|Polteageist-Antique, L78|222/222\n|-status|p2a: Polteageist|psn\n|turn|13\n|inactive|Time left: 300 sec this turn | 300 sec total\n|\n|t:|1783570246\n|-terastallize|p2a: Polteageist|Dark\n|move|p1a: Dragapult|Shadow Ball|p2a: Polteageist\n|-resisted|p2a: Polteageist\n|-damage|p2a: Polteageist|175/222 psn\n|move|p2a: Polteageist|Shell Smash|p2a: Polteageist\n|-unboost|p2a: Polteageist|def|1\n|-unboost|p2a: Polteageist|spd|1\n|-boost|p2a: Polteageist|atk|2\n|-boost|p2a: Polteageist|spa|2\n|-boost|p2a: Polteageist|spe|2\n|-enditem|p2a: Polteageist|White Herb\n|-clearnegativeboost|p2a: Polteageist|[silent]\n|\n|-damage|p2a: Polteageist|148/222 psn|[from] psn\n|upkeep\n|turn|14\n|inactive|Time left: 300 sec this turn | 300 sec total\n|\n|t:|1783570247\n|move|p2a: Polteageist|Stored Power|p1a: Dragapult\n|-damage|p1a: Dragapult|0 fnt\n|faint|p1a: Dragapult\n|\n|-damage|p2a: Polteageist|121/222 psn|[from] psn\n|upkeep\n|\n|t:|1783570248\n|switch|p1a: Minun|Minun, L95, F|100/100\n|turn|15\n|inactive|Time left: 300 sec this turn | 300 sec total\n|\n|t:|1783570249\n|move|p2a: Polteageist|Strength Sap|p1a: Minun\n|-unboost|p1a: Minun|atk|1\n|-heal|p2a: Polteageist|202/222 psn\n|move|p1a: Minun|Alluring Voice|p2a: Polteageist\n|-supereffective|p2a: Polteageist\n|-damage|p2a: Polteageist|56/222 psn\n|-damage|p1a: Minun|91/100|[from] item: Life Orb\n|\n|-damage|p2a: Polteageist|29/222 psn|[from] psn\n|upkeep\n|turn|16\n|inactive|Time left: 300 sec this turn | 300 sec total\n|\n|t:|1783570250\n|move|p2a: Polteageist|Stored Power|p1a: Minun\n|-damage|p1a: Minun|15/100\n|move|p1a: Minun|Thunderbolt|p2a: Polteageist\n|-damage|p2a: Polteageist|0 fnt\n|faint|p2a: Polteageist\n|-damage|p1a: Minun|5/100|[from] item: Life Orb\n|\n|upkeep\n|inactive|Time left: 300 sec this turn | 300 sec total | 5 sec grace\n|\n|t:|1783570251\n|switch|p2a: Ambipom|Ambipom, L84, M|263/263\n|-status|p2a: Ambipom|psn\n|turn|17\n|inactive|Time left: 300 sec this turn | 300 sec total\n|\n|t:|1783570252\n|move|p2a: Ambipom|Double-Edge|p1a: Minun\n|-damage|p1a: Minun|0 fnt\n|faint|p1a: Minun\n|-damage|p2a: Ambipom|259/263 psn|[from] Recoil\n|\n|-damage|p2a: Ambipom|227/263 psn|[from] psn\n|upkeep\n|\n|t:|1783570252\n|switch|p1a: Pachirisu|Pachirisu, L96, F|48/100\n|turn|18\n|inactive|Time left: 300 sec this turn | 300 sec total\n|\n|t:|1783570253\n|move|p2a: Ambipom|Double-Edge|p1a: Pachirisu\n|-damage|p1a: Pachirisu|0 fnt\n|faint|p1a: Pachirisu\n|-damage|p2a: Ambipom|184/263 psn|[from] Recoil\n|\n|win|p0y2707124b", "uploadtime": 1783570253, "views": 0, "rating": 0, "private": 0, "password": null, "_winner": "p0y2707124b", "_our_name": "p0y2707124b"}