{"id": "battle-gen9randombattle-249", "formatid": "gen9randombattle", "format": "[Gen 9] Random Battle", "players": ["p0x2490c4b", "p0y249535b"], "log": "|init|battle\n|title|p0x2490c4b vs. p0y249535b\n|j|\u2606p0x2490c4b\n|j|\u2606p0y249535b\n|t:|1783542456\n|gametype|singles\n|player|p1|p0x2490c4b|266|\n|player|p2|p0y249535b|265|\n|gen|9\n|tier|[Gen 9] Random Battle\n|rule|Species Clause: Limit one of each Pok\u00e9mon\n|rule|HP Percentage Mod: HP is shown in percentages\n|rule|Sleep Clause Mod: Limit one foe put to sleep\n|rule|Illusion Level Mod: Illusion disguises the Pok\u00e9mon's true level\n|\n|t:|1783542456\n|teamsize|p1|6\n|teamsize|p2|6\n|start\n|switch|p1a: Kingdra|Kingdra, L84, F|100/100\n|switch|p2a: Yanmega|Yanmega, L82, F|275/275\n|turn|1\n|inactive|Battle timer is ON: inactive players will automatically lose when time's up. (requested by p0x2490c4b)\n|inactive|Time left: 300 sec this turn | 300 sec total | 60 sec grace\n|inactive|p0y249535b also wants the timer to be on.\n|\n|t:|1783542458\n|move|p2a: Yanmega|Air Slash|p1a: Kingdra\n|-damage|p1a: Kingdra|69/100\n|cant|p1a: Kingdra|flinch\n|\n|-ability|p2a: Yanmega|Speed Boost|boost\n|-boost|p2a: Yanmega|spe|1\n|upkeep\n|turn|2\n|inactive|Time left: 300 sec this turn | 300 sec total\n|\n|t:|1783542460\n|move|p2a: Yanmega|Air Slash|p1a: Kingdra\n|-damage|p1a: Kingdra|40/100\n|move|p1a: Kingdra|Dragon Dance|p1a: Kingdra\n|-boost|p1a: Kingdra|atk|1\n|-boost|p1a: Kingdra|spe|1\n|\n|-ability|p2a: Yanmega|Speed Boost|boost\n|-boost|p2a: Yanmega|spe|1\n|upkeep\n|turn|3\n|inactive|Time left: 300 sec this turn | 300 sec total\n|\n|t:|1783542461\n|move|p2a: Yanmega|Air Slash|p1a: Kingdra\n|-damage|p1a: Kingdra|9/100\n|move|p1a: Kingdra|Outrage|p2a: Yanmega\n|-damage|p2a: Yanmega|64/275\n|\n|-ability|p2a: Yanmega|Speed Boost|boost\n|-boost|p2a: Yanmega|spe|1\n|upkeep\n|turn|4\n|inactive|Time left: 300 sec this turn | 300 sec total\n|\n|t:|1783542462\n|move|p2a: Yanmega|Tera Blast|p1a: Kingdra\n|-damage|p1a: Kingdra|0 fnt\n|faint|p1a: Kingdra\n|\n|-ability|p2a: Yanmega|Speed Boost|boost\n|-boost|p2a: Yanmega|spe|1\n|upkeep\n|\n|t:|1783542463\n|switch|p1a: Alcremie|Alcremie, L90, F|100/100\n|turn|5\n|inactive|Time left: 300 sec this turn | 300 sec total\n|\n|t:|1783542464\n|move|p2a: Yanmega|Protect|p2a: Yanmega\n|-singleturn|p2a: Yanmega|Protect\n|move|p1a: Alcremie|Tera Blast|p2a: Yanmega\n|-activate|p2a: Yanmega|move: Protect\n|\n|-ability|p2a: Yanmega|Speed Boost|boost\n|-boost|p2a: Yanmega|spe|1\n|upkeep\n|turn|6\n|inactive|Time left: 300 sec this turn | 300 sec total\n|\n|t:|1783542465\n|move|p2a: Yanmega|Air Slash|p1a: Alcremie\n|-damage|p1a: Alcremie|75/100\n|cant|p1a: Alcremie|flinch\n|\n|-heal|p1a: Alcremie|81/100|[from] item: Leftovers\n|-ability|p2a: Yanmega|Speed Boost|boost\n|-boost|p2a: Yanmega|spe|1\n|upkeep\n|turn|7\n|inactive|Time left: 300 sec this turn | 300 sec total\n|\n|t:|1783542465\n|move|p2a: Yanmega|Protect|p2a: Yanmega\n|-singleturn|p2a: Yanmega|Protect\n|move|p1a: Alcremie|Tera Blast|p2a: Yanmega\n|-activate|p2a: Yanmega|move: Protect\n|\n|-heal|p1a: Alcremie|88/100|[from] item: Leftovers\n|upkeep\n|turn|8\n|inactive|Time left: 300 sec this turn | 300 sec total\n|\n|t:|1783542467\n|move|p2a: Yanmega|Air Slash|p1a: Alcremie\n|-damage|p1a: Alcremie|62/100\n|move|p1a: Alcremie|Alluring Voice|p2a: Yanmega\n|-damage|p2a: Yanmega|0 fnt\n|faint|p2a: Yanmega\n|\n|-heal|p1a: Alcremie|69/100|[from] item: Leftovers\n|upkeep\n|inactive|Time left: 300 sec this turn | 300 sec total | 5 sec grace\n|\n|t:|1783542468\n|switch|p2a: Maushold|Maushold-Four, L76|238/238\n|turn|9\n|inactive|Time left: 300 sec this turn | 300 sec total\n|\n|t:|1783542469\n|switch|p1a: Chandelure|Chandelure, L83, M|100/100\n|move|p2a: Maushold|Population Bomb|p1a: Chandelure\n|-immune|p1a: Chandelure\n|\n|upkeep\n|turn|10\n|inactive|Time left: 300 sec this turn | 300 sec total\n|\n|t:|1783542470\n|move|p1a: Chandelure|Fire Blast|p2a: Maushold\n|-damage|p2a: Maushold|40/238\n|move|p2a: Maushold|Tidy Up|p2a: Maushold\n|-boost|p2a: Maushold|atk|1\n|-boost|p2a: Maushold|spe|1\n|\n|upkeep\n|turn|11\n|inactive|Time left: 300 sec this turn | 300 sec total\n|\n|t:|1783542471\n|move|p2a: Maushold|Bite|p1a: Chandelure\n|-supereffective|p1a: Chandelure\n|-damage|p1a: Chandelure|49/100\n|move|p1a: Chandelure|Fire Blast|p2a: Maushold\n|-damage|p2a: Maushold|0 fnt\n|faint|p2a: Maushold\n|\n|upkeep\n|inactive|Time left: 300 sec this turn | 300 sec total | 5 sec grace\n|\n|t:|1783542472\n|switch|p2a: Articuno|Articuno-Galar, L84|288/288\n|turn|12\n|inactive|Time left: 300 sec this turn | 300 sec total\n|\n|t:|1783542474\n|move|p1a: Chandelure|Fire Blast|p2a: Articuno|[miss]\n|-miss|p1a: Chandelure|p2a: Articuno\n|move|p2a: Articuno|Freezing Glare|p1a: Chandelure\n|-damage|p1a: Chandelure|0 fnt\n|faint|p1a: Chandelure\n|\n|upkeep\n|\n|t:|1783542475\n|switch|p1a: Lycanroc|Lycanroc-Dusk, L81, F|100/100\n|turn|13\n|inactive|Time left: 300 sec this turn | 300 sec total\n|\n|t:|1783542476\n|switch|p2a: Keldeo|Keldeo-Resolute, L79|273/273\n|move|p1a: Lycanroc|Stone Edge|p2a: Keldeo\n|-resisted|p2a: Keldeo\n|-crit|p2a: Keldeo\n|-damage|p2a: Keldeo|157/273\n|-damage|p1a: Lycanroc|91/100|[from] item: Life Orb\n|\n|upkeep\n|turn|14\n|inactive|Time left: 300 sec this turn | 300 sec total\n|\n|t:|1783542477\n|move|p2a: Keldeo|Secret Sword|p1a: Lycanroc\n|-supereffective|p1a: Lycanroc\n|-damage|p1a: Lycanroc|0 fnt\n|faint|p1a: Lycanroc\n|\n|upkeep\n|\n|t:|1783542478\n|switch|p1a: Oricorio|Oricorio, L84, M|100/100\n|turn|15\n|inactive|Time left: 300 sec this turn | 300 sec total\n|\n|t:|1783542479\n|switch|p2a: Articuno|Articuno-Galar, L84|288/288\n|move|p1a: Oricorio|Quiver Dance|p1a: Oricorio\n|-boost|p1a: Oricorio|spa|1\n|-boost|p1a: Oricorio|spd|1\n|-boost|p1a: Oricorio|spe|1\n|\n|upkeep\n|turn|16\n|inactive|Time left: 300 sec this turn | 300 sec total\n|\n|t:|1783542480\n|move|p1a: Oricorio|Quiver Dance|p1a: Oricorio\n|-boost|p1a: Oricorio|spa|1\n|-boost|p1a: Oricorio|spd|1\n|-boost|p1a: Oricorio|spe|1\n|move|p2a: Articuno|Calm Mind|p2a: Articuno\n|-boost|p2a: Articuno|spa|1\n|-boost|p2a: Articuno|spd|1\n|\n|upkeep\n|turn|17\n|inactive|Time left: 300 sec this turn | 300 sec total\n|\n|t:|1783542481\n|move|p1a: Oricorio|Quiver Dance|p1a: Oricorio\n|-boost|p1a: Oricorio|spa|1\n|-boost|p1a: Oricorio|spd|1\n|-boost|p1a: Oricorio|spe|1\n|move|p2a: Articuno|Calm Mind|p2a: Articuno\n|-boost|p2a: Articuno|spa|1\n|-boost|p2a: Articuno|spd|1\n|\n|upkeep\n|turn|18\n|inactive|Time left: 300 sec this turn | 300 sec total\n|\n|t:|1783542482\n|move|p1a: Oricorio|Revelation Dance|p2a: Articuno\n|-damage|p2a: Articuno|177/288\n|move|p2a: Articuno|Freezing Glare|p1a: Oricorio\n|-damage|p1a: Oricorio|62/100\n|\n|upkeep\n|turn|19\n|inactive|Time left: 300 sec this turn | 300 sec total\n|\n|t:|1783542483\n|move|p1a: Oricorio|Revelation Dance|p2a: Articuno\n|-damage|p2a: Articuno|75/288\n|move|p2a: Articuno|Recover|p2a: Articuno\n|-heal|p2a: Articuno|219/288\n|\n|upkeep\n|turn|20\n|inactive|Time left: 300 sec this turn | 300 sec total\n|\n|t:|1783542484\n|move|p1a: Oricorio|Hurricane|p2a: Articuno\n|-damage|p2a: Articuno|78/288\n|move|p2a: Articuno|Freezing Glare|p1a: Oricorio\n|-damage|p1a: Oricorio|21/100\n|-status|p1a: Oricorio|frz\n|\n|upkeep\n|turn|21\n|inactive|Time left: 300 sec this turn | 300 sec total\n|\n|t:|1783542485\n|-curestatus|p1a: Oricorio|frz|[msg]\n|move|p1a: Oricorio|Revelation Dance|p2a: Articuno\n|-damage|p2a: Articuno|0 fnt\n|faint|p2a: Articuno\n|\n|upkeep\n|inactive|Time left: 300 sec this turn | 300 sec total | 5 sec grace\n|\n|t:|1783542486\n|switch|p2a: Keldeo|Keldeo-Resolute, L79|157/273\n|turn|22\n|inactive|Time left: 300 sec this turn | 300 sec total\n|\n|t:|1783542487\n|move|p1a: Oricorio|Roost|p1a: Oricorio\n|-heal|p1a: Oricorio|71/100\n|-singleturn|p1a: Oricorio|move: Roost\n|move|p2a: Keldeo|Flip Turn|p1a: Oricorio\n|-supereffective|p1a: Oricorio\n|-damage|p1a: Oricorio|31/100\n|inactive|Time left: 300 sec this turn | 300 sec total | 5 sec grace\n|\n|t:|1783542488\n|switch|p2a: Minun|Minun, L95, M|268/268|[from] Flip Turn\n|\n|upkeep\n|turn|23\n|inactive|Time left: 300 sec this turn | 300 sec total\n|\n|t:|1783542489\n|-terastallize|p1a: Oricorio|Ground\n|move|p1a: Oricorio|Revelation Dance|p2a: Minun\n|-supereffective|p2a: Minun\n|-damage|p2a: Minun|0 fnt\n|faint|p2a: Minun\n|\n|upkeep\n|inactive|Time left: 300 sec this turn | 300 sec total | 5 sec grace\n|\n|t:|1783542490\n|switch|p2a: Keldeo|Keldeo-Resolute, L79|157/273\n|turn|24\n|inactive|Time left: 300 sec this turn | 300 sec total\n|\n|t:|1783542491\n|move|p1a: Oricorio|Revelation Dance|p2a: Keldeo\n|-damage|p2a: Keldeo|0 fnt\n|faint|p2a: Keldeo\n|\n|upkeep\n|inactive|Time left: 300 sec this turn | 300 sec total | 5 sec grace\n|\n|t:|1783542492\n|switch|p2a: Meowscarada|Meowscarada, L78, F|247/247\n|turn|25\n|inactive|Time left: 300 sec this turn | 300 sec total\n|\n|t:|1783542493\n|move|p1a: Oricorio|Revelation Dance|p2a: Meowscarada\n|-resisted|p2a: Meowscarada\n|-damage|p2a: Meowscarada|90/247\n|move|p2a: Meowscarada|Toxic Spikes|p1a: Oricorio\n|-start|p2a: Meowscarada|typechange|Poison|[from] ability: Protean\n|-sidestart|p1: p0x2490c4b|move: Toxic Spikes\n|\n|upkeep\n|turn|26\n|inactive|Time left: 300 sec this turn | 300 sec total\n|\n|t:|1783542494\n|move|p1a: Oricorio|Revelation Dance|p2a: Meowscarada\n|-supereffective|p2a: Meowscarada\n|-damage|p2a: Meowscarada|0 fnt\n|faint|p2a: Meowscarada\n|\n|win|p0x2490c4b", "uploadtime": 1783542494, "views": 0, "rating": 0, "private": 0, "password": null, "_winner": "p0x2490c4b", "_our_name": "p0y249535b"}