{"id": "battle-gen9randombattle-22", "formatid": "gen9randombattle", "format": "[Gen 9] Random Battle", "players": ["p0x022baba", "p0y022cd27"], "log": "|init|battle\n|title|p0x022baba vs. p0y022cd27\n|j|\u2606p0x022baba\n|j|\u2606p0y022cd27\n|t:|1783539428\n|gametype|singles\n|player|p1|p0x022baba|169|\n|player|p2|p0y022cd27|265|\n|gen|9\n|tier|[Gen 9] Random Battle\n|rule|Species Clause: Limit one of each Pok\u00e9mon\n|rule|HP Percentage Mod: HP is shown in percentages\n|rule|Sleep Clause Mod: Limit one foe put to sleep\n|rule|Illusion Level Mod: Illusion disguises the Pok\u00e9mon's true level\n|\n|t:|1783539428\n|teamsize|p1|6\n|teamsize|p2|6\n|start\n|switch|p1a: Muk|Muk-Alola, L82, F|306/306\n|switch|p2a: Talonflame|Talonflame, L83, F|100/100\n|turn|1\n|inactive|Battle timer is ON: inactive players will automatically lose when time's up. (requested by p0y022cd27)\n|inactive|Time left: 300 sec this turn | 300 sec total | 60 sec grace\n|\n|t:|1783539430\n|move|p2a: Talonflame|Swords Dance|p2a: Talonflame\n|-boost|p2a: Talonflame|atk|2\n|move|p1a: Muk|Knock Off|p2a: Talonflame\n|-damage|p2a: Talonflame|55/100\n|-status|p2a: Talonflame|psn|[from] ability: Poison Touch|[of] p1a: Muk\n|-enditem|p2a: Talonflame|Heavy-Duty Boots|[from] move: Knock Off|[of] p1a: Muk\n|\n|-damage|p2a: Talonflame|43/100 psn|[from] psn\n|upkeep\n|turn|2\n|inactive|Time left: 300 sec this turn | 300 sec total\n|inactive|p0x022baba also wants the timer to be on.\n|\n|t:|1783539431\n|switch|p1a: Cresselia|Cresselia, L80, F|323/323\n|move|p2a: Talonflame|Flare Blitz|p1a: Cresselia\n|-damage|p1a: Cresselia|115/323\n|-damage|p2a: Talonflame|17/100 psn|[from] Recoil\n|\n|-heal|p1a: Cresselia|135/323|[from] item: Leftovers\n|-damage|p2a: Talonflame|4/100 psn|[from] psn\n|upkeep\n|turn|3\n|inactive|Time left: 300 sec this turn | 300 sec total\n|\n|t:|1783539433\n|switch|p1a: Moltres|Moltres, L81|278/278\n|move|p2a: Talonflame|Brave Bird|p1a: Moltres\n|-damage|p1a: Moltres|64/278\n|-damage|p2a: Talonflame|0 fnt|[from] Recoil\n|faint|p2a: Talonflame\n|\n|upkeep\n|\n|t:|1783539434\n|switch|p2a: Indeedee|Indeedee, L84, M|100/100\n|-fieldstart|move: Psychic Terrain|[from] ability: Psychic Surge|[of] p2a: Indeedee\n|turn|4\n|inactive|Time left: 300 sec this turn | 300 sec total\n|\n|t:|1783539435\n|switch|p1a: Muk|Muk-Alola, L82, F|306/306\n|move|p2a: Indeedee|Expanding Force|p1a: Muk\n|-immune|p1a: Muk\n|\n|upkeep\n|turn|5\n|inactive|Time left: 300 sec this turn | 300 sec total\n|\n|t:|1783539436\n|switch|p2a: Glastrier|Glastrier, L86|100/100\n|move|p1a: Muk|Knock Off|p2a: Glastrier\n|-damage|p2a: Glastrier|75/100\n|-enditem|p2a: Glastrier|Heavy-Duty Boots|[from] move: Knock Off|[of] p1a: Muk\n|\n|upkeep\n|turn|6\n|inactive|Time left: 300 sec this turn | 300 sec total\n|\n|t:|1783539437\n|move|p1a: Muk|Gunk Shot|p2a: Glastrier\n|-damage|p2a: Glastrier|48/100\n|-status|p2a: Glastrier|psn\n|move|p2a: Glastrier|Swords Dance|p2a: Glastrier\n|-boost|p2a: Glastrier|atk|2\n|\n|-damage|p2a: Glastrier|35/100 psn|[from] psn\n|upkeep\n|turn|7\n|inactive|Time left: 300 sec this turn | 300 sec total\n|\n|t:|1783539437\n|-terastallize|p1a: Muk|Fighting\n|move|p1a: Muk|Drain Punch|p2a: Glastrier\n|-supereffective|p2a: Glastrier\n|-damage|p2a: Glastrier|0 fnt\n|faint|p2a: Glastrier\n|\n|upkeep\n|\n|t:|1783539438\n|switch|p2a: Munkidori|Munkidori, L79, M|100/100\n|turn|8\n|inactive|Time left: 300 sec this turn | 300 sec total\n|\n|t:|1783539439\n|move|p2a: Munkidori|Psyshock|p1a: Muk\n|-supereffective|p1a: Muk\n|-damage|p1a: Muk|0 fnt\n|faint|p1a: Muk\n|-damage|p2a: Munkidori|91/100|[from] item: Life Orb\n|\n|-fieldend|move: Psychic Terrain\n|upkeep\n|inactive|Time left: 300 sec this turn | 300 sec total | 5 sec grace\n|\n|t:|1783539439\n|switch|p1a: Cinderace|Cinderace, L77, M|249/249\n|turn|9\n|inactive|Time left: 300 sec this turn | 300 sec total\n|\n|t:|1783539440\n|move|p1a: Cinderace|Pyro Ball|p2a: Munkidori\n|-damage|p2a: Munkidori|0 fnt\n|faint|p2a: Munkidori\n|\n|upkeep\n|\n|t:|1783539441\n|switch|p2a: Indeedee|Indeedee, L84, M|100/100\n|-fieldstart|move: Psychic Terrain|[from] ability: Psychic Surge|[of] p2a: Indeedee\n|turn|10\n|inactive|Time left: 300 sec this turn | 300 sec total\n|\n|t:|1783539441\n|switch|p1a: Moltres|Moltres, L81|64/278\n|-terastallize|p2a: Indeedee|Psychic\n|move|p2a: Indeedee|Expanding Force|p1a: Moltres\n|-damage|p1a: Moltres|0 fnt\n|faint|p1a: Moltres\n|\n|upkeep\n|inactive|Time left: 300 sec this turn | 300 sec total | 5 sec grace\n|\n|t:|1783539442\n|switch|p1a: Cresselia|Cresselia, L80, F|135/323\n|turn|11\n|inactive|Time left: 300 sec this turn | 300 sec total\n|\n|t:|1783539443\n|move|p2a: Indeedee|Expanding Force|p1a: Cresselia\n|-resisted|p1a: Cresselia\n|-damage|p1a: Cresselia|44/323\n|move|p1a: Cresselia|Moonlight|p1a: Cresselia\n|-heal|p1a: Cresselia|205/323\n|\n|-heal|p1a: Cresselia|225/323|[from] item: Leftovers\n|upkeep\n|turn|12\n|inactive|Time left: 300 sec this turn | 300 sec total\n|\n|t:|1783539443\n|move|p2a: Indeedee|Expanding Force|p1a: Cresselia\n|-resisted|p1a: Cresselia\n|-damage|p1a: Cresselia|124/323\n|move|p1a: Cresselia|Calm Mind|p1a: Cresselia\n|-boost|p1a: Cresselia|spa|1\n|-boost|p1a: Cresselia|spd|1\n|\n|-heal|p1a: Cresselia|144/323|[from] item: Leftovers\n|upkeep\n|turn|13\n|inactive|Time left: 300 sec this turn | 300 sec total\n|\n|t:|1783539444\n|move|p2a: Indeedee|Expanding Force|p1a: Cresselia\n|-resisted|p1a: Cresselia\n|-damage|p1a: Cresselia|75/323\n|move|p1a: Cresselia|Moonlight|p1a: Cresselia\n|-heal|p1a: Cresselia|236/323\n|\n|-heal|p1a: Cresselia|256/323|[from] item: Leftovers\n|upkeep\n|turn|14\n|inactive|Time left: 300 sec this turn | 300 sec total\n|\n|t:|1783539445\n|move|p2a: Indeedee|Expanding Force|p1a: Cresselia\n|-resisted|p1a: Cresselia\n|-damage|p1a: Cresselia|191/323\n|move|p1a: Cresselia|Calm Mind|p1a: Cresselia\n|-boost|p1a: Cresselia|spa|1\n|-boost|p1a: Cresselia|spd|1\n|\n|-heal|p1a: Cresselia|211/323|[from] item: Leftovers\n|-fieldend|move: Psychic Terrain\n|upkeep\n|turn|15\n|inactive|Time left: 300 sec this turn | 300 sec total\n|\n|t:|1783539446\n|switch|p2a: Pachirisu|Pachirisu, L96, M|100/100\n|move|p1a: Cresselia|Psyshock|p2a: Pachirisu\n|-crit|p2a: Pachirisu\n|-damage|p2a: Pachirisu|25/100\n|\n|-heal|p1a: Cresselia|231/323|[from] item: Leftovers\n|upkeep\n|turn|16\n|inactive|Time left: 300 sec this turn | 300 sec total\n|\n|t:|1783539447\n|move|p2a: Pachirisu|Nuzzle|p1a: Cresselia\n|-damage|p1a: Cresselia|216/323\n|-status|p1a: Cresselia|par\n|cant|p1a: Cresselia|par\n|\n|-heal|p1a: Cresselia|236/323 par|[from] item: Leftovers\n|upkeep\n|turn|17\n|inactive|Time left: 300 sec this turn | 300 sec total\n|\n|t:|1783539448\n|move|p2a: Pachirisu|Super Fang|p1a: Cresselia\n|-damage|p1a: Cresselia|118/323 par\n|move|p1a: Cresselia|Psyshock|p2a: Pachirisu\n|-damage|p2a: Pachirisu|0 fnt\n|faint|p2a: Pachirisu\n|\n|-heal|p1a: Cresselia|138/323 par|[from] item: Leftovers\n|upkeep\n|\n|t:|1783539449\n|switch|p2a: Indeedee|Indeedee, L84, M, tera:Psychic|100/100\n|-fieldstart|move: Psychic Terrain|[from] ability: Psychic Surge|[of] p2a: Indeedee\n|turn|18\n|inactive|Time left: 300 sec this turn | 300 sec total\n|\n|t:|1783539450\n|move|p2a: Indeedee|Expanding Force|p1a: Cresselia\n|-resisted|p1a: Cresselia\n|-damage|p1a: Cresselia|85/323 par\n|move|p1a: Cresselia|Moonlight|p1a: Cresselia\n|-heal|p1a: Cresselia|246/323 par\n|\n|-heal|p1a: Cresselia|266/323 par|[from] item: Leftovers\n|upkeep\n|turn|19\n|inactive|Time left: 300 sec this turn | 300 sec total\n|\n|t:|1783539452\n|move|p2a: Indeedee|Expanding Force|p1a: Cresselia\n|-resisted|p1a: Cresselia\n|-damage|p1a: Cresselia|217/323 par\n|move|p1a: Cresselia|Psyshock|p2a: Indeedee\n|-resisted|p2a: Indeedee\n|-damage|p2a: Indeedee|66/100\n|\n|-heal|p1a: Cresselia|237/323 par|[from] item: Leftovers\n|upkeep\n|turn|20\n|inactive|Time left: 300 sec this turn | 300 sec total\n|\n|t:|1783539453\n|move|p2a: Indeedee|Expanding Force|p1a: Cresselia\n|-resisted|p1a: Cresselia\n|-damage|p1a: Cresselia|187/323 par\n|cant|p1a: Cresselia|par\n|\n|-heal|p1a: Cresselia|207/323 par|[from] item: Leftovers\n|upkeep\n|turn|21\n|inactive|Time left: 300 sec this turn | 300 sec total\n|\n|t:|1783539454\n|move|p2a: Indeedee|Expanding Force|p1a: Cresselia\n|-resisted|p1a: Cresselia\n|-damage|p1a: Cresselia|162/323 par\n|move|p1a: Cresselia|Psyshock|p2a: Indeedee\n|-resisted|p2a: Indeedee\n|-damage|p2a: Indeedee|27/100\n|\n|-heal|p1a: Cresselia|182/323 par|[from] item: Leftovers\n|upkeep\n|turn|22\n|inactive|Time left: 300 sec this turn | 300 sec total\n|\n|t:|1783539455\n|move|p2a: Indeedee|Expanding Force|p1a: Cresselia\n|-resisted|p1a: Cresselia\n|-damage|p1a: Cresselia|134/323 par\n|move|p1a: Cresselia|Psyshock|p2a: Indeedee\n|-resisted|p2a: Indeedee\n|-crit|p2a: Indeedee\n|-damage|p2a: Indeedee|0 fnt\n|faint|p2a: Indeedee\n|\n|-heal|p1a: Cresselia|154/323 par|[from] item: Leftovers\n|-fieldend|move: Psychic Terrain\n|upkeep\n|\n|t:|1783539456\n|switch|p2a: Landorus|Landorus, L75, M|100/100\n|turn|23\n|inactive|Time left: 300 sec this turn | 300 sec total\n|\n|t:|1783539457\n|move|p2a: Landorus|Sludge Wave|p1a: Cresselia\n|-damage|p1a: Cresselia|109/323 par\n|move|p1a: Cresselia|Psyshock|p2a: Landorus\n|-damage|p2a: Landorus|46/100\n|\n|-heal|p1a: Cresselia|129/323 par|[from] item: Leftovers\n|upkeep\n|turn|24\n|inactive|Time left: 300 sec this turn | 300 sec total\n|\n|t:|1783539458\n|move|p2a: Landorus|Psychic|p1a: Cresselia\n|-resisted|p1a: Cresselia\n|-damage|p1a: Cresselia|107/323 par\n|move|p1a: Cresselia|Psyshock|p2a: Landorus\n|-damage|p2a: Landorus|0 fnt\n|faint|p2a: Landorus\n|\n|win|p0x022baba", "uploadtime": 1783539458, "views": 0, "rating": 0, "private": 0, "password": null, "_winner": "p0x022baba", "_our_name": "p0x022baba"}