{"id": "battle-gen9randombattle-68", "formatid": "gen9randombattle", "format": "[Gen 9] Random Battle", "players": ["p0x068290d", "p0y068ac97"], "log": "|init|battle\n|title|p0x068290d vs. p0y068ac97\n|j|\u2606p0x068290d\n|j|\u2606p0y068ac97\n|t:|1783540242\n|gametype|singles\n|player|p1|p0x068290d|1|\n|player|p2|p0y068ac97|265|\n|gen|9\n|tier|[Gen 9] Random Battle\n|rule|Species Clause: Limit one of each Pok\u00e9mon\n|rule|HP Percentage Mod: HP is shown in percentages\n|rule|Sleep Clause Mod: Limit one foe put to sleep\n|rule|Illusion Level Mod: Illusion disguises the Pok\u00e9mon's true level\n|\n|t:|1783540242\n|teamsize|p1|6\n|teamsize|p2|6\n|start\n|switch|p1a: Quaquaval|Quaquaval, L79, F|100/100\n|switch|p2a: Dedenne|Dedenne, L88, F|261/261\n|turn|1\n|inactive|Battle timer is ON: inactive players will automatically lose when time's up. (requested by p0x068290d)\n|inactive|Time left: 300 sec this turn | 300 sec total | 60 sec grace\n|inactive|p0y068ac97 also wants the timer to be on.\n|\n|t:|1783540243\n|move|p2a: Dedenne|Thunderbolt|p1a: Quaquaval\n|-supereffective|p1a: Quaquaval\n|-damage|p1a: Quaquaval|13/100\n|move|p1a: Quaquaval|Aqua Step|p2a: Dedenne\n|-damage|p2a: Dedenne|143/261\n|-boost|p1a: Quaquaval|spe|1\n|\n|-heal|p1a: Quaquaval|19/100|[from] item: Leftovers\n|upkeep\n|turn|2\n|inactive|Time left: 300 sec this turn | 300 sec total\n|\n|t:|1783540245\n|move|p1a: Quaquaval|Aqua Step|p2a: Dedenne\n|-damage|p2a: Dedenne|29/261\n|-boost|p1a: Quaquaval|spe|1\n|-enditem|p2a: Dedenne|Sitrus Berry|[eat]\n|-heal|p2a: Dedenne|94/261|[from] item: Sitrus Berry\n|-heal|p2a: Dedenne|181/261|[from] ability: Cheek Pouch\n|move|p2a: Dedenne|Thunderbolt|p1a: Quaquaval\n|-supereffective|p1a: Quaquaval\n|-damage|p1a: Quaquaval|0 fnt\n|faint|p1a: Quaquaval\n|\n|upkeep\n|\n|t:|1783540245\n|switch|p1a: Groudon|Groudon, L72|100/100\n|-weather|SunnyDay|[from] ability: Drought|[of] p1a: Groudon\n|turn|3\n|inactive|Time left: 300 sec this turn | 300 sec total\n|\n|t:|1783540247\n|switch|p2a: Basculegion|Basculegion-F, L83, F|335/335\n|move|p1a: Groudon|Swords Dance|p1a: Groudon\n|-boost|p1a: Groudon|atk|2\n|\n|-weather|SunnyDay|[upkeep]\n|upkeep\n|turn|4\n|inactive|Time left: 300 sec this turn | 300 sec total\n|\n|t:|1783540248\n|move|p2a: Basculegion|Hydro Pump|p1a: Groudon\n|-supereffective|p1a: Groudon\n|-damage|p1a: Groudon|6/100\n|move|p1a: Groudon|Precipice Blades|p2a: Basculegion\n|-damage|p2a: Basculegion|0 fnt\n|faint|p2a: Basculegion\n|\n|-weather|SunnyDay|[upkeep]\n|-heal|p1a: Groudon|12/100|[from] item: Leftovers\n|upkeep\n|inactive|Time left: 300 sec this turn | 300 sec total | 5 sec grace\n|\n|t:|1783540249\n|switch|p2a: Heracross|Heracross, L80, M|259/259\n|turn|5\n|inactive|Time left: 300 sec this turn | 300 sec total\n|\n|t:|1783540250\n|switch|p1a: Lugia|Lugia, L73|100/100\n|move|p2a: Heracross|Close Combat|p1a: Lugia\n|-resisted|p1a: Lugia\n|-damage|p1a: Lugia|95/100\n|-unboost|p2a: Heracross|def|1\n|-unboost|p2a: Heracross|spd|1\n|\n|-weather|SunnyDay|[upkeep]\n|upkeep\n|turn|6\n|inactive|Time left: 300 sec this turn | 300 sec total\n|\n|t:|1783540251\n|switch|p2a: Grimmsnarl|Grimmsnarl, L83, M|293/293\n|move|p1a: Lugia|Calm Mind|p1a: Lugia\n|-boost|p1a: Lugia|spa|1\n|-boost|p1a: Lugia|spd|1\n|\n|-weather|SunnyDay|[upkeep]\n|upkeep\n|turn|7\n|inactive|Time left: 300 sec this turn | 300 sec total\n|\n|t:|1783540253\n|move|p2a: Grimmsnarl|Light Screen|p2a: Grimmsnarl\n|-sidestart|p2: p0y068ac97|move: Light Screen\n|move|p1a: Lugia|Calm Mind|p1a: Lugia\n|-boost|p1a: Lugia|spa|1\n|-boost|p1a: Lugia|spd|1\n|\n|-weather|none\n|upkeep\n|turn|8\n|inactive|Time left: 300 sec this turn | 300 sec total\n|\n|t:|1783540254\n|move|p1a: Lugia|Aeroblast|p2a: Grimmsnarl\n|-damage|p2a: Grimmsnarl|208/293\n|move|p2a: Grimmsnarl|Spirit Break|p1a: Lugia\n|-damage|p1a: Lugia|67/100\n|-unboost|p1a: Lugia|spa|1\n|\n|upkeep\n|turn|9\n|inactive|Time left: 300 sec this turn | 300 sec total\n|\n|t:|1783540255\n|move|p1a: Lugia|Recover|p1a: Lugia\n|-heal|p1a: Lugia|100/100\n|move|p2a: Grimmsnarl|Spirit Break|p1a: Lugia\n|-damage|p1a: Lugia|87/100\n|-unboost|p1a: Lugia|spa|1\n|\n|upkeep\n|turn|10\n|inactive|Time left: 300 sec this turn | 300 sec total\n|\n|t:|1783540256\n|move|p2a: Grimmsnarl|Reflect|p2a: Grimmsnarl\n|-sidestart|p2: p0y068ac97|Reflect\n|move|p1a: Lugia|Calm Mind|p1a: Lugia\n|-boost|p1a: Lugia|spa|1\n|-boost|p1a: Lugia|spd|1\n|\n|upkeep\n|turn|11\n|inactive|Time left: 300 sec this turn | 300 sec total\n|\n|t:|1783540257\n|move|p1a: Lugia|Calm Mind|p1a: Lugia\n|-boost|p1a: Lugia|spa|1\n|-boost|p1a: Lugia|spd|1\n|move|p2a: Grimmsnarl|Spirit Break|p1a: Lugia\n|-damage|p1a: Lugia|57/100\n|-unboost|p1a: Lugia|spa|1\n|\n|upkeep\n|turn|12\n|inactive|Time left: 300 sec this turn | 300 sec total\n|\n|t:|1783540258\n|move|p2a: Grimmsnarl|Parting Shot|p1a: Lugia\n|-unboost|p1a: Lugia|atk|1\n|-unboost|p1a: Lugia|spa|1\n|inactive|Time left: 300 sec this turn | 300 sec total | 5 sec grace\n|\n|t:|1783540259\n|switch|p2a: Iron Thorns|Iron Thorns, L83|302/302|[from] Parting Shot\n|move|p1a: Lugia|Recover|p1a: Lugia\n|-heal|p1a: Lugia|100/100\n|\n|upkeep\n|turn|13\n|inactive|Time left: 300 sec this turn | 300 sec total\n|\n|t:|1783540261\n|move|p1a: Lugia|Calm Mind|p1a: Lugia\n|-boost|p1a: Lugia|spa|1\n|-boost|p1a: Lugia|spd|1\n|move|p2a: Iron Thorns|Ice Punch|p1a: Lugia\n|-supereffective|p1a: Lugia\n|-damage|p1a: Lugia|79/100\n|\n|upkeep\n|turn|14\n|inactive|Time left: 300 sec this turn | 300 sec total\n|\n|t:|1783540262\n|move|p1a: Lugia|Recover|p1a: Lugia\n|-heal|p1a: Lugia|100/100\n|move|p2a: Iron Thorns|Stone Edge|p1a: Lugia|[miss]\n|-miss|p2a: Iron Thorns|p1a: Lugia\n|\n|-sideend|p2: p0y068ac97|move: Light Screen\n|upkeep\n|turn|15\n|inactive|Time left: 300 sec this turn | 300 sec total\n|\n|t:|1783540263\n|move|p1a: Lugia|Calm Mind|p1a: Lugia\n|-boost|p1a: Lugia|spa|1\n|-boost|p1a: Lugia|spd|1\n|move|p2a: Iron Thorns|Ice Punch|p1a: Lugia\n|-supereffective|p1a: Lugia\n|-damage|p1a: Lugia|80/100\n|\n|upkeep\n|turn|16\n|inactive|Time left: 300 sec this turn | 300 sec total\n|\n|t:|1783540264\n|move|p1a: Lugia|Recover|p1a: Lugia\n|-heal|p1a: Lugia|100/100\n|move|p2a: Iron Thorns|Stone Edge|p1a: Lugia|[miss]\n|-miss|p2a: Iron Thorns|p1a: Lugia\n|\n|upkeep\n|turn|17\n|inactive|Time left: 300 sec this turn | 300 sec total\n|\n|t:|1783540265\n|move|p1a: Lugia|Psychic Noise|p2a: Iron Thorns\n|-damage|p2a: Iron Thorns|221/302\n|-start|p2a: Iron Thorns|move: Heal Block\n|move|p2a: Iron Thorns|Ice Punch|p1a: Lugia\n|-supereffective|p1a: Lugia\n|-damage|p1a: Lugia|78/100\n|\n|-sideend|p2: p0y068ac97|Reflect\n|upkeep\n|turn|18\n|inactive|Time left: 300 sec this turn | 300 sec total\n|\n|t:|1783540267\n|move|p1a: Lugia|Recover|p1a: Lugia\n|-heal|p1a: Lugia|100/100\n|move|p2a: Iron Thorns|Stone Edge|p1a: Lugia\n|-supereffective|p1a: Lugia\n|-damage|p1a: Lugia|57/100\n|\n|-end|p2a: Iron Thorns|move: Heal Block\n|upkeep\n|turn|19\n|inactive|Time left: 300 sec this turn | 300 sec total\n|\n|t:|1783540268\n|move|p1a: Lugia|Recover|p1a: Lugia\n|-heal|p1a: Lugia|100/100\n|move|p2a: Iron Thorns|Wild Charge|p1a: Lugia\n|-supereffective|p1a: Lugia\n|-damage|p1a: Lugia|60/100\n|-damage|p2a: Iron Thorns|193/302|[from] Recoil\n|\n|upkeep\n|turn|20\n|inactive|Time left: 300 sec this turn | 300 sec total\n|\n|t:|1783540269\n|move|p1a: Lugia|Recover|p1a: Lugia\n|-heal|p1a: Lugia|100/100\n|move|p2a: Iron Thorns|Stone Edge|p1a: Lugia|[miss]\n|-miss|p2a: Iron Thorns|p1a: Lugia\n|\n|upkeep\n|turn|21\n|inactive|Time left: 300 sec this turn | 300 sec total\n|\n|t:|1783540270\n|move|p1a: Lugia|Aeroblast|p2a: Iron Thorns\n|-resisted|p2a: Iron Thorns\n|-damage|p2a: Iron Thorns|166/302\n|move|p2a: Iron Thorns|Ice Punch|p1a: Lugia\n|-supereffective|p1a: Lugia\n|-damage|p1a: Lugia|80/100\n|\n|upkeep\n|turn|22\n|inactive|Time left: 300 sec this turn | 300 sec total\n|\n|t:|1783540272\n|-terastallize|p1a: Lugia|Steel\n|move|p1a: Lugia|Psychic Noise|p2a: Iron Thorns\n|-damage|p2a: Iron Thorns|88/302\n|-start|p2a: Iron Thorns|move: Heal Block\n|move|p2a: Iron Thorns|Stone Edge|p1a: Lugia\n|-resisted|p1a: Lugia\n|-damage|p1a: Lugia|61/100\n|\n|upkeep\n|turn|23\n|inactive|Time left: 300 sec this turn | 300 sec total\n|\n|t:|1783540273\n|move|p1a: Lugia|Aeroblast|p2a: Iron Thorns\n|-resisted|p2a: Iron Thorns\n|-damage|p2a: Iron Thorns|62/302\n|move|p2a: Iron Thorns|Volt Switch|p1a: Lugia\n|-damage|p1a: Lugia|58/100\n|inactive|Time left: 300 sec this turn | 300 sec total | 5 sec grace\n|\n|t:|1783540274\n|-end|p2a: Iron Thorns|Quark Drive|[silent]\n|switch|p2a: Heracross|Heracross, L80, M|259/259|[from] Volt Switch\n|\n|upkeep\n|turn|24\n|inactive|Time left: 300 sec this turn | 300 sec total\n|\n|t:|1783540275\n|move|p2a: Heracross|Close Combat|p1a: Lugia\n|-supereffective|p1a: Lugia\n|-damage|p1a: Lugia|0 fnt\n|-unboost|p2a: Heracross|def|1\n|-unboost|p2a: Heracross|spd|1\n|faint|p1a: Lugia\n|-ability|p2a: Heracross|Moxie|boost\n|-boost|p2a: Heracross|atk|1\n|\n|upkeep\n|\n|t:|1783540276\n|switch|p1a: Dusknoir|Dusknoir, L89, F|100/100\n|-item|p2a: Heracross|Choice Scarf|[from] ability: Frisk|[of] p1a: Dusknoir\n|turn|25\n|inactive|Time left: 300 sec this turn | 300 sec total\n|\n|t:|1783540277\n|switch|p2a: Grimmsnarl|Grimmsnarl, L83, M|208/293\n|move|p1a: Dusknoir|Earthquake|p2a: Grimmsnarl\n|-damage|p2a: Grimmsnarl|58/293\n|\n|upkeep\n|turn|26\n|inactive|Time left: 300 sec this turn | 300 sec total\n|\n|t:|1783540277\n|move|p2a: Grimmsnarl|Reflect|p2a: Grimmsnarl\n|-sidestart|p2: p0y068ac97|Reflect\n|move|p1a: Dusknoir|Earthquake|p2a: Grimmsnarl\n|-damage|p2a: Grimmsnarl|0 fnt\n|faint|p2a: Grimmsnarl\n|\n|upkeep\n|inactive|Time left: 300 sec this turn | 300 sec total | 5 sec grace\n|\n|t:|1783540278\n|switch|p2a: Heracross|Heracross, L80, M|259/259\n|turn|27\n|inactive|Time left: 300 sec this turn | 300 sec total\n|\n|t:|1783540279\n|move|p2a: Heracross|Knock Off|p1a: Dusknoir\n|-supereffective|p1a: Dusknoir\n|-damage|p1a: Dusknoir|52/100\n|-enditem|p1a: Dusknoir|Choice Band|[from] move: Knock Off|[of] p2a: Heracross\n|move|p1a: Dusknoir|Earthquake|p2a: Heracross\n|-resisted|p2a: Heracross\n|-damage|p2a: Heracross|237/259\n|\n|upkeep\n|turn|28\n|inactive|Time left: 300 sec this turn | 300 sec total\n|\n|t:|1783540280\n|switch|p1a: Toucannon|Toucannon, L88, F|100/100\n|move|p2a: Heracross|Knock Off|p1a: Toucannon\n|-damage|p1a: Toucannon|68/100\n|-enditem|p1a: Toucannon|Heavy-Duty Boots|[from] move: Knock Off|[of] p2a: Heracross\n|\n|upkeep\n|turn|29\n|inactive|Time left: 300 sec this turn | 300 sec total\n|\n|t:|1783540280\n|switch|p2a: Iron Thorns|Iron Thorns, L83|62/302\n|move|p1a: Toucannon|Bullet Seed|p2a: Iron Thorns\n|-supereffective|p2a: Iron Thorns\n|-damage|p2a: Iron Thorns|41/302\n|-supereffective|p2a: Iron Thorns\n|-damage|p2a: Iron Thorns|22/302\n|-supereffective|p2a: Iron Thorns\n|-damage|p2a: Iron Thorns|4/302\n|-supereffective|p2a: Iron Thorns\n|-damage|p2a: Iron Thorns|0 fnt\n|faint|p2a: Iron Thorns\n|-end|p2a: Iron Thorns|Quark Drive|[silent]\n|-hitcount|p2: Iron Thorns|4\n|\n|upkeep\n|inactive|Time left: 300 sec this turn | 300 sec total | 5 sec grace\n|\n|t:|1783540281\n|switch|p2a: Dedenne|Dedenne, L88, F|181/261\n|turn|30\n|inactive|Time left: 300 sec this turn | 300 sec total\n|\n|t:|1783540282\n|switch|p1a: Groudon|Groudon, L72|12/100\n|-weather|SunnyDay|[from] ability: Drought|[of] p1a: Groudon\n|move|p2a: Dedenne|Thunderbolt|p1a: Groudon\n|-immune|p1a: Groudon\n|\n|-weather|SunnyDay|[upkeep]\n|-heal|p1a: Groudon|18/100|[from] item: Leftovers\n|upkeep\n|turn|31\n|inactive|Time left: 300 sec this turn | 300 sec total\n|\n|t:|1783540283\n|switch|p1a: Oinkologne|Oinkologne-F, L92, F|100/100\n|move|p2a: Dedenne|Dazzling Gleam|p1a: Oinkologne\n|-damage|p1a: Oinkologne|81/100\n|\n|-weather|SunnyDay|[upkeep]\n|-heal|p1a: Oinkologne|87/100|[from] item: Leftovers\n|upkeep\n|turn|32\n|inactive|Time left: 300 sec this turn | 300 sec total\n|\n|t:|1783540284\n|move|p2a: Dedenne|Super Fang|p1a: Oinkologne|[miss]\n|-miss|p2a: Dedenne|p1a: Oinkologne\n|move|p1a: Oinkologne|Body Slam|p2a: Dedenne\n|-damage|p2a: Dedenne|110/261\n|\n|-weather|SunnyDay|[upkeep]\n|-heal|p1a: Oinkologne|93/100|[from] item: Leftovers\n|upkeep\n|turn|33\n|inactive|Time left: 300 sec this turn | 300 sec total\n|\n|t:|1783540285\n|move|p2a: Dedenne|Super Fang|p1a: Oinkologne\n|-damage|p1a: Oinkologne|47/100\n|move|p1a: Oinkologne|Body Slam|p2a: Dedenne\n|-damage|p2a: Dedenne|44/261\n|\n|-weather|SunnyDay|[upkeep]\n|-heal|p1a: Oinkologne|53/100|[from] item: Leftovers\n|-sideend|p2: p0y068ac97|Reflect\n|upkeep\n|turn|34\n|inactive|Time left: 300 sec this turn | 300 sec total\n|\n|t:|1783540286\n|move|p2a: Dedenne|Super Fang|p1a: Oinkologne|[miss]\n|-miss|p2a: Dedenne|p1a: Oinkologne\n|move|p1a: Oinkologne|Rest|p1a: Oinkologne\n|-status|p1a: Oinkologne|slp|[from] move: Rest\n|-heal|p1a: Oinkologne|100/100 slp|[silent]\n|\n|-weather|none\n|upkeep\n|turn|35\n|inactive|Time left: 300 sec this turn | 300 sec total\n|\n|t:|1783540287\n|move|p2a: Dedenne|Dazzling Gleam|p1a: Oinkologne\n|-damage|p1a: Oinkologne|81/100 slp\n|cant|p1a: Oinkologne|slp\n|move|p1a: Oinkologne|Sleep Talk|p1a: Oinkologne\n|move|p1a: Oinkologne|Body Slam|p2a: Dedenne|[from] move: Sleep Talk\n|-damage|p2a: Dedenne|0 fnt\n|faint|p2a: Dedenne\n|\n|-heal|p1a: Oinkologne|87/100 slp|[from] item: Leftovers\n|upkeep\n|inactive|Time left: 300 sec this turn | 300 sec total | 5 sec grace\n|\n|t:|1783540288\n|switch|p2a: Heracross|Heracross, L80, M|237/259\n|turn|36\n|inactive|Time left: 300 sec this turn | 300 sec total\n|\n|t:|1783540289\n|switch|p1a: Dusknoir|Dusknoir, L89, F|52/100\n|-item|p2a: Heracross|Choice Scarf|[from] ability: Frisk|[of] p1a: Dusknoir\n|move|p2a: Heracross|Close Combat|p1a: Dusknoir\n|-immune|p1a: Dusknoir\n|\n|upkeep\n|turn|37\n|inactive|Time left: 300 sec this turn | 300 sec total\n|\n|t:|1783540290\n|switch|p2a: Lapras|Lapras, L87, M|368/368\n|move|p1a: Dusknoir|Poltergeist|p2a: Lapras\n|-activate|p2a: Lapras|move: Poltergeist|Heavy-Duty Boots\n|-damage|p2a: Lapras|223/368\n|\n|upkeep\n|turn|38\n|inactive|Time left: 300 sec this turn | 300 sec total\n|\n|t:|1783540291\n|move|p2a: Lapras|Sparkling Aria|p1a: Dusknoir\n|-damage|p1a: Dusknoir|23/100\n|move|p1a: Dusknoir|Poltergeist|p2a: Lapras\n|-activate|p2a: Lapras|move: Poltergeist|Heavy-Duty Boots\n|-damage|p2a: Lapras|88/368\n|\n|upkeep\n|turn|39\n|inactive|Time left: 300 sec this turn | 300 sec total\n|\n|t:|1783540292\n|move|p2a: Lapras|Freeze-Dry|p1a: Dusknoir\n|-damage|p1a: Dusknoir|0 fnt\n|faint|p1a: Dusknoir\n|\n|upkeep\n|\n|t:|1783540293\n|switch|p1a: Toucannon|Toucannon, L88, F|68/100\n|turn|40\n|inactive|Time left: 300 sec this turn | 300 sec total\n|\n|t:|1783540294\n|move|p1a: Toucannon|Boomburst|p2a: Lapras\n|-crit|p2a: Lapras\n|-damage|p2a: Lapras|0 fnt\n|faint|p2a: Lapras\n|\n|upkeep\n|inactive|Time left: 300 sec this turn | 300 sec total | 5 sec grace\n|\n|t:|1783540295\n|switch|p2a: Heracross|Heracross, L80, M|237/259\n|turn|41\n|inactive|Time left: 300 sec this turn | 300 sec total\n|\n|t:|1783540296\n|-terastallize|p2a: Heracross|Fighting\n|-singleturn|p1a: Toucannon|move: Beak Blast\n|move|p2a: Heracross|Close Combat|p1a: Toucannon\n|-damage|p1a: Toucannon|0 fnt\n|-status|p2a: Heracross|brn\n|-unboost|p2a: Heracross|def|1\n|-unboost|p2a: Heracross|spd|1\n|faint|p1a: Toucannon\n|-ability|p2a: Heracross|Moxie|boost\n|-boost|p2a: Heracross|atk|1\n|\n|-damage|p2a: Heracross|221/259 brn|[from] brn\n|upkeep\n|\n|t:|1783540297\n|switch|p1a: Oinkologne|Oinkologne-F, L92, F|87/100 slp\n|turn|42\n|inactive|Time left: 300 sec this turn | 300 sec total\n|\n|t:|1783540298\n|move|p2a: Heracross|Close Combat|p1a: Oinkologne\n|-supereffective|p1a: Oinkologne\n|-damage|p1a: Oinkologne|7/100 slp\n|-unboost|p2a: Heracross|def|1\n|-unboost|p2a: Heracross|spd|1\n|cant|p1a: Oinkologne|slp\n|move|p1a: Oinkologne|Sleep Talk|p1a: Oinkologne\n|move|p1a: Oinkologne|Rest||[from] move: Sleep Talk|[still]\n|-fail|p1a: Oinkologne\n|\n|-heal|p1a: Oinkologne|13/100 slp|[from] item: Leftovers\n|-damage|p2a: Heracross|205/259 brn|[from] brn\n|upkeep\n|turn|43\n|inactive|Time left: 300 sec this turn | 300 sec total\n|\n|t:|1783540299\n|switch|p1a: Groudon|Groudon, L72|18/100\n|-weather|SunnyDay|[from] ability: Drought|[of] p1a: Groudon\n|move|p2a: Heracross|Close Combat|p1a: Groudon\n|-damage|p1a: Groudon|0 fnt\n|-unboost|p2a: Heracross|def|1\n|-unboost|p2a: Heracross|spd|1\n|faint|p1a: Groudon\n|-ability|p2a: Heracross|Moxie|boost\n|-boost|p2a: Heracross|atk|1\n|\n|-weather|SunnyDay|[upkeep]\n|-damage|p2a: Heracross|189/259 brn|[from] brn\n|upkeep\n|\n|t:|1783540300\n|switch|p1a: Oinkologne|Oinkologne-F, L92, F|13/100 slp\n|turn|44\n|inactive|Time left: 300 sec this turn | 300 sec total\n|\n|t:|1783540301\n|move|p2a: Heracross|Close Combat|p1a: Oinkologne\n|-supereffective|p1a: Oinkologne\n|-damage|p1a: Oinkologne|0 fnt\n|-unboost|p2a: Heracross|def|1\n|-unboost|p2a: Heracross|spd|1\n|faint|p1a: Oinkologne\n|\n|win|p0y068ac97", "uploadtime": 1783540301, "views": 0, "rating": 0, "private": 0, "password": null, "_winner": "p0y068ac97", "_our_name": "p0y068ac97"}