{"id": "battle-gen9randombattle-1048", "formatid": "gen9randombattle", "format": "[Gen 9] Random Battle", "players": ["p0x1048c3f6", "p0y104854a8"], "log": "|init|battle\n|title|p0x1048c3f6 vs. p0y104854a8\n|j|\u2606p0x1048c3f6\n|j|\u2606p0y104854a8\n|t:|1783552038\n|gametype|singles\n|player|p1|p0x1048c3f6|101|\n|player|p2|p0y104854a8|169|\n|gen|9\n|tier|[Gen 9] Random Battle\n|rule|Species Clause: Limit one of each Pok\u00e9mon\n|rule|HP Percentage Mod: HP is shown in percentages\n|rule|Sleep Clause Mod: Limit one foe put to sleep\n|rule|Illusion Level Mod: Illusion disguises the Pok\u00e9mon's true level\n|\n|t:|1783552038\n|teamsize|p1|6\n|teamsize|p2|6\n|start\n|switch|p1a: Comfey|Comfey, L85, F|225/225\n|switch|p2a: Darkrai|Darkrai, L77|100/100\n|turn|1\n|inactive|Battle timer is ON: inactive players will automatically lose when time's up. (requested by p0x1048c3f6)\n|inactive|p0y104854a8 also wants the timer to be on.\n|\n|t:|1783552040\n|move|p2a: Darkrai|Nasty Plot|p2a: Darkrai\n|-boost|p2a: Darkrai|spa|2\n|move|p1a: Comfey|Calm Mind|p1a: Comfey\n|-boost|p1a: Comfey|spa|1\n|-boost|p1a: Comfey|spd|1\n|\n|upkeep\n|turn|2\n|inactive|Time left: 300 sec this turn | 300 sec total\n|\n|t:|1783552041\n|-terastallize|p2a: Darkrai|Poison\n|move|p1a: Comfey|Draining Kiss|p2a: Darkrai\n|-resisted|p2a: Darkrai\n|-damage|p2a: Darkrai|84/100\n|move|p2a: Darkrai|Sludge Bomb|p1a: Comfey\n|-supereffective|p1a: Comfey\n|-damage|p1a: Comfey|0 fnt\n|faint|p1a: Comfey\n|-damage|p2a: Darkrai|74/100|[from] item: Life Orb\n|\n|upkeep\n|inactive|Time left: 300 sec this turn | 300 sec total | 5 sec grace\n|\n|t:|1783552042\n|switch|p1a: Tauros|Tauros-Paldea-Aqua, L81, M|252/252\n|turn|3\n|inactive|Time left: 300 sec this turn | 300 sec total\n|\n|t:|1783552044\n|move|p2a: Darkrai|Sludge Bomb|p1a: Tauros\n|-damage|p1a: Tauros|0 fnt\n|faint|p1a: Tauros\n|-damage|p2a: Darkrai|64/100|[from] item: Life Orb\n|\n|upkeep\n|inactive|Time left: 300 sec this turn | 300 sec total | 5 sec grace\n|\n|t:|1783552044\n|switch|p1a: Misdreavus|Misdreavus, L90, F|254/254\n|turn|4\n|inactive|Time left: 300 sec this turn | 300 sec total\n|\n|t:|1783552046\n|move|p2a: Darkrai|Dark Pulse|p1a: Misdreavus\n|-supereffective|p1a: Misdreavus\n|-damage|p1a: Misdreavus|0 fnt\n|faint|p1a: Misdreavus\n|-damage|p2a: Darkrai|54/100|[from] item: Life Orb\n|\n|upkeep\n|inactive|Time left: 300 sec this turn | 300 sec total | 5 sec grace\n|\n|t:|1783552047\n|switch|p1a: Meowstic|Meowstic-F, L89, F|277/277\n|turn|5\n|inactive|Time left: 300 sec this turn | 300 sec total\n|\n|t:|1783552048\n|move|p2a: Darkrai|Sludge Bomb|p1a: Meowstic\n|-damage|p1a: Meowstic|8/277\n|-damage|p2a: Darkrai|45/100|[from] item: Life Orb\n|move|p1a: Meowstic|Psychic|p2a: Darkrai\n|-supereffective|p2a: Darkrai\n|-damage|p2a: Darkrai|0 fnt\n|faint|p2a: Darkrai\n|-damage|p1a: Meowstic|0 fnt|[from] item: Life Orb\n|faint|p1a: Meowstic\n|\n|upkeep\n|inactive|Time left: 300 sec this turn | 300 sec total | 5 sec grace\n|\n|t:|1783552049\n|switch|p2a: Ninetales|Ninetales-Alola, L78, F|100/100\n|switch|p1a: Delibird|Delibird, M|252/252\n|-weather|Snowscape|[from] ability: Snow Warning|[of] p2a: Ninetales\n|turn|6\n|inactive|Time left: 300 sec this turn | 300 sec total\n|\n|t:|1783552050\n|move|p2a: Ninetales|Aurora Veil|p2a: Ninetales\n|-sidestart|p2: p0y104854a8|move: Aurora Veil\n|move|p1a: Delibird|Ice Spinner|p2a: Ninetales|[miss]\n|-miss|p1a: Delibird|p2a: Ninetales\n|\n|-weather|Snowscape|[upkeep]\n|upkeep\n|turn|7\n|inactive|Time left: 300 sec this turn | 300 sec total\n|\n|t:|1783552051\n|move|p2a: Ninetales|Moonblast|p1a: Delibird\n|-damage|p1a: Delibird|150/252\n|move|p1a: Delibird|Ice Spinner|p2a: Ninetales\n|-resisted|p2a: Ninetales\n|-damage|p2a: Ninetales|90/100\n|\n|-weather|Snowscape|[upkeep]\n|upkeep\n|turn|8\n|inactive|Time left: 300 sec this turn | 300 sec total\n|\n|t:|1783552052\n|move|p2a: Ninetales|Moonblast|p1a: Delibird\n|-damage|p1a: Delibird|48/252\n|-unboost|p1a: Delibird|spa|1\n|move|p1a: Delibird|Brave Bird|p2a: Ninetales|[miss]\n|-miss|p1a: Delibird|p2a: Ninetales\n|\n|-weather|Snowscape|[upkeep]\n|upkeep\n|turn|9\n|inactive|Time left: 300 sec this turn | 300 sec total\n|\n|t:|1783552053\n|move|p2a: Ninetales|Moonblast|p1a: Delibird\n|-damage|p1a: Delibird|0 fnt\n|faint|p1a: Delibird\n|\n|-weather|Snowscape|[upkeep]\n|upkeep\n|inactive|Time left: 300 sec this turn | 300 sec total | 5 sec grace\n|\n|t:|1783552054\n|switch|p1a: Hawlucha|Hawlucha, L80, F|256/256\n|turn|10\n|inactive|Time left: 300 sec this turn | 300 sec total\n|\n|t:|1783552055\n|move|p1a: Hawlucha|Swords Dance|p1a: Hawlucha\n|-boost|p1a: Hawlucha|atk|2\n|move|p2a: Ninetales|Moonblast|p1a: Hawlucha\n|-supereffective|p1a: Hawlucha\n|-damage|p1a: Hawlucha|52/256\n|\n|-weather|none\n|upkeep\n|turn|11\n|inactive|Time left: 300 sec this turn | 300 sec total\n|\n|t:|1783552056\n|move|p1a: Hawlucha|Close Combat|p2a: Ninetales\n|-damage|p2a: Ninetales|30/100\n|-unboost|p1a: Hawlucha|def|1\n|-unboost|p1a: Hawlucha|spd|1\n|-enditem|p1a: Hawlucha|White Herb\n|-clearnegativeboost|p1a: Hawlucha|[silent]\n|move|p2a: Ninetales|Freeze-Dry|p1a: Hawlucha\n|-supereffective|p1a: Hawlucha\n|-damage|p1a: Hawlucha|0 fnt\n|faint|p1a: Hawlucha\n|\n|win|p0y104854a8", "uploadtime": 1783552056, "views": 0, "rating": 0, "private": 0, "password": null, "_winner": "p0y104854a8", "_our_name": "p0x1048c3f6"}