{"id": "battle-gen9randombattle-153", "formatid": "gen9randombattle", "format": "[Gen 9] Random Battle", "players": ["p0x153260e", "p0y153a96c"], "log": "|init|battle\n|title|p0x153260e vs. p0y153a96c\n|j|\u2606p0x153260e\n|j|\u2606p0y153a96c\n|t:|1783535510\n|gametype|singles\n|player|p1|p0x153260e|265|\n|player|p2|p0y153a96c|101|\n|gen|9\n|tier|[Gen 9] Random Battle\n|rule|Species Clause: Limit one of each Pok\u00e9mon\n|rule|HP Percentage Mod: HP is shown in percentages\n|rule|Sleep Clause Mod: Limit one foe put to sleep\n|rule|Illusion Level Mod: Illusion disguises the Pok\u00e9mon's true level\n|\n|t:|1783535510\n|teamsize|p1|6\n|teamsize|p2|6\n|start\n|switch|p1a: Drednaw|Drednaw, L81, F|100/100\n|switch|p2a: Torterra|Torterra, L78, F|276/276\n|turn|1\n|inactive|Battle timer is ON: inactive players will automatically lose when time's up. (requested by p0y153a96c)\n|inactive|p0x153260e also wants the timer to be on.\n|\n|t:|1783535511\n|-terastallize|p1a: Drednaw|Dark\n|move|p1a: Drednaw|Shell Smash|p1a: Drednaw\n|-unboost|p1a: Drednaw|def|1\n|-unboost|p1a: Drednaw|spd|1\n|-boost|p1a: Drednaw|atk|2\n|-boost|p1a: Drednaw|spa|2\n|-boost|p1a: Drednaw|spe|2\n|-enditem|p1a: Drednaw|White Herb\n|-clearnegativeboost|p1a: Drednaw|[silent]\n|move|p2a: Torterra|Bullet Seed|p1a: Drednaw\n|-damage|p1a: Drednaw|91/100\n|-damage|p1a: Drednaw|81/100\n|-damage|p1a: Drednaw|71/100\n|-damage|p1a: Drednaw|61/100\n|-hitcount|p1a: Drednaw|4\n|\n|upkeep\n|turn|2\n|inactive|Time left: 300 sec this turn | 300 sec total\n|\n|t:|1783535512\n|move|p1a: Drednaw|Liquidation|p2a: Torterra\n|-damage|p2a: Torterra|86/276\n|move|p2a: Torterra|Headlong Rush|p1a: Drednaw\n|-damage|p1a: Drednaw|16/100\n|-unboost|p2a: Torterra|def|1\n|-unboost|p2a: Torterra|spd|1\n|\n|upkeep\n|turn|3\n|inactive|Time left: 300 sec this turn | 300 sec total\n|\n|t:|1783535513\n|move|p1a: Drednaw|Liquidation|p2a: Torterra\n|-damage|p2a: Torterra|0 fnt\n|faint|p2a: Torterra\n|\n|upkeep\n|inactive|Time left: 300 sec this turn | 300 sec total | 5 sec grace\n|\n|t:|1783535514\n|switch|p2a: Passimian|Passimian, L83, M|302/302\n|turn|4\n|inactive|Time left: 300 sec this turn | 300 sec total\n|\n|t:|1783535515\n|move|p1a: Drednaw|Liquidation|p2a: Passimian\n|-damage|p2a: Passimian|100/302\n|move|p2a: Passimian|Close Combat|p1a: Drednaw\n|-supereffective|p1a: Drednaw\n|-damage|p1a: Drednaw|0 fnt\n|-unboost|p2a: Passimian|def|1\n|-unboost|p2a: Passimian|spd|1\n|faint|p1a: Drednaw\n|\n|upkeep\n|\n|t:|1783535516\n|switch|p1a: Dragalge|Dragalge, L88, M|100/100\n|turn|5\n|inactive|Time left: 300 sec this turn | 300 sec total\n|\n|t:|1783535517\n|switch|p2a: Frosmoth|Frosmoth, L82, F|249/249\n|move|p1a: Dragalge|Sludge Wave|p2a: Frosmoth\n|-damage|p2a: Frosmoth|138/249\n|\n|upkeep\n|turn|6\n|inactive|Time left: 300 sec this turn | 300 sec total\n|\n|t:|1783535518\n|move|p2a: Frosmoth|Ice Beam|p1a: Dragalge\n|-supereffective|p1a: Dragalge\n|-damage|p1a: Dragalge|38/100\n|move|p1a: Dragalge|Sludge Wave|p2a: Frosmoth\n|-damage|p2a: Frosmoth|26/249\n|\n|upkeep\n|turn|7\n|inactive|Time left: 300 sec this turn | 300 sec total\n|\n|t:|1783535520\n|move|p2a: Frosmoth|Ice Beam|p1a: Dragalge\n|-supereffective|p1a: Dragalge\n|-damage|p1a: Dragalge|0 fnt\n|faint|p1a: Dragalge\n|\n|upkeep\n|\n|t:|1783535520\n|switch|p1a: Archaludon|Archaludon, L78, M|100/100\n|turn|8\n|inactive|Time left: 300 sec this turn | 300 sec total\n|\n|t:|1783535522\n|move|p1a: Archaludon|Outrage|p2a: Frosmoth\n|-damage|p2a: Frosmoth|0 fnt\n|faint|p2a: Frosmoth\n|\n|upkeep\n|inactive|Time left: 300 sec this turn | 300 sec total | 5 sec grace\n|\n|t:|1783535522\n|switch|p2a: Flutter Mane|Flutter Mane, L74|203/203\n|turn|9\n|inactive|Time left: 300 sec this turn | 300 sec total\n|\n|t:|1783535523\n|move|p2a: Flutter Mane|Moonblast|p1a: Archaludon\n|-damage|p1a: Archaludon|19/100\n|-ability|p1a: Archaludon|Stamina|boost\n|-boost|p1a: Archaludon|def|1\n|move|p1a: Archaludon|Outrage|p2a: Flutter Mane|[from] lockedmove\n|-immune|p2a: Flutter Mane\n|-start|p1a: Archaludon|confusion|[fatigue]\n|-enditem|p1a: Archaludon|Lum Berry|[eat]\n|-end|p1a: Archaludon|confusion\n|\n|upkeep\n|turn|10\n|inactive|Time left: 300 sec this turn | 300 sec total\n|\n|t:|1783535524\n|switch|p1a: Blissey|Blissey, L85, F|100/100\n|move|p2a: Flutter Mane|Moonblast|p1a: Blissey\n|-damage|p1a: Blissey|81/100\n|\n|-heal|p1a: Blissey|88/100|[from] item: Leftovers\n|upkeep\n|turn|11\n|inactive|Time left: 300 sec this turn | 300 sec total\n|\n|t:|1783535525\n|move|p2a: Flutter Mane|Moonblast|p1a: Blissey\n|-damage|p1a: Blissey|70/100\n|move|p1a: Blissey|Thunder Wave|p2a: Flutter Mane\n|-status|p2a: Flutter Mane|par\n|\n|-heal|p1a: Blissey|76/100|[from] item: Leftovers\n|upkeep\n|turn|12\n|inactive|Time left: 300 sec this turn | 300 sec total\n|\n|t:|1783535526\n|move|p1a: Blissey|Seismic Toss|p2a: Flutter Mane\n|-immune|p2a: Flutter Mane\n|move|p2a: Flutter Mane|Moonblast|p1a: Blissey\n|-damage|p1a: Blissey|57/100\n|-unboost|p1a: Blissey|spa|1\n|\n|-heal|p1a: Blissey|63/100|[from] item: Leftovers\n|upkeep\n|turn|13\n|inactive|Time left: 300 sec this turn | 300 sec total\n|\n|t:|1783535527\n|move|p1a: Blissey|Soft-Boiled|p1a: Blissey\n|-heal|p1a: Blissey|100/100\n|move|p2a: Flutter Mane|Moonblast|p1a: Blissey\n|-damage|p1a: Blissey|80/100\n|-unboost|p1a: Blissey|spa|1\n|\n|-heal|p1a: Blissey|86/100|[from] item: Leftovers\n|upkeep\n|turn|14\n|inactive|Time left: 300 sec this turn | 300 sec total\n|\n|t:|1783535528\n|switch|p1a: Archaludon|Archaludon, L78, M|19/100\n|move|p2a: Flutter Mane|Moonblast|p1a: Archaludon\n|-damage|p1a: Archaludon|0 fnt\n|faint|p1a: Archaludon\n|\n|upkeep\n|\n|t:|1783535529\n|switch|p1a: Oricorio|Oricorio-Pa'u, L87, M|100/100\n|turn|15\n|inactive|Time left: 300 sec this turn | 300 sec total\n|\n|t:|1783535530\n|move|p1a: Oricorio|Quiver Dance|p1a: Oricorio\n|-boost|p1a: Oricorio|spa|1\n|-boost|p1a: Oricorio|spd|1\n|-boost|p1a: Oricorio|spe|1\n|move|p2a: Flutter Mane|Moonblast|p1a: Oricorio\n|-damage|p1a: Oricorio|56/100\n|\n|upkeep\n|turn|16\n|inactive|Time left: 300 sec this turn | 300 sec total\n|\n|t:|1783535531\n|-end|p2a: Flutter Mane|Protosynthesis|[silent]\n|switch|p2a: Eelektross|Eelektross, L87, M|290/290\n|move|p1a: Oricorio|Revelation Dance|p2a: Eelektross\n|-damage|p2a: Eelektross|182/290\n|\n|upkeep\n|turn|17\n|inactive|Time left: 300 sec this turn | 300 sec total\n|\n|t:|1783535533\n|move|p1a: Oricorio|Roost|p1a: Oricorio\n|-heal|p1a: Oricorio|100/100\n|-singleturn|p1a: Oricorio|move: Roost\n|move|p2a: Eelektross|Knock Off|p1a: Oricorio\n|-supereffective|p1a: Oricorio\n|-damage|p1a: Oricorio|33/100\n|-enditem|p1a: Oricorio|Heavy-Duty Boots|[from] move: Knock Off|[of] p2a: Eelektross\n|\n|upkeep\n|turn|18\n|inactive|Time left: 300 sec this turn | 300 sec total\n|\n|t:|1783535533\n|move|p1a: Oricorio|Roost|p1a: Oricorio\n|-heal|p1a: Oricorio|83/100\n|-singleturn|p1a: Oricorio|move: Roost\n|move|p2a: Eelektross|Knock Off|p1a: Oricorio\n|-supereffective|p1a: Oricorio\n|-damage|p1a: Oricorio|35/100\n|\n|upkeep\n|turn|19\n|inactive|Time left: 300 sec this turn | 300 sec total\n|\n|t:|1783535535\n|move|p1a: Oricorio|Roost|p1a: Oricorio\n|-heal|p1a: Oricorio|85/100\n|-singleturn|p1a: Oricorio|move: Roost\n|move|p2a: Eelektross|Knock Off|p1a: Oricorio\n|-supereffective|p1a: Oricorio\n|-damage|p1a: Oricorio|36/100\n|\n|upkeep\n|turn|20\n|inactive|Time left: 300 sec this turn | 300 sec total\n|\n|t:|1783535536\n|move|p1a: Oricorio|Roost|p1a: Oricorio\n|-heal|p1a: Oricorio|86/100\n|-singleturn|p1a: Oricorio|move: Roost\n|move|p2a: Eelektross|Knock Off|p1a: Oricorio\n|-supereffective|p1a: Oricorio\n|-damage|p1a: Oricorio|42/100\n|\n|upkeep\n|turn|21\n|inactive|Time left: 300 sec this turn | 300 sec total\n|\n|t:|1783535537\n|move|p1a: Oricorio|Roost|p1a: Oricorio\n|-heal|p1a: Oricorio|92/100\n|-singleturn|p1a: Oricorio|move: Roost\n|move|p2a: Eelektross|Knock Off|p1a: Oricorio\n|-supereffective|p1a: Oricorio\n|-damage|p1a: Oricorio|48/100\n|\n|upkeep\n|turn|22\n|inactive|Time left: 300 sec this turn | 300 sec total\n|\n|t:|1783535538\n|move|p1a: Oricorio|Roost|p1a: Oricorio\n|-heal|p1a: Oricorio|98/100\n|-singleturn|p1a: Oricorio|move: Roost\n|move|p2a: Eelektross|Knock Off|p1a: Oricorio\n|-supereffective|p1a: Oricorio\n|-damage|p1a: Oricorio|48/100\n|\n|upkeep\n|turn|23\n|inactive|Time left: 300 sec this turn | 300 sec total\n|\n|t:|1783535539\n|move|p1a: Oricorio|Roost|p1a: Oricorio\n|-heal|p1a: Oricorio|98/100\n|-singleturn|p1a: Oricorio|move: Roost\n|move|p2a: Eelektross|Knock Off|p1a: Oricorio\n|-supereffective|p1a: Oricorio\n|-damage|p1a: Oricorio|51/100\n|\n|upkeep\n|turn|24\n|inactive|Time left: 300 sec this turn | 300 sec total\n|\n|t:|1783535540\n|move|p1a: Oricorio|Roost|p1a: Oricorio\n|-heal|p1a: Oricorio|100/100\n|-singleturn|p1a: Oricorio|move: Roost\n|move|p2a: Eelektross|Discharge|p1a: Oricorio\n|-damage|p1a: Oricorio|74/100\n|\n|upkeep\n|turn|25\n|inactive|Time left: 300 sec this turn | 300 sec total\n|\n|t:|1783535541\n|move|p1a: Oricorio|Revelation Dance|p2a: Eelektross\n|-damage|p2a: Eelektross|80/290\n|move|p2a: Eelektross|Discharge|p1a: Oricorio\n|-supereffective|p1a: Oricorio\n|-damage|p1a: Oricorio|24/100\n|\n|upkeep\n|turn|26\n|inactive|Time left: 300 sec this turn | 300 sec total\n|\n|t:|1783535542\n|move|p1a: Oricorio|Revelation Dance|p2a: Eelektross\n|-damage|p2a: Eelektross|0 fnt\n|faint|p2a: Eelektross\n|\n|upkeep\n|inactive|Time left: 300 sec this turn | 300 sec total | 5 sec grace\n|\n|t:|1783535542\n|switch|p2a: Wigglytuff|Wigglytuff, L96, F|424/424\n|turn|27\n|inactive|Time left: 300 sec this turn | 300 sec total\n|\n|t:|1783535543\n|move|p1a: Oricorio|Quiver Dance|p1a: Oricorio\n|-boost|p1a: Oricorio|spa|1\n|-boost|p1a: Oricorio|spd|1\n|-boost|p1a: Oricorio|spe|1\n|move|p2a: Wigglytuff|Dazzling Gleam|p1a: Oricorio\n|-damage|p1a: Oricorio|3/100\n|\n|upkeep\n|turn|28\n|inactive|Time left: 300 sec this turn | 300 sec total\n|\n|t:|1783535545\n|move|p1a: Oricorio|Hurricane|p2a: Wigglytuff|[miss]\n|-miss|p1a: Oricorio|p2a: Wigglytuff\n|move|p2a: Wigglytuff|Dazzling Gleam|p1a: Oricorio\n|-damage|p1a: Oricorio|0 fnt\n|faint|p1a: Oricorio\n|\n|upkeep\n|\n|t:|1783535546\n|switch|p1a: Blissey|Blissey, L85, F|86/100\n|turn|29\n|inactive|Time left: 300 sec this turn | 300 sec total\n|\n|t:|1783535547\n|switch|p2a: Passimian|Passimian, L83, M|100/302\n|move|p1a: Blissey|Thunder Wave|p2a: Passimian\n|-status|p2a: Passimian|par\n|\n|-heal|p1a: Blissey|92/100|[from] item: Leftovers\n|upkeep\n|turn|30\n|inactive|Time left: 300 sec this turn | 300 sec total\n|\n|t:|1783535548\n|switch|p1a: Passimian|Passimian, L83, F|100/100\n|move|p2a: Passimian|Close Combat|p1a: Passimian\n|-damage|p1a: Passimian|50/100\n|-unboost|p2a: Passimian|def|1\n|-unboost|p2a: Passimian|spd|1\n|\n|upkeep\n|turn|31\n|inactive|Time left: 300 sec this turn | 300 sec total\n|\n|t:|1783535549\n|move|p1a: Passimian|Gunk Shot|p2a: Passimian\n|-damage|p2a: Passimian|0 fnt\n|faint|p2a: Passimian\n|\n|upkeep\n|inactive|Time left: 300 sec this turn | 300 sec total | 5 sec grace\n|\n|t:|1783535550\n|switch|p2a: Wigglytuff|Wigglytuff, L96, F|424/424\n|turn|32\n|inactive|Time left: 300 sec this turn | 300 sec total\n|\n|t:|1783535551\n|switch|p1a: Blissey|Blissey, L85, F|92/100\n|move|p2a: Wigglytuff|Dazzling Gleam|p1a: Blissey\n|-damage|p1a: Blissey|81/100\n|\n|-heal|p1a: Blissey|87/100|[from] item: Leftovers\n|upkeep\n|turn|33\n|inactive|Time left: 300 sec this turn | 300 sec total\n|\n|t:|1783535552\n|switch|p2a: Flutter Mane|Flutter Mane, L74|203/203 par\n|move|p1a: Blissey|Thunder Wave|p2a: Flutter Mane|[miss]\n|-miss|p1a: Blissey|p2a: Flutter Mane\n|\n|-heal|p1a: Blissey|93/100|[from] item: Leftovers\n|upkeep\n|turn|34\n|inactive|Time left: 300 sec this turn | 300 sec total\n|\n|t:|1783535552\n|move|p1a: Blissey|Thunder Wave|p2a: Flutter Mane\n|-fail|p2a: Flutter Mane|par\n|move|p2a: Flutter Mane|Psyshock|p1a: Blissey\n|-crit|p1a: Blissey\n|-damage|p1a: Blissey|23/100\n|\n|-heal|p1a: Blissey|29/100|[from] item: Leftovers\n|upkeep\n|turn|35\n|inactive|Time left: 300 sec this turn | 300 sec total\n|\n|t:|1783535553\n|move|p1a: Blissey|Soft-Boiled|p1a: Blissey\n|-heal|p1a: Blissey|79/100\n|move|p2a: Flutter Mane|Psyshock|p1a: Blissey\n|-damage|p1a: Blissey|37/100\n|\n|-heal|p1a: Blissey|44/100|[from] item: Leftovers\n|upkeep\n|turn|36\n|inactive|Time left: 300 sec this turn | 300 sec total\n|\n|t:|1783535554\n|move|p1a: Blissey|Soft-Boiled|p1a: Blissey\n|-heal|p1a: Blissey|94/100\n|move|p2a: Flutter Mane|Psyshock|p1a: Blissey\n|-crit|p1a: Blissey\n|-damage|p1a: Blissey|21/100\n|\n|-heal|p1a: Blissey|28/100|[from] item: Leftovers\n|upkeep\n|turn|37\n|inactive|Time left: 300 sec this turn | 300 sec total\n|\n|t:|1783535555\n|move|p1a: Blissey|Soft-Boiled|p1a: Blissey\n|-heal|p1a: Blissey|78/100\n|move|p2a: Flutter Mane|Psyshock|p1a: Blissey\n|-damage|p1a: Blissey|34/100\n|\n|-heal|p1a: Blissey|40/100|[from] item: Leftovers\n|upkeep\n|turn|38\n|inactive|Time left: 300 sec this turn | 300 sec total\n|\n|t:|1783535556\n|move|p1a: Blissey|Soft-Boiled|p1a: Blissey\n|-heal|p1a: Blissey|90/100\n|cant|p2a: Flutter Mane|par\n|\n|-heal|p1a: Blissey|96/100|[from] item: Leftovers\n|upkeep\n|turn|39\n|inactive|Time left: 300 sec this turn | 300 sec total\n|\n|t:|1783535557\n|move|p1a: Blissey|Heal Bell||[still]\n|-activate|p1a: Blissey|move: Heal Bell\n|-fail|p1a: Blissey\n|cant|p2a: Flutter Mane|par\n|\n|-heal|p1a: Blissey|100/100|[from] item: Leftovers\n|upkeep\n|turn|40\n|inactive|Time left: 300 sec this turn | 300 sec total\n|\n|t:|1783535558\n|move|p1a: Blissey|Heal Bell||[still]\n|-activate|p1a: Blissey|move: Heal Bell\n|-fail|p1a: Blissey\n|cant|p2a: Flutter Mane|par\n|\n|upkeep\n|turn|41\n|inactive|Time left: 300 sec this turn | 300 sec total\n|\n|t:|1783535559\n|move|p1a: Blissey|Thunder Wave|p2a: Flutter Mane\n|-fail|p2a: Flutter Mane|par\n|move|p2a: Flutter Mane|Psyshock|p1a: Blissey\n|-damage|p1a: Blissey|53/100\n|\n|-heal|p1a: Blissey|60/100|[from] item: Leftovers\n|upkeep\n|turn|42\n|inactive|Time left: 300 sec this turn | 300 sec total\n|\n|t:|1783535560\n|move|p1a: Blissey|Soft-Boiled|p1a: Blissey\n|-heal|p1a: Blissey|100/100\n|move|p2a: Flutter Mane|Psyshock|p1a: Blissey\n|-damage|p1a: Blissey|59/100\n|\n|-heal|p1a: Blissey|65/100|[from] item: Leftovers\n|upkeep\n|turn|43\n|inactive|Time left: 300 sec this turn | 300 sec total\n|\n|t:|1783535561\n|move|p1a: Blissey|Soft-Boiled|p1a: Blissey\n|-heal|p1a: Blissey|100/100\n|move|p2a: Flutter Mane|Psyshock|p1a: Blissey\n|-damage|p1a: Blissey|58/100\n|\n|-heal|p1a: Blissey|64/100|[from] item: Leftovers\n|upkeep\n|turn|44\n|inactive|Time left: 300 sec this turn | 300 sec total\n|\n|t:|1783535562\n|move|p1a: Blissey|Soft-Boiled|p1a: Blissey\n|-heal|p1a: Blissey|100/100\n|move|p2a: Flutter Mane|Psyshock|p1a: Blissey\n|-damage|p1a: Blissey|57/100\n|\n|-heal|p1a: Blissey|63/100|[from] item: Leftovers\n|upkeep\n|turn|45\n|inactive|Time left: 300 sec this turn | 300 sec total\n|\n|t:|1783535563\n|move|p1a: Blissey|Seismic Toss|p2a: Flutter Mane\n|-immune|p2a: Flutter Mane\n|cant|p2a: Flutter Mane|par\n|\n|-heal|p1a: Blissey|70/100|[from] item: Leftovers\n|upkeep\n|turn|46\n|inactive|Time left: 300 sec this turn | 300 sec total\n|\n|t:|1783535564\n|move|p1a: Blissey|Thunder Wave|p2a: Flutter Mane\n|-fail|p2a: Flutter Mane|par\n|cant|p2a: Flutter Mane|par\n|\n|-heal|p1a: Blissey|76/100|[from] item: Leftovers\n|upkeep\n|turn|47\n|inactive|Time left: 300 sec this turn | 300 sec total\n|\n|t:|1783535565\n|move|p1a: Blissey|Heal Bell||[still]\n|-activate|p1a: Blissey|move: Heal Bell\n|-fail|p1a: Blissey\n|move|p2a: Flutter Mane|Psyshock|p1a: Blissey\n|-damage|p1a: Blissey|30/100\n|\n|-heal|p1a: Blissey|36/100|[from] item: Leftovers\n|upkeep\n|turn|48\n|inactive|Time left: 300 sec this turn | 300 sec total\n|\n|t:|1783535566\n|switch|p1a: Passimian|Passimian, L83, F|50/100\n|move|p2a: Flutter Mane|Psyshock|p1a: Passimian\n|-supereffective|p1a: Passimian\n|-damage|p1a: Passimian|0 fnt\n|faint|p1a: Passimian\n|\n|upkeep\n|\n|t:|1783535567\n|switch|p1a: Blissey|Blissey, L85, F|36/100\n|turn|49\n|inactive|Time left: 300 sec this turn | 300 sec total\n|\n|t:|1783535567\n|move|p1a: Blissey|Thunder Wave|p2a: Flutter Mane\n|-fail|p2a: Flutter Mane|par\n|move|p2a: Flutter Mane|Psyshock|p1a: Blissey\n|-damage|p1a: Blissey|0 fnt\n|faint|p1a: Blissey\n|\n|win|p0y153a96c", "uploadtime": 1783535568, "views": 0, "rating": 0, "private": 0, "password": null, "_winner": "p0y153a96c", "_our_name": "p0y153a96c"}