{"id": "battle-gen9randombattle-2921", "formatid": "gen9randombattle", "format": "[Gen 9] Random Battle", "players": ["p0x292197e5", "p0y29217382"], "log": "|init|battle\n|title|p0x292197e5 vs. p0y29217382\n|j|\u2606p0x292197e5\n|j|\u2606p0y29217382\n|t:|1783572657\n|gametype|singles\n|player|p1|p0x292197e5|1|\n|player|p2|p0y29217382|265|\n|gen|9\n|tier|[Gen 9] Random Battle\n|rule|Species Clause: Limit one of each Pok\u00e9mon\n|rule|HP Percentage Mod: HP is shown in percentages\n|rule|Sleep Clause Mod: Limit one foe put to sleep\n|rule|Illusion Level Mod: Illusion disguises the Pok\u00e9mon's true level\n|\n|t:|1783572657\n|teamsize|p1|6\n|teamsize|p2|6\n|start\n|switch|p1a: Chandelure|Chandelure, L83, F|235/235\n|switch|p2a: Rhydon|Rhydon, L85, F|100/100\n|turn|1\n|inactive|Battle timer is ON: inactive players will automatically lose when time's up. (requested by p0x292197e5)\n|\n|t:|1783572658\n|move|p1a: Chandelure|Energy Ball|p2a: Rhydon\n|-supereffective|p2a: Rhydon\n|-damage|p2a: Rhydon|0 fnt\n|faint|p2a: Rhydon\n|\n|upkeep\n|inactive|p0y29217382 also wants the timer to be on.\n|\n|t:|1783572659\n|switch|p2a: Indeedee|Indeedee, L84, M|100/100\n|-fieldstart|move: Psychic Terrain|[from] ability: Psychic Surge|[of] p2a: Indeedee\n|turn|2\n|inactive|Time left: 300 sec this turn | 300 sec total\n|\n|t:|1783572660\n|move|p2a: Indeedee|Expanding Force|p1a: Chandelure\n|-damage|p1a: Chandelure|55/235\n|move|p1a: Chandelure|Energy Ball|p2a: Indeedee\n|-damage|p2a: Indeedee|69/100\n|\n|upkeep\n|turn|3\n|inactive|Time left: 300 sec this turn | 300 sec total\n|\n|t:|1783572661\n|switch|p1a: Bombirdier|Bombirdier, L85, F|258/258\n|move|p2a: Indeedee|Expanding Force|p1a: Bombirdier\n|-immune|p1a: Bombirdier\n|\n|upkeep\n|turn|4\n|inactive|Time left: 300 sec this turn | 300 sec total\n|\n|t:|1783572663\n|switch|p2a: Fezandipiti|Fezandipiti, L82, M|100/100\n|move|p1a: Bombirdier|Knock Off|p2a: Fezandipiti\n|-resisted|p2a: Fezandipiti\n|-damage|p2a: Fezandipiti|70/100\n|-enditem|p2a: Fezandipiti|Leftovers|[from] move: Knock Off|[of] p1a: Bombirdier\n|\n|upkeep\n|turn|5\n|inactive|Time left: 300 sec this turn | 300 sec total\n|\n|t:|1783572664\n|switch|p1a: Metagross|Metagross, L79|256/256\n|move|p2a: Fezandipiti|Swords Dance|p2a: Fezandipiti\n|-boost|p2a: Fezandipiti|atk|2\n|\n|upkeep\n|turn|6\n|inactive|Time left: 300 sec this turn | 300 sec total\n|\n|t:|1783572665\n|-terastallize|p2a: Fezandipiti|Ground\n|move|p2a: Fezandipiti|Tera Blast|p1a: Metagross|[anim] Tera Blast Ground\n|-supereffective|p1a: Metagross\n|-damage|p1a: Metagross|38/256\n|move|p1a: Metagross|Heavy Slam|p2a: Fezandipiti\n|-damage|p2a: Fezandipiti|0 fnt\n|faint|p2a: Fezandipiti\n|\n|-fieldend|move: Psychic Terrain\n|upkeep\n|\n|t:|1783572666\n|switch|p2a: Scyther|Scyther, L82, F|100/100\n|turn|7\n|inactive|Time left: 300 sec this turn | 300 sec total\n|\n|t:|1783572667\n|switch|p1a: Bombirdier|Bombirdier, L85, F|258/258\n|move|p2a: Scyther|Dual Wingbeat|p1a: Bombirdier\n|-damage|p1a: Bombirdier|191/258\n|-damage|p1a: Bombirdier|121/258\n|-hitcount|p1a: Bombirdier|2\n|\n|upkeep\n|turn|8\n|inactive|Time left: 300 sec this turn | 300 sec total\n|\n|t:|1783572668\n|-terastallize|p1a: Bombirdier|Rock\n|move|p2a: Scyther|Dual Wingbeat|p1a: Bombirdier\n|-resisted|p1a: Bombirdier\n|-crit|p1a: Bombirdier\n|-damage|p1a: Bombirdier|70/258\n|-resisted|p1a: Bombirdier\n|-damage|p1a: Bombirdier|36/258\n|-hitcount|p1a: Bombirdier|2\n|move|p1a: Bombirdier|Stone Edge|p2a: Scyther\n|-supereffective|p2a: Scyther\n|-damage|p2a: Scyther|0 fnt\n|faint|p2a: Scyther\n|\n|upkeep\n|\n|t:|1783572669\n|switch|p2a: Indeedee|Indeedee, L84, M|69/100\n|-fieldstart|move: Psychic Terrain|[from] ability: Psychic Surge|[of] p2a: Indeedee\n|turn|9\n|inactive|Time left: 300 sec this turn | 300 sec total\n|\n|t:|1783572671\n|switch|p1a: Slowbro|Slowbro, L85, M|300/300\n|move|p2a: Indeedee|Expanding Force|p1a: Slowbro\n|-resisted|p1a: Slowbro\n|-damage|p1a: Slowbro|243/300\n|\n|upkeep\n|turn|10\n|inactive|Time left: 300 sec this turn | 300 sec total\n|\n|t:|1783572672\n|switch|p2a: Uxie|Uxie, L83|100/100\n|move|p1a: Slowbro|Scald|p2a: Uxie\n|-damage|p2a: Uxie|73/100\n|\n|-heal|p2a: Uxie|79/100|[from] item: Leftovers\n|upkeep\n|turn|11\n|inactive|Time left: 300 sec this turn | 300 sec total\n|\n|t:|1783572673\n|move|p2a: Uxie|Thunder Wave|p1a: Slowbro\n|-status|p1a: Slowbro|par\n|cant|p1a: Slowbro|par\n|\n|-heal|p2a: Uxie|85/100|[from] item: Leftovers\n|upkeep\n|turn|12\n|inactive|Time left: 300 sec this turn | 300 sec total\n|\n|t:|1783572674\n|switch|p1a: Ting-Lu|Ting-Lu, L78|370/370\n|-ability|p1a: Ting-Lu|Vessel of Ruin\n|move|p2a: Uxie|Knock Off|p1a: Ting-Lu\n|-resisted|p1a: Ting-Lu\n|-damage|p1a: Ting-Lu|348/370\n|-enditem|p1a: Ting-Lu|Leftovers|[from] move: Knock Off|[of] p2a: Uxie\n|\n|-heal|p2a: Uxie|91/100|[from] item: Leftovers\n|upkeep\n|turn|13\n|inactive|Time left: 300 sec this turn | 300 sec total\n|\n|t:|1783572675\n|move|p2a: Uxie|Knock Off|p1a: Ting-Lu\n|-resisted|p1a: Ting-Lu\n|-crit|p1a: Ting-Lu\n|-damage|p1a: Ting-Lu|324/370\n|move|p1a: Ting-Lu|Payback|p2a: Uxie\n|-supereffective|p2a: Uxie\n|-damage|p2a: Uxie|30/100\n|\n|-heal|p2a: Uxie|37/100|[from] item: Leftovers\n|-fieldend|move: Psychic Terrain\n|upkeep\n|turn|14\n|inactive|Time left: 300 sec this turn | 300 sec total\n|\n|t:|1783572676\n|switch|p2a: Seviper|Seviper, L93, F|100/100\n|move|p1a: Ting-Lu|Payback|p2a: Seviper\n|-damage|p2a: Seviper|80/100\n|\n|upkeep\n|turn|15\n|inactive|Time left: 300 sec this turn | 300 sec total\n|\n|t:|1783572677\n|move|p2a: Seviper|Giga Drain|p1a: Ting-Lu\n|-supereffective|p1a: Ting-Lu\n|-damage|p1a: Ting-Lu|210/370\n|-heal|p2a: Seviper|99/100|[from] drain|[of] p1a: Ting-Lu\n|move|p1a: Ting-Lu|Earthquake|p2a: Seviper\n|-supereffective|p2a: Seviper\n|-damage|p2a: Seviper|21/100\n|\n|upkeep\n|turn|16\n|inactive|Time left: 300 sec this turn | 300 sec total\n|\n|t:|1783572679\n|move|p2a: Seviper|Giga Drain|p1a: Ting-Lu\n|-supereffective|p1a: Ting-Lu\n|-damage|p1a: Ting-Lu|102/370\n|-heal|p2a: Seviper|40/100|[from] drain|[of] p1a: Ting-Lu\n|move|p1a: Ting-Lu|Earthquake|p2a: Seviper\n|-supereffective|p2a: Seviper\n|-damage|p2a: Seviper|0 fnt\n|faint|p2a: Seviper\n|\n|upkeep\n|\n|t:|1783572680\n|switch|p2a: Uxie|Uxie, L83|37/100\n|turn|17\n|inactive|Time left: 300 sec this turn | 300 sec total\n|\n|t:|1783572681\n|move|p2a: Uxie|Encore|p1a: Ting-Lu\n|-start|p1a: Ting-Lu|Encore\n|move|p1a: Ting-Lu|Earthquake|p2a: Uxie\n|-immune|p2a: Uxie|[from] ability: Levitate\n|\n|-heal|p2a: Uxie|43/100|[from] item: Leftovers\n|upkeep\n|turn|18\n|inactive|Time left: 300 sec this turn | 300 sec total\n|\n|t:|1783572682\n|switch|p1a: Slowbro|Slowbro, L85, M|300/300 par\n|move|p2a: Uxie|Knock Off|p1a: Slowbro\n|-supereffective|p1a: Slowbro\n|-damage|p1a: Slowbro|206/300 par\n|-enditem|p1a: Slowbro|Assault Vest|[from] move: Knock Off|[of] p2a: Uxie\n|\n|-heal|p2a: Uxie|49/100|[from] item: Leftovers\n|upkeep\n|turn|19\n|inactive|Time left: 300 sec this turn | 300 sec total\n|\n|t:|1783572683\n|switch|p1a: Ting-Lu|Ting-Lu, L78|102/370\n|-ability|p1a: Ting-Lu|Vessel of Ruin\n|move|p2a: Uxie|Knock Off|p1a: Ting-Lu\n|-resisted|p1a: Ting-Lu\n|-damage|p1a: Ting-Lu|88/370\n|\n|-heal|p2a: Uxie|55/100|[from] item: Leftovers\n|upkeep\n|turn|20\n|inactive|Time left: 300 sec this turn | 300 sec total\n|\n|t:|1783572684\n|switch|p2a: Indeedee|Indeedee, L84, M|69/100\n|-fieldstart|move: Psychic Terrain|[from] ability: Psychic Surge|[of] p2a: Indeedee\n|move|p1a: Ting-Lu|Payback|p2a: Indeedee\n|-supereffective|p2a: Indeedee\n|-damage|p2a: Indeedee|10/100\n|\n|upkeep\n|turn|21\n|inactive|Time left: 300 sec this turn | 300 sec total\n|\n|t:|1783572685\n|move|p2a: Indeedee|Dazzling Gleam|p1a: Ting-Lu\n|-supereffective|p1a: Ting-Lu\n|-damage|p1a: Ting-Lu|0 fnt\n|faint|p1a: Ting-Lu\n|\n|upkeep\n|inactive|Time left: 300 sec this turn | 300 sec total | 5 sec grace\n|\n|t:|1783572686\n|switch|p1a: Keldeo|Keldeo-Resolute, L79|273/273\n|turn|22\n|inactive|Time left: 300 sec this turn | 300 sec total\n|\n|t:|1783572687\n|move|p2a: Indeedee|Dazzling Gleam|p1a: Keldeo\n|-supereffective|p1a: Keldeo\n|-damage|p1a: Keldeo|143/273\n|move|p1a: Keldeo|Hydro Pump|p2a: Indeedee\n|-damage|p2a: Indeedee|0 fnt\n|faint|p2a: Indeedee\n|\n|upkeep\n|\n|t:|1783572688\n|switch|p2a: Uxie|Uxie, L83|55/100\n|turn|23\n|inactive|Time left: 300 sec this turn | 300 sec total\n|\n|t:|1783572689\n|move|p1a: Keldeo|Hydro Pump|p2a: Uxie\n|-damage|p2a: Uxie|0 fnt\n|faint|p2a: Uxie\n|\n|win|p0x292197e5", "uploadtime": 1783572689, "views": 0, "rating": 0, "private": 0, "password": null, "_winner": "p0x292197e5", "_our_name": "p0x292197e5"}