{"id": "battle-gen9randombattle-201", "formatid": "gen9randombattle", "format": "[Gen 9] Random Battle", "players": ["p0x2013a24", "p0y2015f00"], "log": "|init|battle\n|title|p0x2013a24 vs. p0y2015f00\n|j|\u2606p0x2013a24\n|j|\u2606p0y2015f00\n|t:|1783536087\n|gametype|singles\n|player|p1|p0x2013a24|101|\n|player|p2|p0y2015f00|265|\n|gen|9\n|tier|[Gen 9] Random Battle\n|rule|Species Clause: Limit one of each Pok\u00e9mon\n|rule|HP Percentage Mod: HP is shown in percentages\n|rule|Sleep Clause Mod: Limit one foe put to sleep\n|rule|Illusion Level Mod: Illusion disguises the Pok\u00e9mon's true level\n|\n|t:|1783536087\n|teamsize|p1|6\n|teamsize|p2|6\n|start\n|switch|p1a: Luvdisc|Luvdisc, M|247/247\n|switch|p2a: Lycanroc|Lycanroc-Midnight, L89, M|100/100\n|turn|1\n|inactive|Battle timer is ON: inactive players will automatically lose when time's up. (requested by p0x2013a24)\n|inactive|p0y2015f00 also wants the timer to be on.\n|\n|t:|1783536089\n|move|p1a: Luvdisc|Flip Turn|p2a: Lycanroc\n|-supereffective|p2a: Lycanroc\n|-damage|p2a: Lycanroc|67/100\n|inactive|Time left: 300 sec this turn | 300 sec total | 65 sec grace\n|\n|t:|1783536090\n|switch|p1a: Wigglytuff|Wigglytuff, L96, F|424/424|[from] Flip Turn\n|move|p2a: Lycanroc|Stone Edge|p1a: Wigglytuff\n|-damage|p1a: Wigglytuff|132/424\n|\n|-heal|p1a: Wigglytuff|158/424|[from] item: Leftovers\n|upkeep\n|turn|2\n|inactive|Time left: 300 sec this turn | 300 sec total\n|\n|t:|1783536091\n|switch|p1a: Crabominable|Crabominable, L90, F|321/321\n|move|p2a: Lycanroc|Stone Edge|p1a: Crabominable\n|-damage|p1a: Crabominable|99/321\n|\n|upkeep\n|turn|3\n|inactive|Time left: 300 sec this turn | 300 sec total\n|\n|t:|1783536092\n|move|p2a: Lycanroc|Stone Edge|p1a: Crabominable\n|-damage|p1a: Crabominable|0 fnt\n|faint|p1a: Crabominable\n|\n|upkeep\n|inactive|Time left: 300 sec this turn | 300 sec total | 5 sec grace\n|\n|t:|1783536093\n|switch|p1a: Ceruledge|Ceruledge, L78, M|245/245\n|turn|4\n|inactive|Time left: 300 sec this turn | 300 sec total\n|\n|t:|1783536094\n|-terastallize|p1a: Ceruledge|Fighting\n|move|p2a: Lycanroc|Stone Edge|p1a: Ceruledge\n|-resisted|p1a: Ceruledge\n|-damage|p1a: Ceruledge|136/245\n|-ability|p1a: Ceruledge|Weak Armor|boost\n|-unboost|p1a: Ceruledge|def|1\n|-boost|p1a: Ceruledge|spe|2\n|move|p1a: Ceruledge|Swords Dance|p1a: Ceruledge\n|-boost|p1a: Ceruledge|atk|2\n|\n|upkeep\n|turn|5\n|inactive|Time left: 300 sec this turn | 300 sec total\n|\n|t:|1783536095\n|move|p1a: Ceruledge|Poltergeist|p2a: Lycanroc\n|-activate|p2a: Lycanroc|move: Poltergeist|Choice Band\n|-damage|p2a: Lycanroc|0 fnt\n|faint|p2a: Lycanroc\n|\n|upkeep\n|\n|t:|1783536096\n|switch|p2a: Altaria|Altaria, L89, F|100/100\n|turn|6\n|inactive|Time left: 300 sec this turn | 300 sec total\n|\n|t:|1783536097\n|move|p1a: Ceruledge|Poltergeist|p2a: Altaria\n|-activate|p2a: Altaria|move: Poltergeist|Heavy-Duty Boots\n|-damage|p2a: Altaria|14/100\n|move|p2a: Altaria|Brave Bird|p1a: Ceruledge\n|-supereffective|p1a: Ceruledge\n|-damage|p1a: Ceruledge|0 fnt\n|faint|p1a: Ceruledge\n|-damage|p2a: Altaria|0 fnt|[from] Recoil\n|faint|p2a: Altaria\n|\n|upkeep\n|inactive|Time left: 300 sec this turn | 300 sec total | 5 sec grace\n|\n|t:|1783536098\n|switch|p2a: Primarina|Primarina, L83, M|100/100\n|switch|p1a: Noctowl|Noctowl, L95, M|344/344\n|turn|7\n|inactive|Time left: 300 sec this turn | 300 sec total\n|\n|t:|1783536099\n|move|p1a: Noctowl|Nasty Plot|p1a: Noctowl\n|-boost|p1a: Noctowl|spa|2\n|move|p2a: Primarina|Moonblast|p1a: Noctowl\n|-damage|p1a: Noctowl|187/344\n|\n|upkeep\n|turn|8\n|inactive|Time left: 300 sec this turn | 300 sec total\n|\n|t:|1783536100\n|move|p1a: Noctowl|Hyper Voice|p2a: Primarina\n|-damage|p2a: Primarina|30/100\n|move|p2a: Primarina|Moonblast|p1a: Noctowl\n|-damage|p1a: Noctowl|48/344\n|-unboost|p1a: Noctowl|spa|1\n|\n|upkeep\n|turn|9\n|inactive|Time left: 300 sec this turn | 300 sec total\n|\n|t:|1783536101\n|move|p1a: Noctowl|Hyper Voice|p2a: Primarina\n|-damage|p2a: Primarina|0 fnt\n|faint|p2a: Primarina\n|\n|upkeep\n|\n|t:|1783536102\n|switch|p2a: Arceus|Arceus-Electric, L70|100/100\n|turn|10\n|inactive|Time left: 300 sec this turn | 300 sec total\n|\n|t:|1783536103\n|switch|p1a: Arbok|Arbok, L87, F|246/246\n|-ability|p1a: Arbok|Intimidate|boost\n|-unboost|p2a: Arceus|atk|1\n|move|p2a: Arceus|Judgment|p1a: Arbok\n|-damage|p1a: Arbok|140/246\n|\n|upkeep\n|turn|11\n|inactive|Time left: 300 sec this turn | 300 sec total\n|\n|t:|1783536104\n|-terastallize|p2a: Arceus|Electric\n|move|p2a: Arceus|Judgment|p1a: Arbok\n|-damage|p1a: Arbok|0 fnt\n|faint|p1a: Arbok\n|\n|upkeep\n|inactive|Time left: 300 sec this turn | 300 sec total | 5 sec grace\n|\n|t:|1783536105\n|switch|p1a: Luvdisc|Luvdisc, M|247/247\n|turn|12\n|inactive|Time left: 300 sec this turn | 300 sec total\n|\n|t:|1783536106\n|move|p1a: Luvdisc|Substitute|p1a: Luvdisc\n|-start|p1a: Luvdisc|Substitute\n|-damage|p1a: Luvdisc|186/247\n|move|p2a: Arceus|Judgment|p1a: Luvdisc\n|-supereffective|p1a: Luvdisc\n|-end|p1a: Luvdisc|Substitute\n|\n|upkeep\n|turn|13\n|inactive|Time left: 300 sec this turn | 300 sec total\n|\n|t:|1783536107\n|move|p1a: Luvdisc|Substitute|p1a: Luvdisc\n|-start|p1a: Luvdisc|Substitute\n|-damage|p1a: Luvdisc|125/247\n|move|p2a: Arceus|Judgment|p1a: Luvdisc\n|-supereffective|p1a: Luvdisc\n|-end|p1a: Luvdisc|Substitute\n|\n|upkeep\n|turn|14\n|inactive|Time left: 300 sec this turn | 300 sec total\n|\n|t:|1783536108\n|move|p1a: Luvdisc|Substitute|p1a: Luvdisc\n|-start|p1a: Luvdisc|Substitute\n|-damage|p1a: Luvdisc|64/247\n|move|p2a: Arceus|Judgment|p1a: Luvdisc\n|-supereffective|p1a: Luvdisc\n|-end|p1a: Luvdisc|Substitute\n|\n|upkeep\n|turn|15\n|inactive|Time left: 300 sec this turn | 300 sec total\n|\n|t:|1783536109\n|move|p1a: Luvdisc|Substitute|p1a: Luvdisc\n|-start|p1a: Luvdisc|Substitute\n|-damage|p1a: Luvdisc|3/247\n|move|p2a: Arceus|Judgment|p1a: Luvdisc\n|-supereffective|p1a: Luvdisc\n|-crit|p1a: Luvdisc\n|-end|p1a: Luvdisc|Substitute\n|\n|upkeep\n|turn|16\n|inactive|Time left: 300 sec this turn | 300 sec total\n|\n|t:|1783536110\n|move|p1a: Luvdisc|Endeavor|p2a: Arceus\n|-damage|p2a: Arceus|2/100\n|move|p2a: Arceus|Judgment|p1a: Luvdisc\n|-supereffective|p1a: Luvdisc\n|-damage|p1a: Luvdisc|0 fnt\n|faint|p1a: Luvdisc\n|\n|upkeep\n|inactive|Time left: 300 sec this turn | 300 sec total | 5 sec grace\n|\n|t:|1783536111\n|switch|p1a: Noctowl|Noctowl, L95, M|48/344\n|turn|17\n|inactive|Time left: 300 sec this turn | 300 sec total\n|\n|t:|1783536112\n|move|p2a: Arceus|Judgment|p1a: Noctowl\n|-supereffective|p1a: Noctowl\n|-damage|p1a: Noctowl|0 fnt\n|faint|p1a: Noctowl\n|\n|upkeep\n|inactive|Time left: 300 sec this turn | 300 sec total | 5 sec grace\n|\n|t:|1783536112\n|switch|p1a: Wigglytuff|Wigglytuff, L96, F|158/424\n|turn|18\n|inactive|Time left: 300 sec this turn | 300 sec total\n|\n|t:|1783536113\n|move|p2a: Arceus|Judgment|p1a: Wigglytuff\n|-damage|p1a: Wigglytuff|0 fnt\n|faint|p1a: Wigglytuff\n|\n|win|p0y2015f00", "uploadtime": 1783536113, "views": 0, "rating": 0, "private": 0, "password": null, "_winner": "p0y2015f00", "_our_name": "p0x2013a24"}