{"id": "battle-gen9randombattle-2063", "formatid": "gen9randombattle", "format": "[Gen 9] Random Battle", "players": ["p0x20634cf7", "p0y20636ec8"], "log": "|init|battle\n|title|p0x20634cf7 vs. p0y20636ec8\n|j|\u2606p0x20634cf7\n|j|\u2606p0y20636ec8\n|t:|1783563104\n|gametype|singles\n|player|p1|p0x20634cf7|170|\n|player|p2|p0y20636ec8|169|\n|gen|9\n|tier|[Gen 9] Random Battle\n|rule|Species Clause: Limit one of each Pok\u00e9mon\n|rule|HP Percentage Mod: HP is shown in percentages\n|rule|Sleep Clause Mod: Limit one foe put to sleep\n|rule|Illusion Level Mod: Illusion disguises the Pok\u00e9mon's true level\n|\n|t:|1783563104\n|teamsize|p1|6\n|teamsize|p2|6\n|start\n|switch|p1a: Hitmontop|Hitmontop, L88, M|100/100\n|switch|p2a: Magcargo|Magcargo, L95, F|219/219\n|turn|1\n|inactive|Battle timer is ON: inactive players will automatically lose when time's up. (requested by p0y20636ec8)\n|inactive|p0x20634cf7 also wants the timer to be on.\n|\n|t:|1783563105\n|move|p2a: Magcargo|Bitter Malice|p1a: Hitmontop\n|-damage|p1a: Hitmontop|51/100\n|-unboost|p1a: Hitmontop|atk|1\n|move|p1a: Hitmontop|Bulk Up|p1a: Hitmontop\n|-boost|p1a: Hitmontop|atk|1\n|-boost|p1a: Hitmontop|def|1\n|\n|-heal|p1a: Hitmontop|57/100|[from] item: Leftovers\n|upkeep\n|turn|2\n|inactive|Time left: 300 sec this turn | 300 sec total\n|\n|t:|1783563107\n|switch|p1a: Inteleon|Inteleon, L81, F|100/100\n|move|p2a: Magcargo|Bitter Malice|p1a: Inteleon\n|-damage|p1a: Inteleon|33/100\n|-unboost|p1a: Inteleon|atk|1\n|\n|upkeep\n|turn|3\n|inactive|Time left: 300 sec this turn | 300 sec total\n|\n|t:|1783563108\n|switch|p2a: Gogoat|Gogoat, L88, M|360/360\n|move|p1a: Inteleon|Scald|p2a: Gogoat\n|-resisted|p2a: Gogoat\n|-damage|p2a: Gogoat|258/360\n|-status|p2a: Gogoat|brn\n|\n|-heal|p2a: Gogoat|280/360 brn|[from] item: Leftovers\n|-damage|p2a: Gogoat|258/360 brn|[from] brn\n|upkeep\n|turn|4\n|inactive|Time left: 300 sec this turn | 300 sec total\n|\n|t:|1783563109\n|move|p1a: Inteleon|Scald|p2a: Gogoat\n|-resisted|p2a: Gogoat\n|-damage|p2a: Gogoat|148/360 brn\n|move|p2a: Gogoat|Bulk Up|p2a: Gogoat\n|-boost|p2a: Gogoat|atk|1\n|-boost|p2a: Gogoat|def|1\n|\n|-heal|p2a: Gogoat|170/360 brn|[from] item: Leftovers\n|-damage|p2a: Gogoat|148/360 brn|[from] brn\n|upkeep\n|turn|5\n|inactive|Time left: 300 sec this turn | 300 sec total\n|\n|t:|1783563110\n|move|p1a: Inteleon|Scald|p2a: Gogoat\n|-resisted|p2a: Gogoat\n|-damage|p2a: Gogoat|34/360 brn\n|move|p2a: Gogoat|Horn Leech|p1a: Inteleon\n|-supereffective|p1a: Inteleon\n|-damage|p1a: Inteleon|0 fnt\n|-heal|p2a: Gogoat|75/360 brn|[from] drain|[of] p1a: Inteleon\n|faint|p1a: Inteleon\n|\n|-heal|p2a: Gogoat|97/360 brn|[from] item: Leftovers\n|-damage|p2a: Gogoat|75/360 brn|[from] brn\n|upkeep\n|\n|t:|1783563111\n|switch|p1a: Basculegion|Basculegion-F, L83, F|100/100\n|turn|6\n|inactive|Time left: 300 sec this turn | 300 sec total\n|\n|t:|1783563112\n|move|p1a: Basculegion|Hydro Pump|p2a: Gogoat\n|-resisted|p2a: Gogoat\n|-damage|p2a: Gogoat|0 fnt\n|faint|p2a: Gogoat\n|\n|upkeep\n|inactive|Time left: 300 sec this turn | 300 sec total | 5 sec grace\n|\n|t:|1783563113\n|switch|p2a: Magcargo|Magcargo, L95, F|219/219\n|turn|7\n|inactive|Time left: 300 sec this turn | 300 sec total\n|\n|t:|1783563114\n|move|p2a: Magcargo|Bitter Malice|p1a: Basculegion\n|-supereffective|p1a: Basculegion\n|-damage|p1a: Basculegion|14/100\n|-unboost|p1a: Basculegion|atk|1\n|move|p1a: Basculegion|Hydro Pump|p2a: Magcargo\n|-damage|p2a: Magcargo|0 fnt\n|replace|p2a: Zoroark|Zoroark-Hisui, L80, F\n|-end|p2a: Zoroark|Illusion\n|-hint|Illusion Level Mod is active, so this Pok\u00e9mon's true level was hidden.\n|faint|p2a: Zoroark\n|\n|upkeep\n|inactive|Time left: 300 sec this turn | 300 sec total | 5 sec grace\n|\n|t:|1783563115\n|switch|p2a: Magcargo|Magcargo, L95, F|268/268\n|turn|8\n|inactive|Time left: 300 sec this turn | 300 sec total\n|\n|t:|1783563116\n|-terastallize|p2a: Magcargo|Grass\n|move|p1a: Basculegion|Hydro Pump|p2a: Magcargo\n|-resisted|p2a: Magcargo\n|-damage|p2a: Magcargo|156/268\n|move|p2a: Magcargo|Shell Smash|p2a: Magcargo\n|-unboost|p2a: Magcargo|def|1\n|-unboost|p2a: Magcargo|spd|1\n|-boost|p2a: Magcargo|atk|2\n|-boost|p2a: Magcargo|spa|2\n|-boost|p2a: Magcargo|spe|2\n|\n|upkeep\n|turn|9\n|inactive|Time left: 300 sec this turn | 300 sec total\n|\n|t:|1783563117\n|move|p2a: Magcargo|Earth Power|p1a: Basculegion\n|-damage|p1a: Basculegion|0 fnt\n|faint|p1a: Basculegion\n|\n|upkeep\n|\n|t:|1783563118\n|switch|p1a: Hitmontop|Hitmontop, L88, M|57/100\n|turn|10\n|inactive|Time left: 300 sec this turn | 300 sec total\n|\n|t:|1783563119\n|move|p2a: Magcargo|Fire Blast|p1a: Hitmontop\n|-crit|p1a: Hitmontop\n|-damage|p1a: Hitmontop|0 fnt\n|faint|p1a: Hitmontop\n|\n|upkeep\n|\n|t:|1783563120\n|switch|p1a: Orthworm|Orthworm, L88, F|100/100\n|turn|11\n|inactive|Time left: 300 sec this turn | 300 sec total\n|\n|t:|1783563121\n|switch|p1a: Reshiram|Reshiram, L76|100/100\n|-ability|p1a: Reshiram|Turboblaze\n|move|p2a: Magcargo|Fire Blast|p1a: Reshiram\n|-resisted|p1a: Reshiram\n|-damage|p1a: Reshiram|78/100\n|\n|upkeep\n|turn|12\n|inactive|Time left: 300 sec this turn | 300 sec total\n|\n|t:|1783563122\n|switch|p1a: Orthworm|Orthworm, L88, F|100/100\n|move|p2a: Magcargo|Earth Power|p1a: Orthworm\n|-immune|p1a: Orthworm|[from] ability: Earth Eater\n|\n|upkeep\n|turn|13\n|inactive|Time left: 300 sec this turn | 300 sec total\n|\n|t:|1783563122\n|switch|p1a: Reshiram|Reshiram, L76|78/100\n|-ability|p1a: Reshiram|Turboblaze\n|move|p2a: Magcargo|Fire Blast|p1a: Reshiram\n|-resisted|p1a: Reshiram\n|-damage|p1a: Reshiram|55/100\n|\n|upkeep\n|turn|14\n|inactive|Time left: 300 sec this turn | 300 sec total\n|\n|t:|1783563123\n|switch|p1a: Orthworm|Orthworm, L88, F|100/100\n|move|p2a: Magcargo|Power Gem|p1a: Orthworm\n|-resisted|p1a: Orthworm\n|-damage|p1a: Orthworm|49/100\n|\n|-heal|p1a: Orthworm|55/100|[from] item: Leftovers\n|upkeep\n|turn|15\n|inactive|Time left: 300 sec this turn | 300 sec total\n|\n|t:|1783563124\n|move|p2a: Magcargo|Fire Blast|p1a: Orthworm\n|-supereffective|p1a: Orthworm\n|-damage|p1a: Orthworm|0 fnt\n|faint|p1a: Orthworm\n|\n|upkeep\n|\n|t:|1783563125\n|switch|p1a: Zapdos|Zapdos, L78|100/100\n|turn|16\n|inactive|Time left: 300 sec this turn | 300 sec total\n|\n|t:|1783563126\n|switch|p1a: Reshiram|Reshiram, L76|55/100\n|-ability|p1a: Reshiram|Turboblaze\n|move|p2a: Magcargo|Fire Blast|p1a: Reshiram\n|-resisted|p1a: Reshiram\n|-damage|p1a: Reshiram|33/100\n|\n|upkeep\n|turn|17\n|inactive|Time left: 300 sec this turn | 300 sec total\n|\n|t:|1783563126\n|move|p2a: Magcargo|Power Gem|p1a: Reshiram\n|-supereffective|p1a: Reshiram\n|-damage|p1a: Reshiram|0 fnt\n|faint|p1a: Reshiram\n|\n|upkeep\n|\n|t:|1783563127\n|switch|p1a: Zapdos|Zapdos, L78|100/100\n|turn|18\n|inactive|Time left: 300 sec this turn | 300 sec total\n|\n|t:|1783563128\n|-terastallize|p1a: Zapdos|Electric\n|move|p2a: Magcargo|Fire Blast|p1a: Zapdos|[miss]\n|-miss|p2a: Magcargo|p1a: Zapdos\n|move|p1a: Zapdos|Discharge|p2a: Magcargo\n|-resisted|p2a: Magcargo\n|-damage|p2a: Magcargo|65/268\n|\n|upkeep\n|turn|19\n|inactive|Time left: 300 sec this turn | 300 sec total\n|\n|t:|1783563129\n|move|p2a: Magcargo|Earth Power|p1a: Zapdos\n|-supereffective|p1a: Zapdos\n|-crit|p1a: Zapdos\n|-damage|p1a: Zapdos|0 fnt\n|faint|p1a: Zapdos\n|\n|win|p0y20636ec8", "uploadtime": 1783563129, "views": 0, "rating": 0, "private": 0, "password": null, "_winner": "p0y20636ec8", "_our_name": "p0y20636ec8"}