{"id": "battle-gen9randombattle-1035", "formatid": "gen9randombattle", "format": "[Gen 9] Random Battle", "players": ["p0x10354229", "p0y1035d7c3"], "log": "|init|battle\n|title|p0x10354229 vs. p0y1035d7c3\n|j|\u2606p0x10354229\n|j|\u2606p0y1035d7c3\n|t:|1783551901\n|gametype|singles\n|player|p1|p0x10354229|1|\n|player|p2|p0y1035d7c3|1|\n|gen|9\n|tier|[Gen 9] Random Battle\n|rule|Species Clause: Limit one of each Pok\u00e9mon\n|rule|HP Percentage Mod: HP is shown in percentages\n|rule|Sleep Clause Mod: Limit one foe put to sleep\n|rule|Illusion Level Mod: Illusion disguises the Pok\u00e9mon's true level\n|\n|t:|1783551901\n|teamsize|p1|6\n|teamsize|p2|6\n|start\n|switch|p1a: Arcanine|Arcanine-Hisui, L79, M|100/100\n|switch|p2a: Azelf|Azelf, L82|257/257\n|turn|1\n|inactive|Battle timer is ON: inactive players will automatically lose when time's up. (requested by p0y1035d7c3)\n|\n|t:|1783551903\n|move|p2a: Azelf|Nasty Plot|p2a: Azelf\n|-boost|p2a: Azelf|spa|2\n|move|p1a: Arcanine|Flare Blitz|p2a: Azelf\n|-damage|p2a: Azelf|113/257\n|\n|upkeep\n|turn|2\n|inactive|Time left: 300 sec this turn | 300 sec total\n|inactive|p0x10354229 also wants the timer to be on.\n|\n|t:|1783551904\n|switch|p1a: Reuniclus|Reuniclus, L88, F|100/100\n|move|p2a: Azelf|Psyshock|p1a: Reuniclus\n|-resisted|p1a: Reuniclus\n|-damage|p1a: Reuniclus|63/100\n|-damage|p2a: Azelf|88/257|[from] item: Life Orb\n|\n|upkeep\n|turn|3\n|inactive|Time left: 300 sec this turn | 300 sec total\n|\n|t:|1783551906\n|move|p2a: Azelf|Fire Blast|p1a: Reuniclus\n|-damage|p1a: Reuniclus|0 fnt\n|faint|p1a: Reuniclus\n|-damage|p2a: Azelf|63/257|[from] item: Life Orb\n|\n|upkeep\n|\n|t:|1783551907\n|switch|p1a: Arcanine|Arcanine-Hisui, L79, M|100/100\n|turn|4\n|inactive|Time left: 300 sec this turn | 300 sec total\n|\n|t:|1783551908\n|move|p1a: Arcanine|Extreme Speed|p2a: Azelf\n|-damage|p2a: Azelf|0 fnt\n|faint|p2a: Azelf\n|\n|upkeep\n|inactive|Time left: 300 sec this turn | 300 sec total | 5 sec grace\n|\n|t:|1783551909\n|switch|p2a: Mabosstiff|Mabosstiff, L86, F|278/278\n|turn|5\n|inactive|Time left: 300 sec this turn | 300 sec total\n|\n|t:|1783551910\n|move|p2a: Mabosstiff|Crunch|p1a: Arcanine\n|-damage|p1a: Arcanine|35/100\n|move|p1a: Arcanine|Flare Blitz|p2a: Mabosstiff\n|-damage|p2a: Mabosstiff|155/278\n|\n|upkeep\n|turn|6\n|inactive|Time left: 300 sec this turn | 300 sec total\n|\n|t:|1783551911\n|move|p1a: Arcanine|Extreme Speed|p2a: Mabosstiff\n|-damage|p2a: Mabosstiff|97/278\n|move|p2a: Mabosstiff|Crunch|p1a: Arcanine\n|-damage|p1a: Arcanine|0 fnt\n|faint|p1a: Arcanine\n|\n|upkeep\n|\n|t:|1783551912\n|switch|p1a: Venomoth|Venomoth, L84, F|100/100\n|turn|7\n|inactive|Time left: 300 sec this turn | 300 sec total\n|\n|t:|1783551913\n|switch|p2a: Mandibuzz|Mandibuzz, L85, F|326/326\n|move|p1a: Venomoth|Sludge Wave|p2a: Mandibuzz\n|-crit|p2a: Mandibuzz\n|-damage|p2a: Mandibuzz|185/326\n|\n|upkeep\n|turn|8\n|inactive|Time left: 300 sec this turn | 300 sec total\n|\n|t:|1783551914\n|move|p1a: Venomoth|Quiver Dance|p1a: Venomoth\n|-boost|p1a: Venomoth|spa|1\n|-boost|p1a: Venomoth|spd|1\n|-boost|p1a: Venomoth|spe|1\n|move|p2a: Mandibuzz|Brave Bird|p1a: Venomoth\n|-supereffective|p1a: Venomoth\n|-damage|p1a: Venomoth|0 fnt\n|faint|p1a: Venomoth\n|-damage|p2a: Mandibuzz|101/326|[from] Recoil\n|\n|upkeep\n|\n|t:|1783551915\n|switch|p1a: Forretress|Forretress, L84, M|100/100\n|turn|9\n|inactive|Time left: 300 sec this turn | 300 sec total\n|\n|t:|1783551916\n|move|p2a: Mandibuzz|Roost|p2a: Mandibuzz\n|-heal|p2a: Mandibuzz|264/326\n|-singleturn|p2a: Mandibuzz|move: Roost\n|move|p1a: Forretress|Rapid Spin|p2a: Mandibuzz\n|-damage|p2a: Mandibuzz|236/326\n|-boost|p1a: Forretress|spe|1\n|\n|upkeep\n|turn|10\n|inactive|Time left: 300 sec this turn | 300 sec total\n|\n|t:|1783551917\n|move|p2a: Mandibuzz|Foul Play|p1a: Forretress\n|-damage|p1a: Forretress|73/100\n|move|p1a: Forretress|Stealth Rock|p2a: Mandibuzz\n|-sidestart|p2: p0y1035d7c3|move: Stealth Rock\n|\n|-heal|p1a: Forretress|79/100|[from] item: Leftovers\n|upkeep\n|turn|11\n|inactive|Time left: 300 sec this turn | 300 sec total\n|\n|t:|1783551917\n|move|p2a: Mandibuzz|Brave Bird|p1a: Forretress\n|-damage|p1a: Forretress|53/100\n|-damage|p2a: Mandibuzz|213/326|[from] Recoil\n|move|p1a: Forretress|Rapid Spin|p2a: Mandibuzz\n|-damage|p2a: Mandibuzz|182/326\n|-boost|p1a: Forretress|spe|1\n|\n|-heal|p1a: Forretress|59/100|[from] item: Leftovers\n|upkeep\n|turn|12\n|inactive|Time left: 300 sec this turn | 300 sec total\n|\n|t:|1783551918\n|move|p1a: Forretress|Iron Head|p2a: Mandibuzz\n|-damage|p2a: Mandibuzz|113/326\n|move|p2a: Mandibuzz|Roost|p2a: Mandibuzz\n|-heal|p2a: Mandibuzz|276/326\n|-singleturn|p2a: Mandibuzz|move: Roost\n|\n|-heal|p1a: Forretress|65/100|[from] item: Leftovers\n|upkeep\n|turn|13\n|inactive|Time left: 300 sec this turn | 300 sec total\n|\n|t:|1783551919\n|move|p1a: Forretress|Iron Head|p2a: Mandibuzz\n|-damage|p2a: Mandibuzz|204/326\n|cant|p2a: Mandibuzz|flinch\n|\n|-heal|p1a: Forretress|71/100|[from] item: Leftovers\n|upkeep\n|turn|14\n|inactive|Time left: 300 sec this turn | 300 sec total\n|\n|t:|1783551920\n|move|p1a: Forretress|Thunder Wave|p2a: Mandibuzz\n|-status|p2a: Mandibuzz|par\n|cant|p2a: Mandibuzz|par\n|\n|-heal|p1a: Forretress|77/100|[from] item: Leftovers\n|upkeep\n|turn|15\n|inactive|Time left: 300 sec this turn | 300 sec total\n|\n|t:|1783551922\n|move|p1a: Forretress|Iron Head|p2a: Mandibuzz\n|-damage|p2a: Mandibuzz|137/326 par\n|move|p2a: Mandibuzz|Roost|p2a: Mandibuzz\n|-heal|p2a: Mandibuzz|300/326 par\n|-singleturn|p2a: Mandibuzz|move: Roost\n|\n|-heal|p1a: Forretress|83/100|[from] item: Leftovers\n|upkeep\n|turn|16\n|inactive|Time left: 300 sec this turn | 300 sec total\n|\n|t:|1783551923\n|move|p1a: Forretress|Iron Head|p2a: Mandibuzz\n|-damage|p2a: Mandibuzz|233/326 par\n|move|p2a: Mandibuzz|Foul Play|p1a: Forretress\n|-damage|p1a: Forretress|58/100\n|\n|-heal|p1a: Forretress|64/100|[from] item: Leftovers\n|upkeep\n|turn|17\n|inactive|Time left: 300 sec this turn | 300 sec total\n|\n|t:|1783551924\n|move|p1a: Forretress|Rapid Spin|p2a: Mandibuzz\n|-damage|p2a: Mandibuzz|205/326 par\n|-boost|p1a: Forretress|spe|1\n|move|p2a: Mandibuzz|Roost|p2a: Mandibuzz\n|-heal|p2a: Mandibuzz|326/326 par\n|-singleturn|p2a: Mandibuzz|move: Roost\n|\n|-heal|p1a: Forretress|70/100|[from] item: Leftovers\n|upkeep\n|turn|18\n|inactive|Time left: 300 sec this turn | 300 sec total\n|\n|t:|1783551925\n|move|p1a: Forretress|Iron Head|p2a: Mandibuzz\n|-damage|p2a: Mandibuzz|257/326 par\n|cant|p2a: Mandibuzz|flinch\n|\n|-heal|p1a: Forretress|76/100|[from] item: Leftovers\n|upkeep\n|turn|19\n|inactive|Time left: 300 sec this turn | 300 sec total\n|\n|t:|1783551926\n|move|p1a: Forretress|Rapid Spin|p2a: Mandibuzz\n|-damage|p2a: Mandibuzz|228/326 par\n|-boost|p1a: Forretress|spe|1\n|move|p2a: Mandibuzz|Foul Play|p1a: Forretress\n|-damage|p1a: Forretress|51/100\n|\n|-heal|p1a: Forretress|57/100|[from] item: Leftovers\n|upkeep\n|turn|20\n|inactive|Time left: 300 sec this turn | 300 sec total\n|\n|t:|1783551927\n|move|p1a: Forretress|Iron Head|p2a: Mandibuzz\n|-damage|p2a: Mandibuzz|155/326 par\n|cant|p2a: Mandibuzz|flinch\n|\n|-heal|p1a: Forretress|63/100|[from] item: Leftovers\n|upkeep\n|turn|21\n|inactive|Time left: 300 sec this turn | 300 sec total\n|\n|t:|1783551928\n|move|p1a: Forretress|Iron Head|p2a: Mandibuzz\n|-crit|p2a: Mandibuzz\n|-damage|p2a: Mandibuzz|55/326 par\n|move|p2a: Mandibuzz|Roost|p2a: Mandibuzz\n|-heal|p2a: Mandibuzz|218/326 par\n|-singleturn|p2a: Mandibuzz|move: Roost\n|\n|-heal|p1a: Forretress|69/100|[from] item: Leftovers\n|upkeep\n|turn|22\n|inactive|Time left: 300 sec this turn | 300 sec total\n|\n|t:|1783551929\n|move|p1a: Forretress|Iron Head|p2a: Mandibuzz\n|-damage|p2a: Mandibuzz|154/326 par\n|move|p2a: Mandibuzz|Foul Play|p1a: Forretress\n|-damage|p1a: Forretress|42/100\n|\n|-heal|p1a: Forretress|48/100|[from] item: Leftovers\n|upkeep\n|turn|23\n|inactive|Time left: 300 sec this turn | 300 sec total\n|\n|t:|1783551930\n|move|p1a: Forretress|Iron Head|p2a: Mandibuzz\n|-damage|p2a: Mandibuzz|82/326 par\n|cant|p2a: Mandibuzz|flinch\n|\n|-heal|p1a: Forretress|54/100|[from] item: Leftovers\n|upkeep\n|turn|24\n|inactive|Time left: 300 sec this turn | 300 sec total\n|\n|t:|1783551932\n|move|p1a: Forretress|Iron Head|p2a: Mandibuzz\n|-damage|p2a: Mandibuzz|16/326 par\n|cant|p2a: Mandibuzz|flinch\n|\n|-heal|p1a: Forretress|61/100|[from] item: Leftovers\n|upkeep\n|turn|25\n|inactive|Time left: 300 sec this turn | 300 sec total\n|\n|t:|1783551933\n|switch|p2a: Milotic|Milotic, L83, F|293/293\n|-damage|p2a: Milotic|257/293|[from] Stealth Rock\n|move|p1a: Forretress|Iron Head|p2a: Milotic\n|-resisted|p2a: Milotic\n|-damage|p2a: Milotic|211/293\n|\n|-heal|p1a: Forretress|67/100|[from] item: Leftovers\n|-heal|p2a: Milotic|229/293|[from] item: Leftovers\n|upkeep\n|turn|26\n|inactive|Time left: 300 sec this turn | 300 sec total\n|\n|t:|1783551934\n|move|p1a: Forretress|Iron Head|p2a: Milotic\n|-resisted|p2a: Milotic\n|-damage|p2a: Milotic|188/293\n|cant|p2a: Milotic|flinch\n|\n|-heal|p1a: Forretress|73/100|[from] item: Leftovers\n|-heal|p2a: Milotic|206/293|[from] item: Leftovers\n|upkeep\n|turn|27\n|inactive|Time left: 300 sec this turn | 300 sec total\n|\n|t:|1783551935\n|move|p1a: Forretress|Thunder Wave|p2a: Milotic\n|-status|p2a: Milotic|par\n|cant|p2a: Milotic|par\n|\n|-heal|p1a: Forretress|79/100|[from] item: Leftovers\n|-heal|p2a: Milotic|224/293 par|[from] item: Leftovers\n|upkeep\n|turn|28\n|inactive|Time left: 300 sec this turn | 300 sec total\n|\n|t:|1783551936\n|move|p1a: Forretress|Iron Head|p2a: Milotic\n|-resisted|p2a: Milotic\n|-damage|p2a: Milotic|184/293 par\n|move|p2a: Milotic|Scald|p1a: Forretress\n|-damage|p1a: Forretress|39/100\n|-status|p1a: Forretress|brn\n|\n|-heal|p1a: Forretress|45/100 brn|[from] item: Leftovers\n|-heal|p2a: Milotic|202/293 par|[from] item: Leftovers\n|-damage|p1a: Forretress|39/100 brn|[from] brn\n|upkeep\n|turn|29\n|inactive|Time left: 300 sec this turn | 300 sec total\n|\n|t:|1783551937\n|move|p1a: Forretress|Iron Head|p2a: Milotic\n|-resisted|p2a: Milotic\n|-damage|p2a: Milotic|181/293 par\n|move|p2a: Milotic|Scald|p1a: Forretress\n|-damage|p1a: Forretress|0 fnt\n|faint|p1a: Forretress\n|\n|-heal|p2a: Milotic|199/293 par|[from] item: Leftovers\n|upkeep\n|\n|t:|1783551938\n|switch|p1a: Ogerpon|Ogerpon, L80, F|100/100\n|turn|30\n|inactive|Time left: 300 sec this turn | 300 sec total\n|\n|t:|1783551939\n|move|p1a: Ogerpon|Ivy Cudgel|p2a: Milotic\n|-supereffective|p2a: Milotic\n|-damage|p2a: Milotic|0 fnt\n|faint|p2a: Milotic\n|\n|upkeep\n|inactive|Time left: 300 sec this turn | 300 sec total | 5 sec grace\n|\n|t:|1783551940\n|switch|p2a: Beartic|Beartic, L91, M|321/321\n|turn|31\n|inactive|Time left: 300 sec this turn | 300 sec total\n|\n|t:|1783551941\n|switch|p1a: Chandelure|Chandelure, L83, M|100/100\n|move|p2a: Beartic|Icicle Crash|p1a: Chandelure|[miss]\n|-miss|p2a: Beartic|p1a: Chandelure\n|\n|upkeep\n|turn|32\n|inactive|Time left: 300 sec this turn | 300 sec total\n|\n|t:|1783551942\n|switch|p2a: Mandibuzz|Mandibuzz, L85, F|16/326 par\n|move|p1a: Chandelure|Fire Blast|p2a: Mandibuzz\n|-damage|p2a: Mandibuzz|0 fnt\n|faint|p2a: Mandibuzz\n|\n|upkeep\n|inactive|Time left: 300 sec this turn | 300 sec total | 5 sec grace\n|\n|t:|1783551943\n|switch|p2a: Mabosstiff|Mabosstiff, L86, F|97/278\n|-damage|p2a: Mabosstiff|63/278|[from] Stealth Rock\n|turn|33\n|inactive|Time left: 300 sec this turn | 300 sec total\n|\n|t:|1783551944\n|move|p2a: Mabosstiff|Crunch|p1a: Chandelure\n|-supereffective|p1a: Chandelure\n|-damage|p1a: Chandelure|0 fnt\n|faint|p1a: Chandelure\n|\n|upkeep\n|\n|t:|1783551944\n|switch|p1a: Ogerpon|Ogerpon, L80, F|100/100\n|turn|34\n|inactive|Time left: 300 sec this turn | 300 sec total\n|\n|t:|1783551945\n|move|p1a: Ogerpon|Encore|p2a: Mabosstiff\n|-start|p2a: Mabosstiff|Encore\n|move|p2a: Mabosstiff|Crunch|p1a: Ogerpon\n|-damage|p1a: Ogerpon|32/100\n|\n|-heal|p1a: Ogerpon|38/100|[from] item: Leftovers\n|upkeep\n|turn|35\n|inactive|Time left: 300 sec this turn | 300 sec total\n|\n|t:|1783551946\n|-terastallize|p1a: Ogerpon|Grass\n|detailschange|p1a: Ogerpon|Ogerpon-Teal-Tera, L80, F, tera:Grass\n|-ability|p1a: Ogerpon|Embody Aspect (Teal)|boost\n|-boost|p1a: Ogerpon|spe|1\n|-terastallize|p2a: Mabosstiff|Dark\n|move|p1a: Ogerpon|Ivy Cudgel|p2a: Mabosstiff\n|-damage|p2a: Mabosstiff|0 fnt\n|faint|p2a: Mabosstiff\n|\n|-heal|p1a: Ogerpon|44/100|[from] item: Leftovers\n|upkeep\n|inactive|Time left: 300 sec this turn | 300 sec total | 5 sec grace\n|\n|t:|1783551947\n|switch|p2a: Beartic|Beartic, L91, M|321/321\n|turn|36\n|inactive|Time left: 300 sec this turn | 300 sec total\n|\n|t:|1783551948\n|move|p1a: Ogerpon|Superpower|p2a: Beartic\n|-supereffective|p2a: Beartic\n|-damage|p2a: Beartic|121/321\n|-unboost|p1a: Ogerpon|atk|1\n|-unboost|p1a: Ogerpon|def|1\n|move|p2a: Beartic|Close Combat|p1a: Ogerpon\n|-damage|p1a: Ogerpon|0 fnt\n|-unboost|p2a: Beartic|def|1\n|-unboost|p2a: Beartic|spd|1\n|faint|p1a: Ogerpon\n|detailschange|p1: Ogerpon|Ogerpon, L80, F|[silent]\n|\n|win|p0y1035d7c3", "uploadtime": 1783551948, "views": 0, "rating": 0, "private": 0, "password": null, "_winner": "p0y1035d7c3", "_our_name": "p0y1035d7c3"}