{"id": "battle-gen9randombattle-310", "formatid": "gen9randombattle", "format": "[Gen 9] Random Battle", "players": ["p0x310d584", "p0y310ad9e"], "log": "|init|battle\n|title|p0x310d584 vs. p0y310ad9e\n|j|\u2606p0x310d584\n|j|\u2606p0y310ad9e\n|t:|1783543205\n|gametype|singles\n|player|p1|p0x310d584|266|\n|player|p2|p0y310ad9e|102|\n|gen|9\n|tier|[Gen 9] Random Battle\n|rule|Species Clause: Limit one of each Pok\u00e9mon\n|rule|HP Percentage Mod: HP is shown in percentages\n|rule|Sleep Clause Mod: Limit one foe put to sleep\n|rule|Illusion Level Mod: Illusion disguises the Pok\u00e9mon's true level\n|\n|t:|1783543205\n|teamsize|p1|6\n|teamsize|p2|6\n|start\n|switch|p1a: Kommo-o|Kommo-o, L77, F|100/100\n|switch|p2a: Eternatus|Eternatus, L69|308/308\n|-ability|p2a: Eternatus|Pressure\n|turn|1\n|inactive|Battle timer is ON: inactive players will automatically lose when time's up. (requested by p0y310ad9e)\n|\n|t:|1783543207\n|move|p2a: Eternatus|Dynamax Cannon|p1a: Kommo-o\n|-supereffective|p1a: Kommo-o\n|-damage|p1a: Kommo-o|19/100\n|move|p1a: Kommo-o|Scale Shot|p2a: Eternatus\n|-supereffective|p2a: Eternatus\n|-damage|p2a: Eternatus|248/308\n|-supereffective|p2a: Eternatus\n|-damage|p2a: Eternatus|188/308\n|-supereffective|p2a: Eternatus\n|-damage|p2a: Eternatus|128/308\n|-supereffective|p2a: Eternatus\n|-damage|p2a: Eternatus|68/308\n|-supereffective|p2a: Eternatus\n|-damage|p2a: Eternatus|14/308\n|-hitcount|p2a: Eternatus|5\n|-unboost|p1a: Kommo-o|def|1\n|-boost|p1a: Kommo-o|spe|1\n|\n|upkeep\n|turn|2\n|inactive|Time left: 300 sec this turn | 300 sec total\n|inactive|p0x310d584 also wants the timer to be on.\n|\n|t:|1783543208\n|move|p1a: Kommo-o|Scale Shot|p2a: Eternatus\n|-supereffective|p2a: Eternatus\n|-damage|p2a: Eternatus|0 fnt\n|faint|p2a: Eternatus\n|-hitcount|p2: Eternatus|1\n|-unboost|p1a: Kommo-o|def|1\n|-boost|p1a: Kommo-o|spe|1\n|\n|upkeep\n|inactive|Time left: 300 sec this turn | 300 sec total | 5 sec grace\n|\n|t:|1783543209\n|switch|p2a: Piloswine|Piloswine, L85, M|309/309\n|turn|3\n|inactive|Time left: 300 sec this turn | 300 sec total\n|\n|t:|1783543210\n|move|p1a: Kommo-o|Close Combat|p2a: Piloswine\n|-supereffective|p2a: Piloswine\n|-damage|p2a: Piloswine|147/309\n|-unboost|p1a: Kommo-o|def|1\n|-unboost|p1a: Kommo-o|spd|1\n|move|p2a: Piloswine|Stealth Rock|p1a: Kommo-o\n|-sidestart|p1: p0x310d584|move: Stealth Rock\n|\n|upkeep\n|turn|4\n|inactive|Time left: 300 sec this turn | 300 sec total\n|\n|t:|1783543211\n|move|p2a: Piloswine|Ice Shard|p1a: Kommo-o\n|-supereffective|p1a: Kommo-o\n|-damage|p1a: Kommo-o|0 fnt\n|faint|p1a: Kommo-o\n|\n|upkeep\n|\n|t:|1783543211\n|switch|p1a: Noctowl|Noctowl, L95, F|100/100\n|turn|5\n|inactive|Time left: 300 sec this turn | 300 sec total\n|\n|t:|1783543213\n|move|p1a: Noctowl|Hurricane|p2a: Piloswine|[miss]\n|-miss|p1a: Noctowl|p2a: Piloswine\n|move|p2a: Piloswine|Icicle Crash|p1a: Noctowl\n|-supereffective|p1a: Noctowl\n|-damage|p1a: Noctowl|31/100\n|\n|upkeep\n|turn|6\n|inactive|Time left: 300 sec this turn | 300 sec total\n|\n|t:|1783543214\n|move|p2a: Piloswine|Ice Shard|p1a: Noctowl\n|-supereffective|p1a: Noctowl\n|-damage|p1a: Noctowl|0 fnt\n|faint|p1a: Noctowl\n|\n|upkeep\n|\n|t:|1783543215\n|switch|p1a: Komala|Komala, L87, M|100/100\n|-damage|p1a: Komala|88/100|[from] Stealth Rock\n|-ability|p1a: Komala|Comatose\n|turn|7\n|inactive|Time left: 300 sec this turn | 300 sec total\n|\n|t:|1783543216\n|move|p1a: Komala|Body Slam|p2a: Piloswine\n|-damage|p2a: Piloswine|71/309\n|move|p2a: Piloswine|Earthquake|p1a: Komala\n|-damage|p1a: Komala|34/100\n|\n|upkeep\n|turn|8\n|inactive|Time left: 300 sec this turn | 300 sec total\n|\n|t:|1783543217\n|move|p1a: Komala|Body Slam|p2a: Piloswine\n|-damage|p2a: Piloswine|0 fnt\n|faint|p2a: Piloswine\n|\n|upkeep\n|inactive|Time left: 300 sec this turn | 300 sec total | 5 sec grace\n|\n|t:|1783543218\n|switch|p2a: Ninetales|Ninetales, L85, M|263/263\n|-weather|SunnyDay|[from] ability: Drought|[of] p2a: Ninetales\n|turn|9\n|inactive|Time left: 300 sec this turn | 300 sec total\n|\n|t:|1783543219\n|move|p1a: Komala|Body Slam|p2a: Ninetales\n|-damage|p2a: Ninetales|133/263\n|move|p2a: Ninetales|Fire Blast|p1a: Komala\n|-damage|p1a: Komala|0 fnt\n|faint|p1a: Komala\n|\n|-weather|SunnyDay|[upkeep]\n|upkeep\n|\n|t:|1783543220\n|switch|p1a: Lycanroc|Lycanroc, L86, F|100/100\n|-damage|p1a: Lycanroc|88/100|[from] Stealth Rock\n|turn|10\n|inactive|Time left: 300 sec this turn | 300 sec total\n|\n|t:|1783543221\n|switch|p2a: Wyrdeer|Wyrdeer, L87, F|321/321\n|-ability|p2a: Wyrdeer|Intimidate|boost\n|-unboost|p1a: Lycanroc|atk|1\n|move|p1a: Lycanroc|Swords Dance|p1a: Lycanroc\n|-boost|p1a: Lycanroc|atk|2\n|\n|-weather|SunnyDay|[upkeep]\n|upkeep\n|turn|11\n|inactive|Time left: 300 sec this turn | 300 sec total\n|\n|t:|1783543222\n|-terastallize|p1a: Lycanroc|Fighting\n|-terastallize|p2a: Wyrdeer|Ground\n|move|p1a: Lycanroc|Close Combat|p2a: Wyrdeer\n|-damage|p2a: Wyrdeer|0 fnt\n|-unboost|p1a: Lycanroc|def|1\n|-unboost|p1a: Lycanroc|spd|1\n|faint|p2a: Wyrdeer\n|-damage|p1a: Lycanroc|79/100|[from] item: Life Orb\n|\n|-weather|SunnyDay|[upkeep]\n|upkeep\n|inactive|Time left: 300 sec this turn | 300 sec total | 5 sec grace\n|\n|t:|1783543223\n|switch|p2a: Sylveon|Sylveon, L85, F|300/300\n|turn|12\n|inactive|Time left: 300 sec this turn | 300 sec total\n|\n|t:|1783543225\n|move|p1a: Lycanroc|Stone Edge|p2a: Sylveon\n|-damage|p2a: Sylveon|0 fnt\n|faint|p2a: Sylveon\n|-damage|p1a: Lycanroc|69/100|[from] item: Life Orb\n|\n|-weather|SunnyDay|[upkeep]\n|upkeep\n|inactive|Time left: 300 sec this turn | 300 sec total | 5 sec grace\n|\n|t:|1783543226\n|switch|p2a: Toxapex|Toxapex, L82, F|216/216\n|turn|13\n|inactive|Time left: 300 sec this turn | 300 sec total\n|\n|t:|1783543227\n|move|p1a: Lycanroc|Psychic Fangs|p2a: Toxapex\n|-supereffective|p2a: Toxapex\n|-damage|p2a: Toxapex|29/216\n|-damage|p1a: Lycanroc|53/100|[from] item: Rocky Helmet|[of] p2a: Toxapex\n|-damage|p1a: Lycanroc|43/100|[from] item: Life Orb\n|move|p2a: Toxapex|Recover|p2a: Toxapex\n|-heal|p2a: Toxapex|137/216\n|\n|-weather|none\n|upkeep\n|turn|14\n|inactive|Time left: 300 sec this turn | 300 sec total\n|\n|t:|1783543228\n|switch|p2a: Ninetales|Ninetales, L85, M|133/263\n|-weather|SunnyDay|[from] ability: Drought|[of] p2a: Ninetales\n|move|p1a: Lycanroc|Psychic Fangs|p2a: Ninetales\n|-damage|p2a: Ninetales|0 fnt\n|faint|p2a: Ninetales\n|-damage|p1a: Lycanroc|33/100|[from] item: Life Orb\n|\n|-weather|SunnyDay|[upkeep]\n|upkeep\n|inactive|Time left: 300 sec this turn | 300 sec total | 5 sec grace\n|\n|t:|1783543229\n|switch|p2a: Toxapex|Toxapex, L82, F|209/216\n|turn|15\n|inactive|Time left: 300 sec this turn | 300 sec total\n|\n|t:|1783543230\n|move|p1a: Lycanroc|Psychic Fangs|p2a: Toxapex\n|-supereffective|p2a: Toxapex\n|-damage|p2a: Toxapex|27/216\n|-damage|p1a: Lycanroc|17/100|[from] item: Rocky Helmet|[of] p2a: Toxapex\n|-damage|p1a: Lycanroc|7/100|[from] item: Life Orb\n|move|p2a: Toxapex|Haze|p2a: Toxapex\n|-clearallboost\n|\n|-weather|SunnyDay|[upkeep]\n|upkeep\n|turn|16\n|inactive|Time left: 300 sec this turn | 300 sec total\n|\n|t:|1783543231\n|move|p1a: Lycanroc|Close Combat|p2a: Toxapex\n|-resisted|p2a: Toxapex\n|-crit|p2a: Toxapex\n|-damage|p2a: Toxapex|0 fnt\n|-unboost|p1a: Lycanroc|def|1\n|-unboost|p1a: Lycanroc|spd|1\n|-damage|p1a: Lycanroc|0 fnt|[from] item: Rocky Helmet|[of] p2a: Toxapex\n|faint|p2a: Toxapex\n|faint|p1a: Lycanroc\n|\n|win|p0x310d584", "uploadtime": 1783543231, "views": 0, "rating": 0, "private": 0, "password": null, "_winner": "p0x310d584", "_our_name": "p0y310ad9e"}