{"id": "battle-gen9randombattle-1200", "formatid": "gen9randombattle", "format": "[Gen 9] Random Battle", "players": ["p0x12003042", "p0y1200abb5"], "log": "|init|battle\n|title|p0x12003042 vs. p0y1200abb5\n|j|\u2606p0x12003042\n|j|\u2606p0y1200abb5\n|t:|1783553882\n|gametype|singles\n|player|p1|p0x12003042|265|\n|player|p2|p0y1200abb5|169|\n|gen|9\n|tier|[Gen 9] Random Battle\n|rule|Species Clause: Limit one of each Pok\u00e9mon\n|rule|HP Percentage Mod: HP is shown in percentages\n|rule|Sleep Clause Mod: Limit one foe put to sleep\n|rule|Illusion Level Mod: Illusion disguises the Pok\u00e9mon's true level\n|\n|t:|1783553882\n|teamsize|p1|6\n|teamsize|p2|6\n|start\n|switch|p1a: Blissey|Blissey, L85, F|100/100\n|switch|p2a: Cacturne|Cacturne, L92, M|278/278\n|turn|1\n|inactive|Battle timer is ON: inactive players will automatically lose when time's up. (requested by p0x12003042)\n|inactive|Time left: 300 sec this turn | 300 sec total | 60 sec grace\n|inactive|p0y1200abb5 also wants the timer to be on.\n|\n|t:|1783553884\n|switch|p1a: Weavile|Weavile, L79, F|100/100\n|move|p2a: Cacturne|Knock Off|p1a: Weavile\n|-resisted|p1a: Weavile\n|-damage|p1a: Weavile|50/100\n|-enditem|p1a: Weavile|Choice Band|[from] move: Knock Off|[of] p2a: Cacturne\n|-enditem|p2a: Cacturne|Life Orb|[silent]|[from] ability: Pickpocket|[of] p2a: Cacturne\n|-item|p1a: Weavile|Life Orb|[from] ability: Pickpocket|[of] p2a: Cacturne\n|\n|upkeep\n|turn|2\n|inactive|Time left: 300 sec this turn | 300 sec total\n|\n|t:|1783553885\n|switch|p2a: Poliwrath|Poliwrath, L88, F|302/302\n|move|p1a: Weavile|Triple Axel|p2a: Poliwrath|[miss]\n|-miss|p1a: Weavile|p2a: Poliwrath\n|\n|upkeep\n|turn|3\n|inactive|Time left: 300 sec this turn | 300 sec total\n|\n|t:|1783553887\n|move|p1a: Weavile|Triple Axel|p2a: Poliwrath\n|-resisted|p2a: Poliwrath\n|-damage|p2a: Poliwrath|289/302\n|-resisted|p2a: Poliwrath\n|-damage|p2a: Poliwrath|264/302\n|-resisted|p2a: Poliwrath\n|-damage|p2a: Poliwrath|225/302\n|-hitcount|p2a: Poliwrath|3\n|-damage|p1a: Weavile|41/100|[from] item: Life Orb\n|move|p2a: Poliwrath|Liquidation|p1a: Weavile\n|-damage|p1a: Weavile|0 fnt\n|faint|p1a: Weavile\n|-damage|p2a: Poliwrath|195/302|[from] item: Life Orb\n|\n|upkeep\n|\n|t:|1783553888\n|switch|p1a: Araquanid|Araquanid, L82, F|100/100\n|turn|4\n|inactive|Time left: 300 sec this turn | 300 sec total\n|\n|t:|1783553889\n|move|p2a: Poliwrath|Knock Off|p1a: Araquanid\n|-damage|p1a: Araquanid|62/100\n|-enditem|p1a: Araquanid|Heavy-Duty Boots|[from] move: Knock Off|[of] p2a: Poliwrath\n|-damage|p2a: Poliwrath|165/302|[from] item: Life Orb\n|move|p1a: Araquanid|Sticky Web|p2a: Poliwrath\n|-sidestart|p2: p0y1200abb5|move: Sticky Web\n|\n|upkeep\n|turn|5\n|inactive|Time left: 300 sec this turn | 300 sec total\n|\n|t:|1783553890\n|move|p2a: Poliwrath|Liquidation|p1a: Araquanid\n|-resisted|p1a: Araquanid\n|-damage|p1a: Araquanid|39/100\n|-damage|p2a: Poliwrath|135/302|[from] item: Life Orb\n|move|p1a: Araquanid|Liquidation|p2a: Poliwrath\n|-resisted|p2a: Poliwrath\n|-damage|p2a: Poliwrath|76/302\n|-unboost|p2a: Poliwrath|def|1\n|\n|upkeep\n|turn|6\n|inactive|Time left: 300 sec this turn | 300 sec total\n|\n|t:|1783553892\n|move|p2a: Poliwrath|Liquidation|p1a: Araquanid\n|-resisted|p1a: Araquanid\n|-damage|p1a: Araquanid|14/100\n|-damage|p2a: Poliwrath|46/302|[from] item: Life Orb\n|move|p1a: Araquanid|Liquidation|p2a: Poliwrath\n|-resisted|p2a: Poliwrath\n|-damage|p2a: Poliwrath|0 fnt\n|faint|p2a: Poliwrath\n|\n|upkeep\n|inactive|Time left: 300 sec this turn | 300 sec total | 5 sec grace\n|\n|t:|1783553893\n|switch|p2a: Rayquaza|Rayquaza, L72|270/270\n|-ability|p2a: Rayquaza|Air Lock\n|turn|7\n|inactive|Time left: 300 sec this turn | 300 sec total\n|\n|t:|1783553894\n|switch|p1a: Inteleon|Inteleon, L81, F|100/100\n|move|p2a: Rayquaza|Swords Dance|p2a: Rayquaza\n|-boost|p2a: Rayquaza|atk|2\n|\n|upkeep\n|turn|8\n|inactive|Time left: 300 sec this turn | 300 sec total\n|\n|t:|1783553895\n|-terastallize|p2a: Rayquaza|Normal\n|move|p1a: Inteleon|Ice Beam|p2a: Rayquaza\n|-damage|p2a: Rayquaza|153/270\n|move|p2a: Rayquaza|Dragon Ascent|p1a: Inteleon\n|-damage|p1a: Inteleon|0 fnt\n|-unboost|p2a: Rayquaza|def|1\n|-unboost|p2a: Rayquaza|spd|1\n|faint|p1a: Inteleon\n|\n|upkeep\n|\n|t:|1783553896\n|switch|p1a: Girafarig|Girafarig, L89, F|100/100\n|turn|9\n|inactive|Time left: 300 sec this turn | 300 sec total\n|\n|t:|1783553897\n|move|p2a: Rayquaza|Extreme Speed|p1a: Girafarig\n|-damage|p1a: Girafarig|52/100\n|move|p1a: Girafarig|Hyper Voice|p2a: Rayquaza\n|-damage|p2a: Rayquaza|0 fnt\n|faint|p2a: Rayquaza\n|\n|upkeep\n|inactive|Time left: 300 sec this turn | 300 sec total | 5 sec grace\n|\n|t:|1783553898\n|switch|p2a: Cacturne|Cacturne, L92, M|278/278\n|-activate|p2a: Cacturne|move: Sticky Web\n|-unboost|p2a: Cacturne|spe|1\n|turn|10\n|inactive|Time left: 300 sec this turn | 300 sec total\n|\n|t:|1783553899\n|move|p1a: Girafarig|Hyper Voice|p2a: Cacturne\n|-damage|p2a: Cacturne|158/278\n|move|p2a: Cacturne|Knock Off|p1a: Girafarig\n|-supereffective|p1a: Girafarig\n|-damage|p1a: Girafarig|0 fnt\n|-enditem|p1a: Girafarig|Eviolite|[from] move: Knock Off|[of] p2a: Cacturne\n|faint|p1a: Girafarig\n|\n|upkeep\n|\n|t:|1783553900\n|switch|p1a: Araquanid|Araquanid, L82, F|14/100\n|turn|11\n|inactive|Time left: 300 sec this turn | 300 sec total\n|\n|t:|1783553901\n|move|p2a: Cacturne|Sucker Punch|p1a: Araquanid\n|-damage|p1a: Araquanid|0 fnt\n|faint|p1a: Araquanid\n|\n|upkeep\n|\n|t:|1783553902\n|switch|p1a: Blissey|Blissey, L85, F|100/100\n|turn|12\n|inactive|Time left: 300 sec this turn | 300 sec total\n|\n|t:|1783553903\n|move|p1a: Blissey|Seismic Toss|p2a: Cacturne\n|-damage|p2a: Cacturne|73/278\n|move|p2a: Cacturne|Knock Off|p1a: Blissey\n|-damage|p1a: Blissey|32/100\n|-enditem|p1a: Blissey|Leftovers|[from] move: Knock Off|[of] p2a: Cacturne\n|\n|upkeep\n|turn|13\n|inactive|Time left: 300 sec this turn | 300 sec total\n|\n|t:|1783553905\n|move|p1a: Blissey|Soft-Boiled|p1a: Blissey\n|-heal|p1a: Blissey|82/100\n|move|p2a: Cacturne|Seed Bomb|p1a: Blissey\n|-damage|p1a: Blissey|24/100\n|\n|upkeep\n|turn|14\n|inactive|Time left: 300 sec this turn | 300 sec total\n|\n|t:|1783553906\n|move|p1a: Blissey|Soft-Boiled|p1a: Blissey\n|-heal|p1a: Blissey|74/100\n|move|p2a: Cacturne|Knock Off|p1a: Blissey\n|-damage|p1a: Blissey|24/100\n|\n|upkeep\n|turn|15\n|inactive|Time left: 300 sec this turn | 300 sec total\n|\n|t:|1783553907\n|move|p1a: Blissey|Soft-Boiled|p1a: Blissey\n|-heal|p1a: Blissey|74/100\n|move|p2a: Cacturne|Seed Bomb|p1a: Blissey\n|-damage|p1a: Blissey|15/100\n|\n|upkeep\n|turn|16\n|inactive|Time left: 300 sec this turn | 300 sec total\n|\n|t:|1783553908\n|move|p1a: Blissey|Soft-Boiled|p1a: Blissey\n|-heal|p1a: Blissey|65/100\n|move|p2a: Cacturne|Knock Off|p1a: Blissey\n|-damage|p1a: Blissey|18/100\n|\n|upkeep\n|turn|17\n|inactive|Time left: 300 sec this turn | 300 sec total\n|\n|t:|1783553909\n|move|p1a: Blissey|Soft-Boiled|p1a: Blissey\n|-heal|p1a: Blissey|68/100\n|move|p2a: Cacturne|Seed Bomb|p1a: Blissey\n|-damage|p1a: Blissey|7/100\n|\n|upkeep\n|turn|18\n|inactive|Time left: 300 sec this turn | 300 sec total\n|\n|t:|1783553910\n|move|p1a: Blissey|Soft-Boiled|p1a: Blissey\n|-heal|p1a: Blissey|57/100\n|move|p2a: Cacturne|Seed Bomb|p1a: Blissey\n|-damage|p1a: Blissey|0 fnt\n|faint|p1a: Blissey\n|\n|upkeep\n|\n|t:|1783553911\n|switch|p1a: Meganium|Meganium, L90, M|100/100\n|turn|19\n|inactive|Time left: 300 sec this turn | 300 sec total\n|\n|t:|1783553912\n|move|p1a: Meganium|Energy Ball|p2a: Cacturne\n|-resisted|p2a: Cacturne\n|-damage|p2a: Cacturne|18/278\n|move|p2a: Cacturne|Knock Off|p1a: Meganium\n|-damage|p1a: Meganium|58/100\n|-enditem|p1a: Meganium|Leftovers|[from] move: Knock Off|[of] p2a: Cacturne\n|\n|upkeep\n|turn|20\n|inactive|Time left: 300 sec this turn | 300 sec total\n|\n|t:|1783553913\n|move|p1a: Meganium|Synthesis|p1a: Meganium\n|-heal|p1a: Meganium|100/100\n|move|p2a: Cacturne|Knock Off|p1a: Meganium\n|-damage|p1a: Meganium|74/100\n|\n|upkeep\n|turn|21\n|inactive|Time left: 300 sec this turn | 300 sec total\n|\n|t:|1783553914\n|move|p1a: Meganium|Synthesis|p1a: Meganium\n|-heal|p1a: Meganium|100/100\n|move|p2a: Cacturne|Knock Off|p1a: Meganium\n|-damage|p1a: Meganium|74/100\n|\n|upkeep\n|turn|22\n|inactive|Time left: 300 sec this turn | 300 sec total\n|\n|t:|1783553915\n|move|p2a: Cacturne|Sucker Punch||[still]\n|-fail|p2a: Cacturne\n|move|p1a: Meganium|Synthesis|p1a: Meganium\n|-heal|p1a: Meganium|100/100\n|\n|upkeep\n|turn|23\n|inactive|Time left: 300 sec this turn | 300 sec total\n|\n|t:|1783553916\n|move|p2a: Cacturne|Sucker Punch|p1a: Meganium\n|-damage|p1a: Meganium|70/100\n|move|p1a: Meganium|Energy Ball|p2a: Cacturne\n|-resisted|p2a: Cacturne\n|-damage|p2a: Cacturne|0 fnt\n|faint|p2a: Cacturne\n|\n|upkeep\n|inactive|Time left: 300 sec this turn | 300 sec total | 5 sec grace\n|\n|t:|1783553917\n|switch|p2a: Skeledirge|Skeledirge, L79, M|294/294\n|turn|24\n|inactive|Time left: 300 sec this turn | 300 sec total\n|\n|t:|1783553918\n|-terastallize|p1a: Meganium|Poison\n|move|p1a: Meganium|Leech Seed|p2a: Skeledirge\n|-start|p2a: Skeledirge|move: Leech Seed\n|move|p2a: Skeledirge|Torch Song|p1a: Meganium\n|-damage|p1a: Meganium|46/100\n|-boost|p2a: Skeledirge|spa|1\n|\n|-damage|p2a: Skeledirge|258/294|[from] Leech Seed|[of] p1a: Meganium\n|-heal|p1a: Meganium|59/100|[silent]\n|upkeep\n|turn|25\n|inactive|Time left: 300 sec this turn | 300 sec total\n|\n|t:|1783553919\n|move|p1a: Meganium|Knock Off|p2a: Skeledirge\n|-supereffective|p2a: Skeledirge\n|-damage|p2a: Skeledirge|122/294\n|-enditem|p2a: Skeledirge|Heavy-Duty Boots|[from] move: Knock Off|[of] p1a: Meganium\n|move|p2a: Skeledirge|Will-O-Wisp|p1a: Meganium\n|-status|p1a: Meganium|brn\n|\n|-damage|p2a: Skeledirge|86/294|[from] Leech Seed|[of] p1a: Meganium\n|-heal|p1a: Meganium|71/100 brn|[silent]\n|-damage|p1a: Meganium|65/100 brn|[from] brn\n|upkeep\n|turn|26\n|inactive|Time left: 300 sec this turn | 300 sec total\n|\n|t:|1783553920\n|move|p1a: Meganium|Synthesis|p1a: Meganium\n|-heal|p1a: Meganium|100/100 brn\n|move|p2a: Skeledirge|Hex|p1a: Meganium\n|-damage|p1a: Meganium|47/100 brn\n|\n|-damage|p2a: Skeledirge|50/294|[from] Leech Seed|[of] p1a: Meganium\n|-heal|p1a: Meganium|59/100 brn|[silent]\n|-damage|p1a: Meganium|53/100 brn|[from] brn\n|upkeep\n|turn|27\n|inactive|Time left: 300 sec this turn | 300 sec total\n|\n|t:|1783553921\n|move|p1a: Meganium|Synthesis|p1a: Meganium\n|-heal|p1a: Meganium|100/100 brn\n|move|p2a: Skeledirge|Hex|p1a: Meganium\n|-damage|p1a: Meganium|41/100 brn\n|\n|-damage|p2a: Skeledirge|14/294|[from] Leech Seed|[of] p1a: Meganium\n|-heal|p1a: Meganium|54/100 brn|[silent]\n|-damage|p1a: Meganium|47/100 brn|[from] brn\n|upkeep\n|turn|28\n|inactive|Time left: 300 sec this turn | 300 sec total\n|\n|t:|1783553922\n|move|p1a: Meganium|Energy Ball|p2a: Skeledirge\n|-resisted|p2a: Skeledirge\n|-damage|p2a: Skeledirge|0 fnt\n|faint|p2a: Skeledirge\n|\n|-damage|p1a: Meganium|41/100 brn|[from] brn\n|upkeep\n|inactive|Time left: 300 sec this turn | 300 sec total | 5 sec grace\n|\n|t:|1783553923\n|switch|p2a: Metagross|Metagross, L79|256/256\n|-activate|p2a: Metagross|move: Sticky Web\n|-fail|p2a: Metagross|unboost|[from] ability: Clear Body|[of] p2a: Metagross\n|turn|29\n|inactive|Time left: 300 sec this turn | 300 sec total\n|\n|t:|1783553924\n|move|p1a: Meganium|Synthesis|p1a: Meganium\n|-heal|p1a: Meganium|91/100 brn\n|move|p2a: Metagross|Earthquake|p1a: Meganium\n|-supereffective|p1a: Meganium\n|-damage|p1a: Meganium|40/100 brn\n|\n|-damage|p1a: Meganium|34/100 brn|[from] brn\n|upkeep\n|turn|30\n|inactive|Time left: 300 sec this turn | 300 sec total\n|\n|t:|1783553925\n|move|p1a: Meganium|Synthesis|p1a: Meganium\n|-heal|p1a: Meganium|84/100 brn\n|move|p2a: Metagross|Heavy Slam|p1a: Meganium\n|-damage|p1a: Meganium|42/100 brn\n|\n|-damage|p1a: Meganium|36/100 brn|[from] brn\n|upkeep\n|turn|31\n|inactive|Time left: 300 sec this turn | 300 sec total\n|\n|t:|1783553926\n|move|p1a: Meganium|Synthesis|p1a: Meganium\n|-heal|p1a: Meganium|86/100 brn\n|move|p2a: Metagross|Heavy Slam|p1a: Meganium\n|-damage|p1a: Meganium|45/100 brn\n|\n|-damage|p1a: Meganium|39/100 brn|[from] brn\n|upkeep\n|turn|32\n|inactive|Time left: 300 sec this turn | 300 sec total\n|\n|t:|1783553927\n|move|p1a: Meganium|Leech Seed|p2a: Metagross|[miss]\n|-miss|p1a: Meganium|p2a: Metagross\n|move|p2a: Metagross|Earthquake|p1a: Meganium\n|-supereffective|p1a: Meganium\n|-damage|p1a: Meganium|0 fnt\n|faint|p1a: Meganium\n|\n|win|p0y1200abb5", "uploadtime": 1783553927, "views": 0, "rating": 0, "private": 0, "password": null, "_winner": "p0y1200abb5", "_our_name": "p0y1200abb5"}