{"id": "battle-gen9randombattle-497", "formatid": "gen9randombattle", "format": "[Gen 9] Random Battle", "players": ["p0x4975788", "p0y497fdab"], "log": "|init|battle\n|title|p0x4975788 vs. p0y497fdab\n|j|\u2606p0x4975788\n|j|\u2606p0y497fdab\n|t:|1783545542\n|gametype|singles\n|player|p1|p0x4975788|265|\n|player|p2|p0y497fdab|169|\n|gen|9\n|tier|[Gen 9] Random Battle\n|rule|Species Clause: Limit one of each Pok\u00e9mon\n|rule|HP Percentage Mod: HP is shown in percentages\n|rule|Sleep Clause Mod: Limit one foe put to sleep\n|rule|Illusion Level Mod: Illusion disguises the Pok\u00e9mon's true level\n|\n|t:|1783545542\n|teamsize|p1|6\n|teamsize|p2|6\n|start\n|switch|p1a: Latios|Latios, L78, M|253/253\n|switch|p2a: Kingdra|Kingdra, L84, F|100/100\n|turn|1\n|inactive|Battle timer is ON: inactive players will automatically lose when time's up. (requested by p0x4975788)\n|\n|t:|1783545544\n|switch|p2a: Orthworm|Orthworm, L88, F|100/100\n|move|p1a: Latios|Draco Meteor|p2a: Orthworm\n|-resisted|p2a: Orthworm\n|-damage|p2a: Orthworm|54/100\n|-unboost|p1a: Latios|spa|2\n|\n|upkeep\n|turn|2\n|inactive|Time left: 300 sec this turn | 300 sec total\n|inactive|p0y497fdab also wants the timer to be on.\n|\n|t:|1783545545\n|switch|p1a: Iron Moth|Iron Moth, L78|253/253\n|move|p2a: Orthworm|Coil|p2a: Orthworm\n|-boost|p2a: Orthworm|atk|1\n|-boost|p2a: Orthworm|def|1\n|-boost|p2a: Orthworm|accuracy|1\n|\n|upkeep\n|turn|3\n|inactive|Time left: 300 sec this turn | 300 sec total\n|\n|t:|1783545546\n|move|p1a: Iron Moth|Fire Blast|p2a: Orthworm\n|-supereffective|p2a: Orthworm\n|-damage|p2a: Orthworm|0 fnt\n|faint|p2a: Orthworm\n|\n|upkeep\n|\n|t:|1783545547\n|switch|p2a: Blaziken|Blaziken, L76, M|100/100\n|turn|4\n|inactive|Time left: 300 sec this turn | 300 sec total\n|\n|t:|1783545549\n|move|p1a: Iron Moth|Sludge Wave|p2a: Blaziken\n|-damage|p2a: Blaziken|43/100\n|move|p2a: Blaziken|Swords Dance|p2a: Blaziken\n|-boost|p2a: Blaziken|atk|2\n|\n|-ability|p2a: Blaziken|Speed Boost|boost\n|-boost|p2a: Blaziken|spe|1\n|upkeep\n|turn|5\n|inactive|Time left: 300 sec this turn | 300 sec total\n|\n|t:|1783545550\n|-end|p1a: Iron Moth|Quark Drive|[silent]\n|switch|p1a: Quagsire|Quagsire, L84, M|297/297\n|move|p2a: Blaziken|Stone Edge|p1a: Quagsire\n|-resisted|p1a: Quagsire\n|-damage|p1a: Quagsire|252/297\n|-damage|p2a: Blaziken|33/100|[from] item: Life Orb\n|\n|-heal|p1a: Quagsire|270/297|[from] item: Leftovers\n|-ability|p2a: Blaziken|Speed Boost|boost\n|-boost|p2a: Blaziken|spe|1\n|upkeep\n|turn|6\n|inactive|Time left: 300 sec this turn | 300 sec total\n|\n|t:|1783545551\n|move|p2a: Blaziken|Close Combat|p1a: Quagsire\n|-damage|p1a: Quagsire|98/297\n|-unboost|p2a: Blaziken|def|1\n|-unboost|p2a: Blaziken|spd|1\n|-damage|p2a: Blaziken|24/100|[from] item: Life Orb\n|move|p1a: Quagsire|Earthquake|p2a: Blaziken\n|-supereffective|p2a: Blaziken\n|-damage|p2a: Blaziken|0 fnt\n|faint|p2a: Blaziken\n|\n|-heal|p1a: Quagsire|116/297|[from] item: Leftovers\n|upkeep\n|\n|t:|1783545552\n|switch|p2a: Ribombee|Ribombee, L83, M|100/100\n|turn|7\n|inactive|Time left: 300 sec this turn | 300 sec total\n|\n|t:|1783545553\n|switch|p1a: Bronzong|Bronzong, L88|261/261\n|move|p2a: Ribombee|Quiver Dance|p2a: Ribombee\n|-boost|p2a: Ribombee|spa|1\n|-boost|p2a: Ribombee|spd|1\n|-boost|p2a: Ribombee|spe|1\n|\n|upkeep\n|turn|8\n|inactive|Time left: 300 sec this turn | 300 sec total\n|\n|t:|1783545554\n|move|p2a: Ribombee|Quiver Dance|p2a: Ribombee\n|-boost|p2a: Ribombee|spa|1\n|-boost|p2a: Ribombee|spd|1\n|-boost|p2a: Ribombee|spe|1\n|move|p1a: Bronzong|Iron Head|p2a: Ribombee\n|-supereffective|p2a: Ribombee\n|-damage|p2a: Ribombee|3/100\n|\n|upkeep\n|turn|9\n|inactive|Time left: 300 sec this turn | 300 sec total\n|\n|t:|1783545555\n|move|p2a: Ribombee|Moonblast|p1a: Bronzong\n|-resisted|p1a: Bronzong\n|-damage|p1a: Bronzong|183/261\n|move|p1a: Bronzong|Psychic Noise|p2a: Ribombee\n|-damage|p2a: Ribombee|0 fnt\n|faint|p2a: Ribombee\n|\n|-heal|p1a: Bronzong|199/261|[from] item: Leftovers\n|upkeep\n|\n|t:|1783545556\n|switch|p2a: Shiftry|Shiftry, L89, M|100/100\n|turn|10\n|inactive|Time left: 300 sec this turn | 300 sec total\n|\n|t:|1783545557\n|-terastallize|p1a: Bronzong|Fighting\n|move|p2a: Shiftry|Knock Off|p1a: Bronzong\n|-resisted|p1a: Bronzong\n|-damage|p1a: Bronzong|151/261\n|-enditem|p1a: Bronzong|Leftovers|[from] move: Knock Off|[of] p2a: Shiftry\n|move|p1a: Bronzong|Body Press|p2a: Shiftry\n|-supereffective|p2a: Shiftry\n|-damage|p2a: Shiftry|10/100\n|\n|upkeep\n|turn|11\n|inactive|Time left: 300 sec this turn | 300 sec total\n|\n|t:|1783545558\n|move|p2a: Shiftry|Will-O-Wisp|p1a: Bronzong\n|-status|p1a: Bronzong|brn\n|move|p1a: Bronzong|Iron Defense|p1a: Bronzong\n|-boost|p1a: Bronzong|def|2\n|\n|-damage|p1a: Bronzong|135/261 brn|[from] brn\n|upkeep\n|turn|12\n|inactive|Time left: 300 sec this turn | 300 sec total\n|\n|t:|1783545559\n|move|p2a: Shiftry|Leaf Storm|p1a: Bronzong\n|-damage|p1a: Bronzong|32/261 brn\n|-unboost|p2a: Shiftry|spa|2\n|move|p1a: Bronzong|Body Press|p2a: Shiftry\n|-supereffective|p2a: Shiftry\n|-damage|p2a: Shiftry|0 fnt\n|faint|p2a: Shiftry\n|\n|-damage|p1a: Bronzong|16/261 brn|[from] brn\n|upkeep\n|\n|t:|1783545560\n|switch|p2a: Coalossal|Coalossal, L89, M|100/100\n|turn|13\n|inactive|Time left: 300 sec this turn | 300 sec total\n|\n|t:|1783545561\n|switch|p1a: Quagsire|Quagsire, L84, M|116/297\n|move|p2a: Coalossal|Stealth Rock|p1a: Quagsire\n|-sidestart|p1: p0x4975788|move: Stealth Rock\n|\n|-heal|p1a: Quagsire|134/297|[from] item: Leftovers\n|upkeep\n|turn|14\n|inactive|Time left: 300 sec this turn | 300 sec total\n|\n|t:|1783545562\n|switch|p2a: Kingdra|Kingdra, L84, F|100/100\n|move|p1a: Quagsire|Earthquake|p2a: Kingdra\n|-damage|p2a: Kingdra|64/100\n|\n|-heal|p1a: Quagsire|152/297|[from] item: Leftovers\n|upkeep\n|turn|15\n|inactive|Time left: 300 sec this turn | 300 sec total\n|\n|t:|1783545563\n|move|p2a: Kingdra|Wave Crash|p1a: Quagsire\n|-damage|p1a: Quagsire|0 fnt\n|faint|p1a: Quagsire\n|-damage|p2a: Kingdra|45/100|[from] Recoil\n|-damage|p2a: Kingdra|35/100|[from] item: Life Orb\n|\n|upkeep\n|inactive|Time left: 300 sec this turn | 300 sec total | 5 sec grace\n|\n|t:|1783545564\n|switch|p1a: Gyarados|Gyarados, L79, F|280/280\n|turn|16\n|inactive|Time left: 300 sec this turn | 300 sec total\n|\n|t:|1783545565\n|move|p2a: Kingdra|Draco Meteor|p1a: Gyarados\n|-damage|p1a: Gyarados|119/280\n|-unboost|p2a: Kingdra|spa|2\n|-damage|p2a: Kingdra|25/100|[from] item: Life Orb\n|move|p1a: Gyarados|Earthquake|p2a: Kingdra\n|-damage|p2a: Kingdra|0 fnt\n|faint|p2a: Kingdra\n|-ability|p1a: Gyarados|Moxie|boost\n|-boost|p1a: Gyarados|atk|1\n|\n|upkeep\n|\n|t:|1783545566\n|switch|p2a: Coalossal|Coalossal, L89, M|100/100\n|turn|17\n|inactive|Time left: 300 sec this turn | 300 sec total\n|\n|t:|1783545567\n|-terastallize|p2a: Coalossal|Grass\n|move|p1a: Gyarados|Waterfall|p2a: Coalossal\n|-resisted|p2a: Coalossal\n|-damage|p2a: Coalossal|86/100\n|-status|p1a: Gyarados|brn|[from] ability: Flame Body|[of] p2a: Coalossal\n|move|p2a: Coalossal|Stone Edge|p1a: Gyarados|[miss]\n|-miss|p2a: Coalossal|p1a: Gyarados\n|\n|-damage|p1a: Gyarados|102/280 brn|[from] brn\n|upkeep\n|turn|18\n|inactive|Time left: 300 sec this turn | 300 sec total\n|\n|t:|1783545568\n|switch|p1a: Bronzong|Bronzong, L88, tera:Fighting|16/261 brn\n|-damage|p1a: Bronzong|0 fnt|[from] Stealth Rock\n|faint|p1a: Bronzong\n|move|p2a: Coalossal|Stone Edge|p1: Bronzong|[notarget]\n|-fail|p2a: Coalossal\n|\n|upkeep\n|inactive|Time left: 300 sec this turn | 300 sec total | 5 sec grace\n|\n|t:|1783545569\n|switch|p1a: Iron Moth|Iron Moth, L78|253/253\n|turn|19\n|inactive|Time left: 300 sec this turn | 300 sec total\n|\n|t:|1783545570\n|move|p1a: Iron Moth|Sludge Wave|p2a: Coalossal\n|-supereffective|p2a: Coalossal\n|-crit|p2a: Coalossal\n|-damage|p2a: Coalossal|0 fnt\n|faint|p2a: Coalossal\n|\n|win|p0x4975788", "uploadtime": 1783545570, "views": 0, "rating": 0, "private": 0, "password": null, "_winner": "p0x4975788", "_our_name": "p0x4975788"}