{"id": "battle-gen9randombattle-2473", "formatid": "gen9randombattle", "format": "[Gen 9] Random Battle", "players": ["p0x2473a002", "p0y2473fc2a"], "log": "|init|battle\n|title|p0x2473a002 vs. p0y2473fc2a\n|j|\u2606p0x2473a002\n|j|\u2606p0y2473fc2a\n|t:|1783568677\n|gametype|singles\n|player|p1|p0x2473a002|102|\n|player|p2|p0y2473fc2a|170|\n|gen|9\n|tier|[Gen 9] Random Battle\n|rule|Species Clause: Limit one of each Pok\u00e9mon\n|rule|HP Percentage Mod: HP is shown in percentages\n|rule|Sleep Clause Mod: Limit one foe put to sleep\n|rule|Illusion Level Mod: Illusion disguises the Pok\u00e9mon's true level\n|\n|t:|1783568677\n|teamsize|p1|6\n|teamsize|p2|6\n|start\n|switch|p1a: Miraidon|Miraidon, L65|238/238\n|switch|p2a: Chi-Yu|Chi-Yu, L77|100/100\n|-fieldstart|move: Electric Terrain|[from] ability: Hadron Engine|[of] p1a: Miraidon\n|-ability|p2a: Chi-Yu|Beads of Ruin\n|turn|1\n|inactive|Battle timer is ON: inactive players will automatically lose when time's up. (requested by p0y2473fc2a)\n|inactive|Time left: 300 sec this turn | 300 sec total | 60 sec grace\n|inactive|p0x2473a002 also wants the timer to be on.\n|\n|t:|1783568678\n|move|p1a: Miraidon|Calm Mind|p1a: Miraidon\n|-boost|p1a: Miraidon|spa|1\n|-boost|p1a: Miraidon|spd|1\n|move|p2a: Chi-Yu|Dark Pulse|p1a: Miraidon\n|-damage|p1a: Miraidon|108/238\n|\n|upkeep\n|turn|2\n|inactive|Time left: 300 sec this turn | 300 sec total\n|\n|t:|1783568680\n|switch|p2a: Swampert|Swampert, L83, F|100/100\n|move|p1a: Miraidon|Electro Drift|p2a: Swampert\n|-immune|p2a: Swampert\n|\n|upkeep\n|turn|3\n|inactive|Time left: 300 sec this turn | 300 sec total\n|\n|t:|1783568681\n|move|p1a: Miraidon|Draco Meteor|p2a: Swampert\n|-crit|p2a: Swampert\n|-damage|p2a: Swampert|0 fnt\n|-unboost|p1a: Miraidon|spa|2\n|faint|p2a: Swampert\n|-damage|p1a: Miraidon|85/238|[from] item: Life Orb\n|\n|upkeep\n|\n|t:|1783568682\n|switch|p2a: Gardevoir|Gardevoir, L83, M|100/100\n|-ability|p2a: Gardevoir|Hadron Engine|Trace|[from] ability: Trace|[of] p1a: Miraidon\n|-activate|p2a: Gardevoir|ability: Hadron Engine\n|turn|4\n|inactive|Time left: 300 sec this turn | 300 sec total\n|\n|t:|1783568683\n|switch|p1a: Slaking|Slaking, L84, M|389/389\n|move|p2a: Gardevoir|Moonblast|p1a: Slaking\n|-damage|p1a: Slaking|191/389\n|\n|upkeep\n|turn|5\n|inactive|Time left: 300 sec this turn | 300 sec total\n|\n|t:|1783568684\n|move|p2a: Gardevoir|Moonblast|p1a: Slaking\n|-damage|p1a: Slaking|0 fnt\n|faint|p1a: Slaking\n|\n|-fieldend|move: Electric Terrain\n|upkeep\n|inactive|Time left: 300 sec this turn | 300 sec total | 5 sec grace\n|\n|t:|1783568685\n|switch|p1a: Coalossal|Coalossal, L89, M|341/341\n|turn|6\n|inactive|Time left: 300 sec this turn | 300 sec total\n|\n|t:|1783568686\n|move|p2a: Gardevoir|Moonblast|p1a: Coalossal\n|-resisted|p1a: Coalossal\n|-damage|p1a: Coalossal|285/341\n|move|p1a: Coalossal|Stone Edge|p2a: Gardevoir|[miss]\n|-miss|p1a: Coalossal|p2a: Gardevoir\n|\n|upkeep\n|turn|7\n|inactive|Time left: 300 sec this turn | 300 sec total\n|\n|t:|1783568687\n|move|p2a: Gardevoir|Moonblast|p1a: Coalossal\n|-resisted|p1a: Coalossal\n|-damage|p1a: Coalossal|230/341\n|move|p1a: Coalossal|Stone Edge|p2a: Gardevoir\n|-crit|p2a: Gardevoir\n|-damage|p2a: Gardevoir|21/100\n|\n|upkeep\n|turn|8\n|inactive|Time left: 300 sec this turn | 300 sec total\n|\n|t:|1783568688\n|move|p2a: Gardevoir|Moonblast|p1a: Coalossal\n|-resisted|p1a: Coalossal\n|-damage|p1a: Coalossal|170/341\n|-unboost|p1a: Coalossal|spa|1\n|move|p1a: Coalossal|Stone Edge|p2a: Gardevoir|[miss]\n|-miss|p1a: Coalossal|p2a: Gardevoir\n|\n|upkeep\n|turn|9\n|inactive|Time left: 300 sec this turn | 300 sec total\n|\n|t:|1783568688\n|move|p2a: Gardevoir|Moonblast|p1a: Coalossal\n|-resisted|p1a: Coalossal\n|-damage|p1a: Coalossal|111/341\n|-unboost|p1a: Coalossal|spa|1\n|move|p1a: Coalossal|Stone Edge|p2a: Gardevoir\n|-damage|p2a: Gardevoir|0 fnt\n|faint|p2a: Gardevoir\n|\n|upkeep\n|\n|t:|1783568689\n|switch|p2a: Chi-Yu|Chi-Yu, L77|100/100\n|-ability|p2a: Chi-Yu|Beads of Ruin\n|turn|10\n|inactive|Time left: 300 sec this turn | 300 sec total\n|\n|t:|1783568690\n|move|p2a: Chi-Yu|Dark Pulse|p1a: Coalossal\n|-damage|p1a: Coalossal|0 fnt\n|faint|p1a: Coalossal\n|\n|upkeep\n|inactive|Time left: 300 sec this turn | 300 sec total | 5 sec grace\n|\n|t:|1783568691\n|switch|p1a: Miraidon|Miraidon, L65|85/238\n|-fieldstart|move: Electric Terrain|[from] ability: Hadron Engine|[of] p1a: Miraidon\n|turn|11\n|inactive|Time left: 300 sec this turn | 300 sec total\n|\n|t:|1783568692\n|-terastallize|p1a: Miraidon|Electric\n|move|p1a: Miraidon|Electro Drift|p2a: Chi-Yu\n|-damage|p2a: Chi-Yu|0 fnt\n|faint|p2a: Chi-Yu\n|-damage|p1a: Miraidon|62/238|[from] item: Life Orb\n|\n|upkeep\n|\n|t:|1783568693\n|switch|p2a: Registeel|Registeel, L81|100/100\n|turn|12\n|inactive|Time left: 300 sec this turn | 300 sec total\n|\n|t:|1783568694\n|move|p1a: Miraidon|Electro Drift|p2a: Registeel\n|-damage|p2a: Registeel|39/100\n|-damage|p1a: Miraidon|39/238|[from] item: Life Orb\n|move|p2a: Registeel|Body Press|p1a: Miraidon\n|-damage|p1a: Miraidon|0 fnt\n|faint|p1a: Miraidon\n|\n|upkeep\n|inactive|Time left: 300 sec this turn | 300 sec total | 5 sec grace\n|\n|t:|1783568695\n|switch|p1a: Bruxish|Bruxish, L85, F|254/254\n|turn|13\n|inactive|Time left: 300 sec this turn | 300 sec total\n|\n|t:|1783568696\n|move|p1a: Bruxish|Swords Dance|p1a: Bruxish\n|-boost|p1a: Bruxish|atk|2\n|move|p2a: Registeel|Iron Head|p1a: Bruxish\n|-resisted|p1a: Bruxish\n|-damage|p1a: Bruxish|215/254\n|\n|upkeep\n|turn|14\n|inactive|Time left: 300 sec this turn | 300 sec total\n|\n|t:|1783568697\n|move|p1a: Bruxish|Psychic Fangs|p2a: Registeel\n|-resisted|p2a: Registeel\n|-damage|p2a: Registeel|0 fnt\n|faint|p2a: Registeel\n|-damage|p1a: Bruxish|190/254|[from] item: Life Orb\n|\n|upkeep\n|\n|t:|1783568698\n|switch|p2a: Qwilfish|Qwilfish, L86, F|100/100\n|-ability|p2a: Qwilfish|Intimidate|boost\n|-unboost|p1a: Bruxish|atk|1\n|turn|15\n|inactive|Time left: 300 sec this turn | 300 sec total\n|\n|t:|1783568699\n|switch|p2a: Dudunsparce|Dudunsparce, L83, F|100/100\n|move|p1a: Bruxish|Psychic Fangs|p2a: Dudunsparce\n|-damage|p2a: Dudunsparce|12/100\n|-damage|p1a: Bruxish|165/254|[from] item: Life Orb\n|\n|-heal|p2a: Dudunsparce|18/100|[from] item: Leftovers\n|-fieldend|move: Electric Terrain\n|upkeep\n|turn|16\n|inactive|Time left: 300 sec this turn | 300 sec total\n|\n|t:|1783568700\n|move|p1a: Bruxish|Psychic Fangs|p2a: Dudunsparce\n|-damage|p2a: Dudunsparce|0 fnt\n|faint|p2a: Dudunsparce\n|-damage|p1a: Bruxish|140/254|[from] item: Life Orb\n|\n|upkeep\n|\n|t:|1783568701\n|switch|p2a: Qwilfish|Qwilfish, L86, F|100/100\n|-ability|p2a: Qwilfish|Intimidate|boost\n|-unboost|p1a: Bruxish|atk|1\n|turn|17\n|inactive|Time left: 300 sec this turn | 300 sec total\n|\n|t:|1783568701\n|-terastallize|p2a: Qwilfish|Grass\n|move|p1a: Bruxish|Psychic Fangs|p2a: Qwilfish\n|-damage|p2a: Qwilfish|23/100\n|-damage|p1a: Bruxish|115/254|[from] item: Life Orb\n|move|p2a: Qwilfish|Thunder Wave|p1a: Bruxish\n|-status|p1a: Bruxish|par\n|\n|-heal|p2a: Qwilfish|29/100|[from] item: Leftovers\n|upkeep\n|turn|18\n|inactive|Time left: 300 sec this turn | 300 sec total\n|\n|t:|1783568702\n|move|p2a: Qwilfish|Waterfall|p1a: Bruxish\n|-resisted|p1a: Bruxish\n|-damage|p1a: Bruxish|66/254 par\n|move|p1a: Bruxish|Psychic Fangs|p2a: Qwilfish\n|-damage|p2a: Qwilfish|0 fnt\n|faint|p2a: Qwilfish\n|-damage|p1a: Bruxish|41/254 par|[from] item: Life Orb\n|\n|win|p0x2473a002", "uploadtime": 1783568702, "views": 0, "rating": 0, "private": 0, "password": null, "_winner": "p0x2473a002", "_our_name": "p0x2473a002"}