{"id": "battle-gen9randombattle-964", "formatid": "gen9randombattle", "format": "[Gen 9] Random Battle", "players": ["p0x96406f6", "p0y9640f39"], "log": "|init|battle\n|title|p0x96406f6 vs. p0y9640f39\n|j|\u2606p0x96406f6\n|j|\u2606p0y9640f39\n|t:|1783550317\n|gametype|singles\n|player|p1|p0x96406f6|2|\n|player|p2|p0y9640f39|170|\n|gen|9\n|tier|[Gen 9] Random Battle\n|rule|Species Clause: Limit one of each Pok\u00e9mon\n|rule|HP Percentage Mod: HP is shown in percentages\n|rule|Sleep Clause Mod: Limit one foe put to sleep\n|rule|Illusion Level Mod: Illusion disguises the Pok\u00e9mon's true level\n|\n|t:|1783550317\n|teamsize|p1|6\n|teamsize|p2|6\n|start\n|switch|p1a: Luxray|Luxray, L88, F|284/284\n|switch|p2a: Lilligant|Lilligant, L86, F|100/100\n|-ability|p1a: Luxray|Intimidate|boost\n|-unboost|p2a: Lilligant|atk|1\n|turn|1\n|inactive|Battle timer is ON: inactive players will automatically lose when time's up. (requested by p0y9640f39)\n|inactive|Time left: 300 sec this turn | 300 sec total | 60 sec grace\n|inactive|p0x96406f6 also wants the timer to be on.\n|\n|t:|1783550318\n|move|p2a: Lilligant|Quiver Dance|p2a: Lilligant\n|-boost|p2a: Lilligant|spa|1\n|-boost|p2a: Lilligant|spd|1\n|-boost|p2a: Lilligant|spe|1\n|move|p1a: Luxray|Play Rough|p2a: Lilligant\n|-damage|p2a: Lilligant|65/100\n|\n|upkeep\n|turn|2\n|inactive|Time left: 300 sec this turn | 300 sec total\n|\n|t:|1783550319\n|move|p2a: Lilligant|Giga Drain|p1a: Luxray\n|-damage|p1a: Luxray|158/284\n|-heal|p2a: Lilligant|89/100|[from] drain|[of] p1a: Luxray\n|-damage|p2a: Lilligant|79/100|[from] item: Life Orb\n|move|p1a: Luxray|Ice Fang|p2a: Lilligant\n|-supereffective|p2a: Lilligant\n|-damage|p2a: Lilligant|30/100\n|\n|upkeep\n|turn|3\n|inactive|Time left: 300 sec this turn | 300 sec total\n|\n|t:|1783550320\n|move|p2a: Lilligant|Giga Drain|p1a: Luxray\n|-damage|p1a: Luxray|36/284\n|-heal|p2a: Lilligant|53/100|[from] drain|[of] p1a: Luxray\n|-damage|p2a: Lilligant|43/100|[from] item: Life Orb\n|move|p1a: Luxray|Ice Fang|p2a: Lilligant\n|-supereffective|p2a: Lilligant\n|-damage|p2a: Lilligant|0 fnt\n|faint|p2a: Lilligant\n|\n|upkeep\n|\n|t:|1783550321\n|switch|p2a: Iron Jugulis|Iron Jugulis, L77|100/100\n|turn|4\n|inactive|Time left: 300 sec this turn | 300 sec total\n|\n|t:|1783550323\n|switch|p1a: Dachsbun|Dachsbun, L92, M|254/254\n|move|p2a: Iron Jugulis|Meteor Beam||[still]\n|-prepare|p2a: Iron Jugulis|Meteor Beam\n|-boost|p2a: Iron Jugulis|spa|1\n|-enditem|p2a: Iron Jugulis|Power Herb\n|-anim|p2a: Iron Jugulis|Meteor Beam|p1a: Dachsbun\n|-damage|p1a: Dachsbun|137/254\n|\n|-heal|p1a: Dachsbun|152/254|[from] item: Leftovers\n|upkeep\n|turn|5\n|inactive|Time left: 300 sec this turn | 300 sec total\n|\n|t:|1783550324\n|move|p1a: Dachsbun|Play Rough|p2a: Iron Jugulis\n|-supereffective|p2a: Iron Jugulis\n|-damage|p2a: Iron Jugulis|13/100\n|-unboost|p2a: Iron Jugulis|atk|1\n|move|p2a: Iron Jugulis|Hurricane|p1a: Dachsbun|[miss]\n|-miss|p2a: Iron Jugulis|p1a: Dachsbun\n|\n|-heal|p1a: Dachsbun|167/254|[from] item: Leftovers\n|upkeep\n|turn|6\n|inactive|Time left: 300 sec this turn | 300 sec total\n|\n|t:|1783550325\n|move|p1a: Dachsbun|Play Rough|p2a: Iron Jugulis\n|-supereffective|p2a: Iron Jugulis\n|-damage|p2a: Iron Jugulis|0 fnt\n|faint|p2a: Iron Jugulis\n|-end|p2a: Iron Jugulis|Quark Drive|[silent]\n|\n|-heal|p1a: Dachsbun|182/254|[from] item: Leftovers\n|upkeep\n|\n|t:|1783550326\n|switch|p2a: Cobalion|Cobalion, L80|100/100\n|turn|7\n|inactive|Time left: 300 sec this turn | 300 sec total\n|\n|t:|1783550327\n|move|p1a: Dachsbun|Body Press|p2a: Cobalion\n|-supereffective|p2a: Cobalion\n|-damage|p2a: Cobalion|56/100\n|move|p2a: Cobalion|Calm Mind|p2a: Cobalion\n|-boost|p2a: Cobalion|spa|1\n|-boost|p2a: Cobalion|spd|1\n|\n|-heal|p1a: Dachsbun|197/254|[from] item: Leftovers\n|-heal|p2a: Cobalion|63/100|[from] item: Leftovers\n|upkeep\n|turn|8\n|inactive|Time left: 300 sec this turn | 300 sec total\n|\n|t:|1783550328\n|move|p1a: Dachsbun|Body Press|p2a: Cobalion\n|-supereffective|p2a: Cobalion\n|-damage|p2a: Cobalion|19/100\n|move|p2a: Cobalion|Flash Cannon|p1a: Dachsbun\n|-supereffective|p1a: Dachsbun\n|-damage|p1a: Dachsbun|0 fnt\n|faint|p1a: Dachsbun\n|\n|-heal|p2a: Cobalion|25/100|[from] item: Leftovers\n|upkeep\n|inactive|Time left: 300 sec this turn | 300 sec total | 5 sec grace\n|\n|t:|1783550330\n|switch|p1a: Grumpig|Grumpig, L92, F|297/297\n|turn|9\n|inactive|Time left: 300 sec this turn | 300 sec total\n|\n|t:|1783550331\n|move|p1a: Grumpig|Psyshock|p2a: Cobalion\n|-damage|p2a: Cobalion|0 fnt\n|faint|p2a: Cobalion\n|\n|upkeep\n|\n|t:|1783550332\n|switch|p2a: Garganacl|Garganacl, L80, F|100/100\n|turn|10\n|inactive|Time left: 300 sec this turn | 300 sec total\n|\n|t:|1783550333\n|switch|p1a: Arceus|Arceus-Grass, L73|296/296\n|move|p2a: Garganacl|Salt Cure|p1a: Arceus\n|-damage|p1a: Arceus|263/296\n|-start|p1a: Arceus|Salt Cure\n|\n|-damage|p1a: Arceus|226/296|[from] Salt Cure\n|upkeep\n|turn|11\n|inactive|Time left: 300 sec this turn | 300 sec total\n|\n|t:|1783550334\n|switch|p2a: Flareon|Flareon, L90, F|100/100\n|move|p1a: Arceus|Judgment|p2a: Flareon\n|-resisted|p2a: Flareon\n|-damage|p2a: Flareon|85/100\n|\n|-damage|p1a: Arceus|189/296|[from] Salt Cure\n|-status|p2a: Flareon|tox|[from] item: Toxic Orb\n|upkeep\n|turn|12\n|inactive|Time left: 300 sec this turn | 300 sec total\n|\n|t:|1783550335\n|switch|p1a: Luxray|Luxray, L88, F|36/284\n|-ability|p1a: Luxray|Intimidate|boost\n|-unboost|p2a: Flareon|atk|1\n|move|p2a: Flareon|Facade|p1a: Luxray\n|-damage|p1a: Luxray|0 fnt\n|faint|p1a: Luxray\n|\n|-damage|p2a: Flareon|78/100 tox|[from] psn\n|upkeep\n|inactive|Time left: 300 sec this turn | 300 sec total | 5 sec grace\n|\n|t:|1783550336\n|switch|p1a: Kingdra|Kingdra, L84, F|263/263\n|turn|13\n|inactive|Time left: 300 sec this turn | 300 sec total\n|\n|t:|1783550337\n|switch|p2a: Breloom|Breloom, L83, M|100/100\n|move|p1a: Kingdra|Wave Crash|p2a: Breloom\n|-resisted|p2a: Breloom\n|-damage|p2a: Breloom|66/100\n|-damage|p1a: Kingdra|236/263|[from] Recoil\n|-damage|p1a: Kingdra|210/263|[from] item: Life Orb\n|\n|upkeep\n|turn|14\n|inactive|Time left: 300 sec this turn | 300 sec total\n|\n|t:|1783550338\n|move|p1a: Kingdra|Draco Meteor|p2a: Breloom\n|-damage|p2a: Breloom|0 fnt\n|-unboost|p1a: Kingdra|spa|2\n|faint|p2a: Breloom\n|-damage|p1a: Kingdra|184/263|[from] item: Life Orb\n|\n|upkeep\n|\n|t:|1783550339\n|switch|p2a: Garganacl|Garganacl, L80, F|100/100\n|turn|15\n|inactive|Time left: 300 sec this turn | 300 sec total\n|\n|t:|1783550340\n|switch|p1a: Arceus|Arceus-Grass, L73|189/296\n|move|p2a: Garganacl|Salt Cure|p1a: Arceus\n|-damage|p1a: Arceus|155/296\n|-start|p1a: Arceus|Salt Cure\n|\n|-damage|p1a: Arceus|118/296|[from] Salt Cure\n|upkeep\n|turn|16\n|inactive|Time left: 300 sec this turn | 300 sec total\n|\n|t:|1783550341\n|move|p1a: Arceus|Recover|p1a: Arceus\n|-heal|p1a: Arceus|266/296\n|move|p2a: Garganacl|Stealth Rock|p1a: Arceus\n|-sidestart|p1: p0x96406f6|move: Stealth Rock\n|\n|-damage|p1a: Arceus|229/296|[from] Salt Cure\n|upkeep\n|turn|17\n|inactive|Time left: 300 sec this turn | 300 sec total\n|\n|t:|1783550342\n|switch|p2a: Flareon|Flareon, L90, F|78/100 tox\n|move|p1a: Arceus|Judgment|p2a: Flareon\n|-resisted|p2a: Flareon\n|-damage|p2a: Flareon|60/100 tox\n|\n|-damage|p2a: Flareon|54/100 tox|[from] psn\n|-damage|p1a: Arceus|192/296|[from] Salt Cure\n|upkeep\n|turn|18\n|inactive|Time left: 300 sec this turn | 300 sec total\n|\n|t:|1783550343\n|move|p1a: Arceus|Recover|p1a: Arceus\n|-heal|p1a: Arceus|296/296\n|move|p2a: Flareon|Facade|p1a: Arceus\n|-damage|p1a: Arceus|110/296\n|\n|-damage|p2a: Flareon|42/100 tox|[from] psn\n|-damage|p1a: Arceus|73/296|[from] Salt Cure\n|upkeep\n|turn|19\n|inactive|Time left: 300 sec this turn | 300 sec total\n|\n|t:|1783550344\n|move|p1a: Arceus|Judgment|p2a: Flareon\n|-resisted|p2a: Flareon\n|-damage|p2a: Flareon|25/100 tox\n|move|p2a: Flareon|Facade|p1a: Arceus\n|-damage|p1a: Arceus|0 fnt\n|faint|p1a: Arceus\n|\n|-damage|p2a: Flareon|7/100 tox|[from] psn\n|upkeep\n|inactive|Time left: 300 sec this turn | 300 sec total | 5 sec grace\n|\n|t:|1783550345\n|switch|p1a: Kingdra|Kingdra, L84, F|184/263\n|-damage|p1a: Kingdra|152/263|[from] Stealth Rock\n|turn|20\n|inactive|Time left: 300 sec this turn | 300 sec total\n|\n|t:|1783550345\n|move|p1a: Kingdra|Wave Crash|p2a: Flareon\n|-supereffective|p2a: Flareon\n|-damage|p2a: Flareon|0 fnt\n|faint|p2a: Flareon\n|-damage|p1a: Kingdra|146/263|[from] Recoil\n|-damage|p1a: Kingdra|120/263|[from] item: Life Orb\n|\n|upkeep\n|\n|t:|1783550346\n|switch|p2a: Garganacl|Garganacl, L80, F|100/100\n|turn|21\n|inactive|Time left: 300 sec this turn | 300 sec total\n|\n|t:|1783550347\n|-terastallize|p1a: Kingdra|Water\n|-terastallize|p2a: Garganacl|Dragon\n|move|p1a: Kingdra|Wave Crash|p2a: Garganacl\n|-resisted|p2a: Garganacl\n|-damage|p2a: Garganacl|71/100\n|-damage|p1a: Kingdra|91/263|[from] Recoil\n|-damage|p1a: Kingdra|65/263|[from] item: Life Orb\n|move|p2a: Garganacl|Salt Cure|p1a: Kingdra\n|-damage|p1a: Kingdra|25/263\n|-start|p1a: Kingdra|Salt Cure\n|\n|-heal|p2a: Garganacl|77/100|[from] item: Leftovers\n|-damage|p1a: Kingdra|0 fnt|[from] Salt Cure\n|faint|p1a: Kingdra\n|upkeep\n|inactive|Time left: 300 sec this turn | 300 sec total | 5 sec grace\n|\n|t:|1783550348\n|switch|p1a: Seviper|Seviper, L93, F|287/287\n|-damage|p1a: Seviper|252/287|[from] Stealth Rock\n|turn|22\n|inactive|Time left: 300 sec this turn | 300 sec total\n|\n|t:|1783550349\n|move|p1a: Seviper|Gunk Shot|p2a: Garganacl\n|-damage|p2a: Garganacl|26/100\n|-damage|p1a: Seviper|224/287|[from] item: Life Orb\n|move|p2a: Garganacl|Recover|p2a: Garganacl\n|-heal|p2a: Garganacl|76/100\n|\n|-heal|p2a: Garganacl|82/100|[from] item: Leftovers\n|upkeep\n|turn|23\n|inactive|Time left: 300 sec this turn | 300 sec total\n|\n|t:|1783550351\n|move|p1a: Seviper|Gunk Shot|p2a: Garganacl\n|-damage|p2a: Garganacl|27/100\n|-damage|p1a: Seviper|196/287|[from] item: Life Orb\n|move|p2a: Garganacl|Recover|p2a: Garganacl\n|-heal|p2a: Garganacl|77/100\n|\n|-heal|p2a: Garganacl|83/100|[from] item: Leftovers\n|upkeep\n|turn|24\n|inactive|Time left: 300 sec this turn | 300 sec total\n|\n|t:|1783550352\n|move|p1a: Seviper|Knock Off|p2a: Garganacl\n|-damage|p2a: Garganacl|55/100\n|-enditem|p2a: Garganacl|Leftovers|[from] move: Knock Off|[of] p1a: Seviper\n|-damage|p1a: Seviper|168/287|[from] item: Life Orb\n|move|p2a: Garganacl|Recover|p2a: Garganacl\n|-heal|p2a: Garganacl|100/100\n|\n|upkeep\n|turn|25\n|inactive|Time left: 300 sec this turn | 300 sec total\n|\n|t:|1783550353\n|move|p1a: Seviper|Gunk Shot|p2a: Garganacl\n|-damage|p2a: Garganacl|47/100\n|-damage|p1a: Seviper|140/287|[from] item: Life Orb\n|move|p2a: Garganacl|Earthquake|p1a: Seviper\n|-supereffective|p1a: Seviper\n|-damage|p1a: Seviper|0 fnt\n|faint|p1a: Seviper\n|\n|upkeep\n|inactive|Time left: 300 sec this turn | 300 sec total | 5 sec grace\n|\n|t:|1783550354\n|switch|p1a: Grumpig|Grumpig, L92, F|297/297\n|-damage|p1a: Grumpig|260/297|[from] Stealth Rock\n|turn|26\n|inactive|Time left: 300 sec this turn | 300 sec total\n|\n|t:|1783550356\n|move|p1a: Grumpig|Focus Blast|p2a: Garganacl\n|-damage|p2a: Garganacl|13/100\n|-unboost|p2a: Garganacl|spd|1\n|move|p2a: Garganacl|Recover|p2a: Garganacl\n|-heal|p2a: Garganacl|63/100\n|\n|upkeep\n|turn|27\n|inactive|Time left: 300 sec this turn | 300 sec total\n|\n|t:|1783550357\n|move|p1a: Grumpig|Focus Blast|p2a: Garganacl\n|-damage|p2a: Garganacl|14/100\n|move|p2a: Garganacl|Salt Cure|p1a: Grumpig\n|-damage|p1a: Grumpig|215/297\n|-start|p1a: Grumpig|Salt Cure\n|\n|-damage|p1a: Grumpig|178/297|[from] Salt Cure\n|upkeep\n|turn|28\n|inactive|Time left: 300 sec this turn | 300 sec total\n|\n|t:|1783550358\n|move|p1a: Grumpig|Focus Blast|p2a: Garganacl\n|-crit|p2a: Garganacl\n|-damage|p2a: Garganacl|0 fnt\n|faint|p2a: Garganacl\n|\n|win|p0x96406f6", "uploadtime": 1783550358, "views": 0, "rating": 0, "private": 0, "password": null, "_winner": "p0x96406f6", "_our_name": "p0x96406f6"}