{"id": "battle-gen9randombattle-1587", "formatid": "gen9randombattle", "format": "[Gen 9] Random Battle", "players": ["p0x15877e26", "p0y1587c514"], "log": "|init|battle\n|title|p0x15877e26 vs. p0y1587c514\n|j|\u2606p0x15877e26\n|j|\u2606p0y1587c514\n|t:|1783557586\n|gametype|singles\n|player|p1|p0x15877e26|101|\n|player|p2|p0y1587c514|266|\n|gen|9\n|tier|[Gen 9] Random Battle\n|rule|Species Clause: Limit one of each Pok\u00e9mon\n|rule|HP Percentage Mod: HP is shown in percentages\n|rule|Sleep Clause Mod: Limit one foe put to sleep\n|rule|Illusion Level Mod: Illusion disguises the Pok\u00e9mon's true level\n|\n|t:|1783557586\n|teamsize|p1|6\n|teamsize|p2|6\n|start\n|switch|p1a: Vikavolt|Vikavolt, L83, M|263/263\n|switch|p2a: Camerupt|Camerupt, L91, F|100/100\n|turn|1\n|inactive|Battle timer is ON: inactive players will automatically lose when time's up. (requested by p0y1587c514)\n|inactive|Time left: 300 sec this turn | 300 sec total | 60 sec grace\n|inactive|p0x15877e26 also wants the timer to be on.\n|\n|t:|1783557588\n|-terastallize|p1a: Vikavolt|Electric\n|move|p2a: Camerupt|Overheat|p1a: Vikavolt\n|-damage|p1a: Vikavolt|77/263\n|-unboost|p2a: Camerupt|spa|2\n|move|p1a: Vikavolt|Sticky Web|p2a: Camerupt\n|-sidestart|p2: p0y1587c514|move: Sticky Web\n|\n|upkeep\n|turn|2\n|inactive|Time left: 300 sec this turn | 300 sec total\n|\n|t:|1783557589\n|move|p2a: Camerupt|Overheat|p1a: Vikavolt\n|-damage|p1a: Vikavolt|0 fnt\n|-unboost|p2a: Camerupt|spa|2\n|faint|p1a: Vikavolt\n|\n|upkeep\n|inactive|Time left: 300 sec this turn | 300 sec total | 5 sec grace\n|\n|t:|1783557590\n|switch|p1a: Bisharp|Bisharp, L79, F|232/232\n|turn|3\n|inactive|Time left: 300 sec this turn | 300 sec total\n|\n|t:|1783557592\n|switch|p2a: Noctowl|Noctowl, L95, M|100/100\n|move|p1a: Bisharp|Swords Dance|p1a: Bisharp\n|-boost|p1a: Bisharp|atk|2\n|\n|upkeep\n|turn|4\n|inactive|Time left: 300 sec this turn | 300 sec total\n|\n|t:|1783557593\n|move|p2a: Noctowl|Hurricane|p1a: Bisharp\n|-resisted|p1a: Bisharp\n|-damage|p1a: Bisharp|122/232\n|move|p1a: Bisharp|Throat Chop|p2a: Noctowl\n|-damage|p2a: Noctowl|25/100\n|-start|p2a: Noctowl|Throat Chop|[silent]\n|\n|upkeep\n|turn|5\n|inactive|Time left: 300 sec this turn | 300 sec total\n|\n|t:|1783557594\n|move|p2a: Noctowl|Hurricane|p1a: Bisharp\n|-resisted|p1a: Bisharp\n|-damage|p1a: Bisharp|14/232\n|move|p1a: Bisharp|Iron Head|p2a: Noctowl\n|-damage|p2a: Noctowl|0 fnt\n|faint|p2a: Noctowl\n|\n|upkeep\n|\n|t:|1783557595\n|switch|p2a: Zapdos|Zapdos, L78|100/100\n|turn|6\n|inactive|Time left: 300 sec this turn | 300 sec total\n|\n|t:|1783557596\n|move|p1a: Bisharp|Sucker Punch|p2a: Zapdos\n|-damage|p2a: Zapdos|31/100\n|move|p2a: Zapdos|Heat Wave|p1a: Bisharp\n|-supereffective|p1a: Bisharp\n|-damage|p1a: Bisharp|0 fnt\n|faint|p1a: Bisharp\n|\n|upkeep\n|inactive|Time left: 300 sec this turn | 300 sec total | 5 sec grace\n|\n|t:|1783557597\n|switch|p1a: Iron Valiant|Iron Valiant, L78|244/244\n|turn|7\n|inactive|Time left: 300 sec this turn | 300 sec total\n|\n|t:|1783557598\n|switch|p2a: Uxie|Uxie, L83|100/100\n|move|p1a: Iron Valiant|Knock Off|p2a: Uxie\n|-supereffective|p2a: Uxie\n|-damage|p2a: Uxie|47/100\n|-enditem|p2a: Uxie|Leftovers|[from] move: Knock Off|[of] p1a: Iron Valiant\n|-damage|p1a: Iron Valiant|220/244|[from] item: Life Orb\n|\n|upkeep\n|turn|8\n|inactive|Time left: 300 sec this turn | 300 sec total\n|\n|t:|1783557599\n|move|p1a: Iron Valiant|Moonblast|p2a: Uxie\n|-damage|p2a: Uxie|9/100\n|-damage|p1a: Iron Valiant|196/244|[from] item: Life Orb\n|move|p2a: Uxie|Psychic Noise|p1a: Iron Valiant\n|-supereffective|p1a: Iron Valiant\n|-damage|p1a: Iron Valiant|14/244\n|-start|p1a: Iron Valiant|move: Heal Block\n|\n|upkeep\n|turn|9\n|inactive|Time left: 300 sec this turn | 300 sec total\n|\n|t:|1783557601\n|move|p1a: Iron Valiant|Knock Off|p2a: Uxie\n|-supereffective|p2a: Uxie\n|-damage|p2a: Uxie|0 fnt\n|faint|p2a: Uxie\n|-damage|p1a: Iron Valiant|0 fnt|[from] item: Life Orb\n|faint|p1a: Iron Valiant\n|-end|p1a: Iron Valiant|Quark Drive|[silent]\n|\n|upkeep\n|inactive|Time left: 300 sec this turn | 300 sec total | 5 sec grace\n|\n|t:|1783557602\n|switch|p1a: Maushold|Maushold-Four, L76|238/238\n|switch|p2a: Zapdos|Zapdos, L78|31/100\n|turn|10\n|inactive|Time left: 300 sec this turn | 300 sec total\n|\n|t:|1783557603\n|move|p1a: Maushold|Population Bomb|p2a: Zapdos\n|-damage|p2a: Zapdos|22/100\n|-damage|p2a: Zapdos|13/100\n|-damage|p2a: Zapdos|3/100\n|-damage|p2a: Zapdos|0 fnt\n|faint|p2a: Zapdos\n|-hitcount|p2: Zapdos|4\n|\n|upkeep\n|\n|t:|1783557604\n|switch|p2a: Cacturne|Cacturne, L92, F|100/100\n|-activate|p2a: Cacturne|move: Sticky Web\n|-unboost|p2a: Cacturne|spe|1\n|turn|11\n|inactive|Time left: 300 sec this turn | 300 sec total\n|\n|t:|1783557605\n|move|p1a: Maushold|Population Bomb|p2a: Cacturne\n|-damage|p2a: Cacturne|92/100\n|-damage|p2a: Cacturne|82/100\n|-damage|p2a: Cacturne|72/100\n|-damage|p2a: Cacturne|62/100\n|-damage|p2a: Cacturne|52/100\n|-damage|p2a: Cacturne|43/100\n|-damage|p2a: Cacturne|33/100\n|-damage|p2a: Cacturne|22/100\n|-damage|p2a: Cacturne|13/100\n|-damage|p2a: Cacturne|3/100\n|-hitcount|p2a: Cacturne|10\n|move|p2a: Cacturne|Knock Off|p1a: Maushold\n|-damage|p1a: Maushold|0 fnt\n|-enditem|p1a: Maushold|Wide Lens|[from] move: Knock Off|[of] p2a: Cacturne\n|faint|p1a: Maushold\n|-damage|p2a: Cacturne|0 fnt|[from] item: Life Orb\n|faint|p2a: Cacturne\n|\n|upkeep\n|inactive|Time left: 300 sec this turn | 300 sec total | 5 sec grace\n|\n|t:|1783557606\n|switch|p1a: Tentacruel|Tentacruel, L84, M|272/272\n|switch|p2a: Minun|Minun, L95, F|100/100\n|-activate|p2a: Minun|move: Sticky Web\n|-unboost|p2a: Minun|spe|1\n|turn|12\n|inactive|Time left: 300 sec this turn | 300 sec total\n|\n|t:|1783557607\n|move|p1a: Tentacruel|Sludge Bomb|p2a: Minun\n|-damage|p2a: Minun|72/100\n|-status|p2a: Minun|psn\n|move|p2a: Minun|Nasty Plot|p2a: Minun\n|-boost|p2a: Minun|spa|2\n|\n|-damage|p2a: Minun|60/100 psn|[from] psn\n|upkeep\n|turn|13\n|inactive|Time left: 300 sec this turn | 300 sec total\n|\n|t:|1783557608\n|move|p1a: Tentacruel|Haze|p1a: Tentacruel\n|-clearallboost\n|move|p2a: Minun|Thunderbolt|p1a: Tentacruel\n|-supereffective|p1a: Tentacruel\n|-damage|p1a: Tentacruel|69/272\n|-damage|p2a: Minun|50/100 psn|[from] item: Life Orb\n|\n|-heal|p1a: Tentacruel|86/272|[from] item: Leftovers\n|-damage|p2a: Minun|38/100 psn|[from] psn\n|upkeep\n|turn|14\n|inactive|Time left: 300 sec this turn | 300 sec total\n|\n|t:|1783557609\n|switch|p1a: Magcargo|Magcargo, L95, F|268/268\n|move|p2a: Minun|Thunderbolt|p1a: Magcargo\n|-damage|p1a: Magcargo|151/268\n|-damage|p2a: Minun|28/100 psn|[from] item: Life Orb\n|\n|-damage|p2a: Minun|16/100 psn|[from] psn\n|upkeep\n|turn|15\n|inactive|Time left: 300 sec this turn | 300 sec total\n|\n|t:|1783557610\n|move|p2a: Minun|Thunderbolt|p1a: Magcargo\n|-damage|p1a: Magcargo|17/268\n|-damage|p2a: Minun|6/100 psn|[from] item: Life Orb\n|move|p1a: Magcargo|Lava Plume|p2a: Minun\n|-damage|p2a: Minun|0 fnt\n|faint|p2a: Minun\n|\n|upkeep\n|\n|t:|1783557611\n|switch|p2a: Camerupt|Camerupt, L91, F|100/100\n|-activate|p2a: Camerupt|move: Sticky Web\n|-unboost|p2a: Camerupt|spe|1\n|turn|16\n|inactive|Time left: 300 sec this turn | 300 sec total\n|\n|t:|1783557612\n|-terastallize|p2a: Camerupt|Water\n|move|p1a: Magcargo|Lava Plume|p2a: Camerupt\n|-resisted|p2a: Camerupt\n|-damage|p2a: Camerupt|81/100\n|-status|p2a: Camerupt|brn\n|move|p2a: Camerupt|Earthquake|p1a: Magcargo\n|-supereffective|p1a: Magcargo\n|-damage|p1a: Magcargo|0 fnt\n|faint|p1a: Magcargo\n|\n|-heal|p2a: Camerupt|87/100 brn|[from] item: Leftovers\n|-damage|p2a: Camerupt|81/100 brn|[from] brn\n|upkeep\n|inactive|Time left: 300 sec this turn | 300 sec total | 5 sec grace\n|\n|t:|1783557613\n|switch|p1a: Tentacruel|Tentacruel, L84, M|86/272\n|turn|17\n|inactive|Time left: 300 sec this turn | 300 sec total\n|\n|t:|1783557614\n|move|p1a: Tentacruel|Surf|p2a: Camerupt\n|-resisted|p2a: Camerupt\n|-damage|p2a: Camerupt|66/100 brn\n|move|p2a: Camerupt|Earthquake|p1a: Tentacruel\n|-supereffective|p1a: Tentacruel\n|-damage|p1a: Tentacruel|0 fnt\n|faint|p1a: Tentacruel\n|\n|win|p0y1587c514", "uploadtime": 1783557614, "views": 0, "rating": 0, "private": 0, "password": null, "_winner": "p0y1587c514", "_our_name": "p0x15877e26"}