{"id": "battle-gen9randombattle-1287", "formatid": "gen9randombattle", "format": "[Gen 9] Random Battle", "players": ["p0x1287f97f", "p0y12874ef4"], "log": "|init|battle\n|title|p0x1287f97f vs. p0y12874ef4\n|j|\u2606p0x1287f97f\n|j|\u2606p0y12874ef4\n|t:|1783554060\n|gametype|singles\n|player|p1|p0x1287f97f|1|\n|player|p2|p0y12874ef4|101|\n|gen|9\n|tier|[Gen 9] Random Battle\n|rule|Species Clause: Limit one of each Pok\u00e9mon\n|rule|HP Percentage Mod: HP is shown in percentages\n|rule|Sleep Clause Mod: Limit one foe put to sleep\n|rule|Illusion Level Mod: Illusion disguises the Pok\u00e9mon's true level\n|\n|t:|1783554060\n|teamsize|p1|6\n|teamsize|p2|6\n|start\n|switch|p1a: Espathra|Espathra, L80, F|283/283\n|switch|p2a: Urshifu|Urshifu-Rapid-Strike, L75, M|100/100\n|turn|1\n|inactive|Battle timer is ON: inactive players will automatically lose when time's up. (requested by p0x1287f97f)\n|inactive|p0y12874ef4 also wants the timer to be on.\n|\n|t:|1783554062\n|-terastallize|p2a: Urshifu|Water\n|move|p1a: Espathra|Calm Mind|p1a: Espathra\n|-boost|p1a: Espathra|spa|1\n|-boost|p1a: Espathra|spd|1\n|move|p2a: Urshifu|Surging Strikes|p1a: Espathra\n|-crit|p1a: Espathra\n|-damage|p1a: Espathra|175/283\n|-crit|p1a: Espathra\n|-damage|p1a: Espathra|61/283\n|-crit|p1a: Espathra\n|-damage|p1a: Espathra|0 fnt\n|faint|p1a: Espathra\n|-hitcount|p1: Espathra|3\n|\n|upkeep\n|inactive|Time left: 300 sec this turn | 300 sec total | 65 sec grace\n|\n|t:|1783554063\n|switch|p1a: Koraidon|Koraidon, L64|235/235\n|-weather|SunnyDay|[from] ability: Orichalcum Pulse|[of] p1a: Koraidon\n|-activate|p1a: Koraidon|Orichalcum Pulse|[source]\n|turn|2\n|inactive|Time left: 300 sec this turn | 300 sec total\n|\n|t:|1783554064\n|move|p1a: Koraidon|Outrage|p2a: Urshifu\n|-damage|p2a: Urshifu|28/100\n|move|p2a: Urshifu|Surging Strikes|p1a: Koraidon\n|-resisted|p1a: Koraidon\n|-crit|p1a: Koraidon\n|-damage|p1a: Koraidon|213/235\n|-resisted|p1a: Koraidon\n|-crit|p1a: Koraidon\n|-damage|p1a: Koraidon|189/235\n|-resisted|p1a: Koraidon\n|-crit|p1a: Koraidon\n|-damage|p1a: Koraidon|167/235\n|-hitcount|p1a: Koraidon|3\n|\n|-weather|SunnyDay|[upkeep]\n|upkeep\n|turn|3\n|inactive|Time left: 300 sec this turn | 300 sec total\n|\n|t:|1783554065\n|switch|p2a: Bronzong|Bronzong, L88|100/100\n|move|p1a: Koraidon|Outrage|p2a: Bronzong|[from] lockedmove\n|-resisted|p2a: Bronzong\n|-damage|p2a: Bronzong|73/100\n|\n|-weather|SunnyDay|[upkeep]\n|-heal|p2a: Bronzong|79/100|[from] item: Leftovers\n|upkeep\n|turn|4\n|inactive|Time left: 300 sec this turn | 300 sec total\n|\n|t:|1783554067\n|move|p1a: Koraidon|Outrage|p2a: Bronzong|[from] lockedmove\n|-resisted|p2a: Bronzong\n|-damage|p2a: Bronzong|52/100\n|-start|p1a: Koraidon|confusion|[fatigue]\n|move|p2a: Bronzong|Psychic|p1a: Koraidon\n|-supereffective|p1a: Koraidon\n|-damage|p1a: Koraidon|0 fnt\n|faint|p1a: Koraidon\n|\n|-weather|SunnyDay|[upkeep]\n|-heal|p2a: Bronzong|58/100|[from] item: Leftovers\n|upkeep\n|inactive|Time left: 300 sec this turn | 300 sec total | 5 sec grace\n|\n|t:|1783554068\n|switch|p1a: Weavile|Weavile, L79, F|240/240\n|turn|5\n|inactive|Time left: 300 sec this turn | 300 sec total\n|\n|t:|1783554069\n|switch|p2a: Stonjourner|Stonjourner, L91, F|100/100\n|move|p1a: Weavile|Knock Off|p2a: Stonjourner\n|-damage|p2a: Stonjourner|78/100\n|-enditem|p2a: Stonjourner|Life Orb|[from] move: Knock Off|[of] p1a: Weavile\n|\n|-weather|SunnyDay|[upkeep]\n|upkeep\n|turn|6\n|inactive|Time left: 300 sec this turn | 300 sec total\n|\n|t:|1783554070\n|switch|p1a: Rhyperior|Rhyperior, L82, M|323/323\n|move|p2a: Stonjourner|Heat Crash|p1a: Rhyperior\n|-resisted|p1a: Rhyperior\n|-damage|p1a: Rhyperior|299/323\n|\n|-weather|none\n|upkeep\n|turn|7\n|inactive|Time left: 300 sec this turn | 300 sec total\n|\n|t:|1783554071\n|switch|p2a: Bronzong|Bronzong, L88|58/100\n|move|p1a: Rhyperior|Earthquake|p2a: Bronzong\n|-immune|p2a: Bronzong|[from] ability: Levitate\n|\n|-heal|p2a: Bronzong|64/100|[from] item: Leftovers\n|upkeep\n|turn|8\n|inactive|Time left: 300 sec this turn | 300 sec total\n|\n|t:|1783554072\n|move|p1a: Rhyperior|Megahorn|p2a: Bronzong\n|-damage|p2a: Bronzong|31/100\n|move|p2a: Bronzong|Psychic|p1a: Rhyperior\n|-damage|p1a: Rhyperior|220/323\n|\n|-heal|p2a: Bronzong|37/100|[from] item: Leftovers\n|upkeep\n|turn|9\n|inactive|Time left: 300 sec this turn | 300 sec total\n|\n|t:|1783554073\n|move|p1a: Rhyperior|Megahorn|p2a: Bronzong\n|-damage|p2a: Bronzong|4/100\n|move|p2a: Bronzong|Psychic|p1a: Rhyperior\n|-damage|p1a: Rhyperior|136/323\n|\n|-heal|p2a: Bronzong|10/100|[from] item: Leftovers\n|upkeep\n|turn|10\n|inactive|Time left: 300 sec this turn | 300 sec total\n|\n|t:|1783554073\n|move|p1a: Rhyperior|Stone Edge|p2a: Bronzong\n|-resisted|p2a: Bronzong\n|-damage|p2a: Bronzong|0 fnt\n|faint|p2a: Bronzong\n|\n|upkeep\n|\n|t:|1783554074\n|switch|p2a: Urshifu|Urshifu-Rapid-Strike, L75, M, tera:Water|28/100\n|turn|11\n|inactive|Time left: 300 sec this turn | 300 sec total\n|\n|t:|1783554075\n|switch|p1a: Meganium|Meganium, L90, F|290/290\n|move|p2a: Urshifu|Surging Strikes|p1a: Meganium\n|-resisted|p1a: Meganium\n|-crit|p1a: Meganium\n|-damage|p1a: Meganium|252/290\n|-resisted|p1a: Meganium\n|-crit|p1a: Meganium\n|-damage|p1a: Meganium|219/290\n|-resisted|p1a: Meganium\n|-crit|p1a: Meganium\n|-damage|p1a: Meganium|186/290\n|-hitcount|p1a: Meganium|3\n|\n|-heal|p1a: Meganium|204/290|[from] item: Leftovers\n|upkeep\n|turn|12\n|inactive|Time left: 300 sec this turn | 300 sec total\n|\n|t:|1783554076\n|switch|p2a: Vespiquen|Vespiquen, L99, F|100/100\n|-ability|p2a: Vespiquen|Pressure\n|move|p1a: Meganium|Energy Ball|p2a: Vespiquen\n|-resisted|p2a: Vespiquen\n|-damage|p2a: Vespiquen|94/100\n|\n|-heal|p1a: Meganium|222/290|[from] item: Leftovers\n|upkeep\n|turn|13\n|inactive|Time left: 300 sec this turn | 300 sec total\n|\n|t:|1783554077\n|switch|p1a: Pincurchin|Pincurchin, F|258/258\n|-fieldstart|move: Electric Terrain|[from] ability: Electric Surge|[of] p1a: Pincurchin\n|move|p2a: Vespiquen|Air Slash|p1a: Pincurchin\n|-resisted|p1a: Pincurchin\n|-damage|p1a: Pincurchin|219/258\n|\n|-heal|p1a: Pincurchin|235/258|[from] item: Leftovers\n|upkeep\n|turn|14\n|inactive|Time left: 300 sec this turn | 300 sec total\n|\n|t:|1783554078\n|switch|p2a: Wo-Chien|Wo-Chien, L83|100/100\n|-ability|p2a: Wo-Chien|Tablets of Ruin\n|move|p1a: Pincurchin|Thunderbolt|p2a: Wo-Chien\n|-resisted|p2a: Wo-Chien\n|-damage|p2a: Wo-Chien|80/100\n|\n|-heal|p2a: Wo-Chien|86/100|[from] item: Leftovers\n|-heal|p1a: Pincurchin|251/258|[from] item: Leftovers\n|upkeep\n|turn|15\n|inactive|Time left: 300 sec this turn | 300 sec total\n|\n|t:|1783554079\n|move|p2a: Wo-Chien|Leech Seed|p1a: Pincurchin\n|-start|p1a: Pincurchin|move: Leech Seed\n|move|p1a: Pincurchin|Thunderbolt|p2a: Wo-Chien\n|-resisted|p2a: Wo-Chien\n|-damage|p2a: Wo-Chien|63/100\n|\n|-heal|p2a: Wo-Chien|69/100|[from] item: Leftovers\n|-heal|p1a: Pincurchin|258/258|[from] item: Leftovers\n|-damage|p1a: Pincurchin|226/258|[from] Leech Seed|[of] p2a: Wo-Chien\n|-heal|p2a: Wo-Chien|81/100|[silent]\n|upkeep\n|turn|16\n|inactive|Time left: 300 sec this turn | 300 sec total\n|\n|t:|1783554080\n|switch|p1a: Meganium|Meganium, L90, F|222/290\n|move|p2a: Wo-Chien|Knock Off|p1a: Meganium\n|-damage|p1a: Meganium|147/290\n|-enditem|p1a: Meganium|Leftovers|[from] move: Knock Off|[of] p2a: Wo-Chien\n|\n|-heal|p2a: Wo-Chien|87/100|[from] item: Leftovers\n|upkeep\n|turn|17\n|inactive|Time left: 300 sec this turn | 300 sec total\n|\n|t:|1783554081\n|move|p1a: Meganium|Synthesis|p1a: Meganium\n|-heal|p1a: Meganium|290/290\n|move|p2a: Wo-Chien|Knock Off|p1a: Meganium\n|-damage|p1a: Meganium|239/290\n|\n|-heal|p2a: Wo-Chien|93/100|[from] item: Leftovers\n|-fieldend|move: Electric Terrain\n|upkeep\n|turn|18\n|inactive|Time left: 300 sec this turn | 300 sec total\n|\n|t:|1783554083\n|move|p1a: Meganium|Knock Off|p2a: Wo-Chien\n|-resisted|p2a: Wo-Chien\n|-damage|p2a: Wo-Chien|84/100\n|-enditem|p2a: Wo-Chien|Leftovers|[from] move: Knock Off|[of] p1a: Meganium\n|move|p2a: Wo-Chien|Knock Off|p1a: Meganium\n|-damage|p1a: Meganium|190/290\n|\n|upkeep\n|turn|19\n|inactive|Time left: 300 sec this turn | 300 sec total\n|\n|t:|1783554084\n|move|p1a: Meganium|Synthesis|p1a: Meganium\n|-heal|p1a: Meganium|290/290\n|move|p2a: Wo-Chien|Knock Off|p1a: Meganium\n|-damage|p1a: Meganium|239/290\n|\n|upkeep\n|turn|20\n|inactive|Time left: 300 sec this turn | 300 sec total\n|\n|t:|1783554085\n|move|p1a: Meganium|Synthesis|p1a: Meganium\n|-heal|p1a: Meganium|290/290\n|move|p2a: Wo-Chien|Knock Off|p1a: Meganium\n|-damage|p1a: Meganium|238/290\n|\n|upkeep\n|turn|21\n|inactive|Time left: 300 sec this turn | 300 sec total\n|\n|t:|1783554086\n|move|p1a: Meganium|Energy Ball|p2a: Wo-Chien\n|-resisted|p2a: Wo-Chien\n|-damage|p2a: Wo-Chien|71/100\n|move|p2a: Wo-Chien|Knock Off|p1a: Meganium\n|-damage|p1a: Meganium|183/290\n|\n|upkeep\n|turn|22\n|inactive|Time left: 300 sec this turn | 300 sec total\n|\n|t:|1783554087\n|move|p1a: Meganium|Energy Ball|p2a: Wo-Chien\n|-resisted|p2a: Wo-Chien\n|-damage|p2a: Wo-Chien|57/100\n|move|p2a: Wo-Chien|Knock Off|p1a: Meganium\n|-damage|p1a: Meganium|126/290\n|\n|upkeep\n|turn|23\n|inactive|Time left: 300 sec this turn | 300 sec total\n|\n|t:|1783554088\n|move|p1a: Meganium|Synthesis|p1a: Meganium\n|-heal|p1a: Meganium|271/290\n|move|p2a: Wo-Chien|Knock Off|p1a: Meganium\n|-damage|p1a: Meganium|219/290\n|\n|upkeep\n|turn|24\n|inactive|Time left: 300 sec this turn | 300 sec total\n|\n|t:|1783554089\n|move|p1a: Meganium|Energy Ball|p2a: Wo-Chien\n|-resisted|p2a: Wo-Chien\n|-damage|p2a: Wo-Chien|45/100\n|move|p2a: Wo-Chien|Knock Off|p1a: Meganium\n|-damage|p1a: Meganium|161/290\n|\n|upkeep\n|turn|25\n|inactive|Time left: 300 sec this turn | 300 sec total\n|\n|t:|1783554090\n|move|p1a: Meganium|Synthesis|p1a: Meganium\n|-heal|p1a: Meganium|290/290\n|move|p2a: Wo-Chien|Knock Off|p1a: Meganium\n|-damage|p1a: Meganium|233/290\n|\n|upkeep\n|turn|26\n|inactive|Time left: 300 sec this turn | 300 sec total\n|\n|t:|1783554091\n|move|p1a: Meganium|Synthesis|p1a: Meganium\n|-heal|p1a: Meganium|290/290\n|move|p2a: Wo-Chien|Knock Off|p1a: Meganium\n|-damage|p1a: Meganium|236/290\n|\n|upkeep\n|turn|27\n|inactive|Time left: 300 sec this turn | 300 sec total\n|\n|t:|1783554092\n|move|p1a: Meganium|Energy Ball|p2a: Wo-Chien\n|-resisted|p2a: Wo-Chien\n|-damage|p2a: Wo-Chien|33/100\n|move|p2a: Wo-Chien|Knock Off|p1a: Meganium\n|-damage|p1a: Meganium|184/290\n|\n|upkeep\n|turn|28\n|inactive|Time left: 300 sec this turn | 300 sec total\n|\n|t:|1783554093\n|move|p1a: Meganium|Synthesis|p1a: Meganium\n|-heal|p1a: Meganium|290/290\n|move|p2a: Wo-Chien|Knock Off|p1a: Meganium\n|-damage|p1a: Meganium|233/290\n|\n|upkeep\n|turn|29\n|inactive|Time left: 300 sec this turn | 300 sec total\n|\n|t:|1783554095\n|move|p1a: Meganium|Synthesis|p1a: Meganium\n|-heal|p1a: Meganium|290/290\n|move|p2a: Wo-Chien|Knock Off|p1a: Meganium\n|-damage|p1a: Meganium|235/290\n|\n|upkeep\n|turn|30\n|inactive|Time left: 300 sec this turn | 300 sec total\n|\n|t:|1783554096\n|move|p1a: Meganium|Energy Ball|p2a: Wo-Chien\n|-resisted|p2a: Wo-Chien\n|-damage|p2a: Wo-Chien|20/100\n|move|p2a: Wo-Chien|Knock Off|p1a: Meganium\n|-damage|p1a: Meganium|180/290\n|\n|upkeep\n|turn|31\n|inactive|Time left: 300 sec this turn | 300 sec total\n|\n|t:|1783554097\n|move|p1a: Meganium|Energy Ball|p2a: Wo-Chien\n|-resisted|p2a: Wo-Chien\n|-damage|p2a: Wo-Chien|8/100\n|move|p2a: Wo-Chien|Knock Off|p1a: Meganium\n|-damage|p1a: Meganium|125/290\n|\n|upkeep\n|turn|32\n|inactive|Time left: 300 sec this turn | 300 sec total\n|\n|t:|1783554098\n|move|p1a: Meganium|Energy Ball|p2a: Wo-Chien\n|-resisted|p2a: Wo-Chien\n|-damage|p2a: Wo-Chien|0 fnt\n|faint|p2a: Wo-Chien\n|\n|upkeep\n|\n|t:|1783554099\n|switch|p2a: Vespiquen|Vespiquen, L99, F|94/100\n|-ability|p2a: Vespiquen|Pressure\n|turn|33\n|inactive|Time left: 300 sec this turn | 300 sec total\n|\n|t:|1783554100\n|switch|p1a: Pincurchin|Pincurchin, F|226/258\n|-fieldstart|move: Electric Terrain|[from] ability: Electric Surge|[of] p1a: Pincurchin\n|move|p2a: Vespiquen|U-turn|p1a: Pincurchin\n|-damage|p1a: Pincurchin|157/258\n|\n|t:|1783554101\n|switch|p2a: Urshifu|Urshifu-Rapid-Strike, L75, M, tera:Water|28/100|[from] U-turn\n|\n|-heal|p1a: Pincurchin|173/258|[from] item: Leftovers\n|upkeep\n|turn|34\n|inactive|Time left: 300 sec this turn | 300 sec total\n|\n|t:|1783554102\n|-terastallize|p1a: Pincurchin|Water\n|move|p2a: Urshifu|Close Combat|p1a: Pincurchin\n|-damage|p1a: Pincurchin|4/258\n|-unboost|p2a: Urshifu|def|1\n|-unboost|p2a: Urshifu|spd|1\n|move|p1a: Pincurchin|Recover|p1a: Pincurchin\n|-heal|p1a: Pincurchin|133/258\n|\n|-heal|p1a: Pincurchin|149/258|[from] item: Leftovers\n|upkeep\n|turn|35\n|inactive|Time left: 300 sec this turn | 300 sec total\n|\n|t:|1783554103\n|move|p2a: Urshifu|Close Combat|p1a: Pincurchin\n|-damage|p1a: Pincurchin|0 fnt\n|-unboost|p2a: Urshifu|def|1\n|-unboost|p2a: Urshifu|spd|1\n|faint|p1a: Pincurchin\n|\n|upkeep\n|inactive|Time left: 300 sec this turn | 300 sec total | 5 sec grace\n|\n|t:|1783554104\n|switch|p1a: Weavile|Weavile, L79, F|240/240\n|turn|36\n|inactive|Time left: 300 sec this turn | 300 sec total\n|\n|t:|1783554105\n|move|p1a: Weavile|Low Kick|p2a: Urshifu\n|-damage|p2a: Urshifu|0 fnt\n|faint|p2a: Urshifu\n|\n|upkeep\n|\n|t:|1783554106\n|switch|p2a: Vespiquen|Vespiquen, L99, F|94/100\n|-ability|p2a: Vespiquen|Pressure\n|turn|37\n|inactive|Time left: 300 sec this turn | 300 sec total\n|\n|t:|1783554107\n|move|p1a: Weavile|Triple Axel|p2a: Vespiquen\n|-supereffective|p2a: Vespiquen\n|-damage|p2a: Vespiquen|82/100\n|-supereffective|p2a: Vespiquen\n|-damage|p2a: Vespiquen|60/100\n|-supereffective|p2a: Vespiquen\n|-damage|p2a: Vespiquen|25/100\n|-hitcount|p2a: Vespiquen|3\n|move|p2a: Vespiquen|U-turn|p1a: Weavile\n|-supereffective|p1a: Weavile\n|-damage|p1a: Weavile|6/240\n|\n|t:|1783554108\n|switch|p2a: Luvdisc|Luvdisc, F|100/100|[from] U-turn\n|\n|-fieldend|move: Electric Terrain\n|upkeep\n|turn|38\n|inactive|Time left: 300 sec this turn | 300 sec total\n|\n|t:|1783554109\n|switch|p1a: Meganium|Meganium, L90, F|125/290\n|move|p2a: Luvdisc|Flip Turn|p1a: Meganium\n|-resisted|p1a: Meganium\n|-damage|p1a: Meganium|107/290\n|\n|t:|1783554110\n|switch|p2a: Vespiquen|Vespiquen, L99, F|25/100|[from] Flip Turn\n|-ability|p2a: Vespiquen|Pressure\n|\n|upkeep\n|turn|39\n|inactive|Time left: 300 sec this turn | 300 sec total\n|\n|t:|1783554111\n|move|p1a: Meganium|Knock Off|p2a: Vespiquen\n|-damage|p2a: Vespiquen|8/100\n|-enditem|p2a: Vespiquen|Heavy-Duty Boots|[from] move: Knock Off|[of] p1a: Meganium\n|move|p2a: Vespiquen|Roost|p2a: Vespiquen\n|-heal|p2a: Vespiquen|58/100\n|-singleturn|p2a: Vespiquen|move: Roost\n|\n|upkeep\n|turn|40\n|inactive|Time left: 300 sec this turn | 300 sec total\n|\n|t:|1783554112\n|move|p1a: Meganium|Encore|p2a: Vespiquen\n|-start|p2a: Vespiquen|Encore\n|move|p2a: Vespiquen|Roost|p2a: Vespiquen\n|-heal|p2a: Vespiquen|100/100\n|-singleturn|p2a: Vespiquen|move: Roost\n|\n|upkeep\n|turn|41\n|inactive|Time left: 300 sec this turn | 300 sec total\n|\n|t:|1783554113\n|move|p1a: Meganium|Energy Ball|p2a: Vespiquen\n|-resisted|p2a: Vespiquen\n|-damage|p2a: Vespiquen|94/100\n|move|p2a: Vespiquen|Roost|p2a: Vespiquen\n|-heal|p2a: Vespiquen|100/100\n|-singleturn|p2a: Vespiquen|move: Roost\n|\n|upkeep\n|turn|42\n|inactive|Time left: 300 sec this turn | 300 sec total\n|\n|t:|1783554114\n|move|p1a: Meganium|Energy Ball|p2a: Vespiquen\n|-resisted|p2a: Vespiquen\n|-damage|p2a: Vespiquen|94/100\n|move|p2a: Vespiquen|Roost|p2a: Vespiquen\n|-heal|p2a: Vespiquen|100/100\n|-singleturn|p2a: Vespiquen|move: Roost\n|\n|-end|p2a: Vespiquen|Encore\n|upkeep\n|turn|43\n|inactive|Time left: 300 sec this turn | 300 sec total\n|\n|t:|1783554115\n|move|p1a: Meganium|Encore|p2a: Vespiquen\n|-start|p2a: Vespiquen|Encore\n|move|p2a: Vespiquen|Roost||[still]\n|-fail|p2a: Vespiquen|heal\n|\n|upkeep\n|turn|44\n|inactive|Time left: 300 sec this turn | 300 sec total\n|\n|t:|1783554116\n|move|p1a: Meganium|Energy Ball|p2a: Vespiquen\n|-resisted|p2a: Vespiquen\n|-damage|p2a: Vespiquen|94/100\n|move|p2a: Vespiquen|Roost|p2a: Vespiquen\n|-heal|p2a: Vespiquen|100/100\n|-singleturn|p2a: Vespiquen|move: Roost\n|\n|upkeep\n|turn|45\n|inactive|Time left: 300 sec this turn | 300 sec total\n|\n|t:|1783554117\n|move|p1a: Meganium|Encore||[still]\n|-fail|p1a: Meganium\n|move|p2a: Vespiquen|Roost||[still]\n|-fail|p2a: Vespiquen|heal\n|\n|-end|p2a: Vespiquen|Encore\n|upkeep\n|turn|46\n|inactive|Time left: 300 sec this turn | 300 sec total\n|\n|t:|1783554118\n|switch|p2a: Luvdisc|Luvdisc, F|100/100\n|move|p1a: Meganium|Encore||[still]\n|-fail|p1a: Meganium\n|\n|upkeep\n|turn|47\n|inactive|Time left: 300 sec this turn | 300 sec total\n|\n|t:|1783554119\n|move|p2a: Luvdisc|Flip Turn|p1a: Meganium\n|-resisted|p1a: Meganium\n|-damage|p1a: Meganium|89/290\n|\n|t:|1783554120\n|switch|p2a: Vespiquen|Vespiquen, L99, F|100/100|[from] Flip Turn\n|-ability|p2a: Vespiquen|Pressure\n|move|p1a: Meganium|Energy Ball|p2a: Vespiquen\n|-resisted|p2a: Vespiquen\n|-damage|p2a: Vespiquen|91/100\n|\n|upkeep\n|turn|48\n|inactive|Time left: 300 sec this turn | 300 sec total\n|\n|t:|1783554121\n|switch|p1a: Weavile|Weavile, L79, F|6/240\n|move|p2a: Vespiquen|U-turn|p1a: Weavile\n|-supereffective|p1a: Weavile\n|-damage|p1a: Weavile|0 fnt\n|faint|p1a: Weavile\n|\n|t:|1783554122\n|switch|p2a: Luvdisc|Luvdisc, F|100/100|[from] U-turn\n|\n|upkeep\n|inactive|Time left: 300 sec this turn | 300 sec total | 10 sec grace\n|\n|t:|1783554123\n|switch|p1a: Meganium|Meganium, L90, F|89/290\n|turn|49\n|inactive|Time left: 300 sec this turn | 300 sec total\n|\n|t:|1783554124\n|move|p2a: Luvdisc|Surf|p1a: Meganium\n|-resisted|p1a: Meganium\n|-crit|p1a: Meganium\n|-damage|p1a: Meganium|43/290\n|move|p1a: Meganium|Knock Off|p2a: Luvdisc\n|-damage|p2a: Luvdisc|69/100\n|-enditem|p2a: Luvdisc|Heavy-Duty Boots|[from] move: Knock Off|[of] p1a: Meganium\n|\n|upkeep\n|turn|50\n|inactive|Time left: 300 sec this turn | 300 sec total\n|\n|t:|1783554126\n|move|p2a: Luvdisc|Surf|p1a: Meganium\n|-resisted|p1a: Meganium\n|-damage|p1a: Meganium|12/290\n|move|p1a: Meganium|Knock Off|p2a: Luvdisc\n|-damage|p2a: Luvdisc|48/100\n|\n|upkeep\n|turn|51\n|inactive|Time left: 300 sec this turn | 300 sec total\n|\n|t:|1783554127\n|move|p2a: Luvdisc|Surf|p1a: Meganium\n|-resisted|p1a: Meganium\n|-damage|p1a: Meganium|0 fnt\n|faint|p1a: Meganium\n|\n|upkeep\n|inactive|Time left: 300 sec this turn | 300 sec total | 5 sec grace\n|\n|t:|1783554128\n|switch|p1a: Rhyperior|Rhyperior, L82, M|136/323\n|turn|52\n|inactive|Time left: 300 sec this turn | 300 sec total\n|\n|t:|1783554129\n|move|p2a: Luvdisc|Surf|p1a: Rhyperior\n|-supereffective|p1a: Rhyperior\n|-damage|p1a: Rhyperior|0 fnt\n|faint|p1a: Rhyperior\n|\n|win|p0y12874ef4", "uploadtime": 1783554129, "views": 0, "rating": 0, "private": 0, "password": null, "_winner": "p0y12874ef4", "_our_name": "p0x1287f97f"}