{"id": "battle-gen9randombattle-106", "formatid": "gen9randombattle", "format": "[Gen 9] Random Battle", "players": ["p0x106e08d", "p0y106da5c"], "log": "|init|battle\n|title|p0x106e08d vs. p0y106da5c\n|j|\u2606p0x106e08d\n|j|\u2606p0y106da5c\n|t:|1783534493\n|gametype|singles\n|player|p1|p0x106e08d|266|\n|player|p2|p0y106da5c|170|\n|gen|9\n|tier|[Gen 9] Random Battle\n|rule|Species Clause: Limit one of each Pok\u00e9mon\n|rule|HP Percentage Mod: HP is shown in percentages\n|rule|Sleep Clause Mod: Limit one foe put to sleep\n|rule|Illusion Level Mod: Illusion disguises the Pok\u00e9mon's true level\n|\n|t:|1783534493\n|teamsize|p1|6\n|teamsize|p2|6\n|start\n|switch|p1a: Spidops|Spidops, L96, M|271/271\n|switch|p2a: Tornadus|Tornadus-Therian, L79, M|100/100\n|turn|1\n|inactive|Battle timer is ON: inactive players will automatically lose when time's up. (requested by p0x106e08d)\n|inactive|p0y106da5c also wants the timer to be on.\n|\n|t:|1783534495\n|move|p2a: Tornadus|Bleakwind Storm|p1a: Spidops\n|-supereffective|p1a: Spidops\n|-damage|p1a: Spidops|97/271\n|move|p1a: Spidops|Sticky Web|p2a: Tornadus\n|-sidestart|p2: p0y106da5c|move: Sticky Web\n|\n|upkeep\n|turn|2\n|inactive|Time left: 300 sec this turn | 300 sec total\n|\n|t:|1783534496\n|switch|p1a: Bellibolt|Bellibolt, L84, F|320/320\n|move|p2a: Tornadus|Bleakwind Storm|p1a: Bellibolt\n|-resisted|p1a: Bellibolt\n|-damage|p1a: Bellibolt|263/320\n|-unboost|p1a: Bellibolt|spe|1\n|-start|p1a: Bellibolt|Charge|Bleakwind Storm|[from] ability: Electromorphosis\n|\n|-heal|p1a: Bellibolt|283/320|[from] item: Leftovers\n|upkeep\n|turn|3\n|inactive|Time left: 300 sec this turn | 300 sec total\n|\n|t:|1783534497\n|switch|p2a: Lapras|Lapras, L87, F|100/100\n|move|p1a: Bellibolt|Thunderbolt|p2a: Lapras\n|-supereffective|p2a: Lapras\n|-damage|p2a: Lapras|9/100\n|-end|p1a: Bellibolt|Charge|[silent]\n|\n|-heal|p1a: Bellibolt|303/320|[from] item: Leftovers\n|upkeep\n|turn|4\n|inactive|Time left: 300 sec this turn | 300 sec total\n|\n|t:|1783534498\n|move|p2a: Lapras|Rest|p2a: Lapras\n|-status|p2a: Lapras|slp|[from] move: Rest\n|-heal|p2a: Lapras|100/100 slp|[silent]\n|move|p1a: Bellibolt|Thunderbolt|p2a: Lapras\n|-supereffective|p2a: Lapras\n|-damage|p2a: Lapras|52/100 slp\n|\n|-heal|p1a: Bellibolt|320/320|[from] item: Leftovers\n|upkeep\n|turn|5\n|inactive|Time left: 300 sec this turn | 300 sec total\n|\n|t:|1783534499\n|cant|p2a: Lapras|slp\n|move|p2a: Lapras|Sleep Talk|p2a: Lapras\n|move|p2a: Lapras|Freeze-Dry|p1a: Bellibolt|[from] move: Sleep Talk\n|-damage|p1a: Bellibolt|244/320\n|-start|p1a: Bellibolt|Charge|Freeze-Dry|[from] ability: Electromorphosis\n|move|p1a: Bellibolt|Volt Switch|p2a: Lapras\n|-supereffective|p2a: Lapras\n|-damage|p2a: Lapras|0 fnt\n|faint|p2a: Lapras\n|-end|p1a: Bellibolt|Charge|[silent]\n|inactive|Time left: 300 sec this turn | 300 sec total | 5 sec grace\n|\n|t:|1783534500\n|switch|p1a: Azumarill|Azumarill, L82, F|298/298|[from] Volt Switch\n|\n|upkeep\n|\n|t:|1783534502\n|switch|p2a: Feraligatr|Feraligatr, L79, F|100/100\n|-activate|p2a: Feraligatr|move: Sticky Web\n|-unboost|p2a: Feraligatr|spe|1\n|turn|6\n|inactive|Time left: 300 sec this turn | 300 sec total\n|\n|t:|1783534503\n|move|p1a: Azumarill|Play Rough|p2a: Feraligatr\n|-damage|p2a: Feraligatr|38/100\n|move|p2a: Feraligatr|Dragon Dance|p2a: Feraligatr\n|-boost|p2a: Feraligatr|atk|1\n|-boost|p2a: Feraligatr|spe|1\n|\n|upkeep\n|turn|7\n|inactive|Time left: 300 sec this turn | 300 sec total\n|\n|t:|1783534504\n|-terastallize|p2a: Feraligatr|Grass\n|move|p2a: Feraligatr|Trailblaze|p1a: Azumarill\n|-supereffective|p1a: Azumarill\n|-damage|p1a: Azumarill|30/298\n|move|p1a: Azumarill|Play Rough|p2a: Feraligatr|[miss]\n|-miss|p1a: Azumarill|p2a: Feraligatr\n|\n|upkeep\n|turn|8\n|inactive|Time left: 300 sec this turn | 300 sec total\n|\n|t:|1783534505\n|move|p2a: Feraligatr|Liquidation|p1a: Azumarill\n|-resisted|p1a: Azumarill\n|-damage|p1a: Azumarill|0 fnt\n|faint|p1a: Azumarill\n|\n|upkeep\n|inactive|Time left: 300 sec this turn | 300 sec total | 5 sec grace\n|\n|t:|1783534506\n|switch|p1a: Ogerpon|Ogerpon-Hearthflame, L74, F|239/239\n|-ability|p1a: Ogerpon|Mold Breaker\n|turn|9\n|inactive|Time left: 300 sec this turn | 300 sec total\n|\n|t:|1783534508\n|move|p1a: Ogerpon|Ivy Cudgel|p2a: Feraligatr|[anim] Ivy Cudgel Fire\n|-supereffective|p2a: Feraligatr\n|-damage|p2a: Feraligatr|0 fnt\n|faint|p2a: Feraligatr\n|\n|upkeep\n|\n|t:|1783534509\n|switch|p2a: Chi-Yu|Chi-Yu, L77|100/100\n|-activate|p2a: Chi-Yu|move: Sticky Web\n|-unboost|p2a: Chi-Yu|spe|1\n|-ability|p2a: Chi-Yu|Beads of Ruin\n|turn|10\n|inactive|Time left: 300 sec this turn | 300 sec total\n|\n|t:|1783534510\n|move|p1a: Ogerpon|Swords Dance|p1a: Ogerpon\n|-boost|p1a: Ogerpon|atk|2\n|move|p2a: Chi-Yu|Dark Pulse|p1a: Ogerpon\n|-damage|p1a: Ogerpon|56/239\n|\n|upkeep\n|turn|11\n|inactive|Time left: 300 sec this turn | 300 sec total\n|\n|t:|1783534511\n|move|p1a: Ogerpon|Stomping Tantrum|p2a: Chi-Yu\n|-supereffective|p2a: Chi-Yu\n|-damage|p2a: Chi-Yu|0 fnt\n|faint|p2a: Chi-Yu\n|\n|upkeep\n|\n|t:|1783534512\n|switch|p2a: Hitmonchan|Hitmonchan, L87, M|100/100\n|-activate|p2a: Hitmonchan|move: Sticky Web\n|-unboost|p2a: Hitmonchan|spe|1\n|turn|12\n|inactive|Time left: 300 sec this turn | 300 sec total\n|\n|t:|1783534513\n|move|p2a: Hitmonchan|Mach Punch|p1a: Ogerpon\n|-damage|p1a: Ogerpon|0 fnt\n|faint|p1a: Ogerpon\n|-damage|p2a: Hitmonchan|91/100|[from] item: Life Orb\n|\n|upkeep\n|inactive|Time left: 300 sec this turn | 300 sec total | 5 sec grace\n|\n|t:|1783534514\n|switch|p1a: Shaymin|Shaymin-Sky, L73|266/266\n|turn|13\n|inactive|Time left: 300 sec this turn | 300 sec total\n|\n|t:|1783534515\n|move|p1a: Shaymin|Air Slash|p2a: Hitmonchan\n|-supereffective|p2a: Hitmonchan\n|-damage|p2a: Hitmonchan|40/100\n|move|p2a: Hitmonchan|Knock Off|p1a: Shaymin\n|-damage|p1a: Shaymin|148/266\n|-enditem|p1a: Shaymin|Leftovers|[from] move: Knock Off|[of] p2a: Hitmonchan\n|-damage|p2a: Hitmonchan|31/100|[from] item: Life Orb\n|\n|upkeep\n|turn|14\n|inactive|Time left: 300 sec this turn | 300 sec total\n|\n|t:|1783534516\n|move|p1a: Shaymin|Air Slash|p2a: Hitmonchan\n|-supereffective|p2a: Hitmonchan\n|-damage|p2a: Hitmonchan|0 fnt\n|faint|p2a: Hitmonchan\n|\n|upkeep\n|\n|t:|1783534517\n|switch|p2a: Tornadus|Tornadus-Therian, L79, M|100/100\n|turn|15\n|inactive|Time left: 300 sec this turn | 300 sec total\n|\n|t:|1783534518\n|switch|p1a: Bellibolt|Bellibolt, L84, F|244/320\n|move|p2a: Tornadus|Nasty Plot|p2a: Tornadus\n|-boost|p2a: Tornadus|spa|2\n|\n|-heal|p1a: Bellibolt|264/320|[from] item: Leftovers\n|upkeep\n|turn|16\n|inactive|Time left: 300 sec this turn | 300 sec total\n|\n|t:|1783534520\n|move|p2a: Tornadus|Grass Knot|p1a: Bellibolt\n|-damage|p1a: Bellibolt|131/320\n|-start|p1a: Bellibolt|Charge|Grass Knot|[from] ability: Electromorphosis\n|move|p1a: Bellibolt|Thunderbolt|p2a: Tornadus\n|-supereffective|p2a: Tornadus\n|-damage|p2a: Tornadus|0 fnt\n|faint|p2a: Tornadus\n|-end|p1a: Bellibolt|Charge|[silent]\n|\n|-heal|p1a: Bellibolt|151/320|[from] item: Leftovers\n|upkeep\n|\n|t:|1783534521\n|switch|p2a: Gurdurr|Gurdurr, L85, M|100/100\n|-activate|p2a: Gurdurr|move: Sticky Web\n|-unboost|p2a: Gurdurr|spe|1\n|turn|17\n|inactive|Time left: 300 sec this turn | 300 sec total\n|\n|t:|1783534522\n|move|p1a: Bellibolt|Volt Switch|p2a: Gurdurr\n|-damage|p2a: Gurdurr|75/100\n|inactive|Time left: 300 sec this turn | 300 sec total | 5 sec grace\n|\n|t:|1783534523\n|switch|p1a: Shaymin|Shaymin-Sky, L73|148/266|[from] Volt Switch\n|move|p2a: Gurdurr|Bulk Up|p2a: Gurdurr\n|-boost|p2a: Gurdurr|atk|1\n|-boost|p2a: Gurdurr|def|1\n|\n|upkeep\n|turn|18\n|inactive|Time left: 300 sec this turn | 300 sec total\n|\n|t:|1783534524\n|move|p1a: Shaymin|Air Slash|p2a: Gurdurr\n|-supereffective|p2a: Gurdurr\n|-damage|p2a: Gurdurr|20/100\n|cant|p2a: Gurdurr|flinch\n|\n|upkeep\n|turn|19\n|inactive|Time left: 300 sec this turn | 300 sec total\n|\n|t:|1783534525\n|move|p2a: Gurdurr|Mach Punch|p1a: Shaymin\n|-resisted|p1a: Shaymin\n|-damage|p1a: Shaymin|106/266\n|move|p1a: Shaymin|Air Slash|p2a: Gurdurr\n|-supereffective|p2a: Gurdurr\n|-damage|p2a: Gurdurr|0 fnt\n|faint|p2a: Gurdurr\n|\n|win|p0x106e08d", "uploadtime": 1783534525, "views": 0, "rating": 0, "private": 0, "password": null, "_winner": "p0x106e08d", "_our_name": "p0x106e08d"}