{"id": "battle-gen9randombattle-2183", "formatid": "gen9randombattle", "format": "[Gen 9] Random Battle", "players": ["p0x2183881c", "p0y2183eb5a"], "log": "|init|battle\n|title|p0x2183881c vs. p0y2183eb5a\n|j|\u2606p0x2183881c\n|j|\u2606p0y2183eb5a\n|t:|1783564412\n|gametype|singles\n|player|p1|p0x2183881c|170|\n|player|p2|p0y2183eb5a|170|\n|gen|9\n|tier|[Gen 9] Random Battle\n|rule|Species Clause: Limit one of each Pok\u00e9mon\n|rule|HP Percentage Mod: HP is shown in percentages\n|rule|Sleep Clause Mod: Limit one foe put to sleep\n|rule|Illusion Level Mod: Illusion disguises the Pok\u00e9mon's true level\n|\n|t:|1783564412\n|teamsize|p1|6\n|teamsize|p2|6\n|start\n|switch|p1a: Lunala|Lunala, L70|308/308\n|switch|p2a: Houndstone|Houndstone, L86, F|100/100\n|turn|1\n|inactive|Battle timer is ON: inactive players will automatically lose when time's up. (requested by p0x2183881c)\n|inactive|p0y2183eb5a also wants the timer to be on.\n|\n|t:|1783564414\n|move|p1a: Lunala|Moongeist Beam|p2a: Houndstone\n|-supereffective|p2a: Houndstone\n|-damage|p2a: Houndstone|52/100\n|move|p2a: Houndstone|Poltergeist|p1a: Lunala\n|-activate|p1a: Lunala|move: Poltergeist|Leftovers\n|-supereffective|p1a: Lunala\n|-damage|p1a: Lunala|0 fnt\n|faint|p1a: Lunala\n|\n|upkeep\n|inactive|Time left: 300 sec this turn | 300 sec total | 65 sec grace\n|\n|t:|1783564415\n|switch|p1a: Iron Thorns|Iron Thorns, L83|302/302\n|-item|p1a: Iron Thorns|Air Balloon\n|turn|2\n|inactive|Time left: 300 sec this turn | 300 sec total\n|\n|t:|1783564416\n|move|p1a: Iron Thorns|Stone Edge|p2a: Houndstone\n|-damage|p2a: Houndstone|4/100\n|move|p2a: Houndstone|Body Press|p1a: Iron Thorns\n|-supereffective|p1a: Iron Thorns\n|-damage|p1a: Iron Thorns|192/302\n|-enditem|p1a: Iron Thorns|Air Balloon\n|\n|upkeep\n|turn|3\n|inactive|Time left: 300 sec this turn | 300 sec total\n|\n|t:|1783564417\n|switch|p2a: Lunala|Lunala, L70|100/100\n|move|p1a: Iron Thorns|Stealth Rock|p2a: Lunala\n|-sidestart|p2: p0y2183eb5a|move: Stealth Rock\n|\n|upkeep\n|turn|4\n|inactive|Time left: 300 sec this turn | 300 sec total\n|\n|t:|1783564418\n|-end|p1a: Iron Thorns|Quark Drive|[silent]\n|switch|p1a: Garchomp|Garchomp, L74, M|282/282\n|move|p2a: Lunala|Calm Mind|p2a: Lunala\n|-boost|p2a: Lunala|spa|1\n|-boost|p2a: Lunala|spd|1\n|\n|upkeep\n|turn|5\n|inactive|Time left: 300 sec this turn | 300 sec total\n|\n|t:|1783564420\n|move|p2a: Lunala|Moongeist Beam|p1a: Garchomp\n|-damage|p1a: Garchomp|98/282\n|move|p1a: Garchomp|Dragon Tail|p2a: Lunala\n|-damage|p2a: Lunala|89/100\n|drag|p2a: Houndstone|Houndstone, L86, F|4/100\n|-damage|p2a: Houndstone|0 fnt|[from] Stealth Rock\n|faint|p2a: Houndstone\n|\n|upkeep\n|\n|t:|1783564421\n|switch|p2a: Piloswine|Piloswine, L85, M|100/100\n|-damage|p2a: Piloswine|88/100|[from] Stealth Rock\n|turn|6\n|inactive|Time left: 300 sec this turn | 300 sec total\n|\n|t:|1783564422\n|move|p1a: Garchomp|Outrage|p2a: Piloswine\n|-damage|p2a: Piloswine|60/100\n|move|p2a: Piloswine|Earthquake|p1a: Garchomp\n|-damage|p1a: Garchomp|0 fnt\n|faint|p1a: Garchomp\n|\n|upkeep\n|inactive|Time left: 300 sec this turn | 300 sec total | 5 sec grace\n|\n|t:|1783564422\n|switch|p1a: Wugtrio|Wugtrio, L91, F|212/212\n|turn|7\n|inactive|Time left: 300 sec this turn | 300 sec total\n|\n|t:|1783564423\n|-terastallize|p2a: Piloswine|Dragon\n|move|p1a: Wugtrio|Liquidation|p2a: Piloswine\n|-resisted|p2a: Piloswine\n|-damage|p2a: Piloswine|43/100\n|move|p2a: Piloswine|Earthquake|p1a: Wugtrio\n|-damage|p1a: Wugtrio|56/212\n|\n|upkeep\n|turn|8\n|inactive|Time left: 300 sec this turn | 300 sec total\n|\n|t:|1783564424\n|move|p1a: Wugtrio|Liquidation|p2a: Piloswine\n|-resisted|p2a: Piloswine\n|-damage|p2a: Piloswine|25/100\n|move|p2a: Piloswine|Earthquake|p1a: Wugtrio\n|-damage|p1a: Wugtrio|0 fnt\n|faint|p1a: Wugtrio\n|\n|upkeep\n|inactive|Time left: 300 sec this turn | 300 sec total | 5 sec grace\n|\n|t:|1783564425\n|switch|p1a: Iron Thorns|Iron Thorns, L83|192/302\n|turn|9\n|inactive|Time left: 300 sec this turn | 300 sec total\n|\n|t:|1783564426\n|move|p1a: Iron Thorns|Stone Edge|p2a: Piloswine|[miss]\n|-miss|p1a: Iron Thorns|p2a: Piloswine\n|move|p2a: Piloswine|Earthquake|p1a: Iron Thorns\n|-supereffective|p1a: Iron Thorns\n|-damage|p1a: Iron Thorns|0 fnt\n|faint|p1a: Iron Thorns\n|-end|p1a: Iron Thorns|Quark Drive|[silent]\n|\n|upkeep\n|inactive|Time left: 300 sec this turn | 300 sec total | 5 sec grace\n|\n|t:|1783564427\n|switch|p1a: Raikou|Raikou, L81|278/278\n|-ability|p1a: Raikou|Pressure\n|turn|10\n|inactive|Time left: 300 sec this turn | 300 sec total\n|\n|t:|1783564428\n|move|p1a: Raikou|Scald|p2a: Piloswine\n|-resisted|p2a: Piloswine\n|-damage|p2a: Piloswine|16/100\n|move|p2a: Piloswine|Earthquake|p1a: Raikou\n|-supereffective|p1a: Raikou\n|-damage|p1a: Raikou|0 fnt\n|faint|p1a: Raikou\n|\n|upkeep\n|inactive|Time left: 300 sec this turn | 300 sec total | 5 sec grace\n|\n|t:|1783564429\n|switch|p1a: Luvdisc|Luvdisc, F|247/247\n|turn|11\n|inactive|Time left: 300 sec this turn | 300 sec total\n|\n|t:|1783564430\n|move|p1a: Luvdisc|Surf|p2a: Piloswine\n|-resisted|p2a: Piloswine\n|-damage|p2a: Piloswine|6/100\n|move|p2a: Piloswine|Earthquake|p1a: Luvdisc\n|-damage|p1a: Luvdisc|112/247\n|\n|upkeep\n|turn|12\n|inactive|Time left: 300 sec this turn | 300 sec total\n|\n|t:|1783564430\n|move|p1a: Luvdisc|Substitute|p1a: Luvdisc\n|-start|p1a: Luvdisc|Substitute\n|-damage|p1a: Luvdisc|51/247\n|move|p2a: Piloswine|Earthquake|p1a: Luvdisc\n|-end|p1a: Luvdisc|Substitute\n|\n|upkeep\n|turn|13\n|inactive|Time left: 300 sec this turn | 300 sec total\n|\n|t:|1783564431\n|move|p1a: Luvdisc|Surf|p2a: Piloswine\n|-resisted|p2a: Piloswine\n|-damage|p2a: Piloswine|0 fnt\n|faint|p2a: Piloswine\n|\n|upkeep\n|\n|t:|1783564432\n|switch|p2a: Lunala|Lunala, L70|89/100\n|-damage|p2a: Lunala|76/100|[from] Stealth Rock\n|turn|14\n|inactive|Time left: 300 sec this turn | 300 sec total\n|\n|t:|1783564433\n|move|p1a: Luvdisc|Surf|p2a: Lunala\n|-damage|p2a: Lunala|53/100\n|move|p2a: Lunala|Moongeist Beam|p1a: Luvdisc\n|-damage|p1a: Luvdisc|0 fnt\n|faint|p1a: Luvdisc\n|\n|win|p0y2183eb5a", "uploadtime": 1783564433, "views": 0, "rating": 0, "private": 0, "password": null, "_winner": "p0y2183eb5a", "_our_name": "p0x2183881c"}