{"id": "battle-gen9randombattle-125", "formatid": "gen9randombattle", "format": "[Gen 9] Random Battle", "players": ["p0x125bd6c", "p0y12515f3"], "log": "|init|battle\n|title|p0x125bd6c vs. p0y12515f3\n|j|\u2606p0x125bd6c\n|j|\u2606p0y12515f3\n|t:|1783534721\n|gametype|singles\n|player|p1|p0x125bd6c|266|\n|player|p2|p0y12515f3|1|\n|gen|9\n|tier|[Gen 9] Random Battle\n|rule|Species Clause: Limit one of each Pok\u00e9mon\n|rule|HP Percentage Mod: HP is shown in percentages\n|rule|Sleep Clause Mod: Limit one foe put to sleep\n|rule|Illusion Level Mod: Illusion disguises the Pok\u00e9mon's true level\n|\n|t:|1783534722\n|teamsize|p1|6\n|teamsize|p2|6\n|start\n|switch|p1a: Sneasler|Sneasler, L74, M|100/100\n|switch|p2a: Decidueye|Decidueye-Hisui, L87, M|295/295\n|turn|1\n|inactive|Battle timer is ON: inactive players will automatically lose when time's up. (requested by p0y12515f3)\n|inactive|p0x125bd6c also wants the timer to be on.\n|\n|t:|1783534723\n|switch|p2a: Sandaconda|Sandaconda, L84, F|258/258\n|move|p1a: Sneasler|Dire Claw|p2a: Sandaconda\n|-resisted|p2a: Sandaconda\n|-damage|p2a: Sandaconda|210/258\n|-status|p2a: Sandaconda|psn\n|\n|-heal|p2a: Sandaconda|226/258 psn|[from] item: Leftovers\n|-damage|p2a: Sandaconda|194/258 psn|[from] psn\n|upkeep\n|turn|2\n|inactive|Time left: 300 sec this turn | 300 sec total\n|\n|t:|1783534724\n|switch|p1a: Venusaur|Venusaur, L84, M|100/100\n|move|p2a: Sandaconda|Earthquake|p1a: Venusaur\n|-damage|p1a: Venusaur|59/100\n|\n|-heal|p1a: Venusaur|65/100|[from] item: Leftovers\n|-heal|p2a: Sandaconda|210/258 psn|[from] item: Leftovers\n|-damage|p2a: Sandaconda|178/258 psn|[from] psn\n|upkeep\n|turn|3\n|inactive|Time left: 300 sec this turn | 300 sec total\n|\n|t:|1783534726\n|move|p1a: Venusaur|Leech Seed|p2a: Sandaconda|[miss]\n|-miss|p1a: Venusaur|p2a: Sandaconda\n|move|p2a: Sandaconda|Earthquake|p1a: Venusaur\n|-damage|p1a: Venusaur|24/100\n|\n|-heal|p1a: Venusaur|30/100|[from] item: Leftovers\n|-heal|p2a: Sandaconda|194/258 psn|[from] item: Leftovers\n|-damage|p2a: Sandaconda|162/258 psn|[from] psn\n|upkeep\n|turn|4\n|inactive|Time left: 300 sec this turn | 300 sec total\n|\n|t:|1783534727\n|move|p1a: Venusaur|Leech Seed|p2a: Sandaconda\n|-start|p2a: Sandaconda|move: Leech Seed\n|move|p2a: Sandaconda|Earthquake|p1a: Venusaur\n|-damage|p1a: Venusaur|0 fnt\n|faint|p1a: Venusaur\n|\n|-activate|p2a: Sandaconda|ability: Shed Skin\n|-curestatus|p2a: Sandaconda|psn|[msg]\n|-heal|p2a: Sandaconda|178/258|[from] item: Leftovers\n|upkeep\n|\n|t:|1783534728\n|switch|p1a: Grumpig|Grumpig, L92, F|100/100\n|turn|5\n|inactive|Time left: 300 sec this turn | 300 sec total\n|\n|t:|1783534729\n|switch|p2a: Zarude|Zarude-Dada, L77|288/288\n|move|p1a: Grumpig|Nasty Plot|p1a: Grumpig\n|-boost|p1a: Grumpig|spa|2\n|\n|upkeep\n|turn|6\n|inactive|Time left: 300 sec this turn | 300 sec total\n|\n|t:|1783534731\n|-terastallize|p1a: Grumpig|Fighting\n|move|p2a: Zarude|Knock Off|p1a: Grumpig\n|-resisted|p1a: Grumpig\n|-damage|p1a: Grumpig|74/100\n|-enditem|p1a: Grumpig|Leftovers|[from] move: Knock Off|[of] p2a: Zarude\n|move|p1a: Grumpig|Focus Blast|p2a: Zarude|[miss]\n|-miss|p1a: Grumpig|p2a: Zarude\n|\n|upkeep\n|turn|7\n|inactive|Time left: 300 sec this turn | 300 sec total\n|\n|t:|1783534732\n|move|p2a: Zarude|Knock Off|p1a: Grumpig\n|-resisted|p1a: Grumpig\n|-damage|p1a: Grumpig|55/100\n|move|p1a: Grumpig|Focus Blast|p2a: Zarude|[miss]\n|-miss|p1a: Grumpig|p2a: Zarude\n|\n|upkeep\n|turn|8\n|inactive|Time left: 300 sec this turn | 300 sec total\n|\n|t:|1783534733\n|move|p2a: Zarude|Knock Off|p1a: Grumpig\n|-resisted|p1a: Grumpig\n|-damage|p1a: Grumpig|37/100\n|move|p1a: Grumpig|Focus Blast|p2a: Zarude|[miss]\n|-miss|p1a: Grumpig|p2a: Zarude\n|\n|upkeep\n|turn|9\n|inactive|Time left: 300 sec this turn | 300 sec total\n|\n|t:|1783534734\n|move|p2a: Zarude|Knock Off|p1a: Grumpig\n|-resisted|p1a: Grumpig\n|-damage|p1a: Grumpig|18/100\n|move|p1a: Grumpig|Focus Blast|p2a: Zarude\n|-supereffective|p2a: Zarude\n|-damage|p2a: Zarude|0 fnt\n|faint|p2a: Zarude\n|\n|upkeep\n|inactive|Time left: 300 sec this turn | 300 sec total | 5 sec grace\n|\n|t:|1783534736\n|switch|p2a: Fezandipiti|Fezandipiti, L82, M|278/278\n|turn|10\n|inactive|Time left: 300 sec this turn | 300 sec total\n|\n|t:|1783534737\n|move|p2a: Fezandipiti|Moonblast|p1a: Grumpig\n|-supereffective|p1a: Grumpig\n|-crit|p1a: Grumpig\n|-damage|p1a: Grumpig|0 fnt\n|faint|p1a: Grumpig\n|\n|upkeep\n|\n|t:|1783534738\n|switch|p1a: Rhyperior|Rhyperior, L82, F|100/100\n|turn|11\n|inactive|Time left: 300 sec this turn | 300 sec total\n|\n|t:|1783534739\n|move|p2a: Fezandipiti|U-turn|p1a: Rhyperior\n|-crit|p1a: Rhyperior\n|-damage|p1a: Rhyperior|84/100\n|-status|p1a: Rhyperior|tox|[from] ability: Toxic Chain|[of] p2a: Fezandipiti\n|inactive|Time left: 300 sec this turn | 300 sec total | 5 sec grace\n|\n|t:|1783534740\n|switch|p2a: Decidueye|Decidueye-Hisui, L87, M|295/295|[from] U-turn\n|move|p1a: Rhyperior|Earthquake|p2a: Decidueye\n|-resisted|p2a: Decidueye\n|-crit|p2a: Decidueye\n|-damage|p2a: Decidueye|199/295\n|\n|-heal|p2a: Decidueye|217/295|[from] item: Leftovers\n|-damage|p1a: Rhyperior|78/100 tox|[from] psn\n|upkeep\n|turn|12\n|inactive|Time left: 300 sec this turn | 300 sec total\n|\n|t:|1783534741\n|switch|p1a: Sneasler|Sneasler, L74, M|100/100\n|move|p2a: Decidueye|Leaf Blade|p1a: Sneasler\n|-resisted|p1a: Sneasler\n|-damage|p1a: Sneasler|65/100\n|\n|-heal|p2a: Decidueye|235/295|[from] item: Leftovers\n|upkeep\n|turn|13\n|inactive|Time left: 300 sec this turn | 300 sec total\n|\n|t:|1783534742\n|switch|p2a: Sandaconda|Sandaconda, L84, F|178/258\n|move|p1a: Sneasler|Dire Claw|p2a: Sandaconda\n|-resisted|p2a: Sandaconda\n|-damage|p2a: Sandaconda|132/258\n|-status|p2a: Sandaconda|slp\n|\n|-heal|p2a: Sandaconda|148/258 slp|[from] item: Leftovers\n|upkeep\n|turn|14\n|inactive|Time left: 300 sec this turn | 300 sec total\n|\n|t:|1783534743\n|move|p1a: Sneasler|Dire Claw|p2a: Sandaconda\n|-resisted|p2a: Sandaconda\n|-damage|p2a: Sandaconda|104/258 slp\n|cant|p2a: Sandaconda|slp\n|\n|-heal|p2a: Sandaconda|120/258 slp|[from] item: Leftovers\n|upkeep\n|turn|15\n|inactive|Time left: 300 sec this turn | 300 sec total\n|\n|t:|1783534745\n|move|p1a: Sneasler|Dire Claw|p2a: Sandaconda\n|-resisted|p2a: Sandaconda\n|-damage|p2a: Sandaconda|75/258 slp\n|cant|p2a: Sandaconda|slp\n|\n|-heal|p2a: Sandaconda|91/258 slp|[from] item: Leftovers\n|upkeep\n|turn|16\n|inactive|Time left: 300 sec this turn | 300 sec total\n|\n|t:|1783534746\n|move|p1a: Sneasler|Dire Claw|p2a: Sandaconda\n|-resisted|p2a: Sandaconda\n|-damage|p2a: Sandaconda|43/258 slp\n|cant|p2a: Sandaconda|slp\n|\n|-heal|p2a: Sandaconda|59/258 slp|[from] item: Leftovers\n|upkeep\n|turn|17\n|inactive|Time left: 300 sec this turn | 300 sec total\n|\n|t:|1783534747\n|move|p1a: Sneasler|Dire Claw|p2a: Sandaconda\n|-resisted|p2a: Sandaconda\n|-damage|p2a: Sandaconda|8/258 slp\n|-curestatus|p2a: Sandaconda|slp|[msg]\n|move|p2a: Sandaconda|Earthquake|p1a: Sneasler\n|-supereffective|p1a: Sneasler\n|-damage|p1a: Sneasler|0 fnt\n|faint|p1a: Sneasler\n|\n|-heal|p2a: Sandaconda|24/258|[from] item: Leftovers\n|upkeep\n|\n|t:|1783534747\n|switch|p1a: Furret|Furret, L94, F|100/100\n|-item|p2a: Sandaconda|Leftovers|[from] ability: Frisk|[of] p1a: Furret\n|turn|18\n|inactive|Time left: 300 sec this turn | 300 sec total\n|\n|t:|1783534748\n|move|p1a: Furret|Tidy Up|p1a: Furret\n|-boost|p1a: Furret|atk|1\n|-boost|p1a: Furret|spe|1\n|move|p2a: Sandaconda|Glare|p1a: Furret\n|-status|p1a: Furret|par\n|\n|-heal|p2a: Sandaconda|40/258|[from] item: Leftovers\n|upkeep\n|turn|19\n|inactive|Time left: 300 sec this turn | 300 sec total\n|\n|t:|1783534749\n|move|p1a: Furret|Tidy Up|p1a: Furret\n|-boost|p1a: Furret|atk|1\n|-boost|p1a: Furret|spe|1\n|move|p2a: Sandaconda|Earthquake|p1a: Furret\n|-damage|p1a: Furret|58/100 par\n|\n|-heal|p2a: Sandaconda|56/258|[from] item: Leftovers\n|upkeep\n|turn|20\n|inactive|Time left: 300 sec this turn | 300 sec total\n|\n|t:|1783534750\n|move|p1a: Furret|Knock Off|p2a: Sandaconda\n|-damage|p2a: Sandaconda|0 fnt\n|-enditem|p2a: Sandaconda|Leftovers|[from] move: Knock Off|[of] p1a: Furret\n|faint|p2a: Sandaconda\n|-damage|p1a: Furret|48/100 par|[from] item: Life Orb\n|\n|upkeep\n|inactive|Time left: 300 sec this turn | 300 sec total | 5 sec grace\n|\n|t:|1783534750\n|switch|p2a: Infernape|Infernape, L82, F|259/259\n|turn|21\n|inactive|Time left: 300 sec this turn | 300 sec total\n|\n|t:|1783534751\n|move|p2a: Infernape|Close Combat|p1a: Furret\n|-supereffective|p1a: Furret\n|-damage|p1a: Furret|0 fnt\n|-unboost|p2a: Infernape|def|1\n|-unboost|p2a: Infernape|spd|1\n|faint|p1a: Furret\n|-damage|p2a: Infernape|234/259|[from] item: Life Orb\n|\n|upkeep\n|\n|t:|1783534752\n|switch|p1a: Rhyperior|Rhyperior, L82, F|78/100 tox\n|turn|22\n|inactive|Time left: 300 sec this turn | 300 sec total\n|\n|t:|1783534752\n|switch|p2a: Decidueye|Decidueye-Hisui, L87, M|235/295\n|move|p1a: Rhyperior|Dragon Tail|p2a: Decidueye\n|-damage|p2a: Decidueye|181/295\n|drag|p2a: Fezandipiti|Fezandipiti, L82, M|278/278\n|\n|-damage|p1a: Rhyperior|72/100 tox|[from] psn\n|upkeep\n|turn|23\n|inactive|Time left: 300 sec this turn | 300 sec total\n|\n|t:|1783534753\n|move|p2a: Fezandipiti|U-turn|p1a: Rhyperior\n|-damage|p1a: Rhyperior|61/100 tox\n|inactive|Time left: 300 sec this turn | 300 sec total | 5 sec grace\n|\n|t:|1783534754\n|switch|p2a: Decidueye|Decidueye-Hisui, L87, M|181/295|[from] U-turn\n|move|p1a: Rhyperior|Dragon Tail|p2a: Decidueye\n|-crit|p2a: Decidueye\n|-damage|p2a: Decidueye|93/295\n|drag|p2a: Umbreon|Umbreon, L84, F|297/297\n|\n|-damage|p1a: Rhyperior|49/100 tox|[from] psn\n|upkeep\n|turn|24\n|inactive|Time left: 300 sec this turn | 300 sec total\n|\n|t:|1783534755\n|move|p2a: Umbreon|Foul Play|p1a: Rhyperior\n|-damage|p1a: Rhyperior|20/100 tox\n|move|p1a: Rhyperior|Earthquake|p2a: Umbreon\n|-crit|p2a: Umbreon\n|-damage|p2a: Umbreon|125/297\n|\n|-heal|p2a: Umbreon|143/297|[from] item: Leftovers\n|-damage|p1a: Rhyperior|1/100 tox|[from] psn\n|upkeep\n|turn|25\n|inactive|Time left: 300 sec this turn | 300 sec total\n|\n|t:|1783534755\n|move|p2a: Umbreon|Foul Play|p1a: Rhyperior\n|-damage|p1a: Rhyperior|0 fnt\n|faint|p1a: Rhyperior\n|\n|-heal|p2a: Umbreon|161/297|[from] item: Leftovers\n|upkeep\n|\n|t:|1783534756\n|switch|p1a: Lumineon|Lumineon, L93, F|100/100\n|turn|26\n|inactive|Time left: 300 sec this turn | 300 sec total\n|\n|t:|1783534757\n|switch|p2a: Fezandipiti|Fezandipiti, L82, M|278/278\n|move|p1a: Lumineon|Hydro Pump|p2a: Fezandipiti\n|-damage|p2a: Fezandipiti|168/278\n|-damage|p1a: Lumineon|91/100|[from] item: Life Orb\n|\n|-heal|p2a: Fezandipiti|185/278|[from] item: Leftovers\n|upkeep\n|turn|27\n|inactive|Time left: 300 sec this turn | 300 sec total\n|\n|t:|1783534758\n|move|p1a: Lumineon|Hydro Pump|p2a: Fezandipiti\n|-damage|p2a: Fezandipiti|71/278\n|-damage|p1a: Lumineon|81/100|[from] item: Life Orb\n|move|p2a: Fezandipiti|Gunk Shot|p1a: Lumineon\n|-damage|p1a: Lumineon|41/100\n|\n|-heal|p2a: Fezandipiti|88/278|[from] item: Leftovers\n|upkeep\n|turn|28\n|inactive|Time left: 300 sec this turn | 300 sec total\n|\n|t:|1783534759\n|-terastallize|p2a: Fezandipiti|Water\n|move|p1a: Lumineon|Hydro Pump|p2a: Fezandipiti\n|-resisted|p2a: Fezandipiti\n|-damage|p2a: Fezandipiti|35/278\n|-damage|p1a: Lumineon|31/100|[from] item: Life Orb\n|move|p2a: Fezandipiti|Moonblast|p1a: Lumineon\n|-damage|p1a: Lumineon|7/100\n|\n|-heal|p2a: Fezandipiti|52/278|[from] item: Leftovers\n|upkeep\n|turn|29\n|inactive|Time left: 300 sec this turn | 300 sec total\n|\n|t:|1783534760\n|move|p1a: Lumineon|Encore|p2a: Fezandipiti\n|-start|p2a: Fezandipiti|Encore\n|move|p2a: Fezandipiti|Moonblast|p1a: Lumineon\n|-damage|p1a: Lumineon|0 fnt\n|faint|p1a: Lumineon\n|\n|win|p0y12515f3", "uploadtime": 1783534760, "views": 0, "rating": 0, "private": 0, "password": null, "_winner": "p0y12515f3", "_our_name": "p0y12515f3"}