{"id": "battle-gen9randombattle-38", "formatid": "gen9randombattle", "format": "[Gen 9] Random Battle", "players": ["p0x038896c", "p0y038d38f"], "log": "|init|battle\n|title|p0x038896c vs. p0y038d38f\n|j|\u2606p0x038896c\n|j|\u2606p0y038d38f\n|t:|1783534235\n|gametype|singles\n|player|p1|p0x038896c|170|\n|player|p2|p0y038d38f|266|\n|gen|9\n|tier|[Gen 9] Random Battle\n|rule|Species Clause: Limit one of each Pok\u00e9mon\n|rule|HP Percentage Mod: HP is shown in percentages\n|rule|Sleep Clause Mod: Limit one foe put to sleep\n|rule|Illusion Level Mod: Illusion disguises the Pok\u00e9mon's true level\n|\n|t:|1783534235\n|teamsize|p1|6\n|teamsize|p2|6\n|start\n|switch|p1a: Klefki|Klefki, L84, F|233/233\n|switch|p2a: Roaring Moon|Roaring Moon, L72|100/100\n|turn|1\n|inactive|Battle timer is ON: inactive players will automatically lose when time's up. (requested by p0x038896c)\n|inactive|p0y038d38f also wants the timer to be on.\n|\n|t:|1783534237\n|move|p2a: Roaring Moon|U-turn|p1a: Klefki\n|-resisted|p1a: Klefki\n|-damage|p1a: Klefki|216/233\n|\n|t:|1783534238\n|-end|p2a: Roaring Moon|Protosynthesis|[silent]\n|switch|p2a: Torterra|Torterra, L78, F|100/100|[from] U-turn\n|move|p1a: Klefki|Dazzling Gleam|p2a: Torterra\n|-damage|p2a: Torterra|70/100\n|\n|-heal|p1a: Klefki|230/233|[from] item: Leftovers\n|upkeep\n|turn|2\n|inactive|Time left: 300 sec this turn | 300 sec total\n|\n|t:|1783534239\n|move|p1a: Klefki|Spikes|p2a: Torterra\n|-sidestart|p2: p0y038d38f|Spikes\n|move|p2a: Torterra|Headlong Rush|p1a: Klefki\n|-supereffective|p1a: Klefki\n|-damage|p1a: Klefki|0 fnt\n|-unboost|p2a: Torterra|def|1\n|-unboost|p2a: Torterra|spd|1\n|faint|p1a: Klefki\n|\n|upkeep\n|inactive|Time left: 300 sec this turn | 300 sec total | 5 sec grace\n|\n|t:|1783534240\n|switch|p1a: Glalie|Glalie, L96, M|309/309\n|turn|3\n|inactive|Time left: 300 sec this turn | 300 sec total\n|\n|t:|1783534241\n|switch|p2a: Kricketune|Kricketune, L99, F|100/100\n|move|p1a: Glalie|Freeze-Dry|p2a: Kricketune\n|-damage|p2a: Kricketune|67/100\n|\n|upkeep\n|turn|4\n|inactive|Time left: 300 sec this turn | 300 sec total\n|\n|t:|1783534242\n|move|p1a: Glalie|Taunt|p2a: Kricketune\n|-start|p2a: Kricketune|move: Taunt\n|cant|p2a: Kricketune|move: Taunt|Sticky Web\n|\n|upkeep\n|turn|5\n|inactive|Time left: 300 sec this turn | 300 sec total\n|\n|t:|1783534243\n|move|p1a: Glalie|Freeze-Dry|p2a: Kricketune\n|-damage|p2a: Kricketune|35/100\n|move|p2a: Kricketune|Pounce|p1a: Glalie\n|-damage|p1a: Glalie|218/309\n|-unboost|p1a: Glalie|spe|1\n|\n|upkeep\n|turn|6\n|inactive|Time left: 300 sec this turn | 300 sec total\n|\n|t:|1783534244\n|move|p2a: Kricketune|Pounce|p1a: Glalie\n|-damage|p1a: Glalie|127/309\n|-unboost|p1a: Glalie|spe|1\n|move|p1a: Glalie|Freeze-Dry|p2a: Kricketune\n|-damage|p2a: Kricketune|0 fnt\n|faint|p2a: Kricketune\n|\n|upkeep\n|\n|t:|1783534245\n|switch|p2a: Roaring Moon|Roaring Moon, L72|100/100\n|-damage|p2a: Roaring Moon|88/100|[from] Spikes\n|turn|7\n|inactive|Time left: 300 sec this turn | 300 sec total\n|\n|t:|1783534246\n|switch|p1a: Groudon|Groudon, L72|263/263\n|-weather|SunnyDay|[from] ability: Drought|[of] p1a: Groudon\n|-activate|p2a: Roaring Moon|ability: Protosynthesis\n|-start|p2a: Roaring Moon|protosynthesisatk\n|move|p2a: Roaring Moon|Outrage|p1a: Groudon\n|-damage|p1a: Groudon|70/263\n|\n|-weather|SunnyDay|[upkeep]\n|-heal|p1a: Groudon|86/263|[from] item: Leftovers\n|upkeep\n|turn|8\n|inactive|Time left: 300 sec this turn | 300 sec total\n|\n|t:|1783534247\n|switch|p1a: Metagross|Metagross, L79|256/256\n|move|p2a: Roaring Moon|Outrage|p1a: Metagross|[from] lockedmove\n|-resisted|p1a: Metagross\n|-crit|p1a: Metagross\n|-damage|p1a: Metagross|109/256\n|\n|-weather|SunnyDay|[upkeep]\n|upkeep\n|turn|9\n|inactive|Time left: 300 sec this turn | 300 sec total\n|\n|t:|1783534248\n|move|p2a: Roaring Moon|Outrage|p1a: Metagross|[from] lockedmove\n|-resisted|p1a: Metagross\n|-damage|p1a: Metagross|22/256\n|-start|p2a: Roaring Moon|confusion|[fatigue]\n|move|p1a: Metagross|Knock Off|p2a: Roaring Moon\n|-resisted|p2a: Roaring Moon\n|-damage|p2a: Roaring Moon|69/100\n|-enditem|p2a: Roaring Moon|Choice Band|[from] move: Knock Off|[of] p1a: Metagross\n|\n|-weather|SunnyDay|[upkeep]\n|upkeep\n|turn|10\n|inactive|Time left: 300 sec this turn | 300 sec total\n|\n|t:|1783534249\n|-activate|p2a: Roaring Moon|confusion\n|move|p2a: Roaring Moon|Outrage|p1a: Metagross\n|-resisted|p1a: Metagross\n|-damage|p1a: Metagross|0 fnt\n|faint|p1a: Metagross\n|\n|-weather|SunnyDay|[upkeep]\n|upkeep\n|inactive|Time left: 300 sec this turn | 300 sec total | 5 sec grace\n|\n|t:|1783534249\n|switch|p1a: Electivire|Electivire, L84, M|263/263\n|turn|11\n|inactive|Time left: 300 sec this turn | 300 sec total\n|\n|t:|1783534250\n|-end|p2a: Roaring Moon|confusion\n|move|p2a: Roaring Moon|Outrage|p1a: Electivire|[from] lockedmove\n|-crit|p1a: Electivire\n|-damage|p1a: Electivire|0 fnt\n|faint|p1a: Electivire\n|-start|p2a: Roaring Moon|confusion|[fatigue]\n|\n|-weather|none\n|-end|p2a: Roaring Moon|Protosynthesis\n|upkeep\n|inactive|Time left: 300 sec this turn | 300 sec total | 5 sec grace\n|\n|t:|1783534251\n|switch|p1a: Glalie|Glalie, L96, M|127/309\n|turn|12\n|inactive|Time left: 300 sec this turn | 300 sec total\n|\n|t:|1783534252\n|-terastallize|p2a: Roaring Moon|Dragon\n|-activate|p2a: Roaring Moon|confusion\n|move|p2a: Roaring Moon|Outrage|p1a: Glalie\n|-damage|p1a: Glalie|0 fnt\n|faint|p1a: Glalie\n|\n|upkeep\n|inactive|Time left: 300 sec this turn | 300 sec total | 5 sec grace\n|\n|t:|1783534253\n|switch|p1a: Hypno|Hypno, L95, F|315/315\n|turn|13\n|inactive|Time left: 300 sec this turn | 300 sec total\n|\n|t:|1783534254\n|-terastallize|p1a: Hypno|Fairy\n|-activate|p2a: Roaring Moon|confusion\n|move|p2a: Roaring Moon|Outrage|p1a: Hypno|[from] lockedmove\n|-immune|p1a: Hypno\n|move|p1a: Hypno|Psychic Noise|p2a: Roaring Moon\n|-damage|p2a: Roaring Moon|39/100\n|-start|p2a: Roaring Moon|move: Heal Block\n|\n|upkeep\n|turn|14\n|inactive|Time left: 300 sec this turn | 300 sec total\n|\n|t:|1783534255\n|-activate|p2a: Roaring Moon|confusion\n|-damage|p2a: Roaring Moon|25/100|[from] confusion\n|move|p1a: Hypno|Psychic Noise|p2a: Roaring Moon\n|-damage|p2a: Roaring Moon|0 fnt\n|faint|p2a: Roaring Moon\n|-end|p2a: Roaring Moon|Protosynthesis|[silent]\n|\n|upkeep\n|\n|t:|1783534256\n|switch|p2a: Florges|Florges, L85, F|100/100\n|-damage|p2a: Florges|88/100|[from] Spikes\n|turn|15\n|inactive|Time left: 300 sec this turn | 300 sec total\n|\n|t:|1783534257\n|move|p1a: Hypno|Knock Off|p2a: Florges\n|-resisted|p2a: Florges\n|-damage|p2a: Florges|73/100\n|-enditem|p2a: Florges|Leftovers|[from] move: Knock Off|[of] p1a: Hypno\n|move|p2a: Florges|Calm Mind|p2a: Florges\n|-boost|p2a: Florges|spa|1\n|-boost|p2a: Florges|spd|1\n|\n|upkeep\n|turn|16\n|inactive|Time left: 300 sec this turn | 300 sec total\n|\n|t:|1783534258\n|move|p1a: Hypno|Encore|p2a: Florges\n|-start|p2a: Florges|Encore\n|move|p2a: Florges|Calm Mind|p2a: Florges\n|-boost|p2a: Florges|spa|1\n|-boost|p2a: Florges|spd|1\n|\n|upkeep\n|turn|17\n|inactive|Time left: 300 sec this turn | 300 sec total\n|\n|t:|1783534259\n|move|p1a: Hypno|Psychic Noise|p2a: Florges\n|-damage|p2a: Florges|64/100\n|-start|p2a: Florges|move: Heal Block\n|move|p2a: Florges|Calm Mind|p2a: Florges\n|-boost|p2a: Florges|spa|1\n|-boost|p2a: Florges|spd|1\n|\n|upkeep\n|turn|18\n|inactive|Time left: 300 sec this turn | 300 sec total\n|\n|t:|1783534260\n|switch|p2a: Wigglytuff|Wigglytuff, L96, M|100/100\n|-damage|p2a: Wigglytuff|88/100|[from] Spikes\n|move|p1a: Hypno|Knock Off|p2a: Wigglytuff\n|-resisted|p2a: Wigglytuff\n|-damage|p2a: Wigglytuff|76/100\n|-enditem|p2a: Wigglytuff|Leftovers|[from] move: Knock Off|[of] p1a: Hypno\n|\n|upkeep\n|turn|19\n|inactive|Time left: 300 sec this turn | 300 sec total\n|\n|t:|1783534262\n|move|p2a: Wigglytuff|Protect|p2a: Wigglytuff\n|-singleturn|p2a: Wigglytuff|Protect\n|move|p1a: Hypno|Psychic Noise|p2a: Wigglytuff\n|-activate|p2a: Wigglytuff|move: Protect\n|\n|upkeep\n|turn|20\n|inactive|Time left: 300 sec this turn | 300 sec total\n|\n|t:|1783534263\n|move|p1a: Hypno|Psychic Noise|p2a: Wigglytuff\n|-damage|p2a: Wigglytuff|48/100\n|-start|p2a: Wigglytuff|move: Heal Block\n|move|p2a: Wigglytuff|Alluring Voice|p1a: Hypno\n|-damage|p1a: Hypno|239/315\n|\n|-heal|p1a: Hypno|258/315|[from] item: Leftovers\n|upkeep\n|turn|21\n|inactive|Time left: 300 sec this turn | 300 sec total\n|\n|t:|1783534264\n|move|p1a: Hypno|Psychic Noise|p2a: Wigglytuff\n|-damage|p2a: Wigglytuff|21/100\n|move|p2a: Wigglytuff|Knock Off|p1a: Hypno\n|-resisted|p1a: Hypno\n|-damage|p1a: Hypno|220/315\n|-enditem|p1a: Hypno|Leftovers|[from] move: Knock Off|[of] p2a: Wigglytuff\n|\n|-end|p2a: Wigglytuff|move: Heal Block\n|upkeep\n|turn|22\n|inactive|Time left: 300 sec this turn | 300 sec total\n|\n|t:|1783534265\n|move|p1a: Hypno|Psychic Noise|p2a: Wigglytuff\n|-damage|p2a: Wigglytuff|0 fnt\n|faint|p2a: Wigglytuff\n|\n|upkeep\n|\n|t:|1783534266\n|switch|p2a: Torterra|Torterra, L78, F|70/100\n|-damage|p2a: Torterra|58/100|[from] Spikes\n|turn|23\n|inactive|Time left: 300 sec this turn | 300 sec total\n|\n|t:|1783534267\n|move|p1a: Hypno|Psychic Noise|p2a: Torterra\n|-damage|p2a: Torterra|25/100\n|-start|p2a: Torterra|move: Heal Block\n|move|p2a: Torterra|Shell Smash|p2a: Torterra\n|-unboost|p2a: Torterra|def|1\n|-unboost|p2a: Torterra|spd|1\n|-boost|p2a: Torterra|atk|2\n|-boost|p2a: Torterra|spa|2\n|-boost|p2a: Torterra|spe|2\n|\n|upkeep\n|turn|24\n|inactive|Time left: 300 sec this turn | 300 sec total\n|\n|t:|1783534268\n|move|p2a: Torterra|Headlong Rush|p1a: Hypno\n|-damage|p1a: Hypno|0 fnt\n|-unboost|p2a: Torterra|def|1\n|-unboost|p2a: Torterra|spd|1\n|faint|p1a: Hypno\n|\n|-end|p2a: Torterra|move: Heal Block\n|upkeep\n|inactive|Time left: 300 sec this turn | 300 sec total | 5 sec grace\n|\n|t:|1783534269\n|switch|p1a: Groudon|Groudon, L72|86/263\n|-weather|SunnyDay|[from] ability: Drought|[of] p1a: Groudon\n|turn|25\n|inactive|Time left: 300 sec this turn | 300 sec total\n|\n|t:|1783534270\n|move|p2a: Torterra|Headlong Rush|p1a: Groudon\n|-damage|p1a: Groudon|0 fnt\n|-unboost|p2a: Torterra|def|1\n|-unboost|p2a: Torterra|spd|1\n|faint|p1a: Groudon\n|\n|win|p0y038d38f", "uploadtime": 1783534270, "views": 0, "rating": 0, "private": 0, "password": null, "_winner": "p0y038d38f", "_our_name": "p0x038896c"}