{"id": "battle-gen9randombattle-165", "formatid": "gen9randombattle", "format": "[Gen 9] Random Battle", "players": ["p0x165b085", "p0y165b2af"], "log": "|init|battle\n|title|p0x165b085 vs. p0y165b2af\n|j|\u2606p0x165b085\n|j|\u2606p0y165b2af\n|t:|1783541510\n|gametype|singles\n|player|p1|p0x165b085|2|\n|player|p2|p0y165b2af|101|\n|gen|9\n|tier|[Gen 9] Random Battle\n|rule|Species Clause: Limit one of each Pok\u00e9mon\n|rule|HP Percentage Mod: HP is shown in percentages\n|rule|Sleep Clause Mod: Limit one foe put to sleep\n|rule|Illusion Level Mod: Illusion disguises the Pok\u00e9mon's true level\n|\n|t:|1783541510\n|teamsize|p1|6\n|teamsize|p2|6\n|start\n|switch|p1a: Iron Boulder|Iron Boulder, L77|265/265\n|switch|p2a: Blastoise|Blastoise, L80, F|100/100\n|turn|1\n|inactive|Battle timer is ON: inactive players will automatically lose when time's up. (requested by p0y165b2af)\n|inactive|Time left: 300 sec this turn | 300 sec total | 60 sec grace\n|inactive|p0x165b085 also wants the timer to be on.\n|\n|t:|1783541511\n|move|p1a: Iron Boulder|Swords Dance|p1a: Iron Boulder\n|-boost|p1a: Iron Boulder|atk|2\n|move|p2a: Blastoise|Shell Smash|p2a: Blastoise\n|-unboost|p2a: Blastoise|def|1\n|-unboost|p2a: Blastoise|spd|1\n|-boost|p2a: Blastoise|atk|2\n|-boost|p2a: Blastoise|spa|2\n|-boost|p2a: Blastoise|spe|2\n|-enditem|p2a: Blastoise|White Herb\n|-clearnegativeboost|p2a: Blastoise|[silent]\n|\n|upkeep\n|turn|2\n|inactive|Time left: 300 sec this turn | 300 sec total\n|\n|t:|1783541512\n|switch|p2a: Lunala|Lunala, L70|100/100\n|-terastallize|p1a: Iron Boulder|Fighting\n|move|p1a: Iron Boulder|Close Combat|p2a: Lunala\n|-immune|p2a: Lunala\n|\n|upkeep\n|turn|3\n|inactive|Time left: 300 sec this turn | 300 sec total\n|\n|t:|1783541513\n|move|p1a: Iron Boulder|Mighty Cleave|p2a: Lunala\n|-damage|p2a: Lunala|53/100\n|-damage|p1a: Iron Boulder|239/265|[from] item: Life Orb\n|move|p2a: Lunala|Psyshock|p1a: Iron Boulder\n|-supereffective|p1a: Iron Boulder\n|-crit|p1a: Iron Boulder\n|-damage|p1a: Iron Boulder|0 fnt\n|faint|p1a: Iron Boulder\n|-end|p1a: Iron Boulder|Quark Drive|[silent]\n|\n|-heal|p2a: Lunala|59/100|[from] item: Leftovers\n|upkeep\n|inactive|Time left: 300 sec this turn | 300 sec total | 5 sec grace\n|\n|t:|1783541514\n|switch|p1a: Gurdurr|Gurdurr, L85, F|283/283\n|turn|4\n|inactive|Time left: 300 sec this turn | 300 sec total\n|\n|t:|1783541515\n|move|p2a: Lunala|Moonlight|p2a: Lunala\n|-heal|p2a: Lunala|100/100\n|move|p1a: Gurdurr|Knock Off|p2a: Lunala\n|-supereffective|p2a: Lunala\n|-damage|p2a: Lunala|41/100\n|-enditem|p2a: Lunala|Leftovers|[from] move: Knock Off|[of] p1a: Gurdurr\n|\n|upkeep\n|turn|5\n|inactive|Time left: 300 sec this turn | 300 sec total\n|\n|t:|1783541516\n|move|p2a: Lunala|Psyshock|p1a: Gurdurr\n|-supereffective|p1a: Gurdurr\n|-damage|p1a: Gurdurr|175/283\n|move|p1a: Gurdurr|Knock Off|p2a: Lunala\n|-supereffective|p2a: Lunala\n|-damage|p2a: Lunala|0 fnt\n|faint|p2a: Lunala\n|\n|upkeep\n|\n|t:|1783541517\n|switch|p2a: Golem|Golem-Alola, L93, M|100/100\n|turn|6\n|inactive|Time left: 300 sec this turn | 300 sec total\n|\n|t:|1783541517\n|switch|p1a: Exeggutor|Exeggutor-Alola, L89, M|314/314\n|move|p2a: Golem|Double-Edge|p1a: Exeggutor\n|-resisted|p1a: Exeggutor\n|-damage|p1a: Exeggutor|250/314\n|-damage|p2a: Golem|93/100|[from] Recoil\n|-damage|p2a: Golem|83/100|[from] item: Life Orb\n|\n|upkeep\n|turn|7\n|inactive|Time left: 300 sec this turn | 300 sec total\n|\n|t:|1783541519\n|move|p2a: Golem|Stone Edge|p1a: Exeggutor\n|-damage|p1a: Exeggutor|65/314\n|-enditem|p1a: Exeggutor|Sitrus Berry|[eat]\n|-heal|p1a: Exeggutor|143/314|[from] item: Sitrus Berry\n|-damage|p2a: Golem|73/100|[from] item: Life Orb\n|move|p1a: Exeggutor|Wood Hammer|p2a: Golem\n|-supereffective|p2a: Golem\n|-damage|p2a: Golem|9/100\n|-damage|p1a: Exeggutor|80/314|[from] Recoil\n|\n|upkeep\n|turn|8\n|inactive|Time left: 300 sec this turn | 300 sec total\n|\n|t:|1783541520\n|move|p2a: Golem|Stone Edge|p1a: Exeggutor\n|-crit|p1a: Exeggutor\n|-damage|p1a: Exeggutor|0 fnt\n|faint|p1a: Exeggutor\n|-damage|p2a: Golem|0 fnt|[from] item: Life Orb\n|faint|p2a: Golem\n|\n|upkeep\n|inactive|Time left: 300 sec this turn | 300 sec total | 5 sec grace\n|\n|t:|1783541521\n|switch|p2a: Blastoise|Blastoise, L80, F|100/100\n|switch|p1a: Bellossom|Bellossom, L84, M|263/263\n|turn|9\n|inactive|Time left: 300 sec this turn | 300 sec total\n|\n|t:|1783541522\n|move|p2a: Blastoise|Ice Beam|p1a: Bellossom\n|-supereffective|p1a: Bellossom\n|-damage|p1a: Bellossom|169/263\n|move|p1a: Bellossom|Quiver Dance|p1a: Bellossom\n|-boost|p1a: Bellossom|spa|1\n|-boost|p1a: Bellossom|spd|1\n|-boost|p1a: Bellossom|spe|1\n|\n|-heal|p1a: Bellossom|185/263|[from] item: Leftovers\n|upkeep\n|turn|10\n|inactive|Time left: 300 sec this turn | 300 sec total\n|\n|t:|1783541523\n|switch|p2a: Darkrai|Darkrai, L77|100/100\n|move|p1a: Bellossom|Quiver Dance|p1a: Bellossom\n|-boost|p1a: Bellossom|spa|1\n|-boost|p1a: Bellossom|spd|1\n|-boost|p1a: Bellossom|spe|1\n|\n|-heal|p1a: Bellossom|201/263|[from] item: Leftovers\n|upkeep\n|turn|11\n|inactive|Time left: 300 sec this turn | 300 sec total\n|\n|t:|1783541524\n|-terastallize|p2a: Darkrai|Poison\n|move|p1a: Bellossom|Giga Drain|p2a: Darkrai\n|-resisted|p2a: Darkrai\n|-damage|p2a: Darkrai|68/100\n|-heal|p1a: Bellossom|240/263|[from] drain|[of] p2a: Darkrai\n|move|p2a: Darkrai|Nasty Plot|p2a: Darkrai\n|-boost|p2a: Darkrai|spa|2\n|\n|-heal|p1a: Bellossom|256/263|[from] item: Leftovers\n|-heal|p2a: Darkrai|74/100|[from] item: Leftovers\n|upkeep\n|turn|12\n|inactive|Time left: 300 sec this turn | 300 sec total\n|\n|t:|1783541525\n|move|p1a: Bellossom|Moonblast|p2a: Darkrai\n|-resisted|p2a: Darkrai\n|-damage|p2a: Darkrai|45/100\n|-unboost|p2a: Darkrai|spa|1\n|move|p2a: Darkrai|Sludge Bomb|p1a: Bellossom\n|-supereffective|p1a: Bellossom\n|-damage|p1a: Bellossom|124/263\n|\n|-heal|p1a: Bellossom|140/263|[from] item: Leftovers\n|-heal|p2a: Darkrai|51/100|[from] item: Leftovers\n|upkeep\n|turn|13\n|inactive|Time left: 300 sec this turn | 300 sec total\n|\n|t:|1783541526\n|move|p1a: Bellossom|Giga Drain|p2a: Darkrai\n|-resisted|p2a: Darkrai\n|-damage|p2a: Darkrai|19/100\n|-heal|p1a: Bellossom|177/263|[from] drain|[of] p2a: Darkrai\n|move|p2a: Darkrai|Sludge Bomb|p1a: Bellossom\n|-supereffective|p1a: Bellossom\n|-damage|p1a: Bellossom|37/263\n|\n|-heal|p1a: Bellossom|53/263|[from] item: Leftovers\n|-heal|p2a: Darkrai|25/100|[from] item: Leftovers\n|upkeep\n|turn|14\n|inactive|Time left: 300 sec this turn | 300 sec total\n|\n|t:|1783541527\n|move|p1a: Bellossom|Giga Drain|p2a: Darkrai\n|-resisted|p2a: Darkrai\n|-damage|p2a: Darkrai|0 fnt\n|-heal|p1a: Bellossom|82/263|[from] drain|[of] p2a: Darkrai\n|faint|p2a: Darkrai\n|\n|-heal|p1a: Bellossom|98/263|[from] item: Leftovers\n|upkeep\n|\n|t:|1783541528\n|switch|p2a: Kilowattrel|Kilowattrel, L83, F|100/100\n|turn|15\n|inactive|Time left: 300 sec this turn | 300 sec total\n|\n|t:|1783541529\n|move|p1a: Bellossom|Strength Sap|p2a: Kilowattrel\n|-unboost|p2a: Kilowattrel|atk|1\n|-heal|p1a: Bellossom|262/263\n|move|p2a: Kilowattrel|Hurricane|p1a: Bellossom\n|-supereffective|p1a: Bellossom\n|-crit|p1a: Bellossom\n|-damage|p1a: Bellossom|0 fnt\n|faint|p1a: Bellossom\n|\n|upkeep\n|inactive|Time left: 300 sec this turn | 300 sec total | 5 sec grace\n|\n|t:|1783541530\n|switch|p1a: Snorlax|Snorlax, L82, M|397/397\n|turn|16\n|inactive|Time left: 300 sec this turn | 300 sec total\n|\n|t:|1783541531\n|move|p2a: Kilowattrel|U-turn|p1a: Snorlax\n|-damage|p1a: Snorlax|362/397\n|\n|t:|1783541532\n|switch|p2a: Iron Boulder|Iron Boulder, L77|100/100|[from] U-turn\n|-enditem|p2a: Iron Boulder|Booster Energy\n|-activate|p2a: Iron Boulder|ability: Quark Drive|[fromitem]\n|-start|p2a: Iron Boulder|quarkdrivespe\n|move|p1a: Snorlax|Body Slam|p2a: Iron Boulder\n|-resisted|p2a: Iron Boulder\n|-damage|p2a: Iron Boulder|78/100\n|\n|-heal|p1a: Snorlax|386/397|[from] item: Leftovers\n|upkeep\n|turn|17\n|inactive|Time left: 300 sec this turn | 300 sec total\n|\n|t:|1783541533\n|move|p2a: Iron Boulder|Swords Dance|p2a: Iron Boulder\n|-boost|p2a: Iron Boulder|atk|2\n|move|p1a: Snorlax|Body Slam|p2a: Iron Boulder\n|-resisted|p2a: Iron Boulder\n|-damage|p2a: Iron Boulder|58/100\n|-status|p2a: Iron Boulder|par\n|\n|-heal|p1a: Snorlax|397/397|[from] item: Leftovers\n|upkeep\n|turn|18\n|inactive|Time left: 300 sec this turn | 300 sec total\n|\n|t:|1783541534\n|switch|p1a: Gurdurr|Gurdurr, L85, F|175/283\n|cant|p2a: Iron Boulder|par\n|\n|upkeep\n|turn|19\n|inactive|Time left: 300 sec this turn | 300 sec total\n|\n|t:|1783541536\n|move|p1a: Gurdurr|Mach Punch|p2a: Iron Boulder\n|-damage|p2a: Iron Boulder|38/100 par\n|cant|p2a: Iron Boulder|par\n|\n|upkeep\n|turn|20\n|inactive|Time left: 300 sec this turn | 300 sec total\n|\n|t:|1783541537\n|move|p2a: Iron Boulder|Zen Headbutt|p1a: Gurdurr\n|-supereffective|p1a: Gurdurr\n|-damage|p1a: Gurdurr|0 fnt\n|faint|p1a: Gurdurr\n|\n|upkeep\n|inactive|Time left: 300 sec this turn | 300 sec total | 5 sec grace\n|\n|t:|1783541538\n|switch|p1a: Delibird|Delibird, M|252/252\n|turn|21\n|inactive|Time left: 300 sec this turn | 300 sec total\n|\n|t:|1783541539\n|move|p1a: Delibird|Ice Spinner|p2a: Iron Boulder|[miss]\n|-miss|p1a: Delibird|p2a: Iron Boulder\n|move|p2a: Iron Boulder|Mighty Cleave|p1a: Delibird\n|-supereffective|p1a: Delibird\n|-damage|p1a: Delibird|0 fnt\n|faint|p1a: Delibird\n|\n|upkeep\n|inactive|Time left: 300 sec this turn | 300 sec total | 5 sec grace\n|\n|t:|1783541540\n|switch|p1a: Snorlax|Snorlax, L82, M|397/397\n|turn|22\n|inactive|Time left: 300 sec this turn | 300 sec total\n|\n|t:|1783541541\n|move|p2a: Iron Boulder|Close Combat|p1a: Snorlax\n|-supereffective|p1a: Snorlax\n|-damage|p1a: Snorlax|0 fnt\n|-unboost|p2a: Iron Boulder|def|1\n|-unboost|p2a: Iron Boulder|spd|1\n|faint|p1a: Snorlax\n|\n|win|p0y165b2af", "uploadtime": 1783541541, "views": 0, "rating": 0, "private": 0, "password": null, "_winner": "p0y165b2af", "_our_name": "p0x165b085"}