{"id": "battle-gen9randombattle-559", "formatid": "gen9randombattle", "format": "[Gen 9] Random Battle", "players": ["p0x5591fdc", "p0y559a344"], "log": "|init|battle\n|title|p0x5591fdc vs. p0y559a344\n|j|\u2606p0x5591fdc\n|j|\u2606p0y559a344\n|t:|1783546257\n|gametype|singles\n|player|p1|p0x5591fdc|170|\n|player|p2|p0y559a344|169|\n|gen|9\n|tier|[Gen 9] Random Battle\n|rule|Species Clause: Limit one of each Pok\u00e9mon\n|rule|HP Percentage Mod: HP is shown in percentages\n|rule|Sleep Clause Mod: Limit one foe put to sleep\n|rule|Illusion Level Mod: Illusion disguises the Pok\u00e9mon's true level\n|\n|t:|1783546257\n|teamsize|p1|6\n|teamsize|p2|6\n|start\n|switch|p1a: Sawsbuck|Sawsbuck, L88, M|284/284\n|switch|p2a: Incineroar|Incineroar, L82, F|100/100\n|-ability|p2a: Incineroar|Intimidate|boost\n|-unboost|p1a: Sawsbuck|atk|1\n|turn|1\n|inactive|Battle timer is ON: inactive players will automatically lose when time's up. (requested by p0x5591fdc)\n|inactive|p0y559a344 also wants the timer to be on.\n|\n|t:|1783546259\n|switch|p1a: Heracross|Heracross, L80, M|259/259\n|move|p2a: Incineroar|Knock Off|p1a: Heracross\n|-resisted|p1a: Heracross\n|-damage|p1a: Heracross|190/259\n|-enditem|p1a: Heracross|Flame Orb|[from] move: Knock Off|[of] p2a: Incineroar\n|\n|upkeep\n|turn|2\n|inactive|Time left: 300 sec this turn | 300 sec total\n|\n|t:|1783546261\n|switch|p2a: Clefable|Clefable, L83, F|100/100\n|move|p1a: Heracross|Close Combat|p2a: Clefable\n|-resisted|p2a: Clefable\n|-damage|p2a: Clefable|71/100\n|-unboost|p1a: Heracross|def|1\n|-unboost|p1a: Heracross|spd|1\n|\n|-heal|p2a: Clefable|78/100|[from] item: Leftovers\n|upkeep\n|turn|3\n|inactive|Time left: 300 sec this turn | 300 sec total\n|\n|t:|1783546262\n|switch|p1a: Slowbro|Slowbro, L85, F|300/300\n|move|p2a: Clefable|Moonblast|p1a: Slowbro\n|-damage|p1a: Slowbro|236/300\n|\n|-heal|p2a: Clefable|84/100|[from] item: Leftovers\n|upkeep\n|turn|4\n|inactive|Time left: 300 sec this turn | 300 sec total\n|\n|t:|1783546263\n|move|p2a: Clefable|Stealth Rock|p1a: Slowbro\n|-sidestart|p1: p0x5591fdc|move: Stealth Rock\n|move|p1a: Slowbro|Scald|p2a: Clefable\n|-damage|p2a: Clefable|55/100\n|-status|p2a: Clefable|brn\n|\n|-heal|p2a: Clefable|61/100 brn|[from] item: Leftovers\n|-damage|p2a: Clefable|55/100 brn|[from] brn\n|upkeep\n|turn|5\n|inactive|Time left: 300 sec this turn | 300 sec total\n|\n|t:|1783546264\n|move|p2a: Clefable|Moonlight|p2a: Clefable\n|-heal|p2a: Clefable|100/100 brn\n|move|p1a: Slowbro|Psychic Noise|p2a: Clefable\n|-damage|p2a: Clefable|71/100 brn\n|-start|p2a: Clefable|move: Heal Block\n|\n|-damage|p2a: Clefable|65/100 brn|[from] brn\n|upkeep\n|turn|6\n|inactive|Time left: 300 sec this turn | 300 sec total\n|\n|t:|1783546266\n|move|p2a: Clefable|Moonblast|p1a: Slowbro\n|-crit|p1a: Slowbro\n|-damage|p1a: Slowbro|140/300\n|move|p1a: Slowbro|Scald|p2a: Clefable\n|-damage|p2a: Clefable|36/100 brn\n|\n|-damage|p2a: Clefable|30/100 brn|[from] brn\n|-end|p2a: Clefable|move: Heal Block\n|upkeep\n|turn|7\n|inactive|Time left: 300 sec this turn | 300 sec total\n|\n|t:|1783546267\n|move|p2a: Clefable|Moonlight|p2a: Clefable\n|-heal|p2a: Clefable|79/100 brn\n|move|p1a: Slowbro|Psychic Noise|p2a: Clefable\n|-damage|p2a: Clefable|49/100 brn\n|-start|p2a: Clefable|move: Heal Block\n|\n|-damage|p2a: Clefable|42/100 brn|[from] brn\n|upkeep\n|turn|8\n|inactive|Time left: 300 sec this turn | 300 sec total\n|\n|t:|1783546268\n|move|p2a: Clefable|Moonblast|p1a: Slowbro\n|-damage|p1a: Slowbro|71/300\n|move|p1a: Slowbro|Scald|p2a: Clefable\n|-damage|p2a: Clefable|12/100 brn\n|\n|-damage|p2a: Clefable|6/100 brn|[from] brn\n|-end|p2a: Clefable|move: Heal Block\n|upkeep\n|turn|9\n|inactive|Time left: 300 sec this turn | 300 sec total\n|\n|t:|1783546269\n|move|p2a: Clefable|Moonlight|p2a: Clefable\n|-heal|p2a: Clefable|55/100 brn\n|move|p1a: Slowbro|Scald|p2a: Clefable\n|-damage|p2a: Clefable|22/100 brn\n|\n|-heal|p2a: Clefable|28/100 brn|[from] item: Leftovers\n|-damage|p2a: Clefable|22/100 brn|[from] brn\n|upkeep\n|turn|10\n|inactive|Time left: 300 sec this turn | 300 sec total\n|\n|t:|1783546271\n|move|p2a: Clefable|Moonlight|p2a: Clefable\n|-heal|p2a: Clefable|72/100 brn\n|move|p1a: Slowbro|Scald|p2a: Clefable\n|-damage|p2a: Clefable|42/100 brn\n|\n|-heal|p2a: Clefable|49/100 brn|[from] item: Leftovers\n|-damage|p2a: Clefable|42/100 brn|[from] brn\n|upkeep\n|turn|11\n|inactive|Time left: 300 sec this turn | 300 sec total\n|\n|t:|1783546272\n|move|p2a: Clefable|Moonblast|p1a: Slowbro\n|-damage|p1a: Slowbro|7/300\n|move|p1a: Slowbro|Psychic Noise|p2a: Clefable\n|-damage|p2a: Clefable|13/100 brn\n|-start|p2a: Clefable|move: Heal Block\n|\n|-damage|p2a: Clefable|7/100 brn|[from] brn\n|upkeep\n|turn|12\n|inactive|Time left: 300 sec this turn | 300 sec total\n|\n|t:|1783546274\n|switch|p1a: Bruxish|Bruxish, L85, M|254/254\n|-damage|p1a: Bruxish|223/254|[from] Stealth Rock\n|move|p2a: Clefable|Moonblast|p1a: Bruxish\n|-damage|p1a: Bruxish|100/254\n|\n|-damage|p2a: Clefable|0 fnt|[from] brn\n|faint|p2a: Clefable\n|upkeep\n|\n|t:|1783546275\n|switch|p2a: Dugtrio|Dugtrio-Alola, L84, F|100/100\n|turn|13\n|inactive|Time left: 300 sec this turn | 300 sec total\n|\n|t:|1783546276\n|move|p1a: Bruxish|Aqua Jet|p2a: Dugtrio\n|-supereffective|p2a: Dugtrio\n|-damage|p2a: Dugtrio|14/100\n|-ability|p2a: Dugtrio|Tangling Hair\n|-unboost|p1a: Bruxish|spe|1\n|move|p2a: Dugtrio|Earthquake|p1a: Bruxish\n|-damage|p1a: Bruxish|0 fnt\n|faint|p1a: Bruxish\n|\n|upkeep\n|inactive|Time left: 300 sec this turn | 300 sec total | 5 sec grace\n|\n|t:|1783546277\n|switch|p1a: Honchkrow|Honchkrow, L86, F|312/312\n|turn|14\n|inactive|Time left: 300 sec this turn | 300 sec total\n|\n|t:|1783546278\n|switch|p2a: Piloswine|Piloswine, L85, M|100/100\n|move|p1a: Honchkrow|Brave Bird|p2a: Piloswine\n|-damage|p2a: Piloswine|66/100\n|-damage|p1a: Honchkrow|277/312|[from] Recoil\n|\n|upkeep\n|turn|15\n|inactive|Time left: 300 sec this turn | 300 sec total\n|\n|t:|1783546279\n|switch|p1a: Slowbro|Slowbro, L85, F|107/300\n|-damage|p1a: Slowbro|70/300|[from] Stealth Rock\n|move|p2a: Piloswine|Icicle Crash|p1a: Slowbro\n|-resisted|p1a: Slowbro\n|-damage|p1a: Slowbro|28/300\n|\n|upkeep\n|turn|16\n|inactive|Time left: 300 sec this turn | 300 sec total\n|\n|t:|1783546281\n|switch|p1a: Heracross|Heracross, L80, M|190/259\n|-damage|p1a: Heracross|158/259|[from] Stealth Rock\n|move|p2a: Piloswine|Icicle Crash|p1a: Heracross\n|-damage|p1a: Heracross|50/259\n|\n|upkeep\n|turn|17\n|inactive|Time left: 300 sec this turn | 300 sec total\n|\n|t:|1783546282\n|move|p2a: Piloswine|Ice Shard|p1a: Heracross\n|-damage|p1a: Heracross|0 fnt\n|faint|p1a: Heracross\n|\n|upkeep\n|inactive|Time left: 300 sec this turn | 300 sec total | 5 sec grace\n|\n|t:|1783546283\n|switch|p1a: Slowbro|Slowbro, L85, F|128/300\n|-damage|p1a: Slowbro|91/300|[from] Stealth Rock\n|turn|18\n|inactive|Time left: 300 sec this turn | 300 sec total\n|\n|t:|1783546284\n|switch|p1a: Honchkrow|Honchkrow, L86, F|277/312\n|move|p2a: Piloswine|Earthquake|p1a: Honchkrow\n|-immune|p1a: Honchkrow\n|\n|upkeep\n|turn|19\n|inactive|Time left: 300 sec this turn | 300 sec total\n|\n|t:|1783546285\n|move|p1a: Honchkrow|Brave Bird|p2a: Piloswine\n|-damage|p2a: Piloswine|26/100\n|-damage|p1a: Honchkrow|236/312|[from] Recoil\n|move|p2a: Piloswine|Icicle Crash|p1a: Honchkrow\n|-supereffective|p1a: Honchkrow\n|-damage|p1a: Honchkrow|0 fnt\n|faint|p1a: Honchkrow\n|\n|upkeep\n|inactive|Time left: 300 sec this turn | 300 sec total | 5 sec grace\n|\n|t:|1783546286\n|switch|p1a: Terapagos|Terapagos, L77, M|265/265\n|-activate|p1a: Terapagos|ability: Tera Shift\n|detailschange|p1a: Terapagos|Terapagos-Terastal, L77, M\n|-heal|p1a: Terapagos|273/273|[silent]\n|turn|20\n|inactive|Time left: 300 sec this turn | 300 sec total\n|\n|t:|1783546287\n|switch|p2a: Incineroar|Incineroar, L82, F|100/100\n|-ability|p2a: Incineroar|Intimidate|boost\n|-unboost|p1a: Terapagos|atk|1\n|move|p1a: Terapagos|Rapid Spin|p2a: Incineroar\n|-damage|p2a: Incineroar|91/100\n|-boost|p1a: Terapagos|spe|1\n|-sideend|p1: p0x5591fdc|Stealth Rock|[from] move: Rapid Spin|[of] p1a: Terapagos\n|\n|upkeep\n|turn|21\n|inactive|Time left: 300 sec this turn | 300 sec total\n|\n|t:|1783546288\n|move|p1a: Terapagos|Tera Starstorm|p2a: Incineroar\n|-crit|p2a: Incineroar\n|-damage|p2a: Incineroar|50/100\n|move|p2a: Incineroar|Knock Off|p1a: Terapagos\n|-activate|p1a: Terapagos|ability: Tera Shell\n|-resisted|p1a: Terapagos\n|-damage|p1a: Terapagos|225/273\n|-enditem|p1a: Terapagos|Heavy-Duty Boots|[from] move: Knock Off|[of] p2a: Incineroar\n|\n|upkeep\n|turn|22\n|inactive|Time left: 300 sec this turn | 300 sec total\n|\n|t:|1783546290\n|move|p1a: Terapagos|Tera Starstorm|p2a: Incineroar\n|-damage|p2a: Incineroar|24/100\n|move|p2a: Incineroar|Close Combat|p1a: Terapagos\n|-supereffective|p1a: Terapagos\n|-damage|p1a: Terapagos|49/273\n|-unboost|p2a: Incineroar|def|1\n|-unboost|p2a: Incineroar|spd|1\n|\n|upkeep\n|turn|23\n|inactive|Time left: 300 sec this turn | 300 sec total\n|\n|t:|1783546291\n|switch|p2a: Veluza|Veluza, L85, F|100/100\n|move|p1a: Terapagos|Tera Starstorm|p2a: Veluza\n|-damage|p2a: Veluza|54/100\n|\n|upkeep\n|turn|24\n|inactive|Time left: 300 sec this turn | 300 sec total\n|\n|t:|1783546292\n|move|p2a: Veluza|Aqua Jet|p1a: Terapagos\n|-damage|p1a: Terapagos|0 fnt\n|faint|p1a: Terapagos\n|\n|upkeep\n|inactive|Time left: 300 sec this turn | 300 sec total | 5 sec grace\n|\n|t:|1783546293\n|switch|p1a: Slowbro|Slowbro, L85, F|191/300\n|turn|25\n|inactive|Time left: 300 sec this turn | 300 sec total\n|\n|t:|1783546294\n|switch|p2a: Incineroar|Incineroar, L82, F|24/100\n|-ability|p2a: Incineroar|Intimidate|boost\n|-unboost|p1a: Slowbro|atk|1\n|switch|p1a: Sawsbuck|Sawsbuck, L88, M|284/284\n|\n|upkeep\n|turn|26\n|inactive|Time left: 300 sec this turn | 300 sec total\n|\n|t:|1783546295\n|switch|p2a: Dugtrio|Dugtrio-Alola, L84, F|14/100\n|move|p1a: Sawsbuck|Headbutt|p2a: Dugtrio\n|-resisted|p2a: Dugtrio\n|-damage|p2a: Dugtrio|0 fnt\n|-ability|p2a: Dugtrio|Tangling Hair\n|-unboost|p1a: Sawsbuck|spe|1\n|faint|p2a: Dugtrio\n|-damage|p1a: Sawsbuck|256/284|[from] item: Life Orb\n|\n|upkeep\n|\n|t:|1783546296\n|switch|p2a: Incineroar|Incineroar, L82, F|24/100\n|-ability|p2a: Incineroar|Intimidate|boost\n|-unboost|p1a: Sawsbuck|atk|1\n|turn|27\n|inactive|Time left: 300 sec this turn | 300 sec total\n|\n|t:|1783546297\n|switch|p1a: Slowbro|Slowbro, L85, F|291/300\n|move|p2a: Incineroar|Knock Off|p1a: Slowbro\n|-supereffective|p1a: Slowbro\n|-damage|p1a: Slowbro|111/300\n|-enditem|p1a: Slowbro|Assault Vest|[from] move: Knock Off|[of] p2a: Incineroar\n|\n|upkeep\n|turn|28\n|inactive|Time left: 300 sec this turn | 300 sec total\n|\n|t:|1783546298\n|switch|p1a: Sawsbuck|Sawsbuck, L88, M|256/284\n|move|p2a: Incineroar|Knock Off|p1a: Sawsbuck\n|-damage|p1a: Sawsbuck|138/284\n|-enditem|p1a: Sawsbuck|Life Orb|[from] move: Knock Off|[of] p2a: Incineroar\n|\n|upkeep\n|turn|29\n|inactive|Time left: 300 sec this turn | 300 sec total\n|\n|t:|1783546299\n|switch|p2a: Illumise|Illumise, L91, F|100/100\n|move|p1a: Sawsbuck|Headbutt|p2a: Illumise\n|-damage|p2a: Illumise|66/100\n|\n|upkeep\n|turn|30\n|inactive|Time left: 300 sec this turn | 300 sec total\n|\n|t:|1783546299\n|move|p1a: Sawsbuck|Headbutt|p2a: Illumise\n|-damage|p2a: Illumise|30/100\n|move|p2a: Illumise|Bug Buzz|p1a: Sawsbuck\n|-supereffective|p1a: Sawsbuck\n|-damage|p1a: Sawsbuck|0 fnt\n|faint|p1a: Sawsbuck\n|\n|upkeep\n|inactive|Time left: 300 sec this turn | 300 sec total | 5 sec grace\n|\n|t:|1783546300\n|switch|p1a: Slowbro|Slowbro, L85, F|211/300\n|turn|31\n|inactive|Time left: 300 sec this turn | 300 sec total\n|\n|t:|1783546301\n|-terastallize|p1a: Slowbro|Fairy\n|move|p2a: Illumise|Bug Buzz|p1a: Slowbro\n|-resisted|p1a: Slowbro\n|-damage|p1a: Slowbro|164/300\n|-unboost|p1a: Slowbro|spd|1\n|move|p1a: Slowbro|Future Sight|p2a: Illumise\n|-start|p1a: Slowbro|move: Future Sight\n|\n|upkeep\n|turn|32\n|inactive|Time left: 300 sec this turn | 300 sec total\n|\n|t:|1783546301\n|switch|p2a: Incineroar|Incineroar, L82, F|24/100\n|-ability|p2a: Incineroar|Intimidate|boost\n|-unboost|p1a: Slowbro|atk|1\n|move|p1a: Slowbro|Scald|p2a: Incineroar\n|-supereffective|p2a: Incineroar\n|-damage|p2a: Incineroar|0 fnt\n|faint|p2a: Incineroar\n|\n|upkeep\n|\n|t:|1783546302\n|switch|p2a: Veluza|Veluza, L85, F|54/100\n|turn|33\n|inactive|Time left: 300 sec this turn | 300 sec total\n|\n|t:|1783546303\n|-terastallize|p2a: Veluza|Water\n|move|p2a: Veluza|Aqua Cutter|p1a: Slowbro\n|-damage|p1a: Slowbro|0 fnt\n|faint|p1a: Slowbro\n|\n|win|p0y559a344", "uploadtime": 1783546303, "views": 0, "rating": 0, "private": 0, "password": null, "_winner": "p0y559a344", "_our_name": "p0x5591fdc"}