{"id": "battle-gen9randombattle-2374", "formatid": "gen9randombattle", "format": "[Gen 9] Random Battle", "players": ["p0x2374545c", "p0y237479e8"], "log": "|init|battle\n|title|p0x2374545c vs. p0y237479e8\n|j|\u2606p0x2374545c\n|j|\u2606p0y237479e8\n|t:|1783566544\n|gametype|singles\n|player|p1|p0x2374545c|1|\n|player|p2|p0y237479e8|1|\n|gen|9\n|tier|[Gen 9] Random Battle\n|rule|Species Clause: Limit one of each Pok\u00e9mon\n|rule|HP Percentage Mod: HP is shown in percentages\n|rule|Sleep Clause Mod: Limit one foe put to sleep\n|rule|Illusion Level Mod: Illusion disguises the Pok\u00e9mon's true level\n|\n|t:|1783566544\n|teamsize|p1|6\n|teamsize|p2|6\n|start\n|switch|p1a: Volcanion|Volcanion, L79|100/100\n|switch|p2a: Eiscue|Eiscue, L88, M|274/274\n|turn|1\n|inactive|Battle timer is ON: inactive players will automatically lose when time's up. (requested by p0y237479e8)\n|\n|t:|1783566545\n|switch|p2a: Girafarig|Girafarig, L89, F|269/269\n|move|p1a: Volcanion|Steam Eruption|p2a: Girafarig\n|-damage|p2a: Girafarig|173/269\n|\n|upkeep\n|turn|2\n|inactive|Time left: 300 sec this turn | 300 sec total\n|inactive|p0x2374545c also wants the timer to be on.\n|\n|t:|1783566547\n|move|p2a: Girafarig|Thunderbolt|p1a: Volcanion\n|-supereffective|p1a: Volcanion\n|-damage|p1a: Volcanion|49/100\n|move|p1a: Volcanion|Steam Eruption|p2a: Girafarig\n|-damage|p2a: Girafarig|64/269\n|\n|upkeep\n|turn|3\n|inactive|Time left: 300 sec this turn | 300 sec total\n|\n|t:|1783566547\n|switch|p1a: Toedscruel|Toedscruel, L87, F|100/100\n|move|p2a: Girafarig|Thunderbolt|p1a: Toedscruel\n|-immune|p1a: Toedscruel\n|\n|upkeep\n|turn|4\n|inactive|Time left: 300 sec this turn | 300 sec total\n|\n|t:|1783566548\n|switch|p2a: Lokix|Lokix, L82, M|251/251\n|move|p1a: Toedscruel|Earth Power|p2a: Lokix\n|-resisted|p2a: Lokix\n|-damage|p2a: Lokix|191/251\n|\n|upkeep\n|turn|5\n|inactive|Time left: 300 sec this turn | 300 sec total\n|\n|t:|1783566549\n|move|p2a: Lokix|Leech Life|p1a: Toedscruel\n|-supereffective|p1a: Toedscruel\n|-damage|p1a: Toedscruel|8/100\n|-heal|p2a: Lokix|251/251|[from] drain|[of] p1a: Toedscruel\n|-damage|p2a: Lokix|226/251|[from] item: Life Orb\n|move|p1a: Toedscruel|Spore|p2a: Lokix\n|-status|p2a: Lokix|slp|[from] move: Spore\n|\n|-heal|p1a: Toedscruel|14/100|[from] item: Leftovers\n|upkeep\n|turn|6\n|inactive|Time left: 300 sec this turn | 300 sec total\n|\n|t:|1783566550\n|switch|p2a: Eiscue|Eiscue, L88, M|274/274\n|move|p1a: Toedscruel|Earth Power|p2a: Eiscue\n|-damage|p2a: Eiscue|192/274\n|\n|-heal|p1a: Toedscruel|20/100|[from] item: Leftovers\n|upkeep\n|turn|7\n|inactive|Time left: 300 sec this turn | 300 sec total\n|\n|t:|1783566551\n|switch|p1a: Volcanion|Volcanion, L79|49/100\n|move|p2a: Eiscue|Ice Spinner|p1a: Volcanion\n|-resisted|p1a: Volcanion\n|-damage|p1a: Volcanion|42/100\n|\n|upkeep\n|turn|8\n|inactive|Time left: 300 sec this turn | 300 sec total\n|\n|t:|1783566551\n|-terastallize|p2a: Eiscue|Electric\n|move|p1a: Volcanion|Steam Eruption|p2a: Eiscue\n|-damage|p2a: Eiscue|63/274\n|-enditem|p2a: Eiscue|Sitrus Berry|[eat]\n|-heal|p2a: Eiscue|131/274|[from] item: Sitrus Berry\n|move|p2a: Eiscue|Tera Blast|p1a: Volcanion|[anim] Tera Blast Electric\n|-supereffective|p1a: Volcanion\n|-damage|p1a: Volcanion|0 fnt\n|faint|p1a: Volcanion\n|\n|upkeep\n|\n|t:|1783566552\n|switch|p1a: Revavroom|Revavroom, L79, F|100/100\n|turn|9\n|inactive|Time left: 300 sec this turn | 300 sec total\n|\n|t:|1783566553\n|move|p1a: Revavroom|Shift Gear|p1a: Revavroom\n|-boost|p1a: Revavroom|spe|2\n|-boost|p1a: Revavroom|atk|1\n|move|p2a: Eiscue|Liquidation|p1a: Revavroom\n|-damage|p1a: Revavroom|77/100\n|\n|upkeep\n|turn|10\n|inactive|Time left: 300 sec this turn | 300 sec total\n|\n|t:|1783566554\n|move|p1a: Revavroom|Shift Gear|p1a: Revavroom\n|-boost|p1a: Revavroom|spe|2\n|-boost|p1a: Revavroom|atk|1\n|move|p2a: Eiscue|Tera Blast|p1a: Revavroom|[anim] Tera Blast Electric\n|-damage|p1a: Revavroom|44/100\n|\n|upkeep\n|turn|11\n|inactive|Time left: 300 sec this turn | 300 sec total\n|\n|t:|1783566555\n|move|p1a: Revavroom|Iron Head|p2a: Eiscue\n|-activate|p2a: Eiscue|ability: Ice Face\n|-damage|p2a: Eiscue|131/274\n|detailschange|p2a: Eiscue|Eiscue-Noice, L88, M, tera:Electric\n|-damage|p1a: Revavroom|34/100|[from] item: Life Orb\n|cant|p2a: Eiscue|flinch\n|\n|upkeep\n|turn|12\n|inactive|Time left: 300 sec this turn | 300 sec total\n|\n|t:|1783566555\n|move|p1a: Revavroom|Gunk Shot|p2a: Eiscue\n|-damage|p2a: Eiscue|0 fnt\n|faint|p2a: Eiscue\n|-damage|p1a: Revavroom|25/100|[from] item: Life Orb\n|\n|upkeep\n|inactive|Time left: 300 sec this turn | 300 sec total | 5 sec grace\n|\n|t:|1783566556\n|switch|p2a: Floatzel|Floatzel, L86, F|286/286\n|turn|13\n|inactive|Time left: 300 sec this turn | 300 sec total\n|\n|t:|1783566557\n|move|p1a: Revavroom|Gunk Shot|p2a: Floatzel\n|-damage|p2a: Floatzel|0 fnt\n|faint|p2a: Floatzel\n|-damage|p1a: Revavroom|15/100|[from] item: Life Orb\n|\n|upkeep\n|inactive|Time left: 300 sec this turn | 300 sec total | 5 sec grace\n|\n|t:|1783566558\n|switch|p2a: Girafarig|Girafarig, L89, F|64/269\n|turn|14\n|inactive|Time left: 300 sec this turn | 300 sec total\n|\n|t:|1783566559\n|move|p1a: Revavroom|Gunk Shot|p2a: Girafarig\n|-damage|p2a: Girafarig|0 fnt\n|faint|p2a: Girafarig\n|-damage|p1a: Revavroom|5/100|[from] item: Life Orb\n|\n|upkeep\n|inactive|Time left: 300 sec this turn | 300 sec total | 5 sec grace\n|\n|t:|1783566560\n|switch|p2a: Inteleon|Inteleon, L81, M|246/246\n|turn|15\n|inactive|Time left: 300 sec this turn | 300 sec total\n|\n|t:|1783566561\n|move|p1a: Revavroom|Gunk Shot|p2a: Inteleon\n|-damage|p2a: Inteleon|0 fnt\n|faint|p2a: Inteleon\n|-damage|p1a: Revavroom|0 fnt|[from] item: Life Orb\n|faint|p1a: Revavroom\n|\n|upkeep\n|inactive|Time left: 300 sec this turn | 300 sec total | 5 sec grace\n|\n|t:|1783566562\n|switch|p2a: Lokix|Lokix, L82, M|226/251 slp\n|switch|p1a: Toedscruel|Toedscruel, L87, F|20/100\n|turn|16\n|inactive|Time left: 300 sec this turn | 300 sec total\n|\n|t:|1783566563\n|switch|p1a: Enamorus|Enamorus, L79, F|100/100\n|cant|p2a: Lokix|slp\n|\n|upkeep\n|turn|17\n|inactive|Time left: 300 sec this turn | 300 sec total\n|\n|t:|1783566564\n|switch|p2a: Probopass|Probopass, L91, M|257/257\n|move|p1a: Enamorus|Superpower|p2a: Probopass\n|-supereffective|p2a: Probopass\n|-damage|p2a: Probopass|53/257\n|-boost|p1a: Enamorus|atk|1\n|-boost|p1a: Enamorus|def|1\n|\n|-heal|p2a: Probopass|69/257|[from] item: Leftovers\n|upkeep\n|turn|18\n|inactive|Time left: 300 sec this turn | 300 sec total\n|\n|t:|1783566565\n|switch|p2a: Lokix|Lokix, L82, M|226/251 slp\n|move|p1a: Enamorus|Superpower|p2a: Lokix\n|-damage|p2a: Lokix|75/251 slp\n|-boost|p1a: Enamorus|atk|1\n|-boost|p1a: Enamorus|def|1\n|\n|upkeep\n|turn|19\n|inactive|Time left: 300 sec this turn | 300 sec total\n|\n|t:|1783566566\n|-curestatus|p2a: Lokix|slp|[msg]\n|move|p2a: Lokix|Sucker Punch|p1a: Enamorus\n|-resisted|p1a: Enamorus\n|-damage|p1a: Enamorus|75/100\n|-damage|p2a: Lokix|50/251|[from] item: Life Orb\n|move|p1a: Enamorus|Superpower|p2a: Lokix\n|-damage|p2a: Lokix|0 fnt\n|-boost|p1a: Enamorus|atk|1\n|-boost|p1a: Enamorus|def|1\n|faint|p2a: Lokix\n|\n|-heal|p1a: Enamorus|81/100|[from] item: Leftovers\n|upkeep\n|inactive|Time left: 300 sec this turn | 300 sec total | 5 sec grace\n|\n|t:|1783566567\n|switch|p2a: Probopass|Probopass, L91, M|69/257\n|turn|20\n|inactive|Time left: 300 sec this turn | 300 sec total\n|\n|t:|1783566568\n|-terastallize|p1a: Enamorus|Fighting\n|move|p1a: Enamorus|Superpower|p2a: Probopass\n|-supereffective|p2a: Probopass\n|-damage|p2a: Probopass|0 fnt\n|-boost|p1a: Enamorus|atk|1\n|-boost|p1a: Enamorus|def|1\n|faint|p2a: Probopass\n|\n|win|p0x2374545c", "uploadtime": 1783566568, "views": 0, "rating": 0, "private": 0, "password": null, "_winner": "p0x2374545c", "_our_name": "p0y237479e8"}