{"id": "battle-gen9randombattle-333", "formatid": "gen9randombattle", "format": "[Gen 9] Random Battle", "players": ["p0x333fa59", "p0y333b738"], "log": "|init|battle\n|title|p0x333fa59 vs. p0y333b738\n|j|\u2606p0x333fa59\n|j|\u2606p0y333b738\n|t:|1783543494\n|gametype|singles\n|player|p1|p0x333fa59|170|\n|player|p2|p0y333b738|265|\n|gen|9\n|tier|[Gen 9] Random Battle\n|rule|Species Clause: Limit one of each Pok\u00e9mon\n|rule|HP Percentage Mod: HP is shown in percentages\n|rule|Sleep Clause Mod: Limit one foe put to sleep\n|rule|Illusion Level Mod: Illusion disguises the Pok\u00e9mon's true level\n|\n|t:|1783543494\n|teamsize|p1|6\n|teamsize|p2|6\n|start\n|switch|p1a: Wigglytuff|Wigglytuff, L96, M|100/100\n|switch|p2a: Bisharp|Bisharp, L79, F|232/232\n|turn|1\n|inactive|Battle timer is ON: inactive players will automatically lose when time's up. (requested by p0x333fa59)\n|inactive|Time left: 300 sec this turn | 300 sec total | 60 sec grace\n|inactive|p0y333b738 also wants the timer to be on.\n|\n|t:|1783543495\n|move|p2a: Bisharp|Iron Head|p1a: Wigglytuff\n|-supereffective|p1a: Wigglytuff\n|-damage|p1a: Wigglytuff|44/100\n|move|p1a: Wigglytuff|Fire Blast|p2a: Bisharp\n|-supereffective|p2a: Bisharp\n|-damage|p2a: Bisharp|70/232\n|\n|-heal|p1a: Wigglytuff|50/100|[from] item: Leftovers\n|upkeep\n|turn|2\n|inactive|Time left: 300 sec this turn | 300 sec total\n|\n|t:|1783543496\n|switch|p1a: Copperajah|Copperajah, L86, M|100/100\n|move|p2a: Bisharp|Iron Head|p1a: Copperajah\n|-resisted|p1a: Copperajah\n|-damage|p1a: Copperajah|86/100\n|\n|upkeep\n|turn|3\n|inactive|Time left: 300 sec this turn | 300 sec total\n|\n|t:|1783543498\n|move|p2a: Bisharp|Stealth Rock|p1a: Copperajah\n|-sidestart|p1: p0x333fa59|move: Stealth Rock\n|move|p1a: Copperajah|Heavy Slam|p2a: Bisharp\n|-resisted|p2a: Bisharp\n|-crit|p2a: Bisharp\n|-damage|p2a: Bisharp|0 fnt\n|faint|p2a: Bisharp\n|\n|upkeep\n|inactive|Time left: 300 sec this turn | 300 sec total | 5 sec grace\n|\n|t:|1783543499\n|switch|p2a: Avalugg|Avalugg, L88, M|310/310\n|turn|4\n|inactive|Time left: 300 sec this turn | 300 sec total\n|\n|t:|1783543500\n|move|p1a: Copperajah|Heavy Slam|p2a: Avalugg\n|-supereffective|p2a: Avalugg\n|-damage|p2a: Avalugg|170/310\n|move|p2a: Avalugg|Body Press|p1a: Copperajah\n|-supereffective|p1a: Copperajah\n|-damage|p1a: Copperajah|11/100\n|\n|upkeep\n|turn|5\n|inactive|Time left: 300 sec this turn | 300 sec total\n|\n|t:|1783543500\n|move|p1a: Copperajah|Heavy Slam|p2a: Avalugg\n|-supereffective|p2a: Avalugg\n|-damage|p2a: Avalugg|38/310\n|move|p2a: Avalugg|Recover|p2a: Avalugg\n|-heal|p2a: Avalugg|193/310\n|\n|upkeep\n|turn|6\n|inactive|Time left: 300 sec this turn | 300 sec total\n|\n|t:|1783543501\n|move|p1a: Copperajah|Heavy Slam|p2a: Avalugg\n|-supereffective|p2a: Avalugg\n|-damage|p2a: Avalugg|59/310\n|move|p2a: Avalugg|Recover|p2a: Avalugg\n|-heal|p2a: Avalugg|214/310\n|\n|upkeep\n|turn|7\n|inactive|Time left: 300 sec this turn | 300 sec total\n|\n|t:|1783543502\n|move|p1a: Copperajah|Heavy Slam|p2a: Avalugg\n|-supereffective|p2a: Avalugg\n|-damage|p2a: Avalugg|76/310\n|move|p2a: Avalugg|Rapid Spin|p1a: Copperajah\n|-resisted|p1a: Copperajah\n|-damage|p1a: Copperajah|2/100\n|-boost|p2a: Avalugg|spe|1\n|\n|upkeep\n|turn|8\n|inactive|Time left: 300 sec this turn | 300 sec total\n|\n|t:|1783543503\n|switch|p1a: Gengar|Gengar, L81, M|100/100\n|-damage|p1a: Gengar|88/100|[from] Stealth Rock\n|move|p2a: Avalugg|Recover|p2a: Avalugg\n|-heal|p2a: Avalugg|231/310\n|\n|upkeep\n|turn|9\n|inactive|Time left: 300 sec this turn | 300 sec total\n|\n|t:|1783543504\n|move|p1a: Gengar|Nasty Plot|p1a: Gengar\n|-boost|p1a: Gengar|spa|2\n|move|p2a: Avalugg|Avalanche|p1a: Gengar\n|-damage|p1a: Gengar|41/100\n|\n|upkeep\n|turn|10\n|inactive|Time left: 300 sec this turn | 300 sec total\n|\n|t:|1783543505\n|switch|p2a: Muk|Muk-Alola, L82, M|306/306\n|move|p1a: Gengar|Shadow Ball|p2a: Muk\n|-resisted|p2a: Muk\n|-damage|p2a: Muk|232/306\n|-damage|p1a: Gengar|31/100|[from] item: Life Orb\n|\n|upkeep\n|turn|11\n|inactive|Time left: 300 sec this turn | 300 sec total\n|\n|t:|1783543506\n|move|p2a: Muk|Shadow Sneak|p1a: Gengar\n|-supereffective|p1a: Gengar\n|-damage|p1a: Gengar|0 fnt\n|-start|p2a: Muk|Disable|Shadow Sneak|[from] ability: Cursed Body|[of] p1a: Gengar\n|faint|p1a: Gengar\n|\n|upkeep\n|\n|t:|1783543507\n|switch|p1a: Metagross|Metagross, L79|100/100\n|-damage|p1a: Metagross|94/100|[from] Stealth Rock\n|turn|12\n|inactive|Time left: 300 sec this turn | 300 sec total\n|\n|t:|1783543508\n|switch|p2a: Avalugg|Avalugg, L88, M|231/310\n|move|p1a: Metagross|Heavy Slam|p2a: Avalugg\n|-supereffective|p2a: Avalugg\n|-damage|p2a: Avalugg|181/310\n|\n|upkeep\n|turn|13\n|inactive|Time left: 300 sec this turn | 300 sec total\n|\n|t:|1783543509\n|move|p1a: Metagross|Agility|p1a: Metagross\n|-boost|p1a: Metagross|spe|2\n|move|p2a: Avalugg|Body Press|p1a: Metagross\n|-damage|p1a: Metagross|63/100\n|\n|upkeep\n|turn|14\n|inactive|Time left: 300 sec this turn | 300 sec total\n|\n|t:|1783543510\n|move|p1a: Metagross|Heavy Slam|p2a: Avalugg\n|-supereffective|p2a: Avalugg\n|-damage|p2a: Avalugg|125/310\n|move|p2a: Avalugg|Body Press|p1a: Metagross\n|-crit|p1a: Metagross\n|-damage|p1a: Metagross|17/100\n|\n|upkeep\n|turn|15\n|inactive|Time left: 300 sec this turn | 300 sec total\n|\n|t:|1783543512\n|move|p1a: Metagross|Knock Off|p2a: Avalugg\n|-damage|p2a: Avalugg|79/310\n|-enditem|p2a: Avalugg|Heavy-Duty Boots|[from] move: Knock Off|[of] p1a: Metagross\n|move|p2a: Avalugg|Avalanche|p1a: Metagross\n|-resisted|p1a: Metagross\n|-damage|p1a: Metagross|0 fnt\n|faint|p1a: Metagross\n|\n|upkeep\n|\n|t:|1783543513\n|switch|p1a: Glaceon|Glaceon, L94, M|100/100\n|turn|16\n|inactive|Time left: 300 sec this turn | 300 sec total\n|\n|t:|1783543514\n|switch|p2a: Gallade|Gallade, L80, M|240/240\n|move|p1a: Glaceon|Freeze-Dry|p2a: Gallade\n|-damage|p2a: Gallade|134/240\n|\n|upkeep\n|turn|17\n|inactive|Time left: 300 sec this turn | 300 sec total\n|\n|t:|1783543515\n|move|p1a: Glaceon|Protect|p1a: Glaceon\n|-singleturn|p1a: Glaceon|Protect\n|move|p2a: Gallade|Sacred Sword|p1a: Glaceon\n|-activate|p1a: Glaceon|move: Protect\n|\n|upkeep\n|turn|18\n|inactive|Time left: 300 sec this turn | 300 sec total\n|\n|t:|1783543516\n|switch|p1a: Zacian|Zacian, L69|100/100\n|-damage|p1a: Zacian|88/100|[from] Stealth Rock\n|-ability|p1a: Zacian|Intrepid Sword|boost\n|-boost|p1a: Zacian|atk|1\n|move|p2a: Gallade|Sacred Sword|p1a: Zacian\n|-resisted|p1a: Zacian\n|-damage|p1a: Zacian|44/100\n|-damage|p2a: Gallade|110/240|[from] item: Life Orb\n|\n|upkeep\n|turn|19\n|inactive|Time left: 300 sec this turn | 300 sec total\n|\n|t:|1783543517\n|switch|p2a: Amoonguss|Amoonguss, L82, F|321/321\n|move|p1a: Zacian|Play Rough|p2a: Amoonguss\n|-resisted|p2a: Amoonguss\n|-damage|p2a: Amoonguss|233/321\n|-unboost|p2a: Amoonguss|atk|1\n|-damage|p1a: Zacian|35/100|[from] item: Life Orb\n|\n|-heal|p2a: Amoonguss|253/321|[from] item: Leftovers\n|upkeep\n|turn|20\n|inactive|Time left: 300 sec this turn | 300 sec total\n|\n|t:|1783543519\n|move|p1a: Zacian|Psychic Fangs|p2a: Amoonguss\n|-supereffective|p2a: Amoonguss\n|-damage|p2a: Amoonguss|37/321\n|-damage|p1a: Zacian|25/100|[from] item: Life Orb\n|move|p2a: Amoonguss|Sludge Bomb|p1a: Zacian\n|-supereffective|p1a: Zacian\n|-damage|p1a: Zacian|0 fnt\n|faint|p1a: Zacian\n|\n|-heal|p2a: Amoonguss|57/321|[from] item: Leftovers\n|upkeep\n|\n|t:|1783543520\n|switch|p1a: Glaceon|Glaceon, L94, M|100/100\n|turn|21\n|inactive|Time left: 300 sec this turn | 300 sec total\n|\n|t:|1783543521\n|switch|p2a: Hitmonchan|Hitmonchan, L87, M|229/229\n|move|p1a: Glaceon|Freeze-Dry|p2a: Hitmonchan\n|-damage|p2a: Hitmonchan|135/229\n|\n|-heal|p2a: Hitmonchan|149/229|[from] item: Leftovers\n|upkeep\n|turn|22\n|inactive|Time left: 300 sec this turn | 300 sec total\n|\n|t:|1783543522\n|move|p2a: Hitmonchan|Drain Punch|p1a: Glaceon\n|-supereffective|p1a: Glaceon\n|-damage|p1a: Glaceon|45/100\n|-heal|p2a: Hitmonchan|225/229|[from] drain|[of] p1a: Glaceon\n|move|p1a: Glaceon|Freeze-Dry|p2a: Hitmonchan\n|-damage|p2a: Hitmonchan|135/229\n|\n|-heal|p2a: Hitmonchan|149/229|[from] item: Leftovers\n|upkeep\n|turn|23\n|inactive|Time left: 300 sec this turn | 300 sec total\n|\n|t:|1783543523\n|move|p1a: Glaceon|Protect|p1a: Glaceon\n|-singleturn|p1a: Glaceon|Protect\n|move|p2a: Hitmonchan|Drain Punch|p1a: Glaceon\n|-activate|p1a: Glaceon|move: Protect\n|\n|-heal|p2a: Hitmonchan|163/229|[from] item: Leftovers\n|upkeep\n|turn|24\n|inactive|Time left: 300 sec this turn | 300 sec total\n|\n|t:|1783543525\n|switch|p1a: Copperajah|Copperajah, L86, M|2/100\n|-damage|p1a: Copperajah|0 fnt|[from] Stealth Rock\n|faint|p1a: Copperajah\n|move|p2a: Hitmonchan|Drain Punch|p1: Copperajah|[notarget]\n|-fail|p2a: Hitmonchan\n|\n|-heal|p2a: Hitmonchan|177/229|[from] item: Leftovers\n|upkeep\n|\n|t:|1783543526\n|switch|p1a: Wigglytuff|Wigglytuff, L96, M|50/100\n|-damage|p1a: Wigglytuff|38/100|[from] Stealth Rock\n|turn|25\n|inactive|Time left: 300 sec this turn | 300 sec total\n|\n|t:|1783543527\n|move|p2a: Hitmonchan|Drain Punch|p1a: Wigglytuff\n|-damage|p1a: Wigglytuff|3/100\n|-heal|p2a: Hitmonchan|229/229|[from] drain|[of] p1a: Wigglytuff\n|move|p1a: Wigglytuff|Dazzling Gleam|p2a: Hitmonchan\n|-supereffective|p2a: Hitmonchan\n|-damage|p2a: Hitmonchan|65/229\n|\n|-heal|p2a: Hitmonchan|79/229|[from] item: Leftovers\n|-heal|p1a: Wigglytuff|9/100|[from] item: Leftovers\n|upkeep\n|turn|26\n|inactive|Time left: 300 sec this turn | 300 sec total\n|\n|t:|1783543528\n|move|p1a: Wigglytuff|Protect|p1a: Wigglytuff\n|-singleturn|p1a: Wigglytuff|Protect\n|move|p2a: Hitmonchan|Drain Punch|p1a: Wigglytuff\n|-activate|p1a: Wigglytuff|move: Protect\n|\n|-heal|p2a: Hitmonchan|93/229|[from] item: Leftovers\n|-heal|p1a: Wigglytuff|16/100|[from] item: Leftovers\n|upkeep\n|turn|27\n|inactive|Time left: 300 sec this turn | 300 sec total\n|\n|t:|1783543529\n|move|p1a: Wigglytuff|Protect||[still]\n|-fail|p1a: Wigglytuff\n|move|p2a: Hitmonchan|Drain Punch|p1a: Wigglytuff\n|-damage|p1a: Wigglytuff|0 fnt\n|-heal|p2a: Hitmonchan|125/229|[from] drain|[of] p1a: Wigglytuff\n|faint|p1a: Wigglytuff\n|\n|-heal|p2a: Hitmonchan|139/229|[from] item: Leftovers\n|upkeep\n|\n|t:|1783543530\n|switch|p1a: Glaceon|Glaceon, L94, M|45/100\n|turn|28\n|inactive|Time left: 300 sec this turn | 300 sec total\n|\n|t:|1783543531\n|-terastallize|p1a: Glaceon|Water\n|move|p2a: Hitmonchan|Drain Punch|p1a: Glaceon\n|-damage|p1a: Glaceon|14/100\n|-heal|p2a: Hitmonchan|183/229|[from] drain|[of] p1a: Glaceon\n|move|p1a: Glaceon|Wish|p1a: Glaceon\n|\n|-heal|p2a: Hitmonchan|197/229|[from] item: Leftovers\n|upkeep\n|turn|29\n|inactive|Time left: 300 sec this turn | 300 sec total\n|\n|t:|1783543532\n|move|p1a: Glaceon|Protect|p1a: Glaceon\n|-singleturn|p1a: Glaceon|Protect\n|move|p2a: Hitmonchan|Bulk Up|p2a: Hitmonchan\n|-boost|p2a: Hitmonchan|atk|1\n|-boost|p2a: Hitmonchan|def|1\n|\n|-heal|p1a: Glaceon|63/100|[from] move: Wish|[wisher] Glaceon\n|-heal|p2a: Hitmonchan|211/229|[from] item: Leftovers\n|upkeep\n|turn|30\n|inactive|Time left: 300 sec this turn | 300 sec total\n|\n|t:|1783543534\n|move|p2a: Hitmonchan|Drain Punch|p1a: Glaceon\n|-damage|p1a: Glaceon|20/100\n|-heal|p2a: Hitmonchan|229/229|[from] drain|[of] p1a: Glaceon\n|move|p1a: Glaceon|Wish|p1a: Glaceon\n|\n|upkeep\n|turn|31\n|inactive|Time left: 300 sec this turn | 300 sec total\n|\n|t:|1783543535\n|move|p1a: Glaceon|Protect|p1a: Glaceon\n|-singleturn|p1a: Glaceon|Protect\n|move|p2a: Hitmonchan|Bulk Up|p2a: Hitmonchan\n|-boost|p2a: Hitmonchan|atk|1\n|-boost|p2a: Hitmonchan|def|1\n|\n|-heal|p1a: Glaceon|70/100|[from] move: Wish|[wisher] Glaceon\n|upkeep\n|turn|32\n|inactive|Time left: 300 sec this turn | 300 sec total\n|\n|t:|1783543536\n|move|p2a: Hitmonchan|Drain Punch|p1a: Glaceon\n|-damage|p1a: Glaceon|11/100\n|move|p1a: Glaceon|Wish|p1a: Glaceon\n|\n|upkeep\n|turn|33\n|inactive|Time left: 300 sec this turn | 300 sec total\n|\n|t:|1783543537\n|move|p1a: Glaceon|Protect|p1a: Glaceon\n|-singleturn|p1a: Glaceon|Protect\n|move|p2a: Hitmonchan|Bulk Up|p2a: Hitmonchan\n|-boost|p2a: Hitmonchan|atk|1\n|-boost|p2a: Hitmonchan|def|1\n|\n|-heal|p1a: Glaceon|60/100|[from] move: Wish|[wisher] Glaceon\n|upkeep\n|turn|34\n|inactive|Time left: 300 sec this turn | 300 sec total\n|\n|t:|1783543538\n|-terastallize|p2a: Hitmonchan|Steel\n|move|p1a: Glaceon|Protect|p1a: Glaceon\n|-singleturn|p1a: Glaceon|Protect\n|move|p2a: Hitmonchan|Drain Punch|p1a: Glaceon\n|-activate|p1a: Glaceon|move: Protect\n|\n|upkeep\n|turn|35\n|inactive|Time left: 300 sec this turn | 300 sec total\n|\n|t:|1783543539\n|move|p1a: Glaceon|Protect|p1a: Glaceon\n|-singleturn|p1a: Glaceon|Protect\n|move|p2a: Hitmonchan|Drain Punch|p1a: Glaceon\n|-activate|p1a: Glaceon|move: Protect\n|\n|upkeep\n|turn|36\n|inactive|Time left: 300 sec this turn | 300 sec total\n|\n|t:|1783543539\n|move|p2a: Hitmonchan|Drain Punch|p1a: Glaceon\n|-damage|p1a: Glaceon|0 fnt\n|faint|p1a: Glaceon\n|\n|win|p0y333b738", "uploadtime": 1783543539, "views": 0, "rating": 0, "private": 0, "password": null, "_winner": "p0y333b738", "_our_name": "p0y333b738"}