{"id": "battle-gen9randombattle-1603", "formatid": "gen9randombattle", "format": "[Gen 9] Random Battle", "players": ["p0x16031c1a", "p0y1603f1cf"], "log": "|init|battle\n|title|p0x16031c1a vs. p0y1603f1cf\n|j|\u2606p0x16031c1a\n|j|\u2606p0y1603f1cf\n|t:|1783557774\n|gametype|singles\n|player|p1|p0x16031c1a|102|\n|player|p2|p0y1603f1cf|169|\n|gen|9\n|tier|[Gen 9] Random Battle\n|rule|Species Clause: Limit one of each Pok\u00e9mon\n|rule|HP Percentage Mod: HP is shown in percentages\n|rule|Sleep Clause Mod: Limit one foe put to sleep\n|rule|Illusion Level Mod: Illusion disguises the Pok\u00e9mon's true level\n|\n|t:|1783557774\n|teamsize|p1|6\n|teamsize|p2|6\n|start\n|switch|p1a: Kyogre|Kyogre, L71|100/100\n|switch|p2a: Mandibuzz|Mandibuzz, L85, F|326/326\n|-weather|RainDance|[from] ability: Drizzle|[of] p1a: Kyogre\n|turn|1\n|inactive|Battle timer is ON: inactive players will automatically lose when time's up. (requested by p0y1603f1cf)\n|inactive|p0x16031c1a also wants the timer to be on.\n|\n|t:|1783557776\n|move|p1a: Kyogre|Water Spout|p2a: Mandibuzz\n|-damage|p2a: Mandibuzz|97/326\n|move|p2a: Mandibuzz|U-turn|p1a: Kyogre\n|-damage|p1a: Kyogre|83/100\n|inactive|Time left: 300 sec this turn | 300 sec total | 65 sec grace\n|\n|t:|1783557777\n|switch|p2a: Bruxish|Bruxish, L85, F|254/254|[from] U-turn\n|\n|-weather|RainDance|[upkeep]\n|upkeep\n|turn|2\n|inactive|Time left: 300 sec this turn | 300 sec total\n|\n|t:|1783557778\n|move|p2a: Bruxish|Wave Crash|p1a: Kyogre\n|-resisted|p1a: Kyogre\n|-damage|p1a: Kyogre|32/100\n|-damage|p2a: Bruxish|210/254|[from] Recoil\n|move|p1a: Kyogre|Water Spout|p2a: Bruxish\n|-resisted|p2a: Bruxish\n|-damage|p2a: Bruxish|169/254\n|\n|-weather|RainDance|[upkeep]\n|upkeep\n|turn|3\n|inactive|Time left: 300 sec this turn | 300 sec total\n|\n|t:|1783557779\n|switch|p1a: Walking Wake|Walking Wake, L79|100/100\n|move|p2a: Bruxish|Wave Crash|p1a: Walking Wake\n|-resisted|p1a: Walking Wake\n|-damage|p1a: Walking Wake|82/100\n|-damage|p2a: Bruxish|152/254|[from] Recoil\n|\n|-weather|RainDance|[upkeep]\n|upkeep\n|turn|4\n|inactive|Time left: 300 sec this turn | 300 sec total\n|\n|t:|1783557780\n|move|p2a: Bruxish|Wave Crash|p1a: Walking Wake\n|-resisted|p1a: Walking Wake\n|-damage|p1a: Walking Wake|63/100\n|-damage|p2a: Bruxish|134/254|[from] Recoil\n|move|p1a: Walking Wake|Hydro Pump|p2a: Bruxish\n|-resisted|p2a: Bruxish\n|-damage|p2a: Bruxish|0 fnt\n|faint|p2a: Bruxish\n|\n|-weather|RainDance|[upkeep]\n|upkeep\n|inactive|Time left: 300 sec this turn | 300 sec total | 5 sec grace\n|\n|t:|1783557781\n|switch|p2a: Hoopa|Hoopa-Unbound, L80|259/259\n|turn|5\n|inactive|Time left: 300 sec this turn | 300 sec total\n|\n|t:|1783557782\n|move|p1a: Walking Wake|Hydro Pump|p2a: Hoopa\n|-damage|p2a: Hoopa|117/259\n|move|p2a: Hoopa|Psychic|p1a: Walking Wake\n|-damage|p1a: Walking Wake|6/100\n|\n|-weather|none\n|upkeep\n|turn|6\n|inactive|Time left: 300 sec this turn | 300 sec total\n|\n|t:|1783557783\n|move|p1a: Walking Wake|Hydro Pump|p2a: Hoopa\n|-damage|p2a: Hoopa|17/259\n|move|p2a: Hoopa|Psychic|p1a: Walking Wake\n|-damage|p1a: Walking Wake|0 fnt\n|faint|p1a: Walking Wake\n|-end|p1a: Walking Wake|Protosynthesis|[silent]\n|\n|upkeep\n|\n|t:|1783557784\n|switch|p1a: Porygon-Z|Porygon-Z, L83|100/100\n|-ability|p1a: Porygon-Z|Download|boost\n|-boost|p1a: Porygon-Z|atk|1\n|turn|7\n|inactive|Time left: 300 sec this turn | 300 sec total\n|\n|t:|1783557785\n|switch|p2a: Magcargo|Magcargo, L95, M|268/268\n|move|p1a: Porygon-Z|Ice Beam|p2a: Magcargo\n|-resisted|p2a: Magcargo\n|-damage|p2a: Magcargo|227/268\n|\n|upkeep\n|turn|8\n|inactive|Time left: 300 sec this turn | 300 sec total\n|\n|t:|1783557786\n|move|p1a: Porygon-Z|Ice Beam|p2a: Magcargo\n|-resisted|p2a: Magcargo\n|-damage|p2a: Magcargo|188/268\n|move|p2a: Magcargo|Shell Smash|p2a: Magcargo\n|-unboost|p2a: Magcargo|def|1\n|-unboost|p2a: Magcargo|spd|1\n|-boost|p2a: Magcargo|atk|2\n|-boost|p2a: Magcargo|spa|2\n|-boost|p2a: Magcargo|spe|2\n|\n|upkeep\n|turn|9\n|inactive|Time left: 300 sec this turn | 300 sec total\n|\n|t:|1783557787\n|move|p1a: Porygon-Z|Ice Beam|p2a: Magcargo\n|-resisted|p2a: Magcargo\n|-damage|p2a: Magcargo|133/268\n|move|p2a: Magcargo|Shell Smash|p2a: Magcargo\n|-unboost|p2a: Magcargo|def|1\n|-unboost|p2a: Magcargo|spd|1\n|-boost|p2a: Magcargo|atk|2\n|-boost|p2a: Magcargo|spa|2\n|-boost|p2a: Magcargo|spe|2\n|\n|upkeep\n|turn|10\n|inactive|Time left: 300 sec this turn | 300 sec total\n|\n|t:|1783557788\n|switch|p1a: Kyogre|Kyogre, L71|32/100\n|-weather|RainDance|[from] ability: Drizzle|[of] p1a: Kyogre\n|move|p2a: Magcargo|Fire Blast|p1a: Kyogre|[miss]\n|-miss|p2a: Magcargo|p1a: Kyogre\n|\n|-weather|RainDance|[upkeep]\n|upkeep\n|turn|11\n|inactive|Time left: 300 sec this turn | 300 sec total\n|\n|t:|1783557789\n|move|p2a: Magcargo|Earth Power|p1a: Kyogre\n|-damage|p1a: Kyogre|0 fnt\n|faint|p1a: Kyogre\n|\n|-weather|RainDance|[upkeep]\n|upkeep\n|\n|t:|1783557790\n|switch|p1a: Frosmoth|Frosmoth, L82, F|100/100\n|turn|12\n|inactive|Time left: 300 sec this turn | 300 sec total\n|\n|t:|1783557791\n|-terastallize|p1a: Frosmoth|Ground\n|move|p2a: Magcargo|Power Gem|p1a: Frosmoth\n|-resisted|p1a: Frosmoth\n|-damage|p1a: Frosmoth|70/100\n|move|p1a: Frosmoth|Tera Blast|p2a: Magcargo|[anim] Tera Blast Ground\n|-supereffective|p2a: Magcargo\n|-damage|p2a: Magcargo|0 fnt\n|faint|p2a: Magcargo\n|\n|-weather|RainDance|[upkeep]\n|upkeep\n|inactive|Time left: 300 sec this turn | 300 sec total | 5 sec grace\n|\n|t:|1783557792\n|switch|p2a: Crabominable|Crabominable, L90, F|321/321\n|turn|13\n|inactive|Time left: 300 sec this turn | 300 sec total\n|\n|t:|1783557793\n|switch|p1a: Weezing|Weezing-Galar, L86, F|100/100\n|move|p2a: Crabominable|Drain Punch|p1a: Weezing\n|-resisted|p1a: Weezing\n|-damage|p1a: Weezing|85/100\n|\n|-weather|RainDance|[upkeep]\n|-heal|p1a: Weezing|91/100|[from] item: Leftovers\n|upkeep\n|turn|14\n|inactive|Time left: 300 sec this turn | 300 sec total\n|\n|t:|1783557794\n|switch|p2a: Sandaconda|Sandaconda, L84, F|258/258\n|move|p1a: Weezing|Strange Steam|p2a: Sandaconda\n|-damage|p2a: Sandaconda|156/258\n|\n|-weather|none\n|-heal|p2a: Sandaconda|172/258|[from] item: Leftovers\n|-heal|p1a: Weezing|97/100|[from] item: Leftovers\n|upkeep\n|turn|15\n|inactive|Time left: 300 sec this turn | 300 sec total\n|\n|t:|1783557795\n|move|p2a: Sandaconda|Coil|p2a: Sandaconda\n|-boost|p2a: Sandaconda|atk|1\n|-boost|p2a: Sandaconda|def|1\n|-boost|p2a: Sandaconda|accuracy|1\n|move|p1a: Weezing|Strange Steam|p2a: Sandaconda\n|-damage|p2a: Sandaconda|61/258\n|\n|-heal|p2a: Sandaconda|77/258|[from] item: Leftovers\n|-heal|p1a: Weezing|100/100|[from] item: Leftovers\n|upkeep\n|turn|16\n|inactive|Time left: 300 sec this turn | 300 sec total\n|\n|t:|1783557796\n|move|p2a: Sandaconda|Rest|p2a: Sandaconda\n|-status|p2a: Sandaconda|slp|[from] move: Rest\n|-heal|p2a: Sandaconda|258/258 slp|[silent]\n|move|p1a: Weezing|Strange Steam|p2a: Sandaconda\n|-crit|p2a: Sandaconda\n|-damage|p2a: Sandaconda|90/258 slp\n|\n|-activate|p2a: Sandaconda|ability: Shed Skin\n|-curestatus|p2a: Sandaconda|slp|[msg]\n|-heal|p2a: Sandaconda|106/258|[from] item: Leftovers\n|upkeep\n|turn|17\n|inactive|Time left: 300 sec this turn | 300 sec total\n|\n|t:|1783557797\n|move|p2a: Sandaconda|Rest|p2a: Sandaconda\n|-status|p2a: Sandaconda|slp|[from] move: Rest\n|-heal|p2a: Sandaconda|258/258 slp|[silent]\n|move|p1a: Weezing|Strange Steam|p2a: Sandaconda\n|-damage|p2a: Sandaconda|144/258 slp\n|\n|-activate|p2a: Sandaconda|ability: Shed Skin\n|-curestatus|p2a: Sandaconda|slp|[msg]\n|-heal|p2a: Sandaconda|160/258|[from] item: Leftovers\n|upkeep\n|turn|18\n|inactive|Time left: 300 sec this turn | 300 sec total\n|\n|t:|1783557798\n|move|p2a: Sandaconda|Coil|p2a: Sandaconda\n|-boost|p2a: Sandaconda|atk|1\n|-boost|p2a: Sandaconda|def|1\n|-boost|p2a: Sandaconda|accuracy|1\n|move|p1a: Weezing|Strange Steam|p2a: Sandaconda\n|-damage|p2a: Sandaconda|49/258\n|\n|-heal|p2a: Sandaconda|65/258|[from] item: Leftovers\n|upkeep\n|turn|19\n|inactive|Time left: 300 sec this turn | 300 sec total\n|\n|t:|1783557799\n|move|p2a: Sandaconda|Rest|p2a: Sandaconda\n|-status|p2a: Sandaconda|slp|[from] move: Rest\n|-heal|p2a: Sandaconda|258/258 slp|[silent]\n|move|p1a: Weezing|Strange Steam|p2a: Sandaconda\n|-damage|p2a: Sandaconda|146/258 slp\n|\n|-heal|p2a: Sandaconda|162/258 slp|[from] item: Leftovers\n|upkeep\n|turn|20\n|inactive|Time left: 300 sec this turn | 300 sec total\n|\n|t:|1783557801\n|switch|p1a: Porygon-Z|Porygon-Z, L83|100/100\n|-ability|p1a: Porygon-Z|Download|boost\n|-boost|p1a: Porygon-Z|spa|1\n|cant|p2a: Sandaconda|slp\n|\n|-activate|p2a: Sandaconda|ability: Shed Skin\n|-curestatus|p2a: Sandaconda|slp|[msg]\n|-heal|p2a: Sandaconda|178/258|[from] item: Leftovers\n|upkeep\n|turn|21\n|inactive|Time left: 300 sec this turn | 300 sec total\n|\n|t:|1783557802\n|-terastallize|p2a: Sandaconda|Steel\n|move|p1a: Porygon-Z|Tri Attack|p2a: Sandaconda\n|-resisted|p2a: Sandaconda\n|-damage|p2a: Sandaconda|78/258\n|move|p2a: Sandaconda|Earthquake|p1a: Porygon-Z\n|-damage|p1a: Porygon-Z|4/100\n|\n|-heal|p2a: Sandaconda|94/258|[from] item: Leftovers\n|upkeep\n|turn|22\n|inactive|Time left: 300 sec this turn | 300 sec total\n|\n|t:|1783557803\n|move|p1a: Porygon-Z|Tri Attack|p2a: Sandaconda\n|-resisted|p2a: Sandaconda\n|-damage|p2a: Sandaconda|5/258\n|move|p2a: Sandaconda|Rest|p2a: Sandaconda\n|-status|p2a: Sandaconda|slp|[from] move: Rest\n|-heal|p2a: Sandaconda|258/258 slp|[silent]\n|\n|upkeep\n|turn|23\n|inactive|Time left: 300 sec this turn | 300 sec total\n|\n|t:|1783557804\n|move|p1a: Porygon-Z|Tri Attack|p2a: Sandaconda\n|-resisted|p2a: Sandaconda\n|-damage|p2a: Sandaconda|168/258 slp\n|cant|p2a: Sandaconda|slp\n|\n|-activate|p2a: Sandaconda|ability: Shed Skin\n|-curestatus|p2a: Sandaconda|slp|[msg]\n|-heal|p2a: Sandaconda|184/258|[from] item: Leftovers\n|upkeep\n|turn|24\n|inactive|Time left: 300 sec this turn | 300 sec total\n|\n|t:|1783557805\n|move|p1a: Porygon-Z|Tri Attack|p2a: Sandaconda\n|-resisted|p2a: Sandaconda\n|-damage|p2a: Sandaconda|94/258\n|move|p2a: Sandaconda|Stone Edge|p1a: Porygon-Z\n|-damage|p1a: Porygon-Z|0 fnt\n|faint|p1a: Porygon-Z\n|\n|-heal|p2a: Sandaconda|110/258|[from] item: Leftovers\n|upkeep\n|\n|t:|1783557806\n|switch|p1a: Weezing|Weezing-Galar, L86, F|100/100\n|turn|25\n|inactive|Time left: 300 sec this turn | 300 sec total\n|\n|t:|1783557807\n|move|p2a: Sandaconda|Rest|p2a: Sandaconda\n|-status|p2a: Sandaconda|slp|[from] move: Rest\n|-heal|p2a: Sandaconda|258/258 slp|[silent]\n|move|p1a: Weezing|Strange Steam|p2a: Sandaconda\n|-resisted|p2a: Sandaconda\n|-damage|p2a: Sandaconda|200/258 slp\n|\n|-heal|p2a: Sandaconda|216/258 slp|[from] item: Leftovers\n|upkeep\n|turn|26\n|inactive|Time left: 300 sec this turn | 300 sec total\n|\n|t:|1783557808\n|cant|p2a: Sandaconda|slp\n|move|p1a: Weezing|Strange Steam|p2a: Sandaconda\n|-resisted|p2a: Sandaconda\n|-damage|p2a: Sandaconda|159/258 slp\n|-start|p2a: Sandaconda|confusion\n|\n|-heal|p2a: Sandaconda|175/258 slp|[from] item: Leftovers\n|upkeep\n|turn|27\n|inactive|Time left: 300 sec this turn | 300 sec total\n|\n|t:|1783557809\n|switch|p1a: Frosmoth|Frosmoth, L82, F, tera:Ground|70/100\n|cant|p2a: Sandaconda|slp\n|\n|-heal|p2a: Sandaconda|191/258 slp|[from] item: Leftovers\n|upkeep\n|turn|28\n|inactive|Time left: 300 sec this turn | 300 sec total\n|\n|t:|1783557810\n|-curestatus|p2a: Sandaconda|slp|[msg]\n|-activate|p2a: Sandaconda|confusion\n|move|p2a: Sandaconda|Earthquake|p1a: Frosmoth\n|-damage|p1a: Frosmoth|0 fnt\n|faint|p1a: Frosmoth\n|\n|-heal|p2a: Sandaconda|207/258|[from] item: Leftovers\n|upkeep\n|\n|t:|1783557811\n|switch|p1a: Weezing|Weezing-Galar, L86, F|100/100\n|turn|29\n|inactive|Time left: 300 sec this turn | 300 sec total\n|\n|t:|1783557812\n|-activate|p2a: Sandaconda|confusion\n|-damage|p2a: Sandaconda|182/258|[from] confusion\n|move|p1a: Weezing|Strange Steam|p2a: Sandaconda\n|-resisted|p2a: Sandaconda\n|-damage|p2a: Sandaconda|127/258\n|\n|-heal|p2a: Sandaconda|143/258|[from] item: Leftovers\n|upkeep\n|turn|30\n|inactive|Time left: 300 sec this turn | 300 sec total\n|\n|t:|1783557813\n|-activate|p2a: Sandaconda|confusion\n|-damage|p2a: Sandaconda|120/258|[from] confusion\n|move|p1a: Weezing|Strange Steam|p2a: Sandaconda\n|-resisted|p2a: Sandaconda\n|-damage|p2a: Sandaconda|66/258\n|\n|-heal|p2a: Sandaconda|82/258|[from] item: Leftovers\n|upkeep\n|turn|31\n|inactive|Time left: 300 sec this turn | 300 sec total\n|\n|t:|1783557814\n|-end|p2a: Sandaconda|confusion\n|move|p2a: Sandaconda|Rest|p2a: Sandaconda\n|-status|p2a: Sandaconda|slp|[from] move: Rest\n|-heal|p2a: Sandaconda|258/258 slp|[silent]\n|move|p1a: Weezing|Strange Steam|p2a: Sandaconda\n|-resisted|p2a: Sandaconda\n|-damage|p2a: Sandaconda|204/258 slp\n|\n|-activate|p2a: Sandaconda|ability: Shed Skin\n|-curestatus|p2a: Sandaconda|slp|[msg]\n|-heal|p2a: Sandaconda|220/258|[from] item: Leftovers\n|upkeep\n|turn|32\n|inactive|Time left: 300 sec this turn | 300 sec total\n|\n|t:|1783557816\n|move|p2a: Sandaconda|Coil|p2a: Sandaconda\n|-boost|p2a: Sandaconda|atk|1\n|-boost|p2a: Sandaconda|def|1\n|-boost|p2a: Sandaconda|accuracy|1\n|move|p1a: Weezing|Strange Steam|p2a: Sandaconda\n|-resisted|p2a: Sandaconda\n|-damage|p2a: Sandaconda|168/258\n|-start|p2a: Sandaconda|confusion\n|\n|-heal|p2a: Sandaconda|184/258|[from] item: Leftovers\n|upkeep\n|turn|33\n|inactive|Time left: 300 sec this turn | 300 sec total\n|\n|t:|1783557817\n|-activate|p2a: Sandaconda|confusion\n|-damage|p2a: Sandaconda|159/258|[from] confusion\n|move|p1a: Weezing|Strange Steam|p2a: Sandaconda\n|-resisted|p2a: Sandaconda\n|-damage|p2a: Sandaconda|103/258\n|\n|-heal|p2a: Sandaconda|119/258|[from] item: Leftovers\n|upkeep\n|turn|34\n|inactive|Time left: 300 sec this turn | 300 sec total\n|\n|t:|1783557818\n|-activate|p2a: Sandaconda|confusion\n|-damage|p2a: Sandaconda|97/258|[from] confusion\n|move|p1a: Weezing|Strange Steam|p2a: Sandaconda\n|-resisted|p2a: Sandaconda\n|-damage|p2a: Sandaconda|46/258\n|\n|-heal|p2a: Sandaconda|62/258|[from] item: Leftovers\n|upkeep\n|turn|35\n|inactive|Time left: 300 sec this turn | 300 sec total\n|\n|t:|1783557819\n|-end|p2a: Sandaconda|confusion\n|move|p2a: Sandaconda|Rest|p2a: Sandaconda\n|-status|p2a: Sandaconda|slp|[from] move: Rest\n|-heal|p2a: Sandaconda|258/258 slp|[silent]\n|move|p1a: Weezing|Strange Steam|p2a: Sandaconda\n|-resisted|p2a: Sandaconda\n|-damage|p2a: Sandaconda|207/258 slp\n|\n|-heal|p2a: Sandaconda|223/258 slp|[from] item: Leftovers\n|upkeep\n|turn|36\n|inactive|Time left: 300 sec this turn | 300 sec total\n|\n|t:|1783557820\n|cant|p2a: Sandaconda|slp\n|move|p1a: Weezing|Strange Steam|p2a: Sandaconda\n|-resisted|p2a: Sandaconda\n|-damage|p2a: Sandaconda|168/258 slp\n|-start|p2a: Sandaconda|confusion\n|\n|-heal|p2a: Sandaconda|184/258 slp|[from] item: Leftovers\n|upkeep\n|turn|37\n|inactive|Time left: 300 sec this turn | 300 sec total\n|\n|t:|1783557821\n|switch|p1a: Magcargo|Magcargo, L95, F|100/100\n|cant|p2a: Sandaconda|slp\n|\n|-heal|p2a: Sandaconda|200/258 slp|[from] item: Leftovers\n|upkeep\n|turn|38\n|inactive|Time left: 300 sec this turn | 300 sec total\n|\n|t:|1783557822\n|-curestatus|p2a: Sandaconda|slp|[msg]\n|-activate|p2a: Sandaconda|confusion\n|move|p2a: Sandaconda|Earthquake|p1a: Magcargo\n|-supereffective|p1a: Magcargo\n|-damage|p1a: Magcargo|0 fnt\n|faint|p1a: Magcargo\n|\n|-heal|p2a: Sandaconda|216/258|[from] item: Leftovers\n|upkeep\n|\n|t:|1783557823\n|switch|p1a: Weezing|Weezing-Galar, L86, F|100/100\n|turn|39\n|inactive|Time left: 300 sec this turn | 300 sec total\n|\n|t:|1783557824\n|switch|p2a: Hoopa|Hoopa-Unbound, L80|17/259\n|move|p1a: Weezing|Gunk Shot|p2a: Hoopa\n|-damage|p2a: Hoopa|0 fnt\n|faint|p2a: Hoopa\n|\n|upkeep\n|inactive|Time left: 300 sec this turn | 300 sec total | 5 sec grace\n|\n|t:|1783557825\n|switch|p2a: Crabominable|Crabominable, L90, F|321/321\n|turn|40\n|inactive|Time left: 300 sec this turn | 300 sec total\n|\n|t:|1783557826\n|move|p1a: Weezing|Gunk Shot|p2a: Crabominable\n|-damage|p2a: Crabominable|201/321\n|move|p2a: Crabominable|Ice Hammer|p1a: Weezing\n|-damage|p1a: Weezing|14/100\n|-unboost|p2a: Crabominable|spe|1\n|\n|-heal|p1a: Weezing|20/100|[from] item: Leftovers\n|upkeep\n|turn|41\n|inactive|Time left: 300 sec this turn | 300 sec total\n|\n|t:|1783557827\n|move|p1a: Weezing|Gunk Shot|p2a: Crabominable\n|-damage|p2a: Crabominable|65/321\n|-status|p2a: Crabominable|psn\n|move|p2a: Crabominable|Ice Hammer|p1a: Weezing\n|-damage|p1a: Weezing|0 fnt\n|-unboost|p2a: Crabominable|spe|1\n|faint|p1a: Weezing\n|\n|win|p0y1603f1cf", "uploadtime": 1783557827, "views": 0, "rating": 0, "private": 0, "password": null, "_winner": "p0y1603f1cf", "_our_name": "p0y1603f1cf"}