{"id": "battle-gen9randombattle-2007", "formatid": "gen9randombattle", "format": "[Gen 9] Random Battle", "players": ["p0x20077dda", "p0y20076695"], "log": "|init|battle\n|title|p0x20077dda vs. p0y20076695\n|j|\u2606p0x20077dda\n|j|\u2606p0y20076695\n|t:|1783562505\n|gametype|singles\n|player|p1|p0x20077dda|102|\n|player|p2|p0y20076695|170|\n|gen|9\n|tier|[Gen 9] Random Battle\n|rule|Species Clause: Limit one of each Pok\u00e9mon\n|rule|HP Percentage Mod: HP is shown in percentages\n|rule|Sleep Clause Mod: Limit one foe put to sleep\n|rule|Illusion Level Mod: Illusion disguises the Pok\u00e9mon's true level\n|\n|t:|1783562505\n|teamsize|p1|6\n|teamsize|p2|6\n|start\n|switch|p1a: Spectrier|Spectrier, L75|100/100\n|switch|p2a: Garganacl|Garganacl, L80, F|291/291\n|turn|1\n|inactive|Battle timer is ON: inactive players will automatically lose when time's up. (requested by p0y20076695)\n|inactive|p0x20077dda also wants the timer to be on.\n|\n|t:|1783562506\n|move|p1a: Spectrier|Nasty Plot|p1a: Spectrier\n|-boost|p1a: Spectrier|spa|2\n|move|p2a: Garganacl|Salt Cure|p1a: Spectrier\n|-damage|p1a: Spectrier|78/100\n|-start|p1a: Spectrier|Salt Cure\n|\n|-damage|p1a: Spectrier|66/100|[from] Salt Cure\n|upkeep\n|turn|2\n|inactive|Time left: 300 sec this turn | 300 sec total\n|\n|t:|1783562507\n|move|p1a: Spectrier|Draining Kiss|p2a: Garganacl\n|-damage|p2a: Garganacl|191/291\n|-heal|p1a: Spectrier|93/100|[from] drain|[of] p2a: Garganacl\n|-damage|p1a: Spectrier|83/100|[from] item: Life Orb\n|move|p2a: Garganacl|Salt Cure|p1a: Spectrier\n|-damage|p1a: Spectrier|63/100\n|\n|-heal|p2a: Garganacl|209/291|[from] item: Leftovers\n|-damage|p1a: Spectrier|51/100|[from] Salt Cure\n|upkeep\n|turn|3\n|inactive|Time left: 300 sec this turn | 300 sec total\n|\n|t:|1783562508\n|move|p1a: Spectrier|Draining Kiss|p2a: Garganacl\n|-damage|p2a: Garganacl|112/291\n|-heal|p1a: Spectrier|78/100|[from] drain|[of] p2a: Garganacl\n|-damage|p1a: Spectrier|68/100|[from] item: Life Orb\n|move|p2a: Garganacl|Recover|p2a: Garganacl\n|-heal|p2a: Garganacl|258/291\n|\n|-heal|p2a: Garganacl|276/291|[from] item: Leftovers\n|-damage|p1a: Spectrier|55/100|[from] Salt Cure\n|upkeep\n|turn|4\n|inactive|Time left: 300 sec this turn | 300 sec total\n|\n|t:|1783562509\n|move|p1a: Spectrier|Draining Kiss|p2a: Garganacl\n|-damage|p2a: Garganacl|166/291\n|-heal|p1a: Spectrier|86/100|[from] drain|[of] p2a: Garganacl\n|-damage|p1a: Spectrier|76/100|[from] item: Life Orb\n|move|p2a: Garganacl|Salt Cure|p1a: Spectrier\n|-crit|p1a: Spectrier\n|-damage|p1a: Spectrier|44/100\n|\n|-heal|p2a: Garganacl|184/291|[from] item: Leftovers\n|-damage|p1a: Spectrier|31/100|[from] Salt Cure\n|upkeep\n|turn|5\n|inactive|Time left: 300 sec this turn | 300 sec total\n|\n|t:|1783562510\n|switch|p2a: Bastiodon|Bastiodon, L89, F|252/252\n|move|p1a: Spectrier|Draining Kiss|p2a: Bastiodon\n|-resisted|p2a: Bastiodon\n|-damage|p2a: Bastiodon|217/252\n|-heal|p1a: Spectrier|41/100|[from] drain|[of] p2a: Bastiodon\n|-damage|p1a: Spectrier|31/100|[from] item: Life Orb\n|\n|-damage|p1a: Spectrier|18/100|[from] Salt Cure\n|upkeep\n|turn|6\n|inactive|Time left: 300 sec this turn | 300 sec total\n|\n|t:|1783562510\n|move|p1a: Spectrier|Draining Kiss|p2a: Bastiodon\n|-resisted|p2a: Bastiodon\n|-damage|p2a: Bastiodon|185/252\n|-heal|p1a: Spectrier|27/100|[from] drain|[of] p2a: Bastiodon\n|-damage|p1a: Spectrier|17/100|[from] item: Life Orb\n|move|p2a: Bastiodon|Foul Play|p1a: Spectrier\n|-supereffective|p1a: Spectrier\n|-damage|p1a: Spectrier|0 fnt\n|faint|p1a: Spectrier\n|\n|upkeep\n|\n|t:|1783562511\n|switch|p1a: Mismagius|Mismagius, L86, M|100/100\n|turn|7\n|inactive|Time left: 300 sec this turn | 300 sec total\n|\n|t:|1783562512\n|move|p1a: Mismagius|Nasty Plot|p1a: Mismagius\n|-boost|p1a: Mismagius|spa|2\n|move|p2a: Bastiodon|Foul Play|p1a: Mismagius\n|-supereffective|p1a: Mismagius\n|-damage|p1a: Mismagius|64/100\n|\n|upkeep\n|turn|8\n|inactive|Time left: 300 sec this turn | 300 sec total\n|\n|t:|1783562513\n|move|p1a: Mismagius|Nasty Plot|p1a: Mismagius\n|-boost|p1a: Mismagius|spa|2\n|move|p2a: Bastiodon|Foul Play|p1a: Mismagius\n|-supereffective|p1a: Mismagius\n|-damage|p1a: Mismagius|24/100\n|\n|upkeep\n|turn|9\n|inactive|Time left: 300 sec this turn | 300 sec total\n|\n|t:|1783562513\n|move|p1a: Mismagius|Shadow Ball|p2a: Bastiodon\n|-damage|p2a: Bastiodon|0 fnt\n|faint|p2a: Bastiodon\n|-damage|p1a: Mismagius|14/100|[from] item: Life Orb\n|\n|upkeep\n|inactive|Time left: 300 sec this turn | 300 sec total | 5 sec grace\n|\n|t:|1783562514\n|switch|p2a: Meowstic|Meowstic, L89, M|277/277\n|turn|10\n|inactive|Time left: 300 sec this turn | 300 sec total\n|\n|t:|1783562515\n|move|p2a: Meowstic|Alluring Voice|p1a: Mismagius\n|-damage|p1a: Mismagius|0 fnt\n|faint|p1a: Mismagius\n|\n|upkeep\n|\n|t:|1783562516\n|switch|p1a: Bisharp|Bisharp, L79, M|100/100\n|turn|11\n|inactive|Time left: 300 sec this turn | 300 sec total\n|\n|t:|1783562517\n|switch|p2a: Copperajah|Copperajah, L86, F|350/350\n|move|p1a: Bisharp|Iron Head|p2a: Copperajah\n|-resisted|p2a: Copperajah\n|-damage|p2a: Copperajah|293/350\n|\n|upkeep\n|turn|12\n|inactive|Time left: 300 sec this turn | 300 sec total\n|\n|t:|1783562518\n|move|p1a: Bisharp|Stealth Rock|p2a: Copperajah\n|-sidestart|p2: p0y20076695|move: Stealth Rock\n|move|p2a: Copperajah|Heat Crash|p1a: Bisharp\n|-supereffective|p1a: Bisharp\n|-damage|p1a: Bisharp|0 fnt\n|faint|p1a: Bisharp\n|\n|upkeep\n|\n|t:|1783562520\n|switch|p1a: Arceus|Arceus-Dragon, L71|100/100\n|turn|13\n|inactive|Time left: 300 sec this turn | 300 sec total\n|\n|t:|1783562520\n|switch|p2a: Primarina|Primarina, L83, M|268/268\n|-damage|p2a: Primarina|235/268|[from] Stealth Rock\n|move|p1a: Arceus|Swords Dance|p1a: Arceus\n|-boost|p1a: Arceus|atk|2\n|\n|upkeep\n|turn|14\n|inactive|Time left: 300 sec this turn | 300 sec total\n|\n|t:|1783562522\n|move|p1a: Arceus|Extreme Speed|p2a: Primarina\n|-damage|p2a: Primarina|122/268\n|move|p2a: Primarina|Moonblast|p1a: Arceus\n|-supereffective|p1a: Arceus\n|-damage|p1a: Arceus|0 fnt\n|faint|p1a: Arceus\n|\n|upkeep\n|\n|t:|1783562523\n|switch|p1a: Oinkologne|Oinkologne-F, L92, F|100/100\n|turn|15\n|inactive|Time left: 300 sec this turn | 300 sec total\n|\n|t:|1783562524\n|move|p1a: Oinkologne|Body Slam|p2a: Primarina\n|-damage|p2a: Primarina|7/268\n|move|p2a: Primarina|Moonblast|p1a: Oinkologne\n|-damage|p1a: Oinkologne|55/100\n|\n|-heal|p1a: Oinkologne|61/100|[from] item: Leftovers\n|upkeep\n|turn|16\n|inactive|Time left: 300 sec this turn | 300 sec total\n|\n|t:|1783562525\n|move|p1a: Oinkologne|Body Slam|p2a: Primarina\n|-damage|p2a: Primarina|0 fnt\n|faint|p2a: Primarina\n|\n|-heal|p1a: Oinkologne|68/100|[from] item: Leftovers\n|upkeep\n|inactive|Time left: 300 sec this turn | 300 sec total | 5 sec grace\n|\n|t:|1783562526\n|switch|p2a: Copperajah|Copperajah, L86, F|293/350\n|-damage|p2a: Copperajah|272/350|[from] Stealth Rock\n|turn|17\n|inactive|Time left: 300 sec this turn | 300 sec total\n|\n|t:|1783562527\n|move|p1a: Oinkologne|Curse|p1a: Oinkologne\n|-unboost|p1a: Oinkologne|spe|1\n|-boost|p1a: Oinkologne|atk|1\n|-boost|p1a: Oinkologne|def|1\n|move|p2a: Copperajah|Heavy Slam|p1a: Oinkologne\n|-damage|p1a: Oinkologne|20/100\n|\n|-heal|p1a: Oinkologne|26/100|[from] item: Leftovers\n|upkeep\n|turn|18\n|inactive|Time left: 300 sec this turn | 300 sec total\n|\n|t:|1783562528\n|move|p1a: Oinkologne|Rest|p1a: Oinkologne\n|-status|p1a: Oinkologne|slp|[from] move: Rest\n|-heal|p1a: Oinkologne|100/100 slp|[silent]\n|move|p2a: Copperajah|Heavy Slam|p1a: Oinkologne\n|-damage|p1a: Oinkologne|49/100 slp\n|\n|-heal|p1a: Oinkologne|55/100 slp|[from] item: Leftovers\n|upkeep\n|turn|19\n|inactive|Time left: 300 sec this turn | 300 sec total\n|\n|t:|1783562529\n|cant|p1a: Oinkologne|slp\n|move|p1a: Oinkologne|Sleep Talk|p1a: Oinkologne\n|move|p1a: Oinkologne|Rest||[from] move: Sleep Talk|[still]\n|-fail|p1a: Oinkologne\n|move|p2a: Copperajah|Heavy Slam|p1a: Oinkologne\n|-damage|p1a: Oinkologne|3/100 slp\n|\n|-heal|p1a: Oinkologne|9/100 slp|[from] item: Leftovers\n|upkeep\n|turn|20\n|inactive|Time left: 300 sec this turn | 300 sec total\n|\n|t:|1783562530\n|cant|p1a: Oinkologne|slp\n|move|p1a: Oinkologne|Sleep Talk|p1a: Oinkologne\n|move|p1a: Oinkologne|Rest||[from] move: Sleep Talk|[still]\n|-fail|p1a: Oinkologne\n|move|p2a: Copperajah|Heavy Slam|p1a: Oinkologne\n|-damage|p1a: Oinkologne|0 fnt\n|faint|p1a: Oinkologne\n|\n|upkeep\n|\n|t:|1783562531\n|switch|p1a: Umbreon|Umbreon, L84, M|100/100\n|turn|21\n|inactive|Time left: 300 sec this turn | 300 sec total\n|\n|t:|1783562532\n|move|p1a: Umbreon|Foul Play|p2a: Copperajah\n|-damage|p2a: Copperajah|124/350\n|move|p2a: Copperajah|Heavy Slam|p1a: Umbreon\n|-damage|p1a: Umbreon|31/100\n|\n|-heal|p1a: Umbreon|38/100|[from] item: Leftovers\n|upkeep\n|turn|22\n|inactive|Time left: 300 sec this turn | 300 sec total\n|\n|t:|1783562533\n|move|p1a: Umbreon|Foul Play|p2a: Copperajah\n|-damage|p2a: Copperajah|0 fnt\n|faint|p2a: Copperajah\n|\n|-heal|p1a: Umbreon|44/100|[from] item: Leftovers\n|upkeep\n|inactive|Time left: 300 sec this turn | 300 sec total | 5 sec grace\n|\n|t:|1783562534\n|switch|p2a: Kingdra|Kingdra, L84, F|263/263\n|-damage|p2a: Kingdra|231/263|[from] Stealth Rock\n|turn|23\n|inactive|Time left: 300 sec this turn | 300 sec total\n|\n|t:|1783562535\n|-terastallize|p2a: Kingdra|Water\n|move|p1a: Umbreon|Protect|p1a: Umbreon\n|-singleturn|p1a: Umbreon|Protect\n|move|p2a: Kingdra|Wave Crash|p1a: Umbreon\n|-activate|p1a: Umbreon|move: Protect\n|\n|-heal|p1a: Umbreon|50/100|[from] item: Leftovers\n|upkeep\n|turn|24\n|inactive|Time left: 300 sec this turn | 300 sec total\n|\n|t:|1783562536\n|move|p2a: Kingdra|Wave Crash|p1a: Umbreon\n|-damage|p1a: Umbreon|7/100\n|-damage|p2a: Kingdra|189/263|[from] Recoil\n|move|p1a: Umbreon|Wish|p1a: Umbreon\n|\n|-heal|p1a: Umbreon|13/100|[from] item: Leftovers\n|upkeep\n|turn|25\n|inactive|Time left: 300 sec this turn | 300 sec total\n|\n|t:|1783562537\n|move|p1a: Umbreon|Protect|p1a: Umbreon\n|-singleturn|p1a: Umbreon|Protect\n|move|p2a: Kingdra|Dragon Dance|p2a: Kingdra\n|-boost|p2a: Kingdra|atk|1\n|-boost|p2a: Kingdra|spe|1\n|\n|-heal|p1a: Umbreon|62/100|[from] move: Wish|[wisher] Umbreon\n|-heal|p1a: Umbreon|69/100|[from] item: Leftovers\n|upkeep\n|turn|26\n|inactive|Time left: 300 sec this turn | 300 sec total\n|\n|t:|1783562538\n|-terastallize|p1a: Umbreon|Poison\n|move|p2a: Kingdra|Wave Crash|p1a: Umbreon\n|-damage|p1a: Umbreon|0 fnt\n|faint|p1a: Umbreon\n|-damage|p2a: Kingdra|122/263|[from] Recoil\n|\n|win|p0y20076695", "uploadtime": 1783562538, "views": 0, "rating": 0, "private": 0, "password": null, "_winner": "p0y20076695", "_our_name": "p0y20076695"}