{"id": "battle-gen9randombattle-130", "formatid": "gen9randombattle", "format": "[Gen 9] Random Battle", "players": ["p0x130e1c6", "p0y13073e6"], "log": "|init|battle\n|title|p0x130e1c6 vs. p0y13073e6\n|j|\u2606p0x130e1c6\n|j|\u2606p0y13073e6\n|t:|1783540661\n|gametype|singles\n|player|p1|p0x130e1c6|170|\n|player|p2|p0y13073e6|265|\n|gen|9\n|tier|[Gen 9] Random Battle\n|rule|Species Clause: Limit one of each Pok\u00e9mon\n|rule|HP Percentage Mod: HP is shown in percentages\n|rule|Sleep Clause Mod: Limit one foe put to sleep\n|rule|Illusion Level Mod: Illusion disguises the Pok\u00e9mon's true level\n|\n|t:|1783540661\n|teamsize|p1|6\n|teamsize|p2|6\n|start\n|switch|p1a: Giratina|Giratina-Origin, L72|100/100\n|switch|p2a: Rotom|Rotom-Heat, L83|219/219\n|turn|1\n|inactive|Battle timer is ON: inactive players will automatically lose when time's up. (requested by p0y13073e6)\n|\n|t:|1783540662\n|switch|p2a: Ursaluna|Ursaluna, L79, M|335/335\n|move|p1a: Giratina|Poltergeist|p2a: Ursaluna\n|-immune|p2a: Ursaluna\n|\n|-status|p2a: Ursaluna|brn|[from] item: Flame Orb\n|upkeep\n|turn|2\n|inactive|Time left: 300 sec this turn | 300 sec total\n|inactive|p0x130e1c6 also wants the timer to be on.\n|\n|t:|1783540663\n|move|p1a: Giratina|Poltergeist|p2a: Ursaluna\n|-immune|p2a: Ursaluna\n|move|p2a: Ursaluna|Crunch|p1a: Giratina\n|-supereffective|p1a: Giratina\n|-damage|p1a: Giratina|32/100\n|\n|-damage|p2a: Ursaluna|315/335 brn|[from] brn\n|upkeep\n|turn|3\n|inactive|Time left: 300 sec this turn | 300 sec total\n|\n|t:|1783540664\n|move|p1a: Giratina|Draco Meteor|p2a: Ursaluna\n|-damage|p2a: Ursaluna|153/335 brn\n|-unboost|p1a: Giratina|spa|2\n|move|p2a: Ursaluna|Crunch|p1a: Giratina\n|-supereffective|p1a: Giratina\n|-damage|p1a: Giratina|0 fnt\n|faint|p1a: Giratina\n|\n|-damage|p2a: Ursaluna|133/335 brn|[from] brn\n|upkeep\n|\n|t:|1783540665\n|switch|p1a: Mamoswine|Mamoswine, L81, M|100/100\n|turn|4\n|inactive|Time left: 300 sec this turn | 300 sec total\n|\n|t:|1783540666\n|switch|p2a: Rotom|Rotom-Heat, L83|219/219\n|move|p1a: Mamoswine|Icicle Crash|p2a: Rotom\n|-resisted|p2a: Rotom\n|-damage|p2a: Rotom|153/219\n|\n|upkeep\n|turn|5\n|inactive|Time left: 300 sec this turn | 300 sec total\n|\n|t:|1783540668\n|move|p2a: Rotom|Will-O-Wisp|p1a: Mamoswine\n|-status|p1a: Mamoswine|brn\n|move|p1a: Mamoswine|Icicle Crash|p2a: Rotom|[miss]\n|-miss|p1a: Mamoswine|p2a: Rotom\n|\n|-damage|p1a: Mamoswine|94/100 brn|[from] brn\n|upkeep\n|turn|6\n|inactive|Time left: 300 sec this turn | 300 sec total\n|\n|t:|1783540668\n|move|p2a: Rotom|Pain Split|p1a: Mamoswine\n|-sethp|p1a: Mamoswine|72/100 brn|[from] move: Pain Split|[silent]\n|-sethp|p2a: Rotom|219/219|[from] move: Pain Split\n|move|p1a: Mamoswine|Icicle Crash|p2a: Rotom\n|-resisted|p2a: Rotom\n|-damage|p2a: Rotom|186/219\n|\n|-damage|p1a: Mamoswine|66/100 brn|[from] brn\n|upkeep\n|turn|7\n|inactive|Time left: 300 sec this turn | 300 sec total\n|\n|t:|1783540670\n|move|p2a: Rotom|Pain Split|p1a: Mamoswine\n|-sethp|p1a: Mamoswine|63/100 brn|[from] move: Pain Split|[silent]\n|-sethp|p2a: Rotom|194/219|[from] move: Pain Split\n|move|p1a: Mamoswine|Icicle Crash|p2a: Rotom|[miss]\n|-miss|p1a: Mamoswine|p2a: Rotom\n|\n|-damage|p1a: Mamoswine|57/100 brn|[from] brn\n|upkeep\n|turn|8\n|inactive|Time left: 300 sec this turn | 300 sec total\n|\n|t:|1783540671\n|switch|p2a: Zamazenta|Zamazenta-Crowned, L68|238/238\n|-ability|p2a: Zamazenta|Dauntless Shield|boost\n|-boost|p2a: Zamazenta|def|1\n|move|p1a: Mamoswine|Icicle Crash|p2a: Zamazenta\n|-resisted|p2a: Zamazenta\n|-damage|p2a: Zamazenta|217/238\n|\n|-damage|p1a: Mamoswine|51/100 brn|[from] brn\n|upkeep\n|turn|9\n|inactive|Time left: 300 sec this turn | 300 sec total\n|\n|t:|1783540672\n|switch|p1a: Vikavolt|Vikavolt, L83, M|100/100\n|move|p2a: Zamazenta|Body Press|p1a: Vikavolt\n|-resisted|p1a: Vikavolt\n|-damage|p1a: Vikavolt|80/100\n|\n|upkeep\n|turn|10\n|inactive|Time left: 300 sec this turn | 300 sec total\n|\n|t:|1783540673\n|move|p2a: Zamazenta|Stone Edge|p1a: Vikavolt\n|-supereffective|p1a: Vikavolt\n|-damage|p1a: Vikavolt|34/100\n|move|p1a: Vikavolt|Sticky Web|p2a: Zamazenta\n|-sidestart|p2: p0y13073e6|move: Sticky Web\n|\n|upkeep\n|turn|11\n|inactive|Time left: 300 sec this turn | 300 sec total\n|\n|t:|1783540674\n|move|p2a: Zamazenta|Body Press|p1a: Vikavolt\n|-resisted|p1a: Vikavolt\n|-damage|p1a: Vikavolt|12/100\n|move|p1a: Vikavolt|Thunderbolt|p2a: Zamazenta\n|-damage|p2a: Zamazenta|111/238\n|\n|upkeep\n|turn|12\n|inactive|Time left: 300 sec this turn | 300 sec total\n|\n|t:|1783540676\n|switch|p1a: Mamoswine|Mamoswine, L81, M|51/100 brn\n|move|p2a: Zamazenta|Body Press|p1a: Mamoswine\n|-supereffective|p1a: Mamoswine\n|-damage|p1a: Mamoswine|0 fnt\n|faint|p1a: Mamoswine\n|\n|upkeep\n|\n|t:|1783540677\n|switch|p1a: Dugtrio|Dugtrio-Alola, L84, M|100/100\n|turn|13\n|inactive|Time left: 300 sec this turn | 300 sec total\n|\n|t:|1783540678\n|-terastallize|p2a: Zamazenta|Ghost\n|move|p1a: Dugtrio|Earthquake|p2a: Zamazenta\n|-damage|p2a: Zamazenta|29/238\n|-damage|p1a: Dugtrio|91/100|[from] item: Life Orb\n|move|p2a: Zamazenta|Body Press|p1a: Dugtrio\n|-supereffective|p1a: Dugtrio\n|-damage|p1a: Dugtrio|0 fnt\n|-ability|p1a: Dugtrio|Tangling Hair\n|-unboost|p2a: Zamazenta|spe|1\n|faint|p1a: Dugtrio\n|\n|upkeep\n|\n|t:|1783540679\n|switch|p1a: Minior|Minior-Violet, L79|100/100\n|-formechange|p1a: Minior|Minior-Meteor||[from] ability: Shields Down\n|turn|14\n|inactive|Time left: 300 sec this turn | 300 sec total\n|\n|t:|1783540680\n|switch|p2a: Eelektross|Eelektross, L87, F|290/290\n|move|p1a: Minior|Shell Smash|p1a: Minior\n|-unboost|p1a: Minior|def|1\n|-unboost|p1a: Minior|spd|1\n|-boost|p1a: Minior|atk|2\n|-boost|p1a: Minior|spa|2\n|-boost|p1a: Minior|spe|2\n|-enditem|p1a: Minior|White Herb\n|-clearnegativeboost|p1a: Minior|[silent]\n|\n|upkeep\n|turn|15\n|inactive|Time left: 300 sec this turn | 300 sec total\n|\n|t:|1783540681\n|move|p1a: Minior|Power Gem|p2a: Eelektross\n|-damage|p2a: Eelektross|221/290\n|move|p2a: Eelektross|Discharge|p1a: Minior\n|-supereffective|p1a: Minior\n|-damage|p1a: Minior|17/100\n|\n|-formechange|p1a: Minior|Minior-Violet||[from] ability: Shields Down\n|upkeep\n|turn|16\n|inactive|Time left: 300 sec this turn | 300 sec total\n|\n|t:|1783540682\n|move|p1a: Minior|Power Gem|p2a: Eelektross\n|-damage|p2a: Eelektross|121/290\n|move|p2a: Eelektross|Flamethrower|p1a: Minior\n|-resisted|p1a: Minior\n|-damage|p1a: Minior|0 fnt\n|faint|p1a: Minior\n|\n|upkeep\n|\n|t:|1783540684\n|switch|p1a: Dewgong|Dewgong, L94, M|100/100\n|turn|17\n|inactive|Time left: 300 sec this turn | 300 sec total\n|\n|t:|1783540685\n|move|p1a: Dewgong|Ice Beam|p2a: Eelektross\n|-damage|p2a: Eelektross|54/290\n|-status|p2a: Eelektross|frz\n|cant|p2a: Eelektross|frz\n|\n|upkeep\n|turn|18\n|inactive|Time left: 300 sec this turn | 300 sec total\n|\n|t:|1783540686\n|switch|p2a: Rotom|Rotom-Heat, L83|194/219\n|move|p1a: Dewgong|Ice Beam|p2a: Rotom\n|-resisted|p2a: Rotom\n|-crit|p2a: Rotom\n|-damage|p2a: Rotom|131/219\n|\n|upkeep\n|turn|19\n|inactive|Time left: 300 sec this turn | 300 sec total\n|\n|t:|1783540687\n|move|p2a: Rotom|Pain Split|p1a: Dewgong\n|-sethp|p1a: Dewgong|71/100|[from] move: Pain Split|[silent]\n|-sethp|p2a: Rotom|219/219|[from] move: Pain Split\n|move|p1a: Dewgong|Hydro Pump|p2a: Rotom\n|-supereffective|p2a: Rotom\n|-damage|p2a: Rotom|15/219\n|\n|upkeep\n|turn|20\n|inactive|Time left: 300 sec this turn | 300 sec total\n|\n|t:|1783540688\n|move|p2a: Rotom|Pain Split|p1a: Dewgong\n|-sethp|p1a: Dewgong|38/100|[from] move: Pain Split|[silent]\n|-sethp|p2a: Rotom|120/219|[from] move: Pain Split\n|move|p1a: Dewgong|Hydro Pump|p2a: Rotom\n|-supereffective|p2a: Rotom\n|-damage|p2a: Rotom|0 fnt\n|faint|p2a: Rotom\n|\n|upkeep\n|inactive|Time left: 300 sec this turn | 300 sec total | 5 sec grace\n|\n|t:|1783540689\n|switch|p2a: Amoonguss|Amoonguss, L82, F|321/321\n|-activate|p2a: Amoonguss|move: Sticky Web\n|-unboost|p2a: Amoonguss|spe|1\n|turn|21\n|inactive|Time left: 300 sec this turn | 300 sec total\n|\n|t:|1783540690\n|move|p1a: Dewgong|Ice Beam|p2a: Amoonguss\n|-supereffective|p2a: Amoonguss\n|-crit|p2a: Amoonguss\n|-damage|p2a: Amoonguss|37/321\n|move|p2a: Amoonguss|Giga Drain|p1a: Dewgong\n|-supereffective|p1a: Dewgong\n|-damage|p1a: Dewgong|4/100\n|-heal|p2a: Amoonguss|91/321|[from] drain|[of] p1a: Dewgong\n|\n|upkeep\n|turn|22\n|inactive|Time left: 300 sec this turn | 300 sec total\n|\n|t:|1783540691\n|switch|p2a: Eelektross|Eelektross, L87, F|54/290 frz\n|move|p1a: Dewgong|Ice Beam|p2a: Eelektross\n|-damage|p2a: Eelektross|0 fnt\n|faint|p2a: Eelektross\n|\n|upkeep\n|inactive|Time left: 300 sec this turn | 300 sec total | 5 sec grace\n|\n|t:|1783540692\n|switch|p2a: Amoonguss|Amoonguss, L82, F|198/321\n|-activate|p2a: Amoonguss|move: Sticky Web\n|-unboost|p2a: Amoonguss|spe|1\n|turn|23\n|inactive|Time left: 300 sec this turn | 300 sec total\n|\n|t:|1783540693\n|switch|p2a: Zamazenta|Zamazenta-Crowned, L68, tera:Ghost|29/238\n|-activate|p2a: Zamazenta|move: Sticky Web\n|-unboost|p2a: Zamazenta|spe|1\n|move|p1a: Dewgong|Ice Beam|p2a: Zamazenta\n|-damage|p2a: Zamazenta|0 fnt\n|faint|p2a: Zamazenta\n|\n|upkeep\n|inactive|Time left: 300 sec this turn | 300 sec total | 5 sec grace\n|\n|t:|1783540694\n|switch|p2a: Amoonguss|Amoonguss, L82, F|305/321\n|-activate|p2a: Amoonguss|move: Sticky Web\n|-unboost|p2a: Amoonguss|spe|1\n|turn|24\n|inactive|Time left: 300 sec this turn | 300 sec total\n|\n|t:|1783540694\n|move|p1a: Dewgong|Ice Beam|p2a: Amoonguss\n|-supereffective|p2a: Amoonguss\n|-damage|p2a: Amoonguss|93/321\n|-status|p2a: Amoonguss|frz\n|cant|p2a: Amoonguss|frz\n|\n|upkeep\n|turn|25\n|inactive|Time left: 300 sec this turn | 300 sec total\n|\n|t:|1783540695\n|move|p1a: Dewgong|Ice Beam|p2a: Amoonguss\n|-supereffective|p2a: Amoonguss\n|-damage|p2a: Amoonguss|0 fnt\n|faint|p2a: Amoonguss\n|\n|upkeep\n|inactive|Time left: 300 sec this turn | 300 sec total | 5 sec grace\n|\n|t:|1783540696\n|switch|p2a: Tropius|Tropius, L91, M|328/328\n|turn|26\n|inactive|Time left: 300 sec this turn | 300 sec total\n|\n|t:|1783540697\n|-terastallize|p1a: Dewgong|Dragon\n|move|p1a: Dewgong|Ice Beam|p2a: Tropius\n|-supereffective|p2a: Tropius\n|-damage|p2a: Tropius|4/328\n|-enditem|p2a: Tropius|Sitrus Berry|[eat]\n|-heal|p2a: Tropius|86/328|[from] item: Sitrus Berry\n|move|p2a: Tropius|Earthquake|p1a: Dewgong\n|-damage|p1a: Dewgong|0 fnt\n|faint|p1a: Dewgong\n|\n|upkeep\n|\n|t:|1783540698\n|switch|p1a: Vikavolt|Vikavolt, L83, M|12/100\n|turn|27\n|inactive|Time left: 300 sec this turn | 300 sec total\n|\n|t:|1783540699\n|move|p2a: Tropius|Dual Wingbeat|p1a: Vikavolt\n|-crit|p1a: Vikavolt\n|-damage|p1a: Vikavolt|0 fnt\n|faint|p1a: Vikavolt\n|-hitcount|p1: Vikavolt|1\n|\n|win|p0y13073e6", "uploadtime": 1783540699, "views": 0, "rating": 0, "private": 0, "password": null, "_winner": "p0y13073e6", "_our_name": "p0y13073e6"}