{"id": "battle-gen9randombattle-2306", "formatid": "gen9randombattle", "format": "[Gen 9] Random Battle", "players": ["p0x230643f8", "p0y23063b26"], "log": "|init|battle\n|title|p0x230643f8 vs. p0y23063b26\n|j|\u2606p0x230643f8\n|j|\u2606p0y23063b26\n|t:|1783566784\n|gametype|singles\n|player|p1|p0x230643f8|265|\n|player|p2|p0y23063b26|169|\n|gen|9\n|tier|[Gen 9] Random Battle\n|rule|Species Clause: Limit one of each Pok\u00e9mon\n|rule|HP Percentage Mod: HP is shown in percentages\n|rule|Sleep Clause Mod: Limit one foe put to sleep\n|rule|Illusion Level Mod: Illusion disguises the Pok\u00e9mon's true level\n|\n|t:|1783566784\n|teamsize|p1|6\n|teamsize|p2|6\n|start\n|switch|p1a: Inteleon|Inteleon, L81, M|100/100\n|switch|p2a: Mabosstiff|Mabosstiff, L86, M|278/278\n|turn|1\n|inactive|Battle timer is ON: inactive players will automatically lose when time's up. (requested by p0y23063b26)\n|inactive|p0x230643f8 also wants the timer to be on.\n|\n|t:|1783566786\n|move|p2a: Mabosstiff|Crunch|p1a: Inteleon\n|-damage|p1a: Inteleon|44/100\n|move|p1a: Inteleon|Scald|p2a: Mabosstiff\n|-damage|p2a: Mabosstiff|103/278\n|-status|p2a: Mabosstiff|brn\n|\n|-damage|p2a: Mabosstiff|86/278 brn|[from] brn\n|upkeep\n|turn|2\n|inactive|Time left: 300 sec this turn | 300 sec total\n|\n|t:|1783566787\n|move|p2a: Mabosstiff|Crunch|p1a: Inteleon\n|-damage|p1a: Inteleon|16/100\n|move|p1a: Inteleon|Scald|p2a: Mabosstiff\n|-damage|p2a: Mabosstiff|0 fnt\n|faint|p2a: Mabosstiff\n|\n|upkeep\n|inactive|Time left: 300 sec this turn | 300 sec total | 5 sec grace\n|\n|t:|1783566788\n|switch|p2a: Abomasnow|Abomasnow, L84, M|287/287\n|-weather|Snowscape|[from] ability: Snow Warning|[of] p2a: Abomasnow\n|turn|3\n|inactive|Time left: 300 sec this turn | 300 sec total\n|\n|t:|1783566790\n|move|p1a: Inteleon|Scald|p2a: Abomasnow\n|-resisted|p2a: Abomasnow\n|-damage|p2a: Abomasnow|180/287\n|-status|p2a: Abomasnow|brn\n|move|p2a: Abomasnow|Aurora Veil|p2a: Abomasnow\n|-sidestart|p2: p0y23063b26|move: Aurora Veil\n|\n|-weather|Snowscape|[upkeep]\n|-damage|p2a: Abomasnow|163/287 brn|[from] brn\n|upkeep\n|turn|4\n|inactive|Time left: 300 sec this turn | 300 sec total\n|\n|t:|1783566791\n|move|p1a: Inteleon|Scald|p2a: Abomasnow\n|-resisted|p2a: Abomasnow\n|-damage|p2a: Abomasnow|111/287 brn\n|move|p2a: Abomasnow|Blizzard|p1a: Inteleon\n|-resisted|p1a: Inteleon\n|-damage|p1a: Inteleon|0 fnt\n|faint|p1a: Inteleon\n|\n|-weather|Snowscape|[upkeep]\n|-damage|p2a: Abomasnow|94/287 brn|[from] brn\n|upkeep\n|\n|t:|1783566792\n|switch|p1a: Girafarig|Girafarig, L89, F|100/100\n|turn|5\n|inactive|Time left: 300 sec this turn | 300 sec total\n|\n|t:|1783566793\n|move|p1a: Girafarig|Nasty Plot|p1a: Girafarig\n|-boost|p1a: Girafarig|spa|2\n|move|p2a: Abomasnow|Blizzard|p1a: Girafarig\n|-damage|p1a: Girafarig|70/100\n|-status|p1a: Girafarig|frz\n|\n|-weather|Snowscape|[upkeep]\n|-damage|p2a: Abomasnow|77/287 brn|[from] brn\n|upkeep\n|turn|6\n|inactive|Time left: 300 sec this turn | 300 sec total\n|\n|t:|1783566794\n|switch|p2a: Malamar|Malamar, L82, F|275/275\n|cant|p1a: Girafarig|frz\n|\n|-weather|Snowscape|[upkeep]\n|upkeep\n|turn|7\n|inactive|Time left: 300 sec this turn | 300 sec total\n|\n|t:|1783566795\n|-curestatus|p1a: Girafarig|frz|[msg]\n|move|p1a: Girafarig|Hyper Voice|p2a: Malamar\n|-damage|p2a: Malamar|158/275\n|move|p2a: Malamar|Superpower|p1a: Girafarig\n|-damage|p1a: Girafarig|46/100\n|-boost|p2a: Malamar|atk|1\n|-boost|p2a: Malamar|def|1\n|\n|-weather|none\n|-heal|p2a: Malamar|175/275|[from] item: Leftovers\n|upkeep\n|turn|8\n|inactive|Time left: 300 sec this turn | 300 sec total\n|\n|t:|1783566797\n|-terastallize|p1a: Girafarig|Electric\n|move|p1a: Girafarig|Thunderbolt|p2a: Malamar\n|-damage|p2a: Malamar|55/275\n|move|p2a: Malamar|Knock Off|p1a: Girafarig\n|-damage|p1a: Girafarig|5/100\n|-enditem|p1a: Girafarig|Eviolite|[from] move: Knock Off|[of] p2a: Malamar\n|\n|-heal|p2a: Malamar|72/275|[from] item: Leftovers\n|upkeep\n|turn|9\n|inactive|Time left: 300 sec this turn | 300 sec total\n|\n|t:|1783566798\n|switch|p2a: Pachirisu|Pachirisu, L96, F|271/271\n|move|p1a: Girafarig|Thunderbolt|p2a: Pachirisu\n|-immune|p2a: Pachirisu|[from] ability: Volt Absorb\n|\n|upkeep\n|turn|10\n|inactive|Time left: 300 sec this turn | 300 sec total\n|\n|t:|1783566799\n|move|p2a: Pachirisu|U-turn|p1a: Girafarig\n|-crit|p1a: Girafarig\n|-damage|p1a: Girafarig|0 fnt\n|faint|p1a: Girafarig\n|inactive|Time left: 300 sec this turn | 300 sec total | 5 sec grace\n|\n|t:|1783566800\n|switch|p2a: Abomasnow|Abomasnow, L84, M|77/287 brn|[from] U-turn\n|-weather|Snowscape|[from] ability: Snow Warning|[of] p2a: Abomasnow\n|\n|-weather|Snowscape|[upkeep]\n|-damage|p2a: Abomasnow|60/287 brn|[from] brn\n|-sideend|p2: p0y23063b26|move: Aurora Veil\n|upkeep\n|\n|t:|1783566801\n|switch|p1a: Clawitzer|Clawitzer, L87, M|100/100\n|turn|11\n|inactive|Time left: 300 sec this turn | 300 sec total\n|\n|t:|1783566802\n|move|p1a: Clawitzer|Water Pulse|p2a: Abomasnow\n|-resisted|p2a: Abomasnow\n|-damage|p2a: Abomasnow|0 fnt\n|faint|p2a: Abomasnow\n|\n|-weather|Snowscape|[upkeep]\n|upkeep\n|inactive|Time left: 300 sec this turn | 300 sec total | 5 sec grace\n|\n|t:|1783566802\n|switch|p2a: Pachirisu|Pachirisu, L96, F|271/271\n|turn|12\n|inactive|Time left: 300 sec this turn | 300 sec total\n|\n|t:|1783566803\n|move|p2a: Pachirisu|Super Fang|p1a: Clawitzer\n|-damage|p1a: Clawitzer|51/100\n|move|p1a: Clawitzer|Water Pulse|p2a: Pachirisu\n|-crit|p2a: Pachirisu\n|-damage|p2a: Pachirisu|114/271\n|\n|-weather|Snowscape|[upkeep]\n|upkeep\n|turn|13\n|inactive|Time left: 300 sec this turn | 300 sec total\n|\n|t:|1783566804\n|move|p2a: Pachirisu|Nuzzle|p1a: Clawitzer\n|-supereffective|p1a: Clawitzer\n|-damage|p1a: Clawitzer|37/100\n|-status|p1a: Clawitzer|par\n|move|p1a: Clawitzer|Water Pulse|p2a: Pachirisu\n|-damage|p2a: Pachirisu|15/271\n|-start|p2a: Pachirisu|confusion\n|\n|-weather|Snowscape|[upkeep]\n|upkeep\n|turn|14\n|inactive|Time left: 300 sec this turn | 300 sec total\n|\n|t:|1783566805\n|-activate|p2a: Pachirisu|confusion\n|-damage|p2a: Pachirisu|0 fnt|[from] confusion\n|faint|p2a: Pachirisu\n|move|p1a: Clawitzer|Water Pulse|p2: Pachirisu|[notarget]\n|-fail|p1a: Clawitzer\n|\n|-weather|none\n|upkeep\n|inactive|Time left: 300 sec this turn | 300 sec total | 5 sec grace\n|\n|t:|1783566805\n|switch|p2a: Dusknoir|Dusknoir, L89, F|225/225\n|-item|p1a: Clawitzer|Choice Specs|[from] ability: Frisk|[of] p2a: Dusknoir\n|turn|15\n|inactive|Time left: 300 sec this turn | 300 sec total\n|\n|t:|1783566806\n|switch|p1a: Staraptor|Staraptor, L79, M|100/100\n|move|p2a: Dusknoir|Poltergeist|p1a: Staraptor\n|-immune|p1a: Staraptor\n|\n|upkeep\n|turn|16\n|inactive|Time left: 300 sec this turn | 300 sec total\n|\n|t:|1783566807\n|move|p1a: Staraptor|Brave Bird|p2a: Dusknoir\n|-damage|p2a: Dusknoir|56/225\n|-damage|p1a: Staraptor|79/100|[from] Recoil\n|move|p2a: Dusknoir|Substitute|p2a: Dusknoir\n|-fail|p2a: Dusknoir|move: Substitute|[weak]\n|\n|-heal|p2a: Dusknoir|70/225|[from] item: Leftovers\n|upkeep\n|turn|17\n|inactive|Time left: 300 sec this turn | 300 sec total\n|\n|t:|1783566807\n|switch|p2a: Malamar|Malamar, L82, F|72/275\n|move|p1a: Staraptor|Brave Bird|p2a: Malamar\n|-damage|p2a: Malamar|0 fnt\n|faint|p2a: Malamar\n|-damage|p1a: Staraptor|70/100|[from] Recoil\n|\n|upkeep\n|inactive|Time left: 300 sec this turn | 300 sec total | 5 sec grace\n|\n|t:|1783566808\n|switch|p2a: Cyclizar|Cyclizar, L84, F|255/255\n|turn|18\n|inactive|Time left: 300 sec this turn | 300 sec total\n|\n|t:|1783566809\n|move|p2a: Cyclizar|Draco Meteor|p1a: Staraptor\n|-damage|p1a: Staraptor|6/100\n|-unboost|p2a: Cyclizar|spa|2\n|move|p1a: Staraptor|Brave Bird|p2a: Cyclizar\n|-damage|p2a: Cyclizar|0 fnt\n|faint|p2a: Cyclizar\n|-damage|p1a: Staraptor|0 fnt|[from] Recoil\n|faint|p1a: Staraptor\n|\n|upkeep\n|inactive|Time left: 300 sec this turn | 300 sec total | 5 sec grace\n|\n|t:|1783566810\n|switch|p2a: Dusknoir|Dusknoir, L89, F|70/225\n|switch|p1a: Leafeon|Leafeon, L88, M|100/100\n|-item|p1a: Leafeon|Life Orb|[from] ability: Frisk|[of] p2a: Dusknoir\n|turn|19\n|inactive|Time left: 300 sec this turn | 300 sec total\n|\n|t:|1783566811\n|move|p1a: Leafeon|Leaf Blade|p2a: Dusknoir\n|-damage|p2a: Dusknoir|0 fnt\n|faint|p2a: Dusknoir\n|-damage|p1a: Leafeon|91/100|[from] item: Life Orb\n|\n|win|p0x230643f8", "uploadtime": 1783566811, "views": 0, "rating": 0, "private": 0, "password": null, "_winner": "p0x230643f8", "_our_name": "p0y23063b26"}