{"id": "battle-gen9randombattle-392", "formatid": "gen9randombattle", "format": "[Gen 9] Random Battle", "players": ["p0x3926fba", "p0y39215b4"], "log": "|init|battle\n|title|p0x3926fba vs. p0y39215b4\n|j|\u2606p0x3926fba\n|j|\u2606p0y39215b4\n|t:|1783543633\n|gametype|singles\n|player|p1|p0x3926fba|1|\n|player|p2|p0y39215b4|101|\n|gen|9\n|tier|[Gen 9] Random Battle\n|rule|Species Clause: Limit one of each Pok\u00e9mon\n|rule|HP Percentage Mod: HP is shown in percentages\n|rule|Sleep Clause Mod: Limit one foe put to sleep\n|rule|Illusion Level Mod: Illusion disguises the Pok\u00e9mon's true level\n|\n|t:|1783543633\n|teamsize|p1|6\n|teamsize|p2|6\n|start\n|switch|p1a: Camerupt|Camerupt, L91, M|275/275\n|switch|p2a: Hydrapple|Hydrapple, L83, F|100/100\n|turn|1\n|inactive|Battle timer is ON: inactive players will automatically lose when time's up. (requested by p0y39215b4)\n|inactive|Time left: 300 sec this turn | 300 sec total | 60 sec grace\n|inactive|p0x3926fba also wants the timer to be on.\n|\n|t:|1783543634\n|move|p1a: Camerupt|Stealth Rock|p2a: Hydrapple\n|-sidestart|p2: p0y39215b4|move: Stealth Rock\n|move|p2a: Hydrapple|Fickle Beam|p1a: Camerupt|[anim] Fickle Beam All Out\n|-activate|p2a: Hydrapple|move: Fickle Beam\n|-damage|p1a: Camerupt|59/275\n|\n|-heal|p1a: Camerupt|76/275|[from] item: Leftovers\n|upkeep\n|turn|2\n|inactive|Time left: 300 sec this turn | 300 sec total\n|\n|t:|1783543635\n|move|p1a: Camerupt|Overheat|p2a: Hydrapple|[miss]\n|-miss|p1a: Camerupt|p2a: Hydrapple\n|move|p2a: Hydrapple|Fickle Beam|p1a: Camerupt|[anim] Fickle Beam All Out\n|-activate|p2a: Hydrapple|move: Fickle Beam\n|-damage|p1a: Camerupt|0 fnt\n|faint|p1a: Camerupt\n|\n|upkeep\n|inactive|Time left: 300 sec this turn | 300 sec total | 5 sec grace\n|\n|t:|1783543636\n|switch|p1a: Mismagius|Mismagius, L86, F|243/243\n|turn|3\n|inactive|Time left: 300 sec this turn | 300 sec total\n|\n|t:|1783543637\n|move|p1a: Mismagius|Nasty Plot|p1a: Mismagius\n|-boost|p1a: Mismagius|spa|2\n|move|p2a: Hydrapple|Fickle Beam|p1a: Mismagius|[anim] Fickle Beam All Out\n|-activate|p2a: Hydrapple|move: Fickle Beam\n|-damage|p1a: Mismagius|80/243\n|\n|-heal|p1a: Mismagius|95/243|[from] item: Leftovers\n|upkeep\n|turn|4\n|inactive|Time left: 300 sec this turn | 300 sec total\n|\n|t:|1783543638\n|move|p1a: Mismagius|Shadow Ball|p2a: Hydrapple\n|-damage|p2a: Hydrapple|36/100\n|move|p2a: Hydrapple|Fickle Beam|p1a: Mismagius\n|-damage|p1a: Mismagius|10/243\n|\n|-heal|p1a: Mismagius|25/243|[from] item: Leftovers\n|-heal|p2a: Hydrapple|42/100|[from] item: Leftovers\n|upkeep\n|turn|5\n|inactive|Time left: 300 sec this turn | 300 sec total\n|\n|t:|1783543639\n|switch|p2a: Frosmoth|Frosmoth, L82, M|100/100\n|move|p1a: Mismagius|Shadow Ball|p2a: Frosmoth\n|-damage|p2a: Frosmoth|62/100\n|\n|-heal|p1a: Mismagius|40/243|[from] item: Leftovers\n|upkeep\n|turn|6\n|inactive|Time left: 300 sec this turn | 300 sec total\n|\n|t:|1783543640\n|move|p1a: Mismagius|Shadow Ball|p2a: Frosmoth\n|-damage|p2a: Frosmoth|23/100\n|move|p2a: Frosmoth|Ice Beam|p1a: Mismagius\n|-damage|p1a: Mismagius|0 fnt\n|faint|p1a: Mismagius\n|\n|upkeep\n|inactive|Time left: 300 sec this turn | 300 sec total | 5 sec grace\n|\n|t:|1783543641\n|switch|p1a: Lokix|Lokix, L82, F|251/251\n|turn|7\n|inactive|Time left: 300 sec this turn | 300 sec total\n|\n|t:|1783543642\n|switch|p2a: Dondozo|Dondozo, L78, M|100/100\n|-damage|p2a: Dondozo|88/100|[from] Stealth Rock\n|move|p1a: Lokix|First Impression|p2a: Dondozo\n|-damage|p2a: Dondozo|62/100\n|\n|-heal|p2a: Dondozo|68/100|[from] item: Leftovers\n|upkeep\n|turn|8\n|inactive|Time left: 300 sec this turn | 300 sec total\n|\n|t:|1783543643\n|move|p1a: Lokix|U-turn|p2a: Dondozo\n|-damage|p2a: Dondozo|48/100\n|inactive|Time left: 300 sec this turn | 300 sec total | 5 sec grace\n|\n|t:|1783543645\n|switch|p1a: Palossand|Palossand, L89, M|296/296|[from] U-turn\n|move|p2a: Dondozo|Wave Crash|p1a: Palossand\n|-supereffective|p1a: Palossand\n|-damage|p1a: Palossand|126/296\n|-ability|p1a: Palossand|Water Compaction|boost\n|-boost|p1a: Palossand|def|2\n|-damage|p2a: Dondozo|32/100|[from] Recoil\n|\n|-heal|p1a: Palossand|144/296|[from] item: Leftovers\n|-heal|p2a: Dondozo|38/100|[from] item: Leftovers\n|upkeep\n|turn|9\n|inactive|Time left: 300 sec this turn | 300 sec total\n|\n|t:|1783543646\n|switch|p2a: Frosmoth|Frosmoth, L82, M|23/100\n|move|p1a: Palossand|Shore Up|p1a: Palossand\n|-heal|p1a: Palossand|292/296\n|\n|-heal|p1a: Palossand|296/296|[from] item: Leftovers\n|upkeep\n|turn|10\n|inactive|Time left: 300 sec this turn | 300 sec total\n|\n|t:|1783543647\n|move|p2a: Frosmoth|Ice Beam|p1a: Palossand\n|-supereffective|p1a: Palossand\n|-damage|p1a: Palossand|54/296\n|move|p1a: Palossand|Shadow Ball|p2a: Frosmoth\n|-damage|p2a: Frosmoth|3/100\n|-unboost|p2a: Frosmoth|spd|1\n|\n|-heal|p1a: Palossand|72/296|[from] item: Leftovers\n|upkeep\n|turn|11\n|inactive|Time left: 300 sec this turn | 300 sec total\n|\n|t:|1783543648\n|move|p2a: Frosmoth|Ice Beam|p1a: Palossand\n|-supereffective|p1a: Palossand\n|-damage|p1a: Palossand|0 fnt\n|faint|p1a: Palossand\n|\n|upkeep\n|inactive|Time left: 300 sec this turn | 300 sec total | 5 sec grace\n|\n|t:|1783543649\n|switch|p1a: Lokix|Lokix, L82, F|251/251\n|turn|12\n|inactive|Time left: 300 sec this turn | 300 sec total\n|\n|t:|1783543650\n|move|p1a: Lokix|Knock Off|p2a: Frosmoth\n|-damage|p2a: Frosmoth|0 fnt\n|-enditem|p2a: Frosmoth|Heavy-Duty Boots|[from] move: Knock Off|[of] p1a: Lokix\n|faint|p2a: Frosmoth\n|\n|upkeep\n|\n|t:|1783543651\n|switch|p2a: Hydrapple|Hydrapple, L83, F|75/100\n|-damage|p2a: Hydrapple|63/100|[from] Stealth Rock\n|turn|13\n|inactive|Time left: 300 sec this turn | 300 sec total\n|\n|t:|1783543652\n|move|p1a: Lokix|U-turn|p2a: Hydrapple\n|-supereffective|p2a: Hydrapple\n|-damage|p2a: Hydrapple|12/100\n|inactive|Time left: 300 sec this turn | 300 sec total | 5 sec grace\n|\n|t:|1783543653\n|switch|p1a: Bellibolt|Bellibolt, L84, M|320/320|[from] U-turn\n|move|p2a: Hydrapple|Recover|p2a: Hydrapple\n|-heal|p2a: Hydrapple|62/100\n|\n|-heal|p2a: Hydrapple|68/100|[from] item: Leftovers\n|upkeep\n|turn|14\n|inactive|Time left: 300 sec this turn | 300 sec total\n|\n|t:|1783543654\n|move|p1a: Bellibolt|Volt Switch|p2a: Hydrapple\n|-resisted|p2a: Hydrapple\n|-damage|p2a: Hydrapple|62/100\n|inactive|Time left: 300 sec this turn | 300 sec total | 5 sec grace\n|\n|t:|1783543655\n|switch|p1a: Lokix|Lokix, L82, F|251/251|[from] Volt Switch\n|move|p2a: Hydrapple|Nasty Plot|p2a: Hydrapple\n|-boost|p2a: Hydrapple|spa|2\n|\n|-heal|p2a: Hydrapple|68/100|[from] item: Leftovers\n|upkeep\n|turn|15\n|inactive|Time left: 300 sec this turn | 300 sec total\n|\n|t:|1783543656\n|-terastallize|p1a: Lokix|Bug\n|-terastallize|p2a: Hydrapple|Steel\n|move|p1a: Lokix|First Impression|p2a: Hydrapple\n|-resisted|p2a: Hydrapple\n|-damage|p2a: Hydrapple|25/100\n|move|p2a: Hydrapple|Fickle Beam|p1a: Lokix\n|-damage|p1a: Lokix|0 fnt\n|faint|p1a: Lokix\n|\n|-heal|p2a: Hydrapple|31/100|[from] item: Leftovers\n|upkeep\n|inactive|Time left: 300 sec this turn | 300 sec total | 5 sec grace\n|\n|t:|1783543657\n|switch|p1a: Bellibolt|Bellibolt, L84, M|320/320\n|turn|16\n|inactive|Time left: 300 sec this turn | 300 sec total\n|\n|t:|1783543658\n|switch|p2a: Chansey|Chansey, L85, F|100/100\n|-damage|p2a: Chansey|88/100|[from] Stealth Rock\n|move|p1a: Bellibolt|Thunderbolt|p2a: Chansey\n|-damage|p2a: Chansey|79/100\n|\n|upkeep\n|turn|17\n|inactive|Time left: 300 sec this turn | 300 sec total\n|\n|t:|1783543659\n|move|p2a: Chansey|Seismic Toss|p1a: Bellibolt\n|-damage|p1a: Bellibolt|235/320\n|-start|p1a: Bellibolt|Charge|Seismic Toss|[from] ability: Electromorphosis\n|move|p1a: Bellibolt|Thunderbolt|p2a: Chansey\n|-damage|p2a: Chansey|58/100\n|-end|p1a: Bellibolt|Charge|[silent]\n|\n|-heal|p1a: Bellibolt|255/320|[from] item: Leftovers\n|upkeep\n|turn|18\n|inactive|Time left: 300 sec this turn | 300 sec total\n|\n|t:|1783543660\n|move|p2a: Chansey|Soft-Boiled|p2a: Chansey\n|-heal|p2a: Chansey|100/100\n|move|p1a: Bellibolt|Thunderbolt|p2a: Chansey\n|-damage|p2a: Chansey|91/100\n|\n|-heal|p1a: Bellibolt|275/320|[from] item: Leftovers\n|upkeep\n|turn|19\n|inactive|Time left: 300 sec this turn | 300 sec total\n|\n|t:|1783543661\n|move|p2a: Chansey|Seismic Toss|p1a: Bellibolt\n|-damage|p1a: Bellibolt|190/320\n|-start|p1a: Bellibolt|Charge|Seismic Toss|[from] ability: Electromorphosis\n|move|p1a: Bellibolt|Thunderbolt|p2a: Chansey\n|-damage|p2a: Chansey|71/100\n|-status|p2a: Chansey|par\n|-end|p1a: Bellibolt|Charge|[silent]\n|\n|-heal|p1a: Bellibolt|210/320|[from] item: Leftovers\n|upkeep\n|turn|20\n|inactive|Time left: 300 sec this turn | 300 sec total\n|\n|t:|1783543662\n|move|p1a: Bellibolt|Thunderbolt|p2a: Chansey\n|-damage|p2a: Chansey|62/100 par\n|cant|p2a: Chansey|par\n|\n|-heal|p1a: Bellibolt|230/320|[from] item: Leftovers\n|upkeep\n|turn|21\n|inactive|Time left: 300 sec this turn | 300 sec total\n|\n|t:|1783543664\n|move|p1a: Bellibolt|Thunderbolt|p2a: Chansey\n|-damage|p2a: Chansey|52/100 par\n|move|p2a: Chansey|Soft-Boiled|p2a: Chansey\n|-heal|p2a: Chansey|100/100 par\n|\n|-heal|p1a: Bellibolt|250/320|[from] item: Leftovers\n|upkeep\n|turn|22\n|inactive|Time left: 300 sec this turn | 300 sec total\n|\n|t:|1783543665\n|-curestatus|p2a: Chansey|par|[from] ability: Natural Cure|[silent]\n|switch|p2a: Hydrapple|Hydrapple, L83, F, tera:Steel|65/100\n|-damage|p2a: Hydrapple|59/100|[from] Stealth Rock\n|move|p1a: Bellibolt|Thunderbolt|p2a: Hydrapple\n|-damage|p2a: Hydrapple|25/100\n|\n|-heal|p1a: Bellibolt|270/320|[from] item: Leftovers\n|-heal|p2a: Hydrapple|31/100|[from] item: Leftovers\n|upkeep\n|turn|23\n|inactive|Time left: 300 sec this turn | 300 sec total\n|\n|t:|1783543666\n|switch|p2a: Chansey|Chansey, L85, F|100/100\n|-damage|p2a: Chansey|88/100|[from] Stealth Rock\n|move|p1a: Bellibolt|Thunderbolt|p2a: Chansey\n|-damage|p2a: Chansey|79/100\n|\n|-heal|p1a: Bellibolt|290/320|[from] item: Leftovers\n|upkeep\n|turn|24\n|inactive|Time left: 300 sec this turn | 300 sec total\n|\n|t:|1783543667\n|move|p2a: Chansey|Seismic Toss|p1a: Bellibolt\n|-damage|p1a: Bellibolt|205/320\n|-start|p1a: Bellibolt|Charge|Seismic Toss|[from] ability: Electromorphosis\n|move|p1a: Bellibolt|Thunderbolt|p2a: Chansey\n|-damage|p2a: Chansey|59/100\n|-end|p1a: Bellibolt|Charge|[silent]\n|\n|-heal|p1a: Bellibolt|225/320|[from] item: Leftovers\n|upkeep\n|turn|25\n|inactive|Time left: 300 sec this turn | 300 sec total\n|\n|t:|1783543668\n|move|p2a: Chansey|Soft-Boiled|p2a: Chansey\n|-heal|p2a: Chansey|100/100\n|move|p1a: Bellibolt|Thunderbolt|p2a: Chansey\n|-damage|p2a: Chansey|90/100\n|\n|-heal|p1a: Bellibolt|245/320|[from] item: Leftovers\n|upkeep\n|turn|26\n|inactive|Time left: 300 sec this turn | 300 sec total\n|\n|t:|1783543669\n|move|p2a: Chansey|Seismic Toss|p1a: Bellibolt\n|-damage|p1a: Bellibolt|160/320\n|-start|p1a: Bellibolt|Charge|Seismic Toss|[from] ability: Electromorphosis\n|move|p1a: Bellibolt|Thunderbolt|p2a: Chansey\n|-damage|p2a: Chansey|69/100\n|-end|p1a: Bellibolt|Charge|[silent]\n|\n|-heal|p1a: Bellibolt|180/320|[from] item: Leftovers\n|upkeep\n|turn|27\n|inactive|Time left: 300 sec this turn | 300 sec total\n|\n|t:|1783543670\n|move|p2a: Chansey|Soft-Boiled|p2a: Chansey\n|-heal|p2a: Chansey|100/100\n|move|p1a: Bellibolt|Slack Off|p1a: Bellibolt\n|-heal|p1a: Bellibolt|320/320\n|\n|upkeep\n|turn|28\n|inactive|Time left: 300 sec this turn | 300 sec total\n|\n|t:|1783543671\n|move|p2a: Chansey|Seismic Toss|p1a: Bellibolt\n|-damage|p1a: Bellibolt|235/320\n|-start|p1a: Bellibolt|Charge|Seismic Toss|[from] ability: Electromorphosis\n|move|p1a: Bellibolt|Thunderbolt|p2a: Chansey\n|-damage|p2a: Chansey|79/100\n|-end|p1a: Bellibolt|Charge|[silent]\n|\n|-heal|p1a: Bellibolt|255/320|[from] item: Leftovers\n|upkeep\n|turn|29\n|inactive|Time left: 300 sec this turn | 300 sec total\n|\n|t:|1783543672\n|move|p2a: Chansey|Soft-Boiled|p2a: Chansey\n|-heal|p2a: Chansey|100/100\n|move|p1a: Bellibolt|Thunderbolt|p2a: Chansey\n|-crit|p2a: Chansey\n|-damage|p2a: Chansey|86/100\n|\n|-heal|p1a: Bellibolt|275/320|[from] item: Leftovers\n|upkeep\n|turn|30\n|inactive|Time left: 300 sec this turn | 300 sec total\n|\n|t:|1783543673\n|move|p2a: Chansey|Seismic Toss|p1a: Bellibolt\n|-damage|p1a: Bellibolt|190/320\n|-start|p1a: Bellibolt|Charge|Seismic Toss|[from] ability: Electromorphosis\n|move|p1a: Bellibolt|Thunderbolt|p2a: Chansey\n|-damage|p2a: Chansey|65/100\n|-end|p1a: Bellibolt|Charge|[silent]\n|\n|-heal|p1a: Bellibolt|210/320|[from] item: Leftovers\n|upkeep\n|turn|31\n|inactive|Time left: 300 sec this turn | 300 sec total\n|\n|t:|1783543674\n|move|p2a: Chansey|Soft-Boiled|p2a: Chansey\n|-heal|p2a: Chansey|100/100\n|move|p1a: Bellibolt|Thunderbolt|p2a: Chansey\n|-damage|p2a: Chansey|90/100\n|\n|-heal|p1a: Bellibolt|230/320|[from] item: Leftovers\n|upkeep\n|turn|32\n|inactive|Time left: 300 sec this turn | 300 sec total\n|\n|t:|1783543675\n|move|p2a: Chansey|Seismic Toss|p1a: Bellibolt\n|-damage|p1a: Bellibolt|145/320\n|-start|p1a: Bellibolt|Charge|Seismic Toss|[from] ability: Electromorphosis\n|move|p1a: Bellibolt|Thunderbolt|p2a: Chansey\n|-damage|p2a: Chansey|68/100\n|-end|p1a: Bellibolt|Charge|[silent]\n|\n|-heal|p1a: Bellibolt|165/320|[from] item: Leftovers\n|upkeep\n|turn|33\n|inactive|Time left: 300 sec this turn | 300 sec total\n|\n|t:|1783543676\n|move|p2a: Chansey|Soft-Boiled|p2a: Chansey\n|-heal|p2a: Chansey|100/100\n|move|p1a: Bellibolt|Slack Off|p1a: Bellibolt\n|-heal|p1a: Bellibolt|320/320\n|\n|upkeep\n|turn|34\n|inactive|Time left: 300 sec this turn | 300 sec total\n|\n|t:|1783543678\n|move|p2a: Chansey|Seismic Toss|p1a: Bellibolt\n|-damage|p1a: Bellibolt|235/320\n|-start|p1a: Bellibolt|Charge|Seismic Toss|[from] ability: Electromorphosis\n|move|p1a: Bellibolt|Thunderbolt|p2a: Chansey\n|-damage|p2a: Chansey|80/100\n|-end|p1a: Bellibolt|Charge|[silent]\n|\n|-heal|p1a: Bellibolt|255/320|[from] item: Leftovers\n|upkeep\n|turn|35\n|inactive|Time left: 300 sec this turn | 300 sec total\n|\n|t:|1783543678\n|move|p2a: Chansey|Soft-Boiled|p2a: Chansey\n|-heal|p2a: Chansey|100/100\n|move|p1a: Bellibolt|Thunderbolt|p2a: Chansey\n|-damage|p2a: Chansey|90/100\n|\n|-heal|p1a: Bellibolt|275/320|[from] item: Leftovers\n|upkeep\n|turn|36\n|inactive|Time left: 300 sec this turn | 300 sec total\n|\n|t:|1783543679\n|move|p2a: Chansey|Seismic Toss|p1a: Bellibolt\n|-damage|p1a: Bellibolt|190/320\n|-start|p1a: Bellibolt|Charge|Seismic Toss|[from] ability: Electromorphosis\n|move|p1a: Bellibolt|Thunderbolt|p2a: Chansey\n|-damage|p2a: Chansey|69/100\n|-end|p1a: Bellibolt|Charge|[silent]\n|\n|-heal|p1a: Bellibolt|210/320|[from] item: Leftovers\n|upkeep\n|turn|37\n|inactive|Time left: 300 sec this turn | 300 sec total\n|\n|t:|1783543680\n|move|p2a: Chansey|Seismic Toss|p1a: Bellibolt\n|-damage|p1a: Bellibolt|125/320\n|-start|p1a: Bellibolt|Charge|Seismic Toss|[from] ability: Electromorphosis\n|move|p1a: Bellibolt|Thunderbolt|p2a: Chansey\n|-damage|p2a: Chansey|49/100\n|-end|p1a: Bellibolt|Charge|[silent]\n|\n|-heal|p1a: Bellibolt|145/320|[from] item: Leftovers\n|upkeep\n|turn|38\n|inactive|Time left: 300 sec this turn | 300 sec total\n|\n|t:|1783543681\n|switch|p2a: Hydrapple|Hydrapple, L83, F, tera:Steel|64/100\n|-damage|p2a: Hydrapple|58/100|[from] Stealth Rock\n|move|p1a: Bellibolt|Slack Off|p1a: Bellibolt\n|-heal|p1a: Bellibolt|305/320\n|\n|-heal|p1a: Bellibolt|320/320|[from] item: Leftovers\n|-heal|p2a: Hydrapple|64/100|[from] item: Leftovers\n|upkeep\n|turn|39\n|inactive|Time left: 300 sec this turn | 300 sec total\n|\n|t:|1783543682\n|move|p1a: Bellibolt|Thunderbolt|p2a: Hydrapple\n|-damage|p2a: Hydrapple|30/100\n|move|p2a: Hydrapple|Recover|p2a: Hydrapple\n|-heal|p2a: Hydrapple|80/100\n|\n|-heal|p2a: Hydrapple|86/100|[from] item: Leftovers\n|upkeep\n|turn|40\n|inactive|Time left: 300 sec this turn | 300 sec total\n|\n|t:|1783543683\n|move|p1a: Bellibolt|Thunderbolt|p2a: Hydrapple\n|-damage|p2a: Hydrapple|51/100\n|move|p2a: Hydrapple|Nasty Plot|p2a: Hydrapple\n|-boost|p2a: Hydrapple|spa|2\n|\n|-heal|p2a: Hydrapple|57/100|[from] item: Leftovers\n|upkeep\n|turn|41\n|inactive|Time left: 300 sec this turn | 300 sec total\n|\n|t:|1783543684\n|move|p1a: Bellibolt|Thunderbolt|p2a: Hydrapple\n|-damage|p2a: Hydrapple|24/100\n|move|p2a: Hydrapple|Recover|p2a: Hydrapple\n|-heal|p2a: Hydrapple|74/100\n|\n|-heal|p2a: Hydrapple|80/100|[from] item: Leftovers\n|upkeep\n|turn|42\n|inactive|Time left: 300 sec this turn | 300 sec total\n|\n|t:|1783543685\n|move|p1a: Bellibolt|Thunderbolt|p2a: Hydrapple\n|-damage|p2a: Hydrapple|48/100\n|move|p2a: Hydrapple|Earth Power|p1a: Bellibolt\n|-supereffective|p1a: Bellibolt\n|-damage|p1a: Bellibolt|0 fnt\n|faint|p1a: Bellibolt\n|\n|-heal|p2a: Hydrapple|54/100|[from] item: Leftovers\n|upkeep\n|inactive|Time left: 300 sec this turn | 300 sec total | 5 sec grace\n|\n|t:|1783543686\n|switch|p1a: Terapagos|Terapagos, L77, F|265/265\n|-activate|p1a: Terapagos|ability: Tera Shift\n|detailschange|p1a: Terapagos|Terapagos-Terastal, L77, F\n|-heal|p1a: Terapagos|273/273|[silent]\n|turn|43\n|inactive|Time left: 300 sec this turn | 300 sec total\n|\n|t:|1783543687\n|move|p1a: Terapagos|Calm Mind|p1a: Terapagos\n|-boost|p1a: Terapagos|spa|1\n|-boost|p1a: Terapagos|spd|1\n|move|p2a: Hydrapple|Fickle Beam|p1a: Terapagos\n|-activate|p1a: Terapagos|ability: Tera Shell\n|-resisted|p1a: Terapagos\n|-damage|p1a: Terapagos|217/273\n|\n|-heal|p2a: Hydrapple|60/100|[from] item: Leftovers\n|upkeep\n|turn|44\n|inactive|Time left: 300 sec this turn | 300 sec total\n|\n|t:|1783543688\n|move|p1a: Terapagos|Calm Mind|p1a: Terapagos\n|-boost|p1a: Terapagos|spa|1\n|-boost|p1a: Terapagos|spd|1\n|move|p2a: Hydrapple|Fickle Beam|p1a: Terapagos|[anim] Fickle Beam All Out\n|-activate|p2a: Hydrapple|move: Fickle Beam\n|-damage|p1a: Terapagos|36/273\n|\n|-heal|p2a: Hydrapple|67/100|[from] item: Leftovers\n|upkeep\n|turn|45\n|inactive|Time left: 300 sec this turn | 300 sec total\n|\n|t:|1783543689\n|move|p1a: Terapagos|Dark Pulse|p2a: Hydrapple\n|-damage|p2a: Hydrapple|29/100\n|move|p2a: Hydrapple|Fickle Beam|p1a: Terapagos\n|-damage|p1a: Terapagos|0 fnt\n|faint|p1a: Terapagos\n|\n|win|p0y39215b4", "uploadtime": 1783543689, "views": 0, "rating": 0, "private": 0, "password": null, "_winner": "p0y39215b4", "_our_name": "p0x3926fba"}