{"id": "battle-gen9randombattle-1145", "formatid": "gen9randombattle", "format": "[Gen 9] Random Battle", "players": ["p0x114578b6", "p0y1145a185"], "log": "|init|battle\n|title|p0x114578b6 vs. p0y1145a185\n|j|\u2606p0x114578b6\n|j|\u2606p0y1145a185\n|t:|1783552408\n|gametype|singles\n|player|p1|p0x114578b6|102|\n|player|p2|p0y1145a185|169|\n|gen|9\n|tier|[Gen 9] Random Battle\n|rule|Species Clause: Limit one of each Pok\u00e9mon\n|rule|HP Percentage Mod: HP is shown in percentages\n|rule|Sleep Clause Mod: Limit one foe put to sleep\n|rule|Illusion Level Mod: Illusion disguises the Pok\u00e9mon's true level\n|\n|t:|1783552408\n|teamsize|p1|6\n|teamsize|p2|6\n|start\n|switch|p1a: Clawitzer|Clawitzer, L87, M|265/265\n|switch|p2a: Oricorio|Oricorio-Pa'u, L87, M|100/100\n|turn|1\n|inactive|Battle timer is ON: inactive players will automatically lose when time's up. (requested by p0y1145a185)\n|inactive|Time left: 300 sec this turn | 300 sec total | 60 sec grace\n|inactive|p0x114578b6 also wants the timer to be on.\n|\n|t:|1783552409\n|move|p2a: Oricorio|Quiver Dance|p2a: Oricorio\n|-boost|p2a: Oricorio|spa|1\n|-boost|p2a: Oricorio|spd|1\n|-boost|p2a: Oricorio|spe|1\n|move|p1a: Clawitzer|Dark Pulse|p2a: Oricorio\n|-supereffective|p2a: Oricorio\n|-damage|p2a: Oricorio|43/100\n|\n|upkeep\n|turn|2\n|inactive|Time left: 300 sec this turn | 300 sec total\n|\n|t:|1783552411\n|move|p2a: Oricorio|Roost|p2a: Oricorio\n|-heal|p2a: Oricorio|93/100\n|-singleturn|p2a: Oricorio|move: Roost\n|move|p1a: Clawitzer|Dark Pulse|p2a: Oricorio\n|-supereffective|p2a: Oricorio\n|-damage|p2a: Oricorio|32/100\n|\n|upkeep\n|turn|3\n|inactive|Time left: 300 sec this turn | 300 sec total\n|\n|t:|1783552412\n|move|p2a: Oricorio|Roost|p2a: Oricorio\n|-heal|p2a: Oricorio|82/100\n|-singleturn|p2a: Oricorio|move: Roost\n|move|p1a: Clawitzer|Dark Pulse|p2a: Oricorio\n|-supereffective|p2a: Oricorio\n|-damage|p2a: Oricorio|26/100\n|\n|upkeep\n|turn|4\n|inactive|Time left: 300 sec this turn | 300 sec total\n|\n|t:|1783552413\n|move|p2a: Oricorio|Roost|p2a: Oricorio\n|-heal|p2a: Oricorio|76/100\n|-singleturn|p2a: Oricorio|move: Roost\n|move|p1a: Clawitzer|Dark Pulse|p2a: Oricorio\n|-supereffective|p2a: Oricorio\n|-damage|p2a: Oricorio|15/100\n|\n|upkeep\n|turn|5\n|inactive|Time left: 300 sec this turn | 300 sec total\n|\n|t:|1783552414\n|-terastallize|p2a: Oricorio|Fighting\n|move|p2a: Oricorio|Roost|p2a: Oricorio\n|-heal|p2a: Oricorio|65/100\n|move|p1a: Clawitzer|Dark Pulse|p2a: Oricorio\n|-resisted|p2a: Oricorio\n|-damage|p2a: Oricorio|49/100\n|\n|upkeep\n|turn|6\n|inactive|Time left: 300 sec this turn | 300 sec total\n|\n|t:|1783552415\n|move|p2a: Oricorio|Roost|p2a: Oricorio\n|-heal|p2a: Oricorio|99/100\n|move|p1a: Clawitzer|Water Pulse|p2a: Oricorio\n|-damage|p2a: Oricorio|65/100\n|-start|p2a: Oricorio|confusion\n|\n|upkeep\n|turn|7\n|inactive|Time left: 300 sec this turn | 300 sec total\n|\n|t:|1783552416\n|-activate|p2a: Oricorio|confusion\n|-damage|p2a: Oricorio|57/100|[from] confusion\n|move|p1a: Clawitzer|Dragon Pulse|p2a: Oricorio\n|-crit|p2a: Oricorio\n|-damage|p2a: Oricorio|0 fnt\n|faint|p2a: Oricorio\n|\n|upkeep\n|\n|t:|1783552417\n|switch|p2a: Breloom|Breloom, L83, F|100/100\n|turn|8\n|inactive|Time left: 300 sec this turn | 300 sec total\n|\n|t:|1783552418\n|-terastallize|p1a: Clawitzer|Dragon\n|move|p2a: Breloom|Bullet Seed|p1a: Clawitzer\n|-resisted|p1a: Clawitzer\n|-damage|p1a: Clawitzer|231/265\n|-resisted|p1a: Clawitzer\n|-damage|p1a: Clawitzer|202/265\n|-hitcount|p1a: Clawitzer|2\n|-damage|p2a: Breloom|91/100|[from] item: Life Orb\n|move|p1a: Clawitzer|Dragon Pulse|p2a: Breloom\n|-damage|p2a: Breloom|0 fnt\n|faint|p2a: Breloom\n|\n|upkeep\n|\n|t:|1783552419\n|switch|p2a: Empoleon|Empoleon, L84, F|100/100\n|turn|9\n|inactive|Time left: 300 sec this turn | 300 sec total\n|\n|t:|1783552421\n|move|p1a: Clawitzer|Dark Pulse|p2a: Empoleon\n|-damage|p2a: Empoleon|64/100\n|move|p2a: Empoleon|Surf|p1a: Clawitzer\n|-resisted|p1a: Clawitzer\n|-crit|p1a: Clawitzer\n|-damage|p1a: Clawitzer|148/265\n|\n|-heal|p2a: Empoleon|70/100|[from] item: Leftovers\n|upkeep\n|turn|10\n|inactive|Time left: 300 sec this turn | 300 sec total\n|\n|t:|1783552422\n|move|p1a: Clawitzer|Dark Pulse|p2a: Empoleon\n|-damage|p2a: Empoleon|34/100\n|cant|p2a: Empoleon|flinch\n|\n|-heal|p2a: Empoleon|40/100|[from] item: Leftovers\n|upkeep\n|turn|11\n|inactive|Time left: 300 sec this turn | 300 sec total\n|\n|t:|1783552423\n|move|p1a: Clawitzer|Dark Pulse|p2a: Empoleon\n|-damage|p2a: Empoleon|4/100\n|move|p2a: Empoleon|Roost|p2a: Empoleon\n|-heal|p2a: Empoleon|54/100\n|-singleturn|p2a: Empoleon|move: Roost\n|\n|-heal|p2a: Empoleon|60/100|[from] item: Leftovers\n|upkeep\n|turn|12\n|inactive|Time left: 300 sec this turn | 300 sec total\n|\n|t:|1783552424\n|move|p1a: Clawitzer|Dark Pulse|p2a: Empoleon\n|-damage|p2a: Empoleon|22/100\n|move|p2a: Empoleon|Roost|p2a: Empoleon\n|-heal|p2a: Empoleon|72/100\n|-singleturn|p2a: Empoleon|move: Roost\n|\n|-heal|p2a: Empoleon|79/100|[from] item: Leftovers\n|upkeep\n|turn|13\n|inactive|Time left: 300 sec this turn | 300 sec total\n|\n|t:|1783552425\n|move|p1a: Clawitzer|Dark Pulse|p2a: Empoleon\n|-damage|p2a: Empoleon|43/100\n|cant|p2a: Empoleon|flinch\n|\n|-heal|p2a: Empoleon|49/100|[from] item: Leftovers\n|upkeep\n|turn|14\n|inactive|Time left: 300 sec this turn | 300 sec total\n|\n|t:|1783552426\n|move|p1a: Clawitzer|Dark Pulse|p2a: Empoleon\n|-damage|p2a: Empoleon|13/100\n|move|p2a: Empoleon|Roost|p2a: Empoleon\n|-heal|p2a: Empoleon|63/100\n|-singleturn|p2a: Empoleon|move: Roost\n|\n|-heal|p2a: Empoleon|69/100|[from] item: Leftovers\n|upkeep\n|turn|15\n|inactive|Time left: 300 sec this turn | 300 sec total\n|\n|t:|1783552427\n|move|p1a: Clawitzer|Dark Pulse|p2a: Empoleon\n|-damage|p2a: Empoleon|38/100\n|move|p2a: Empoleon|Roost|p2a: Empoleon\n|-heal|p2a: Empoleon|88/100\n|-singleturn|p2a: Empoleon|move: Roost\n|\n|-heal|p2a: Empoleon|94/100|[from] item: Leftovers\n|upkeep\n|turn|16\n|inactive|Time left: 300 sec this turn | 300 sec total\n|\n|t:|1783552428\n|move|p1a: Clawitzer|Dragon Pulse|p2a: Empoleon\n|-resisted|p2a: Empoleon\n|-damage|p2a: Empoleon|65/100\n|move|p2a: Empoleon|Surf|p1a: Clawitzer\n|-resisted|p1a: Clawitzer\n|-damage|p1a: Clawitzer|113/265\n|\n|-heal|p2a: Empoleon|71/100|[from] item: Leftovers\n|upkeep\n|turn|17\n|inactive|Time left: 300 sec this turn | 300 sec total\n|\n|t:|1783552429\n|move|p1a: Clawitzer|Dark Pulse|p2a: Empoleon\n|-damage|p2a: Empoleon|38/100\n|move|p2a: Empoleon|Roost|p2a: Empoleon\n|-heal|p2a: Empoleon|88/100\n|-singleturn|p2a: Empoleon|move: Roost\n|\n|-heal|p2a: Empoleon|94/100|[from] item: Leftovers\n|upkeep\n|turn|18\n|inactive|Time left: 300 sec this turn | 300 sec total\n|\n|t:|1783552430\n|move|p1a: Clawitzer|Dark Pulse|p2a: Empoleon\n|-damage|p2a: Empoleon|60/100\n|move|p2a: Empoleon|Surf|p1a: Clawitzer\n|-resisted|p1a: Clawitzer\n|-damage|p1a: Clawitzer|77/265\n|\n|-heal|p2a: Empoleon|66/100|[from] item: Leftovers\n|upkeep\n|turn|19\n|inactive|Time left: 300 sec this turn | 300 sec total\n|\n|t:|1783552432\n|move|p1a: Clawitzer|Dark Pulse|p2a: Empoleon\n|-damage|p2a: Empoleon|33/100\n|move|p2a: Empoleon|Roost|p2a: Empoleon\n|-heal|p2a: Empoleon|83/100\n|-singleturn|p2a: Empoleon|move: Roost\n|\n|-heal|p2a: Empoleon|89/100|[from] item: Leftovers\n|upkeep\n|turn|20\n|inactive|Time left: 300 sec this turn | 300 sec total\n|\n|t:|1783552433\n|move|p1a: Clawitzer|Dark Pulse|p2a: Empoleon\n|-damage|p2a: Empoleon|54/100\n|move|p2a: Empoleon|Surf|p1a: Clawitzer\n|-resisted|p1a: Clawitzer\n|-damage|p1a: Clawitzer|41/265\n|\n|-heal|p2a: Empoleon|60/100|[from] item: Leftovers\n|upkeep\n|turn|21\n|inactive|Time left: 300 sec this turn | 300 sec total\n|\n|t:|1783552434\n|move|p1a: Clawitzer|Dark Pulse|p2a: Empoleon\n|-damage|p2a: Empoleon|25/100\n|move|p2a: Empoleon|Roost|p2a: Empoleon\n|-heal|p2a: Empoleon|75/100\n|-singleturn|p2a: Empoleon|move: Roost\n|\n|-heal|p2a: Empoleon|81/100|[from] item: Leftovers\n|upkeep\n|turn|22\n|inactive|Time left: 300 sec this turn | 300 sec total\n|\n|t:|1783552435\n|move|p1a: Clawitzer|Dark Pulse|p2a: Empoleon\n|-damage|p2a: Empoleon|45/100\n|move|p2a: Empoleon|Roost|p2a: Empoleon\n|-heal|p2a: Empoleon|95/100\n|-singleturn|p2a: Empoleon|move: Roost\n|\n|-heal|p2a: Empoleon|100/100|[from] item: Leftovers\n|upkeep\n|turn|23\n|inactive|Time left: 300 sec this turn | 300 sec total\n|\n|t:|1783552436\n|move|p1a: Clawitzer|Dark Pulse|p2a: Empoleon\n|-damage|p2a: Empoleon|67/100\n|move|p2a: Empoleon|Surf|p1a: Clawitzer\n|-resisted|p1a: Clawitzer\n|-damage|p1a: Clawitzer|10/265\n|\n|-heal|p2a: Empoleon|73/100|[from] item: Leftovers\n|upkeep\n|turn|24\n|inactive|Time left: 300 sec this turn | 300 sec total\n|\n|t:|1783552438\n|move|p1a: Clawitzer|Dark Pulse|p2a: Empoleon\n|-damage|p2a: Empoleon|39/100\n|move|p2a: Empoleon|Surf|p1a: Clawitzer\n|-resisted|p1a: Clawitzer\n|-damage|p1a: Clawitzer|0 fnt\n|faint|p1a: Clawitzer\n|\n|-heal|p2a: Empoleon|45/100|[from] item: Leftovers\n|upkeep\n|inactive|Time left: 300 sec this turn | 300 sec total | 5 sec grace\n|\n|t:|1783552439\n|switch|p1a: Ampharos|Ampharos, L88, M|302/302\n|turn|25\n|inactive|Time left: 300 sec this turn | 300 sec total\n|\n|t:|1783552440\n|move|p2a: Empoleon|Flip Turn|p1a: Ampharos\n|-damage|p1a: Ampharos|244/302\n|\n|t:|1783552441\n|switch|p2a: Sunflora|Sunflora, M|100/100|[from] Flip Turn\n|move|p1a: Ampharos|Focus Blast|p2a: Sunflora\n|-damage|p2a: Sunflora|73/100\n|-unboost|p2a: Sunflora|spd|1\n|\n|upkeep\n|turn|26\n|inactive|Time left: 300 sec this turn | 300 sec total\n|\n|t:|1783552442\n|move|p1a: Ampharos|Focus Blast|p2a: Sunflora\n|-damage|p2a: Sunflora|30/100\n|move|p2a: Sunflora|Earth Power|p1a: Ampharos\n|-supereffective|p1a: Ampharos\n|-damage|p1a: Ampharos|88/302\n|-damage|p2a: Sunflora|20/100|[from] item: Life Orb\n|\n|upkeep\n|turn|27\n|inactive|Time left: 300 sec this turn | 300 sec total\n|\n|t:|1783552443\n|move|p1a: Ampharos|Thunderbolt|p2a: Sunflora\n|-resisted|p2a: Sunflora\n|-damage|p2a: Sunflora|0 fnt\n|faint|p2a: Sunflora\n|\n|upkeep\n|\n|t:|1783552445\n|switch|p2a: Zamazenta|Zamazenta, L71|100/100\n|-ability|p2a: Zamazenta|Dauntless Shield|boost\n|-boost|p2a: Zamazenta|def|1\n|turn|28\n|inactive|Time left: 300 sec this turn | 300 sec total\n|\n|t:|1783552446\n|move|p2a: Zamazenta|Body Press|p1a: Ampharos\n|-damage|p1a: Ampharos|0 fnt\n|faint|p1a: Ampharos\n|\n|upkeep\n|inactive|Time left: 300 sec this turn | 300 sec total | 5 sec grace\n|\n|t:|1783552447\n|switch|p1a: Arceus|Arceus-Grass, L73|296/296\n|turn|29\n|inactive|Time left: 300 sec this turn | 300 sec total\n|\n|t:|1783552448\n|move|p2a: Zamazenta|Body Press|p1a: Arceus\n|-damage|p1a: Arceus|206/296\n|move|p1a: Arceus|Calm Mind|p1a: Arceus\n|-boost|p1a: Arceus|spa|1\n|-boost|p1a: Arceus|spd|1\n|\n|upkeep\n|turn|30\n|inactive|Time left: 300 sec this turn | 300 sec total\n|\n|t:|1783552450\n|move|p2a: Zamazenta|Body Press|p1a: Arceus\n|-damage|p1a: Arceus|118/296\n|move|p1a: Arceus|Judgment|p2a: Zamazenta\n|-damage|p2a: Zamazenta|31/100\n|\n|upkeep\n|turn|31\n|inactive|Time left: 300 sec this turn | 300 sec total\n|\n|t:|1783552451\n|move|p2a: Zamazenta|Rest|p2a: Zamazenta\n|-status|p2a: Zamazenta|slp|[from] move: Rest\n|-heal|p2a: Zamazenta|100/100 slp|[silent]\n|-enditem|p2a: Zamazenta|Chesto Berry|[eat]\n|-curestatus|p2a: Zamazenta|slp|[msg]\n|move|p1a: Arceus|Judgment|p2a: Zamazenta\n|-damage|p2a: Zamazenta|38/100\n|\n|upkeep\n|turn|32\n|inactive|Time left: 300 sec this turn | 300 sec total\n|\n|t:|1783552452\n|move|p2a: Zamazenta|Body Press|p1a: Arceus\n|-damage|p1a: Arceus|22/296\n|move|p1a: Arceus|Judgment|p2a: Zamazenta\n|-damage|p2a: Zamazenta|0 fnt\n|faint|p2a: Zamazenta\n|\n|upkeep\n|\n|t:|1783552453\n|switch|p2a: Probopass|Probopass, L91, M|100/100\n|turn|33\n|inactive|Time left: 300 sec this turn | 300 sec total\n|\n|t:|1783552454\n|move|p1a: Arceus|Earth Power|p2a: Probopass\n|-supereffective|p2a: Probopass\n|-damage|p2a: Probopass|15/100\n|move|p2a: Probopass|Iron Defense|p2a: Probopass\n|-boost|p2a: Probopass|def|2\n|\n|-heal|p2a: Probopass|21/100|[from] item: Leftovers\n|upkeep\n|turn|34\n|inactive|Time left: 300 sec this turn | 300 sec total\n|\n|t:|1783552455\n|move|p1a: Arceus|Earth Power|p2a: Probopass\n|-supereffective|p2a: Probopass\n|-damage|p2a: Probopass|0 fnt\n|faint|p2a: Probopass\n|\n|upkeep\n|\n|t:|1783552456\n|switch|p2a: Empoleon|Empoleon, L84, F|45/100\n|turn|35\n|inactive|Time left: 300 sec this turn | 300 sec total\n|\n|t:|1783552457\n|move|p1a: Arceus|Earth Power|p2a: Empoleon\n|-supereffective|p2a: Empoleon\n|-damage|p2a: Empoleon|0 fnt\n|faint|p2a: Empoleon\n|\n|win|p0x114578b6", "uploadtime": 1783552457, "views": 0, "rating": 0, "private": 0, "password": null, "_winner": "p0x114578b6", "_our_name": "p0x114578b6"}