{"id": "battle-gen9randombattle-660", "formatid": "gen9randombattle", "format": "[Gen 9] Random Battle", "players": ["p0x660e7b8", "p0y6604269"], "log": "|init|battle\n|title|p0x660e7b8 vs. p0y6604269\n|j|\u2606p0x660e7b8\n|j|\u2606p0y6604269\n|t:|1783546781\n|gametype|singles\n|player|p1|p0x660e7b8|1|\n|player|p2|p0y6604269|2|\n|gen|9\n|tier|[Gen 9] Random Battle\n|rule|Species Clause: Limit one of each Pok\u00e9mon\n|rule|HP Percentage Mod: HP is shown in percentages\n|rule|Sleep Clause Mod: Limit one foe put to sleep\n|rule|Illusion Level Mod: Illusion disguises the Pok\u00e9mon's true level\n|\n|t:|1783546781\n|teamsize|p1|6\n|teamsize|p2|6\n|start\n|switch|p1a: Florges|Florges-Blue, L85, F|100/100\n|switch|p2a: Tyranitar|Tyranitar, L78, F|284/284\n|-weather|Sandstorm|[from] ability: Sand Stream|[of] p2a: Tyranitar\n|turn|1\n|inactive|Battle timer is ON: inactive players will automatically lose when time's up. (requested by p0x660e7b8)\n|inactive|Time left: 300 sec this turn | 300 sec total | 60 sec grace\n|inactive|p0y6604269 also wants the timer to be on.\n|\n|t:|1783546782\n|move|p1a: Florges|Moonblast|p2a: Tyranitar\n|-supereffective|p2a: Tyranitar\n|-damage|p2a: Tyranitar|180/284\n|move|p2a: Tyranitar|Stone Edge|p1a: Florges\n|-damage|p1a: Florges|44/100\n|\n|-weather|Sandstorm|[upkeep]\n|-damage|p1a: Florges|38/100|[from] Sandstorm\n|-heal|p1a: Florges|44/100|[from] item: Leftovers\n|upkeep\n|turn|2\n|inactive|Time left: 300 sec this turn | 300 sec total\n|\n|t:|1783546783\n|move|p1a: Florges|Moonblast|p2a: Tyranitar\n|-supereffective|p2a: Tyranitar\n|-damage|p2a: Tyranitar|72/284\n|move|p2a: Tyranitar|Knock Off|p1a: Florges\n|-resisted|p1a: Florges\n|-damage|p1a: Florges|16/100\n|-enditem|p1a: Florges|Leftovers|[from] move: Knock Off|[of] p2a: Tyranitar\n|\n|-weather|Sandstorm|[upkeep]\n|-damage|p1a: Florges|10/100|[from] Sandstorm\n|upkeep\n|turn|3\n|inactive|Time left: 300 sec this turn | 300 sec total\n|\n|t:|1783546784\n|switch|p2a: Ariados|Ariados, L95, M|287/287\n|move|p1a: Florges|Moonblast|p2a: Ariados\n|-resisted|p2a: Ariados\n|-crit|p2a: Ariados\n|-damage|p2a: Ariados|190/287\n|\n|-weather|Sandstorm|[upkeep]\n|-damage|p1a: Florges|5/100|[from] Sandstorm\n|-damage|p2a: Ariados|173/287|[from] Sandstorm\n|upkeep\n|turn|4\n|inactive|Time left: 300 sec this turn | 300 sec total\n|\n|t:|1783546785\n|move|p1a: Florges|Moonblast|p2a: Ariados\n|-resisted|p2a: Ariados\n|-damage|p2a: Ariados|109/287\n|move|p2a: Ariados|Sticky Web|p1a: Florges\n|-sidestart|p1: p0x660e7b8|move: Sticky Web\n|\n|-weather|Sandstorm|[upkeep]\n|-damage|p1a: Florges|0 fnt|[from] Sandstorm\n|-damage|p2a: Ariados|92/287|[from] Sandstorm\n|faint|p1a: Florges\n|upkeep\n|\n|t:|1783546786\n|switch|p1a: Kingdra|Kingdra, L84, F|100/100\n|-activate|p1a: Kingdra|move: Sticky Web\n|-unboost|p1a: Kingdra|spe|1\n|turn|5\n|inactive|Time left: 300 sec this turn | 300 sec total\n|\n|t:|1783546786\n|move|p2a: Ariados|Megahorn|p1a: Kingdra\n|-damage|p1a: Kingdra|12/100\n|move|p1a: Kingdra|Dragon Dance|p1a: Kingdra\n|-boost|p1a: Kingdra|atk|1\n|-boost|p1a: Kingdra|spe|1\n|\n|-weather|none\n|upkeep\n|turn|6\n|inactive|Time left: 300 sec this turn | 300 sec total\n|\n|t:|1783546787\n|switch|p2a: Tyranitar|Tyranitar, L78, F|72/284\n|-weather|Sandstorm|[from] ability: Sand Stream|[of] p2a: Tyranitar\n|move|p1a: Kingdra|Outrage|p2a: Tyranitar\n|-damage|p2a: Tyranitar|0 fnt\n|faint|p2a: Tyranitar\n|\n|-weather|Sandstorm|[upkeep]\n|-damage|p1a: Kingdra|6/100|[from] Sandstorm\n|upkeep\n|inactive|Time left: 300 sec this turn | 300 sec total | 5 sec grace\n|\n|t:|1783546788\n|switch|p2a: Tropius|Tropius, L91, M|328/328\n|turn|7\n|inactive|Time left: 300 sec this turn | 300 sec total\n|\n|t:|1783546790\n|move|p2a: Tropius|Protect|p2a: Tropius\n|-singleturn|p2a: Tropius|Protect\n|move|p1a: Kingdra|Outrage|p2a: Tropius|[from] lockedmove\n|-activate|p2a: Tropius|move: Protect\n|\n|-weather|Sandstorm|[upkeep]\n|-damage|p1a: Kingdra|0 fnt|[from] Sandstorm\n|-damage|p2a: Tropius|308/328|[from] Sandstorm\n|faint|p1a: Kingdra\n|upkeep\n|\n|t:|1783546791\n|switch|p1a: Garganacl|Garganacl, L80, M|100/100\n|-activate|p1a: Garganacl|move: Sticky Web\n|-unboost|p1a: Garganacl|spe|1\n|turn|8\n|inactive|Time left: 300 sec this turn | 300 sec total\n|\n|t:|1783546792\n|move|p2a: Tropius|Leech Seed|p1a: Garganacl\n|-start|p1a: Garganacl|move: Leech Seed\n|move|p1a: Garganacl|Salt Cure|p2a: Tropius\n|-supereffective|p2a: Tropius\n|-damage|p2a: Tropius|230/328\n|-start|p2a: Tropius|Salt Cure\n|\n|-weather|Sandstorm|[upkeep]\n|-damage|p2a: Tropius|210/328|[from] Sandstorm\n|-damage|p1a: Garganacl|88/100|[from] Leech Seed|[of] p2a: Tropius\n|-heal|p2a: Tropius|246/328|[silent]\n|-damage|p2a: Tropius|205/328|[from] Salt Cure\n|upkeep\n|turn|9\n|inactive|Time left: 300 sec this turn | 300 sec total\n|\n|t:|1783546793\n|switch|p2a: Piloswine|Piloswine, L85, M|309/309\n|switch|p1a: Jirachi|Jirachi, L80|100/100\n|-activate|p1a: Jirachi|move: Sticky Web\n|-unboost|p1a: Jirachi|spe|1\n|\n|-weather|Sandstorm|[upkeep]\n|upkeep\n|turn|10\n|inactive|Time left: 300 sec this turn | 300 sec total\n|\n|t:|1783546794\n|move|p1a: Jirachi|Iron Head|p2a: Piloswine\n|-supereffective|p2a: Piloswine\n|-damage|p2a: Piloswine|187/309\n|cant|p2a: Piloswine|flinch\n|\n|-weather|none\n|upkeep\n|turn|11\n|inactive|Time left: 300 sec this turn | 300 sec total\n|\n|t:|1783546795\n|move|p1a: Jirachi|Iron Head|p2a: Piloswine\n|-supereffective|p2a: Piloswine\n|-damage|p2a: Piloswine|79/309\n|cant|p2a: Piloswine|flinch\n|\n|upkeep\n|turn|12\n|inactive|Time left: 300 sec this turn | 300 sec total\n|\n|t:|1783546796\n|switch|p2a: Quaquaval|Quaquaval, L79, F|264/264\n|move|p1a: Jirachi|Iron Head|p2a: Quaquaval\n|-resisted|p2a: Quaquaval\n|-damage|p2a: Quaquaval|216/264\n|\n|upkeep\n|turn|13\n|inactive|Time left: 300 sec this turn | 300 sec total\n|\n|t:|1783546797\n|move|p2a: Quaquaval|Swords Dance|p2a: Quaquaval\n|-boost|p2a: Quaquaval|atk|2\n|move|p1a: Jirachi|Body Slam|p2a: Quaquaval\n|-damage|p2a: Quaquaval|145/264\n|-status|p2a: Quaquaval|par\n|\n|upkeep\n|turn|14\n|inactive|Time left: 300 sec this turn | 300 sec total\n|\n|t:|1783546799\n|move|p1a: Jirachi|Iron Head|p2a: Quaquaval\n|-resisted|p2a: Quaquaval\n|-damage|p2a: Quaquaval|102/264 par\n|cant|p2a: Quaquaval|flinch\n|\n|upkeep\n|turn|15\n|inactive|Time left: 300 sec this turn | 300 sec total\n|\n|t:|1783546800\n|move|p1a: Jirachi|Iron Head|p2a: Quaquaval\n|-resisted|p2a: Quaquaval\n|-damage|p2a: Quaquaval|52/264 par\n|cant|p2a: Quaquaval|flinch\n|\n|upkeep\n|turn|16\n|inactive|Time left: 300 sec this turn | 300 sec total\n|\n|t:|1783546801\n|move|p1a: Jirachi|Body Slam|p2a: Quaquaval\n|-damage|p2a: Quaquaval|0 fnt\n|faint|p2a: Quaquaval\n|\n|upkeep\n|inactive|Time left: 300 sec this turn | 300 sec total | 5 sec grace\n|\n|t:|1783546802\n|switch|p2a: Umbreon|Umbreon, L84, M|297/297\n|turn|17\n|inactive|Time left: 300 sec this turn | 300 sec total\n|\n|t:|1783546803\n|switch|p1a: Garganacl|Garganacl, L80, M|88/100\n|-activate|p1a: Garganacl|move: Sticky Web\n|-unboost|p1a: Garganacl|spe|1\n|move|p2a: Umbreon|Foul Play|p1a: Garganacl\n|-damage|p1a: Garganacl|64/100\n|\n|-heal|p1a: Garganacl|71/100|[from] item: Leftovers\n|upkeep\n|turn|18\n|inactive|Time left: 300 sec this turn | 300 sec total\n|\n|t:|1783546804\n|move|p2a: Umbreon|Foul Play|p1a: Garganacl\n|-damage|p1a: Garganacl|47/100\n|move|p1a: Garganacl|Salt Cure|p2a: Umbreon\n|-damage|p2a: Umbreon|264/297\n|-start|p2a: Umbreon|Salt Cure\n|\n|-heal|p2a: Umbreon|282/297|[from] item: Leftovers\n|-heal|p1a: Garganacl|53/100|[from] item: Leftovers\n|-damage|p2a: Umbreon|245/297|[from] Salt Cure\n|upkeep\n|turn|19\n|inactive|Time left: 300 sec this turn | 300 sec total\n|\n|t:|1783546805\n|move|p2a: Umbreon|Wish|p2a: Umbreon\n|move|p1a: Garganacl|Recover|p1a: Garganacl\n|-heal|p1a: Garganacl|100/100\n|\n|-heal|p2a: Umbreon|263/297|[from] item: Leftovers\n|-damage|p2a: Umbreon|226/297|[from] Salt Cure\n|upkeep\n|turn|20\n|inactive|Time left: 300 sec this turn | 300 sec total\n|\n|t:|1783546806\n|switch|p2a: Piloswine|Piloswine, L85, M|79/309\n|move|p1a: Garganacl|Salt Cure|p2a: Piloswine\n|-damage|p2a: Piloswine|51/309\n|-start|p2a: Piloswine|Salt Cure\n|\n|-heal|p2a: Piloswine|199/309|[from] move: Wish|[wisher] Umbreon\n|-damage|p2a: Piloswine|161/309|[from] Salt Cure\n|upkeep\n|turn|21\n|inactive|Time left: 300 sec this turn | 300 sec total\n|\n|t:|1783546807\n|move|p2a: Piloswine|Stealth Rock|p1a: Garganacl\n|-sidestart|p1: p0x660e7b8|move: Stealth Rock\n|move|p1a: Garganacl|Salt Cure|p2a: Piloswine\n|-damage|p2a: Piloswine|130/309\n|\n|-damage|p2a: Piloswine|92/309|[from] Salt Cure\n|upkeep\n|turn|22\n|inactive|Time left: 300 sec this turn | 300 sec total\n|\n|t:|1783546809\n|move|p2a: Piloswine|Earthquake|p1a: Garganacl\n|-supereffective|p1a: Garganacl\n|-damage|p1a: Garganacl|41/100\n|move|p1a: Garganacl|Salt Cure|p2a: Piloswine\n|-damage|p2a: Piloswine|61/309\n|\n|-heal|p1a: Garganacl|47/100|[from] item: Leftovers\n|-damage|p2a: Piloswine|23/309|[from] Salt Cure\n|upkeep\n|turn|23\n|inactive|Time left: 300 sec this turn | 300 sec total\n|\n|t:|1783546810\n|move|p1a: Garganacl|Protect|p1a: Garganacl\n|-singleturn|p1a: Garganacl|Protect\n|move|p2a: Piloswine|Earthquake|p1a: Garganacl\n|-activate|p1a: Garganacl|move: Protect\n|\n|-heal|p1a: Garganacl|53/100|[from] item: Leftovers\n|-damage|p2a: Piloswine|0 fnt|[from] Salt Cure\n|faint|p2a: Piloswine\n|upkeep\n|inactive|Time left: 300 sec this turn | 300 sec total | 5 sec grace\n|\n|t:|1783546811\n|switch|p2a: Ariados|Ariados, L95, M|92/287\n|turn|24\n|inactive|Time left: 300 sec this turn | 300 sec total\n|\n|t:|1783546812\n|move|p2a: Ariados|Megahorn|p1a: Garganacl\n|-damage|p1a: Garganacl|0 fnt\n|faint|p1a: Garganacl\n|\n|upkeep\n|\n|t:|1783546813\n|switch|p1a: Tauros|Tauros-Paldea-Blaze, L81, M|100/100\n|-activate|p1a: Tauros|move: Sticky Web\n|-unboost|p1a: Tauros|spe|1\n|-damage|p1a: Tauros|88/100|[from] Stealth Rock\n|turn|25\n|inactive|Time left: 300 sec this turn | 300 sec total\n|\n|t:|1783546814\n|switch|p2a: Umbreon|Umbreon, L84, M|226/297\n|move|p1a: Tauros|Bulk Up|p1a: Tauros\n|-boost|p1a: Tauros|atk|1\n|-boost|p1a: Tauros|def|1\n|\n|-heal|p2a: Umbreon|244/297|[from] item: Leftovers\n|upkeep\n|turn|26\n|inactive|Time left: 300 sec this turn | 300 sec total\n|\n|t:|1783546815\n|move|p2a: Umbreon|Toxic|p1a: Tauros\n|-status|p1a: Tauros|tox\n|move|p1a: Tauros|Raging Bull|p2a: Umbreon\n|-damage|p2a: Umbreon|126/297\n|\n|-heal|p2a: Umbreon|144/297|[from] item: Leftovers\n|-damage|p1a: Tauros|82/100 tox|[from] psn\n|upkeep\n|turn|27\n|inactive|Time left: 300 sec this turn | 300 sec total\n|\n|t:|1783546816\n|move|p2a: Umbreon|Wish|p2a: Umbreon\n|move|p1a: Tauros|Raging Bull|p2a: Umbreon\n|-damage|p2a: Umbreon|15/297\n|\n|-heal|p2a: Umbreon|33/297|[from] item: Leftovers\n|-damage|p1a: Tauros|70/100 tox|[from] psn\n|upkeep\n|turn|28\n|inactive|Time left: 300 sec this turn | 300 sec total\n|\n|t:|1783546818\n|move|p2a: Umbreon|Protect|p2a: Umbreon\n|-singleturn|p2a: Umbreon|Protect\n|move|p1a: Tauros|Raging Bull|p2a: Umbreon\n|-activate|p2a: Umbreon|move: Protect\n|\n|-heal|p2a: Umbreon|181/297|[from] move: Wish|[wisher] Umbreon\n|-heal|p2a: Umbreon|199/297|[from] item: Leftovers\n|-damage|p1a: Tauros|52/100 tox|[from] psn\n|upkeep\n|turn|29\n|inactive|Time left: 300 sec this turn | 300 sec total\n|\n|t:|1783546819\n|-terastallize|p2a: Umbreon|Poison\n|move|p2a: Umbreon|Wish|p2a: Umbreon\n|move|p1a: Tauros|Raging Bull|p2a: Umbreon\n|-damage|p2a: Umbreon|82/297\n|\n|-heal|p2a: Umbreon|100/297|[from] item: Leftovers\n|-damage|p1a: Tauros|29/100 tox|[from] psn\n|upkeep\n|-enditem|p1a: Tauros|Sitrus Berry|[eat]\n|-heal|p1a: Tauros|54/100 tox|[from] item: Sitrus Berry\n|turn|30\n|inactive|Time left: 300 sec this turn | 300 sec total\n|\n|t:|1783546819\n|move|p2a: Umbreon|Protect|p2a: Umbreon\n|-singleturn|p2a: Umbreon|Protect\n|move|p1a: Tauros|Raging Bull|p2a: Umbreon\n|-activate|p2a: Umbreon|move: Protect\n|\n|-heal|p2a: Umbreon|248/297|[from] move: Wish|[wisher] Umbreon\n|-heal|p2a: Umbreon|266/297|[from] item: Leftovers\n|-damage|p1a: Tauros|24/100 tox|[from] psn\n|-activate|p1a: Tauros|ability: Cud Chew\n|-enditem|p1a: Tauros|Sitrus Berry|[eat]\n|-heal|p1a: Tauros|49/100 tox|[from] item: Sitrus Berry\n|upkeep\n|turn|31\n|inactive|Time left: 300 sec this turn | 300 sec total\n|\n|t:|1783546820\n|move|p2a: Umbreon|Wish|p2a: Umbreon\n|move|p1a: Tauros|Raging Bull|p2a: Umbreon\n|-crit|p2a: Umbreon\n|-damage|p2a: Umbreon|83/297\n|\n|-heal|p2a: Umbreon|101/297|[from] item: Leftovers\n|-damage|p1a: Tauros|13/100 tox|[from] psn\n|upkeep\n|turn|32\n|inactive|Time left: 300 sec this turn | 300 sec total\n|\n|t:|1783546821\n|move|p2a: Umbreon|Foul Play|p1a: Tauros\n|-resisted|p1a: Tauros\n|-damage|p1a: Tauros|0 fnt\n|faint|p1a: Tauros\n|\n|-heal|p2a: Umbreon|249/297|[from] move: Wish|[wisher] Umbreon\n|-heal|p2a: Umbreon|267/297|[from] item: Leftovers\n|upkeep\n|\n|t:|1783546822\n|switch|p1a: Palkia|Palkia, L75|100/100\n|-activate|p1a: Palkia|move: Sticky Web\n|-unboost|p1a: Palkia|spe|1\n|-damage|p1a: Palkia|88/100|[from] Stealth Rock\n|-ability|p1a: Palkia|Pressure\n|turn|33\n|inactive|Time left: 300 sec this turn | 300 sec total\n|\n|t:|1783546823\n|move|p2a: Umbreon|Toxic|p1a: Palkia\n|-status|p1a: Palkia|tox\n|move|p1a: Palkia|Spacial Rend|p2a: Umbreon\n|-damage|p2a: Umbreon|155/297\n|\n|-heal|p2a: Umbreon|173/297|[from] item: Leftovers\n|-damage|p1a: Palkia|82/100 tox|[from] psn\n|upkeep\n|turn|34\n|inactive|Time left: 300 sec this turn | 300 sec total\n|\n|t:|1783546824\n|move|p2a: Umbreon|Protect|p2a: Umbreon\n|-singleturn|p2a: Umbreon|Protect\n|move|p1a: Palkia|Spacial Rend|p2a: Umbreon\n|-activate|p2a: Umbreon|move: Protect\n|\n|-heal|p2a: Umbreon|191/297|[from] item: Leftovers\n|-damage|p1a: Palkia|70/100 tox|[from] psn\n|upkeep\n|turn|35\n|inactive|Time left: 300 sec this turn | 300 sec total\n|\n|t:|1783546825\n|move|p2a: Umbreon|Foul Play|p1a: Palkia\n|-damage|p1a: Palkia|33/100 tox\n|move|p1a: Palkia|Hydro Pump|p2a: Umbreon|[miss]\n|-miss|p1a: Palkia|p2a: Umbreon\n|\n|-heal|p2a: Umbreon|209/297|[from] item: Leftovers\n|-damage|p1a: Palkia|15/100 tox|[from] psn\n|upkeep\n|turn|36\n|inactive|Time left: 300 sec this turn | 300 sec total\n|\n|t:|1783546826\n|move|p2a: Umbreon|Foul Play|p1a: Palkia\n|-damage|p1a: Palkia|0 fnt\n|faint|p1a: Palkia\n|\n|-heal|p2a: Umbreon|227/297|[from] item: Leftovers\n|upkeep\n|\n|t:|1783546827\n|switch|p1a: Jirachi|Jirachi, L80|100/100\n|-activate|p1a: Jirachi|move: Sticky Web\n|-unboost|p1a: Jirachi|spe|1\n|-damage|p1a: Jirachi|94/100|[from] Stealth Rock\n|turn|37\n|inactive|Time left: 300 sec this turn | 300 sec total\n|\n|t:|1783546828\n|move|p2a: Umbreon|Foul Play|p1a: Jirachi\n|-supereffective|p1a: Jirachi\n|-crit|p1a: Jirachi\n|-damage|p1a: Jirachi|0 fnt\n|faint|p1a: Jirachi\n|\n|win|p0y6604269", "uploadtime": 1783546828, "views": 0, "rating": 0, "private": 0, "password": null, "_winner": "p0y6604269", "_our_name": "p0y6604269"}