{"id": "battle-gen9randombattle-1364", "formatid": "gen9randombattle", "format": "[Gen 9] Random Battle", "players": ["p0x1364d967", "p0y1364d9e2"], "log": "|init|battle\n|title|p0x1364d967 vs. p0y1364d9e2\n|j|\u2606p0x1364d967\n|j|\u2606p0y1364d9e2\n|t:|1783554964\n|gametype|singles\n|player|p1|p0x1364d967|1|\n|player|p2|p0y1364d9e2|169|\n|gen|9\n|tier|[Gen 9] Random Battle\n|rule|Species Clause: Limit one of each Pok\u00e9mon\n|rule|HP Percentage Mod: HP is shown in percentages\n|rule|Sleep Clause Mod: Limit one foe put to sleep\n|rule|Illusion Level Mod: Illusion disguises the Pok\u00e9mon's true level\n|\n|t:|1783554964\n|teamsize|p1|6\n|teamsize|p2|6\n|start\n|switch|p1a: Flareon|Flareon, L90, F|100/100\n|switch|p2a: Tinkaton|Tinkaton, L82, F|274/274\n|-ability|p2a: Tinkaton|Mold Breaker\n|turn|1\n|inactive|Battle timer is ON: inactive players will automatically lose when time's up. (requested by p0y1364d9e2)\n|inactive|p0x1364d967 also wants the timer to be on.\n|\n|t:|1783554965\n|move|p2a: Tinkaton|Knock Off|p1a: Flareon\n|-damage|p1a: Flareon|74/100\n|-enditem|p1a: Flareon|Toxic Orb|[from] move: Knock Off|[of] p2a: Tinkaton\n|move|p1a: Flareon|Flare Blitz|p2a: Tinkaton\n|-supereffective|p2a: Tinkaton\n|-damage|p2a: Tinkaton|0 fnt\n|faint|p2a: Tinkaton\n|-damage|p1a: Flareon|40/100|[from] Recoil\n|\n|upkeep\n|inactive|Time left: 300 sec this turn | 300 sec total | 65 sec grace\n|\n|t:|1783554966\n|switch|p2a: Victreebel|Victreebel, L90, M|290/290\n|turn|2\n|inactive|Time left: 300 sec this turn | 300 sec total\n|\n|t:|1783554967\n|switch|p1a: Altaria|Altaria, L89, M|100/100\n|move|p2a: Victreebel|Poison Jab|p1a: Altaria\n|-damage|p1a: Altaria|52/100\n|-damage|p2a: Victreebel|261/290|[from] item: Life Orb\n|\n|upkeep\n|turn|3\n|inactive|Time left: 300 sec this turn | 300 sec total\n|\n|t:|1783554968\n|move|p1a: Altaria|Brave Bird|p2a: Victreebel\n|-supereffective|p2a: Victreebel\n|-damage|p2a: Victreebel|0 fnt\n|faint|p2a: Victreebel\n|-damage|p1a: Altaria|21/100|[from] Recoil\n|\n|upkeep\n|inactive|Time left: 300 sec this turn | 300 sec total | 5 sec grace\n|\n|t:|1783554969\n|switch|p2a: Manaphy|Manaphy, L78|284/284\n|turn|4\n|inactive|Time left: 300 sec this turn | 300 sec total\n|\n|t:|1783554971\n|move|p2a: Manaphy|Tail Glow|p2a: Manaphy\n|-boost|p2a: Manaphy|spa|3\n|move|p1a: Altaria|Roost|p1a: Altaria\n|-heal|p1a: Altaria|71/100\n|-singleturn|p1a: Altaria|move: Roost\n|\n|upkeep\n|turn|5\n|inactive|Time left: 300 sec this turn | 300 sec total\n|\n|t:|1783554972\n|switch|p1a: Poliwrath|Poliwrath, L88, M|100/100\n|move|p2a: Manaphy|Ice Beam|p1a: Poliwrath\n|-resisted|p1a: Poliwrath\n|-damage|p1a: Poliwrath|85/100\n|\n|upkeep\n|turn|6\n|inactive|Time left: 300 sec this turn | 300 sec total\n|\n|t:|1783554973\n|move|p2a: Manaphy|Energy Ball|p1a: Poliwrath\n|-supereffective|p1a: Poliwrath\n|-damage|p1a: Poliwrath|23/100\n|move|p1a: Poliwrath|Circle Throw|p2a: Manaphy\n|-damage|p2a: Manaphy|212/284\n|drag|p2a: Malamar|Malamar, L82, M|275/275\n|\n|upkeep\n|turn|7\n|inactive|Time left: 300 sec this turn | 300 sec total\n|\n|t:|1783554974\n|move|p1a: Poliwrath|Close Combat|p2a: Malamar\n|-damage|p2a: Malamar|140/275\n|-unboost|p1a: Poliwrath|def|1\n|-unboost|p1a: Poliwrath|spd|1\n|move|p2a: Malamar|Superpower|p1a: Poliwrath\n|-damage|p1a: Poliwrath|0 fnt\n|-boost|p2a: Malamar|atk|1\n|-boost|p2a: Malamar|def|1\n|faint|p1a: Poliwrath\n|\n|-heal|p2a: Malamar|157/275|[from] item: Leftovers\n|upkeep\n|\n|t:|1783554975\n|switch|p1a: Alcremie|Alcremie-Rainbow-Swirl, L90, F|100/100\n|turn|8\n|inactive|Time left: 300 sec this turn | 300 sec total\n|\n|t:|1783554975\n|switch|p2a: Manaphy|Manaphy, L78|212/284\n|move|p1a: Alcremie|Alluring Voice|p2a: Manaphy\n|-damage|p2a: Manaphy|100/284\n|\n|-heal|p2a: Manaphy|117/284|[from] item: Leftovers\n|upkeep\n|turn|9\n|inactive|Time left: 300 sec this turn | 300 sec total\n|\n|t:|1783554976\n|move|p2a: Manaphy|Tail Glow|p2a: Manaphy\n|-boost|p2a: Manaphy|spa|3\n|move|p1a: Alcremie|Calm Mind|p1a: Alcremie\n|-boost|p1a: Alcremie|spa|1\n|-boost|p1a: Alcremie|spd|1\n|\n|-heal|p2a: Manaphy|134/284|[from] item: Leftovers\n|upkeep\n|turn|10\n|inactive|Time left: 300 sec this turn | 300 sec total\n|\n|t:|1783554977\n|move|p2a: Manaphy|Hydro Pump|p1a: Alcremie|[miss]\n|-miss|p2a: Manaphy|p1a: Alcremie\n|move|p1a: Alcremie|Alluring Voice|p2a: Manaphy\n|-damage|p2a: Manaphy|0 fnt\n|faint|p2a: Manaphy\n|\n|upkeep\n|inactive|Time left: 300 sec this turn | 300 sec total | 5 sec grace\n|\n|t:|1783554978\n|switch|p2a: Pawmot|Pawmot, L80, F|243/243\n|turn|11\n|inactive|Time left: 300 sec this turn | 300 sec total\n|\n|t:|1783554979\n|-terastallize|p2a: Pawmot|Electric\n|move|p2a: Pawmot|Double Shock|p1a: Alcremie\n|-damage|p1a: Alcremie|8/100\n|-start|p2a: Pawmot|typechange|Electric|[from] move: Double Shock\n|-damage|p2a: Pawmot|219/243|[from] item: Life Orb\n|move|p1a: Alcremie|Alluring Voice|p2a: Pawmot\n|-damage|p2a: Pawmot|0 fnt\n|faint|p2a: Pawmot\n|\n|-heal|p1a: Alcremie|15/100|[from] item: Leftovers\n|upkeep\n|inactive|Time left: 300 sec this turn | 300 sec total | 5 sec grace\n|\n|t:|1783554979\n|switch|p2a: Malamar|Malamar, L82, M|157/275\n|turn|12\n|inactive|Time left: 300 sec this turn | 300 sec total\n|\n|t:|1783554980\n|move|p2a: Malamar|Knock Off|p1a: Alcremie\n|-resisted|p1a: Alcremie\n|-damage|p1a: Alcremie|0 fnt\n|-enditem|p1a: Alcremie|Leftovers|[from] move: Knock Off|[of] p2a: Malamar\n|faint|p1a: Alcremie\n|\n|-heal|p2a: Malamar|174/275|[from] item: Leftovers\n|upkeep\n|\n|t:|1783554981\n|switch|p1a: Samurott|Samurott, L88, F|100/100\n|turn|13\n|inactive|Time left: 300 sec this turn | 300 sec total\n|\n|t:|1783554982\n|move|p1a: Samurott|Megahorn|p2a: Malamar\n|-supereffective|p2a: Malamar\n|-damage|p2a: Malamar|0 fnt\n|faint|p2a: Malamar\n|\n|upkeep\n|inactive|Time left: 300 sec this turn | 300 sec total | 5 sec grace\n|\n|t:|1783554983\n|switch|p2a: Scrafty|Scrafty, L83, F|244/244\n|turn|14\n|inactive|Time left: 300 sec this turn | 300 sec total\n|\n|t:|1783554984\n|switch|p1a: Bellossom|Bellossom, L84, F|100/100\n|move|p2a: Scrafty|Bulk Up|p2a: Scrafty\n|-boost|p2a: Scrafty|atk|1\n|-boost|p2a: Scrafty|def|1\n|\n|upkeep\n|turn|15\n|inactive|Time left: 300 sec this turn | 300 sec total\n|\n|t:|1783554985\n|move|p2a: Scrafty|Bulk Up|p2a: Scrafty\n|-boost|p2a: Scrafty|atk|1\n|-boost|p2a: Scrafty|def|1\n|move|p1a: Bellossom|Quiver Dance|p1a: Bellossom\n|-boost|p1a: Bellossom|spa|1\n|-boost|p1a: Bellossom|spd|1\n|-boost|p1a: Bellossom|spe|1\n|\n|upkeep\n|turn|16\n|inactive|Time left: 300 sec this turn | 300 sec total\n|\n|t:|1783554986\n|move|p1a: Bellossom|Quiver Dance|p1a: Bellossom\n|-boost|p1a: Bellossom|spa|1\n|-boost|p1a: Bellossom|spd|1\n|-boost|p1a: Bellossom|spe|1\n|move|p2a: Scrafty|Bulk Up|p2a: Scrafty\n|-boost|p2a: Scrafty|atk|1\n|-boost|p2a: Scrafty|def|1\n|\n|upkeep\n|turn|17\n|inactive|Time left: 300 sec this turn | 300 sec total\n|\n|t:|1783554986\n|-terastallize|p1a: Bellossom|Poison\n|move|p1a: Bellossom|Sludge Bomb|p2a: Scrafty\n|-damage|p2a: Scrafty|90/244\n|move|p2a: Scrafty|Rest|p2a: Scrafty\n|-status|p2a: Scrafty|slp|[from] move: Rest\n|-heal|p2a: Scrafty|244/244 slp|[silent]\n|\n|-activate|p2a: Scrafty|ability: Shed Skin\n|-curestatus|p2a: Scrafty|slp|[msg]\n|upkeep\n|turn|18\n|inactive|Time left: 300 sec this turn | 300 sec total\n|\n|t:|1783554987\n|move|p1a: Bellossom|Sludge Bomb|p2a: Scrafty\n|-damage|p2a: Scrafty|100/244\n|move|p2a: Scrafty|Rest|p2a: Scrafty\n|-status|p2a: Scrafty|slp|[from] move: Rest\n|-heal|p2a: Scrafty|244/244 slp|[silent]\n|\n|upkeep\n|turn|19\n|inactive|Time left: 300 sec this turn | 300 sec total\n|\n|t:|1783554988\n|move|p1a: Bellossom|Sludge Bomb|p2a: Scrafty\n|-damage|p2a: Scrafty|105/244 slp\n|cant|p2a: Scrafty|slp\n|\n|-activate|p2a: Scrafty|ability: Shed Skin\n|-curestatus|p2a: Scrafty|slp|[msg]\n|-heal|p2a: Scrafty|120/244|[from] item: Leftovers\n|upkeep\n|turn|20\n|inactive|Time left: 300 sec this turn | 300 sec total\n|\n|t:|1783554989\n|move|p1a: Bellossom|Sludge Bomb|p2a: Scrafty\n|-damage|p2a: Scrafty|0 fnt\n|faint|p2a: Scrafty\n|\n|win|p0x1364d967", "uploadtime": 1783554989, "views": 0, "rating": 0, "private": 0, "password": null, "_winner": "p0x1364d967", "_our_name": "p0y1364d9e2"}