{"id": "battle-gen9randombattle-1405", "formatid": "gen9randombattle", "format": "[Gen 9] Random Battle", "players": ["p0x1405eba7", "p0y14050518"], "log": "|init|battle\n|title|p0x1405eba7 vs. p0y14050518\n|j|\u2606p0x1405eba7\n|j|\u2606p0y14050518\n|t:|1783555392\n|gametype|singles\n|player|p1|p0x1405eba7|2|\n|player|p2|p0y14050518|169|\n|gen|9\n|tier|[Gen 9] Random Battle\n|rule|Species Clause: Limit one of each Pok\u00e9mon\n|rule|HP Percentage Mod: HP is shown in percentages\n|rule|Sleep Clause Mod: Limit one foe put to sleep\n|rule|Illusion Level Mod: Illusion disguises the Pok\u00e9mon's true level\n|\n|t:|1783555392\n|teamsize|p1|6\n|teamsize|p2|6\n|start\n|switch|p1a: Zebstrika|Zebstrika, L87, F|100/100\n|switch|p2a: Honchkrow|Honchkrow, L86, F|312/312\n|turn|1\n|inactive|Battle timer is ON: inactive players will automatically lose when time's up. (requested by p0x1405eba7)\n|inactive|Time left: 300 sec this turn | 300 sec total | 60 sec grace\n|inactive|p0y14050518 also wants the timer to be on.\n|\n|t:|1783555394\n|switch|p2a: Gumshoos|Gumshoos, L95, F|321/321\n|move|p1a: Zebstrika|Supercell Slam|p2a: Gumshoos\n|-damage|p2a: Gumshoos|130/321\n|-damage|p1a: Zebstrika|91/100|[from] item: Life Orb\n|\n|upkeep\n|turn|2\n|inactive|Time left: 300 sec this turn | 300 sec total\n|\n|t:|1783555395\n|-terastallize|p2a: Gumshoos|Ground\n|move|p1a: Zebstrika|Supercell Slam|p2a: Gumshoos\n|-immune|p2a: Gumshoos\n|-damage|p1a: Zebstrika|41/100|[from] supercellslam\n|move|p2a: Gumshoos|Earthquake|p1a: Zebstrika\n|-supereffective|p1a: Zebstrika\n|-damage|p1a: Zebstrika|0 fnt\n|faint|p1a: Zebstrika\n|\n|upkeep\n|\n|t:|1783555396\n|switch|p1a: Inteleon|Inteleon, L81, F|100/100\n|turn|3\n|inactive|Time left: 300 sec this turn | 300 sec total\n|\n|t:|1783555397\n|switch|p2a: Toxicroak|Toxicroak, L84, M|277/277\n|move|p1a: Inteleon|Scald|p2a: Toxicroak\n|-immune|p2a: Toxicroak|[from] ability: Dry Skin\n|\n|upkeep\n|turn|4\n|inactive|Time left: 300 sec this turn | 300 sec total\n|\n|t:|1783555398\n|switch|p1a: Passimian|Passimian, L83, M|100/100\n|move|p2a: Toxicroak|Gunk Shot|p1a: Passimian\n|-crit|p1a: Passimian\n|-damage|p1a: Passimian|6/100\n|-damage|p2a: Toxicroak|250/277|[from] item: Life Orb\n|\n|-heal|p1a: Passimian|12/100|[from] item: Leftovers\n|upkeep\n|turn|5\n|inactive|Time left: 300 sec this turn | 300 sec total\n|\n|t:|1783555400\n|move|p2a: Toxicroak|Gunk Shot|p1a: Passimian\n|-damage|p1a: Passimian|0 fnt\n|faint|p1a: Passimian\n|-damage|p2a: Toxicroak|223/277|[from] item: Life Orb\n|\n|upkeep\n|\n|t:|1783555401\n|switch|p1a: Swanna|Swanna, L89, M|100/100\n|turn|6\n|inactive|Time left: 300 sec this turn | 300 sec total\n|\n|t:|1783555402\n|switch|p2a: Girafarig|Girafarig, L89, M|269/269\n|move|p1a: Swanna|Brave Bird|p2a: Girafarig\n|-damage|p2a: Girafarig|172/269\n|-damage|p1a: Swanna|89/100|[from] Recoil\n|\n|upkeep\n|turn|7\n|inactive|Time left: 300 sec this turn | 300 sec total\n|\n|t:|1783555403\n|move|p1a: Swanna|Brave Bird|p2a: Girafarig\n|-damage|p2a: Girafarig|76/269\n|-damage|p1a: Swanna|77/100|[from] Recoil\n|move|p2a: Girafarig|Thunderbolt|p1a: Swanna\n|-supereffective|p1a: Swanna\n|-damage|p1a: Swanna|0 fnt\n|faint|p1a: Swanna\n|\n|upkeep\n|\n|t:|1783555404\n|switch|p1a: Inteleon|Inteleon, L81, F|100/100\n|turn|8\n|inactive|Time left: 300 sec this turn | 300 sec total\n|\n|t:|1783555405\n|switch|p2a: Hypno|Hypno, L95, M|315/315\n|move|p1a: Inteleon|Ice Beam|p2a: Hypno\n|-damage|p2a: Hypno|235/315\n|\n|-heal|p2a: Hypno|254/315|[from] item: Leftovers\n|upkeep\n|turn|9\n|inactive|Time left: 300 sec this turn | 300 sec total\n|\n|t:|1783555406\n|move|p1a: Inteleon|Ice Beam|p2a: Hypno\n|-damage|p2a: Hypno|182/315\n|move|p2a: Hypno|Psychic Noise|p1a: Inteleon\n|-damage|p1a: Inteleon|54/100\n|-start|p1a: Inteleon|move: Heal Block\n|\n|-heal|p2a: Hypno|201/315|[from] item: Leftovers\n|upkeep\n|turn|10\n|inactive|Time left: 300 sec this turn | 300 sec total\n|\n|t:|1783555407\n|move|p1a: Inteleon|Ice Beam|p2a: Hypno\n|-crit|p2a: Hypno\n|-damage|p2a: Hypno|76/315\n|move|p2a: Hypno|Toxic|p1a: Inteleon\n|-status|p1a: Inteleon|tox\n|\n|-heal|p2a: Hypno|95/315|[from] item: Leftovers\n|-damage|p1a: Inteleon|48/100 tox|[from] psn\n|-end|p1a: Inteleon|move: Heal Block\n|upkeep\n|turn|11\n|inactive|Time left: 300 sec this turn | 300 sec total\n|\n|t:|1783555408\n|move|p2a: Hypno|Protect|p2a: Hypno\n|-singleturn|p2a: Hypno|Protect\n|move|p1a: Inteleon|Ice Beam|p2a: Hypno\n|-activate|p2a: Hypno|move: Protect\n|\n|-heal|p2a: Hypno|114/315|[from] item: Leftovers\n|-damage|p1a: Inteleon|35/100 tox|[from] psn\n|upkeep\n|turn|12\n|inactive|Time left: 300 sec this turn | 300 sec total\n|\n|t:|1783555409\n|move|p1a: Inteleon|Ice Beam|p2a: Hypno\n|-damage|p2a: Hypno|29/315\n|move|p2a: Hypno|Focus Blast|p1a: Inteleon|[miss]\n|-miss|p2a: Hypno|p1a: Inteleon\n|\n|-heal|p2a: Hypno|48/315|[from] item: Leftovers\n|-damage|p1a: Inteleon|17/100 tox|[from] psn\n|upkeep\n|turn|13\n|inactive|Time left: 300 sec this turn | 300 sec total\n|\n|t:|1783555410\n|move|p2a: Hypno|Protect|p2a: Hypno\n|-singleturn|p2a: Hypno|Protect\n|move|p1a: Inteleon|Ice Beam|p2a: Hypno\n|-activate|p2a: Hypno|move: Protect\n|\n|-heal|p2a: Hypno|67/315|[from] item: Leftovers\n|-damage|p1a: Inteleon|0 fnt|[from] psn\n|faint|p1a: Inteleon\n|upkeep\n|\n|t:|1783555411\n|switch|p1a: Raikou|Raikou, L81|100/100\n|-ability|p1a: Raikou|Pressure\n|turn|14\n|inactive|Time left: 300 sec this turn | 300 sec total\n|\n|t:|1783555412\n|switch|p2a: Gumshoos|Gumshoos, L95, F, tera:Ground|130/321\n|move|p1a: Raikou|Calm Mind|p1a: Raikou\n|-boost|p1a: Raikou|spa|1\n|-boost|p1a: Raikou|spd|1\n|\n|upkeep\n|turn|15\n|inactive|Time left: 300 sec this turn | 300 sec total\n|\n|t:|1783555413\n|switch|p2a: Toxicroak|Toxicroak, L84, M|223/277\n|move|p1a: Raikou|Scald|p2a: Toxicroak\n|-heal|p2a: Toxicroak|277/277|[from] ability: Dry Skin|[of] p1a: Raikou\n|\n|upkeep\n|turn|16\n|inactive|Time left: 300 sec this turn | 300 sec total\n|\n|t:|1783555414\n|move|p1a: Raikou|Thunderbolt|p2a: Toxicroak\n|-damage|p2a: Toxicroak|91/277\n|move|p2a: Toxicroak|Gunk Shot|p1a: Raikou\n|-damage|p1a: Raikou|30/100\n|-status|p1a: Raikou|psn\n|-damage|p2a: Toxicroak|64/277|[from] item: Life Orb\n|\n|-heal|p1a: Raikou|36/100 psn|[from] item: Leftovers\n|-damage|p1a: Raikou|24/100 psn|[from] psn\n|upkeep\n|turn|17\n|inactive|Time left: 300 sec this turn | 300 sec total\n|\n|t:|1783555415\n|switch|p2a: Dedenne|Dedenne, L88, F|261/261\n|move|p1a: Raikou|Thunderbolt|p2a: Dedenne\n|-resisted|p2a: Dedenne\n|-damage|p2a: Dedenne|172/261\n|\n|-heal|p1a: Raikou|30/100 psn|[from] item: Leftovers\n|-damage|p1a: Raikou|18/100 psn|[from] psn\n|upkeep\n|turn|18\n|inactive|Time left: 300 sec this turn | 300 sec total\n|\n|t:|1783555416\n|move|p1a: Raikou|Scald|p2a: Dedenne\n|-damage|p2a: Dedenne|66/261\n|-enditem|p2a: Dedenne|Sitrus Berry|[eat]\n|-heal|p2a: Dedenne|131/261|[from] item: Sitrus Berry\n|-heal|p2a: Dedenne|218/261|[from] ability: Cheek Pouch\n|move|p2a: Dedenne|U-turn|p1a: Raikou\n|-damage|p1a: Raikou|1/100 psn\n|inactive|Time left: 300 sec this turn | 300 sec total | 5 sec grace\n|\n|t:|1783555417\n|switch|p2a: Gumshoos|Gumshoos, L95, F, tera:Ground|130/321|[from] U-turn\n|\n|-heal|p1a: Raikou|7/100 psn|[from] item: Leftovers\n|-damage|p1a: Raikou|0 fnt|[from] psn\n|faint|p1a: Raikou\n|upkeep\n|\n|t:|1783555418\n|switch|p1a: Trevenant|Trevenant, L89, M|100/100\n|turn|19\n|inactive|Time left: 300 sec this turn | 300 sec total\n|\n|t:|1783555419\n|switch|p2a: Honchkrow|Honchkrow, L86, F|312/312\n|move|p1a: Trevenant|Wood Hammer|p2a: Honchkrow\n|-resisted|p2a: Honchkrow\n|-damage|p2a: Honchkrow|179/312\n|-damage|p1a: Trevenant|86/100|[from] Recoil\n|-damage|p1a: Trevenant|76/100|[from] item: Life Orb\n|\n|upkeep\n|turn|20\n|inactive|Time left: 300 sec this turn | 300 sec total\n|\n|t:|1783555419\n|-terastallize|p1a: Trevenant|Fighting\n|move|p2a: Honchkrow|Brave Bird|p1a: Trevenant\n|-supereffective|p1a: Trevenant\n|-damage|p1a: Trevenant|0 fnt\n|faint|p1a: Trevenant\n|-damage|p2a: Honchkrow|105/312|[from] Recoil\n|\n|win|p0y14050518", "uploadtime": 1783555420, "views": 0, "rating": 0, "private": 0, "password": null, "_winner": "p0y14050518", "_our_name": "p0y14050518"}