{"id": "battle-gen9randombattle-2363", "formatid": "gen9randombattle", "format": "[Gen 9] Random Battle", "players": ["p0x2363d8eb", "p0y23638ad7"], "log": "|init|battle\n|title|p0x2363d8eb vs. p0y23638ad7\n|j|\u2606p0x2363d8eb\n|j|\u2606p0y23638ad7\n|t:|1783567457\n|gametype|singles\n|player|p1|p0x2363d8eb|101|\n|player|p2|p0y23638ad7|266|\n|gen|9\n|tier|[Gen 9] Random Battle\n|rule|Species Clause: Limit one of each Pok\u00e9mon\n|rule|HP Percentage Mod: HP is shown in percentages\n|rule|Sleep Clause Mod: Limit one foe put to sleep\n|rule|Illusion Level Mod: Illusion disguises the Pok\u00e9mon's true level\n|\n|t:|1783567457\n|teamsize|p1|6\n|teamsize|p2|6\n|start\n|switch|p1a: Bombirdier|Bombirdier, L85, M|100/100\n|switch|p2a: Tornadus|Tornadus-Therian, L79, M|254/254\n|turn|1\n|inactive|Battle timer is ON: inactive players will automatically lose when time's up. (requested by p0x2363d8eb)\n|inactive|Time left: 300 sec this turn | 300 sec total | 60 sec grace\n|inactive|p0y23638ad7 also wants the timer to be on.\n|\n|t:|1783567459\n|move|p2a: Tornadus|Bleakwind Storm|p1a: Bombirdier\n|-damage|p1a: Bombirdier|35/100\n|move|p1a: Bombirdier|Knock Off|p2a: Tornadus\n|-damage|p2a: Tornadus|130/254\n|-enditem|p2a: Tornadus|Choice Specs|[from] move: Knock Off|[of] p1a: Bombirdier\n|\n|upkeep\n|turn|2\n|inactive|Time left: 300 sec this turn | 300 sec total\n|\n|t:|1783567460\n|move|p2a: Tornadus|U-turn|p1a: Bombirdier\n|-damage|p1a: Bombirdier|19/100\n|inactive|Time left: 300 sec this turn | 300 sec total | 5 sec grace\n|\n|t:|1783567461\n|switch|p2a: Primarina|Primarina, L83, F|268/268|[from] U-turn\n|move|p1a: Bombirdier|Knock Off|p2a: Primarina\n|-resisted|p2a: Primarina\n|-damage|p2a: Primarina|209/268\n|-enditem|p2a: Primarina|Leftovers|[from] move: Knock Off|[of] p1a: Bombirdier\n|\n|upkeep\n|turn|3\n|inactive|Time left: 300 sec this turn | 300 sec total\n|\n|t:|1783567462\n|move|p1a: Bombirdier|Brave Bird|p2a: Primarina\n|-damage|p2a: Primarina|40/268\n|-damage|p1a: Bombirdier|0 fnt|[from] Recoil\n|faint|p1a: Bombirdier\n|move|p2a: Primarina|Moonblast|p1: Bombirdier|[notarget]\n|-fail|p2a: Primarina\n|\n|upkeep\n|\n|t:|1783567463\n|switch|p1a: Kyogre|Kyogre, L71|100/100\n|-weather|RainDance|[from] ability: Drizzle|[of] p1a: Kyogre\n|turn|4\n|inactive|Time left: 300 sec this turn | 300 sec total\n|\n|t:|1783567464\n|move|p1a: Kyogre|Water Spout|p2a: Primarina\n|-resisted|p2a: Primarina\n|-damage|p2a: Primarina|0 fnt\n|faint|p2a: Primarina\n|\n|-weather|RainDance|[upkeep]\n|upkeep\n|inactive|Time left: 300 sec this turn | 300 sec total | 5 sec grace\n|\n|t:|1783567465\n|switch|p2a: Leavanny|Leavanny, L86, M|269/269\n|turn|5\n|inactive|Time left: 300 sec this turn | 300 sec total\n|\n|t:|1783567466\n|move|p1a: Kyogre|Water Spout|p2a: Leavanny\n|-resisted|p2a: Leavanny\n|-damage|p2a: Leavanny|147/269\n|move|p2a: Leavanny|Sticky Web|p1a: Kyogre\n|-sidestart|p1: p0x2363d8eb|move: Sticky Web\n|\n|-weather|RainDance|[upkeep]\n|upkeep\n|turn|6\n|inactive|Time left: 300 sec this turn | 300 sec total\n|\n|t:|1783567468\n|-terastallize|p1a: Kyogre|Water\n|move|p1a: Kyogre|Water Spout|p2a: Leavanny\n|-resisted|p2a: Leavanny\n|-damage|p2a: Leavanny|0 fnt\n|faint|p2a: Leavanny\n|\n|-weather|RainDance|[upkeep]\n|upkeep\n|inactive|Time left: 300 sec this turn | 300 sec total | 5 sec grace\n|\n|t:|1783567469\n|switch|p2a: Stantler|Stantler, L92, M|284/284\n|-ability|p2a: Stantler|Intimidate|boost\n|-unboost|p1a: Kyogre|atk|1\n|turn|7\n|inactive|Time left: 300 sec this turn | 300 sec total\n|\n|t:|1783567470\n|move|p1a: Kyogre|Water Spout|p2a: Stantler\n|-damage|p2a: Stantler|18/284\n|move|p2a: Stantler|Earth Power|p1a: Kyogre\n|-damage|p1a: Kyogre|77/100\n|\n|-weather|RainDance|[upkeep]\n|upkeep\n|turn|8\n|inactive|Time left: 300 sec this turn | 300 sec total\n|\n|t:|1783567470\n|move|p1a: Kyogre|Water Spout|p2a: Stantler\n|-damage|p2a: Stantler|0 fnt\n|faint|p2a: Stantler\n|\n|-weather|none\n|upkeep\n|inactive|Time left: 300 sec this turn | 300 sec total | 5 sec grace\n|\n|t:|1783567471\n|switch|p2a: Morpeko|Morpeko, L88, F|245/245\n|turn|9\n|inactive|Time left: 300 sec this turn | 300 sec total\n|\n|t:|1783567472\n|move|p1a: Kyogre|Water Spout|p2a: Morpeko\n|-damage|p2a: Morpeko|31/245\n|move|p2a: Morpeko|Knock Off|p1a: Kyogre\n|-damage|p1a: Kyogre|26/100\n|-enditem|p1a: Kyogre|Choice Scarf|[from] move: Knock Off|[of] p2a: Morpeko\n|\n|-heal|p2a: Morpeko|46/245|[from] item: Leftovers\n|-formechange|p2a: Morpeko|Morpeko-Hangry||[from] ability: Hunger Switch\n|upkeep\n|turn|10\n|inactive|Time left: 300 sec this turn | 300 sec total\n|\n|t:|1783567473\n|switch|p1a: Weezing|Weezing, L88, M|100/100\n|move|p2a: Morpeko|Aura Wheel|p1a: Weezing\n|-damage|p1a: Weezing|64/100\n|-boost|p2a: Morpeko|spe|1\n|\n|-heal|p2a: Morpeko|61/245|[from] item: Leftovers\n|-heal|p1a: Weezing|71/100|[from] item: Leftovers\n|-formechange|p2a: Morpeko|Morpeko||[from] ability: Hunger Switch\n|upkeep\n|turn|11\n|inactive|Time left: 300 sec this turn | 300 sec total\n|\n|t:|1783567474\n|move|p2a: Morpeko|Knock Off|p1a: Weezing\n|-damage|p1a: Weezing|38/100\n|-enditem|p1a: Weezing|Leftovers|[from] move: Knock Off|[of] p2a: Morpeko\n|move|p1a: Weezing|Sludge Bomb|p2a: Morpeko\n|-damage|p2a: Morpeko|0 fnt\n|faint|p2a: Morpeko\n|\n|upkeep\n|inactive|Time left: 300 sec this turn | 300 sec total | 5 sec grace\n|\n|t:|1783567475\n|switch|p2a: Blaziken|Blaziken, L76, F|247/247\n|turn|12\n|inactive|Time left: 300 sec this turn | 300 sec total\n|\n|t:|1783567476\n|switch|p1a: Lunala|Lunala, L70|100/100\n|-activate|p1a: Lunala|move: Sticky Web\n|-unboost|p1a: Lunala|spe|1\n|move|p2a: Blaziken|Swords Dance|p2a: Blaziken\n|-boost|p2a: Blaziken|atk|2\n|\n|-ability|p2a: Blaziken|Speed Boost|boost\n|-boost|p2a: Blaziken|spe|1\n|upkeep\n|turn|13\n|inactive|Time left: 300 sec this turn | 300 sec total\n|\n|t:|1783567477\n|move|p2a: Blaziken|Knock Off|p1a: Lunala\n|-supereffective|p1a: Lunala\n|-damage|p1a: Lunala|0 fnt\n|-enditem|p1a: Lunala|Leftovers|[from] move: Knock Off|[of] p2a: Blaziken\n|faint|p1a: Lunala\n|-damage|p2a: Blaziken|223/247|[from] item: Life Orb\n|\n|-ability|p2a: Blaziken|Speed Boost|boost\n|-boost|p2a: Blaziken|spe|1\n|upkeep\n|\n|t:|1783567478\n|switch|p1a: Weezing|Weezing, L88, M|38/100\n|turn|14\n|inactive|Time left: 300 sec this turn | 300 sec total\n|\n|t:|1783567479\n|move|p2a: Blaziken|Flare Blitz|p1a: Weezing\n|-crit|p1a: Weezing\n|-damage|p1a: Weezing|0 fnt\n|faint|p1a: Weezing\n|-damage|p2a: Blaziken|191/247|[from] Recoil\n|-damage|p2a: Blaziken|167/247|[from] item: Life Orb\n|\n|-ability|p2a: Blaziken|Speed Boost|boost\n|-boost|p2a: Blaziken|spe|1\n|upkeep\n|\n|t:|1783567480\n|switch|p1a: Kyogre|Kyogre, L71, tera:Water|26/100\n|-activate|p1a: Kyogre|move: Sticky Web\n|-unboost|p1a: Kyogre|spe|1\n|-weather|RainDance|[from] ability: Drizzle|[of] p1a: Kyogre\n|turn|15\n|inactive|Time left: 300 sec this turn | 300 sec total\n|\n|t:|1783567481\n|move|p2a: Blaziken|Knock Off|p1a: Kyogre\n|-damage|p1a: Kyogre|0 fnt\n|faint|p1a: Kyogre\n|-damage|p2a: Blaziken|143/247|[from] item: Life Orb\n|\n|-weather|RainDance|[upkeep]\n|-ability|p2a: Blaziken|Speed Boost|boost\n|-boost|p2a: Blaziken|spe|1\n|upkeep\n|\n|t:|1783567482\n|switch|p1a: Chansey|Chansey, L85, F|100/100\n|-activate|p1a: Chansey|move: Sticky Web\n|-unboost|p1a: Chansey|spe|1\n|turn|16\n|inactive|Time left: 300 sec this turn | 300 sec total\n|\n|t:|1783567482\n|-terastallize|p2a: Blaziken|Fighting\n|move|p2a: Blaziken|Close Combat|p1a: Chansey\n|-supereffective|p1a: Chansey\n|-damage|p1a: Chansey|0 fnt\n|-unboost|p2a: Blaziken|def|1\n|-unboost|p2a: Blaziken|spd|1\n|faint|p1a: Chansey\n|-damage|p2a: Blaziken|119/247|[from] item: Life Orb\n|\n|-weather|RainDance|[upkeep]\n|-ability|p2a: Blaziken|Speed Boost|boost\n|-boost|p2a: Blaziken|spe|1\n|upkeep\n|\n|t:|1783567483\n|switch|p1a: Infernape|Infernape, L82, M|100/100\n|-activate|p1a: Infernape|move: Sticky Web\n|-unboost|p1a: Infernape|spe|1\n|turn|17\n|inactive|Time left: 300 sec this turn | 300 sec total\n|\n|t:|1783567484\n|move|p2a: Blaziken|Close Combat|p1a: Infernape\n|-damage|p1a: Infernape|0 fnt\n|-unboost|p2a: Blaziken|def|1\n|-unboost|p2a: Blaziken|spd|1\n|faint|p1a: Infernape\n|-damage|p2a: Blaziken|95/247|[from] item: Life Orb\n|\n|win|p0y23638ad7", "uploadtime": 1783567484, "views": 0, "rating": 0, "private": 0, "password": null, "_winner": "p0y23638ad7", "_our_name": "p0y23638ad7"}