{"id": "battle-gen9randombattle-195", "formatid": "gen9randombattle", "format": "[Gen 9] Random Battle", "players": ["p0x1958c28", "p0y19596c0"], "log": "|init|battle\n|title|p0x1958c28 vs. p0y19596c0\n|j|\u2606p0x1958c28\n|j|\u2606p0y19596c0\n|t:|1783536011\n|gametype|singles\n|player|p1|p0x1958c28|266|\n|player|p2|p0y19596c0|2|\n|gen|9\n|tier|[Gen 9] Random Battle\n|rule|Species Clause: Limit one of each Pok\u00e9mon\n|rule|HP Percentage Mod: HP is shown in percentages\n|rule|Sleep Clause Mod: Limit one foe put to sleep\n|rule|Illusion Level Mod: Illusion disguises the Pok\u00e9mon's true level\n|\n|t:|1783536011\n|teamsize|p1|6\n|teamsize|p2|6\n|start\n|switch|p1a: Ting-Lu|Ting-Lu, L78|370/370\n|switch|p2a: Okidogi|Okidogi, L77, M|100/100\n|-ability|p1a: Ting-Lu|Vessel of Ruin\n|turn|1\n|inactive|Battle timer is ON: inactive players will automatically lose when time's up. (requested by p0y19596c0)\n|inactive|Time left: 300 sec this turn | 300 sec total | 60 sec grace\n|inactive|p0x1958c28 also wants the timer to be on.\n|\n|t:|1783536013\n|move|p2a: Okidogi|Knock Off|p1a: Ting-Lu\n|-resisted|p1a: Ting-Lu\n|-damage|p1a: Ting-Lu|342/370\n|-enditem|p1a: Ting-Lu|Leftovers|[from] move: Knock Off|[of] p2a: Okidogi\n|move|p1a: Ting-Lu|Earthquake|p2a: Okidogi\n|-supereffective|p2a: Okidogi\n|-damage|p2a: Okidogi|26/100\n|\n|upkeep\n|turn|2\n|inactive|Time left: 300 sec this turn | 300 sec total\n|\n|t:|1783536014\n|move|p2a: Okidogi|Drain Punch|p1a: Ting-Lu\n|-supereffective|p1a: Ting-Lu\n|-damage|p1a: Ting-Lu|204/370\n|-heal|p2a: Okidogi|53/100|[from] drain|[of] p1a: Ting-Lu\n|move|p1a: Ting-Lu|Earthquake|p2a: Okidogi\n|-supereffective|p2a: Okidogi\n|-damage|p2a: Okidogi|0 fnt\n|faint|p2a: Okidogi\n|\n|upkeep\n|\n|t:|1783536015\n|switch|p2a: Haxorus|Haxorus, L77, F|100/100\n|-ability|p2a: Haxorus|Mold Breaker\n|turn|3\n|inactive|Time left: 300 sec this turn | 300 sec total\n|\n|t:|1783536016\n|move|p2a: Haxorus|Outrage|p1a: Ting-Lu\n|-damage|p1a: Ting-Lu|72/370\n|move|p1a: Ting-Lu|Earthquake|p2a: Haxorus\n|-damage|p2a: Haxorus|57/100\n|\n|upkeep\n|turn|4\n|inactive|Time left: 300 sec this turn | 300 sec total\n|\n|t:|1783536017\n|switch|p1a: Bronzong|Bronzong, L88|261/261\n|move|p2a: Haxorus|Outrage|p1a: Bronzong|[from] lockedmove\n|-resisted|p1a: Bronzong\n|-damage|p1a: Bronzong|201/261\n|\n|-heal|p1a: Bronzong|217/261|[from] item: Leftovers\n|upkeep\n|turn|5\n|inactive|Time left: 300 sec this turn | 300 sec total\n|\n|t:|1783536018\n|move|p2a: Haxorus|Outrage|p1a: Bronzong|[from] lockedmove\n|-resisted|p1a: Bronzong\n|-damage|p1a: Bronzong|163/261\n|-start|p2a: Haxorus|confusion|[fatigue]\n|-enditem|p2a: Haxorus|Lum Berry|[eat]\n|-end|p2a: Haxorus|confusion\n|move|p1a: Bronzong|Psychic|p2a: Haxorus\n|-damage|p2a: Haxorus|8/100\n|\n|-heal|p1a: Bronzong|179/261|[from] item: Leftovers\n|upkeep\n|turn|6\n|inactive|Time left: 300 sec this turn | 300 sec total\n|\n|t:|1783536019\n|move|p2a: Haxorus|Outrage|p1a: Bronzong\n|-resisted|p1a: Bronzong\n|-damage|p1a: Bronzong|117/261\n|move|p1a: Bronzong|Iron Head|p2a: Haxorus\n|-damage|p2a: Haxorus|0 fnt\n|faint|p2a: Haxorus\n|\n|-heal|p1a: Bronzong|133/261|[from] item: Leftovers\n|upkeep\n|\n|t:|1783536020\n|switch|p2a: Houndoom|Houndoom, L87, F|100/100\n|turn|7\n|inactive|Time left: 300 sec this turn | 300 sec total\n|\n|t:|1783536021\n|switch|p1a: Ting-Lu|Ting-Lu, L78|72/370\n|-ability|p1a: Ting-Lu|Vessel of Ruin\n|move|p2a: Houndoom|Nasty Plot|p2a: Houndoom\n|-boost|p2a: Houndoom|spa|2\n|\n|upkeep\n|turn|8\n|inactive|Time left: 300 sec this turn | 300 sec total\n|\n|t:|1783536022\n|move|p2a: Houndoom|Dark Pulse|p1a: Ting-Lu\n|-resisted|p1a: Ting-Lu\n|-damage|p1a: Ting-Lu|0 fnt\n|faint|p1a: Ting-Lu\n|\n|upkeep\n|inactive|Time left: 300 sec this turn | 300 sec total | 5 sec grace\n|\n|t:|1783536023\n|switch|p1a: Plusle|Plusle, L95, F|268/268\n|turn|9\n|inactive|Time left: 300 sec this turn | 300 sec total\n|\n|t:|1783536024\n|move|p1a: Plusle|Thunderbolt|p2a: Houndoom\n|-damage|p2a: Houndoom|46/100\n|-damage|p1a: Plusle|242/268|[from] item: Life Orb\n|move|p2a: Houndoom|Fire Blast|p1a: Plusle|[miss]\n|-miss|p2a: Houndoom|p1a: Plusle\n|\n|upkeep\n|turn|10\n|inactive|Time left: 300 sec this turn | 300 sec total\n|\n|t:|1783536026\n|switch|p2a: Morpeko|Morpeko, L88, F|100/100\n|move|p1a: Plusle|Thunderbolt|p2a: Morpeko\n|-resisted|p2a: Morpeko\n|-damage|p2a: Morpeko|63/100\n|-damage|p1a: Plusle|216/268|[from] item: Life Orb\n|\n|-heal|p2a: Morpeko|69/100|[from] item: Leftovers\n|-formechange|p2a: Morpeko|Morpeko-Hangry||[from] ability: Hunger Switch\n|upkeep\n|turn|11\n|inactive|Time left: 300 sec this turn | 300 sec total\n|\n|t:|1783536027\n|-terastallize|p1a: Plusle|Fairy\n|-terastallize|p2a: Morpeko|Electric\n|move|p1a: Plusle|Alluring Voice|p2a: Morpeko\n|-damage|p2a: Morpeko|0 fnt\n|faint|p2a: Morpeko\n|detailschange|p2: Morpeko|Morpeko, L88, F|[silent]\n|-damage|p1a: Plusle|190/268|[from] item: Life Orb\n|\n|upkeep\n|\n|t:|1783536028\n|switch|p2a: Vigoroth|Vigoroth, L85, F|100/100\n|turn|12\n|inactive|Time left: 300 sec this turn | 300 sec total\n|\n|t:|1783536029\n|move|p1a: Plusle|Nasty Plot|p1a: Plusle\n|-boost|p1a: Plusle|spa|2\n|move|p2a: Vigoroth|Body Slam|p1a: Plusle\n|-damage|p1a: Plusle|60/268\n|\n|upkeep\n|turn|13\n|inactive|Time left: 300 sec this turn | 300 sec total\n|\n|t:|1783536030\n|move|p1a: Plusle|Thunderbolt|p2a: Vigoroth\n|-damage|p2a: Vigoroth|4/100\n|-damage|p1a: Plusle|34/268|[from] item: Life Orb\n|move|p2a: Vigoroth|Earthquake|p1a: Plusle\n|-damage|p1a: Plusle|0 fnt\n|faint|p1a: Plusle\n|\n|upkeep\n|inactive|Time left: 300 sec this turn | 300 sec total | 5 sec grace\n|\n|t:|1783536031\n|switch|p1a: Noivern|Noivern, L82, M|274/274\n|turn|14\n|inactive|Time left: 300 sec this turn | 300 sec total\n|\n|t:|1783536032\n|move|p1a: Noivern|Flamethrower|p2a: Vigoroth\n|-damage|p2a: Vigoroth|0 fnt\n|faint|p2a: Vigoroth\n|\n|upkeep\n|\n|t:|1783536032\n|switch|p2a: Houndoom|Houndoom, L87, F|46/100\n|turn|15\n|inactive|Time left: 300 sec this turn | 300 sec total\n|\n|t:|1783536033\n|move|p1a: Noivern|Draco Meteor|p2a: Houndoom\n|-damage|p2a: Houndoom|0 fnt\n|-unboost|p1a: Noivern|spa|2\n|faint|p2a: Houndoom\n|\n|upkeep\n|\n|t:|1783536034\n|switch|p2a: Illumise|Illumise, L91, F|100/100\n|turn|16\n|inactive|Time left: 300 sec this turn | 300 sec total\n|\n|t:|1783536035\n|switch|p1a: Sinistcha|Sinistcha, L83|254/254\n|move|p2a: Illumise|Bug Buzz|p1a: Sinistcha\n|-damage|p1a: Sinistcha|155/254\n|\n|-heal|p1a: Sinistcha|170/254|[from] item: Leftovers\n|upkeep\n|turn|17\n|inactive|Time left: 300 sec this turn | 300 sec total\n|\n|t:|1783536036\n|move|p2a: Illumise|Bug Buzz|p1a: Sinistcha\n|-damage|p1a: Sinistcha|79/254\n|-unboost|p1a: Sinistcha|spd|1\n|move|p1a: Sinistcha|Strength Sap|p2a: Illumise\n|-unboost|p2a: Illumise|atk|1\n|-heal|p1a: Sinistcha|169/254\n|\n|-heal|p1a: Sinistcha|184/254|[from] item: Leftovers\n|upkeep\n|turn|18\n|inactive|Time left: 300 sec this turn | 300 sec total\n|\n|t:|1783536037\n|switch|p1a: Noivern|Noivern, L82, M|274/274\n|move|p2a: Illumise|Bug Buzz|p1a: Noivern\n|-resisted|p1a: Noivern\n|-damage|p1a: Noivern|226/274\n|\n|upkeep\n|turn|19\n|inactive|Time left: 300 sec this turn | 300 sec total\n|\n|t:|1783536038\n|move|p2a: Illumise|Thunder Wave|p1a: Noivern\n|-status|p1a: Noivern|par\n|move|p1a: Noivern|Hurricane|p2a: Illumise|[miss]\n|-miss|p1a: Noivern|p2a: Illumise\n|\n|upkeep\n|turn|20\n|inactive|Time left: 300 sec this turn | 300 sec total\n|\n|t:|1783536039\n|move|p2a: Illumise|Bug Buzz|p1a: Noivern\n|-resisted|p1a: Noivern\n|-damage|p1a: Noivern|173/274 par\n|cant|p1a: Noivern|par\n|\n|upkeep\n|turn|21\n|inactive|Time left: 300 sec this turn | 300 sec total\n|\n|t:|1783536040\n|move|p2a: Illumise|Bug Buzz|p1a: Noivern\n|-resisted|p1a: Noivern\n|-damage|p1a: Noivern|125/274 par\n|move|p1a: Noivern|Hurricane|p2a: Illumise\n|-supereffective|p2a: Illumise\n|-damage|p2a: Illumise|21/100\n|\n|upkeep\n|turn|22\n|inactive|Time left: 300 sec this turn | 300 sec total\n|\n|t:|1783536041\n|move|p2a: Illumise|Roost|p2a: Illumise\n|-heal|p2a: Illumise|71/100\n|-singleturn|p2a: Illumise|move: Roost\n|move|p1a: Noivern|Hurricane|p2a: Illumise|[miss]\n|-miss|p1a: Noivern|p2a: Illumise\n|\n|upkeep\n|turn|23\n|inactive|Time left: 300 sec this turn | 300 sec total\n|\n|t:|1783536042\n|move|p2a: Illumise|Roost|p2a: Illumise\n|-heal|p2a: Illumise|100/100\n|-singleturn|p2a: Illumise|move: Roost\n|move|p1a: Noivern|Hurricane|p2a: Illumise\n|-supereffective|p2a: Illumise\n|-damage|p2a: Illumise|22/100\n|\n|upkeep\n|turn|24\n|inactive|Time left: 300 sec this turn | 300 sec total\n|\n|t:|1783536043\n|move|p2a: Illumise|Roost|p2a: Illumise\n|-heal|p2a: Illumise|72/100\n|-singleturn|p2a: Illumise|move: Roost\n|move|p1a: Noivern|Hurricane|p2a: Illumise|[miss]\n|-miss|p1a: Noivern|p2a: Illumise\n|\n|upkeep\n|turn|25\n|inactive|Time left: 300 sec this turn | 300 sec total\n|\n|t:|1783536044\n|move|p2a: Illumise|Roost|p2a: Illumise\n|-heal|p2a: Illumise|100/100\n|-singleturn|p2a: Illumise|move: Roost\n|move|p1a: Noivern|Hurricane|p2a: Illumise\n|-supereffective|p2a: Illumise\n|-damage|p2a: Illumise|26/100\n|\n|upkeep\n|turn|26\n|inactive|Time left: 300 sec this turn | 300 sec total\n|\n|t:|1783536045\n|move|p2a: Illumise|Roost|p2a: Illumise\n|-heal|p2a: Illumise|76/100\n|-singleturn|p2a: Illumise|move: Roost\n|move|p1a: Noivern|Hurricane|p2a: Illumise\n|-supereffective|p2a: Illumise\n|-damage|p2a: Illumise|2/100\n|\n|upkeep\n|turn|27\n|inactive|Time left: 300 sec this turn | 300 sec total\n|\n|t:|1783536046\n|move|p2a: Illumise|Roost|p2a: Illumise\n|-heal|p2a: Illumise|52/100\n|-singleturn|p2a: Illumise|move: Roost\n|move|p1a: Noivern|Hurricane|p2a: Illumise|[miss]\n|-miss|p1a: Noivern|p2a: Illumise\n|\n|upkeep\n|turn|28\n|inactive|Time left: 300 sec this turn | 300 sec total\n|\n|t:|1783536047\n|move|p2a: Illumise|Roost|p2a: Illumise\n|-heal|p2a: Illumise|100/100\n|-singleturn|p2a: Illumise|move: Roost\n|cant|p1a: Noivern|par\n|\n|upkeep\n|turn|29\n|inactive|Time left: 300 sec this turn | 300 sec total\n|\n|t:|1783536048\n|move|p2a: Illumise|Bug Buzz|p1a: Noivern\n|-resisted|p1a: Noivern\n|-damage|p1a: Noivern|71/274 par\n|move|p1a: Noivern|Hurricane|p2a: Illumise|[miss]\n|-miss|p1a: Noivern|p2a: Illumise\n|\n|upkeep\n|turn|30\n|inactive|Time left: 300 sec this turn | 300 sec total\n|\n|t:|1783536050\n|move|p2a: Illumise|Bug Buzz|p1a: Noivern\n|-resisted|p1a: Noivern\n|-damage|p1a: Noivern|17/274 par\n|move|p1a: Noivern|Hurricane|p2a: Illumise\n|-supereffective|p2a: Illumise\n|-damage|p2a: Illumise|19/100\n|\n|upkeep\n|turn|31\n|inactive|Time left: 300 sec this turn | 300 sec total\n|\n|t:|1783536051\n|move|p2a: Illumise|Roost|p2a: Illumise\n|-heal|p2a: Illumise|69/100\n|-singleturn|p2a: Illumise|move: Roost\n|move|p1a: Noivern|Hurricane|p2a: Illumise\n|-supereffective|p2a: Illumise\n|-damage|p2a: Illumise|0 fnt\n|faint|p2a: Illumise\n|\n|win|p0x1958c28", "uploadtime": 1783536051, "views": 0, "rating": 0, "private": 0, "password": null, "_winner": "p0x1958c28", "_our_name": "p0x1958c28"}