{"id": "battle-gen9randombattle-1935", "formatid": "gen9randombattle", "format": "[Gen 9] Random Battle", "players": ["p0x193539f6", "p0y19352588"], "log": "|init|battle\n|title|p0x193539f6 vs. p0y19352588\n|j|\u2606p0x193539f6\n|j|\u2606p0y19352588\n|t:|1783561671\n|gametype|singles\n|player|p1|p0x193539f6|101|\n|player|p2|p0y19352588|101|\n|gen|9\n|tier|[Gen 9] Random Battle\n|rule|Species Clause: Limit one of each Pok\u00e9mon\n|rule|HP Percentage Mod: HP is shown in percentages\n|rule|Sleep Clause Mod: Limit one foe put to sleep\n|rule|Illusion Level Mod: Illusion disguises the Pok\u00e9mon's true level\n|\n|t:|1783561671\n|teamsize|p1|6\n|teamsize|p2|6\n|start\n|switch|p1a: Toxapex|Toxapex, L82, M|100/100\n|switch|p2a: Entei|Entei, L78|307/307\n|turn|1\n|inactive|Battle timer is ON: inactive players will automatically lose when time's up. (requested by p0x193539f6)\n|inactive|Time left: 300 sec this turn | 300 sec total | 60 sec grace\n|inactive|p0y19352588 also wants the timer to be on.\n|\n|t:|1783561672\n|move|p2a: Entei|Sacred Fire|p1a: Toxapex\n|-resisted|p1a: Toxapex\n|-damage|p1a: Toxapex|76/100\n|-status|p1a: Toxapex|brn\n|move|p1a: Toxapex|Toxic Spikes|p2a: Entei\n|-sidestart|p2: p0y19352588|move: Toxic Spikes\n|\n|-heal|p1a: Toxapex|82/100 brn|[from] item: Leftovers\n|-damage|p1a: Toxapex|76/100 brn|[from] brn\n|upkeep\n|turn|2\n|inactive|Time left: 300 sec this turn | 300 sec total\n|\n|t:|1783561673\n|move|p2a: Entei|Sacred Fire|p1a: Toxapex\n|-resisted|p1a: Toxapex\n|-damage|p1a: Toxapex|54/100 brn\n|move|p1a: Toxapex|Toxic Spikes|p2a: Entei\n|-sidestart|p2: p0y19352588|move: Toxic Spikes\n|\n|-heal|p1a: Toxapex|60/100 brn|[from] item: Leftovers\n|-damage|p1a: Toxapex|54/100 brn|[from] brn\n|upkeep\n|turn|3\n|inactive|Time left: 300 sec this turn | 300 sec total\n|\n|t:|1783561674\n|move|p2a: Entei|Sacred Fire|p1a: Toxapex\n|-resisted|p1a: Toxapex\n|-damage|p1a: Toxapex|29/100 brn\n|move|p1a: Toxapex|Recover|p1a: Toxapex\n|-heal|p1a: Toxapex|79/100 brn\n|\n|-heal|p1a: Toxapex|85/100 brn|[from] item: Leftovers\n|-damage|p1a: Toxapex|79/100 brn|[from] brn\n|upkeep\n|turn|4\n|inactive|Time left: 300 sec this turn | 300 sec total\n|\n|t:|1783561675\n|move|p2a: Entei|Sacred Fire|p1a: Toxapex\n|-resisted|p1a: Toxapex\n|-damage|p1a: Toxapex|53/100 brn\n|move|p1a: Toxapex|Liquidation|p2a: Entei\n|-supereffective|p2a: Entei\n|-damage|p2a: Entei|234/307\n|\n|-heal|p1a: Toxapex|59/100 brn|[from] item: Leftovers\n|-damage|p1a: Toxapex|53/100 brn|[from] brn\n|upkeep\n|turn|5\n|inactive|Time left: 300 sec this turn | 300 sec total\n|\n|t:|1783561676\n|move|p2a: Entei|Sacred Fire|p1a: Toxapex\n|-resisted|p1a: Toxapex\n|-damage|p1a: Toxapex|28/100 brn\n|move|p1a: Toxapex|Recover|p1a: Toxapex\n|-heal|p1a: Toxapex|78/100 brn\n|\n|-heal|p1a: Toxapex|84/100 brn|[from] item: Leftovers\n|-damage|p1a: Toxapex|78/100 brn|[from] brn\n|upkeep\n|turn|6\n|inactive|Time left: 300 sec this turn | 300 sec total\n|\n|t:|1783561677\n|move|p2a: Entei|Sacred Fire|p1a: Toxapex\n|-resisted|p1a: Toxapex\n|-damage|p1a: Toxapex|56/100 brn\n|move|p1a: Toxapex|Recover|p1a: Toxapex\n|-heal|p1a: Toxapex|100/100 brn\n|\n|-damage|p1a: Toxapex|94/100 brn|[from] brn\n|upkeep\n|turn|7\n|inactive|Time left: 300 sec this turn | 300 sec total\n|\n|t:|1783561677\n|move|p2a: Entei|Sacred Fire|p1a: Toxapex\n|-resisted|p1a: Toxapex\n|-damage|p1a: Toxapex|69/100 brn\n|move|p1a: Toxapex|Liquidation|p2a: Entei\n|-supereffective|p2a: Entei\n|-damage|p2a: Entei|159/307\n|\n|-heal|p1a: Toxapex|75/100 brn|[from] item: Leftovers\n|-damage|p1a: Toxapex|69/100 brn|[from] brn\n|upkeep\n|turn|8\n|inactive|Time left: 300 sec this turn | 300 sec total\n|\n|t:|1783561678\n|move|p2a: Entei|Sacred Fire|p1a: Toxapex\n|-resisted|p1a: Toxapex\n|-damage|p1a: Toxapex|44/100 brn\n|move|p1a: Toxapex|Recover|p1a: Toxapex\n|-heal|p1a: Toxapex|94/100 brn\n|\n|-heal|p1a: Toxapex|99/100 brn|[from] item: Leftovers\n|-damage|p1a: Toxapex|94/100 brn|[from] brn\n|upkeep\n|turn|9\n|inactive|Time left: 300 sec this turn | 300 sec total\n|\n|t:|1783561679\n|switch|p2a: Clefable|Clefable, L83, M|293/293\n|-status|p2a: Clefable|tox\n|switch|p1a: Zangoose|Zangoose, L85, F|100/100\n|\n|-status|p1a: Zangoose|tox|[from] item: Toxic Orb\n|upkeep\n|turn|10\n|inactive|Time left: 300 sec this turn | 300 sec total\n|\n|t:|1783561680\n|switch|p2a: Oricorio|Oricorio-Sensu, L85, M|266/266\n|move|p1a: Zangoose|Facade|p2a: Oricorio\n|-immune|p2a: Oricorio\n|\n|-damage|p1a: Zangoose|94/100 tox|[from] psn\n|upkeep\n|turn|11\n|inactive|Time left: 300 sec this turn | 300 sec total\n|\n|t:|1783561681\n|-terastallize|p2a: Oricorio|Fighting\n|move|p2a: Oricorio|Revelation Dance|p1a: Zangoose\n|-supereffective|p1a: Zangoose\n|-damage|p1a: Zangoose|0 fnt\n|faint|p1a: Zangoose\n|\n|upkeep\n|\n|t:|1783561682\n|switch|p1a: Hypno|Hypno, L95, F|100/100\n|turn|12\n|inactive|Time left: 300 sec this turn | 300 sec total\n|\n|t:|1783561683\n|move|p2a: Oricorio|Quiver Dance|p2a: Oricorio\n|-boost|p2a: Oricorio|spa|1\n|-boost|p2a: Oricorio|spd|1\n|-boost|p2a: Oricorio|spe|1\n|move|p1a: Hypno|Psychic Noise|p2a: Oricorio\n|-supereffective|p2a: Oricorio\n|-damage|p2a: Oricorio|138/266\n|-start|p2a: Oricorio|move: Heal Block\n|\n|upkeep\n|turn|13\n|inactive|Time left: 300 sec this turn | 300 sec total\n|\n|t:|1783561684\n|move|p2a: Oricorio|Quiver Dance|p2a: Oricorio\n|-boost|p2a: Oricorio|spa|1\n|-boost|p2a: Oricorio|spd|1\n|-boost|p2a: Oricorio|spe|1\n|move|p1a: Hypno|Psychic Noise|p2a: Oricorio\n|-supereffective|p2a: Oricorio\n|-damage|p2a: Oricorio|36/266\n|\n|-end|p2a: Oricorio|move: Heal Block\n|upkeep\n|turn|14\n|inactive|Time left: 300 sec this turn | 300 sec total\n|\n|t:|1783561685\n|move|p2a: Oricorio|Roost|p2a: Oricorio\n|-heal|p2a: Oricorio|169/266\n|move|p1a: Hypno|Psychic Noise|p2a: Oricorio\n|-supereffective|p2a: Oricorio\n|-crit|p2a: Oricorio\n|-damage|p2a: Oricorio|0 fnt\n|faint|p2a: Oricorio\n|\n|upkeep\n|inactive|Time left: 300 sec this turn | 300 sec total | 5 sec grace\n|\n|t:|1783561686\n|switch|p2a: Clefable|Clefable, L83, M|293/293 tox\n|turn|15\n|inactive|Time left: 300 sec this turn | 300 sec total\n|\n|t:|1783561687\n|move|p1a: Hypno|Psychic Noise|p2a: Clefable\n|-damage|p2a: Clefable|217/293 tox\n|-start|p2a: Clefable|move: Heal Block\n|move|p2a: Clefable|Stealth Rock|p1a: Hypno\n|-sidestart|p1: p0x193539f6|move: Stealth Rock\n|\n|upkeep\n|turn|16\n|inactive|Time left: 300 sec this turn | 300 sec total\n|\n|t:|1783561689\n|move|p1a: Hypno|Encore|p2a: Clefable\n|-start|p2a: Clefable|Encore\n|move|p2a: Clefable|Stealth Rock||[still]\n|-fail|p2a: Clefable\n|\n|-end|p2a: Clefable|move: Heal Block\n|upkeep\n|turn|17\n|inactive|Time left: 300 sec this turn | 300 sec total\n|\n|t:|1783561690\n|switch|p2a: Tornadus|Tornadus, L82, M|263/263\n|move|p1a: Hypno|Knock Off|p2a: Tornadus\n|-damage|p2a: Tornadus|171/263\n|-enditem|p2a: Tornadus|Choice Specs|[from] move: Knock Off|[of] p1a: Hypno\n|\n|upkeep\n|turn|18\n|inactive|Time left: 300 sec this turn | 300 sec total\n|\n|t:|1783561691\n|move|p2a: Tornadus|Bleakwind Storm|p1a: Hypno\n|-damage|p1a: Hypno|72/100\n|move|p1a: Hypno|Psychic Noise|p2a: Tornadus\n|-damage|p2a: Tornadus|86/263\n|-start|p2a: Tornadus|move: Heal Block\n|\n|-heal|p1a: Hypno|78/100|[from] item: Leftovers\n|upkeep\n|turn|19\n|inactive|Time left: 300 sec this turn | 300 sec total\n|\n|t:|1783561692\n|move|p2a: Tornadus|Bleakwind Storm|p1a: Hypno\n|-damage|p1a: Hypno|51/100\n|-unboost|p1a: Hypno|spe|1\n|move|p1a: Hypno|Psychic Noise|p2a: Tornadus\n|-damage|p2a: Tornadus|0 fnt\n|faint|p2a: Tornadus\n|\n|-heal|p1a: Hypno|57/100|[from] item: Leftovers\n|upkeep\n|inactive|Time left: 300 sec this turn | 300 sec total | 5 sec grace\n|\n|t:|1783561693\n|switch|p2a: Kingdra|Kingdra, L84, M|263/263\n|-status|p2a: Kingdra|tox\n|-enditem|p2a: Kingdra|Lum Berry|[eat]\n|-curestatus|p2a: Kingdra|tox|[msg]\n|turn|20\n|inactive|Time left: 300 sec this turn | 300 sec total\n|\n|t:|1783561694\n|move|p2a: Kingdra|Outrage|p1a: Hypno\n|-damage|p1a: Hypno|18/100\n|move|p1a: Hypno|Thunder Wave|p2a: Kingdra\n|-status|p2a: Kingdra|par\n|\n|-heal|p1a: Hypno|24/100|[from] item: Leftovers\n|upkeep\n|turn|21\n|inactive|Time left: 300 sec this turn | 300 sec total\n|\n|t:|1783561695\n|switch|p1a: Bastiodon|Bastiodon, L89, F|100/100\n|-damage|p1a: Bastiodon|95/100|[from] Stealth Rock\n|cant|p2a: Kingdra|par\n|\n|-start|p2a: Kingdra|confusion|[fatigue]\n|upkeep\n|turn|22\n|inactive|Time left: 300 sec this turn | 300 sec total\n|\n|t:|1783561696\n|switch|p2a: Clefable|Clefable, L83, M|217/293 tox\n|move|p1a: Bastiodon|Iron Defense|p1a: Bastiodon\n|-boost|p1a: Bastiodon|def|2\n|\n|upkeep\n|turn|23\n|inactive|Time left: 300 sec this turn | 300 sec total\n|\n|t:|1783561697\n|move|p2a: Clefable|Moonlight|p2a: Clefable\n|-heal|p2a: Clefable|293/293 tox\n|move|p1a: Bastiodon|Body Press|p2a: Clefable\n|-resisted|p2a: Clefable\n|-damage|p2a: Clefable|189/293 tox\n|\n|upkeep\n|turn|24\n|inactive|Time left: 300 sec this turn | 300 sec total\n|\n|t:|1783561698\n|move|p2a: Clefable|Moonlight|p2a: Clefable\n|-heal|p2a: Clefable|293/293 tox\n|move|p1a: Bastiodon|Body Press|p2a: Clefable\n|-resisted|p2a: Clefable\n|-damage|p2a: Clefable|189/293 tox\n|\n|upkeep\n|turn|25\n|inactive|Time left: 300 sec this turn | 300 sec total\n|\n|t:|1783561699\n|move|p2a: Clefable|Moonlight|p2a: Clefable\n|-heal|p2a: Clefable|293/293 tox\n|move|p1a: Bastiodon|Body Press|p2a: Clefable\n|-resisted|p2a: Clefable\n|-damage|p2a: Clefable|174/293 tox\n|\n|upkeep\n|turn|26\n|inactive|Time left: 300 sec this turn | 300 sec total\n|\n|t:|1783561700\n|move|p2a: Clefable|Moonlight|p2a: Clefable\n|-heal|p2a: Clefable|293/293 tox\n|move|p1a: Bastiodon|Body Press|p2a: Clefable\n|-resisted|p2a: Clefable\n|-damage|p2a: Clefable|181/293 tox\n|\n|upkeep\n|turn|27\n|inactive|Time left: 300 sec this turn | 300 sec total\n|\n|t:|1783561702\n|move|p2a: Clefable|Moonlight|p2a: Clefable\n|-heal|p2a: Clefable|293/293 tox\n|move|p1a: Bastiodon|Body Press|p2a: Clefable\n|-resisted|p2a: Clefable\n|-damage|p2a: Clefable|171/293 tox\n|\n|upkeep\n|turn|28\n|inactive|Time left: 300 sec this turn | 300 sec total\n|\n|t:|1783561703\n|move|p2a: Clefable|Moonlight|p2a: Clefable\n|-heal|p2a: Clefable|293/293 tox\n|move|p1a: Bastiodon|Body Press|p2a: Clefable\n|-resisted|p2a: Clefable\n|-damage|p2a: Clefable|179/293 tox\n|\n|upkeep\n|turn|29\n|inactive|Time left: 300 sec this turn | 300 sec total\n|\n|t:|1783561704\n|move|p2a: Clefable|Moonlight|p2a: Clefable\n|-heal|p2a: Clefable|293/293 tox\n|move|p1a: Bastiodon|Body Press|p2a: Clefable\n|-resisted|p2a: Clefable\n|-damage|p2a: Clefable|180/293 tox\n|\n|upkeep\n|turn|30\n|inactive|Time left: 300 sec this turn | 300 sec total\n|\n|t:|1783561705\n|move|p2a: Clefable|Moonlight|p2a: Clefable\n|-heal|p2a: Clefable|293/293 tox\n|move|p1a: Bastiodon|Body Press|p2a: Clefable\n|-resisted|p2a: Clefable\n|-damage|p2a: Clefable|175/293 tox\n|\n|upkeep\n|turn|31\n|inactive|Time left: 300 sec this turn | 300 sec total\n|\n|t:|1783561706\n|move|p2a: Clefable|Moonblast|p1a: Bastiodon\n|-resisted|p1a: Bastiodon\n|-damage|p1a: Bastiodon|79/100\n|move|p1a: Bastiodon|Body Press|p2a: Clefable\n|-resisted|p2a: Clefable\n|-damage|p2a: Clefable|58/293 tox\n|\n|upkeep\n|turn|32\n|inactive|Time left: 300 sec this turn | 300 sec total\n|\n|t:|1783561707\n|move|p2a: Clefable|Fire Blast|p1a: Bastiodon\n|-damage|p1a: Bastiodon|51/100\n|move|p1a: Bastiodon|Body Press|p2a: Clefable\n|-resisted|p2a: Clefable\n|-damage|p2a: Clefable|0 fnt\n|faint|p2a: Clefable\n|\n|upkeep\n|inactive|Time left: 300 sec this turn | 300 sec total | 5 sec grace\n|\n|t:|1783561708\n|switch|p2a: Kingdra|Kingdra, L84, M|263/263 par\n|turn|33\n|inactive|Time left: 300 sec this turn | 300 sec total\n|\n|t:|1783561709\n|move|p1a: Bastiodon|Body Press|p2a: Kingdra\n|-damage|p2a: Kingdra|89/263 par\n|move|p2a: Kingdra|Dragon Dance|p2a: Kingdra\n|-boost|p2a: Kingdra|atk|1\n|-boost|p2a: Kingdra|spe|1\n|\n|upkeep\n|turn|34\n|inactive|Time left: 300 sec this turn | 300 sec total\n|\n|t:|1783561710\n|move|p2a: Kingdra|Wave Crash|p1a: Bastiodon\n|-supereffective|p1a: Bastiodon\n|-damage|p1a: Bastiodon|7/100\n|-damage|p2a: Kingdra|53/263 par|[from] Recoil\n|move|p1a: Bastiodon|Foul Play|p2a: Kingdra\n|-damage|p2a: Kingdra|0 fnt\n|faint|p2a: Kingdra\n|\n|upkeep\n|inactive|Time left: 300 sec this turn | 300 sec total | 5 sec grace\n|\n|t:|1783561711\n|switch|p2a: Entei|Entei, L78|159/307\n|-status|p2a: Entei|tox\n|turn|35\n|inactive|Time left: 300 sec this turn | 300 sec total\n|\n|t:|1783561712\n|move|p2a: Entei|Flare Blitz|p1a: Bastiodon\n|-damage|p1a: Bastiodon|0 fnt\n|faint|p1a: Bastiodon\n|-damage|p2a: Entei|153/307 tox|[from] Recoil\n|\n|-damage|p2a: Entei|134/307 tox|[from] psn\n|upkeep\n|\n|t:|1783561713\n|switch|p1a: Skuntank|Skuntank, L84, M|100/100\n|-damage|p1a: Skuntank|88/100|[from] Stealth Rock\n|turn|36\n|inactive|Time left: 300 sec this turn | 300 sec total\n|\n|t:|1783561714\n|move|p2a: Entei|Flare Blitz|p1a: Skuntank\n|-damage|p1a: Skuntank|8/100\n|-damage|p2a: Entei|51/307 tox|[from] Recoil\n|move|p1a: Skuntank|Knock Off|p2a: Entei\n|-damage|p2a: Entei|0 fnt\n|-enditem|p2a: Entei|Choice Band|[from] move: Knock Off|[of] p1a: Skuntank\n|faint|p2a: Entei\n|\n|upkeep\n|inactive|Time left: 300 sec this turn | 300 sec total | 5 sec grace\n|\n|t:|1783561715\n|switch|p2a: Banette|Banette, L93, F|270/270\n|-status|p2a: Banette|tox\n|turn|37\n|inactive|Time left: 300 sec this turn | 300 sec total\n|\n|t:|1783561715\n|-terastallize|p1a: Skuntank|Dark\n|move|p2a: Banette|Shadow Sneak|p1a: Skuntank\n|-resisted|p1a: Skuntank\n|-damage|p1a: Skuntank|0 fnt\n|-damage|p2a: Banette|203/270 tox|[from] ability: Aftermath|[of] p1a: Skuntank\n|faint|p1a: Skuntank\n|-damage|p2a: Banette|176/270 tox|[from] item: Life Orb\n|\n|-damage|p2a: Banette|160/270 tox|[from] psn\n|upkeep\n|\n|t:|1783561716\n|switch|p1a: Meloetta|Meloetta, L82|100/100\n|-damage|p1a: Meloetta|88/100|[from] Stealth Rock\n|turn|38\n|inactive|Time left: 300 sec this turn | 300 sec total\n|\n|t:|1783561717\n|move|p1a: Meloetta|Knock Off|p2a: Banette\n|-supereffective|p2a: Banette\n|-damage|p2a: Banette|0 fnt\n|-enditem|p2a: Banette|Life Orb|[from] move: Knock Off|[of] p1a: Meloetta\n|faint|p2a: Banette\n|-damage|p1a: Meloetta|78/100|[from] item: Life Orb\n|\n|win|p0x193539f6", "uploadtime": 1783561717, "views": 0, "rating": 0, "private": 0, "password": null, "_winner": "p0x193539f6", "_our_name": "p0y19352588"}