{"id": "battle-gen9randombattle-2963", "formatid": "gen9randombattle", "format": "[Gen 9] Random Battle", "players": ["p0x2963e691", "p0y29637c13"], "log": "|init|battle\n|title|p0x2963e691 vs. p0y29637c13\n|j|\u2606p0x2963e691\n|j|\u2606p0y29637c13\n|t:|1783573153\n|gametype|singles\n|player|p1|p0x2963e691|266|\n|player|p2|p0y29637c13|266|\n|gen|9\n|tier|[Gen 9] Random Battle\n|rule|Species Clause: Limit one of each Pok\u00e9mon\n|rule|HP Percentage Mod: HP is shown in percentages\n|rule|Sleep Clause Mod: Limit one foe put to sleep\n|rule|Illusion Level Mod: Illusion disguises the Pok\u00e9mon's true level\n|\n|t:|1783573153\n|teamsize|p1|6\n|teamsize|p2|6\n|start\n|switch|p1a: Salazzle|Salazzle, L83, F|249/249\n|switch|p2a: Furret|Furret, L94, F|100/100\n|-item|p1a: Salazzle|Leftovers|[from] ability: Frisk|[of] p2a: Furret\n|turn|1\n|inactive|Battle timer is ON: inactive players will automatically lose when time's up. (requested by p0y29637c13)\n|inactive|Time left: 300 sec this turn | 300 sec total | 60 sec grace\n|inactive|p0x2963e691 also wants the timer to be on.\n|\n|t:|1783573154\n|move|p1a: Salazzle|Flamethrower|p2a: Furret\n|-damage|p2a: Furret|57/100\n|-status|p2a: Furret|brn\n|move|p2a: Furret|Tidy Up|p2a: Furret\n|-boost|p2a: Furret|atk|1\n|-boost|p2a: Furret|spe|1\n|\n|-damage|p2a: Furret|51/100 brn|[from] brn\n|upkeep\n|turn|2\n|inactive|Time left: 300 sec this turn | 300 sec total\n|\n|t:|1783573154\n|move|p2a: Furret|Double-Edge|p1a: Salazzle\n|-damage|p1a: Salazzle|81/249\n|-damage|p2a: Furret|34/100 brn|[from] Recoil\n|-damage|p2a: Furret|24/100 brn|[from] item: Life Orb\n|move|p1a: Salazzle|Flamethrower|p2a: Furret\n|-damage|p2a: Furret|0 fnt\n|faint|p2a: Furret\n|\n|-heal|p1a: Salazzle|96/249|[from] item: Leftovers\n|upkeep\n|\n|t:|1783573155\n|switch|p2a: Klawf|Klawf, L90, M|100/100\n|turn|3\n|inactive|Time left: 300 sec this turn | 300 sec total\n|\n|t:|1783573156\n|move|p1a: Salazzle|Toxic|p2a: Klawf\n|-status|p2a: Klawf|tox\n|-enditem|p2a: Klawf|Lum Berry|[eat]\n|-curestatus|p2a: Klawf|tox|[msg]\n|move|p2a: Klawf|Swords Dance|p2a: Klawf\n|-boost|p2a: Klawf|atk|2\n|\n|-heal|p1a: Salazzle|111/249|[from] item: Leftovers\n|upkeep\n|turn|4\n|inactive|Time left: 300 sec this turn | 300 sec total\n|\n|t:|1783573157\n|move|p1a: Salazzle|Substitute|p1a: Salazzle\n|-start|p1a: Salazzle|Substitute\n|-damage|p1a: Salazzle|49/249\n|move|p2a: Klawf|Knock Off|p1a: Salazzle\n|-end|p1a: Salazzle|Substitute\n|\n|-heal|p1a: Salazzle|64/249|[from] item: Leftovers\n|upkeep\n|turn|5\n|inactive|Time left: 300 sec this turn | 300 sec total\n|\n|t:|1783573158\n|move|p1a: Salazzle|Toxic|p2a: Klawf\n|-status|p2a: Klawf|tox\n|move|p2a: Klawf|Knock Off|p1a: Salazzle\n|-damage|p1a: Salazzle|0 fnt\n|-enditem|p1a: Salazzle|Leftovers|[from] move: Knock Off|[of] p2a: Klawf\n|faint|p1a: Salazzle\n|\n|-damage|p2a: Klawf|94/100 tox|[from] psn\n|upkeep\n|inactive|Time left: 300 sec this turn | 300 sec total | 5 sec grace\n|\n|t:|1783573159\n|switch|p1a: Mightyena|Mightyena, L96, M|290/290\n|-ability|p1a: Mightyena|Intimidate|boost\n|-unboost|p2a: Klawf|atk|1\n|turn|6\n|inactive|Time left: 300 sec this turn | 300 sec total\n|\n|t:|1783573160\n|move|p1a: Mightyena|Throat Chop|p2a: Klawf\n|-damage|p2a: Klawf|53/100 tox\n|-start|p2a: Klawf|Throat Chop|[silent]\n|move|p2a: Klawf|Stone Edge|p1a: Mightyena\n|-damage|p1a: Mightyena|97/290\n|\n|-damage|p2a: Klawf|41/100 tox|[from] psn\n|upkeep\n|turn|7\n|inactive|Time left: 300 sec this turn | 300 sec total\n|\n|t:|1783573161\n|move|p1a: Mightyena|Throat Chop|p2a: Klawf\n|-damage|p2a: Klawf|1/100 tox\n|move|p2a: Klawf|High Horsepower|p1a: Mightyena\n|-damage|p1a: Mightyena|0 fnt\n|faint|p1a: Mightyena\n|\n|-damage|p2a: Klawf|0 fnt|[from] psn\n|faint|p2a: Klawf\n|upkeep\n|inactive|Time left: 300 sec this turn | 300 sec total | 5 sec grace\n|\n|t:|1783573162\n|switch|p1a: Araquanid|Araquanid, L82, M|246/246\n|switch|p2a: Sylveon|Sylveon, L85, F|100/100\n|turn|8\n|inactive|Time left: 300 sec this turn | 300 sec total\n|\n|t:|1783573163\n|move|p2a: Sylveon|Calm Mind|p2a: Sylveon\n|-boost|p2a: Sylveon|spa|1\n|-boost|p2a: Sylveon|spd|1\n|move|p1a: Araquanid|Sticky Web|p2a: Sylveon\n|-sidestart|p2: p0y29637c13|move: Sticky Web\n|\n|upkeep\n|turn|9\n|inactive|Time left: 300 sec this turn | 300 sec total\n|\n|t:|1783573164\n|move|p2a: Sylveon|Hyper Voice|p1a: Araquanid\n|-crit|p1a: Araquanid\n|-damage|p1a: Araquanid|14/246\n|move|p1a: Araquanid|Liquidation|p2a: Sylveon\n|-damage|p2a: Sylveon|42/100\n|\n|-heal|p2a: Sylveon|48/100|[from] item: Leftovers\n|upkeep\n|turn|10\n|inactive|Time left: 300 sec this turn | 300 sec total\n|\n|t:|1783573165\n|move|p2a: Sylveon|Hyper Voice|p1a: Araquanid\n|-damage|p1a: Araquanid|0 fnt\n|faint|p1a: Araquanid\n|\n|-heal|p2a: Sylveon|54/100|[from] item: Leftovers\n|upkeep\n|inactive|Time left: 300 sec this turn | 300 sec total | 5 sec grace\n|\n|t:|1783573166\n|switch|p1a: Greedent|Greedent, L86, M|347/347\n|turn|11\n|inactive|Time left: 300 sec this turn | 300 sec total\n|\n|t:|1783573167\n|move|p2a: Sylveon|Hyper Voice|p1a: Greedent\n|-damage|p1a: Greedent|136/347\n|-enditem|p1a: Greedent|Sitrus Berry|[eat]\n|-heal|p1a: Greedent|222/347|[from] item: Sitrus Berry\n|-heal|p1a: Greedent|337/347|[from] ability: Cheek Pouch\n|move|p1a: Greedent|Double-Edge|p2a: Sylveon\n|-crit|p2a: Sylveon\n|-damage|p2a: Sylveon|0 fnt\n|faint|p2a: Sylveon\n|-damage|p1a: Greedent|284/347|[from] Recoil\n|\n|upkeep\n|\n|t:|1783573169\n|switch|p2a: Avalugg|Avalugg-Hisui, L90, M|100/100\n|turn|12\n|inactive|Time left: 300 sec this turn | 300 sec total\n|\n|t:|1783573170\n|switch|p1a: Farigiraf|Farigiraf, L90, M|362/362\n|move|p2a: Avalugg|Rapid Spin|p1a: Farigiraf\n|-damage|p1a: Farigiraf|304/362\n|-boost|p2a: Avalugg|spe|1\n|-sideend|p2: p0y29637c13|Sticky Web|[from] move: Rapid Spin|[of] p2a: Avalugg\n|\n|-heal|p1a: Farigiraf|326/362|[from] item: Leftovers\n|upkeep\n|turn|13\n|inactive|Time left: 300 sec this turn | 300 sec total\n|\n|t:|1783573171\n|move|p1a: Farigiraf|Psychic Noise|p2a: Avalugg\n|-damage|p2a: Avalugg|47/100\n|-start|p2a: Avalugg|move: Heal Block\n|move|p2a: Avalugg|Avalanche|p1a: Farigiraf\n|-damage|p1a: Farigiraf|140/362\n|\n|-heal|p1a: Farigiraf|162/362|[from] item: Leftovers\n|upkeep\n|turn|14\n|inactive|Time left: 300 sec this turn | 300 sec total\n|\n|t:|1783573172\n|move|p2a: Avalugg|Stone Edge|p1a: Farigiraf\n|-crit|p1a: Farigiraf\n|-damage|p1a: Farigiraf|0 fnt\n|faint|p1a: Farigiraf\n|\n|-end|p2a: Avalugg|move: Heal Block\n|upkeep\n|inactive|Time left: 300 sec this turn | 300 sec total | 5 sec grace\n|\n|t:|1783573172\n|switch|p1a: Chi-Yu|Chi-Yu, L77|211/211\n|-ability|p1a: Chi-Yu|Beads of Ruin\n|turn|15\n|inactive|Time left: 300 sec this turn | 300 sec total\n|\n|t:|1783573173\n|switch|p2a: Milotic|Milotic, L83, M|100/100\n|move|p1a: Chi-Yu|Dark Pulse|p2a: Milotic\n|-damage|p2a: Milotic|70/100\n|\n|-heal|p2a: Milotic|76/100|[from] item: Leftovers\n|upkeep\n|turn|16\n|inactive|Time left: 300 sec this turn | 300 sec total\n|\n|t:|1783573174\n|move|p1a: Chi-Yu|Dark Pulse|p2a: Milotic\n|-damage|p2a: Milotic|42/100\n|move|p2a: Milotic|Scald|p1a: Chi-Yu\n|-supereffective|p1a: Chi-Yu\n|-damage|p1a: Chi-Yu|59/211\n|\n|-heal|p2a: Milotic|48/100|[from] item: Leftovers\n|upkeep\n|turn|17\n|inactive|Time left: 300 sec this turn | 300 sec total\n|\n|t:|1783573175\n|move|p1a: Chi-Yu|Dark Pulse|p2a: Milotic\n|-damage|p2a: Milotic|14/100\n|move|p2a: Milotic|Scald|p1a: Chi-Yu\n|-supereffective|p1a: Chi-Yu\n|-damage|p1a: Chi-Yu|0 fnt\n|faint|p1a: Chi-Yu\n|\n|-heal|p2a: Milotic|21/100|[from] item: Leftovers\n|upkeep\n|inactive|Time left: 300 sec this turn | 300 sec total | 5 sec grace\n|\n|t:|1783573176\n|switch|p1a: Greedent|Greedent, L86, M|284/347\n|turn|18\n|inactive|Time left: 300 sec this turn | 300 sec total\n|\n|t:|1783573177\n|move|p2a: Milotic|Scald|p1a: Greedent\n|-damage|p1a: Greedent|185/347\n|-status|p1a: Greedent|brn\n|move|p1a: Greedent|Swords Dance|p1a: Greedent\n|-boost|p1a: Greedent|atk|2\n|\n|-heal|p2a: Milotic|27/100|[from] item: Leftovers\n|-damage|p1a: Greedent|164/347 brn|[from] brn\n|upkeep\n|turn|19\n|inactive|Time left: 300 sec this turn | 300 sec total\n|\n|t:|1783573178\n|-terastallize|p2a: Milotic|Steel\n|move|p2a: Milotic|Scald|p1a: Greedent\n|-damage|p1a: Greedent|68/347 brn\n|move|p1a: Greedent|Knock Off|p2a: Milotic\n|-damage|p2a: Milotic|0 fnt\n|-enditem|p2a: Milotic|Leftovers|[from] move: Knock Off|[of] p1a: Greedent\n|faint|p2a: Milotic\n|\n|-damage|p1a: Greedent|47/347 brn|[from] brn\n|upkeep\n|\n|t:|1783573179\n|switch|p2a: Avalugg|Avalugg-Hisui, L90, M|47/100\n|turn|20\n|inactive|Time left: 300 sec this turn | 300 sec total\n|\n|t:|1783573180\n|move|p1a: Greedent|Earthquake|p2a: Avalugg\n|-supereffective|p2a: Avalugg\n|-damage|p2a: Avalugg|21/100\n|move|p2a: Avalugg|Avalanche|p1a: Greedent\n|-damage|p1a: Greedent|0 fnt\n|faint|p1a: Greedent\n|\n|win|p0y29637c13", "uploadtime": 1783573180, "views": 0, "rating": 0, "private": 0, "password": null, "_winner": "p0y29637c13", "_our_name": "p0x2963e691"}