{"id": "battle-gen9randombattle-1342", "formatid": "gen9randombattle", "format": "[Gen 9] Random Battle", "players": ["p0x13421fe3", "p0y1342f83d"], "log": "|init|battle\n|title|p0x13421fe3 vs. p0y1342f83d\n|j|\u2606p0x13421fe3\n|j|\u2606p0y1342f83d\n|t:|1783555598\n|gametype|singles\n|player|p1|p0x13421fe3|170|\n|player|p2|p0y1342f83d|1|\n|gen|9\n|tier|[Gen 9] Random Battle\n|rule|Species Clause: Limit one of each Pok\u00e9mon\n|rule|HP Percentage Mod: HP is shown in percentages\n|rule|Sleep Clause Mod: Limit one foe put to sleep\n|rule|Illusion Level Mod: Illusion disguises the Pok\u00e9mon's true level\n|\n|t:|1783555598\n|teamsize|p1|6\n|teamsize|p2|6\n|start\n|switch|p1a: Malamar|Malamar, L82, M|100/100\n|switch|p2a: Volcanion|Volcanion, L79|256/256\n|turn|1\n|inactive|Battle timer is ON: inactive players will automatically lose when time's up. (requested by p0y1342f83d)\n|inactive|p0x13421fe3 also wants the timer to be on.\n|\n|t:|1783555600\n|move|p1a: Malamar|Superpower|p2a: Volcanion\n|-damage|p2a: Volcanion|186/256\n|-boost|p1a: Malamar|atk|1\n|-boost|p1a: Malamar|def|1\n|move|p2a: Volcanion|Steam Eruption|p1a: Malamar\n|-damage|p1a: Malamar|41/100\n|\n|upkeep\n|turn|2\n|inactive|Time left: 300 sec this turn | 300 sec total\n|\n|t:|1783555601\n|move|p1a: Malamar|Rest|p1a: Malamar\n|-status|p1a: Malamar|slp|[from] move: Rest\n|-heal|p1a: Malamar|100/100 slp|[silent]\n|-enditem|p1a: Malamar|Chesto Berry|[eat]\n|-curestatus|p1a: Malamar|slp|[msg]\n|move|p2a: Volcanion|Steam Eruption|p1a: Malamar\n|-damage|p1a: Malamar|48/100\n|\n|upkeep\n|turn|3\n|inactive|Time left: 300 sec this turn | 300 sec total\n|\n|t:|1783555602\n|move|p1a: Malamar|Knock Off|p2a: Volcanion\n|-damage|p2a: Volcanion|63/256\n|-enditem|p2a: Volcanion|Heavy-Duty Boots|[from] move: Knock Off|[of] p1a: Malamar\n|move|p2a: Volcanion|Steam Eruption|p1a: Malamar\n|-damage|p1a: Malamar|0 fnt\n|faint|p1a: Malamar\n|\n|upkeep\n|\n|t:|1783555603\n|switch|p1a: Roaring Moon|Roaring Moon, L72|100/100\n|turn|4\n|inactive|Time left: 300 sec this turn | 300 sec total\n|\n|t:|1783555604\n|move|p1a: Roaring Moon|Outrage|p2a: Volcanion\n|-damage|p2a: Volcanion|0 fnt\n|faint|p2a: Volcanion\n|\n|upkeep\n|inactive|Time left: 300 sec this turn | 300 sec total | 5 sec grace\n|\n|t:|1783555605\n|switch|p2a: Calyrex|Calyrex, L93|337/337\n|-ability|p2a: Calyrex|Unnerve\n|turn|5\n|inactive|Time left: 300 sec this turn | 300 sec total\n|\n|t:|1783555606\n|-terastallize|p2a: Calyrex|Steel\n|move|p1a: Roaring Moon|Outrage|p2a: Calyrex|[from] lockedmove\n|-resisted|p2a: Calyrex\n|-damage|p2a: Calyrex|250/337\n|move|p2a: Calyrex|Body Press|p1a: Roaring Moon\n|-supereffective|p1a: Roaring Moon\n|-damage|p1a: Roaring Moon|42/100\n|\n|-heal|p2a: Calyrex|271/337|[from] item: Leftovers\n|upkeep\n|turn|6\n|inactive|Time left: 300 sec this turn | 300 sec total\n|\n|t:|1783555607\n|move|p1a: Roaring Moon|Outrage|p2a: Calyrex|[from] lockedmove\n|-resisted|p2a: Calyrex\n|-damage|p2a: Calyrex|178/337\n|-start|p1a: Roaring Moon|confusion|[fatigue]\n|move|p2a: Calyrex|Body Press|p1a: Roaring Moon\n|-supereffective|p1a: Roaring Moon\n|-damage|p1a: Roaring Moon|0 fnt\n|faint|p1a: Roaring Moon\n|-end|p1a: Roaring Moon|Protosynthesis|[silent]\n|\n|-heal|p2a: Calyrex|199/337|[from] item: Leftovers\n|upkeep\n|\n|t:|1783555608\n|switch|p1a: Raikou|Raikou, L81|100/100\n|-ability|p1a: Raikou|Pressure\n|turn|7\n|inactive|Time left: 300 sec this turn | 300 sec total\n|\n|t:|1783555609\n|move|p1a: Raikou|Calm Mind|p1a: Raikou\n|-boost|p1a: Raikou|spa|1\n|-boost|p1a: Raikou|spd|1\n|move|p2a: Calyrex|Psyshock|p1a: Raikou\n|-crit|p1a: Raikou\n|-damage|p1a: Raikou|45/100\n|\n|-heal|p1a: Raikou|52/100|[from] item: Leftovers\n|-heal|p2a: Calyrex|220/337|[from] item: Leftovers\n|upkeep\n|turn|8\n|inactive|Time left: 300 sec this turn | 300 sec total\n|\n|t:|1783555610\n|move|p1a: Raikou|Thunderbolt|p2a: Calyrex\n|-damage|p2a: Calyrex|73/337\n|move|p2a: Calyrex|Psyshock|p1a: Raikou\n|-damage|p1a: Raikou|14/100\n|\n|-heal|p1a: Raikou|20/100|[from] item: Leftovers\n|-heal|p2a: Calyrex|94/337|[from] item: Leftovers\n|upkeep\n|turn|9\n|inactive|Time left: 300 sec this turn | 300 sec total\n|\n|t:|1783555611\n|switch|p2a: Sawsbuck|Sawsbuck-Summer, L88, M|284/284\n|move|p1a: Raikou|Thunderbolt|p2a: Sawsbuck\n|-resisted|p2a: Sawsbuck\n|-damage|p2a: Sawsbuck|202/284\n|-status|p2a: Sawsbuck|par\n|\n|-heal|p1a: Raikou|26/100|[from] item: Leftovers\n|upkeep\n|turn|10\n|inactive|Time left: 300 sec this turn | 300 sec total\n|\n|t:|1783555613\n|move|p1a: Raikou|Thunderbolt|p2a: Sawsbuck\n|-resisted|p2a: Sawsbuck\n|-damage|p2a: Sawsbuck|112/284 par\n|move|p2a: Sawsbuck|Horn Leech|p1a: Raikou\n|-crit|p1a: Raikou\n|-damage|p1a: Raikou|0 fnt\n|-heal|p2a: Sawsbuck|148/284 par|[from] drain|[of] p1a: Raikou\n|faint|p1a: Raikou\n|-damage|p2a: Sawsbuck|120/284 par|[from] item: Life Orb\n|\n|upkeep\n|\n|t:|1783555614\n|switch|p1a: Eternatus|Eternatus, L69|100/100\n|-ability|p1a: Eternatus|Pressure\n|turn|11\n|inactive|Time left: 300 sec this turn | 300 sec total\n|\n|t:|1783555614\n|switch|p2a: Farigiraf|Farigiraf, L90, M|362/362\n|move|p1a: Eternatus|Fire Blast|p2a: Farigiraf\n|-damage|p2a: Farigiraf|288/362\n|\n|-heal|p2a: Farigiraf|310/362|[from] item: Leftovers\n|upkeep\n|turn|12\n|inactive|Time left: 300 sec this turn | 300 sec total\n|\n|t:|1783555615\n|switch|p1a: Misdreavus|Misdreavus, L90, M|100/100\n|move|p2a: Farigiraf|Psychic Noise|p1a: Misdreavus\n|-damage|p1a: Misdreavus|73/100\n|-start|p1a: Misdreavus|move: Heal Block\n|\n|-heal|p2a: Farigiraf|332/362|[from] item: Leftovers\n|upkeep\n|turn|13\n|inactive|Time left: 300 sec this turn | 300 sec total\n|\n|t:|1783555616\n|move|p1a: Misdreavus|Calm Mind|p1a: Misdreavus\n|-boost|p1a: Misdreavus|spa|1\n|-boost|p1a: Misdreavus|spd|1\n|move|p2a: Farigiraf|Wish|p2a: Farigiraf\n|\n|-heal|p2a: Farigiraf|354/362|[from] item: Leftovers\n|-end|p1a: Misdreavus|move: Heal Block\n|upkeep\n|turn|14\n|inactive|Time left: 300 sec this turn | 300 sec total\n|\n|t:|1783555617\n|switch|p2a: Sawsbuck|Sawsbuck-Summer, L88, M|120/284 par\n|move|p1a: Misdreavus|Calm Mind|p1a: Misdreavus\n|-boost|p1a: Misdreavus|spa|1\n|-boost|p1a: Misdreavus|spd|1\n|\n|-heal|p2a: Sawsbuck|284/284 par|[from] move: Wish|[wisher] Farigiraf\n|upkeep\n|turn|15\n|inactive|Time left: 300 sec this turn | 300 sec total\n|\n|t:|1783555618\n|move|p1a: Misdreavus|Draining Kiss|p2a: Sawsbuck\n|-damage|p2a: Sawsbuck|199/284 par\n|-heal|p1a: Misdreavus|98/100|[from] drain|[of] p2a: Sawsbuck\n|move|p2a: Sawsbuck|Swords Dance|p2a: Sawsbuck\n|-boost|p2a: Sawsbuck|atk|2\n|\n|upkeep\n|turn|16\n|inactive|Time left: 300 sec this turn | 300 sec total\n|\n|t:|1783555619\n|-terastallize|p1a: Misdreavus|Fairy\n|move|p1a: Misdreavus|Draining Kiss|p2a: Sawsbuck\n|-crit|p2a: Sawsbuck\n|-damage|p2a: Sawsbuck|0 fnt\n|-heal|p1a: Misdreavus|100/100|[from] drain|[of] p2a: Sawsbuck\n|faint|p2a: Sawsbuck\n|\n|upkeep\n|inactive|Time left: 300 sec this turn | 300 sec total | 5 sec grace\n|\n|t:|1783555620\n|switch|p2a: Farigiraf|Farigiraf, L90, M|354/362\n|turn|17\n|inactive|Time left: 300 sec this turn | 300 sec total\n|\n|t:|1783555621\n|move|p1a: Misdreavus|Calm Mind|p1a: Misdreavus\n|-boost|p1a: Misdreavus|spa|1\n|-boost|p1a: Misdreavus|spd|1\n|move|p2a: Farigiraf|Body Slam|p1a: Misdreavus\n|-damage|p1a: Misdreavus|68/100\n|-status|p1a: Misdreavus|par\n|\n|-heal|p2a: Farigiraf|362/362|[from] item: Leftovers\n|upkeep\n|turn|18\n|inactive|Time left: 300 sec this turn | 300 sec total\n|\n|t:|1783555622\n|move|p2a: Farigiraf|Psychic Noise|p1a: Misdreavus\n|-damage|p1a: Misdreavus|56/100 par\n|-start|p1a: Misdreavus|move: Heal Block\n|cant|p1a: Misdreavus|move: Heal Block|Draining Kiss\n|\n|upkeep\n|turn|19\n|inactive|Time left: 300 sec this turn | 300 sec total\n|\n|t:|1783555623\n|move|p2a: Farigiraf|Body Slam|p1a: Misdreavus\n|-damage|p1a: Misdreavus|27/100 par\n|move|p1a: Misdreavus|Will-O-Wisp|p2a: Farigiraf\n|-status|p2a: Farigiraf|brn\n|\n|-damage|p2a: Farigiraf|340/362 brn|[from] brn\n|-end|p1a: Misdreavus|move: Heal Block\n|upkeep\n|turn|20\n|inactive|Time left: 300 sec this turn | 300 sec total\n|\n|t:|1783555624\n|move|p2a: Farigiraf|Psychic Noise|p1a: Misdreavus\n|-damage|p1a: Misdreavus|15/100 par\n|-start|p1a: Misdreavus|move: Heal Block\n|cant|p1a: Misdreavus|move: Heal Block|Draining Kiss\n|\n|-heal|p2a: Farigiraf|362/362 brn|[from] item: Leftovers\n|-damage|p2a: Farigiraf|340/362 brn|[from] brn\n|upkeep\n|turn|21\n|inactive|Time left: 300 sec this turn | 300 sec total\n|\n|t:|1783555625\n|move|p2a: Farigiraf|Body Slam|p1a: Misdreavus\n|-damage|p1a: Misdreavus|0 fnt\n|faint|p1a: Misdreavus\n|\n|-heal|p2a: Farigiraf|362/362 brn|[from] item: Leftovers\n|-damage|p2a: Farigiraf|340/362 brn|[from] brn\n|upkeep\n|\n|t:|1783555627\n|switch|p1a: Meloetta|Meloetta, L82|100/100\n|turn|22\n|inactive|Time left: 300 sec this turn | 300 sec total\n|\n|t:|1783555628\n|move|p1a: Meloetta|Knock Off|p2a: Farigiraf\n|-supereffective|p2a: Farigiraf\n|-damage|p2a: Farigiraf|194/362 brn\n|-enditem|p2a: Farigiraf|Leftovers|[from] move: Knock Off|[of] p1a: Meloetta\n|-damage|p1a: Meloetta|91/100|[from] item: Life Orb\n|move|p2a: Farigiraf|Wish|p2a: Farigiraf\n|\n|-damage|p2a: Farigiraf|172/362 brn|[from] brn\n|upkeep\n|turn|23\n|inactive|Time left: 300 sec this turn | 300 sec total\n|\n|t:|1783555629\n|move|p1a: Meloetta|Relic Song|p2a: Farigiraf\n|-damage|p2a: Farigiraf|39/362 brn\n|-formechange|p1a: Meloetta|Meloetta-Pirouette|[msg]\n|-damage|p1a: Meloetta|81/100|[from] item: Life Orb\n|move|p2a: Farigiraf|Body Slam|p1a: Meloetta\n|-damage|p1a: Meloetta|65/100\n|-status|p1a: Meloetta|par\n|\n|-heal|p2a: Farigiraf|220/362 brn|[from] move: Wish|[wisher] Farigiraf\n|-damage|p2a: Farigiraf|198/362 brn|[from] brn\n|upkeep\n|turn|24\n|inactive|Time left: 300 sec this turn | 300 sec total\n|\n|t:|1783555630\n|move|p2a: Farigiraf|Psychic Noise|p1a: Meloetta\n|-supereffective|p1a: Meloetta\n|-crit|p1a: Meloetta\n|-damage|p1a: Meloetta|0 fnt\n|faint|p1a: Meloetta\n|\n|-damage|p2a: Farigiraf|176/362 brn|[from] brn\n|upkeep\n|\n|t:|1783555631\n|switch|p1a: Eternatus|Eternatus, L69|100/100\n|-ability|p1a: Eternatus|Pressure\n|turn|25\n|inactive|Time left: 300 sec this turn | 300 sec total\n|\n|t:|1783555632\n|move|p1a: Eternatus|Dynamax Cannon|p2a: Farigiraf\n|-damage|p2a: Farigiraf|56/362 brn\n|move|p2a: Farigiraf|Psychic Noise|p1a: Eternatus\n|-supereffective|p1a: Eternatus\n|-damage|p1a: Eternatus|18/100\n|-start|p1a: Eternatus|move: Heal Block\n|\n|-damage|p2a: Farigiraf|34/362 brn|[from] brn\n|upkeep\n|turn|26\n|inactive|Time left: 300 sec this turn | 300 sec total\n|\n|t:|1783555633\n|move|p1a: Eternatus|Dynamax Cannon|p2a: Farigiraf\n|-damage|p2a: Farigiraf|0 fnt\n|faint|p2a: Farigiraf\n|\n|-end|p1a: Eternatus|move: Heal Block\n|upkeep\n|inactive|Time left: 300 sec this turn | 300 sec total | 5 sec grace\n|\n|t:|1783555634\n|switch|p2a: Dragalge|Dragalge, L88, F|258/258\n|turn|27\n|inactive|Time left: 300 sec this turn | 300 sec total\n|\n|t:|1783555635\n|move|p1a: Eternatus|Recover|p1a: Eternatus\n|-heal|p1a: Eternatus|68/100\n|move|p2a: Dragalge|Sludge Wave|p1a: Eternatus\n|-resisted|p1a: Eternatus\n|-damage|p1a: Eternatus|27/100\n|\n|-heal|p1a: Eternatus|33/100|[from] item: Leftovers\n|upkeep\n|turn|28\n|inactive|Time left: 300 sec this turn | 300 sec total\n|\n|t:|1783555636\n|switch|p2a: Pelipper|Pelipper, L86, F|243/243\n|-weather|RainDance|[from] ability: Drizzle|[of] p2a: Pelipper\n|move|p1a: Eternatus|Recover|p1a: Eternatus\n|-heal|p1a: Eternatus|83/100\n|\n|-weather|RainDance|[upkeep]\n|-heal|p1a: Eternatus|89/100|[from] item: Leftovers\n|upkeep\n|turn|29\n|inactive|Time left: 300 sec this turn | 300 sec total\n|\n|t:|1783555637\n|move|p1a: Eternatus|Dynamax Cannon|p2a: Pelipper\n|-damage|p2a: Pelipper|122/243\n|move|p2a: Pelipper|Hurricane|p1a: Eternatus\n|-damage|p1a: Eternatus|28/100\n|\n|-weather|RainDance|[upkeep]\n|-heal|p1a: Eternatus|34/100|[from] item: Leftovers\n|upkeep\n|turn|30\n|inactive|Time left: 300 sec this turn | 300 sec total\n|\n|t:|1783555638\n|move|p1a: Eternatus|Recover|p1a: Eternatus\n|-heal|p1a: Eternatus|84/100\n|move|p2a: Pelipper|Hurricane|p1a: Eternatus\n|-crit|p1a: Eternatus\n|-damage|p1a: Eternatus|0 fnt\n|faint|p1a: Eternatus\n|\n|win|p0y1342f83d", "uploadtime": 1783555638, "views": 0, "rating": 0, "private": 0, "password": null, "_winner": "p0y1342f83d", "_our_name": "p0y1342f83d"}