{"id": "battle-gen9randombattle-984", "formatid": "gen9randombattle", "format": "[Gen 9] Random Battle", "players": ["p0x984a70a", "p0y98426a1"], "log": "|init|battle\n|title|p0x984a70a vs. p0y98426a1\n|j|\u2606p0x984a70a\n|j|\u2606p0y98426a1\n|t:|1783550574\n|gametype|singles\n|player|p1|p0x984a70a|169|\n|player|p2|p0y98426a1|266|\n|gen|9\n|tier|[Gen 9] Random Battle\n|rule|Species Clause: Limit one of each Pok\u00e9mon\n|rule|HP Percentage Mod: HP is shown in percentages\n|rule|Sleep Clause Mod: Limit one foe put to sleep\n|rule|Illusion Level Mod: Illusion disguises the Pok\u00e9mon's true level\n|\n|t:|1783550574\n|teamsize|p1|6\n|teamsize|p2|6\n|start\n|switch|p1a: Carbink|Carbink, L90|236/236\n|switch|p2a: Hariyama|Hariyama, L87, M|100/100\n|turn|1\n|inactive|Battle timer is ON: inactive players will automatically lose when time's up. (requested by p0x984a70a)\n|inactive|p0y98426a1 also wants the timer to be on.\n|\n|t:|1783550576\n|move|p2a: Hariyama|Bullet Punch|p1a: Carbink\n|-supereffective|p1a: Carbink\n|-damage|p1a: Carbink|136/236\n|move|p1a: Carbink|Moonblast|p2a: Hariyama\n|-supereffective|p2a: Hariyama\n|-damage|p2a: Hariyama|54/100\n|\n|-status|p2a: Hariyama|brn|[from] item: Flame Orb\n|upkeep\n|turn|2\n|inactive|Time left: 300 sec this turn | 300 sec total\n|\n|t:|1783550577\n|switch|p2a: Meganium|Meganium, L90, M|100/100\n|move|p1a: Carbink|Moonblast|p2a: Meganium\n|-damage|p2a: Meganium|79/100\n|\n|-heal|p2a: Meganium|86/100|[from] item: Leftovers\n|upkeep\n|turn|3\n|inactive|Time left: 300 sec this turn | 300 sec total\n|\n|t:|1783550578\n|move|p2a: Meganium|Leech Seed|p1a: Carbink\n|-start|p1a: Carbink|move: Leech Seed\n|move|p1a: Carbink|Moonblast|p2a: Meganium\n|-damage|p2a: Meganium|63/100\n|\n|-heal|p2a: Meganium|69/100|[from] item: Leftovers\n|-damage|p1a: Carbink|107/236|[from] Leech Seed|[of] p2a: Meganium\n|-heal|p2a: Meganium|79/100|[silent]\n|upkeep\n|turn|4\n|inactive|Time left: 300 sec this turn | 300 sec total\n|\n|t:|1783550579\n|switch|p1a: Hydrapple|Hydrapple, L83, M|312/312\n|move|p2a: Meganium|Energy Ball|p1a: Hydrapple\n|-resisted|p1a: Hydrapple\n|-damage|p1a: Hydrapple|286/312\n|\n|-heal|p2a: Meganium|85/100|[from] item: Leftovers\n|upkeep\n|turn|5\n|inactive|Time left: 300 sec this turn | 300 sec total\n|\n|t:|1783550581\n|move|p2a: Meganium|Knock Off|p1a: Hydrapple\n|-damage|p1a: Hydrapple|231/312\n|-enditem|p1a: Hydrapple|Life Orb|[from] move: Knock Off|[of] p2a: Meganium\n|move|p1a: Hydrapple|Nasty Plot|p1a: Hydrapple\n|-boost|p1a: Hydrapple|spa|2\n|\n|-heal|p2a: Meganium|92/100|[from] item: Leftovers\n|upkeep\n|turn|6\n|inactive|Time left: 300 sec this turn | 300 sec total\n|\n|t:|1783550582\n|move|p2a: Meganium|Synthesis|p2a: Meganium\n|-heal|p2a: Meganium|100/100\n|move|p1a: Hydrapple|Fickle Beam|p2a: Meganium|[anim] Fickle Beam All Out\n|-activate|p1a: Hydrapple|move: Fickle Beam\n|-damage|p2a: Meganium|0 fnt\n|faint|p2a: Meganium\n|\n|upkeep\n|\n|t:|1783550583\n|switch|p2a: Kyurem|Kyurem-White, L73|100/100\n|-ability|p2a: Kyurem|Turboblaze\n|turn|7\n|inactive|Time left: 300 sec this turn | 300 sec total\n|\n|t:|1783550584\n|-terastallize|p1a: Hydrapple|Steel\n|move|p2a: Kyurem|Fusion Flare|p1a: Hydrapple\n|-supereffective|p1a: Hydrapple\n|-damage|p1a: Hydrapple|0 fnt\n|faint|p1a: Hydrapple\n|\n|upkeep\n|inactive|Time left: 300 sec this turn | 300 sec total | 5 sec grace\n|\n|t:|1783550585\n|switch|p1a: Carbink|Carbink, L90|107/236\n|turn|8\n|inactive|Time left: 300 sec this turn | 300 sec total\n|\n|t:|1783550586\n|switch|p2a: Copperajah|Copperajah, L86, M|100/100\n|move|p1a: Carbink|Moonblast|p2a: Copperajah\n|-resisted|p2a: Copperajah\n|-damage|p2a: Copperajah|89/100\n|\n|upkeep\n|turn|9\n|inactive|Time left: 300 sec this turn | 300 sec total\n|\n|t:|1783550587\n|move|p1a: Carbink|Body Press|p2a: Copperajah\n|-supereffective|p2a: Copperajah\n|-damage|p2a: Copperajah|29/100\n|move|p2a: Copperajah|Heavy Slam|p1a: Carbink\n|-supereffective|p1a: Carbink\n|-damage|p1a: Carbink|0 fnt\n|faint|p1a: Carbink\n|\n|upkeep\n|inactive|Time left: 300 sec this turn | 300 sec total | 5 sec grace\n|\n|t:|1783550588\n|switch|p1a: Gurdurr|Gurdurr, L85, F|283/283\n|turn|10\n|inactive|Time left: 300 sec this turn | 300 sec total\n|\n|t:|1783550588\n|switch|p2a: Bombirdier|Bombirdier, L85, M|100/100\n|move|p1a: Gurdurr|Bulk Up|p1a: Gurdurr\n|-boost|p1a: Gurdurr|atk|1\n|-boost|p1a: Gurdurr|def|1\n|\n|upkeep\n|turn|11\n|inactive|Time left: 300 sec this turn | 300 sec total\n|\n|t:|1783550589\n|move|p2a: Bombirdier|Knock Off|p1a: Gurdurr\n|-resisted|p1a: Gurdurr\n|-damage|p1a: Gurdurr|257/283\n|-enditem|p1a: Gurdurr|Eviolite|[from] move: Knock Off|[of] p2a: Bombirdier\n|move|p1a: Gurdurr|Drain Punch|p2a: Bombirdier\n|-damage|p2a: Bombirdier|44/100\n|-heal|p1a: Gurdurr|283/283|[from] drain|[of] p2a: Bombirdier\n|\n|upkeep\n|turn|12\n|inactive|Time left: 300 sec this turn | 300 sec total\n|\n|t:|1783550590\n|move|p2a: Bombirdier|Brave Bird|p1a: Gurdurr\n|-supereffective|p1a: Gurdurr\n|-damage|p1a: Gurdurr|83/283\n|-damage|p2a: Bombirdier|19/100|[from] Recoil\n|move|p1a: Gurdurr|Bulk Up|p1a: Gurdurr\n|-boost|p1a: Gurdurr|atk|1\n|-boost|p1a: Gurdurr|def|1\n|\n|upkeep\n|turn|13\n|inactive|Time left: 300 sec this turn | 300 sec total\n|\n|t:|1783550590\n|move|p1a: Gurdurr|Mach Punch|p2a: Bombirdier\n|-damage|p2a: Bombirdier|0 fnt\n|faint|p2a: Bombirdier\n|\n|upkeep\n|\n|t:|1783550591\n|switch|p2a: Hariyama|Hariyama, L87, M|54/100 brn\n|turn|14\n|inactive|Time left: 300 sec this turn | 300 sec total\n|\n|t:|1783550592\n|move|p1a: Gurdurr|Mach Punch|p2a: Hariyama\n|-damage|p2a: Hariyama|26/100 brn\n|move|p2a: Hariyama|Close Combat|p1a: Gurdurr\n|-damage|p1a: Gurdurr|0 fnt\n|-unboost|p2a: Hariyama|def|1\n|-unboost|p2a: Hariyama|spd|1\n|faint|p1a: Gurdurr\n|\n|-damage|p2a: Hariyama|20/100 brn|[from] brn\n|upkeep\n|inactive|Time left: 300 sec this turn | 300 sec total | 5 sec grace\n|\n|t:|1783550592\n|switch|p1a: Wo-Chien|Wo-Chien, L83|277/277\n|-ability|p1a: Wo-Chien|Tablets of Ruin\n|turn|15\n|inactive|Time left: 300 sec this turn | 300 sec total\n|\n|t:|1783550593\n|switch|p2a: Kyurem|Kyurem-White, L73|100/100\n|-ability|p2a: Kyurem|Turboblaze\n|move|p1a: Wo-Chien|Knock Off|p2a: Kyurem\n|-damage|p2a: Kyurem|65/100\n|-enditem|p2a: Kyurem|Choice Specs|[from] move: Knock Off|[of] p1a: Wo-Chien\n|\n|upkeep\n|turn|16\n|inactive|Time left: 300 sec this turn | 300 sec total\n|\n|t:|1783550594\n|move|p2a: Kyurem|Ice Beam|p1a: Wo-Chien\n|-supereffective|p1a: Wo-Chien\n|-damage|p1a: Wo-Chien|119/277\n|move|p1a: Wo-Chien|Leech Seed|p2a: Kyurem\n|-start|p2a: Kyurem|move: Leech Seed\n|\n|-heal|p1a: Wo-Chien|136/277|[from] item: Leftovers\n|-damage|p2a: Kyurem|53/100|[from] Leech Seed|[of] p1a: Wo-Chien\n|-heal|p1a: Wo-Chien|173/277|[silent]\n|upkeep\n|turn|17\n|inactive|Time left: 300 sec this turn | 300 sec total\n|\n|t:|1783550595\n|move|p1a: Wo-Chien|Protect|p1a: Wo-Chien\n|-singleturn|p1a: Wo-Chien|Protect\n|move|p2a: Kyurem|Ice Beam|p1a: Wo-Chien\n|-activate|p1a: Wo-Chien|move: Protect\n|\n|-heal|p1a: Wo-Chien|190/277|[from] item: Leftovers\n|-damage|p2a: Kyurem|40/100|[from] Leech Seed|[of] p1a: Wo-Chien\n|-heal|p1a: Wo-Chien|227/277|[silent]\n|upkeep\n|turn|18\n|inactive|Time left: 300 sec this turn | 300 sec total\n|\n|t:|1783550596\n|move|p2a: Kyurem|Ice Beam|p1a: Wo-Chien\n|-supereffective|p1a: Wo-Chien\n|-damage|p1a: Wo-Chien|71/277\n|move|p1a: Wo-Chien|Knock Off|p2a: Kyurem\n|-damage|p2a: Kyurem|18/100\n|\n|-heal|p1a: Wo-Chien|88/277|[from] item: Leftovers\n|-damage|p2a: Kyurem|5/100|[from] Leech Seed|[of] p1a: Wo-Chien\n|-heal|p1a: Wo-Chien|125/277|[silent]\n|upkeep\n|turn|19\n|inactive|Time left: 300 sec this turn | 300 sec total\n|\n|t:|1783550597\n|switch|p2a: Copperajah|Copperajah, L86, M|29/100\n|move|p1a: Wo-Chien|Protect||[still]\n|-fail|p1a: Wo-Chien\n|\n|-heal|p1a: Wo-Chien|142/277|[from] item: Leftovers\n|upkeep\n|turn|20\n|inactive|Time left: 300 sec this turn | 300 sec total\n|\n|t:|1783550598\n|move|p1a: Wo-Chien|Knock Off|p2a: Copperajah\n|-damage|p2a: Copperajah|0 fnt\n|-enditem|p2a: Copperajah|Choice Band|[from] move: Knock Off|[of] p1a: Wo-Chien\n|faint|p2a: Copperajah\n|\n|-heal|p1a: Wo-Chien|159/277|[from] item: Leftovers\n|upkeep\n|\n|t:|1783550599\n|switch|p2a: Kyurem|Kyurem-White, L73|5/100\n|-ability|p2a: Kyurem|Turboblaze\n|turn|21\n|inactive|Time left: 300 sec this turn | 300 sec total\n|\n|t:|1783550600\n|move|p1a: Wo-Chien|Protect|p1a: Wo-Chien\n|-singleturn|p1a: Wo-Chien|Protect\n|move|p2a: Kyurem|Ice Beam|p1a: Wo-Chien\n|-activate|p1a: Wo-Chien|move: Protect\n|\n|-heal|p1a: Wo-Chien|176/277|[from] item: Leftovers\n|upkeep\n|turn|22\n|inactive|Time left: 300 sec this turn | 300 sec total\n|\n|t:|1783550601\n|move|p2a: Kyurem|Ice Beam|p1a: Wo-Chien\n|-supereffective|p1a: Wo-Chien\n|-damage|p1a: Wo-Chien|0 fnt\n|faint|p1a: Wo-Chien\n|\n|upkeep\n|inactive|Time left: 300 sec this turn | 300 sec total | 5 sec grace\n|\n|t:|1783550602\n|switch|p1a: Sandy Shocks|Sandy Shocks, L80|267/267\n|turn|23\n|inactive|Time left: 300 sec this turn | 300 sec total\n|\n|t:|1783550603\n|move|p1a: Sandy Shocks|Earth Power|p2a: Kyurem\n|-damage|p2a: Kyurem|0 fnt\n|faint|p2a: Kyurem\n|\n|upkeep\n|\n|t:|1783550605\n|switch|p2a: Floatzel|Floatzel, L86, F|100/100\n|turn|24\n|inactive|Time left: 300 sec this turn | 300 sec total\n|\n|t:|1783550606\n|-end|p1a: Sandy Shocks|Protosynthesis|[silent]\n|switch|p1a: Palafin|Palafin, L77, F|281/281\n|-terastallize|p2a: Floatzel|Steel\n|move|p2a: Floatzel|Wave Crash|p1a: Palafin\n|-resisted|p1a: Palafin\n|-damage|p1a: Palafin|193/281\n|-damage|p2a: Floatzel|90/100|[from] Recoil\n|\n|-heal|p2a: Floatzel|96/100|[from] item: Leftovers\n|-heal|p1a: Palafin|210/281|[from] item: Leftovers\n|upkeep\n|turn|25\n|inactive|Time left: 300 sec this turn | 300 sec total\n|\n|t:|1783550607\n|move|p2a: Floatzel|Bulk Up|p2a: Floatzel\n|-boost|p2a: Floatzel|atk|1\n|-boost|p2a: Floatzel|def|1\n|move|p1a: Palafin|Bulk Up|p1a: Palafin\n|-boost|p1a: Palafin|atk|1\n|-boost|p1a: Palafin|def|1\n|\n|-heal|p2a: Floatzel|100/100|[from] item: Leftovers\n|-heal|p1a: Palafin|227/281|[from] item: Leftovers\n|upkeep\n|turn|26\n|inactive|Time left: 300 sec this turn | 300 sec total\n|\n|t:|1783550607\n|move|p2a: Floatzel|Bulk Up|p2a: Floatzel\n|-boost|p2a: Floatzel|atk|1\n|-boost|p2a: Floatzel|def|1\n|move|p1a: Palafin|Bulk Up|p1a: Palafin\n|-boost|p1a: Palafin|atk|1\n|-boost|p1a: Palafin|def|1\n|\n|-heal|p1a: Palafin|244/281|[from] item: Leftovers\n|upkeep\n|turn|27\n|inactive|Time left: 300 sec this turn | 300 sec total\n|\n|t:|1783550608\n|move|p2a: Floatzel|Bulk Up|p2a: Floatzel\n|-boost|p2a: Floatzel|atk|1\n|-boost|p2a: Floatzel|def|1\n|move|p1a: Palafin|Drain Punch|p2a: Floatzel\n|-supereffective|p2a: Floatzel\n|-damage|p2a: Floatzel|73/100\n|-heal|p1a: Palafin|281/281|[from] drain|[of] p2a: Floatzel\n|\n|-heal|p2a: Floatzel|79/100|[from] item: Leftovers\n|upkeep\n|turn|28\n|inactive|Time left: 300 sec this turn | 300 sec total\n|\n|t:|1783550610\n|move|p2a: Floatzel|Bulk Up|p2a: Floatzel\n|-boost|p2a: Floatzel|atk|1\n|-boost|p2a: Floatzel|def|1\n|move|p1a: Palafin|Drain Punch|p2a: Floatzel\n|-supereffective|p2a: Floatzel\n|-damage|p2a: Floatzel|57/100\n|\n|-heal|p2a: Floatzel|63/100|[from] item: Leftovers\n|upkeep\n|turn|29\n|inactive|Time left: 300 sec this turn | 300 sec total\n|\n|t:|1783550611\n|move|p2a: Floatzel|Bulk Up|p2a: Floatzel\n|-boost|p2a: Floatzel|atk|1\n|-boost|p2a: Floatzel|def|1\n|move|p1a: Palafin|Drain Punch|p2a: Floatzel\n|-supereffective|p2a: Floatzel\n|-damage|p2a: Floatzel|45/100\n|\n|-heal|p2a: Floatzel|50/100|[from] item: Leftovers\n|upkeep\n|turn|30\n|inactive|Time left: 300 sec this turn | 300 sec total\n|\n|t:|1783550612\n|move|p2a: Floatzel|Bulk Up|p2a: Floatzel\n|-boost|p2a: Floatzel|atk|1\n|-boost|p2a: Floatzel|def|1\n|move|p1a: Palafin|Drain Punch|p2a: Floatzel\n|-supereffective|p2a: Floatzel\n|-damage|p2a: Floatzel|34/100\n|\n|-heal|p2a: Floatzel|40/100|[from] item: Leftovers\n|upkeep\n|turn|31\n|inactive|Time left: 300 sec this turn | 300 sec total\n|\n|t:|1783550613\n|move|p2a: Floatzel|Ice Spinner|p1a: Palafin\n|-resisted|p1a: Palafin\n|-damage|p1a: Palafin|195/281\n|move|p1a: Palafin|Drain Punch|p2a: Floatzel\n|-supereffective|p2a: Floatzel\n|-damage|p2a: Floatzel|22/100\n|-heal|p1a: Palafin|220/281|[from] drain|[of] p2a: Floatzel\n|\n|-heal|p2a: Floatzel|28/100|[from] item: Leftovers\n|-heal|p1a: Palafin|237/281|[from] item: Leftovers\n|upkeep\n|turn|32\n|inactive|Time left: 300 sec this turn | 300 sec total\n|\n|t:|1783550614\n|move|p2a: Floatzel|Ice Spinner|p1a: Palafin\n|-resisted|p1a: Palafin\n|-damage|p1a: Palafin|155/281\n|move|p1a: Palafin|Drain Punch|p2a: Floatzel\n|-supereffective|p2a: Floatzel\n|-damage|p2a: Floatzel|11/100\n|-heal|p1a: Palafin|179/281|[from] drain|[of] p2a: Floatzel\n|\n|-heal|p2a: Floatzel|17/100|[from] item: Leftovers\n|-heal|p1a: Palafin|196/281|[from] item: Leftovers\n|upkeep\n|turn|33\n|inactive|Time left: 300 sec this turn | 300 sec total\n|\n|t:|1783550615\n|move|p2a: Floatzel|Ice Spinner|p1a: Palafin\n|-resisted|p1a: Palafin\n|-damage|p1a: Palafin|121/281\n|move|p1a: Palafin|Drain Punch|p2a: Floatzel\n|-supereffective|p2a: Floatzel\n|-damage|p2a: Floatzel|0 fnt\n|-heal|p1a: Palafin|145/281|[from] drain|[of] p2a: Floatzel\n|faint|p2a: Floatzel\n|\n|-heal|p1a: Palafin|162/281|[from] item: Leftovers\n|upkeep\n|\n|t:|1783550616\n|switch|p2a: Hariyama|Hariyama, L87, M|20/100 brn\n|turn|34\n|inactive|Time left: 300 sec this turn | 300 sec total\n|\n|t:|1783550617\n|move|p1a: Palafin|Jet Punch|p2a: Hariyama\n|-damage|p2a: Hariyama|0 fnt\n|faint|p2a: Hariyama\n|\n|win|p0x984a70a", "uploadtime": 1783550617, "views": 0, "rating": 0, "private": 0, "password": null, "_winner": "p0x984a70a", "_our_name": "p0x984a70a"}