{"id": "battle-gen9randombattle-2243", "formatid": "gen9randombattle", "format": "[Gen 9] Random Battle", "players": ["p0x22438732", "p0y2243ca34"], "log": "|init|battle\n|title|p0x22438732 vs. p0y2243ca34\n|j|\u2606p0x22438732\n|j|\u2606p0y2243ca34\n|t:|1783565999\n|gametype|singles\n|player|p1|p0x22438732|265|\n|player|p2|p0y2243ca34|1|\n|gen|9\n|tier|[Gen 9] Random Battle\n|rule|Species Clause: Limit one of each Pok\u00e9mon\n|rule|HP Percentage Mod: HP is shown in percentages\n|rule|Sleep Clause Mod: Limit one foe put to sleep\n|rule|Illusion Level Mod: Illusion disguises the Pok\u00e9mon's true level\n|\n|t:|1783565999\n|teamsize|p1|6\n|teamsize|p2|6\n|start\n|switch|p1a: Basculin|Basculin-Blue-Striped, L86, F|100/100\n|switch|p2a: Shiftry|Shiftry, L89, F|305/305\n|turn|1\n|inactive|Battle timer is ON: inactive players will automatically lose when time's up. (requested by p0y2243ca34)\n|inactive|p0x22438732 also wants the timer to be on.\n|\n|t:|1783566000\n|move|p1a: Basculin|Wave Crash|p2a: Shiftry\n|-resisted|p2a: Shiftry\n|-damage|p2a: Shiftry|150/305\n|-damage|p1a: Basculin|81/100|[from] Recoil\n|move|p2a: Shiftry|Knock Off|p1a: Basculin\n|-damage|p1a: Basculin|10/100\n|-enditem|p1a: Basculin|Choice Band|[from] move: Knock Off|[of] p2a: Shiftry\n|-damage|p2a: Shiftry|120/305|[from] item: Life Orb\n|\n|upkeep\n|turn|2\n|inactive|Time left: 300 sec this turn | 300 sec total\n|\n|t:|1783566002\n|move|p1a: Basculin|Wave Crash|p2a: Shiftry\n|-resisted|p2a: Shiftry\n|-damage|p2a: Shiftry|12/305\n|-damage|p1a: Basculin|0 fnt|[from] Recoil\n|faint|p1a: Basculin\n|move|p2a: Shiftry|Knock Off|p1: Basculin|[notarget]\n|-fail|p2a: Shiftry\n|\n|upkeep\n|\n|t:|1783566003\n|switch|p1a: Galvantula|Galvantula, L82, F|100/100\n|turn|3\n|inactive|Time left: 300 sec this turn | 300 sec total\n|\n|t:|1783566004\n|move|p1a: Galvantula|Sticky Web|p2a: Shiftry\n|-sidestart|p2: p0y2243ca34|move: Sticky Web\n|move|p2a: Shiftry|Knock Off|p1a: Galvantula\n|-damage|p1a: Galvantula|19/100\n|-enditem|p1a: Galvantula|Heavy-Duty Boots|[from] move: Knock Off|[of] p2a: Shiftry\n|-damage|p2a: Shiftry|0 fnt|[from] item: Life Orb\n|faint|p2a: Shiftry\n|\n|upkeep\n|inactive|Time left: 300 sec this turn | 300 sec total | 5 sec grace\n|\n|t:|1783566005\n|switch|p2a: Pyroar|Pyroar, L88, M|295/295\n|-ability|p2a: Pyroar|Unnerve\n|turn|4\n|inactive|Time left: 300 sec this turn | 300 sec total\n|\n|t:|1783566006\n|switch|p1a: Mesprit|Mesprit, L85|100/100\n|move|p2a: Pyroar|Fire Blast|p1a: Mesprit\n|-damage|p1a: Mesprit|52/100\n|\n|-heal|p1a: Mesprit|59/100|[from] item: Leftovers\n|upkeep\n|turn|5\n|inactive|Time left: 300 sec this turn | 300 sec total\n|\n|t:|1783566008\n|move|p2a: Pyroar|Fire Blast|p1a: Mesprit|[miss]\n|-miss|p2a: Pyroar|p1a: Mesprit\n|move|p1a: Mesprit|Knock Off|p2a: Pyroar\n|-damage|p2a: Pyroar|217/295\n|-enditem|p2a: Pyroar|Heavy-Duty Boots|[from] move: Knock Off|[of] p1a: Mesprit\n|\n|-heal|p1a: Mesprit|65/100|[from] item: Leftovers\n|upkeep\n|turn|6\n|inactive|Time left: 300 sec this turn | 300 sec total\n|\n|t:|1783566009\n|move|p2a: Pyroar|Fire Blast|p1a: Mesprit\n|-damage|p1a: Mesprit|21/100\n|move|p1a: Mesprit|Psychic Noise|p2a: Pyroar\n|-damage|p2a: Pyroar|112/295\n|-start|p2a: Pyroar|move: Heal Block\n|\n|-heal|p1a: Mesprit|27/100|[from] item: Leftovers\n|upkeep\n|turn|7\n|inactive|Time left: 300 sec this turn | 300 sec total\n|\n|t:|1783566010\n|move|p2a: Pyroar|Hyper Voice|p1a: Mesprit\n|-damage|p1a: Mesprit|0 fnt\n|faint|p1a: Mesprit\n|\n|-end|p2a: Pyroar|move: Heal Block\n|upkeep\n|\n|t:|1783566011\n|switch|p1a: Sableye|Sableye, L88, F|100/100\n|turn|8\n|inactive|Time left: 300 sec this turn | 300 sec total\n|\n|t:|1783566012\n|move|p1a: Sableye|Encore|p2a: Pyroar\n|-start|p2a: Pyroar|Encore\n|move|p2a: Pyroar|Hyper Voice|p1a: Sableye\n|-immune|p1a: Sableye\n|\n|upkeep\n|turn|9\n|inactive|Time left: 300 sec this turn | 300 sec total\n|\n|t:|1783566013\n|move|p2a: Pyroar|Hyper Voice|p1a: Sableye\n|-immune|p1a: Sableye\n|move|p1a: Sableye|Knock Off|p2a: Pyroar\n|-damage|p2a: Pyroar|42/295\n|\n|upkeep\n|turn|10\n|inactive|Time left: 300 sec this turn | 300 sec total\n|\n|t:|1783566014\n|move|p2a: Pyroar|Hyper Voice|p1a: Sableye\n|-immune|p1a: Sableye\n|move|p1a: Sableye|Knock Off|p2a: Pyroar\n|-damage|p2a: Pyroar|0 fnt\n|faint|p2a: Pyroar\n|\n|upkeep\n|inactive|Time left: 300 sec this turn | 300 sec total | 5 sec grace\n|\n|t:|1783566015\n|switch|p2a: Charizard|Charizard, L85, M|271/271\n|turn|11\n|inactive|Time left: 300 sec this turn | 300 sec total\n|\n|t:|1783566016\n|move|p2a: Charizard|Flamethrower|p1a: Sableye\n|-damage|p1a: Sableye|41/100\n|move|p1a: Sableye|Knock Off|p2a: Charizard\n|-damage|p2a: Charizard|174/271\n|-enditem|p2a: Charizard|Heavy-Duty Boots|[from] move: Knock Off|[of] p1a: Sableye\n|\n|-heal|p1a: Sableye|47/100|[from] item: Leftovers\n|upkeep\n|turn|12\n|inactive|Time left: 300 sec this turn | 300 sec total\n|\n|t:|1783566017\n|move|p1a: Sableye|Recover|p1a: Sableye\n|-heal|p1a: Sableye|97/100\n|move|p2a: Charizard|Flamethrower|p1a: Sableye\n|-damage|p1a: Sableye|37/100\n|\n|-heal|p1a: Sableye|43/100|[from] item: Leftovers\n|upkeep\n|turn|13\n|inactive|Time left: 300 sec this turn | 300 sec total\n|\n|t:|1783566018\n|move|p1a: Sableye|Recover|p1a: Sableye\n|-heal|p1a: Sableye|93/100\n|move|p2a: Charizard|Flamethrower|p1a: Sableye\n|-damage|p1a: Sableye|41/100\n|\n|-heal|p1a: Sableye|47/100|[from] item: Leftovers\n|upkeep\n|turn|14\n|inactive|Time left: 300 sec this turn | 300 sec total\n|\n|t:|1783566019\n|move|p1a: Sableye|Recover|p1a: Sableye\n|-heal|p1a: Sableye|97/100\n|move|p2a: Charizard|Flamethrower|p1a: Sableye\n|-damage|p1a: Sableye|42/100\n|\n|-heal|p1a: Sableye|49/100|[from] item: Leftovers\n|upkeep\n|turn|15\n|inactive|Time left: 300 sec this turn | 300 sec total\n|\n|t:|1783566020\n|move|p1a: Sableye|Recover|p1a: Sableye\n|-heal|p1a: Sableye|99/100\n|move|p2a: Charizard|Flamethrower|p1a: Sableye\n|-damage|p1a: Sableye|42/100\n|\n|-heal|p1a: Sableye|49/100|[from] item: Leftovers\n|upkeep\n|turn|16\n|inactive|Time left: 300 sec this turn | 300 sec total\n|\n|t:|1783566021\n|move|p1a: Sableye|Recover|p1a: Sableye\n|-heal|p1a: Sableye|99/100\n|move|p2a: Charizard|Flamethrower|p1a: Sableye\n|-damage|p1a: Sableye|45/100\n|\n|-heal|p1a: Sableye|51/100|[from] item: Leftovers\n|upkeep\n|turn|17\n|inactive|Time left: 300 sec this turn | 300 sec total\n|\n|t:|1783566022\n|move|p1a: Sableye|Recover|p1a: Sableye\n|-heal|p1a: Sableye|100/100\n|move|p2a: Charizard|Flamethrower|p1a: Sableye\n|-damage|p1a: Sableye|46/100\n|\n|-heal|p1a: Sableye|52/100|[from] item: Leftovers\n|upkeep\n|turn|18\n|inactive|Time left: 300 sec this turn | 300 sec total\n|\n|t:|1783566023\n|move|p1a: Sableye|Recover|p1a: Sableye\n|-heal|p1a: Sableye|100/100\n|move|p2a: Charizard|Flamethrower|p1a: Sableye\n|-damage|p1a: Sableye|47/100\n|\n|-heal|p1a: Sableye|53/100|[from] item: Leftovers\n|upkeep\n|turn|19\n|inactive|Time left: 300 sec this turn | 300 sec total\n|\n|t:|1783566025\n|move|p1a: Sableye|Recover|p1a: Sableye\n|-heal|p1a: Sableye|100/100\n|move|p2a: Charizard|Flamethrower|p1a: Sableye\n|-damage|p1a: Sableye|44/100\n|\n|-heal|p1a: Sableye|50/100|[from] item: Leftovers\n|upkeep\n|turn|20\n|inactive|Time left: 300 sec this turn | 300 sec total\n|\n|t:|1783566026\n|switch|p1a: Galvantula|Galvantula, L82, F|19/100\n|move|p2a: Charizard|Flamethrower|p1a: Galvantula\n|-supereffective|p1a: Galvantula\n|-damage|p1a: Galvantula|0 fnt\n|faint|p1a: Galvantula\n|\n|upkeep\n|\n|t:|1783566027\n|switch|p1a: Froslass|Froslass, L87, F|100/100\n|turn|21\n|inactive|Time left: 300 sec this turn | 300 sec total\n|\n|t:|1783566028\n|-terastallize|p1a: Froslass|Ice\n|move|p1a: Froslass|Triple Axel|p2a: Charizard\n|-damage|p2a: Charizard|144/271\n|-crit|p2a: Charizard\n|-damage|p2a: Charizard|48/271\n|-damage|p2a: Charizard|0 fnt\n|faint|p2a: Charizard\n|-hitcount|p2: Charizard|3\n|\n|upkeep\n|inactive|Time left: 300 sec this turn | 300 sec total | 5 sec grace\n|\n|t:|1783566029\n|switch|p2a: Pecharunt|Pecharunt, L77|262/262\n|-activate|p2a: Pecharunt|move: Sticky Web\n|-unboost|p2a: Pecharunt|spe|1\n|turn|22\n|inactive|Time left: 300 sec this turn | 300 sec total\n|\n|t:|1783566030\n|switch|p1a: Kingambit|Kingambit, L74, M|100/100\n|-activate|p1a: Kingambit|ability: Supreme Overlord\n|-start|p1a: Kingambit|fallen3|[silent]\n|move|p2a: Pecharunt|Malignant Chain|p1a: Kingambit\n|-immune|p1a: Kingambit\n|\n|upkeep\n|turn|23\n|inactive|Time left: 300 sec this turn | 300 sec total\n|\n|t:|1783566031\n|move|p2a: Pecharunt|Parting Shot|p1a: Kingambit\n|-unboost|p1a: Kingambit|atk|1\n|-unboost|p1a: Kingambit|spa|1\n|inactive|Time left: 300 sec this turn | 300 sec total | 5 sec grace\n|\n|t:|1783566032\n|switch|p2a: Piloswine|Piloswine, L85, M|309/309|[from] Parting Shot\n|-activate|p2a: Piloswine|move: Sticky Web\n|-unboost|p2a: Piloswine|spe|1\n|move|p1a: Kingambit|Swords Dance|p1a: Kingambit\n|-boost|p1a: Kingambit|atk|2\n|\n|upkeep\n|turn|24\n|inactive|Time left: 300 sec this turn | 300 sec total\n|\n|t:|1783566033\n|-terastallize|p2a: Piloswine|Poison\n|move|p1a: Kingambit|Iron Head|p2a: Piloswine\n|-damage|p2a: Piloswine|195/309\n|move|p2a: Piloswine|Earthquake|p1a: Kingambit\n|-supereffective|p1a: Kingambit\n|-damage|p1a: Kingambit|26/100\n|\n|-heal|p1a: Kingambit|32/100|[from] item: Leftovers\n|upkeep\n|turn|25\n|inactive|Time left: 300 sec this turn | 300 sec total\n|\n|t:|1783566034\n|move|p1a: Kingambit|Iron Head|p2a: Piloswine\n|-damage|p2a: Piloswine|71/309\n|cant|p2a: Piloswine|flinch\n|\n|-heal|p1a: Kingambit|38/100|[from] item: Leftovers\n|upkeep\n|turn|26\n|inactive|Time left: 300 sec this turn | 300 sec total\n|\n|t:|1783566035\n|move|p2a: Piloswine|Ice Shard|p1a: Kingambit\n|-resisted|p1a: Kingambit\n|-damage|p1a: Kingambit|31/100\n|move|p1a: Kingambit|Iron Head|p2a: Piloswine\n|-damage|p2a: Piloswine|0 fnt\n|faint|p2a: Piloswine\n|\n|-heal|p1a: Kingambit|37/100|[from] item: Leftovers\n|upkeep\n|inactive|Time left: 300 sec this turn | 300 sec total | 5 sec grace\n|\n|t:|1783566036\n|switch|p2a: Rillaboom|Rillaboom, L79, F|288/288\n|-activate|p2a: Rillaboom|move: Sticky Web\n|-unboost|p2a: Rillaboom|spe|1\n|-fieldstart|move: Grassy Terrain|[from] ability: Grassy Surge|[of] p2a: Rillaboom\n|turn|27\n|inactive|Time left: 300 sec this turn | 300 sec total\n|\n|t:|1783566037\n|move|p1a: Kingambit|Sucker Punch|p2a: Rillaboom\n|-damage|p2a: Rillaboom|147/288\n|move|p2a: Rillaboom|Wood Hammer|p1a: Kingambit\n|-resisted|p1a: Kingambit\n|-damage|p1a: Kingambit|2/100\n|-damage|p2a: Rillaboom|116/288|[from] Recoil\n|-damage|p2a: Rillaboom|88/288|[from] item: Life Orb\n|\n|-heal|p2a: Rillaboom|106/288|[from] Grassy Terrain\n|-heal|p1a: Kingambit|8/100|[from] Grassy Terrain\n|-heal|p1a: Kingambit|14/100|[from] item: Leftovers\n|upkeep\n|turn|28\n|inactive|Time left: 300 sec this turn | 300 sec total\n|\n|t:|1783566038\n|move|p2a: Rillaboom|Grassy Glide|p1a: Kingambit\n|-resisted|p1a: Kingambit\n|-damage|p1a: Kingambit|0 fnt\n|faint|p1a: Kingambit\n|-end|p1a: Kingambit|fallen3|[silent]\n|-damage|p2a: Rillaboom|78/288|[from] item: Life Orb\n|\n|-heal|p2a: Rillaboom|96/288|[from] Grassy Terrain\n|upkeep\n|\n|t:|1783566038\n|switch|p1a: Froslass|Froslass, L87, F, tera:Ice|100/100\n|turn|29\n|inactive|Time left: 300 sec this turn | 300 sec total\n|\n|t:|1783566039\n|move|p2a: Rillaboom|Grassy Glide|p1a: Froslass\n|-damage|p1a: Froslass|58/100\n|-damage|p2a: Rillaboom|68/288|[from] item: Life Orb\n|move|p1a: Froslass|Poltergeist|p2a: Rillaboom\n|-activate|p2a: Rillaboom|move: Poltergeist|Life Orb\n|-damage|p2a: Rillaboom|0 fnt\n|faint|p2a: Rillaboom\n|\n|-heal|p1a: Froslass|64/100|[from] Grassy Terrain\n|upkeep\n|inactive|Time left: 300 sec this turn | 300 sec total | 5 sec grace\n|\n|t:|1783566040\n|switch|p2a: Pecharunt|Pecharunt, L77|262/262\n|-activate|p2a: Pecharunt|move: Sticky Web\n|-unboost|p2a: Pecharunt|spe|1\n|turn|30\n|inactive|Time left: 300 sec this turn | 300 sec total\n|\n|t:|1783566041\n|move|p1a: Froslass|Poltergeist|p2a: Pecharunt\n|-activate|p2a: Pecharunt|move: Poltergeist|Rocky Helmet\n|-supereffective|p2a: Pecharunt\n|-damage|p2a: Pecharunt|112/262\n|move|p2a: Pecharunt|Parting Shot|p1a: Froslass\n|-unboost|p1a: Froslass|atk|1\n|-unboost|p1a: Froslass|spa|1\n|\n|-heal|p1a: Froslass|70/100|[from] Grassy Terrain\n|-heal|p2a: Pecharunt|128/262|[from] Grassy Terrain\n|upkeep\n|turn|31\n|inactive|Time left: 300 sec this turn | 300 sec total\n|\n|t:|1783566042\n|move|p1a: Froslass|Taunt|p2a: Pecharunt\n|-start|p2a: Pecharunt|move: Taunt\n|cant|p2a: Pecharunt|move: Taunt|Recover\n|\n|-heal|p1a: Froslass|76/100|[from] Grassy Terrain\n|-heal|p2a: Pecharunt|144/262|[from] Grassy Terrain\n|-fieldend|move: Grassy Terrain\n|upkeep\n|turn|32\n|inactive|Time left: 300 sec this turn | 300 sec total\n|\n|t:|1783566043\n|move|p1a: Froslass|Poltergeist|p2a: Pecharunt\n|-activate|p2a: Pecharunt|move: Poltergeist|Rocky Helmet\n|-supereffective|p2a: Pecharunt\n|-damage|p2a: Pecharunt|52/262\n|move|p2a: Pecharunt|Malignant Chain|p1a: Froslass\n|-damage|p1a: Froslass|40/100\n|-status|p1a: Froslass|tox\n|-start|p1a: Froslass|confusion|[from] ability: Poison Puppeteer|[of] p2a: Pecharunt\n|-start|p2a: Pecharunt|Disable|Malignant Chain|[from] ability: Cursed Body|[of] p1a: Froslass\n|\n|-damage|p1a: Froslass|34/100 tox|[from] psn\n|upkeep\n|turn|33\n|inactive|Time left: 300 sec this turn | 300 sec total\n|\n|t:|1783566044\n|-activate|p1a: Froslass|confusion\n|-damage|p1a: Froslass|26/100 tox|[from] confusion\n|move|p2a: Pecharunt|Shadow Ball|p1a: Froslass\n|-damage|p1a: Froslass|0 fnt\n|faint|p1a: Froslass\n|\n|-end|p2a: Pecharunt|move: Taunt\n|upkeep\n|\n|t:|1783566044\n|switch|p1a: Sableye|Sableye, L88, F|50/100\n|turn|34\n|inactive|Time left: 300 sec this turn | 300 sec total\n|\n|t:|1783566045\n|move|p1a: Sableye|Knock Off|p2a: Pecharunt\n|-supereffective|p2a: Pecharunt\n|-damage|p2a: Pecharunt|0 fnt\n|-damage|p1a: Sableye|34/100|[from] item: Rocky Helmet|[of] p2a: Pecharunt\n|-enditem|p2a: Pecharunt|Rocky Helmet|[from] move: Knock Off|[of] p1a: Sableye\n|faint|p2a: Pecharunt\n|\n|win|p0x22438732", "uploadtime": 1783566045, "views": 0, "rating": 0, "private": 0, "password": null, "_winner": "p0x22438732", "_our_name": "p0y2243ca34"}