{"id": "battle-gen9randombattle-1578", "formatid": "gen9randombattle", "format": "[Gen 9] Random Battle", "players": ["p0x157872c3", "p0y1578313d"], "log": "|init|battle\n|title|p0x157872c3 vs. p0y1578313d\n|j|\u2606p0x157872c3\n|j|\u2606p0y1578313d\n|t:|1783557470\n|gametype|singles\n|player|p1|p0x157872c3|169|\n|player|p2|p0y1578313d|170|\n|gen|9\n|tier|[Gen 9] Random Battle\n|rule|Species Clause: Limit one of each Pok\u00e9mon\n|rule|HP Percentage Mod: HP is shown in percentages\n|rule|Sleep Clause Mod: Limit one foe put to sleep\n|rule|Illusion Level Mod: Illusion disguises the Pok\u00e9mon's true level\n|\n|t:|1783557470\n|teamsize|p1|6\n|teamsize|p2|6\n|start\n|switch|p1a: Gastrodon|Gastrodon-East, L86, M|331/331\n|switch|p2a: Chi-Yu|Chi-Yu, L77|100/100\n|-ability|p2a: Chi-Yu|Beads of Ruin\n|turn|1\n|inactive|Battle timer is ON: inactive players will automatically lose when time's up. (requested by p0y1578313d)\n|inactive|Time left: 300 sec this turn | 300 sec total | 60 sec grace\n|inactive|p0x157872c3 also wants the timer to be on.\n|\n|t:|1783557471\n|switch|p2a: Cresselia|Cresselia, L80, F|100/100\n|move|p1a: Gastrodon|Earthquake|p2a: Cresselia\n|-immune|p2a: Cresselia|[from] ability: Levitate\n|\n|upkeep\n|turn|2\n|inactive|Time left: 300 sec this turn | 300 sec total\n|\n|t:|1783557473\n|move|p2a: Cresselia|Calm Mind|p2a: Cresselia\n|-boost|p2a: Cresselia|spa|1\n|-boost|p2a: Cresselia|spd|1\n|move|p1a: Gastrodon|Stealth Rock|p2a: Cresselia\n|-sidestart|p2: p0y1578313d|move: Stealth Rock\n|\n|upkeep\n|turn|3\n|inactive|Time left: 300 sec this turn | 300 sec total\n|\n|t:|1783557474\n|move|p2a: Cresselia|Calm Mind|p2a: Cresselia\n|-boost|p2a: Cresselia|spa|1\n|-boost|p2a: Cresselia|spd|1\n|move|p1a: Gastrodon|Earthquake|p2a: Cresselia\n|-immune|p2a: Cresselia|[from] ability: Levitate\n|\n|upkeep\n|turn|4\n|inactive|Time left: 300 sec this turn | 300 sec total\n|\n|t:|1783557475\n|move|p2a: Cresselia|Psyshock|p1a: Gastrodon\n|-damage|p1a: Gastrodon|187/331\n|move|p1a: Gastrodon|Recover|p1a: Gastrodon\n|-heal|p1a: Gastrodon|331/331\n|\n|upkeep\n|turn|5\n|inactive|Time left: 300 sec this turn | 300 sec total\n|\n|t:|1783557476\n|move|p2a: Cresselia|Psyshock|p1a: Gastrodon\n|-damage|p1a: Gastrodon|190/331\n|move|p1a: Gastrodon|Recover|p1a: Gastrodon\n|-heal|p1a: Gastrodon|331/331\n|\n|upkeep\n|turn|6\n|inactive|Time left: 300 sec this turn | 300 sec total\n|\n|t:|1783557477\n|move|p2a: Cresselia|Psyshock|p1a: Gastrodon\n|-crit|p1a: Gastrodon\n|-damage|p1a: Gastrodon|121/331\n|move|p1a: Gastrodon|Recover|p1a: Gastrodon\n|-heal|p1a: Gastrodon|287/331\n|\n|-heal|p1a: Gastrodon|307/331|[from] item: Leftovers\n|upkeep\n|turn|7\n|inactive|Time left: 300 sec this turn | 300 sec total\n|\n|t:|1783557478\n|move|p2a: Cresselia|Psyshock|p1a: Gastrodon\n|-damage|p1a: Gastrodon|142/331\n|move|p1a: Gastrodon|Recover|p1a: Gastrodon\n|-heal|p1a: Gastrodon|308/331\n|\n|-heal|p1a: Gastrodon|328/331|[from] item: Leftovers\n|upkeep\n|turn|8\n|inactive|Time left: 300 sec this turn | 300 sec total\n|\n|t:|1783557480\n|move|p2a: Cresselia|Psyshock|p1a: Gastrodon\n|-damage|p1a: Gastrodon|174/331\n|move|p1a: Gastrodon|Recover|p1a: Gastrodon\n|-heal|p1a: Gastrodon|331/331\n|\n|upkeep\n|turn|9\n|inactive|Time left: 300 sec this turn | 300 sec total\n|\n|t:|1783557481\n|switch|p1a: Vespiquen|Vespiquen, L99, F|299/299\n|-ability|p1a: Vespiquen|Pressure\n|move|p2a: Cresselia|Psyshock|p1a: Vespiquen\n|-damage|p1a: Vespiquen|205/299\n|\n|upkeep\n|turn|10\n|inactive|Time left: 300 sec this turn | 300 sec total\n|\n|t:|1783557482\n|move|p2a: Cresselia|Moonblast|p1a: Vespiquen\n|-damage|p1a: Vespiquen|128/299\n|-unboost|p1a: Vespiquen|spa|1\n|move|p1a: Vespiquen|Roost|p1a: Vespiquen\n|-heal|p1a: Vespiquen|278/299\n|-singleturn|p1a: Vespiquen|move: Roost\n|\n|upkeep\n|turn|11\n|inactive|Time left: 300 sec this turn | 300 sec total\n|\n|t:|1783557483\n|move|p2a: Cresselia|Psyshock|p1a: Vespiquen\n|-damage|p1a: Vespiquen|182/299\n|move|p1a: Vespiquen|U-turn|p2a: Cresselia\n|-supereffective|p2a: Cresselia\n|-damage|p2a: Cresselia|56/100\n|inactive|Time left: 300 sec this turn | 300 sec total | 5 sec grace\n|\n|t:|1783557484\n|switch|p1a: Victreebel|Victreebel, L90, F|290/290|[from] U-turn\n|\n|-heal|p2a: Cresselia|62/100|[from] item: Leftovers\n|upkeep\n|turn|12\n|inactive|Time left: 300 sec this turn | 300 sec total\n|\n|t:|1783557485\n|-terastallize|p1a: Victreebel|Dark\n|move|p1a: Victreebel|Sucker Punch|p2a: Cresselia\n|-supereffective|p2a: Cresselia\n|-damage|p2a: Cresselia|0 fnt\n|faint|p2a: Cresselia\n|-damage|p1a: Victreebel|261/290|[from] item: Life Orb\n|\n|upkeep\n|\n|t:|1783557486\n|switch|p2a: Venomoth|Venomoth, L84, M|100/100\n|turn|13\n|inactive|Time left: 300 sec this turn | 300 sec total\n|\n|t:|1783557487\n|move|p2a: Venomoth|Quiver Dance|p2a: Venomoth\n|-boost|p2a: Venomoth|spa|1\n|-boost|p2a: Venomoth|spd|1\n|-boost|p2a: Venomoth|spe|1\n|move|p1a: Victreebel|Swords Dance|p1a: Victreebel\n|-boost|p1a: Victreebel|atk|2\n|\n|upkeep\n|turn|14\n|inactive|Time left: 300 sec this turn | 300 sec total\n|\n|t:|1783557488\n|move|p1a: Victreebel|Sucker Punch||[still]\n|-fail|p1a: Victreebel\n|move|p2a: Venomoth|Sleep Powder|p1a: Victreebel\n|-status|p1a: Victreebel|slp|[from] move: Sleep Powder\n|\n|upkeep\n|turn|15\n|inactive|Time left: 300 sec this turn | 300 sec total\n|\n|t:|1783557490\n|switch|p1a: Corviknight|Corviknight, L80, F|288/288\n|move|p2a: Venomoth|Bug Buzz|p1a: Corviknight\n|-resisted|p1a: Corviknight\n|-damage|p1a: Corviknight|216/288\n|\n|upkeep\n|turn|16\n|inactive|Time left: 300 sec this turn | 300 sec total\n|\n|t:|1783557491\n|switch|p2a: Drednaw|Drednaw, L81, F|100/100\n|-damage|p2a: Drednaw|88/100|[from] Stealth Rock\n|move|p1a: Corviknight|Brave Bird|p2a: Drednaw\n|-resisted|p2a: Drednaw\n|-damage|p2a: Drednaw|69/100\n|-damage|p1a: Corviknight|198/288|[from] Recoil\n|\n|upkeep\n|turn|17\n|inactive|Time left: 300 sec this turn | 300 sec total\n|\n|t:|1783557492\n|switch|p1a: Gastrodon|Gastrodon-East, L86, M|331/331\n|move|p2a: Drednaw|Shell Smash|p2a: Drednaw\n|-unboost|p2a: Drednaw|def|1\n|-unboost|p2a: Drednaw|spd|1\n|-boost|p2a: Drednaw|atk|2\n|-boost|p2a: Drednaw|spa|2\n|-boost|p2a: Drednaw|spe|2\n|-enditem|p2a: Drednaw|White Herb\n|-clearnegativeboost|p2a: Drednaw|[silent]\n|\n|upkeep\n|turn|18\n|inactive|Time left: 300 sec this turn | 300 sec total\n|\n|t:|1783557493\n|-terastallize|p2a: Drednaw|Ground\n|move|p2a: Drednaw|Earthquake|p1a: Gastrodon\n|-damage|p1a: Gastrodon|73/331\n|move|p1a: Gastrodon|Earthquake|p2a: Drednaw\n|-damage|p2a: Drednaw|32/100\n|\n|-heal|p1a: Gastrodon|93/331|[from] item: Leftovers\n|upkeep\n|turn|19\n|inactive|Time left: 300 sec this turn | 300 sec total\n|\n|t:|1783557494\n|move|p2a: Drednaw|Earthquake|p1a: Gastrodon\n|-damage|p1a: Gastrodon|0 fnt\n|faint|p1a: Gastrodon\n|\n|upkeep\n|inactive|Time left: 300 sec this turn | 300 sec total | 5 sec grace\n|\n|t:|1783557495\n|switch|p1a: Iron Valiant|Iron Valiant, L78|244/244\n|turn|20\n|inactive|Time left: 300 sec this turn | 300 sec total\n|\n|t:|1783557496\n|move|p2a: Drednaw|Earthquake|p1a: Iron Valiant\n|-damage|p1a: Iron Valiant|19/244\n|move|p1a: Iron Valiant|Spirit Break|p2a: Drednaw\n|-damage|p2a: Drednaw|0 fnt\n|faint|p2a: Drednaw\n|-damage|p1a: Iron Valiant|0 fnt|[from] item: Life Orb\n|faint|p1a: Iron Valiant\n|-end|p1a: Iron Valiant|Quark Drive|[silent]\n|\n|upkeep\n|inactive|Time left: 300 sec this turn | 300 sec total | 5 sec grace\n|\n|t:|1783557497\n|switch|p1a: Typhlosion|Typhlosion, L84, M|267/267\n|switch|p2a: Chi-Yu|Chi-Yu, L77|100/100\n|-ability|p2a: Chi-Yu|Beads of Ruin\n|turn|21\n|inactive|Time left: 300 sec this turn | 300 sec total\n|\n|t:|1783557498\n|move|p1a: Typhlosion|Focus Blast|p2a: Chi-Yu\n|-supereffective|p2a: Chi-Yu\n|-damage|p2a: Chi-Yu|24/100\n|move|p2a: Chi-Yu|Dark Pulse|p1a: Typhlosion\n|-damage|p1a: Typhlosion|147/267\n|\n|upkeep\n|turn|22\n|inactive|Time left: 300 sec this turn | 300 sec total\n|\n|t:|1783557499\n|move|p1a: Typhlosion|Focus Blast|p2a: Chi-Yu\n|-supereffective|p2a: Chi-Yu\n|-damage|p2a: Chi-Yu|0 fnt\n|faint|p2a: Chi-Yu\n|\n|upkeep\n|\n|t:|1783557500\n|switch|p2a: Galvantula|Galvantula, L82, F|100/100\n|turn|23\n|inactive|Time left: 300 sec this turn | 300 sec total\n|\n|t:|1783557501\n|switch|p1a: Vespiquen|Vespiquen, L99, F|182/299\n|-ability|p1a: Vespiquen|Pressure\n|move|p2a: Galvantula|Sticky Web|p1a: Vespiquen\n|-sidestart|p1: p0x157872c3|move: Sticky Web\n|\n|upkeep\n|turn|24\n|inactive|Time left: 300 sec this turn | 300 sec total\n|\n|t:|1783557502\n|move|p2a: Galvantula|Thunder|p1a: Vespiquen\n|-supereffective|p1a: Vespiquen\n|-damage|p1a: Vespiquen|8/299\n|-status|p1a: Vespiquen|par\n|cant|p1a: Vespiquen|par\n|\n|upkeep\n|turn|25\n|inactive|Time left: 300 sec this turn | 300 sec total\n|\n|t:|1783557503\n|move|p2a: Galvantula|Thunder|p1a: Vespiquen\n|-supereffective|p1a: Vespiquen\n|-damage|p1a: Vespiquen|0 fnt\n|faint|p1a: Vespiquen\n|\n|upkeep\n|inactive|Time left: 300 sec this turn | 300 sec total | 5 sec grace\n|\n|t:|1783557504\n|switch|p1a: Typhlosion|Typhlosion, L84, M|147/267\n|-activate|p1a: Typhlosion|move: Sticky Web\n|-unboost|p1a: Typhlosion|spe|1\n|turn|26\n|inactive|Time left: 300 sec this turn | 300 sec total\n|\n|t:|1783557505\n|move|p2a: Galvantula|Thunder|p1a: Typhlosion\n|-damage|p1a: Typhlosion|32/267\n|move|p1a: Typhlosion|Fire Blast|p2a: Galvantula|[miss]\n|-miss|p1a: Typhlosion|p2a: Galvantula\n|\n|upkeep\n|turn|27\n|inactive|Time left: 300 sec this turn | 300 sec total\n|\n|t:|1783557506\n|move|p2a: Galvantula|Bug Buzz|p1a: Typhlosion\n|-resisted|p1a: Typhlosion\n|-damage|p1a: Typhlosion|0 fnt\n|faint|p1a: Typhlosion\n|\n|upkeep\n|inactive|Time left: 300 sec this turn | 300 sec total | 5 sec grace\n|\n|t:|1783557507\n|switch|p1a: Victreebel|Victreebel, L90, F, tera:Dark|261/290 slp\n|-activate|p1a: Victreebel|move: Sticky Web\n|-unboost|p1a: Victreebel|spe|1\n|turn|28\n|inactive|Time left: 300 sec this turn | 300 sec total\n|\n|t:|1783557508\n|move|p2a: Galvantula|Bug Buzz|p1a: Victreebel\n|-supereffective|p1a: Victreebel\n|-damage|p1a: Victreebel|55/290 slp\n|cant|p1a: Victreebel|slp\n|\n|upkeep\n|turn|29\n|inactive|Time left: 300 sec this turn | 300 sec total\n|\n|t:|1783557509\n|cant|p1a: Victreebel|slp\n|move|p2a: Galvantula|Thunder|p1a: Victreebel|[miss]\n|-miss|p2a: Galvantula|p1a: Victreebel\n|\n|upkeep\n|turn|30\n|inactive|Time left: 300 sec this turn | 300 sec total\n|\n|t:|1783557510\n|cant|p1a: Victreebel|slp\n|move|p2a: Galvantula|Thunder|p1a: Victreebel|[miss]\n|-miss|p2a: Galvantula|p1a: Victreebel\n|\n|upkeep\n|turn|31\n|inactive|Time left: 300 sec this turn | 300 sec total\n|\n|t:|1783557511\n|-curestatus|p1a: Victreebel|slp|[msg]\n|move|p1a: Victreebel|Sucker Punch|p2a: Galvantula\n|-damage|p2a: Galvantula|39/100\n|-damage|p1a: Victreebel|26/290|[from] item: Life Orb\n|move|p2a: Galvantula|Thunder|p1a: Victreebel\n|-damage|p1a: Victreebel|0 fnt\n|faint|p1a: Victreebel\n|\n|upkeep\n|inactive|Time left: 300 sec this turn | 300 sec total | 5 sec grace\n|\n|t:|1783557512\n|switch|p1a: Corviknight|Corviknight, L80, F|198/288\n|turn|32\n|inactive|Time left: 300 sec this turn | 300 sec total\n|\n|t:|1783557513\n|move|p2a: Galvantula|Thunder|p1a: Corviknight\n|-supereffective|p1a: Corviknight\n|-damage|p1a: Corviknight|0 fnt\n|faint|p1a: Corviknight\n|\n|win|p0y1578313d", "uploadtime": 1783557513, "views": 0, "rating": 0, "private": 0, "password": null, "_winner": "p0y1578313d", "_our_name": "p0x157872c3"}