{"id": "battle-gen9randombattle-134", "formatid": "gen9randombattle", "format": "[Gen 9] Random Battle", "players": ["p0x1345fe5", "p0y134157f"], "log": "|init|battle\n|title|p0x1345fe5 vs. p0y134157f\n|j|\u2606p0x1345fe5\n|j|\u2606p0y134157f\n|t:|1783541049\n|gametype|singles\n|player|p1|p0x1345fe5|169|\n|player|p2|p0y134157f|265|\n|gen|9\n|tier|[Gen 9] Random Battle\n|rule|Species Clause: Limit one of each Pok\u00e9mon\n|rule|HP Percentage Mod: HP is shown in percentages\n|rule|Sleep Clause Mod: Limit one foe put to sleep\n|rule|Illusion Level Mod: Illusion disguises the Pok\u00e9mon's true level\n|\n|t:|1783541049\n|teamsize|p1|6\n|teamsize|p2|6\n|start\n|switch|p1a: Staraptor|Staraptor, L79, M|263/263\n|switch|p2a: Skeledirge|Skeledirge, L79, M|100/100\n|turn|1\n|inactive|Battle timer is ON: inactive players will automatically lose when time's up. (requested by p0y134157f)\n|inactive|Time left: 300 sec this turn | 300 sec total | 60 sec grace\n|\n|t:|1783541050\n|move|p1a: Staraptor|Brave Bird|p2a: Skeledirge\n|-damage|p2a: Skeledirge|22/100\n|-damage|p1a: Staraptor|186/263|[from] Recoil\n|move|p2a: Skeledirge|Will-O-Wisp|p1a: Staraptor\n|-status|p1a: Staraptor|brn\n|\n|-damage|p1a: Staraptor|170/263 brn|[from] brn\n|upkeep\n|turn|2\n|inactive|Time left: 300 sec this turn | 300 sec total\n|inactive|p0x1345fe5 also wants the timer to be on.\n|\n|t:|1783541051\n|switch|p2a: Dewgong|Dewgong, L94, M|100/100\n|move|p1a: Staraptor|Brave Bird|p2a: Dewgong\n|-damage|p2a: Dewgong|63/100\n|-damage|p1a: Staraptor|130/263 brn|[from] Recoil\n|\n|-damage|p1a: Staraptor|114/263 brn|[from] brn\n|upkeep\n|turn|3\n|inactive|Time left: 300 sec this turn | 300 sec total\n|\n|t:|1783541052\n|move|p1a: Staraptor|Brave Bird|p2a: Dewgong\n|-damage|p2a: Dewgong|28/100\n|-damage|p1a: Staraptor|77/263 brn|[from] Recoil\n|move|p2a: Dewgong|Ice Beam|p1a: Staraptor\n|-supereffective|p1a: Staraptor\n|-damage|p1a: Staraptor|0 fnt\n|faint|p1a: Staraptor\n|\n|upkeep\n|inactive|Time left: 300 sec this turn | 300 sec total | 5 sec grace\n|\n|t:|1783541053\n|switch|p1a: Bruxish|Bruxish, L85, F|254/254\n|turn|4\n|inactive|Time left: 300 sec this turn | 300 sec total\n|\n|t:|1783541054\n|move|p1a: Bruxish|Psychic Fangs|p2a: Dewgong\n|-damage|p2a: Dewgong|0 fnt\n|faint|p2a: Dewgong\n|\n|upkeep\n|\n|t:|1783541055\n|switch|p2a: Sinistcha|Sinistcha, L83|100/100\n|turn|5\n|inactive|Time left: 300 sec this turn | 300 sec total\n|\n|t:|1783541056\n|move|p1a: Bruxish|Psychic Fangs|p2a: Sinistcha\n|-damage|p2a: Sinistcha|24/100\n|move|p2a: Sinistcha|Matcha Gotcha|p1a: Bruxish\n|-supereffective|p1a: Bruxish\n|-damage|p1a: Bruxish|36/254\n|-heal|p2a: Sinistcha|67/100|[from] drain|[of] p1a: Bruxish\n|\n|-heal|p2a: Sinistcha|73/100|[from] item: Leftovers\n|upkeep\n|turn|6\n|inactive|Time left: 300 sec this turn | 300 sec total\n|\n|t:|1783541058\n|-terastallize|p2a: Sinistcha|Steel\n|move|p1a: Bruxish|Psychic Fangs|p2a: Sinistcha\n|-resisted|p2a: Sinistcha\n|-damage|p2a: Sinistcha|31/100\n|move|p2a: Sinistcha|Strength Sap|p1a: Bruxish\n|-unboost|p1a: Bruxish|atk|1\n|-heal|p2a: Sinistcha|100/100\n|\n|upkeep\n|turn|7\n|inactive|Time left: 300 sec this turn | 300 sec total\n|\n|t:|1783541059\n|switch|p1a: Komala|Komala, L87, F|255/255\n|-ability|p1a: Komala|Comatose\n|move|p2a: Sinistcha|Calm Mind|p2a: Sinistcha\n|-boost|p2a: Sinistcha|spa|1\n|-boost|p2a: Sinistcha|spd|1\n|\n|upkeep\n|turn|8\n|inactive|Time left: 300 sec this turn | 300 sec total\n|\n|t:|1783541060\n|move|p2a: Sinistcha|Matcha Gotcha|p1a: Komala\n|-damage|p1a: Komala|168/255\n|move|p1a: Komala|Body Slam|p2a: Sinistcha\n|-resisted|p2a: Sinistcha\n|-damage|p2a: Sinistcha|81/100\n|\n|-heal|p2a: Sinistcha|87/100|[from] item: Leftovers\n|upkeep\n|turn|9\n|inactive|Time left: 300 sec this turn | 300 sec total\n|\n|t:|1783541061\n|move|p2a: Sinistcha|Matcha Gotcha|p1a: Komala\n|-damage|p1a: Komala|77/255\n|-heal|p2a: Sinistcha|100/100|[from] drain|[of] p1a: Komala\n|move|p1a: Komala|Rapid Spin|p2a: Sinistcha\n|-resisted|p2a: Sinistcha\n|-damage|p2a: Sinistcha|90/100\n|-boost|p1a: Komala|spe|1\n|\n|-heal|p2a: Sinistcha|96/100|[from] item: Leftovers\n|upkeep\n|turn|10\n|inactive|Time left: 300 sec this turn | 300 sec total\n|\n|t:|1783541062\n|move|p1a: Komala|Body Slam|p2a: Sinistcha\n|-resisted|p2a: Sinistcha\n|-damage|p2a: Sinistcha|77/100\n|-status|p2a: Sinistcha|par\n|move|p2a: Sinistcha|Matcha Gotcha|p1a: Komala\n|-damage|p1a: Komala|0 fnt\n|-heal|p2a: Sinistcha|92/100 par|[from] drain|[of] p1a: Komala\n|faint|p1a: Komala\n|\n|-heal|p2a: Sinistcha|98/100 par|[from] item: Leftovers\n|upkeep\n|inactive|Time left: 300 sec this turn | 300 sec total | 5 sec grace\n|\n|t:|1783541063\n|switch|p1a: Lucario|Lucario, L84, M|255/255\n|turn|11\n|inactive|Time left: 300 sec this turn | 300 sec total\n|\n|t:|1783541064\n|move|p1a: Lucario|Focus Blast|p2a: Sinistcha\n|-supereffective|p2a: Sinistcha\n|-damage|p2a: Sinistcha|0 fnt\n|faint|p2a: Sinistcha\n|-damage|p1a: Lucario|230/255|[from] item: Life Orb\n|\n|upkeep\n|\n|t:|1783541065\n|switch|p2a: Keldeo|Keldeo-Resolute, L79|100/100\n|turn|12\n|inactive|Time left: 300 sec this turn | 300 sec total\n|\n|t:|1783541066\n|switch|p1a: Moltres|Moltres-Galar, L79|271/271\n|move|p2a: Keldeo|Secret Sword|p1a: Moltres\n|-damage|p1a: Moltres|163/271\n|\n|upkeep\n|turn|13\n|inactive|Time left: 300 sec this turn | 300 sec total\n|\n|t:|1783541068\n|move|p2a: Keldeo|Calm Mind|p2a: Keldeo\n|-boost|p2a: Keldeo|spa|1\n|-boost|p2a: Keldeo|spd|1\n|move|p1a: Moltres|Hurricane|p2a: Keldeo\n|-supereffective|p2a: Keldeo\n|-damage|p2a: Keldeo|43/100\n|\n|-heal|p2a: Keldeo|50/100|[from] item: Leftovers\n|upkeep\n|turn|14\n|inactive|Time left: 300 sec this turn | 300 sec total\n|\n|t:|1783541069\n|move|p2a: Keldeo|Secret Sword|p1a: Moltres\n|-damage|p1a: Moltres|0 fnt\n|faint|p1a: Moltres\n|\n|-heal|p2a: Keldeo|56/100|[from] item: Leftovers\n|upkeep\n|inactive|Time left: 300 sec this turn | 300 sec total | 5 sec grace\n|\n|t:|1783541070\n|switch|p1a: Gouging Fire|Gouging Fire, L74|277/277\n|turn|15\n|inactive|Time left: 300 sec this turn | 300 sec total\n|\n|t:|1783541071\n|move|p2a: Keldeo|Surf|p1a: Gouging Fire\n|-damage|p1a: Gouging Fire|94/277\n|move|p1a: Gouging Fire|Dragon Dance|p1a: Gouging Fire\n|-boost|p1a: Gouging Fire|atk|1\n|-boost|p1a: Gouging Fire|spe|1\n|\n|-heal|p2a: Keldeo|62/100|[from] item: Leftovers\n|upkeep\n|turn|16\n|inactive|Time left: 300 sec this turn | 300 sec total\n|\n|t:|1783541072\n|move|p1a: Gouging Fire|Outrage|p2a: Keldeo\n|-damage|p2a: Keldeo|0 fnt\n|faint|p2a: Keldeo\n|\n|upkeep\n|\n|t:|1783541073\n|switch|p2a: Hawlucha|Hawlucha, L80, M|100/100\n|turn|17\n|inactive|Time left: 300 sec this turn | 300 sec total\n|\n|t:|1783541075\n|move|p1a: Gouging Fire|Outrage|p2a: Hawlucha|[from] lockedmove\n|-damage|p2a: Hawlucha|29/100\n|-start|p1a: Gouging Fire|confusion|[fatigue]\n|move|p2a: Hawlucha|Brave Bird|p1a: Gouging Fire\n|-damage|p1a: Gouging Fire|3/277\n|-damage|p2a: Hawlucha|17/100|[from] Recoil\n|\n|upkeep\n|turn|18\n|inactive|Time left: 300 sec this turn | 300 sec total\n|\n|t:|1783541076\n|-activate|p1a: Gouging Fire|confusion\n|-damage|p1a: Gouging Fire|0 fnt|[from] confusion\n|faint|p1a: Gouging Fire\n|-end|p1a: Gouging Fire|Protosynthesis|[silent]\n|move|p2a: Hawlucha|Brave Bird|p1: Gouging Fire|[notarget]\n|-fail|p2a: Hawlucha\n|\n|upkeep\n|inactive|Time left: 300 sec this turn | 300 sec total | 5 sec grace\n|\n|t:|1783541077\n|switch|p1a: Lucario|Lucario, L84, M|230/255\n|turn|19\n|inactive|Time left: 300 sec this turn | 300 sec total\n|\n|t:|1783541078\n|-terastallize|p1a: Lucario|Fighting\n|move|p1a: Lucario|Vacuum Wave|p2a: Hawlucha\n|-resisted|p2a: Hawlucha\n|-damage|p2a: Hawlucha|0 fnt\n|faint|p2a: Hawlucha\n|-damage|p1a: Lucario|205/255|[from] item: Life Orb\n|\n|upkeep\n|\n|t:|1783541079\n|switch|p2a: Seviper|Seviper, L93, F|100/100\n|turn|20\n|inactive|Time left: 300 sec this turn | 300 sec total\n|\n|t:|1783541080\n|move|p1a: Lucario|Nasty Plot|p1a: Lucario\n|-boost|p1a: Lucario|spa|2\n|move|p2a: Seviper|Trailblaze|p1a: Lucario\n|-damage|p1a: Lucario|150/255\n|-boost|p2a: Seviper|spe|1\n|\n|upkeep\n|turn|21\n|inactive|Time left: 300 sec this turn | 300 sec total\n|\n|t:|1783541081\n|move|p2a: Seviper|Gunk Shot|p1a: Lucario\n|-damage|p1a: Lucario|0 fnt\n|faint|p1a: Lucario\n|\n|upkeep\n|inactive|Time left: 300 sec this turn | 300 sec total | 5 sec grace\n|\n|t:|1783541082\n|switch|p1a: Bruxish|Bruxish, L85, F|36/254\n|turn|22\n|inactive|Time left: 300 sec this turn | 300 sec total\n|\n|t:|1783541083\n|move|p2a: Seviper|Earthquake|p1a: Bruxish\n|-damage|p1a: Bruxish|0 fnt\n|faint|p1a: Bruxish\n|\n|win|p0y134157f", "uploadtime": 1783541083, "views": 0, "rating": 0, "private": 0, "password": null, "_winner": "p0y134157f", "_our_name": "p0x1345fe5"}