{"id": "battle-gen9randombattle-28", "formatid": "gen9randombattle", "format": "[Gen 9] Random Battle", "players": ["p0x02862ca", "p0y028e869"], "log": "|init|battle\n|title|p0x02862ca vs. p0y028e869\n|j|\u2606p0x02862ca\n|j|\u2606p0y028e869\n|t:|1783539481\n|gametype|singles\n|player|p1|p0x02862ca|102|\n|player|p2|p0y028e869|265|\n|gen|9\n|tier|[Gen 9] Random Battle\n|rule|Species Clause: Limit one of each Pok\u00e9mon\n|rule|HP Percentage Mod: HP is shown in percentages\n|rule|Sleep Clause Mod: Limit one foe put to sleep\n|rule|Illusion Level Mod: Illusion disguises the Pok\u00e9mon's true level\n|\n|t:|1783539481\n|teamsize|p1|6\n|teamsize|p2|6\n|start\n|switch|p1a: Articuno|Articuno, L86|295/295\n|switch|p2a: Toedscruel|Toedscruel, L87, F|100/100\n|-ability|p1a: Articuno|Pressure\n|turn|1\n|inactive|Battle timer is ON: inactive players will automatically lose when time's up. (requested by p0y028e869)\n|inactive|Time left: 300 sec this turn | 300 sec total | 60 sec grace\n|\n|t:|1783539483\n|switch|p2a: Bronzong|Bronzong, L88|100/100\n|move|p1a: Articuno|Freeze-Dry|p2a: Bronzong\n|-resisted|p2a: Bronzong\n|-damage|p2a: Bronzong|89/100\n|\n|-heal|p2a: Bronzong|96/100|[from] item: Leftovers\n|upkeep\n|turn|2\n|inactive|Time left: 300 sec this turn | 300 sec total\n|inactive|p0x02862ca also wants the timer to be on.\n|\n|t:|1783539484\n|move|p1a: Articuno|U-turn|p2a: Bronzong\n|-damage|p2a: Bronzong|81/100\n|inactive|Time left: 300 sec this turn | 300 sec total | 5 sec grace\n|\n|t:|1783539485\n|switch|p1a: Bellibolt|Bellibolt, L84, F|320/320|[from] U-turn\n|move|p2a: Bronzong|Iron Head|p1a: Bellibolt\n|-resisted|p1a: Bellibolt\n|-crit|p1a: Bellibolt\n|-damage|p1a: Bellibolt|257/320\n|-start|p1a: Bellibolt|Charge|Iron Head|[from] ability: Electromorphosis\n|\n|-heal|p1a: Bellibolt|277/320|[from] item: Leftovers\n|-heal|p2a: Bronzong|87/100|[from] item: Leftovers\n|upkeep\n|turn|3\n|inactive|Time left: 300 sec this turn | 300 sec total\n|\n|t:|1783539487\n|switch|p2a: Toedscruel|Toedscruel, L87, F|100/100\n|move|p1a: Bellibolt|Thunderbolt|p2a: Toedscruel\n|-immune|p2a: Toedscruel\n|-end|p1a: Bellibolt|Charge|[silent]\n|\n|-heal|p1a: Bellibolt|297/320|[from] item: Leftovers\n|upkeep\n|turn|4\n|inactive|Time left: 300 sec this turn | 300 sec total\n|\n|t:|1783539488\n|move|p2a: Toedscruel|Knock Off|p1a: Bellibolt\n|-damage|p1a: Bellibolt|240/320\n|-start|p1a: Bellibolt|Charge|Knock Off|[from] ability: Electromorphosis\n|-enditem|p1a: Bellibolt|Leftovers|[from] move: Knock Off|[of] p2a: Toedscruel\n|move|p1a: Bellibolt|Thunderbolt|p2a: Toedscruel\n|-immune|p2a: Toedscruel\n|-end|p1a: Bellibolt|Charge|[silent]\n|\n|upkeep\n|turn|5\n|inactive|Time left: 300 sec this turn | 300 sec total\n|\n|t:|1783539489\n|move|p2a: Toedscruel|Earth Power|p1a: Bellibolt\n|-supereffective|p1a: Bellibolt\n|-damage|p1a: Bellibolt|60/320\n|-start|p1a: Bellibolt|Charge|Earth Power|[from] ability: Electromorphosis\n|move|p1a: Bellibolt|Slack Off|p1a: Bellibolt\n|-heal|p1a: Bellibolt|220/320\n|\n|upkeep\n|turn|6\n|inactive|Time left: 300 sec this turn | 300 sec total\n|\n|t:|1783539490\n|move|p2a: Toedscruel|Earth Power|p1a: Bellibolt\n|-supereffective|p1a: Bellibolt\n|-damage|p1a: Bellibolt|22/320\n|-start|p1a: Bellibolt|Charge|Earth Power|[from] ability: Electromorphosis\n|move|p1a: Bellibolt|Slack Off|p1a: Bellibolt\n|-heal|p1a: Bellibolt|182/320\n|\n|upkeep\n|turn|7\n|inactive|Time left: 300 sec this turn | 300 sec total\n|\n|t:|1783539491\n|switch|p1a: Articuno|Articuno, L86|295/295\n|-ability|p1a: Articuno|Pressure\n|move|p2a: Toedscruel|Earth Power|p1a: Articuno\n|-immune|p1a: Articuno\n|\n|upkeep\n|turn|8\n|inactive|Time left: 300 sec this turn | 300 sec total\n|\n|t:|1783539492\n|switch|p2a: Bronzong|Bronzong, L88|87/100\n|move|p1a: Articuno|Brave Bird|p2a: Bronzong\n|-resisted|p2a: Bronzong\n|-damage|p2a: Bronzong|70/100\n|-damage|p1a: Articuno|280/295|[from] Recoil\n|\n|-heal|p2a: Bronzong|76/100|[from] item: Leftovers\n|upkeep\n|turn|9\n|inactive|Time left: 300 sec this turn | 300 sec total\n|\n|t:|1783539493\n|move|p1a: Articuno|Freeze-Dry|p2a: Bronzong\n|-resisted|p2a: Bronzong\n|-damage|p2a: Bronzong|64/100\n|move|p2a: Bronzong|Psychic|p1a: Articuno\n|-damage|p1a: Articuno|217/295\n|\n|-heal|p2a: Bronzong|71/100|[from] item: Leftovers\n|upkeep\n|turn|10\n|inactive|Time left: 300 sec this turn | 300 sec total\n|\n|t:|1783539494\n|move|p1a: Articuno|Freeze-Dry|p2a: Bronzong\n|-resisted|p2a: Bronzong\n|-damage|p2a: Bronzong|59/100\n|move|p2a: Bronzong|Iron Head|p1a: Articuno\n|-supereffective|p1a: Articuno\n|-damage|p1a: Articuno|67/295\n|\n|-heal|p2a: Bronzong|65/100|[from] item: Leftovers\n|upkeep\n|turn|11\n|inactive|Time left: 300 sec this turn | 300 sec total\n|\n|t:|1783539495\n|move|p1a: Articuno|Roost|p1a: Articuno\n|-heal|p1a: Articuno|215/295\n|-singleturn|p1a: Articuno|move: Roost\n|move|p2a: Bronzong|Iron Head|p1a: Articuno\n|-supereffective|p1a: Articuno\n|-damage|p1a: Articuno|69/295\n|\n|-heal|p2a: Bronzong|71/100|[from] item: Leftovers\n|upkeep\n|turn|12\n|inactive|Time left: 300 sec this turn | 300 sec total\n|\n|t:|1783539496\n|move|p1a: Articuno|Roost|p1a: Articuno\n|-heal|p1a: Articuno|217/295\n|-singleturn|p1a: Articuno|move: Roost\n|move|p2a: Bronzong|Iron Head|p1a: Articuno\n|-supereffective|p1a: Articuno\n|-damage|p1a: Articuno|59/295\n|\n|-heal|p2a: Bronzong|78/100|[from] item: Leftovers\n|upkeep\n|turn|13\n|inactive|Time left: 300 sec this turn | 300 sec total\n|\n|t:|1783539497\n|move|p1a: Articuno|Roost|p1a: Articuno\n|-heal|p1a: Articuno|207/295\n|-singleturn|p1a: Articuno|move: Roost\n|move|p2a: Bronzong|Iron Head|p1a: Articuno\n|-supereffective|p1a: Articuno\n|-damage|p1a: Articuno|61/295\n|\n|-heal|p2a: Bronzong|84/100|[from] item: Leftovers\n|upkeep\n|turn|14\n|inactive|Time left: 300 sec this turn | 300 sec total\n|\n|t:|1783539498\n|move|p1a: Articuno|Roost|p1a: Articuno\n|-heal|p1a: Articuno|209/295\n|-singleturn|p1a: Articuno|move: Roost\n|move|p2a: Bronzong|Iron Head|p1a: Articuno\n|-supereffective|p1a: Articuno\n|-damage|p1a: Articuno|53/295\n|\n|-heal|p2a: Bronzong|90/100|[from] item: Leftovers\n|upkeep\n|turn|15\n|inactive|Time left: 300 sec this turn | 300 sec total\n|\n|t:|1783539499\n|move|p1a: Articuno|Roost|p1a: Articuno\n|-heal|p1a: Articuno|201/295\n|-singleturn|p1a: Articuno|move: Roost\n|move|p2a: Bronzong|Iron Head|p1a: Articuno\n|-supereffective|p1a: Articuno\n|-damage|p1a: Articuno|39/295\n|\n|-heal|p2a: Bronzong|96/100|[from] item: Leftovers\n|upkeep\n|turn|16\n|inactive|Time left: 300 sec this turn | 300 sec total\n|\n|t:|1783539501\n|move|p1a: Articuno|Roost|p1a: Articuno\n|-heal|p1a: Articuno|187/295\n|-singleturn|p1a: Articuno|move: Roost\n|move|p2a: Bronzong|Iron Head|p1a: Articuno\n|-supereffective|p1a: Articuno\n|-damage|p1a: Articuno|23/295\n|\n|-heal|p2a: Bronzong|100/100|[from] item: Leftovers\n|upkeep\n|turn|17\n|inactive|Time left: 300 sec this turn | 300 sec total\n|\n|t:|1783539502\n|move|p1a: Articuno|Roost|p1a: Articuno\n|-heal|p1a: Articuno|171/295\n|-singleturn|p1a: Articuno|move: Roost\n|move|p2a: Bronzong|Iron Head|p1a: Articuno\n|-supereffective|p1a: Articuno\n|-damage|p1a: Articuno|21/295\n|\n|upkeep\n|turn|18\n|inactive|Time left: 300 sec this turn | 300 sec total\n|\n|t:|1783539503\n|move|p1a: Articuno|Roost|p1a: Articuno\n|-heal|p1a: Articuno|169/295\n|-singleturn|p1a: Articuno|move: Roost\n|move|p2a: Bronzong|Iron Head|p1a: Articuno\n|-supereffective|p1a: Articuno\n|-damage|p1a: Articuno|11/295\n|\n|upkeep\n|turn|19\n|inactive|Time left: 300 sec this turn | 300 sec total\n|\n|t:|1783539504\n|move|p1a: Articuno|U-turn|p2a: Bronzong\n|-damage|p2a: Bronzong|86/100\n|inactive|Time left: 300 sec this turn | 300 sec total | 5 sec grace\n|\n|t:|1783539505\n|switch|p1a: Salamence|Salamence, L77, F|273/273|[from] U-turn\n|move|p2a: Bronzong|Psychic|p1a: Salamence\n|-damage|p1a: Salamence|170/273\n|\n|-heal|p2a: Bronzong|92/100|[from] item: Leftovers\n|upkeep\n|turn|20\n|inactive|Time left: 300 sec this turn | 300 sec total\n|\n|t:|1783539506\n|move|p1a: Salamence|Dragon Dance|p1a: Salamence\n|-boost|p1a: Salamence|atk|1\n|-boost|p1a: Salamence|spe|1\n|move|p2a: Bronzong|Psychic|p1a: Salamence\n|-damage|p1a: Salamence|67/273\n|\n|-heal|p2a: Bronzong|98/100|[from] item: Leftovers\n|upkeep\n|turn|21\n|inactive|Time left: 300 sec this turn | 300 sec total\n|\n|t:|1783539508\n|move|p1a: Salamence|Roost|p1a: Salamence\n|-heal|p1a: Salamence|204/273\n|-singleturn|p1a: Salamence|move: Roost\n|move|p2a: Bronzong|Iron Head|p1a: Salamence\n|-damage|p1a: Salamence|99/273\n|\n|-heal|p2a: Bronzong|100/100|[from] item: Leftovers\n|upkeep\n|turn|22\n|inactive|Time left: 300 sec this turn | 300 sec total\n|\n|t:|1783539509\n|move|p1a: Salamence|Roost|p1a: Salamence\n|-heal|p1a: Salamence|236/273\n|-singleturn|p1a: Salamence|move: Roost\n|move|p2a: Bronzong|Psychic|p1a: Salamence\n|-damage|p1a: Salamence|133/273\n|-unboost|p1a: Salamence|spd|1\n|\n|upkeep\n|turn|23\n|inactive|Time left: 300 sec this turn | 300 sec total\n|\n|t:|1783539510\n|move|p1a: Salamence|Roost|p1a: Salamence\n|-heal|p1a: Salamence|270/273\n|-singleturn|p1a: Salamence|move: Roost\n|move|p2a: Bronzong|Psychic|p1a: Salamence\n|-damage|p1a: Salamence|120/273\n|\n|upkeep\n|turn|24\n|inactive|Time left: 300 sec this turn | 300 sec total\n|\n|t:|1783539511\n|move|p1a: Salamence|Roost|p1a: Salamence\n|-heal|p1a: Salamence|257/273\n|-singleturn|p1a: Salamence|move: Roost\n|move|p2a: Bronzong|Psychic|p1a: Salamence\n|-damage|p1a: Salamence|94/273\n|-unboost|p1a: Salamence|spd|1\n|\n|upkeep\n|turn|25\n|inactive|Time left: 300 sec this turn | 300 sec total\n|\n|t:|1783539512\n|move|p1a: Salamence|Roost|p1a: Salamence\n|-heal|p1a: Salamence|231/273\n|-singleturn|p1a: Salamence|move: Roost\n|move|p2a: Bronzong|Psychic|p1a: Salamence\n|-damage|p1a: Salamence|39/273\n|-unboost|p1a: Salamence|spd|1\n|\n|upkeep\n|turn|26\n|inactive|Time left: 300 sec this turn | 300 sec total\n|\n|t:|1783539513\n|move|p1a: Salamence|Outrage|p2a: Bronzong\n|-resisted|p2a: Bronzong\n|-damage|p2a: Bronzong|68/100\n|move|p2a: Bronzong|Psychic|p1a: Salamence\n|-damage|p1a: Salamence|0 fnt\n|faint|p1a: Salamence\n|\n|-heal|p2a: Bronzong|74/100|[from] item: Leftovers\n|upkeep\n|inactive|Time left: 300 sec this turn | 300 sec total | 5 sec grace\n|\n|t:|1783539514\n|switch|p1a: Bellibolt|Bellibolt, L84, F|182/320\n|turn|27\n|inactive|Time left: 300 sec this turn | 300 sec total\n|\n|t:|1783539515\n|move|p1a: Bellibolt|Slack Off|p1a: Bellibolt\n|-heal|p1a: Bellibolt|320/320\n|move|p2a: Bronzong|Psychic|p1a: Bellibolt\n|-crit|p1a: Bellibolt\n|-damage|p1a: Bellibolt|176/320\n|-start|p1a: Bellibolt|Charge|Psychic|[from] ability: Electromorphosis\n|\n|-heal|p2a: Bronzong|81/100|[from] item: Leftovers\n|upkeep\n|turn|28\n|inactive|Time left: 300 sec this turn | 300 sec total\n|\n|t:|1783539516\n|move|p1a: Bellibolt|Thunderbolt|p2a: Bronzong\n|-damage|p2a: Bronzong|22/100\n|-end|p1a: Bellibolt|Charge|[silent]\n|move|p2a: Bronzong|Earthquake|p1a: Bellibolt\n|-supereffective|p1a: Bellibolt\n|-damage|p1a: Bellibolt|44/320\n|-start|p1a: Bellibolt|Charge|Earthquake|[from] ability: Electromorphosis\n|\n|-heal|p2a: Bronzong|28/100|[from] item: Leftovers\n|upkeep\n|turn|29\n|inactive|Time left: 300 sec this turn | 300 sec total\n|\n|t:|1783539517\n|switch|p2a: Toedscruel|Toedscruel, L87, F|100/100\n|move|p1a: Bellibolt|Thunderbolt|p2a: Toedscruel\n|-immune|p2a: Toedscruel\n|-end|p1a: Bellibolt|Charge|[silent]\n|\n|upkeep\n|turn|30\n|inactive|Time left: 300 sec this turn | 300 sec total\n|\n|t:|1783539518\n|move|p2a: Toedscruel|Earth Power|p1a: Bellibolt\n|-supereffective|p1a: Bellibolt\n|-damage|p1a: Bellibolt|0 fnt\n|faint|p1a: Bellibolt\n|\n|upkeep\n|inactive|Time left: 300 sec this turn | 300 sec total | 5 sec grace\n|\n|t:|1783539519\n|switch|p1a: Bruxish|Bruxish, L85, M|254/254\n|turn|31\n|inactive|Time left: 300 sec this turn | 300 sec total\n|\n|t:|1783539520\n|move|p1a: Bruxish|Psychic Fangs|p2a: Toedscruel\n|-damage|p2a: Toedscruel|32/100\n|move|p2a: Toedscruel|Leaf Storm|p1a: Bruxish\n|-supereffective|p1a: Bruxish\n|-damage|p1a: Bruxish|0 fnt\n|-unboost|p2a: Toedscruel|spa|2\n|faint|p1a: Bruxish\n|\n|upkeep\n|inactive|Time left: 300 sec this turn | 300 sec total | 5 sec grace\n|\n|t:|1783539522\n|switch|p1a: Cobalion|Cobalion, L80|277/277\n|turn|32\n|inactive|Time left: 300 sec this turn | 300 sec total\n|\n|t:|1783539523\n|switch|p2a: Dragalge|Dragalge, L88, M|100/100\n|move|p1a: Cobalion|Calm Mind|p1a: Cobalion\n|-boost|p1a: Cobalion|spa|1\n|-boost|p1a: Cobalion|spd|1\n|\n|upkeep\n|turn|33\n|inactive|Time left: 300 sec this turn | 300 sec total\n|\n|t:|1783539524\n|-terastallize|p2a: Dragalge|Fighting\n|move|p1a: Cobalion|Calm Mind|p1a: Cobalion\n|-boost|p1a: Cobalion|spa|1\n|-boost|p1a: Cobalion|spd|1\n|move|p2a: Dragalge|Focus Blast|p1a: Cobalion\n|-supereffective|p1a: Cobalion\n|-damage|p1a: Cobalion|57/277\n|-unboost|p1a: Cobalion|spd|1\n|\n|-heal|p1a: Cobalion|74/277|[from] item: Leftovers\n|upkeep\n|turn|34\n|inactive|Time left: 300 sec this turn | 300 sec total\n|\n|t:|1783539525\n|move|p1a: Cobalion|Flash Cannon|p2a: Dragalge\n|-damage|p2a: Dragalge|55/100\n|move|p2a: Dragalge|Focus Blast|p1a: Cobalion|[miss]\n|-miss|p2a: Dragalge|p1a: Cobalion\n|\n|-heal|p1a: Cobalion|91/277|[from] item: Leftovers\n|-heal|p2a: Dragalge|61/100|[from] item: Leftovers\n|upkeep\n|turn|35\n|inactive|Time left: 300 sec this turn | 300 sec total\n|\n|t:|1783539526\n|move|p1a: Cobalion|Flash Cannon|p2a: Dragalge\n|-damage|p2a: Dragalge|20/100\n|move|p2a: Dragalge|Focus Blast|p1a: Cobalion\n|-supereffective|p1a: Cobalion\n|-damage|p1a: Cobalion|0 fnt\n|faint|p1a: Cobalion\n|\n|-heal|p2a: Dragalge|26/100|[from] item: Leftovers\n|upkeep\n|inactive|Time left: 300 sec this turn | 300 sec total | 5 sec grace\n|\n|t:|1783539527\n|switch|p1a: Articuno|Articuno, L86|11/295\n|-ability|p1a: Articuno|Pressure\n|turn|36\n|inactive|Time left: 300 sec this turn | 300 sec total\n|\n|t:|1783539528\n|switch|p2a: Bronzong|Bronzong, L88|28/100\n|move|p1a: Articuno|Freeze-Dry|p2a: Bronzong\n|-resisted|p2a: Bronzong\n|-damage|p2a: Bronzong|16/100\n|\n|-heal|p2a: Bronzong|22/100|[from] item: Leftovers\n|upkeep\n|turn|37\n|inactive|Time left: 300 sec this turn | 300 sec total\n|\n|t:|1783539530\n|move|p1a: Articuno|Freeze-Dry|p2a: Bronzong\n|-resisted|p2a: Bronzong\n|-damage|p2a: Bronzong|12/100\n|move|p2a: Bronzong|Hypnosis|p1a: Articuno\n|-status|p1a: Articuno|slp|[from] move: Hypnosis\n|\n|-heal|p2a: Bronzong|18/100|[from] item: Leftovers\n|upkeep\n|turn|38\n|inactive|Time left: 300 sec this turn | 300 sec total\n|\n|t:|1783539531\n|switch|p1a: Pachirisu|Pachirisu, L96, M|271/271\n|move|p2a: Bronzong|Earthquake|p1a: Pachirisu\n|-supereffective|p1a: Pachirisu\n|-damage|p1a: Pachirisu|121/271\n|\n|-heal|p2a: Bronzong|24/100|[from] item: Leftovers\n|upkeep\n|turn|39\n|inactive|Time left: 300 sec this turn | 300 sec total\n|\n|t:|1783539532\n|-terastallize|p1a: Pachirisu|Flying\n|move|p1a: Pachirisu|Thunderbolt|p2a: Bronzong\n|-damage|p2a: Bronzong|2/100\n|move|p2a: Bronzong|Earthquake|p1a: Pachirisu\n|-immune|p1a: Pachirisu\n|\n|-heal|p2a: Bronzong|8/100|[from] item: Leftovers\n|upkeep\n|turn|40\n|inactive|Time left: 300 sec this turn | 300 sec total\n|\n|t:|1783539533\n|switch|p2a: Dialga|Dialga, L73|100/100\n|-ability|p2a: Dialga|Pressure\n|move|p1a: Pachirisu|Thunderbolt|p2a: Dialga\n|-resisted|p2a: Dialga\n|-damage|p2a: Dialga|87/100\n|\n|-heal|p2a: Dialga|93/100|[from] item: Leftovers\n|upkeep\n|turn|41\n|inactive|Time left: 300 sec this turn | 300 sec total\n|\n|t:|1783539534\n|move|p1a: Pachirisu|Nuzzle|p2a: Dialga\n|-resisted|p2a: Dialga\n|-damage|p2a: Dialga|91/100\n|-status|p2a: Dialga|par\n|move|p2a: Dialga|Heavy Slam|p1a: Pachirisu\n|-damage|p1a: Pachirisu|7/271\n|\n|-heal|p2a: Dialga|97/100 par|[from] item: Leftovers\n|upkeep\n|turn|42\n|inactive|Time left: 300 sec this turn | 300 sec total\n|\n|t:|1783539535\n|move|p1a: Pachirisu|Super Fang|p2a: Dialga\n|-damage|p2a: Dialga|49/100 par\n|move|p2a: Dialga|Heavy Slam|p1a: Pachirisu\n|-damage|p1a: Pachirisu|0 fnt\n|faint|p1a: Pachirisu\n|\n|-heal|p2a: Dialga|55/100 par|[from] item: Leftovers\n|upkeep\n|inactive|Time left: 300 sec this turn | 300 sec total | 5 sec grace\n|\n|t:|1783539536\n|switch|p1a: Articuno|Articuno, L86|11/295 slp\n|-ability|p1a: Articuno|Pressure\n|turn|43\n|inactive|Time left: 300 sec this turn | 300 sec total\n|\n|t:|1783539537\n|switch|p2a: Veluza|Veluza, L85, F|100/100\n|cant|p1a: Articuno|slp\n|\n|upkeep\n|turn|44\n|inactive|Time left: 300 sec this turn | 300 sec total\n|\n|t:|1783539538\n|-curestatus|p1a: Articuno|slp|[msg]\n|move|p1a: Articuno|Freeze-Dry|p2a: Veluza\n|-supereffective|p2a: Veluza\n|-damage|p2a: Veluza|34/100\n|move|p2a: Veluza|Night Slash|p1a: Articuno\n|-damage|p1a: Articuno|0 fnt\n|faint|p1a: Articuno\n|\n|win|p0y028e869", "uploadtime": 1783539538, "views": 0, "rating": 0, "private": 0, "password": null, "_winner": "p0y028e869", "_our_name": "p0x02862ca"}