{"id": "battle-gen9randombattle-1872", "formatid": "gen9randombattle", "format": "[Gen 9] Random Battle", "players": ["p0x1872c783", "p0y18722bb4"], "log": "|init|battle\n|title|p0x1872c783 vs. p0y18722bb4\n|j|\u2606p0x1872c783\n|j|\u2606p0y18722bb4\n|t:|1783561669\n|gametype|singles\n|player|p1|p0x1872c783|2|\n|player|p2|p0y18722bb4|265|\n|gen|9\n|tier|[Gen 9] Random Battle\n|rule|Species Clause: Limit one of each Pok\u00e9mon\n|rule|HP Percentage Mod: HP is shown in percentages\n|rule|Sleep Clause Mod: Limit one foe put to sleep\n|rule|Illusion Level Mod: Illusion disguises the Pok\u00e9mon's true level\n|\n|t:|1783561669\n|teamsize|p1|6\n|teamsize|p2|6\n|start\n|switch|p1a: Kleavor|Kleavor, L78, M|100/100\n|switch|p2a: Toedscruel|Toedscruel, L87, M|281/281\n|turn|1\n|inactive|Battle timer is ON: inactive players will automatically lose when time's up. (requested by p0y18722bb4)\n|\n|t:|1783561671\n|move|p2a: Toedscruel|Earth Power|p1a: Kleavor\n|-damage|p1a: Kleavor|53/100\n|move|p1a: Kleavor|X-Scissor|p2a: Toedscruel\n|-supereffective|p2a: Toedscruel\n|-damage|p2a: Toedscruel|0 fnt\n|faint|p2a: Toedscruel\n|\n|upkeep\n|inactive|Time left: 300 sec this turn | 300 sec total | 65 sec grace\n|inactive|p0x1872c783 also wants the timer to be on.\n|\n|t:|1783561672\n|switch|p2a: Dugtrio|Dugtrio, L84, F|196/196\n|turn|2\n|inactive|Time left: 300 sec this turn | 300 sec total\n|\n|t:|1783561673\n|move|p2a: Dugtrio|Stone Edge|p1a: Kleavor\n|-supereffective|p1a: Kleavor\n|-damage|p1a: Kleavor|0 fnt\n|faint|p1a: Kleavor\n|\n|upkeep\n|\n|t:|1783561674\n|switch|p1a: Girafarig|Girafarig, L89, F|100/100\n|turn|3\n|inactive|Time left: 300 sec this turn | 300 sec total\n|\n|t:|1783561675\n|switch|p2a: Spiritomb|Spiritomb, L89, F|234/234\n|move|p1a: Girafarig|Nasty Plot|p1a: Girafarig\n|-boost|p1a: Girafarig|spa|2\n|\n|upkeep\n|turn|4\n|inactive|Time left: 300 sec this turn | 300 sec total\n|\n|t:|1783561676\n|move|p1a: Girafarig|Thunderbolt|p2a: Spiritomb\n|-damage|p2a: Spiritomb|130/234\n|move|p2a: Spiritomb|Foul Play|p1a: Girafarig\n|-supereffective|p1a: Girafarig\n|-damage|p1a: Girafarig|58/100\n|\n|-heal|p2a: Spiritomb|144/234|[from] item: Leftovers\n|upkeep\n|turn|5\n|inactive|Time left: 300 sec this turn | 300 sec total\n|\n|t:|1783561678\n|-terastallize|p1a: Girafarig|Electric\n|move|p1a: Girafarig|Thunderbolt|p2a: Spiritomb\n|-damage|p2a: Spiritomb|0 fnt\n|faint|p2a: Spiritomb\n|\n|upkeep\n|inactive|Time left: 300 sec this turn | 300 sec total | 5 sec grace\n|\n|t:|1783561679\n|switch|p2a: Dugtrio|Dugtrio, L84, F|196/196\n|turn|6\n|inactive|Time left: 300 sec this turn | 300 sec total\n|\n|t:|1783561680\n|move|p2a: Dugtrio|Earthquake|p1a: Girafarig\n|-supereffective|p1a: Girafarig\n|-damage|p1a: Girafarig|0 fnt\n|faint|p1a: Girafarig\n|\n|upkeep\n|\n|t:|1783561681\n|switch|p1a: Oricorio|Oricorio, L84, F|100/100\n|turn|7\n|inactive|Time left: 300 sec this turn | 300 sec total\n|\n|t:|1783561682\n|switch|p2a: Ditto|Ditto, L87|235/235\n|move|p1a: Oricorio|Quiver Dance|p1a: Oricorio\n|-boost|p1a: Oricorio|spa|1\n|-boost|p1a: Oricorio|spd|1\n|-boost|p1a: Oricorio|spe|1\n|\n|upkeep\n|turn|8\n|inactive|Time left: 300 sec this turn | 300 sec total\n|\n|t:|1783561683\n|switch|p2a: Scream Tail|Scream Tail, L84|330/330\n|move|p1a: Oricorio|Revelation Dance|p2a: Scream Tail\n|-damage|p2a: Scream Tail|216/330\n|\n|-heal|p2a: Scream Tail|236/330|[from] item: Leftovers\n|upkeep\n|turn|9\n|inactive|Time left: 300 sec this turn | 300 sec total\n|\n|t:|1783561684\n|move|p1a: Oricorio|Revelation Dance|p2a: Scream Tail\n|-damage|p2a: Scream Tail|115/330\n|move|p2a: Scream Tail|Thunder Wave|p1a: Oricorio\n|-status|p1a: Oricorio|par\n|\n|-heal|p2a: Scream Tail|135/330|[from] item: Leftovers\n|upkeep\n|turn|10\n|inactive|Time left: 300 sec this turn | 300 sec total\n|\n|t:|1783561685\n|-end|p2a: Scream Tail|Protosynthesis|[silent]\n|switch|p2a: Dugtrio|Dugtrio, L84, F|196/196\n|move|p1a: Oricorio|Hurricane|p2a: Dugtrio|[miss]\n|-miss|p1a: Oricorio|p2a: Dugtrio\n|\n|upkeep\n|turn|11\n|inactive|Time left: 300 sec this turn | 300 sec total\n|\n|t:|1783561686\n|move|p2a: Dugtrio|Stone Edge|p1a: Oricorio\n|-supereffective|p1a: Oricorio\n|-damage|p1a: Oricorio|0 fnt\n|faint|p1a: Oricorio\n|\n|upkeep\n|\n|t:|1783561687\n|switch|p1a: Sandy Shocks|Sandy Shocks, L80|100/100\n|turn|12\n|inactive|Time left: 300 sec this turn | 300 sec total\n|\n|t:|1783561688\n|switch|p2a: Scream Tail|Scream Tail, L84|135/330\n|move|p1a: Sandy Shocks|Earth Power|p2a: Scream Tail\n|-damage|p2a: Scream Tail|45/330\n|\n|-heal|p2a: Scream Tail|65/330|[from] item: Leftovers\n|upkeep\n|turn|13\n|inactive|Time left: 300 sec this turn | 300 sec total\n|\n|t:|1783561688\n|-end|p2a: Scream Tail|Protosynthesis|[silent]\n|switch|p2a: Dugtrio|Dugtrio, L84, F|196/196\n|move|p1a: Sandy Shocks|Earth Power|p2a: Dugtrio\n|-damage|p2a: Dugtrio|67/196\n|\n|upkeep\n|turn|14\n|inactive|Time left: 300 sec this turn | 300 sec total\n|\n|t:|1783561689\n|move|p2a: Dugtrio|Earthquake|p1a: Sandy Shocks\n|-supereffective|p1a: Sandy Shocks\n|-damage|p1a: Sandy Shocks|0 fnt\n|faint|p1a: Sandy Shocks\n|-end|p1a: Sandy Shocks|Protosynthesis|[silent]\n|\n|upkeep\n|\n|t:|1783561690\n|switch|p1a: Samurott|Samurott, L88, M|100/100\n|turn|15\n|inactive|Time left: 300 sec this turn | 300 sec total\n|\n|t:|1783561691\n|move|p1a: Samurott|Aqua Jet|p2a: Dugtrio\n|-supereffective|p2a: Dugtrio\n|-crit|p2a: Dugtrio\n|-damage|p2a: Dugtrio|0 fnt\n|faint|p2a: Dugtrio\n|\n|upkeep\n|inactive|Time left: 300 sec this turn | 300 sec total | 5 sec grace\n|\n|t:|1783561692\n|switch|p2a: Scream Tail|Scream Tail, L84|65/330\n|turn|16\n|inactive|Time left: 300 sec this turn | 300 sec total\n|\n|t:|1783561693\n|move|p2a: Scream Tail|Thunder Wave|p1a: Samurott\n|-status|p1a: Samurott|par\n|cant|p1a: Samurott|par\n|\n|-heal|p2a: Scream Tail|85/330|[from] item: Leftovers\n|upkeep\n|turn|17\n|inactive|Time left: 300 sec this turn | 300 sec total\n|\n|t:|1783561694\n|move|p2a: Scream Tail|Wish|p2a: Scream Tail\n|move|p1a: Samurott|Hydro Pump|p2a: Scream Tail\n|-damage|p2a: Scream Tail|0 fnt\n|faint|p2a: Scream Tail\n|-end|p2a: Scream Tail|Protosynthesis|[silent]\n|\n|upkeep\n|inactive|Time left: 300 sec this turn | 300 sec total | 5 sec grace\n|\n|t:|1783561695\n|switch|p2a: Ditto|Ditto, L87|235/235\n|turn|18\n|inactive|Time left: 300 sec this turn | 300 sec total\n|\n|t:|1783561696\n|switch|p1a: Galvantula|Galvantula, L82, M|100/100\n|move|p2a: Ditto|Nasty Plot|p2a: Ditto\n|-boost|p2a: Ditto|spa|2\n|\n|upkeep\n|turn|19\n|inactive|Time left: 300 sec this turn | 300 sec total\n|\n|t:|1783561697\n|-terastallize|p2a: Ditto|Poison\n|move|p1a: Galvantula|Thunder|p2a: Ditto\n|-damage|p2a: Ditto|100/235\n|replace|p2a: Zoroark|Zoroark, L83, M\n|-end|p2a: Zoroark|Illusion\n|-hint|Illusion Level Mod is active, so this Pok\u00e9mon's true level was hidden.\n|move|p2a: Zoroark|Sludge Bomb|p1a: Galvantula\n|-damage|p1a: Galvantula|0 fnt\n|faint|p1a: Galvantula\n|-damage|p2a: Zoroark|77/235|[from] item: Life Orb\n|\n|upkeep\n|\n|t:|1783561698\n|switch|p1a: Samurott|Samurott, L88, M|100/100 par\n|turn|20\n|inactive|Time left: 300 sec this turn | 300 sec total\n|\n|t:|1783561699\n|move|p2a: Zoroark|Nasty Plot|p2a: Zoroark\n|-boost|p2a: Zoroark|spa|2\n|move|p1a: Samurott|Ice Beam|p2a: Zoroark\n|-damage|p2a: Zoroark|0 fnt\n|faint|p2a: Zoroark\n|\n|upkeep\n|inactive|Time left: 300 sec this turn | 300 sec total | 5 sec grace\n|\n|t:|1783561700\n|switch|p2a: Ditto|Ditto, L87|225/225\n|-transform|p2a: Ditto|p1a: Samurott|[from] ability: Imposter\n|turn|21\n|inactive|Time left: 300 sec this turn | 300 sec total\n|\n|t:|1783561701\n|move|p2a: Ditto|Grass Knot|p1a: Samurott\n|-supereffective|p1a: Samurott\n|-damage|p1a: Samurott|67/100 par\n|cant|p1a: Samurott|par\n|\n|upkeep\n|turn|22\n|inactive|Time left: 300 sec this turn | 300 sec total\n|\n|t:|1783561702\n|move|p2a: Ditto|Grass Knot|p1a: Samurott\n|-supereffective|p1a: Samurott\n|-damage|p1a: Samurott|35/100 par\n|move|p1a: Samurott|Ice Beam|p2a: Ditto\n|-resisted|p2a: Ditto\n|-damage|p2a: Ditto|185/225\n|\n|upkeep\n|turn|23\n|inactive|Time left: 300 sec this turn | 300 sec total\n|\n|t:|1783561703\n|move|p2a: Ditto|Grass Knot|p1a: Samurott\n|-supereffective|p1a: Samurott\n|-damage|p1a: Samurott|4/100 par\n|cant|p1a: Samurott|par\n|\n|upkeep\n|turn|24\n|inactive|Time left: 300 sec this turn | 300 sec total\n|\n|t:|1783561704\n|move|p2a: Ditto|Grass Knot|p1a: Samurott\n|-supereffective|p1a: Samurott\n|-damage|p1a: Samurott|0 fnt\n|faint|p1a: Samurott\n|\n|win|p0y18722bb4", "uploadtime": 1783561704, "views": 0, "rating": 0, "private": 0, "password": null, "_winner": "p0y18722bb4", "_our_name": "p0y18722bb4"}