{"id": "battle-gen9randombattle-163", "formatid": "gen9randombattle", "format": "[Gen 9] Random Battle", "players": ["p0x163fbcc", "p0y1634974"], "log": "|init|battle\n|title|p0x163fbcc vs. p0y1634974\n|j|\u2606p0x163fbcc\n|j|\u2606p0y1634974\n|t:|1783541031\n|gametype|singles\n|player|p1|p0x163fbcc|265|\n|player|p2|p0y1634974|266|\n|gen|9\n|tier|[Gen 9] Random Battle\n|rule|Species Clause: Limit one of each Pok\u00e9mon\n|rule|HP Percentage Mod: HP is shown in percentages\n|rule|Sleep Clause Mod: Limit one foe put to sleep\n|rule|Illusion Level Mod: Illusion disguises the Pok\u00e9mon's true level\n|\n|t:|1783541031\n|teamsize|p1|6\n|teamsize|p2|6\n|start\n|switch|p1a: Passimian|Passimian, L83, F|100/100\n|switch|p2a: Magcargo|Magcargo, L95, M|268/268\n|turn|1\n|inactive|Battle timer is ON: inactive players will automatically lose when time's up. (requested by p0y1634974)\n|\n|t:|1783541033\n|move|p1a: Passimian|Close Combat|p2a: Magcargo\n|-supereffective|p2a: Magcargo\n|-damage|p2a: Magcargo|0 fnt\n|-unboost|p1a: Passimian|def|1\n|-unboost|p1a: Passimian|spd|1\n|faint|p2a: Magcargo\n|\n|upkeep\n|inactive|Time left: 300 sec this turn | 300 sec total | 65 sec grace\n|inactive|p0x163fbcc also wants the timer to be on.\n|\n|t:|1783541034\n|switch|p2a: Grumpig|Grumpig, L92, F|297/297\n|turn|2\n|inactive|Time left: 300 sec this turn | 300 sec total\n|\n|t:|1783541034\n|switch|p1a: Bronzong|Bronzong, L88|100/100\n|move|p2a: Grumpig|Nasty Plot|p2a: Grumpig\n|-boost|p2a: Grumpig|spa|2\n|\n|upkeep\n|turn|3\n|inactive|Time left: 300 sec this turn | 300 sec total\n|\n|t:|1783541035\n|move|p2a: Grumpig|Nasty Plot|p2a: Grumpig\n|-boost|p2a: Grumpig|spa|2\n|move|p1a: Bronzong|Stealth Rock|p2a: Grumpig\n|-sidestart|p2: p0y1634974|move: Stealth Rock\n|\n|upkeep\n|turn|4\n|inactive|Time left: 300 sec this turn | 300 sec total\n|\n|t:|1783541036\n|switch|p1a: Florges|Florges-White, L85, F|100/100\n|move|p2a: Grumpig|Dazzling Gleam|p1a: Florges\n|-crit|p1a: Florges\n|-damage|p1a: Florges|37/100\n|\n|-heal|p1a: Florges|43/100|[from] item: Leftovers\n|upkeep\n|turn|5\n|inactive|Time left: 300 sec this turn | 300 sec total\n|\n|t:|1783541038\n|switch|p1a: Bronzong|Bronzong, L88|100/100\n|move|p2a: Grumpig|Earth Power|p1a: Bronzong\n|-immune|p1a: Bronzong|[from] ability: Levitate\n|\n|upkeep\n|turn|6\n|inactive|Time left: 300 sec this turn | 300 sec total\n|\n|t:|1783541039\n|move|p2a: Grumpig|Psychic|p1a: Bronzong\n|-resisted|p1a: Bronzong\n|-damage|p1a: Bronzong|77/100\n|move|p1a: Bronzong|Hypnosis|p2a: Grumpig|[miss]\n|-miss|p1a: Bronzong|p2a: Grumpig\n|\n|-heal|p1a: Bronzong|83/100|[from] item: Leftovers\n|upkeep\n|turn|7\n|inactive|Time left: 300 sec this turn | 300 sec total\n|\n|t:|1783541040\n|move|p2a: Grumpig|Dazzling Gleam|p1a: Bronzong\n|-resisted|p1a: Bronzong\n|-damage|p1a: Bronzong|54/100\n|move|p1a: Bronzong|Hypnosis|p2a: Grumpig|[miss]\n|-miss|p1a: Bronzong|p2a: Grumpig\n|\n|-heal|p1a: Bronzong|60/100|[from] item: Leftovers\n|upkeep\n|turn|8\n|inactive|Time left: 300 sec this turn | 300 sec total\n|\n|t:|1783541041\n|move|p2a: Grumpig|Psychic|p1a: Bronzong\n|-resisted|p1a: Bronzong\n|-crit|p1a: Bronzong\n|-damage|p1a: Bronzong|22/100\n|move|p1a: Bronzong|Hypnosis|p2a: Grumpig\n|-status|p2a: Grumpig|slp|[from] move: Hypnosis\n|\n|-heal|p1a: Bronzong|28/100|[from] item: Leftovers\n|upkeep\n|turn|9\n|inactive|Time left: 300 sec this turn | 300 sec total\n|\n|t:|1783541042\n|cant|p2a: Grumpig|slp\n|move|p1a: Bronzong|Iron Head|p2a: Grumpig\n|-crit|p2a: Grumpig\n|-damage|p2a: Grumpig|138/297 slp\n|\n|-heal|p2a: Grumpig|156/297 slp|[from] item: Leftovers\n|-heal|p1a: Bronzong|34/100|[from] item: Leftovers\n|upkeep\n|turn|10\n|inactive|Time left: 300 sec this turn | 300 sec total\n|\n|t:|1783541043\n|cant|p2a: Grumpig|slp\n|move|p1a: Bronzong|Iron Head|p2a: Grumpig\n|-damage|p2a: Grumpig|51/297 slp\n|\n|-heal|p2a: Grumpig|69/297 slp|[from] item: Leftovers\n|-heal|p1a: Bronzong|40/100|[from] item: Leftovers\n|upkeep\n|turn|11\n|inactive|Time left: 300 sec this turn | 300 sec total\n|\n|t:|1783541045\n|cant|p2a: Grumpig|slp\n|move|p1a: Bronzong|Iron Head|p2a: Grumpig\n|-damage|p2a: Grumpig|0 fnt\n|faint|p2a: Grumpig\n|\n|-heal|p1a: Bronzong|46/100|[from] item: Leftovers\n|upkeep\n|inactive|Time left: 300 sec this turn | 300 sec total | 5 sec grace\n|\n|t:|1783541046\n|switch|p2a: Skeledirge|Skeledirge, L79, F|294/294\n|turn|12\n|inactive|Time left: 300 sec this turn | 300 sec total\n|\n|t:|1783541047\n|switch|p1a: Coalossal|Coalossal, L89, M|100/100\n|move|p2a: Skeledirge|Torch Song|p1a: Coalossal\n|-resisted|p1a: Coalossal\n|-crit|p1a: Coalossal\n|-damage|p1a: Coalossal|92/100\n|-boost|p2a: Skeledirge|spa|1\n|\n|upkeep\n|turn|13\n|inactive|Time left: 300 sec this turn | 300 sec total\n|\n|t:|1783541048\n|move|p2a: Skeledirge|Torch Song|p1a: Coalossal\n|-resisted|p1a: Coalossal\n|-damage|p1a: Coalossal|83/100\n|-boost|p2a: Skeledirge|spa|1\n|move|p1a: Coalossal|Stone Edge|p2a: Skeledirge\n|-supereffective|p2a: Skeledirge\n|-damage|p2a: Skeledirge|88/294\n|\n|upkeep\n|turn|14\n|inactive|Time left: 300 sec this turn | 300 sec total\n|\n|t:|1783541050\n|move|p2a: Skeledirge|Slack Off|p2a: Skeledirge\n|-heal|p2a: Skeledirge|235/294\n|move|p1a: Coalossal|Stone Edge|p2a: Skeledirge\n|-supereffective|p2a: Skeledirge\n|-damage|p2a: Skeledirge|25/294\n|\n|upkeep\n|turn|15\n|inactive|Time left: 300 sec this turn | 300 sec total\n|\n|t:|1783541051\n|move|p2a: Skeledirge|Slack Off|p2a: Skeledirge\n|-heal|p2a: Skeledirge|172/294\n|move|p1a: Coalossal|Stone Edge|p2a: Skeledirge\n|-supereffective|p2a: Skeledirge\n|-damage|p2a: Skeledirge|0 fnt\n|faint|p2a: Skeledirge\n|\n|upkeep\n|inactive|Time left: 300 sec this turn | 300 sec total | 5 sec grace\n|\n|t:|1783541052\n|switch|p2a: Toedscruel|Toedscruel, L87, M|281/281\n|-damage|p2a: Toedscruel|264/281|[from] Stealth Rock\n|turn|16\n|inactive|Time left: 300 sec this turn | 300 sec total\n|\n|t:|1783541053\n|switch|p1a: Bronzong|Bronzong, L88|46/100\n|move|p2a: Toedscruel|Rapid Spin|p1a: Bronzong\n|-resisted|p1a: Bronzong\n|-damage|p1a: Bronzong|42/100\n|-boost|p2a: Toedscruel|spe|1\n|-sideend|p2: p0y1634974|Stealth Rock|[from] move: Rapid Spin|[of] p2a: Toedscruel\n|\n|-heal|p2a: Toedscruel|281/281|[from] item: Leftovers\n|-heal|p1a: Bronzong|48/100|[from] item: Leftovers\n|upkeep\n|turn|17\n|inactive|Time left: 300 sec this turn | 300 sec total\n|\n|t:|1783541054\n|move|p1a: Bronzong|Hypnosis|p2a: Toedscruel|[miss]\n|-miss|p1a: Bronzong|p2a: Toedscruel\n|move|p2a: Toedscruel|Spore|p1a: Bronzong\n|-status|p1a: Bronzong|slp|[from] move: Spore\n|\n|-heal|p1a: Bronzong|54/100 slp|[from] item: Leftovers\n|upkeep\n|turn|18\n|inactive|Time left: 300 sec this turn | 300 sec total\n|\n|t:|1783541055\n|switch|p1a: Florges|Florges-White, L85, F|43/100\n|move|p2a: Toedscruel|Giga Drain|p1a: Florges\n|-damage|p1a: Florges|26/100\n|\n|-heal|p1a: Florges|32/100|[from] item: Leftovers\n|upkeep\n|turn|19\n|inactive|Time left: 300 sec this turn | 300 sec total\n|\n|t:|1783541056\n|move|p2a: Toedscruel|Rapid Spin|p1a: Florges\n|-damage|p1a: Florges|19/100\n|-boost|p2a: Toedscruel|spe|1\n|move|p1a: Florges|Synthesis|p1a: Florges\n|-heal|p1a: Florges|68/100\n|\n|-heal|p1a: Florges|74/100|[from] item: Leftovers\n|upkeep\n|turn|20\n|inactive|Time left: 300 sec this turn | 300 sec total\n|\n|t:|1783541056\n|move|p2a: Toedscruel|Earth Power|p1a: Florges\n|-damage|p1a: Florges|52/100\n|move|p1a: Florges|Calm Mind|p1a: Florges\n|-boost|p1a: Florges|spa|1\n|-boost|p1a: Florges|spd|1\n|\n|-heal|p1a: Florges|58/100|[from] item: Leftovers\n|upkeep\n|turn|21\n|inactive|Time left: 300 sec this turn | 300 sec total\n|\n|t:|1783541057\n|move|p2a: Toedscruel|Earth Power|p1a: Florges\n|-damage|p1a: Florges|44/100\n|move|p1a: Florges|Moonblast|p2a: Toedscruel\n|-damage|p2a: Toedscruel|143/281\n|-unboost|p2a: Toedscruel|spa|1\n|\n|-heal|p2a: Toedscruel|160/281|[from] item: Leftovers\n|-heal|p1a: Florges|50/100|[from] item: Leftovers\n|upkeep\n|turn|22\n|inactive|Time left: 300 sec this turn | 300 sec total\n|\n|t:|1783541058\n|switch|p2a: Rillaboom|Rillaboom, L79, M|288/288\n|-fieldstart|move: Grassy Terrain|[from] ability: Grassy Surge|[of] p2a: Rillaboom\n|move|p1a: Florges|Moonblast|p2a: Rillaboom\n|-damage|p2a: Rillaboom|66/288\n|\n|-heal|p2a: Rillaboom|84/288|[from] Grassy Terrain\n|-heal|p1a: Florges|55/100|[from] Grassy Terrain\n|-heal|p1a: Florges|61/100|[from] item: Leftovers\n|upkeep\n|turn|23\n|inactive|Time left: 300 sec this turn | 300 sec total\n|\n|t:|1783541059\n|switch|p1a: Passimian|Passimian, L83, F|100/100\n|move|p2a: Rillaboom|Wood Hammer|p1a: Passimian\n|-damage|p1a: Passimian|24/100\n|-damage|p2a: Rillaboom|8/288|[from] Recoil\n|-damage|p2a: Rillaboom|0 fnt|[from] item: Life Orb\n|faint|p2a: Rillaboom\n|\n|-heal|p1a: Passimian|30/100|[from] Grassy Terrain\n|upkeep\n|inactive|Time left: 300 sec this turn | 300 sec total | 5 sec grace\n|\n|t:|1783541060\n|switch|p2a: Toedscruel|Toedscruel, L87, M|160/281\n|turn|24\n|inactive|Time left: 300 sec this turn | 300 sec total\n|\n|t:|1783541061\n|switch|p1a: Florges|Florges-White, L85, F|61/100\n|move|p2a: Toedscruel|Giga Drain|p1a: Florges\n|-damage|p1a: Florges|41/100\n|-heal|p2a: Toedscruel|188/281|[from] drain|[of] p1a: Florges\n|\n|-heal|p2a: Toedscruel|205/281|[from] Grassy Terrain\n|-heal|p2a: Toedscruel|222/281|[from] item: Leftovers\n|-heal|p1a: Florges|47/100|[from] Grassy Terrain\n|-heal|p1a: Florges|53/100|[from] item: Leftovers\n|upkeep\n|turn|25\n|inactive|Time left: 300 sec this turn | 300 sec total\n|\n|t:|1783541061\n|move|p2a: Toedscruel|Rapid Spin|p1a: Florges\n|-damage|p1a: Florges|39/100\n|-boost|p2a: Toedscruel|spe|1\n|move|p1a: Florges|Calm Mind|p1a: Florges\n|-boost|p1a: Florges|spa|1\n|-boost|p1a: Florges|spd|1\n|\n|-heal|p2a: Toedscruel|239/281|[from] Grassy Terrain\n|-heal|p2a: Toedscruel|256/281|[from] item: Leftovers\n|-heal|p1a: Florges|45/100|[from] Grassy Terrain\n|-heal|p1a: Florges|51/100|[from] item: Leftovers\n|upkeep\n|turn|26\n|inactive|Time left: 300 sec this turn | 300 sec total\n|\n|t:|1783541062\n|move|p2a: Toedscruel|Rapid Spin|p1a: Florges\n|-damage|p1a: Florges|37/100\n|-boost|p2a: Toedscruel|spe|1\n|move|p1a: Florges|Moonblast|p2a: Toedscruel\n|-damage|p2a: Toedscruel|127/281\n|\n|-heal|p2a: Toedscruel|144/281|[from] Grassy Terrain\n|-heal|p2a: Toedscruel|161/281|[from] item: Leftovers\n|-heal|p1a: Florges|43/100|[from] Grassy Terrain\n|-heal|p1a: Florges|49/100|[from] item: Leftovers\n|-fieldend|move: Grassy Terrain\n|upkeep\n|turn|27\n|inactive|Time left: 300 sec this turn | 300 sec total\n|\n|t:|1783541063\n|move|p2a: Toedscruel|Rapid Spin|p1a: Florges\n|-damage|p1a: Florges|35/100\n|-boost|p2a: Toedscruel|spe|1\n|move|p1a: Florges|Moonblast|p2a: Toedscruel\n|-damage|p2a: Toedscruel|34/281\n|\n|-heal|p2a: Toedscruel|51/281|[from] item: Leftovers\n|-heal|p1a: Florges|41/100|[from] item: Leftovers\n|upkeep\n|turn|28\n|inactive|Time left: 300 sec this turn | 300 sec total\n|\n|t:|1783541065\n|move|p2a: Toedscruel|Giga Drain|p1a: Florges\n|-damage|p1a: Florges|31/100\n|-heal|p2a: Toedscruel|65/281|[from] drain|[of] p1a: Florges\n|move|p1a: Florges|Synthesis|p1a: Florges\n|-heal|p1a: Florges|81/100\n|\n|-heal|p2a: Toedscruel|82/281|[from] item: Leftovers\n|-heal|p1a: Florges|86/100|[from] item: Leftovers\n|upkeep\n|turn|29\n|inactive|Time left: 300 sec this turn | 300 sec total\n|\n|t:|1783541066\n|move|p2a: Toedscruel|Rapid Spin|p1a: Florges\n|-damage|p1a: Florges|74/100\n|-boost|p2a: Toedscruel|spe|1\n|move|p1a: Florges|Moonblast|p2a: Toedscruel\n|-damage|p2a: Toedscruel|0 fnt\n|faint|p2a: Toedscruel\n|\n|-heal|p1a: Florges|80/100|[from] item: Leftovers\n|upkeep\n|inactive|Time left: 300 sec this turn | 300 sec total | 5 sec grace\n|\n|t:|1783541066\n|switch|p2a: Lunala|Lunala, L70|308/308\n|turn|30\n|inactive|Time left: 300 sec this turn | 300 sec total\n|\n|t:|1783541067\n|move|p2a: Lunala|Calm Mind|p2a: Lunala\n|-boost|p2a: Lunala|spa|1\n|-boost|p2a: Lunala|spd|1\n|move|p1a: Florges|Moonblast|p2a: Lunala\n|-damage|p2a: Lunala|251/308\n|\n|-heal|p2a: Lunala|270/308|[from] item: Leftovers\n|-heal|p1a: Florges|86/100|[from] item: Leftovers\n|upkeep\n|turn|31\n|inactive|Time left: 300 sec this turn | 300 sec total\n|\n|t:|1783541069\n|move|p2a: Lunala|Calm Mind|p2a: Lunala\n|-boost|p2a: Lunala|spa|1\n|-boost|p2a: Lunala|spd|1\n|move|p1a: Florges|Calm Mind|p1a: Florges\n|-boost|p1a: Florges|spa|1\n|-boost|p1a: Florges|spd|1\n|\n|-heal|p2a: Lunala|289/308|[from] item: Leftovers\n|-heal|p1a: Florges|92/100|[from] item: Leftovers\n|upkeep\n|turn|32\n|inactive|Time left: 300 sec this turn | 300 sec total\n|\n|t:|1783541070\n|move|p2a: Lunala|Psyshock|p1a: Florges\n|-damage|p1a: Florges|22/100\n|move|p1a: Florges|Moonblast|p2a: Lunala\n|-damage|p2a: Lunala|180/308\n|\n|-heal|p2a: Lunala|199/308|[from] item: Leftovers\n|-heal|p1a: Florges|28/100|[from] item: Leftovers\n|upkeep\n|turn|33\n|inactive|Time left: 300 sec this turn | 300 sec total\n|\n|t:|1783541071\n|move|p2a: Lunala|Psyshock|p1a: Florges\n|-damage|p1a: Florges|0 fnt\n|faint|p1a: Florges\n|\n|-heal|p2a: Lunala|218/308|[from] item: Leftovers\n|upkeep\n|\n|t:|1783541072\n|switch|p1a: Passimian|Passimian, L83, F|30/100\n|turn|34\n|inactive|Time left: 300 sec this turn | 300 sec total\n|\n|t:|1783541073\n|-terastallize|p2a: Lunala|Fairy\n|move|p1a: Passimian|Knock Off|p2a: Lunala\n|-resisted|p2a: Lunala\n|-damage|p2a: Lunala|144/308\n|-enditem|p2a: Lunala|Leftovers|[from] move: Knock Off|[of] p1a: Passimian\n|move|p2a: Lunala|Moonlight|p2a: Lunala\n|-heal|p2a: Lunala|298/308\n|\n|upkeep\n|turn|35\n|inactive|Time left: 300 sec this turn | 300 sec total\n|\n|t:|1783541074\n|switch|p1a: Bronzong|Bronzong, L88|54/100 slp\n|move|p2a: Lunala|Moongeist Beam|p1a: Bronzong\n|-supereffective|p1a: Bronzong\n|-damage|p1a: Bronzong|0 fnt\n|faint|p1a: Bronzong\n|\n|upkeep\n|\n|t:|1783541075\n|switch|p1a: Passimian|Passimian, L83, F|30/100\n|turn|36\n|inactive|Time left: 300 sec this turn | 300 sec total\n|\n|t:|1783541075\n|move|p1a: Passimian|Gunk Shot|p2a: Lunala|[miss]\n|-miss|p1a: Passimian|p2a: Lunala\n|move|p2a: Lunala|Moongeist Beam|p1a: Passimian\n|-damage|p1a: Passimian|0 fnt\n|faint|p1a: Passimian\n|\n|upkeep\n|\n|t:|1783541076\n|switch|p1a: Bellibolt|Bellibolt, L84, F|100/100\n|turn|37\n|inactive|Time left: 300 sec this turn | 300 sec total\n|\n|t:|1783541077\n|move|p2a: Lunala|Moongeist Beam|p1a: Bellibolt\n|-damage|p1a: Bellibolt|34/100\n|-start|p1a: Bellibolt|Charge|Moongeist Beam|[from] ability: Electromorphosis\n|move|p1a: Bellibolt|Toxic|p2a: Lunala\n|-status|p2a: Lunala|tox\n|\n|-heal|p1a: Bellibolt|40/100|[from] item: Leftovers\n|-damage|p2a: Lunala|279/308 tox|[from] psn\n|upkeep\n|turn|38\n|inactive|Time left: 300 sec this turn | 300 sec total\n|\n|t:|1783541078\n|move|p2a: Lunala|Moongeist Beam|p1a: Bellibolt\n|-damage|p1a: Bellibolt|0 fnt\n|faint|p1a: Bellibolt\n|\n|-damage|p2a: Lunala|241/308 tox|[from] psn\n|upkeep\n|\n|t:|1783541079\n|switch|p1a: Coalossal|Coalossal, L89, M|83/100\n|turn|39\n|inactive|Time left: 300 sec this turn | 300 sec total\n|\n|t:|1783541080\n|-terastallize|p1a: Coalossal|Water\n|move|p2a: Lunala|Moonlight|p2a: Lunala\n|-heal|p2a: Lunala|308/308 tox\n|move|p1a: Coalossal|Stone Edge|p2a: Lunala\n|-damage|p2a: Lunala|245/308 tox\n|\n|-damage|p2a: Lunala|188/308 tox|[from] psn\n|upkeep\n|turn|40\n|inactive|Time left: 300 sec this turn | 300 sec total\n|\n|t:|1783541081\n|move|p2a: Lunala|Moonlight|p2a: Lunala\n|-heal|p2a: Lunala|308/308 tox\n|move|p1a: Coalossal|Rapid Spin|p2a: Lunala\n|-damage|p2a: Lunala|289/308 tox\n|-boost|p1a: Coalossal|spe|1\n|\n|-damage|p2a: Lunala|213/308 tox|[from] psn\n|upkeep\n|turn|41\n|inactive|Time left: 300 sec this turn | 300 sec total\n|\n|t:|1783541082\n|move|p2a: Lunala|Moonlight|p2a: Lunala\n|-heal|p2a: Lunala|308/308 tox\n|move|p1a: Coalossal|Flamethrower|p2a: Lunala\n|-damage|p2a: Lunala|284/308 tox\n|\n|-damage|p2a: Lunala|189/308 tox|[from] psn\n|upkeep\n|turn|42\n|inactive|Time left: 300 sec this turn | 300 sec total\n|\n|t:|1783541084\n|move|p2a: Lunala|Moonlight|p2a: Lunala\n|-heal|p2a: Lunala|308/308 tox\n|move|p1a: Coalossal|Rapid Spin|p2a: Lunala\n|-damage|p2a: Lunala|286/308 tox\n|-boost|p1a: Coalossal|spe|1\n|\n|-damage|p2a: Lunala|172/308 tox|[from] psn\n|upkeep\n|turn|43\n|inactive|Time left: 300 sec this turn | 300 sec total\n|\n|t:|1783541085\n|move|p1a: Coalossal|Stone Edge|p2a: Lunala|[miss]\n|-miss|p1a: Coalossal|p2a: Lunala\n|move|p2a: Lunala|Moonlight|p2a: Lunala\n|-heal|p2a: Lunala|308/308 tox\n|\n|-damage|p2a: Lunala|175/308 tox|[from] psn\n|upkeep\n|turn|44\n|inactive|Time left: 300 sec this turn | 300 sec total\n|\n|t:|1783541086\n|move|p1a: Coalossal|Rapid Spin|p2a: Lunala\n|-damage|p2a: Lunala|133/308 tox\n|-boost|p1a: Coalossal|spe|1\n|move|p2a: Lunala|Psyshock|p1a: Coalossal\n|-damage|p1a: Coalossal|50/100\n|\n|-damage|p2a: Lunala|0 fnt|[from] psn\n|faint|p2a: Lunala\n|\n|win|p0x163fbcc", "uploadtime": 1783541086, "views": 0, "rating": 0, "private": 0, "password": null, "_winner": "p0x163fbcc", "_our_name": "p0y1634974"}