{"id": "battle-gen9randombattle-2381", "formatid": "gen9randombattle", "format": "[Gen 9] Random Battle", "players": ["p0x23812737", "p0y2381cb74"], "log": "|init|battle\n|title|p0x23812737 vs. p0y2381cb74\n|j|\u2606p0x23812737\n|j|\u2606p0y2381cb74\n|t:|1783566623\n|gametype|singles\n|player|p1|p0x23812737|1|\n|player|p2|p0y2381cb74|1|\n|gen|9\n|tier|[Gen 9] Random Battle\n|rule|Species Clause: Limit one of each Pok\u00e9mon\n|rule|HP Percentage Mod: HP is shown in percentages\n|rule|Sleep Clause Mod: Limit one foe put to sleep\n|rule|Illusion Level Mod: Illusion disguises the Pok\u00e9mon's true level\n|\n|t:|1783566623\n|teamsize|p1|6\n|teamsize|p2|6\n|start\n|switch|p1a: Fezandipiti|Fezandipiti, L82, M|278/278\n|switch|p2a: Sandslash|Sandslash-Alola, L88, M|100/100\n|turn|1\n|inactive|Battle timer is ON: inactive players will automatically lose when time's up. (requested by p0x23812737)\n|inactive|p0y2381cb74 also wants the timer to be on.\n|\n|t:|1783566624\n|switch|p1a: Avalugg|Avalugg, L88, M|310/310\n|move|p2a: Sandslash|Swords Dance|p2a: Sandslash\n|-boost|p2a: Sandslash|atk|2\n|\n|upkeep\n|turn|2\n|inactive|Time left: 300 sec this turn | 300 sec total\n|\n|t:|1783566626\n|-terastallize|p2a: Sandslash|Ground\n|move|p2a: Sandslash|Earthquake|p1a: Avalugg\n|-damage|p1a: Avalugg|154/310\n|-damage|p2a: Sandslash|91/100|[from] item: Life Orb\n|move|p1a: Avalugg|Body Press|p2a: Sandslash\n|-damage|p2a: Sandslash|63/100\n|\n|upkeep\n|turn|3\n|inactive|Time left: 300 sec this turn | 300 sec total\n|\n|t:|1783566627\n|move|p2a: Sandslash|Earthquake|p1a: Avalugg\n|-damage|p1a: Avalugg|0 fnt\n|faint|p1a: Avalugg\n|-damage|p2a: Sandslash|53/100|[from] item: Life Orb\n|\n|upkeep\n|inactive|Time left: 300 sec this turn | 300 sec total | 5 sec grace\n|\n|t:|1783566627\n|switch|p1a: Noivern|Noivern, L82, M|274/274\n|turn|4\n|inactive|Time left: 300 sec this turn | 300 sec total\n|\n|t:|1783566629\n|move|p2a: Sandslash|Ice Shard|p1a: Noivern\n|-supereffective|p1a: Noivern\n|-damage|p1a: Noivern|0 fnt\n|faint|p1a: Noivern\n|-damage|p2a: Sandslash|43/100|[from] item: Life Orb\n|\n|upkeep\n|inactive|Time left: 300 sec this turn | 300 sec total | 5 sec grace\n|\n|t:|1783566630\n|switch|p1a: Forretress|Forretress, L84, M|263/263\n|turn|5\n|inactive|Time left: 300 sec this turn | 300 sec total\n|\n|t:|1783566631\n|move|p2a: Sandslash|Earthquake|p1a: Forretress\n|-damage|p1a: Forretress|63/263\n|-damage|p2a: Sandslash|34/100|[from] item: Life Orb\n|move|p1a: Forretress|Stealth Rock|p2a: Sandslash\n|-sidestart|p2: p0y2381cb74|move: Stealth Rock\n|\n|-heal|p1a: Forretress|79/263|[from] item: Leftovers\n|upkeep\n|turn|6\n|inactive|Time left: 300 sec this turn | 300 sec total\n|\n|t:|1783566632\n|move|p2a: Sandslash|Triple Axel|p1a: Forretress|[miss]\n|-miss|p2a: Sandslash|p1a: Forretress\n|move|p1a: Forretress|Iron Head|p2a: Sandslash\n|-damage|p2a: Sandslash|10/100\n|\n|-heal|p1a: Forretress|95/263|[from] item: Leftovers\n|upkeep\n|turn|7\n|inactive|Time left: 300 sec this turn | 300 sec total\n|\n|t:|1783566633\n|move|p2a: Sandslash|Earthquake|p1a: Forretress\n|-damage|p1a: Forretress|0 fnt\n|faint|p1a: Forretress\n|-damage|p2a: Sandslash|0 fnt|[from] item: Life Orb\n|faint|p2a: Sandslash\n|\n|upkeep\n|inactive|Time left: 300 sec this turn | 300 sec total | 5 sec grace\n|\n|t:|1783566634\n|switch|p2a: Gliscor|Gliscor, L76, F|100/100\n|switch|p1a: Okidogi|Okidogi, L77, M|262/262\n|-damage|p2a: Gliscor|88/100|[from] Stealth Rock\n|turn|8\n|inactive|Time left: 300 sec this turn | 300 sec total\n|\n|t:|1783566635\n|move|p2a: Gliscor|Earthquake|p1a: Okidogi\n|-supereffective|p1a: Okidogi\n|-damage|p1a: Okidogi|106/262\n|move|p1a: Okidogi|Knock Off|p2a: Gliscor\n|-damage|p2a: Gliscor|61/100\n|-enditem|p2a: Gliscor|Toxic Orb|[from] move: Knock Off|[of] p1a: Okidogi\n|\n|upkeep\n|turn|9\n|inactive|Time left: 300 sec this turn | 300 sec total\n|\n|t:|1783566636\n|switch|p1a: Dudunsparce|Dudunsparce-Three-Segment, L83, M|343/343\n|move|p2a: Gliscor|Earthquake|p1a: Dudunsparce\n|-damage|p1a: Dudunsparce|252/343\n|\n|-heal|p1a: Dudunsparce|273/343|[from] item: Leftovers\n|upkeep\n|turn|10\n|inactive|Time left: 300 sec this turn | 300 sec total\n|\n|t:|1783566637\n|move|p2a: Gliscor|Toxic|p1a: Dudunsparce|[miss]\n|-miss|p2a: Gliscor|p1a: Dudunsparce\n|move|p1a: Dudunsparce|Roost|p1a: Dudunsparce\n|-heal|p1a: Dudunsparce|343/343\n|-singleturn|p1a: Dudunsparce|move: Roost\n|\n|upkeep\n|turn|11\n|inactive|Time left: 300 sec this turn | 300 sec total\n|\n|t:|1783566638\n|switch|p2a: Electrode|Electrode-Hisui, L87|100/100\n|-damage|p2a: Electrode|88/100|[from] Stealth Rock\n|move|p1a: Dudunsparce|Headbutt|p2a: Electrode\n|-damage|p2a: Electrode|55/100\n|\n|-heal|p2a: Electrode|61/100|[from] item: Leftovers\n|upkeep\n|turn|12\n|inactive|Time left: 300 sec this turn | 300 sec total\n|\n|t:|1783566639\n|move|p2a: Electrode|Leech Seed|p1a: Dudunsparce\n|-start|p1a: Dudunsparce|move: Leech Seed\n|move|p1a: Dudunsparce|Earthquake|p2a: Electrode\n|-damage|p2a: Electrode|25/100\n|\n|-heal|p2a: Electrode|31/100|[from] item: Leftovers\n|-damage|p1a: Dudunsparce|301/343|[from] Leech Seed|[of] p2a: Electrode\n|-heal|p2a: Electrode|48/100|[silent]\n|upkeep\n|turn|13\n|inactive|Time left: 300 sec this turn | 300 sec total\n|\n|t:|1783566640\n|switch|p1a: Fezandipiti|Fezandipiti, L82, M|278/278\n|move|p2a: Electrode|Leech Seed|p1a: Fezandipiti\n|-start|p1a: Fezandipiti|move: Leech Seed\n|\n|-heal|p2a: Electrode|55/100|[from] item: Leftovers\n|-damage|p1a: Fezandipiti|244/278|[from] Leech Seed|[of] p2a: Electrode\n|-heal|p2a: Electrode|68/100|[silent]\n|upkeep\n|turn|14\n|inactive|Time left: 300 sec this turn | 300 sec total\n|\n|t:|1783566641\n|move|p2a: Electrode|Substitute|p2a: Electrode\n|-start|p2a: Electrode|Substitute\n|-damage|p2a: Electrode|44/100\n|move|p1a: Fezandipiti|Gunk Shot|p2a: Electrode\n|-supereffective|p2a: Electrode\n|-end|p2a: Electrode|Substitute\n|\n|-heal|p2a: Electrode|50/100|[from] item: Leftovers\n|-heal|p1a: Fezandipiti|261/278|[from] item: Leftovers\n|-damage|p1a: Fezandipiti|227/278|[from] Leech Seed|[of] p2a: Electrode\n|-heal|p2a: Electrode|64/100|[silent]\n|upkeep\n|turn|15\n|inactive|Time left: 300 sec this turn | 300 sec total\n|\n|t:|1783566642\n|switch|p2a: Gliscor|Gliscor, L76, F|61/100\n|-damage|p2a: Gliscor|49/100|[from] Stealth Rock\n|move|p1a: Fezandipiti|Gunk Shot|p2a: Gliscor\n|-resisted|p2a: Gliscor\n|-damage|p2a: Gliscor|30/100\n|\n|-heal|p1a: Fezandipiti|244/278|[from] item: Leftovers\n|-damage|p1a: Fezandipiti|210/278|[from] Leech Seed|[of] p2a: Gliscor\n|-heal|p2a: Gliscor|44/100|[silent]\n|upkeep\n|turn|16\n|inactive|Time left: 300 sec this turn | 300 sec total\n|\n|t:|1783566643\n|switch|p1a: Dudunsparce|Dudunsparce-Three-Segment, L83, M|301/343\n|move|p2a: Gliscor|Earthquake|p1a: Dudunsparce\n|-damage|p1a: Dudunsparce|205/343\n|\n|-heal|p1a: Dudunsparce|226/343|[from] item: Leftovers\n|upkeep\n|turn|17\n|inactive|Time left: 300 sec this turn | 300 sec total\n|\n|t:|1783566644\n|move|p2a: Gliscor|Toxic|p1a: Dudunsparce\n|-status|p1a: Dudunsparce|tox\n|move|p1a: Dudunsparce|Roost|p1a: Dudunsparce\n|-heal|p1a: Dudunsparce|343/343 tox\n|-singleturn|p1a: Dudunsparce|move: Roost\n|\n|-damage|p1a: Dudunsparce|322/343 tox|[from] psn\n|upkeep\n|turn|18\n|inactive|Time left: 300 sec this turn | 300 sec total\n|\n|t:|1783566645\n|move|p2a: Gliscor|Earthquake|p1a: Dudunsparce\n|-crit|p1a: Dudunsparce\n|-damage|p1a: Dudunsparce|181/343 tox\n|move|p1a: Dudunsparce|Headbutt|p2a: Gliscor\n|-damage|p2a: Gliscor|18/100\n|\n|-heal|p1a: Dudunsparce|202/343 tox|[from] item: Leftovers\n|-damage|p1a: Dudunsparce|160/343 tox|[from] psn\n|upkeep\n|turn|19\n|inactive|Time left: 300 sec this turn | 300 sec total\n|\n|t:|1783566646\n|move|p2a: Gliscor|Earthquake|p1a: Dudunsparce\n|-damage|p1a: Dudunsparce|66/343 tox\n|move|p1a: Dudunsparce|Headbutt|p2a: Gliscor\n|-damage|p2a: Gliscor|0 fnt\n|faint|p2a: Gliscor\n|\n|-heal|p1a: Dudunsparce|87/343 tox|[from] item: Leftovers\n|-damage|p1a: Dudunsparce|24/343 tox|[from] psn\n|upkeep\n|\n|t:|1783566647\n|switch|p2a: Samurott|Samurott, L88, F|100/100\n|-damage|p2a: Samurott|88/100|[from] Stealth Rock\n|turn|20\n|inactive|Time left: 300 sec this turn | 300 sec total\n|\n|t:|1783566648\n|move|p2a: Samurott|Swords Dance|p2a: Samurott\n|-boost|p2a: Samurott|atk|2\n|move|p1a: Dudunsparce|Glare|p2a: Samurott\n|-status|p2a: Samurott|par\n|\n|-heal|p1a: Dudunsparce|45/343 tox|[from] item: Leftovers\n|-damage|p1a: Dudunsparce|0 fnt|[from] psn\n|faint|p1a: Dudunsparce\n|upkeep\n|inactive|Time left: 300 sec this turn | 300 sec total | 5 sec grace\n|\n|t:|1783566649\n|switch|p1a: Fezandipiti|Fezandipiti, L82, M|210/278\n|turn|21\n|inactive|Time left: 300 sec this turn | 300 sec total\n|\n|t:|1783566649\n|move|p1a: Fezandipiti|Moonblast|p2a: Samurott\n|-damage|p2a: Samurott|60/100 par\n|move|p2a: Samurott|Liquidation|p1a: Fezandipiti\n|-damage|p1a: Fezandipiti|0 fnt\n|faint|p1a: Fezandipiti\n|-damage|p2a: Samurott|50/100 par|[from] item: Life Orb\n|\n|upkeep\n|inactive|Time left: 300 sec this turn | 300 sec total | 5 sec grace\n|\n|t:|1783566651\n|switch|p1a: Okidogi|Okidogi, L77, M|106/262\n|turn|22\n|inactive|Time left: 300 sec this turn | 300 sec total\n|\n|t:|1783566651\n|move|p1a: Okidogi|Drain Punch|p2a: Samurott\n|-damage|p2a: Samurott|26/100 par\n|-heal|p1a: Okidogi|144/262|[from] drain|[of] p2a: Samurott\n|move|p2a: Samurott|Liquidation|p1a: Okidogi\n|-crit|p1a: Okidogi\n|-damage|p1a: Okidogi|0 fnt\n|faint|p1a: Okidogi\n|-damage|p2a: Samurott|16/100 par|[from] item: Life Orb\n|\n|win|p0y2381cb74", "uploadtime": 1783566652, "views": 0, "rating": 0, "private": 0, "password": null, "_winner": "p0y2381cb74", "_our_name": "p0x23812737"}