{"id": "battle-gen9randombattle-98", "formatid": "gen9randombattle", "format": "[Gen 9] Random Battle", "players": ["p0x0988b6e", "p0y098f7c5"], "log": "|init|battle\n|title|p0x0988b6e vs. p0y098f7c5\n|j|\u2606p0x0988b6e\n|j|\u2606p0y098f7c5\n|t:|1783534392\n|gametype|singles\n|player|p1|p0x0988b6e|101|\n|player|p2|p0y098f7c5|102|\n|gen|9\n|tier|[Gen 9] Random Battle\n|rule|Species Clause: Limit one of each Pok\u00e9mon\n|rule|HP Percentage Mod: HP is shown in percentages\n|rule|Sleep Clause Mod: Limit one foe put to sleep\n|rule|Illusion Level Mod: Illusion disguises the Pok\u00e9mon's true level\n|\n|t:|1783534392\n|teamsize|p1|6\n|teamsize|p2|6\n|start\n|switch|p1a: Plusle|Plusle, L95, M|100/100\n|switch|p2a: Orthworm|Orthworm, L88, M|266/266\n|turn|1\n|inactive|Battle timer is ON: inactive players will automatically lose when time's up. (requested by p0x0988b6e)\n|inactive|Time left: 300 sec this turn | 300 sec total | 60 sec grace\n|inactive|p0y098f7c5 also wants the timer to be on.\n|\n|t:|1783534393\n|switch|p2a: Hoopa|Hoopa, L85|275/275\n|move|p1a: Plusle|Nasty Plot|p1a: Plusle\n|-boost|p1a: Plusle|spa|2\n|\n|upkeep\n|turn|2\n|inactive|Time left: 300 sec this turn | 300 sec total\n|\n|t:|1783534394\n|move|p1a: Plusle|Thunderbolt|p2a: Hoopa\n|-damage|p2a: Hoopa|80/275\n|-damage|p1a: Plusle|91/100|[from] item: Life Orb\n|move|p2a: Hoopa|Psyshock|p1a: Plusle\n|-damage|p1a: Plusle|0 fnt\n|faint|p1a: Plusle\n|-damage|p2a: Hoopa|53/275|[from] item: Life Orb\n|\n|upkeep\n|\n|t:|1783534395\n|switch|p1a: Ninetales|Ninetales-Alola, L78, M|100/100\n|-weather|Snowscape|[from] ability: Snow Warning|[of] p1a: Ninetales\n|turn|3\n|inactive|Time left: 300 sec this turn | 300 sec total\n|\n|t:|1783534396\n|switch|p2a: Chandelure|Chandelure, L83, F|235/235\n|move|p1a: Ninetales|Aurora Veil|p1a: Ninetales\n|-sidestart|p1: p0x0988b6e|move: Aurora Veil\n|\n|-weather|Snowscape|[upkeep]\n|upkeep\n|turn|4\n|inactive|Time left: 300 sec this turn | 300 sec total\n|\n|t:|1783534397\n|switch|p1a: Komala|Komala, L87, F|100/100\n|-ability|p1a: Komala|Comatose\n|move|p2a: Chandelure|Fire Blast|p1a: Komala|[miss]\n|-miss|p2a: Chandelure|p1a: Komala\n|\n|-weather|Snowscape|[upkeep]\n|upkeep\n|turn|5\n|inactive|Time left: 300 sec this turn | 300 sec total\n|\n|t:|1783534398\n|switch|p2a: Orthworm|Orthworm, L88, M|266/266\n|move|p1a: Komala|Knock Off|p2a: Orthworm\n|-damage|p2a: Orthworm|187/266\n|-enditem|p2a: Orthworm|Chesto Berry|[from] move: Knock Off|[of] p1a: Komala\n|\n|-weather|Snowscape|[upkeep]\n|upkeep\n|turn|6\n|inactive|Time left: 300 sec this turn | 300 sec total\n|\n|t:|1783534400\n|move|p2a: Orthworm|Coil|p2a: Orthworm\n|-boost|p2a: Orthworm|atk|1\n|-boost|p2a: Orthworm|def|1\n|-boost|p2a: Orthworm|accuracy|1\n|move|p1a: Komala|Knock Off|p2a: Orthworm\n|-damage|p2a: Orthworm|149/266\n|\n|-weather|Snowscape|[upkeep]\n|upkeep\n|turn|7\n|inactive|Time left: 300 sec this turn | 300 sec total\n|\n|t:|1783534401\n|switch|p1a: Golduck|Golduck, L90, M|100/100\n|-ability|p1a: Golduck|Cloud Nine\n|move|p2a: Orthworm|Coil|p2a: Orthworm\n|-boost|p2a: Orthworm|atk|1\n|-boost|p2a: Orthworm|def|1\n|-boost|p2a: Orthworm|accuracy|1\n|\n|-weather|none\n|upkeep\n|turn|8\n|inactive|Time left: 300 sec this turn | 300 sec total\n|\n|t:|1783534402\n|move|p1a: Golduck|Hydro Pump|p2a: Orthworm\n|-damage|p2a: Orthworm|0 fnt\n|faint|p2a: Orthworm\n|\n|upkeep\n|inactive|Time left: 300 sec this turn | 300 sec total | 5 sec grace\n|\n|t:|1783534403\n|switch|p2a: Munkidori|Munkidori, L79, M|269/269\n|turn|9\n|inactive|Time left: 300 sec this turn | 300 sec total\n|\n|t:|1783534404\n|move|p2a: Munkidori|Sludge Wave|p1a: Golduck\n|-damage|p1a: Golduck|72/100\n|move|p1a: Golduck|Hydro Pump|p2a: Munkidori\n|-damage|p2a: Munkidori|52/269\n|\n|upkeep\n|turn|10\n|inactive|Time left: 300 sec this turn | 300 sec total\n|\n|t:|1783534405\n|move|p2a: Munkidori|Sludge Wave|p1a: Golduck\n|-damage|p1a: Golduck|44/100\n|move|p1a: Golduck|Hydro Pump|p2a: Munkidori\n|-damage|p2a: Munkidori|0 fnt\n|faint|p2a: Munkidori\n|\n|-sideend|p1: p0x0988b6e|move: Aurora Veil\n|upkeep\n|inactive|Time left: 300 sec this turn | 300 sec total | 5 sec grace\n|\n|t:|1783534406\n|switch|p2a: Chandelure|Chandelure, L83, F|235/235\n|turn|11\n|inactive|Time left: 300 sec this turn | 300 sec total\n|\n|t:|1783534407\n|move|p2a: Chandelure|Energy Ball|p1a: Golduck\n|-supereffective|p1a: Golduck\n|-damage|p1a: Golduck|0 fnt\n|faint|p1a: Golduck\n|\n|upkeep\n|\n|t:|1783534408\n|switch|p1a: Komala|Komala, L87, F|100/100\n|-ability|p1a: Komala|Comatose\n|turn|12\n|inactive|Time left: 300 sec this turn | 300 sec total\n|\n|t:|1783534410\n|move|p2a: Chandelure|Energy Ball|p1a: Komala\n|-damage|p1a: Komala|68/100\n|move|p1a: Komala|Knock Off|p2a: Chandelure\n|-supereffective|p2a: Chandelure\n|-damage|p2a: Chandelure|0 fnt\n|-enditem|p2a: Chandelure|Choice Scarf|[from] move: Knock Off|[of] p1a: Komala\n|faint|p2a: Chandelure\n|\n|upkeep\n|inactive|Time left: 300 sec this turn | 300 sec total | 5 sec grace\n|\n|t:|1783534411\n|switch|p2a: Hoopa|Hoopa, L85|53/275\n|turn|13\n|inactive|Time left: 300 sec this turn | 300 sec total\n|\n|t:|1783534412\n|switch|p1a: Ninetales|Ninetales-Alola, L78, M|100/100\n|-weather|Snowscape|[from] ability: Snow Warning|[of] p1a: Ninetales\n|move|p2a: Hoopa|Psyshock|p1a: Ninetales\n|-damage|p1a: Ninetales|46/100\n|-damage|p2a: Hoopa|26/275|[from] item: Life Orb\n|\n|-weather|Snowscape|[upkeep]\n|upkeep\n|turn|14\n|inactive|Time left: 300 sec this turn | 300 sec total\n|\n|t:|1783534413\n|switch|p2a: Glaceon|Glaceon, L94, F|275/275\n|move|p1a: Ninetales|Aurora Veil|p1a: Ninetales\n|-sidestart|p1: p0x0988b6e|move: Aurora Veil\n|\n|-weather|Snowscape|[upkeep]\n|upkeep\n|turn|15\n|inactive|Time left: 300 sec this turn | 300 sec total\n|\n|t:|1783534414\n|move|p1a: Ninetales|Moonblast|p2a: Glaceon\n|-damage|p2a: Glaceon|205/275\n|move|p2a: Glaceon|Freeze-Dry|p1a: Ninetales\n|-resisted|p1a: Ninetales\n|-crit|p1a: Ninetales\n|-damage|p1a: Ninetales|10/100\n|\n|-weather|Snowscape|[upkeep]\n|-heal|p2a: Glaceon|222/275|[from] ability: Ice Body\n|upkeep\n|turn|16\n|inactive|Time left: 300 sec this turn | 300 sec total\n|\n|t:|1783534415\n|move|p1a: Ninetales|Moonblast|p2a: Glaceon\n|-damage|p2a: Glaceon|159/275\n|move|p2a: Glaceon|Mud Shot|p1a: Ninetales\n|-damage|p1a: Ninetales|0 fnt\n|faint|p1a: Ninetales\n|\n|-weather|Snowscape|[upkeep]\n|-heal|p2a: Glaceon|176/275|[from] ability: Ice Body\n|upkeep\n|\n|t:|1783534416\n|switch|p1a: Exeggutor|Exeggutor-Alola, L89, M|100/100\n|turn|17\n|inactive|Time left: 300 sec this turn | 300 sec total\n|\n|t:|1783534417\n|move|p2a: Glaceon|Protect|p2a: Glaceon\n|-singleturn|p2a: Glaceon|Protect\n|move|p1a: Exeggutor|Flamethrower|p2a: Glaceon\n|-activate|p2a: Glaceon|move: Protect\n|\n|-weather|none\n|upkeep\n|turn|18\n|inactive|Time left: 300 sec this turn | 300 sec total\n|\n|t:|1783534418\n|move|p2a: Glaceon|Freeze-Dry|p1a: Exeggutor\n|-supereffective|p1a: Exeggutor\n|-damage|p1a: Exeggutor|18/100\n|-enditem|p1a: Exeggutor|Sitrus Berry|[eat]\n|-heal|p1a: Exeggutor|43/100|[from] item: Sitrus Berry\n|move|p1a: Exeggutor|Giga Drain|p2a: Glaceon\n|-damage|p2a: Glaceon|79/275\n|-heal|p1a: Exeggutor|59/100|[from] drain|[of] p2a: Glaceon\n|\n|upkeep\n|turn|19\n|inactive|Time left: 300 sec this turn | 300 sec total\n|\n|t:|1783534419\n|-terastallize|p1a: Exeggutor|Steel\n|move|p2a: Glaceon|Freeze-Dry|p1a: Exeggutor\n|-resisted|p1a: Exeggutor\n|-damage|p1a: Exeggutor|48/100\n|move|p1a: Exeggutor|Giga Drain|p2a: Glaceon\n|-damage|p2a: Glaceon|0 fnt\n|-heal|p1a: Exeggutor|61/100|[from] drain|[of] p2a: Glaceon\n|faint|p2a: Glaceon\n|\n|upkeep\n|inactive|Time left: 300 sec this turn | 300 sec total | 5 sec grace\n|\n|t:|1783534421\n|switch|p2a: Hoopa|Hoopa, L85|26/275\n|turn|20\n|inactive|Time left: 300 sec this turn | 300 sec total\n|\n|t:|1783534422\n|move|p2a: Hoopa|Focus Blast|p1a: Exeggutor\n|-supereffective|p1a: Exeggutor\n|-damage|p1a: Exeggutor|8/100\n|-damage|p2a: Hoopa|0 fnt|[from] item: Life Orb\n|faint|p2a: Hoopa\n|move|p1a: Exeggutor|Giga Drain|p2: Hoopa|[notarget]\n|-fail|p1a: Exeggutor\n|\n|upkeep\n|inactive|Time left: 300 sec this turn | 300 sec total | 5 sec grace\n|\n|t:|1783534423\n|switch|p2a: Swanna|Swanna, L89, M|278/278\n|turn|21\n|inactive|Time left: 300 sec this turn | 300 sec total\n|\n|t:|1783534424\n|move|p2a: Swanna|Brave Bird|p1a: Exeggutor\n|-resisted|p1a: Exeggutor\n|-damage|p1a: Exeggutor|0 fnt\n|faint|p1a: Exeggutor\n|-damage|p2a: Swanna|270/278|[from] Recoil\n|\n|-sideend|p1: p0x0988b6e|move: Aurora Veil\n|upkeep\n|\n|t:|1783534425\n|switch|p1a: Komala|Komala, L87, F|68/100\n|-ability|p1a: Komala|Comatose\n|turn|22\n|inactive|Time left: 300 sec this turn | 300 sec total\n|\n|t:|1783534425\n|move|p2a: Swanna|Hydro Pump|p1a: Komala|[miss]\n|-miss|p2a: Swanna|p1a: Komala\n|move|p1a: Komala|Body Slam|p2a: Swanna\n|-damage|p2a: Swanna|81/278\n|\n|upkeep\n|turn|23\n|inactive|Time left: 300 sec this turn | 300 sec total\n|\n|t:|1783534427\n|move|p2a: Swanna|Roost|p2a: Swanna\n|-heal|p2a: Swanna|220/278\n|-singleturn|p2a: Swanna|move: Roost\n|move|p1a: Komala|Body Slam|p2a: Swanna\n|-damage|p2a: Swanna|21/278\n|-status|p2a: Swanna|par\n|\n|upkeep\n|turn|24\n|inactive|Time left: 300 sec this turn | 300 sec total\n|\n|t:|1783534428\n|move|p1a: Komala|Body Slam|p2a: Swanna\n|-damage|p2a: Swanna|0 fnt\n|faint|p2a: Swanna\n|\n|win|p0x0988b6e", "uploadtime": 1783534428, "views": 0, "rating": 0, "private": 0, "password": null, "_winner": "p0x0988b6e", "_our_name": "p0y098f7c5"}