{"id": "battle-gen9randombattle-2711", "formatid": "gen9randombattle", "format": "[Gen 9] Random Battle", "players": ["p0x2711a548", "p0y2711ca83"], "log": "|init|battle\n|title|p0x2711a548 vs. p0y2711ca83\n|j|\u2606p0x2711a548\n|j|\u2606p0y2711ca83\n|t:|1783570262\n|gametype|singles\n|player|p1|p0x2711a548|1|\n|player|p2|p0y2711ca83|170|\n|gen|9\n|tier|[Gen 9] Random Battle\n|rule|Species Clause: Limit one of each Pok\u00e9mon\n|rule|HP Percentage Mod: HP is shown in percentages\n|rule|Sleep Clause Mod: Limit one foe put to sleep\n|rule|Illusion Level Mod: Illusion disguises the Pok\u00e9mon's true level\n|\n|t:|1783570262\n|teamsize|p1|6\n|teamsize|p2|6\n|start\n|switch|p1a: Tentacruel|Tentacruel, L84, F|100/100\n|switch|p2a: Eiscue|Eiscue, L88, M|274/274\n|turn|1\n|inactive|Battle timer is ON: inactive players will automatically lose when time's up. (requested by p0y2711ca83)\n|inactive|p0x2711a548 also wants the timer to be on.\n|\n|t:|1783570263\n|move|p1a: Tentacruel|Toxic Spikes|p2a: Eiscue\n|-sidestart|p2: p0y2711ca83|move: Toxic Spikes\n|move|p2a: Eiscue|Belly Drum|p2a: Eiscue\n|-damage|p2a: Eiscue|137/274\n|-setboost|p2a: Eiscue|atk|6|[from] move: Belly Drum\n|-enditem|p2a: Eiscue|Sitrus Berry|[eat]\n|-heal|p2a: Eiscue|205/274|[from] item: Sitrus Berry\n|\n|upkeep\n|turn|2\n|inactive|Time left: 300 sec this turn | 300 sec total\n|\n|t:|1783570264\n|move|p1a: Tentacruel|Sludge Bomb|p2a: Eiscue\n|-damage|p2a: Eiscue|130/274\n|move|p2a: Eiscue|Ice Spinner|p1a: Tentacruel\n|-resisted|p1a: Tentacruel\n|-damage|p1a: Tentacruel|21/100\n|\n|-heal|p1a: Tentacruel|28/100|[from] item: Leftovers\n|upkeep\n|turn|3\n|inactive|Time left: 300 sec this turn | 300 sec total\n|\n|t:|1783570265\n|move|p1a: Tentacruel|Sludge Bomb|p2a: Eiscue\n|-damage|p2a: Eiscue|55/274\n|move|p2a: Eiscue|Ice Spinner|p1a: Tentacruel\n|-resisted|p1a: Tentacruel\n|-damage|p1a: Tentacruel|0 fnt\n|faint|p1a: Tentacruel\n|\n|upkeep\n|\n|t:|1783570266\n|switch|p1a: Probopass|Probopass, L91, F|100/100\n|turn|4\n|inactive|Time left: 300 sec this turn | 300 sec total\n|\n|t:|1783570267\n|-terastallize|p1a: Probopass|Fighting\n|move|p2a: Eiscue|Liquidation|p1a: Probopass\n|-damage|p1a: Probopass|46/100\n|-unboost|p1a: Probopass|def|1\n|move|p1a: Probopass|Flash Cannon|p2a: Eiscue\n|-supereffective|p2a: Eiscue\n|-damage|p2a: Eiscue|0 fnt\n|faint|p2a: Eiscue\n|\n|upkeep\n|inactive|Time left: 300 sec this turn | 300 sec total | 5 sec grace\n|\n|t:|1783570268\n|switch|p2a: Toxtricity|Toxtricity, L82, M|257/257\n|-sideend|p2: p0y2711ca83|move: Toxic Spikes|[of] p2a: Toxtricity\n|turn|5\n|inactive|Time left: 300 sec this turn | 300 sec total\n|\n|t:|1783570269\n|switch|p1a: Luxray|Luxray, L88, F|100/100\n|move|p2a: Toxtricity|Boomburst|p1a: Luxray\n|-damage|p1a: Luxray|21/100\n|\n|-status|p1a: Luxray|brn|[from] item: Flame Orb\n|upkeep\n|turn|6\n|inactive|Time left: 300 sec this turn | 300 sec total\n|\n|t:|1783570270\n|move|p1a: Luxray|Facade|p2a: Toxtricity\n|-damage|p2a: Toxtricity|21/257\n|move|p2a: Toxtricity|Boomburst|p1a: Luxray\n|-damage|p1a: Luxray|0 fnt\n|faint|p1a: Luxray\n|\n|upkeep\n|\n|t:|1783570271\n|switch|p1a: Mandibuzz|Mandibuzz, L85, F|100/100\n|turn|7\n|inactive|Time left: 300 sec this turn | 300 sec total\n|\n|t:|1783570272\n|switch|p2a: Ambipom|Ambipom, L84, M|263/263\n|move|p1a: Mandibuzz|Brave Bird|p2a: Ambipom\n|-damage|p2a: Ambipom|146/263\n|-damage|p1a: Mandibuzz|89/100|[from] Recoil\n|\n|upkeep\n|turn|8\n|inactive|Time left: 300 sec this turn | 300 sec total\n|\n|t:|1783570273\n|switch|p1a: Swampert|Swampert, L83, M|100/100\n|move|p2a: Ambipom|Triple Axel|p1a: Swampert\n|-damage|p1a: Swampert|90/100\n|-damage|p1a: Swampert|70/100\n|-damage|p1a: Swampert|38/100\n|-hitcount|p1a: Swampert|3\n|\n|-heal|p1a: Swampert|44/100|[from] item: Leftovers\n|upkeep\n|turn|9\n|inactive|Time left: 300 sec this turn | 300 sec total\n|\n|t:|1783570274\n|move|p2a: Ambipom|Triple Axel|p1a: Swampert\n|-damage|p1a: Swampert|32/100\n|-damage|p1a: Swampert|11/100\n|-damage|p1a: Swampert|0 fnt\n|faint|p1a: Swampert\n|-hitcount|p1: Swampert|3\n|\n|upkeep\n|\n|t:|1783570275\n|switch|p1a: Probopass|Probopass, L91, F, tera:Fighting|46/100\n|turn|10\n|inactive|Time left: 300 sec this turn | 300 sec total\n|\n|t:|1783570276\n|move|p2a: Ambipom|Triple Axel|p1a: Probopass\n|-damage|p1a: Probopass|37/100\n|-damage|p1a: Probopass|21/100\n|-damage|p1a: Probopass|0 fnt\n|faint|p1a: Probopass\n|-hitcount|p1: Probopass|3\n|\n|upkeep\n|\n|t:|1783570276\n|switch|p1a: Brute Bonnet|Brute Bonnet, L80|100/100\n|turn|11\n|inactive|Time left: 300 sec this turn | 300 sec total\n|\n|t:|1783570277\n|move|p1a: Brute Bonnet|Sucker Punch|p2a: Ambipom\n|-damage|p2a: Ambipom|47/263\n|move|p2a: Ambipom|Triple Axel|p1a: Brute Bonnet\n|-supereffective|p1a: Brute Bonnet\n|-damage|p1a: Brute Bonnet|80/100\n|-supereffective|p1a: Brute Bonnet\n|-crit|p1a: Brute Bonnet\n|-damage|p1a: Brute Bonnet|16/100\n|-supereffective|p1a: Brute Bonnet\n|-damage|p1a: Brute Bonnet|0 fnt\n|faint|p1a: Brute Bonnet\n|-end|p1a: Brute Bonnet|Protosynthesis|[silent]\n|-hitcount|p1: Brute Bonnet|3\n|\n|upkeep\n|\n|t:|1783570278\n|switch|p1a: Mandibuzz|Mandibuzz, L85, F|89/100\n|turn|12\n|inactive|Time left: 300 sec this turn | 300 sec total\n|\n|t:|1783570279\n|move|p2a: Ambipom|Triple Axel|p1a: Mandibuzz|[miss]\n|-miss|p2a: Ambipom|p1a: Mandibuzz\n|move|p1a: Mandibuzz|Foul Play|p2a: Ambipom\n|-damage|p2a: Ambipom|0 fnt\n|faint|p2a: Ambipom\n|\n|upkeep\n|inactive|Time left: 300 sec this turn | 300 sec total | 5 sec grace\n|\n|t:|1783570280\n|switch|p2a: Morpeko|Morpeko, L88, M|245/245\n|turn|13\n|inactive|Time left: 300 sec this turn | 300 sec total\n|\n|t:|1783570281\n|-terastallize|p2a: Morpeko|Electric\n|move|p2a: Morpeko|Aura Wheel|p1a: Mandibuzz\n|-supereffective|p1a: Mandibuzz\n|-damage|p1a: Mandibuzz|0 fnt\n|-boost|p2a: Morpeko|spe|1\n|faint|p1a: Mandibuzz\n|\n|win|p0y2711ca83", "uploadtime": 1783570281, "views": 0, "rating": 0, "private": 0, "password": null, "_winner": "p0y2711ca83", "_our_name": "p0y2711ca83"}