{"id": "battle-gen9randombattle-2230", "formatid": "gen9randombattle", "format": "[Gen 9] Random Battle", "players": ["p0x2230819a", "p0y2230cc20"], "log": "|init|battle\n|title|p0x2230819a vs. p0y2230cc20\n|j|\u2606p0x2230819a\n|j|\u2606p0y2230cc20\n|t:|1783565848\n|gametype|singles\n|player|p1|p0x2230819a|102|\n|player|p2|p0y2230cc20|2|\n|gen|9\n|tier|[Gen 9] Random Battle\n|rule|Species Clause: Limit one of each Pok\u00e9mon\n|rule|HP Percentage Mod: HP is shown in percentages\n|rule|Sleep Clause Mod: Limit one foe put to sleep\n|rule|Illusion Level Mod: Illusion disguises the Pok\u00e9mon's true level\n|\n|t:|1783565848\n|teamsize|p1|6\n|teamsize|p2|6\n|start\n|switch|p1a: Hitmonchan|Hitmonchan, L87, M|100/100\n|switch|p2a: Sableye|Sableye, L88, M|231/231\n|turn|1\n|inactive|Battle timer is ON: inactive players will automatically lose when time's up. (requested by p0y2230cc20)\n|inactive|p0x2230819a also wants the timer to be on.\n|\n|t:|1783565849\n|move|p2a: Sableye|Will-O-Wisp|p1a: Hitmonchan\n|-status|p1a: Hitmonchan|brn\n|move|p1a: Hitmonchan|Knock Off|p2a: Sableye\n|-damage|p2a: Sableye|192/231\n|-enditem|p2a: Sableye|Leftovers|[from] move: Knock Off|[of] p1a: Hitmonchan\n|\n|-damage|p1a: Hitmonchan|94/100 brn|[from] brn\n|upkeep\n|turn|2\n|inactive|Time left: 300 sec this turn | 300 sec total\n|\n|t:|1783565851\n|move|p2a: Sableye|Will-O-Wisp|p1a: Hitmonchan\n|-fail|p1a: Hitmonchan|brn\n|move|p1a: Hitmonchan|Bulk Up|p1a: Hitmonchan\n|-boost|p1a: Hitmonchan|atk|1\n|-boost|p1a: Hitmonchan|def|1\n|\n|-heal|p1a: Hitmonchan|100/100 brn|[from] item: Leftovers\n|-damage|p1a: Hitmonchan|94/100 brn|[from] brn\n|upkeep\n|turn|3\n|inactive|Time left: 300 sec this turn | 300 sec total\n|\n|t:|1783565852\n|move|p1a: Hitmonchan|Bulk Up|p1a: Hitmonchan\n|-boost|p1a: Hitmonchan|atk|1\n|-boost|p1a: Hitmonchan|def|1\n|move|p2a: Sableye|Knock Off|p1a: Hitmonchan\n|-resisted|p1a: Hitmonchan\n|-damage|p1a: Hitmonchan|84/100 brn\n|-enditem|p1a: Hitmonchan|Leftovers|[from] move: Knock Off|[of] p2a: Sableye\n|\n|-damage|p1a: Hitmonchan|78/100 brn|[from] brn\n|upkeep\n|turn|4\n|inactive|Time left: 300 sec this turn | 300 sec total\n|\n|t:|1783565852\n|move|p2a: Sableye|Encore|p1a: Hitmonchan\n|-start|p1a: Hitmonchan|Encore\n|move|p1a: Hitmonchan|Bulk Up|p1a: Hitmonchan\n|-boost|p1a: Hitmonchan|atk|1\n|-boost|p1a: Hitmonchan|def|1\n|\n|-damage|p1a: Hitmonchan|72/100 brn|[from] brn\n|upkeep\n|turn|5\n|inactive|Time left: 300 sec this turn | 300 sec total\n|\n|t:|1783565853\n|switch|p2a: Espeon|Espeon, L84, F|246/246\n|move|p1a: Hitmonchan|Bulk Up|p1a: Hitmonchan\n|-boost|p1a: Hitmonchan|atk|1\n|-boost|p1a: Hitmonchan|def|1\n|\n|-damage|p1a: Hitmonchan|66/100 brn|[from] brn\n|upkeep\n|turn|6\n|inactive|Time left: 300 sec this turn | 300 sec total\n|\n|t:|1783565854\n|move|p2a: Espeon|Alluring Voice|p1a: Hitmonchan\n|-supereffective|p1a: Hitmonchan\n|-damage|p1a: Hitmonchan|0 fnt\n|faint|p1a: Hitmonchan\n|\n|upkeep\n|\n|t:|1783565855\n|switch|p1a: Rhyperior|Rhyperior, L82, F|100/100\n|turn|7\n|inactive|Time left: 300 sec this turn | 300 sec total\n|\n|t:|1783565857\n|move|p2a: Espeon|Alluring Voice|p1a: Rhyperior\n|-damage|p1a: Rhyperior|51/100\n|move|p1a: Rhyperior|Earthquake|p2a: Espeon\n|-damage|p2a: Espeon|0 fnt\n|faint|p2a: Espeon\n|\n|upkeep\n|inactive|Time left: 300 sec this turn | 300 sec total | 5 sec grace\n|\n|t:|1783565858\n|switch|p2a: Frosmoth|Frosmoth, L82, M|249/249\n|turn|8\n|inactive|Time left: 300 sec this turn | 300 sec total\n|\n|t:|1783565859\n|switch|p1a: Solgaleo|Solgaleo, L74|100/100\n|move|p2a: Frosmoth|Ice Beam|p1a: Solgaleo\n|-resisted|p1a: Solgaleo\n|-damage|p1a: Solgaleo|82/100\n|\n|upkeep\n|turn|9\n|inactive|Time left: 300 sec this turn | 300 sec total\n|\n|t:|1783565860\n|switch|p2a: Vigoroth|Vigoroth, L85, F|275/275\n|move|p1a: Solgaleo|Sunsteel Strike|p2a: Vigoroth\n|-damage|p2a: Vigoroth|191/275\n|\n|upkeep\n|turn|10\n|inactive|Time left: 300 sec this turn | 300 sec total\n|\n|t:|1783565861\n|move|p2a: Vigoroth|Bulk Up|p2a: Vigoroth\n|-boost|p2a: Vigoroth|atk|1\n|-boost|p2a: Vigoroth|def|1\n|move|p1a: Solgaleo|Flame Charge|p2a: Vigoroth\n|-damage|p2a: Vigoroth|172/275\n|-boost|p1a: Solgaleo|spe|1\n|\n|upkeep\n|turn|11\n|inactive|Time left: 300 sec this turn | 300 sec total\n|\n|t:|1783565862\n|move|p1a: Solgaleo|Knock Off|p2a: Vigoroth\n|-damage|p2a: Vigoroth|140/275\n|-enditem|p2a: Vigoroth|Eviolite|[from] move: Knock Off|[of] p1a: Solgaleo\n|move|p2a: Vigoroth|Bulk Up|p2a: Vigoroth\n|-boost|p2a: Vigoroth|atk|1\n|-boost|p2a: Vigoroth|def|1\n|\n|upkeep\n|turn|12\n|inactive|Time left: 300 sec this turn | 300 sec total\n|\n|t:|1783565863\n|move|p1a: Solgaleo|Sunsteel Strike|p2a: Vigoroth\n|-damage|p2a: Vigoroth|76/275\n|move|p2a: Vigoroth|Slack Off|p2a: Vigoroth\n|-heal|p2a: Vigoroth|214/275\n|\n|upkeep\n|turn|13\n|inactive|Time left: 300 sec this turn | 300 sec total\n|\n|t:|1783565865\n|move|p1a: Solgaleo|Flame Charge|p2a: Vigoroth\n|-damage|p2a: Vigoroth|196/275\n|-boost|p1a: Solgaleo|spe|1\n|move|p2a: Vigoroth|Knock Off|p1a: Solgaleo\n|-supereffective|p1a: Solgaleo\n|-damage|p1a: Solgaleo|3/100\n|-enditem|p1a: Solgaleo|Weakness Policy\n|-boost|p1a: Solgaleo|atk|2|[from] item: Weakness Policy\n|-boost|p1a: Solgaleo|spa|2|[from] item: Weakness Policy\n|\n|upkeep\n|turn|14\n|inactive|Time left: 300 sec this turn | 300 sec total\n|\n|t:|1783565866\n|move|p1a: Solgaleo|Sunsteel Strike|p2a: Vigoroth\n|-damage|p2a: Vigoroth|75/275\n|move|p2a: Vigoroth|Body Slam|p1a: Solgaleo\n|-resisted|p1a: Solgaleo\n|-damage|p1a: Solgaleo|0 fnt\n|faint|p1a: Solgaleo\n|\n|upkeep\n|\n|t:|1783565867\n|switch|p1a: Luvdisc|Luvdisc, F|100/100\n|turn|15\n|inactive|Time left: 300 sec this turn | 300 sec total\n|\n|t:|1783565868\n|switch|p2a: Frosmoth|Frosmoth, L82, M|249/249\n|move|p1a: Luvdisc|Surf|p2a: Frosmoth\n|-damage|p2a: Frosmoth|212/249\n|\n|upkeep\n|turn|16\n|inactive|Time left: 300 sec this turn | 300 sec total\n|\n|t:|1783565869\n|switch|p1a: Iron Thorns|Iron Thorns, L83|100/100\n|move|p2a: Frosmoth|Quiver Dance|p2a: Frosmoth\n|-boost|p2a: Frosmoth|spa|1\n|-boost|p2a: Frosmoth|spd|1\n|-boost|p2a: Frosmoth|spe|1\n|\n|upkeep\n|turn|17\n|inactive|Time left: 300 sec this turn | 300 sec total\n|\n|t:|1783565870\n|-terastallize|p2a: Frosmoth|Ground\n|move|p1a: Iron Thorns|Stone Edge|p2a: Frosmoth\n|-resisted|p2a: Frosmoth\n|-damage|p2a: Frosmoth|116/249\n|move|p2a: Frosmoth|Tera Blast|p1a: Iron Thorns|[anim] Tera Blast Ground\n|-supereffective|p1a: Iron Thorns\n|-damage|p1a: Iron Thorns|0 fnt\n|faint|p1a: Iron Thorns\n|-end|p1a: Iron Thorns|Quark Drive|[silent]\n|\n|upkeep\n|\n|t:|1783565871\n|switch|p1a: Squawkabilly|Squawkabilly-White, L89, F|100/100\n|turn|18\n|inactive|Time left: 300 sec this turn | 300 sec total\n|\n|t:|1783565872\n|-terastallize|p1a: Squawkabilly|Normal\n|move|p1a: Squawkabilly|Quick Attack|p2a: Frosmoth\n|-damage|p2a: Frosmoth|0 fnt\n|faint|p2a: Frosmoth\n|\n|upkeep\n|inactive|Time left: 300 sec this turn | 300 sec total | 5 sec grace\n|\n|t:|1783565872\n|switch|p2a: Medicham|Medicham, L86, F|243/243\n|turn|19\n|inactive|Time left: 300 sec this turn | 300 sec total\n|\n|t:|1783565873\n|move|p1a: Squawkabilly|Brave Bird|p2a: Medicham\n|-supereffective|p2a: Medicham\n|-damage|p2a: Medicham|0 fnt\n|faint|p2a: Medicham\n|-damage|p1a: Squawkabilly|73/100|[from] Recoil\n|\n|upkeep\n|inactive|Time left: 300 sec this turn | 300 sec total | 5 sec grace\n|\n|t:|1783565874\n|switch|p2a: Sableye|Sableye, L88, M|192/231\n|turn|20\n|inactive|Time left: 300 sec this turn | 300 sec total\n|\n|t:|1783565875\n|move|p2a: Sableye|Will-O-Wisp|p1a: Squawkabilly\n|-status|p1a: Squawkabilly|brn\n|move|p1a: Squawkabilly|Brave Bird|p2a: Sableye|[miss]\n|-miss|p1a: Squawkabilly|p2a: Sableye\n|\n|-damage|p1a: Squawkabilly|67/100 brn|[from] brn\n|upkeep\n|turn|21\n|inactive|Time left: 300 sec this turn | 300 sec total\n|\n|t:|1783565876\n|move|p1a: Squawkabilly|Brave Bird|p2a: Sableye\n|-damage|p2a: Sableye|84/231\n|-damage|p1a: Squawkabilly|54/100 brn|[from] Recoil\n|move|p2a: Sableye|Knock Off|p1a: Squawkabilly\n|-damage|p1a: Squawkabilly|7/100 brn\n|-enditem|p1a: Squawkabilly|Heavy-Duty Boots|[from] move: Knock Off|[of] p2a: Sableye\n|\n|-damage|p1a: Squawkabilly|0 fnt|[from] brn\n|faint|p1a: Squawkabilly\n|upkeep\n|\n|t:|1783565877\n|switch|p1a: Rhyperior|Rhyperior, L82, F|51/100\n|turn|22\n|inactive|Time left: 300 sec this turn | 300 sec total\n|\n|t:|1783565877\n|move|p2a: Sableye|Will-O-Wisp|p1a: Rhyperior|[miss]\n|-miss|p2a: Sableye|p1a: Rhyperior\n|move|p1a: Rhyperior|Earthquake|p2a: Sableye\n|-crit|p2a: Sableye\n|-damage|p2a: Sableye|0 fnt\n|faint|p2a: Sableye\n|\n|upkeep\n|inactive|Time left: 300 sec this turn | 300 sec total | 5 sec grace\n|\n|t:|1783565878\n|switch|p2a: Vigoroth|Vigoroth, L85, F|75/275\n|turn|23\n|inactive|Time left: 300 sec this turn | 300 sec total\n|\n|t:|1783565879\n|move|p2a: Vigoroth|Body Slam|p1a: Rhyperior\n|-resisted|p1a: Rhyperior\n|-damage|p1a: Rhyperior|42/100\n|move|p1a: Rhyperior|Earthquake|p2a: Vigoroth\n|-damage|p2a: Vigoroth|0 fnt\n|faint|p2a: Vigoroth\n|\n|upkeep\n|inactive|Time left: 300 sec this turn | 300 sec total | 5 sec grace\n|\n|t:|1783565880\n|switch|p2a: Garganacl|Garganacl, L80, M|291/291\n|turn|24\n|inactive|Time left: 300 sec this turn | 300 sec total\n|\n|t:|1783565881\n|move|p1a: Rhyperior|Earthquake|p2a: Garganacl\n|-supereffective|p2a: Garganacl\n|-damage|p2a: Garganacl|0 fnt\n|faint|p2a: Garganacl\n|\n|win|p0x2230819a", "uploadtime": 1783565881, "views": 0, "rating": 0, "private": 0, "password": null, "_winner": "p0x2230819a", "_our_name": "p0y2230cc20"}