{"id": "battle-gen9randombattle-799", "formatid": "gen9randombattle", "format": "[Gen 9] Random Battle", "players": ["p0x799c7c0", "p0y7999257"], "log": "|init|battle\n|title|p0x799c7c0 vs. p0y7999257\n|j|\u2606p0x799c7c0\n|j|\u2606p0y7999257\n|t:|1783549157\n|gametype|singles\n|player|p1|p0x799c7c0|1|\n|player|p2|p0y7999257|265|\n|gen|9\n|tier|[Gen 9] Random Battle\n|rule|Species Clause: Limit one of each Pok\u00e9mon\n|rule|HP Percentage Mod: HP is shown in percentages\n|rule|Sleep Clause Mod: Limit one foe put to sleep\n|rule|Illusion Level Mod: Illusion disguises the Pok\u00e9mon's true level\n|\n|t:|1783549157\n|teamsize|p1|6\n|teamsize|p2|6\n|start\n|switch|p1a: Rayquaza|Rayquaza, L72|100/100\n|switch|p2a: Annihilape|Annihilape, L76, M|292/292\n|-ability|p1a: Rayquaza|Air Lock\n|turn|1\n|inactive|Battle timer is ON: inactive players will automatically lose when time's up. (requested by p0y7999257)\n|inactive|p0x799c7c0 also wants the timer to be on.\n|\n|t:|1783549158\n|move|p2a: Annihilape|Bulk Up|p2a: Annihilape\n|-boost|p2a: Annihilape|atk|1\n|-boost|p2a: Annihilape|def|1\n|move|p1a: Rayquaza|Swords Dance|p1a: Rayquaza\n|-boost|p1a: Rayquaza|atk|2\n|\n|upkeep\n|turn|2\n|inactive|Time left: 300 sec this turn | 300 sec total\n|\n|t:|1783549159\n|-terastallize|p2a: Annihilape|Fairy\n|move|p2a: Annihilape|Bulk Up|p2a: Annihilape\n|-boost|p2a: Annihilape|atk|1\n|-boost|p2a: Annihilape|def|1\n|move|p1a: Rayquaza|Dragon Ascent|p2a: Annihilape\n|-damage|p2a: Annihilape|144/292\n|-unboost|p1a: Rayquaza|def|1\n|-unboost|p1a: Rayquaza|spd|1\n|\n|upkeep\n|turn|3\n|inactive|Time left: 300 sec this turn | 300 sec total\n|\n|t:|1783549160\n|move|p2a: Annihilape|Drain Punch|p1a: Rayquaza\n|-resisted|p1a: Rayquaza\n|-damage|p1a: Rayquaza|57/100\n|-heal|p2a: Annihilape|203/292|[from] drain|[of] p1a: Rayquaza\n|move|p1a: Rayquaza|Earthquake|p2a: Annihilape\n|-crit|p2a: Annihilape\n|-damage|p2a: Annihilape|0 fnt\n|faint|p2a: Annihilape\n|\n|upkeep\n|inactive|Time left: 300 sec this turn | 300 sec total | 5 sec grace\n|\n|t:|1783549161\n|switch|p2a: Bombirdier|Bombirdier, L85, F|258/258\n|turn|4\n|inactive|Time left: 300 sec this turn | 300 sec total\n|\n|t:|1783549162\n|switch|p1a: Malamar|Malamar, L82, F|100/100\n|move|p2a: Bombirdier|Knock Off|p1a: Malamar\n|-damage|p1a: Malamar|58/100\n|-enditem|p1a: Malamar|Chesto Berry|[from] move: Knock Off|[of] p2a: Bombirdier\n|\n|upkeep\n|turn|5\n|inactive|Time left: 300 sec this turn | 300 sec total\n|\n|t:|1783549164\n|move|p2a: Bombirdier|Knock Off|p1a: Malamar\n|-damage|p1a: Malamar|31/100\n|move|p1a: Malamar|Superpower|p2a: Bombirdier\n|-damage|p2a: Bombirdier|177/258\n|-boost|p1a: Malamar|atk|1\n|-boost|p1a: Malamar|def|1\n|\n|upkeep\n|turn|6\n|inactive|Time left: 300 sec this turn | 300 sec total\n|\n|t:|1783549165\n|-terastallize|p1a: Malamar|Steel\n|move|p2a: Bombirdier|Brave Bird|p1a: Malamar\n|-resisted|p1a: Malamar\n|-damage|p1a: Malamar|14/100\n|-damage|p2a: Bombirdier|161/258|[from] Recoil\n|move|p1a: Malamar|Superpower|p2a: Bombirdier\n|-damage|p2a: Bombirdier|48/258\n|-boost|p1a: Malamar|atk|1\n|-boost|p1a: Malamar|def|1\n|\n|upkeep\n|turn|7\n|inactive|Time left: 300 sec this turn | 300 sec total\n|\n|t:|1783549166\n|move|p2a: Bombirdier|Knock Off|p1a: Malamar\n|-damage|p1a: Malamar|0 fnt\n|faint|p1a: Malamar\n|\n|upkeep\n|\n|t:|1783549167\n|switch|p1a: Houndoom|Houndoom, L87, M|100/100\n|turn|8\n|inactive|Time left: 300 sec this turn | 300 sec total\n|\n|t:|1783549168\n|move|p1a: Houndoom|Fire Blast|p2a: Bombirdier\n|-damage|p2a: Bombirdier|0 fnt\n|faint|p2a: Bombirdier\n|\n|upkeep\n|inactive|Time left: 300 sec this turn | 300 sec total | 5 sec grace\n|\n|t:|1783549169\n|switch|p2a: Pawmot|Pawmot, L80, F|243/243\n|turn|9\n|inactive|Time left: 300 sec this turn | 300 sec total\n|\n|t:|1783549170\n|move|p1a: Houndoom|Fire Blast|p2a: Pawmot\n|-damage|p2a: Pawmot|48/243\n|move|p2a: Pawmot|Close Combat|p1a: Houndoom\n|-supereffective|p1a: Houndoom\n|-damage|p1a: Houndoom|0 fnt\n|-unboost|p2a: Pawmot|def|1\n|-unboost|p2a: Pawmot|spd|1\n|faint|p1a: Houndoom\n|-damage|p2a: Pawmot|24/243|[from] item: Life Orb\n|\n|upkeep\n|\n|t:|1783549171\n|switch|p1a: Gogoat|Gogoat, L88, F|100/100\n|turn|10\n|inactive|Time left: 300 sec this turn | 300 sec total\n|\n|t:|1783549172\n|switch|p2a: Arboliva|Arboliva, L91, F|290/290\n|move|p1a: Gogoat|Bulk Up|p1a: Gogoat\n|-boost|p1a: Gogoat|atk|1\n|-boost|p1a: Gogoat|def|1\n|\n|upkeep\n|turn|11\n|inactive|Time left: 300 sec this turn | 300 sec total\n|\n|t:|1783549173\n|move|p1a: Gogoat|Bulk Up|p1a: Gogoat\n|-boost|p1a: Gogoat|atk|1\n|-boost|p1a: Gogoat|def|1\n|move|p2a: Arboliva|Hyper Voice|p1a: Gogoat\n|-damage|p1a: Gogoat|59/100\n|\n|-heal|p1a: Gogoat|65/100|[from] item: Leftovers\n|upkeep\n|turn|12\n|inactive|Time left: 300 sec this turn | 300 sec total\n|\n|t:|1783549174\n|move|p1a: Gogoat|Horn Leech|p2a: Arboliva\n|-resisted|p2a: Arboliva\n|-damage|p2a: Arboliva|214/290\n|-heal|p1a: Gogoat|76/100|[from] drain|[of] p2a: Arboliva\n|-fieldstart|move: Grassy Terrain|[from] ability: Seed Sower|[of] p2a: Arboliva\n|move|p2a: Arboliva|Hyper Voice|p1a: Gogoat\n|-damage|p1a: Gogoat|37/100\n|\n|-heal|p1a: Gogoat|43/100|[from] Grassy Terrain\n|-heal|p1a: Gogoat|49/100|[from] item: Leftovers\n|-heal|p2a: Arboliva|232/290|[from] Grassy Terrain\n|-heal|p2a: Arboliva|250/290|[from] item: Leftovers\n|upkeep\n|turn|13\n|inactive|Time left: 300 sec this turn | 300 sec total\n|\n|t:|1783549175\n|move|p1a: Gogoat|Horn Leech|p2a: Arboliva\n|-resisted|p2a: Arboliva\n|-damage|p2a: Arboliva|150/290\n|-heal|p1a: Gogoat|63/100|[from] drain|[of] p2a: Arboliva\n|move|p2a: Arboliva|Hyper Voice|p1a: Gogoat\n|-damage|p1a: Gogoat|24/100\n|\n|-heal|p1a: Gogoat|30/100|[from] Grassy Terrain\n|-heal|p1a: Gogoat|36/100|[from] item: Leftovers\n|-heal|p2a: Arboliva|168/290|[from] Grassy Terrain\n|-heal|p2a: Arboliva|186/290|[from] item: Leftovers\n|upkeep\n|turn|14\n|inactive|Time left: 300 sec this turn | 300 sec total\n|\n|t:|1783549176\n|move|p1a: Gogoat|Milk Drink|p1a: Gogoat\n|-heal|p1a: Gogoat|86/100\n|move|p2a: Arboliva|Hyper Voice|p1a: Gogoat\n|-damage|p1a: Gogoat|46/100\n|\n|-heal|p1a: Gogoat|52/100|[from] Grassy Terrain\n|-heal|p1a: Gogoat|58/100|[from] item: Leftovers\n|-heal|p2a: Arboliva|204/290|[from] Grassy Terrain\n|-heal|p2a: Arboliva|222/290|[from] item: Leftovers\n|upkeep\n|turn|15\n|inactive|Time left: 300 sec this turn | 300 sec total\n|\n|t:|1783549178\n|move|p1a: Gogoat|Horn Leech|p2a: Arboliva\n|-resisted|p2a: Arboliva\n|-damage|p2a: Arboliva|120/290\n|-heal|p1a: Gogoat|72/100|[from] drain|[of] p2a: Arboliva\n|move|p2a: Arboliva|Hyper Voice|p1a: Gogoat\n|-damage|p1a: Gogoat|36/100\n|\n|-heal|p1a: Gogoat|42/100|[from] Grassy Terrain\n|-heal|p1a: Gogoat|49/100|[from] item: Leftovers\n|-heal|p2a: Arboliva|138/290|[from] Grassy Terrain\n|-heal|p2a: Arboliva|156/290|[from] item: Leftovers\n|upkeep\n|turn|16\n|inactive|Time left: 300 sec this turn | 300 sec total\n|\n|t:|1783549179\n|move|p1a: Gogoat|Horn Leech|p2a: Arboliva\n|-resisted|p2a: Arboliva\n|-damage|p2a: Arboliva|47/290\n|-heal|p1a: Gogoat|64/100|[from] drain|[of] p2a: Arboliva\n|move|p2a: Arboliva|Hyper Voice|p1a: Gogoat\n|-damage|p1a: Gogoat|27/100\n|\n|-heal|p1a: Gogoat|33/100|[from] Grassy Terrain\n|-heal|p1a: Gogoat|39/100|[from] item: Leftovers\n|-heal|p2a: Arboliva|65/290|[from] Grassy Terrain\n|-heal|p2a: Arboliva|83/290|[from] item: Leftovers\n|-fieldend|move: Grassy Terrain\n|upkeep\n|turn|17\n|inactive|Time left: 300 sec this turn | 300 sec total\n|\n|t:|1783549180\n|switch|p2a: Jumpluff|Jumpluff, L87, F|271/271\n|move|p1a: Gogoat|Horn Leech|p2a: Jumpluff\n|-resisted|p2a: Jumpluff\n|-damage|p2a: Jumpluff|224/271\n|-heal|p1a: Gogoat|46/100|[from] drain|[of] p2a: Jumpluff\n|\n|-heal|p1a: Gogoat|52/100|[from] item: Leftovers\n|upkeep\n|turn|18\n|inactive|Time left: 300 sec this turn | 300 sec total\n|\n|t:|1783549181\n|move|p2a: Jumpluff|Acrobatics|p1a: Gogoat\n|-supereffective|p1a: Gogoat\n|-damage|p1a: Gogoat|23/100\n|move|p1a: Gogoat|Horn Leech|p2a: Jumpluff\n|-resisted|p2a: Jumpluff\n|-damage|p2a: Jumpluff|176/271\n|-heal|p1a: Gogoat|30/100|[from] drain|[of] p2a: Jumpluff\n|\n|-heal|p1a: Gogoat|36/100|[from] item: Leftovers\n|upkeep\n|turn|19\n|inactive|Time left: 300 sec this turn | 300 sec total\n|\n|t:|1783549182\n|move|p2a: Jumpluff|Acrobatics|p1a: Gogoat\n|-supereffective|p1a: Gogoat\n|-damage|p1a: Gogoat|7/100\n|move|p1a: Gogoat|Milk Drink|p1a: Gogoat\n|-heal|p1a: Gogoat|57/100\n|\n|-heal|p1a: Gogoat|63/100|[from] item: Leftovers\n|upkeep\n|turn|20\n|inactive|Time left: 300 sec this turn | 300 sec total\n|\n|t:|1783549183\n|move|p2a: Jumpluff|Encore|p1a: Gogoat\n|-start|p1a: Gogoat|Encore\n|move|p1a: Gogoat|Milk Drink|p1a: Gogoat\n|-heal|p1a: Gogoat|100/100\n|\n|upkeep\n|turn|21\n|inactive|Time left: 300 sec this turn | 300 sec total\n|\n|t:|1783549184\n|switch|p2a: Arboliva|Arboliva, L91, F|83/290\n|move|p1a: Gogoat|Milk Drink||[still]\n|-fail|p1a: Gogoat|heal\n|\n|-heal|p2a: Arboliva|101/290|[from] item: Leftovers\n|upkeep\n|turn|22\n|inactive|Time left: 300 sec this turn | 300 sec total\n|\n|t:|1783549184\n|switch|p2a: Jumpluff|Jumpluff, L87, F|176/271\n|move|p1a: Gogoat|Milk Drink||[still]\n|-fail|p1a: Gogoat|heal\n|\n|-end|p1a: Gogoat|Encore\n|upkeep\n|turn|23\n|inactive|Time left: 300 sec this turn | 300 sec total\n|\n|t:|1783549185\n|move|p2a: Jumpluff|Encore|p1a: Gogoat\n|-start|p1a: Gogoat|Encore\n|move|p1a: Gogoat|Milk Drink||[still]\n|-fail|p1a: Gogoat|heal\n|\n|upkeep\n|turn|24\n|inactive|Time left: 300 sec this turn | 300 sec total\n|\n|t:|1783549187\n|switch|p2a: Arboliva|Arboliva, L91, F|101/290\n|switch|p1a: Gumshoos|Gumshoos, L95, F|100/100\n|\n|-heal|p2a: Arboliva|119/290|[from] item: Leftovers\n|upkeep\n|turn|25\n|inactive|Time left: 300 sec this turn | 300 sec total\n|\n|t:|1783549188\n|switch|p2a: Pawmot|Pawmot, L80, F|24/243\n|move|p1a: Gumshoos|Double-Edge|p2a: Pawmot\n|-damage|p2a: Pawmot|0 fnt\n|faint|p2a: Pawmot\n|-damage|p1a: Gumshoos|98/100|[from] Recoil\n|\n|upkeep\n|inactive|Time left: 300 sec this turn | 300 sec total | 5 sec grace\n|\n|t:|1783549189\n|switch|p2a: Jumpluff|Jumpluff, L87, F|176/271\n|turn|26\n|inactive|Time left: 300 sec this turn | 300 sec total\n|\n|t:|1783549190\n|move|p2a: Jumpluff|Sleep Powder|p1a: Gumshoos\n|-status|p1a: Gumshoos|slp|[from] move: Sleep Powder\n|cant|p1a: Gumshoos|slp\n|\n|upkeep\n|turn|27\n|inactive|Time left: 300 sec this turn | 300 sec total\n|\n|t:|1783549191\n|move|p2a: Jumpluff|Strength Sap|p1a: Gumshoos\n|-unboost|p1a: Gumshoos|atk|1\n|-heal|p2a: Jumpluff|271/271\n|-curestatus|p1a: Gumshoos|slp|[msg]\n|move|p1a: Gumshoos|Double-Edge|p2a: Jumpluff\n|-damage|p2a: Jumpluff|11/271\n|-damage|p1a: Gumshoos|71/100|[from] Recoil\n|\n|upkeep\n|turn|28\n|inactive|Time left: 300 sec this turn | 300 sec total\n|\n|t:|1783549192\n|move|p2a: Jumpluff|Acrobatics|p1a: Gumshoos\n|-damage|p1a: Gumshoos|40/100\n|move|p1a: Gumshoos|Double-Edge|p2a: Jumpluff\n|-damage|p2a: Jumpluff|0 fnt\n|faint|p2a: Jumpluff\n|-damage|p1a: Gumshoos|39/100|[from] Recoil\n|\n|upkeep\n|inactive|Time left: 300 sec this turn | 300 sec total | 5 sec grace\n|\n|t:|1783549193\n|switch|p2a: Meowstic|Meowstic-F, L89, F|277/277\n|turn|29\n|inactive|Time left: 300 sec this turn | 300 sec total\n|\n|t:|1783549194\n|move|p2a: Meowstic|Psychic|p1a: Gumshoos\n|-damage|p1a: Gumshoos|0 fnt\n|faint|p1a: Gumshoos\n|-damage|p2a: Meowstic|250/277|[from] item: Life Orb\n|\n|upkeep\n|\n|t:|1783549195\n|switch|p1a: Rayquaza|Rayquaza, L72|57/100\n|-ability|p1a: Rayquaza|Air Lock\n|turn|30\n|inactive|Time left: 300 sec this turn | 300 sec total\n|\n|t:|1783549196\n|move|p2a: Meowstic|Nasty Plot|p2a: Meowstic\n|-boost|p2a: Meowstic|spa|2\n|move|p1a: Rayquaza|Scale Shot|p2a: Meowstic\n|-damage|p2a: Meowstic|220/277\n|-damage|p2a: Meowstic|192/277\n|-damage|p2a: Meowstic|162/277\n|-damage|p2a: Meowstic|135/277\n|-hitcount|p2a: Meowstic|4\n|-unboost|p1a: Rayquaza|def|1\n|-boost|p1a: Rayquaza|spe|1\n|\n|upkeep\n|turn|31\n|inactive|Time left: 300 sec this turn | 300 sec total\n|\n|t:|1783549197\n|move|p1a: Rayquaza|Dragon Ascent|p2a: Meowstic\n|-damage|p2a: Meowstic|6/277\n|-unboost|p1a: Rayquaza|def|1\n|-unboost|p1a: Rayquaza|spd|1\n|move|p2a: Meowstic|Dark Pulse|p1a: Rayquaza\n|-damage|p1a: Rayquaza|0 fnt\n|faint|p1a: Rayquaza\n|-damage|p2a: Meowstic|0 fnt|[from] item: Life Orb\n|faint|p2a: Meowstic\n|\n|upkeep\n|inactive|Time left: 300 sec this turn | 300 sec total | 5 sec grace\n|\n|t:|1783549198\n|switch|p2a: Arboliva|Arboliva, L91, F|119/290\n|switch|p1a: Gogoat|Gogoat, L88, F|100/100\n|turn|32\n|inactive|Time left: 300 sec this turn | 300 sec total\n|\n|t:|1783549200\n|move|p1a: Gogoat|Bulk Up|p1a: Gogoat\n|-boost|p1a: Gogoat|atk|1\n|-boost|p1a: Gogoat|def|1\n|move|p2a: Arboliva|Hyper Voice|p1a: Gogoat\n|-damage|p1a: Gogoat|65/100\n|\n|-heal|p1a: Gogoat|71/100|[from] item: Leftovers\n|-heal|p2a: Arboliva|137/290|[from] item: Leftovers\n|upkeep\n|turn|33\n|inactive|Time left: 300 sec this turn | 300 sec total\n|\n|t:|1783549201\n|move|p1a: Gogoat|Horn Leech|p2a: Arboliva\n|-resisted|p2a: Arboliva\n|-damage|p2a: Arboliva|74/290\n|-heal|p1a: Gogoat|80/100|[from] drain|[of] p2a: Arboliva\n|-fieldstart|move: Grassy Terrain|[from] ability: Seed Sower|[of] p2a: Arboliva\n|move|p2a: Arboliva|Hyper Voice|p1a: Gogoat\n|-damage|p1a: Gogoat|44/100\n|\n|-heal|p1a: Gogoat|50/100|[from] Grassy Terrain\n|-heal|p1a: Gogoat|56/100|[from] item: Leftovers\n|-heal|p2a: Arboliva|92/290|[from] Grassy Terrain\n|-heal|p2a: Arboliva|110/290|[from] item: Leftovers\n|upkeep\n|turn|34\n|inactive|Time left: 300 sec this turn | 300 sec total\n|\n|t:|1783549202\n|move|p1a: Gogoat|Horn Leech|p2a: Arboliva\n|-resisted|p2a: Arboliva\n|-damage|p2a: Arboliva|32/290\n|-heal|p1a: Gogoat|67/100|[from] drain|[of] p2a: Arboliva\n|move|p2a: Arboliva|Earth Power|p1a: Gogoat\n|-resisted|p1a: Gogoat\n|-damage|p1a: Gogoat|55/100\n|\n|-heal|p1a: Gogoat|61/100|[from] Grassy Terrain\n|-heal|p1a: Gogoat|67/100|[from] item: Leftovers\n|-heal|p2a: Arboliva|50/290|[from] Grassy Terrain\n|-heal|p2a: Arboliva|68/290|[from] item: Leftovers\n|upkeep\n|turn|35\n|inactive|Time left: 300 sec this turn | 300 sec total\n|\n|t:|1783549203\n|move|p1a: Gogoat|Horn Leech|p2a: Arboliva\n|-resisted|p2a: Arboliva\n|-damage|p2a: Arboliva|0 fnt\n|-heal|p1a: Gogoat|77/100|[from] drain|[of] p2a: Arboliva\n|faint|p2a: Arboliva\n|\n|win|p0x799c7c0", "uploadtime": 1783549203, "views": 0, "rating": 0, "private": 0, "password": null, "_winner": "p0x799c7c0", "_our_name": "p0y7999257"}