{"id": "battle-gen9randombattle-997", "formatid": "gen9randombattle", "format": "[Gen 9] Random Battle", "players": ["p0x9973bc5", "p0y997616e"], "log": "|init|battle\n|title|p0x9973bc5 vs. p0y997616e\n|j|\u2606p0x9973bc5\n|j|\u2606p0y997616e\n|t:|1783551484\n|gametype|singles\n|player|p1|p0x9973bc5|169|\n|player|p2|p0y997616e|101|\n|gen|9\n|tier|[Gen 9] Random Battle\n|rule|Species Clause: Limit one of each Pok\u00e9mon\n|rule|HP Percentage Mod: HP is shown in percentages\n|rule|Sleep Clause Mod: Limit one foe put to sleep\n|rule|Illusion Level Mod: Illusion disguises the Pok\u00e9mon's true level\n|\n|t:|1783551484\n|teamsize|p1|6\n|teamsize|p2|6\n|start\n|switch|p1a: Dipplin|Dipplin, L88, M|284/284\n|switch|p2a: Espathra|Espathra, L80, F|100/100\n|turn|1\n|inactive|Battle timer is ON: inactive players will automatically lose when time's up. (requested by p0x9973bc5)\n|inactive|p0y997616e also wants the timer to be on.\n|\n|t:|1783551486\n|switch|p1a: Slaking|Slaking, L84, M|389/389\n|move|p2a: Espathra|Lumina Crash|p1a: Slaking\n|-damage|p1a: Slaking|224/389\n|-unboost|p1a: Slaking|spd|2\n|\n|-ability|p2a: Espathra|Speed Boost|boost\n|-boost|p2a: Espathra|spe|1\n|upkeep\n|turn|2\n|inactive|Time left: 300 sec this turn | 300 sec total\n|\n|t:|1783551487\n|switch|p1a: Dipplin|Dipplin, L88, M|235/235\n|move|p2a: Espathra|Lumina Crash|p1a: Dipplin\n|-immune|p1a: Dipplin\n|\n|-ability|p2a: Espathra|Speed Boost|boost\n|-boost|p2a: Espathra|spe|1\n|upkeep\n|turn|3\n|inactive|Time left: 300 sec this turn | 300 sec total\n|\n|t:|1783551487\n|switch|p2a: Blissey|Blissey, L85, F|100/100\n|move|p1a: Dipplin|Dark Pulse|p2a: Blissey\n|-damage|p2a: Blissey|83/100\n|\n|-heal|p2a: Blissey|89/100|[from] item: Leftovers\n|upkeep\n|turn|4\n|inactive|Time left: 300 sec this turn | 300 sec total\n|\n|t:|1783551488\n|switch|p1a: Slaking|Slaking, L84, M|224/389\n|move|p2a: Blissey|Seismic Toss|p1a: Slaking\n|-damage|p1a: Slaking|139/389\n|\n|-heal|p2a: Blissey|95/100|[from] item: Leftovers\n|upkeep\n|turn|5\n|inactive|Time left: 300 sec this turn | 300 sec total\n|\n|t:|1783551489\n|switch|p2a: Hippowdon|Hippowdon, L82, M|100/100\n|-weather|Sandstorm|[from] ability: Sand Stream|[of] p2a: Hippowdon\n|move|p1a: Slaking|Giga Impact|p2a: Hippowdon\n|-damage|p2a: Hippowdon|0 fnt\n|-mustrecharge|p1a: Slaking\n|-damage|p1a: Slaking|75/389|[from] item: Rocky Helmet|[of] p2a: Hippowdon\n|faint|p2a: Hippowdon\n|\n|-weather|Sandstorm|[upkeep]\n|-damage|p1a: Slaking|51/389|[from] Sandstorm\n|upkeep\n|\n|t:|1783551490\n|switch|p2a: Blissey|Blissey, L85, F|95/100\n|turn|6\n|inactive|Time left: 300 sec this turn | 300 sec total\n|\n|t:|1783551491\n|cant|p1a: Slaking|recharge\n|move|p2a: Blissey|Seismic Toss|p1a: Slaking\n|-damage|p1a: Slaking|0 fnt\n|faint|p1a: Slaking\n|\n|-weather|Sandstorm|[upkeep]\n|-damage|p2a: Blissey|89/100|[from] Sandstorm\n|-heal|p2a: Blissey|95/100|[from] item: Leftovers\n|upkeep\n|inactive|Time left: 300 sec this turn | 300 sec total | 5 sec grace\n|\n|t:|1783551491\n|switch|p1a: Klawf|Klawf, L90, F|272/272\n|turn|7\n|inactive|Time left: 300 sec this turn | 300 sec total\n|\n|t:|1783551492\n|move|p1a: Klawf|Swords Dance|p1a: Klawf\n|-boost|p1a: Klawf|atk|2\n|move|p2a: Blissey|Seismic Toss|p1a: Klawf\n|-damage|p1a: Klawf|187/272\n|\n|-weather|Sandstorm|[upkeep]\n|-damage|p2a: Blissey|89/100|[from] Sandstorm\n|-heal|p2a: Blissey|95/100|[from] item: Leftovers\n|upkeep\n|turn|8\n|inactive|Time left: 300 sec this turn | 300 sec total\n|\n|t:|1783551493\n|switch|p2a: Yanmega|Yanmega, L82, M|100/100\n|move|p1a: Klawf|Stone Edge|p2a: Yanmega\n|-supereffective|p2a: Yanmega\n|-damage|p2a: Yanmega|0 fnt\n|faint|p2a: Yanmega\n|\n|-weather|Sandstorm|[upkeep]\n|upkeep\n|\n|t:|1783551494\n|switch|p2a: Tropius|Tropius, L91, M|100/100\n|turn|9\n|inactive|Time left: 300 sec this turn | 300 sec total\n|\n|t:|1783551495\n|-terastallize|p2a: Tropius|Ground\n|move|p1a: Klawf|Crabhammer|p2a: Tropius|[miss]\n|-miss|p1a: Klawf|p2a: Tropius\n|move|p2a: Tropius|Dragon Dance|p2a: Tropius\n|-boost|p2a: Tropius|atk|1\n|-boost|p2a: Tropius|spe|1\n|\n|-weather|none\n|upkeep\n|turn|10\n|inactive|Time left: 300 sec this turn | 300 sec total\n|\n|t:|1783551496\n|switch|p1a: Dipplin|Dipplin, L88, M|284/284\n|move|p2a: Tropius|Leaf Blade|p1a: Dipplin\n|-resisted|p1a: Dipplin\n|-crit|p1a: Dipplin\n|-damage|p1a: Dipplin|256/284\n|\n|upkeep\n|turn|11\n|inactive|Time left: 300 sec this turn | 300 sec total\n|\n|t:|1783551497\n|move|p2a: Tropius|Dragon Dance|p2a: Tropius\n|-boost|p2a: Tropius|atk|1\n|-boost|p2a: Tropius|spe|1\n|move|p1a: Dipplin|Giga Drain|p2a: Tropius\n|-supereffective|p2a: Tropius\n|-damage|p2a: Tropius|51/100\n|-heal|p1a: Dipplin|284/284|[from] drain|[of] p2a: Tropius\n|\n|upkeep\n|turn|12\n|inactive|Time left: 300 sec this turn | 300 sec total\n|\n|t:|1783551498\n|move|p2a: Tropius|Dual Wingbeat|p1a: Dipplin\n|-supereffective|p1a: Dipplin\n|-damage|p1a: Dipplin|194/284\n|-supereffective|p1a: Dipplin\n|-damage|p1a: Dipplin|116/284\n|-hitcount|p1a: Dipplin|2\n|move|p1a: Dipplin|Giga Drain|p2a: Tropius\n|-supereffective|p2a: Tropius\n|-damage|p2a: Tropius|5/100\n|-heal|p1a: Dipplin|192/284|[from] drain|[of] p2a: Tropius\n|-enditem|p2a: Tropius|Sitrus Berry|[eat]\n|-heal|p2a: Tropius|30/100|[from] item: Sitrus Berry\n|\n|-item|p2a: Tropius|Sitrus Berry|[from] ability: Harvest\n|upkeep\n|-enditem|p2a: Tropius|Sitrus Berry|[eat]\n|-heal|p2a: Tropius|55/100|[from] item: Sitrus Berry\n|turn|13\n|inactive|Time left: 300 sec this turn | 300 sec total\n|\n|t:|1783551499\n|move|p2a: Tropius|Dual Wingbeat|p1a: Dipplin\n|-supereffective|p1a: Dipplin\n|-damage|p1a: Dipplin|114/284\n|-supereffective|p1a: Dipplin\n|-damage|p1a: Dipplin|28/284\n|-hitcount|p1a: Dipplin|2\n|move|p1a: Dipplin|Giga Drain|p2a: Tropius\n|-supereffective|p2a: Tropius\n|-damage|p2a: Tropius|4/100\n|-heal|p1a: Dipplin|112/284|[from] drain|[of] p2a: Tropius\n|\n|upkeep\n|turn|14\n|inactive|Time left: 300 sec this turn | 300 sec total\n|\n|t:|1783551500\n|move|p1a: Dipplin|Sucker Punch|p2a: Tropius\n|-damage|p2a: Tropius|0 fnt\n|faint|p2a: Tropius\n|\n|upkeep\n|\n|t:|1783551501\n|switch|p2a: Espathra|Espathra, L80, F|100/100\n|turn|15\n|inactive|Time left: 300 sec this turn | 300 sec total\n|\n|t:|1783551502\n|move|p2a: Espathra|Lumina Crash|p1a: Dipplin\n|-damage|p1a: Dipplin|27/284\n|-unboost|p1a: Dipplin|spd|2\n|move|p1a: Dipplin|Giga Drain|p2a: Espathra\n|-damage|p2a: Espathra|59/100\n|-heal|p1a: Dipplin|86/284|[from] drain|[of] p2a: Espathra\n|\n|-ability|p2a: Espathra|Speed Boost|boost\n|-boost|p2a: Espathra|spe|1\n|upkeep\n|turn|16\n|inactive|Time left: 300 sec this turn | 300 sec total\n|\n|t:|1783551504\n|switch|p1a: Klawf|Klawf, L90, F|235/235\n|move|p2a: Espathra|Lumina Crash|p1a: Klawf\n|-immune|p1a: Klawf\n|\n|-ability|p2a: Espathra|Speed Boost|boost\n|-boost|p2a: Espathra|spe|1\n|upkeep\n|turn|17\n|inactive|Time left: 300 sec this turn | 300 sec total\n|\n|t:|1783551505\n|switch|p2a: Blissey|Blissey, L85, F|95/100\n|move|p1a: Klawf|Dark Pulse|p2a: Blissey\n|-damage|p2a: Blissey|78/100\n|\n|-heal|p2a: Blissey|84/100|[from] item: Leftovers\n|upkeep\n|turn|18\n|inactive|Time left: 300 sec this turn | 300 sec total\n|\n|t:|1783551506\n|move|p1a: Klawf|Dark Pulse|p2a: Blissey\n|-damage|p2a: Blissey|65/100\n|move|p2a: Blissey|Seismic Toss|p1a: Klawf\n|-damage|p1a: Klawf|150/235\n|replace|p1a: Zoroark|Zoroark, L83, M\n|-end|p1a: Zoroark|Illusion\n|-hint|Illusion Level Mod is active, so this Pok\u00e9mon's true level was hidden.\n|\n|-heal|p2a: Blissey|71/100|[from] item: Leftovers\n|upkeep\n|turn|19\n|inactive|Time left: 300 sec this turn | 300 sec total\n|\n|t:|1783551507\n|switch|p1a: Hitmonchan|Hitmonchan, L87, M|229/229\n|move|p2a: Blissey|Thunder Wave|p1a: Hitmonchan|[miss]\n|-miss|p2a: Blissey|p1a: Hitmonchan\n|\n|-heal|p2a: Blissey|78/100|[from] item: Leftovers\n|upkeep\n|turn|20\n|inactive|Time left: 300 sec this turn | 300 sec total\n|\n|t:|1783551508\n|switch|p2a: Uxie|Uxie, L83|100/100\n|move|p1a: Hitmonchan|Drain Punch|p2a: Uxie\n|-resisted|p2a: Uxie\n|-damage|p2a: Uxie|85/100\n|\n|-heal|p2a: Uxie|91/100|[from] item: Leftovers\n|upkeep\n|turn|21\n|inactive|Time left: 300 sec this turn | 300 sec total\n|\n|t:|1783551509\n|move|p2a: Uxie|Psychic Noise|p1a: Hitmonchan\n|-supereffective|p1a: Hitmonchan\n|-damage|p1a: Hitmonchan|161/229\n|-start|p1a: Hitmonchan|move: Heal Block\n|move|p1a: Hitmonchan|Knock Off|p2a: Uxie\n|-supereffective|p2a: Uxie\n|-damage|p2a: Uxie|44/100\n|-enditem|p2a: Uxie|Leftovers|[from] move: Knock Off|[of] p1a: Hitmonchan\n|\n|upkeep\n|turn|22\n|inactive|Time left: 300 sec this turn | 300 sec total\n|\n|t:|1783551511\n|move|p2a: Uxie|Thunder Wave|p1a: Hitmonchan\n|-status|p1a: Hitmonchan|par\n|move|p1a: Hitmonchan|Knock Off|p2a: Uxie\n|-supereffective|p2a: Uxie\n|-damage|p2a: Uxie|16/100\n|\n|-end|p1a: Hitmonchan|move: Heal Block\n|upkeep\n|turn|23\n|inactive|Time left: 300 sec this turn | 300 sec total\n|\n|t:|1783551512\n|move|p2a: Uxie|Psychic Noise|p1a: Hitmonchan\n|-supereffective|p1a: Hitmonchan\n|-damage|p1a: Hitmonchan|93/229 par\n|-start|p1a: Hitmonchan|move: Heal Block\n|move|p1a: Hitmonchan|Rapid Spin|p2a: Uxie\n|-damage|p2a: Uxie|5/100\n|-boost|p1a: Hitmonchan|spe|1\n|\n|upkeep\n|turn|24\n|inactive|Time left: 300 sec this turn | 300 sec total\n|\n|t:|1783551514\n|move|p2a: Uxie|Psychic Noise|p1a: Hitmonchan\n|-supereffective|p1a: Hitmonchan\n|-damage|p1a: Hitmonchan|15/229 par\n|move|p1a: Hitmonchan|Knock Off|p2a: Uxie\n|-supereffective|p2a: Uxie\n|-damage|p2a: Uxie|0 fnt\n|faint|p2a: Uxie\n|\n|-end|p1a: Hitmonchan|move: Heal Block\n|upkeep\n|\n|t:|1783551515\n|switch|p2a: Espathra|Espathra, L80, F|59/100\n|turn|25\n|inactive|Time left: 300 sec this turn | 300 sec total\n|\n|t:|1783551515\n|move|p2a: Espathra|Lumina Crash|p1a: Hitmonchan\n|-supereffective|p1a: Hitmonchan\n|-damage|p1a: Hitmonchan|0 fnt\n|faint|p1a: Hitmonchan\n|\n|-ability|p2a: Espathra|Speed Boost|boost\n|-boost|p2a: Espathra|spe|1\n|upkeep\n|inactive|Time left: 300 sec this turn | 300 sec total | 5 sec grace\n|\n|t:|1783551516\n|switch|p1a: Okidogi|Okidogi, L77, M|262/262\n|turn|26\n|inactive|Time left: 300 sec this turn | 300 sec total\n|\n|t:|1783551517\n|switch|p2a: Blissey|Blissey, L85, F|78/100\n|-terastallize|p1a: Okidogi|Dark\n|move|p1a: Okidogi|Knock Off|p2a: Blissey\n|-damage|p2a: Blissey|24/100\n|-enditem|p2a: Blissey|Leftovers|[from] move: Knock Off|[of] p1a: Okidogi\n|\n|upkeep\n|turn|27\n|inactive|Time left: 300 sec this turn | 300 sec total\n|\n|t:|1783551519\n|switch|p2a: Espathra|Espathra, L80, F|59/100\n|move|p1a: Okidogi|Knock Off|p2a: Espathra\n|-supereffective|p2a: Espathra\n|-damage|p2a: Espathra|0 fnt\n|-enditem|p2a: Espathra|Choice Specs|[from] move: Knock Off|[of] p1a: Okidogi\n|faint|p2a: Espathra\n|\n|upkeep\n|\n|t:|1783551520\n|switch|p2a: Blissey|Blissey, L85, F|24/100\n|turn|28\n|inactive|Time left: 300 sec this turn | 300 sec total\n|\n|t:|1783551520\n|move|p1a: Okidogi|Knock Off|p2a: Blissey\n|-damage|p2a: Blissey|0 fnt\n|faint|p2a: Blissey\n|\n|win|p0x9973bc5", "uploadtime": 1783551520, "views": 0, "rating": 0, "private": 0, "password": null, "_winner": "p0x9973bc5", "_our_name": "p0x9973bc5"}