{"id": "battle-gen9randombattle-1231", "formatid": "gen9randombattle", "format": "[Gen 9] Random Battle", "players": ["p0x123195ad", "p0y1231b4f0"], "log": "|init|battle\n|title|p0x123195ad vs. p0y1231b4f0\n|j|\u2606p0x123195ad\n|j|\u2606p0y1231b4f0\n|t:|1783554240\n|gametype|singles\n|player|p1|p0x123195ad|2|\n|player|p2|p0y1231b4f0|169|\n|gen|9\n|tier|[Gen 9] Random Battle\n|rule|Species Clause: Limit one of each Pok\u00e9mon\n|rule|HP Percentage Mod: HP is shown in percentages\n|rule|Sleep Clause Mod: Limit one foe put to sleep\n|rule|Illusion Level Mod: Illusion disguises the Pok\u00e9mon's true level\n|\n|t:|1783554240\n|teamsize|p1|6\n|teamsize|p2|6\n|start\n|switch|p1a: Arcanine|Arcanine-Hisui, L79, M|100/100\n|switch|p2a: Arboliva|Arboliva, L91, F|290/290\n|turn|1\n|inactive|Battle timer is ON: inactive players will automatically lose when time's up. (requested by p0x123195ad)\n|inactive|Time left: 300 sec this turn | 300 sec total | 60 sec grace\n|inactive|p0y1231b4f0 also wants the timer to be on.\n|\n|t:|1783554242\n|move|p1a: Arcanine|Flare Blitz|p2a: Arboliva\n|-supereffective|p2a: Arboliva\n|-damage|p2a: Arboliva|0 fnt\n|-fieldstart|move: Grassy Terrain|[from] ability: Seed Sower|[of] p2a: Arboliva\n|faint|p2a: Arboliva\n|\n|upkeep\n|inactive|Time left: 300 sec this turn | 300 sec total | 65 sec grace\n|\n|t:|1783554243\n|switch|p2a: Manaphy|Manaphy, L78|284/284\n|turn|2\n|inactive|Time left: 300 sec this turn | 300 sec total\n|\n|t:|1783554244\n|switch|p1a: Jirachi|Jirachi, L80|100/100\n|move|p2a: Manaphy|Tail Glow|p2a: Manaphy\n|-boost|p2a: Manaphy|spa|3\n|\n|upkeep\n|turn|3\n|inactive|Time left: 300 sec this turn | 300 sec total\n|\n|t:|1783554245\n|move|p1a: Jirachi|Body Slam|p2a: Manaphy\n|-damage|p2a: Manaphy|232/284\n|move|p2a: Manaphy|Hydro Pump|p1a: Jirachi\n|-damage|p1a: Jirachi|17/100\n|\n|-heal|p1a: Jirachi|23/100|[from] Grassy Terrain\n|-heal|p1a: Jirachi|29/100|[from] item: Leftovers\n|-heal|p2a: Manaphy|249/284|[from] Grassy Terrain\n|-heal|p2a: Manaphy|266/284|[from] item: Leftovers\n|upkeep\n|turn|4\n|inactive|Time left: 300 sec this turn | 300 sec total\n|\n|t:|1783554247\n|move|p1a: Jirachi|Iron Head|p2a: Manaphy\n|-resisted|p2a: Manaphy\n|-damage|p2a: Manaphy|228/284\n|move|p2a: Manaphy|Hydro Pump|p1a: Jirachi|[miss]\n|-miss|p2a: Manaphy|p1a: Jirachi\n|\n|-heal|p1a: Jirachi|35/100|[from] Grassy Terrain\n|-heal|p1a: Jirachi|41/100|[from] item: Leftovers\n|-heal|p2a: Manaphy|245/284|[from] Grassy Terrain\n|-heal|p2a: Manaphy|262/284|[from] item: Leftovers\n|upkeep\n|turn|5\n|inactive|Time left: 300 sec this turn | 300 sec total\n|\n|t:|1783554248\n|move|p1a: Jirachi|Body Slam|p2a: Manaphy\n|-damage|p2a: Manaphy|202/284\n|-status|p2a: Manaphy|par\n|move|p2a: Manaphy|Hydro Pump|p1a: Jirachi\n|-damage|p1a: Jirachi|0 fnt\n|faint|p1a: Jirachi\n|\n|-heal|p2a: Manaphy|219/284 par|[from] Grassy Terrain\n|-heal|p2a: Manaphy|236/284 par|[from] item: Leftovers\n|-fieldend|move: Grassy Terrain\n|upkeep\n|\n|t:|1783554249\n|switch|p1a: Banette|Banette, L93, F|100/100\n|turn|6\n|inactive|Time left: 300 sec this turn | 300 sec total\n|\n|t:|1783554250\n|-terastallize|p1a: Banette|Ghost\n|move|p1a: Banette|Poltergeist|p2a: Manaphy\n|-activate|p2a: Manaphy|move: Poltergeist|Leftovers\n|-damage|p2a: Manaphy|0 fnt\n|faint|p2a: Manaphy\n|-damage|p1a: Banette|90/100|[from] item: Life Orb\n|\n|upkeep\n|inactive|Time left: 300 sec this turn | 300 sec total | 5 sec grace\n|\n|t:|1783554251\n|switch|p2a: Flutter Mane|Flutter Mane, L74|203/203\n|turn|7\n|inactive|Time left: 300 sec this turn | 300 sec total\n|\n|t:|1783554252\n|-terastallize|p2a: Flutter Mane|Fairy\n|move|p1a: Banette|Shadow Sneak|p2a: Flutter Mane\n|-damage|p2a: Flutter Mane|39/203\n|-damage|p1a: Banette|80/100|[from] item: Life Orb\n|move|p2a: Flutter Mane|Moonblast|p1a: Banette\n|-damage|p1a: Banette|0 fnt\n|faint|p1a: Banette\n|\n|upkeep\n|\n|t:|1783554253\n|switch|p1a: Persian|Persian, L92, F|100/100\n|turn|8\n|inactive|Time left: 300 sec this turn | 300 sec total\n|\n|t:|1783554254\n|move|p1a: Persian|Double-Edge|p2a: Flutter Mane\n|-damage|p2a: Flutter Mane|0 fnt\n|faint|p2a: Flutter Mane\n|-end|p2a: Flutter Mane|Protosynthesis|[silent]\n|-damage|p1a: Persian|96/100|[from] Recoil\n|\n|upkeep\n|inactive|Time left: 300 sec this turn | 300 sec total | 5 sec grace\n|\n|t:|1783554255\n|switch|p2a: Charizard|Charizard, L85, M|271/271\n|turn|9\n|inactive|Time left: 300 sec this turn | 300 sec total\n|\n|t:|1783554256\n|move|p1a: Persian|Double-Edge|p2a: Charizard\n|-damage|p2a: Charizard|91/271\n|-damage|p1a: Persian|74/100|[from] Recoil\n|move|p2a: Charizard|Focus Blast|p1a: Persian|[miss]\n|-miss|p2a: Charizard|p1a: Persian\n|\n|upkeep\n|turn|10\n|inactive|Time left: 300 sec this turn | 300 sec total\n|\n|t:|1783554257\n|move|p1a: Persian|Double-Edge|p2a: Charizard\n|-damage|p2a: Charizard|0 fnt\n|faint|p2a: Charizard\n|-damage|p1a: Persian|63/100|[from] Recoil\n|\n|upkeep\n|inactive|Time left: 300 sec this turn | 300 sec total | 5 sec grace\n|\n|t:|1783554258\n|switch|p2a: Regice|Regice, L88|284/284\n|turn|11\n|inactive|Time left: 300 sec this turn | 300 sec total\n|\n|t:|1783554259\n|switch|p1a: Arcanine|Arcanine-Hisui, L79, M|100/100\n|move|p2a: Regice|Body Press|p1a: Arcanine\n|-supereffective|p1a: Arcanine\n|-damage|p1a: Arcanine|47/100\n|\n|upkeep\n|turn|12\n|inactive|Time left: 300 sec this turn | 300 sec total\n|\n|t:|1783554259\n|move|p1a: Arcanine|Flare Blitz|p2a: Regice\n|-supereffective|p2a: Regice\n|-damage|p2a: Regice|0 fnt\n|faint|p2a: Regice\n|\n|upkeep\n|inactive|Time left: 300 sec this turn | 300 sec total | 5 sec grace\n|\n|t:|1783554260\n|switch|p2a: Ogerpon|Ogerpon-Wellspring, L76, F|247/247\n|turn|13\n|inactive|Time left: 300 sec this turn | 300 sec total\n|\n|t:|1783554261\n|move|p2a: Ogerpon|Ivy Cudgel|p1a: Arcanine|[anim] Ivy Cudgel Water\n|-supereffective|p1a: Arcanine\n|-damage|p1a: Arcanine|0 fnt\n|faint|p1a: Arcanine\n|\n|upkeep\n|\n|t:|1783554262\n|switch|p1a: Ambipom|Ambipom, L84, F|100/100\n|turn|14\n|inactive|Time left: 300 sec this turn | 300 sec total\n|\n|t:|1783554263\n|move|p1a: Ambipom|Double-Edge|p2a: Ogerpon\n|-damage|p2a: Ogerpon|34/247\n|-damage|p1a: Ambipom|74/100|[from] Recoil\n|move|p2a: Ogerpon|Ivy Cudgel|p1a: Ambipom|[anim] Ivy Cudgel Water\n|-damage|p1a: Ambipom|16/100\n|\n|upkeep\n|turn|15\n|inactive|Time left: 300 sec this turn | 300 sec total\n|\n|t:|1783554263\n|move|p1a: Ambipom|Double-Edge|p2a: Ogerpon\n|-damage|p2a: Ogerpon|0 fnt\n|faint|p2a: Ogerpon\n|-damage|p1a: Ambipom|12/100|[from] Recoil\n|\n|win|p0x123195ad", "uploadtime": 1783554263, "views": 0, "rating": 0, "private": 0, "password": null, "_winner": "p0x123195ad", "_our_name": "p0y1231b4f0"}