{"id": "battle-gen9randombattle-2935", "formatid": "gen9randombattle", "format": "[Gen 9] Random Battle", "players": ["p0x29353f47", "p0y29357572"], "log": "|init|battle\n|title|p0x29353f47 vs. p0y29357572\n|j|\u2606p0x29353f47\n|j|\u2606p0y29357572\n|t:|1783573794\n|gametype|singles\n|player|p1|p0x29353f47|169|\n|player|p2|p0y29357572|169|\n|gen|9\n|tier|[Gen 9] Random Battle\n|rule|Species Clause: Limit one of each Pok\u00e9mon\n|rule|HP Percentage Mod: HP is shown in percentages\n|rule|Sleep Clause Mod: Limit one foe put to sleep\n|rule|Illusion Level Mod: Illusion disguises the Pok\u00e9mon's true level\n|\n|t:|1783573794\n|teamsize|p1|6\n|teamsize|p2|6\n|start\n|switch|p1a: Iron Moth|Iron Moth, L78|100/100\n|switch|p2a: Heracross|Heracross, L80, M|259/259\n|turn|1\n|inactive|Battle timer is ON: inactive players will automatically lose when time's up. (requested by p0x29353f47)\n|inactive|Time left: 300 sec this turn | 300 sec total | 60 sec grace\n|\n|t:|1783573796\n|-terastallize|p2a: Heracross|Normal\n|move|p1a: Iron Moth|Fire Blast|p2a: Heracross\n|-crit|p2a: Heracross\n|-damage|p2a: Heracross|52/259\n|move|p2a: Heracross|Knock Off|p1a: Iron Moth\n|-damage|p1a: Iron Moth|55/100\n|-enditem|p1a: Iron Moth|Heavy-Duty Boots|[from] move: Knock Off|[of] p2a: Heracross\n|\n|-status|p2a: Heracross|brn|[from] item: Flame Orb\n|upkeep\n|turn|2\n|inactive|Time left: 300 sec this turn | 300 sec total\n|inactive|p0y29357572 also wants the timer to be on.\n|\n|t:|1783573797\n|switch|p2a: Hatterene|Hatterene, L85, F|236/236\n|move|p1a: Iron Moth|Sludge Wave|p2a: Hatterene\n|-supereffective|p2a: Hatterene\n|-damage|p2a: Hatterene|86/236\n|\n|upkeep\n|turn|3\n|inactive|Time left: 300 sec this turn | 300 sec total\n|\n|t:|1783573798\n|switch|p2a: Lucario|Lucario, L84, F|255/255\n|move|p1a: Iron Moth|Sludge Wave|p2a: Lucario\n|-immune|p2a: Lucario\n|\n|upkeep\n|turn|4\n|inactive|Time left: 300 sec this turn | 300 sec total\n|\n|t:|1783573799\n|switch|p2a: Cinccino|Cinccino, L83, M|260/260\n|move|p1a: Iron Moth|Fire Blast|p2a: Cinccino\n|-damage|p2a: Cinccino|79/260\n|\n|upkeep\n|turn|5\n|inactive|Time left: 300 sec this turn | 300 sec total\n|\n|t:|1783573800\n|move|p2a: Cinccino|Tail Slap|p1a: Iron Moth\n|-damage|p1a: Iron Moth|33/100\n|-damage|p1a: Iron Moth|12/100\n|-damage|p1a: Iron Moth|0 fnt\n|faint|p1a: Iron Moth\n|-end|p1a: Iron Moth|Quark Drive|[silent]\n|-hitcount|p1: Iron Moth|3\n|\n|upkeep\n|\n|t:|1783573800\n|switch|p1a: Ariados|Ariados, L95, M|100/100\n|turn|6\n|inactive|Time left: 300 sec this turn | 300 sec total\n|\n|t:|1783573801\n|move|p2a: Cinccino|Tail Slap|p1a: Ariados\n|-damage|p1a: Ariados|87/100\n|-damage|p1a: Ariados|74/100\n|-damage|p1a: Ariados|59/100\n|-damage|p1a: Ariados|45/100\n|-hitcount|p1a: Ariados|4\n|move|p1a: Ariados|Poison Jab|p2a: Cinccino\n|-damage|p2a: Cinccino|0 fnt\n|faint|p2a: Cinccino\n|\n|upkeep\n|inactive|Time left: 300 sec this turn | 300 sec total | 5 sec grace\n|\n|t:|1783573802\n|switch|p2a: Exeggutor|Exeggutor-Alola, L89, M|314/314\n|turn|7\n|inactive|Time left: 300 sec this turn | 300 sec total\n|\n|t:|1783573803\n|switch|p1a: Regice|Regice, L88|100/100\n|move|p2a: Exeggutor|Flamethrower|p1a: Regice\n|-supereffective|p1a: Regice\n|-damage|p1a: Regice|73/100\n|\n|upkeep\n|turn|8\n|inactive|Time left: 300 sec this turn | 300 sec total\n|\n|t:|1783573804\n|switch|p2a: Lucario|Lucario, L84, F|255/255\n|move|p1a: Regice|Ice Beam|p2a: Lucario\n|-resisted|p2a: Lucario\n|-damage|p2a: Lucario|186/255\n|\n|upkeep\n|turn|9\n|inactive|Time left: 300 sec this turn | 300 sec total\n|\n|t:|1783573805\n|move|p2a: Lucario|Nasty Plot|p2a: Lucario\n|-boost|p2a: Lucario|spa|2\n|move|p1a: Regice|Body Press|p2a: Lucario\n|-supereffective|p2a: Lucario\n|-damage|p2a: Lucario|42/255\n|\n|upkeep\n|turn|10\n|inactive|Time left: 300 sec this turn | 300 sec total\n|\n|t:|1783573806\n|-terastallize|p1a: Regice|Electric\n|move|p2a: Lucario|Aura Sphere|p1a: Regice\n|-damage|p1a: Regice|33/100\n|-damage|p2a: Lucario|17/255|[from] item: Life Orb\n|move|p1a: Regice|Thunderbolt|p2a: Lucario\n|-crit|p2a: Lucario\n|-damage|p2a: Lucario|0 fnt\n|faint|p2a: Lucario\n|\n|upkeep\n|inactive|Time left: 300 sec this turn | 300 sec total | 5 sec grace\n|\n|t:|1783573807\n|switch|p2a: Heracross|Heracross, L80, M, tera:Normal|52/259 brn\n|turn|11\n|inactive|Time left: 300 sec this turn | 300 sec total\n|\n|t:|1783573808\n|move|p2a: Heracross|Knock Off|p1a: Regice\n|-damage|p1a: Regice|0 fnt\n|-enditem|p1a: Regice|Heavy-Duty Boots|[from] move: Knock Off|[of] p2a: Heracross\n|faint|p1a: Regice\n|\n|-damage|p2a: Heracross|36/259 brn|[from] brn\n|upkeep\n|\n|t:|1783573809\n|switch|p1a: Espeon|Espeon, L84, F|100/100\n|turn|12\n|inactive|Time left: 300 sec this turn | 300 sec total\n|\n|t:|1783573810\n|switch|p2a: Hatterene|Hatterene, L85, F|86/236\n|move|p1a: Espeon|Psyshock|p2a: Hatterene\n|-resisted|p2a: Hatterene\n|-crit|p2a: Hatterene\n|-damage|p2a: Hatterene|0 fnt\n|faint|p2a: Hatterene\n|-damage|p1a: Espeon|91/100|[from] item: Life Orb\n|\n|upkeep\n|inactive|Time left: 300 sec this turn | 300 sec total | 5 sec grace\n|\n|t:|1783573811\n|switch|p2a: Exeggutor|Exeggutor-Alola, L89, M|314/314\n|turn|13\n|inactive|Time left: 300 sec this turn | 300 sec total\n|\n|t:|1783573812\n|move|p1a: Espeon|Calm Mind|p1a: Espeon\n|-boost|p1a: Espeon|spa|1\n|-boost|p1a: Espeon|spd|1\n|move|p2a: Exeggutor|Wood Hammer|p1a: Espeon\n|-damage|p1a: Espeon|11/100\n|-damage|p2a: Exeggutor|250/314|[from] Recoil\n|\n|upkeep\n|turn|14\n|inactive|Time left: 300 sec this turn | 300 sec total\n|\n|t:|1783573813\n|switch|p2a: Cinderace|Cinderace, L77, F|250/250\n|move|p1a: Espeon|Alluring Voice|p2a: Cinderace\n|-resisted|p2a: Cinderace\n|-damage|p2a: Cinderace|164/250\n|-damage|p1a: Espeon|2/100|[from] item: Life Orb\n|\n|upkeep\n|turn|15\n|inactive|Time left: 300 sec this turn | 300 sec total\n|\n|t:|1783573814\n|switch|p2a: Exeggutor|Exeggutor-Alola, L89, M|250/314\n|move|p1a: Espeon|Psyshock|p2a: Exeggutor\n|-damage|p2a: Exeggutor|55/314\n|-enditem|p2a: Exeggutor|Sitrus Berry|[eat]\n|-heal|p2a: Exeggutor|133/314|[from] item: Sitrus Berry\n|-damage|p1a: Espeon|0 fnt|[from] item: Life Orb\n|faint|p1a: Espeon\n|\n|upkeep\n|\n|t:|1783573815\n|switch|p1a: Regidrago|Regidrago, L77|100/100\n|turn|16\n|inactive|Time left: 300 sec this turn | 300 sec total\n|\n|t:|1783573816\n|move|p1a: Regidrago|Outrage|p2a: Exeggutor\n|-supereffective|p2a: Exeggutor\n|-damage|p2a: Exeggutor|0 fnt\n|faint|p2a: Exeggutor\n|\n|upkeep\n|inactive|Time left: 300 sec this turn | 300 sec total | 5 sec grace\n|\n|t:|1783573817\n|switch|p2a: Heracross|Heracross, L80, M, tera:Normal|36/259 brn\n|turn|17\n|inactive|Time left: 300 sec this turn | 300 sec total\n|\n|t:|1783573818\n|move|p1a: Regidrago|Outrage|p2a: Heracross|[from] lockedmove\n|-damage|p2a: Heracross|0 fnt\n|faint|p2a: Heracross\n|\n|upkeep\n|inactive|Time left: 300 sec this turn | 300 sec total | 5 sec grace\n|\n|t:|1783573818\n|switch|p2a: Cinderace|Cinderace, L77, F|164/250\n|turn|18\n|inactive|Time left: 300 sec this turn | 300 sec total\n|\n|t:|1783573819\n|move|p1a: Regidrago|Outrage|p2a: Cinderace|[from] lockedmove\n|-damage|p2a: Cinderace|0 fnt\n|faint|p2a: Cinderace\n|-start|p1a: Regidrago|confusion|[fatigue]\n|\n|win|p0x29353f47", "uploadtime": 1783573819, "views": 0, "rating": 0, "private": 0, "password": null, "_winner": "p0x29353f47", "_our_name": "p0y29357572"}