{"id": "battle-gen9randombattle-1907", "formatid": "gen9randombattle", "format": "[Gen 9] Random Battle", "players": ["p0x1907928e", "p0y19072c8f"], "log": "|init|battle\n|title|p0x1907928e vs. p0y19072c8f\n|j|\u2606p0x1907928e\n|j|\u2606p0y19072c8f\n|t:|1783561317\n|gametype|singles\n|player|p1|p0x1907928e|102|\n|player|p2|p0y19072c8f|266|\n|gen|9\n|tier|[Gen 9] Random Battle\n|rule|Species Clause: Limit one of each Pok\u00e9mon\n|rule|HP Percentage Mod: HP is shown in percentages\n|rule|Sleep Clause Mod: Limit one foe put to sleep\n|rule|Illusion Level Mod: Illusion disguises the Pok\u00e9mon's true level\n|\n|t:|1783561317\n|teamsize|p1|6\n|teamsize|p2|6\n|start\n|switch|p1a: Zekrom|Zekrom, L71|259/259\n|switch|p2a: Uxie|Uxie, L83|100/100\n|-ability|p1a: Zekrom|Teravolt\n|turn|1\n|inactive|Battle timer is ON: inactive players will automatically lose when time's up. (requested by p0x1907928e)\n|inactive|p0y19072c8f also wants the timer to be on.\n|\n|t:|1783561319\n|move|p2a: Uxie|Stealth Rock|p1a: Zekrom\n|-sidestart|p1: p0x1907928e|move: Stealth Rock\n|move|p1a: Zekrom|Dragon Dance|p1a: Zekrom\n|-boost|p1a: Zekrom|atk|1\n|-boost|p1a: Zekrom|spe|1\n|\n|upkeep\n|turn|2\n|inactive|Time left: 300 sec this turn | 300 sec total\n|\n|t:|1783561320\n|move|p1a: Zekrom|Outrage|p2a: Uxie\n|-damage|p2a: Uxie|44/100\n|move|p2a: Uxie|Yawn|p1a: Zekrom\n|-start|p1a: Zekrom|move: Yawn|[of] p2a: Uxie\n|\n|-heal|p2a: Uxie|50/100|[from] item: Leftovers\n|upkeep\n|turn|3\n|inactive|Time left: 300 sec this turn | 300 sec total\n|\n|t:|1783561321\n|switch|p2a: Gliscor|Gliscor, L76, M|100/100\n|move|p1a: Zekrom|Outrage|p2a: Gliscor|[from] lockedmove\n|-damage|p2a: Gliscor|29/100\n|-start|p1a: Zekrom|confusion|[fatigue]\n|\n|-end|p1a: Zekrom|move: Yawn|[silent]\n|-status|p1a: Zekrom|slp\n|-status|p2a: Gliscor|tox|[from] item: Toxic Orb\n|upkeep\n|turn|4\n|inactive|Time left: 300 sec this turn | 300 sec total\n|\n|t:|1783561323\n|cant|p1a: Zekrom|slp\n|move|p2a: Gliscor|Earthquake|p1a: Zekrom\n|-supereffective|p1a: Zekrom\n|-damage|p1a: Zekrom|113/259 slp\n|\n|-heal|p1a: Zekrom|129/259 slp|[from] item: Leftovers\n|-heal|p2a: Gliscor|41/100 tox|[from] ability: Poison Heal\n|upkeep\n|turn|5\n|inactive|Time left: 300 sec this turn | 300 sec total\n|\n|t:|1783561324\n|cant|p1a: Zekrom|slp\n|move|p2a: Gliscor|Earthquake|p1a: Zekrom\n|-supereffective|p1a: Zekrom\n|-damage|p1a: Zekrom|0 fnt\n|faint|p1a: Zekrom\n|\n|-heal|p2a: Gliscor|53/100 tox|[from] ability: Poison Heal\n|upkeep\n|inactive|Time left: 300 sec this turn | 300 sec total | 5 sec grace\n|\n|t:|1783561325\n|switch|p1a: Kleavor|Kleavor, L78, M|237/237\n|turn|6\n|inactive|Time left: 300 sec this turn | 300 sec total\n|\n|t:|1783561326\n|move|p2a: Gliscor|Earthquake|p1a: Kleavor\n|-damage|p1a: Kleavor|144/237\n|move|p1a: Kleavor|Stone Axe|p2a: Gliscor\n|-damage|p2a: Gliscor|11/100 tox\n|-sidestart|p2: p0y19072c8f|move: Stealth Rock\n|\n|-heal|p2a: Gliscor|23/100 tox|[from] ability: Poison Heal\n|upkeep\n|turn|7\n|inactive|Time left: 300 sec this turn | 300 sec total\n|\n|t:|1783561327\n|move|p2a: Gliscor|Protect|p2a: Gliscor\n|-singleturn|p2a: Gliscor|Protect\n|move|p1a: Kleavor|Stone Axe|p2a: Gliscor\n|-activate|p2a: Gliscor|move: Protect\n|\n|-heal|p2a: Gliscor|35/100 tox|[from] ability: Poison Heal\n|upkeep\n|turn|8\n|inactive|Time left: 300 sec this turn | 300 sec total\n|\n|t:|1783561328\n|move|p2a: Gliscor|Earthquake|p1a: Kleavor\n|-crit|p1a: Kleavor\n|-damage|p1a: Kleavor|12/237\n|move|p1a: Kleavor|Stone Axe|p2a: Gliscor\n|-damage|p2a: Gliscor|0 fnt\n|faint|p2a: Gliscor\n|\n|upkeep\n|\n|t:|1783561329\n|switch|p2a: Galvantula|Galvantula, L82, M|100/100\n|turn|9\n|inactive|Time left: 300 sec this turn | 300 sec total\n|\n|t:|1783561330\n|move|p2a: Galvantula|Bug Buzz|p1a: Kleavor\n|-damage|p1a: Kleavor|0 fnt\n|faint|p1a: Kleavor\n|\n|upkeep\n|inactive|Time left: 300 sec this turn | 300 sec total | 5 sec grace\n|\n|t:|1783561331\n|switch|p1a: Tsareena|Tsareena, L87, F|267/267\n|-damage|p1a: Tsareena|234/267|[from] Stealth Rock\n|turn|10\n|inactive|Time left: 300 sec this turn | 300 sec total\n|\n|t:|1783561332\n|move|p2a: Galvantula|Sticky Web|p1a: Tsareena\n|-sidestart|p1: p0x1907928e|move: Sticky Web\n|move|p1a: Tsareena|Knock Off|p2a: Galvantula\n|-damage|p2a: Galvantula|31/100\n|-enditem|p2a: Galvantula|Heavy-Duty Boots|[from] move: Knock Off|[of] p1a: Tsareena\n|\n|upkeep\n|turn|11\n|inactive|Time left: 300 sec this turn | 300 sec total\n|\n|t:|1783561333\n|move|p2a: Galvantula|Bug Buzz|p1a: Tsareena\n|-supereffective|p1a: Tsareena\n|-damage|p1a: Tsareena|82/267\n|move|p1a: Tsareena|Knock Off|p2a: Galvantula\n|-damage|p2a: Galvantula|0 fnt\n|faint|p2a: Galvantula\n|\n|upkeep\n|\n|t:|1783561334\n|switch|p2a: Victreebel|Victreebel, L90, F|100/100\n|-damage|p2a: Victreebel|88/100|[from] Stealth Rock\n|turn|12\n|inactive|Time left: 300 sec this turn | 300 sec total\n|\n|t:|1783561335\n|move|p2a: Victreebel|Sludge Wave|p1a: Tsareena\n|-supereffective|p1a: Tsareena\n|-damage|p1a: Tsareena|0 fnt\n|faint|p1a: Tsareena\n|-damage|p2a: Victreebel|78/100|[from] item: Life Orb\n|\n|upkeep\n|inactive|Time left: 300 sec this turn | 300 sec total | 5 sec grace\n|\n|t:|1783561336\n|switch|p1a: Hariyama|Hariyama, L87, M|392/392\n|-damage|p1a: Hariyama|368/392|[from] Stealth Rock\n|-activate|p1a: Hariyama|move: Sticky Web\n|-unboost|p1a: Hariyama|spe|1\n|turn|13\n|inactive|Time left: 300 sec this turn | 300 sec total\n|\n|t:|1783561336\n|move|p2a: Victreebel|Power Whip|p1a: Hariyama\n|-damage|p1a: Hariyama|111/392\n|-damage|p2a: Victreebel|68/100|[from] item: Life Orb\n|move|p1a: Hariyama|Knock Off|p2a: Victreebel\n|-damage|p2a: Victreebel|36/100\n|-enditem|p2a: Victreebel|Life Orb|[from] move: Knock Off|[of] p1a: Hariyama\n|\n|upkeep\n|turn|14\n|inactive|Time left: 300 sec this turn | 300 sec total\n|\n|t:|1783561337\n|move|p2a: Victreebel|Power Whip|p1a: Hariyama\n|-damage|p1a: Hariyama|0 fnt\n|faint|p1a: Hariyama\n|\n|upkeep\n|inactive|Time left: 300 sec this turn | 300 sec total | 5 sec grace\n|\n|t:|1783561338\n|switch|p1a: Ursaring|Ursaring, L84, F|288/288\n|-damage|p1a: Ursaring|252/288|[from] Stealth Rock\n|-activate|p1a: Ursaring|move: Sticky Web\n|-unboost|p1a: Ursaring|spe|1\n|turn|15\n|inactive|Time left: 300 sec this turn | 300 sec total\n|\n|t:|1783561339\n|move|p2a: Victreebel|Sludge Wave|p1a: Ursaring\n|-damage|p1a: Ursaring|168/288\n|move|p1a: Ursaring|Body Slam|p2a: Victreebel\n|-damage|p2a: Victreebel|0 fnt\n|faint|p2a: Victreebel\n|\n|upkeep\n|\n|t:|1783561340\n|switch|p2a: Umbreon|Umbreon, L84, F|100/100\n|-damage|p2a: Umbreon|88/100|[from] Stealth Rock\n|turn|16\n|inactive|Time left: 300 sec this turn | 300 sec total\n|\n|t:|1783561341\n|move|p2a: Umbreon|Foul Play|p1a: Ursaring\n|-damage|p1a: Ursaring|63/288\n|move|p1a: Ursaring|Body Slam|p2a: Umbreon\n|-damage|p2a: Umbreon|56/100\n|\n|-heal|p2a: Umbreon|62/100|[from] item: Leftovers\n|upkeep\n|turn|17\n|inactive|Time left: 300 sec this turn | 300 sec total\n|\n|t:|1783561342\n|move|p2a: Umbreon|Foul Play|p1a: Ursaring\n|-damage|p1a: Ursaring|0 fnt\n|faint|p1a: Ursaring\n|\n|-heal|p2a: Umbreon|69/100|[from] item: Leftovers\n|upkeep\n|inactive|Time left: 300 sec this turn | 300 sec total | 5 sec grace\n|\n|t:|1783561343\n|switch|p1a: Swampert|Swampert, L83, M|302/302\n|-damage|p1a: Swampert|284/302|[from] Stealth Rock\n|-activate|p1a: Swampert|move: Sticky Web\n|-unboost|p1a: Swampert|spe|1\n|turn|18\n|inactive|Time left: 300 sec this turn | 300 sec total\n|\n|t:|1783561344\n|move|p2a: Umbreon|Foul Play|p1a: Swampert\n|-damage|p1a: Swampert|176/302\n|move|p1a: Swampert|Earthquake|p2a: Umbreon\n|-damage|p2a: Umbreon|38/100\n|\n|-heal|p2a: Umbreon|44/100|[from] item: Leftovers\n|-heal|p1a: Swampert|194/302|[from] item: Leftovers\n|upkeep\n|turn|19\n|inactive|Time left: 300 sec this turn | 300 sec total\n|\n|t:|1783561345\n|move|p2a: Umbreon|Foul Play|p1a: Swampert\n|-damage|p1a: Swampert|88/302\n|move|p1a: Swampert|Earthquake|p2a: Umbreon\n|-damage|p2a: Umbreon|13/100\n|\n|-heal|p2a: Umbreon|19/100|[from] item: Leftovers\n|-heal|p1a: Swampert|106/302|[from] item: Leftovers\n|upkeep\n|turn|20\n|inactive|Time left: 300 sec this turn | 300 sec total\n|\n|t:|1783561346\n|-terastallize|p2a: Umbreon|Poison\n|move|p2a: Umbreon|Foul Play|p1a: Swampert\n|-damage|p1a: Swampert|0 fnt\n|faint|p1a: Swampert\n|\n|win|p0y19072c8f", "uploadtime": 1783561346, "views": 0, "rating": 0, "private": 0, "password": null, "_winner": "p0y19072c8f", "_our_name": "p0x1907928e"}