{"id": "battle-gen9randombattle-834", "formatid": "gen9randombattle", "format": "[Gen 9] Random Battle", "players": ["p0x834f100", "p0y8344a31"], "log": "|init|battle\n|title|p0x834f100 vs. p0y8344a31\n|j|\u2606p0x834f100\n|j|\u2606p0y8344a31\n|t:|1783548806\n|gametype|singles\n|player|p1|p0x834f100|102|\n|player|p2|p0y8344a31|2|\n|gen|9\n|tier|[Gen 9] Random Battle\n|rule|Species Clause: Limit one of each Pok\u00e9mon\n|rule|HP Percentage Mod: HP is shown in percentages\n|rule|Sleep Clause Mod: Limit one foe put to sleep\n|rule|Illusion Level Mod: Illusion disguises the Pok\u00e9mon's true level\n|\n|t:|1783548806\n|teamsize|p1|6\n|teamsize|p2|6\n|start\n|switch|p1a: Bronzong|Bronzong, L88|261/261\n|switch|p2a: Conkeldurr|Conkeldurr, L80, M|100/100\n|turn|1\n|inactive|Battle timer is ON: inactive players will automatically lose when time's up. (requested by p0x834f100)\n|inactive|p0y8344a31 also wants the timer to be on.\n|\n|t:|1783548808\n|move|p2a: Conkeldurr|Knock Off|p1a: Bronzong\n|-supereffective|p1a: Bronzong\n|-damage|p1a: Bronzong|125/261\n|-enditem|p1a: Bronzong|Leftovers|[from] move: Knock Off|[of] p2a: Conkeldurr\n|move|p1a: Bronzong|Psychic Noise|p2a: Conkeldurr\n|-supereffective|p2a: Conkeldurr\n|-damage|p2a: Conkeldurr|32/100\n|-start|p2a: Conkeldurr|move: Heal Block\n|\n|-status|p2a: Conkeldurr|brn|[from] item: Flame Orb\n|upkeep\n|turn|2\n|inactive|Time left: 300 sec this turn | 300 sec total\n|\n|t:|1783548809\n|move|p2a: Conkeldurr|Close Combat|p1a: Bronzong\n|-damage|p1a: Bronzong|0 fnt\n|-unboost|p2a: Conkeldurr|def|1\n|-unboost|p2a: Conkeldurr|spd|1\n|faint|p1a: Bronzong\n|\n|-damage|p2a: Conkeldurr|26/100 brn|[from] brn\n|-end|p2a: Conkeldurr|move: Heal Block\n|upkeep\n|inactive|Time left: 300 sec this turn | 300 sec total | 5 sec grace\n|\n|t:|1783548810\n|switch|p1a: Oranguru|Oranguru, L92, M|315/315\n|turn|3\n|inactive|Time left: 300 sec this turn | 300 sec total\n|\n|t:|1783548811\n|switch|p2a: Cacturne|Cacturne, L92, F|100/100\n|move|p1a: Oranguru|Nasty Plot|p1a: Oranguru\n|-boost|p1a: Oranguru|spa|2\n|\n|upkeep\n|turn|4\n|inactive|Time left: 300 sec this turn | 300 sec total\n|\n|t:|1783548813\n|-terastallize|p2a: Cacturne|Dark\n|move|p2a: Cacturne|Sucker Punch|p1a: Oranguru\n|-supereffective|p1a: Oranguru\n|-damage|p1a: Oranguru|0 fnt\n|faint|p1a: Oranguru\n|-damage|p2a: Cacturne|91/100|[from] item: Life Orb\n|\n|upkeep\n|inactive|Time left: 300 sec this turn | 300 sec total | 5 sec grace\n|\n|t:|1783548814\n|switch|p1a: Chien-Pao|Chien-Pao, L72|234/234\n|-ability|p1a: Chien-Pao|Sword of Ruin\n|turn|5\n|inactive|Time left: 300 sec this turn | 300 sec total\n|\n|t:|1783548815\n|move|p1a: Chien-Pao|Sacred Sword|p2a: Cacturne\n|-supereffective|p2a: Cacturne\n|-damage|p2a: Cacturne|0 fnt\n|faint|p2a: Cacturne\n|\n|upkeep\n|\n|t:|1783548816\n|switch|p2a: Garchomp|Garchomp, L74, F|100/100\n|turn|6\n|inactive|Time left: 300 sec this turn | 300 sec total\n|\n|t:|1783548817\n|switch|p1a: Dachsbun|Dachsbun, L92, F|254/254\n|move|p2a: Garchomp|Outrage|p1a: Dachsbun\n|-immune|p1a: Dachsbun\n|\n|upkeep\n|turn|7\n|inactive|Time left: 300 sec this turn | 300 sec total\n|\n|t:|1783548818\n|move|p1a: Dachsbun|Play Rough|p2a: Garchomp\n|-supereffective|p2a: Garchomp\n|-damage|p2a: Garchomp|27/100\n|-unboost|p2a: Garchomp|atk|1\n|-damage|p1a: Dachsbun|223/254|[from] ability: Rough Skin|[of] p2a: Garchomp\n|-damage|p1a: Dachsbun|181/254|[from] item: Rocky Helmet|[of] p2a: Garchomp\n|move|p2a: Garchomp|Earthquake|p1a: Dachsbun\n|-damage|p1a: Dachsbun|130/254\n|\n|-heal|p1a: Dachsbun|145/254|[from] item: Leftovers\n|upkeep\n|turn|8\n|inactive|Time left: 300 sec this turn | 300 sec total\n|\n|t:|1783548820\n|move|p1a: Dachsbun|Wish|p1a: Dachsbun\n|move|p2a: Garchomp|Stealth Rock|p1a: Dachsbun\n|-sidestart|p1: p0x834f100|move: Stealth Rock\n|\n|-heal|p1a: Dachsbun|160/254|[from] item: Leftovers\n|upkeep\n|turn|9\n|inactive|Time left: 300 sec this turn | 300 sec total\n|\n|t:|1783548821\n|move|p1a: Dachsbun|Play Rough|p2a: Garchomp\n|-supereffective|p2a: Garchomp\n|-damage|p2a: Garchomp|0 fnt\n|-damage|p1a: Dachsbun|129/254|[from] ability: Rough Skin|[of] p2a: Garchomp\n|-damage|p1a: Dachsbun|87/254|[from] item: Rocky Helmet|[of] p2a: Garchomp\n|faint|p2a: Garchomp\n|\n|-heal|p1a: Dachsbun|214/254|[from] move: Wish|[wisher] Dachsbun\n|-heal|p1a: Dachsbun|229/254|[from] item: Leftovers\n|upkeep\n|\n|t:|1783548821\n|switch|p2a: Cetitan|Cetitan, L82, F|100/100\n|turn|10\n|inactive|Time left: 300 sec this turn | 300 sec total\n|\n|t:|1783548822\n|move|p1a: Dachsbun|Yawn|p2a: Cetitan\n|-start|p2a: Cetitan|move: Yawn|[of] p1a: Dachsbun\n|move|p2a: Cetitan|Belly Drum|p2a: Cetitan\n|-damage|p2a: Cetitan|50/100\n|-setboost|p2a: Cetitan|atk|6|[from] move: Belly Drum\n|-enditem|p2a: Cetitan|Sitrus Berry|[eat]\n|-heal|p2a: Cetitan|75/100|[from] item: Sitrus Berry\n|\n|-heal|p1a: Dachsbun|244/254|[from] item: Leftovers\n|upkeep\n|turn|11\n|inactive|Time left: 300 sec this turn | 300 sec total\n|\n|t:|1783548823\n|move|p1a: Dachsbun|Protect|p1a: Dachsbun\n|-singleturn|p1a: Dachsbun|Protect\n|move|p2a: Cetitan|Ice Spinner|p1a: Dachsbun\n|-activate|p1a: Dachsbun|move: Protect\n|\n|-heal|p1a: Dachsbun|254/254|[from] item: Leftovers\n|-end|p2a: Cetitan|move: Yawn|[silent]\n|-status|p2a: Cetitan|slp\n|upkeep\n|turn|12\n|inactive|Time left: 300 sec this turn | 300 sec total\n|\n|t:|1783548824\n|move|p1a: Dachsbun|Play Rough|p2a: Cetitan\n|-damage|p2a: Cetitan|46/100 slp\n|cant|p2a: Cetitan|slp\n|\n|upkeep\n|turn|13\n|inactive|Time left: 300 sec this turn | 300 sec total\n|\n|t:|1783548825\n|move|p1a: Dachsbun|Play Rough|p2a: Cetitan\n|-damage|p2a: Cetitan|16/100 slp\n|cant|p2a: Cetitan|slp\n|\n|upkeep\n|turn|14\n|inactive|Time left: 300 sec this turn | 300 sec total\n|\n|t:|1783548826\n|-curestatus|p2a: Cetitan|slp|[msg]\n|move|p2a: Cetitan|Ice Shard|p1a: Dachsbun\n|-crit|p1a: Dachsbun\n|-damage|p1a: Dachsbun|61/254\n|move|p1a: Dachsbun|Play Rough|p2a: Cetitan\n|-damage|p2a: Cetitan|0 fnt\n|faint|p2a: Cetitan\n|\n|-heal|p1a: Dachsbun|76/254|[from] item: Leftovers\n|upkeep\n|\n|t:|1783548827\n|switch|p2a: Klefki|Klefki, L84, M|100/100\n|turn|15\n|inactive|Time left: 300 sec this turn | 300 sec total\n|\n|t:|1783548828\n|move|p1a: Dachsbun|Wish|p1a: Dachsbun\n|move|p2a: Klefki|Dazzling Gleam|p1a: Dachsbun\n|-damage|p1a: Dachsbun|4/254\n|\n|-heal|p1a: Dachsbun|19/254|[from] item: Leftovers\n|upkeep\n|turn|16\n|inactive|Time left: 300 sec this turn | 300 sec total\n|\n|t:|1783548829\n|move|p1a: Dachsbun|Protect|p1a: Dachsbun\n|-singleturn|p1a: Dachsbun|Protect\n|move|p2a: Klefki|Dazzling Gleam|p1a: Dachsbun\n|-activate|p1a: Dachsbun|move: Protect\n|\n|-heal|p1a: Dachsbun|146/254|[from] move: Wish|[wisher] Dachsbun\n|-heal|p1a: Dachsbun|161/254|[from] item: Leftovers\n|upkeep\n|turn|17\n|inactive|Time left: 300 sec this turn | 300 sec total\n|\n|t:|1783548831\n|move|p2a: Klefki|Thunder Wave|p1a: Dachsbun\n|-status|p1a: Dachsbun|par\n|move|p1a: Dachsbun|Wish|p1a: Dachsbun\n|\n|-heal|p1a: Dachsbun|176/254 par|[from] item: Leftovers\n|upkeep\n|turn|18\n|inactive|Time left: 300 sec this turn | 300 sec total\n|\n|t:|1783548832\n|move|p2a: Klefki|Spikes|p1a: Dachsbun\n|-sidestart|p1: p0x834f100|Spikes\n|cant|p1a: Dachsbun|par\n|\n|-heal|p1a: Dachsbun|254/254 par|[from] move: Wish|[wisher] Dachsbun\n|upkeep\n|turn|19\n|inactive|Time left: 300 sec this turn | 300 sec total\n|\n|t:|1783548833\n|move|p2a: Klefki|Spikes|p1a: Dachsbun\n|-sidestart|p1: p0x834f100|Spikes\n|move|p1a: Dachsbun|Yawn|p2a: Klefki\n|-start|p2a: Klefki|move: Yawn|[of] p1a: Dachsbun\n|\n|upkeep\n|turn|20\n|inactive|Time left: 300 sec this turn | 300 sec total\n|\n|t:|1783548834\n|move|p2a: Klefki|Spikes|p1a: Dachsbun\n|-sidestart|p1: p0x834f100|Spikes\n|move|p1a: Dachsbun|Play Rough|p2a: Klefki|[miss]\n|-miss|p1a: Dachsbun|p2a: Klefki\n|\n|-end|p2a: Klefki|move: Yawn|[silent]\n|-status|p2a: Klefki|slp\n|upkeep\n|turn|21\n|inactive|Time left: 300 sec this turn | 300 sec total\n|\n|t:|1783548835\n|cant|p2a: Klefki|slp\n|move|p1a: Dachsbun|Play Rough|p2a: Klefki\n|-resisted|p2a: Klefki\n|-damage|p2a: Klefki|80/100 slp\n|\n|-heal|p2a: Klefki|86/100 slp|[from] item: Leftovers\n|upkeep\n|turn|22\n|inactive|Time left: 300 sec this turn | 300 sec total\n|\n|t:|1783548836\n|cant|p2a: Klefki|slp\n|cant|p1a: Dachsbun|par\n|\n|-heal|p2a: Klefki|92/100 slp|[from] item: Leftovers\n|upkeep\n|turn|23\n|inactive|Time left: 300 sec this turn | 300 sec total\n|\n|t:|1783548837\n|cant|p2a: Klefki|slp\n|move|p1a: Dachsbun|Play Rough|p2a: Klefki\n|-resisted|p2a: Klefki\n|-damage|p2a: Klefki|71/100 slp\n|\n|-heal|p2a: Klefki|77/100 slp|[from] item: Leftovers\n|upkeep\n|turn|24\n|inactive|Time left: 300 sec this turn | 300 sec total\n|\n|t:|1783548839\n|-curestatus|p2a: Klefki|slp|[msg]\n|move|p2a: Klefki|Dazzling Gleam|p1a: Dachsbun\n|-damage|p1a: Dachsbun|187/254 par\n|cant|p1a: Dachsbun|par\n|\n|-heal|p2a: Klefki|83/100|[from] item: Leftovers\n|-heal|p1a: Dachsbun|202/254 par|[from] item: Leftovers\n|upkeep\n|turn|25\n|inactive|Time left: 300 sec this turn | 300 sec total\n|\n|t:|1783548840\n|move|p2a: Klefki|Dazzling Gleam|p1a: Dachsbun\n|-damage|p1a: Dachsbun|123/254 par\n|move|p1a: Dachsbun|Play Rough|p2a: Klefki\n|-resisted|p2a: Klefki\n|-damage|p2a: Klefki|63/100\n|\n|-heal|p2a: Klefki|69/100|[from] item: Leftovers\n|-heal|p1a: Dachsbun|138/254 par|[from] item: Leftovers\n|upkeep\n|turn|26\n|inactive|Time left: 300 sec this turn | 300 sec total\n|\n|t:|1783548841\n|move|p2a: Klefki|Dazzling Gleam|p1a: Dachsbun\n|-damage|p1a: Dachsbun|68/254 par\n|move|p1a: Dachsbun|Play Rough|p2a: Klefki\n|-resisted|p2a: Klefki\n|-damage|p2a: Klefki|47/100\n|\n|-heal|p2a: Klefki|53/100|[from] item: Leftovers\n|-heal|p1a: Dachsbun|83/254 par|[from] item: Leftovers\n|upkeep\n|turn|27\n|inactive|Time left: 300 sec this turn | 300 sec total\n|\n|t:|1783548842\n|move|p2a: Klefki|Dazzling Gleam|p1a: Dachsbun\n|-damage|p1a: Dachsbun|7/254 par\n|move|p1a: Dachsbun|Play Rough|p2a: Klefki\n|-resisted|p2a: Klefki\n|-damage|p2a: Klefki|33/100\n|\n|-heal|p2a: Klefki|39/100|[from] item: Leftovers\n|-heal|p1a: Dachsbun|22/254 par|[from] item: Leftovers\n|upkeep\n|turn|28\n|inactive|Time left: 300 sec this turn | 300 sec total\n|\n|t:|1783548843\n|move|p1a: Dachsbun|Protect|p1a: Dachsbun\n|-singleturn|p1a: Dachsbun|Protect\n|move|p2a: Klefki|Dazzling Gleam|p1a: Dachsbun\n|-activate|p1a: Dachsbun|move: Protect\n|\n|-heal|p2a: Klefki|45/100|[from] item: Leftovers\n|-heal|p1a: Dachsbun|37/254 par|[from] item: Leftovers\n|upkeep\n|turn|29\n|inactive|Time left: 300 sec this turn | 300 sec total\n|\n|t:|1783548844\n|move|p2a: Klefki|Dazzling Gleam|p1a: Dachsbun\n|-damage|p1a: Dachsbun|0 fnt\n|faint|p1a: Dachsbun\n|\n|-heal|p2a: Klefki|51/100|[from] item: Leftovers\n|upkeep\n|inactive|Time left: 300 sec this turn | 300 sec total | 5 sec grace\n|\n|t:|1783548846\n|switch|p1a: Cyclizar|Cyclizar, L84, M|255/255\n|turn|30\n|inactive|Time left: 300 sec this turn | 300 sec total\n|\n|t:|1783548847\n|move|p1a: Cyclizar|Rapid Spin|p2a: Klefki\n|-resisted|p2a: Klefki\n|-damage|p2a: Klefki|40/100\n|-boost|p1a: Cyclizar|spe|1\n|-sideend|p1: p0x834f100|Spikes|[from] move: Rapid Spin|[of] p1a: Cyclizar\n|-sideend|p1: p0x834f100|Stealth Rock|[from] move: Rapid Spin|[of] p1a: Cyclizar\n|move|p2a: Klefki|Dazzling Gleam|p1a: Cyclizar\n|-supereffective|p1a: Cyclizar\n|-damage|p1a: Cyclizar|69/255\n|\n|-heal|p2a: Klefki|46/100|[from] item: Leftovers\n|upkeep\n|turn|31\n|inactive|Time left: 300 sec this turn | 300 sec total\n|\n|t:|1783548848\n|switch|p1a: Vaporeon|Vaporeon, L86, F|364/364\n|move|p2a: Klefki|Dazzling Gleam|p1a: Vaporeon\n|-damage|p1a: Vaporeon|297/364\n|\n|-heal|p2a: Klefki|52/100|[from] item: Leftovers\n|-heal|p1a: Vaporeon|319/364|[from] item: Leftovers\n|upkeep\n|turn|32\n|inactive|Time left: 300 sec this turn | 300 sec total\n|\n|t:|1783548849\n|move|p2a: Klefki|Thunder Wave|p1a: Vaporeon\n|-status|p1a: Vaporeon|par\n|move|p1a: Vaporeon|Scald|p2a: Klefki\n|-damage|p2a: Klefki|11/100\n|-status|p2a: Klefki|brn\n|\n|-heal|p2a: Klefki|17/100 brn|[from] item: Leftovers\n|-heal|p1a: Vaporeon|341/364 par|[from] item: Leftovers\n|-damage|p2a: Klefki|11/100 brn|[from] brn\n|upkeep\n|turn|33\n|inactive|Time left: 300 sec this turn | 300 sec total\n|\n|t:|1783548850\n|move|p2a: Klefki|Dazzling Gleam|p1a: Vaporeon\n|-damage|p1a: Vaporeon|275/364 par\n|move|p1a: Vaporeon|Scald|p2a: Klefki\n|-damage|p2a: Klefki|0 fnt\n|faint|p2a: Klefki\n|\n|-heal|p1a: Vaporeon|297/364 par|[from] item: Leftovers\n|upkeep\n|\n|t:|1783548850\n|switch|p2a: Maushold|Maushold, L76|100/100\n|turn|34\n|inactive|Time left: 300 sec this turn | 300 sec total\n|\n|t:|1783548851\n|move|p2a: Maushold|Tidy Up|p2a: Maushold\n|-boost|p2a: Maushold|atk|1\n|-boost|p2a: Maushold|spe|1\n|cant|p1a: Vaporeon|par\n|\n|-heal|p1a: Vaporeon|319/364 par|[from] item: Leftovers\n|upkeep\n|turn|35\n|inactive|Time left: 300 sec this turn | 300 sec total\n|\n|t:|1783548852\n|move|p2a: Maushold|Population Bomb|p1a: Vaporeon\n|-damage|p1a: Vaporeon|274/364 par\n|-damage|p1a: Vaporeon|229/364 par\n|-damage|p1a: Vaporeon|190/364 par\n|-damage|p1a: Vaporeon|150/364 par\n|-damage|p1a: Vaporeon|111/364 par\n|-damage|p1a: Vaporeon|71/364 par\n|-damage|p1a: Vaporeon|31/364 par\n|-damage|p1a: Vaporeon|0 fnt\n|faint|p1a: Vaporeon\n|-hitcount|p1: Vaporeon|8\n|\n|upkeep\n|inactive|Time left: 300 sec this turn | 300 sec total | 5 sec grace\n|\n|t:|1783548853\n|switch|p1a: Cyclizar|Cyclizar, L84, M|154/255\n|turn|36\n|inactive|Time left: 300 sec this turn | 300 sec total\n|\n|t:|1783548854\n|move|p2a: Maushold|Population Bomb|p1a: Cyclizar\n|-damage|p1a: Cyclizar|114/255\n|-damage|p1a: Cyclizar|75/255\n|-damage|p1a: Cyclizar|32/255\n|-damage|p1a: Cyclizar|0 fnt\n|faint|p1a: Cyclizar\n|-hitcount|p1: Cyclizar|4\n|\n|upkeep\n|inactive|Time left: 300 sec this turn | 300 sec total | 5 sec grace\n|\n|t:|1783548854\n|switch|p1a: Chien-Pao|Chien-Pao, L72|234/234\n|-ability|p1a: Chien-Pao|Sword of Ruin\n|turn|37\n|inactive|Time left: 300 sec this turn | 300 sec total\n|\n|t:|1783548855\n|-terastallize|p1a: Chien-Pao|Fighting\n|move|p2a: Maushold|Population Bomb|p1a: Chien-Pao\n|-damage|p1a: Chien-Pao|191/234\n|-damage|p1a: Chien-Pao|152/234\n|-crit|p1a: Chien-Pao\n|-damage|p1a: Chien-Pao|86/234\n|-crit|p1a: Chien-Pao\n|-damage|p1a: Chien-Pao|23/234\n|-damage|p1a: Chien-Pao|0 fnt\n|faint|p1a: Chien-Pao\n|-hitcount|p1: Chien-Pao|5\n|\n|win|p0y8344a31", "uploadtime": 1783548855, "views": 0, "rating": 0, "private": 0, "password": null, "_winner": "p0y8344a31", "_our_name": "p0x834f100"}