{"id": "battle-gen9randombattle-2558", "formatid": "gen9randombattle", "format": "[Gen 9] Random Battle", "players": ["p0x2558b45a", "p0y25582a80"], "log": "|init|battle\n|title|p0x2558b45a vs. p0y25582a80\n|j|\u2606p0x2558b45a\n|j|\u2606p0y25582a80\n|t:|1783569590\n|gametype|singles\n|player|p1|p0x2558b45a|101|\n|player|p2|p0y25582a80|169|\n|gen|9\n|tier|[Gen 9] Random Battle\n|rule|Species Clause: Limit one of each Pok\u00e9mon\n|rule|HP Percentage Mod: HP is shown in percentages\n|rule|Sleep Clause Mod: Limit one foe put to sleep\n|rule|Illusion Level Mod: Illusion disguises the Pok\u00e9mon's true level\n|\n|t:|1783569590\n|teamsize|p1|6\n|teamsize|p2|6\n|start\n|switch|p1a: Chesnaught|Chesnaught, L84, M|285/285\n|switch|p2a: Lilligant|Lilligant-Hisui, L79, F|100/100\n|turn|1\n|inactive|Battle timer is ON: inactive players will automatically lose when time's up. (requested by p0x2558b45a)\n|inactive|p0y25582a80 also wants the timer to be on.\n|\n|t:|1783569592\n|move|p2a: Lilligant|Victory Dance|p2a: Lilligant\n|-boost|p2a: Lilligant|atk|1\n|-boost|p2a: Lilligant|def|1\n|-boost|p2a: Lilligant|spe|1\n|move|p1a: Chesnaught|Iron Defense|p1a: Chesnaught\n|-boost|p1a: Chesnaught|def|2\n|\n|upkeep\n|turn|2\n|inactive|Time left: 300 sec this turn | 300 sec total\n|\n|t:|1783569592\n|move|p2a: Lilligant|Victory Dance|p2a: Lilligant\n|-boost|p2a: Lilligant|atk|1\n|-boost|p2a: Lilligant|def|1\n|-boost|p2a: Lilligant|spe|1\n|move|p1a: Chesnaught|Body Press|p2a: Lilligant\n|-damage|p2a: Lilligant|50/100\n|\n|upkeep\n|turn|3\n|inactive|Time left: 300 sec this turn | 300 sec total\n|\n|t:|1783569593\n|move|p2a: Lilligant|Victory Dance|p2a: Lilligant\n|-boost|p2a: Lilligant|atk|1\n|-boost|p2a: Lilligant|def|1\n|-boost|p2a: Lilligant|spe|1\n|move|p1a: Chesnaught|Body Press|p2a: Lilligant\n|-damage|p2a: Lilligant|13/100\n|\n|upkeep\n|turn|4\n|inactive|Time left: 300 sec this turn | 300 sec total\n|\n|t:|1783569594\n|-terastallize|p2a: Lilligant|Fighting\n|move|p2a: Lilligant|Close Combat|p1a: Chesnaught\n|-damage|p1a: Chesnaught|0 fnt\n|-unboost|p2a: Lilligant|def|1\n|-unboost|p2a: Lilligant|spd|1\n|faint|p1a: Chesnaught\n|-damage|p2a: Lilligant|3/100|[from] item: Life Orb\n|\n|upkeep\n|inactive|Time left: 300 sec this turn | 300 sec total | 5 sec grace\n|\n|t:|1783569595\n|switch|p1a: Meowstic|Meowstic, L89, M|277/277\n|turn|5\n|inactive|Time left: 300 sec this turn | 300 sec total\n|\n|t:|1783569596\n|move|p1a: Meowstic|Reflect|p1a: Meowstic\n|-sidestart|p1: p0x2558b45a|Reflect\n|move|p2a: Lilligant|Close Combat|p1a: Meowstic\n|-resisted|p1a: Meowstic\n|-damage|p1a: Meowstic|76/277\n|-unboost|p2a: Lilligant|def|1\n|-unboost|p2a: Lilligant|spd|1\n|-damage|p2a: Lilligant|0 fnt|[from] item: Life Orb\n|faint|p2a: Lilligant\n|\n|upkeep\n|\n|t:|1783569596\n|switch|p2a: Incineroar|Incineroar, L82, M|100/100\n|-ability|p2a: Incineroar|Intimidate|boost\n|-unboost|p1a: Meowstic|atk|1\n|turn|6\n|inactive|Time left: 300 sec this turn | 300 sec total\n|\n|t:|1783569597\n|switch|p1a: Toxtricity|Toxtricity, L82, F|257/257\n|move|p2a: Incineroar|Swords Dance|p2a: Incineroar\n|-boost|p2a: Incineroar|atk|2\n|\n|upkeep\n|turn|7\n|inactive|Time left: 300 sec this turn | 300 sec total\n|\n|t:|1783569598\n|move|p1a: Toxtricity|Boomburst|p2a: Incineroar\n|-damage|p2a: Incineroar|55/100\n|move|p2a: Incineroar|Knock Off|p1a: Toxtricity\n|-damage|p1a: Toxtricity|122/257\n|-enditem|p1a: Toxtricity|Choice Scarf|[from] move: Knock Off|[of] p2a: Incineroar\n|\n|upkeep\n|turn|8\n|inactive|Time left: 300 sec this turn | 300 sec total\n|\n|t:|1783569599\n|switch|p2a: Arceus|Arceus-Ghost, L69|100/100\n|move|p1a: Toxtricity|Boomburst|p2a: Arceus\n|-immune|p2a: Arceus\n|\n|upkeep\n|turn|9\n|inactive|Time left: 300 sec this turn | 300 sec total\n|\n|t:|1783569600\n|move|p2a: Arceus|Judgment|p1a: Toxtricity\n|-damage|p1a: Toxtricity|1/257\n|move|p1a: Toxtricity|Overdrive|p2a: Arceus\n|-damage|p2a: Arceus|62/100\n|\n|upkeep\n|turn|10\n|inactive|Time left: 300 sec this turn | 300 sec total\n|\n|t:|1783569601\n|move|p2a: Arceus|Judgment|p1a: Toxtricity\n|-damage|p1a: Toxtricity|0 fnt\n|faint|p1a: Toxtricity\n|\n|upkeep\n|inactive|Time left: 300 sec this turn | 300 sec total | 5 sec grace\n|\n|t:|1783569602\n|switch|p1a: Mabosstiff|Mabosstiff, L86, M|278/278\n|turn|11\n|inactive|Time left: 300 sec this turn | 300 sec total\n|\n|t:|1783569603\n|move|p1a: Mabosstiff|Crunch|p2a: Arceus\n|-supereffective|p2a: Arceus\n|-damage|p2a: Arceus|0 fnt\n|faint|p2a: Arceus\n|\n|upkeep\n|\n|t:|1783569603\n|switch|p2a: Tornadus|Tornadus, L82, M|100/100\n|turn|12\n|inactive|Time left: 300 sec this turn | 300 sec total\n|\n|t:|1783569604\n|move|p1a: Mabosstiff|Crunch|p2a: Tornadus\n|-damage|p2a: Tornadus|51/100\n|-unboost|p2a: Tornadus|def|1\n|-ability|p2a: Tornadus|Defiant|boost\n|-boost|p2a: Tornadus|atk|2\n|move|p2a: Tornadus|Bleakwind Storm|p1a: Mabosstiff\n|-crit|p1a: Mabosstiff\n|-damage|p1a: Mabosstiff|0 fnt\n|faint|p1a: Mabosstiff\n|\n|-sideend|p1: p0x2558b45a|Reflect\n|upkeep\n|inactive|Time left: 300 sec this turn | 300 sec total | 5 sec grace\n|\n|t:|1783569606\n|switch|p1a: Raichu|Raichu, L88, M|249/249\n|turn|13\n|inactive|Time left: 300 sec this turn | 300 sec total\n|\n|t:|1783569607\n|switch|p2a: Shaymin|Shaymin, L82|100/100\n|move|p1a: Raichu|Thunderbolt|p2a: Shaymin\n|-resisted|p2a: Shaymin\n|-damage|p2a: Shaymin|84/100\n|-status|p2a: Shaymin|par\n|\n|-heal|p2a: Shaymin|90/100 par|[from] item: Leftovers\n|upkeep\n|turn|14\n|inactive|Time left: 300 sec this turn | 300 sec total\n|\n|t:|1783569608\n|move|p1a: Raichu|Knock Off|p2a: Shaymin\n|-damage|p2a: Shaymin|67/100 par\n|-enditem|p2a: Shaymin|Leftovers|[from] move: Knock Off|[of] p1a: Raichu\n|cant|p2a: Shaymin|par\n|\n|upkeep\n|turn|15\n|inactive|Time left: 300 sec this turn | 300 sec total\n|\n|t:|1783569610\n|move|p1a: Raichu|Volt Switch|p2a: Shaymin\n|-resisted|p2a: Shaymin\n|-damage|p2a: Shaymin|54/100 par\n|inactive|Time left: 300 sec this turn | 300 sec total | 5 sec grace\n|\n|t:|1783569611\n|switch|p1a: Scovillain|Scovillain, L91, F|266/266|[from] Volt Switch\n|cant|p2a: Shaymin|par\n|\n|upkeep\n|turn|16\n|inactive|Time left: 300 sec this turn | 300 sec total\n|\n|t:|1783569612\n|-curestatus|p2a: Shaymin|par|[from] ability: Natural Cure|[silent]\n|switch|p2a: Incineroar|Incineroar, L82, M|55/100\n|-ability|p2a: Incineroar|Intimidate|boost\n|-unboost|p1a: Scovillain|atk|1\n|move|p1a: Scovillain|Flamethrower|p2a: Incineroar\n|-resisted|p2a: Incineroar\n|-damage|p2a: Incineroar|34/100\n|\n|upkeep\n|turn|17\n|inactive|Time left: 300 sec this turn | 300 sec total\n|\n|t:|1783569613\n|move|p1a: Scovillain|Flamethrower|p2a: Incineroar\n|-resisted|p2a: Incineroar\n|-damage|p2a: Incineroar|14/100\n|move|p2a: Incineroar|Knock Off|p1a: Scovillain\n|-damage|p1a: Scovillain|131/266\n|-enditem|p1a: Scovillain|Leftovers|[from] move: Knock Off|[of] p2a: Incineroar\n|\n|upkeep\n|turn|18\n|inactive|Time left: 300 sec this turn | 300 sec total\n|\n|t:|1783569614\n|switch|p2a: Basculin|Basculin-Blue-Striped, L86, M|100/100\n|move|p1a: Scovillain|Flamethrower|p2a: Basculin\n|-resisted|p2a: Basculin\n|-damage|p2a: Basculin|72/100\n|\n|upkeep\n|turn|19\n|inactive|Time left: 300 sec this turn | 300 sec total\n|\n|t:|1783569615\n|move|p2a: Basculin|Flip Turn|p1a: Scovillain\n|-damage|p1a: Scovillain|0 fnt\n|faint|p1a: Scovillain\n|\n|t:|1783569616\n|switch|p2a: Shaymin|Shaymin, L82|54/100|[from] Flip Turn\n|\n|upkeep\n|inactive|Time left: 300 sec this turn | 300 sec total | 10 sec grace\n|\n|t:|1783569617\n|switch|p1a: Meowstic|Meowstic, L89, M|76/277\n|turn|20\n|inactive|Time left: 300 sec this turn | 300 sec total\n|\n|t:|1783569618\n|switch|p1a: Raichu|Raichu, L88, M|249/249\n|move|p2a: Shaymin|Seed Flare|p1a: Raichu\n|-damage|p1a: Raichu|168/249\n|\n|upkeep\n|turn|21\n|inactive|Time left: 300 sec this turn | 300 sec total\n|\n|t:|1783569620\n|move|p1a: Raichu|Thunderbolt|p2a: Shaymin\n|-resisted|p2a: Shaymin\n|-damage|p2a: Shaymin|38/100\n|move|p2a: Shaymin|Seed Flare|p1a: Raichu\n|-damage|p1a: Raichu|84/249\n|-unboost|p1a: Raichu|spd|2\n|\n|upkeep\n|turn|22\n|inactive|Time left: 300 sec this turn | 300 sec total\n|\n|t:|1783569622\n|move|p1a: Raichu|Thunderbolt|p2a: Shaymin\n|-resisted|p2a: Shaymin\n|-damage|p2a: Shaymin|23/100\n|move|p2a: Shaymin|Seed Flare|p1a: Raichu\n|-damage|p1a: Raichu|0 fnt\n|faint|p1a: Raichu\n|\n|upkeep\n|inactive|Time left: 300 sec this turn | 300 sec total | 5 sec grace\n|\n|t:|1783569623\n|switch|p1a: Meowstic|Meowstic, L89, M|76/277\n|turn|23\n|inactive|Time left: 300 sec this turn | 300 sec total\n|\n|t:|1783569624\n|switch|p2a: Incineroar|Incineroar, L82, M|14/100\n|-ability|p2a: Incineroar|Intimidate|boost\n|-unboost|p1a: Meowstic|atk|1\n|-terastallize|p1a: Meowstic|Fairy\n|move|p1a: Meowstic|Light Screen|p1a: Meowstic\n|-sidestart|p1: p0x2558b45a|move: Light Screen\n|\n|upkeep\n|turn|24\n|inactive|Time left: 300 sec this turn | 300 sec total\n|\n|t:|1783569625\n|move|p1a: Meowstic|Psychic Noise|p2a: Incineroar\n|-immune|p2a: Incineroar\n|move|p2a: Incineroar|Flare Blitz|p1a: Meowstic\n|-damage|p1a: Meowstic|0 fnt\n|faint|p1a: Meowstic\n|-damage|p2a: Incineroar|6/100|[from] Recoil\n|\n|win|p0y25582a80", "uploadtime": 1783569625, "views": 0, "rating": 0, "private": 0, "password": null, "_winner": "p0y25582a80", "_our_name": "p0x2558b45a"}