{"id": "battle-gen9randombattle-183", "formatid": "gen9randombattle", "format": "[Gen 9] Random Battle", "players": ["p0x1837d2c", "p0y1835ffc"], "log": "|init|battle\n|title|p0x1837d2c vs. p0y1835ffc\n|j|\u2606p0x1837d2c\n|j|\u2606p0y1835ffc\n|t:|1783541696\n|gametype|singles\n|player|p1|p0x1837d2c|169|\n|player|p2|p0y1835ffc|170|\n|gen|9\n|tier|[Gen 9] Random Battle\n|rule|Species Clause: Limit one of each Pok\u00e9mon\n|rule|HP Percentage Mod: HP is shown in percentages\n|rule|Sleep Clause Mod: Limit one foe put to sleep\n|rule|Illusion Level Mod: Illusion disguises the Pok\u00e9mon's true level\n|\n|t:|1783541696\n|teamsize|p1|6\n|teamsize|p2|6\n|start\n|switch|p1a: Lumineon|Lumineon, L93, M|100/100\n|switch|p2a: Mimikyu|Mimikyu, L79, F|216/216\n|turn|1\n|inactive|Battle timer is ON: inactive players will automatically lose when time's up. (requested by p0x1837d2c)\n|inactive|Time left: 300 sec this turn | 300 sec total | 60 sec grace\n|inactive|p0y1835ffc also wants the timer to be on.\n|\n|t:|1783541698\n|switch|p1a: Kingambit|Kingambit, L74, M|100/100\n|move|p2a: Mimikyu|Swords Dance|p2a: Mimikyu\n|-boost|p2a: Mimikyu|atk|2\n|\n|upkeep\n|turn|2\n|inactive|Time left: 300 sec this turn | 300 sec total\n|\n|t:|1783541700\n|move|p2a: Mimikyu|Play Rough|p1a: Kingambit\n|-damage|p1a: Kingambit|28/100\n|-damage|p2a: Mimikyu|195/216|[from] item: Life Orb\n|move|p1a: Kingambit|Kowtow Cleave|p2a: Mimikyu\n|-activate|p2a: Mimikyu|ability: Disguise\n|-damage|p2a: Mimikyu|195/216\n|detailschange|p2a: Mimikyu|Mimikyu-Busted, L79, F\n|-damage|p2a: Mimikyu|168/216|[from] pokemon: Mimikyu-Busted\n|\n|-heal|p1a: Kingambit|34/100|[from] item: Leftovers\n|upkeep\n|turn|3\n|inactive|Time left: 300 sec this turn | 300 sec total\n|\n|t:|1783541701\n|move|p1a: Kingambit|Sucker Punch|p2a: Mimikyu\n|-damage|p2a: Mimikyu|87/216\n|move|p2a: Mimikyu|Play Rough|p1a: Kingambit\n|-damage|p1a: Kingambit|0 fnt\n|faint|p1a: Kingambit\n|-end|p1a: Kingambit|fallenundefined|[silent]\n|-damage|p2a: Mimikyu|66/216|[from] item: Life Orb\n|\n|upkeep\n|\n|t:|1783541702\n|switch|p1a: Volcanion|Volcanion, L79|100/100\n|turn|4\n|inactive|Time left: 300 sec this turn | 300 sec total\n|\n|t:|1783541703\n|move|p2a: Mimikyu|Shadow Claw|p1a: Volcanion\n|-crit|p1a: Volcanion\n|-damage|p1a: Volcanion|17/100\n|-damage|p2a: Mimikyu|45/216|[from] item: Life Orb\n|move|p1a: Volcanion|Flame Charge|p2a: Mimikyu\n|-damage|p2a: Mimikyu|0 fnt\n|-boost|p1a: Volcanion|spe|1\n|faint|p2a: Mimikyu\n|\n|upkeep\n|inactive|Time left: 300 sec this turn | 300 sec total | 5 sec grace\n|\n|t:|1783541704\n|switch|p2a: Raichu|Raichu-Alola, L87, F|246/246\n|turn|5\n|inactive|Time left: 300 sec this turn | 300 sec total\n|\n|t:|1783541705\n|move|p2a: Raichu|Psyshock|p1a: Volcanion\n|-damage|p1a: Volcanion|0 fnt\n|faint|p1a: Volcanion\n|\n|upkeep\n|\n|t:|1783541706\n|switch|p1a: Latias|Latias, L79, F|100/100\n|turn|6\n|inactive|Time left: 300 sec this turn | 300 sec total\n|\n|t:|1783541707\n|switch|p2a: Greedent|Greedent, L86, M|347/347\n|move|p1a: Latias|Calm Mind|p1a: Latias\n|-boost|p1a: Latias|spa|1\n|-boost|p1a: Latias|spd|1\n|\n|upkeep\n|turn|7\n|inactive|Time left: 300 sec this turn | 300 sec total\n|\n|t:|1783541708\n|move|p1a: Latias|Psyshock|p2a: Greedent\n|-damage|p2a: Greedent|200/347\n|move|p2a: Greedent|Knock Off|p1a: Latias\n|-supereffective|p1a: Latias\n|-damage|p1a: Latias|47/100\n|-enditem|p1a: Latias|Soul Dew|[from] move: Knock Off|[of] p2a: Greedent\n|\n|upkeep\n|turn|8\n|inactive|Time left: 300 sec this turn | 300 sec total\n|\n|t:|1783541709\n|move|p1a: Latias|Draco Meteor|p2a: Greedent\n|-damage|p2a: Greedent|0 fnt\n|-unboost|p1a: Latias|spa|2\n|faint|p2a: Greedent\n|\n|upkeep\n|inactive|Time left: 300 sec this turn | 300 sec total | 5 sec grace\n|\n|t:|1783541709\n|switch|p2a: Raichu|Raichu-Alola, L87, F|246/246\n|turn|9\n|inactive|Time left: 300 sec this turn | 300 sec total\n|\n|t:|1783541710\n|move|p2a: Raichu|Thunderbolt|p1a: Latias\n|-resisted|p1a: Latias\n|-damage|p1a: Latias|32/100\n|move|p1a: Latias|Recover|p1a: Latias\n|-heal|p1a: Latias|82/100\n|\n|upkeep\n|turn|10\n|inactive|Time left: 300 sec this turn | 300 sec total\n|\n|t:|1783541712\n|move|p2a: Raichu|Thunderbolt|p1a: Latias\n|-resisted|p1a: Latias\n|-damage|p1a: Latias|67/100\n|move|p1a: Latias|Calm Mind|p1a: Latias\n|-boost|p1a: Latias|spa|1\n|-boost|p1a: Latias|spd|1\n|\n|upkeep\n|turn|11\n|inactive|Time left: 300 sec this turn | 300 sec total\n|\n|t:|1783541713\n|switch|p2a: Gogoat|Gogoat, L88, M|360/360\n|move|p1a: Latias|Calm Mind|p1a: Latias\n|-boost|p1a: Latias|spa|1\n|-boost|p1a: Latias|spd|1\n|\n|upkeep\n|turn|12\n|inactive|Time left: 300 sec this turn | 300 sec total\n|\n|t:|1783541714\n|move|p1a: Latias|Calm Mind|p1a: Latias\n|-boost|p1a: Latias|spa|1\n|-boost|p1a: Latias|spd|1\n|move|p2a: Gogoat|Bulk Up|p2a: Gogoat\n|-boost|p2a: Gogoat|atk|1\n|-boost|p2a: Gogoat|def|1\n|\n|upkeep\n|turn|13\n|inactive|Time left: 300 sec this turn | 300 sec total\n|\n|t:|1783541715\n|move|p1a: Latias|Psyshock|p2a: Gogoat\n|-damage|p2a: Gogoat|234/360\n|move|p2a: Gogoat|Horn Leech|p1a: Latias\n|-resisted|p1a: Latias\n|-damage|p1a: Latias|41/100\n|-heal|p2a: Gogoat|267/360|[from] drain|[of] p1a: Latias\n|\n|-heal|p2a: Gogoat|289/360|[from] item: Leftovers\n|upkeep\n|turn|14\n|inactive|Time left: 300 sec this turn | 300 sec total\n|\n|t:|1783541716\n|move|p1a: Latias|Psyshock|p2a: Gogoat\n|-damage|p2a: Gogoat|156/360\n|move|p2a: Gogoat|Milk Drink|p2a: Gogoat\n|-heal|p2a: Gogoat|336/360\n|\n|-heal|p2a: Gogoat|358/360|[from] item: Leftovers\n|upkeep\n|turn|15\n|inactive|Time left: 300 sec this turn | 300 sec total\n|\n|t:|1783541717\n|move|p1a: Latias|Recover|p1a: Latias\n|-heal|p1a: Latias|91/100\n|move|p2a: Gogoat|Horn Leech|p1a: Latias\n|-resisted|p1a: Latias\n|-damage|p1a: Latias|63/100\n|-heal|p2a: Gogoat|360/360|[from] drain|[of] p1a: Latias\n|\n|upkeep\n|turn|16\n|inactive|Time left: 300 sec this turn | 300 sec total\n|\n|t:|1783541718\n|move|p1a: Latias|Psyshock|p2a: Gogoat\n|-damage|p2a: Gogoat|218/360\n|move|p2a: Gogoat|Horn Leech|p1a: Latias\n|-resisted|p1a: Latias\n|-damage|p1a: Latias|34/100\n|-heal|p2a: Gogoat|255/360|[from] drain|[of] p1a: Latias\n|\n|-heal|p2a: Gogoat|277/360|[from] item: Leftovers\n|upkeep\n|turn|17\n|inactive|Time left: 300 sec this turn | 300 sec total\n|\n|t:|1783541719\n|move|p1a: Latias|Recover|p1a: Latias\n|-heal|p1a: Latias|84/100\n|move|p2a: Gogoat|Rock Slide|p1a: Latias\n|-damage|p1a: Latias|44/100\n|\n|-heal|p2a: Gogoat|299/360|[from] item: Leftovers\n|upkeep\n|turn|18\n|inactive|Time left: 300 sec this turn | 300 sec total\n|\n|t:|1783541720\n|move|p1a: Latias|Psyshock|p2a: Gogoat\n|-crit|p2a: Gogoat\n|-damage|p2a: Gogoat|0 fnt\n|faint|p2a: Gogoat\n|\n|upkeep\n|inactive|Time left: 300 sec this turn | 300 sec total | 5 sec grace\n|\n|t:|1783541721\n|switch|p2a: Raichu|Raichu-Alola, L87, F|246/246\n|turn|19\n|inactive|Time left: 300 sec this turn | 300 sec total\n|\n|t:|1783541722\n|move|p2a: Raichu|Psyshock|p1a: Latias\n|-resisted|p1a: Latias\n|-damage|p1a: Latias|16/100\n|move|p1a: Latias|Recover|p1a: Latias\n|-heal|p1a: Latias|66/100\n|\n|upkeep\n|turn|20\n|inactive|Time left: 300 sec this turn | 300 sec total\n|\n|t:|1783541723\n|move|p2a: Raichu|Psyshock|p1a: Latias\n|-resisted|p1a: Latias\n|-damage|p1a: Latias|38/100\n|move|p1a: Latias|Recover|p1a: Latias\n|-heal|p1a: Latias|88/100\n|\n|upkeep\n|turn|21\n|inactive|Time left: 300 sec this turn | 300 sec total\n|\n|t:|1783541724\n|move|p2a: Raichu|Psyshock|p1a: Latias\n|-resisted|p1a: Latias\n|-damage|p1a: Latias|62/100\n|move|p1a: Latias|Psyshock|p2a: Raichu\n|-resisted|p2a: Raichu\n|-damage|p2a: Raichu|119/246\n|\n|upkeep\n|turn|22\n|inactive|Time left: 300 sec this turn | 300 sec total\n|\n|t:|1783541726\n|move|p2a: Raichu|Psyshock|p1a: Latias\n|-resisted|p1a: Latias\n|-damage|p1a: Latias|36/100\n|move|p1a: Latias|Recover|p1a: Latias\n|-heal|p1a: Latias|86/100\n|\n|upkeep\n|turn|23\n|inactive|Time left: 300 sec this turn | 300 sec total\n|\n|t:|1783541727\n|move|p2a: Raichu|Psyshock|p1a: Latias\n|-resisted|p1a: Latias\n|-damage|p1a: Latias|58/100\n|move|p1a: Latias|Psyshock|p2a: Raichu\n|-resisted|p2a: Raichu\n|-damage|p2a: Raichu|11/246\n|\n|upkeep\n|turn|24\n|inactive|Time left: 300 sec this turn | 300 sec total\n|\n|t:|1783541728\n|move|p2a: Raichu|Psyshock|p1a: Latias\n|-resisted|p1a: Latias\n|-damage|p1a: Latias|33/100\n|move|p1a: Latias|Psyshock|p2a: Raichu\n|-resisted|p2a: Raichu\n|-damage|p2a: Raichu|0 fnt\n|faint|p2a: Raichu\n|\n|upkeep\n|inactive|Time left: 300 sec this turn | 300 sec total | 5 sec grace\n|\n|t:|1783541729\n|switch|p2a: Indeedee|Indeedee-F, L90, F|272/272\n|-fieldstart|move: Psychic Terrain|[from] ability: Psychic Surge|[of] p2a: Indeedee\n|turn|25\n|inactive|Time left: 300 sec this turn | 300 sec total\n|\n|t:|1783541730\n|move|p2a: Indeedee|Shadow Ball|p1a: Latias\n|-supereffective|p1a: Latias\n|-damage|p1a: Latias|20/100\n|-unboost|p1a: Latias|spd|1\n|move|p1a: Latias|Recover|p1a: Latias\n|-heal|p1a: Latias|70/100\n|\n|upkeep\n|turn|26\n|inactive|Time left: 300 sec this turn | 300 sec total\n|\n|t:|1783541731\n|move|p2a: Indeedee|Shadow Ball|p1a: Latias\n|-supereffective|p1a: Latias\n|-crit|p1a: Latias\n|-damage|p1a: Latias|6/100\n|move|p1a: Latias|Psyshock|p2a: Indeedee\n|-resisted|p2a: Indeedee\n|-damage|p2a: Indeedee|172/272\n|\n|upkeep\n|turn|27\n|inactive|Time left: 300 sec this turn | 300 sec total\n|\n|t:|1783541732\n|switch|p1a: Kilowattrel|Kilowattrel, L83, M|100/100\n|move|p2a: Indeedee|Shadow Ball|p1a: Kilowattrel\n|-damage|p1a: Kilowattrel|64/100\n|\n|upkeep\n|turn|28\n|inactive|Time left: 300 sec this turn | 300 sec total\n|\n|t:|1783541733\n|move|p2a: Indeedee|Shadow Ball|p1a: Kilowattrel\n|-damage|p1a: Kilowattrel|29/100\n|move|p1a: Kilowattrel|Roost|p1a: Kilowattrel\n|-heal|p1a: Kilowattrel|79/100\n|-singleturn|p1a: Kilowattrel|move: Roost\n|\n|upkeep\n|turn|29\n|inactive|Time left: 300 sec this turn | 300 sec total\n|\n|t:|1783541734\n|move|p2a: Indeedee|Shadow Ball|p1a: Kilowattrel\n|-damage|p1a: Kilowattrel|47/100\n|move|p1a: Kilowattrel|Discharge|p2a: Indeedee\n|-damage|p2a: Indeedee|100/272\n|\n|-fieldend|move: Psychic Terrain\n|upkeep\n|turn|30\n|inactive|Time left: 300 sec this turn | 300 sec total\n|\n|t:|1783541736\n|move|p2a: Indeedee|Shadow Ball|p1a: Kilowattrel\n|-damage|p1a: Kilowattrel|16/100\n|move|p1a: Kilowattrel|Roost|p1a: Kilowattrel\n|-heal|p1a: Kilowattrel|66/100\n|-singleturn|p1a: Kilowattrel|move: Roost\n|\n|upkeep\n|turn|31\n|inactive|Time left: 300 sec this turn | 300 sec total\n|\n|t:|1783541737\n|move|p2a: Indeedee|Shadow Ball|p1a: Kilowattrel\n|-damage|p1a: Kilowattrel|29/100\n|move|p1a: Kilowattrel|Roost|p1a: Kilowattrel\n|-heal|p1a: Kilowattrel|79/100\n|-singleturn|p1a: Kilowattrel|move: Roost\n|\n|upkeep\n|turn|32\n|inactive|Time left: 300 sec this turn | 300 sec total\n|\n|t:|1783541738\n|move|p2a: Indeedee|Shadow Ball|p1a: Kilowattrel\n|-damage|p1a: Kilowattrel|48/100\n|move|p1a: Kilowattrel|Discharge|p2a: Indeedee\n|-damage|p2a: Indeedee|27/272\n|-status|p2a: Indeedee|par\n|\n|upkeep\n|turn|33\n|inactive|Time left: 300 sec this turn | 300 sec total\n|\n|t:|1783541740\n|switch|p2a: Lanturn|Lanturn, L89, F|367/367\n|move|p1a: Kilowattrel|U-turn|p2a: Lanturn\n|-damage|p2a: Lanturn|316/367\n|\n|t:|1783541741\n|switch|p1a: Latias|Latias, L79, F|6/100|[from] U-turn\n|\n|-heal|p2a: Lanturn|338/367|[from] item: Leftovers\n|upkeep\n|turn|34\n|inactive|Time left: 300 sec this turn | 300 sec total\n|\n|t:|1783541742\n|move|p1a: Latias|Recover|p1a: Latias\n|-heal|p1a: Latias|56/100\n|move|p2a: Lanturn|Ice Beam|p1a: Latias\n|-supereffective|p1a: Latias\n|-damage|p1a: Latias|20/100\n|\n|-heal|p2a: Lanturn|360/367|[from] item: Leftovers\n|upkeep\n|turn|35\n|inactive|Time left: 300 sec this turn | 300 sec total\n|\n|t:|1783541743\n|move|p1a: Latias|Draco Meteor|p2a: Lanturn\n|-damage|p2a: Lanturn|222/367\n|-unboost|p1a: Latias|spa|2\n|move|p2a: Lanturn|Ice Beam|p1a: Latias\n|-supereffective|p1a: Latias\n|-damage|p1a: Latias|0 fnt\n|faint|p1a: Latias\n|\n|-heal|p2a: Lanturn|244/367|[from] item: Leftovers\n|upkeep\n|\n|t:|1783541744\n|switch|p1a: Deoxys|Deoxys-Attack, L72|100/100\n|-ability|p1a: Deoxys|Pressure\n|turn|36\n|inactive|Time left: 300 sec this turn | 300 sec total\n|\n|t:|1783541745\n|switch|p2a: Indeedee|Indeedee-F, L90, F|27/272 par\n|-fieldstart|move: Psychic Terrain|[from] ability: Psychic Surge|[of] p2a: Indeedee\n|move|p1a: Deoxys|Psycho Boost|p2a: Indeedee\n|-resisted|p2a: Indeedee\n|-damage|p2a: Indeedee|0 fnt\n|-unboost|p1a: Deoxys|spa|2\n|faint|p2a: Indeedee\n|-damage|p1a: Deoxys|91/100|[from] item: Life Orb\n|\n|upkeep\n|inactive|Time left: 300 sec this turn | 300 sec total | 5 sec grace\n|\n|t:|1783541745\n|switch|p2a: Lanturn|Lanturn, L89, F|244/367\n|turn|37\n|inactive|Time left: 300 sec this turn | 300 sec total\n|\n|t:|1783541746\n|-terastallize|p1a: Deoxys|Dark\n|move|p1a: Deoxys|Knock Off|p2a: Lanturn\n|-damage|p2a: Lanturn|37/367\n|-enditem|p2a: Lanturn|Leftovers|[from] move: Knock Off|[of] p1a: Deoxys\n|-damage|p1a: Deoxys|81/100|[from] item: Life Orb\n|move|p2a: Lanturn|Scald|p1a: Deoxys\n|-damage|p1a: Deoxys|0 fnt\n|faint|p1a: Deoxys\n|\n|upkeep\n|\n|t:|1783541747\n|switch|p1a: Lumineon|Lumineon, L93, M|100/100\n|turn|38\n|inactive|Time left: 300 sec this turn | 300 sec total\n|\n|t:|1783541748\n|move|p1a: Lumineon|U-turn|p2a: Lanturn\n|-damage|p2a: Lanturn|0 fnt\n|faint|p2a: Lanturn\n|\n|win|p0x1837d2c", "uploadtime": 1783541748, "views": 0, "rating": 0, "private": 0, "password": null, "_winner": "p0x1837d2c", "_our_name": "p0y1835ffc"}