{"id": "battle-gen9randombattle-738", "formatid": "gen9randombattle", "format": "[Gen 9] Random Battle", "players": ["p0x7388eb9", "p0y738e8b7"], "log": "|init|battle\n|title|p0x7388eb9 vs. p0y738e8b7\n|j|\u2606p0x7388eb9\n|j|\u2606p0y738e8b7\n|t:|1783547685\n|gametype|singles\n|player|p1|p0x7388eb9|101|\n|player|p2|p0y738e8b7|101|\n|gen|9\n|tier|[Gen 9] Random Battle\n|rule|Species Clause: Limit one of each Pok\u00e9mon\n|rule|HP Percentage Mod: HP is shown in percentages\n|rule|Sleep Clause Mod: Limit one foe put to sleep\n|rule|Illusion Level Mod: Illusion disguises the Pok\u00e9mon's true level\n|\n|t:|1783547685\n|teamsize|p1|6\n|teamsize|p2|6\n|start\n|switch|p1a: Hippowdon|Hippowdon, L82, M|311/311\n|switch|p2a: Azumarill|Azumarill, L82, F|100/100\n|-weather|Sandstorm|[from] ability: Sand Stream|[of] p1a: Hippowdon\n|turn|1\n|inactive|Battle timer is ON: inactive players will automatically lose when time's up. (requested by p0x7388eb9)\n|\n|t:|1783547686\n|switch|p1a: Vaporeon|Vaporeon, L86, M|364/364\n|move|p2a: Azumarill|Liquidation|p1a: Vaporeon\n|-immune|p1a: Vaporeon|[from] ability: Water Absorb\n|\n|-weather|Sandstorm|[upkeep]\n|-damage|p1a: Vaporeon|342/364|[from] Sandstorm\n|-damage|p2a: Azumarill|94/100|[from] Sandstorm\n|-heal|p1a: Vaporeon|364/364|[from] item: Leftovers\n|upkeep\n|turn|2\n|inactive|Time left: 300 sec this turn | 300 sec total\n|inactive|p0y738e8b7 also wants the timer to be on.\n|\n|t:|1783547687\n|move|p1a: Vaporeon|Scald|p2a: Azumarill\n|-resisted|p2a: Azumarill\n|-damage|p2a: Azumarill|76/100\n|move|p2a: Azumarill|Liquidation|p1a: Vaporeon\n|-immune|p1a: Vaporeon|[from] ability: Water Absorb\n|\n|-weather|Sandstorm|[upkeep]\n|-damage|p1a: Vaporeon|342/364|[from] Sandstorm\n|-damage|p2a: Azumarill|70/100|[from] Sandstorm\n|-heal|p1a: Vaporeon|364/364|[from] item: Leftovers\n|upkeep\n|turn|3\n|inactive|Time left: 300 sec this turn | 300 sec total\n|\n|t:|1783547688\n|switch|p2a: Raikou|Raikou, L81|100/100\n|-ability|p2a: Raikou|Pressure\n|move|p1a: Vaporeon|Scald|p2a: Raikou\n|-damage|p2a: Raikou|66/100\n|\n|-weather|Sandstorm|[upkeep]\n|-damage|p2a: Raikou|60/100|[from] Sandstorm\n|-damage|p1a: Vaporeon|342/364|[from] Sandstorm\n|-heal|p2a: Raikou|66/100|[from] item: Leftovers\n|-heal|p1a: Vaporeon|364/364|[from] item: Leftovers\n|upkeep\n|turn|4\n|inactive|Time left: 300 sec this turn | 300 sec total\n|\n|t:|1783547689\n|move|p2a: Raikou|Calm Mind|p2a: Raikou\n|-boost|p2a: Raikou|spa|1\n|-boost|p2a: Raikou|spd|1\n|move|p1a: Vaporeon|Scald|p2a: Raikou\n|-damage|p2a: Raikou|43/100\n|-status|p2a: Raikou|brn\n|\n|-weather|Sandstorm|[upkeep]\n|-damage|p2a: Raikou|37/100 brn|[from] Sandstorm\n|-damage|p1a: Vaporeon|342/364|[from] Sandstorm\n|-heal|p2a: Raikou|43/100 brn|[from] item: Leftovers\n|-heal|p1a: Vaporeon|364/364|[from] item: Leftovers\n|-damage|p2a: Raikou|37/100 brn|[from] brn\n|upkeep\n|turn|5\n|inactive|Time left: 300 sec this turn | 300 sec total\n|\n|t:|1783547690\n|move|p2a: Raikou|Thunderbolt|p1a: Vaporeon\n|-supereffective|p1a: Vaporeon\n|-damage|p1a: Vaporeon|82/364\n|move|p1a: Vaporeon|Scald|p2a: Raikou\n|-damage|p2a: Raikou|17/100 brn\n|\n|-weather|none\n|-heal|p2a: Raikou|23/100 brn|[from] item: Leftovers\n|-heal|p1a: Vaporeon|104/364|[from] item: Leftovers\n|-damage|p2a: Raikou|17/100 brn|[from] brn\n|upkeep\n|turn|6\n|inactive|Time left: 300 sec this turn | 300 sec total\n|\n|t:|1783547691\n|switch|p1a: Hippowdon|Hippowdon, L82, M|311/311\n|-weather|Sandstorm|[from] ability: Sand Stream|[of] p1a: Hippowdon\n|move|p2a: Raikou|Thunderbolt|p1a: Hippowdon\n|-immune|p1a: Hippowdon\n|\n|-weather|Sandstorm|[upkeep]\n|-damage|p2a: Raikou|11/100 brn|[from] Sandstorm\n|-heal|p2a: Raikou|17/100 brn|[from] item: Leftovers\n|-damage|p2a: Raikou|11/100 brn|[from] brn\n|upkeep\n|turn|7\n|inactive|Time left: 300 sec this turn | 300 sec total\n|\n|t:|1783547692\n|move|p2a: Raikou|Scald|p1a: Hippowdon\n|-supereffective|p1a: Hippowdon\n|-damage|p1a: Hippowdon|109/311\n|move|p1a: Hippowdon|Earthquake|p2a: Raikou\n|-supereffective|p2a: Raikou\n|-damage|p2a: Raikou|0 fnt\n|faint|p2a: Raikou\n|\n|-weather|Sandstorm|[upkeep]\n|-heal|p1a: Hippowdon|128/311|[from] item: Leftovers\n|upkeep\n|\n|t:|1783547693\n|switch|p2a: Azumarill|Azumarill, L82, F|70/100\n|turn|8\n|inactive|Time left: 300 sec this turn | 300 sec total\n|\n|t:|1783547694\n|switch|p1a: Vaporeon|Vaporeon, L86, M|104/364\n|move|p2a: Azumarill|Liquidation|p1a: Vaporeon\n|-heal|p1a: Vaporeon|195/364|[from] ability: Water Absorb|[of] p2a: Azumarill\n|\n|-weather|Sandstorm|[upkeep]\n|-damage|p1a: Vaporeon|173/364|[from] Sandstorm\n|-damage|p2a: Azumarill|64/100|[from] Sandstorm\n|-heal|p1a: Vaporeon|195/364|[from] item: Leftovers\n|upkeep\n|turn|9\n|inactive|Time left: 300 sec this turn | 300 sec total\n|\n|t:|1783547695\n|switch|p2a: Clefable|Clefable, L83, F|100/100\n|move|p1a: Vaporeon|Scald|p2a: Clefable\n|-damage|p2a: Clefable|66/100\n|\n|-weather|Sandstorm|[upkeep]\n|-damage|p1a: Vaporeon|173/364|[from] Sandstorm\n|-heal|p1a: Vaporeon|195/364|[from] item: Leftovers\n|upkeep\n|turn|10\n|inactive|Time left: 300 sec this turn | 300 sec total\n|\n|t:|1783547697\n|move|p1a: Vaporeon|Scald|p2a: Clefable\n|-damage|p2a: Clefable|30/100\n|move|p2a: Clefable|Stealth Rock|p1a: Vaporeon\n|-sidestart|p1: p0x7388eb9|move: Stealth Rock\n|\n|-weather|none\n|-heal|p1a: Vaporeon|217/364|[from] item: Leftovers\n|upkeep\n|turn|11\n|inactive|Time left: 300 sec this turn | 300 sec total\n|\n|t:|1783547698\n|move|p1a: Vaporeon|Scald|p2a: Clefable\n|-damage|p2a: Clefable|0 fnt\n|faint|p2a: Clefable\n|\n|-heal|p1a: Vaporeon|239/364|[from] item: Leftovers\n|upkeep\n|\n|t:|1783547699\n|switch|p2a: Staraptor|Staraptor, L79, M|100/100\n|turn|12\n|inactive|Time left: 300 sec this turn | 300 sec total\n|\n|t:|1783547700\n|move|p1a: Vaporeon|Protect|p1a: Vaporeon\n|-singleturn|p1a: Vaporeon|Protect\n|move|p2a: Staraptor|Brave Bird|p1a: Vaporeon\n|-activate|p1a: Vaporeon|move: Protect\n|\n|-heal|p1a: Vaporeon|261/364|[from] item: Leftovers\n|upkeep\n|turn|13\n|inactive|Time left: 300 sec this turn | 300 sec total\n|\n|t:|1783547701\n|move|p2a: Staraptor|Brave Bird|p1a: Vaporeon\n|-damage|p1a: Vaporeon|0 fnt\n|faint|p1a: Vaporeon\n|-damage|p2a: Staraptor|68/100|[from] Recoil\n|\n|upkeep\n|inactive|Time left: 300 sec this turn | 300 sec total | 5 sec grace\n|\n|t:|1783547702\n|switch|p1a: Gothitelle|Gothitelle, L90, M|272/272\n|-damage|p1a: Gothitelle|238/272|[from] Stealth Rock\n|turn|14\n|inactive|Time left: 300 sec this turn | 300 sec total\n|\n|t:|1783547703\n|-terastallize|p1a: Gothitelle|Psychic\n|move|p1a: Gothitelle|Psychic|p2a: Staraptor\n|-damage|p2a: Staraptor|0 fnt\n|faint|p2a: Staraptor\n|\n|upkeep\n|\n|t:|1783547704\n|switch|p2a: Wugtrio|Wugtrio, L91, M|100/100\n|turn|15\n|inactive|Time left: 300 sec this turn | 300 sec total\n|\n|t:|1783547705\n|move|p2a: Wugtrio|Liquidation|p1a: Gothitelle\n|-damage|p1a: Gothitelle|91/272\n|-unboost|p1a: Gothitelle|def|1\n|move|p1a: Gothitelle|Psychic|p2a: Wugtrio\n|-damage|p2a: Wugtrio|19/100\n|-unboost|p2a: Wugtrio|spd|1\n|\n|upkeep\n|turn|16\n|inactive|Time left: 300 sec this turn | 300 sec total\n|\n|t:|1783547707\n|switch|p1a: Giratina|Giratina, L75|349/349\n|-damage|p1a: Giratina|306/349|[from] Stealth Rock\n|-ability|p1a: Giratina|Pressure\n|move|p2a: Wugtrio|Liquidation|p1a: Giratina\n|-resisted|p1a: Giratina\n|-damage|p1a: Giratina|240/349\n|\n|-heal|p1a: Giratina|261/349|[from] item: Leftovers\n|upkeep\n|turn|17\n|inactive|Time left: 300 sec this turn | 300 sec total\n|\n|t:|1783547708\n|move|p2a: Wugtrio|Liquidation|p1a: Giratina\n|-resisted|p1a: Giratina\n|-damage|p1a: Giratina|186/349\n|move|p1a: Giratina|Calm Mind|p1a: Giratina\n|-boost|p1a: Giratina|spa|1\n|-boost|p1a: Giratina|spd|1\n|\n|-heal|p1a: Giratina|207/349|[from] item: Leftovers\n|upkeep\n|turn|18\n|inactive|Time left: 300 sec this turn | 300 sec total\n|\n|t:|1783547709\n|switch|p2a: Azumarill|Azumarill, L82, F|64/100\n|move|p1a: Giratina|Rest|p1a: Giratina\n|-status|p1a: Giratina|slp|[from] move: Rest\n|-heal|p1a: Giratina|349/349 slp|[silent]\n|\n|upkeep\n|turn|19\n|inactive|Time left: 300 sec this turn | 300 sec total\n|\n|t:|1783547710\n|cant|p1a: Giratina|slp\n|move|p2a: Azumarill|Play Rough|p1a: Giratina\n|-supereffective|p1a: Giratina\n|-damage|p1a: Giratina|37/349 slp\n|\n|-heal|p1a: Giratina|58/349 slp|[from] item: Leftovers\n|upkeep\n|turn|20\n|inactive|Time left: 300 sec this turn | 300 sec total\n|\n|t:|1783547711\n|cant|p1a: Giratina|slp\n|move|p1a: Giratina|Sleep Talk|p1a: Giratina\n|move|p1a: Giratina|Calm Mind|p1a: Giratina|[from] move: Sleep Talk\n|-boost|p1a: Giratina|spa|1\n|-boost|p1a: Giratina|spd|1\n|move|p2a: Azumarill|Play Rough|p1a: Giratina\n|-supereffective|p1a: Giratina\n|-damage|p1a: Giratina|0 fnt\n|faint|p1a: Giratina\n|\n|upkeep\n|inactive|Time left: 300 sec this turn | 300 sec total | 5 sec grace\n|\n|t:|1783547712\n|switch|p1a: Dusknoir|Dusknoir, L89, F|225/225\n|-damage|p1a: Dusknoir|197/225|[from] Stealth Rock\n|-item|p2a: Azumarill|Choice Band|[from] ability: Frisk|[of] p1a: Dusknoir\n|turn|21\n|inactive|Time left: 300 sec this turn | 300 sec total\n|\n|t:|1783547713\n|move|p1a: Dusknoir|Will-O-Wisp|p2a: Azumarill\n|-status|p2a: Azumarill|brn\n|move|p2a: Azumarill|Play Rough|p1a: Dusknoir\n|-damage|p1a: Dusknoir|139/225\n|\n|-heal|p1a: Dusknoir|153/225|[from] item: Leftovers\n|-damage|p2a: Azumarill|58/100 brn|[from] brn\n|upkeep\n|turn|22\n|inactive|Time left: 300 sec this turn | 300 sec total\n|\n|t:|1783547714\n|move|p1a: Dusknoir|Poltergeist|p2a: Azumarill\n|-activate|p2a: Azumarill|move: Poltergeist|Choice Band\n|-damage|p2a: Azumarill|9/100 brn\n|move|p2a: Azumarill|Play Rough|p1a: Dusknoir\n|-damage|p1a: Dusknoir|93/225\n|\n|-heal|p1a: Dusknoir|107/225|[from] item: Leftovers\n|-damage|p2a: Azumarill|3/100 brn|[from] brn\n|upkeep\n|turn|23\n|inactive|Time left: 300 sec this turn | 300 sec total\n|\n|t:|1783547715\n|move|p1a: Dusknoir|Poltergeist|p2a: Azumarill\n|-activate|p2a: Azumarill|move: Poltergeist|Choice Band\n|-damage|p2a: Azumarill|0 fnt\n|faint|p2a: Azumarill\n|\n|-heal|p1a: Dusknoir|121/225|[from] item: Leftovers\n|upkeep\n|\n|t:|1783547716\n|switch|p2a: Wugtrio|Wugtrio, L91, M|19/100\n|turn|24\n|inactive|Time left: 300 sec this turn | 300 sec total\n|\n|t:|1783547717\n|move|p2a: Wugtrio|Aqua Jet|p1a: Dusknoir\n|-damage|p1a: Dusknoir|67/225\n|move|p1a: Dusknoir|Shadow Sneak|p2a: Wugtrio\n|-crit|p2a: Wugtrio\n|-damage|p2a: Wugtrio|0 fnt\n|-ability|p2a: Wugtrio|Gooey\n|-unboost|p1a: Dusknoir|spe|1\n|faint|p2a: Wugtrio\n|\n|-heal|p1a: Dusknoir|81/225|[from] item: Leftovers\n|upkeep\n|\n|t:|1783547718\n|switch|p2a: Ambipom|Ambipom, L84, M|100/100\n|turn|25\n|inactive|Time left: 300 sec this turn | 300 sec total\n|\n|t:|1783547719\n|move|p2a: Ambipom|Knock Off|p1a: Dusknoir\n|-supereffective|p1a: Dusknoir\n|-damage|p1a: Dusknoir|0 fnt\n|-enditem|p1a: Dusknoir|Leftovers|[from] move: Knock Off|[of] p2a: Ambipom\n|faint|p1a: Dusknoir\n|\n|upkeep\n|inactive|Time left: 300 sec this turn | 300 sec total | 5 sec grace\n|\n|t:|1783547720\n|switch|p1a: Gothitelle|Gothitelle, L90, M, tera:Psychic|91/272\n|-damage|p1a: Gothitelle|57/272|[from] Stealth Rock\n|turn|26\n|inactive|Time left: 300 sec this turn | 300 sec total\n|\n|t:|1783547721\n|move|p1a: Gothitelle|Psychic|p2a: Ambipom\n|-damage|p2a: Ambipom|34/100\n|move|p2a: Ambipom|Double-Edge|p1a: Gothitelle\n|-damage|p1a: Gothitelle|0 fnt\n|faint|p1a: Gothitelle\n|-damage|p2a: Ambipom|26/100|[from] Recoil\n|\n|upkeep\n|inactive|Time left: 300 sec this turn | 300 sec total | 5 sec grace\n|\n|t:|1783547722\n|switch|p1a: Houndoom|Houndoom, L87, M|272/272\n|turn|27\n|inactive|Time left: 300 sec this turn | 300 sec total\n|\n|t:|1783547722\n|-terastallize|p2a: Ambipom|Normal\n|move|p1a: Houndoom|Sucker Punch|p2a: Ambipom\n|-damage|p2a: Ambipom|0 fnt\n|faint|p2a: Ambipom\n|\n|win|p0x7388eb9", "uploadtime": 1783547722, "views": 0, "rating": 0, "private": 0, "password": null, "_winner": "p0x7388eb9", "_our_name": "p0x7388eb9"}