{"id": "battle-gen9randombattle-1402", "formatid": "gen9randombattle", "format": "[Gen 9] Random Battle", "players": ["p0x14020b1e", "p0y1402081d"], "log": "|init|battle\n|title|p0x14020b1e vs. p0y1402081d\n|j|\u2606p0x14020b1e\n|j|\u2606p0y1402081d\n|t:|1783555369\n|gametype|singles\n|player|p1|p0x14020b1e|102|\n|player|p2|p0y1402081d|101|\n|gen|9\n|tier|[Gen 9] Random Battle\n|rule|Species Clause: Limit one of each Pok\u00e9mon\n|rule|HP Percentage Mod: HP is shown in percentages\n|rule|Sleep Clause Mod: Limit one foe put to sleep\n|rule|Illusion Level Mod: Illusion disguises the Pok\u00e9mon's true level\n|\n|t:|1783555370\n|teamsize|p1|6\n|teamsize|p2|6\n|start\n|switch|p1a: Gumshoos|Gumshoos, L95, F|321/321\n|switch|p2a: Noctowl|Noctowl, L95, F|100/100\n|turn|1\n|inactive|Battle timer is ON: inactive players will automatically lose when time's up. (requested by p0x14020b1e)\n|inactive|p0y1402081d also wants the timer to be on.\n|\n|t:|1783555371\n|move|p2a: Noctowl|Hurricane|p1a: Gumshoos\n|-crit|p1a: Gumshoos\n|-damage|p1a: Gumshoos|87/321\n|move|p1a: Gumshoos|Double-Edge|p2a: Noctowl\n|-damage|p2a: Noctowl|0 fnt\n|faint|p2a: Noctowl\n|-damage|p1a: Gumshoos|0 fnt|[from] Recoil\n|faint|p1a: Gumshoos\n|\n|upkeep\n|inactive|Time left: 300 sec this turn | 300 sec total | 65 sec grace\n|\n|t:|1783555372\n|switch|p2a: Venomoth|Venomoth, L84, F|100/100\n|switch|p1a: Espathra|Espathra, L80, M|283/283\n|turn|2\n|inactive|Time left: 300 sec this turn | 300 sec total\n|\n|t:|1783555373\n|move|p1a: Espathra|Calm Mind|p1a: Espathra\n|-boost|p1a: Espathra|spa|1\n|-boost|p1a: Espathra|spd|1\n|move|p2a: Venomoth|Quiver Dance|p2a: Venomoth\n|-boost|p2a: Venomoth|spa|1\n|-boost|p2a: Venomoth|spd|1\n|-boost|p2a: Venomoth|spe|1\n|\n|-ability|p1a: Espathra|Speed Boost|boost\n|-boost|p1a: Espathra|spe|1\n|upkeep\n|turn|3\n|inactive|Time left: 300 sec this turn | 300 sec total\n|\n|t:|1783555374\n|-terastallize|p2a: Venomoth|Water\n|move|p1a: Espathra|Stored Power|p2a: Venomoth\n|-damage|p2a: Venomoth|64/100\n|move|p2a: Venomoth|Bug Buzz|p1a: Espathra\n|-supereffective|p1a: Espathra\n|-damage|p1a: Espathra|49/283\n|\n|-heal|p1a: Espathra|66/283|[from] item: Leftovers\n|-ability|p1a: Espathra|Speed Boost|boost\n|-boost|p1a: Espathra|spe|1\n|upkeep\n|turn|4\n|inactive|Time left: 300 sec this turn | 300 sec total\n|\n|t:|1783555375\n|move|p1a: Espathra|Stored Power|p2a: Venomoth\n|-damage|p2a: Venomoth|18/100\n|move|p2a: Venomoth|Bug Buzz|p1a: Espathra\n|-supereffective|p1a: Espathra\n|-damage|p1a: Espathra|0 fnt\n|faint|p1a: Espathra\n|\n|upkeep\n|inactive|Time left: 300 sec this turn | 300 sec total | 5 sec grace\n|\n|t:|1783555376\n|switch|p1a: Houndstone|Houndstone, L86, F|264/264\n|turn|5\n|inactive|Time left: 300 sec this turn | 300 sec total\n|\n|t:|1783555377\n|move|p1a: Houndstone|Shadow Sneak|p2a: Venomoth\n|-damage|p2a: Venomoth|0 fnt\n|faint|p2a: Venomoth\n|\n|upkeep\n|\n|t:|1783555378\n|switch|p2a: Exeggutor|Exeggutor-Alola, L89, F|100/100\n|-item|p1a: Houndstone|Leftovers|[from] ability: Frisk|[of] p2a: Exeggutor\n|turn|6\n|inactive|Time left: 300 sec this turn | 300 sec total\n|\n|t:|1783555379\n|switch|p1a: Slowbro|Slowbro-Galar, L87, M|307/307\n|move|p2a: Exeggutor|Giga Drain|p1a: Slowbro\n|-resisted|p1a: Slowbro\n|-damage|p1a: Slowbro|219/307\n|\n|upkeep\n|turn|7\n|inactive|Time left: 300 sec this turn | 300 sec total\n|\n|t:|1783555381\n|switch|p2a: Spiritomb|Spiritomb, L89, F|100/100\n|move|p1a: Slowbro|Shell Side Arm|p2a: Spiritomb|[anim] Shell Side Arm Physical\n|-resisted|p2a: Spiritomb\n|-damage|p2a: Spiritomb|82/100\n|-hint|Physical Shell Side Arm\n|-status|p2a: Spiritomb|psn\n|\n|-heal|p2a: Spiritomb|88/100 psn|[from] item: Leftovers\n|-damage|p2a: Spiritomb|76/100 psn|[from] psn\n|upkeep\n|turn|8\n|inactive|Time left: 300 sec this turn | 300 sec total\n|\n|t:|1783555382\n|switch|p1a: Forretress|Forretress, L84, M|263/263\n|move|p2a: Spiritomb|Poltergeist|p1a: Forretress\n|-activate|p1a: Forretress|move: Poltergeist|Leftovers\n|-damage|p1a: Forretress|175/263\n|\n|-heal|p1a: Forretress|191/263|[from] item: Leftovers\n|-heal|p2a: Spiritomb|82/100 psn|[from] item: Leftovers\n|-damage|p2a: Spiritomb|69/100 psn|[from] psn\n|upkeep\n|turn|9\n|inactive|Time left: 300 sec this turn | 300 sec total\n|\n|t:|1783555383\n|move|p1a: Forretress|Stealth Rock|p2a: Spiritomb\n|-sidestart|p2: p0y1402081d|move: Stealth Rock\n|move|p2a: Spiritomb|Poltergeist|p1a: Forretress\n|-activate|p1a: Forretress|move: Poltergeist|Leftovers\n|-damage|p1a: Forretress|104/263\n|\n|-heal|p1a: Forretress|120/263|[from] item: Leftovers\n|-heal|p2a: Spiritomb|75/100 psn|[from] item: Leftovers\n|-damage|p2a: Spiritomb|63/100 psn|[from] psn\n|upkeep\n|turn|10\n|inactive|Time left: 300 sec this turn | 300 sec total\n|\n|t:|1783555384\n|move|p1a: Forretress|Iron Head|p2a: Spiritomb\n|-damage|p2a: Spiritomb|33/100 psn\n|move|p2a: Spiritomb|Poltergeist|p1a: Forretress\n|-activate|p1a: Forretress|move: Poltergeist|Leftovers\n|-damage|p1a: Forretress|27/263\n|\n|-heal|p1a: Forretress|43/263|[from] item: Leftovers\n|-heal|p2a: Spiritomb|39/100 psn|[from] item: Leftovers\n|-damage|p2a: Spiritomb|27/100 psn|[from] psn\n|upkeep\n|turn|11\n|inactive|Time left: 300 sec this turn | 300 sec total\n|\n|t:|1783555384\n|move|p1a: Forretress|Iron Head|p2a: Spiritomb\n|-damage|p2a: Spiritomb|0 fnt\n|faint|p2a: Spiritomb\n|\n|-heal|p1a: Forretress|59/263|[from] item: Leftovers\n|upkeep\n|\n|t:|1783555385\n|switch|p2a: Clefable|Clefable, L83, F|100/100\n|turn|12\n|inactive|Time left: 300 sec this turn | 300 sec total\n|\n|t:|1783555386\n|switch|p1a: Slowbro|Slowbro-Galar, L87, M|307/307\n|move|p2a: Clefable|Moonblast|p1a: Slowbro\n|-resisted|p1a: Slowbro\n|-damage|p1a: Slowbro|241/307\n|\n|upkeep\n|turn|13\n|inactive|Time left: 300 sec this turn | 300 sec total\n|\n|t:|1783555387\n|move|p2a: Clefable|Thunder Wave|p1a: Slowbro|[miss]\n|-miss|p2a: Clefable|p1a: Slowbro\n|move|p1a: Slowbro|Shell Side Arm|p2a: Clefable|[anim] Shell Side Arm Physical\n|-supereffective|p2a: Clefable\n|-damage|p2a: Clefable|20/100\n|-hint|Physical Shell Side Arm\n|\n|upkeep\n|turn|14\n|inactive|Time left: 300 sec this turn | 300 sec total\n|\n|t:|1783555388\n|move|p2a: Clefable|Knock Off|p1a: Slowbro\n|-supereffective|p1a: Slowbro\n|-damage|p1a: Slowbro|114/307\n|-enditem|p1a: Slowbro|Rocky Helmet|[from] move: Knock Off|[of] p2a: Clefable\n|move|p1a: Slowbro|Shell Side Arm|p2a: Clefable|[anim] Shell Side Arm Physical\n|-supereffective|p2a: Clefable\n|-damage|p2a: Clefable|0 fnt\n|-hint|Physical Shell Side Arm\n|faint|p2a: Clefable\n|\n|upkeep\n|\n|t:|1783555390\n|switch|p2a: Exeggutor|Exeggutor-Alola, L89, F|100/100\n|-damage|p2a: Exeggutor|88/100|[from] Stealth Rock\n|turn|15\n|inactive|Time left: 300 sec this turn | 300 sec total\n|\n|t:|1783555391\n|switch|p1a: Forretress|Forretress, L84, M|59/263\n|move|p2a: Exeggutor|Flamethrower|p1a: Forretress\n|-supereffective|p1a: Forretress\n|-damage|p1a: Forretress|0 fnt\n|faint|p1a: Forretress\n|\n|upkeep\n|inactive|Time left: 300 sec this turn | 300 sec total | 5 sec grace\n|\n|t:|1783555391\n|switch|p1a: Slowbro|Slowbro-Galar, L87, M|216/307\n|turn|16\n|inactive|Time left: 300 sec this turn | 300 sec total\n|\n|t:|1783555393\n|move|p2a: Exeggutor|Flamethrower|p1a: Slowbro\n|-damage|p1a: Slowbro|74/307\n|move|p1a: Slowbro|Shell Side Arm|p2a: Exeggutor|[anim] Shell Side Arm Special\n|-supereffective|p2a: Exeggutor\n|-damage|p2a: Exeggutor|23/100\n|-hint|Special Shell Side Arm\n|\n|upkeep\n|turn|17\n|inactive|Time left: 300 sec this turn | 300 sec total\n|\n|t:|1783555394\n|move|p2a: Exeggutor|Flamethrower|p1a: Slowbro\n|-damage|p1a: Slowbro|0 fnt\n|faint|p1a: Slowbro\n|\n|upkeep\n|inactive|Time left: 300 sec this turn | 300 sec total | 5 sec grace\n|\n|t:|1783555395\n|switch|p1a: Houndstone|Houndstone, L86, F|264/264\n|turn|18\n|inactive|Time left: 300 sec this turn | 300 sec total\n|\n|t:|1783555396\n|move|p1a: Houndstone|Poltergeist|p2a: Exeggutor\n|-activate|p2a: Exeggutor|move: Poltergeist|Choice Specs\n|-damage|p2a: Exeggutor|0 fnt\n|faint|p2a: Exeggutor\n|\n|upkeep\n|\n|t:|1783555397\n|switch|p2a: Slither Wing|Slither Wing, L81|100/100\n|turn|19\n|inactive|Time left: 300 sec this turn | 300 sec total\n|\n|t:|1783555398\n|switch|p1a: Skarmory|Skarmory, L80, M|235/235\n|move|p2a: Slither Wing|Will-O-Wisp|p1a: Skarmory\n|-status|p1a: Skarmory|brn\n|\n|-damage|p1a: Skarmory|221/235 brn|[from] brn\n|upkeep\n|turn|20\n|inactive|Time left: 300 sec this turn | 300 sec total\n|\n|t:|1783555399\n|-terastallize|p1a: Skarmory|Fighting\n|move|p2a: Slither Wing|Will-O-Wisp|p1a: Skarmory|[miss]\n|-miss|p2a: Slither Wing|p1a: Skarmory\n|move|p1a: Skarmory|Brave Bird|p2a: Slither Wing\n|-supereffective|p2a: Slither Wing\n|-damage|p2a: Slither Wing|20/100\n|-damage|p1a: Skarmory|149/235 brn|[from] Recoil\n|\n|-heal|p1a: Skarmory|163/235 brn|[from] item: Leftovers\n|-damage|p1a: Skarmory|149/235 brn|[from] brn\n|upkeep\n|turn|21\n|inactive|Time left: 300 sec this turn | 300 sec total\n|\n|t:|1783555400\n|move|p2a: Slither Wing|Morning Sun|p2a: Slither Wing\n|-heal|p2a: Slither Wing|70/100\n|move|p1a: Skarmory|Brave Bird|p2a: Slither Wing\n|-supereffective|p2a: Slither Wing\n|-damage|p2a: Slither Wing|0 fnt\n|faint|p2a: Slither Wing\n|-end|p2a: Slither Wing|Protosynthesis|[silent]\n|-damage|p1a: Skarmory|87/235 brn|[from] Recoil\n|\n|win|p0x14020b1e", "uploadtime": 1783555400, "views": 0, "rating": 0, "private": 0, "password": null, "_winner": "p0x14020b1e", "_our_name": "p0x14020b1e"}