{"id": "battle-gen9randombattle-443", "formatid": "gen9randombattle", "format": "[Gen 9] Random Battle", "players": ["p0x443815d", "p0y4438fd6"], "log": "|init|battle\n|title|p0x443815d vs. p0y4438fd6\n|j|\u2606p0x443815d\n|j|\u2606p0y4438fd6\n|t:|1783544902\n|gametype|singles\n|player|p1|p0x443815d|101|\n|player|p2|p0y4438fd6|102|\n|gen|9\n|tier|[Gen 9] Random Battle\n|rule|Species Clause: Limit one of each Pok\u00e9mon\n|rule|HP Percentage Mod: HP is shown in percentages\n|rule|Sleep Clause Mod: Limit one foe put to sleep\n|rule|Illusion Level Mod: Illusion disguises the Pok\u00e9mon's true level\n|\n|t:|1783544902\n|teamsize|p1|6\n|teamsize|p2|6\n|start\n|switch|p1a: Kingambit|Kingambit, L74, M|100/100\n|switch|p2a: Feraligatr|Feraligatr, L79, F|264/264\n|turn|1\n|inactive|Battle timer is ON: inactive players will automatically lose when time's up. (requested by p0x443815d)\n|inactive|Time left: 300 sec this turn | 300 sec total | 60 sec grace\n|\n|t:|1783544904\n|move|p2a: Feraligatr|Dragon Dance|p2a: Feraligatr\n|-boost|p2a: Feraligatr|atk|1\n|-boost|p2a: Feraligatr|spe|1\n|move|p1a: Kingambit|Swords Dance|p1a: Kingambit\n|-boost|p1a: Kingambit|atk|2\n|\n|upkeep\n|turn|2\n|inactive|Time left: 300 sec this turn | 300 sec total\n|inactive|p0y4438fd6 also wants the timer to be on.\n|\n|t:|1783544905\n|-terastallize|p2a: Feraligatr|Water\n|move|p2a: Feraligatr|Liquidation|p1a: Kingambit\n|-damage|p1a: Kingambit|12/100\n|move|p1a: Kingambit|Kowtow Cleave|p2a: Feraligatr\n|-damage|p2a: Feraligatr|84/264\n|\n|-heal|p1a: Kingambit|18/100|[from] item: Leftovers\n|upkeep\n|turn|3\n|inactive|Time left: 300 sec this turn | 300 sec total\n|\n|t:|1783544906\n|move|p1a: Kingambit|Sucker Punch|p2a: Feraligatr\n|-damage|p2a: Feraligatr|0 fnt\n|faint|p2a: Feraligatr\n|\n|-heal|p1a: Kingambit|24/100|[from] item: Leftovers\n|upkeep\n|inactive|Time left: 300 sec this turn | 300 sec total | 5 sec grace\n|\n|t:|1783544907\n|switch|p2a: Probopass|Probopass, L91, F|257/257\n|turn|4\n|inactive|Time left: 300 sec this turn | 300 sec total\n|\n|t:|1783544909\n|move|p1a: Kingambit|Sucker Punch|p2a: Probopass\n|-damage|p2a: Probopass|166/257\n|move|p2a: Probopass|Body Press|p1a: Kingambit\n|-supereffective|p1a: Kingambit\n|-damage|p1a: Kingambit|0 fnt\n|faint|p1a: Kingambit\n|-end|p1a: Kingambit|fallenundefined|[silent]\n|\n|-heal|p2a: Probopass|182/257|[from] item: Leftovers\n|upkeep\n|\n|t:|1783544909\n|switch|p1a: Malamar|Malamar, L82, F|100/100\n|turn|5\n|inactive|Time left: 300 sec this turn | 300 sec total\n|\n|t:|1783544910\n|switch|p2a: Sinistcha|Sinistcha-Masterpiece, L83|254/254\n|move|p1a: Malamar|Superpower|p2a: Sinistcha\n|-immune|p2a: Sinistcha\n|\n|upkeep\n|turn|6\n|inactive|Time left: 300 sec this turn | 300 sec total\n|\n|t:|1783544911\n|move|p1a: Malamar|Knock Off|p2a: Sinistcha\n|-supereffective|p2a: Sinistcha\n|-damage|p2a: Sinistcha|90/254\n|-enditem|p2a: Sinistcha|Leftovers|[from] move: Knock Off|[of] p1a: Malamar\n|move|p2a: Sinistcha|Matcha Gotcha|p1a: Malamar\n|-damage|p1a: Malamar|61/100\n|-heal|p2a: Sinistcha|145/254|[from] drain|[of] p1a: Malamar\n|\n|-heal|p1a: Malamar|67/100|[from] item: Leftovers\n|upkeep\n|turn|7\n|inactive|Time left: 300 sec this turn | 300 sec total\n|\n|t:|1783544912\n|move|p1a: Malamar|Knock Off|p2a: Sinistcha\n|-supereffective|p2a: Sinistcha\n|-damage|p2a: Sinistcha|37/254\n|move|p2a: Sinistcha|Matcha Gotcha|p1a: Malamar\n|-damage|p1a: Malamar|22/100\n|-heal|p2a: Sinistcha|99/254|[from] drain|[of] p1a: Malamar\n|\n|-heal|p1a: Malamar|28/100|[from] item: Leftovers\n|upkeep\n|turn|8\n|inactive|Time left: 300 sec this turn | 300 sec total\n|\n|t:|1783544913\n|switch|p2a: Talonflame|Talonflame, L83, F|265/265\n|move|p1a: Malamar|Knock Off|p2a: Talonflame\n|-damage|p2a: Talonflame|163/265\n|-status|p1a: Malamar|brn|[from] ability: Flame Body|[of] p2a: Talonflame\n|-enditem|p2a: Talonflame|Heavy-Duty Boots|[from] move: Knock Off|[of] p1a: Malamar\n|\n|-heal|p1a: Malamar|35/100 brn|[from] item: Leftovers\n|-damage|p1a: Malamar|28/100 brn|[from] brn\n|upkeep\n|turn|9\n|inactive|Time left: 300 sec this turn | 300 sec total\n|\n|t:|1783544914\n|move|p2a: Talonflame|Brave Bird|p1a: Malamar\n|-damage|p1a: Malamar|0 fnt\n|faint|p1a: Malamar\n|-damage|p2a: Talonflame|138/265|[from] Recoil\n|\n|upkeep\n|\n|t:|1783544915\n|switch|p1a: Kyurem|Kyurem, L77|100/100\n|-ability|p1a: Kyurem|Pressure\n|turn|10\n|inactive|Time left: 300 sec this turn | 300 sec total\n|\n|t:|1783544916\n|move|p2a: Talonflame|Roost|p2a: Talonflame\n|-heal|p2a: Talonflame|265/265\n|-singleturn|p2a: Talonflame|move: Roost\n|move|p1a: Kyurem|Dragon Dance|p1a: Kyurem\n|-boost|p1a: Kyurem|atk|1\n|-boost|p1a: Kyurem|spe|1\n|\n|upkeep\n|turn|11\n|inactive|Time left: 300 sec this turn | 300 sec total\n|\n|t:|1783544916\n|switch|p2a: Probopass|Probopass, L91, F|182/257\n|move|p1a: Kyurem|Dragon Dance|p1a: Kyurem\n|-boost|p1a: Kyurem|atk|1\n|-boost|p1a: Kyurem|spe|1\n|\n|-heal|p2a: Probopass|198/257|[from] item: Leftovers\n|upkeep\n|turn|12\n|inactive|Time left: 300 sec this turn | 300 sec total\n|\n|t:|1783544917\n|switch|p2a: Skarmory|Skarmory, L80, M|235/235\n|-terastallize|p1a: Kyurem|Ground\n|move|p1a: Kyurem|Tera Blast|p2a: Skarmory|[anim] Tera Blast Ground\n|-immune|p2a: Skarmory\n|\n|upkeep\n|turn|13\n|inactive|Time left: 300 sec this turn | 300 sec total\n|\n|t:|1783544918\n|move|p1a: Kyurem|Icicle Spear|p2a: Skarmory\n|-damage|p2a: Skarmory|195/235\n|-damage|p2a: Skarmory|153/235\n|-damage|p2a: Skarmory|107/235\n|-damage|p2a: Skarmory|65/235\n|-damage|p2a: Skarmory|25/235\n|-hitcount|p2a: Skarmory|5\n|move|p2a: Skarmory|Roost|p2a: Skarmory\n|-heal|p2a: Skarmory|143/235\n|-singleturn|p2a: Skarmory|move: Roost\n|\n|-heal|p2a: Skarmory|157/235|[from] item: Leftovers\n|upkeep\n|turn|14\n|inactive|Time left: 300 sec this turn | 300 sec total\n|\n|t:|1783544919\n|switch|p2a: Probopass|Probopass, L91, F|198/257\n|move|p1a: Kyurem|Icicle Spear|p2a: Probopass\n|-resisted|p2a: Probopass\n|-damage|p2a: Probopass|182/257\n|-resisted|p2a: Probopass\n|-damage|p2a: Probopass|165/257\n|-resisted|p2a: Probopass\n|-damage|p2a: Probopass|148/257\n|-resisted|p2a: Probopass\n|-damage|p2a: Probopass|131/257\n|-hitcount|p2a: Probopass|4\n|\n|-heal|p2a: Probopass|147/257|[from] item: Leftovers\n|upkeep\n|turn|15\n|inactive|Time left: 300 sec this turn | 300 sec total\n|\n|t:|1783544920\n|switch|p2a: Skarmory|Skarmory, L80, M|157/235\n|move|p1a: Kyurem|Tera Blast|p2a: Skarmory|[anim] Tera Blast Ground\n|-immune|p2a: Skarmory\n|\n|-heal|p2a: Skarmory|171/235|[from] item: Leftovers\n|upkeep\n|turn|16\n|inactive|Time left: 300 sec this turn | 300 sec total\n|\n|t:|1783544921\n|move|p1a: Kyurem|Icicle Spear|p2a: Skarmory\n|-damage|p2a: Skarmory|125/235\n|-damage|p2a: Skarmory|85/235\n|-damage|p2a: Skarmory|43/235\n|-damage|p2a: Skarmory|4/235\n|-hitcount|p2a: Skarmory|4\n|move|p2a: Skarmory|Body Press|p1a: Kyurem\n|-damage|p1a: Kyurem|79/100\n|\n|-heal|p2a: Skarmory|18/235|[from] item: Leftovers\n|upkeep\n|turn|17\n|inactive|Time left: 300 sec this turn | 300 sec total\n|\n|t:|1783544922\n|move|p1a: Kyurem|Icicle Spear|p2a: Skarmory\n|-damage|p2a: Skarmory|0 fnt\n|faint|p2a: Skarmory\n|-hitcount|p2: Skarmory|1\n|\n|upkeep\n|inactive|Time left: 300 sec this turn | 300 sec total | 5 sec grace\n|\n|t:|1783544923\n|switch|p2a: Sinistcha|Sinistcha-Masterpiece, L83|99/254\n|turn|18\n|inactive|Time left: 300 sec this turn | 300 sec total\n|\n|t:|1783544924\n|switch|p2a: Probopass|Probopass, L91, F|147/257\n|move|p1a: Kyurem|Icicle Spear|p2a: Probopass\n|-resisted|p2a: Probopass\n|-damage|p2a: Probopass|131/257\n|-resisted|p2a: Probopass\n|-damage|p2a: Probopass|114/257\n|-resisted|p2a: Probopass\n|-damage|p2a: Probopass|98/257\n|-resisted|p2a: Probopass\n|-damage|p2a: Probopass|81/257\n|-resisted|p2a: Probopass\n|-damage|p2a: Probopass|65/257\n|-hitcount|p2a: Probopass|5\n|\n|-heal|p2a: Probopass|81/257|[from] item: Leftovers\n|upkeep\n|turn|19\n|inactive|Time left: 300 sec this turn | 300 sec total\n|\n|t:|1783544925\n|switch|p2a: Sinistcha|Sinistcha-Masterpiece, L83|99/254\n|move|p1a: Kyurem|Tera Blast|p2a: Sinistcha|[anim] Tera Blast Ground\n|-resisted|p2a: Sinistcha\n|-damage|p2a: Sinistcha|27/254\n|\n|upkeep\n|turn|20\n|inactive|Time left: 300 sec this turn | 300 sec total\n|\n|t:|1783544926\n|move|p1a: Kyurem|Icicle Spear|p2a: Sinistcha\n|-supereffective|p2a: Sinistcha\n|-damage|p2a: Sinistcha|0 fnt\n|faint|p2a: Sinistcha\n|-hitcount|p2: Sinistcha|1\n|\n|upkeep\n|inactive|Time left: 300 sec this turn | 300 sec total | 5 sec grace\n|\n|t:|1783544927\n|switch|p2a: Probopass|Probopass, L91, F|81/257\n|turn|21\n|inactive|Time left: 300 sec this turn | 300 sec total\n|\n|t:|1783544928\n|move|p1a: Kyurem|Tera Blast|p2a: Probopass|[anim] Tera Blast Ground\n|-supereffective|p2a: Probopass\n|-damage|p2a: Probopass|0 fnt\n|faint|p2a: Probopass\n|\n|upkeep\n|inactive|Time left: 300 sec this turn | 300 sec total | 5 sec grace\n|\n|t:|1783544929\n|switch|p2a: Talonflame|Talonflame, L83, F|265/265\n|turn|22\n|inactive|Time left: 300 sec this turn | 300 sec total\n|\n|t:|1783544930\n|switch|p2a: Cacturne|Cacturne, L92, F|278/278\n|move|p1a: Kyurem|Icicle Spear|p2a: Cacturne\n|-supereffective|p2a: Cacturne\n|-damage|p2a: Cacturne|140/278\n|-supereffective|p2a: Cacturne\n|-damage|p2a: Cacturne|14/278\n|-supereffective|p2a: Cacturne\n|-damage|p2a: Cacturne|0 fnt\n|faint|p2a: Cacturne\n|-hitcount|p2: Cacturne|3\n|\n|upkeep\n|inactive|Time left: 300 sec this turn | 300 sec total | 5 sec grace\n|\n|t:|1783544931\n|switch|p2a: Talonflame|Talonflame, L83, F|265/265\n|turn|23\n|inactive|Time left: 300 sec this turn | 300 sec total\n|\n|t:|1783544933\n|move|p1a: Kyurem|Icicle Spear|p2a: Talonflame\n|-damage|p2a: Talonflame|192/265\n|-damage|p2a: Talonflame|128/265\n|-damage|p2a: Talonflame|58/265\n|-damage|p2a: Talonflame|0 fnt\n|faint|p2a: Talonflame\n|-hitcount|p2: Talonflame|4\n|\n|win|p0x443815d", "uploadtime": 1783544933, "views": 0, "rating": 0, "private": 0, "password": null, "_winner": "p0x443815d", "_our_name": "p0y4438fd6"}