{"id": "battle-gen9randombattle-2056", "formatid": "gen9randombattle", "format": "[Gen 9] Random Battle", "players": ["p0x2056ae14", "p0y205647b9"], "log": "|init|battle\n|title|p0x2056ae14 vs. p0y205647b9\n|j|\u2606p0x2056ae14\n|j|\u2606p0y205647b9\n|t:|1783563044\n|gametype|singles\n|player|p1|p0x2056ae14|102|\n|player|p2|p0y205647b9|1|\n|gen|9\n|tier|[Gen 9] Random Battle\n|rule|Species Clause: Limit one of each Pok\u00e9mon\n|rule|HP Percentage Mod: HP is shown in percentages\n|rule|Sleep Clause Mod: Limit one foe put to sleep\n|rule|Illusion Level Mod: Illusion disguises the Pok\u00e9mon's true level\n|\n|t:|1783563044\n|teamsize|p1|6\n|teamsize|p2|6\n|start\n|switch|p1a: Piloswine|Piloswine, L85, M|309/309\n|switch|p2a: Dragalge|Dragalge, L88, F|100/100\n|turn|1\n|inactive|Battle timer is ON: inactive players will automatically lose when time's up. (requested by p0x2056ae14)\n|inactive|p0y205647b9 also wants the timer to be on.\n|\n|t:|1783563045\n|-terastallize|p2a: Dragalge|Fighting\n|move|p1a: Piloswine|Icicle Crash|p2a: Dragalge\n|-damage|p2a: Dragalge|68/100\n|move|p2a: Dragalge|Focus Blast|p1a: Piloswine\n|-supereffective|p1a: Piloswine\n|-damage|p1a: Piloswine|0 fnt\n|faint|p1a: Piloswine\n|\n|upkeep\n|inactive|Time left: 300 sec this turn | 300 sec total | 65 sec grace\n|\n|t:|1783563046\n|switch|p1a: Zapdos|Zapdos-Galar, L77|265/265\n|turn|2\n|inactive|Time left: 300 sec this turn | 300 sec total\n|\n|t:|1783563047\n|switch|p2a: Comfey|Comfey, L85, M|100/100\n|move|p1a: Zapdos|Brave Bird|p2a: Comfey\n|-damage|p2a: Comfey|31/100\n|-damage|p1a: Zapdos|213/265|[from] Recoil\n|-damage|p1a: Zapdos|187/265|[from] item: Life Orb\n|\n|-heal|p2a: Comfey|37/100|[from] item: Leftovers\n|upkeep\n|turn|3\n|inactive|Time left: 300 sec this turn | 300 sec total\n|\n|t:|1783563048\n|move|p2a: Comfey|Draining Kiss|p1a: Zapdos\n|-supereffective|p1a: Zapdos\n|-damage|p1a: Zapdos|79/265\n|-heal|p2a: Comfey|73/100|[from] drain|[of] p1a: Zapdos\n|move|p1a: Zapdos|Brave Bird|p2a: Comfey\n|-damage|p2a: Comfey|0 fnt\n|faint|p2a: Comfey\n|-damage|p1a: Zapdos|25/265|[from] Recoil\n|-damage|p1a: Zapdos|0 fnt|[from] item: Life Orb\n|faint|p1a: Zapdos\n|\n|upkeep\n|inactive|Time left: 300 sec this turn | 300 sec total | 5 sec grace\n|\n|t:|1783563049\n|switch|p2a: Dragalge|Dragalge, L88, F, tera:Fighting|68/100\n|switch|p1a: Ninetales|Ninetales, L85, F|263/263\n|-weather|SunnyDay|[from] ability: Drought|[of] p1a: Ninetales\n|turn|4\n|inactive|Time left: 300 sec this turn | 300 sec total\n|\n|t:|1783563050\n|move|p1a: Ninetales|Nasty Plot|p1a: Ninetales\n|-boost|p1a: Ninetales|spa|2\n|move|p2a: Dragalge|Sludge Wave|p1a: Ninetales\n|-damage|p1a: Ninetales|160/263\n|\n|-weather|SunnyDay|[upkeep]\n|upkeep\n|turn|5\n|inactive|Time left: 300 sec this turn | 300 sec total\n|\n|t:|1783563051\n|move|p1a: Ninetales|Fire Blast|p2a: Dragalge\n|-damage|p2a: Dragalge|7/100\n|move|p2a: Dragalge|Focus Blast|p1a: Ninetales\n|-damage|p1a: Ninetales|0 fnt\n|faint|p1a: Ninetales\n|\n|-weather|SunnyDay|[upkeep]\n|upkeep\n|inactive|Time left: 300 sec this turn | 300 sec total | 5 sec grace\n|\n|t:|1783563052\n|switch|p1a: Skarmory|Skarmory, L80, F|235/235\n|turn|6\n|inactive|Time left: 300 sec this turn | 300 sec total\n|\n|t:|1783563053\n|switch|p2a: Plusle|Plusle, L95, M|100/100\n|move|p1a: Skarmory|Body Press|p2a: Plusle\n|-damage|p2a: Plusle|59/100\n|\n|-weather|SunnyDay|[upkeep]\n|upkeep\n|turn|7\n|inactive|Time left: 300 sec this turn | 300 sec total\n|\n|t:|1783563054\n|switch|p1a: Uxie|Uxie, L83|260/260\n|move|p2a: Plusle|Thunderbolt|p1a: Uxie\n|-damage|p1a: Uxie|151/260\n|-damage|p2a: Plusle|50/100|[from] item: Life Orb\n|\n|-weather|SunnyDay|[upkeep]\n|-heal|p1a: Uxie|167/260|[from] item: Leftovers\n|upkeep\n|turn|8\n|inactive|Time left: 300 sec this turn | 300 sec total\n|\n|t:|1783563055\n|move|p2a: Plusle|Thunderbolt|p1a: Uxie\n|-damage|p1a: Uxie|66/260\n|-damage|p2a: Plusle|40/100|[from] item: Life Orb\n|move|p1a: Uxie|Knock Off|p2a: Plusle\n|-damage|p2a: Plusle|9/100\n|-enditem|p2a: Plusle|Life Orb|[from] move: Knock Off|[of] p1a: Uxie\n|\n|-weather|none\n|-heal|p1a: Uxie|82/260|[from] item: Leftovers\n|upkeep\n|turn|9\n|inactive|Time left: 300 sec this turn | 300 sec total\n|\n|t:|1783563056\n|move|p2a: Plusle|Thunderbolt|p1a: Uxie\n|-damage|p1a: Uxie|0 fnt\n|faint|p1a: Uxie\n|\n|upkeep\n|inactive|Time left: 300 sec this turn | 300 sec total | 5 sec grace\n|\n|t:|1783563057\n|switch|p1a: Duraludon|Duraludon, L82, M|249/249\n|turn|10\n|inactive|Time left: 300 sec this turn | 300 sec total\n|\n|t:|1783563058\n|move|p2a: Plusle|Alluring Voice|p1a: Duraludon\n|-damage|p1a: Duraludon|182/249\n|move|p1a: Duraludon|Dragon Tail|p2a: Plusle\n|-damage|p2a: Plusle|0 fnt\n|faint|p2a: Plusle\n|\n|upkeep\n|\n|t:|1783563059\n|switch|p2a: Regigigas|Regigigas, L84|100/100\n|-start|p2a: Regigigas|ability: Slow Start\n|turn|11\n|inactive|Time left: 300 sec this turn | 300 sec total\n|\n|t:|1783563060\n|move|p1a: Duraludon|Body Press|p2a: Regigigas\n|-supereffective|p2a: Regigigas\n|-damage|p2a: Regigigas|70/100\n|move|p2a: Regigigas|Knock Off|p1a: Duraludon\n|-damage|p1a: Duraludon|150/249\n|-enditem|p1a: Duraludon|Eviolite|[from] move: Knock Off|[of] p2a: Regigigas\n|\n|-heal|p2a: Regigigas|76/100|[from] item: Leftovers\n|upkeep\n|turn|12\n|inactive|Time left: 300 sec this turn | 300 sec total\n|\n|t:|1783563061\n|move|p1a: Duraludon|Body Press|p2a: Regigigas\n|-supereffective|p2a: Regigigas\n|-damage|p2a: Regigigas|43/100\n|move|p2a: Regigigas|Body Slam|p1a: Duraludon\n|-resisted|p1a: Duraludon\n|-damage|p1a: Duraludon|123/249\n|\n|-heal|p2a: Regigigas|49/100|[from] item: Leftovers\n|upkeep\n|turn|13\n|inactive|Time left: 300 sec this turn | 300 sec total\n|\n|t:|1783563062\n|move|p1a: Duraludon|Body Press|p2a: Regigigas\n|-supereffective|p2a: Regigigas\n|-damage|p2a: Regigigas|19/100\n|move|p2a: Regigigas|Rest|p2a: Regigigas\n|-status|p2a: Regigigas|slp|[from] move: Rest\n|-heal|p2a: Regigigas|100/100 slp|[silent]\n|\n|upkeep\n|turn|14\n|inactive|Time left: 300 sec this turn | 300 sec total\n|\n|t:|1783563063\n|move|p1a: Duraludon|Body Press|p2a: Regigigas\n|-supereffective|p2a: Regigigas\n|-damage|p2a: Regigigas|70/100 slp\n|cant|p2a: Regigigas|slp\n|move|p2a: Regigigas|Sleep Talk|p2a: Regigigas\n|move|p2a: Regigigas|Knock Off|p1a: Duraludon|[from] move: Sleep Talk\n|-damage|p1a: Duraludon|96/249\n|\n|-heal|p2a: Regigigas|76/100 slp|[from] item: Leftovers\n|upkeep\n|turn|15\n|inactive|Time left: 300 sec this turn | 300 sec total\n|\n|t:|1783563064\n|cant|p2a: Regigigas|slp\n|move|p2a: Regigigas|Sleep Talk|p2a: Regigigas\n|move|p2a: Regigigas|Body Slam|p1a: Duraludon|[from] move: Sleep Talk\n|-resisted|p1a: Duraludon\n|-damage|p1a: Duraludon|69/249\n|move|p1a: Duraludon|Dragon Tail|p2a: Regigigas\n|-damage|p2a: Regigigas|62/100 slp\n|drag|p2a: Glalie|Glalie, L96, M|100/100\n|\n|upkeep\n|turn|16\n|inactive|Time left: 300 sec this turn | 300 sec total\n|\n|t:|1783563065\n|switch|p1a: Skarmory|Skarmory, L80, F|235/235\n|move|p2a: Glalie|Freeze-Dry|p1a: Skarmory\n|-damage|p1a: Skarmory|136/235\n|\n|-heal|p1a: Skarmory|150/235|[from] item: Leftovers\n|upkeep\n|turn|17\n|inactive|Time left: 300 sec this turn | 300 sec total\n|\n|t:|1783563066\n|move|p2a: Glalie|Freeze-Dry|p1a: Skarmory\n|-damage|p1a: Skarmory|53/235\n|move|p1a: Skarmory|Roost|p1a: Skarmory\n|-heal|p1a: Skarmory|171/235\n|-singleturn|p1a: Skarmory|move: Roost\n|\n|-heal|p1a: Skarmory|185/235|[from] item: Leftovers\n|upkeep\n|turn|18\n|inactive|Time left: 300 sec this turn | 300 sec total\n|\n|t:|1783563067\n|move|p2a: Glalie|Freeze-Dry|p1a: Skarmory\n|-damage|p1a: Skarmory|86/235\n|move|p1a: Skarmory|Roost|p1a: Skarmory\n|-heal|p1a: Skarmory|204/235\n|-singleturn|p1a: Skarmory|move: Roost\n|\n|-heal|p1a: Skarmory|218/235|[from] item: Leftovers\n|upkeep\n|turn|19\n|inactive|Time left: 300 sec this turn | 300 sec total\n|\n|t:|1783563068\n|move|p2a: Glalie|Freeze-Dry|p1a: Skarmory\n|-damage|p1a: Skarmory|110/235\n|move|p1a: Skarmory|Body Press|p2a: Glalie\n|-supereffective|p2a: Glalie\n|-damage|p2a: Glalie|55/100\n|\n|-heal|p1a: Skarmory|124/235|[from] item: Leftovers\n|upkeep\n|turn|20\n|inactive|Time left: 300 sec this turn | 300 sec total\n|\n|t:|1783563069\n|move|p2a: Glalie|Freeze-Dry|p1a: Skarmory\n|-damage|p1a: Skarmory|16/235\n|move|p1a: Skarmory|Roost|p1a: Skarmory\n|-heal|p1a: Skarmory|134/235\n|-singleturn|p1a: Skarmory|move: Roost\n|\n|-heal|p1a: Skarmory|148/235|[from] item: Leftovers\n|upkeep\n|turn|21\n|inactive|Time left: 300 sec this turn | 300 sec total\n|\n|t:|1783563070\n|move|p2a: Glalie|Freeze-Dry|p1a: Skarmory\n|-damage|p1a: Skarmory|45/235\n|move|p1a: Skarmory|Roost|p1a: Skarmory\n|-heal|p1a: Skarmory|163/235\n|-singleturn|p1a: Skarmory|move: Roost\n|\n|-heal|p1a: Skarmory|177/235|[from] item: Leftovers\n|upkeep\n|turn|22\n|inactive|Time left: 300 sec this turn | 300 sec total\n|\n|t:|1783563071\n|move|p2a: Glalie|Freeze-Dry|p1a: Skarmory\n|-damage|p1a: Skarmory|69/235\n|move|p1a: Skarmory|Roost|p1a: Skarmory\n|-heal|p1a: Skarmory|187/235\n|-singleturn|p1a: Skarmory|move: Roost\n|\n|-heal|p1a: Skarmory|201/235|[from] item: Leftovers\n|upkeep\n|turn|23\n|inactive|Time left: 300 sec this turn | 300 sec total\n|\n|t:|1783563072\n|move|p2a: Glalie|Freeze-Dry|p1a: Skarmory\n|-damage|p1a: Skarmory|102/235\n|move|p1a: Skarmory|Body Press|p2a: Glalie\n|-supereffective|p2a: Glalie\n|-damage|p2a: Glalie|9/100\n|\n|-heal|p1a: Skarmory|116/235|[from] item: Leftovers\n|upkeep\n|turn|24\n|inactive|Time left: 300 sec this turn | 300 sec total\n|\n|t:|1783563073\n|move|p2a: Glalie|Freeze-Dry|p1a: Skarmory\n|-damage|p1a: Skarmory|22/235\n|move|p1a: Skarmory|Roost|p1a: Skarmory\n|-heal|p1a: Skarmory|140/235\n|-singleturn|p1a: Skarmory|move: Roost\n|\n|-heal|p1a: Skarmory|154/235|[from] item: Leftovers\n|upkeep\n|turn|25\n|inactive|Time left: 300 sec this turn | 300 sec total\n|\n|t:|1783563074\n|move|p2a: Glalie|Freeze-Dry|p1a: Skarmory\n|-damage|p1a: Skarmory|52/235\n|move|p1a: Skarmory|Roost|p1a: Skarmory\n|-heal|p1a: Skarmory|170/235\n|-singleturn|p1a: Skarmory|move: Roost\n|\n|-heal|p1a: Skarmory|184/235|[from] item: Leftovers\n|upkeep\n|turn|26\n|inactive|Time left: 300 sec this turn | 300 sec total\n|\n|t:|1783563075\n|move|p2a: Glalie|Freeze-Dry|p1a: Skarmory\n|-damage|p1a: Skarmory|82/235\n|move|p1a: Skarmory|Roost|p1a: Skarmory\n|-heal|p1a: Skarmory|200/235\n|-singleturn|p1a: Skarmory|move: Roost\n|\n|-heal|p1a: Skarmory|214/235|[from] item: Leftovers\n|upkeep\n|turn|27\n|inactive|Time left: 300 sec this turn | 300 sec total\n|\n|t:|1783563076\n|move|p2a: Glalie|Freeze-Dry|p1a: Skarmory\n|-damage|p1a: Skarmory|102/235\n|move|p1a: Skarmory|Iron Defense|p1a: Skarmory\n|-boost|p1a: Skarmory|def|2\n|\n|-heal|p1a: Skarmory|116/235|[from] item: Leftovers\n|upkeep\n|turn|28\n|inactive|Time left: 300 sec this turn | 300 sec total\n|\n|t:|1783563077\n|move|p2a: Glalie|Freeze-Dry|p1a: Skarmory\n|-damage|p1a: Skarmory|22/235\n|move|p1a: Skarmory|Body Press|p2a: Glalie\n|-supereffective|p2a: Glalie\n|-damage|p2a: Glalie|0 fnt\n|faint|p2a: Glalie\n|\n|-heal|p1a: Skarmory|36/235|[from] item: Leftovers\n|upkeep\n|\n|t:|1783563079\n|switch|p2a: Regigigas|Regigigas, L84|62/100 slp\n|-start|p2a: Regigigas|ability: Slow Start\n|turn|29\n|inactive|Time left: 300 sec this turn | 300 sec total\n|\n|t:|1783563080\n|switch|p2a: Dragalge|Dragalge, L88, F, tera:Fighting|7/100\n|move|p1a: Skarmory|Body Press|p2a: Dragalge\n|-damage|p2a: Dragalge|0 fnt\n|faint|p2a: Dragalge\n|\n|-heal|p1a: Skarmory|50/235|[from] item: Leftovers\n|upkeep\n|\n|t:|1783563081\n|switch|p2a: Probopass|Probopass, L91, M|100/100\n|turn|30\n|inactive|Time left: 300 sec this turn | 300 sec total\n|\n|t:|1783563081\n|switch|p2a: Regigigas|Regigigas, L84|62/100 slp\n|-start|p2a: Regigigas|ability: Slow Start\n|-terastallize|p1a: Skarmory|Fighting\n|move|p1a: Skarmory|Body Press|p2a: Regigigas\n|-supereffective|p2a: Regigigas\n|-damage|p2a: Regigigas|0 fnt\n|faint|p2a: Regigigas\n|-end|p2a: Regigigas|Slow Start|[silent]\n|\n|-heal|p1a: Skarmory|64/235|[from] item: Leftovers\n|upkeep\n|\n|t:|1783563082\n|switch|p2a: Probopass|Probopass, L91, M|100/100\n|turn|31\n|inactive|Time left: 300 sec this turn | 300 sec total\n|\n|t:|1783563083\n|move|p1a: Skarmory|Body Press|p2a: Probopass\n|-supereffective|p2a: Probopass\n|-damage|p2a: Probopass|0 fnt\n|faint|p2a: Probopass\n|\n|win|p0x2056ae14", "uploadtime": 1783563083, "views": 0, "rating": 0, "private": 0, "password": null, "_winner": "p0x2056ae14", "_our_name": "p0x2056ae14"}