{"id": "battle-gen9randombattle-553", "formatid": "gen9randombattle", "format": "[Gen 9] Random Battle", "players": ["p0x5532f9c", "p0y5536d5b"], "log": "|init|battle\n|title|p0x5532f9c vs. p0y5536d5b\n|j|\u2606p0x5532f9c\n|j|\u2606p0y5536d5b\n|t:|1783545507\n|gametype|singles\n|player|p1|p0x5532f9c|170|\n|player|p2|p0y5536d5b|265|\n|gen|9\n|tier|[Gen 9] Random Battle\n|rule|Species Clause: Limit one of each Pok\u00e9mon\n|rule|HP Percentage Mod: HP is shown in percentages\n|rule|Sleep Clause Mod: Limit one foe put to sleep\n|rule|Illusion Level Mod: Illusion disguises the Pok\u00e9mon's true level\n|\n|t:|1783545507\n|teamsize|p1|6\n|teamsize|p2|6\n|start\n|switch|p1a: Venomoth|Venomoth, L84, F|100/100\n|switch|p2a: Iron Crown|Iron Crown, L78|268/268\n|turn|1\n|inactive|Battle timer is ON: inactive players will automatically lose when time's up. (requested by p0y5536d5b)\n|inactive|p0x5532f9c also wants the timer to be on.\n|\n|t:|1783545508\n|move|p1a: Venomoth|Sleep Powder|p2a: Iron Crown\n|-status|p2a: Iron Crown|slp|[from] move: Sleep Powder\n|cant|p2a: Iron Crown|slp\n|\n|upkeep\n|turn|2\n|inactive|Time left: 300 sec this turn | 300 sec total\n|\n|t:|1783545510\n|move|p1a: Venomoth|Quiver Dance|p1a: Venomoth\n|-boost|p1a: Venomoth|spa|1\n|-boost|p1a: Venomoth|spd|1\n|-boost|p1a: Venomoth|spe|1\n|-curestatus|p2a: Iron Crown|slp|[msg]\n|move|p2a: Iron Crown|Psyshock|p1a: Venomoth\n|-supereffective|p1a: Venomoth\n|-damage|p1a: Venomoth|0 fnt\n|faint|p1a: Venomoth\n|\n|upkeep\n|\n|t:|1783545510\n|switch|p1a: Torterra|Torterra, L78, M|100/100\n|turn|3\n|inactive|Time left: 300 sec this turn | 300 sec total\n|\n|t:|1783545512\n|move|p2a: Iron Crown|Psyshock|p1a: Torterra\n|-damage|p1a: Torterra|56/100\n|move|p1a: Torterra|Shell Smash|p1a: Torterra\n|-unboost|p1a: Torterra|def|1\n|-unboost|p1a: Torterra|spd|1\n|-boost|p1a: Torterra|atk|2\n|-boost|p1a: Torterra|spa|2\n|-boost|p1a: Torterra|spe|2\n|\n|upkeep\n|turn|4\n|inactive|Time left: 300 sec this turn | 300 sec total\n|\n|t:|1783545513\n|-end|p2a: Iron Crown|Quark Drive|[silent]\n|switch|p2a: Hydreigon|Hydreigon, L79, M|275/275\n|move|p1a: Torterra|Headlong Rush|p2a: Hydreigon\n|-immune|p2a: Hydreigon|[from] ability: Levitate\n|\n|upkeep\n|turn|5\n|inactive|Time left: 300 sec this turn | 300 sec total\n|\n|t:|1783545514\n|move|p2a: Hydreigon|Draco Meteor|p1a: Torterra\n|-damage|p1a: Torterra|0 fnt\n|-unboost|p2a: Hydreigon|spa|2\n|faint|p1a: Torterra\n|\n|upkeep\n|\n|t:|1783545515\n|switch|p1a: Spectrier|Spectrier, L75|100/100\n|turn|6\n|inactive|Time left: 300 sec this turn | 300 sec total\n|\n|t:|1783545516\n|switch|p2a: Typhlosion|Typhlosion-Hisui, L83, F|257/257\n|move|p1a: Spectrier|Nasty Plot|p1a: Spectrier\n|-boost|p1a: Spectrier|spa|2\n|\n|upkeep\n|turn|7\n|inactive|Time left: 300 sec this turn | 300 sec total\n|\n|t:|1783545518\n|-terastallize|p2a: Typhlosion|Fire\n|move|p2a: Typhlosion|Eruption|p1a: Spectrier\n|-damage|p1a: Spectrier|0 fnt\n|faint|p1a: Spectrier\n|\n|upkeep\n|\n|t:|1783545519\n|switch|p1a: Goodra|Goodra, L85, M|100/100\n|turn|8\n|inactive|Time left: 300 sec this turn | 300 sec total\n|\n|t:|1783545519\n|move|p2a: Typhlosion|Eruption|p1a: Goodra\n|-resisted|p1a: Goodra\n|-damage|p1a: Goodra|83/100\n|move|p1a: Goodra|Fire Blast|p2a: Typhlosion\n|-resisted|p2a: Typhlosion\n|-damage|p2a: Typhlosion|208/257\n|\n|upkeep\n|turn|9\n|inactive|Time left: 300 sec this turn | 300 sec total\n|\n|t:|1783545521\n|move|p2a: Typhlosion|Eruption|p1a: Goodra\n|-resisted|p1a: Goodra\n|-damage|p1a: Goodra|67/100\n|move|p1a: Goodra|Scald|p2a: Typhlosion\n|-supereffective|p2a: Typhlosion\n|-crit|p2a: Typhlosion\n|-damage|p2a: Typhlosion|0 fnt\n|faint|p2a: Typhlosion\n|\n|upkeep\n|inactive|Time left: 300 sec this turn | 300 sec total | 5 sec grace\n|\n|t:|1783545522\n|switch|p2a: Floatzel|Floatzel, L86, F|286/286\n|turn|10\n|inactive|Time left: 300 sec this turn | 300 sec total\n|\n|t:|1783545522\n|move|p2a: Floatzel|Ice Spinner|p1a: Goodra\n|-supereffective|p1a: Goodra\n|-crit|p1a: Goodra\n|-damage|p1a: Goodra|0 fnt\n|faint|p1a: Goodra\n|\n|upkeep\n|\n|t:|1783545523\n|switch|p1a: Rotom|Rotom-Heat, L83|100/100\n|turn|11\n|inactive|Time left: 300 sec this turn | 300 sec total\n|\n|t:|1783545524\n|move|p2a: Floatzel|Wave Crash|p1a: Rotom\n|-supereffective|p1a: Rotom\n|-damage|p1a: Rotom|0 fnt\n|faint|p1a: Rotom\n|-damage|p2a: Floatzel|214/286|[from] Recoil\n|\n|-heal|p2a: Floatzel|231/286|[from] item: Leftovers\n|upkeep\n|\n|t:|1783545525\n|switch|p1a: Vespiquen|Vespiquen, L99, F|100/100\n|-ability|p1a: Vespiquen|Pressure\n|turn|12\n|inactive|Time left: 300 sec this turn | 300 sec total\n|\n|t:|1783545526\n|switch|p2a: Iron Crown|Iron Crown, L78|268/268\n|move|p1a: Vespiquen|Air Slash|p2a: Iron Crown\n|-resisted|p2a: Iron Crown\n|-damage|p2a: Iron Crown|226/268\n|\n|upkeep\n|turn|13\n|inactive|Time left: 300 sec this turn | 300 sec total\n|\n|t:|1783545527\n|move|p2a: Iron Crown|Tachyon Cutter|p1a: Vespiquen\n|-damage|p1a: Vespiquen|79/100\n|-damage|p1a: Vespiquen|60/100\n|-hitcount|p1a: Vespiquen|2\n|move|p1a: Vespiquen|Spikes|p2a: Iron Crown\n|-sidestart|p2: p0y5536d5b|Spikes\n|\n|upkeep\n|turn|14\n|inactive|Time left: 300 sec this turn | 300 sec total\n|\n|t:|1783545528\n|move|p2a: Iron Crown|Tachyon Cutter|p1a: Vespiquen\n|-damage|p1a: Vespiquen|38/100\n|-damage|p1a: Vespiquen|15/100\n|-hitcount|p1a: Vespiquen|2\n|move|p1a: Vespiquen|Roost|p1a: Vespiquen\n|-heal|p1a: Vespiquen|65/100\n|-singleturn|p1a: Vespiquen|move: Roost\n|\n|upkeep\n|turn|15\n|inactive|Time left: 300 sec this turn | 300 sec total\n|\n|t:|1783545529\n|move|p2a: Iron Crown|Tachyon Cutter|p1a: Vespiquen\n|-damage|p1a: Vespiquen|44/100\n|-damage|p1a: Vespiquen|24/100\n|-hitcount|p1a: Vespiquen|2\n|move|p1a: Vespiquen|Roost|p1a: Vespiquen\n|-heal|p1a: Vespiquen|74/100\n|-singleturn|p1a: Vespiquen|move: Roost\n|\n|upkeep\n|turn|16\n|inactive|Time left: 300 sec this turn | 300 sec total\n|\n|t:|1783545530\n|move|p2a: Iron Crown|Tachyon Cutter|p1a: Vespiquen\n|-damage|p1a: Vespiquen|53/100\n|-damage|p1a: Vespiquen|31/100\n|-hitcount|p1a: Vespiquen|2\n|move|p1a: Vespiquen|Roost|p1a: Vespiquen\n|-heal|p1a: Vespiquen|81/100\n|-singleturn|p1a: Vespiquen|move: Roost\n|\n|upkeep\n|turn|17\n|inactive|Time left: 300 sec this turn | 300 sec total\n|\n|t:|1783545531\n|move|p2a: Iron Crown|Tachyon Cutter|p1a: Vespiquen\n|-damage|p1a: Vespiquen|62/100\n|-damage|p1a: Vespiquen|41/100\n|-hitcount|p1a: Vespiquen|2\n|move|p1a: Vespiquen|Roost|p1a: Vespiquen\n|-heal|p1a: Vespiquen|91/100\n|-singleturn|p1a: Vespiquen|move: Roost\n|\n|upkeep\n|turn|18\n|inactive|Time left: 300 sec this turn | 300 sec total\n|\n|t:|1783545532\n|move|p2a: Iron Crown|Tachyon Cutter|p1a: Vespiquen\n|-damage|p1a: Vespiquen|71/100\n|-damage|p1a: Vespiquen|50/100\n|-hitcount|p1a: Vespiquen|2\n|move|p1a: Vespiquen|Toxic Spikes|p2a: Iron Crown\n|-sidestart|p2: p0y5536d5b|move: Toxic Spikes\n|\n|upkeep\n|turn|19\n|inactive|Time left: 300 sec this turn | 300 sec total\n|\n|t:|1783545533\n|move|p2a: Iron Crown|Tachyon Cutter|p1a: Vespiquen\n|-damage|p1a: Vespiquen|29/100\n|-damage|p1a: Vespiquen|8/100\n|-hitcount|p1a: Vespiquen|2\n|move|p1a: Vespiquen|Roost|p1a: Vespiquen\n|-heal|p1a: Vespiquen|58/100\n|-singleturn|p1a: Vespiquen|move: Roost\n|\n|upkeep\n|turn|20\n|inactive|Time left: 300 sec this turn | 300 sec total\n|\n|t:|1783545534\n|move|p2a: Iron Crown|Tachyon Cutter|p1a: Vespiquen\n|-damage|p1a: Vespiquen|37/100\n|-damage|p1a: Vespiquen|14/100\n|-hitcount|p1a: Vespiquen|2\n|move|p1a: Vespiquen|Roost|p1a: Vespiquen\n|-heal|p1a: Vespiquen|64/100\n|-singleturn|p1a: Vespiquen|move: Roost\n|\n|upkeep\n|turn|21\n|inactive|Time left: 300 sec this turn | 300 sec total\n|\n|t:|1783545535\n|-end|p2a: Iron Crown|Quark Drive|[silent]\n|switch|p2a: Glimmora|Glimmora, L75, M|248/248\n|-sideend|p2: p0y5536d5b|move: Toxic Spikes|[of] p2a: Glimmora\n|move|p1a: Vespiquen|Roost|p1a: Vespiquen\n|-heal|p1a: Vespiquen|100/100\n|-singleturn|p1a: Vespiquen|move: Roost\n|\n|upkeep\n|turn|22\n|inactive|Time left: 300 sec this turn | 300 sec total\n|\n|t:|1783545536\n|move|p2a: Glimmora|Mortal Spin|p1a: Vespiquen\n|-damage|p1a: Vespiquen|95/100\n|-status|p1a: Vespiquen|psn\n|-sideend|p2: p0y5536d5b|Spikes|[from] move: Mortal Spin|[of] p2a: Glimmora\n|move|p1a: Vespiquen|Air Slash|p2a: Glimmora\n|-resisted|p2a: Glimmora\n|-damage|p2a: Glimmora|191/248\n|\n|-damage|p1a: Vespiquen|83/100 psn|[from] psn\n|upkeep\n|turn|23\n|inactive|Time left: 300 sec this turn | 300 sec total\n|\n|t:|1783545538\n|move|p2a: Glimmora|Sludge Wave|p1a: Vespiquen\n|-damage|p1a: Vespiquen|55/100 psn\n|move|p1a: Vespiquen|Air Slash|p2a: Glimmora\n|-resisted|p2a: Glimmora\n|-damage|p2a: Glimmora|131/248\n|\n|-damage|p1a: Vespiquen|43/100 psn|[from] psn\n|upkeep\n|turn|24\n|inactive|Time left: 300 sec this turn | 300 sec total\n|\n|t:|1783545539\n|move|p2a: Glimmora|Sludge Wave|p1a: Vespiquen\n|-damage|p1a: Vespiquen|15/100 psn\n|move|p1a: Vespiquen|Roost|p1a: Vespiquen\n|-heal|p1a: Vespiquen|65/100 psn\n|-singleturn|p1a: Vespiquen|move: Roost\n|\n|-damage|p1a: Vespiquen|52/100 psn|[from] psn\n|upkeep\n|turn|25\n|inactive|Time left: 300 sec this turn | 300 sec total\n|\n|t:|1783545540\n|-terastallize|p1a: Vespiquen|Steel\n|move|p2a: Glimmora|Sludge Wave|p1a: Vespiquen\n|-immune|p1a: Vespiquen\n|move|p1a: Vespiquen|Air Slash|p2a: Glimmora\n|-resisted|p2a: Glimmora\n|-damage|p2a: Glimmora|80/248\n|\n|-damage|p1a: Vespiquen|40/100 psn|[from] psn\n|upkeep\n|turn|26\n|inactive|Time left: 300 sec this turn | 300 sec total\n|\n|t:|1783545541\n|move|p2a: Glimmora|Earth Power|p1a: Vespiquen\n|-supereffective|p1a: Vespiquen\n|-damage|p1a: Vespiquen|5/100 psn\n|move|p1a: Vespiquen|Toxic Spikes|p2a: Glimmora\n|-sidestart|p2: p0y5536d5b|move: Toxic Spikes\n|\n|-damage|p1a: Vespiquen|0 fnt|[from] psn\n|faint|p1a: Vespiquen\n|\n|win|p0y5536d5b", "uploadtime": 1783545541, "views": 0, "rating": 0, "private": 0, "password": null, "_winner": "p0y5536d5b", "_our_name": "p0y5536d5b"}