{"id": "battle-gen9randombattle-1681", "formatid": "gen9randombattle", "format": "[Gen 9] Random Battle", "players": ["p0x16814f53", "p0y1681daf4"], "log": "|init|battle\n|title|p0x16814f53 vs. p0y1681daf4\n|j|\u2606p0x16814f53\n|j|\u2606p0y1681daf4\n|t:|1783559490\n|gametype|singles\n|player|p1|p0x16814f53|102|\n|player|p2|p0y1681daf4|169|\n|gen|9\n|tier|[Gen 9] Random Battle\n|rule|Species Clause: Limit one of each Pok\u00e9mon\n|rule|HP Percentage Mod: HP is shown in percentages\n|rule|Sleep Clause Mod: Limit one foe put to sleep\n|rule|Illusion Level Mod: Illusion disguises the Pok\u00e9mon's true level\n|\n|t:|1783559490\n|teamsize|p1|6\n|teamsize|p2|6\n|start\n|switch|p1a: Chimecho|Chimecho, L93, M|290/290\n|switch|p2a: Raikou|Raikou, L81|100/100\n|-ability|p2a: Raikou|Pressure\n|turn|1\n|inactive|Battle timer is ON: inactive players will automatically lose when time's up. (requested by p0y1681daf4)\n|inactive|Time left: 300 sec this turn | 300 sec total | 60 sec grace\n|inactive|p0x16814f53 also wants the timer to be on.\n|\n|t:|1783559492\n|switch|p1a: Mightyena|Mightyena, L96, M|290/290\n|-ability|p1a: Mightyena|Intimidate|boost\n|-unboost|p2a: Raikou|atk|1\n|move|p2a: Raikou|Calm Mind|p2a: Raikou\n|-boost|p2a: Raikou|spa|1\n|-boost|p2a: Raikou|spd|1\n|\n|upkeep\n|turn|2\n|inactive|Time left: 300 sec this turn | 300 sec total\n|\n|t:|1783559493\n|move|p2a: Raikou|Thunderbolt|p1a: Mightyena\n|-damage|p1a: Mightyena|181/290\n|move|p1a: Mightyena|Crunch|p2a: Raikou\n|-damage|p2a: Raikou|57/100\n|\n|-heal|p2a: Raikou|63/100|[from] item: Leftovers\n|upkeep\n|turn|3\n|inactive|Time left: 300 sec this turn | 300 sec total\n|\n|t:|1783559494\n|move|p2a: Raikou|Thunderbolt|p1a: Mightyena\n|-damage|p1a: Mightyena|54/290\n|move|p1a: Mightyena|Crunch|p2a: Raikou\n|-damage|p2a: Raikou|20/100\n|\n|-heal|p2a: Raikou|26/100|[from] item: Leftovers\n|upkeep\n|turn|4\n|inactive|Time left: 300 sec this turn | 300 sec total\n|\n|t:|1783559495\n|switch|p1a: Sandaconda|Sandaconda, L84, F|258/258\n|move|p2a: Raikou|Scald|p1a: Sandaconda\n|-supereffective|p1a: Sandaconda\n|-damage|p1a: Sandaconda|54/258\n|-status|p1a: Sandaconda|brn\n|\n|-heal|p2a: Raikou|32/100|[from] item: Leftovers\n|-damage|p1a: Sandaconda|38/258 brn|[from] brn\n|upkeep\n|turn|5\n|inactive|Time left: 300 sec this turn | 300 sec total\n|\n|t:|1783559496\n|move|p2a: Raikou|Scald|p1a: Sandaconda\n|-supereffective|p1a: Sandaconda\n|-damage|p1a: Sandaconda|0 fnt\n|faint|p1a: Sandaconda\n|\n|-heal|p2a: Raikou|38/100|[from] item: Leftovers\n|upkeep\n|inactive|Time left: 300 sec this turn | 300 sec total | 5 sec grace\n|\n|t:|1783559497\n|switch|p1a: Metagross|Metagross, L79|256/256\n|turn|6\n|inactive|Time left: 300 sec this turn | 300 sec total\n|\n|t:|1783559498\n|move|p2a: Raikou|Thunderbolt|p1a: Metagross\n|-damage|p1a: Metagross|100/256\n|move|p1a: Metagross|Psychic Fangs|p2a: Raikou\n|-damage|p2a: Raikou|0 fnt\n|faint|p2a: Raikou\n|\n|-heal|p1a: Metagross|116/256|[from] item: Leftovers\n|upkeep\n|\n|t:|1783559499\n|switch|p2a: Hoopa|Hoopa, L85|100/100\n|turn|7\n|inactive|Time left: 300 sec this turn | 300 sec total\n|\n|t:|1783559500\n|switch|p1a: Umbreon|Umbreon, L84, F|297/297\n|move|p2a: Hoopa|Shadow Ball|p1a: Umbreon\n|-resisted|p1a: Umbreon\n|-damage|p1a: Umbreon|236/297\n|-damage|p2a: Hoopa|91/100|[from] item: Life Orb\n|\n|-heal|p1a: Umbreon|254/297|[from] item: Leftovers\n|upkeep\n|turn|8\n|inactive|Time left: 300 sec this turn | 300 sec total\n|\n|t:|1783559501\n|switch|p2a: Garchomp|Garchomp, L74, F|100/100\n|move|p1a: Umbreon|Foul Play|p2a: Garchomp\n|-damage|p2a: Garchomp|55/100\n|-damage|p1a: Umbreon|217/297|[from] ability: Rough Skin|[of] p2a: Garchomp\n|-damage|p1a: Umbreon|168/297|[from] item: Rocky Helmet|[of] p2a: Garchomp\n|\n|-heal|p1a: Umbreon|186/297|[from] item: Leftovers\n|upkeep\n|turn|9\n|inactive|Time left: 300 sec this turn | 300 sec total\n|\n|t:|1783559502\n|move|p2a: Garchomp|Stealth Rock|p1a: Umbreon\n|-sidestart|p1: p0x16814f53|move: Stealth Rock\n|move|p1a: Umbreon|Wish|p1a: Umbreon\n|\n|-heal|p1a: Umbreon|204/297|[from] item: Leftovers\n|upkeep\n|turn|10\n|inactive|Time left: 300 sec this turn | 300 sec total\n|\n|t:|1783559503\n|move|p2a: Garchomp|Earthquake|p1a: Umbreon\n|-damage|p1a: Umbreon|122/297\n|move|p1a: Umbreon|Toxic|p2a: Garchomp|[miss]\n|-miss|p1a: Umbreon|p2a: Garchomp\n|\n|-heal|p1a: Umbreon|270/297|[from] move: Wish|[wisher] Umbreon\n|-heal|p1a: Umbreon|288/297|[from] item: Leftovers\n|upkeep\n|turn|11\n|inactive|Time left: 300 sec this turn | 300 sec total\n|\n|t:|1783559504\n|move|p2a: Garchomp|Outrage|p1a: Umbreon\n|-damage|p1a: Umbreon|189/297\n|move|p1a: Umbreon|Toxic|p2a: Garchomp\n|-status|p2a: Garchomp|tox\n|\n|-heal|p1a: Umbreon|207/297|[from] item: Leftovers\n|-damage|p2a: Garchomp|49/100 tox|[from] psn\n|upkeep\n|turn|12\n|inactive|Time left: 300 sec this turn | 300 sec total\n|\n|t:|1783559505\n|move|p2a: Garchomp|Outrage|p1a: Umbreon|[from] lockedmove\n|-damage|p1a: Umbreon|104/297\n|move|p1a: Umbreon|Wish|p1a: Umbreon\n|\n|-heal|p1a: Umbreon|122/297|[from] item: Leftovers\n|-damage|p2a: Garchomp|37/100 tox|[from] psn\n|upkeep\n|turn|13\n|inactive|Time left: 300 sec this turn | 300 sec total\n|\n|t:|1783559506\n|move|p1a: Umbreon|Protect|p1a: Umbreon\n|-singleturn|p1a: Umbreon|Protect\n|move|p2a: Garchomp|Outrage|p1a: Umbreon|[from] lockedmove\n|-activate|p1a: Umbreon|move: Protect\n|-start|p2a: Garchomp|confusion|[fatigue]\n|\n|-heal|p1a: Umbreon|270/297|[from] move: Wish|[wisher] Umbreon\n|-heal|p1a: Umbreon|288/297|[from] item: Leftovers\n|-damage|p2a: Garchomp|19/100 tox|[from] psn\n|upkeep\n|turn|14\n|inactive|Time left: 300 sec this turn | 300 sec total\n|\n|t:|1783559506\n|switch|p2a: Eelektross|Eelektross, L87, M|100/100\n|move|p1a: Umbreon|Wish|p1a: Umbreon\n|\n|-heal|p1a: Umbreon|297/297|[from] item: Leftovers\n|upkeep\n|turn|15\n|inactive|Time left: 300 sec this turn | 300 sec total\n|\n|t:|1783559507\n|move|p1a: Umbreon|Foul Play|p2a: Eelektross\n|-damage|p2a: Eelektross|56/100\n|move|p2a: Eelektross|Coil|p2a: Eelektross\n|-boost|p2a: Eelektross|atk|1\n|-boost|p2a: Eelektross|def|1\n|-boost|p2a: Eelektross|accuracy|1\n|\n|-heal|p2a: Eelektross|62/100|[from] item: Leftovers\n|upkeep\n|turn|16\n|inactive|Time left: 300 sec this turn | 300 sec total\n|\n|t:|1783559508\n|move|p1a: Umbreon|Foul Play|p2a: Eelektross\n|-damage|p2a: Eelektross|16/100\n|move|p2a: Eelektross|Drain Punch|p1a: Umbreon\n|-supereffective|p1a: Umbreon\n|-damage|p1a: Umbreon|135/297\n|-heal|p2a: Eelektross|44/100|[from] drain|[of] p1a: Umbreon\n|\n|-heal|p1a: Umbreon|153/297|[from] item: Leftovers\n|-heal|p2a: Eelektross|50/100|[from] item: Leftovers\n|upkeep\n|turn|17\n|inactive|Time left: 300 sec this turn | 300 sec total\n|\n|t:|1783559508\n|-terastallize|p1a: Umbreon|Poison\n|move|p1a: Umbreon|Foul Play|p2a: Eelektross\n|-damage|p2a: Eelektross|5/100\n|move|p2a: Eelektross|Drain Punch|p1a: Umbreon\n|-resisted|p1a: Umbreon\n|-damage|p1a: Umbreon|111/297\n|-heal|p2a: Eelektross|12/100|[from] drain|[of] p1a: Umbreon\n|\n|-heal|p1a: Umbreon|129/297|[from] item: Leftovers\n|-heal|p2a: Eelektross|18/100|[from] item: Leftovers\n|upkeep\n|turn|18\n|inactive|Time left: 300 sec this turn | 300 sec total\n|\n|t:|1783559509\n|switch|p2a: Garchomp|Garchomp, L74, F|19/100 tox\n|move|p1a: Umbreon|Foul Play|p2a: Garchomp\n|-damage|p2a: Garchomp|0 fnt\n|-damage|p1a: Umbreon|92/297|[from] ability: Rough Skin|[of] p2a: Garchomp\n|-damage|p1a: Umbreon|43/297|[from] item: Rocky Helmet|[of] p2a: Garchomp\n|faint|p2a: Garchomp\n|\n|-heal|p1a: Umbreon|61/297|[from] item: Leftovers\n|upkeep\n|\n|t:|1783559510\n|switch|p2a: Walking Wake|Walking Wake, L79|100/100\n|turn|19\n|inactive|Time left: 300 sec this turn | 300 sec total\n|\n|t:|1783559511\n|move|p1a: Umbreon|Protect|p1a: Umbreon\n|-singleturn|p1a: Umbreon|Protect\n|move|p2a: Walking Wake|Hydro Steam|p1a: Umbreon\n|-activate|p1a: Umbreon|move: Protect\n|\n|-heal|p1a: Umbreon|79/297|[from] item: Leftovers\n|upkeep\n|turn|20\n|inactive|Time left: 300 sec this turn | 300 sec total\n|\n|t:|1783559511\n|switch|p1a: Tentacruel|Tentacruel, L84, M|272/272\n|-damage|p1a: Tentacruel|238/272|[from] Stealth Rock\n|move|p2a: Walking Wake|Hydro Steam|p1a: Tentacruel\n|-resisted|p1a: Tentacruel\n|-damage|p1a: Tentacruel|191/272\n|-damage|p2a: Walking Wake|91/100|[from] item: Life Orb\n|\n|-heal|p1a: Tentacruel|208/272|[from] item: Leftovers\n|upkeep\n|turn|21\n|inactive|Time left: 300 sec this turn | 300 sec total\n|\n|t:|1783559513\n|-end|p2a: Walking Wake|Protosynthesis|[silent]\n|switch|p2a: Hoopa|Hoopa, L85|91/100\n|move|p1a: Tentacruel|Sludge Bomb|p2a: Hoopa\n|-resisted|p2a: Hoopa\n|-damage|p2a: Hoopa|80/100\n|-status|p2a: Hoopa|psn\n|\n|-heal|p1a: Tentacruel|225/272|[from] item: Leftovers\n|-damage|p2a: Hoopa|68/100 psn|[from] psn\n|upkeep\n|turn|22\n|inactive|Time left: 300 sec this turn | 300 sec total\n|\n|t:|1783559514\n|switch|p1a: Mightyena|Mightyena, L96, M|54/290\n|-damage|p1a: Mightyena|18/290|[from] Stealth Rock\n|-ability|p1a: Mightyena|Intimidate|boost\n|-unboost|p2a: Hoopa|atk|1\n|move|p2a: Hoopa|Psychic|p1a: Mightyena\n|-immune|p1a: Mightyena\n|\n|-damage|p2a: Hoopa|56/100 psn|[from] psn\n|upkeep\n|turn|23\n|inactive|Time left: 300 sec this turn | 300 sec total\n|\n|t:|1783559515\n|switch|p2a: Walking Wake|Walking Wake, L79|91/100\n|move|p1a: Mightyena|Crunch|p2a: Walking Wake\n|-damage|p2a: Walking Wake|56/100\n|\n|upkeep\n|turn|24\n|inactive|Time left: 300 sec this turn | 300 sec total\n|\n|t:|1783559516\n|switch|p1a: Tentacruel|Tentacruel, L84, M|225/272\n|-damage|p1a: Tentacruel|191/272|[from] Stealth Rock\n|move|p2a: Walking Wake|Hydro Steam|p1a: Tentacruel\n|-resisted|p1a: Tentacruel\n|-damage|p1a: Tentacruel|140/272\n|-damage|p2a: Walking Wake|46/100|[from] item: Life Orb\n|\n|-heal|p1a: Tentacruel|157/272|[from] item: Leftovers\n|upkeep\n|turn|25\n|inactive|Time left: 300 sec this turn | 300 sec total\n|\n|t:|1783559517\n|move|p2a: Walking Wake|Draco Meteor|p1a: Tentacruel\n|-damage|p1a: Tentacruel|0 fnt\n|-unboost|p2a: Walking Wake|spa|2\n|faint|p1a: Tentacruel\n|-damage|p2a: Walking Wake|36/100|[from] item: Life Orb\n|\n|upkeep\n|inactive|Time left: 300 sec this turn | 300 sec total | 5 sec grace\n|\n|t:|1783559518\n|switch|p1a: Chimecho|Chimecho, L93, M|290/290\n|-damage|p1a: Chimecho|254/290|[from] Stealth Rock\n|turn|26\n|inactive|Time left: 300 sec this turn | 300 sec total\n|\n|t:|1783559519\n|-end|p2a: Walking Wake|Protosynthesis|[silent]\n|switch|p2a: Uxie|Uxie, L83|100/100\n|move|p1a: Chimecho|Cosmic Power|p1a: Chimecho\n|-boost|p1a: Chimecho|def|1\n|-boost|p1a: Chimecho|spd|1\n|\n|-heal|p1a: Chimecho|272/290|[from] item: Leftovers\n|upkeep\n|turn|27\n|inactive|Time left: 300 sec this turn | 300 sec total\n|\n|t:|1783559520\n|move|p2a: Uxie|Encore|p1a: Chimecho\n|-start|p1a: Chimecho|Encore\n|move|p1a: Chimecho|Cosmic Power|p1a: Chimecho\n|-boost|p1a: Chimecho|def|1\n|-boost|p1a: Chimecho|spd|1\n|\n|-heal|p1a: Chimecho|290/290|[from] item: Leftovers\n|upkeep\n|turn|28\n|inactive|Time left: 300 sec this turn | 300 sec total\n|\n|t:|1783559521\n|switch|p1a: Metagross|Metagross, L79|116/256\n|-damage|p1a: Metagross|100/256|[from] Stealth Rock\n|move|p2a: Uxie|Knock Off|p1a: Metagross\n|-supereffective|p1a: Metagross\n|-damage|p1a: Metagross|12/256\n|-enditem|p1a: Metagross|Leftovers|[from] move: Knock Off|[of] p2a: Uxie\n|\n|upkeep\n|turn|29\n|inactive|Time left: 300 sec this turn | 300 sec total\n|\n|t:|1783559522\n|move|p2a: Uxie|Psychic Noise|p1a: Metagross\n|-resisted|p1a: Metagross\n|-crit|p1a: Metagross\n|-damage|p1a: Metagross|0 fnt\n|faint|p1a: Metagross\n|\n|upkeep\n|inactive|Time left: 300 sec this turn | 300 sec total | 5 sec grace\n|\n|t:|1783559523\n|switch|p1a: Chimecho|Chimecho, L93, M|290/290\n|-damage|p1a: Chimecho|254/290|[from] Stealth Rock\n|turn|30\n|inactive|Time left: 300 sec this turn | 300 sec total\n|\n|t:|1783559524\n|move|p2a: Uxie|Knock Off|p1a: Chimecho\n|-supereffective|p1a: Chimecho\n|-damage|p1a: Chimecho|142/290\n|-enditem|p1a: Chimecho|Leftovers|[from] move: Knock Off|[of] p2a: Uxie\n|move|p1a: Chimecho|Cosmic Power|p1a: Chimecho\n|-boost|p1a: Chimecho|def|1\n|-boost|p1a: Chimecho|spd|1\n|\n|upkeep\n|turn|31\n|inactive|Time left: 300 sec this turn | 300 sec total\n|\n|t:|1783559526\n|move|p2a: Uxie|Psychic Noise|p1a: Chimecho\n|-resisted|p1a: Chimecho\n|-damage|p1a: Chimecho|124/290\n|-start|p1a: Chimecho|move: Heal Block\n|cant|p1a: Chimecho|move: Heal Block|Recover\n|\n|upkeep\n|turn|32\n|inactive|Time left: 300 sec this turn | 300 sec total\n|\n|t:|1783559527\n|move|p2a: Uxie|Knock Off|p1a: Chimecho\n|-supereffective|p1a: Chimecho\n|-damage|p1a: Chimecho|76/290\n|move|p1a: Chimecho|Cosmic Power|p1a: Chimecho\n|-boost|p1a: Chimecho|def|1\n|-boost|p1a: Chimecho|spd|1\n|\n|-end|p1a: Chimecho|move: Heal Block\n|upkeep\n|turn|33\n|inactive|Time left: 300 sec this turn | 300 sec total\n|\n|t:|1783559528\n|move|p2a: Uxie|Encore|p1a: Chimecho\n|-start|p1a: Chimecho|Encore\n|move|p1a: Chimecho|Cosmic Power|p1a: Chimecho\n|-boost|p1a: Chimecho|def|1\n|-boost|p1a: Chimecho|spd|1\n|\n|upkeep\n|turn|34\n|inactive|Time left: 300 sec this turn | 300 sec total\n|\n|t:|1783559529\n|-terastallize|p2a: Uxie|Dark\n|move|p2a: Uxie|Knock Off|p1a: Chimecho\n|-supereffective|p1a: Chimecho\n|-damage|p1a: Chimecho|28/290\n|move|p1a: Chimecho|Cosmic Power|p1a: Chimecho\n|-boost|p1a: Chimecho|def|1\n|-boost|p1a: Chimecho|spd|1\n|\n|upkeep\n|turn|35\n|inactive|Time left: 300 sec this turn | 300 sec total\n|\n|t:|1783559530\n|move|p2a: Uxie|Knock Off|p1a: Chimecho\n|-supereffective|p1a: Chimecho\n|-damage|p1a: Chimecho|0 fnt\n|faint|p1a: Chimecho\n|\n|upkeep\n|inactive|Time left: 300 sec this turn | 300 sec total | 5 sec grace\n|\n|t:|1783559531\n|switch|p1a: Umbreon|Umbreon, L84, F, tera:Poison|79/297\n|-damage|p1a: Umbreon|42/297|[from] Stealth Rock\n|turn|36\n|inactive|Time left: 300 sec this turn | 300 sec total\n|\n|t:|1783559532\n|move|p1a: Umbreon|Protect|p1a: Umbreon\n|-singleturn|p1a: Umbreon|Protect\n|move|p2a: Uxie|Psychic Noise|p1a: Umbreon\n|-activate|p1a: Umbreon|move: Protect\n|\n|-heal|p1a: Umbreon|60/297|[from] item: Leftovers\n|upkeep\n|turn|37\n|inactive|Time left: 300 sec this turn | 300 sec total\n|\n|t:|1783559533\n|move|p1a: Umbreon|Protect||[still]\n|-fail|p1a: Umbreon\n|move|p2a: Uxie|Psychic Noise|p1a: Umbreon\n|-supereffective|p1a: Umbreon\n|-damage|p1a: Umbreon|0 fnt\n|faint|p1a: Umbreon\n|\n|upkeep\n|inactive|Time left: 300 sec this turn | 300 sec total | 5 sec grace\n|\n|t:|1783559534\n|switch|p1a: Mightyena|Mightyena, L96, M|18/290\n|-damage|p1a: Mightyena|0 fnt|[from] Stealth Rock\n|faint|p1a: Mightyena\n|\n|win|p0y1681daf4", "uploadtime": 1783559534, "views": 0, "rating": 0, "private": 0, "password": null, "_winner": "p0y1681daf4", "_our_name": "p0x16814f53"}