{"id": "battle-gen9randombattle-1990", "formatid": "gen9randombattle", "format": "[Gen 9] Random Battle", "players": ["p0x19900114", "p0y199027a7"], "log": "|init|battle\n|title|p0x19900114 vs. p0y199027a7\n|j|\u2606p0x19900114\n|j|\u2606p0y199027a7\n|t:|1783562268\n|gametype|singles\n|player|p1|p0x19900114|2|\n|player|p2|p0y199027a7|2|\n|gen|9\n|tier|[Gen 9] Random Battle\n|rule|Species Clause: Limit one of each Pok\u00e9mon\n|rule|HP Percentage Mod: HP is shown in percentages\n|rule|Sleep Clause Mod: Limit one foe put to sleep\n|rule|Illusion Level Mod: Illusion disguises the Pok\u00e9mon's true level\n|\n|t:|1783562268\n|teamsize|p1|6\n|teamsize|p2|6\n|start\n|switch|p1a: Wyrdeer|Wyrdeer, L87, M|100/100\n|switch|p2a: Houndoom|Houndoom, L87, M|272/272\n|-ability|p1a: Wyrdeer|Intimidate|boost\n|-unboost|p2a: Houndoom|atk|1\n|turn|1\n|inactive|Battle timer is ON: inactive players will automatically lose when time's up. (requested by p0x19900114)\n|inactive|Time left: 300 sec this turn | 300 sec total | 60 sec grace\n|\n|t:|1783562270\n|switch|p2a: Arceus|Arceus-Ground, L70|284/284\n|move|p1a: Wyrdeer|Earthquake|p2a: Arceus\n|-damage|p2a: Arceus|208/284\n|\n|upkeep\n|turn|2\n|inactive|Time left: 300 sec this turn | 300 sec total\n|inactive|p0y199027a7 also wants the timer to be on.\n|\n|t:|1783562271\n|move|p2a: Arceus|Dragon Dance|p2a: Arceus\n|-boost|p2a: Arceus|atk|1\n|-boost|p2a: Arceus|spe|1\n|move|p1a: Wyrdeer|Psychic Noise|p2a: Arceus\n|-damage|p2a: Arceus|132/284\n|-start|p2a: Arceus|move: Heal Block\n|\n|upkeep\n|turn|3\n|inactive|Time left: 300 sec this turn | 300 sec total\n|\n|t:|1783562272\n|move|p2a: Arceus|Earthquake|p1a: Wyrdeer\n|-damage|p1a: Wyrdeer|41/100\n|move|p1a: Wyrdeer|Psychic Noise|p2a: Arceus\n|-crit|p2a: Arceus\n|-damage|p2a: Arceus|15/284\n|\n|-heal|p1a: Wyrdeer|47/100|[from] item: Leftovers\n|-end|p2a: Arceus|move: Heal Block\n|upkeep\n|turn|4\n|inactive|Time left: 300 sec this turn | 300 sec total\n|\n|t:|1783562273\n|switch|p1a: Altaria|Altaria, L89, F|100/100\n|move|p2a: Arceus|Earthquake|p1a: Altaria\n|-immune|p1a: Altaria\n|\n|upkeep\n|turn|5\n|inactive|Time left: 300 sec this turn | 300 sec total\n|\n|t:|1783562274\n|move|p2a: Arceus|Recover|p2a: Arceus\n|-heal|p2a: Arceus|157/284\n|move|p1a: Altaria|Dragon Dance|p1a: Altaria\n|-boost|p1a: Altaria|atk|1\n|-boost|p1a: Altaria|spe|1\n|\n|upkeep\n|turn|6\n|inactive|Time left: 300 sec this turn | 300 sec total\n|\n|t:|1783562275\n|move|p2a: Arceus|Recover|p2a: Arceus\n|-heal|p2a: Arceus|284/284\n|move|p1a: Altaria|Brave Bird|p2a: Arceus\n|-damage|p2a: Arceus|130/284\n|-damage|p1a: Altaria|82/100|[from] Recoil\n|\n|upkeep\n|turn|7\n|inactive|Time left: 300 sec this turn | 300 sec total\n|\n|t:|1783562276\n|move|p2a: Arceus|Recover|p2a: Arceus\n|-heal|p2a: Arceus|272/284\n|move|p1a: Altaria|Brave Bird|p2a: Arceus\n|-crit|p2a: Arceus\n|-damage|p2a: Arceus|32/284\n|-damage|p1a: Altaria|54/100|[from] Recoil\n|\n|upkeep\n|turn|8\n|inactive|Time left: 300 sec this turn | 300 sec total\n|\n|t:|1783562277\n|move|p2a: Arceus|Stone Edge|p1a: Altaria\n|-supereffective|p1a: Altaria\n|-crit|p1a: Altaria\n|-damage|p1a: Altaria|0 fnt\n|faint|p1a: Altaria\n|\n|upkeep\n|\n|t:|1783562278\n|switch|p1a: Piloswine|Piloswine, L85, M|100/100\n|turn|9\n|inactive|Time left: 300 sec this turn | 300 sec total\n|\n|t:|1783562279\n|move|p2a: Arceus|Recover|p2a: Arceus\n|-heal|p2a: Arceus|174/284\n|move|p1a: Piloswine|Icicle Crash|p2a: Arceus\n|-supereffective|p2a: Arceus\n|-damage|p2a: Arceus|6/284\n|\n|upkeep\n|turn|10\n|inactive|Time left: 300 sec this turn | 300 sec total\n|\n|t:|1783562280\n|move|p2a: Arceus|Recover|p2a: Arceus\n|-heal|p2a: Arceus|148/284\n|move|p1a: Piloswine|Earthquake|p2a: Arceus\n|-damage|p2a: Arceus|34/284\n|\n|upkeep\n|turn|11\n|inactive|Time left: 300 sec this turn | 300 sec total\n|\n|t:|1783562281\n|move|p2a: Arceus|Recover|p2a: Arceus\n|-heal|p2a: Arceus|176/284\n|move|p1a: Piloswine|Icicle Crash|p2a: Arceus\n|-supereffective|p2a: Arceus\n|-damage|p2a: Arceus|0 fnt\n|faint|p2a: Arceus\n|\n|upkeep\n|inactive|Time left: 300 sec this turn | 300 sec total | 5 sec grace\n|\n|t:|1783562282\n|switch|p2a: Deoxys|Deoxys-Defense, L84|221/221\n|-ability|p2a: Deoxys|Pressure\n|turn|12\n|inactive|Time left: 300 sec this turn | 300 sec total\n|\n|t:|1783562283\n|switch|p1a: Wyrdeer|Wyrdeer, L87, M|47/100\n|-ability|p1a: Wyrdeer|Intimidate|boost\n|-unboost|p2a: Deoxys|atk|1\n|move|p2a: Deoxys|Cosmic Power|p2a: Deoxys\n|-boost|p2a: Deoxys|def|1\n|-boost|p2a: Deoxys|spd|1\n|\n|-heal|p1a: Wyrdeer|53/100|[from] item: Leftovers\n|upkeep\n|turn|13\n|inactive|Time left: 300 sec this turn | 300 sec total\n|\n|t:|1783562284\n|move|p2a: Deoxys|Cosmic Power|p2a: Deoxys\n|-boost|p2a: Deoxys|def|1\n|-boost|p2a: Deoxys|spd|1\n|move|p1a: Wyrdeer|Megahorn|p2a: Deoxys|[miss]\n|-miss|p1a: Wyrdeer|p2a: Deoxys\n|\n|-heal|p1a: Wyrdeer|59/100|[from] item: Leftovers\n|upkeep\n|turn|14\n|inactive|Time left: 300 sec this turn | 300 sec total\n|\n|t:|1783562285\n|move|p2a: Deoxys|Cosmic Power|p2a: Deoxys\n|-boost|p2a: Deoxys|def|1\n|-boost|p2a: Deoxys|spd|1\n|move|p1a: Wyrdeer|Thunder Wave|p2a: Deoxys\n|-status|p2a: Deoxys|par\n|\n|-heal|p1a: Wyrdeer|66/100|[from] item: Leftovers\n|upkeep\n|turn|15\n|inactive|Time left: 300 sec this turn | 300 sec total\n|\n|t:|1783562286\n|move|p1a: Wyrdeer|Megahorn|p2a: Deoxys\n|-supereffective|p2a: Deoxys\n|-damage|p2a: Deoxys|171/221 par\n|move|p2a: Deoxys|Stored Power|p1a: Wyrdeer\n|-resisted|p1a: Wyrdeer\n|-damage|p1a: Wyrdeer|47/100\n|\n|-heal|p1a: Wyrdeer|53/100|[from] item: Leftovers\n|-heal|p2a: Deoxys|184/221 par|[from] item: Leftovers\n|upkeep\n|turn|16\n|inactive|Time left: 300 sec this turn | 300 sec total\n|\n|t:|1783562287\n|move|p1a: Wyrdeer|Megahorn|p2a: Deoxys\n|-supereffective|p2a: Deoxys\n|-damage|p2a: Deoxys|138/221 par\n|move|p2a: Deoxys|Stored Power|p1a: Wyrdeer\n|-resisted|p1a: Wyrdeer\n|-damage|p1a: Wyrdeer|34/100\n|\n|-heal|p1a: Wyrdeer|40/100|[from] item: Leftovers\n|-heal|p2a: Deoxys|151/221 par|[from] item: Leftovers\n|upkeep\n|turn|17\n|inactive|Time left: 300 sec this turn | 300 sec total\n|\n|t:|1783562288\n|move|p1a: Wyrdeer|Psychic Noise|p2a: Deoxys\n|-resisted|p2a: Deoxys\n|-damage|p2a: Deoxys|141/221 par\n|-start|p2a: Deoxys|move: Heal Block\n|cant|p2a: Deoxys|par\n|\n|-heal|p1a: Wyrdeer|47/100|[from] item: Leftovers\n|upkeep\n|turn|18\n|inactive|Time left: 300 sec this turn | 300 sec total\n|\n|t:|1783562289\n|move|p1a: Wyrdeer|Megahorn|p2a: Deoxys|[miss]\n|-miss|p1a: Wyrdeer|p2a: Deoxys\n|move|p2a: Deoxys|Stored Power|p1a: Wyrdeer\n|-resisted|p1a: Wyrdeer\n|-damage|p1a: Wyrdeer|26/100\n|\n|-heal|p1a: Wyrdeer|32/100|[from] item: Leftovers\n|-end|p2a: Deoxys|move: Heal Block\n|upkeep\n|turn|19\n|inactive|Time left: 300 sec this turn | 300 sec total\n|\n|t:|1783562290\n|move|p1a: Wyrdeer|Psychic Noise|p2a: Deoxys\n|-resisted|p2a: Deoxys\n|-damage|p2a: Deoxys|130/221 par\n|-start|p2a: Deoxys|move: Heal Block\n|move|p2a: Deoxys|Stored Power|p1a: Wyrdeer\n|-resisted|p1a: Wyrdeer\n|-crit|p1a: Wyrdeer\n|-damage|p1a: Wyrdeer|3/100\n|\n|-heal|p1a: Wyrdeer|10/100|[from] item: Leftovers\n|upkeep\n|turn|20\n|inactive|Time left: 300 sec this turn | 300 sec total\n|\n|t:|1783562291\n|move|p1a: Wyrdeer|Megahorn|p2a: Deoxys\n|-supereffective|p2a: Deoxys\n|-damage|p2a: Deoxys|86/221 par\n|move|p2a: Deoxys|Stored Power|p1a: Wyrdeer\n|-resisted|p1a: Wyrdeer\n|-damage|p1a: Wyrdeer|0 fnt\n|faint|p1a: Wyrdeer\n|\n|-end|p2a: Deoxys|move: Heal Block\n|upkeep\n|\n|t:|1783562292\n|switch|p1a: Piloswine|Piloswine, L85, M|100/100\n|turn|21\n|inactive|Time left: 300 sec this turn | 300 sec total\n|\n|t:|1783562293\n|move|p2a: Deoxys|Recover|p2a: Deoxys\n|-heal|p2a: Deoxys|197/221 par\n|move|p1a: Piloswine|Roar|p2a: Deoxys\n|drag|p2a: Hitmonlee|Hitmonlee, L85, M|224/224\n|\n|upkeep\n|turn|22\n|inactive|Time left: 300 sec this turn | 300 sec total\n|\n|t:|1783562293\n|move|p2a: Hitmonlee|Close Combat|p1a: Piloswine\n|-supereffective|p1a: Piloswine\n|-damage|p1a: Piloswine|26/100\n|-unboost|p2a: Hitmonlee|def|1\n|-unboost|p2a: Hitmonlee|spd|1\n|-enditem|p2a: Hitmonlee|White Herb\n|-clearnegativeboost|p2a: Hitmonlee|[silent]\n|move|p1a: Piloswine|Earthquake|p2a: Hitmonlee\n|-damage|p2a: Hitmonlee|73/224\n|\n|upkeep\n|turn|23\n|inactive|Time left: 300 sec this turn | 300 sec total\n|\n|t:|1783562294\n|move|p2a: Hitmonlee|Close Combat|p1a: Piloswine\n|-supereffective|p1a: Piloswine\n|-damage|p1a: Piloswine|0 fnt\n|-unboost|p2a: Hitmonlee|def|1\n|-unboost|p2a: Hitmonlee|spd|1\n|faint|p1a: Piloswine\n|\n|upkeep\n|\n|t:|1783562295\n|switch|p1a: Lilligant|Lilligant, L86, F|100/100\n|turn|24\n|inactive|Time left: 300 sec this turn | 300 sec total\n|\n|t:|1783562296\n|move|p2a: Hitmonlee|Close Combat|p1a: Lilligant\n|-damage|p1a: Lilligant|35/100\n|-unboost|p2a: Hitmonlee|def|1\n|-unboost|p2a: Hitmonlee|spd|1\n|move|p1a: Lilligant|Giga Drain|p2a: Hitmonlee\n|-damage|p2a: Hitmonlee|0 fnt\n|-heal|p1a: Lilligant|49/100|[from] drain|[of] p2a: Hitmonlee\n|faint|p2a: Hitmonlee\n|-damage|p1a: Lilligant|39/100|[from] item: Life Orb\n|\n|upkeep\n|inactive|Time left: 300 sec this turn | 300 sec total | 5 sec grace\n|\n|t:|1783562297\n|switch|p2a: Houndoom|Houndoom, L87, M|272/272\n|turn|25\n|inactive|Time left: 300 sec this turn | 300 sec total\n|\n|t:|1783562298\n|switch|p1a: Umbreon|Umbreon, L84, M|100/100\n|move|p2a: Houndoom|Dark Pulse|p1a: Umbreon\n|-resisted|p1a: Umbreon\n|-damage|p1a: Umbreon|88/100\n|\n|-heal|p1a: Umbreon|94/100|[from] item: Leftovers\n|upkeep\n|turn|26\n|inactive|Time left: 300 sec this turn | 300 sec total\n|\n|t:|1783562299\n|move|p2a: Houndoom|Sludge Bomb|p1a: Umbreon\n|-damage|p1a: Umbreon|77/100\n|-status|p1a: Umbreon|psn\n|-activate|p1a: Umbreon|ability: Synchronize\n|-status|p2a: Houndoom|psn\n|move|p1a: Umbreon|Toxic||[still]\n|-fail|p1a: Umbreon\n|\n|-heal|p1a: Umbreon|83/100 psn|[from] item: Leftovers\n|-damage|p2a: Houndoom|238/272 psn|[from] psn\n|-damage|p1a: Umbreon|71/100 psn|[from] psn\n|upkeep\n|turn|27\n|inactive|Time left: 300 sec this turn | 300 sec total\n|\n|t:|1783562300\n|move|p2a: Houndoom|Fire Blast|p1a: Umbreon\n|-damage|p1a: Umbreon|38/100 psn\n|move|p1a: Umbreon|Wish|p1a: Umbreon\n|\n|-heal|p1a: Umbreon|44/100 psn|[from] item: Leftovers\n|-damage|p2a: Houndoom|204/272 psn|[from] psn\n|-damage|p1a: Umbreon|32/100 psn|[from] psn\n|upkeep\n|turn|28\n|inactive|Time left: 300 sec this turn | 300 sec total\n|\n|t:|1783562301\n|move|p1a: Umbreon|Protect|p1a: Umbreon\n|-singleturn|p1a: Umbreon|Protect\n|move|p2a: Houndoom|Fire Blast|p1a: Umbreon\n|-activate|p1a: Umbreon|move: Protect\n|\n|-heal|p1a: Umbreon|82/100 psn|[from] move: Wish|[wisher] Umbreon\n|-heal|p1a: Umbreon|88/100 psn|[from] item: Leftovers\n|-damage|p2a: Houndoom|170/272 psn|[from] psn\n|-damage|p1a: Umbreon|75/100 psn|[from] psn\n|upkeep\n|turn|29\n|inactive|Time left: 300 sec this turn | 300 sec total\n|\n|t:|1783562302\n|move|p2a: Houndoom|Fire Blast|p1a: Umbreon\n|-crit|p1a: Umbreon\n|-damage|p1a: Umbreon|26/100 psn\n|move|p1a: Umbreon|Foul Play|p2a: Houndoom\n|-resisted|p2a: Houndoom\n|-damage|p2a: Houndoom|101/272 psn\n|\n|-heal|p1a: Umbreon|32/100 psn|[from] item: Leftovers\n|-damage|p2a: Houndoom|67/272 psn|[from] psn\n|-damage|p1a: Umbreon|20/100 psn|[from] psn\n|upkeep\n|turn|30\n|inactive|Time left: 300 sec this turn | 300 sec total\n|\n|t:|1783562303\n|move|p2a: Houndoom|Sludge Bomb|p1a: Umbreon\n|-damage|p1a: Umbreon|1/100 psn\n|move|p1a: Umbreon|Wish|p1a: Umbreon\n|\n|-heal|p1a: Umbreon|7/100 psn|[from] item: Leftovers\n|-damage|p2a: Houndoom|33/272 psn|[from] psn\n|-damage|p1a: Umbreon|0 fnt|[from] psn\n|faint|p1a: Umbreon\n|upkeep\n|\n|t:|1783562304\n|switch|p1a: Dugtrio|Dugtrio-Alola, L84, M|100/100\n|turn|31\n|inactive|Time left: 300 sec this turn | 300 sec total\n|\n|t:|1783562305\n|move|p1a: Dugtrio|Earthquake|p2a: Houndoom\n|-supereffective|p2a: Houndoom\n|-damage|p2a: Houndoom|0 fnt\n|faint|p2a: Houndoom\n|-damage|p1a: Dugtrio|91/100|[from] item: Life Orb\n|\n|-heal|p1a: Dugtrio|100/100|[from] move: Wish|[wisher] Umbreon\n|upkeep\n|inactive|Time left: 300 sec this turn | 300 sec total | 5 sec grace\n|\n|t:|1783562307\n|switch|p2a: Meloetta|Meloetta, L82|298/298\n|turn|32\n|inactive|Time left: 300 sec this turn | 300 sec total\n|\n|t:|1783562307\n|move|p1a: Dugtrio|Earthquake|p2a: Meloetta\n|-damage|p2a: Meloetta|152/298\n|-damage|p1a: Dugtrio|91/100|[from] item: Life Orb\n|move|p2a: Meloetta|Close Combat|p1a: Dugtrio\n|-supereffective|p1a: Dugtrio\n|-damage|p1a: Dugtrio|0 fnt\n|-unboost|p2a: Meloetta|def|1\n|-unboost|p2a: Meloetta|spd|1\n|-ability|p1a: Dugtrio|Tangling Hair\n|-unboost|p2a: Meloetta|spe|1\n|faint|p1a: Dugtrio\n|-damage|p2a: Meloetta|123/298|[from] item: Life Orb\n|\n|upkeep\n|\n|t:|1783562308\n|switch|p1a: Lilligant|Lilligant, L86, F|39/100\n|turn|33\n|inactive|Time left: 300 sec this turn | 300 sec total\n|\n|t:|1783562309\n|switch|p2a: Deoxys|Deoxys-Defense, L84|197/221 par\n|-ability|p2a: Deoxys|Pressure\n|move|p1a: Lilligant|Giga Drain|p2a: Deoxys\n|-damage|p2a: Deoxys|126/221 par\n|-heal|p1a: Lilligant|53/100|[from] drain|[of] p2a: Deoxys\n|-damage|p1a: Lilligant|43/100|[from] item: Life Orb\n|\n|-heal|p2a: Deoxys|139/221 par|[from] item: Leftovers\n|upkeep\n|turn|34\n|inactive|Time left: 300 sec this turn | 300 sec total\n|\n|t:|1783562310\n|-terastallize|p2a: Deoxys|Steel\n|move|p1a: Lilligant|Quiver Dance|p1a: Lilligant\n|-boost|p1a: Lilligant|spa|1\n|-boost|p1a: Lilligant|spd|1\n|-boost|p1a: Lilligant|spe|1\n|move|p2a: Deoxys|Night Shade|p1a: Lilligant\n|-damage|p1a: Lilligant|11/100\n|\n|-heal|p2a: Deoxys|152/221 par|[from] item: Leftovers\n|upkeep\n|turn|35\n|inactive|Time left: 300 sec this turn | 300 sec total\n|\n|t:|1783562311\n|-terastallize|p1a: Lilligant|Fire\n|move|p1a: Lilligant|Tera Blast|p2a: Deoxys|[anim] Tera Blast Fire\n|-supereffective|p2a: Deoxys\n|-damage|p2a: Deoxys|0 fnt\n|faint|p2a: Deoxys\n|-damage|p1a: Lilligant|1/100|[from] item: Life Orb\n|\n|upkeep\n|inactive|Time left: 300 sec this turn | 300 sec total | 5 sec grace\n|\n|t:|1783562312\n|switch|p2a: Comfey|Comfey, L85, F|225/225\n|turn|36\n|inactive|Time left: 300 sec this turn | 300 sec total\n|\n|t:|1783562313\n|move|p2a: Comfey|Draining Kiss|p1a: Lilligant\n|-resisted|p1a: Lilligant\n|-damage|p1a: Lilligant|0 fnt\n|faint|p1a: Lilligant\n|\n|win|p0y199027a7", "uploadtime": 1783562313, "views": 0, "rating": 0, "private": 0, "password": null, "_winner": "p0y199027a7", "_our_name": "p0y199027a7"}