{"id": "battle-gen9randombattle-18", "formatid": "gen9randombattle", "format": "[Gen 9] Random Battle", "players": ["p0x019efc9", "p0y019277f"], "log": "|init|battle\n|title|p0x019efc9 vs. p0y019277f\n|j|\u2606p0x019efc9\n|j|\u2606p0y019277f\n|t:|1783534023\n|gametype|singles\n|player|p1|p0x019efc9|266|\n|player|p2|p0y019277f|266|\n|gen|9\n|tier|[Gen 9] Random Battle\n|rule|Species Clause: Limit one of each Pok\u00e9mon\n|rule|HP Percentage Mod: HP is shown in percentages\n|rule|Sleep Clause Mod: Limit one foe put to sleep\n|rule|Illusion Level Mod: Illusion disguises the Pok\u00e9mon's true level\n|\n|t:|1783534023\n|teamsize|p1|6\n|teamsize|p2|6\n|start\n|switch|p1a: Empoleon|Empoleon, L84, M|100/100\n|switch|p2a: Maushold|Maushold, L76|238/238\n|turn|1\n|inactive|Battle timer is ON: inactive players will automatically lose when time's up. (requested by p0y019277f)\n|inactive|p0x019efc9 also wants the timer to be on.\n|\n|t:|1783534024\n|switch|p2a: Slaking|Slaking, L84, F|389/389\n|move|p1a: Empoleon|Surf|p2a: Slaking\n|-damage|p2a: Slaking|251/389\n|\n|upkeep\n|turn|2\n|inactive|Time left: 300 sec this turn | 300 sec total\n|\n|t:|1783534026\n|move|p2a: Slaking|Earthquake|p1a: Empoleon\n|-supereffective|p1a: Empoleon\n|-damage|p1a: Empoleon|0 fnt\n|faint|p1a: Empoleon\n|\n|upkeep\n|\n|t:|1783534027\n|switch|p1a: Slaking|Slaking, L84, M|100/100\n|turn|3\n|inactive|Time left: 300 sec this turn | 300 sec total\n|\n|t:|1783534028\n|cant|p2a: Slaking|ability: Truant\n|move|p1a: Slaking|Giga Impact|p2a: Slaking\n|-damage|p2a: Slaking|0 fnt\n|-mustrecharge|p1a: Slaking\n|faint|p2a: Slaking\n|\n|upkeep\n|inactive|Time left: 300 sec this turn | 300 sec total | 5 sec grace\n|\n|t:|1783534029\n|switch|p2a: Maushold|Maushold, L76|238/238\n|turn|4\n|inactive|Time left: 300 sec this turn | 300 sec total\n|\n|t:|1783534030\n|-terastallize|p2a: Maushold|Ghost\n|cant|p1a: Slaking|recharge\n|move|p2a: Maushold|Tidy Up|p2a: Maushold\n|-boost|p2a: Maushold|atk|1\n|-boost|p2a: Maushold|spe|1\n|\n|upkeep\n|turn|5\n|inactive|Time left: 300 sec this turn | 300 sec total\n|\n|t:|1783534031\n|move|p2a: Maushold|Population Bomb|p1a: Slaking\n|-damage|p1a: Slaking|92/100\n|-damage|p1a: Slaking|84/100\n|-crit|p1a: Slaking\n|-damage|p1a: Slaking|74/100\n|-damage|p1a: Slaking|66/100\n|-damage|p1a: Slaking|59/100\n|-damage|p1a: Slaking|50/100\n|-damage|p1a: Slaking|42/100\n|-damage|p1a: Slaking|35/100\n|-damage|p1a: Slaking|27/100\n|-damage|p1a: Slaking|19/100\n|-hitcount|p1a: Slaking|10\n|move|p1a: Slaking|Giga Impact|p2a: Maushold\n|-immune|p2a: Maushold\n|\n|upkeep\n|turn|6\n|inactive|Time left: 300 sec this turn | 300 sec total\n|\n|t:|1783534032\n|move|p2a: Maushold|Population Bomb|p1a: Slaking\n|-damage|p1a: Slaking|11/100\n|-damage|p1a: Slaking|3/100\n|-crit|p1a: Slaking\n|-damage|p1a: Slaking|0 fnt\n|faint|p1a: Slaking\n|-hitcount|p1: Slaking|3\n|\n|upkeep\n|\n|t:|1783534033\n|switch|p1a: Gardevoir|Gardevoir, L83, M|100/100\n|-ability|p1a: Gardevoir|Technician|Trace|[from] ability: Trace|[of] p2a: Maushold\n|turn|7\n|inactive|Time left: 300 sec this turn | 300 sec total\n|\n|t:|1783534035\n|move|p2a: Maushold|Population Bomb|p1a: Gardevoir\n|-damage|p1a: Gardevoir|85/100\n|-damage|p1a: Gardevoir|68/100\n|-damage|p1a: Gardevoir|49/100\n|-damage|p1a: Gardevoir|33/100\n|-damage|p1a: Gardevoir|17/100\n|-damage|p1a: Gardevoir|0 fnt\n|faint|p1a: Gardevoir\n|-hitcount|p1: Gardevoir|6\n|\n|upkeep\n|\n|t:|1783534036\n|switch|p1a: Gallade|Gallade, L80, M|100/100\n|turn|8\n|inactive|Time left: 300 sec this turn | 300 sec total\n|\n|t:|1783534037\n|move|p2a: Maushold|Population Bomb|p1a: Gallade\n|-damage|p1a: Gallade|82/100\n|-damage|p1a: Gallade|64/100\n|-damage|p1a: Gallade|46/100\n|-hitcount|p1a: Gallade|3\n|move|p1a: Gallade|Agility|p1a: Gallade\n|-boost|p1a: Gallade|spe|2\n|\n|upkeep\n|turn|9\n|inactive|Time left: 300 sec this turn | 300 sec total\n|\n|t:|1783534038\n|move|p1a: Gallade|Night Slash|p2a: Maushold\n|-supereffective|p2a: Maushold\n|-damage|p2a: Maushold|0 fnt\n|faint|p2a: Maushold\n|-damage|p1a: Gallade|36/100|[from] item: Life Orb\n|\n|upkeep\n|inactive|Time left: 300 sec this turn | 300 sec total | 5 sec grace\n|\n|t:|1783534039\n|switch|p2a: Pelipper|Pelipper, L86, M|243/243\n|-weather|RainDance|[from] ability: Drizzle|[of] p2a: Pelipper\n|turn|10\n|inactive|Time left: 300 sec this turn | 300 sec total\n|\n|t:|1783534040\n|move|p1a: Gallade|Psycho Cut|p2a: Pelipper\n|-damage|p2a: Pelipper|107/243\n|-damage|p1a: Gallade|26/100|[from] item: Life Orb\n|move|p2a: Pelipper|Surf|p1a: Gallade\n|-damage|p1a: Gallade|0 fnt\n|faint|p1a: Gallade\n|\n|-weather|RainDance|[upkeep]\n|upkeep\n|\n|t:|1783534041\n|switch|p1a: Chi-Yu|Chi-Yu, L77|100/100\n|-ability|p1a: Chi-Yu|Beads of Ruin\n|turn|11\n|inactive|Time left: 300 sec this turn | 300 sec total\n|\n|t:|1783534042\n|switch|p2a: Gogoat|Gogoat, L88, F|360/360\n|move|p1a: Chi-Yu|Dark Pulse|p2a: Gogoat\n|-damage|p2a: Gogoat|225/360\n|\n|-weather|RainDance|[upkeep]\n|-heal|p2a: Gogoat|247/360|[from] item: Leftovers\n|upkeep\n|turn|12\n|inactive|Time left: 300 sec this turn | 300 sec total\n|\n|t:|1783534043\n|move|p1a: Chi-Yu|Nasty Plot|p1a: Chi-Yu\n|-boost|p1a: Chi-Yu|spa|2\n|move|p2a: Gogoat|Rock Slide|p1a: Chi-Yu\n|-supereffective|p1a: Chi-Yu\n|-damage|p1a: Chi-Yu|32/100\n|\n|-weather|RainDance|[upkeep]\n|-heal|p2a: Gogoat|269/360|[from] item: Leftovers\n|upkeep\n|turn|13\n|inactive|Time left: 300 sec this turn | 300 sec total\n|\n|t:|1783534044\n|move|p1a: Chi-Yu|Fire Blast|p2a: Gogoat\n|-supereffective|p2a: Gogoat\n|-damage|p2a: Gogoat|0 fnt\n|faint|p2a: Gogoat\n|\n|-weather|RainDance|[upkeep]\n|upkeep\n|inactive|Time left: 300 sec this turn | 300 sec total | 5 sec grace\n|\n|t:|1783534045\n|switch|p2a: Noivern|Noivern, L82, F|274/274\n|turn|14\n|inactive|Time left: 300 sec this turn | 300 sec total\n|\n|t:|1783534046\n|move|p2a: Noivern|Hurricane|p1a: Chi-Yu\n|-damage|p1a: Chi-Yu|0 fnt\n|faint|p1a: Chi-Yu\n|\n|-weather|none\n|upkeep\n|\n|t:|1783534047\n|switch|p1a: Toxicroak|Toxicroak, L84, M|100/100\n|turn|15\n|inactive|Time left: 300 sec this turn | 300 sec total\n|\n|t:|1783534048\n|-terastallize|p1a: Toxicroak|Ground\n|move|p2a: Noivern|Hurricane|p1a: Toxicroak|[miss]\n|-miss|p2a: Noivern|p1a: Toxicroak\n|move|p1a: Toxicroak|Gunk Shot|p2a: Noivern\n|-damage|p2a: Noivern|82/274\n|-damage|p1a: Toxicroak|91/100|[from] item: Life Orb\n|\n|upkeep\n|turn|16\n|inactive|Time left: 300 sec this turn | 300 sec total\n|\n|t:|1783534049\n|move|p2a: Noivern|Flamethrower|p1a: Toxicroak\n|-crit|p1a: Toxicroak\n|-damage|p1a: Toxicroak|43/100\n|move|p1a: Toxicroak|Gunk Shot|p2a: Noivern\n|-damage|p2a: Noivern|0 fnt\n|faint|p2a: Noivern\n|-damage|p1a: Toxicroak|34/100|[from] item: Life Orb\n|\n|upkeep\n|inactive|Time left: 300 sec this turn | 300 sec total | 5 sec grace\n|\n|t:|1783534050\n|switch|p2a: Pelipper|Pelipper, L86, M|107/243\n|-weather|RainDance|[from] ability: Drizzle|[of] p2a: Pelipper\n|turn|17\n|inactive|Time left: 300 sec this turn | 300 sec total\n|\n|t:|1783534051\n|move|p1a: Toxicroak|Gunk Shot|p2a: Pelipper\n|-damage|p2a: Pelipper|0 fnt\n|faint|p2a: Pelipper\n|-damage|p1a: Toxicroak|24/100|[from] item: Life Orb\n|\n|-weather|RainDance|[upkeep]\n|-heal|p1a: Toxicroak|36/100|[from] ability: Dry Skin\n|upkeep\n|inactive|Time left: 300 sec this turn | 300 sec total | 5 sec grace\n|\n|t:|1783534052\n|switch|p2a: Lilligant|Lilligant-Hisui, L79, F|240/240\n|turn|18\n|inactive|Time left: 300 sec this turn | 300 sec total\n|\n|t:|1783534053\n|move|p2a: Lilligant|Leaf Blade|p1a: Toxicroak\n|-supereffective|p1a: Toxicroak\n|-damage|p1a: Toxicroak|0 fnt\n|faint|p1a: Toxicroak\n|-damage|p2a: Lilligant|216/240|[from] item: Life Orb\n|\n|win|p0y019277f", "uploadtime": 1783534053, "views": 0, "rating": 0, "private": 0, "password": null, "_winner": "p0y019277f", "_our_name": "p0y019277f"}