{"id": "battle-gen9randombattle-127", "formatid": "gen9randombattle", "format": "[Gen 9] Random Battle", "players": ["p0x127e09f", "p0y1271305"], "log": "|init|battle\n|title|p0x127e09f vs. p0y1271305\n|j|\u2606p0x127e09f\n|j|\u2606p0y1271305\n|t:|1783534755\n|gametype|singles\n|player|p1|p0x127e09f|170|\n|player|p2|p0y1271305|169|\n|gen|9\n|tier|[Gen 9] Random Battle\n|rule|Species Clause: Limit one of each Pok\u00e9mon\n|rule|HP Percentage Mod: HP is shown in percentages\n|rule|Sleep Clause Mod: Limit one foe put to sleep\n|rule|Illusion Level Mod: Illusion disguises the Pok\u00e9mon's true level\n|\n|t:|1783534755\n|teamsize|p1|6\n|teamsize|p2|6\n|start\n|switch|p1a: Medicham|Medicham, L86, F|243/243\n|switch|p2a: Zarude|Zarude, L77|100/100\n|turn|1\n|inactive|Battle timer is ON: inactive players will automatically lose when time's up. (requested by p0x127e09f)\n|inactive|p0y1271305 also wants the timer to be on.\n|\n|t:|1783534756\n|move|p1a: Medicham|Close Combat|p2a: Zarude\n|-supereffective|p2a: Zarude\n|-damage|p2a: Zarude|0 fnt\n|-unboost|p1a: Medicham|def|1\n|-unboost|p1a: Medicham|spd|1\n|faint|p2a: Zarude\n|\n|upkeep\n|\n|t:|1783534757\n|switch|p2a: Mismagius|Mismagius, L86, F|100/100\n|turn|2\n|inactive|Time left: 300 sec this turn | 300 sec total\n|\n|t:|1783534758\n|switch|p1a: Eelektross|Eelektross, L87, M|290/290\n|move|p2a: Mismagius|Shadow Ball|p1a: Eelektross\n|-damage|p1a: Eelektross|148/290\n|-unboost|p1a: Eelektross|spd|1\n|\n|-heal|p1a: Eelektross|166/290|[from] item: Leftovers\n|upkeep\n|turn|3\n|inactive|Time left: 300 sec this turn | 300 sec total\n|\n|t:|1783534760\n|move|p2a: Mismagius|Shadow Ball|p1a: Eelektross\n|-damage|p1a: Eelektross|0 fnt\n|faint|p1a: Eelektross\n|\n|upkeep\n|inactive|Time left: 300 sec this turn | 300 sec total | 5 sec grace\n|\n|t:|1783534761\n|switch|p1a: Mew|Mew, L82|298/298\n|turn|4\n|inactive|Time left: 300 sec this turn | 300 sec total\n|\n|t:|1783534762\n|move|p2a: Mismagius|Shadow Ball|p1a: Mew\n|-supereffective|p1a: Mew\n|-damage|p1a: Mew|52/298\n|move|p1a: Mew|Nasty Plot|p1a: Mew\n|-boost|p1a: Mew|spa|2\n|\n|upkeep\n|turn|5\n|inactive|Time left: 300 sec this turn | 300 sec total\n|\n|t:|1783534763\n|switch|p1a: Charizard|Charizard, L85, F|271/271\n|move|p2a: Mismagius|Shadow Ball|p1a: Charizard\n|-damage|p1a: Charizard|136/271\n|\n|upkeep\n|turn|6\n|inactive|Time left: 300 sec this turn | 300 sec total\n|\n|t:|1783534764\n|move|p2a: Mismagius|Shadow Ball|p1a: Charizard\n|-damage|p1a: Charizard|0 fnt\n|faint|p1a: Charizard\n|\n|upkeep\n|inactive|Time left: 300 sec this turn | 300 sec total | 5 sec grace\n|\n|t:|1783534765\n|switch|p1a: Lilligant|Lilligant-Hisui, L79, F|240/240\n|turn|7\n|inactive|Time left: 300 sec this turn | 300 sec total\n|\n|t:|1783534766\n|move|p2a: Mismagius|Shadow Ball|p1a: Lilligant\n|-damage|p1a: Lilligant|69/240\n|move|p1a: Lilligant|Victory Dance|p1a: Lilligant\n|-boost|p1a: Lilligant|atk|1\n|-boost|p1a: Lilligant|def|1\n|-boost|p1a: Lilligant|spe|1\n|\n|upkeep\n|turn|8\n|inactive|Time left: 300 sec this turn | 300 sec total\n|\n|t:|1783534767\n|move|p1a: Lilligant|Leaf Blade|p2a: Mismagius\n|-damage|p2a: Mismagius|0 fnt\n|faint|p2a: Mismagius\n|\n|upkeep\n|\n|t:|1783534768\n|switch|p2a: Lapras|Lapras, L87, F|100/100\n|turn|9\n|inactive|Time left: 300 sec this turn | 300 sec total\n|\n|t:|1783534769\n|switch|p2a: Tinkaton|Tinkaton, L82, F|100/100\n|-ability|p2a: Tinkaton|Mold Breaker\n|move|p1a: Lilligant|Leaf Blade|p2a: Tinkaton\n|-resisted|p2a: Tinkaton\n|-damage|p2a: Tinkaton|56/100\n|\n|-heal|p2a: Tinkaton|62/100|[from] item: Leftovers\n|upkeep\n|turn|10\n|inactive|Time left: 300 sec this turn | 300 sec total\n|\n|t:|1783534770\n|move|p1a: Lilligant|Close Combat|p2a: Tinkaton\n|-damage|p2a: Tinkaton|0 fnt\n|-unboost|p1a: Lilligant|def|1\n|-unboost|p1a: Lilligant|spd|1\n|faint|p2a: Tinkaton\n|\n|upkeep\n|\n|t:|1783534772\n|switch|p2a: Camerupt|Camerupt, L91, M|100/100\n|turn|11\n|inactive|Time left: 300 sec this turn | 300 sec total\n|\n|t:|1783534773\n|move|p1a: Lilligant|Close Combat|p2a: Camerupt\n|-damage|p2a: Camerupt|0 fnt\n|-unboost|p1a: Lilligant|def|1\n|-unboost|p1a: Lilligant|spd|1\n|faint|p2a: Camerupt\n|\n|upkeep\n|\n|t:|1783534774\n|switch|p2a: Lapras|Lapras, L87, F|100/100\n|turn|12\n|inactive|Time left: 300 sec this turn | 300 sec total\n|\n|t:|1783534775\n|move|p1a: Lilligant|Leaf Blade|p2a: Lapras\n|-supereffective|p2a: Lapras\n|-damage|p2a: Lapras|0 fnt\n|faint|p2a: Lapras\n|\n|upkeep\n|\n|t:|1783534775\n|switch|p2a: Cinccino|Cinccino, L83, M|100/100\n|turn|13\n|inactive|Time left: 300 sec this turn | 300 sec total\n|\n|t:|1783534776\n|-terastallize|p2a: Cinccino|Grass\n|move|p1a: Lilligant|Close Combat|p2a: Cinccino|[miss]\n|-miss|p1a: Lilligant|p2a: Cinccino\n|move|p2a: Cinccino|Tail Slap|p1a: Lilligant\n|-damage|p1a: Lilligant|2/240\n|-damage|p1a: Lilligant|0 fnt\n|faint|p1a: Lilligant\n|-hitcount|p1: Lilligant|2\n|\n|upkeep\n|inactive|Time left: 300 sec this turn | 300 sec total | 5 sec grace\n|\n|t:|1783534777\n|switch|p1a: Medicham|Medicham, L86, F|243/243\n|turn|14\n|inactive|Time left: 300 sec this turn | 300 sec total\n|\n|t:|1783534778\n|-terastallize|p1a: Medicham|Fighting\n|move|p1a: Medicham|Close Combat|p2a: Cinccino\n|-damage|p2a: Cinccino|0 fnt\n|-unboost|p1a: Medicham|def|1\n|-unboost|p1a: Medicham|spd|1\n|faint|p2a: Cinccino\n|\n|win|p0x127e09f", "uploadtime": 1783534778, "views": 0, "rating": 0, "private": 0, "password": null, "_winner": "p0x127e09f", "_our_name": "p0x127e09f"}