{"id": "battle-gen9randombattle-1684", "formatid": "gen9randombattle", "format": "[Gen 9] Random Battle", "players": ["p0x1684249e", "p0y1684bca1"], "log": "|init|battle\n|title|p0x1684249e vs. p0y1684bca1\n|j|\u2606p0x1684249e\n|j|\u2606p0y1684bca1\n|t:|1783559513\n|gametype|singles\n|player|p1|p0x1684249e|169|\n|player|p2|p0y1684bca1|102|\n|gen|9\n|tier|[Gen 9] Random Battle\n|rule|Species Clause: Limit one of each Pok\u00e9mon\n|rule|HP Percentage Mod: HP is shown in percentages\n|rule|Sleep Clause Mod: Limit one foe put to sleep\n|rule|Illusion Level Mod: Illusion disguises the Pok\u00e9mon's true level\n|\n|t:|1783559513\n|teamsize|p1|6\n|teamsize|p2|6\n|start\n|switch|p1a: Florges|Florges-Yellow, L85, F|100/100\n|switch|p2a: Rhyperior|Rhyperior, L82, F|323/323\n|turn|1\n|inactive|Battle timer is ON: inactive players will automatically lose when time's up. (requested by p0x1684249e)\n|inactive|Time left: 300 sec this turn | 300 sec total | 60 sec grace\n|\n|t:|1783559515\n|move|p1a: Florges|Moonblast|p2a: Rhyperior\n|-damage|p2a: Rhyperior|158/323\n|move|p2a: Rhyperior|Earthquake|p1a: Florges\n|-damage|p1a: Florges|43/100\n|\n|-heal|p1a: Florges|48/100|[from] item: Leftovers\n|upkeep\n|turn|2\n|inactive|Time left: 300 sec this turn | 300 sec total\n|inactive|p0y1684bca1 also wants the timer to be on.\n|\n|t:|1783559516\n|switch|p2a: Empoleon|Empoleon, L84, M|278/278\n|move|p1a: Florges|Moonblast|p2a: Empoleon\n|-resisted|p2a: Empoleon\n|-damage|p2a: Empoleon|230/278\n|-unboost|p2a: Empoleon|spa|1\n|-ability|p2a: Empoleon|Competitive|boost\n|-boost|p2a: Empoleon|spa|2\n|\n|-heal|p1a: Florges|54/100|[from] item: Leftovers\n|-heal|p2a: Empoleon|247/278|[from] item: Leftovers\n|upkeep\n|turn|3\n|inactive|Time left: 300 sec this turn | 300 sec total\n|\n|t:|1783559517\n|move|p1a: Florges|Calm Mind|p1a: Florges\n|-boost|p1a: Florges|spa|1\n|-boost|p1a: Florges|spd|1\n|move|p2a: Empoleon|Surf|p1a: Florges\n|-damage|p1a: Florges|30/100\n|\n|-heal|p1a: Florges|36/100|[from] item: Leftovers\n|-heal|p2a: Empoleon|264/278|[from] item: Leftovers\n|upkeep\n|turn|4\n|inactive|Time left: 300 sec this turn | 300 sec total\n|\n|t:|1783559518\n|move|p1a: Florges|Calm Mind|p1a: Florges\n|-boost|p1a: Florges|spa|1\n|-boost|p1a: Florges|spd|1\n|move|p2a: Empoleon|Roar|p1a: Florges\n|drag|p1a: Basculegion|Basculegion, L80, M|100/100\n|\n|-heal|p2a: Empoleon|278/278|[from] item: Leftovers\n|upkeep\n|turn|5\n|inactive|Time left: 300 sec this turn | 300 sec total\n|\n|t:|1783559519\n|move|p1a: Basculegion|Wave Crash|p2a: Empoleon\n|-resisted|p2a: Empoleon\n|-damage|p2a: Empoleon|195/278\n|-damage|p1a: Basculegion|92/100|[from] Recoil\n|move|p2a: Empoleon|Surf|p1a: Basculegion\n|-resisted|p1a: Basculegion\n|-damage|p1a: Basculegion|74/100\n|\n|-heal|p2a: Empoleon|212/278|[from] item: Leftovers\n|upkeep\n|turn|6\n|inactive|Time left: 300 sec this turn | 300 sec total\n|\n|t:|1783559521\n|move|p1a: Basculegion|Wave Crash|p2a: Empoleon\n|-resisted|p2a: Empoleon\n|-damage|p2a: Empoleon|121/278\n|-damage|p1a: Basculegion|65/100|[from] Recoil\n|move|p2a: Empoleon|Surf|p1a: Basculegion\n|-resisted|p1a: Basculegion\n|-damage|p1a: Basculegion|47/100\n|\n|-heal|p2a: Empoleon|138/278|[from] item: Leftovers\n|upkeep\n|turn|7\n|inactive|Time left: 300 sec this turn | 300 sec total\n|\n|t:|1783559522\n|move|p1a: Basculegion|Shadow Ball|p2a: Empoleon\n|-damage|p2a: Empoleon|54/278\n|move|p2a: Empoleon|Roost|p2a: Empoleon\n|-heal|p2a: Empoleon|193/278\n|-singleturn|p2a: Empoleon|move: Roost\n|\n|-heal|p2a: Empoleon|210/278|[from] item: Leftovers\n|upkeep\n|turn|8\n|inactive|Time left: 300 sec this turn | 300 sec total\n|\n|t:|1783559523\n|move|p1a: Basculegion|Flip Turn|p2a: Empoleon\n|-resisted|p2a: Empoleon\n|-damage|p2a: Empoleon|162/278\n|\n|t:|1783559524\n|switch|p1a: Gogoat|Gogoat, L88, M|100/100|[from] Flip Turn\n|move|p2a: Empoleon|Surf|p1a: Gogoat\n|-resisted|p1a: Gogoat\n|-damage|p1a: Gogoat|80/100\n|\n|-heal|p1a: Gogoat|86/100|[from] item: Leftovers\n|-heal|p2a: Empoleon|179/278|[from] item: Leftovers\n|upkeep\n|turn|9\n|inactive|Time left: 300 sec this turn | 300 sec total\n|\n|t:|1783559525\n|move|p1a: Gogoat|Earthquake|p2a: Empoleon\n|-supereffective|p2a: Empoleon\n|-damage|p2a: Empoleon|11/278\n|move|p2a: Empoleon|Ice Beam|p1a: Gogoat\n|-supereffective|p1a: Gogoat\n|-damage|p1a: Gogoat|29/100\n|\n|-heal|p1a: Gogoat|35/100|[from] item: Leftovers\n|-heal|p2a: Empoleon|28/278|[from] item: Leftovers\n|upkeep\n|turn|10\n|inactive|Time left: 300 sec this turn | 300 sec total\n|\n|t:|1783559526\n|switch|p2a: Delibird|Delibird, M|252/252\n|move|p1a: Gogoat|Horn Leech|p2a: Delibird\n|-resisted|p2a: Delibird\n|-damage|p2a: Delibird|187/252\n|-heal|p1a: Gogoat|44/100|[from] drain|[of] p2a: Delibird\n|\n|-heal|p1a: Gogoat|50/100|[from] item: Leftovers\n|upkeep\n|turn|11\n|inactive|Time left: 300 sec this turn | 300 sec total\n|\n|t:|1783559528\n|move|p2a: Delibird|Brave Bird|p1a: Gogoat|[miss]\n|-miss|p2a: Delibird|p1a: Gogoat\n|move|p1a: Gogoat|Horn Leech|p2a: Delibird\n|-resisted|p2a: Delibird\n|-damage|p2a: Delibird|133/252\n|-heal|p1a: Gogoat|57/100|[from] drain|[of] p2a: Delibird\n|\n|-heal|p1a: Gogoat|64/100|[from] item: Leftovers\n|upkeep\n|turn|12\n|inactive|Time left: 300 sec this turn | 300 sec total\n|\n|t:|1783559529\n|move|p2a: Delibird|Ice Spinner|p1a: Gogoat|[miss]\n|-miss|p2a: Delibird|p1a: Gogoat\n|move|p1a: Gogoat|Horn Leech|p2a: Delibird\n|-resisted|p2a: Delibird\n|-damage|p2a: Delibird|73/252\n|-heal|p1a: Gogoat|72/100|[from] drain|[of] p2a: Delibird\n|\n|-heal|p1a: Gogoat|78/100|[from] item: Leftovers\n|upkeep\n|turn|13\n|inactive|Time left: 300 sec this turn | 300 sec total\n|\n|t:|1783559530\n|switch|p1a: Veluza|Veluza, L85, M|100/100\n|move|p2a: Delibird|Ice Spinner|p1a: Veluza\n|-resisted|p1a: Veluza\n|-damage|p1a: Veluza|76/100\n|\n|upkeep\n|turn|14\n|inactive|Time left: 300 sec this turn | 300 sec total\n|\n|t:|1783559530\n|move|p2a: Delibird|Brave Bird|p1a: Veluza\n|-damage|p1a: Veluza|4/100\n|-damage|p2a: Delibird|3/252|[from] Recoil\n|move|p1a: Veluza|Aqua Cutter|p2a: Delibird\n|-damage|p2a: Delibird|0 fnt\n|faint|p2a: Delibird\n|\n|upkeep\n|inactive|Time left: 300 sec this turn | 300 sec total | 5 sec grace\n|\n|t:|1783559531\n|switch|p2a: Baxcalibur|Baxcalibur, L75, M|296/296\n|turn|15\n|inactive|Time left: 300 sec this turn | 300 sec total\n|\n|t:|1783559532\n|move|p2a: Baxcalibur|Dragon Dance|p2a: Baxcalibur\n|-boost|p2a: Baxcalibur|atk|1\n|-boost|p2a: Baxcalibur|spe|1\n|move|p1a: Veluza|Aqua Cutter|p2a: Baxcalibur\n|-resisted|p2a: Baxcalibur\n|-damage|p2a: Baxcalibur|203/296\n|\n|upkeep\n|turn|16\n|inactive|Time left: 300 sec this turn | 300 sec total\n|\n|t:|1783559533\n|move|p2a: Baxcalibur|Icicle Crash|p1a: Veluza\n|-resisted|p1a: Veluza\n|-damage|p1a: Veluza|0 fnt\n|faint|p1a: Veluza\n|\n|upkeep\n|\n|t:|1783559534\n|switch|p1a: Iron Thorns|Iron Thorns, L83|100/100\n|-item|p1a: Iron Thorns|Air Balloon\n|turn|17\n|inactive|Time left: 300 sec this turn | 300 sec total\n|\n|t:|1783559535\n|-terastallize|p2a: Baxcalibur|Dragon\n|move|p2a: Baxcalibur|Glaive Rush|p1a: Iron Thorns\n|-damage|p1a: Iron Thorns|17/100\n|-singlemove|p2a: Baxcalibur|Glaive Rush|[silent]\n|-enditem|p1a: Iron Thorns|Air Balloon\n|move|p1a: Iron Thorns|Stone Edge|p2a: Baxcalibur\n|-damage|p2a: Baxcalibur|0 fnt\n|faint|p2a: Baxcalibur\n|\n|upkeep\n|inactive|Time left: 300 sec this turn | 300 sec total | 5 sec grace\n|\n|t:|1783559536\n|switch|p2a: Rhyperior|Rhyperior, L82, F|158/323\n|turn|18\n|inactive|Time left: 300 sec this turn | 300 sec total\n|\n|t:|1783559537\n|move|p1a: Iron Thorns|Stealth Rock|p2a: Rhyperior\n|-sidestart|p2: p0y1684bca1|move: Stealth Rock\n|move|p2a: Rhyperior|Rock Polish|p2a: Rhyperior\n|-boost|p2a: Rhyperior|spe|2\n|\n|upkeep\n|turn|19\n|inactive|Time left: 300 sec this turn | 300 sec total\n|\n|t:|1783559538\n|move|p2a: Rhyperior|Stone Edge|p1a: Iron Thorns\n|-damage|p1a: Iron Thorns|0 fnt\n|faint|p1a: Iron Thorns\n|-end|p1a: Iron Thorns|Quark Drive|[silent]\n|\n|upkeep\n|\n|t:|1783559539\n|switch|p1a: Gogoat|Gogoat, L88, M|78/100\n|turn|20\n|inactive|Time left: 300 sec this turn | 300 sec total\n|\n|t:|1783559539\n|move|p2a: Rhyperior|Megahorn|p1a: Gogoat\n|-supereffective|p1a: Gogoat\n|-damage|p1a: Gogoat|7/100\n|move|p1a: Gogoat|Horn Leech|p2a: Rhyperior\n|-supereffective|p2a: Rhyperior\n|-damage|p2a: Rhyperior|0 fnt\n|-heal|p1a: Gogoat|29/100|[from] drain|[of] p2a: Rhyperior\n|faint|p2a: Rhyperior\n|\n|-heal|p1a: Gogoat|35/100|[from] item: Leftovers\n|upkeep\n|inactive|Time left: 300 sec this turn | 300 sec total | 5 sec grace\n|\n|t:|1783559540\n|switch|p2a: Passimian|Passimian, L83, M|302/302\n|-damage|p2a: Passimian|284/302|[from] Stealth Rock\n|turn|21\n|inactive|Time left: 300 sec this turn | 300 sec total\n|\n|t:|1783559541\n|move|p2a: Passimian|Close Combat|p1a: Gogoat\n|-damage|p1a: Gogoat|0 fnt\n|-unboost|p2a: Passimian|def|1\n|-unboost|p2a: Passimian|spd|1\n|faint|p1a: Gogoat\n|\n|upkeep\n|\n|t:|1783559541\n|switch|p1a: Latias|Latias, L79, F|100/100\n|turn|22\n|inactive|Time left: 300 sec this turn | 300 sec total\n|\n|t:|1783559542\n|switch|p2a: Empoleon|Empoleon, L84, M|28/278\n|-damage|p2a: Empoleon|11/278|[from] Stealth Rock\n|move|p1a: Latias|Calm Mind|p1a: Latias\n|-boost|p1a: Latias|spa|1\n|-boost|p1a: Latias|spd|1\n|\n|-heal|p2a: Empoleon|28/278|[from] item: Leftovers\n|upkeep\n|turn|23\n|inactive|Time left: 300 sec this turn | 300 sec total\n|\n|t:|1783559543\n|move|p1a: Latias|Psyshock|p2a: Empoleon\n|-resisted|p2a: Empoleon\n|-damage|p2a: Empoleon|0 fnt\n|faint|p2a: Empoleon\n|\n|upkeep\n|inactive|Time left: 300 sec this turn | 300 sec total | 5 sec grace\n|\n|t:|1783559544\n|switch|p2a: Passimian|Passimian, L83, M|284/302\n|-damage|p2a: Passimian|266/302|[from] Stealth Rock\n|turn|24\n|inactive|Time left: 300 sec this turn | 300 sec total\n|\n|t:|1783559544\n|move|p2a: Passimian|Knock Off|p1a: Latias\n|-supereffective|p1a: Latias\n|-damage|p1a: Latias|32/100\n|-enditem|p1a: Latias|Soul Dew|[from] move: Knock Off|[of] p2a: Passimian\n|move|p1a: Latias|Psyshock|p2a: Passimian\n|-supereffective|p2a: Passimian\n|-damage|p2a: Passimian|20/302\n|\n|upkeep\n|turn|25\n|inactive|Time left: 300 sec this turn | 300 sec total\n|\n|t:|1783559545\n|-terastallize|p1a: Latias|Steel\n|move|p2a: Passimian|Knock Off|p1a: Latias\n|-damage|p1a: Latias|9/100\n|move|p1a: Latias|Psyshock|p2a: Passimian\n|-supereffective|p2a: Passimian\n|-damage|p2a: Passimian|0 fnt\n|faint|p2a: Passimian\n|\n|upkeep\n|inactive|Time left: 300 sec this turn | 300 sec total | 5 sec grace\n|\n|t:|1783559546\n|switch|p2a: Raikou|Raikou, L81|278/278\n|-ability|p2a: Raikou|Pressure\n|turn|26\n|inactive|Time left: 300 sec this turn | 300 sec total\n|\n|t:|1783559547\n|move|p2a: Raikou|Thunderbolt|p1a: Latias\n|-crit|p1a: Latias\n|-damage|p1a: Latias|0 fnt\n|faint|p1a: Latias\n|\n|upkeep\n|\n|t:|1783559548\n|switch|p1a: Florges|Florges-Yellow, L85, F|36/100\n|turn|27\n|inactive|Time left: 300 sec this turn | 300 sec total\n|\n|t:|1783559549\n|move|p2a: Raikou|Calm Mind|p2a: Raikou\n|-boost|p2a: Raikou|spa|1\n|-boost|p2a: Raikou|spd|1\n|move|p1a: Florges|Calm Mind|p1a: Florges\n|-boost|p1a: Florges|spa|1\n|-boost|p1a: Florges|spd|1\n|\n|-heal|p1a: Florges|42/100|[from] item: Leftovers\n|upkeep\n|turn|28\n|inactive|Time left: 300 sec this turn | 300 sec total\n|\n|t:|1783559550\n|move|p2a: Raikou|Thunderbolt|p1a: Florges\n|-damage|p1a: Florges|17/100\n|move|p1a: Florges|Calm Mind|p1a: Florges\n|-boost|p1a: Florges|spa|1\n|-boost|p1a: Florges|spd|1\n|\n|-heal|p1a: Florges|23/100|[from] item: Leftovers\n|upkeep\n|turn|29\n|inactive|Time left: 300 sec this turn | 300 sec total\n|\n|t:|1783559551\n|move|p2a: Raikou|Calm Mind|p2a: Raikou\n|-boost|p2a: Raikou|spa|1\n|-boost|p2a: Raikou|spd|1\n|move|p1a: Florges|Moonblast|p2a: Raikou\n|-damage|p2a: Raikou|172/278\n|\n|-heal|p1a: Florges|29/100|[from] item: Leftovers\n|upkeep\n|turn|30\n|inactive|Time left: 300 sec this turn | 300 sec total\n|\n|t:|1783559552\n|move|p2a: Raikou|Calm Mind|p2a: Raikou\n|-boost|p2a: Raikou|spa|1\n|-boost|p2a: Raikou|spd|1\n|move|p1a: Florges|Moonblast|p2a: Raikou\n|-damage|p2a: Raikou|91/278\n|-unboost|p2a: Raikou|spa|1\n|\n|-heal|p1a: Florges|35/100|[from] item: Leftovers\n|upkeep\n|turn|31\n|inactive|Time left: 300 sec this turn | 300 sec total\n|\n|t:|1783559553\n|move|p2a: Raikou|Thunderbolt|p1a: Florges\n|-damage|p1a: Florges|9/100\n|-status|p1a: Florges|par\n|move|p1a: Florges|Moonblast|p2a: Raikou\n|-damage|p2a: Raikou|4/278\n|-unboost|p2a: Raikou|spa|1\n|\n|-heal|p1a: Florges|15/100 par|[from] item: Leftovers\n|upkeep\n|turn|32\n|inactive|Time left: 300 sec this turn | 300 sec total\n|\n|t:|1783559554\n|move|p2a: Raikou|Calm Mind|p2a: Raikou\n|-boost|p2a: Raikou|spa|1\n|-boost|p2a: Raikou|spd|1\n|cant|p1a: Florges|par\n|\n|-heal|p1a: Florges|21/100 par|[from] item: Leftovers\n|upkeep\n|turn|33\n|inactive|Time left: 300 sec this turn | 300 sec total\n|\n|t:|1783559555\n|move|p2a: Raikou|Volt Switch|p1a: Florges\n|-damage|p1a: Florges|4/100 par\n|move|p1a: Florges|Moonblast|p2a: Raikou\n|-damage|p2a: Raikou|0 fnt\n|faint|p2a: Raikou\n|\n|win|p0x1684249e", "uploadtime": 1783559555, "views": 0, "rating": 0, "private": 0, "password": null, "_winner": "p0x1684249e", "_our_name": "p0y1684bca1"}