{"id": "battle-gen9randombattle-336", "formatid": "gen9randombattle", "format": "[Gen 9] Random Battle", "players": ["p0x3365270", "p0y3369d51"], "log": "|init|battle\n|title|p0x3365270 vs. p0y3369d51\n|j|\u2606p0x3365270\n|j|\u2606p0y3369d51\n|t:|1783543546\n|gametype|singles\n|player|p1|p0x3365270|101|\n|player|p2|p0y3369d51|102|\n|gen|9\n|tier|[Gen 9] Random Battle\n|rule|Species Clause: Limit one of each Pok\u00e9mon\n|rule|HP Percentage Mod: HP is shown in percentages\n|rule|Sleep Clause Mod: Limit one foe put to sleep\n|rule|Illusion Level Mod: Illusion disguises the Pok\u00e9mon's true level\n|\n|t:|1783543546\n|teamsize|p1|6\n|teamsize|p2|6\n|start\n|switch|p1a: Cresselia|Cresselia, L80, F|100/100\n|switch|p2a: Falinks|Falinks, L84|246/246\n|turn|1\n|inactive|Battle timer is ON: inactive players will automatically lose when time's up. (requested by p0y3369d51)\n|inactive|p0x3365270 also wants the timer to be on.\n|\n|t:|1783543547\n|-terastallize|p2a: Falinks|Dark\n|move|p1a: Cresselia|Calm Mind|p1a: Cresselia\n|-boost|p1a: Cresselia|spa|1\n|-boost|p1a: Cresselia|spd|1\n|move|p2a: Falinks|No Retreat|p2a: Falinks\n|-boost|p2a: Falinks|atk|1\n|-boost|p2a: Falinks|def|1\n|-boost|p2a: Falinks|spa|1\n|-boost|p2a: Falinks|spd|1\n|-boost|p2a: Falinks|spe|1\n|-start|p2a: Falinks|move: No Retreat\n|\n|upkeep\n|turn|2\n|inactive|Time left: 300 sec this turn | 300 sec total\n|\n|t:|1783543548\n|-terastallize|p1a: Cresselia|Poison\n|move|p2a: Falinks|Knock Off|p1a: Cresselia\n|-damage|p1a: Cresselia|45/100\n|-enditem|p1a: Cresselia|Leftovers|[from] move: Knock Off|[of] p2a: Falinks\n|-damage|p2a: Falinks|222/246|[from] item: Life Orb\n|move|p1a: Cresselia|Moonlight|p1a: Cresselia\n|-heal|p1a: Cresselia|95/100\n|\n|upkeep\n|turn|3\n|inactive|Time left: 300 sec this turn | 300 sec total\n|\n|t:|1783543549\n|move|p2a: Falinks|Iron Head|p1a: Cresselia\n|-damage|p1a: Cresselia|64/100\n|-damage|p2a: Falinks|198/246|[from] item: Life Orb\n|move|p1a: Cresselia|Moonlight|p1a: Cresselia\n|-heal|p1a: Cresselia|100/100\n|\n|upkeep\n|turn|4\n|inactive|Time left: 300 sec this turn | 300 sec total\n|\n|t:|1783543550\n|move|p2a: Falinks|Knock Off|p1a: Cresselia\n|-damage|p1a: Cresselia|63/100\n|-damage|p2a: Falinks|174/246|[from] item: Life Orb\n|move|p1a: Cresselia|Thunderbolt|p2a: Falinks\n|-damage|p2a: Falinks|109/246\n|-status|p2a: Falinks|par\n|\n|upkeep\n|turn|5\n|inactive|Time left: 300 sec this turn | 300 sec total\n|\n|t:|1783543551\n|move|p1a: Cresselia|Thunderbolt|p2a: Falinks\n|-damage|p2a: Falinks|50/246 par\n|cant|p2a: Falinks|par\n|\n|upkeep\n|turn|6\n|inactive|Time left: 300 sec this turn | 300 sec total\n|\n|t:|1783543552\n|move|p1a: Cresselia|Thunderbolt|p2a: Falinks\n|-damage|p2a: Falinks|0 fnt\n|faint|p2a: Falinks\n|\n|upkeep\n|inactive|Time left: 300 sec this turn | 300 sec total | 5 sec grace\n|\n|t:|1783543553\n|switch|p2a: Ting-Lu|Ting-Lu, L78|370/370\n|-ability|p2a: Ting-Lu|Vessel of Ruin\n|turn|7\n|inactive|Time left: 300 sec this turn | 300 sec total\n|\n|t:|1783543554\n|move|p1a: Cresselia|Moonlight|p1a: Cresselia\n|-heal|p1a: Cresselia|100/100\n|move|p2a: Ting-Lu|Stealth Rock|p1a: Cresselia\n|-sidestart|p1: p0x3365270|move: Stealth Rock\n|\n|upkeep\n|turn|8\n|inactive|Time left: 300 sec this turn | 300 sec total\n|\n|t:|1783543555\n|move|p1a: Cresselia|Calm Mind|p1a: Cresselia\n|-boost|p1a: Cresselia|spa|1\n|-boost|p1a: Cresselia|spd|1\n|move|p2a: Ting-Lu|Spikes|p1a: Cresselia\n|-sidestart|p1: p0x3365270|Spikes\n|\n|upkeep\n|turn|9\n|inactive|Time left: 300 sec this turn | 300 sec total\n|\n|t:|1783543556\n|move|p1a: Cresselia|Calm Mind|p1a: Cresselia\n|-boost|p1a: Cresselia|spa|1\n|-boost|p1a: Cresselia|spd|1\n|move|p2a: Ting-Lu|Spikes|p1a: Cresselia\n|-sidestart|p1: p0x3365270|Spikes\n|\n|upkeep\n|turn|10\n|inactive|Time left: 300 sec this turn | 300 sec total\n|\n|t:|1783543558\n|move|p1a: Cresselia|Calm Mind|p1a: Cresselia\n|-boost|p1a: Cresselia|spa|1\n|-boost|p1a: Cresselia|spd|1\n|move|p2a: Ting-Lu|Spikes|p1a: Cresselia\n|-sidestart|p1: p0x3365270|Spikes\n|\n|upkeep\n|turn|11\n|inactive|Time left: 300 sec this turn | 300 sec total\n|\n|t:|1783543559\n|move|p1a: Cresselia|Thunderbolt|p2a: Ting-Lu\n|-immune|p2a: Ting-Lu\n|move|p2a: Ting-Lu|Throat Chop|p1a: Cresselia\n|-damage|p1a: Cresselia|77/100\n|-start|p1a: Cresselia|Throat Chop|[silent]\n|\n|upkeep\n|turn|12\n|inactive|Time left: 300 sec this turn | 300 sec total\n|\n|t:|1783543560\n|move|p1a: Cresselia|Moonlight|p1a: Cresselia\n|-heal|p1a: Cresselia|100/100\n|move|p2a: Ting-Lu|Throat Chop|p1a: Cresselia\n|-crit|p1a: Cresselia\n|-damage|p1a: Cresselia|70/100\n|\n|-end|p1a: Cresselia|Throat Chop|[silent]\n|upkeep\n|turn|13\n|inactive|Time left: 300 sec this turn | 300 sec total\n|\n|t:|1783543561\n|move|p1a: Cresselia|Moonlight|p1a: Cresselia\n|-heal|p1a: Cresselia|100/100\n|move|p2a: Ting-Lu|Throat Chop|p1a: Cresselia\n|-damage|p1a: Cresselia|79/100\n|-start|p1a: Cresselia|Throat Chop|[silent]\n|\n|upkeep\n|turn|14\n|inactive|Time left: 300 sec this turn | 300 sec total\n|\n|t:|1783543562\n|move|p1a: Cresselia|Moonlight|p1a: Cresselia\n|-heal|p1a: Cresselia|100/100\n|move|p2a: Ting-Lu|Throat Chop|p1a: Cresselia\n|-damage|p1a: Cresselia|80/100\n|\n|-end|p1a: Cresselia|Throat Chop|[silent]\n|upkeep\n|turn|15\n|inactive|Time left: 300 sec this turn | 300 sec total\n|\n|t:|1783543563\n|move|p1a: Cresselia|Thunderbolt|p2a: Ting-Lu\n|-immune|p2a: Ting-Lu\n|move|p2a: Ting-Lu|Throat Chop|p1a: Cresselia\n|-damage|p1a: Cresselia|56/100\n|-start|p1a: Cresselia|Throat Chop|[silent]\n|\n|upkeep\n|turn|16\n|inactive|Time left: 300 sec this turn | 300 sec total\n|\n|t:|1783543564\n|move|p1a: Cresselia|Moonlight|p1a: Cresselia\n|-heal|p1a: Cresselia|100/100\n|move|p2a: Ting-Lu|Throat Chop|p1a: Cresselia\n|-damage|p1a: Cresselia|78/100\n|\n|-end|p1a: Cresselia|Throat Chop|[silent]\n|upkeep\n|turn|17\n|inactive|Time left: 300 sec this turn | 300 sec total\n|\n|t:|1783543566\n|move|p1a: Cresselia|Psyshock|p2a: Ting-Lu\n|-immune|p2a: Ting-Lu\n|move|p2a: Ting-Lu|Throat Chop|p1a: Cresselia\n|-damage|p1a: Cresselia|55/100\n|-start|p1a: Cresselia|Throat Chop|[silent]\n|\n|upkeep\n|turn|18\n|inactive|Time left: 300 sec this turn | 300 sec total\n|\n|t:|1783543567\n|move|p1a: Cresselia|Moonlight|p1a: Cresselia\n|-heal|p1a: Cresselia|100/100\n|move|p2a: Ting-Lu|Throat Chop|p1a: Cresselia\n|-damage|p1a: Cresselia|78/100\n|\n|-end|p1a: Cresselia|Throat Chop|[silent]\n|upkeep\n|turn|19\n|inactive|Time left: 300 sec this turn | 300 sec total\n|\n|t:|1783543568\n|move|p1a: Cresselia|Calm Mind|p1a: Cresselia\n|-boost|p1a: Cresselia|spa|1\n|-boost|p1a: Cresselia|spd|1\n|move|p2a: Ting-Lu|Throat Chop|p1a: Cresselia\n|-damage|p1a: Cresselia|56/100\n|-start|p1a: Cresselia|Throat Chop|[silent]\n|\n|upkeep\n|turn|20\n|inactive|Time left: 300 sec this turn | 300 sec total\n|\n|t:|1783543569\n|move|p1a: Cresselia|Calm Mind|p1a: Cresselia\n|-boost|p1a: Cresselia|spa|1\n|-boost|p1a: Cresselia|spd|1\n|move|p2a: Ting-Lu|Throat Chop|p1a: Cresselia\n|-damage|p1a: Cresselia|33/100\n|\n|-end|p1a: Cresselia|Throat Chop|[silent]\n|upkeep\n|turn|21\n|inactive|Time left: 300 sec this turn | 300 sec total\n|\n|t:|1783543570\n|move|p1a: Cresselia|Psyshock|p2a: Ting-Lu\n|-immune|p2a: Ting-Lu\n|move|p2a: Ting-Lu|Throat Chop|p1a: Cresselia\n|-damage|p1a: Cresselia|10/100\n|-start|p1a: Cresselia|Throat Chop|[silent]\n|\n|upkeep\n|turn|22\n|inactive|Time left: 300 sec this turn | 300 sec total\n|\n|t:|1783543571\n|move|p1a: Cresselia|Psyshock|p2a: Ting-Lu\n|-immune|p2a: Ting-Lu\n|move|p2a: Ting-Lu|Throat Chop|p1a: Cresselia\n|-damage|p1a: Cresselia|0 fnt\n|faint|p1a: Cresselia\n|\n|upkeep\n|\n|t:|1783543573\n|switch|p1a: Sinistcha|Sinistcha, L83|100/100\n|-damage|p1a: Sinistcha|88/100|[from] Stealth Rock\n|-damage|p1a: Sinistcha|63/100|[from] Spikes\n|turn|23\n|inactive|Time left: 300 sec this turn | 300 sec total\n|\n|t:|1783543574\n|move|p1a: Sinistcha|Strength Sap|p2a: Ting-Lu\n|-unboost|p2a: Ting-Lu|atk|1\n|-heal|p1a: Sinistcha|100/100\n|move|p2a: Ting-Lu|Throat Chop|p1a: Sinistcha\n|-supereffective|p1a: Sinistcha\n|-damage|p1a: Sinistcha|64/100\n|-start|p1a: Sinistcha|Throat Chop|[silent]\n|\n|-heal|p1a: Sinistcha|70/100|[from] item: Leftovers\n|upkeep\n|turn|24\n|inactive|Time left: 300 sec this turn | 300 sec total\n|\n|t:|1783543575\n|switch|p2a: Meganium|Meganium, L90, F|290/290\n|move|p1a: Sinistcha|Calm Mind|p1a: Sinistcha\n|-boost|p1a: Sinistcha|spa|1\n|-boost|p1a: Sinistcha|spd|1\n|\n|-heal|p1a: Sinistcha|76/100|[from] item: Leftovers\n|-end|p1a: Sinistcha|Throat Chop|[silent]\n|upkeep\n|turn|25\n|inactive|Time left: 300 sec this turn | 300 sec total\n|\n|t:|1783543576\n|move|p2a: Meganium|Swords Dance|p2a: Meganium\n|-boost|p2a: Meganium|atk|2\n|move|p1a: Sinistcha|Strength Sap|p2a: Meganium\n|-unboost|p2a: Meganium|atk|1\n|-heal|p1a: Sinistcha|100/100\n|\n|upkeep\n|turn|26\n|inactive|Time left: 300 sec this turn | 300 sec total\n|\n|t:|1783543577\n|move|p2a: Meganium|Swords Dance|p2a: Meganium\n|-boost|p2a: Meganium|atk|2\n|move|p1a: Sinistcha|Strength Sap|p2a: Meganium\n|-unboost|p2a: Meganium|atk|1\n|\n|upkeep\n|turn|27\n|inactive|Time left: 300 sec this turn | 300 sec total\n|\n|t:|1783543578\n|move|p2a: Meganium|Knock Off|p1a: Sinistcha\n|-supereffective|p1a: Sinistcha\n|-damage|p1a: Sinistcha|9/100\n|-enditem|p1a: Sinistcha|Leftovers|[from] move: Knock Off|[of] p2a: Meganium\n|move|p1a: Sinistcha|Strength Sap|p2a: Meganium\n|-unboost|p2a: Meganium|atk|1\n|-heal|p1a: Sinistcha|100/100\n|\n|upkeep\n|turn|28\n|inactive|Time left: 300 sec this turn | 300 sec total\n|\n|t:|1783543579\n|move|p2a: Meganium|Swords Dance|p2a: Meganium\n|-boost|p2a: Meganium|atk|2\n|move|p1a: Sinistcha|Shadow Ball|p2a: Meganium\n|-damage|p2a: Meganium|157/290\n|\n|-heal|p2a: Meganium|175/290|[from] item: Leftovers\n|upkeep\n|turn|29\n|inactive|Time left: 300 sec this turn | 300 sec total\n|\n|t:|1783543581\n|move|p2a: Meganium|Swords Dance|p2a: Meganium\n|-boost|p2a: Meganium|atk|2\n|move|p1a: Sinistcha|Strength Sap|p2a: Meganium\n|-unboost|p2a: Meganium|atk|1\n|\n|-heal|p2a: Meganium|193/290|[from] item: Leftovers\n|upkeep\n|turn|30\n|inactive|Time left: 300 sec this turn | 300 sec total\n|\n|t:|1783543582\n|move|p2a: Meganium|Knock Off|p1a: Sinistcha\n|-supereffective|p1a: Sinistcha\n|-damage|p1a: Sinistcha|0 fnt\n|faint|p1a: Sinistcha\n|\n|-heal|p2a: Meganium|211/290|[from] item: Leftovers\n|upkeep\n|\n|t:|1783543583\n|switch|p1a: Greninja|Greninja, L80, M|100/100\n|-damage|p1a: Greninja|88/100|[from] Stealth Rock\n|-damage|p1a: Greninja|64/100|[from] Spikes\n|turn|31\n|inactive|Time left: 300 sec this turn | 300 sec total\n|\n|t:|1783543584\n|move|p1a: Greninja|Gunk Shot|p2a: Meganium\n|-start|p1a: Greninja|typechange|Poison|[from] ability: Protean\n|-supereffective|p2a: Meganium\n|-damage|p2a: Meganium|0 fnt\n|faint|p2a: Meganium\n|-damage|p1a: Greninja|54/100|[from] item: Life Orb\n|\n|upkeep\n|inactive|Time left: 300 sec this turn | 300 sec total | 5 sec grace\n|\n|t:|1783543586\n|switch|p2a: Iron Bundle|Iron Bundle, L78|215/215\n|turn|32\n|inactive|Time left: 300 sec this turn | 300 sec total\n|\n|t:|1783543587\n|move|p2a: Iron Bundle|Ice Beam|p1a: Greninja\n|-damage|p1a: Greninja|0 fnt\n|faint|p1a: Greninja\n|\n|upkeep\n|\n|t:|1783543588\n|switch|p1a: Muk|Muk-Alola, L82, F|100/100\n|-damage|p1a: Muk|88/100|[from] Stealth Rock\n|-damage|p1a: Muk|63/100|[from] Spikes\n|turn|33\n|inactive|Time left: 300 sec this turn | 300 sec total\n|\n|t:|1783543589\n|-end|p2a: Iron Bundle|Quark Drive|[silent]\n|switch|p2a: Ting-Lu|Ting-Lu, L78|370/370\n|-ability|p2a: Ting-Lu|Vessel of Ruin\n|move|p1a: Muk|Drain Punch|p2a: Ting-Lu\n|-supereffective|p2a: Ting-Lu\n|-damage|p2a: Ting-Lu|276/370\n|-heal|p1a: Muk|79/100|[from] drain|[of] p2a: Ting-Lu\n|-status|p2a: Ting-Lu|psn|[from] ability: Poison Touch|[of] p1a: Muk\n|\n|-heal|p2a: Ting-Lu|299/370 psn|[from] item: Leftovers\n|-damage|p2a: Ting-Lu|253/370 psn|[from] psn\n|upkeep\n|turn|34\n|inactive|Time left: 300 sec this turn | 300 sec total\n|\n|t:|1783543590\n|move|p1a: Muk|Drain Punch|p2a: Ting-Lu\n|-supereffective|p2a: Ting-Lu\n|-damage|p2a: Ting-Lu|169/370 psn\n|-heal|p1a: Muk|92/100|[from] drain|[of] p2a: Ting-Lu\n|move|p2a: Ting-Lu|Earthquake|p1a: Muk\n|-supereffective|p1a: Muk\n|-damage|p1a: Muk|18/100\n|\n|-heal|p2a: Ting-Lu|192/370 psn|[from] item: Leftovers\n|-damage|p2a: Ting-Lu|146/370 psn|[from] psn\n|upkeep\n|turn|35\n|inactive|Time left: 300 sec this turn | 300 sec total\n|\n|t:|1783543591\n|move|p1a: Muk|Knock Off|p2a: Ting-Lu\n|-resisted|p2a: Ting-Lu\n|-damage|p2a: Ting-Lu|106/370 psn\n|-enditem|p2a: Ting-Lu|Leftovers|[from] move: Knock Off|[of] p1a: Muk\n|move|p2a: Ting-Lu|Earthquake|p1a: Muk\n|-supereffective|p1a: Muk\n|-damage|p1a: Muk|0 fnt\n|faint|p1a: Muk\n|\n|-damage|p2a: Ting-Lu|60/370 psn|[from] psn\n|upkeep\n|\n|t:|1783543593\n|switch|p1a: Ludicolo|Ludicolo, L90, F|100/100\n|-damage|p1a: Ludicolo|88/100|[from] Stealth Rock\n|-damage|p1a: Ludicolo|63/100|[from] Spikes\n|turn|36\n|inactive|Time left: 300 sec this turn | 300 sec total\n|\n|t:|1783543594\n|switch|p2a: Tsareena|Tsareena, L87, F|267/267\n|move|p1a: Ludicolo|Rain Dance|p1a: Ludicolo\n|-weather|RainDance\n|\n|-weather|RainDance|[upkeep]\n|upkeep\n|turn|37\n|inactive|Time left: 300 sec this turn | 300 sec total\n|\n|t:|1783543595\n|move|p1a: Ludicolo|Ice Beam|p2a: Tsareena\n|-supereffective|p2a: Tsareena\n|-damage|p2a: Tsareena|150/267\n|-damage|p1a: Ludicolo|53/100|[from] item: Life Orb\n|move|p2a: Tsareena|Power Whip|p1a: Ludicolo\n|-crit|p1a: Ludicolo\n|-damage|p1a: Ludicolo|0 fnt\n|faint|p1a: Ludicolo\n|\n|-weather|RainDance|[upkeep]\n|upkeep\n|\n|t:|1783543596\n|switch|p1a: Clodsire|Clodsire, L81, F|100/100\n|-damage|p1a: Clodsire|94/100|[from] Stealth Rock\n|-damage|p1a: Clodsire|70/100|[from] Spikes\n|turn|38\n|inactive|Time left: 300 sec this turn | 300 sec total\n|\n|t:|1783543597\n|switch|p2a: Cloyster|Cloyster, L80, M|211/211\n|move|p1a: Clodsire|Recover|p1a: Clodsire\n|-heal|p1a: Clodsire|100/100\n|\n|-weather|RainDance|[upkeep]\n|upkeep\n|turn|39\n|inactive|Time left: 300 sec this turn | 300 sec total\n|\n|t:|1783543598\n|move|p2a: Cloyster|Icicle Spear|p1a: Clodsire\n|-supereffective|p1a: Clodsire\n|-damage|p1a: Clodsire|81/100\n|-supereffective|p1a: Clodsire\n|-damage|p1a: Clodsire|62/100\n|-supereffective|p1a: Clodsire\n|-damage|p1a: Clodsire|41/100\n|-supereffective|p1a: Clodsire\n|-damage|p1a: Clodsire|21/100\n|-supereffective|p1a: Clodsire\n|-damage|p1a: Clodsire|3/100\n|-hitcount|p1a: Clodsire|5\n|move|p1a: Clodsire|Gunk Shot|p2a: Cloyster\n|-damage|p2a: Cloyster|154/211\n|-status|p2a: Cloyster|psn\n|\n|-weather|RainDance|[upkeep]\n|-heal|p1a: Clodsire|9/100|[from] item: Leftovers\n|-damage|p2a: Cloyster|128/211 psn|[from] psn\n|upkeep\n|turn|40\n|inactive|Time left: 300 sec this turn | 300 sec total\n|\n|t:|1783543598\n|move|p2a: Cloyster|Icicle Spear|p1a: Clodsire\n|-supereffective|p1a: Clodsire\n|-damage|p1a: Clodsire|0 fnt\n|faint|p1a: Clodsire\n|-hitcount|p1: Clodsire|1\n|\n|win|p0y3369d51", "uploadtime": 1783543598, "views": 0, "rating": 0, "private": 0, "password": null, "_winner": "p0y3369d51", "_our_name": "p0y3369d51"}