{"id": "battle-gen9randombattle-1136", "formatid": "gen9randombattle", "format": "[Gen 9] Random Battle", "players": ["p0x1136e57f", "p0y1136aadb"], "log": "|init|battle\n|title|p0x1136e57f vs. p0y1136aadb\n|j|\u2606p0x1136e57f\n|j|\u2606p0y1136aadb\n|t:|1783552302\n|gametype|singles\n|player|p1|p0x1136e57f|1|\n|player|p2|p0y1136aadb|1|\n|gen|9\n|tier|[Gen 9] Random Battle\n|rule|Species Clause: Limit one of each Pok\u00e9mon\n|rule|HP Percentage Mod: HP is shown in percentages\n|rule|Sleep Clause Mod: Limit one foe put to sleep\n|rule|Illusion Level Mod: Illusion disguises the Pok\u00e9mon's true level\n|\n|t:|1783552302\n|teamsize|p1|6\n|teamsize|p2|6\n|start\n|switch|p1a: Forretress|Forretress, L84, M|100/100\n|switch|p2a: Articuno|Articuno, L86|295/295\n|-ability|p2a: Articuno|Pressure\n|turn|1\n|inactive|Battle timer is ON: inactive players will automatically lose when time's up. (requested by p0y1136aadb)\n|inactive|p0x1136e57f also wants the timer to be on.\n|\n|t:|1783552303\n|move|p2a: Articuno|Freeze-Dry|p1a: Forretress\n|-resisted|p1a: Forretress\n|-damage|p1a: Forretress|81/100\n|move|p1a: Forretress|Stealth Rock|p2a: Articuno\n|-sidestart|p2: p0y1136aadb|move: Stealth Rock\n|\n|-heal|p1a: Forretress|87/100|[from] item: Leftovers\n|upkeep\n|turn|2\n|inactive|Time left: 300 sec this turn | 300 sec total\n|\n|t:|1783552305\n|move|p2a: Articuno|Brave Bird|p1a: Forretress\n|-damage|p1a: Forretress|57/100\n|-damage|p2a: Articuno|269/295|[from] Recoil\n|move|p1a: Forretress|Rapid Spin|p2a: Articuno\n|-damage|p2a: Articuno|241/295\n|-boost|p1a: Forretress|spe|1\n|\n|-heal|p1a: Forretress|63/100|[from] item: Leftovers\n|upkeep\n|turn|3\n|inactive|Time left: 300 sec this turn | 300 sec total\n|\n|t:|1783552306\n|move|p2a: Articuno|Brave Bird|p1a: Forretress\n|-damage|p1a: Forretress|29/100\n|-damage|p2a: Articuno|212/295|[from] Recoil\n|move|p1a: Forretress|Iron Head|p2a: Articuno\n|-supereffective|p2a: Articuno\n|-damage|p2a: Articuno|78/295\n|\n|-heal|p1a: Forretress|35/100|[from] item: Leftovers\n|upkeep\n|turn|4\n|inactive|Time left: 300 sec this turn | 300 sec total\n|\n|t:|1783552307\n|move|p2a: Articuno|Roost|p2a: Articuno\n|-heal|p2a: Articuno|226/295\n|-singleturn|p2a: Articuno|move: Roost\n|move|p1a: Forretress|Iron Head|p2a: Articuno\n|-supereffective|p2a: Articuno\n|-damage|p2a: Articuno|76/295\n|\n|-heal|p1a: Forretress|42/100|[from] item: Leftovers\n|upkeep\n|turn|5\n|inactive|Time left: 300 sec this turn | 300 sec total\n|\n|t:|1783552308\n|move|p2a: Articuno|Roost|p2a: Articuno\n|-heal|p2a: Articuno|224/295\n|-singleturn|p2a: Articuno|move: Roost\n|move|p1a: Forretress|Iron Head|p2a: Articuno\n|-supereffective|p2a: Articuno\n|-damage|p2a: Articuno|92/295\n|\n|-heal|p1a: Forretress|48/100|[from] item: Leftovers\n|upkeep\n|turn|6\n|inactive|Time left: 300 sec this turn | 300 sec total\n|\n|t:|1783552309\n|move|p2a: Articuno|Roost|p2a: Articuno\n|-heal|p2a: Articuno|240/295\n|-singleturn|p2a: Articuno|move: Roost\n|move|p1a: Forretress|Iron Head|p2a: Articuno\n|-supereffective|p2a: Articuno\n|-damage|p2a: Articuno|102/295\n|\n|-heal|p1a: Forretress|54/100|[from] item: Leftovers\n|upkeep\n|turn|7\n|inactive|Time left: 300 sec this turn | 300 sec total\n|\n|t:|1783552310\n|move|p2a: Articuno|Roost|p2a: Articuno\n|-heal|p2a: Articuno|250/295\n|-singleturn|p2a: Articuno|move: Roost\n|move|p1a: Forretress|Iron Head|p2a: Articuno\n|-supereffective|p2a: Articuno\n|-damage|p2a: Articuno|94/295\n|\n|-heal|p1a: Forretress|60/100|[from] item: Leftovers\n|upkeep\n|turn|8\n|inactive|Time left: 300 sec this turn | 300 sec total\n|\n|t:|1783552311\n|move|p2a: Articuno|Roost|p2a: Articuno\n|-heal|p2a: Articuno|242/295\n|-singleturn|p2a: Articuno|move: Roost\n|move|p1a: Forretress|Iron Head|p2a: Articuno\n|-supereffective|p2a: Articuno\n|-damage|p2a: Articuno|96/295\n|\n|-heal|p1a: Forretress|66/100|[from] item: Leftovers\n|upkeep\n|turn|9\n|inactive|Time left: 300 sec this turn | 300 sec total\n|\n|t:|1783552312\n|move|p2a: Articuno|Roost|p2a: Articuno\n|-heal|p2a: Articuno|244/295\n|-singleturn|p2a: Articuno|move: Roost\n|move|p1a: Forretress|Iron Head|p2a: Articuno\n|-supereffective|p2a: Articuno\n|-damage|p2a: Articuno|98/295\n|\n|-heal|p1a: Forretress|72/100|[from] item: Leftovers\n|upkeep\n|turn|10\n|inactive|Time left: 300 sec this turn | 300 sec total\n|\n|t:|1783552313\n|move|p2a: Articuno|Roost|p2a: Articuno\n|-heal|p2a: Articuno|246/295\n|-singleturn|p2a: Articuno|move: Roost\n|move|p1a: Forretress|Iron Head|p2a: Articuno\n|-supereffective|p2a: Articuno\n|-damage|p2a: Articuno|114/295\n|\n|-heal|p1a: Forretress|78/100|[from] item: Leftovers\n|upkeep\n|turn|11\n|inactive|Time left: 300 sec this turn | 300 sec total\n|\n|t:|1783552314\n|move|p2a: Articuno|Roost|p2a: Articuno\n|-heal|p2a: Articuno|262/295\n|-singleturn|p2a: Articuno|move: Roost\n|move|p1a: Forretress|Iron Head|p2a: Articuno\n|-supereffective|p2a: Articuno\n|-damage|p2a: Articuno|112/295\n|\n|-heal|p1a: Forretress|84/100|[from] item: Leftovers\n|upkeep\n|turn|12\n|inactive|Time left: 300 sec this turn | 300 sec total\n|\n|t:|1783552315\n|move|p2a: Articuno|Brave Bird|p1a: Forretress\n|-damage|p1a: Forretress|52/100\n|-damage|p2a: Articuno|84/295|[from] Recoil\n|move|p1a: Forretress|Iron Head|p2a: Articuno\n|-supereffective|p2a: Articuno\n|-damage|p2a: Articuno|0 fnt\n|faint|p2a: Articuno\n|\n|-heal|p1a: Forretress|58/100|[from] item: Leftovers\n|upkeep\n|inactive|Time left: 300 sec this turn | 300 sec total | 5 sec grace\n|\n|t:|1783552316\n|switch|p2a: Giratina|Giratina-Origin, L72|335/335\n|-damage|p2a: Giratina|294/335|[from] Stealth Rock\n|turn|13\n|inactive|Time left: 300 sec this turn | 300 sec total\n|\n|t:|1783552317\n|move|p1a: Forretress|Thunder Wave|p2a: Giratina\n|-status|p2a: Giratina|par\n|move|p2a: Giratina|Defog|p1a: Forretress\n|-unboost|p1a: Forretress|evasion|1\n|-sideend|p2: p0y1136aadb|Stealth Rock|[from] move: Defog|[of] p2a: Giratina\n|\n|-heal|p1a: Forretress|64/100|[from] item: Leftovers\n|upkeep\n|turn|14\n|inactive|Time left: 300 sec this turn | 300 sec total\n|\n|t:|1783552318\n|switch|p2a: Squawkabilly|Squawkabilly, L85, F|278/278\n|move|p1a: Forretress|Stealth Rock|p2a: Squawkabilly\n|-sidestart|p2: p0y1136aadb|move: Stealth Rock\n|\n|-heal|p1a: Forretress|70/100|[from] item: Leftovers\n|-status|p2a: Squawkabilly|brn|[from] item: Flame Orb\n|upkeep\n|turn|15\n|inactive|Time left: 300 sec this turn | 300 sec total\n|\n|t:|1783552319\n|move|p2a: Squawkabilly|Brave Bird|p1a: Forretress\n|-crit|p1a: Forretress\n|-damage|p1a: Forretress|0 fnt\n|faint|p1a: Forretress\n|-damage|p2a: Squawkabilly|217/278 brn|[from] Recoil\n|\n|-damage|p2a: Squawkabilly|200/278 brn|[from] brn\n|upkeep\n|\n|t:|1783552320\n|switch|p1a: Raichu|Raichu-Alola, L87, M|100/100\n|turn|16\n|inactive|Time left: 300 sec this turn | 300 sec total\n|\n|t:|1783552320\n|move|p2a: Squawkabilly|Protect|p2a: Squawkabilly\n|-singleturn|p2a: Squawkabilly|Protect\n|move|p1a: Raichu|Thunderbolt|p2a: Squawkabilly\n|-activate|p2a: Squawkabilly|move: Protect\n|\n|-damage|p2a: Squawkabilly|183/278 brn|[from] brn\n|upkeep\n|turn|17\n|inactive|Time left: 300 sec this turn | 300 sec total\n|\n|t:|1783552321\n|switch|p2a: Amoonguss|Amoonguss, L82, F|321/321\n|-damage|p2a: Amoonguss|281/321|[from] Stealth Rock\n|move|p1a: Raichu|Thunderbolt|p2a: Amoonguss\n|-resisted|p2a: Amoonguss\n|-damage|p2a: Amoonguss|215/321\n|-damage|p1a: Raichu|91/100|[from] item: Life Orb\n|\n|-heal|p2a: Amoonguss|235/321|[from] item: Leftovers\n|upkeep\n|turn|18\n|inactive|Time left: 300 sec this turn | 300 sec total\n|\n|t:|1783552322\n|switch|p2a: Giratina|Giratina-Origin, L72|294/335 par\n|-damage|p2a: Giratina|253/335 par|[from] Stealth Rock\n|move|p1a: Raichu|Psyshock|p2a: Giratina\n|-damage|p2a: Giratina|136/335 par\n|-damage|p1a: Raichu|81/100|[from] item: Life Orb\n|\n|upkeep\n|turn|19\n|inactive|Time left: 300 sec this turn | 300 sec total\n|\n|t:|1783552323\n|switch|p1a: Blissey|Blissey, L85, F|100/100\n|cant|p2a: Giratina|par\n|\n|upkeep\n|turn|20\n|inactive|Time left: 300 sec this turn | 300 sec total\n|\n|t:|1783552324\n|move|p1a: Blissey|Seismic Toss|p2a: Giratina\n|-immune|p2a: Giratina\n|cant|p2a: Giratina|par\n|\n|upkeep\n|turn|21\n|inactive|Time left: 300 sec this turn | 300 sec total\n|\n|t:|1783552325\n|move|p1a: Blissey|Thunder Wave|p2a: Giratina|[miss]\n|-miss|p1a: Blissey|p2a: Giratina\n|move|p2a: Giratina|Defog|p1a: Blissey\n|-unboost|p1a: Blissey|evasion|1\n|-sideend|p2: p0y1136aadb|Stealth Rock|[from] move: Defog|[of] p2a: Giratina\n|\n|upkeep\n|turn|22\n|inactive|Time left: 300 sec this turn | 300 sec total\n|\n|t:|1783552326\n|move|p1a: Blissey|Seismic Toss|p2a: Giratina\n|-immune|p2a: Giratina\n|cant|p2a: Giratina|par\n|\n|upkeep\n|turn|23\n|inactive|Time left: 300 sec this turn | 300 sec total\n|\n|t:|1783552328\n|move|p1a: Blissey|Thunder Wave|p2a: Giratina\n|-fail|p2a: Giratina|par\n|move|p2a: Giratina|Poltergeist|p1a: Blissey\n|-immune|p1a: Blissey\n|\n|upkeep\n|turn|24\n|inactive|Time left: 300 sec this turn | 300 sec total\n|\n|t:|1783552329\n|move|p1a: Blissey|Thunder Wave|p2a: Giratina\n|-fail|p2a: Giratina|par\n|move|p2a: Giratina|Poltergeist|p1a: Blissey\n|-immune|p1a: Blissey\n|\n|upkeep\n|turn|25\n|inactive|Time left: 300 sec this turn | 300 sec total\n|\n|t:|1783552330\n|move|p1a: Blissey|Seismic Toss|p2a: Giratina\n|-immune|p2a: Giratina\n|move|p2a: Giratina|Poltergeist|p1a: Blissey\n|-immune|p1a: Blissey\n|\n|upkeep\n|turn|26\n|inactive|Time left: 300 sec this turn | 300 sec total\n|\n|t:|1783552331\n|move|p1a: Blissey|Thunder Wave|p2a: Giratina|[miss]\n|-miss|p1a: Blissey|p2a: Giratina\n|cant|p2a: Giratina|par\n|\n|upkeep\n|turn|27\n|inactive|Time left: 300 sec this turn | 300 sec total\n|\n|t:|1783552332\n|move|p1a: Blissey|Thunder Wave|p2a: Giratina\n|-fail|p2a: Giratina|par\n|move|p2a: Giratina|Poltergeist|p1a: Blissey\n|-immune|p1a: Blissey\n|\n|upkeep\n|turn|28\n|inactive|Time left: 300 sec this turn | 300 sec total\n|\n|t:|1783552333\n|move|p1a: Blissey|Seismic Toss|p2a: Giratina\n|-immune|p2a: Giratina\n|move|p2a: Giratina|Poltergeist|p1a: Blissey\n|-immune|p1a: Blissey\n|\n|upkeep\n|turn|29\n|inactive|Time left: 300 sec this turn | 300 sec total\n|\n|t:|1783552334\n|move|p1a: Blissey|Seismic Toss|p2a: Giratina\n|-immune|p2a: Giratina\n|cant|p2a: Giratina|par\n|\n|upkeep\n|turn|30\n|inactive|Time left: 300 sec this turn | 300 sec total\n|\n|t:|1783552335\n|move|p1a: Blissey|Seismic Toss|p2a: Giratina\n|-immune|p2a: Giratina\n|move|p2a: Giratina|Poltergeist|p1a: Blissey\n|-immune|p1a: Blissey\n|\n|upkeep\n|turn|31\n|inactive|Time left: 300 sec this turn | 300 sec total\n|\n|t:|1783552336\n|move|p1a: Blissey|Thunder Wave|p2a: Giratina\n|-fail|p2a: Giratina|par\n|move|p2a: Giratina|Poltergeist|p1a: Blissey\n|-immune|p1a: Blissey\n|\n|upkeep\n|turn|32\n|inactive|Time left: 300 sec this turn | 300 sec total\n|\n|t:|1783552337\n|move|p1a: Blissey|Thunder Wave|p2a: Giratina\n|-fail|p2a: Giratina|par\n|move|p2a: Giratina|Poltergeist|p1a: Blissey\n|-immune|p1a: Blissey\n|\n|upkeep\n|turn|33\n|inactive|Time left: 300 sec this turn | 300 sec total\n|\n|t:|1783552338\n|switch|p2a: Pawmot|Pawmot, L80, F|243/243\n|move|p1a: Blissey|Seismic Toss|p2a: Pawmot\n|-damage|p2a: Pawmot|158/243\n|\n|upkeep\n|turn|34\n|inactive|Time left: 300 sec this turn | 300 sec total\n|\n|t:|1783552339\n|switch|p1a: Raichu|Raichu-Alola, L87, M|81/100\n|move|p2a: Pawmot|Double Shock|p1a: Raichu\n|-resisted|p1a: Raichu\n|-damage|p1a: Raichu|32/100\n|-start|p2a: Pawmot|typechange|???/Fighting|[from] move: Double Shock\n|-damage|p2a: Pawmot|134/243|[from] item: Life Orb\n|\n|upkeep\n|turn|35\n|inactive|Time left: 300 sec this turn | 300 sec total\n|\n|t:|1783552340\n|switch|p2a: Alcremie|Alcremie, L90, F|263/263\n|move|p1a: Raichu|Psyshock|p2a: Alcremie\n|-damage|p2a: Alcremie|150/263\n|-damage|p1a: Raichu|22/100|[from] item: Life Orb\n|\n|-heal|p2a: Alcremie|166/263|[from] item: Leftovers\n|upkeep\n|turn|36\n|inactive|Time left: 300 sec this turn | 300 sec total\n|\n|t:|1783552341\n|move|p1a: Raichu|Psyshock|p2a: Alcremie\n|-damage|p2a: Alcremie|45/263\n|-damage|p1a: Raichu|12/100|[from] item: Life Orb\n|move|p2a: Alcremie|Recover|p2a: Alcremie\n|-heal|p2a: Alcremie|177/263\n|\n|-heal|p2a: Alcremie|193/263|[from] item: Leftovers\n|upkeep\n|turn|37\n|inactive|Time left: 300 sec this turn | 300 sec total\n|\n|t:|1783552342\n|move|p1a: Raichu|Psyshock|p2a: Alcremie\n|-damage|p2a: Alcremie|83/263\n|-damage|p1a: Raichu|3/100|[from] item: Life Orb\n|move|p2a: Alcremie|Tera Blast|p1a: Raichu\n|-damage|p1a: Raichu|0 fnt\n|faint|p1a: Raichu\n|\n|-heal|p2a: Alcremie|99/263|[from] item: Leftovers\n|upkeep\n|\n|t:|1783552343\n|switch|p1a: Hawlucha|Hawlucha, L80, F|100/100\n|turn|38\n|inactive|Time left: 300 sec this turn | 300 sec total\n|\n|t:|1783552344\n|move|p1a: Hawlucha|Brave Bird|p2a: Alcremie\n|-damage|p2a: Alcremie|0 fnt\n|faint|p2a: Alcremie\n|-damage|p1a: Hawlucha|88/100|[from] Recoil\n|\n|upkeep\n|inactive|Time left: 300 sec this turn | 300 sec total | 5 sec grace\n|\n|t:|1783552346\n|switch|p2a: Giratina|Giratina-Origin, L72|136/335 par\n|turn|39\n|inactive|Time left: 300 sec this turn | 300 sec total\n|\n|t:|1783552347\n|move|p1a: Hawlucha|Swords Dance|p1a: Hawlucha\n|-boost|p1a: Hawlucha|atk|2\n|cant|p2a: Giratina|par\n|\n|upkeep\n|turn|40\n|inactive|Time left: 300 sec this turn | 300 sec total\n|\n|t:|1783552348\n|move|p1a: Hawlucha|Brave Bird|p2a: Giratina\n|-damage|p2a: Giratina|0 fnt\n|faint|p2a: Giratina\n|-damage|p1a: Hawlucha|70/100|[from] Recoil\n|\n|upkeep\n|inactive|Time left: 300 sec this turn | 300 sec total | 5 sec grace\n|\n|t:|1783552349\n|switch|p2a: Amoonguss|Amoonguss, L82, F|321/321\n|turn|41\n|inactive|Time left: 300 sec this turn | 300 sec total\n|\n|t:|1783552350\n|-terastallize|p2a: Amoonguss|Water\n|move|p1a: Hawlucha|Close Combat|p2a: Amoonguss\n|-crit|p2a: Amoonguss\n|-damage|p2a: Amoonguss|0 fnt\n|-unboost|p1a: Hawlucha|def|1\n|-unboost|p1a: Hawlucha|spd|1\n|faint|p2a: Amoonguss\n|-enditem|p1a: Hawlucha|White Herb\n|-clearnegativeboost|p1a: Hawlucha|[silent]\n|\n|upkeep\n|inactive|Time left: 300 sec this turn | 300 sec total | 5 sec grace\n|\n|t:|1783552351\n|switch|p2a: Squawkabilly|Squawkabilly, L85, F|183/278 brn\n|turn|42\n|inactive|Time left: 300 sec this turn | 300 sec total\n|\n|t:|1783552352\n|move|p2a: Squawkabilly|Protect|p2a: Squawkabilly\n|-singleturn|p2a: Squawkabilly|Protect\n|move|p1a: Hawlucha|Acrobatics|p2a: Squawkabilly\n|-activate|p2a: Squawkabilly|move: Protect\n|\n|-damage|p2a: Squawkabilly|166/278 brn|[from] brn\n|upkeep\n|turn|43\n|inactive|Time left: 300 sec this turn | 300 sec total\n|\n|t:|1783552353\n|move|p2a: Squawkabilly|Protect||[still]\n|-fail|p2a: Squawkabilly\n|move|p1a: Hawlucha|Close Combat|p2a: Squawkabilly\n|-damage|p2a: Squawkabilly|0 fnt\n|-unboost|p1a: Hawlucha|def|1\n|-unboost|p1a: Hawlucha|spd|1\n|faint|p2a: Squawkabilly\n|\n|upkeep\n|inactive|Time left: 300 sec this turn | 300 sec total | 5 sec grace\n|\n|t:|1783552354\n|switch|p2a: Pawmot|Pawmot, L80, F|134/243\n|turn|44\n|inactive|Time left: 300 sec this turn | 300 sec total\n|\n|t:|1783552355\n|-terastallize|p1a: Hawlucha|Flying\n|move|p1a: Hawlucha|Close Combat|p2a: Pawmot\n|-damage|p2a: Pawmot|0 fnt\n|-unboost|p1a: Hawlucha|def|1\n|-unboost|p1a: Hawlucha|spd|1\n|faint|p2a: Pawmot\n|\n|win|p0x1136e57f", "uploadtime": 1783552355, "views": 0, "rating": 0, "private": 0, "password": null, "_winner": "p0x1136e57f", "_our_name": "p0y1136aadb"}