{"id": "battle-gen9randombattle-2298", "formatid": "gen9randombattle", "format": "[Gen 9] Random Battle", "players": ["p0x22985d85", "p0y2298448e"], "log": "|init|battle\n|title|p0x22985d85 vs. p0y2298448e\n|j|\u2606p0x22985d85\n|j|\u2606p0y2298448e\n|t:|1783565680\n|gametype|singles\n|player|p1|p0x22985d85|169|\n|player|p2|p0y2298448e|170|\n|gen|9\n|tier|[Gen 9] Random Battle\n|rule|Species Clause: Limit one of each Pok\u00e9mon\n|rule|HP Percentage Mod: HP is shown in percentages\n|rule|Sleep Clause Mod: Limit one foe put to sleep\n|rule|Illusion Level Mod: Illusion disguises the Pok\u00e9mon's true level\n|\n|t:|1783565680\n|teamsize|p1|6\n|teamsize|p2|6\n|start\n|switch|p1a: Tauros|Tauros-Paldea-Aqua, L81, M|100/100\n|switch|p2a: Miraidon|Miraidon, L65|238/238\n|-fieldstart|move: Electric Terrain|[from] ability: Hadron Engine|[of] p2a: Miraidon\n|-ability|p1a: Tauros|Intimidate|boost\n|-unboost|p2a: Miraidon|atk|1\n|turn|1\n|inactive|Battle timer is ON: inactive players will automatically lose when time's up. (requested by p0x22985d85)\n|inactive|Time left: 300 sec this turn | 300 sec total | 60 sec grace\n|\n|t:|1783565681\n|switch|p1a: Rhyperior|Rhyperior, L82, F|100/100\n|move|p2a: Miraidon|Electro Drift|p1a: Rhyperior\n|-immune|p1a: Rhyperior\n|\n|upkeep\n|turn|2\n|inactive|Time left: 300 sec this turn | 300 sec total\n|inactive|p0y2298448e also wants the timer to be on.\n|\n|t:|1783565682\n|switch|p2a: Dragonite|Dragonite, L74, M|257/257\n|move|p1a: Rhyperior|Earthquake|p2a: Dragonite\n|-immune|p2a: Dragonite\n|\n|upkeep\n|turn|3\n|inactive|Time left: 300 sec this turn | 300 sec total\n|\n|t:|1783565683\n|move|p2a: Dragonite|Outrage|p1a: Rhyperior\n|-damage|p1a: Rhyperior|72/100\n|move|p1a: Rhyperior|Stone Edge|p2a: Dragonite\n|-supereffective|p2a: Dragonite\n|-damage|p2a: Dragonite|115/257\n|\n|upkeep\n|turn|4\n|inactive|Time left: 300 sec this turn | 300 sec total\n|\n|t:|1783565684\n|move|p2a: Dragonite|Outrage|p1a: Rhyperior|[from] lockedmove\n|-damage|p1a: Rhyperior|44/100\n|-start|p2a: Dragonite|confusion|[fatigue]\n|move|p1a: Rhyperior|Stone Edge|p2a: Dragonite\n|-supereffective|p2a: Dragonite\n|-damage|p2a: Dragonite|0 fnt\n|faint|p2a: Dragonite\n|\n|upkeep\n|inactive|Time left: 300 sec this turn | 300 sec total | 5 sec grace\n|\n|t:|1783565685\n|switch|p2a: Regice|Regice, L88|284/284\n|turn|5\n|inactive|Time left: 300 sec this turn | 300 sec total\n|\n|t:|1783565686\n|switch|p1a: Fezandipiti|Fezandipiti, L82, M|100/100\n|move|p2a: Regice|Ice Beam|p1a: Fezandipiti\n|-damage|p1a: Fezandipiti|70/100\n|\n|-heal|p1a: Fezandipiti|76/100|[from] item: Leftovers\n|-fieldend|move: Electric Terrain\n|upkeep\n|turn|6\n|inactive|Time left: 300 sec this turn | 300 sec total\n|\n|t:|1783565688\n|move|p1a: Fezandipiti|Gunk Shot|p2a: Regice\n|-damage|p2a: Regice|185/284\n|move|p2a: Regice|Ice Beam|p1a: Fezandipiti\n|-damage|p1a: Fezandipiti|45/100\n|\n|-heal|p1a: Fezandipiti|51/100|[from] item: Leftovers\n|upkeep\n|turn|7\n|inactive|Time left: 300 sec this turn | 300 sec total\n|\n|t:|1783565689\n|move|p1a: Fezandipiti|Gunk Shot|p2a: Regice\n|-damage|p2a: Regice|80/284\n|move|p2a: Regice|Ice Beam|p1a: Fezandipiti\n|-damage|p1a: Fezandipiti|22/100\n|\n|-heal|p1a: Fezandipiti|28/100|[from] item: Leftovers\n|upkeep\n|turn|8\n|inactive|Time left: 300 sec this turn | 300 sec total\n|\n|t:|1783565690\n|move|p1a: Fezandipiti|Gunk Shot|p2a: Regice\n|-damage|p2a: Regice|0 fnt\n|faint|p2a: Regice\n|\n|-heal|p1a: Fezandipiti|34/100|[from] item: Leftovers\n|upkeep\n|inactive|Time left: 300 sec this turn | 300 sec total | 5 sec grace\n|\n|t:|1783565691\n|switch|p2a: Meowstic|Meowstic-F, L89, F|277/277\n|turn|9\n|inactive|Time left: 300 sec this turn | 300 sec total\n|\n|t:|1783565692\n|-terastallize|p1a: Fezandipiti|Steel\n|move|p2a: Meowstic|Psyshock|p1a: Fezandipiti\n|-resisted|p1a: Fezandipiti\n|-damage|p1a: Fezandipiti|14/100\n|-damage|p2a: Meowstic|250/277|[from] item: Life Orb\n|move|p1a: Fezandipiti|Gunk Shot|p2a: Meowstic\n|-damage|p2a: Meowstic|139/277\n|\n|-heal|p1a: Fezandipiti|20/100|[from] item: Leftovers\n|upkeep\n|turn|10\n|inactive|Time left: 300 sec this turn | 300 sec total\n|\n|t:|1783565693\n|switch|p1a: Scream Tail|Scream Tail, L84|100/100\n|move|p2a: Meowstic|Psyshock|p1a: Scream Tail\n|-resisted|p1a: Scream Tail\n|-damage|p1a: Scream Tail|86/100\n|-damage|p2a: Meowstic|112/277|[from] item: Life Orb\n|\n|-heal|p1a: Scream Tail|92/100|[from] item: Leftovers\n|upkeep\n|turn|11\n|inactive|Time left: 300 sec this turn | 300 sec total\n|\n|t:|1783565694\n|move|p2a: Meowstic|Nasty Plot|p2a: Meowstic\n|-boost|p2a: Meowstic|spa|2\n|move|p1a: Scream Tail|Dazzling Gleam|p2a: Meowstic\n|-damage|p2a: Meowstic|51/277\n|\n|-heal|p1a: Scream Tail|98/100|[from] item: Leftovers\n|upkeep\n|turn|12\n|inactive|Time left: 300 sec this turn | 300 sec total\n|\n|t:|1783565695\n|move|p2a: Meowstic|Dark Pulse|p1a: Scream Tail\n|-crit|p1a: Scream Tail\n|-damage|p1a: Scream Tail|45/100\n|-damage|p2a: Meowstic|24/277|[from] item: Life Orb\n|move|p1a: Scream Tail|Dazzling Gleam|p2a: Meowstic\n|-damage|p2a: Meowstic|0 fnt\n|faint|p2a: Meowstic\n|\n|-heal|p1a: Scream Tail|51/100|[from] item: Leftovers\n|upkeep\n|inactive|Time left: 300 sec this turn | 300 sec total | 5 sec grace\n|\n|t:|1783565696\n|switch|p2a: Swalot|Swalot, L90, M|326/326\n|turn|13\n|inactive|Time left: 300 sec this turn | 300 sec total\n|\n|t:|1783565696\n|-end|p1a: Scream Tail|Protosynthesis|[silent]\n|switch|p1a: Rhyperior|Rhyperior, L82, F|44/100\n|move|p2a: Swalot|Swords Dance|p2a: Swalot\n|-boost|p2a: Swalot|atk|2\n|\n|upkeep\n|turn|14\n|inactive|Time left: 300 sec this turn | 300 sec total\n|\n|t:|1783565697\n|move|p2a: Swalot|Earthquake|p1a: Rhyperior\n|-supereffective|p1a: Rhyperior\n|-damage|p1a: Rhyperior|0 fnt\n|faint|p1a: Rhyperior\n|\n|upkeep\n|\n|t:|1783565698\n|switch|p1a: Squawkabilly|Squawkabilly-White, L89, F|100/100\n|turn|15\n|inactive|Time left: 300 sec this turn | 300 sec total\n|\n|t:|1783565699\n|move|p1a: Squawkabilly|Double-Edge|p2a: Swalot\n|-damage|p2a: Swalot|14/326\n|-damage|p1a: Squawkabilly|65/100|[from] Recoil\n|move|p2a: Swalot|Gunk Shot|p1a: Squawkabilly|[miss]\n|-miss|p2a: Swalot|p1a: Squawkabilly\n|\n|-heal|p2a: Swalot|34/326|[from] item: Leftovers\n|upkeep\n|turn|16\n|inactive|Time left: 300 sec this turn | 300 sec total\n|\n|t:|1783565700\n|move|p1a: Squawkabilly|Double-Edge|p2a: Swalot\n|-damage|p2a: Swalot|0 fnt\n|faint|p2a: Swalot\n|-damage|p1a: Squawkabilly|61/100|[from] Recoil\n|\n|upkeep\n|inactive|Time left: 300 sec this turn | 300 sec total | 5 sec grace\n|\n|t:|1783565701\n|switch|p2a: Torkoal|Torkoal, L88, M|266/266\n|-weather|SunnyDay|[from] ability: Drought|[of] p2a: Torkoal\n|turn|17\n|inactive|Time left: 300 sec this turn | 300 sec total\n|\n|t:|1783565701\n|move|p1a: Squawkabilly|Double-Edge|p2a: Torkoal\n|-damage|p2a: Torkoal|59/266\n|-damage|p1a: Squawkabilly|38/100|[from] Recoil\n|move|p2a: Torkoal|Fire Blast|p1a: Squawkabilly\n|-damage|p1a: Squawkabilly|0 fnt\n|faint|p1a: Squawkabilly\n|\n|-weather|SunnyDay|[upkeep]\n|upkeep\n|\n|t:|1783565702\n|switch|p1a: Scream Tail|Scream Tail, L84|51/100\n|-activate|p1a: Scream Tail|ability: Protosynthesis\n|-start|p1a: Scream Tail|protosynthesisspd\n|turn|18\n|inactive|Time left: 300 sec this turn | 300 sec total\n|\n|t:|1783565703\n|move|p1a: Scream Tail|Dazzling Gleam|p2a: Torkoal\n|-resisted|p2a: Torkoal\n|-damage|p2a: Torkoal|20/266\n|move|p2a: Torkoal|Fire Blast|p1a: Scream Tail\n|-damage|p1a: Scream Tail|15/100\n|\n|-weather|SunnyDay|[upkeep]\n|-heal|p1a: Scream Tail|21/100|[from] item: Leftovers\n|upkeep\n|turn|19\n|inactive|Time left: 300 sec this turn | 300 sec total\n|\n|t:|1783565704\n|move|p1a: Scream Tail|Dazzling Gleam|p2a: Torkoal\n|-resisted|p2a: Torkoal\n|-damage|p2a: Torkoal|0 fnt\n|faint|p2a: Torkoal\n|\n|-weather|SunnyDay|[upkeep]\n|-heal|p1a: Scream Tail|27/100|[from] item: Leftovers\n|upkeep\n|inactive|Time left: 300 sec this turn | 300 sec total | 5 sec grace\n|\n|t:|1783565705\n|switch|p2a: Miraidon|Miraidon, L65|238/238\n|-fieldstart|move: Electric Terrain|[from] ability: Hadron Engine|[of] p2a: Miraidon\n|turn|20\n|inactive|Time left: 300 sec this turn | 300 sec total\n|\n|t:|1783565706\n|-terastallize|p2a: Miraidon|Electric\n|move|p1a: Scream Tail|Protect|p1a: Scream Tail\n|-singleturn|p1a: Scream Tail|Protect\n|move|p2a: Miraidon|Calm Mind|p2a: Miraidon\n|-boost|p2a: Miraidon|spa|1\n|-boost|p2a: Miraidon|spd|1\n|\n|-weather|SunnyDay|[upkeep]\n|-heal|p1a: Scream Tail|33/100|[from] item: Leftovers\n|upkeep\n|turn|21\n|inactive|Time left: 300 sec this turn | 300 sec total\n|\n|t:|1783565707\n|move|p1a: Scream Tail|Dazzling Gleam|p2a: Miraidon\n|-damage|p2a: Miraidon|195/238\n|move|p2a: Miraidon|Calm Mind|p2a: Miraidon\n|-boost|p2a: Miraidon|spa|1\n|-boost|p2a: Miraidon|spd|1\n|\n|-weather|none\n|-end|p1a: Scream Tail|Protosynthesis\n|-heal|p1a: Scream Tail|39/100|[from] item: Leftovers\n|upkeep\n|turn|22\n|inactive|Time left: 300 sec this turn | 300 sec total\n|\n|t:|1783565708\n|move|p1a: Scream Tail|Protect|p1a: Scream Tail\n|-singleturn|p1a: Scream Tail|Protect\n|move|p2a: Miraidon|Electro Drift|p1a: Scream Tail\n|-activate|p1a: Scream Tail|move: Protect\n|\n|-heal|p1a: Scream Tail|45/100|[from] item: Leftovers\n|upkeep\n|turn|23\n|inactive|Time left: 300 sec this turn | 300 sec total\n|\n|t:|1783565709\n|move|p1a: Scream Tail|Dazzling Gleam|p2a: Miraidon\n|-damage|p2a: Miraidon|164/238\n|move|p2a: Miraidon|Calm Mind|p2a: Miraidon\n|-boost|p2a: Miraidon|spa|1\n|-boost|p2a: Miraidon|spd|1\n|\n|-heal|p1a: Scream Tail|51/100|[from] item: Leftovers\n|upkeep\n|turn|24\n|inactive|Time left: 300 sec this turn | 300 sec total\n|\n|t:|1783565710\n|move|p1a: Scream Tail|Dazzling Gleam|p2a: Miraidon\n|-damage|p2a: Miraidon|136/238\n|move|p2a: Miraidon|Electro Drift|p1a: Scream Tail\n|-damage|p1a: Scream Tail|0 fnt\n|faint|p1a: Scream Tail\n|-end|p1a: Scream Tail|Protosynthesis|[silent]\n|-damage|p2a: Miraidon|113/238|[from] item: Life Orb\n|\n|-fieldend|move: Electric Terrain\n|upkeep\n|\n|t:|1783565711\n|switch|p1a: Tauros|Tauros-Paldea-Aqua, L81, M|100/100\n|-ability|p1a: Tauros|Intimidate|boost\n|-unboost|p2a: Miraidon|atk|1\n|turn|25\n|inactive|Time left: 300 sec this turn | 300 sec total\n|\n|t:|1783565712\n|move|p1a: Tauros|Aqua Jet|p2a: Miraidon\n|-damage|p2a: Miraidon|32/238\n|move|p2a: Miraidon|Draco Meteor|p1a: Tauros\n|-damage|p1a: Tauros|0 fnt\n|-unboost|p2a: Miraidon|spa|2\n|faint|p1a: Tauros\n|-damage|p2a: Miraidon|9/238|[from] item: Life Orb\n|\n|upkeep\n|\n|t:|1783565713\n|switch|p1a: Fezandipiti|Fezandipiti, L82, M, tera:Steel|20/100\n|turn|26\n|inactive|Time left: 300 sec this turn | 300 sec total\n|\n|t:|1783565714\n|switch|p1a: Moltres|Moltres, L81|100/100\n|move|p2a: Miraidon|Calm Mind|p2a: Miraidon\n|-boost|p2a: Miraidon|spa|1\n|-boost|p2a: Miraidon|spd|1\n|\n|upkeep\n|turn|27\n|inactive|Time left: 300 sec this turn | 300 sec total\n|\n|t:|1783565715\n|move|p2a: Miraidon|Dragon Pulse|p1a: Moltres\n|-damage|p1a: Moltres|34/100\n|-damage|p2a: Miraidon|0 fnt|[from] item: Life Orb\n|faint|p2a: Miraidon\n|\n|win|p0x22985d85", "uploadtime": 1783565715, "views": 0, "rating": 0, "private": 0, "password": null, "_winner": "p0x22985d85", "_our_name": "p0y2298448e"}