{"id": "battle-gen9randombattle-358", "formatid": "gen9randombattle", "format": "[Gen 9] Random Battle", "players": ["p0x358e9ea", "p0y358666b"], "log": "|init|battle\n|title|p0x358e9ea vs. p0y358666b\n|j|\u2606p0x358e9ea\n|j|\u2606p0y358666b\n|t:|1783543807\n|gametype|singles\n|player|p1|p0x358e9ea|265|\n|player|p2|p0y358666b|170|\n|gen|9\n|tier|[Gen 9] Random Battle\n|rule|Species Clause: Limit one of each Pok\u00e9mon\n|rule|HP Percentage Mod: HP is shown in percentages\n|rule|Sleep Clause Mod: Limit one foe put to sleep\n|rule|Illusion Level Mod: Illusion disguises the Pok\u00e9mon's true level\n|\n|t:|1783543807\n|teamsize|p1|6\n|teamsize|p2|6\n|start\n|switch|p1a: Ludicolo|Ludicolo, L90, F|100/100\n|switch|p2a: Luvdisc|Luvdisc, F|247/247\n|turn|1\n|inactive|Battle timer is ON: inactive players will automatically lose when time's up. (requested by p0y358666b)\n|inactive|p0x358e9ea also wants the timer to be on.\n|\n|t:|1783543809\n|switch|p2a: Crabominable|Crabominable, L90, F|321/321\n|move|p1a: Ludicolo|Giga Drain|p2a: Crabominable\n|-damage|p2a: Crabominable|227/321\n|\n|upkeep\n|turn|2\n|inactive|Time left: 300 sec this turn | 300 sec total\n|\n|t:|1783543810\n|switch|p1a: Conkeldurr|Conkeldurr, L80, M|100/100\n|move|p2a: Crabominable|Drain Punch|p1a: Conkeldurr\n|-damage|p1a: Conkeldurr|57/100\n|-heal|p2a: Crabominable|292/321|[from] drain|[of] p1a: Conkeldurr\n|\n|-status|p1a: Conkeldurr|brn|[from] item: Flame Orb\n|upkeep\n|turn|3\n|inactive|Time left: 300 sec this turn | 300 sec total\n|\n|t:|1783543812\n|switch|p1a: Politoed|Politoed, L88, M|100/100\n|-weather|RainDance|[from] ability: Drizzle|[of] p1a: Politoed\n|move|p2a: Crabominable|Ice Hammer|p1a: Politoed\n|-resisted|p1a: Politoed\n|-damage|p1a: Politoed|69/100\n|-unboost|p2a: Crabominable|spe|1\n|\n|-weather|RainDance|[upkeep]\n|upkeep\n|turn|4\n|inactive|Time left: 300 sec this turn | 300 sec total\n|\n|t:|1783543813\n|move|p1a: Politoed|Weather Ball|p2a: Crabominable\n|-damage|p2a: Crabominable|103/321\n|move|p2a: Crabominable|Drain Punch|p1a: Politoed\n|-damage|p1a: Politoed|17/100\n|-heal|p2a: Crabominable|181/321|[from] drain|[of] p1a: Politoed\n|\n|-weather|RainDance|[upkeep]\n|upkeep\n|turn|5\n|inactive|Time left: 300 sec this turn | 300 sec total\n|\n|t:|1783543814\n|switch|p2a: Koraidon|Koraidon, L64|235/235\n|-weather|SunnyDay|[from] ability: Orichalcum Pulse|[of] p2a: Koraidon\n|-activate|p2a: Koraidon|Orichalcum Pulse|[source]\n|move|p1a: Politoed|Weather Ball|p2a: Koraidon\n|-resisted|p2a: Koraidon\n|-damage|p2a: Koraidon|136/235\n|\n|-weather|SunnyDay|[upkeep]\n|upkeep\n|turn|6\n|inactive|Time left: 300 sec this turn | 300 sec total\n|\n|t:|1783543816\n|move|p2a: Koraidon|Swords Dance|p2a: Koraidon\n|-boost|p2a: Koraidon|atk|2\n|move|p1a: Politoed|Weather Ball|p2a: Koraidon\n|-resisted|p2a: Koraidon\n|-damage|p2a: Koraidon|42/235\n|\n|-weather|SunnyDay|[upkeep]\n|upkeep\n|turn|7\n|inactive|Time left: 300 sec this turn | 300 sec total\n|\n|t:|1783543817\n|move|p2a: Koraidon|Scale Shot|p1a: Politoed\n|-damage|p1a: Politoed|0 fnt\n|faint|p1a: Politoed\n|-hitcount|p1: Politoed|1\n|-unboost|p2a: Koraidon|def|1\n|-boost|p2a: Koraidon|spe|1\n|\n|-weather|SunnyDay|[upkeep]\n|upkeep\n|\n|t:|1783543818\n|switch|p1a: Sandaconda|Sandaconda, L84, F|100/100\n|turn|8\n|inactive|Time left: 300 sec this turn | 300 sec total\n|\n|t:|1783543819\n|move|p2a: Koraidon|Scale Shot|p1a: Sandaconda\n|-damage|p1a: Sandaconda|85/100\n|-damage|p1a: Sandaconda|70/100\n|-damage|p1a: Sandaconda|55/100\n|-damage|p1a: Sandaconda|38/100\n|-hitcount|p1a: Sandaconda|4\n|-unboost|p2a: Koraidon|def|1\n|-boost|p2a: Koraidon|spe|1\n|move|p1a: Sandaconda|Earthquake|p2a: Koraidon\n|-damage|p2a: Koraidon|0 fnt\n|faint|p2a: Koraidon\n|\n|-weather|SunnyDay|[upkeep]\n|-heal|p1a: Sandaconda|44/100|[from] item: Leftovers\n|upkeep\n|inactive|Time left: 300 sec this turn | 300 sec total | 5 sec grace\n|\n|t:|1783543820\n|switch|p2a: Staraptor|Staraptor, L79, F|263/263\n|turn|9\n|inactive|Time left: 300 sec this turn | 300 sec total\n|\n|t:|1783543821\n|move|p2a: Staraptor|Brave Bird|p1a: Sandaconda\n|-damage|p1a: Sandaconda|0 fnt\n|faint|p1a: Sandaconda\n|-damage|p2a: Staraptor|226/263|[from] Recoil\n|\n|-weather|none\n|upkeep\n|\n|t:|1783543822\n|switch|p1a: Falinks|Falinks, L84|100/100\n|turn|10\n|inactive|Time left: 300 sec this turn | 300 sec total\n|\n|t:|1783543823\n|-terastallize|p1a: Falinks|Steel\n|move|p2a: Staraptor|Brave Bird|p1a: Falinks\n|-resisted|p1a: Falinks\n|-damage|p1a: Falinks|60/100\n|-damage|p2a: Staraptor|193/263|[from] Recoil\n|move|p1a: Falinks|No Retreat|p1a: Falinks\n|-boost|p1a: Falinks|atk|1\n|-boost|p1a: Falinks|def|1\n|-boost|p1a: Falinks|spa|1\n|-boost|p1a: Falinks|spd|1\n|-boost|p1a: Falinks|spe|1\n|-start|p1a: Falinks|move: No Retreat\n|\n|upkeep\n|turn|11\n|inactive|Time left: 300 sec this turn | 300 sec total\n|\n|t:|1783543824\n|switch|p2a: Crabominable|Crabominable, L90, F|181/321\n|move|p1a: Falinks|Iron Head|p2a: Crabominable\n|-supereffective|p2a: Crabominable\n|-damage|p2a: Crabominable|0 fnt\n|faint|p2a: Crabominable\n|-damage|p1a: Falinks|50/100|[from] item: Life Orb\n|\n|upkeep\n|inactive|Time left: 300 sec this turn | 300 sec total | 5 sec grace\n|\n|t:|1783543825\n|switch|p2a: Piloswine|Piloswine, L85, F|309/309\n|turn|12\n|inactive|Time left: 300 sec this turn | 300 sec total\n|\n|t:|1783543826\n|-terastallize|p2a: Piloswine|Dragon\n|move|p1a: Falinks|Iron Head|p2a: Piloswine\n|-damage|p2a: Piloswine|195/309\n|-damage|p1a: Falinks|40/100|[from] item: Life Orb\n|move|p2a: Piloswine|Earthquake|p1a: Falinks\n|-supereffective|p1a: Falinks\n|-damage|p1a: Falinks|0 fnt\n|faint|p1a: Falinks\n|\n|upkeep\n|\n|t:|1783543827\n|switch|p1a: Ludicolo|Ludicolo, L90, F|100/100\n|turn|13\n|inactive|Time left: 300 sec this turn | 300 sec total\n|\n|t:|1783543828\n|move|p1a: Ludicolo|Ice Beam|p2a: Piloswine\n|-supereffective|p2a: Piloswine\n|-damage|p2a: Piloswine|103/309\n|move|p2a: Piloswine|Icicle Crash|p1a: Ludicolo\n|-damage|p1a: Ludicolo|65/100\n|\n|upkeep\n|turn|14\n|inactive|Time left: 300 sec this turn | 300 sec total\n|\n|t:|1783543829\n|move|p1a: Ludicolo|Ice Beam|p2a: Piloswine\n|-supereffective|p2a: Piloswine\n|-damage|p2a: Piloswine|7/309\n|move|p2a: Piloswine|Icicle Crash|p1a: Ludicolo\n|-damage|p1a: Ludicolo|29/100\n|\n|upkeep\n|turn|15\n|inactive|Time left: 300 sec this turn | 300 sec total\n|\n|t:|1783543830\n|move|p1a: Ludicolo|Ice Beam|p2a: Piloswine\n|-supereffective|p2a: Piloswine\n|-damage|p2a: Piloswine|0 fnt\n|faint|p2a: Piloswine\n|\n|upkeep\n|inactive|Time left: 300 sec this turn | 300 sec total | 5 sec grace\n|\n|t:|1783543831\n|switch|p2a: Staraptor|Staraptor, L79, F|193/263\n|turn|16\n|inactive|Time left: 300 sec this turn | 300 sec total\n|\n|t:|1783543832\n|switch|p1a: Piloswine|Piloswine, L85, M|100/100\n|move|p2a: Staraptor|Brave Bird|p1a: Piloswine\n|-damage|p1a: Piloswine|48/100\n|-damage|p2a: Staraptor|140/263|[from] Recoil\n|\n|upkeep\n|turn|17\n|inactive|Time left: 300 sec this turn | 300 sec total\n|\n|t:|1783543834\n|move|p1a: Piloswine|Ice Shard|p2a: Staraptor\n|-supereffective|p2a: Staraptor\n|-damage|p2a: Staraptor|24/263\n|move|p2a: Staraptor|Brave Bird|p1a: Piloswine\n|-damage|p1a: Piloswine|0 fnt\n|faint|p1a: Piloswine\n|-damage|p2a: Staraptor|0 fnt|[from] Recoil\n|faint|p2a: Staraptor\n|\n|upkeep\n|inactive|Time left: 300 sec this turn | 300 sec total | 5 sec grace\n|\n|t:|1783543835\n|switch|p2a: Oricorio|Oricorio-Sensu, L85, M|266/266\n|switch|p1a: Conkeldurr|Conkeldurr, L80, M|57/100 brn\n|turn|18\n|inactive|Time left: 300 sec this turn | 300 sec total\n|\n|t:|1783543836\n|move|p2a: Oricorio|Hurricane|p1a: Conkeldurr\n|-supereffective|p1a: Conkeldurr\n|-damage|p1a: Conkeldurr|0 fnt\n|faint|p1a: Conkeldurr\n|\n|upkeep\n|\n|t:|1783543836\n|switch|p1a: Ludicolo|Ludicolo, L90, F|29/100\n|turn|19\n|inactive|Time left: 300 sec this turn | 300 sec total\n|\n|t:|1783543838\n|move|p2a: Oricorio|Revelation Dance|p1a: Ludicolo\n|-damage|p1a: Ludicolo|1/100\n|move|p1a: Ludicolo|Leaf Storm|p2a: Oricorio\n|-resisted|p2a: Oricorio\n|-damage|p2a: Oricorio|126/266\n|-unboost|p1a: Ludicolo|spa|2\n|\n|upkeep\n|turn|20\n|inactive|Time left: 300 sec this turn | 300 sec total\n|\n|t:|1783543839\n|move|p2a: Oricorio|Revelation Dance|p1a: Ludicolo\n|-damage|p1a: Ludicolo|0 fnt\n|faint|p1a: Ludicolo\n|\n|win|p0y358666b", "uploadtime": 1783543839, "views": 0, "rating": 0, "private": 0, "password": null, "_winner": "p0y358666b", "_our_name": "p0y358666b"}