{"id": "battle-gen9randombattle-2800", "formatid": "gen9randombattle", "format": "[Gen 9] Random Battle", "players": ["p0x2800534b", "p0y2800efe3"], "log": "|init|battle\n|title|p0x2800534b vs. p0y2800efe3\n|j|\u2606p0x2800534b\n|j|\u2606p0y2800efe3\n|t:|1783572257\n|gametype|singles\n|player|p1|p0x2800534b|102|\n|player|p2|p0y2800efe3|101|\n|gen|9\n|tier|[Gen 9] Random Battle\n|rule|Species Clause: Limit one of each Pok\u00e9mon\n|rule|HP Percentage Mod: HP is shown in percentages\n|rule|Sleep Clause Mod: Limit one foe put to sleep\n|rule|Illusion Level Mod: Illusion disguises the Pok\u00e9mon's true level\n|\n|t:|1783572257\n|teamsize|p1|6\n|teamsize|p2|6\n|start\n|switch|p1a: Drifblim|Drifblim, L86, M|396/396\n|switch|p2a: Spiritomb|Spiritomb, L89, F|100/100\n|turn|1\n|inactive|Battle timer is ON: inactive players will automatically lose when time's up. (requested by p0x2800534b)\n|\n|t:|1783572258\n|switch|p1a: Wigglytuff|Wigglytuff, L96, M|424/424\n|move|p2a: Spiritomb|Poltergeist|p1a: Wigglytuff\n|-immune|p1a: Wigglytuff\n|\n|upkeep\n|turn|2\n|inactive|Time left: 300 sec this turn | 300 sec total\n|inactive|p0y2800efe3 also wants the timer to be on.\n|\n|t:|1783572260\n|switch|p2a: Conkeldurr|Conkeldurr, L80, M|100/100\n|move|p1a: Wigglytuff|Alluring Voice|p2a: Conkeldurr\n|-supereffective|p2a: Conkeldurr\n|-damage|p2a: Conkeldurr|6/100\n|\n|-status|p2a: Conkeldurr|brn|[from] item: Flame Orb\n|upkeep\n|turn|3\n|inactive|Time left: 300 sec this turn | 300 sec total\n|\n|t:|1783572261\n|switch|p2a: Archaludon|Archaludon, L78, F|100/100\n|move|p1a: Wigglytuff|Knock Off|p2a: Archaludon\n|-damage|p2a: Archaludon|80/100\n|-ability|p2a: Archaludon|Stamina|boost\n|-boost|p2a: Archaludon|def|1\n|-enditem|p2a: Archaludon|Lum Berry|[from] move: Knock Off|[of] p1a: Wigglytuff\n|\n|upkeep\n|turn|4\n|inactive|Time left: 300 sec this turn | 300 sec total\n|\n|t:|1783572262\n|move|p2a: Archaludon|Swords Dance|p2a: Archaludon\n|-boost|p2a: Archaludon|atk|2\n|move|p1a: Wigglytuff|Alluring Voice|p2a: Archaludon\n|-damage|p2a: Archaludon|33/100\n|-start|p2a: Archaludon|confusion\n|-ability|p2a: Archaludon|Stamina|boost\n|-boost|p2a: Archaludon|def|1\n|\n|upkeep\n|turn|5\n|inactive|Time left: 300 sec this turn | 300 sec total\n|\n|t:|1783572263\n|-activate|p2a: Archaludon|confusion\n|move|p2a: Archaludon|Iron Head|p1a: Wigglytuff\n|-supereffective|p1a: Wigglytuff\n|-damage|p1a: Wigglytuff|4/424\n|move|p1a: Wigglytuff|Alluring Voice|p2a: Archaludon\n|-damage|p2a: Archaludon|0 fnt\n|faint|p2a: Archaludon\n|\n|-heal|p1a: Wigglytuff|30/424|[from] item: Leftovers\n|upkeep\n|\n|t:|1783572264\n|switch|p2a: Tinkaton|Tinkaton, L82, F|100/100\n|-ability|p2a: Tinkaton|Mold Breaker\n|turn|6\n|inactive|Time left: 300 sec this turn | 300 sec total\n|\n|t:|1783572265\n|switch|p1a: Krookodile|Krookodile, L79, M|280/280\n|-ability|p1a: Krookodile|Intimidate|boost\n|-unboost|p2a: Tinkaton|atk|1\n|move|p2a: Tinkaton|Stealth Rock|p1a: Krookodile\n|-sidestart|p1: p0x2800534b|move: Stealth Rock\n|\n|upkeep\n|turn|7\n|inactive|Time left: 300 sec this turn | 300 sec total\n|\n|t:|1783572266\n|switch|p2a: Virizion|Virizion, L82|100/100\n|move|p1a: Krookodile|Earthquake|p2a: Virizion\n|-resisted|p2a: Virizion\n|-damage|p2a: Virizion|78/100\n|\n|upkeep\n|turn|8\n|inactive|Time left: 300 sec this turn | 300 sec total\n|\n|t:|1783572267\n|-terastallize|p1a: Krookodile|Poison\n|move|p2a: Virizion|Close Combat|p1a: Krookodile\n|-resisted|p1a: Krookodile\n|-damage|p1a: Krookodile|189/280\n|-unboost|p2a: Virizion|def|1\n|-unboost|p2a: Virizion|spd|1\n|-damage|p2a: Virizion|68/100|[from] item: Life Orb\n|move|p1a: Krookodile|Gunk Shot|p2a: Virizion|[miss]\n|-miss|p1a: Krookodile|p2a: Virizion\n|\n|-heal|p1a: Krookodile|206/280|[from] item: Leftovers\n|upkeep\n|turn|9\n|inactive|Time left: 300 sec this turn | 300 sec total\n|\n|t:|1783572268\n|move|p2a: Virizion|Swords Dance|p2a: Virizion\n|-boost|p2a: Virizion|atk|2\n|move|p1a: Krookodile|Earthquake|p2a: Virizion\n|-resisted|p2a: Virizion\n|-damage|p2a: Virizion|34/100\n|\n|-heal|p1a: Krookodile|223/280|[from] item: Leftovers\n|upkeep\n|turn|10\n|inactive|Time left: 300 sec this turn | 300 sec total\n|\n|t:|1783572269\n|-terastallize|p2a: Virizion|Rock\n|move|p2a: Virizion|Stone Edge|p1a: Krookodile\n|-crit|p1a: Krookodile\n|-damage|p1a: Krookodile|0 fnt\n|faint|p1a: Krookodile\n|-damage|p2a: Virizion|25/100|[from] item: Life Orb\n|\n|upkeep\n|inactive|Time left: 300 sec this turn | 300 sec total | 5 sec grace\n|\n|t:|1783572270\n|switch|p1a: Pyroar|Pyroar, L88, M|295/295\n|-ability|p1a: Pyroar|Unnerve\n|turn|11\n|inactive|Time left: 300 sec this turn | 300 sec total\n|\n|t:|1783572271\n|move|p1a: Pyroar|Fire Blast|p2a: Virizion\n|-resisted|p2a: Virizion\n|-damage|p2a: Virizion|0 fnt\n|faint|p2a: Virizion\n|\n|upkeep\n|\n|t:|1783572272\n|switch|p2a: Spiritomb|Spiritomb, L89, F|100/100\n|turn|12\n|inactive|Time left: 300 sec this turn | 300 sec total\n|\n|t:|1783572273\n|move|p1a: Pyroar|Fire Blast|p2a: Spiritomb\n|-damage|p2a: Spiritomb|53/100\n|move|p2a: Spiritomb|Foul Play|p1a: Pyroar\n|-damage|p1a: Pyroar|226/295\n|\n|-heal|p2a: Spiritomb|59/100|[from] item: Leftovers\n|upkeep\n|turn|13\n|inactive|Time left: 300 sec this turn | 300 sec total\n|\n|t:|1783572274\n|move|p1a: Pyroar|Fire Blast|p2a: Spiritomb\n|-damage|p2a: Spiritomb|9/100\n|move|p2a: Spiritomb|Foul Play|p1a: Pyroar\n|-crit|p1a: Pyroar\n|-damage|p1a: Pyroar|112/295\n|\n|-heal|p2a: Spiritomb|15/100|[from] item: Leftovers\n|upkeep\n|turn|14\n|inactive|Time left: 300 sec this turn | 300 sec total\n|\n|t:|1783572275\n|move|p1a: Pyroar|Dark Pulse|p2a: Spiritomb\n|-damage|p2a: Spiritomb|0 fnt\n|faint|p2a: Spiritomb\n|\n|upkeep\n|\n|t:|1783572276\n|switch|p2a: Vespiquen|Vespiquen, L99, F|100/100\n|-ability|p2a: Vespiquen|Pressure\n|turn|15\n|inactive|Time left: 300 sec this turn | 300 sec total\n|\n|t:|1783572277\n|move|p1a: Pyroar|Fire Blast|p2a: Vespiquen|[miss]\n|-miss|p1a: Pyroar|p2a: Vespiquen\n|move|p2a: Vespiquen|Air Slash|p1a: Pyroar\n|-damage|p1a: Pyroar|4/295\n|\n|upkeep\n|turn|16\n|inactive|Time left: 300 sec this turn | 300 sec total\n|\n|t:|1783572278\n|move|p1a: Pyroar|Fire Blast|p2a: Vespiquen\n|-supereffective|p2a: Vespiquen\n|-damage|p2a: Vespiquen|26/100\n|move|p2a: Vespiquen|Toxic|p1a: Pyroar\n|-status|p1a: Pyroar|tox\n|\n|-damage|p1a: Pyroar|0 fnt|[from] psn\n|faint|p1a: Pyroar\n|upkeep\n|inactive|Time left: 300 sec this turn | 300 sec total | 5 sec grace\n|\n|t:|1783572279\n|switch|p1a: Copperajah|Copperajah, L86, F|350/350\n|-damage|p1a: Copperajah|329/350|[from] Stealth Rock\n|turn|17\n|inactive|Time left: 300 sec this turn | 300 sec total\n|\n|t:|1783572280\n|move|p2a: Vespiquen|Roost|p2a: Vespiquen\n|-heal|p2a: Vespiquen|76/100\n|-singleturn|p2a: Vespiquen|move: Roost\n|move|p1a: Copperajah|Heat Crash|p2a: Vespiquen\n|-supereffective|p2a: Vespiquen\n|-damage|p2a: Vespiquen|0 fnt\n|faint|p2a: Vespiquen\n|\n|upkeep\n|\n|t:|1783572281\n|switch|p2a: Conkeldurr|Conkeldurr, L80, M|6/100 brn\n|turn|18\n|inactive|Time left: 300 sec this turn | 300 sec total\n|\n|t:|1783572282\n|switch|p1a: Wigglytuff|Wigglytuff, L96, M|30/424\n|-damage|p1a: Wigglytuff|0 fnt|[from] Stealth Rock\n|faint|p1a: Wigglytuff\n|move|p2a: Conkeldurr|Knock Off|p1: Wigglytuff|[notarget]\n|-fail|p2a: Conkeldurr\n|\n|-damage|p2a: Conkeldurr|0 fnt|[from] brn\n|faint|p2a: Conkeldurr\n|upkeep\n|inactive|Time left: 300 sec this turn | 300 sec total | 5 sec grace\n|\n|t:|1783572283\n|switch|p1a: Copperajah|Copperajah, L86, F|329/350\n|switch|p2a: Tinkaton|Tinkaton, L82, F|100/100\n|-ability|p2a: Tinkaton|Mold Breaker\n|-damage|p1a: Copperajah|308/350|[from] Stealth Rock\n|turn|19\n|inactive|Time left: 300 sec this turn | 300 sec total\n|\n|t:|1783572284\n|move|p2a: Tinkaton|Play Rough|p1a: Copperajah\n|-resisted|p1a: Copperajah\n|-damage|p1a: Copperajah|266/350\n|move|p1a: Copperajah|Heat Crash|p2a: Tinkaton\n|-supereffective|p2a: Tinkaton\n|-damage|p2a: Tinkaton|0 fnt\n|faint|p2a: Tinkaton\n|\n|win|p0x2800534b", "uploadtime": 1783572284, "views": 0, "rating": 0, "private": 0, "password": null, "_winner": "p0x2800534b", "_our_name": "p0x2800534b"}