{"id": "battle-gen9randombattle-180", "formatid": "gen9randombattle", "format": "[Gen 9] Random Battle", "players": ["p0x1807f0f", "p0y1806cf9"], "log": "|init|battle\n|title|p0x1807f0f vs. p0y1806cf9\n|j|\u2606p0x1807f0f\n|j|\u2606p0y1806cf9\n|t:|1783541206\n|gametype|singles\n|player|p1|p0x1807f0f|266|\n|player|p2|p0y1806cf9|265|\n|gen|9\n|tier|[Gen 9] Random Battle\n|rule|Species Clause: Limit one of each Pok\u00e9mon\n|rule|HP Percentage Mod: HP is shown in percentages\n|rule|Sleep Clause Mod: Limit one foe put to sleep\n|rule|Illusion Level Mod: Illusion disguises the Pok\u00e9mon's true level\n|\n|t:|1783541206\n|teamsize|p1|6\n|teamsize|p2|6\n|start\n|switch|p1a: Reshiram|Reshiram, L76|100/100\n|switch|p2a: Slither Wing|Slither Wing, L81|270/270\n|-ability|p1a: Reshiram|Turboblaze\n|turn|1\n|inactive|Battle timer is ON: inactive players will automatically lose when time's up. (requested by p0y1806cf9)\n|inactive|p0x1807f0f also wants the timer to be on.\n|\n|t:|1783541208\n|-end|p2a: Slither Wing|Protosynthesis|[silent]\n|switch|p2a: Girafarig|Girafarig, L89, F|269/269\n|move|p1a: Reshiram|Blue Flare|p2a: Girafarig\n|-damage|p2a: Girafarig|143/269\n|\n|upkeep\n|turn|2\n|inactive|Time left: 300 sec this turn | 300 sec total\n|\n|t:|1783541209\n|move|p2a: Girafarig|Nasty Plot|p2a: Girafarig\n|-boost|p2a: Girafarig|spa|2\n|move|p1a: Reshiram|Blue Flare|p2a: Girafarig\n|-damage|p2a: Girafarig|23/269\n|-status|p2a: Girafarig|brn\n|\n|-damage|p2a: Girafarig|7/269 brn|[from] brn\n|upkeep\n|turn|3\n|inactive|Time left: 300 sec this turn | 300 sec total\n|\n|t:|1783541210\n|switch|p1a: Ting-Lu|Ting-Lu, L78|100/100\n|-ability|p1a: Ting-Lu|Vessel of Ruin\n|move|p2a: Girafarig|Psyshock|p1a: Ting-Lu\n|-immune|p1a: Ting-Lu\n|\n|-damage|p2a: Girafarig|0 fnt|[from] brn\n|faint|p2a: Girafarig\n|upkeep\n|inactive|Time left: 300 sec this turn | 300 sec total | 5 sec grace\n|\n|t:|1783541211\n|switch|p2a: Barraskewda|Barraskewda, L81, F|231/231\n|turn|4\n|inactive|Time left: 300 sec this turn | 300 sec total\n|\n|t:|1783541212\n|move|p2a: Barraskewda|Waterfall|p1a: Ting-Lu\n|-supereffective|p1a: Ting-Lu\n|-damage|p1a: Ting-Lu|42/100\n|cant|p1a: Ting-Lu|flinch\n|\n|-heal|p1a: Ting-Lu|48/100|[from] item: Leftovers\n|upkeep\n|turn|5\n|inactive|Time left: 300 sec this turn | 300 sec total\n|\n|t:|1783541214\n|switch|p1a: Stantler|Stantler, L92, M|100/100\n|-ability|p1a: Stantler|Intimidate|boost\n|-unboost|p2a: Barraskewda|atk|1\n|move|p2a: Barraskewda|Waterfall|p1a: Stantler\n|-damage|p1a: Stantler|74/100\n|\n|upkeep\n|turn|6\n|inactive|Time left: 300 sec this turn | 300 sec total\n|\n|t:|1783541215\n|move|p2a: Barraskewda|Waterfall|p1a: Stantler\n|-damage|p1a: Stantler|49/100\n|move|p1a: Stantler|Tera Blast|p2a: Barraskewda\n|-damage|p2a: Barraskewda|102/231\n|\n|upkeep\n|turn|7\n|inactive|Time left: 300 sec this turn | 300 sec total\n|\n|t:|1783541216\n|move|p2a: Barraskewda|Waterfall|p1a: Stantler\n|-damage|p1a: Stantler|22/100\n|cant|p1a: Stantler|flinch\n|\n|upkeep\n|turn|8\n|inactive|Time left: 300 sec this turn | 300 sec total\n|\n|t:|1783541216\n|switch|p1a: Ninetales|Ninetales-Alola, L78, M|100/100\n|-weather|Snowscape|[from] ability: Snow Warning|[of] p1a: Ninetales\n|move|p2a: Barraskewda|Waterfall|p1a: Ninetales\n|-damage|p1a: Ninetales|66/100\n|\n|-weather|Snowscape|[upkeep]\n|upkeep\n|turn|9\n|inactive|Time left: 300 sec this turn | 300 sec total\n|\n|t:|1783541217\n|move|p2a: Barraskewda|Waterfall|p1a: Ninetales\n|-damage|p1a: Ninetales|32/100\n|move|p1a: Ninetales|Aurora Veil|p1a: Ninetales\n|-sidestart|p1: p0x1807f0f|move: Aurora Veil\n|\n|-weather|Snowscape|[upkeep]\n|upkeep\n|turn|10\n|inactive|Time left: 300 sec this turn | 300 sec total\n|\n|t:|1783541218\n|move|p2a: Barraskewda|Waterfall|p1a: Ninetales\n|-damage|p1a: Ninetales|15/100\n|move|p1a: Ninetales|Moonblast|p2a: Barraskewda\n|-damage|p2a: Barraskewda|0 fnt\n|faint|p2a: Barraskewda\n|\n|-weather|Snowscape|[upkeep]\n|upkeep\n|inactive|Time left: 300 sec this turn | 300 sec total | 5 sec grace\n|\n|t:|1783541219\n|switch|p2a: Hitmonlee|Hitmonlee, L85, M|223/223\n|turn|11\n|inactive|Time left: 300 sec this turn | 300 sec total\n|\n|t:|1783541220\n|move|p2a: Hitmonlee|High Jump Kick|p1a: Ninetales\n|-damage|p1a: Ninetales|0 fnt\n|faint|p1a: Ninetales\n|\n|-weather|Snowscape|[upkeep]\n|upkeep\n|\n|t:|1783541221\n|switch|p1a: Pecharunt|Pecharunt, L77|100/100\n|turn|12\n|inactive|Time left: 300 sec this turn | 300 sec total\n|\n|t:|1783541222\n|switch|p2a: Dragapult|Dragapult, L77, M|262/262\n|move|p1a: Pecharunt|Nasty Plot|p1a: Pecharunt\n|-boost|p1a: Pecharunt|spa|2\n|\n|-weather|none\n|upkeep\n|turn|13\n|inactive|Time left: 300 sec this turn | 300 sec total\n|\n|t:|1783541223\n|switch|p2a: Hitmonlee|Hitmonlee, L85, M|223/223\n|move|p1a: Pecharunt|Shadow Ball|p2a: Hitmonlee\n|-damage|p2a: Hitmonlee|114/223\n|\n|upkeep\n|turn|14\n|inactive|Time left: 300 sec this turn | 300 sec total\n|\n|t:|1783541224\n|move|p2a: Hitmonlee|Knock Off|p1a: Pecharunt\n|-supereffective|p1a: Pecharunt\n|-damage|p1a: Pecharunt|78/100\n|-enditem|p1a: Pecharunt|Leftovers|[from] move: Knock Off|[of] p2a: Hitmonlee\n|move|p1a: Pecharunt|Malignant Chain|p2a: Hitmonlee\n|-damage|p2a: Hitmonlee|0 fnt\n|faint|p2a: Hitmonlee\n|\n|upkeep\n|inactive|Time left: 300 sec this turn | 300 sec total | 5 sec grace\n|\n|t:|1783541225\n|switch|p2a: Slither Wing|Slither Wing, L81|270/270\n|turn|15\n|inactive|Time left: 300 sec this turn | 300 sec total\n|\n|t:|1783541226\n|move|p1a: Pecharunt|Shadow Ball|p2a: Slither Wing\n|-damage|p2a: Slither Wing|150/270\n|move|p2a: Slither Wing|Morning Sun|p2a: Slither Wing\n|-heal|p2a: Slither Wing|270/270\n|\n|upkeep\n|turn|16\n|inactive|Time left: 300 sec this turn | 300 sec total\n|\n|t:|1783541227\n|move|p1a: Pecharunt|Malignant Chain|p2a: Slither Wing\n|-crit|p2a: Slither Wing\n|-damage|p2a: Slither Wing|27/270\n|move|p2a: Slither Wing|Morning Sun|p2a: Slither Wing\n|-heal|p2a: Slither Wing|162/270\n|\n|-sideend|p1: p0x1807f0f|move: Aurora Veil\n|upkeep\n|turn|17\n|inactive|Time left: 300 sec this turn | 300 sec total\n|\n|t:|1783541228\n|move|p1a: Pecharunt|Malignant Chain|p2a: Slither Wing\n|-damage|p2a: Slither Wing|17/270\n|move|p2a: Slither Wing|Morning Sun|p2a: Slither Wing\n|-heal|p2a: Slither Wing|152/270\n|\n|upkeep\n|turn|18\n|inactive|Time left: 300 sec this turn | 300 sec total\n|\n|t:|1783541229\n|move|p1a: Pecharunt|Malignant Chain|p2a: Slither Wing\n|-damage|p2a: Slither Wing|8/270\n|move|p2a: Slither Wing|Morning Sun|p2a: Slither Wing\n|-heal|p2a: Slither Wing|143/270\n|\n|upkeep\n|turn|19\n|inactive|Time left: 300 sec this turn | 300 sec total\n|\n|t:|1783541231\n|move|p1a: Pecharunt|Malignant Chain|p2a: Slither Wing\n|-damage|p2a: Slither Wing|0 fnt\n|faint|p2a: Slither Wing\n|-end|p2a: Slither Wing|Protosynthesis|[silent]\n|\n|upkeep\n|inactive|Time left: 300 sec this turn | 300 sec total | 5 sec grace\n|\n|t:|1783541232\n|switch|p2a: Talonflame|Talonflame, L83, F|265/265\n|turn|20\n|inactive|Time left: 300 sec this turn | 300 sec total\n|\n|t:|1783541233\n|move|p2a: Talonflame|Brave Bird|p1a: Pecharunt\n|-damage|p1a: Pecharunt|52/100\n|-damage|p2a: Talonflame|242/265|[from] Recoil\n|move|p1a: Pecharunt|Malignant Chain|p2a: Talonflame\n|-damage|p2a: Talonflame|29/265\n|\n|upkeep\n|turn|21\n|inactive|Time left: 300 sec this turn | 300 sec total\n|\n|t:|1783541234\n|move|p2a: Talonflame|Overheat|p1a: Pecharunt|[miss]\n|-miss|p2a: Talonflame|p1a: Pecharunt\n|move|p1a: Pecharunt|Recover|p1a: Pecharunt\n|-heal|p1a: Pecharunt|100/100\n|\n|upkeep\n|turn|22\n|inactive|Time left: 300 sec this turn | 300 sec total\n|\n|t:|1783541235\n|move|p2a: Talonflame|Roost|p2a: Talonflame\n|-heal|p2a: Talonflame|162/265\n|-singleturn|p2a: Talonflame|move: Roost\n|move|p1a: Pecharunt|Malignant Chain|p2a: Talonflame\n|-damage|p2a: Talonflame|0 fnt\n|faint|p2a: Talonflame\n|\n|upkeep\n|inactive|Time left: 300 sec this turn | 300 sec total | 5 sec grace\n|\n|t:|1783541236\n|switch|p2a: Dragapult|Dragapult, L77, M|262/262\n|turn|23\n|inactive|Time left: 300 sec this turn | 300 sec total\n|\n|t:|1783541236\n|-terastallize|p2a: Dragapult|Ghost\n|-terastallize|p1a: Pecharunt|Dark\n|move|p2a: Dragapult|Tera Blast|p1a: Pecharunt|[anim] Tera Blast Ghost\n|-resisted|p1a: Pecharunt\n|-damage|p1a: Pecharunt|81/100\n|-damage|p2a: Dragapult|236/262|[from] item: Life Orb\n|move|p1a: Pecharunt|Shadow Ball|p2a: Dragapult\n|-supereffective|p2a: Dragapult\n|-damage|p2a: Dragapult|0 fnt\n|faint|p2a: Dragapult\n|\n|win|p0x1807f0f", "uploadtime": 1783541237, "views": 0, "rating": 0, "private": 0, "password": null, "_winner": "p0x1807f0f", "_our_name": "p0y1806cf9"}