{"id": "battle-gen9randombattle-2119", "formatid": "gen9randombattle", "format": "[Gen 9] Random Battle", "players": ["p0x2119d4fa", "p0y2119ac08"], "log": "|init|battle\n|title|p0x2119d4fa vs. p0y2119ac08\n|j|\u2606p0x2119d4fa\n|j|\u2606p0y2119ac08\n|t:|1783563745\n|gametype|singles\n|player|p1|p0x2119d4fa|2|\n|player|p2|p0y2119ac08|101|\n|gen|9\n|tier|[Gen 9] Random Battle\n|rule|Species Clause: Limit one of each Pok\u00e9mon\n|rule|HP Percentage Mod: HP is shown in percentages\n|rule|Sleep Clause Mod: Limit one foe put to sleep\n|rule|Illusion Level Mod: Illusion disguises the Pok\u00e9mon's true level\n|\n|t:|1783563745\n|teamsize|p1|6\n|teamsize|p2|6\n|start\n|switch|p1a: Electrode|Electrode, L92|260/260\n|switch|p2a: Miraidon|Miraidon, L65|100/100\n|-fieldstart|move: Electric Terrain|[from] ability: Hadron Engine|[of] p2a: Miraidon\n|turn|1\n|inactive|Battle timer is ON: inactive players will automatically lose when time's up. (requested by p0x2119d4fa)\n|\n|t:|1783563747\n|move|p1a: Electrode|Thunderbolt|p2a: Miraidon\n|-resisted|p2a: Miraidon\n|-damage|p2a: Miraidon|82/100\n|-damage|p1a: Electrode|234/260|[from] item: Life Orb\n|move|p2a: Miraidon|Electro Drift|p1a: Electrode\n|-resisted|p1a: Electrode\n|-damage|p1a: Electrode|126/260\n|\n|upkeep\n|turn|2\n|inactive|Time left: 300 sec this turn | 300 sec total\n|inactive|p0y2119ac08 also wants the timer to be on.\n|\n|t:|1783563748\n|switch|p1a: Rhyperior|Rhyperior, L82, M|323/323\n|move|p2a: Miraidon|Electro Drift|p1a: Rhyperior\n|-immune|p1a: Rhyperior\n|\n|upkeep\n|turn|3\n|inactive|Time left: 300 sec this turn | 300 sec total\n|\n|t:|1783563749\n|switch|p2a: Forretress|Forretress, L84, F|100/100\n|move|p1a: Rhyperior|Stone Edge|p2a: Forretress\n|-damage|p2a: Forretress|64/100\n|\n|-heal|p2a: Forretress|70/100|[from] item: Leftovers\n|upkeep\n|turn|4\n|inactive|Time left: 300 sec this turn | 300 sec total\n|\n|t:|1783563750\n|move|p2a: Forretress|Stealth Rock|p1a: Rhyperior\n|-sidestart|p1: p0x2119d4fa|move: Stealth Rock\n|move|p1a: Rhyperior|Stone Edge|p2a: Forretress\n|-damage|p2a: Forretress|35/100\n|\n|-heal|p2a: Forretress|41/100|[from] item: Leftovers\n|upkeep\n|turn|5\n|inactive|Time left: 300 sec this turn | 300 sec total\n|\n|t:|1783563751\n|move|p2a: Forretress|Spikes|p1a: Rhyperior\n|-sidestart|p1: p0x2119d4fa|Spikes\n|move|p1a: Rhyperior|Earthquake|p2a: Forretress\n|-damage|p2a: Forretress|3/100\n|\n|-heal|p2a: Forretress|9/100|[from] item: Leftovers\n|-fieldend|move: Electric Terrain\n|upkeep\n|turn|6\n|inactive|Time left: 300 sec this turn | 300 sec total\n|\n|t:|1783563752\n|move|p2a: Forretress|Spikes|p1a: Rhyperior\n|-sidestart|p1: p0x2119d4fa|Spikes\n|move|p1a: Rhyperior|Earthquake|p2a: Forretress\n|-damage|p2a: Forretress|0 fnt\n|faint|p2a: Forretress\n|\n|upkeep\n|\n|t:|1783563753\n|switch|p2a: Victreebel|Victreebel, L90, M|100/100\n|turn|7\n|inactive|Time left: 300 sec this turn | 300 sec total\n|\n|t:|1783563754\n|move|p2a: Victreebel|Power Whip|p1a: Rhyperior\n|-supereffective|p1a: Rhyperior\n|-damage|p1a: Rhyperior|0 fnt\n|faint|p1a: Rhyperior\n|-damage|p2a: Victreebel|90/100|[from] item: Life Orb\n|\n|upkeep\n|inactive|Time left: 300 sec this turn | 300 sec total | 5 sec grace\n|\n|t:|1783563755\n|switch|p1a: Oricorio|Oricorio-Sensu, L85, M|266/266\n|turn|8\n|inactive|Time left: 300 sec this turn | 300 sec total\n|\n|t:|1783563756\n|switch|p2a: Miraidon|Miraidon, L65|82/100\n|-fieldstart|move: Electric Terrain|[from] ability: Hadron Engine|[of] p2a: Miraidon\n|move|p1a: Oricorio|Quiver Dance|p1a: Oricorio\n|-boost|p1a: Oricorio|spa|1\n|-boost|p1a: Oricorio|spd|1\n|-boost|p1a: Oricorio|spe|1\n|\n|upkeep\n|turn|9\n|inactive|Time left: 300 sec this turn | 300 sec total\n|\n|t:|1783563757\n|-terastallize|p1a: Oricorio|Fighting\n|move|p1a: Oricorio|Quiver Dance|p1a: Oricorio\n|-boost|p1a: Oricorio|spa|1\n|-boost|p1a: Oricorio|spd|1\n|-boost|p1a: Oricorio|spe|1\n|move|p2a: Miraidon|Electro Drift|p1a: Oricorio\n|-damage|p1a: Oricorio|128/266\n|\n|upkeep\n|turn|10\n|inactive|Time left: 300 sec this turn | 300 sec total\n|\n|t:|1783563758\n|switch|p2a: Victreebel|Victreebel, L90, M|90/100\n|move|p1a: Oricorio|Revelation Dance|p2a: Victreebel\n|-resisted|p2a: Victreebel\n|-damage|p2a: Victreebel|53/100\n|\n|upkeep\n|turn|11\n|inactive|Time left: 300 sec this turn | 300 sec total\n|\n|t:|1783563759\n|move|p1a: Oricorio|Hurricane|p2a: Victreebel\n|-supereffective|p2a: Victreebel\n|-damage|p2a: Victreebel|0 fnt\n|faint|p2a: Victreebel\n|\n|upkeep\n|\n|t:|1783563760\n|switch|p2a: Komala|Komala, L87, M|100/100\n|-ability|p2a: Komala|Comatose\n|turn|12\n|inactive|Time left: 300 sec this turn | 300 sec total\n|\n|t:|1783563761\n|-terastallize|p2a: Komala|Ghost\n|move|p1a: Oricorio|Roost|p1a: Oricorio\n|-heal|p1a: Oricorio|261/266\n|move|p2a: Komala|Body Slam|p1a: Oricorio\n|-damage|p1a: Oricorio|140/266\n|\n|-fieldend|move: Electric Terrain\n|upkeep\n|turn|13\n|inactive|Time left: 300 sec this turn | 300 sec total\n|\n|t:|1783563762\n|move|p1a: Oricorio|Hurricane|p2a: Komala\n|-damage|p2a: Komala|8/100\n|move|p2a: Komala|Body Slam|p1a: Oricorio\n|-damage|p1a: Oricorio|7/266\n|-status|p1a: Oricorio|par\n|\n|upkeep\n|turn|14\n|inactive|Time left: 300 sec this turn | 300 sec total\n|\n|t:|1783563763\n|move|p2a: Komala|Body Slam|p1a: Oricorio\n|-damage|p1a: Oricorio|0 fnt\n|faint|p1a: Oricorio\n|\n|upkeep\n|inactive|Time left: 300 sec this turn | 300 sec total | 5 sec grace\n|\n|t:|1783563764\n|switch|p1a: Mandibuzz|Mandibuzz, L85, F|326/326\n|turn|15\n|inactive|Time left: 300 sec this turn | 300 sec total\n|\n|t:|1783563766\n|move|p2a: Komala|Body Slam|p1a: Mandibuzz\n|-damage|p1a: Mandibuzz|233/326\n|move|p1a: Mandibuzz|Foul Play|p2a: Komala\n|-supereffective|p2a: Komala\n|-damage|p2a: Komala|0 fnt\n|faint|p2a: Komala\n|\n|upkeep\n|\n|t:|1783563766\n|switch|p2a: Miraidon|Miraidon, L65|82/100\n|-fieldstart|move: Electric Terrain|[from] ability: Hadron Engine|[of] p2a: Miraidon\n|turn|16\n|inactive|Time left: 300 sec this turn | 300 sec total\n|\n|t:|1783563767\n|switch|p1a: Electrode|Electrode, L92|126/260\n|-damage|p1a: Electrode|94/260|[from] Stealth Rock\n|-damage|p1a: Electrode|51/260|[from] Spikes\n|move|p2a: Miraidon|Electro Drift|p1a: Electrode\n|-resisted|p1a: Electrode\n|-damage|p1a: Electrode|0 fnt\n|-damage|p2a: Miraidon|58/100|[from] ability: Aftermath|[of] p1a: Electrode\n|faint|p1a: Electrode\n|\n|upkeep\n|inactive|Time left: 300 sec this turn | 300 sec total | 5 sec grace\n|\n|t:|1783563768\n|switch|p1a: Inteleon|Inteleon, L81, M|246/246\n|-damage|p1a: Inteleon|216/246|[from] Stealth Rock\n|-damage|p1a: Inteleon|175/246|[from] Spikes\n|turn|17\n|inactive|Time left: 300 sec this turn | 300 sec total\n|\n|t:|1783563769\n|move|p1a: Inteleon|Ice Beam|p2a: Miraidon\n|-supereffective|p2a: Miraidon\n|-damage|p2a: Miraidon|0 fnt\n|faint|p2a: Miraidon\n|\n|upkeep\n|\n|t:|1783563770\n|switch|p2a: Bellibolt|Bellibolt, L84, F|100/100\n|turn|18\n|inactive|Time left: 300 sec this turn | 300 sec total\n|\n|t:|1783563771\n|move|p1a: Inteleon|Ice Beam|p2a: Bellibolt\n|-damage|p2a: Bellibolt|63/100\n|-start|p2a: Bellibolt|Charge|Ice Beam|[from] ability: Electromorphosis\n|move|p2a: Bellibolt|Thunderbolt|p1a: Inteleon\n|-supereffective|p1a: Inteleon\n|-damage|p1a: Inteleon|0 fnt\n|faint|p1a: Inteleon\n|-end|p2a: Bellibolt|Charge|[silent]\n|\n|-heal|p2a: Bellibolt|69/100|[from] item: Leftovers\n|upkeep\n|inactive|Time left: 300 sec this turn | 300 sec total | 5 sec grace\n|\n|t:|1783563771\n|switch|p1a: Mandibuzz|Mandibuzz, L85, F|233/326\n|turn|19\n|inactive|Time left: 300 sec this turn | 300 sec total\n|\n|t:|1783563772\n|move|p1a: Mandibuzz|Roost|p1a: Mandibuzz\n|-heal|p1a: Mandibuzz|326/326\n|-singleturn|p1a: Mandibuzz|move: Roost\n|move|p2a: Bellibolt|Thunderbolt|p1a: Mandibuzz\n|-damage|p1a: Mandibuzz|209/326\n|\n|-heal|p2a: Bellibolt|75/100|[from] item: Leftovers\n|upkeep\n|turn|20\n|inactive|Time left: 300 sec this turn | 300 sec total\n|\n|t:|1783563773\n|move|p1a: Mandibuzz|Roost|p1a: Mandibuzz\n|-heal|p1a: Mandibuzz|326/326\n|-singleturn|p1a: Mandibuzz|move: Roost\n|move|p2a: Bellibolt|Thunderbolt|p1a: Mandibuzz\n|-damage|p1a: Mandibuzz|203/326\n|\n|-heal|p2a: Bellibolt|82/100|[from] item: Leftovers\n|-fieldend|move: Electric Terrain\n|upkeep\n|turn|21\n|inactive|Time left: 300 sec this turn | 300 sec total\n|\n|t:|1783563774\n|move|p1a: Mandibuzz|Roost|p1a: Mandibuzz\n|-heal|p1a: Mandibuzz|326/326\n|-singleturn|p1a: Mandibuzz|move: Roost\n|move|p2a: Bellibolt|Thunderbolt|p1a: Mandibuzz\n|-damage|p1a: Mandibuzz|235/326\n|\n|-heal|p2a: Bellibolt|88/100|[from] item: Leftovers\n|upkeep\n|turn|22\n|inactive|Time left: 300 sec this turn | 300 sec total\n|\n|t:|1783563775\n|move|p1a: Mandibuzz|Toxic|p2a: Bellibolt\n|-status|p2a: Bellibolt|tox\n|move|p2a: Bellibolt|Thunderbolt|p1a: Mandibuzz\n|-supereffective|p1a: Mandibuzz\n|-damage|p1a: Mandibuzz|35/326\n|\n|-heal|p2a: Bellibolt|94/100 tox|[from] item: Leftovers\n|-damage|p2a: Bellibolt|88/100 tox|[from] psn\n|upkeep\n|turn|23\n|inactive|Time left: 300 sec this turn | 300 sec total\n|\n|t:|1783563776\n|move|p1a: Mandibuzz|Roost|p1a: Mandibuzz\n|-heal|p1a: Mandibuzz|198/326\n|-singleturn|p1a: Mandibuzz|move: Roost\n|move|p2a: Bellibolt|Toxic|p1a: Mandibuzz\n|-status|p1a: Mandibuzz|tox\n|\n|-heal|p2a: Bellibolt|94/100 tox|[from] item: Leftovers\n|-damage|p1a: Mandibuzz|178/326 tox|[from] psn\n|-damage|p2a: Bellibolt|82/100 tox|[from] psn\n|upkeep\n|turn|24\n|inactive|Time left: 300 sec this turn | 300 sec total\n|\n|t:|1783563777\n|move|p1a: Mandibuzz|Roost|p1a: Mandibuzz\n|-heal|p1a: Mandibuzz|326/326 tox\n|-singleturn|p1a: Mandibuzz|move: Roost\n|move|p2a: Bellibolt|Thunderbolt|p1a: Mandibuzz\n|-damage|p1a: Mandibuzz|233/326 tox\n|\n|-heal|p2a: Bellibolt|88/100 tox|[from] item: Leftovers\n|-damage|p1a: Mandibuzz|193/326 tox|[from] psn\n|-damage|p2a: Bellibolt|69/100 tox|[from] psn\n|upkeep\n|turn|25\n|inactive|Time left: 300 sec this turn | 300 sec total\n|\n|t:|1783563778\n|switch|p1a: Zangoose|Zangoose, L85, M|263/263\n|-damage|p1a: Zangoose|231/263|[from] Stealth Rock\n|-damage|p1a: Zangoose|188/263|[from] Spikes\n|switch|p2a: Slither Wing|Slither Wing, L81|100/100\n|\n|-status|p1a: Zangoose|tox|[from] item: Toxic Orb\n|upkeep\n|turn|26\n|inactive|Time left: 300 sec this turn | 300 sec total\n|\n|t:|1783563779\n|move|p1a: Zangoose|Facade|p2a: Slither Wing\n|-damage|p2a: Slither Wing|0 fnt\n|faint|p2a: Slither Wing\n|-end|p2a: Slither Wing|Protosynthesis|[silent]\n|\n|-damage|p1a: Zangoose|172/263 tox|[from] psn\n|upkeep\n|\n|t:|1783563780\n|switch|p2a: Bellibolt|Bellibolt, L84, F|69/100 tox\n|turn|27\n|inactive|Time left: 300 sec this turn | 300 sec total\n|\n|t:|1783563781\n|move|p1a: Zangoose|Facade|p2a: Bellibolt\n|-damage|p2a: Bellibolt|0 fnt\n|faint|p2a: Bellibolt\n|\n|win|p0x2119d4fa", "uploadtime": 1783563781, "views": 0, "rating": 0, "private": 0, "password": null, "_winner": "p0x2119d4fa", "_our_name": "p0x2119d4fa"}