{"id": "battle-gen9randombattle-1661", "formatid": "gen9randombattle", "format": "[Gen 9] Random Battle", "players": ["p0x166105e3", "p0y16614a70"], "log": "|init|battle\n|title|p0x166105e3 vs. p0y16614a70\n|j|\u2606p0x166105e3\n|j|\u2606p0y16614a70\n|t:|1783559236\n|gametype|singles\n|player|p1|p0x166105e3|1|\n|player|p2|p0y16614a70|266|\n|gen|9\n|tier|[Gen 9] Random Battle\n|rule|Species Clause: Limit one of each Pok\u00e9mon\n|rule|HP Percentage Mod: HP is shown in percentages\n|rule|Sleep Clause Mod: Limit one foe put to sleep\n|rule|Illusion Level Mod: Illusion disguises the Pok\u00e9mon's true level\n|\n|t:|1783559236\n|teamsize|p1|6\n|teamsize|p2|6\n|start\n|switch|p1a: Oricorio|Oricorio-Sensu, L85, F|100/100\n|switch|p2a: Probopass|Probopass, L91, F|257/257\n|turn|1\n|inactive|Battle timer is ON: inactive players will automatically lose when time's up. (requested by p0x166105e3)\n|inactive|Time left: 300 sec this turn | 300 sec total | 60 sec grace\n|inactive|p0y16614a70 also wants the timer to be on.\n|\n|t:|1783559238\n|move|p1a: Oricorio|Quiver Dance|p1a: Oricorio\n|-boost|p1a: Oricorio|spa|1\n|-boost|p1a: Oricorio|spd|1\n|-boost|p1a: Oricorio|spe|1\n|move|p2a: Probopass|Flash Cannon|p1a: Oricorio\n|-crit|p1a: Oricorio\n|-damage|p1a: Oricorio|45/100\n|\n|upkeep\n|turn|2\n|inactive|Time left: 300 sec this turn | 300 sec total\n|\n|t:|1783559239\n|switch|p2a: Dewgong|Dewgong, L94, F|322/322\n|move|p1a: Oricorio|Quiver Dance|p1a: Oricorio\n|-boost|p1a: Oricorio|spa|1\n|-boost|p1a: Oricorio|spd|1\n|-boost|p1a: Oricorio|spe|1\n|\n|upkeep\n|turn|3\n|inactive|Time left: 300 sec this turn | 300 sec total\n|\n|t:|1783559241\n|move|p1a: Oricorio|Roost|p1a: Oricorio\n|-heal|p1a: Oricorio|95/100\n|-singleturn|p1a: Oricorio|move: Roost\n|move|p2a: Dewgong|Triple Axel|p1a: Oricorio\n|-damage|p1a: Oricorio|86/100\n|-damage|p1a: Oricorio|67/100\n|-damage|p1a: Oricorio|40/100\n|-hitcount|p1a: Oricorio|3\n|\n|upkeep\n|turn|4\n|inactive|Time left: 300 sec this turn | 300 sec total\n|\n|t:|1783559242\n|move|p1a: Oricorio|Roost|p1a: Oricorio\n|-heal|p1a: Oricorio|90/100\n|-singleturn|p1a: Oricorio|move: Roost\n|move|p2a: Dewgong|Triple Axel|p1a: Oricorio\n|-damage|p1a: Oricorio|81/100\n|-damage|p1a: Oricorio|63/100\n|-damage|p1a: Oricorio|36/100\n|-hitcount|p1a: Oricorio|3\n|\n|upkeep\n|turn|5\n|inactive|Time left: 300 sec this turn | 300 sec total\n|\n|t:|1783559243\n|move|p1a: Oricorio|Roost|p1a: Oricorio\n|-heal|p1a: Oricorio|86/100\n|-singleturn|p1a: Oricorio|move: Roost\n|move|p2a: Dewgong|Triple Axel|p1a: Oricorio\n|-damage|p1a: Oricorio|77/100\n|-damage|p1a: Oricorio|58/100\n|-damage|p1a: Oricorio|30/100\n|-hitcount|p1a: Oricorio|3\n|\n|upkeep\n|turn|6\n|inactive|Time left: 300 sec this turn | 300 sec total\n|\n|t:|1783559244\n|move|p1a: Oricorio|Roost|p1a: Oricorio\n|-heal|p1a: Oricorio|80/100\n|-singleturn|p1a: Oricorio|move: Roost\n|move|p2a: Dewgong|Triple Axel|p1a: Oricorio\n|-damage|p1a: Oricorio|70/100\n|-damage|p1a: Oricorio|51/100\n|-damage|p1a: Oricorio|22/100\n|-hitcount|p1a: Oricorio|3\n|\n|upkeep\n|turn|7\n|inactive|Time left: 300 sec this turn | 300 sec total\n|\n|t:|1783559245\n|move|p1a: Oricorio|Roost|p1a: Oricorio\n|-heal|p1a: Oricorio|72/100\n|-singleturn|p1a: Oricorio|move: Roost\n|move|p2a: Dewgong|Triple Axel|p1a: Oricorio\n|-damage|p1a: Oricorio|62/100\n|-damage|p1a: Oricorio|45/100\n|-damage|p1a: Oricorio|19/100\n|-hitcount|p1a: Oricorio|3\n|\n|upkeep\n|turn|8\n|inactive|Time left: 300 sec this turn | 300 sec total\n|\n|t:|1783559246\n|move|p1a: Oricorio|Roost|p1a: Oricorio\n|-heal|p1a: Oricorio|69/100\n|-singleturn|p1a: Oricorio|move: Roost\n|move|p2a: Dewgong|Triple Axel|p1a: Oricorio\n|-damage|p1a: Oricorio|60/100\n|-damage|p1a: Oricorio|40/100\n|-damage|p1a: Oricorio|12/100\n|-hitcount|p1a: Oricorio|3\n|\n|upkeep\n|turn|9\n|inactive|Time left: 300 sec this turn | 300 sec total\n|\n|t:|1783559247\n|move|p1a: Oricorio|Roost|p1a: Oricorio\n|-heal|p1a: Oricorio|62/100\n|-singleturn|p1a: Oricorio|move: Roost\n|move|p2a: Dewgong|Knock Off|p1a: Oricorio\n|-supereffective|p1a: Oricorio\n|-damage|p1a: Oricorio|0 fnt\n|-enditem|p1a: Oricorio|Heavy-Duty Boots|[from] move: Knock Off|[of] p2a: Dewgong\n|faint|p1a: Oricorio\n|\n|upkeep\n|\n|t:|1783559248\n|switch|p1a: Lucario|Lucario, L84, F|100/100\n|turn|10\n|inactive|Time left: 300 sec this turn | 300 sec total\n|\n|t:|1783559249\n|move|p1a: Lucario|Close Combat|p2a: Dewgong\n|-supereffective|p2a: Dewgong\n|-damage|p2a: Dewgong|0 fnt\n|-unboost|p1a: Lucario|def|1\n|-unboost|p1a: Lucario|spd|1\n|faint|p2a: Dewgong\n|\n|upkeep\n|inactive|Time left: 300 sec this turn | 300 sec total | 5 sec grace\n|\n|t:|1783559250\n|switch|p2a: Seviper|Seviper, L93, F|287/287\n|turn|11\n|inactive|Time left: 300 sec this turn | 300 sec total\n|\n|t:|1783559251\n|move|p1a: Lucario|Close Combat|p2a: Seviper\n|-resisted|p2a: Seviper\n|-damage|p2a: Seviper|170/287\n|-unboost|p1a: Lucario|def|1\n|-unboost|p1a: Lucario|spd|1\n|move|p2a: Seviper|Earthquake|p1a: Lucario\n|-supereffective|p1a: Lucario\n|-damage|p1a: Lucario|0 fnt\n|faint|p1a: Lucario\n|\n|-heal|p2a: Seviper|187/287|[from] item: Leftovers\n|upkeep\n|\n|t:|1783559252\n|switch|p1a: Greedent|Greedent, L86, F|100/100\n|turn|12\n|inactive|Time left: 300 sec this turn | 300 sec total\n|\n|t:|1783559253\n|switch|p2a: Bellossom|Bellossom, L84, F|263/263\n|move|p1a: Greedent|Swords Dance|p1a: Greedent\n|-boost|p1a: Greedent|atk|2\n|\n|upkeep\n|turn|13\n|inactive|Time left: 300 sec this turn | 300 sec total\n|\n|t:|1783559254\n|move|p2a: Bellossom|Quiver Dance|p2a: Bellossom\n|-boost|p2a: Bellossom|spa|1\n|-boost|p2a: Bellossom|spd|1\n|-boost|p2a: Bellossom|spe|1\n|move|p1a: Greedent|Body Slam|p2a: Bellossom\n|-damage|p2a: Bellossom|98/263\n|\n|-heal|p2a: Bellossom|114/263|[from] item: Leftovers\n|upkeep\n|turn|14\n|inactive|Time left: 300 sec this turn | 300 sec total\n|\n|t:|1783559255\n|move|p2a: Bellossom|Strength Sap|p1a: Greedent\n|-unboost|p1a: Greedent|atk|1\n|-heal|p2a: Bellossom|263/263\n|move|p1a: Greedent|Swords Dance|p1a: Greedent\n|-boost|p1a: Greedent|atk|2\n|\n|upkeep\n|turn|15\n|inactive|Time left: 300 sec this turn | 300 sec total\n|\n|t:|1783559256\n|move|p2a: Bellossom|Strength Sap|p1a: Greedent\n|-unboost|p1a: Greedent|atk|1\n|move|p1a: Greedent|Body Slam|p2a: Bellossom\n|-damage|p2a: Bellossom|83/263\n|\n|-heal|p2a: Bellossom|99/263|[from] item: Leftovers\n|upkeep\n|turn|16\n|inactive|Time left: 300 sec this turn | 300 sec total\n|\n|t:|1783559257\n|move|p2a: Bellossom|Strength Sap|p1a: Greedent\n|-unboost|p1a: Greedent|atk|1\n|-heal|p2a: Bellossom|263/263\n|move|p1a: Greedent|Swords Dance|p1a: Greedent\n|-boost|p1a: Greedent|atk|2\n|\n|upkeep\n|turn|17\n|inactive|Time left: 300 sec this turn | 300 sec total\n|\n|t:|1783559257\n|move|p2a: Bellossom|Giga Drain|p1a: Greedent\n|-damage|p1a: Greedent|67/100\n|move|p1a: Greedent|Body Slam|p2a: Bellossom\n|-damage|p2a: Bellossom|38/263\n|-status|p2a: Bellossom|par\n|\n|-heal|p2a: Bellossom|54/263 par|[from] item: Leftovers\n|upkeep\n|turn|18\n|inactive|Time left: 300 sec this turn | 300 sec total\n|\n|t:|1783559258\n|cant|p2a: Bellossom|par\n|move|p1a: Greedent|Body Slam|p2a: Bellossom\n|-damage|p2a: Bellossom|0 fnt\n|faint|p2a: Bellossom\n|\n|upkeep\n|inactive|Time left: 300 sec this turn | 300 sec total | 5 sec grace\n|\n|t:|1783559259\n|switch|p2a: Probopass|Probopass, L91, F|257/257\n|turn|19\n|inactive|Time left: 300 sec this turn | 300 sec total\n|\n|t:|1783559260\n|-terastallize|p2a: Probopass|Fighting\n|-terastallize|p1a: Greedent|Ground\n|move|p2a: Probopass|Iron Defense|p2a: Probopass\n|-boost|p2a: Probopass|def|2\n|move|p1a: Greedent|Earthquake|p2a: Probopass\n|-damage|p2a: Probopass|178/257\n|\n|upkeep\n|turn|20\n|inactive|Time left: 300 sec this turn | 300 sec total\n|\n|t:|1783559262\n|switch|p1a: Enamorus|Enamorus-Therian, L83, F|100/100\n|move|p2a: Probopass|Body Press|p1a: Enamorus\n|-resisted|p1a: Enamorus\n|-damage|p1a: Enamorus|77/100\n|\n|upkeep\n|turn|21\n|inactive|Time left: 300 sec this turn | 300 sec total\n|\n|t:|1783559263\n|move|p2a: Probopass|Flash Cannon|p1a: Enamorus\n|-supereffective|p1a: Enamorus\n|-damage|p1a: Enamorus|16/100\n|-enditem|p1a: Enamorus|Weakness Policy\n|-boost|p1a: Enamorus|atk|2|[from] item: Weakness Policy\n|-boost|p1a: Enamorus|spa|2|[from] item: Weakness Policy\n|move|p1a: Enamorus|Moonblast|p2a: Probopass\n|-supereffective|p2a: Probopass\n|-damage|p2a: Probopass|0 fnt\n|faint|p2a: Probopass\n|\n|upkeep\n|inactive|Time left: 300 sec this turn | 300 sec total | 5 sec grace\n|\n|t:|1783559264\n|switch|p2a: Meowscarada|Meowscarada, L78, M|247/247\n|turn|22\n|inactive|Time left: 300 sec this turn | 300 sec total\n|\n|t:|1783559265\n|move|p2a: Meowscarada|Flower Trick|p1a: Enamorus\n|-start|p2a: Meowscarada|typechange|Grass|[from] ability: Protean\n|-resisted|p1a: Enamorus\n|-crit|p1a: Enamorus\n|-damage|p1a: Enamorus|0 fnt\n|faint|p1a: Enamorus\n|\n|upkeep\n|\n|t:|1783559265\n|switch|p1a: Glaceon|Glaceon, L94, M|100/100\n|turn|23\n|inactive|Time left: 300 sec this turn | 300 sec total\n|\n|t:|1783559266\n|move|p2a: Meowscarada|U-turn|p1a: Glaceon\n|-damage|p1a: Glaceon|87/100\n|inactive|Time left: 300 sec this turn | 300 sec total | 5 sec grace\n|\n|t:|1783559267\n|switch|p2a: Klefki|Klefki, L84, M|233/233|[from] U-turn\n|move|p1a: Glaceon|Freeze-Dry|p2a: Klefki\n|-resisted|p2a: Klefki\n|-damage|p2a: Klefki|172/233\n|\n|-heal|p2a: Klefki|186/233|[from] item: Leftovers\n|upkeep\n|turn|24\n|inactive|Time left: 300 sec this turn | 300 sec total\n|\n|t:|1783559268\n|move|p2a: Klefki|Thunder Wave|p1a: Glaceon|[miss]\n|-miss|p2a: Klefki|p1a: Glaceon\n|move|p1a: Glaceon|Mud Shot|p2a: Klefki\n|-supereffective|p2a: Klefki\n|-damage|p2a: Klefki|68/233\n|-unboost|p2a: Klefki|spe|1\n|\n|-heal|p2a: Klefki|82/233|[from] item: Leftovers\n|upkeep\n|turn|25\n|inactive|Time left: 300 sec this turn | 300 sec total\n|\n|t:|1783559269\n|move|p2a: Klefki|Thunder Wave|p1a: Glaceon\n|-status|p1a: Glaceon|par\n|move|p1a: Glaceon|Mud Shot|p2a: Klefki\n|-supereffective|p2a: Klefki\n|-damage|p2a: Klefki|0 fnt\n|faint|p2a: Klefki\n|\n|upkeep\n|inactive|Time left: 300 sec this turn | 300 sec total | 5 sec grace\n|\n|t:|1783559270\n|switch|p2a: Seviper|Seviper, L93, F|187/287\n|turn|26\n|inactive|Time left: 300 sec this turn | 300 sec total\n|\n|t:|1783559271\n|switch|p1a: Greedent|Greedent, L86, F, tera:Ground|67/100\n|move|p2a: Seviper|Gunk Shot|p1a: Greedent\n|-resisted|p1a: Greedent\n|-crit|p1a: Greedent\n|-damage|p1a: Greedent|36/100\n|-enditem|p1a: Greedent|Sitrus Berry|[eat]\n|-heal|p1a: Greedent|60/100|[from] item: Sitrus Berry\n|-heal|p1a: Greedent|94/100|[from] ability: Cheek Pouch\n|\n|-heal|p2a: Seviper|204/287|[from] item: Leftovers\n|upkeep\n|turn|27\n|inactive|Time left: 300 sec this turn | 300 sec total\n|\n|t:|1783559272\n|switch|p2a: Meowscarada|Meowscarada, L78, M|247/247\n|move|p1a: Greedent|Earthquake|p2a: Meowscarada\n|-resisted|p2a: Meowscarada\n|-damage|p2a: Meowscarada|175/247\n|\n|upkeep\n|turn|28\n|inactive|Time left: 300 sec this turn | 300 sec total\n|\n|t:|1783559273\n|move|p2a: Meowscarada|Flower Trick|p1a: Greedent\n|-start|p2a: Meowscarada|typechange|Grass|[from] ability: Protean\n|-supereffective|p1a: Greedent\n|-crit|p1a: Greedent\n|-damage|p1a: Greedent|39/100\n|move|p1a: Greedent|Body Slam|p2a: Meowscarada\n|-damage|p2a: Meowscarada|64/247\n|-status|p2a: Meowscarada|par\n|\n|upkeep\n|turn|29\n|inactive|Time left: 300 sec this turn | 300 sec total\n|\n|t:|1783559274\n|move|p2a: Meowscarada|Flower Trick|p1a: Greedent\n|-supereffective|p1a: Greedent\n|-crit|p1a: Greedent\n|-damage|p1a: Greedent|0 fnt\n|faint|p1a: Greedent\n|\n|upkeep\n|\n|t:|1783559275\n|switch|p1a: Glaceon|Glaceon, L94, M|87/100 par\n|turn|30\n|inactive|Time left: 300 sec this turn | 300 sec total\n|\n|t:|1783559276\n|move|p2a: Meowscarada|Flower Trick|p1a: Glaceon\n|-crit|p1a: Glaceon\n|-damage|p1a: Glaceon|54/100 par\n|move|p1a: Glaceon|Mud Shot|p2a: Meowscarada\n|-resisted|p2a: Meowscarada\n|-damage|p2a: Meowscarada|28/247 par\n|-unboost|p2a: Meowscarada|spe|1\n|\n|upkeep\n|turn|31\n|inactive|Time left: 300 sec this turn | 300 sec total\n|\n|t:|1783559277\n|cant|p1a: Glaceon|par\n|move|p2a: Meowscarada|U-turn|p1a: Glaceon\n|-damage|p1a: Glaceon|40/100 par\n|inactive|Time left: 300 sec this turn | 300 sec total | 5 sec grace\n|\n|t:|1783559278\n|switch|p2a: Seviper|Seviper, L93, F|204/287|[from] U-turn\n|\n|-heal|p2a: Seviper|221/287|[from] item: Leftovers\n|upkeep\n|turn|32\n|inactive|Time left: 300 sec this turn | 300 sec total\n|\n|t:|1783559279\n|move|p1a: Glaceon|Protect|p1a: Glaceon\n|-singleturn|p1a: Glaceon|Protect\n|move|p2a: Seviper|Gunk Shot|p1a: Glaceon\n|-activate|p1a: Glaceon|move: Protect\n|\n|-heal|p2a: Seviper|238/287|[from] item: Leftovers\n|upkeep\n|turn|33\n|inactive|Time left: 300 sec this turn | 300 sec total\n|\n|t:|1783559280\n|move|p2a: Seviper|Gunk Shot|p1a: Glaceon\n|-damage|p1a: Glaceon|0 fnt\n|faint|p1a: Glaceon\n|\n|-heal|p2a: Seviper|255/287|[from] item: Leftovers\n|upkeep\n|\n|t:|1783559281\n|switch|p1a: Comfey|Comfey, L85, M|100/100\n|turn|34\n|inactive|Time left: 300 sec this turn | 300 sec total\n|\n|t:|1783559282\n|move|p1a: Comfey|Calm Mind|p1a: Comfey\n|-boost|p1a: Comfey|spa|1\n|-boost|p1a: Comfey|spd|1\n|move|p2a: Seviper|Gunk Shot|p1a: Comfey\n|-supereffective|p1a: Comfey\n|-damage|p1a: Comfey|0 fnt\n|faint|p1a: Comfey\n|\n|win|p0y16614a70", "uploadtime": 1783559282, "views": 0, "rating": 0, "private": 0, "password": null, "_winner": "p0y16614a70", "_our_name": "p0y16614a70"}