{"id": "battle-gen9randombattle-372", "formatid": "gen9randombattle", "format": "[Gen 9] Random Battle", "players": ["p0x372e9e9", "p0y372c6cc"], "log": "|init|battle\n|title|p0x372e9e9 vs. p0y372c6cc\n|j|\u2606p0x372e9e9\n|j|\u2606p0y372c6cc\n|t:|1783543984\n|gametype|singles\n|player|p1|p0x372e9e9|265|\n|player|p2|p0y372c6cc|102|\n|gen|9\n|tier|[Gen 9] Random Battle\n|rule|Species Clause: Limit one of each Pok\u00e9mon\n|rule|HP Percentage Mod: HP is shown in percentages\n|rule|Sleep Clause Mod: Limit one foe put to sleep\n|rule|Illusion Level Mod: Illusion disguises the Pok\u00e9mon's true level\n|\n|t:|1783543984\n|teamsize|p1|6\n|teamsize|p2|6\n|start\n|switch|p1a: Revavroom|Revavroom, L79, M|100/100\n|switch|p2a: Luvdisc|Luvdisc, F|247/247\n|turn|1\n|inactive|Battle timer is ON: inactive players will automatically lose when time's up. (requested by p0x372e9e9)\n|inactive|Time left: 300 sec this turn | 300 sec total | 60 sec grace\n|inactive|p0y372c6cc also wants the timer to be on.\n|\n|t:|1783543986\n|move|p2a: Luvdisc|Flip Turn|p1a: Revavroom\n|-damage|p1a: Revavroom|84/100\n|inactive|Time left: 300 sec this turn | 300 sec total | 65 sec grace\n|\n|t:|1783543987\n|switch|p2a: Clawitzer|Clawitzer, L87, M|265/265|[from] Flip Turn\n|move|p1a: Revavroom|Shift Gear|p1a: Revavroom\n|-boost|p1a: Revavroom|spe|2\n|-boost|p1a: Revavroom|atk|1\n|\n|upkeep\n|turn|2\n|inactive|Time left: 300 sec this turn | 300 sec total\n|\n|t:|1783543988\n|move|p1a: Revavroom|Gunk Shot|p2a: Clawitzer\n|-damage|p2a: Clawitzer|35/265\n|-damage|p1a: Revavroom|74/100|[from] item: Life Orb\n|move|p2a: Clawitzer|Water Pulse|p1a: Revavroom\n|-damage|p1a: Revavroom|0 fnt\n|faint|p1a: Revavroom\n|\n|upkeep\n|\n|t:|1783543989\n|switch|p1a: Cloyster|Cloyster, L80, M|100/100\n|turn|3\n|inactive|Time left: 300 sec this turn | 300 sec total\n|\n|t:|1783543990\n|move|p1a: Cloyster|Shell Smash|p1a: Cloyster\n|-unboost|p1a: Cloyster|def|1\n|-unboost|p1a: Cloyster|spd|1\n|-boost|p1a: Cloyster|atk|2\n|-boost|p1a: Cloyster|spa|2\n|-boost|p1a: Cloyster|spe|2\n|-enditem|p1a: Cloyster|White Herb\n|-clearnegativeboost|p1a: Cloyster|[silent]\n|move|p2a: Clawitzer|Water Pulse|p1a: Cloyster\n|-resisted|p1a: Cloyster\n|-damage|p1a: Cloyster|27/100\n|\n|upkeep\n|turn|4\n|inactive|Time left: 300 sec this turn | 300 sec total\n|\n|t:|1783543991\n|move|p1a: Cloyster|Icicle Spear|p2a: Clawitzer\n|-resisted|p2a: Clawitzer\n|-damage|p2a: Clawitzer|12/265\n|-resisted|p2a: Clawitzer\n|-damage|p2a: Clawitzer|0 fnt\n|faint|p2a: Clawitzer\n|-hitcount|p2: Clawitzer|2\n|\n|upkeep\n|inactive|Time left: 300 sec this turn | 300 sec total | 5 sec grace\n|\n|t:|1783543991\n|switch|p2a: Crabominable|Crabominable, L90, F|321/321\n|turn|5\n|inactive|Time left: 300 sec this turn | 300 sec total\n|\n|t:|1783543992\n|move|p1a: Cloyster|Rock Blast|p2a: Crabominable\n|-damage|p2a: Crabominable|288/321\n|-damage|p2a: Crabominable|251/321\n|-damage|p2a: Crabominable|219/321\n|-damage|p2a: Crabominable|185/321\n|-damage|p2a: Crabominable|152/321\n|-hitcount|p2a: Crabominable|5\n|move|p2a: Crabominable|Drain Punch|p1a: Cloyster\n|-supereffective|p1a: Cloyster\n|-damage|p1a: Cloyster|0 fnt\n|-heal|p2a: Crabominable|180/321|[from] drain|[of] p1a: Cloyster\n|faint|p1a: Cloyster\n|\n|upkeep\n|\n|t:|1783543993\n|switch|p1a: Emboar|Emboar, L84, F|100/100\n|turn|6\n|inactive|Time left: 300 sec this turn | 300 sec total\n|\n|t:|1783543994\n|-terastallize|p2a: Crabominable|Water\n|move|p1a: Emboar|Flare Blitz|p2a: Crabominable\n|-resisted|p2a: Crabominable\n|-crit|p2a: Crabominable\n|-damage|p2a: Crabominable|45/321\n|-damage|p1a: Emboar|87/100|[from] Recoil\n|move|p2a: Crabominable|Drain Punch|p1a: Emboar\n|-damage|p1a: Emboar|33/100\n|-heal|p2a: Crabominable|131/321|[from] drain|[of] p1a: Emboar\n|\n|-heal|p1a: Emboar|40/100|[from] item: Leftovers\n|upkeep\n|turn|7\n|inactive|Time left: 300 sec this turn | 300 sec total\n|\n|t:|1783543996\n|-terastallize|p1a: Emboar|Fighting\n|move|p1a: Emboar|Drain Punch|p2a: Crabominable\n|-damage|p2a: Crabominable|1/321\n|-heal|p1a: Emboar|60/100|[from] drain|[of] p2a: Crabominable\n|move|p2a: Crabominable|Drain Punch|p1a: Emboar\n|-damage|p1a: Emboar|1/100\n|-heal|p2a: Crabominable|96/321|[from] drain|[of] p1a: Emboar\n|\n|-heal|p1a: Emboar|7/100|[from] item: Leftovers\n|upkeep\n|turn|8\n|inactive|Time left: 300 sec this turn | 300 sec total\n|\n|t:|1783543997\n|switch|p2a: Mismagius|Mismagius, L86, F|243/243\n|move|p1a: Emboar|Drain Punch|p2a: Mismagius\n|-immune|p2a: Mismagius\n|\n|-heal|p1a: Emboar|13/100|[from] item: Leftovers\n|upkeep\n|turn|9\n|inactive|Time left: 300 sec this turn | 300 sec total\n|\n|t:|1783543998\n|move|p2a: Mismagius|Shadow Ball|p1a: Emboar\n|-damage|p1a: Emboar|0 fnt\n|faint|p1a: Emboar\n|\n|upkeep\n|\n|t:|1783543999\n|switch|p1a: Espeon|Espeon, L84, F|100/100\n|turn|10\n|inactive|Time left: 300 sec this turn | 300 sec total\n|\n|t:|1783544000\n|move|p1a: Espeon|Calm Mind|p1a: Espeon\n|-boost|p1a: Espeon|spa|1\n|-boost|p1a: Espeon|spd|1\n|move|p2a: Mismagius|Shadow Ball|p1a: Espeon\n|-supereffective|p1a: Espeon\n|-damage|p1a: Espeon|32/100\n|\n|upkeep\n|turn|11\n|inactive|Time left: 300 sec this turn | 300 sec total\n|\n|t:|1783544001\n|switch|p2a: Gardevoir|Gardevoir, L83, M|249/249\n|-ability|p2a: Gardevoir|Magic Bounce|Trace|[from] ability: Trace|[of] p1a: Espeon\n|move|p1a: Espeon|Psyshock|p2a: Gardevoir\n|-resisted|p2a: Gardevoir\n|-damage|p2a: Gardevoir|129/249\n|-damage|p1a: Espeon|22/100|[from] item: Life Orb\n|\n|upkeep\n|turn|12\n|inactive|Time left: 300 sec this turn | 300 sec total\n|\n|t:|1783544002\n|move|p2a: Gardevoir|Moonblast|p1a: Espeon\n|-damage|p1a: Espeon|0 fnt\n|faint|p1a: Espeon\n|\n|upkeep\n|\n|t:|1783544003\n|switch|p1a: Scizor|Scizor, L79, M|100/100\n|turn|13\n|inactive|Time left: 300 sec this turn | 300 sec total\n|\n|t:|1783544004\n|move|p2a: Gardevoir|Moonblast|p1a: Scizor\n|-resisted|p1a: Scizor\n|-damage|p1a: Scizor|72/100\n|move|p1a: Scizor|Swords Dance|p1a: Scizor\n|-boost|p1a: Scizor|atk|2\n|\n|upkeep\n|turn|14\n|inactive|Time left: 300 sec this turn | 300 sec total\n|\n|t:|1783544006\n|move|p2a: Gardevoir|Moonblast|p1a: Scizor\n|-resisted|p1a: Scizor\n|-damage|p1a: Scizor|43/100\n|move|p1a: Scizor|Swords Dance|p1a: Scizor\n|-boost|p1a: Scizor|atk|2\n|\n|upkeep\n|turn|15\n|inactive|Time left: 300 sec this turn | 300 sec total\n|\n|t:|1783544007\n|move|p1a: Scizor|Bullet Punch|p2a: Gardevoir\n|-supereffective|p2a: Gardevoir\n|-damage|p2a: Gardevoir|0 fnt\n|faint|p2a: Gardevoir\n|-damage|p1a: Scizor|33/100|[from] item: Life Orb\n|\n|upkeep\n|inactive|Time left: 300 sec this turn | 300 sec total | 5 sec grace\n|\n|t:|1783544008\n|switch|p2a: Luvdisc|Luvdisc, F|247/247\n|turn|16\n|inactive|Time left: 300 sec this turn | 300 sec total\n|\n|t:|1783544009\n|move|p1a: Scizor|Bullet Punch|p2a: Luvdisc\n|-resisted|p2a: Luvdisc\n|-damage|p2a: Luvdisc|90/247\n|-damage|p1a: Scizor|23/100|[from] item: Life Orb\n|move|p2a: Luvdisc|Surf|p1a: Scizor\n|-damage|p1a: Scizor|0 fnt\n|faint|p1a: Scizor\n|\n|upkeep\n|\n|t:|1783544010\n|switch|p1a: Munkidori|Munkidori, L79, M|100/100\n|turn|17\n|inactive|Time left: 300 sec this turn | 300 sec total\n|\n|t:|1783544011\n|move|p1a: Munkidori|Fake Out|p2a: Luvdisc\n|-damage|p2a: Luvdisc|65/247\n|-status|p2a: Luvdisc|tox|[from] ability: Toxic Chain|[of] p1a: Munkidori\n|cant|p2a: Luvdisc|flinch\n|\n|-damage|p2a: Luvdisc|50/247 tox|[from] psn\n|upkeep\n|turn|18\n|inactive|Time left: 300 sec this turn | 300 sec total\n|\n|t:|1783544012\n|move|p1a: Munkidori|Fake Out||[still]\n|-hint|Fake Out only works on your first turn out.\n|-fail|p1a: Munkidori\n|move|p2a: Luvdisc|Endeavor|p1a: Munkidori\n|-damage|p1a: Munkidori|19/100\n|\n|-damage|p2a: Luvdisc|20/247 tox|[from] psn\n|upkeep\n|turn|19\n|inactive|Time left: 300 sec this turn | 300 sec total\n|\n|t:|1783544013\n|move|p2a: Luvdisc|Flip Turn|p1a: Munkidori\n|-damage|p1a: Munkidori|0 fnt\n|faint|p1a: Munkidori\n|\n|win|p0y372c6cc", "uploadtime": 1783544013, "views": 0, "rating": 0, "private": 0, "password": null, "_winner": "p0y372c6cc", "_our_name": "p0y372c6cc"}