{"id": "battle-gen9randombattle-2506", "formatid": "gen9randombattle", "format": "[Gen 9] Random Battle", "players": ["p0x25074098", "p0y25075e1b"], "log": "|init|battle\n|title|p0x25074098 vs. p0y25075e1b\n|j|\u2606p0x25074098\n|j|\u2606p0y25075e1b\n|t:|1783568056\n|gametype|singles\n|player|p1|p0x25074098|266|\n|player|p2|p0y25075e1b|2|\n|gen|9\n|tier|[Gen 9] Random Battle\n|rule|Species Clause: Limit one of each Pok\u00e9mon\n|rule|HP Percentage Mod: HP is shown in percentages\n|rule|Sleep Clause Mod: Limit one foe put to sleep\n|rule|Illusion Level Mod: Illusion disguises the Pok\u00e9mon's true level\n|\n|t:|1783568056\n|teamsize|p1|6\n|teamsize|p2|6\n|start\n|switch|p1a: Bronzong|Bronzong, L88|261/261\n|switch|p2a: Jolteon|Jolteon, L84, F|100/100\n|turn|1\n|inactive|Battle timer is ON: inactive players will automatically lose when time's up. (requested by p0y25075e1b)\n|inactive|Time left: 300 sec this turn | 300 sec total | 60 sec grace\n|\n|t:|1783568057\n|move|p2a: Jolteon|Calm Mind|p2a: Jolteon\n|-boost|p2a: Jolteon|spa|1\n|-boost|p2a: Jolteon|spd|1\n|move|p1a: Bronzong|Earthquake|p2a: Jolteon\n|-supereffective|p2a: Jolteon\n|-damage|p2a: Jolteon|21/100\n|\n|-heal|p2a: Jolteon|27/100|[from] item: Leftovers\n|upkeep\n|turn|2\n|inactive|Time left: 300 sec this turn | 300 sec total\n|inactive|p0x25074098 also wants the timer to be on.\n|\n|t:|1783568058\n|move|p2a: Jolteon|Thunderbolt|p1a: Bronzong\n|-damage|p1a: Bronzong|144/261\n|move|p1a: Bronzong|Earthquake|p2a: Jolteon\n|-supereffective|p2a: Jolteon\n|-damage|p2a: Jolteon|0 fnt\n|faint|p2a: Jolteon\n|\n|-heal|p1a: Bronzong|160/261|[from] item: Leftovers\n|upkeep\n|\n|t:|1783568059\n|switch|p2a: Palossand|Palossand, L89, M|100/100\n|turn|3\n|inactive|Time left: 300 sec this turn | 300 sec total\n|\n|t:|1783568060\n|switch|p1a: Regice|Regice, L88|284/284\n|move|p2a: Palossand|Shadow Ball|p1a: Regice\n|-damage|p1a: Regice|239/284\n|\n|upkeep\n|turn|4\n|inactive|Time left: 300 sec this turn | 300 sec total\n|\n|t:|1783568062\n|move|p1a: Regice|Ice Beam|p2a: Palossand\n|-supereffective|p2a: Palossand\n|-damage|p2a: Palossand|21/100\n|move|p2a: Palossand|Stealth Rock|p1a: Regice\n|-sidestart|p1: p0x25074098|move: Stealth Rock\n|\n|-heal|p2a: Palossand|27/100|[from] item: Leftovers\n|upkeep\n|turn|5\n|inactive|Time left: 300 sec this turn | 300 sec total\n|\n|t:|1783568063\n|switch|p2a: Bronzong|Bronzong, L88|100/100\n|move|p1a: Regice|Ice Beam|p2a: Bronzong\n|-resisted|p2a: Bronzong\n|-damage|p2a: Bronzong|86/100\n|\n|upkeep\n|turn|6\n|inactive|Time left: 300 sec this turn | 300 sec total\n|\n|t:|1783568064\n|move|p1a: Regice|Ice Beam|p2a: Bronzong\n|-resisted|p2a: Bronzong\n|-damage|p2a: Bronzong|71/100\n|move|p2a: Bronzong|Iron Defense|p2a: Bronzong\n|-boost|p2a: Bronzong|def|2\n|\n|upkeep\n|turn|7\n|inactive|Time left: 300 sec this turn | 300 sec total\n|\n|t:|1783568065\n|switch|p1a: Chimecho|Chimecho, L93, M|290/290\n|-damage|p1a: Chimecho|254/290|[from] Stealth Rock\n|move|p2a: Bronzong|Body Press|p1a: Chimecho\n|-resisted|p1a: Chimecho\n|-damage|p1a: Chimecho|189/290\n|\n|-heal|p1a: Chimecho|207/290|[from] item: Leftovers\n|upkeep\n|turn|8\n|inactive|Time left: 300 sec this turn | 300 sec total\n|\n|t:|1783568066\n|move|p1a: Chimecho|Recover|p1a: Chimecho\n|-heal|p1a: Chimecho|290/290\n|move|p2a: Bronzong|Body Press|p1a: Chimecho\n|-resisted|p1a: Chimecho\n|-crit|p1a: Chimecho\n|-damage|p1a: Chimecho|191/290\n|\n|-heal|p1a: Chimecho|209/290|[from] item: Leftovers\n|upkeep\n|turn|9\n|inactive|Time left: 300 sec this turn | 300 sec total\n|\n|t:|1783568068\n|move|p1a: Chimecho|Psychic Noise|p2a: Bronzong\n|-resisted|p2a: Bronzong\n|-damage|p2a: Bronzong|64/100\n|-start|p2a: Bronzong|move: Heal Block\n|move|p2a: Bronzong|Body Press|p1a: Chimecho\n|-resisted|p1a: Chimecho\n|-damage|p1a: Chimecho|135/290\n|\n|-heal|p1a: Chimecho|153/290|[from] item: Leftovers\n|upkeep\n|turn|10\n|inactive|Time left: 300 sec this turn | 300 sec total\n|\n|t:|1783568069\n|move|p1a: Chimecho|Recover|p1a: Chimecho\n|-heal|p1a: Chimecho|290/290\n|move|p2a: Bronzong|Iron Head|p1a: Chimecho\n|-damage|p1a: Chimecho|211/290\n|\n|-heal|p1a: Chimecho|229/290|[from] item: Leftovers\n|-end|p2a: Bronzong|move: Heal Block\n|upkeep\n|turn|11\n|inactive|Time left: 300 sec this turn | 300 sec total\n|\n|t:|1783568070\n|move|p1a: Chimecho|Psychic Noise|p2a: Bronzong\n|-resisted|p2a: Bronzong\n|-damage|p2a: Bronzong|57/100\n|-start|p2a: Bronzong|move: Heal Block\n|move|p2a: Bronzong|Body Press|p1a: Chimecho\n|-resisted|p1a: Chimecho\n|-damage|p1a: Chimecho|160/290\n|\n|-heal|p1a: Chimecho|178/290|[from] item: Leftovers\n|upkeep\n|turn|12\n|inactive|Time left: 300 sec this turn | 300 sec total\n|\n|t:|1783568072\n|move|p1a: Chimecho|Recover|p1a: Chimecho\n|-heal|p1a: Chimecho|290/290\n|move|p2a: Bronzong|Iron Head|p1a: Chimecho\n|-damage|p1a: Chimecho|208/290\n|\n|-heal|p1a: Chimecho|226/290|[from] item: Leftovers\n|-end|p2a: Bronzong|move: Heal Block\n|upkeep\n|turn|13\n|inactive|Time left: 300 sec this turn | 300 sec total\n|\n|t:|1783568073\n|move|p1a: Chimecho|Psychic Noise|p2a: Bronzong\n|-resisted|p2a: Bronzong\n|-damage|p2a: Bronzong|50/100\n|-start|p2a: Bronzong|move: Heal Block\n|move|p2a: Bronzong|Iron Head|p1a: Chimecho\n|-damage|p1a: Chimecho|141/290\n|\n|-heal|p1a: Chimecho|159/290|[from] item: Leftovers\n|upkeep\n|turn|14\n|inactive|Time left: 300 sec this turn | 300 sec total\n|\n|t:|1783568074\n|move|p1a: Chimecho|Recover|p1a: Chimecho\n|-heal|p1a: Chimecho|290/290\n|move|p2a: Bronzong|Body Press|p1a: Chimecho\n|-resisted|p1a: Chimecho\n|-damage|p1a: Chimecho|224/290\n|\n|-heal|p1a: Chimecho|242/290|[from] item: Leftovers\n|-end|p2a: Bronzong|move: Heal Block\n|upkeep\n|turn|15\n|inactive|Time left: 300 sec this turn | 300 sec total\n|\n|t:|1783568075\n|move|p1a: Chimecho|Psychic Noise|p2a: Bronzong\n|-resisted|p2a: Bronzong\n|-damage|p2a: Bronzong|43/100\n|-start|p2a: Bronzong|move: Heal Block\n|move|p2a: Bronzong|Body Press|p1a: Chimecho\n|-resisted|p1a: Chimecho\n|-damage|p1a: Chimecho|167/290\n|\n|-heal|p1a: Chimecho|185/290|[from] item: Leftovers\n|upkeep\n|turn|16\n|inactive|Time left: 300 sec this turn | 300 sec total\n|\n|t:|1783568076\n|move|p1a: Chimecho|Recover|p1a: Chimecho\n|-heal|p1a: Chimecho|290/290\n|move|p2a: Bronzong|Body Press|p1a: Chimecho\n|-resisted|p1a: Chimecho\n|-damage|p1a: Chimecho|227/290\n|\n|-heal|p1a: Chimecho|245/290|[from] item: Leftovers\n|-end|p2a: Bronzong|move: Heal Block\n|upkeep\n|turn|17\n|inactive|Time left: 300 sec this turn | 300 sec total\n|\n|t:|1783568077\n|move|p1a: Chimecho|Psychic Noise|p2a: Bronzong\n|-resisted|p2a: Bronzong\n|-damage|p2a: Bronzong|36/100\n|-start|p2a: Bronzong|move: Heal Block\n|move|p2a: Bronzong|Body Press|p1a: Chimecho\n|-resisted|p1a: Chimecho\n|-damage|p1a: Chimecho|182/290\n|\n|-heal|p1a: Chimecho|200/290|[from] item: Leftovers\n|upkeep\n|turn|18\n|inactive|Time left: 300 sec this turn | 300 sec total\n|\n|t:|1783568078\n|move|p1a: Chimecho|Recover|p1a: Chimecho\n|-heal|p1a: Chimecho|290/290\n|move|p2a: Bronzong|Iron Head|p1a: Chimecho\n|-damage|p1a: Chimecho|200/290\n|\n|-heal|p1a: Chimecho|218/290|[from] item: Leftovers\n|-end|p2a: Bronzong|move: Heal Block\n|upkeep\n|turn|19\n|inactive|Time left: 300 sec this turn | 300 sec total\n|\n|t:|1783568079\n|move|p1a: Chimecho|Psychic Noise|p2a: Bronzong\n|-resisted|p2a: Bronzong\n|-damage|p2a: Bronzong|29/100\n|-start|p2a: Bronzong|move: Heal Block\n|move|p2a: Bronzong|Iron Head|p1a: Chimecho\n|-damage|p1a: Chimecho|134/290\n|\n|-heal|p1a: Chimecho|152/290|[from] item: Leftovers\n|upkeep\n|turn|20\n|inactive|Time left: 300 sec this turn | 300 sec total\n|\n|t:|1783568080\n|move|p1a: Chimecho|Recover|p1a: Chimecho\n|-heal|p1a: Chimecho|290/290\n|move|p2a: Bronzong|Iron Head|p1a: Chimecho\n|-damage|p1a: Chimecho|203/290\n|\n|-heal|p1a: Chimecho|221/290|[from] item: Leftovers\n|-end|p2a: Bronzong|move: Heal Block\n|upkeep\n|turn|21\n|inactive|Time left: 300 sec this turn | 300 sec total\n|\n|t:|1783568081\n|move|p1a: Chimecho|Psychic Noise|p2a: Bronzong\n|-resisted|p2a: Bronzong\n|-damage|p2a: Bronzong|22/100\n|-start|p2a: Bronzong|move: Heal Block\n|move|p2a: Bronzong|Body Press|p1a: Chimecho\n|-resisted|p1a: Chimecho\n|-damage|p1a: Chimecho|149/290\n|\n|-heal|p1a: Chimecho|167/290|[from] item: Leftovers\n|upkeep\n|turn|22\n|inactive|Time left: 300 sec this turn | 300 sec total\n|\n|t:|1783568082\n|move|p1a: Chimecho|Recover|p1a: Chimecho\n|-heal|p1a: Chimecho|290/290\n|move|p2a: Bronzong|Body Press|p1a: Chimecho\n|-resisted|p1a: Chimecho\n|-damage|p1a: Chimecho|224/290\n|\n|-heal|p1a: Chimecho|242/290|[from] item: Leftovers\n|-end|p2a: Bronzong|move: Heal Block\n|upkeep\n|turn|23\n|inactive|Time left: 300 sec this turn | 300 sec total\n|\n|t:|1783568083\n|move|p1a: Chimecho|Psychic Noise|p2a: Bronzong\n|-resisted|p2a: Bronzong\n|-damage|p2a: Bronzong|14/100\n|-start|p2a: Bronzong|move: Heal Block\n|move|p2a: Bronzong|Body Press|p1a: Chimecho\n|-resisted|p1a: Chimecho\n|-damage|p1a: Chimecho|169/290\n|\n|-heal|p1a: Chimecho|187/290|[from] item: Leftovers\n|upkeep\n|turn|24\n|inactive|Time left: 300 sec this turn | 300 sec total\n|\n|t:|1783568085\n|move|p1a: Chimecho|Psychic Noise|p2a: Bronzong\n|-resisted|p2a: Bronzong\n|-damage|p2a: Bronzong|7/100\n|move|p2a: Bronzong|Body Press|p1a: Chimecho\n|-resisted|p1a: Chimecho\n|-damage|p1a: Chimecho|118/290\n|\n|-heal|p1a: Chimecho|136/290|[from] item: Leftovers\n|-end|p2a: Bronzong|move: Heal Block\n|upkeep\n|turn|25\n|inactive|Time left: 300 sec this turn | 300 sec total\n|\n|t:|1783568086\n|switch|p2a: Basculegion|Basculegion, L80, M|100/100\n|move|p1a: Chimecho|Psychic Noise|p2a: Basculegion\n|-damage|p2a: Basculegion|76/100\n|-start|p2a: Basculegion|move: Heal Block\n|\n|-heal|p1a: Chimecho|154/290|[from] item: Leftovers\n|upkeep\n|turn|26\n|inactive|Time left: 300 sec this turn | 300 sec total\n|\n|t:|1783568087\n|switch|p1a: Dialga|Dialga-Origin, L73|266/266\n|-damage|p1a: Dialga|250/266|[from] Stealth Rock\n|-ability|p1a: Dialga|Pressure\n|move|p2a: Basculegion|Wave Crash|p1a: Dialga\n|-resisted|p1a: Dialga\n|-damage|p1a: Dialga|171/266\n|-damage|p2a: Basculegion|68/100|[from] Recoil\n|\n|-end|p2a: Basculegion|move: Heal Block\n|upkeep\n|turn|27\n|inactive|Time left: 300 sec this turn | 300 sec total\n|\n|t:|1783568088\n|move|p1a: Dialga|Stealth Rock|p2a: Basculegion\n|-sidestart|p2: p0y25075e1b|move: Stealth Rock\n|move|p2a: Basculegion|Shadow Ball|p1a: Dialga\n|-damage|p1a: Dialga|95/266\n|\n|upkeep\n|turn|28\n|inactive|Time left: 300 sec this turn | 300 sec total\n|\n|t:|1783568090\n|move|p2a: Basculegion|Shadow Ball|p1a: Dialga\n|-damage|p1a: Dialga|7/266\n|move|p1a: Dialga|Dragon Tail|p2a: Basculegion|[miss]\n|-miss|p1a: Dialga|p2a: Basculegion\n|\n|upkeep\n|turn|29\n|inactive|Time left: 300 sec this turn | 300 sec total\n|\n|t:|1783568090\n|move|p2a: Basculegion|Aqua Jet|p1a: Dialga\n|-resisted|p1a: Dialga\n|-damage|p1a: Dialga|0 fnt\n|faint|p1a: Dialga\n|\n|upkeep\n|inactive|Time left: 300 sec this turn | 300 sec total | 5 sec grace\n|\n|t:|1783568091\n|switch|p1a: Magcargo|Magcargo, L95, M|268/268\n|turn|30\n|inactive|Time left: 300 sec this turn | 300 sec total\n|\n|t:|1783568092\n|-terastallize|p1a: Magcargo|Dragon\n|move|p2a: Basculegion|Shadow Ball|p1a: Magcargo\n|-damage|p1a: Magcargo|176/268\n|move|p1a: Magcargo|Shell Smash|p1a: Magcargo\n|-unboost|p1a: Magcargo|def|1\n|-unboost|p1a: Magcargo|spd|1\n|-boost|p1a: Magcargo|atk|2\n|-boost|p1a: Magcargo|spa|2\n|-boost|p1a: Magcargo|spe|2\n|\n|upkeep\n|turn|31\n|inactive|Time left: 300 sec this turn | 300 sec total\n|\n|t:|1783568093\n|move|p1a: Magcargo|Power Gem|p2a: Basculegion\n|-damage|p2a: Basculegion|22/100\n|move|p2a: Basculegion|Shadow Ball|p1a: Magcargo\n|-damage|p1a: Magcargo|40/268\n|\n|upkeep\n|turn|32\n|inactive|Time left: 300 sec this turn | 300 sec total\n|\n|t:|1783568094\n|move|p2a: Basculegion|Aqua Jet|p1a: Magcargo\n|-resisted|p1a: Magcargo\n|-damage|p1a: Magcargo|11/268\n|-ability|p1a: Magcargo|Weak Armor|boost\n|-unboost|p1a: Magcargo|def|1\n|-boost|p1a: Magcargo|spe|2\n|move|p1a: Magcargo|Power Gem|p2a: Basculegion\n|-damage|p2a: Basculegion|0 fnt\n|faint|p2a: Basculegion\n|\n|upkeep\n|\n|t:|1783568095\n|switch|p2a: Regigigas|Regigigas, L84|100/100\n|-damage|p2a: Regigigas|88/100|[from] Stealth Rock\n|-start|p2a: Regigigas|ability: Slow Start\n|turn|33\n|inactive|Time left: 300 sec this turn | 300 sec total\n|\n|t:|1783568096\n|move|p1a: Magcargo|Fire Blast|p2a: Regigigas\n|-damage|p2a: Regigigas|17/100\n|move|p2a: Regigigas|Body Slam|p1a: Magcargo\n|-damage|p1a: Magcargo|0 fnt\n|faint|p1a: Magcargo\n|\n|-heal|p2a: Regigigas|23/100|[from] item: Leftovers\n|upkeep\n|inactive|Time left: 300 sec this turn | 300 sec total | 5 sec grace\n|\n|t:|1783568097\n|switch|p1a: Regice|Regice, L88|239/284\n|turn|34\n|inactive|Time left: 300 sec this turn | 300 sec total\n|\n|t:|1783568098\n|move|p2a: Regigigas|Protect|p2a: Regigigas\n|-singleturn|p2a: Regigigas|Protect\n|move|p1a: Regice|Ice Beam|p2a: Regigigas\n|-activate|p2a: Regigigas|move: Protect\n|\n|-heal|p2a: Regigigas|30/100|[from] item: Leftovers\n|upkeep\n|turn|35\n|inactive|Time left: 300 sec this turn | 300 sec total\n|\n|t:|1783568099\n|move|p1a: Regice|Ice Beam|p2a: Regigigas\n|-damage|p2a: Regigigas|2/100\n|move|p2a: Regigigas|Body Slam|p1a: Regice\n|-damage|p1a: Regice|185/284\n|-status|p1a: Regice|par\n|\n|-heal|p2a: Regigigas|8/100|[from] item: Leftovers\n|upkeep\n|turn|36\n|inactive|Time left: 300 sec this turn | 300 sec total\n|\n|t:|1783568100\n|move|p2a: Regigigas|Knock Off|p1a: Regice\n|-damage|p1a: Regice|142/284 par\n|-enditem|p1a: Regice|Heavy-Duty Boots|[from] move: Knock Off|[of] p2a: Regigigas\n|move|p1a: Regice|Thunderbolt|p2a: Regigigas\n|-damage|p2a: Regigigas|0 fnt\n|faint|p2a: Regigigas\n|-end|p2a: Regigigas|Slow Start|[silent]\n|\n|upkeep\n|\n|t:|1783568100\n|switch|p2a: Bronzong|Bronzong, L88|7/100\n|-damage|p2a: Bronzong|1/100|[from] Stealth Rock\n|turn|37\n|inactive|Time left: 300 sec this turn | 300 sec total\n|\n|t:|1783568101\n|switch|p1a: Chimecho|Chimecho, L93, M|154/290\n|-damage|p1a: Chimecho|118/290|[from] Stealth Rock\n|move|p2a: Bronzong|Rest|p2a: Bronzong\n|-status|p2a: Bronzong|slp|[from] move: Rest\n|-heal|p2a: Bronzong|100/100 slp|[silent]\n|-enditem|p2a: Bronzong|Chesto Berry|[eat]\n|-curestatus|p2a: Bronzong|slp|[msg]\n|\n|-heal|p1a: Chimecho|136/290|[from] item: Leftovers\n|upkeep\n|turn|38\n|inactive|Time left: 300 sec this turn | 300 sec total\n|\n|t:|1783568102\n|move|p1a: Chimecho|Encore|p2a: Bronzong\n|-start|p2a: Bronzong|Encore\n|move|p2a: Bronzong|Rest|p2a: Bronzong\n|-fail|p2a: Bronzong|heal\n|\n|-heal|p1a: Chimecho|154/290|[from] item: Leftovers\n|upkeep\n|turn|39\n|inactive|Time left: 300 sec this turn | 300 sec total\n|\n|t:|1783568103\n|switch|p2a: Archaludon|Archaludon, L78, M|100/100\n|-damage|p2a: Archaludon|95/100|[from] Stealth Rock\n|move|p1a: Chimecho|Psychic Noise|p2a: Archaludon\n|-resisted|p2a: Archaludon\n|-damage|p2a: Archaludon|70/100\n|-start|p2a: Archaludon|move: Heal Block\n|-ability|p2a: Archaludon|Stamina|boost\n|-boost|p2a: Archaludon|def|1\n|\n|-heal|p1a: Chimecho|172/290|[from] item: Leftovers\n|upkeep\n|turn|40\n|inactive|Time left: 300 sec this turn | 300 sec total\n|\n|t:|1783568104\n|move|p2a: Archaludon|Outrage|p1a: Chimecho\n|-damage|p1a: Chimecho|57/290\n|move|p1a: Chimecho|Encore|p2a: Archaludon\n|-start|p2a: Archaludon|Encore\n|\n|-heal|p1a: Chimecho|75/290|[from] item: Leftovers\n|-end|p2a: Archaludon|move: Heal Block\n|upkeep\n|turn|41\n|inactive|Time left: 300 sec this turn | 300 sec total\n|\n|t:|1783568105\n|switch|p1a: Bronzong|Bronzong, L88|160/261\n|-damage|p1a: Bronzong|144/261|[from] Stealth Rock\n|move|p2a: Archaludon|Outrage|p1a: Bronzong|[from] lockedmove\n|-resisted|p1a: Bronzong\n|-damage|p1a: Bronzong|101/261\n|\n|-heal|p1a: Bronzong|117/261|[from] item: Leftovers\n|upkeep\n|turn|42\n|inactive|Time left: 300 sec this turn | 300 sec total\n|\n|t:|1783568106\n|move|p2a: Archaludon|Outrage|p1a: Bronzong|[from] lockedmove\n|-resisted|p1a: Bronzong\n|-damage|p1a: Bronzong|67/261\n|-start|p2a: Archaludon|confusion|[fatigue]\n|-enditem|p2a: Archaludon|Lum Berry|[eat]\n|-end|p2a: Archaludon|confusion\n|move|p1a: Bronzong|Earthquake|p2a: Archaludon\n|-supereffective|p2a: Archaludon\n|-damage|p2a: Archaludon|43/100\n|-ability|p2a: Archaludon|Stamina|boost\n|-boost|p2a: Archaludon|def|1\n|\n|-heal|p1a: Bronzong|83/261|[from] item: Leftovers\n|upkeep\n|turn|43\n|inactive|Time left: 300 sec this turn | 300 sec total\n|\n|t:|1783568108\n|move|p2a: Archaludon|Outrage|p1a: Bronzong\n|-resisted|p1a: Bronzong\n|-damage|p1a: Bronzong|38/261\n|move|p1a: Bronzong|Hypnosis|p2a: Archaludon\n|-status|p2a: Archaludon|slp|[from] move: Hypnosis\n|\n|-heal|p1a: Bronzong|54/261|[from] item: Leftovers\n|-end|p2a: Archaludon|Encore\n|upkeep\n|turn|44\n|inactive|Time left: 300 sec this turn | 300 sec total\n|\n|t:|1783568109\n|cant|p2a: Archaludon|slp\n|move|p1a: Bronzong|Psychic Noise|p2a: Archaludon\n|-resisted|p2a: Archaludon\n|-damage|p2a: Archaludon|26/100 slp\n|-start|p2a: Archaludon|move: Heal Block\n|-ability|p2a: Archaludon|Stamina|boost\n|-boost|p2a: Archaludon|def|1\n|\n|-heal|p1a: Bronzong|70/261|[from] item: Leftovers\n|upkeep\n|turn|45\n|inactive|Time left: 300 sec this turn | 300 sec total\n|\n|t:|1783568110\n|-curestatus|p2a: Archaludon|slp|[msg]\n|move|p2a: Archaludon|Outrage|p1a: Bronzong\n|-resisted|p1a: Bronzong\n|-damage|p1a: Bronzong|27/261\n|move|p1a: Bronzong|Earthquake|p2a: Archaludon\n|-supereffective|p2a: Archaludon\n|-damage|p2a: Archaludon|7/100\n|-ability|p2a: Archaludon|Stamina|boost\n|-boost|p2a: Archaludon|def|1\n|\n|-heal|p1a: Bronzong|43/261|[from] item: Leftovers\n|-end|p2a: Archaludon|move: Heal Block\n|upkeep\n|turn|46\n|inactive|Time left: 300 sec this turn | 300 sec total\n|\n|t:|1783568111\n|move|p2a: Archaludon|Outrage|p1a: Bronzong|[from] lockedmove\n|-resisted|p1a: Bronzong\n|-damage|p1a: Bronzong|0 fnt\n|faint|p1a: Bronzong\n|-start|p2a: Archaludon|confusion|[fatigue]\n|\n|upkeep\n|inactive|Time left: 300 sec this turn | 300 sec total | 5 sec grace\n|\n|t:|1783568112\n|switch|p1a: Volbeat|Volbeat, L90, M|263/263\n|turn|47\n|inactive|Time left: 300 sec this turn | 300 sec total\n|\n|t:|1783568113\n|move|p1a: Volbeat|Lunge|p2a: Archaludon\n|-resisted|p2a: Archaludon\n|-damage|p2a: Archaludon|3/100\n|-unboost|p2a: Archaludon|atk|1\n|-ability|p2a: Archaludon|Stamina|boost\n|-boost|p2a: Archaludon|def|1\n|-activate|p2a: Archaludon|confusion\n|move|p2a: Archaludon|Outrage|p1a: Volbeat\n|-damage|p1a: Volbeat|173/263\n|\n|upkeep\n|turn|48\n|inactive|Time left: 300 sec this turn | 300 sec total\n|\n|t:|1783568114\n|move|p1a: Volbeat|Lunge|p2a: Archaludon\n|-resisted|p2a: Archaludon\n|-damage|p2a: Archaludon|0 fnt\n|faint|p2a: Archaludon\n|\n|upkeep\n|\n|t:|1783568115\n|switch|p2a: Palossand|Palossand, L89, M|27/100\n|-damage|p2a: Palossand|21/100|[from] Stealth Rock\n|turn|49\n|inactive|Time left: 300 sec this turn | 300 sec total\n|\n|t:|1783568116\n|move|p1a: Volbeat|Lunge|p2a: Palossand\n|-resisted|p2a: Palossand\n|-damage|p2a: Palossand|9/100\n|-unboost|p2a: Palossand|atk|1\n|move|p2a: Palossand|Shore Up|p2a: Palossand\n|-heal|p2a: Palossand|59/100\n|\n|-heal|p2a: Palossand|65/100|[from] item: Leftovers\n|upkeep\n|turn|50\n|inactive|Time left: 300 sec this turn | 300 sec total\n|\n|t:|1783568118\n|move|p1a: Volbeat|Lunge|p2a: Palossand\n|-resisted|p2a: Palossand\n|-damage|p2a: Palossand|55/100\n|-unboost|p2a: Palossand|atk|1\n|move|p2a: Palossand|Shadow Ball|p1a: Volbeat\n|-damage|p1a: Volbeat|76/263\n|-unboost|p1a: Volbeat|spd|1\n|\n|-heal|p2a: Palossand|61/100|[from] item: Leftovers\n|upkeep\n|turn|51\n|inactive|Time left: 300 sec this turn | 300 sec total\n|\n|t:|1783568119\n|move|p1a: Volbeat|Roost|p1a: Volbeat\n|-heal|p1a: Volbeat|208/263\n|-singleturn|p1a: Volbeat|move: Roost\n|move|p2a: Palossand|Shadow Ball|p1a: Volbeat\n|-damage|p1a: Volbeat|73/263\n|\n|-heal|p2a: Palossand|67/100|[from] item: Leftovers\n|upkeep\n|turn|52\n|inactive|Time left: 300 sec this turn | 300 sec total\n|\n|t:|1783568120\n|move|p1a: Volbeat|Roost|p1a: Volbeat\n|-heal|p1a: Volbeat|205/263\n|-singleturn|p1a: Volbeat|move: Roost\n|move|p2a: Palossand|Shadow Ball|p1a: Volbeat\n|-damage|p1a: Volbeat|66/263\n|\n|-heal|p2a: Palossand|73/100|[from] item: Leftovers\n|upkeep\n|turn|53\n|inactive|Time left: 300 sec this turn | 300 sec total\n|\n|t:|1783568121\n|move|p1a: Volbeat|Roost|p1a: Volbeat\n|-heal|p1a: Volbeat|198/263\n|-singleturn|p1a: Volbeat|move: Roost\n|move|p2a: Palossand|Shadow Ball|p1a: Volbeat\n|-damage|p1a: Volbeat|54/263\n|\n|-heal|p2a: Palossand|80/100|[from] item: Leftovers\n|upkeep\n|turn|54\n|inactive|Time left: 300 sec this turn | 300 sec total\n|\n|t:|1783568122\n|move|p1a: Volbeat|Roost|p1a: Volbeat\n|-heal|p1a: Volbeat|186/263\n|-singleturn|p1a: Volbeat|move: Roost\n|move|p2a: Palossand|Shadow Ball|p1a: Volbeat\n|-damage|p1a: Volbeat|51/263\n|-unboost|p1a: Volbeat|spd|1\n|\n|-heal|p2a: Palossand|86/100|[from] item: Leftovers\n|upkeep\n|turn|55\n|inactive|Time left: 300 sec this turn | 300 sec total\n|\n|t:|1783568123\n|move|p1a: Volbeat|Roost|p1a: Volbeat\n|-heal|p1a: Volbeat|183/263\n|-singleturn|p1a: Volbeat|move: Roost\n|move|p2a: Palossand|Shadow Ball|p1a: Volbeat\n|-damage|p1a: Volbeat|0 fnt\n|faint|p1a: Volbeat\n|\n|-heal|p2a: Palossand|92/100|[from] item: Leftovers\n|upkeep\n|inactive|Time left: 300 sec this turn | 300 sec total | 5 sec grace\n|\n|t:|1783568123\n|switch|p1a: Regice|Regice, L88|142/284 par\n|-damage|p1a: Regice|71/284 par|[from] Stealth Rock\n|turn|56\n|inactive|Time left: 300 sec this turn | 300 sec total\n|\n|t:|1783568124\n|switch|p2a: Bronzong|Bronzong, L88|100/100\n|-damage|p2a: Bronzong|94/100|[from] Stealth Rock\n|move|p1a: Regice|Thunder Wave|p2a: Bronzong|[miss]\n|-miss|p1a: Regice|p2a: Bronzong\n|\n|upkeep\n|turn|57\n|inactive|Time left: 300 sec this turn | 300 sec total\n|\n|t:|1783568125\n|-terastallize|p2a: Bronzong|Fighting\n|move|p2a: Bronzong|Body Press|p1a: Regice\n|-supereffective|p1a: Regice\n|-crit|p1a: Regice\n|-damage|p1a: Regice|0 fnt\n|faint|p1a: Regice\n|\n|upkeep\n|inactive|Time left: 300 sec this turn | 300 sec total | 5 sec grace\n|\n|t:|1783568126\n|switch|p1a: Chimecho|Chimecho, L93, M|75/290\n|-damage|p1a: Chimecho|39/290|[from] Stealth Rock\n|turn|58\n|inactive|Time left: 300 sec this turn | 300 sec total\n|\n|t:|1783568127\n|move|p1a: Chimecho|Heal Bell||[still]\n|-activate|p1a: Chimecho|move: Heal Bell\n|-fail|p1a: Chimecho\n|move|p2a: Bronzong|Body Press|p1a: Chimecho\n|-resisted|p1a: Chimecho\n|-damage|p1a: Chimecho|0 fnt\n|faint|p1a: Chimecho\n|\n|win|p0y25075e1b", "uploadtime": 1783568127, "views": 0, "rating": 0, "private": 0, "password": null, "_winner": "p0y25075e1b", "_our_name": "p0x25074098"}