{"id": "battle-gen9randombattle-2404", "formatid": "gen9randombattle", "format": "[Gen 9] Random Battle", "players": ["p0x2404a7d6", "p0y240466ed"], "log": "|init|battle\n|title|p0x2404a7d6 vs. p0y240466ed\n|j|\u2606p0x2404a7d6\n|j|\u2606p0y240466ed\n|t:|1783567886\n|gametype|singles\n|player|p1|p0x2404a7d6|169|\n|player|p2|p0y240466ed|1|\n|gen|9\n|tier|[Gen 9] Random Battle\n|rule|Species Clause: Limit one of each Pok\u00e9mon\n|rule|HP Percentage Mod: HP is shown in percentages\n|rule|Sleep Clause Mod: Limit one foe put to sleep\n|rule|Illusion Level Mod: Illusion disguises the Pok\u00e9mon's true level\n|\n|t:|1783567886\n|teamsize|p1|6\n|teamsize|p2|6\n|start\n|switch|p1a: Hariyama|Hariyama, L87, F|392/392\n|switch|p2a: Grumpig|Grumpig, L92, M|100/100\n|turn|1\n|inactive|Battle timer is ON: inactive players will automatically lose when time's up. (requested by p0y240466ed)\n|inactive|Time left: 300 sec this turn | 300 sec total | 60 sec grace\n|inactive|p0x2404a7d6 also wants the timer to be on.\n|\n|t:|1783567888\n|move|p2a: Grumpig|Psychic|p1a: Hariyama\n|-supereffective|p1a: Hariyama\n|-damage|p1a: Hariyama|218/392\n|-unboost|p1a: Hariyama|spd|1\n|move|p1a: Hariyama|Knock Off|p2a: Grumpig\n|-supereffective|p2a: Grumpig\n|-damage|p2a: Grumpig|40/100\n|-enditem|p2a: Grumpig|Leftovers|[from] move: Knock Off|[of] p1a: Hariyama\n|\n|upkeep\n|turn|2\n|inactive|Time left: 300 sec this turn | 300 sec total\n|\n|t:|1783567889\n|switch|p1a: Volbeat|Volbeat, L90, M|263/263\n|move|p2a: Grumpig|Psychic|p1a: Volbeat\n|-damage|p1a: Volbeat|155/263\n|\n|upkeep\n|turn|3\n|inactive|Time left: 300 sec this turn | 300 sec total\n|\n|t:|1783567890\n|move|p1a: Volbeat|Lunge|p2a: Grumpig\n|-supereffective|p2a: Grumpig\n|-damage|p2a: Grumpig|0 fnt\n|faint|p2a: Grumpig\n|\n|upkeep\n|\n|t:|1783567891\n|switch|p2a: Urshifu|Urshifu-Rapid-Strike, L75, M|100/100\n|turn|4\n|inactive|Time left: 300 sec this turn | 300 sec total\n|\n|t:|1783567893\n|move|p1a: Volbeat|Thunder Wave|p2a: Urshifu\n|-status|p2a: Urshifu|par\n|move|p2a: Urshifu|Surging Strikes|p1a: Volbeat\n|-crit|p1a: Volbeat\n|-damage|p1a: Volbeat|89/263\n|-crit|p1a: Volbeat\n|-damage|p1a: Volbeat|26/263\n|-crit|p1a: Volbeat\n|-damage|p1a: Volbeat|0 fnt\n|faint|p1a: Volbeat\n|-hitcount|p1: Volbeat|3\n|\n|upkeep\n|inactive|Time left: 300 sec this turn | 300 sec total | 5 sec grace\n|\n|t:|1783567894\n|switch|p1a: Zebstrika|Zebstrika, L87, F|272/272\n|turn|5\n|inactive|Time left: 300 sec this turn | 300 sec total\n|\n|t:|1783567895\n|switch|p2a: Hippowdon|Hippowdon, L82, F|100/100\n|-weather|Sandstorm|[from] ability: Sand Stream|[of] p2a: Hippowdon\n|move|p1a: Zebstrika|Supercell Slam|p2a: Hippowdon\n|-immune|p2a: Hippowdon\n|-damage|p1a: Zebstrika|136/272|[from] supercellslam\n|\n|-weather|Sandstorm|[upkeep]\n|-damage|p1a: Zebstrika|119/272|[from] Sandstorm\n|upkeep\n|turn|6\n|inactive|Time left: 300 sec this turn | 300 sec total\n|\n|t:|1783567896\n|switch|p1a: Quagsire|Quagsire, L84, M|297/297\n|move|p2a: Hippowdon|Earthquake|p1a: Quagsire\n|-damage|p1a: Quagsire|174/297\n|\n|-weather|Sandstorm|[upkeep]\n|-heal|p1a: Quagsire|192/297|[from] item: Leftovers\n|upkeep\n|turn|7\n|inactive|Time left: 300 sec this turn | 300 sec total\n|\n|t:|1783567897\n|move|p2a: Hippowdon|Earthquake|p1a: Quagsire\n|-damage|p1a: Quagsire|66/297\n|move|p1a: Quagsire|Recover|p1a: Quagsire\n|-heal|p1a: Quagsire|215/297\n|\n|-weather|Sandstorm|[upkeep]\n|-heal|p1a: Quagsire|233/297|[from] item: Leftovers\n|upkeep\n|turn|8\n|inactive|Time left: 300 sec this turn | 300 sec total\n|\n|t:|1783567898\n|move|p2a: Hippowdon|Earthquake|p1a: Quagsire\n|-damage|p1a: Quagsire|107/297\n|move|p1a: Quagsire|Toxic|p2a: Hippowdon\n|-status|p2a: Hippowdon|tox\n|\n|-weather|Sandstorm|[upkeep]\n|-heal|p1a: Quagsire|125/297|[from] item: Leftovers\n|-damage|p2a: Hippowdon|94/100 tox|[from] psn\n|upkeep\n|turn|9\n|inactive|Time left: 300 sec this turn | 300 sec total\n|\n|t:|1783567899\n|move|p2a: Hippowdon|Earthquake|p1a: Quagsire\n|-damage|p1a: Quagsire|5/297\n|move|p1a: Quagsire|Recover|p1a: Quagsire\n|-heal|p1a: Quagsire|154/297\n|\n|-weather|none\n|-heal|p2a: Hippowdon|100/100 tox|[from] item: Leftovers\n|-heal|p1a: Quagsire|172/297|[from] item: Leftovers\n|-damage|p2a: Hippowdon|88/100 tox|[from] psn\n|upkeep\n|turn|10\n|inactive|Time left: 300 sec this turn | 300 sec total\n|\n|t:|1783567900\n|move|p2a: Hippowdon|Earthquake|p1a: Quagsire\n|-damage|p1a: Quagsire|51/297\n|move|p1a: Quagsire|Recover|p1a: Quagsire\n|-heal|p1a: Quagsire|200/297\n|\n|-heal|p2a: Hippowdon|94/100 tox|[from] item: Leftovers\n|-heal|p1a: Quagsire|218/297|[from] item: Leftovers\n|-damage|p2a: Hippowdon|76/100 tox|[from] psn\n|upkeep\n|turn|11\n|inactive|Time left: 300 sec this turn | 300 sec total\n|\n|t:|1783567901\n|move|p2a: Hippowdon|Earthquake|p1a: Quagsire\n|-damage|p1a: Quagsire|109/297\n|move|p1a: Quagsire|Recover|p1a: Quagsire\n|-heal|p1a: Quagsire|258/297\n|\n|-heal|p2a: Hippowdon|82/100 tox|[from] item: Leftovers\n|-heal|p1a: Quagsire|276/297|[from] item: Leftovers\n|-damage|p2a: Hippowdon|58/100 tox|[from] psn\n|upkeep\n|turn|12\n|inactive|Time left: 300 sec this turn | 300 sec total\n|\n|t:|1783567903\n|move|p2a: Hippowdon|Slack Off|p2a: Hippowdon\n|-heal|p2a: Hippowdon|100/100 tox\n|move|p1a: Quagsire|Spikes|p2a: Hippowdon\n|-sidestart|p2: p0y240466ed|Spikes\n|\n|-heal|p1a: Quagsire|294/297|[from] item: Leftovers\n|-damage|p2a: Hippowdon|70/100 tox|[from] psn\n|upkeep\n|turn|13\n|inactive|Time left: 300 sec this turn | 300 sec total\n|\n|t:|1783567904\n|switch|p2a: Eelektross|Eelektross, L87, M|100/100\n|move|p1a: Quagsire|Spikes|p2a: Eelektross\n|-sidestart|p2: p0y240466ed|Spikes\n|\n|-heal|p1a: Quagsire|297/297|[from] item: Leftovers\n|upkeep\n|turn|14\n|inactive|Time left: 300 sec this turn | 300 sec total\n|\n|t:|1783567905\n|move|p2a: Eelektross|Knock Off|p1a: Quagsire\n|-damage|p1a: Quagsire|216/297\n|-enditem|p1a: Quagsire|Leftovers|[from] move: Knock Off|[of] p2a: Eelektross\n|move|p1a: Quagsire|Spikes|p2a: Eelektross\n|-sidestart|p2: p0y240466ed|Spikes\n|\n|upkeep\n|turn|15\n|inactive|Time left: 300 sec this turn | 300 sec total\n|\n|t:|1783567906\n|move|p2a: Eelektross|Knock Off|p1a: Quagsire\n|-damage|p1a: Quagsire|159/297\n|move|p1a: Quagsire|Recover|p1a: Quagsire\n|-heal|p1a: Quagsire|297/297\n|\n|upkeep\n|turn|16\n|inactive|Time left: 300 sec this turn | 300 sec total\n|\n|t:|1783567907\n|move|p2a: Eelektross|Knock Off|p1a: Quagsire\n|-damage|p1a: Quagsire|236/297\n|move|p1a: Quagsire|Toxic|p2a: Eelektross\n|-status|p2a: Eelektross|tox\n|\n|-damage|p2a: Eelektross|94/100 tox|[from] psn\n|upkeep\n|turn|17\n|inactive|Time left: 300 sec this turn | 300 sec total\n|\n|t:|1783567908\n|move|p2a: Eelektross|Flamethrower|p1a: Quagsire\n|-resisted|p1a: Quagsire\n|-damage|p1a: Quagsire|191/297\n|move|p1a: Quagsire|Recover|p1a: Quagsire\n|-heal|p1a: Quagsire|297/297\n|\n|-damage|p2a: Eelektross|82/100 tox|[from] psn\n|upkeep\n|turn|18\n|inactive|Time left: 300 sec this turn | 300 sec total\n|\n|t:|1783567909\n|move|p2a: Eelektross|Knock Off|p1a: Quagsire\n|-damage|p1a: Quagsire|243/297\n|move|p1a: Quagsire|Earthquake|p2a: Eelektross\n|-immune|p2a: Eelektross|[from] ability: Levitate\n|\n|-damage|p2a: Eelektross|63/100 tox|[from] psn\n|upkeep\n|turn|19\n|inactive|Time left: 300 sec this turn | 300 sec total\n|\n|t:|1783567910\n|move|p2a: Eelektross|Discharge|p1a: Quagsire\n|-immune|p1a: Quagsire\n|move|p1a: Quagsire|Recover|p1a: Quagsire\n|-heal|p1a: Quagsire|297/297\n|\n|-damage|p2a: Eelektross|38/100 tox|[from] psn\n|upkeep\n|turn|20\n|inactive|Time left: 300 sec this turn | 300 sec total\n|\n|t:|1783567911\n|move|p2a: Eelektross|Knock Off|p1a: Quagsire\n|-damage|p1a: Quagsire|239/297\n|move|p1a: Quagsire|Earthquake|p2a: Eelektross\n|-immune|p2a: Eelektross|[from] ability: Levitate\n|\n|-damage|p2a: Eelektross|7/100 tox|[from] psn\n|upkeep\n|turn|21\n|inactive|Time left: 300 sec this turn | 300 sec total\n|\n|t:|1783567912\n|switch|p2a: Hippowdon|Hippowdon, L82, F|70/100 tox\n|-damage|p2a: Hippowdon|45/100 tox|[from] Spikes\n|-weather|Sandstorm|[from] ability: Sand Stream|[of] p2a: Hippowdon\n|move|p1a: Quagsire|Recover|p1a: Quagsire\n|-heal|p1a: Quagsire|297/297\n|\n|-weather|Sandstorm|[upkeep]\n|-heal|p2a: Hippowdon|51/100 tox|[from] item: Leftovers\n|-damage|p2a: Hippowdon|45/100 tox|[from] psn\n|upkeep\n|turn|22\n|inactive|Time left: 300 sec this turn | 300 sec total\n|\n|t:|1783567913\n|move|p2a: Hippowdon|Slack Off|p2a: Hippowdon\n|-heal|p2a: Hippowdon|95/100 tox\n|move|p1a: Quagsire|Earthquake|p2a: Hippowdon\n|-damage|p2a: Hippowdon|69/100 tox\n|\n|-weather|Sandstorm|[upkeep]\n|-heal|p2a: Hippowdon|75/100 tox|[from] item: Leftovers\n|-damage|p2a: Hippowdon|63/100 tox|[from] psn\n|upkeep\n|turn|23\n|inactive|Time left: 300 sec this turn | 300 sec total\n|\n|t:|1783567913\n|move|p2a: Hippowdon|Earthquake|p1a: Quagsire\n|-damage|p1a: Quagsire|182/297\n|move|p1a: Quagsire|Earthquake|p2a: Hippowdon\n|-damage|p2a: Hippowdon|37/100 tox\n|\n|-weather|Sandstorm|[upkeep]\n|-heal|p2a: Hippowdon|43/100 tox|[from] item: Leftovers\n|-damage|p2a: Hippowdon|24/100 tox|[from] psn\n|upkeep\n|turn|24\n|inactive|Time left: 300 sec this turn | 300 sec total\n|\n|t:|1783567914\n|move|p2a: Hippowdon|Slack Off|p2a: Hippowdon\n|-heal|p2a: Hippowdon|74/100 tox\n|move|p1a: Quagsire|Earthquake|p2a: Hippowdon\n|-damage|p2a: Hippowdon|48/100 tox\n|\n|-weather|Sandstorm|[upkeep]\n|-heal|p2a: Hippowdon|54/100 tox|[from] item: Leftovers\n|-damage|p2a: Hippowdon|30/100 tox|[from] psn\n|upkeep\n|turn|25\n|inactive|Time left: 300 sec this turn | 300 sec total\n|\n|t:|1783567915\n|move|p2a: Hippowdon|Earthquake|p1a: Quagsire\n|-damage|p1a: Quagsire|73/297\n|move|p1a: Quagsire|Earthquake|p2a: Hippowdon\n|-damage|p2a: Hippowdon|3/100 tox\n|\n|-weather|none\n|-heal|p2a: Hippowdon|9/100 tox|[from] item: Leftovers\n|-damage|p2a: Hippowdon|0 fnt|[from] psn\n|faint|p2a: Hippowdon\n|upkeep\n|\n|t:|1783567916\n|switch|p2a: Eelektross|Eelektross, L87, M|7/100 tox\n|turn|26\n|inactive|Time left: 300 sec this turn | 300 sec total\n|\n|t:|1783567917\n|switch|p1a: Hariyama|Hariyama, L87, F|218/392\n|move|p2a: Eelektross|Knock Off|p1a: Hariyama\n|-resisted|p1a: Hariyama\n|-damage|p1a: Hariyama|162/392\n|-enditem|p1a: Hariyama|Assault Vest|[from] move: Knock Off|[of] p2a: Eelektross\n|\n|-damage|p2a: Eelektross|1/100 tox|[from] psn\n|upkeep\n|turn|27\n|inactive|Time left: 300 sec this turn | 300 sec total\n|\n|t:|1783567918\n|move|p1a: Hariyama|Bullet Punch|p2a: Eelektross\n|-resisted|p2a: Eelektross\n|-damage|p2a: Eelektross|0 fnt\n|faint|p2a: Eelektross\n|\n|upkeep\n|\n|t:|1783567919\n|switch|p2a: Kingdra|Kingdra, L84, M|100/100\n|-damage|p2a: Kingdra|76/100|[from] Spikes\n|turn|28\n|inactive|Time left: 300 sec this turn | 300 sec total\n|\n|t:|1783567920\n|move|p2a: Kingdra|Wave Crash|p1a: Hariyama\n|-damage|p1a: Hariyama|0 fnt\n|faint|p1a: Hariyama\n|-damage|p2a: Kingdra|56/100|[from] Recoil\n|-damage|p2a: Kingdra|46/100|[from] item: Life Orb\n|\n|upkeep\n|inactive|Time left: 300 sec this turn | 300 sec total | 5 sec grace\n|\n|t:|1783567921\n|switch|p1a: Arceus|Arceus-Poison, L70|284/284\n|turn|29\n|inactive|Time left: 300 sec this turn | 300 sec total\n|\n|t:|1783567922\n|move|p1a: Arceus|Gunk Shot|p2a: Kingdra\n|-damage|p2a: Kingdra|4/100\n|move|p2a: Kingdra|Wave Crash|p1a: Arceus\n|-damage|p1a: Arceus|140/284\n|-damage|p2a: Kingdra|0 fnt|[from] Recoil\n|faint|p2a: Kingdra\n|\n|upkeep\n|\n|t:|1783567923\n|switch|p2a: Urshifu|Urshifu-Rapid-Strike, L75, M|100/100 par\n|-damage|p2a: Urshifu|76/100 par|[from] Spikes\n|turn|30\n|inactive|Time left: 300 sec this turn | 300 sec total\n|\n|t:|1783567924\n|move|p1a: Arceus|Gunk Shot|p2a: Urshifu|[miss]\n|-miss|p1a: Arceus|p2a: Urshifu\n|cant|p2a: Urshifu|par\n|\n|upkeep\n|turn|31\n|inactive|Time left: 300 sec this turn | 300 sec total\n|\n|t:|1783567925\n|move|p1a: Arceus|Earthquake|p2a: Urshifu\n|-damage|p2a: Urshifu|55/100 par\n|move|p2a: Urshifu|Surging Strikes|p1a: Arceus\n|-crit|p1a: Arceus\n|-damage|p1a: Arceus|85/284\n|-crit|p1a: Arceus\n|-damage|p1a: Arceus|27/284\n|-crit|p1a: Arceus\n|-damage|p1a: Arceus|0 fnt\n|faint|p1a: Arceus\n|-hitcount|p1: Arceus|3\n|\n|upkeep\n|inactive|Time left: 300 sec this turn | 300 sec total | 5 sec grace\n|\n|t:|1783567925\n|switch|p1a: Zebstrika|Zebstrika, L87, F|119/272\n|turn|32\n|inactive|Time left: 300 sec this turn | 300 sec total\n|\n|t:|1783567926\n|move|p1a: Zebstrika|Supercell Slam|p2a: Urshifu\n|-supereffective|p2a: Urshifu\n|-damage|p2a: Urshifu|0 fnt\n|faint|p2a: Urshifu\n|-damage|p1a: Zebstrika|92/272|[from] item: Life Orb\n|\n|upkeep\n|\n|t:|1783567927\n|switch|p2a: Zamazenta|Zamazenta-Crowned, L68|100/100\n|-damage|p2a: Zamazenta|76/100|[from] Spikes\n|-ability|p2a: Zamazenta|Dauntless Shield|boost\n|-boost|p2a: Zamazenta|def|1\n|turn|33\n|inactive|Time left: 300 sec this turn | 300 sec total\n|\n|t:|1783567928\n|-terastallize|p2a: Zamazenta|Ghost\n|move|p1a: Zebstrika|Overheat|p2a: Zamazenta\n|-damage|p2a: Zamazenta|39/100\n|-unboost|p1a: Zebstrika|spa|2\n|-damage|p1a: Zebstrika|65/272|[from] item: Life Orb\n|move|p2a: Zamazenta|Iron Defense|p2a: Zamazenta\n|-boost|p2a: Zamazenta|def|2\n|\n|upkeep\n|turn|34\n|inactive|Time left: 300 sec this turn | 300 sec total\n|\n|t:|1783567929\n|move|p1a: Zebstrika|Supercell Slam|p2a: Zamazenta\n|-damage|p2a: Zamazenta|16/100\n|-damage|p1a: Zebstrika|38/272|[from] item: Life Orb\n|move|p2a: Zamazenta|Heavy Slam|p1a: Zebstrika\n|-resisted|p1a: Zebstrika\n|-damage|p1a: Zebstrika|0 fnt\n|faint|p1a: Zebstrika\n|\n|upkeep\n|inactive|Time left: 300 sec this turn | 300 sec total | 5 sec grace\n|\n|t:|1783567930\n|switch|p1a: Quagsire|Quagsire, L84, M|73/297\n|turn|35\n|inactive|Time left: 300 sec this turn | 300 sec total\n|\n|t:|1783567931\n|move|p2a: Zamazenta|Body Press|p1a: Quagsire\n|-damage|p1a: Quagsire|0 fnt\n|faint|p1a: Quagsire\n|\n|upkeep\n|inactive|Time left: 300 sec this turn | 300 sec total | 5 sec grace\n|\n|t:|1783567931\n|switch|p1a: Sneasler|Sneasler, L74, M|240/240\n|turn|36\n|inactive|Time left: 300 sec this turn | 300 sec total\n|\n|t:|1783567932\n|-terastallize|p1a: Sneasler|Flying\n|move|p1a: Sneasler|Acrobatics|p2a: Zamazenta\n|-damage|p2a: Zamazenta|6/100\n|move|p2a: Zamazenta|Stone Edge|p1a: Sneasler\n|-supereffective|p1a: Sneasler\n|-crit|p1a: Sneasler\n|-damage|p1a: Sneasler|0 fnt\n|faint|p1a: Sneasler\n|\n|win|p0y240466ed", "uploadtime": 1783567932, "views": 0, "rating": 0, "private": 0, "password": null, "_winner": "p0y240466ed", "_our_name": "p0x2404a7d6"}