{"id": "battle-gen9randombattle-1882", "formatid": "gen9randombattle", "format": "[Gen 9] Random Battle", "players": ["p0x1882bd63", "p0y1882e62a"], "log": "|init|battle\n|title|p0x1882bd63 vs. p0y1882e62a\n|j|\u2606p0x1882bd63\n|j|\u2606p0y1882e62a\n|t:|1783561795\n|gametype|singles\n|player|p1|p0x1882bd63|265|\n|player|p2|p0y1882e62a|266|\n|gen|9\n|tier|[Gen 9] Random Battle\n|rule|Species Clause: Limit one of each Pok\u00e9mon\n|rule|HP Percentage Mod: HP is shown in percentages\n|rule|Sleep Clause Mod: Limit one foe put to sleep\n|rule|Illusion Level Mod: Illusion disguises the Pok\u00e9mon's true level\n|\n|t:|1783561795\n|teamsize|p1|6\n|teamsize|p2|6\n|start\n|switch|p1a: Bruxish|Bruxish, L85, M|100/100\n|switch|p2a: Galvantula|Galvantula, L82, M|249/249\n|turn|1\n|inactive|Battle timer is ON: inactive players will automatically lose when time's up. (requested by p0x1882bd63)\n|inactive|Time left: 300 sec this turn | 300 sec total | 60 sec grace\n|inactive|p0y1882e62a also wants the timer to be on.\n|\n|t:|1783561796\n|move|p2a: Galvantula|Sticky Web|p1a: Bruxish\n|-sidestart|p1: p0x1882bd63|move: Sticky Web\n|move|p1a: Bruxish|Psychic Fangs|p2a: Galvantula\n|-enditem|p2a: Galvantula|Focus Sash\n|-damage|p2a: Galvantula|1/249\n|-damage|p1a: Bruxish|91/100|[from] item: Life Orb\n|\n|upkeep\n|turn|2\n|inactive|Time left: 300 sec this turn | 300 sec total\n|\n|t:|1783561797\n|switch|p1a: Flareon|Flareon, L90, F|100/100\n|-activate|p1a: Flareon|move: Sticky Web\n|-unboost|p1a: Flareon|spe|1\n|move|p2a: Galvantula|Bug Buzz|p1a: Flareon\n|-resisted|p1a: Flareon\n|-damage|p1a: Flareon|87/100\n|\n|-status|p1a: Flareon|tox|[from] item: Toxic Orb\n|upkeep\n|turn|3\n|inactive|Time left: 300 sec this turn | 300 sec total\n|\n|t:|1783561798\n|move|p2a: Galvantula|Thunder|p1a: Flareon\n|-damage|p1a: Flareon|51/100 tox\n|move|p1a: Flareon|Facade|p2a: Galvantula\n|-damage|p2a: Galvantula|0 fnt\n|faint|p2a: Galvantula\n|\n|-damage|p1a: Flareon|45/100 tox|[from] psn\n|upkeep\n|inactive|Time left: 300 sec this turn | 300 sec total | 5 sec grace\n|\n|t:|1783561799\n|switch|p2a: Passimian|Passimian, L83, F|302/302\n|turn|4\n|inactive|Time left: 300 sec this turn | 300 sec total\n|\n|t:|1783561800\n|move|p2a: Passimian|Knock Off|p1a: Flareon\n|-damage|p1a: Flareon|0 fnt\n|-enditem|p1a: Flareon|Toxic Orb|[from] move: Knock Off|[of] p2a: Passimian\n|faint|p1a: Flareon\n|\n|upkeep\n|\n|t:|1783561801\n|switch|p1a: Regidrago|Regidrago, L77|100/100\n|-activate|p1a: Regidrago|move: Sticky Web\n|-unboost|p1a: Regidrago|spe|1\n|turn|5\n|inactive|Time left: 300 sec this turn | 300 sec total\n|\n|t:|1783561802\n|-terastallize|p2a: Passimian|Dark\n|-terastallize|p1a: Regidrago|Dragon\n|move|p2a: Passimian|Knock Off|p1a: Regidrago\n|-damage|p1a: Regidrago|36/100\n|-enditem|p1a: Regidrago|Lum Berry|[from] move: Knock Off|[of] p2a: Passimian\n|move|p1a: Regidrago|Outrage|p2a: Passimian\n|-damage|p2a: Passimian|78/302\n|\n|upkeep\n|turn|6\n|inactive|Time left: 300 sec this turn | 300 sec total\n|\n|t:|1783561803\n|move|p2a: Passimian|Knock Off|p1a: Regidrago\n|-damage|p1a: Regidrago|0 fnt\n|faint|p1a: Regidrago\n|\n|upkeep\n|\n|t:|1783561804\n|switch|p1a: Suicune|Suicune, L82|100/100\n|-activate|p1a: Suicune|move: Sticky Web\n|-unboost|p1a: Suicune|spe|1\n|-ability|p1a: Suicune|Pressure\n|turn|7\n|inactive|Time left: 300 sec this turn | 300 sec total\n|\n|t:|1783561805\n|move|p2a: Passimian|Knock Off|p1a: Suicune\n|-damage|p1a: Suicune|54/100\n|-enditem|p1a: Suicune|Leftovers|[from] move: Knock Off|[of] p2a: Passimian\n|move|p1a: Suicune|Scald|p2a: Passimian\n|-crit|p2a: Passimian\n|-damage|p2a: Passimian|0 fnt\n|faint|p2a: Passimian\n|\n|upkeep\n|inactive|Time left: 300 sec this turn | 300 sec total | 5 sec grace\n|\n|t:|1783561806\n|switch|p2a: Kingdra|Kingdra, L84, F|263/263\n|turn|8\n|inactive|Time left: 300 sec this turn | 300 sec total\n|\n|t:|1783561807\n|move|p2a: Kingdra|Outrage|p1a: Suicune\n|-damage|p1a: Suicune|18/100\n|move|p1a: Suicune|Calm Mind|p1a: Suicune\n|-boost|p1a: Suicune|spa|1\n|-boost|p1a: Suicune|spd|1\n|\n|upkeep\n|turn|9\n|inactive|Time left: 300 sec this turn | 300 sec total\n|\n|t:|1783561808\n|move|p1a: Suicune|Protect|p1a: Suicune\n|-singleturn|p1a: Suicune|Protect\n|move|p2a: Kingdra|Outrage|p1a: Suicune|[from] lockedmove\n|-activate|p1a: Suicune|move: Protect\n|-start|p2a: Kingdra|confusion|[fatigue]\n|-enditem|p2a: Kingdra|Lum Berry|[eat]\n|-end|p2a: Kingdra|confusion\n|\n|upkeep\n|turn|10\n|inactive|Time left: 300 sec this turn | 300 sec total\n|\n|t:|1783561809\n|move|p1a: Suicune|Protect||[still]\n|-fail|p1a: Suicune\n|move|p2a: Kingdra|Outrage|p1a: Suicune\n|-damage|p1a: Suicune|0 fnt\n|faint|p1a: Suicune\n|\n|upkeep\n|\n|t:|1783561810\n|switch|p1a: Piloswine|Piloswine, L85, M|100/100\n|-activate|p1a: Piloswine|move: Sticky Web\n|-unboost|p1a: Piloswine|spe|1\n|turn|11\n|inactive|Time left: 300 sec this turn | 300 sec total\n|\n|t:|1783561811\n|move|p2a: Kingdra|Outrage|p1a: Piloswine|[from] lockedmove\n|-damage|p1a: Piloswine|70/100\n|move|p1a: Piloswine|Earthquake|p2a: Kingdra\n|-damage|p2a: Kingdra|161/263\n|\n|upkeep\n|turn|12\n|inactive|Time left: 300 sec this turn | 300 sec total\n|\n|t:|1783561812\n|move|p2a: Kingdra|Outrage|p1a: Piloswine|[from] lockedmove\n|-damage|p1a: Piloswine|39/100\n|-start|p2a: Kingdra|confusion|[fatigue]\n|move|p1a: Piloswine|Earthquake|p2a: Kingdra\n|-damage|p2a: Kingdra|56/263\n|\n|upkeep\n|turn|13\n|inactive|Time left: 300 sec this turn | 300 sec total\n|\n|t:|1783561813\n|-activate|p2a: Kingdra|confusion\n|-damage|p2a: Kingdra|30/263|[from] confusion\n|move|p1a: Piloswine|Earthquake|p2a: Kingdra\n|-damage|p2a: Kingdra|0 fnt\n|faint|p2a: Kingdra\n|\n|upkeep\n|inactive|Time left: 300 sec this turn | 300 sec total | 5 sec grace\n|\n|t:|1783561814\n|switch|p2a: Torterra|Torterra, L78, M|276/276\n|turn|14\n|inactive|Time left: 300 sec this turn | 300 sec total\n|\n|t:|1783561815\n|move|p1a: Piloswine|Ice Shard|p2a: Torterra\n|-supereffective|p2a: Torterra\n|-damage|p2a: Torterra|116/276\n|move|p2a: Torterra|Bullet Seed|p1a: Piloswine\n|-supereffective|p1a: Piloswine\n|-damage|p1a: Piloswine|27/100\n|-supereffective|p1a: Piloswine\n|-damage|p1a: Piloswine|15/100\n|-supereffective|p1a: Piloswine\n|-damage|p1a: Piloswine|3/100\n|-supereffective|p1a: Piloswine\n|-damage|p1a: Piloswine|0 fnt\n|faint|p1a: Piloswine\n|-hitcount|p1: Piloswine|4\n|\n|upkeep\n|\n|t:|1783561816\n|switch|p1a: Bruxish|Bruxish, L85, M|91/100\n|-activate|p1a: Bruxish|move: Sticky Web\n|-unboost|p1a: Bruxish|spe|1\n|turn|15\n|inactive|Time left: 300 sec this turn | 300 sec total\n|\n|t:|1783561817\n|move|p1a: Bruxish|Psychic Fangs|p2a: Torterra\n|-crit|p2a: Torterra\n|-damage|p2a: Torterra|0 fnt\n|faint|p2a: Torterra\n|-damage|p1a: Bruxish|81/100|[from] item: Life Orb\n|\n|upkeep\n|inactive|Time left: 300 sec this turn | 300 sec total | 5 sec grace\n|\n|t:|1783561818\n|switch|p2a: Giratina|Giratina-Origin, L72|335/335\n|turn|16\n|inactive|Time left: 300 sec this turn | 300 sec total\n|\n|t:|1783561819\n|switch|p1a: Cacturne|Cacturne, L92, F|100/100\n|-activate|p1a: Cacturne|move: Sticky Web\n|-unboost|p1a: Cacturne|spe|1\n|move|p2a: Giratina|Poltergeist|p1a: Cacturne\n|-activate|p1a: Cacturne|move: Poltergeist|Life Orb\n|-resisted|p1a: Cacturne\n|-damage|p1a: Cacturne|75/100\n|\n|upkeep\n|turn|17\n|inactive|Time left: 300 sec this turn | 300 sec total\n|\n|t:|1783561820\n|move|p2a: Giratina|Draco Meteor|p1a: Cacturne\n|-crit|p1a: Cacturne\n|-damage|p1a: Cacturne|0 fnt\n|-unboost|p2a: Giratina|spa|2\n|faint|p1a: Cacturne\n|\n|upkeep\n|\n|t:|1783561821\n|switch|p1a: Bruxish|Bruxish, L85, M|81/100\n|-activate|p1a: Bruxish|move: Sticky Web\n|-unboost|p1a: Bruxish|spe|1\n|turn|18\n|inactive|Time left: 300 sec this turn | 300 sec total\n|\n|t:|1783561822\n|move|p2a: Giratina|Poltergeist|p1a: Bruxish\n|-activate|p1a: Bruxish|move: Poltergeist|Life Orb\n|-supereffective|p1a: Bruxish\n|-damage|p1a: Bruxish|0 fnt\n|faint|p1a: Bruxish\n|\n|win|p0y1882e62a", "uploadtime": 1783561822, "views": 0, "rating": 0, "private": 0, "password": null, "_winner": "p0y1882e62a", "_our_name": "p0y1882e62a"}