{"id": "battle-gen9randombattle-391", "formatid": "gen9randombattle", "format": "[Gen 9] Random Battle", "players": ["p0x391ebb8", "p0y391ef83"], "log": "|init|battle\n|title|p0x391ebb8 vs. p0y391ef83\n|j|\u2606p0x391ebb8\n|j|\u2606p0y391ef83\n|t:|1783544223\n|gametype|singles\n|player|p1|p0x391ebb8|169|\n|player|p2|p0y391ef83|102|\n|gen|9\n|tier|[Gen 9] Random Battle\n|rule|Species Clause: Limit one of each Pok\u00e9mon\n|rule|HP Percentage Mod: HP is shown in percentages\n|rule|Sleep Clause Mod: Limit one foe put to sleep\n|rule|Illusion Level Mod: Illusion disguises the Pok\u00e9mon's true level\n|\n|t:|1783544223\n|teamsize|p1|6\n|teamsize|p2|6\n|start\n|switch|p1a: Gouging Fire|Gouging Fire, L74|277/277\n|switch|p2a: Garganacl|Garganacl, L80, M|100/100\n|turn|1\n|inactive|Battle timer is ON: inactive players will automatically lose when time's up. (requested by p0y391ef83)\n|inactive|Time left: 300 sec this turn | 300 sec total | 60 sec grace\n|inactive|p0x391ebb8 also wants the timer to be on.\n|\n|t:|1783544224\n|move|p1a: Gouging Fire|Dragon Dance|p1a: Gouging Fire\n|-boost|p1a: Gouging Fire|atk|1\n|-boost|p1a: Gouging Fire|spe|1\n|move|p2a: Garganacl|Salt Cure|p1a: Gouging Fire\n|-supereffective|p1a: Gouging Fire\n|-damage|p1a: Gouging Fire|205/277\n|-start|p1a: Gouging Fire|Salt Cure\n|\n|-damage|p1a: Gouging Fire|171/277|[from] Salt Cure\n|upkeep\n|turn|2\n|inactive|Time left: 300 sec this turn | 300 sec total\n|\n|t:|1783544226\n|move|p1a: Gouging Fire|Outrage|p2a: Garganacl\n|-damage|p2a: Garganacl|57/100\n|move|p2a: Garganacl|Earthquake|p1a: Gouging Fire\n|-supereffective|p1a: Gouging Fire\n|-damage|p1a: Gouging Fire|57/277\n|\n|-heal|p2a: Garganacl|63/100|[from] item: Leftovers\n|-damage|p1a: Gouging Fire|23/277|[from] Salt Cure\n|upkeep\n|turn|3\n|inactive|Time left: 300 sec this turn | 300 sec total\n|\n|t:|1783544227\n|move|p2a: Garganacl|Protect|p2a: Garganacl\n|-singleturn|p2a: Garganacl|Protect\n|move|p1a: Gouging Fire|Outrage|p2a: Garganacl|[from] lockedmove\n|-activate|p2a: Garganacl|move: Protect\n|-start|p1a: Gouging Fire|confusion|[fatigue]\n|\n|-heal|p2a: Garganacl|70/100|[from] item: Leftovers\n|-damage|p1a: Gouging Fire|0 fnt|[from] Salt Cure\n|faint|p1a: Gouging Fire\n|-end|p1a: Gouging Fire|Protosynthesis|[silent]\n|upkeep\n|inactive|Time left: 300 sec this turn | 300 sec total | 5 sec grace\n|\n|t:|1783544228\n|switch|p1a: Ninetales|Ninetales-Alola, L78, M|242/242\n|-weather|Snowscape|[from] ability: Snow Warning|[of] p1a: Ninetales\n|turn|4\n|inactive|Time left: 300 sec this turn | 300 sec total\n|\n|t:|1783544229\n|move|p1a: Ninetales|Aurora Veil|p1a: Ninetales\n|-sidestart|p1: p0x391ebb8|move: Aurora Veil\n|move|p2a: Garganacl|Salt Cure|p1a: Ninetales\n|-supereffective|p1a: Ninetales\n|-damage|p1a: Ninetales|206/242\n|-start|p1a: Ninetales|Salt Cure\n|\n|-weather|Snowscape|[upkeep]\n|-heal|p2a: Garganacl|76/100|[from] item: Leftovers\n|-damage|p1a: Ninetales|176/242|[from] Salt Cure\n|upkeep\n|turn|5\n|inactive|Time left: 300 sec this turn | 300 sec total\n|\n|t:|1783544230\n|switch|p1a: Salamence|Salamence, L77, M|273/273\n|-ability|p1a: Salamence|Intimidate|boost\n|-unboost|p2a: Garganacl|atk|1\n|move|p2a: Garganacl|Recover|p2a: Garganacl\n|-heal|p2a: Garganacl|100/100\n|\n|-weather|Snowscape|[upkeep]\n|upkeep\n|turn|6\n|inactive|Time left: 300 sec this turn | 300 sec total\n|\n|t:|1783544231\n|move|p1a: Salamence|Dragon Dance|p1a: Salamence\n|-boost|p1a: Salamence|atk|1\n|-boost|p1a: Salamence|spe|1\n|move|p2a: Garganacl|Salt Cure|p1a: Salamence\n|-supereffective|p1a: Salamence\n|-damage|p1a: Salamence|240/273\n|-start|p1a: Salamence|Salt Cure\n|\n|-weather|Snowscape|[upkeep]\n|-damage|p1a: Salamence|206/273|[from] Salt Cure\n|upkeep\n|turn|7\n|inactive|Time left: 300 sec this turn | 300 sec total\n|\n|t:|1783544232\n|move|p2a: Garganacl|Protect|p2a: Garganacl\n|-singleturn|p2a: Garganacl|Protect\n|move|p1a: Salamence|Dragon Dance|p1a: Salamence\n|-boost|p1a: Salamence|atk|1\n|-boost|p1a: Salamence|spe|1\n|\n|-weather|Snowscape|[upkeep]\n|-damage|p1a: Salamence|172/273|[from] Salt Cure\n|upkeep\n|turn|8\n|inactive|Time left: 300 sec this turn | 300 sec total\n|\n|t:|1783544233\n|switch|p2a: Cetitan|Cetitan, L82, F|100/100\n|-terastallize|p1a: Salamence|Dragon\n|move|p1a: Salamence|Outrage|p2a: Cetitan\n|-damage|p2a: Cetitan|31/100\n|\n|-weather|none\n|-damage|p1a: Salamence|138/273|[from] Salt Cure\n|upkeep\n|turn|9\n|inactive|Time left: 300 sec this turn | 300 sec total\n|\n|t:|1783544234\n|move|p2a: Cetitan|Ice Shard|p1a: Salamence\n|-supereffective|p1a: Salamence\n|-damage|p1a: Salamence|64/273\n|-damage|p2a: Cetitan|21/100|[from] item: Life Orb\n|move|p1a: Salamence|Outrage|p2a: Cetitan|[from] lockedmove\n|-damage|p2a: Cetitan|0 fnt\n|faint|p2a: Cetitan\n|-start|p1a: Salamence|confusion|[fatigue]\n|\n|-damage|p1a: Salamence|30/273|[from] Salt Cure\n|upkeep\n|\n|t:|1783544235\n|switch|p2a: Garganacl|Garganacl, L80, M|100/100\n|turn|10\n|inactive|Time left: 300 sec this turn | 300 sec total\n|\n|t:|1783544236\n|-activate|p1a: Salamence|confusion\n|-damage|p1a: Salamence|0 fnt|[from] confusion\n|faint|p1a: Salamence\n|move|p2a: Garganacl|Salt Cure|p1: Salamence|[notarget]\n|-fail|p2a: Garganacl\n|\n|upkeep\n|inactive|Time left: 300 sec this turn | 300 sec total | 5 sec grace\n|\n|t:|1783544237\n|switch|p1a: Ninetales|Ninetales-Alola, L78, M|176/242\n|-weather|Snowscape|[from] ability: Snow Warning|[of] p1a: Ninetales\n|turn|11\n|inactive|Time left: 300 sec this turn | 300 sec total\n|\n|t:|1783544238\n|move|p1a: Ninetales|Moonblast|p2a: Garganacl\n|-damage|p2a: Garganacl|71/100\n|-unboost|p2a: Garganacl|spa|1\n|move|p2a: Garganacl|Salt Cure|p1a: Ninetales\n|-supereffective|p1a: Ninetales\n|-damage|p1a: Ninetales|145/242\n|-start|p1a: Ninetales|Salt Cure\n|\n|-weather|Snowscape|[upkeep]\n|-heal|p2a: Garganacl|77/100|[from] item: Leftovers\n|-damage|p1a: Ninetales|115/242|[from] Salt Cure\n|-sideend|p1: p0x391ebb8|move: Aurora Veil\n|upkeep\n|turn|12\n|inactive|Time left: 300 sec this turn | 300 sec total\n|\n|t:|1783544240\n|switch|p2a: Vikavolt|Vikavolt, L83, F|100/100\n|move|p1a: Ninetales|Aurora Veil|p1a: Ninetales\n|-sidestart|p1: p0x391ebb8|move: Aurora Veil\n|\n|-weather|Snowscape|[upkeep]\n|-damage|p1a: Ninetales|85/242|[from] Salt Cure\n|upkeep\n|turn|13\n|inactive|Time left: 300 sec this turn | 300 sec total\n|\n|t:|1783544241\n|move|p1a: Ninetales|Blizzard|p2a: Vikavolt\n|-damage|p2a: Vikavolt|65/100\n|move|p2a: Vikavolt|Sticky Web|p1a: Ninetales\n|-sidestart|p1: p0x391ebb8|move: Sticky Web\n|\n|-weather|Snowscape|[upkeep]\n|-damage|p1a: Ninetales|55/242|[from] Salt Cure\n|upkeep\n|turn|14\n|inactive|Time left: 300 sec this turn | 300 sec total\n|\n|t:|1783544242\n|move|p1a: Ninetales|Moonblast|p2a: Vikavolt\n|-damage|p2a: Vikavolt|31/100\n|-unboost|p2a: Vikavolt|spa|1\n|move|p2a: Vikavolt|Bug Buzz|p1a: Ninetales\n|-resisted|p1a: Ninetales\n|-damage|p1a: Ninetales|32/242\n|\n|-weather|Snowscape|[upkeep]\n|-damage|p1a: Ninetales|2/242|[from] Salt Cure\n|upkeep\n|turn|15\n|inactive|Time left: 300 sec this turn | 300 sec total\n|\n|t:|1783544243\n|switch|p2a: Basculegion|Basculegion-F, L83, F|100/100\n|move|p1a: Ninetales|Moonblast|p2a: Basculegion\n|-damage|p2a: Basculegion|76/100\n|\n|-weather|none\n|-damage|p1a: Ninetales|0 fnt|[from] Salt Cure\n|faint|p1a: Ninetales\n|upkeep\n|inactive|Time left: 300 sec this turn | 300 sec total | 5 sec grace\n|\n|t:|1783544244\n|switch|p1a: Chimecho|Chimecho, L93, M|290/290\n|turn|16\n|inactive|Time left: 300 sec this turn | 300 sec total\n|\n|t:|1783544245\n|move|p2a: Basculegion|Shadow Ball|p1a: Chimecho\n|-supereffective|p1a: Chimecho\n|-damage|p1a: Chimecho|132/290\n|move|p1a: Chimecho|Cosmic Power|p1a: Chimecho\n|-boost|p1a: Chimecho|def|1\n|-boost|p1a: Chimecho|spd|1\n|\n|-heal|p1a: Chimecho|150/290|[from] item: Leftovers\n|upkeep\n|turn|17\n|inactive|Time left: 300 sec this turn | 300 sec total\n|\n|t:|1783544246\n|move|p2a: Basculegion|Shadow Ball|p1a: Chimecho\n|-supereffective|p1a: Chimecho\n|-damage|p1a: Chimecho|54/290\n|move|p1a: Chimecho|Recover|p1a: Chimecho\n|-heal|p1a: Chimecho|199/290\n|\n|-heal|p1a: Chimecho|217/290|[from] item: Leftovers\n|upkeep\n|turn|18\n|inactive|Time left: 300 sec this turn | 300 sec total\n|\n|t:|1783544247\n|move|p2a: Basculegion|Shadow Ball|p1a: Chimecho\n|-supereffective|p1a: Chimecho\n|-damage|p1a: Chimecho|117/290\n|-unboost|p1a: Chimecho|spd|1\n|move|p1a: Chimecho|Cosmic Power|p1a: Chimecho\n|-boost|p1a: Chimecho|def|1\n|-boost|p1a: Chimecho|spd|1\n|\n|-heal|p1a: Chimecho|135/290|[from] item: Leftovers\n|upkeep\n|turn|19\n|inactive|Time left: 300 sec this turn | 300 sec total\n|\n|t:|1783544248\n|move|p2a: Basculegion|Shadow Ball|p1a: Chimecho\n|-supereffective|p1a: Chimecho\n|-damage|p1a: Chimecho|41/290\n|move|p1a: Chimecho|Recover|p1a: Chimecho\n|-heal|p1a: Chimecho|186/290\n|\n|-heal|p1a: Chimecho|204/290|[from] item: Leftovers\n|-sideend|p1: p0x391ebb8|move: Aurora Veil\n|upkeep\n|turn|20\n|inactive|Time left: 300 sec this turn | 300 sec total\n|\n|t:|1783544249\n|move|p2a: Basculegion|Shadow Ball|p1a: Chimecho\n|-supereffective|p1a: Chimecho\n|-damage|p1a: Chimecho|0 fnt\n|faint|p1a: Chimecho\n|\n|upkeep\n|inactive|Time left: 300 sec this turn | 300 sec total | 5 sec grace\n|\n|t:|1783544250\n|switch|p1a: Regigigas|Regigigas, L84|322/322\n|-activate|p1a: Regigigas|move: Sticky Web\n|-unboost|p1a: Regigigas|spe|1\n|-start|p1a: Regigigas|ability: Slow Start\n|turn|21\n|inactive|Time left: 300 sec this turn | 300 sec total\n|\n|t:|1783544251\n|switch|p2a: Garganacl|Garganacl, L80, M|77/100\n|move|p1a: Regigigas|Knock Off|p2a: Garganacl\n|-damage|p2a: Garganacl|62/100\n|-enditem|p2a: Garganacl|Leftovers|[from] move: Knock Off|[of] p1a: Regigigas\n|\n|upkeep\n|turn|22\n|inactive|Time left: 300 sec this turn | 300 sec total\n|\n|t:|1783544252\n|move|p2a: Garganacl|Salt Cure|p1a: Regigigas\n|-damage|p1a: Regigigas|289/322\n|-start|p1a: Regigigas|Salt Cure\n|move|p1a: Regigigas|Knock Off|p2a: Garganacl\n|-damage|p2a: Garganacl|53/100\n|\n|-heal|p1a: Regigigas|309/322|[from] item: Leftovers\n|-damage|p1a: Regigigas|269/322|[from] Salt Cure\n|upkeep\n|turn|23\n|inactive|Time left: 300 sec this turn | 300 sec total\n|\n|t:|1783544253\n|move|p2a: Garganacl|Recover|p2a: Garganacl\n|-heal|p2a: Garganacl|100/100\n|move|p1a: Regigigas|Substitute|p1a: Regigigas\n|-start|p1a: Regigigas|Substitute\n|-damage|p1a: Regigigas|189/322\n|\n|-heal|p1a: Regigigas|209/322|[from] item: Leftovers\n|-damage|p1a: Regigigas|169/322|[from] Salt Cure\n|upkeep\n|turn|24\n|inactive|Time left: 300 sec this turn | 300 sec total\n|\n|t:|1783544254\n|move|p2a: Garganacl|Earthquake|p1a: Regigigas\n|-activate|p1a: Regigigas|move: Substitute|[damage]\n|move|p1a: Regigigas|Knock Off|p2a: Garganacl\n|-damage|p2a: Garganacl|91/100\n|\n|-heal|p1a: Regigigas|189/322|[from] item: Leftovers\n|-damage|p1a: Regigigas|149/322|[from] Salt Cure\n|upkeep\n|turn|25\n|inactive|Time left: 300 sec this turn | 300 sec total\n|\n|t:|1783544255\n|move|p2a: Garganacl|Protect|p2a: Garganacl\n|-singleturn|p2a: Garganacl|Protect\n|move|p1a: Regigigas|Knock Off|p2a: Garganacl\n|-activate|p2a: Garganacl|move: Protect\n|\n|-heal|p1a: Regigigas|169/322|[from] item: Leftovers\n|-damage|p1a: Regigigas|129/322|[from] Salt Cure\n|-end|p1a: Regigigas|Slow Start\n|upkeep\n|turn|26\n|inactive|Time left: 300 sec this turn | 300 sec total\n|\n|t:|1783544256\n|move|p1a: Regigigas|Knock Off|p2a: Garganacl\n|-damage|p2a: Garganacl|71/100\n|move|p2a: Garganacl|Recover|p2a: Garganacl\n|-heal|p2a: Garganacl|100/100\n|\n|-heal|p1a: Regigigas|149/322|[from] item: Leftovers\n|-damage|p1a: Regigigas|109/322|[from] Salt Cure\n|upkeep\n|turn|27\n|inactive|Time left: 300 sec this turn | 300 sec total\n|\n|t:|1783544257\n|move|p1a: Regigigas|Knock Off|p2a: Garganacl\n|-damage|p2a: Garganacl|84/100\n|move|p2a: Garganacl|Salt Cure|p1a: Regigigas\n|-end|p1a: Regigigas|Substitute\n|\n|-heal|p1a: Regigigas|129/322|[from] item: Leftovers\n|-damage|p1a: Regigigas|89/322|[from] Salt Cure\n|upkeep\n|turn|28\n|inactive|Time left: 300 sec this turn | 300 sec total\n|\n|t:|1783544258\n|move|p1a: Regigigas|Protect|p1a: Regigigas\n|-singleturn|p1a: Regigigas|Protect\n|move|p2a: Garganacl|Earthquake|p1a: Regigigas\n|-activate|p1a: Regigigas|move: Protect\n|\n|-heal|p1a: Regigigas|109/322|[from] item: Leftovers\n|-damage|p1a: Regigigas|69/322|[from] Salt Cure\n|upkeep\n|turn|29\n|inactive|Time left: 300 sec this turn | 300 sec total\n|\n|t:|1783544260\n|move|p1a: Regigigas|Knock Off|p2a: Garganacl\n|-damage|p2a: Garganacl|65/100\n|move|p2a: Garganacl|Recover|p2a: Garganacl\n|-heal|p2a: Garganacl|100/100\n|\n|-heal|p1a: Regigigas|89/322|[from] item: Leftovers\n|-damage|p1a: Regigigas|49/322|[from] Salt Cure\n|upkeep\n|turn|30\n|inactive|Time left: 300 sec this turn | 300 sec total\n|\n|t:|1783544261\n|move|p1a: Regigigas|Protect|p1a: Regigigas\n|-singleturn|p1a: Regigigas|Protect\n|move|p2a: Garganacl|Salt Cure|p1a: Regigigas\n|-activate|p1a: Regigigas|move: Protect\n|\n|-heal|p1a: Regigigas|69/322|[from] item: Leftovers\n|-damage|p1a: Regigigas|29/322|[from] Salt Cure\n|upkeep\n|turn|31\n|inactive|Time left: 300 sec this turn | 300 sec total\n|\n|t:|1783544262\n|move|p1a: Regigigas|Knock Off|p2a: Garganacl\n|-damage|p2a: Garganacl|81/100\n|move|p2a: Garganacl|Earthquake|p1a: Regigigas\n|-damage|p1a: Regigigas|0 fnt\n|faint|p1a: Regigigas\n|-end|p1a: Regigigas|Slow Start|[silent]\n|\n|upkeep\n|inactive|Time left: 300 sec this turn | 300 sec total | 5 sec grace\n|\n|t:|1783544263\n|switch|p1a: Pachirisu|Pachirisu, L96, M|271/271\n|-activate|p1a: Pachirisu|move: Sticky Web\n|-unboost|p1a: Pachirisu|spe|1\n|turn|32\n|inactive|Time left: 300 sec this turn | 300 sec total\n|\n|t:|1783544264\n|move|p1a: Pachirisu|U-turn|p2a: Garganacl\n|-damage|p2a: Garganacl|72/100\n|move|p2a: Garganacl|Earthquake|p1a: Pachirisu\n|-supereffective|p1a: Pachirisu\n|-damage|p1a: Pachirisu|131/271\n|\n|upkeep\n|turn|33\n|inactive|Time left: 300 sec this turn | 300 sec total\n|\n|t:|1783544265\n|move|p1a: Pachirisu|Thunderbolt|p2a: Garganacl\n|-damage|p2a: Garganacl|46/100\n|move|p2a: Garganacl|Earthquake|p1a: Pachirisu\n|-supereffective|p1a: Pachirisu\n|-crit|p1a: Pachirisu\n|-damage|p1a: Pachirisu|0 fnt\n|faint|p1a: Pachirisu\n|\n|win|p0y391ef83", "uploadtime": 1783544265, "views": 0, "rating": 0, "private": 0, "password": null, "_winner": "p0y391ef83", "_our_name": "p0x391ebb8"}