{"id": "battle-gen9randombattle-2935", "formatid": "gen9randombattle", "format": "[Gen 9] Random Battle", "players": ["p0x29353b45", "p0y293597df"], "log": "|init|battle\n|title|p0x29353b45 vs. p0y293597df\n|j|\u2606p0x29353b45\n|j|\u2606p0y293597df\n|t:|1783572830\n|gametype|singles\n|player|p1|p0x29353b45|101|\n|player|p2|p0y293597df|102|\n|gen|9\n|tier|[Gen 9] Random Battle\n|rule|Species Clause: Limit one of each Pok\u00e9mon\n|rule|HP Percentage Mod: HP is shown in percentages\n|rule|Sleep Clause Mod: Limit one foe put to sleep\n|rule|Illusion Level Mod: Illusion disguises the Pok\u00e9mon's true level\n|\n|t:|1783572830\n|teamsize|p1|6\n|teamsize|p2|6\n|start\n|switch|p1a: Palossand|Palossand, L89, F|100/100\n|switch|p2a: Bisharp|Bisharp, L79, M|232/232\n|turn|1\n|inactive|Battle timer is ON: inactive players will automatically lose when time's up. (requested by p0y293597df)\n|inactive|p0x29353b45 also wants the timer to be on.\n|\n|t:|1783572831\n|move|p2a: Bisharp|Swords Dance|p2a: Bisharp\n|-boost|p2a: Bisharp|atk|2\n|move|p1a: Palossand|Earth Power|p2a: Bisharp\n|-supereffective|p2a: Bisharp\n|-damage|p2a: Bisharp|50/232\n|\n|upkeep\n|turn|2\n|inactive|Time left: 300 sec this turn | 300 sec total\n|\n|t:|1783572832\n|switch|p1a: Samurott|Samurott-Hisui, L77, F|100/100\n|move|p2a: Bisharp|Throat Chop|p1a: Samurott\n|-resisted|p1a: Samurott\n|-damage|p1a: Samurott|60/100\n|-start|p1a: Samurott|Throat Chop|[silent]\n|\n|upkeep\n|turn|3\n|inactive|Time left: 300 sec this turn | 300 sec total\n|\n|t:|1783572833\n|move|p2a: Bisharp|Sucker Punch|p1a: Samurott\n|-resisted|p1a: Samurott\n|-damage|p1a: Samurott|22/100\n|move|p1a: Samurott|Razor Shell|p2a: Bisharp\n|-damage|p2a: Bisharp|0 fnt\n|faint|p2a: Bisharp\n|-damage|p1a: Samurott|12/100|[from] item: Life Orb\n|\n|-end|p1a: Samurott|Throat Chop|[silent]\n|upkeep\n|inactive|Time left: 300 sec this turn | 300 sec total | 5 sec grace\n|\n|t:|1783572834\n|switch|p2a: Great Tusk|Great Tusk, L77|304/304\n|turn|4\n|inactive|Time left: 300 sec this turn | 300 sec total\n|\n|t:|1783572834\n|switch|p1a: Palossand|Palossand, L89, F|100/100\n|move|p2a: Great Tusk|Bulk Up|p2a: Great Tusk\n|-boost|p2a: Great Tusk|atk|1\n|-boost|p2a: Great Tusk|def|1\n|\n|upkeep\n|turn|5\n|inactive|Time left: 300 sec this turn | 300 sec total\n|\n|t:|1783572835\n|move|p2a: Great Tusk|Earthquake|p1a: Palossand\n|-damage|p1a: Palossand|56/100\n|move|p1a: Palossand|Earth Power|p2a: Great Tusk\n|-damage|p2a: Great Tusk|127/304\n|\n|-heal|p2a: Great Tusk|146/304|[from] item: Leftovers\n|-heal|p1a: Palossand|62/100|[from] item: Leftovers\n|upkeep\n|turn|6\n|inactive|Time left: 300 sec this turn | 300 sec total\n|\n|t:|1783572836\n|move|p2a: Great Tusk|Earthquake|p1a: Palossand\n|-damage|p1a: Palossand|15/100\n|move|p1a: Palossand|Earth Power|p2a: Great Tusk\n|-damage|p2a: Great Tusk|0 fnt\n|faint|p2a: Great Tusk\n|-end|p2a: Great Tusk|Protosynthesis|[silent]\n|\n|-heal|p1a: Palossand|21/100|[from] item: Leftovers\n|upkeep\n|inactive|Time left: 300 sec this turn | 300 sec total | 5 sec grace\n|\n|t:|1783572836\n|switch|p2a: Flareon|Flareon, L90, F|263/263\n|turn|7\n|inactive|Time left: 300 sec this turn | 300 sec total\n|\n|t:|1783572837\n|move|p2a: Flareon|Trailblaze|p1a: Palossand\n|-supereffective|p1a: Palossand\n|-damage|p1a: Palossand|0 fnt\n|-boost|p2a: Flareon|spe|1\n|faint|p1a: Palossand\n|\n|-status|p2a: Flareon|tox|[from] item: Toxic Orb\n|upkeep\n|\n|t:|1783572838\n|switch|p1a: Ditto|Ditto, L87|100/100\n|-transform|p1a: Ditto|p2a: Flareon|[from] ability: Imposter\n|turn|8\n|inactive|Time left: 300 sec this turn | 300 sec total\n|\n|t:|1783572838\n|switch|p1a: Samurott|Samurott-Hisui, L77, F|12/100\n|move|p2a: Flareon|Facade|p1a: Samurott\n|-damage|p1a: Samurott|0 fnt\n|faint|p1a: Samurott\n|\n|-damage|p2a: Flareon|247/263 tox|[from] psn\n|upkeep\n|\n|t:|1783572839\n|switch|p1a: Ditto|Ditto, L87|100/100\n|-transform|p1a: Ditto|p2a: Flareon|[from] ability: Imposter\n|turn|9\n|inactive|Time left: 300 sec this turn | 300 sec total\n|\n|t:|1783572840\n|move|p1a: Ditto|Flare Blitz|p2a: Flareon\n|-resisted|p2a: Flareon\n|-damage|p2a: Flareon|142/263 tox\n|-damage|p1a: Ditto|85/100|[from] Recoil\n|move|p2a: Flareon|Facade|p1a: Ditto\n|-damage|p1a: Ditto|0 fnt\n|faint|p1a: Ditto\n|\n|-damage|p2a: Flareon|110/263 tox|[from] psn\n|upkeep\n|\n|t:|1783572841\n|switch|p1a: Komala|Komala, L87, F|100/100\n|-ability|p1a: Komala|Comatose\n|turn|10\n|inactive|Time left: 300 sec this turn | 300 sec total\n|\n|t:|1783572842\n|-terastallize|p1a: Komala|Ghost\n|move|p2a: Flareon|Flare Blitz|p1a: Komala\n|-damage|p1a: Komala|0 fnt\n|faint|p1a: Komala\n|-damage|p2a: Flareon|26/263 tox|[from] Recoil\n|\n|-damage|p2a: Flareon|0 fnt|[from] psn\n|faint|p2a: Flareon\n|upkeep\n|inactive|Time left: 300 sec this turn | 300 sec total | 5 sec grace\n|\n|t:|1783572843\n|switch|p2a: Cacturne|Cacturne, L92, F|278/278\n|switch|p1a: Plusle|Plusle, L95, F|100/100\n|turn|11\n|inactive|Time left: 300 sec this turn | 300 sec total\n|\n|t:|1783572844\n|switch|p1a: Enamorus|Enamorus, L79, F|100/100\n|move|p2a: Cacturne|Knock Off|p1a: Enamorus\n|-resisted|p1a: Enamorus\n|-damage|p1a: Enamorus|54/100\n|-enditem|p1a: Enamorus|Heavy-Duty Boots|[from] move: Knock Off|[of] p2a: Cacturne\n|-damage|p2a: Cacturne|251/278|[from] item: Life Orb\n|\n|upkeep\n|turn|12\n|inactive|Time left: 300 sec this turn | 300 sec total\n|\n|t:|1783572845\n|move|p1a: Enamorus|Superpower|p2a: Cacturne\n|-supereffective|p2a: Cacturne\n|-crit|p2a: Cacturne\n|-damage|p2a: Cacturne|0 fnt\n|-boost|p1a: Enamorus|atk|1\n|-boost|p1a: Enamorus|def|1\n|faint|p2a: Cacturne\n|\n|upkeep\n|inactive|Time left: 300 sec this turn | 300 sec total | 5 sec grace\n|\n|t:|1783572846\n|switch|p2a: Lanturn|Lanturn, L89, F|367/367\n|turn|13\n|inactive|Time left: 300 sec this turn | 300 sec total\n|\n|t:|1783572847\n|move|p1a: Enamorus|Superpower|p2a: Lanturn\n|-damage|p2a: Lanturn|199/367\n|-boost|p1a: Enamorus|atk|1\n|-boost|p1a: Enamorus|def|1\n|move|p2a: Lanturn|Ice Beam|p1a: Enamorus\n|-supereffective|p1a: Enamorus\n|-damage|p1a: Enamorus|0 fnt\n|faint|p1a: Enamorus\n|\n|-heal|p2a: Lanturn|221/367|[from] item: Leftovers\n|upkeep\n|\n|t:|1783572848\n|switch|p1a: Plusle|Plusle, L95, F|100/100\n|turn|14\n|inactive|Time left: 300 sec this turn | 300 sec total\n|\n|t:|1783572849\n|switch|p2a: Sunflora|Sunflora, M|312/312\n|move|p1a: Plusle|Nasty Plot|p1a: Plusle\n|-boost|p1a: Plusle|spa|2\n|\n|upkeep\n|turn|15\n|inactive|Time left: 300 sec this turn | 300 sec total\n|\n|t:|1783572850\n|move|p1a: Plusle|Thunderbolt|p2a: Sunflora\n|-resisted|p2a: Sunflora\n|-damage|p2a: Sunflora|179/312\n|-status|p2a: Sunflora|par\n|-damage|p1a: Plusle|91/100|[from] item: Life Orb\n|move|p2a: Sunflora|Earth Power|p1a: Plusle\n|-supereffective|p1a: Plusle\n|-damage|p1a: Plusle|5/100\n|-damage|p2a: Sunflora|148/312 par|[from] item: Life Orb\n|\n|upkeep\n|turn|16\n|inactive|Time left: 300 sec this turn | 300 sec total\n|\n|t:|1783572851\n|-terastallize|p2a: Sunflora|Fire\n|move|p1a: Plusle|Nasty Plot|p1a: Plusle\n|-boost|p1a: Plusle|spa|2\n|move|p2a: Sunflora|Weather Ball|p1a: Plusle\n|-damage|p1a: Plusle|0 fnt\n|faint|p1a: Plusle\n|-damage|p2a: Sunflora|117/312 par|[from] item: Life Orb\n|\n|win|p0y293597df", "uploadtime": 1783572851, "views": 0, "rating": 0, "private": 0, "password": null, "_winner": "p0y293597df", "_our_name": "p0y293597df"}