{"id": "battle-gen9randombattle-1475", "formatid": "gen9randombattle", "format": "[Gen 9] Random Battle", "players": ["p0x14750926", "p0y14752f1f"], "log": "|init|battle\n|title|p0x14750926 vs. p0y14752f1f\n|j|\u2606p0x14750926\n|j|\u2606p0y14752f1f\n|t:|1783557178\n|gametype|singles\n|player|p1|p0x14750926|101|\n|player|p2|p0y14752f1f|265|\n|gen|9\n|tier|[Gen 9] Random Battle\n|rule|Species Clause: Limit one of each Pok\u00e9mon\n|rule|HP Percentage Mod: HP is shown in percentages\n|rule|Sleep Clause Mod: Limit one foe put to sleep\n|rule|Illusion Level Mod: Illusion disguises the Pok\u00e9mon's true level\n|\n|t:|1783557178\n|teamsize|p1|6\n|teamsize|p2|6\n|start\n|switch|p1a: Necrozma|Necrozma-Dusk-Mane, L69|100/100\n|switch|p2a: Floatzel|Floatzel, L86, F|286/286\n|turn|1\n|inactive|Battle timer is ON: inactive players will automatically lose when time's up. (requested by p0y14752f1f)\n|inactive|p0x14750926 also wants the timer to be on.\n|\n|t:|1783557180\n|move|p2a: Floatzel|Bulk Up|p2a: Floatzel\n|-boost|p2a: Floatzel|atk|1\n|-boost|p2a: Floatzel|def|1\n|move|p1a: Necrozma|Dragon Dance|p1a: Necrozma\n|-boost|p1a: Necrozma|atk|1\n|-boost|p1a: Necrozma|spe|1\n|\n|upkeep\n|turn|2\n|inactive|Time left: 300 sec this turn | 300 sec total\n|\n|t:|1783557181\n|move|p2a: Floatzel|Wave Crash|p1a: Necrozma\n|-damage|p1a: Necrozma|28/100\n|-damage|p2a: Floatzel|227/286|[from] Recoil\n|move|p1a: Necrozma|Earthquake|p2a: Floatzel\n|-damage|p2a: Floatzel|126/286\n|\n|-heal|p2a: Floatzel|143/286|[from] item: Leftovers\n|upkeep\n|turn|3\n|inactive|Time left: 300 sec this turn | 300 sec total\n|\n|t:|1783557182\n|move|p2a: Floatzel|Wave Crash|p1a: Necrozma\n|-damage|p1a: Necrozma|0 fnt\n|faint|p1a: Necrozma\n|-damage|p2a: Floatzel|121/286|[from] Recoil\n|\n|-heal|p2a: Floatzel|138/286|[from] item: Leftovers\n|upkeep\n|\n|t:|1783557183\n|switch|p1a: Eternatus|Eternatus, L69|100/100\n|-ability|p1a: Eternatus|Pressure\n|turn|4\n|inactive|Time left: 300 sec this turn | 300 sec total\n|\n|t:|1783557184\n|move|p2a: Floatzel|Ice Spinner|p1a: Eternatus\n|-supereffective|p1a: Eternatus\n|-damage|p1a: Eternatus|26/100\n|move|p1a: Eternatus|Meteor Beam||[still]\n|-prepare|p1a: Eternatus|Meteor Beam\n|-boost|p1a: Eternatus|spa|1\n|-enditem|p1a: Eternatus|Power Herb\n|-anim|p1a: Eternatus|Meteor Beam|p2a: Floatzel\n|-damage|p2a: Floatzel|0 fnt\n|faint|p2a: Floatzel\n|\n|upkeep\n|inactive|Time left: 300 sec this turn | 300 sec total | 5 sec grace\n|\n|t:|1783557184\n|switch|p2a: Chien-Pao|Chien-Pao, L72|234/234\n|-ability|p2a: Chien-Pao|Sword of Ruin\n|turn|5\n|inactive|Time left: 300 sec this turn | 300 sec total\n|\n|t:|1783557186\n|switch|p1a: Stonjourner|Stonjourner, L91, M|100/100\n|move|p2a: Chien-Pao|Throat Chop|p1a: Stonjourner\n|-damage|p1a: Stonjourner|82/100\n|-start|p1a: Stonjourner|Throat Chop|[silent]\n|\n|upkeep\n|turn|6\n|inactive|Time left: 300 sec this turn | 300 sec total\n|\n|t:|1783557187\n|switch|p2a: Exeggutor|Exeggutor-Alola, L89, M|314/314\n|-item|p1a: Stonjourner|Life Orb|[from] ability: Frisk|[of] p2a: Exeggutor\n|move|p1a: Stonjourner|Stone Edge|p2a: Exeggutor\n|-damage|p2a: Exeggutor|126/314\n|-damage|p1a: Stonjourner|72/100|[from] item: Life Orb\n|\n|-end|p1a: Stonjourner|Throat Chop|[silent]\n|upkeep\n|turn|7\n|inactive|Time left: 300 sec this turn | 300 sec total\n|\n|t:|1783557188\n|move|p1a: Stonjourner|Stone Edge|p2a: Exeggutor\n|-damage|p2a: Exeggutor|0 fnt\n|faint|p2a: Exeggutor\n|-damage|p1a: Stonjourner|62/100|[from] item: Life Orb\n|\n|upkeep\n|inactive|Time left: 300 sec this turn | 300 sec total | 5 sec grace\n|\n|t:|1783557189\n|switch|p2a: Misdreavus|Misdreavus, L90, F|254/254\n|turn|8\n|inactive|Time left: 300 sec this turn | 300 sec total\n|\n|t:|1783557190\n|switch|p1a: Shaymin|Shaymin, L82|100/100\n|move|p2a: Misdreavus|Shadow Ball|p1a: Shaymin\n|-damage|p1a: Shaymin|71/100\n|-unboost|p1a: Shaymin|spd|1\n|\n|-heal|p1a: Shaymin|77/100|[from] item: Leftovers\n|upkeep\n|turn|9\n|inactive|Time left: 300 sec this turn | 300 sec total\n|\n|t:|1783557191\n|move|p1a: Shaymin|Leech Seed|p2a: Misdreavus|[miss]\n|-miss|p1a: Shaymin|p2a: Misdreavus\n|move|p2a: Misdreavus|Calm Mind|p2a: Misdreavus\n|-boost|p2a: Misdreavus|spa|1\n|-boost|p2a: Misdreavus|spd|1\n|\n|-heal|p1a: Shaymin|83/100|[from] item: Leftovers\n|upkeep\n|turn|10\n|inactive|Time left: 300 sec this turn | 300 sec total\n|\n|t:|1783557192\n|move|p1a: Shaymin|Leech Seed|p2a: Misdreavus\n|-start|p2a: Misdreavus|move: Leech Seed\n|move|p2a: Misdreavus|Shadow Ball|p1a: Shaymin\n|-damage|p1a: Shaymin|23/100\n|\n|-heal|p1a: Shaymin|29/100|[from] item: Leftovers\n|-damage|p2a: Misdreavus|223/254|[from] Leech Seed|[of] p1a: Shaymin\n|-heal|p1a: Shaymin|40/100|[silent]\n|upkeep\n|turn|11\n|inactive|Time left: 300 sec this turn | 300 sec total\n|\n|t:|1783557193\n|switch|p1a: Toedscruel|Toedscruel, L87, M|100/100\n|move|p2a: Misdreavus|Shadow Ball|p1a: Toedscruel\n|-damage|p1a: Toedscruel|77/100\n|\n|-damage|p2a: Misdreavus|192/254|[from] Leech Seed|[of] p1a: Toedscruel\n|-heal|p1a: Toedscruel|88/100|[silent]\n|upkeep\n|turn|12\n|inactive|Time left: 300 sec this turn | 300 sec total\n|\n|t:|1783557194\n|move|p1a: Toedscruel|Knock Off|p2a: Misdreavus\n|-supereffective|p2a: Misdreavus\n|-damage|p2a: Misdreavus|102/254\n|-enditem|p2a: Misdreavus|Eviolite|[from] move: Knock Off|[of] p1a: Toedscruel\n|move|p2a: Misdreavus|Calm Mind|p2a: Misdreavus\n|-boost|p2a: Misdreavus|spa|1\n|-boost|p2a: Misdreavus|spd|1\n|\n|-damage|p2a: Misdreavus|71/254|[from] Leech Seed|[of] p1a: Toedscruel\n|-heal|p1a: Toedscruel|99/100|[silent]\n|upkeep\n|turn|13\n|inactive|Time left: 300 sec this turn | 300 sec total\n|\n|t:|1783557195\n|move|p1a: Toedscruel|Knock Off|p2a: Misdreavus\n|-supereffective|p2a: Misdreavus\n|-damage|p2a: Misdreavus|0 fnt\n|faint|p2a: Misdreavus\n|\n|upkeep\n|inactive|Time left: 300 sec this turn | 300 sec total | 5 sec grace\n|\n|t:|1783557196\n|switch|p2a: Feraligatr|Feraligatr, L79, M|264/264\n|turn|14\n|inactive|Time left: 300 sec this turn | 300 sec total\n|\n|t:|1783557197\n|move|p1a: Toedscruel|Leaf Storm|p2a: Feraligatr\n|-supereffective|p2a: Feraligatr\n|-damage|p2a: Feraligatr|0 fnt\n|-unboost|p1a: Toedscruel|spa|2\n|faint|p2a: Feraligatr\n|\n|upkeep\n|inactive|Time left: 300 sec this turn | 300 sec total | 5 sec grace\n|\n|t:|1783557198\n|switch|p2a: Chien-Pao|Chien-Pao, L72|234/234\n|-ability|p2a: Chien-Pao|Sword of Ruin\n|turn|15\n|inactive|Time left: 300 sec this turn | 300 sec total\n|\n|t:|1783557198\n|switch|p1a: Stonjourner|Stonjourner, L91, M|62/100\n|move|p2a: Chien-Pao|Swords Dance|p2a: Chien-Pao\n|-boost|p2a: Chien-Pao|atk|2\n|\n|upkeep\n|turn|16\n|inactive|Time left: 300 sec this turn | 300 sec total\n|\n|t:|1783557199\n|move|p2a: Chien-Pao|Icicle Crash|p1a: Stonjourner\n|-damage|p1a: Stonjourner|24/100\n|move|p1a: Stonjourner|Heat Crash|p2a: Chien-Pao\n|-supereffective|p2a: Chien-Pao\n|-damage|p2a: Chien-Pao|0 fnt\n|faint|p2a: Chien-Pao\n|-damage|p1a: Stonjourner|14/100|[from] item: Life Orb\n|\n|upkeep\n|inactive|Time left: 300 sec this turn | 300 sec total | 5 sec grace\n|\n|t:|1783557200\n|switch|p2a: Talonflame|Talonflame, L83, M|265/265\n|turn|17\n|inactive|Time left: 300 sec this turn | 300 sec total\n|\n|t:|1783557201\n|switch|p1a: Kingdra|Kingdra, L84, M|100/100\n|move|p2a: Talonflame|Overheat|p1a: Kingdra\n|-resisted|p1a: Kingdra\n|-damage|p1a: Kingdra|91/100\n|-unboost|p2a: Talonflame|spa|2\n|\n|upkeep\n|turn|18\n|inactive|Time left: 300 sec this turn | 300 sec total\n|\n|t:|1783557202\n|-terastallize|p2a: Talonflame|Ground\n|-terastallize|p1a: Kingdra|Water\n|move|p2a: Talonflame|Brave Bird|p1a: Kingdra\n|-crit|p1a: Kingdra\n|-damage|p1a: Kingdra|28/100\n|-damage|p2a: Talonflame|211/265|[from] Recoil\n|move|p1a: Kingdra|Wave Crash|p2a: Talonflame\n|-supereffective|p2a: Talonflame\n|-damage|p2a: Talonflame|0 fnt\n|faint|p2a: Talonflame\n|-damage|p1a: Kingdra|2/100|[from] Recoil\n|-damage|p1a: Kingdra|0 fnt|[from] item: Life Orb\n|faint|p1a: Kingdra\n|\n|win|p0x14750926", "uploadtime": 1783557202, "views": 0, "rating": 0, "private": 0, "password": null, "_winner": "p0x14750926", "_our_name": "p0y14752f1f"}