{"id": "battle-gen9randombattle-633", "formatid": "gen9randombattle", "format": "[Gen 9] Random Battle", "players": ["p0x6338ed2", "p0y6336f11"], "log": "|init|battle\n|title|p0x6338ed2 vs. p0y6336f11\n|j|\u2606p0x6338ed2\n|j|\u2606p0y6336f11\n|t:|1783546458\n|gametype|singles\n|player|p1|p0x6338ed2|102|\n|player|p2|p0y6336f11|102|\n|gen|9\n|tier|[Gen 9] Random Battle\n|rule|Species Clause: Limit one of each Pok\u00e9mon\n|rule|HP Percentage Mod: HP is shown in percentages\n|rule|Sleep Clause Mod: Limit one foe put to sleep\n|rule|Illusion Level Mod: Illusion disguises the Pok\u00e9mon's true level\n|\n|t:|1783546458\n|teamsize|p1|6\n|teamsize|p2|6\n|start\n|switch|p1a: Koraidon|Koraidon, L64|100/100\n|switch|p2a: Slowking|Slowking, L88, M|310/310\n|-weather|SunnyDay|[from] ability: Orichalcum Pulse|[of] p1a: Koraidon\n|-activate|p1a: Koraidon|Orichalcum Pulse|[source]\n|turn|1\n|inactive|Battle timer is ON: inactive players will automatically lose when time's up. (requested by p0x6338ed2)\n|inactive|Time left: 300 sec this turn | 300 sec total | 60 sec grace\n|inactive|p0y6336f11 also wants the timer to be on.\n|\n|t:|1783546459\n|move|p1a: Koraidon|Outrage|p2a: Slowking\n|-damage|p2a: Slowking|121/310\n|move|p2a: Slowking|Psyshock|p1a: Koraidon\n|-supereffective|p1a: Koraidon\n|-damage|p1a: Koraidon|15/100\n|\n|-weather|SunnyDay|[upkeep]\n|-heal|p2a: Slowking|140/310|[from] item: Leftovers\n|upkeep\n|turn|2\n|inactive|Time left: 300 sec this turn | 300 sec total\n|\n|t:|1783546460\n|switch|p2a: Lokix|Lokix, L82, M|251/251\n|move|p1a: Koraidon|Outrage|p2a: Lokix|[from] lockedmove\n|-damage|p2a: Lokix|34/251\n|\n|-weather|SunnyDay|[upkeep]\n|upkeep\n|turn|3\n|inactive|Time left: 300 sec this turn | 300 sec total\n|\n|t:|1783546461\n|move|p2a: Lokix|Sucker Punch|p1a: Koraidon\n|-resisted|p1a: Koraidon\n|-damage|p1a: Koraidon|0 fnt\n|faint|p1a: Koraidon\n|-damage|p2a: Lokix|9/251|[from] item: Life Orb\n|\n|-weather|SunnyDay|[upkeep]\n|upkeep\n|\n|t:|1783546462\n|switch|p1a: Glimmora|Glimmora, L75, F|100/100\n|turn|4\n|inactive|Time left: 300 sec this turn | 300 sec total\n|\n|t:|1783546463\n|move|p2a: Lokix|Leech Life|p1a: Glimmora\n|-resisted|p1a: Glimmora\n|-damage|p1a: Glimmora|55/100\n|-heal|p2a: Lokix|66/251|[from] drain|[of] p1a: Glimmora\n|-activate|p1a: Glimmora|ability: Toxic Debris\n|-sidestart|p2: p0y6336f11|move: Toxic Spikes\n|-damage|p2a: Lokix|41/251|[from] item: Life Orb\n|move|p1a: Glimmora|Meteor Beam||[still]\n|-prepare|p1a: Glimmora|Meteor Beam\n|-boost|p1a: Glimmora|spa|1\n|-enditem|p1a: Glimmora|Power Herb\n|-anim|p1a: Glimmora|Meteor Beam|p2a: Lokix\n|-supereffective|p2a: Lokix\n|-damage|p2a: Lokix|0 fnt\n|faint|p2a: Lokix\n|\n|-weather|SunnyDay|[upkeep]\n|upkeep\n|inactive|Time left: 300 sec this turn | 300 sec total | 5 sec grace\n|\n|t:|1783546464\n|switch|p2a: Rotom|Rotom, L88|231/231\n|turn|5\n|inactive|Time left: 300 sec this turn | 300 sec total\n|\n|t:|1783546464\n|switch|p1a: Piloswine|Piloswine, L85, M|100/100\n|move|p2a: Rotom|Shadow Ball|p1a: Piloswine\n|-damage|p1a: Piloswine|69/100\n|-damage|p2a: Rotom|208/231|[from] item: Life Orb\n|\n|-weather|none\n|upkeep\n|turn|6\n|inactive|Time left: 300 sec this turn | 300 sec total\n|\n|t:|1783546465\n|move|p2a: Rotom|Nasty Plot|p2a: Rotom\n|-boost|p2a: Rotom|spa|2\n|move|p1a: Piloswine|Stealth Rock|p2a: Rotom\n|-sidestart|p2: p0y6336f11|move: Stealth Rock\n|\n|upkeep\n|turn|7\n|inactive|Time left: 300 sec this turn | 300 sec total\n|\n|t:|1783546466\n|move|p2a: Rotom|Shadow Ball|p1a: Piloswine\n|-damage|p1a: Piloswine|5/100\n|-unboost|p1a: Piloswine|spd|1\n|-damage|p2a: Rotom|185/231|[from] item: Life Orb\n|move|p1a: Piloswine|Roar|p2a: Rotom\n|drag|p2a: Slowking|Slowking, L88, M|243/310\n|-status|p2a: Slowking|psn\n|-damage|p2a: Slowking|205/310 psn|[from] Stealth Rock\n|\n|-heal|p2a: Slowking|224/310 psn|[from] item: Leftovers\n|-damage|p2a: Slowking|186/310 psn|[from] psn\n|upkeep\n|turn|8\n|inactive|Time left: 300 sec this turn | 300 sec total\n|\n|t:|1783546467\n|switch|p1a: Espathra|Espathra, L80, M|100/100\n|switch|p2a: Volcarona|Volcarona, L77, M|257/257\n|\n|upkeep\n|turn|9\n|inactive|Time left: 300 sec this turn | 300 sec total\n|\n|t:|1783546468\n|move|p1a: Espathra|Calm Mind|p1a: Espathra\n|-boost|p1a: Espathra|spa|1\n|-boost|p1a: Espathra|spd|1\n|move|p2a: Volcarona|Quiver Dance|p2a: Volcarona\n|-boost|p2a: Volcarona|spa|1\n|-boost|p2a: Volcarona|spd|1\n|-boost|p2a: Volcarona|spe|1\n|\n|-ability|p1a: Espathra|Speed Boost|boost\n|-boost|p1a: Espathra|spe|1\n|upkeep\n|turn|10\n|inactive|Time left: 300 sec this turn | 300 sec total\n|\n|t:|1783546469\n|-terastallize|p1a: Espathra|Fairy\n|move|p1a: Espathra|Calm Mind|p1a: Espathra\n|-boost|p1a: Espathra|spa|1\n|-boost|p1a: Espathra|spd|1\n|move|p2a: Volcarona|Bug Buzz|p1a: Espathra\n|-resisted|p1a: Espathra\n|-damage|p1a: Espathra|82/100\n|\n|-heal|p1a: Espathra|88/100|[from] item: Leftovers\n|-ability|p1a: Espathra|Speed Boost|boost\n|-boost|p1a: Espathra|spe|1\n|upkeep\n|turn|11\n|inactive|Time left: 300 sec this turn | 300 sec total\n|\n|t:|1783546470\n|-terastallize|p2a: Volcarona|Steel\n|move|p1a: Espathra|Stored Power|p2a: Volcarona\n|-resisted|p2a: Volcarona\n|-damage|p2a: Volcarona|160/257\n|move|p2a: Volcarona|Quiver Dance|p2a: Volcarona\n|-boost|p2a: Volcarona|spa|1\n|-boost|p2a: Volcarona|spd|1\n|-boost|p2a: Volcarona|spe|1\n|\n|-heal|p1a: Espathra|94/100|[from] item: Leftovers\n|-ability|p1a: Espathra|Speed Boost|boost\n|-boost|p1a: Espathra|spe|1\n|upkeep\n|turn|12\n|inactive|Time left: 300 sec this turn | 300 sec total\n|\n|t:|1783546471\n|move|p1a: Espathra|Stored Power|p2a: Volcarona\n|-resisted|p2a: Volcarona\n|-damage|p2a: Volcarona|87/257\n|move|p2a: Volcarona|Fire Blast|p1a: Espathra\n|-damage|p1a: Espathra|33/100\n|\n|-heal|p1a: Espathra|39/100|[from] item: Leftovers\n|-ability|p1a: Espathra|Speed Boost|boost\n|-boost|p1a: Espathra|spe|1\n|upkeep\n|turn|13\n|inactive|Time left: 300 sec this turn | 300 sec total\n|\n|t:|1783546472\n|move|p1a: Espathra|Stored Power|p2a: Volcarona\n|-resisted|p2a: Volcarona\n|-damage|p2a: Volcarona|0 fnt\n|faint|p2a: Volcarona\n|\n|-heal|p1a: Espathra|45/100|[from] item: Leftovers\n|-ability|p1a: Espathra|Speed Boost|boost\n|-boost|p1a: Espathra|spe|1\n|upkeep\n|inactive|Time left: 300 sec this turn | 300 sec total | 5 sec grace\n|\n|t:|1783546473\n|switch|p2a: Slowking|Slowking, L88, M|289/310 psn\n|-damage|p2a: Slowking|251/310 psn|[from] Stealth Rock\n|turn|14\n|inactive|Time left: 300 sec this turn | 300 sec total\n|\n|t:|1783546474\n|move|p1a: Espathra|Roost|p1a: Espathra\n|-heal|p1a: Espathra|95/100\n|move|p2a: Slowking|Psyshock|p1a: Espathra\n|-crit|p1a: Espathra\n|-damage|p1a: Espathra|27/100\n|\n|-heal|p1a: Espathra|33/100|[from] item: Leftovers\n|-heal|p2a: Slowking|270/310 psn|[from] item: Leftovers\n|-damage|p2a: Slowking|232/310 psn|[from] psn\n|-ability|p1a: Espathra|Speed Boost|boost\n|-boost|p1a: Espathra|spe|1\n|upkeep\n|turn|15\n|inactive|Time left: 300 sec this turn | 300 sec total\n|\n|t:|1783546475\n|move|p1a: Espathra|Roost|p1a: Espathra\n|-heal|p1a: Espathra|83/100\n|move|p2a: Slowking|Psyshock|p1a: Espathra\n|-damage|p1a: Espathra|37/100\n|\n|-heal|p1a: Espathra|43/100|[from] item: Leftovers\n|-heal|p2a: Slowking|251/310 psn|[from] item: Leftovers\n|-damage|p2a: Slowking|213/310 psn|[from] psn\n|upkeep\n|turn|16\n|inactive|Time left: 300 sec this turn | 300 sec total\n|\n|t:|1783546476\n|move|p1a: Espathra|Roost|p1a: Espathra\n|-heal|p1a: Espathra|93/100\n|move|p2a: Slowking|Psyshock|p1a: Espathra\n|-damage|p1a: Espathra|44/100\n|\n|-heal|p1a: Espathra|50/100|[from] item: Leftovers\n|-heal|p2a: Slowking|232/310 psn|[from] item: Leftovers\n|-damage|p2a: Slowking|194/310 psn|[from] psn\n|upkeep\n|turn|17\n|inactive|Time left: 300 sec this turn | 300 sec total\n|\n|t:|1783546477\n|move|p1a: Espathra|Roost|p1a: Espathra\n|-heal|p1a: Espathra|100/100\n|move|p2a: Slowking|Psyshock|p1a: Espathra\n|-damage|p1a: Espathra|52/100\n|\n|-heal|p1a: Espathra|58/100|[from] item: Leftovers\n|-heal|p2a: Slowking|213/310 psn|[from] item: Leftovers\n|-damage|p2a: Slowking|175/310 psn|[from] psn\n|upkeep\n|turn|18\n|inactive|Time left: 300 sec this turn | 300 sec total\n|\n|t:|1783546478\n|move|p1a: Espathra|Stored Power|p2a: Slowking\n|-resisted|p2a: Slowking\n|-damage|p2a: Slowking|6/310 psn\n|move|p2a: Slowking|Psyshock|p1a: Espathra\n|-damage|p1a: Espathra|10/100\n|\n|-heal|p1a: Espathra|16/100|[from] item: Leftovers\n|-heal|p2a: Slowking|25/310 psn|[from] item: Leftovers\n|-damage|p2a: Slowking|0 fnt|[from] psn\n|faint|p2a: Slowking\n|upkeep\n|inactive|Time left: 300 sec this turn | 300 sec total | 5 sec grace\n|\n|t:|1783546479\n|switch|p2a: Squawkabilly|Squawkabilly, L85, F|278/278\n|-damage|p2a: Squawkabilly|209/278|[from] Stealth Rock\n|turn|19\n|inactive|Time left: 300 sec this turn | 300 sec total\n|\n|t:|1783546480\n|switch|p1a: Archaludon|Archaludon, L78, F|100/100\n|move|p2a: Squawkabilly|Quick Attack|p1a: Archaludon\n|-resisted|p1a: Archaludon\n|-damage|p1a: Archaludon|94/100\n|-ability|p1a: Archaludon|Stamina|boost\n|-boost|p1a: Archaludon|def|1\n|\n|-status|p2a: Squawkabilly|brn|[from] item: Flame Orb\n|upkeep\n|turn|20\n|inactive|Time left: 300 sec this turn | 300 sec total\n|\n|t:|1783546481\n|move|p2a: Squawkabilly|Facade|p1a: Archaludon\n|-resisted|p1a: Archaludon\n|-damage|p1a: Archaludon|72/100\n|-ability|p1a: Archaludon|Stamina|boost\n|-boost|p1a: Archaludon|def|1\n|move|p1a: Archaludon|Outrage|p2a: Squawkabilly\n|-damage|p2a: Squawkabilly|34/278 brn\n|\n|-damage|p2a: Squawkabilly|17/278 brn|[from] brn\n|upkeep\n|turn|21\n|inactive|Time left: 300 sec this turn | 300 sec total\n|\n|t:|1783546482\n|move|p2a: Squawkabilly|Facade|p1a: Archaludon\n|-resisted|p1a: Archaludon\n|-damage|p1a: Archaludon|55/100\n|-ability|p1a: Archaludon|Stamina|boost\n|-boost|p1a: Archaludon|def|1\n|move|p1a: Archaludon|Outrage|p2a: Squawkabilly|[from] lockedmove\n|-damage|p2a: Squawkabilly|0 fnt\n|faint|p2a: Squawkabilly\n|-start|p1a: Archaludon|confusion|[fatigue]\n|-enditem|p1a: Archaludon|Lum Berry|[eat]\n|-end|p1a: Archaludon|confusion\n|\n|upkeep\n|inactive|Time left: 300 sec this turn | 300 sec total | 5 sec grace\n|\n|t:|1783546483\n|switch|p2a: Rotom|Rotom, L88|185/231\n|-damage|p2a: Rotom|157/231|[from] Stealth Rock\n|turn|22\n|inactive|Time left: 300 sec this turn | 300 sec total\n|\n|t:|1783546484\n|switch|p1a: Virizion|Virizion, L82|100/100\n|move|p2a: Rotom|Shadow Ball|p1a: Virizion\n|-damage|p1a: Virizion|70/100\n|-damage|p2a: Rotom|134/231|[from] item: Life Orb\n|\n|upkeep\n|turn|23\n|inactive|Time left: 300 sec this turn | 300 sec total\n|\n|t:|1783546485\n|move|p1a: Virizion|Leaf Blade|p2a: Rotom\n|-damage|p2a: Rotom|21/231\n|-damage|p1a: Virizion|60/100|[from] item: Life Orb\n|move|p2a: Rotom|Will-O-Wisp|p1a: Virizion\n|-status|p1a: Virizion|brn\n|\n|-damage|p1a: Virizion|54/100 brn|[from] brn\n|upkeep\n|turn|24\n|inactive|Time left: 300 sec this turn | 300 sec total\n|\n|t:|1783546486\n|move|p1a: Virizion|Swords Dance|p1a: Virizion\n|-boost|p1a: Virizion|atk|2\n|move|p2a: Rotom|Nasty Plot|p2a: Rotom\n|-boost|p2a: Rotom|spa|2\n|\n|-damage|p1a: Virizion|48/100 brn|[from] brn\n|upkeep\n|turn|25\n|inactive|Time left: 300 sec this turn | 300 sec total\n|\n|t:|1783546487\n|move|p1a: Virizion|Stone Edge|p2a: Rotom\n|-crit|p2a: Rotom\n|-damage|p2a: Rotom|0 fnt\n|faint|p2a: Rotom\n|-damage|p1a: Virizion|38/100 brn|[from] item: Life Orb\n|\n|-damage|p1a: Virizion|32/100 brn|[from] brn\n|upkeep\n|inactive|Time left: 300 sec this turn | 300 sec total | 5 sec grace\n|\n|t:|1783546488\n|switch|p2a: Palafin|Palafin, L77, M|281/281\n|-status|p2a: Palafin|psn\n|-damage|p2a: Palafin|246/281 psn|[from] Stealth Rock\n|turn|26\n|inactive|Time left: 300 sec this turn | 300 sec total\n|\n|t:|1783546489\n|move|p2a: Palafin|Jet Punch|p1a: Virizion\n|-resisted|p1a: Virizion\n|-damage|p1a: Virizion|18/100 brn\n|move|p1a: Virizion|Leaf Blade|p2a: Palafin\n|-supereffective|p2a: Palafin\n|-damage|p2a: Palafin|0 fnt\n|faint|p2a: Palafin\n|-damage|p1a: Virizion|8/100 brn|[from] item: Life Orb\n|\n|win|p0x6338ed2", "uploadtime": 1783546489, "views": 0, "rating": 0, "private": 0, "password": null, "_winner": "p0x6338ed2", "_our_name": "p0y6336f11"}