{"id": "battle-gen9randombattle-1782", "formatid": "gen9randombattle", "format": "[Gen 9] Random Battle", "players": ["p0x1782dc3a", "p0y17820f95"], "log": "|init|battle\n|title|p0x1782dc3a vs. p0y17820f95\n|j|\u2606p0x1782dc3a\n|j|\u2606p0y17820f95\n|t:|1783560661\n|gametype|singles\n|player|p1|p0x1782dc3a|266|\n|player|p2|p0y17820f95|101|\n|gen|9\n|tier|[Gen 9] Random Battle\n|rule|Species Clause: Limit one of each Pok\u00e9mon\n|rule|HP Percentage Mod: HP is shown in percentages\n|rule|Sleep Clause Mod: Limit one foe put to sleep\n|rule|Illusion Level Mod: Illusion disguises the Pok\u00e9mon's true level\n|\n|t:|1783560661\n|teamsize|p1|6\n|teamsize|p2|6\n|start\n|switch|p1a: Ampharos|Ampharos, L88, M|100/100\n|switch|p2a: Great Tusk|Great Tusk, L77|304/304\n|turn|1\n|inactive|Battle timer is ON: inactive players will automatically lose when time's up. (requested by p0x1782dc3a)\n|inactive|Time left: 300 sec this turn | 300 sec total | 60 sec grace\n|inactive|p0y17820f95 also wants the timer to be on.\n|\n|t:|1783560662\n|move|p2a: Great Tusk|Earthquake|p1a: Ampharos\n|-supereffective|p1a: Ampharos\n|-damage|p1a: Ampharos|25/100\n|move|p1a: Ampharos|Dazzling Gleam|p2a: Great Tusk\n|-supereffective|p2a: Great Tusk\n|-damage|p2a: Great Tusk|0 fnt\n|faint|p2a: Great Tusk\n|-end|p2a: Great Tusk|Protosynthesis|[silent]\n|\n|upkeep\n|inactive|Time left: 300 sec this turn | 300 sec total | 65 sec grace\n|\n|t:|1783560663\n|switch|p2a: Zangoose|Zangoose, L85, F|263/263\n|turn|2\n|inactive|Time left: 300 sec this turn | 300 sec total\n|\n|t:|1783560665\n|switch|p1a: Annihilape|Annihilape, L76, M|100/100\n|move|p2a: Zangoose|Facade|p1a: Annihilape\n|-immune|p1a: Annihilape\n|\n|-status|p2a: Zangoose|tox|[from] item: Toxic Orb\n|upkeep\n|turn|3\n|inactive|Time left: 300 sec this turn | 300 sec total\n|\n|t:|1783560666\n|move|p2a: Zangoose|Knock Off|p1a: Annihilape\n|-damage|p1a: Annihilape|49/100\n|-enditem|p1a: Annihilape|Leftovers|[from] move: Knock Off|[of] p2a: Zangoose\n|move|p1a: Annihilape|Drain Punch|p2a: Zangoose\n|-supereffective|p2a: Zangoose\n|-damage|p2a: Zangoose|63/263 tox\n|-heal|p1a: Annihilape|83/100|[from] drain|[of] p2a: Zangoose\n|\n|-damage|p2a: Zangoose|47/263 tox|[from] psn\n|upkeep\n|turn|4\n|inactive|Time left: 300 sec this turn | 300 sec total\n|\n|t:|1783560667\n|move|p2a: Zangoose|Knock Off|p1a: Annihilape\n|-damage|p1a: Annihilape|50/100\n|move|p1a: Annihilape|Bulk Up|p1a: Annihilape\n|-boost|p1a: Annihilape|atk|1\n|-boost|p1a: Annihilape|def|1\n|\n|-damage|p2a: Zangoose|15/263 tox|[from] psn\n|upkeep\n|turn|5\n|inactive|Time left: 300 sec this turn | 300 sec total\n|\n|t:|1783560667\n|switch|p2a: Gholdengo|Gholdengo, L77|261/261\n|move|p1a: Annihilape|Bulk Up|p1a: Annihilape\n|-boost|p1a: Annihilape|atk|1\n|-boost|p1a: Annihilape|def|1\n|\n|upkeep\n|turn|6\n|inactive|Time left: 300 sec this turn | 300 sec total\n|\n|t:|1783560669\n|-terastallize|p1a: Annihilape|Ghost\n|move|p2a: Gholdengo|Shadow Ball|p1a: Annihilape\n|-supereffective|p1a: Annihilape\n|-damage|p1a: Annihilape|0 fnt\n|faint|p1a: Annihilape\n|\n|upkeep\n|\n|t:|1783560669\n|switch|p1a: Blastoise|Blastoise, L80, M|100/100\n|turn|7\n|inactive|Time left: 300 sec this turn | 300 sec total\n|\n|t:|1783560670\n|switch|p2a: Ogerpon|Ogerpon-Cornerstone, L76, F|247/247\n|move|p1a: Blastoise|Shell Smash|p1a: Blastoise\n|-unboost|p1a: Blastoise|def|1\n|-unboost|p1a: Blastoise|spd|1\n|-boost|p1a: Blastoise|atk|2\n|-boost|p1a: Blastoise|spa|2\n|-boost|p1a: Blastoise|spe|2\n|-enditem|p1a: Blastoise|White Herb\n|-clearnegativeboost|p1a: Blastoise|[silent]\n|\n|upkeep\n|turn|8\n|inactive|Time left: 300 sec this turn | 300 sec total\n|\n|t:|1783560671\n|move|p1a: Blastoise|Ice Beam|p2a: Ogerpon\n|-supereffective|p2a: Ogerpon\n|-damage|p2a: Ogerpon|41/247\n|move|p2a: Ogerpon|Power Whip|p1a: Blastoise\n|-supereffective|p1a: Blastoise\n|-damage|p1a: Blastoise|0 fnt\n|faint|p1a: Blastoise\n|\n|upkeep\n|\n|t:|1783560672\n|switch|p1a: Flygon|Flygon, L82, F|100/100\n|turn|9\n|inactive|Time left: 300 sec this turn | 300 sec total\n|\n|t:|1783560673\n|move|p1a: Flygon|Earthquake|p2a: Ogerpon\n|-damage|p2a: Ogerpon|0 fnt\n|faint|p2a: Ogerpon\n|\n|upkeep\n|inactive|Time left: 300 sec this turn | 300 sec total | 5 sec grace\n|\n|t:|1783560674\n|switch|p2a: Grumpig|Grumpig, L92, M|297/297\n|turn|10\n|inactive|Time left: 300 sec this turn | 300 sec total\n|\n|t:|1783560675\n|move|p1a: Flygon|Earthquake|p2a: Grumpig\n|-damage|p2a: Grumpig|179/297\n|move|p2a: Grumpig|Psychic|p1a: Flygon\n|-damage|p1a: Flygon|59/100\n|-unboost|p1a: Flygon|spd|1\n|\n|upkeep\n|turn|11\n|inactive|Time left: 300 sec this turn | 300 sec total\n|\n|t:|1783560676\n|move|p1a: Flygon|Earthquake|p2a: Grumpig\n|-damage|p2a: Grumpig|61/297\n|move|p2a: Grumpig|Psychic|p1a: Flygon\n|-damage|p1a: Flygon|0 fnt\n|faint|p1a: Flygon\n|\n|upkeep\n|\n|t:|1783560676\n|switch|p1a: Misdreavus|Misdreavus, L90, F|100/100\n|turn|12\n|inactive|Time left: 300 sec this turn | 300 sec total\n|\n|t:|1783560677\n|move|p2a: Grumpig|Psychic|p1a: Misdreavus\n|-damage|p1a: Misdreavus|76/100\n|move|p1a: Misdreavus|Shadow Ball|p2a: Grumpig\n|-supereffective|p2a: Grumpig\n|-damage|p2a: Grumpig|0 fnt\n|faint|p2a: Grumpig\n|\n|upkeep\n|inactive|Time left: 300 sec this turn | 300 sec total | 5 sec grace\n|\n|t:|1783560678\n|switch|p2a: Gholdengo|Gholdengo, L77|261/261\n|turn|13\n|inactive|Time left: 300 sec this turn | 300 sec total\n|\n|t:|1783560678\n|move|p2a: Gholdengo|Shadow Ball|p1a: Misdreavus\n|-supereffective|p1a: Misdreavus\n|-damage|p1a: Misdreavus|33/100\n|-unboost|p1a: Misdreavus|spd|1\n|move|p1a: Misdreavus|Shadow Ball|p2a: Gholdengo\n|-supereffective|p2a: Gholdengo\n|-damage|p2a: Gholdengo|81/261\n|-unboost|p2a: Gholdengo|spd|1\n|\n|upkeep\n|turn|14\n|inactive|Time left: 300 sec this turn | 300 sec total\n|\n|t:|1783560679\n|switch|p1a: Vaporeon|Vaporeon, L86, M|100/100\n|move|p2a: Gholdengo|Shadow Ball|p1a: Vaporeon\n|-damage|p1a: Vaporeon|77/100\n|\n|-heal|p1a: Vaporeon|83/100|[from] item: Leftovers\n|upkeep\n|turn|15\n|inactive|Time left: 300 sec this turn | 300 sec total\n|\n|t:|1783560680\n|move|p2a: Gholdengo|Shadow Ball|p1a: Vaporeon\n|-damage|p1a: Vaporeon|59/100\n|move|p1a: Vaporeon|Scald|p2a: Gholdengo\n|-damage|p2a: Gholdengo|0 fnt\n|faint|p2a: Gholdengo\n|\n|-heal|p1a: Vaporeon|65/100|[from] item: Leftovers\n|upkeep\n|inactive|Time left: 300 sec this turn | 300 sec total | 5 sec grace\n|\n|t:|1783560681\n|switch|p2a: Toedscruel|Toedscruel, L87, M|281/281\n|turn|16\n|inactive|Time left: 300 sec this turn | 300 sec total\n|\n|t:|1783560682\n|move|p1a: Vaporeon|Protect|p1a: Vaporeon\n|-singleturn|p1a: Vaporeon|Protect\n|move|p2a: Toedscruel|Leaf Storm|p1a: Vaporeon\n|-activate|p1a: Vaporeon|move: Protect\n|\n|-heal|p1a: Vaporeon|71/100|[from] item: Leftovers\n|upkeep\n|turn|17\n|inactive|Time left: 300 sec this turn | 300 sec total\n|\n|t:|1783560682\n|move|p1a: Vaporeon|Wish|p1a: Vaporeon\n|move|p2a: Toedscruel|Spore|p1a: Vaporeon\n|-status|p1a: Vaporeon|slp|[from] move: Spore\n|\n|-heal|p1a: Vaporeon|77/100 slp|[from] item: Leftovers\n|upkeep\n|turn|18\n|inactive|Time left: 300 sec this turn | 300 sec total\n|\n|t:|1783560683\n|switch|p1a: Misdreavus|Misdreavus, L90, F|33/100\n|move|p2a: Toedscruel|Earth Power|p1a: Misdreavus\n|-immune|p1a: Misdreavus|[from] ability: Levitate\n|\n|-heal|p1a: Misdreavus|100/100|[from] move: Wish|[wisher] Vaporeon\n|upkeep\n|turn|19\n|inactive|Time left: 300 sec this turn | 300 sec total\n|\n|t:|1783560684\n|move|p1a: Misdreavus|Calm Mind|p1a: Misdreavus\n|-boost|p1a: Misdreavus|spa|1\n|-boost|p1a: Misdreavus|spd|1\n|move|p2a: Toedscruel|Toxic|p1a: Misdreavus\n|-status|p1a: Misdreavus|tox\n|\n|-damage|p1a: Misdreavus|95/100 tox|[from] psn\n|upkeep\n|turn|20\n|inactive|Time left: 300 sec this turn | 300 sec total\n|\n|t:|1783560685\n|move|p2a: Toedscruel|Earth Power|p1a: Misdreavus\n|-immune|p1a: Misdreavus|[from] ability: Levitate\n|move|p1a: Misdreavus|Calm Mind|p1a: Misdreavus\n|-boost|p1a: Misdreavus|spa|1\n|-boost|p1a: Misdreavus|spd|1\n|\n|-damage|p1a: Misdreavus|83/100 tox|[from] psn\n|upkeep\n|turn|21\n|inactive|Time left: 300 sec this turn | 300 sec total\n|\n|t:|1783560686\n|move|p2a: Toedscruel|Earth Power|p1a: Misdreavus\n|-immune|p1a: Misdreavus|[from] ability: Levitate\n|move|p1a: Misdreavus|Shadow Ball|p2a: Toedscruel\n|-damage|p2a: Toedscruel|139/281\n|-unboost|p2a: Toedscruel|spd|1\n|\n|-heal|p2a: Toedscruel|156/281|[from] item: Leftovers\n|-damage|p1a: Misdreavus|65/100 tox|[from] psn\n|upkeep\n|turn|22\n|inactive|Time left: 300 sec this turn | 300 sec total\n|\n|t:|1783560687\n|switch|p2a: Zangoose|Zangoose, L85, F|15/263 tox\n|move|p1a: Misdreavus|Shadow Ball|p2a: Zangoose\n|-immune|p2a: Zangoose\n|\n|-damage|p1a: Misdreavus|41/100 tox|[from] psn\n|-damage|p2a: Zangoose|0 fnt|[from] psn\n|faint|p2a: Zangoose\n|upkeep\n|inactive|Time left: 300 sec this turn | 300 sec total | 5 sec grace\n|\n|t:|1783560687\n|switch|p2a: Toedscruel|Toedscruel, L87, M|156/281\n|turn|23\n|inactive|Time left: 300 sec this turn | 300 sec total\n|\n|t:|1783560688\n|-terastallize|p2a: Toedscruel|Water\n|move|p2a: Toedscruel|Leaf Storm|p1a: Misdreavus\n|-damage|p1a: Misdreavus|25/100 tox\n|-unboost|p2a: Toedscruel|spa|2\n|move|p1a: Misdreavus|Draining Kiss|p2a: Toedscruel\n|-damage|p2a: Toedscruel|104/281\n|-heal|p1a: Misdreavus|40/100 tox|[from] drain|[of] p2a: Toedscruel\n|\n|-heal|p2a: Toedscruel|121/281|[from] item: Leftovers\n|-damage|p1a: Misdreavus|10/100 tox|[from] psn\n|upkeep\n|turn|24\n|inactive|Time left: 300 sec this turn | 300 sec total\n|\n|t:|1783560690\n|move|p1a: Misdreavus|Shadow Ball|p2a: Toedscruel\n|-damage|p2a: Toedscruel|0 fnt\n|faint|p2a: Toedscruel\n|\n|win|p0x1782dc3a", "uploadtime": 1783560690, "views": 0, "rating": 0, "private": 0, "password": null, "_winner": "p0x1782dc3a", "_our_name": "p0y17820f95"}