{"id": "battle-gen9randombattle-188", "formatid": "gen9randombattle", "format": "[Gen 9] Random Battle", "players": ["p0x188d3e3", "p0y188bbc1"], "log": "|init|battle\n|title|p0x188d3e3 vs. p0y188bbc1\n|j|\u2606p0x188d3e3\n|j|\u2606p0y188bbc1\n|t:|1783535429\n|gametype|singles\n|player|p1|p0x188d3e3|101|\n|player|p2|p0y188bbc1|266|\n|gen|9\n|tier|[Gen 9] Random Battle\n|rule|Species Clause: Limit one of each Pok\u00e9mon\n|rule|HP Percentage Mod: HP is shown in percentages\n|rule|Sleep Clause Mod: Limit one foe put to sleep\n|rule|Illusion Level Mod: Illusion disguises the Pok\u00e9mon's true level\n|\n|t:|1783535429\n|teamsize|p1|6\n|teamsize|p2|6\n|start\n|switch|p1a: Mightyena|Mightyena, L96, M|290/290\n|switch|p2a: Banette|Banette, L93, M|100/100\n|-ability|p1a: Mightyena|Intimidate|boost\n|-unboost|p2a: Banette|atk|1\n|turn|1\n|inactive|Battle timer is ON: inactive players will automatically lose when time's up. (requested by p0y188bbc1)\n|inactive|Time left: 300 sec this turn | 300 sec total | 60 sec grace\n|inactive|p0x188d3e3 also wants the timer to be on.\n|\n|t:|1783535430\n|switch|p2a: Granbull|Granbull, L88, F|100/100\n|-ability|p2a: Granbull|Intimidate|boost\n|-unboost|p1a: Mightyena|atk|1\n|move|p1a: Mightyena|Throat Chop|p2a: Granbull\n|-resisted|p2a: Granbull\n|-damage|p2a: Granbull|83/100\n|-start|p2a: Granbull|Throat Chop|[silent]\n|\n|-heal|p2a: Granbull|89/100|[from] item: Leftovers\n|upkeep\n|turn|2\n|inactive|Time left: 300 sec this turn | 300 sec total\n|\n|t:|1783535431\n|switch|p1a: Kricketune|Kricketune, L99, F|312/312\n|move|p2a: Granbull|Play Rough|p1a: Kricketune\n|-damage|p1a: Kricketune|147/312\n|\n|-heal|p2a: Granbull|95/100|[from] item: Leftovers\n|-end|p2a: Granbull|Throat Chop|[silent]\n|upkeep\n|turn|3\n|inactive|Time left: 300 sec this turn | 300 sec total\n|\n|t:|1783535432\n|move|p1a: Kricketune|Sticky Web|p2a: Granbull\n|-sidestart|p2: p0y188bbc1|move: Sticky Web\n|move|p2a: Granbull|Play Rough|p1a: Kricketune\n|-damage|p1a: Kricketune|3/312\n|\n|-heal|p2a: Granbull|100/100|[from] item: Leftovers\n|upkeep\n|turn|4\n|inactive|Time left: 300 sec this turn | 300 sec total\n|\n|t:|1783535433\n|move|p1a: Kricketune|Pounce|p2a: Granbull\n|-resisted|p2a: Granbull\n|-damage|p2a: Granbull|84/100\n|-unboost|p2a: Granbull|spe|1\n|move|p2a: Granbull|Earthquake|p1a: Kricketune\n|-resisted|p1a: Kricketune\n|-damage|p1a: Kricketune|0 fnt\n|faint|p1a: Kricketune\n|\n|-heal|p2a: Granbull|90/100|[from] item: Leftovers\n|upkeep\n|inactive|Time left: 300 sec this turn | 300 sec total | 5 sec grace\n|\n|t:|1783535434\n|switch|p1a: Mightyena|Mightyena, L96, M|290/290\n|-ability|p1a: Mightyena|Intimidate|boost\n|-unboost|p2a: Granbull|atk|1\n|turn|5\n|inactive|Time left: 300 sec this turn | 300 sec total\n|\n|t:|1783535435\n|move|p1a: Mightyena|Throat Chop|p2a: Granbull\n|-resisted|p2a: Granbull\n|-damage|p2a: Granbull|60/100\n|-start|p2a: Granbull|Throat Chop|[silent]\n|move|p2a: Granbull|Play Rough|p1a: Mightyena\n|-supereffective|p1a: Mightyena\n|-damage|p1a: Mightyena|122/290\n|\n|-heal|p2a: Granbull|66/100|[from] item: Leftovers\n|upkeep\n|turn|6\n|inactive|Time left: 300 sec this turn | 300 sec total\n|\n|t:|1783535436\n|move|p1a: Mightyena|Throat Chop|p2a: Granbull\n|-resisted|p2a: Granbull\n|-damage|p2a: Granbull|38/100\n|move|p2a: Granbull|Play Rough|p1a: Mightyena\n|-supereffective|p1a: Mightyena\n|-damage|p1a: Mightyena|0 fnt\n|faint|p1a: Mightyena\n|\n|-heal|p2a: Granbull|44/100|[from] item: Leftovers\n|-end|p2a: Granbull|Throat Chop|[silent]\n|upkeep\n|inactive|Time left: 300 sec this turn | 300 sec total | 5 sec grace\n|\n|t:|1783535437\n|switch|p1a: Barraskewda|Barraskewda, L81, F|231/231\n|turn|7\n|inactive|Time left: 300 sec this turn | 300 sec total\n|\n|t:|1783535438\n|move|p1a: Barraskewda|Waterfall|p2a: Granbull\n|-damage|p2a: Granbull|0 fnt\n|faint|p2a: Granbull\n|\n|upkeep\n|\n|t:|1783535439\n|switch|p2a: Palkia|Palkia, L75|100/100\n|-activate|p2a: Palkia|move: Sticky Web\n|-unboost|p2a: Palkia|spe|1\n|-ability|p2a: Palkia|Pressure\n|turn|8\n|inactive|Time left: 300 sec this turn | 300 sec total\n|\n|t:|1783535440\n|switch|p1a: Swampert|Swampert, L83, F|302/302\n|move|p2a: Palkia|Spacial Rend|p1a: Swampert\n|-damage|p1a: Swampert|185/302\n|\n|-heal|p1a: Swampert|203/302|[from] item: Leftovers\n|upkeep\n|turn|9\n|inactive|Time left: 300 sec this turn | 300 sec total\n|\n|t:|1783535441\n|move|p2a: Palkia|Spacial Rend|p1a: Swampert\n|-damage|p1a: Swampert|80/302\n|move|p1a: Swampert|Knock Off|p2a: Palkia\n|-damage|p2a: Palkia|70/100\n|-enditem|p2a: Palkia|Choice Scarf|[from] move: Knock Off|[of] p1a: Swampert\n|\n|-heal|p1a: Swampert|98/302|[from] item: Leftovers\n|upkeep\n|turn|10\n|inactive|Time left: 300 sec this turn | 300 sec total\n|\n|t:|1783535442\n|move|p1a: Swampert|Stealth Rock|p2a: Palkia\n|-sidestart|p2: p0y188bbc1|move: Stealth Rock\n|move|p2a: Palkia|Spacial Rend|p1a: Swampert\n|-damage|p1a: Swampert|0 fnt\n|faint|p1a: Swampert\n|\n|upkeep\n|inactive|Time left: 300 sec this turn | 300 sec total | 5 sec grace\n|\n|t:|1783535443\n|switch|p1a: Kyurem|Kyurem-White, L73|303/303\n|-ability|p1a: Kyurem|Turboblaze\n|turn|11\n|inactive|Time left: 300 sec this turn | 300 sec total\n|\n|t:|1783535443\n|move|p1a: Kyurem|Freeze-Dry|p2a: Palkia\n|-supereffective|p2a: Palkia\n|-damage|p2a: Palkia|0 fnt\n|faint|p2a: Palkia\n|\n|upkeep\n|\n|t:|1783535444\n|switch|p2a: Banette|Banette, L93, M|100/100\n|-activate|p2a: Banette|move: Sticky Web\n|-unboost|p2a: Banette|spe|1\n|-damage|p2a: Banette|88/100|[from] Stealth Rock\n|turn|12\n|inactive|Time left: 300 sec this turn | 300 sec total\n|\n|t:|1783535445\n|move|p1a: Kyurem|Freeze-Dry|p2a: Banette\n|-damage|p2a: Banette|52/100\n|move|p2a: Banette|Poltergeist|p1a: Kyurem\n|-activate|p1a: Kyurem|move: Poltergeist|Choice Scarf\n|-damage|p1a: Kyurem|65/303\n|-damage|p2a: Banette|42/100|[from] item: Life Orb\n|\n|upkeep\n|turn|13\n|inactive|Time left: 300 sec this turn | 300 sec total\n|\n|t:|1783535446\n|move|p2a: Banette|Shadow Sneak|p1a: Kyurem\n|-damage|p1a: Kyurem|0 fnt\n|faint|p1a: Kyurem\n|-damage|p2a: Banette|32/100|[from] item: Life Orb\n|\n|upkeep\n|inactive|Time left: 300 sec this turn | 300 sec total | 5 sec grace\n|\n|t:|1783535447\n|switch|p1a: Barraskewda|Barraskewda, L81, F|231/231\n|turn|14\n|inactive|Time left: 300 sec this turn | 300 sec total\n|\n|t:|1783535448\n|move|p2a: Banette|Shadow Sneak|p1a: Barraskewda\n|-damage|p1a: Barraskewda|122/231\n|-damage|p2a: Banette|22/100|[from] item: Life Orb\n|move|p1a: Barraskewda|Waterfall|p2a: Banette\n|-damage|p2a: Banette|0 fnt\n|faint|p2a: Banette\n|\n|upkeep\n|\n|t:|1783535449\n|switch|p2a: Amoonguss|Amoonguss, L82, F|100/100\n|-activate|p2a: Amoonguss|move: Sticky Web\n|-unboost|p2a: Amoonguss|spe|1\n|-damage|p2a: Amoonguss|88/100|[from] Stealth Rock\n|turn|15\n|inactive|Time left: 300 sec this turn | 300 sec total\n|\n|t:|1783535450\n|move|p1a: Barraskewda|Waterfall|p2a: Amoonguss\n|-resisted|p2a: Amoonguss\n|-damage|p2a: Amoonguss|59/100\n|move|p2a: Amoonguss|Sludge Bomb|p1a: Barraskewda\n|-damage|p1a: Barraskewda|0 fnt\n|faint|p1a: Barraskewda\n|\n|-heal|p2a: Amoonguss|65/100|[from] item: Leftovers\n|upkeep\n|inactive|Time left: 300 sec this turn | 300 sec total | 5 sec grace\n|\n|t:|1783535451\n|switch|p1a: Pawmot|Pawmot, L80, M|243/243\n|turn|16\n|inactive|Time left: 300 sec this turn | 300 sec total\n|\n|t:|1783535452\n|move|p1a: Pawmot|Nuzzle|p2a: Amoonguss\n|-resisted|p2a: Amoonguss\n|-damage|p2a: Amoonguss|62/100\n|-status|p2a: Amoonguss|par\n|move|p2a: Amoonguss|Giga Drain|p1a: Pawmot\n|-damage|p1a: Pawmot|147/243\n|-heal|p2a: Amoonguss|77/100 par|[from] drain|[of] p1a: Pawmot\n|\n|-heal|p2a: Amoonguss|83/100 par|[from] item: Leftovers\n|upkeep\n|turn|17\n|inactive|Time left: 300 sec this turn | 300 sec total\n|\n|t:|1783535454\n|move|p1a: Pawmot|Nuzzle|p2a: Amoonguss\n|-resisted|p2a: Amoonguss\n|-damage|p2a: Amoonguss|78/100 par\n|move|p2a: Amoonguss|Sludge Bomb|p1a: Pawmot\n|-damage|p1a: Pawmot|33/243\n|\n|-heal|p2a: Amoonguss|84/100 par|[from] item: Leftovers\n|upkeep\n|turn|18\n|inactive|Time left: 300 sec this turn | 300 sec total\n|\n|t:|1783535455\n|move|p1a: Pawmot|Nuzzle|p2a: Amoonguss\n|-resisted|p2a: Amoonguss\n|-damage|p2a: Amoonguss|80/100 par\n|cant|p2a: Amoonguss|par\n|\n|-heal|p2a: Amoonguss|86/100 par|[from] item: Leftovers\n|upkeep\n|turn|19\n|inactive|Time left: 300 sec this turn | 300 sec total\n|\n|t:|1783535456\n|-terastallize|p1a: Pawmot|Electric\n|move|p1a: Pawmot|Close Combat|p2a: Amoonguss\n|-resisted|p2a: Amoonguss\n|-damage|p2a: Amoonguss|62/100 par\n|-unboost|p1a: Pawmot|def|1\n|-unboost|p1a: Pawmot|spd|1\n|move|p2a: Amoonguss|Stomping Tantrum|p1a: Pawmot\n|-supereffective|p1a: Pawmot\n|-damage|p1a: Pawmot|0 fnt\n|faint|p1a: Pawmot\n|\n|win|p0y188bbc1", "uploadtime": 1783535456, "views": 0, "rating": 0, "private": 0, "password": null, "_winner": "p0y188bbc1", "_our_name": "p0x188d3e3"}