{"id": "battle-gen9randombattle-1589", "formatid": "gen9randombattle", "format": "[Gen 9] Random Battle", "players": ["p0x1589131e", "p0y1589fa72"], "log": "|init|battle\n|title|p0x1589131e vs. p0y1589fa72\n|j|\u2606p0x1589131e\n|j|\u2606p0y1589fa72\n|t:|1783558399\n|gametype|singles\n|player|p1|p0x1589131e|266|\n|player|p2|p0y1589fa72|265|\n|gen|9\n|tier|[Gen 9] Random Battle\n|rule|Species Clause: Limit one of each Pok\u00e9mon\n|rule|HP Percentage Mod: HP is shown in percentages\n|rule|Sleep Clause Mod: Limit one foe put to sleep\n|rule|Illusion Level Mod: Illusion disguises the Pok\u00e9mon's true level\n|\n|t:|1783558399\n|teamsize|p1|6\n|teamsize|p2|6\n|start\n|switch|p1a: Alomomola|Alomomola, L87, F|100/100\n|switch|p2a: Camerupt|Camerupt, L91, F|275/275\n|turn|1\n|inactive|Battle timer is ON: inactive players will automatically lose when time's up. (requested by p0x1589131e)\n|inactive|Time left: 300 sec this turn | 300 sec total | 60 sec grace\n|inactive|p0y1589fa72 also wants the timer to be on.\n|\n|t:|1783558401\n|move|p1a: Alomomola|Flip Turn|p2a: Camerupt\n|-supereffective|p2a: Camerupt\n|-damage|p2a: Camerupt|95/275\n|\n|t:|1783558402\n|switch|p1a: Masquerain|Masquerain, L87, M|100/100|[from] Flip Turn\n|-ability|p1a: Masquerain|Intimidate|boost\n|-unboost|p2a: Camerupt|atk|1\n|move|p2a: Camerupt|Stealth Rock|p1a: Masquerain\n|-sidestart|p1: p0x1589131e|move: Stealth Rock\n|\n|-heal|p2a: Camerupt|112/275|[from] item: Leftovers\n|upkeep\n|turn|2\n|inactive|Time left: 300 sec this turn | 300 sec total\n|\n|t:|1783558403\n|switch|p2a: Noctowl|Noctowl, L95, M|344/344\n|move|p1a: Masquerain|Sticky Web|p2a: Noctowl\n|-sidestart|p2: p0y1589fa72|move: Sticky Web\n|\n|upkeep\n|turn|3\n|inactive|Time left: 300 sec this turn | 300 sec total\n|\n|t:|1783558404\n|switch|p1a: Ceruledge|Ceruledge, L78, F|100/100\n|move|p2a: Noctowl|Hurricane|p1a: Ceruledge|[miss]\n|-miss|p2a: Noctowl|p1a: Ceruledge\n|\n|upkeep\n|turn|4\n|inactive|Time left: 300 sec this turn | 300 sec total\n|\n|t:|1783558406\n|move|p2a: Noctowl|Hurricane|p1a: Ceruledge\n|-damage|p1a: Ceruledge|50/100\n|-start|p1a: Ceruledge|confusion\n|-activate|p1a: Ceruledge|confusion\n|move|p1a: Ceruledge|Bitter Blade|p2a: Noctowl\n|-damage|p2a: Noctowl|208/344\n|-heal|p1a: Ceruledge|78/100|[from] drain|[of] p2a: Noctowl\n|\n|upkeep\n|turn|5\n|inactive|Time left: 300 sec this turn | 300 sec total\n|\n|t:|1783558407\n|move|p2a: Noctowl|Hurricane|p1a: Ceruledge|[miss]\n|-miss|p2a: Noctowl|p1a: Ceruledge\n|-activate|p1a: Ceruledge|confusion\n|-damage|p1a: Ceruledge|65/100|[from] confusion\n|\n|upkeep\n|turn|6\n|inactive|Time left: 300 sec this turn | 300 sec total\n|\n|t:|1783558408\n|move|p2a: Noctowl|Calm Mind|p2a: Noctowl\n|-boost|p2a: Noctowl|spa|1\n|-boost|p2a: Noctowl|spd|1\n|-activate|p1a: Ceruledge|confusion\n|-damage|p1a: Ceruledge|51/100|[from] confusion\n|\n|upkeep\n|turn|7\n|inactive|Time left: 300 sec this turn | 300 sec total\n|\n|t:|1783558409\n|move|p2a: Noctowl|Hurricane|p1a: Ceruledge|[miss]\n|-miss|p2a: Noctowl|p1a: Ceruledge\n|-activate|p1a: Ceruledge|confusion\n|move|p1a: Ceruledge|Bitter Blade|p2a: Noctowl\n|-damage|p2a: Noctowl|67/344\n|-heal|p1a: Ceruledge|80/100|[from] drain|[of] p2a: Noctowl\n|\n|upkeep\n|turn|8\n|inactive|Time left: 300 sec this turn | 300 sec total\n|\n|t:|1783558410\n|move|p2a: Noctowl|Hurricane|p1a: Ceruledge|[miss]\n|-miss|p2a: Noctowl|p1a: Ceruledge\n|-end|p1a: Ceruledge|confusion\n|move|p1a: Ceruledge|Bitter Blade|p2a: Noctowl\n|-damage|p2a: Noctowl|0 fnt\n|-heal|p1a: Ceruledge|94/100|[from] drain|[of] p2a: Noctowl\n|faint|p2a: Noctowl\n|\n|upkeep\n|inactive|Time left: 300 sec this turn | 300 sec total | 5 sec grace\n|\n|t:|1783558410\n|switch|p2a: Kleavor|Kleavor, L78, M|237/237\n|turn|9\n|inactive|Time left: 300 sec this turn | 300 sec total\n|\n|t:|1783558411\n|-terastallize|p1a: Ceruledge|Fighting\n|move|p2a: Kleavor|Stone Axe|p1a: Ceruledge\n|-resisted|p1a: Ceruledge\n|-damage|p1a: Ceruledge|66/100\n|-ability|p1a: Ceruledge|Weak Armor|boost\n|-unboost|p1a: Ceruledge|def|1\n|-boost|p1a: Ceruledge|spe|2\n|move|p1a: Ceruledge|Bitter Blade|p2a: Kleavor\n|-damage|p2a: Kleavor|140/237\n|-heal|p1a: Ceruledge|86/100|[from] drain|[of] p2a: Kleavor\n|\n|upkeep\n|turn|10\n|inactive|Time left: 300 sec this turn | 300 sec total\n|\n|t:|1783558412\n|-terastallize|p2a: Kleavor|Fighting\n|move|p1a: Ceruledge|Bitter Blade|p2a: Kleavor\n|-damage|p2a: Kleavor|43/237\n|-heal|p1a: Ceruledge|100/100|[from] drain|[of] p2a: Kleavor\n|move|p2a: Kleavor|Close Combat|p1a: Ceruledge\n|-crit|p1a: Ceruledge\n|-damage|p1a: Ceruledge|0 fnt\n|-unboost|p2a: Kleavor|def|1\n|-unboost|p2a: Kleavor|spd|1\n|faint|p1a: Ceruledge\n|\n|upkeep\n|\n|t:|1783558413\n|switch|p1a: Masquerain|Masquerain, L87, M|100/100\n|-ability|p1a: Masquerain|Intimidate|boost\n|-unboost|p2a: Kleavor|atk|1\n|turn|11\n|inactive|Time left: 300 sec this turn | 300 sec total\n|\n|t:|1783558414\n|switch|p2a: Regieleki|Regieleki, L79|256/256\n|-activate|p2a: Regieleki|move: Sticky Web\n|-unboost|p2a: Regieleki|spe|1\n|move|p1a: Masquerain|Bug Buzz|p2a: Regieleki\n|-damage|p2a: Regieleki|88/256\n|\n|upkeep\n|turn|12\n|inactive|Time left: 300 sec this turn | 300 sec total\n|\n|t:|1783558415\n|switch|p1a: Mamoswine|Mamoswine, L81, F|100/100\n|-damage|p1a: Mamoswine|88/100|[from] Stealth Rock\n|move|p2a: Regieleki|Rapid Spin|p1a: Mamoswine\n|-damage|p1a: Mamoswine|76/100\n|-boost|p2a: Regieleki|spe|1\n|-sideend|p2: p0y1589fa72|Sticky Web|[from] move: Rapid Spin|[of] p2a: Regieleki\n|\n|upkeep\n|turn|13\n|inactive|Time left: 300 sec this turn | 300 sec total\n|\n|t:|1783558416\n|move|p2a: Regieleki|Explosion|p1a: Mamoswine\n|-damage|p1a: Mamoswine|19/100\n|faint|p2a: Regieleki\n|move|p1a: Mamoswine|Knock Off|p2: Regieleki|[notarget]\n|-fail|p1a: Mamoswine\n|\n|upkeep\n|inactive|Time left: 300 sec this turn | 300 sec total | 5 sec grace\n|\n|t:|1783558417\n|switch|p2a: Koraidon|Koraidon, L64|235/235\n|-weather|SunnyDay|[from] ability: Orichalcum Pulse|[of] p2a: Koraidon\n|-activate|p2a: Koraidon|Orichalcum Pulse|[source]\n|turn|14\n|inactive|Time left: 300 sec this turn | 300 sec total\n|\n|t:|1783558417\n|move|p2a: Koraidon|Swords Dance|p2a: Koraidon\n|-boost|p2a: Koraidon|atk|2\n|move|p1a: Mamoswine|Knock Off|p2a: Koraidon\n|-resisted|p2a: Koraidon\n|-damage|p2a: Koraidon|171/235\n|-enditem|p2a: Koraidon|Loaded Dice|[from] move: Knock Off|[of] p1a: Mamoswine\n|\n|-weather|SunnyDay|[upkeep]\n|upkeep\n|turn|15\n|inactive|Time left: 300 sec this turn | 300 sec total\n|\n|t:|1783558418\n|switch|p1a: Alomomola|Alomomola, L87, F|100/100\n|move|p2a: Koraidon|Scale Shot|p1a: Alomomola|[miss]\n|-miss|p2a: Koraidon|p1a: Alomomola\n|\n|-weather|SunnyDay|[upkeep]\n|upkeep\n|turn|16\n|inactive|Time left: 300 sec this turn | 300 sec total\n|\n|t:|1783558419\n|move|p2a: Koraidon|Swords Dance|p2a: Koraidon\n|-boost|p2a: Koraidon|atk|2\n|move|p1a: Alomomola|Flip Turn|p2a: Koraidon\n|-resisted|p2a: Koraidon\n|-damage|p2a: Koraidon|157/235\n|\n|t:|1783558420\n|switch|p1a: Mamoswine|Mamoswine, L81, F|19/100|[from] Flip Turn\n|-damage|p1a: Mamoswine|7/100|[from] Stealth Rock\n|\n|-weather|SunnyDay|[upkeep]\n|upkeep\n|turn|17\n|inactive|Time left: 300 sec this turn | 300 sec total\n|\n|t:|1783558421\n|move|p1a: Mamoswine|Ice Shard|p2a: Koraidon\n|-supereffective|p2a: Koraidon\n|-damage|p2a: Koraidon|7/235\n|move|p2a: Koraidon|Scale Shot|p1a: Mamoswine\n|-crit|p1a: Mamoswine\n|-damage|p1a: Mamoswine|0 fnt\n|faint|p1a: Mamoswine\n|-hitcount|p1: Mamoswine|1\n|-unboost|p2a: Koraidon|def|1\n|-boost|p2a: Koraidon|spe|1\n|\n|-weather|SunnyDay|[upkeep]\n|upkeep\n|\n|t:|1783558422\n|switch|p1a: Alomomola|Alomomola, L87, F|100/100\n|turn|18\n|inactive|Time left: 300 sec this turn | 300 sec total\n|\n|t:|1783558423\n|move|p2a: Koraidon|Collision Course|p1a: Alomomola\n|-damage|p1a: Alomomola|16/100\n|move|p1a: Alomomola|Flip Turn|p2a: Koraidon\n|-resisted|p2a: Koraidon\n|-damage|p2a: Koraidon|0 fnt\n|faint|p2a: Koraidon\n|\n|t:|1783558424\n|switch|p1a: Greedent|Greedent, L86, M|100/100|[from] Flip Turn\n|-damage|p1a: Greedent|88/100|[from] Stealth Rock\n|\n|-weather|none\n|upkeep\n|inactive|Time left: 300 sec this turn | 300 sec total | 10 sec grace\n|\n|t:|1783558425\n|switch|p2a: Breloom|Breloom, L83, M, shiny|235/235\n|turn|19\n|inactive|Time left: 300 sec this turn | 300 sec total\n|\n|t:|1783558426\n|switch|p1a: Amoonguss|Amoonguss, L82, M|100/100\n|-damage|p1a: Amoonguss|88/100|[from] Stealth Rock\n|move|p2a: Breloom|Swords Dance|p2a: Breloom\n|-boost|p2a: Breloom|atk|2\n|\n|upkeep\n|turn|20\n|inactive|Time left: 300 sec this turn | 300 sec total\n|\n|t:|1783558427\n|switch|p2a: Camerupt|Camerupt, L91, F|112/275\n|move|p1a: Amoonguss|Sludge Bomb|p2a: Camerupt\n|-resisted|p2a: Camerupt\n|-damage|p2a: Camerupt|67/275\n|\n|-heal|p2a: Camerupt|84/275|[from] item: Leftovers\n|upkeep\n|turn|21\n|inactive|Time left: 300 sec this turn | 300 sec total\n|\n|t:|1783558428\n|switch|p1a: Alomomola|Alomomola, L87, F|49/100\n|move|p2a: Camerupt|Overheat|p1a: Alomomola\n|-resisted|p1a: Alomomola\n|-damage|p1a: Alomomola|20/100\n|-unboost|p2a: Camerupt|spa|2\n|\n|-heal|p2a: Camerupt|101/275|[from] item: Leftovers\n|upkeep\n|turn|22\n|inactive|Time left: 300 sec this turn | 300 sec total\n|\n|t:|1783558429\n|switch|p2a: Breloom|Breloom, L83, M, shiny|235/235\n|move|p1a: Alomomola|Flip Turn|p2a: Breloom\n|-resisted|p2a: Breloom\n|-damage|p2a: Breloom|202/235\n|\n|t:|1783558430\n|switch|p1a: Masquerain|Masquerain, L87, M|100/100|[from] Flip Turn\n|-ability|p1a: Masquerain|Intimidate|boost\n|-unboost|p2a: Breloom|atk|1\n|\n|upkeep\n|turn|23\n|inactive|Time left: 300 sec this turn | 300 sec total\n|\n|t:|1783558431\n|move|p1a: Masquerain|Hurricane|p2a: Breloom\n|-supereffective|p2a: Breloom\n|-damage|p2a: Breloom|0 fnt\n|faint|p2a: Breloom\n|\n|upkeep\n|inactive|Time left: 300 sec this turn | 300 sec total | 5 sec grace\n|\n|t:|1783558432\n|switch|p2a: Kleavor|Kleavor, L78, M, tera:Fighting|43/237\n|turn|24\n|inactive|Time left: 300 sec this turn | 300 sec total\n|\n|t:|1783558433\n|switch|p2a: Camerupt|Camerupt, L91, F|101/275\n|move|p1a: Masquerain|Hydro Pump|p2a: Camerupt\n|-supereffective|p2a: Camerupt\n|-damage|p2a: Camerupt|0 fnt\n|faint|p2a: Camerupt\n|\n|upkeep\n|inactive|Time left: 300 sec this turn | 300 sec total | 5 sec grace\n|\n|t:|1783558434\n|switch|p2a: Kleavor|Kleavor, L78, M, tera:Fighting|43/237\n|turn|25\n|inactive|Time left: 300 sec this turn | 300 sec total\n|\n|t:|1783558435\n|move|p1a: Masquerain|Bug Buzz|p2a: Kleavor\n|-resisted|p2a: Kleavor\n|-damage|p2a: Kleavor|0 fnt\n|faint|p2a: Kleavor\n|\n|win|p0x1589131e", "uploadtime": 1783558435, "views": 0, "rating": 0, "private": 0, "password": null, "_winner": "p0x1589131e", "_our_name": "p0y1589fa72"}