{"id": "battle-gen9randombattle-2795", "formatid": "gen9randombattle", "format": "[Gen 9] Random Battle", "players": ["p0x279510f9", "p0y27959c9b"], "log": "|init|battle\n|title|p0x279510f9 vs. p0y27959c9b\n|j|\u2606p0x279510f9\n|j|\u2606p0y27959c9b\n|t:|1783571195\n|gametype|singles\n|player|p1|p0x279510f9|101|\n|player|p2|p0y27959c9b|2|\n|gen|9\n|tier|[Gen 9] Random Battle\n|rule|Species Clause: Limit one of each Pok\u00e9mon\n|rule|HP Percentage Mod: HP is shown in percentages\n|rule|Sleep Clause Mod: Limit one foe put to sleep\n|rule|Illusion Level Mod: Illusion disguises the Pok\u00e9mon's true level\n|\n|t:|1783571195\n|teamsize|p1|6\n|teamsize|p2|6\n|start\n|switch|p1a: Vaporeon|Vaporeon, L86, F|100/100\n|switch|p2a: Enamorus|Enamorus-Therian, L83, F|259/259\n|turn|1\n|inactive|Battle timer is ON: inactive players will automatically lose when time's up. (requested by p0x279510f9)\n|inactive|Time left: 300 sec this turn | 300 sec total | 60 sec grace\n|inactive|p0y27959c9b also wants the timer to be on.\n|\n|t:|1783571196\n|move|p1a: Vaporeon|Scald|p2a: Enamorus\n|-damage|p2a: Enamorus|169/259\n|move|p2a: Enamorus|Moonblast|p1a: Vaporeon\n|-damage|p1a: Vaporeon|49/100\n|\n|-heal|p1a: Vaporeon|55/100|[from] item: Leftovers\n|upkeep\n|turn|2\n|inactive|Time left: 300 sec this turn | 300 sec total\n|\n|t:|1783571198\n|move|p1a: Vaporeon|Scald|p2a: Enamorus\n|-damage|p2a: Enamorus|76/259\n|-status|p2a: Enamorus|brn\n|move|p2a: Enamorus|Moonblast|p1a: Vaporeon\n|-damage|p1a: Vaporeon|6/100\n|\n|-heal|p1a: Vaporeon|12/100|[from] item: Leftovers\n|-damage|p2a: Enamorus|60/259 brn|[from] brn\n|upkeep\n|turn|3\n|inactive|Time left: 300 sec this turn | 300 sec total\n|\n|t:|1783571199\n|move|p1a: Vaporeon|Scald|p2a: Enamorus\n|-damage|p2a: Enamorus|0 fnt\n|faint|p2a: Enamorus\n|\n|-heal|p1a: Vaporeon|18/100|[from] item: Leftovers\n|upkeep\n|inactive|Time left: 300 sec this turn | 300 sec total | 5 sec grace\n|\n|t:|1783571200\n|switch|p2a: Koraidon|Koraidon, L64|235/235\n|-weather|SunnyDay|[from] ability: Orichalcum Pulse|[of] p2a: Koraidon\n|-activate|p2a: Koraidon|Orichalcum Pulse|[source]\n|turn|4\n|inactive|Time left: 300 sec this turn | 300 sec total\n|\n|t:|1783571201\n|move|p1a: Vaporeon|Protect|p1a: Vaporeon\n|-singleturn|p1a: Vaporeon|Protect\n|move|p2a: Koraidon|Scale Shot|p1a: Vaporeon\n|-activate|p1a: Vaporeon|move: Protect\n|\n|-weather|SunnyDay|[upkeep]\n|-heal|p1a: Vaporeon|24/100|[from] item: Leftovers\n|upkeep\n|turn|5\n|inactive|Time left: 300 sec this turn | 300 sec total\n|\n|t:|1783571202\n|switch|p1a: Oranguru|Oranguru, L92, F|100/100\n|move|p2a: Koraidon|Swords Dance|p2a: Koraidon\n|-boost|p2a: Koraidon|atk|2\n|\n|-weather|SunnyDay|[upkeep]\n|upkeep\n|turn|6\n|inactive|Time left: 300 sec this turn | 300 sec total\n|\n|t:|1783571203\n|-terastallize|p2a: Koraidon|Fire\n|move|p2a: Koraidon|Flare Blitz|p1a: Oranguru\n|-damage|p1a: Oranguru|0 fnt\n|faint|p1a: Oranguru\n|-damage|p2a: Koraidon|131/235|[from] Recoil\n|\n|-weather|SunnyDay|[upkeep]\n|upkeep\n|\n|t:|1783571204\n|switch|p1a: Talonflame|Talonflame, L83, F|100/100\n|turn|7\n|inactive|Time left: 300 sec this turn | 300 sec total\n|\n|t:|1783571205\n|move|p1a: Talonflame|Brave Bird|p2a: Koraidon\n|-damage|p2a: Koraidon|17/235\n|-damage|p1a: Talonflame|86/100|[from] Recoil\n|move|p2a: Koraidon|Scale Shot|p1a: Talonflame\n|-damage|p1a: Talonflame|64/100\n|-damage|p1a: Talonflame|38/100\n|-damage|p1a: Talonflame|14/100\n|-damage|p1a: Talonflame|0 fnt\n|faint|p1a: Talonflame\n|-hitcount|p1: Talonflame|4\n|-unboost|p2a: Koraidon|def|1\n|-boost|p2a: Koraidon|spe|1\n|\n|-weather|SunnyDay|[upkeep]\n|upkeep\n|\n|t:|1783571206\n|switch|p1a: Whimsicott|Whimsicott, L84, F|100/100\n|turn|8\n|inactive|Time left: 300 sec this turn | 300 sec total\n|\n|t:|1783571207\n|move|p1a: Whimsicott|Encore|p2a: Koraidon\n|-start|p2a: Koraidon|Encore\n|move|p2a: Koraidon|Scale Shot|p1a: Whimsicott\n|-immune|p1a: Whimsicott\n|\n|-weather|none\n|upkeep\n|turn|9\n|inactive|Time left: 300 sec this turn | 300 sec total\n|\n|t:|1783571208\n|switch|p2a: Ogerpon|Ogerpon-Hearthflame, L74, F|239/239\n|-ability|p2a: Ogerpon|Mold Breaker\n|move|p1a: Whimsicott|U-turn|p2a: Ogerpon\n|-crit|p2a: Ogerpon\n|-damage|p2a: Ogerpon|175/239\n|\n|t:|1783571209\n|switch|p1a: Heracross|Heracross, L80, F|100/100|[from] U-turn\n|\n|-status|p1a: Heracross|brn|[from] item: Flame Orb\n|upkeep\n|turn|10\n|inactive|Time left: 300 sec this turn | 300 sec total\n|\n|t:|1783571210\n|-terastallize|p1a: Heracross|Normal\n|move|p2a: Ogerpon|Ivy Cudgel|p1a: Heracross|[anim] Ivy Cudgel Fire\n|-damage|p1a: Heracross|51/100 brn\n|move|p1a: Heracross|Facade|p2a: Ogerpon\n|-damage|p2a: Ogerpon|0 fnt\n|faint|p2a: Ogerpon\n|\n|-damage|p1a: Heracross|45/100 brn|[from] brn\n|upkeep\n|inactive|Time left: 300 sec this turn | 300 sec total | 5 sec grace\n|\n|t:|1783571212\n|switch|p2a: Koraidon|Koraidon, L64, tera:Fire|17/235\n|-weather|SunnyDay|[from] ability: Orichalcum Pulse|[of] p2a: Koraidon\n|-activate|p2a: Koraidon|Orichalcum Pulse|[source]\n|turn|11\n|inactive|Time left: 300 sec this turn | 300 sec total\n|\n|t:|1783571213\n|switch|p1a: Vaporeon|Vaporeon, L86, F|24/100\n|move|p2a: Koraidon|Collision Course|p1a: Vaporeon\n|-damage|p1a: Vaporeon|0 fnt\n|faint|p1a: Vaporeon\n|\n|-weather|SunnyDay|[upkeep]\n|upkeep\n|\n|t:|1783571213\n|switch|p1a: Froslass|Froslass, L87, F|100/100\n|turn|12\n|inactive|Time left: 300 sec this turn | 300 sec total\n|\n|t:|1783571214\n|move|p1a: Froslass|Triple Axel|p2a: Koraidon\n|-resisted|p2a: Koraidon\n|-damage|p2a: Koraidon|7/235\n|-resisted|p2a: Koraidon\n|-damage|p2a: Koraidon|0 fnt\n|faint|p2a: Koraidon\n|-hitcount|p2: Koraidon|2\n|\n|-weather|SunnyDay|[upkeep]\n|upkeep\n|inactive|Time left: 300 sec this turn | 300 sec total | 5 sec grace\n|\n|t:|1783571215\n|switch|p2a: Clefable|Clefable, L83, F|293/293\n|turn|13\n|inactive|Time left: 300 sec this turn | 300 sec total\n|\n|t:|1783571216\n|move|p1a: Froslass|Poltergeist|p2a: Clefable\n|-activate|p2a: Clefable|move: Poltergeist|Leftovers\n|-damage|p2a: Clefable|166/293\n|move|p2a: Clefable|Fire Blast|p1a: Froslass|[miss]\n|-miss|p2a: Clefable|p1a: Froslass\n|\n|-weather|SunnyDay|[upkeep]\n|-heal|p2a: Clefable|184/293|[from] item: Leftovers\n|upkeep\n|turn|14\n|inactive|Time left: 300 sec this turn | 300 sec total\n|\n|t:|1783571217\n|move|p1a: Froslass|Triple Axel|p2a: Clefable\n|-damage|p2a: Clefable|162/293\n|-damage|p2a: Clefable|119/293\n|-damage|p2a: Clefable|55/293\n|-hitcount|p2a: Clefable|3\n|move|p2a: Clefable|Fire Blast|p1a: Froslass|[miss]\n|-miss|p2a: Clefable|p1a: Froslass\n|\n|-weather|SunnyDay|[upkeep]\n|-heal|p2a: Clefable|73/293|[from] item: Leftovers\n|upkeep\n|turn|15\n|inactive|Time left: 300 sec this turn | 300 sec total\n|\n|t:|1783571218\n|switch|p2a: Empoleon|Empoleon, L84, F|278/278\n|move|p1a: Froslass|Poltergeist|p2a: Empoleon\n|-activate|p2a: Empoleon|move: Poltergeist|Leftovers\n|-damage|p2a: Empoleon|163/278\n|\n|-weather|none\n|-heal|p2a: Empoleon|180/278|[from] item: Leftovers\n|upkeep\n|turn|16\n|inactive|Time left: 300 sec this turn | 300 sec total\n|\n|t:|1783571219\n|move|p1a: Froslass|Poltergeist|p2a: Empoleon\n|-activate|p2a: Empoleon|move: Poltergeist|Leftovers\n|-damage|p2a: Empoleon|65/278\n|move|p2a: Empoleon|Roost|p2a: Empoleon\n|-heal|p2a: Empoleon|204/278\n|-singleturn|p2a: Empoleon|move: Roost\n|\n|-heal|p2a: Empoleon|221/278|[from] item: Leftovers\n|upkeep\n|turn|17\n|inactive|Time left: 300 sec this turn | 300 sec total\n|\n|t:|1783571220\n|move|p1a: Froslass|Poltergeist|p2a: Empoleon\n|-activate|p2a: Empoleon|move: Poltergeist|Leftovers\n|-damage|p2a: Empoleon|106/278\n|move|p2a: Empoleon|Surf|p1a: Froslass\n|-damage|p1a: Froslass|50/100\n|-start|p2a: Empoleon|Disable|Surf|[from] ability: Cursed Body|[of] p1a: Froslass\n|\n|-heal|p2a: Empoleon|123/278|[from] item: Leftovers\n|upkeep\n|turn|18\n|inactive|Time left: 300 sec this turn | 300 sec total\n|\n|t:|1783571221\n|move|p1a: Froslass|Poltergeist|p2a: Empoleon\n|-activate|p2a: Empoleon|move: Poltergeist|Leftovers\n|-damage|p2a: Empoleon|15/278\n|move|p2a: Empoleon|Knock Off|p1a: Froslass\n|-supereffective|p1a: Froslass\n|-damage|p1a: Froslass|0 fnt\n|-enditem|p1a: Froslass|Wide Lens|[from] move: Knock Off|[of] p2a: Empoleon\n|faint|p1a: Froslass\n|\n|-heal|p2a: Empoleon|32/278|[from] item: Leftovers\n|upkeep\n|\n|t:|1783571221\n|switch|p1a: Heracross|Heracross, L80, F, tera:Normal|45/100 brn\n|turn|19\n|inactive|Time left: 300 sec this turn | 300 sec total\n|\n|t:|1783571222\n|move|p1a: Heracross|Trailblaze|p2a: Empoleon\n|-damage|p2a: Empoleon|0 fnt\n|-boost|p1a: Heracross|spe|1\n|faint|p2a: Empoleon\n|\n|-damage|p1a: Heracross|39/100 brn|[from] brn\n|upkeep\n|inactive|Time left: 300 sec this turn | 300 sec total | 5 sec grace\n|\n|t:|1783571223\n|switch|p2a: Clefable|Clefable, L83, F|73/293\n|turn|20\n|inactive|Time left: 300 sec this turn | 300 sec total\n|\n|t:|1783571224\n|move|p1a: Heracross|Close Combat|p2a: Clefable\n|-resisted|p2a: Clefable\n|-damage|p2a: Clefable|0 fnt\n|-unboost|p1a: Heracross|def|1\n|-unboost|p1a: Heracross|spd|1\n|faint|p2a: Clefable\n|\n|-damage|p1a: Heracross|33/100 brn|[from] brn\n|upkeep\n|inactive|Time left: 300 sec this turn | 300 sec total | 5 sec grace\n|\n|t:|1783571225\n|switch|p2a: Glaceon|Glaceon, L94, F|275/275\n|turn|21\n|inactive|Time left: 300 sec this turn | 300 sec total\n|\n|t:|1783571226\n|move|p2a: Glaceon|Protect|p2a: Glaceon\n|-singleturn|p2a: Glaceon|Protect\n|move|p1a: Heracross|Close Combat|p2a: Glaceon\n|-activate|p2a: Glaceon|move: Protect\n|\n|-damage|p1a: Heracross|27/100 brn|[from] brn\n|upkeep\n|turn|22\n|inactive|Time left: 300 sec this turn | 300 sec total\n|\n|t:|1783571227\n|move|p2a: Glaceon|Protect||[still]\n|-fail|p2a: Glaceon\n|move|p1a: Heracross|Close Combat|p2a: Glaceon\n|-supereffective|p2a: Glaceon\n|-damage|p2a: Glaceon|0 fnt\n|-unboost|p1a: Heracross|def|1\n|-unboost|p1a: Heracross|spd|1\n|faint|p2a: Glaceon\n|\n|win|p0x279510f9", "uploadtime": 1783571227, "views": 0, "rating": 0, "private": 0, "password": null, "_winner": "p0x279510f9", "_our_name": "p0y27959c9b"}