{"id": "battle-gen9randombattle-2092", "formatid": "gen9randombattle", "format": "[Gen 9] Random Battle", "players": ["p0x209257be", "p0y2092d3a9"], "log": "|init|battle\n|title|p0x209257be vs. p0y2092d3a9\n|j|\u2606p0x209257be\n|j|\u2606p0y2092d3a9\n|t:|1783563412\n|gametype|singles\n|player|p1|p0x209257be|102|\n|player|p2|p0y2092d3a9|170|\n|gen|9\n|tier|[Gen 9] Random Battle\n|rule|Species Clause: Limit one of each Pok\u00e9mon\n|rule|HP Percentage Mod: HP is shown in percentages\n|rule|Sleep Clause Mod: Limit one foe put to sleep\n|rule|Illusion Level Mod: Illusion disguises the Pok\u00e9mon's true level\n|\n|t:|1783563412\n|teamsize|p1|6\n|teamsize|p2|6\n|start\n|switch|p1a: Mienshao|Mienshao, L83, M|100/100\n|switch|p2a: Ninetales|Ninetales-Alola, L78, M|242/242\n|-weather|Snowscape|[from] ability: Snow Warning|[of] p2a: Ninetales\n|turn|1\n|inactive|Battle timer is ON: inactive players will automatically lose when time's up. (requested by p0x209257be)\n|inactive|Time left: 300 sec this turn | 300 sec total | 60 sec grace\n|inactive|p0y2092d3a9 also wants the timer to be on.\n|\n|t:|1783563414\n|move|p1a: Mienshao|Swords Dance|p1a: Mienshao\n|-boost|p1a: Mienshao|atk|2\n|move|p2a: Ninetales|Aurora Veil|p2a: Ninetales\n|-sidestart|p2: p0y2092d3a9|move: Aurora Veil\n|\n|-weather|Snowscape|[upkeep]\n|upkeep\n|turn|2\n|inactive|Time left: 300 sec this turn | 300 sec total\n|\n|t:|1783563415\n|move|p1a: Mienshao|Swords Dance|p1a: Mienshao\n|-boost|p1a: Mienshao|atk|2\n|move|p2a: Ninetales|Moonblast|p1a: Mienshao\n|-supereffective|p1a: Mienshao\n|-damage|p1a: Mienshao|16/100\n|\n|-weather|Snowscape|[upkeep]\n|upkeep\n|turn|3\n|inactive|Time left: 300 sec this turn | 300 sec total\n|\n|t:|1783563416\n|move|p1a: Mienshao|Close Combat|p2a: Ninetales\n|-damage|p2a: Ninetales|17/242\n|-unboost|p1a: Mienshao|def|1\n|-unboost|p1a: Mienshao|spd|1\n|-damage|p1a: Mienshao|6/100|[from] item: Life Orb\n|move|p2a: Ninetales|Freeze-Dry|p1a: Mienshao\n|-damage|p1a: Mienshao|0 fnt\n|faint|p1a: Mienshao\n|\n|-weather|Snowscape|[upkeep]\n|upkeep\n|\n|t:|1783563417\n|switch|p1a: Venusaur|Venusaur, L84, F|100/100\n|turn|4\n|inactive|Time left: 300 sec this turn | 300 sec total\n|\n|t:|1783563418\n|switch|p2a: Registeel|Registeel, L81|262/262\n|move|p1a: Venusaur|Leech Seed|p2a: Registeel\n|-start|p2a: Registeel|move: Leech Seed\n|\n|-weather|Snowscape|[upkeep]\n|-damage|p2a: Registeel|230/262|[from] Leech Seed|[of] p1a: Venusaur\n|upkeep\n|turn|5\n|inactive|Time left: 300 sec this turn | 300 sec total\n|\n|t:|1783563419\n|switch|p2a: Roaring Moon|Roaring Moon, L72|270/270\n|move|p1a: Venusaur|Sludge Bomb|p2a: Roaring Moon\n|-damage|p2a: Roaring Moon|220/270\n|\n|-weather|none\n|upkeep\n|turn|6\n|inactive|Time left: 300 sec this turn | 300 sec total\n|\n|t:|1783563421\n|move|p2a: Roaring Moon|Outrage|p1a: Venusaur\n|-damage|p1a: Venusaur|35/100\n|move|p1a: Venusaur|Sleep Powder|p2a: Roaring Moon\n|-status|p2a: Roaring Moon|slp|[from] move: Sleep Powder\n|\n|-heal|p1a: Venusaur|41/100|[from] item: Leftovers\n|upkeep\n|turn|7\n|inactive|Time left: 300 sec this turn | 300 sec total\n|\n|t:|1783563422\n|cant|p2a: Roaring Moon|slp\n|move|p1a: Venusaur|Leech Seed|p2a: Roaring Moon\n|-start|p2a: Roaring Moon|move: Leech Seed\n|\n|-heal|p1a: Venusaur|48/100|[from] item: Leftovers\n|-damage|p2a: Roaring Moon|187/270 slp|[from] Leech Seed|[of] p1a: Venusaur\n|-heal|p1a: Venusaur|60/100|[silent]\n|upkeep\n|turn|8\n|inactive|Time left: 300 sec this turn | 300 sec total\n|\n|t:|1783563423\n|switch|p1a: Perrserker|Perrserker, L89, F|100/100\n|cant|p2a: Roaring Moon|slp\n|\n|-damage|p2a: Roaring Moon|154/270 slp|[from] Leech Seed|[of] p1a: Perrserker\n|-sideend|p2: p0y2092d3a9|move: Aurora Veil\n|upkeep\n|turn|9\n|inactive|Time left: 300 sec this turn | 300 sec total\n|\n|t:|1783563424\n|cant|p2a: Roaring Moon|slp\n|move|p1a: Perrserker|U-turn|p2a: Roaring Moon\n|-supereffective|p2a: Roaring Moon\n|-damage|p2a: Roaring Moon|0 fnt\n|faint|p2a: Roaring Moon\n|-end|p2a: Roaring Moon|Protosynthesis|[silent]\n|\n|t:|1783563426\n|switch|p1a: Venusaur|Venusaur, L84, F|60/100|[from] U-turn\n|\n|-heal|p1a: Venusaur|66/100|[from] item: Leftovers\n|upkeep\n|inactive|Time left: 300 sec this turn | 300 sec total | 10 sec grace\n|\n|t:|1783563426\n|switch|p2a: Ninetales|Ninetales-Alola, L78, M|17/242\n|-weather|Snowscape|[from] ability: Snow Warning|[of] p2a: Ninetales\n|turn|10\n|inactive|Time left: 300 sec this turn | 300 sec total\n|\n|t:|1783563427\n|move|p2a: Ninetales|Aurora Veil|p2a: Ninetales\n|-sidestart|p2: p0y2092d3a9|move: Aurora Veil\n|move|p1a: Venusaur|Leech Seed|p2a: Ninetales\n|-start|p2a: Ninetales|move: Leech Seed\n|\n|-weather|Snowscape|[upkeep]\n|-heal|p1a: Venusaur|72/100|[from] item: Leftovers\n|-damage|p2a: Ninetales|0 fnt|[from] Leech Seed|[of] p1a: Venusaur\n|-heal|p1a: Venusaur|78/100|[silent]\n|faint|p2a: Ninetales\n|upkeep\n|inactive|Time left: 300 sec this turn | 300 sec total | 5 sec grace\n|\n|t:|1783563428\n|switch|p2a: Hitmonlee|Hitmonlee, L85, M|224/224\n|turn|11\n|inactive|Time left: 300 sec this turn | 300 sec total\n|\n|t:|1783563429\n|move|p2a: Hitmonlee|Knock Off|p1a: Venusaur\n|-damage|p1a: Venusaur|44/100\n|-enditem|p1a: Venusaur|Leftovers|[from] move: Knock Off|[of] p2a: Hitmonlee\n|move|p1a: Venusaur|Sleep Powder|p2a: Hitmonlee\n|-status|p2a: Hitmonlee|slp|[from] move: Sleep Powder\n|\n|-weather|Snowscape|[upkeep]\n|upkeep\n|turn|12\n|inactive|Time left: 300 sec this turn | 300 sec total\n|\n|t:|1783563430\n|switch|p2a: Suicune|Suicune, L82|298/298\n|-ability|p2a: Suicune|Pressure\n|move|p1a: Venusaur|Leech Seed|p2a: Suicune\n|-start|p2a: Suicune|move: Leech Seed\n|\n|-weather|Snowscape|[upkeep]\n|-damage|p2a: Suicune|261/298|[from] Leech Seed|[of] p1a: Venusaur\n|-heal|p1a: Venusaur|58/100|[silent]\n|upkeep\n|turn|13\n|inactive|Time left: 300 sec this turn | 300 sec total\n|\n|t:|1783563431\n|move|p2a: Suicune|Calm Mind|p2a: Suicune\n|-boost|p2a: Suicune|spa|1\n|-boost|p2a: Suicune|spd|1\n|move|p1a: Venusaur|Leech Seed||[still]\n|-fail|p1a: Venusaur\n|\n|-weather|Snowscape|[upkeep]\n|-heal|p2a: Suicune|279/298|[from] item: Leftovers\n|-damage|p2a: Suicune|242/298|[from] Leech Seed|[of] p1a: Venusaur\n|-heal|p1a: Venusaur|71/100|[silent]\n|upkeep\n|turn|14\n|inactive|Time left: 300 sec this turn | 300 sec total\n|\n|t:|1783563432\n|move|p2a: Suicune|Ice Beam|p1a: Venusaur\n|-supereffective|p1a: Venusaur\n|-damage|p1a: Venusaur|19/100\n|move|p1a: Venusaur|Sludge Bomb|p2a: Suicune\n|-damage|p2a: Suicune|216/298\n|-status|p2a: Suicune|psn\n|\n|-weather|none\n|-heal|p2a: Suicune|234/298 psn|[from] item: Leftovers\n|-damage|p2a: Suicune|197/298 psn|[from] Leech Seed|[of] p1a: Venusaur\n|-heal|p1a: Venusaur|33/100|[silent]\n|-damage|p2a: Suicune|160/298 psn|[from] psn\n|upkeep\n|turn|15\n|inactive|Time left: 300 sec this turn | 300 sec total\n|\n|t:|1783563434\n|switch|p1a: Porygon-Z|Porygon-Z, L83|100/100\n|move|p2a: Suicune|Ice Beam|p1a: Porygon-Z\n|-damage|p1a: Porygon-Z|67/100\n|\n|-heal|p2a: Suicune|178/298 psn|[from] item: Leftovers\n|-damage|p2a: Suicune|141/298 psn|[from] Leech Seed|[of] p1a: Porygon-Z\n|-heal|p1a: Porygon-Z|81/100|[silent]\n|-damage|p2a: Suicune|104/298 psn|[from] psn\n|upkeep\n|turn|16\n|inactive|Time left: 300 sec this turn | 300 sec total\n|\n|t:|1783563435\n|switch|p2a: Hariyama|Hariyama, L87, M|392/392\n|move|p1a: Porygon-Z|Nasty Plot|p1a: Porygon-Z\n|-boost|p1a: Porygon-Z|spa|2\n|\n|upkeep\n|turn|17\n|inactive|Time left: 300 sec this turn | 300 sec total\n|\n|t:|1783563436\n|move|p1a: Porygon-Z|Tera Blast|p2a: Hariyama\n|-crit|p2a: Hariyama\n|-damage|p2a: Hariyama|0 fnt\n|faint|p2a: Hariyama\n|-damage|p1a: Porygon-Z|71/100|[from] item: Life Orb\n|\n|-sideend|p2: p0y2092d3a9|move: Aurora Veil\n|upkeep\n|inactive|Time left: 300 sec this turn | 300 sec total | 5 sec grace\n|\n|t:|1783563437\n|switch|p2a: Suicune|Suicune, L82|104/298 psn\n|-ability|p2a: Suicune|Pressure\n|turn|18\n|inactive|Time left: 300 sec this turn | 300 sec total\n|\n|t:|1783563438\n|move|p1a: Porygon-Z|Shadow Ball|p2a: Suicune\n|-damage|p2a: Suicune|0 fnt\n|faint|p2a: Suicune\n|-damage|p1a: Porygon-Z|61/100|[from] item: Life Orb\n|\n|upkeep\n|inactive|Time left: 300 sec this turn | 300 sec total | 5 sec grace\n|\n|t:|1783563439\n|switch|p2a: Hitmonlee|Hitmonlee, L85, M|224/224 slp\n|turn|19\n|inactive|Time left: 300 sec this turn | 300 sec total\n|\n|t:|1783563440\n|-terastallize|p1a: Porygon-Z|Fighting\n|cant|p2a: Hitmonlee|slp\n|move|p1a: Porygon-Z|Tera Blast|p2a: Hitmonlee|[anim] Tera Blast Fighting\n|-damage|p2a: Hitmonlee|0 fnt\n|faint|p2a: Hitmonlee\n|-damage|p1a: Porygon-Z|51/100|[from] item: Life Orb\n|\n|upkeep\n|inactive|Time left: 300 sec this turn | 300 sec total | 5 sec grace\n|\n|t:|1783563441\n|switch|p2a: Registeel|Registeel, L81|230/262\n|turn|20\n|inactive|Time left: 300 sec this turn | 300 sec total\n|\n|t:|1783563442\n|move|p1a: Porygon-Z|Tera Blast|p2a: Registeel|[anim] Tera Blast Fighting\n|-supereffective|p2a: Registeel\n|-damage|p2a: Registeel|0 fnt\n|faint|p2a: Registeel\n|-damage|p1a: Porygon-Z|42/100|[from] item: Life Orb\n|\n|win|p0x209257be", "uploadtime": 1783563442, "views": 0, "rating": 0, "private": 0, "password": null, "_winner": "p0x209257be", "_our_name": "p0y2092d3a9"}