{"id": "battle-gen9randombattle-1927", "formatid": "gen9randombattle", "format": "[Gen 9] Random Battle", "players": ["p0x1927c910", "p0y1927e7db"], "log": "|init|battle\n|title|p0x1927c910 vs. p0y1927e7db\n|j|\u2606p0x1927c910\n|j|\u2606p0y1927e7db\n|t:|1783561558\n|gametype|singles\n|player|p1|p0x1927c910|2|\n|player|p2|p0y1927e7db|170|\n|gen|9\n|tier|[Gen 9] Random Battle\n|rule|Species Clause: Limit one of each Pok\u00e9mon\n|rule|HP Percentage Mod: HP is shown in percentages\n|rule|Sleep Clause Mod: Limit one foe put to sleep\n|rule|Illusion Level Mod: Illusion disguises the Pok\u00e9mon's true level\n|\n|t:|1783561558\n|teamsize|p1|6\n|teamsize|p2|6\n|start\n|switch|p1a: Sneasler|Sneasler, L74, M|100/100\n|switch|p2a: Dusknoir|Dusknoir, L89, F|225/225\n|-item|p1a: Sneasler|White Herb|[from] ability: Frisk|[of] p2a: Dusknoir\n|turn|1\n|inactive|Battle timer is ON: inactive players will automatically lose when time's up. (requested by p0y1927e7db)\n|inactive|p0x1927c910 also wants the timer to be on.\n|\n|t:|1783561559\n|move|p1a: Sneasler|Swords Dance|p1a: Sneasler\n|-boost|p1a: Sneasler|atk|2\n|move|p2a: Dusknoir|Poltergeist|p1a: Sneasler\n|-activate|p1a: Sneasler|move: Poltergeist|White Herb\n|-damage|p1a: Sneasler|14/100\n|\n|upkeep\n|turn|2\n|inactive|Time left: 300 sec this turn | 300 sec total\n|\n|t:|1783561560\n|move|p2a: Dusknoir|Shadow Sneak|p1a: Sneasler\n|-damage|p1a: Sneasler|0 fnt\n|faint|p1a: Sneasler\n|\n|upkeep\n|\n|t:|1783561561\n|switch|p1a: Trevenant|Trevenant, L89, M|100/100\n|turn|3\n|inactive|Time left: 300 sec this turn | 300 sec total\n|\n|t:|1783561563\n|move|p1a: Trevenant|Poltergeist|p2a: Dusknoir|[miss]\n|-miss|p1a: Trevenant|p2a: Dusknoir\n|move|p2a: Dusknoir|Poltergeist|p1a: Trevenant\n|-activate|p1a: Trevenant|move: Poltergeist|Choice Band\n|-supereffective|p1a: Trevenant\n|-damage|p1a: Trevenant|7/100\n|\n|upkeep\n|turn|4\n|inactive|Time left: 300 sec this turn | 300 sec total\n|\n|t:|1783561564\n|move|p2a: Dusknoir|Shadow Sneak|p1a: Trevenant\n|-supereffective|p1a: Trevenant\n|-damage|p1a: Trevenant|0 fnt\n|faint|p1a: Trevenant\n|\n|upkeep\n|\n|t:|1783561564\n|switch|p1a: Ursaluna|Ursaluna-Bloodmoon, L79, M|100/100\n|turn|5\n|inactive|Time left: 300 sec this turn | 300 sec total\n|\n|t:|1783561566\n|move|p2a: Dusknoir|Pain Split|p1a: Ursaluna\n|-sethp|p1a: Ursaluna|87/100|[from] move: Pain Split|[silent]\n|-sethp|p2a: Dusknoir|225/225|[from] move: Pain Split\n|move|p1a: Ursaluna|Calm Mind|p1a: Ursaluna\n|-boost|p1a: Ursaluna|spa|1\n|-boost|p1a: Ursaluna|spd|1\n|\n|-heal|p1a: Ursaluna|93/100|[from] item: Leftovers\n|upkeep\n|turn|6\n|inactive|Time left: 300 sec this turn | 300 sec total\n|\n|t:|1783561567\n|switch|p2a: Appletun|Appletun, L92, M|352/352\n|move|p1a: Ursaluna|Blood Moon|p2a: Appletun\n|-damage|p2a: Appletun|97/352\n|\n|-heal|p1a: Ursaluna|99/100|[from] item: Leftovers\n|-heal|p2a: Appletun|119/352|[from] item: Leftovers\n|upkeep\n|turn|7\n|inactive|Time left: 300 sec this turn | 300 sec total\n|\n|t:|1783561568\n|move|p1a: Ursaluna|Calm Mind|p1a: Ursaluna\n|-boost|p1a: Ursaluna|spa|1\n|-boost|p1a: Ursaluna|spd|1\n|move|p2a: Appletun|Dragon Tail|p1a: Ursaluna\n|-damage|p1a: Ursaluna|79/100\n|drag|p1a: Zamazenta|Zamazenta-Crowned, L68|100/100\n|-ability|p1a: Zamazenta|Dauntless Shield|boost\n|-boost|p1a: Zamazenta|def|1\n|\n|-heal|p2a: Appletun|141/352|[from] item: Leftovers\n|upkeep\n|turn|8\n|inactive|Time left: 300 sec this turn | 300 sec total\n|\n|t:|1783561569\n|move|p1a: Zamazenta|Body Press|p2a: Appletun\n|-damage|p2a: Appletun|24/352\n|move|p2a: Appletun|Recover|p2a: Appletun\n|-heal|p2a: Appletun|200/352\n|\n|-heal|p2a: Appletun|222/352|[from] item: Leftovers\n|upkeep\n|turn|9\n|inactive|Time left: 300 sec this turn | 300 sec total\n|\n|t:|1783561570\n|move|p1a: Zamazenta|Body Press|p2a: Appletun\n|-damage|p2a: Appletun|108/352\n|move|p2a: Appletun|Recover|p2a: Appletun\n|-heal|p2a: Appletun|284/352\n|\n|-heal|p2a: Appletun|306/352|[from] item: Leftovers\n|upkeep\n|turn|10\n|inactive|Time left: 300 sec this turn | 300 sec total\n|\n|t:|1783561570\n|move|p1a: Zamazenta|Iron Defense|p1a: Zamazenta\n|-boost|p1a: Zamazenta|def|2\n|move|p2a: Appletun|Apple Acid|p1a: Zamazenta\n|-resisted|p1a: Zamazenta\n|-damage|p1a: Zamazenta|83/100\n|-unboost|p1a: Zamazenta|spd|1\n|\n|-heal|p2a: Appletun|328/352|[from] item: Leftovers\n|upkeep\n|turn|11\n|inactive|Time left: 300 sec this turn | 300 sec total\n|\n|t:|1783561571\n|move|p1a: Zamazenta|Body Press|p2a: Appletun\n|-damage|p2a: Appletun|136/352\n|move|p2a: Appletun|Apple Acid|p1a: Zamazenta\n|-resisted|p1a: Zamazenta\n|-damage|p1a: Zamazenta|55/100\n|-unboost|p1a: Zamazenta|spd|1\n|\n|-heal|p2a: Appletun|158/352|[from] item: Leftovers\n|upkeep\n|turn|12\n|inactive|Time left: 300 sec this turn | 300 sec total\n|\n|t:|1783561572\n|switch|p2a: Dusknoir|Dusknoir, L89, F|225/225\n|-item|p1a: Zamazenta|Rusted Shield|[from] ability: Frisk|[of] p2a: Dusknoir\n|move|p1a: Zamazenta|Body Press|p2a: Dusknoir\n|-immune|p2a: Dusknoir\n|\n|upkeep\n|turn|13\n|inactive|Time left: 300 sec this turn | 300 sec total\n|\n|t:|1783561574\n|move|p1a: Zamazenta|Body Press|p2a: Dusknoir\n|-immune|p2a: Dusknoir\n|move|p2a: Dusknoir|Will-O-Wisp|p1a: Zamazenta\n|-status|p1a: Zamazenta|brn\n|\n|-damage|p1a: Zamazenta|49/100 brn|[from] brn\n|upkeep\n|turn|14\n|inactive|Time left: 300 sec this turn | 300 sec total\n|\n|t:|1783561574\n|switch|p2a: Appletun|Appletun, L92, M|158/352\n|move|p1a: Zamazenta|Body Press|p2a: Appletun\n|-damage|p2a: Appletun|68/352\n|\n|-heal|p2a: Appletun|90/352|[from] item: Leftovers\n|-damage|p1a: Zamazenta|43/100 brn|[from] brn\n|upkeep\n|turn|15\n|inactive|Time left: 300 sec this turn | 300 sec total\n|\n|t:|1783561576\n|move|p1a: Zamazenta|Body Press|p2a: Appletun\n|-damage|p2a: Appletun|0 fnt\n|faint|p2a: Appletun\n|\n|-damage|p1a: Zamazenta|37/100 brn|[from] brn\n|upkeep\n|inactive|Time left: 300 sec this turn | 300 sec total | 5 sec grace\n|\n|t:|1783561577\n|switch|p2a: Heatran|Heatran, L79, F|273/273\n|-item|p2a: Heatran|Air Balloon\n|turn|16\n|inactive|Time left: 300 sec this turn | 300 sec total\n|\n|t:|1783561578\n|switch|p2a: Dusknoir|Dusknoir, L89, F|225/225\n|-item|p1a: Zamazenta|Rusted Shield|[from] ability: Frisk|[of] p2a: Dusknoir\n|move|p1a: Zamazenta|Body Press|p2a: Dusknoir\n|-immune|p2a: Dusknoir\n|\n|-damage|p1a: Zamazenta|31/100 brn|[from] brn\n|upkeep\n|turn|17\n|inactive|Time left: 300 sec this turn | 300 sec total\n|\n|t:|1783561579\n|move|p1a: Zamazenta|Body Press|p2a: Dusknoir\n|-immune|p2a: Dusknoir\n|move|p2a: Dusknoir|Poltergeist|p1a: Zamazenta\n|-activate|p1a: Zamazenta|move: Poltergeist|Rusted Shield\n|-damage|p1a: Zamazenta|12/100 brn\n|\n|-damage|p1a: Zamazenta|6/100 brn|[from] brn\n|upkeep\n|turn|18\n|inactive|Time left: 300 sec this turn | 300 sec total\n|\n|t:|1783561580\n|switch|p1a: Ursaluna|Ursaluna-Bloodmoon, L79, M|79/100\n|switch|p2a: Mimikyu|Mimikyu, L79, M|216/216\n|\n|-heal|p1a: Ursaluna|85/100|[from] item: Leftovers\n|upkeep\n|turn|19\n|inactive|Time left: 300 sec this turn | 300 sec total\n|\n|t:|1783561581\n|move|p2a: Mimikyu|Swords Dance|p2a: Mimikyu\n|-boost|p2a: Mimikyu|atk|2\n|move|p1a: Ursaluna|Calm Mind|p1a: Ursaluna\n|-boost|p1a: Ursaluna|spa|1\n|-boost|p1a: Ursaluna|spd|1\n|\n|-heal|p1a: Ursaluna|91/100|[from] item: Leftovers\n|upkeep\n|turn|20\n|inactive|Time left: 300 sec this turn | 300 sec total\n|\n|t:|1783561582\n|move|p1a: Ursaluna|Vacuum Wave|p2a: Mimikyu\n|-activate|p2a: Mimikyu|ability: Disguise\n|-damage|p2a: Mimikyu|216/216\n|detailschange|p2a: Mimikyu|Mimikyu-Busted, L79, M\n|-damage|p2a: Mimikyu|189/216|[from] pokemon: Mimikyu-Busted\n|move|p2a: Mimikyu|Play Rough|p1a: Ursaluna\n|-damage|p1a: Ursaluna|39/100\n|-damage|p2a: Mimikyu|168/216|[from] item: Life Orb\n|\n|-heal|p1a: Ursaluna|45/100|[from] item: Leftovers\n|upkeep\n|turn|21\n|inactive|Time left: 300 sec this turn | 300 sec total\n|\n|t:|1783561583\n|move|p2a: Mimikyu|Play Rough|p1a: Ursaluna\n|-damage|p1a: Ursaluna|0 fnt\n|faint|p1a: Ursaluna\n|-damage|p2a: Mimikyu|147/216|[from] item: Life Orb\n|\n|upkeep\n|\n|t:|1783561584\n|switch|p1a: Lanturn|Lanturn, L89, M|100/100\n|turn|22\n|inactive|Time left: 300 sec this turn | 300 sec total\n|\n|t:|1783561585\n|move|p2a: Mimikyu|Drain Punch|p1a: Lanturn\n|-damage|p1a: Lanturn|63/100\n|-heal|p2a: Mimikyu|216/216|[from] drain|[of] p1a: Lanturn\n|-damage|p2a: Mimikyu|195/216|[from] item: Life Orb\n|move|p1a: Lanturn|Scald|p2a: Mimikyu\n|-damage|p2a: Mimikyu|117/216\n|-status|p2a: Mimikyu|brn\n|\n|-heal|p1a: Lanturn|69/100|[from] item: Leftovers\n|-damage|p2a: Mimikyu|104/216 brn|[from] brn\n|upkeep\n|turn|23\n|inactive|Time left: 300 sec this turn | 300 sec total\n|\n|t:|1783561586\n|move|p2a: Mimikyu|Play Rough|p1a: Lanturn\n|-damage|p1a: Lanturn|32/100\n|-damage|p2a: Mimikyu|83/216 brn|[from] item: Life Orb\n|move|p1a: Lanturn|Scald|p2a: Mimikyu\n|-damage|p2a: Mimikyu|2/216 brn\n|\n|-heal|p1a: Lanturn|38/100|[from] item: Leftovers\n|-damage|p2a: Mimikyu|0 fnt|[from] brn\n|faint|p2a: Mimikyu\n|upkeep\n|inactive|Time left: 300 sec this turn | 300 sec total | 5 sec grace\n|\n|t:|1783561586\n|switch|p2a: Ho-Oh|Ho-Oh, L71|268/268\n|turn|24\n|inactive|Time left: 300 sec this turn | 300 sec total\n|\n|t:|1783561587\n|move|p1a: Lanturn|Thunder Wave|p2a: Ho-Oh\n|-status|p2a: Ho-Oh|par\n|move|p2a: Ho-Oh|Earthquake|p1a: Lanturn\n|-supereffective|p1a: Lanturn\n|-damage|p1a: Lanturn|0 fnt\n|faint|p1a: Lanturn\n|\n|upkeep\n|\n|t:|1783561588\n|switch|p1a: Tropius|Tropius, L91, F|100/100\n|turn|25\n|inactive|Time left: 300 sec this turn | 300 sec total\n|\n|t:|1783561589\n|move|p1a: Tropius|Leech Seed|p2a: Ho-Oh|[miss]\n|-miss|p1a: Tropius|p2a: Ho-Oh\n|move|p2a: Ho-Oh|Sacred Fire|p1a: Tropius\n|-supereffective|p1a: Tropius\n|-damage|p1a: Tropius|45/100\n|-status|p1a: Tropius|brn\n|-enditem|p1a: Tropius|Sitrus Berry|[eat]\n|-heal|p1a: Tropius|70/100 brn|[from] item: Sitrus Berry\n|\n|-damage|p1a: Tropius|64/100 brn|[from] brn\n|upkeep\n|turn|26\n|inactive|Time left: 300 sec this turn | 300 sec total\n|\n|t:|1783561590\n|move|p1a: Tropius|Substitute|p1a: Tropius\n|-start|p1a: Tropius|Substitute\n|-damage|p1a: Tropius|39/100 brn\n|move|p2a: Ho-Oh|Brave Bird|p1a: Tropius\n|-supereffective|p1a: Tropius\n|-end|p1a: Tropius|Substitute\n|-damage|p2a: Ho-Oh|241/268 par|[from] Recoil|[of] p1a: Tropius\n|\n|-damage|p1a: Tropius|33/100 brn|[from] brn\n|-item|p1a: Tropius|Sitrus Berry|[from] ability: Harvest\n|upkeep\n|-enditem|p1a: Tropius|Sitrus Berry|[eat]\n|-heal|p1a: Tropius|58/100 brn|[from] item: Sitrus Berry\n|turn|27\n|inactive|Time left: 300 sec this turn | 300 sec total\n|\n|t:|1783561590\n|move|p1a: Tropius|Protect|p1a: Tropius\n|-singleturn|p1a: Tropius|Protect\n|move|p2a: Ho-Oh|Sacred Fire|p1a: Tropius\n|-activate|p1a: Tropius|move: Protect\n|\n|-damage|p1a: Tropius|52/100 brn|[from] brn\n|-item|p1a: Tropius|Sitrus Berry|[from] ability: Harvest\n|upkeep\n|turn|28\n|inactive|Time left: 300 sec this turn | 300 sec total\n|\n|t:|1783561591\n|move|p1a: Tropius|Substitute|p1a: Tropius\n|-start|p1a: Tropius|Substitute\n|-damage|p1a: Tropius|27/100 brn\n|-enditem|p1a: Tropius|Sitrus Berry|[eat]\n|-heal|p1a: Tropius|52/100 brn|[from] item: Sitrus Berry\n|cant|p2a: Ho-Oh|par\n|\n|-damage|p1a: Tropius|46/100 brn|[from] brn\n|upkeep\n|turn|29\n|inactive|Time left: 300 sec this turn | 300 sec total\n|\n|t:|1783561593\n|move|p1a: Tropius|Leech Seed|p2a: Ho-Oh\n|-start|p2a: Ho-Oh|move: Leech Seed\n|move|p2a: Ho-Oh|Sacred Fire|p1a: Tropius\n|-supereffective|p1a: Tropius\n|-end|p1a: Tropius|Substitute\n|\n|-damage|p2a: Ho-Oh|208/268 par|[from] Leech Seed|[of] p1a: Tropius\n|-heal|p1a: Tropius|56/100 brn|[silent]\n|-damage|p1a: Tropius|50/100 brn|[from] brn\n|upkeep\n|turn|30\n|inactive|Time left: 300 sec this turn | 300 sec total\n|\n|t:|1783561593\n|switch|p2a: Heatran|Heatran, L79, F|273/273\n|-item|p2a: Heatran|Air Balloon\n|move|p1a: Tropius|Substitute|p1a: Tropius\n|-start|p1a: Tropius|Substitute\n|-damage|p1a: Tropius|25/100 brn\n|\n|-damage|p1a: Tropius|18/100 brn|[from] brn\n|upkeep\n|turn|31\n|inactive|Time left: 300 sec this turn | 300 sec total\n|\n|t:|1783561594\n|move|p2a: Heatran|Lava Plume|p1a: Tropius\n|-supereffective|p1a: Tropius\n|-end|p1a: Tropius|Substitute\n|move|p1a: Tropius|Leech Seed|p2a: Heatran\n|-start|p2a: Heatran|move: Leech Seed\n|\n|-damage|p2a: Heatran|239/273|[from] Leech Seed|[of] p1a: Tropius\n|-heal|p1a: Tropius|29/100 brn|[silent]\n|-damage|p1a: Tropius|23/100 brn|[from] brn\n|upkeep\n|turn|32\n|inactive|Time left: 300 sec this turn | 300 sec total\n|\n|t:|1783561595\n|move|p1a: Tropius|Protect|p1a: Tropius\n|-singleturn|p1a: Tropius|Protect\n|move|p2a: Heatran|Lava Plume|p1a: Tropius\n|-activate|p1a: Tropius|move: Protect\n|\n|-damage|p2a: Heatran|205/273|[from] Leech Seed|[of] p1a: Tropius\n|-heal|p1a: Tropius|33/100 brn|[silent]\n|-damage|p1a: Tropius|27/100 brn|[from] brn\n|upkeep\n|turn|33\n|inactive|Time left: 300 sec this turn | 300 sec total\n|\n|t:|1783561596\n|move|p1a: Tropius|Protect||[still]\n|-fail|p1a: Tropius\n|move|p2a: Heatran|Lava Plume|p1a: Tropius\n|-supereffective|p1a: Tropius\n|-damage|p1a: Tropius|0 fnt\n|faint|p1a: Tropius\n|\n|upkeep\n|\n|t:|1783561596\n|switch|p1a: Zamazenta|Zamazenta-Crowned, L68|6/100 brn\n|turn|34\n|inactive|Time left: 300 sec this turn | 300 sec total\n|\n|t:|1783561597\n|switch|p2a: Duraludon|Duraludon, L82, M|249/249\n|-terastallize|p1a: Zamazenta|Ghost\n|move|p1a: Zamazenta|Stone Edge|p2a: Duraludon\n|-resisted|p2a: Duraludon\n|-crit|p2a: Duraludon\n|-damage|p2a: Duraludon|238/249\n|\n|-damage|p1a: Zamazenta|0 fnt|[from] brn\n|faint|p1a: Zamazenta\n|\n|win|p0y1927e7db", "uploadtime": 1783561597, "views": 0, "rating": 0, "private": 0, "password": null, "_winner": "p0y1927e7db", "_our_name": "p0y1927e7db"}