{"id": "battle-gen9randombattle-1407", "formatid": "gen9randombattle", "format": "[Gen 9] Random Battle", "players": ["p0x1407d9bd", "p0y14074325"], "log": "|init|battle\n|title|p0x1407d9bd vs. p0y14074325\n|j|\u2606p0x1407d9bd\n|j|\u2606p0y14074325\n|t:|1783556380\n|gametype|singles\n|player|p1|p0x1407d9bd|1|\n|player|p2|p0y14074325|169|\n|gen|9\n|tier|[Gen 9] Random Battle\n|rule|Species Clause: Limit one of each Pok\u00e9mon\n|rule|HP Percentage Mod: HP is shown in percentages\n|rule|Sleep Clause Mod: Limit one foe put to sleep\n|rule|Illusion Level Mod: Illusion disguises the Pok\u00e9mon's true level\n|\n|t:|1783556380\n|teamsize|p1|6\n|teamsize|p2|6\n|start\n|switch|p1a: Jolteon|Jolteon, L84, M|100/100\n|switch|p2a: Donphan|Donphan, L84, F|288/288\n|turn|1\n|inactive|Battle timer is ON: inactive players will automatically lose when time's up. (requested by p0x1407d9bd)\n|inactive|Time left: 300 sec this turn | 300 sec total | 60 sec grace\n|inactive|p0y14074325 also wants the timer to be on.\n|\n|t:|1783556382\n|switch|p1a: Bombirdier|Bombirdier, L85, M|100/100\n|move|p2a: Donphan|Earthquake|p1a: Bombirdier\n|-immune|p1a: Bombirdier\n|\n|upkeep\n|turn|2\n|inactive|Time left: 300 sec this turn | 300 sec total\n|\n|t:|1783556383\n|switch|p2a: Slaking|Slaking, L84, M|389/389\n|move|p1a: Bombirdier|Knock Off|p2a: Slaking\n|-damage|p2a: Slaking|290/389\n|-enditem|p2a: Slaking|Choice Band|[from] move: Knock Off|[of] p1a: Bombirdier\n|\n|upkeep\n|turn|3\n|inactive|Time left: 300 sec this turn | 300 sec total\n|\n|t:|1783556384\n|switch|p1a: Dusknoir|Dusknoir, L89, F|100/100\n|move|p2a: Slaking|Giga Impact|p1a: Dusknoir\n|-immune|p1a: Dusknoir\n|\n|upkeep\n|turn|4\n|inactive|Time left: 300 sec this turn | 300 sec total\n|\n|t:|1783556385\n|-singleturn|p1a: Dusknoir|move: Focus Punch\n|cant|p2a: Slaking|ability: Truant\n|move|p1a: Dusknoir|Focus Punch|p2a: Slaking\n|-supereffective|p2a: Slaking\n|-damage|p2a: Slaking|52/389\n|\n|upkeep\n|turn|5\n|inactive|Time left: 300 sec this turn | 300 sec total\n|\n|t:|1783556386\n|-singleturn|p1a: Dusknoir|move: Focus Punch\n|move|p2a: Slaking|Knock Off|p1a: Dusknoir\n|-supereffective|p1a: Dusknoir\n|-damage|p1a: Dusknoir|38/100\n|-enditem|p1a: Dusknoir|Leftovers|[from] move: Knock Off|[of] p2a: Slaking\n|cant|p1a: Dusknoir|Focus Punch|Focus Punch\n|\n|upkeep\n|turn|6\n|inactive|Time left: 300 sec this turn | 300 sec total\n|\n|t:|1783556387\n|-singleturn|p1a: Dusknoir|move: Focus Punch\n|cant|p2a: Slaking|ability: Truant\n|move|p1a: Dusknoir|Focus Punch|p2a: Slaking\n|-supereffective|p2a: Slaking\n|-damage|p2a: Slaking|0 fnt\n|faint|p2a: Slaking\n|\n|upkeep\n|inactive|Time left: 300 sec this turn | 300 sec total | 5 sec grace\n|\n|t:|1783556388\n|switch|p2a: Glastrier|Glastrier, L86|311/311\n|turn|7\n|inactive|Time left: 300 sec this turn | 300 sec total\n|\n|t:|1783556390\n|move|p1a: Dusknoir|Pain Split|p2a: Glastrier\n|-sethp|p2a: Glastrier|198/311|[from] move: Pain Split|[silent]\n|-sethp|p1a: Dusknoir|88/100|[from] move: Pain Split\n|move|p2a: Glastrier|Icicle Crash|p1a: Dusknoir\n|-damage|p1a: Dusknoir|28/100\n|\n|upkeep\n|turn|8\n|inactive|Time left: 300 sec this turn | 300 sec total\n|\n|t:|1783556391\n|move|p1a: Dusknoir|Pain Split|p2a: Glastrier\n|-sethp|p2a: Glastrier|130/311|[from] move: Pain Split|[silent]\n|-sethp|p1a: Dusknoir|58/100|[from] move: Pain Split\n|move|p2a: Glastrier|Icicle Crash|p1a: Dusknoir\n|-damage|p1a: Dusknoir|2/100\n|\n|upkeep\n|turn|9\n|inactive|Time left: 300 sec this turn | 300 sec total\n|\n|t:|1783556392\n|move|p1a: Dusknoir|Pain Split|p2a: Glastrier\n|-sethp|p2a: Glastrier|66/311|[from] move: Pain Split|[silent]\n|-sethp|p1a: Dusknoir|30/100|[from] move: Pain Split\n|move|p2a: Glastrier|Icicle Crash|p1a: Dusknoir|[miss]\n|-miss|p2a: Glastrier|p1a: Dusknoir\n|\n|upkeep\n|turn|10\n|inactive|Time left: 300 sec this turn | 300 sec total\n|\n|t:|1783556393\n|move|p1a: Dusknoir|Poltergeist|p2a: Glastrier\n|-activate|p2a: Glastrier|move: Poltergeist|Choice Band\n|-damage|p2a: Glastrier|0 fnt\n|faint|p2a: Glastrier\n|\n|upkeep\n|inactive|Time left: 300 sec this turn | 300 sec total | 5 sec grace\n|\n|t:|1783556394\n|switch|p2a: Donphan|Donphan, L84, F|288/288\n|turn|11\n|inactive|Time left: 300 sec this turn | 300 sec total\n|\n|t:|1783556395\n|move|p2a: Donphan|Earthquake|p1a: Dusknoir\n|-damage|p1a: Dusknoir|0 fnt\n|faint|p1a: Dusknoir\n|\n|upkeep\n|\n|t:|1783556396\n|switch|p1a: Bombirdier|Bombirdier, L85, M|100/100\n|turn|12\n|inactive|Time left: 300 sec this turn | 300 sec total\n|\n|t:|1783556397\n|move|p1a: Bombirdier|Knock Off|p2a: Donphan\n|-damage|p2a: Donphan|204/288\n|-enditem|p2a: Donphan|Assault Vest|[from] move: Knock Off|[of] p1a: Bombirdier\n|move|p2a: Donphan|Rapid Spin|p1a: Bombirdier\n|-damage|p1a: Bombirdier|84/100\n|-boost|p2a: Donphan|spe|1\n|\n|upkeep\n|turn|13\n|inactive|Time left: 300 sec this turn | 300 sec total\n|\n|t:|1783556398\n|move|p2a: Donphan|Ice Shard|p1a: Bombirdier\n|-supereffective|p1a: Bombirdier\n|-damage|p1a: Bombirdier|59/100\n|move|p1a: Bombirdier|Brave Bird|p2a: Donphan\n|-damage|p2a: Donphan|90/288\n|-damage|p1a: Bombirdier|45/100|[from] Recoil\n|\n|upkeep\n|turn|14\n|inactive|Time left: 300 sec this turn | 300 sec total\n|\n|t:|1783556400\n|move|p2a: Donphan|Knock Off|p1a: Bombirdier\n|-resisted|p1a: Bombirdier\n|-damage|p1a: Bombirdier|29/100\n|-enditem|p1a: Bombirdier|Heavy-Duty Boots|[from] move: Knock Off|[of] p2a: Donphan\n|move|p1a: Bombirdier|Brave Bird|p2a: Donphan\n|-damage|p2a: Donphan|0 fnt\n|faint|p2a: Donphan\n|-damage|p1a: Bombirdier|18/100|[from] Recoil\n|\n|upkeep\n|inactive|Time left: 300 sec this turn | 300 sec total | 5 sec grace\n|\n|t:|1783556401\n|switch|p2a: Lanturn|Lanturn, L89, M|367/367\n|turn|15\n|inactive|Time left: 300 sec this turn | 300 sec total\n|\n|t:|1783556402\n|move|p1a: Bombirdier|Knock Off|p2a: Lanturn\n|-damage|p2a: Lanturn|232/367\n|-enditem|p2a: Lanturn|Leftovers|[from] move: Knock Off|[of] p1a: Bombirdier\n|move|p2a: Lanturn|Thunderbolt|p1a: Bombirdier\n|-supereffective|p1a: Bombirdier\n|-damage|p1a: Bombirdier|0 fnt\n|faint|p1a: Bombirdier\n|\n|upkeep\n|\n|t:|1783556403\n|switch|p1a: Flareon|Flareon, L90, M|100/100\n|turn|16\n|inactive|Time left: 300 sec this turn | 300 sec total\n|\n|t:|1783556404\n|move|p2a: Lanturn|Thunder Wave|p1a: Flareon\n|-status|p1a: Flareon|par\n|cant|p1a: Flareon|par\n|\n|upkeep\n|turn|17\n|inactive|Time left: 300 sec this turn | 300 sec total\n|\n|t:|1783556405\n|move|p2a: Lanturn|Scald|p1a: Flareon\n|-supereffective|p1a: Flareon\n|-damage|p1a: Flareon|48/100 par\n|move|p1a: Flareon|Facade|p2a: Lanturn\n|-damage|p2a: Lanturn|0 fnt\n|faint|p2a: Lanturn\n|\n|upkeep\n|inactive|Time left: 300 sec this turn | 300 sec total | 5 sec grace\n|\n|t:|1783556406\n|switch|p2a: Hitmonchan|Hitmonchan, L87, M|229/229\n|turn|18\n|inactive|Time left: 300 sec this turn | 300 sec total\n|\n|t:|1783556407\n|move|p2a: Hitmonchan|Drain Punch|p1a: Flareon\n|-damage|p1a: Flareon|0 fnt\n|faint|p1a: Flareon\n|\n|upkeep\n|\n|t:|1783556408\n|switch|p1a: Tatsugiri|Tatsugiri, L87, M|100/100\n|turn|19\n|inactive|Time left: 300 sec this turn | 300 sec total\n|\n|t:|1783556409\n|move|p1a: Tatsugiri|Nasty Plot|p1a: Tatsugiri\n|-boost|p1a: Tatsugiri|spa|2\n|move|p2a: Hitmonchan|Drain Punch|p1a: Tatsugiri\n|-damage|p1a: Tatsugiri|46/100\n|\n|upkeep\n|turn|20\n|inactive|Time left: 300 sec this turn | 300 sec total\n|\n|t:|1783556410\n|-terastallize|p2a: Hitmonchan|Steel\n|move|p1a: Tatsugiri|Draco Meteor|p2a: Hitmonchan\n|-resisted|p2a: Hitmonchan\n|-damage|p2a: Hitmonchan|100/229\n|-unboost|p1a: Tatsugiri|spa|2\n|move|p2a: Hitmonchan|Drain Punch|p1a: Tatsugiri\n|-damage|p1a: Tatsugiri|0 fnt\n|-heal|p2a: Hitmonchan|160/229|[from] drain|[of] p1a: Tatsugiri\n|faint|p1a: Tatsugiri\n|\n|-heal|p2a: Hitmonchan|174/229|[from] item: Leftovers\n|upkeep\n|\n|t:|1783556411\n|switch|p1a: Galvantula|Galvantula, L82, M|100/100\n|turn|21\n|inactive|Time left: 300 sec this turn | 300 sec total\n|\n|t:|1783556412\n|move|p1a: Galvantula|Thunder|p2a: Hitmonchan\n|-damage|p2a: Hitmonchan|83/229\n|move|p2a: Hitmonchan|Drain Punch|p1a: Galvantula\n|-resisted|p1a: Galvantula\n|-damage|p1a: Galvantula|70/100\n|-heal|p2a: Hitmonchan|121/229|[from] drain|[of] p1a: Galvantula\n|\n|-heal|p2a: Hitmonchan|135/229|[from] item: Leftovers\n|upkeep\n|turn|22\n|inactive|Time left: 300 sec this turn | 300 sec total\n|\n|t:|1783556413\n|move|p1a: Galvantula|Thunder|p2a: Hitmonchan\n|-damage|p2a: Hitmonchan|47/229\n|move|p2a: Hitmonchan|Drain Punch|p1a: Galvantula\n|-resisted|p1a: Galvantula\n|-damage|p1a: Galvantula|40/100\n|-heal|p2a: Hitmonchan|85/229|[from] drain|[of] p1a: Galvantula\n|\n|-heal|p2a: Hitmonchan|99/229|[from] item: Leftovers\n|upkeep\n|turn|23\n|inactive|Time left: 300 sec this turn | 300 sec total\n|\n|t:|1783556414\n|move|p1a: Galvantula|Thunder|p2a: Hitmonchan\n|-damage|p2a: Hitmonchan|14/229\n|move|p2a: Hitmonchan|Drain Punch|p1a: Galvantula\n|-resisted|p1a: Galvantula\n|-damage|p1a: Galvantula|13/100\n|-heal|p2a: Hitmonchan|48/229|[from] drain|[of] p1a: Galvantula\n|\n|-heal|p2a: Hitmonchan|62/229|[from] item: Leftovers\n|upkeep\n|turn|24\n|inactive|Time left: 300 sec this turn | 300 sec total\n|\n|t:|1783556415\n|switch|p2a: Jumpluff|Jumpluff, L87, M|271/271\n|move|p1a: Galvantula|Thunder|p2a: Jumpluff\n|-damage|p2a: Jumpluff|163/271\n|\n|upkeep\n|turn|25\n|inactive|Time left: 300 sec this turn | 300 sec total\n|\n|t:|1783556416\n|switch|p1a: Jolteon|Jolteon, L84, M|100/100\n|move|p2a: Jumpluff|Strength Sap|p1a: Jolteon\n|-unboost|p1a: Jolteon|atk|1\n|-heal|p2a: Jumpluff|271/271\n|\n|upkeep\n|turn|26\n|inactive|Time left: 300 sec this turn | 300 sec total\n|\n|t:|1783556417\n|move|p1a: Jolteon|Calm Mind|p1a: Jolteon\n|-boost|p1a: Jolteon|spa|1\n|-boost|p1a: Jolteon|spd|1\n|move|p2a: Jumpluff|Sleep Powder|p1a: Jolteon\n|-status|p1a: Jolteon|slp|[from] move: Sleep Powder\n|\n|upkeep\n|turn|27\n|inactive|Time left: 300 sec this turn | 300 sec total\n|\n|t:|1783556418\n|cant|p1a: Jolteon|slp\n|move|p2a: Jumpluff|U-turn|p1a: Jolteon\n|-crit|p1a: Jolteon\n|-damage|p1a: Jolteon|73/100 slp\n|inactive|Time left: 300 sec this turn | 300 sec total | 5 sec grace\n|\n|t:|1783556419\n|switch|p2a: Hitmonchan|Hitmonchan, L87, M, tera:Steel|62/229|[from] U-turn\n|\n|-heal|p2a: Hitmonchan|76/229|[from] item: Leftovers\n|upkeep\n|turn|28\n|inactive|Time left: 300 sec this turn | 300 sec total\n|\n|t:|1783556420\n|-terastallize|p1a: Jolteon|Fairy\n|cant|p1a: Jolteon|slp\n|move|p2a: Hitmonchan|Drain Punch|p1a: Jolteon\n|-resisted|p1a: Jolteon\n|-damage|p1a: Jolteon|44/100 slp\n|-heal|p2a: Hitmonchan|111/229|[from] drain|[of] p1a: Jolteon\n|\n|-heal|p2a: Hitmonchan|125/229|[from] item: Leftovers\n|upkeep\n|turn|29\n|inactive|Time left: 300 sec this turn | 300 sec total\n|\n|t:|1783556421\n|-curestatus|p1a: Jolteon|slp|[msg]\n|move|p1a: Jolteon|Volt Switch|p2a: Hitmonchan\n|-damage|p2a: Hitmonchan|20/229\n|\n|t:|1783556422\n|switch|p1a: Galvantula|Galvantula, L82, M|13/100|[from] Volt Switch\n|move|p2a: Hitmonchan|Poison Jab|p1a: Galvantula\n|-damage|p1a: Galvantula|0 fnt\n|faint|p1a: Galvantula\n|\n|-heal|p2a: Hitmonchan|34/229|[from] item: Leftovers\n|upkeep\n|\n|t:|1783556423\n|switch|p1a: Jolteon|Jolteon, L84, M, tera:Fairy|44/100\n|turn|30\n|inactive|Time left: 300 sec this turn | 300 sec total\n|\n|t:|1783556424\n|move|p1a: Jolteon|Alluring Voice|p2a: Hitmonchan\n|-resisted|p2a: Hitmonchan\n|-damage|p2a: Hitmonchan|0 fnt\n|faint|p2a: Hitmonchan\n|\n|upkeep\n|inactive|Time left: 300 sec this turn | 300 sec total | 5 sec grace\n|\n|t:|1783556425\n|switch|p2a: Jumpluff|Jumpluff, L87, M|271/271\n|turn|31\n|inactive|Time left: 300 sec this turn | 300 sec total\n|\n|t:|1783556426\n|move|p1a: Jolteon|Thunderbolt|p2a: Jumpluff\n|-damage|p2a: Jumpluff|178/271\n|move|p2a: Jumpluff|Acrobatics|p1a: Jolteon\n|-damage|p1a: Jolteon|3/100\n|\n|upkeep\n|turn|32\n|inactive|Time left: 300 sec this turn | 300 sec total\n|\n|t:|1783556427\n|move|p1a: Jolteon|Thunderbolt|p2a: Jumpluff\n|-damage|p2a: Jumpluff|76/271\n|move|p2a: Jumpluff|Acrobatics|p1a: Jolteon\n|-damage|p1a: Jolteon|0 fnt\n|faint|p1a: Jolteon\n|\n|win|p0y14074325", "uploadtime": 1783556427, "views": 0, "rating": 0, "private": 0, "password": null, "_winner": "p0y14074325", "_our_name": "p0y14074325"}