{"id": "battle-gen9randombattle-1025", "formatid": "gen9randombattle", "format": "[Gen 9] Random Battle", "players": ["p0x1025e186", "p0y1025ee5d"], "log": "|init|battle\n|title|p0x1025e186 vs. p0y1025ee5d\n|j|\u2606p0x1025e186\n|j|\u2606p0y1025ee5d\n|t:|1783551080\n|gametype|singles\n|player|p1|p0x1025e186|170|\n|player|p2|p0y1025ee5d|169|\n|gen|9\n|tier|[Gen 9] Random Battle\n|rule|Species Clause: Limit one of each Pok\u00e9mon\n|rule|HP Percentage Mod: HP is shown in percentages\n|rule|Sleep Clause Mod: Limit one foe put to sleep\n|rule|Illusion Level Mod: Illusion disguises the Pok\u00e9mon's true level\n|\n|t:|1783551080\n|teamsize|p1|6\n|teamsize|p2|6\n|start\n|switch|p1a: Pawmot|Pawmot, L80, M|100/100\n|switch|p2a: Oinkologne|Oinkologne, L92, M|352/352\n|turn|1\n|inactive|Battle timer is ON: inactive players will automatically lose when time's up. (requested by p0y1025ee5d)\n|inactive|p0x1025e186 also wants the timer to be on.\n|\n|t:|1783551082\n|switch|p2a: Gardevoir|Gardevoir, L83, M|249/249\n|-ability|p2a: Gardevoir|Iron Fist|Trace|[from] ability: Trace|[of] p1a: Pawmot\n|move|p1a: Pawmot|Close Combat|p2a: Gardevoir\n|-resisted|p2a: Gardevoir\n|-damage|p2a: Gardevoir|192/249\n|-unboost|p1a: Pawmot|def|1\n|-unboost|p1a: Pawmot|spd|1\n|-damage|p1a: Pawmot|91/100|[from] item: Life Orb\n|\n|upkeep\n|turn|2\n|inactive|Time left: 300 sec this turn | 300 sec total\n|\n|t:|1783551083\n|move|p2a: Gardevoir|Moonblast|p1a: Pawmot\n|-supereffective|p1a: Pawmot\n|-damage|p1a: Pawmot|0 fnt\n|faint|p1a: Pawmot\n|\n|upkeep\n|\n|t:|1783551085\n|switch|p1a: Primarina|Primarina, L83, F|100/100\n|turn|3\n|inactive|Time left: 300 sec this turn | 300 sec total\n|\n|t:|1783551086\n|move|p2a: Gardevoir|Moonblast|p1a: Primarina\n|-damage|p1a: Primarina|64/100\n|move|p1a: Primarina|Calm Mind|p1a: Primarina\n|-boost|p1a: Primarina|spa|1\n|-boost|p1a: Primarina|spd|1\n|\n|-heal|p1a: Primarina|70/100|[from] item: Leftovers\n|upkeep\n|turn|4\n|inactive|Time left: 300 sec this turn | 300 sec total\n|\n|t:|1783551087\n|move|p2a: Gardevoir|Moonblast|p1a: Primarina\n|-damage|p1a: Primarina|43/100\n|move|p1a: Primarina|Draining Kiss|p2a: Gardevoir\n|-damage|p2a: Gardevoir|114/249\n|-heal|p1a: Primarina|65/100|[from] drain|[of] p2a: Gardevoir\n|\n|-heal|p1a: Primarina|71/100|[from] item: Leftovers\n|upkeep\n|turn|5\n|inactive|Time left: 300 sec this turn | 300 sec total\n|\n|t:|1783551088\n|switch|p2a: Flareon|Flareon, L90, F|263/263\n|move|p1a: Primarina|Draining Kiss|p2a: Flareon\n|-resisted|p2a: Flareon\n|-damage|p2a: Flareon|226/263\n|-heal|p1a: Primarina|82/100|[from] drain|[of] p2a: Flareon\n|\n|-heal|p1a: Primarina|88/100|[from] item: Leftovers\n|-status|p2a: Flareon|tox|[from] item: Toxic Orb\n|upkeep\n|turn|6\n|inactive|Time left: 300 sec this turn | 300 sec total\n|\n|t:|1783551089\n|move|p2a: Flareon|Facade|p1a: Primarina\n|-damage|p1a: Primarina|0 fnt\n|faint|p1a: Primarina\n|\n|-damage|p2a: Flareon|210/263 tox|[from] psn\n|upkeep\n|\n|t:|1783551090\n|switch|p1a: Bombirdier|Bombirdier, L85, F|100/100\n|turn|7\n|inactive|Time left: 300 sec this turn | 300 sec total\n|\n|t:|1783551091\n|move|p1a: Bombirdier|Knock Off|p2a: Flareon\n|-damage|p2a: Flareon|0 fnt\n|-enditem|p2a: Flareon|Toxic Orb|[from] move: Knock Off|[of] p1a: Bombirdier\n|faint|p2a: Flareon\n|\n|upkeep\n|inactive|Time left: 300 sec this turn | 300 sec total | 5 sec grace\n|\n|t:|1783551092\n|switch|p2a: Zekrom|Zekrom, L71|259/259\n|-ability|p2a: Zekrom|Teravolt\n|turn|8\n|inactive|Time left: 300 sec this turn | 300 sec total\n|\n|t:|1783551093\n|move|p1a: Bombirdier|Knock Off|p2a: Zekrom\n|-damage|p2a: Zekrom|112/259\n|-enditem|p2a: Zekrom|Leftovers|[from] move: Knock Off|[of] p1a: Bombirdier\n|move|p2a: Zekrom|Dragon Dance|p2a: Zekrom\n|-boost|p2a: Zekrom|atk|1\n|-boost|p2a: Zekrom|spe|1\n|\n|upkeep\n|turn|9\n|inactive|Time left: 300 sec this turn | 300 sec total\n|\n|t:|1783551094\n|move|p2a: Zekrom|Bolt Strike|p1a: Bombirdier\n|-supereffective|p1a: Bombirdier\n|-damage|p1a: Bombirdier|0 fnt\n|faint|p1a: Bombirdier\n|\n|upkeep\n|\n|t:|1783551095\n|switch|p1a: Regieleki|Regieleki, L79|100/100\n|turn|10\n|inactive|Time left: 300 sec this turn | 300 sec total\n|\n|t:|1783551096\n|-terastallize|p1a: Regieleki|Ice\n|move|p1a: Regieleki|Tera Blast|p2a: Zekrom|[anim] Tera Blast Ice\n|-supereffective|p2a: Zekrom\n|-damage|p2a: Zekrom|0 fnt\n|faint|p2a: Zekrom\n|\n|upkeep\n|inactive|Time left: 300 sec this turn | 300 sec total | 5 sec grace\n|\n|t:|1783551097\n|switch|p2a: Oinkologne|Oinkologne, L92, M|352/352\n|turn|11\n|inactive|Time left: 300 sec this turn | 300 sec total\n|\n|t:|1783551098\n|move|p1a: Regieleki|Volt Switch|p2a: Oinkologne\n|-damage|p2a: Oinkologne|249/352\n|\n|t:|1783551099\n|switch|p1a: Shaymin|Shaymin-Sky, L73|100/100|[from] Volt Switch\n|move|p2a: Oinkologne|Double-Edge|p1a: Shaymin\n|-damage|p1a: Shaymin|29/100\n|-damage|p2a: Oinkologne|186/352|[from] Recoil\n|\n|-heal|p1a: Shaymin|35/100|[from] item: Leftovers\n|-heal|p2a: Oinkologne|208/352|[from] item: Leftovers\n|upkeep\n|turn|12\n|inactive|Time left: 300 sec this turn | 300 sec total\n|\n|t:|1783551100\n|move|p1a: Shaymin|Seed Flare|p2a: Oinkologne\n|-damage|p2a: Oinkologne|100/352\n|-unboost|p2a: Oinkologne|spd|2\n|move|p2a: Oinkologne|Double-Edge|p1a: Shaymin\n|-damage|p1a: Shaymin|0 fnt\n|faint|p1a: Shaymin\n|-damage|p2a: Oinkologne|70/352|[from] Recoil\n|\n|-heal|p2a: Oinkologne|92/352|[from] item: Leftovers\n|upkeep\n|\n|t:|1783551101\n|switch|p1a: Kommo-o|Kommo-o, L77, F|100/100\n|turn|13\n|inactive|Time left: 300 sec this turn | 300 sec total\n|\n|t:|1783551101\n|move|p1a: Kommo-o|Iron Head|p2a: Oinkologne\n|-damage|p2a: Oinkologne|36/352\n|move|p2a: Oinkologne|Double-Edge|p1a: Kommo-o\n|-damage|p1a: Kommo-o|47/100\n|-damage|p2a: Oinkologne|0 fnt|[from] Recoil\n|faint|p2a: Oinkologne\n|\n|upkeep\n|inactive|Time left: 300 sec this turn | 300 sec total | 5 sec grace\n|\n|t:|1783551102\n|switch|p2a: Iron Boulder|Iron Boulder, L77|265/265\n|-enditem|p2a: Iron Boulder|Booster Energy\n|-activate|p2a: Iron Boulder|ability: Quark Drive|[fromitem]\n|-start|p2a: Iron Boulder|quarkdrivespe\n|turn|14\n|inactive|Time left: 300 sec this turn | 300 sec total\n|\n|t:|1783551103\n|switch|p1a: Regieleki|Regieleki, L79, tera:Ice|100/100\n|move|p2a: Iron Boulder|Zen Headbutt|p1a: Regieleki\n|-damage|p1a: Regieleki|51/100\n|\n|upkeep\n|turn|15\n|inactive|Time left: 300 sec this turn | 300 sec total\n|\n|t:|1783551104\n|move|p1a: Regieleki|Thunderbolt|p2a: Iron Boulder\n|-damage|p2a: Iron Boulder|141/265\n|-status|p2a: Iron Boulder|par\n|move|p2a: Iron Boulder|Mighty Cleave|p1a: Regieleki\n|-supereffective|p1a: Regieleki\n|-damage|p1a: Regieleki|0 fnt\n|faint|p1a: Regieleki\n|\n|upkeep\n|\n|t:|1783551105\n|switch|p1a: Kommo-o|Kommo-o, L77, F|47/100\n|turn|16\n|inactive|Time left: 300 sec this turn | 300 sec total\n|\n|t:|1783551106\n|-terastallize|p2a: Iron Boulder|Fighting\n|cant|p2a: Iron Boulder|par\n|move|p1a: Kommo-o|Scale Shot|p2a: Iron Boulder\n|-damage|p2a: Iron Boulder|111/265 par\n|-damage|p2a: Iron Boulder|80/265 par\n|-damage|p2a: Iron Boulder|49/265 par\n|-damage|p2a: Iron Boulder|19/265 par\n|-hitcount|p2a: Iron Boulder|4\n|-unboost|p1a: Kommo-o|def|1\n|-boost|p1a: Kommo-o|spe|1\n|\n|upkeep\n|turn|17\n|inactive|Time left: 300 sec this turn | 300 sec total\n|\n|t:|1783551107\n|-end|p2a: Iron Boulder|Quark Drive|[silent]\n|switch|p2a: Gardevoir|Gardevoir, L83, M|114/249\n|-ability|p2a: Gardevoir|Soundproof|Trace|[from] ability: Trace|[of] p1a: Kommo-o\n|move|p1a: Kommo-o|Iron Head|p2a: Gardevoir\n|-supereffective|p2a: Gardevoir\n|-damage|p2a: Gardevoir|0 fnt\n|faint|p2a: Gardevoir\n|\n|upkeep\n|inactive|Time left: 300 sec this turn | 300 sec total | 5 sec grace\n|\n|t:|1783551107\n|switch|p2a: Iron Boulder|Iron Boulder, L77, tera:Fighting|19/265 par\n|turn|18\n|inactive|Time left: 300 sec this turn | 300 sec total\n|\n|t:|1783551108\n|-end|p2a: Iron Boulder|Quark Drive|[silent]\n|switch|p2a: Persian|Persian-Alola, L86, M|252/252\n|move|p1a: Kommo-o|Swords Dance|p1a: Kommo-o\n|-boost|p1a: Kommo-o|atk|2\n|\n|upkeep\n|turn|19\n|inactive|Time left: 300 sec this turn | 300 sec total\n|\n|t:|1783551109\n|move|p1a: Kommo-o|Close Combat|p2a: Persian\n|-supereffective|p2a: Persian\n|-damage|p2a: Persian|0 fnt\n|-unboost|p1a: Kommo-o|def|1\n|-unboost|p1a: Kommo-o|spd|1\n|faint|p2a: Persian\n|\n|upkeep\n|inactive|Time left: 300 sec this turn | 300 sec total | 5 sec grace\n|\n|t:|1783551110\n|switch|p2a: Iron Boulder|Iron Boulder, L77, tera:Fighting|19/265 par\n|turn|20\n|inactive|Time left: 300 sec this turn | 300 sec total\n|\n|t:|1783551111\n|move|p1a: Kommo-o|Close Combat|p2a: Iron Boulder\n|-damage|p2a: Iron Boulder|0 fnt\n|-unboost|p1a: Kommo-o|def|1\n|-unboost|p1a: Kommo-o|spd|1\n|faint|p2a: Iron Boulder\n|-end|p2a: Iron Boulder|Quark Drive|[silent]\n|\n|win|p0x1025e186", "uploadtime": 1783551111, "views": 0, "rating": 0, "private": 0, "password": null, "_winner": "p0x1025e186", "_our_name": "p0y1025ee5d"}