{"id": "battle-gen9randombattle-1935", "formatid": "gen9randombattle", "format": "[Gen 9] Random Battle", "players": ["p0x19354106", "p0y19356bec"], "log": "|init|battle\n|title|p0x19354106 vs. p0y19356bec\n|j|\u2606p0x19354106\n|j|\u2606p0y19356bec\n|t:|1783562383\n|gametype|singles\n|player|p1|p0x19354106|2|\n|player|p2|p0y19356bec|102|\n|gen|9\n|tier|[Gen 9] Random Battle\n|rule|Species Clause: Limit one of each Pok\u00e9mon\n|rule|HP Percentage Mod: HP is shown in percentages\n|rule|Sleep Clause Mod: Limit one foe put to sleep\n|rule|Illusion Level Mod: Illusion disguises the Pok\u00e9mon's true level\n|\n|t:|1783562383\n|teamsize|p1|6\n|teamsize|p2|6\n|start\n|switch|p1a: Zarude|Zarude, L77|288/288\n|switch|p2a: Rotom|Rotom-Frost, L87|100/100\n|turn|1\n|inactive|Battle timer is ON: inactive players will automatically lose when time's up. (requested by p0x19354106)\n|inactive|p0y19356bec also wants the timer to be on.\n|\n|t:|1783562384\n|move|p1a: Zarude|Knock Off|p2a: Rotom\n|-damage|p2a: Rotom|60/100\n|-enditem|p2a: Rotom|Heavy-Duty Boots|[from] move: Knock Off|[of] p1a: Zarude\n|move|p2a: Rotom|Blizzard|p1a: Zarude\n|-supereffective|p1a: Zarude\n|-damage|p1a: Zarude|36/288\n|\n|-heal|p1a: Zarude|54/288|[from] item: Leftovers\n|upkeep\n|turn|2\n|inactive|Time left: 300 sec this turn | 300 sec total\n|\n|t:|1783562385\n|move|p1a: Zarude|Synthesis|p1a: Zarude\n|-heal|p1a: Zarude|198/288\n|move|p2a: Rotom|Blizzard|p1a: Zarude\n|-supereffective|p1a: Zarude\n|-damage|p1a: Zarude|0 fnt\n|faint|p1a: Zarude\n|\n|upkeep\n|inactive|Time left: 300 sec this turn | 300 sec total | 5 sec grace\n|\n|t:|1783562386\n|switch|p1a: Gardevoir|Gardevoir, L83, F|249/249\n|-ability|p1a: Gardevoir|Levitate|Trace|[from] ability: Trace|[of] p2a: Rotom\n|turn|3\n|inactive|Time left: 300 sec this turn | 300 sec total\n|\n|t:|1783562388\n|move|p2a: Rotom|Thunderbolt|p1a: Gardevoir\n|-damage|p1a: Gardevoir|165/249\n|move|p1a: Gardevoir|Calm Mind|p1a: Gardevoir\n|-boost|p1a: Gardevoir|spa|1\n|-boost|p1a: Gardevoir|spd|1\n|\n|upkeep\n|turn|4\n|inactive|Time left: 300 sec this turn | 300 sec total\n|\n|t:|1783562389\n|switch|p2a: Metagross|Metagross, L79|100/100\n|move|p1a: Gardevoir|Moonblast|p2a: Metagross\n|-resisted|p2a: Metagross\n|-damage|p2a: Metagross|53/100\n|-damage|p1a: Gardevoir|141/249|[from] item: Life Orb\n|\n|upkeep\n|turn|5\n|inactive|Time left: 300 sec this turn | 300 sec total\n|\n|t:|1783562390\n|move|p2a: Metagross|Bullet Punch|p1a: Gardevoir\n|-supereffective|p1a: Gardevoir\n|-damage|p1a: Gardevoir|0 fnt\n|faint|p1a: Gardevoir\n|\n|upkeep\n|inactive|Time left: 300 sec this turn | 300 sec total | 5 sec grace\n|\n|t:|1783562391\n|switch|p1a: Archaludon|Archaludon, L78, F|268/268\n|turn|6\n|inactive|Time left: 300 sec this turn | 300 sec total\n|\n|t:|1783562392\n|switch|p2a: Incineroar|Incineroar, L82, M|100/100\n|-ability|p2a: Incineroar|Intimidate|boost\n|-unboost|p1a: Archaludon|atk|1\n|move|p1a: Archaludon|Swords Dance|p1a: Archaludon\n|-boost|p1a: Archaludon|atk|2\n|\n|upkeep\n|turn|7\n|inactive|Time left: 300 sec this turn | 300 sec total\n|\n|t:|1783562393\n|switch|p2a: Deoxys|Deoxys-Defense, L84|100/100\n|-ability|p2a: Deoxys|Pressure\n|move|p1a: Archaludon|Outrage|p2a: Deoxys\n|-damage|p2a: Deoxys|50/100\n|-damage|p1a: Archaludon|224/268|[from] item: Rocky Helmet|[of] p2a: Deoxys\n|\n|upkeep\n|turn|8\n|inactive|Time left: 300 sec this turn | 300 sec total\n|\n|t:|1783562393\n|-terastallize|p2a: Deoxys|Steel\n|move|p2a: Deoxys|Recover|p2a: Deoxys\n|-heal|p2a: Deoxys|100/100\n|move|p1a: Archaludon|Outrage|p2a: Deoxys|[from] lockedmove\n|-resisted|p2a: Deoxys\n|-damage|p2a: Deoxys|77/100\n|-damage|p1a: Archaludon|180/268|[from] item: Rocky Helmet|[of] p2a: Deoxys\n|\n|upkeep\n|turn|9\n|inactive|Time left: 300 sec this turn | 300 sec total\n|\n|t:|1783562394\n|move|p2a: Deoxys|Knock Off|p1a: Archaludon\n|-damage|p1a: Archaludon|135/268\n|-ability|p1a: Archaludon|Stamina|boost\n|-boost|p1a: Archaludon|def|1\n|-enditem|p1a: Archaludon|Lum Berry|[from] move: Knock Off|[of] p2a: Deoxys\n|move|p1a: Archaludon|Outrage|p2a: Deoxys|[from] lockedmove\n|-resisted|p2a: Deoxys\n|-damage|p2a: Deoxys|52/100\n|-damage|p1a: Archaludon|91/268|[from] item: Rocky Helmet|[of] p2a: Deoxys\n|-start|p1a: Archaludon|confusion|[fatigue]\n|\n|upkeep\n|turn|10\n|inactive|Time left: 300 sec this turn | 300 sec total\n|\n|t:|1783562395\n|move|p2a: Deoxys|Recover|p2a: Deoxys\n|-heal|p2a: Deoxys|100/100\n|-activate|p1a: Archaludon|confusion\n|move|p1a: Archaludon|Earthquake|p2a: Deoxys\n|-supereffective|p2a: Deoxys\n|-damage|p2a: Deoxys|42/100\n|\n|upkeep\n|turn|11\n|inactive|Time left: 300 sec this turn | 300 sec total\n|\n|t:|1783562396\n|move|p2a: Deoxys|Recover|p2a: Deoxys\n|-heal|p2a: Deoxys|92/100\n|-activate|p1a: Archaludon|confusion\n|-damage|p1a: Archaludon|70/268|[from] confusion\n|\n|upkeep\n|turn|12\n|inactive|Time left: 300 sec this turn | 300 sec total\n|\n|t:|1783562397\n|move|p2a: Deoxys|Psychic Noise|p1a: Archaludon\n|-resisted|p1a: Archaludon\n|-damage|p1a: Archaludon|26/268\n|-start|p1a: Archaludon|move: Heal Block\n|-ability|p1a: Archaludon|Stamina|boost\n|-boost|p1a: Archaludon|def|1\n|-end|p1a: Archaludon|confusion\n|move|p1a: Archaludon|Earthquake|p2a: Deoxys\n|-supereffective|p2a: Deoxys\n|-damage|p2a: Deoxys|32/100\n|\n|upkeep\n|turn|13\n|inactive|Time left: 300 sec this turn | 300 sec total\n|\n|t:|1783562398\n|move|p2a: Deoxys|Psychic Noise|p1a: Archaludon\n|-resisted|p1a: Archaludon\n|-damage|p1a: Archaludon|0 fnt\n|faint|p1a: Archaludon\n|\n|upkeep\n|inactive|Time left: 300 sec this turn | 300 sec total | 5 sec grace\n|\n|t:|1783562399\n|switch|p1a: Zacian|Zacian-Crowned, L64|225/225\n|-ability|p1a: Zacian|Intrepid Sword|boost\n|-boost|p1a: Zacian|atk|1\n|turn|14\n|inactive|Time left: 300 sec this turn | 300 sec total\n|\n|t:|1783562400\n|switch|p2a: Donphan|Donphan, L84, F|100/100\n|move|p1a: Zacian|Swords Dance|p1a: Zacian\n|-boost|p1a: Zacian|atk|2\n|\n|upkeep\n|turn|15\n|inactive|Time left: 300 sec this turn | 300 sec total\n|\n|t:|1783562401\n|-terastallize|p1a: Zacian|Fighting\n|move|p1a: Zacian|Behemoth Blade|p2a: Donphan\n|-damage|p2a: Donphan|42/100\n|move|p2a: Donphan|Earthquake|p1a: Zacian\n|-damage|p1a: Zacian|99/225\n|\n|-heal|p2a: Donphan|48/100|[from] item: Leftovers\n|upkeep\n|turn|16\n|inactive|Time left: 300 sec this turn | 300 sec total\n|\n|t:|1783562403\n|switch|p2a: Deoxys|Deoxys-Defense, L84, tera:Steel|32/100\n|-ability|p2a: Deoxys|Pressure\n|move|p1a: Zacian|Close Combat|p2a: Deoxys\n|-supereffective|p2a: Deoxys\n|-damage|p2a: Deoxys|0 fnt\n|-unboost|p1a: Zacian|def|1\n|-unboost|p1a: Zacian|spd|1\n|-damage|p1a: Zacian|62/225|[from] item: Rocky Helmet|[of] p2a: Deoxys\n|faint|p2a: Deoxys\n|\n|upkeep\n|\n|t:|1783562404\n|switch|p2a: Metagross|Metagross, L79|53/100\n|turn|17\n|inactive|Time left: 300 sec this turn | 300 sec total\n|\n|t:|1783562405\n|move|p2a: Metagross|Bullet Punch|p1a: Zacian\n|-crit|p1a: Zacian\n|-damage|p1a: Zacian|0 fnt\n|faint|p1a: Zacian\n|\n|upkeep\n|inactive|Time left: 300 sec this turn | 300 sec total | 5 sec grace\n|\n|t:|1783562406\n|switch|p1a: Braviary|Braviary-Hisui, L85, M|326/326\n|turn|18\n|inactive|Time left: 300 sec this turn | 300 sec total\n|\n|t:|1783562407\n|move|p2a: Metagross|Bullet Punch|p1a: Braviary\n|-damage|p1a: Braviary|247/326\n|move|p1a: Braviary|Hurricane|p2a: Metagross|[miss]\n|-miss|p1a: Braviary|p2a: Metagross\n|\n|upkeep\n|turn|19\n|inactive|Time left: 300 sec this turn | 300 sec total\n|\n|t:|1783562408\n|switch|p2a: Incineroar|Incineroar, L82, M|100/100\n|-ability|p2a: Incineroar|Intimidate|boost\n|-unboost|p1a: Braviary|atk|1\n|move|p1a: Braviary|Hurricane|p2a: Incineroar|[miss]\n|-miss|p1a: Braviary|p2a: Incineroar\n|\n|upkeep\n|turn|20\n|inactive|Time left: 300 sec this turn | 300 sec total\n|\n|t:|1783562409\n|move|p1a: Braviary|Hurricane|p2a: Incineroar|[miss]\n|-miss|p1a: Braviary|p2a: Incineroar\n|move|p2a: Incineroar|Knock Off|p1a: Braviary\n|-supereffective|p1a: Braviary\n|-damage|p1a: Braviary|0 fnt\n|-enditem|p1a: Braviary|Life Orb|[from] move: Knock Off|[of] p2a: Incineroar\n|faint|p1a: Braviary\n|\n|upkeep\n|inactive|Time left: 300 sec this turn | 300 sec total | 5 sec grace\n|\n|t:|1783562410\n|switch|p1a: Kyurem|Kyurem, L77|319/319\n|-ability|p1a: Kyurem|Pressure\n|turn|21\n|inactive|Time left: 300 sec this turn | 300 sec total\n|\n|t:|1783562411\n|move|p1a: Kyurem|Earth Power|p2a: Incineroar\n|-supereffective|p2a: Incineroar\n|-damage|p2a: Incineroar|29/100\n|move|p2a: Incineroar|Swords Dance|p2a: Incineroar\n|-boost|p2a: Incineroar|atk|2\n|\n|upkeep\n|turn|22\n|inactive|Time left: 300 sec this turn | 300 sec total\n|\n|t:|1783562412\n|switch|p2a: Rotom|Rotom-Frost, L87|60/100\n|move|p1a: Kyurem|Earth Power|p2a: Rotom\n|-immune|p2a: Rotom|[from] ability: Levitate\n|\n|upkeep\n|turn|23\n|inactive|Time left: 300 sec this turn | 300 sec total\n|\n|t:|1783562413\n|move|p2a: Rotom|Will-O-Wisp|p1a: Kyurem\n|-status|p1a: Kyurem|brn\n|move|p1a: Kyurem|Earth Power|p2a: Rotom\n|-immune|p2a: Rotom|[from] ability: Levitate\n|\n|-damage|p1a: Kyurem|300/319 brn|[from] brn\n|upkeep\n|turn|24\n|inactive|Time left: 300 sec this turn | 300 sec total\n|\n|t:|1783562414\n|move|p2a: Rotom|Blizzard|p1a: Kyurem|[miss]\n|-miss|p2a: Rotom|p1a: Kyurem\n|move|p1a: Kyurem|Earth Power|p2a: Rotom\n|-immune|p2a: Rotom|[from] ability: Levitate\n|\n|-damage|p1a: Kyurem|281/319 brn|[from] brn\n|upkeep\n|turn|25\n|inactive|Time left: 300 sec this turn | 300 sec total\n|\n|t:|1783562415\n|move|p2a: Rotom|Blizzard|p1a: Kyurem\n|-damage|p1a: Kyurem|152/319 brn\n|move|p1a: Kyurem|Earth Power|p2a: Rotom\n|-immune|p2a: Rotom|[from] ability: Levitate\n|\n|-damage|p1a: Kyurem|133/319 brn|[from] brn\n|upkeep\n|turn|26\n|inactive|Time left: 300 sec this turn | 300 sec total\n|\n|t:|1783562415\n|move|p2a: Rotom|Thunderbolt|p1a: Kyurem\n|-resisted|p1a: Kyurem\n|-damage|p1a: Kyurem|79/319 brn\n|move|p1a: Kyurem|Earth Power|p2a: Rotom\n|-immune|p2a: Rotom|[from] ability: Levitate\n|\n|-damage|p1a: Kyurem|60/319 brn|[from] brn\n|upkeep\n|turn|27\n|inactive|Time left: 300 sec this turn | 300 sec total\n|\n|t:|1783562417\n|move|p2a: Rotom|Volt Switch|p1a: Kyurem\n|-resisted|p1a: Kyurem\n|-crit|p1a: Kyurem\n|-damage|p1a: Kyurem|0 fnt\n|faint|p1a: Kyurem\n|\n|win|p0y19356bec", "uploadtime": 1783562417, "views": 0, "rating": 0, "private": 0, "password": null, "_winner": "p0y19356bec", "_our_name": "p0x19354106"}