{"id": "battle-gen9randombattle-364", "formatid": "gen9randombattle", "format": "[Gen 9] Random Battle", "players": ["p0x3633673", "p0y36346e1"], "log": "|init|battle\n|title|p0x3633673 vs. p0y36346e1\n|j|\u2606p0x3633673\n|j|\u2606p0y36346e1\n|t:|1783543333\n|gametype|singles\n|player|p1|p0x3633673|265|\n|player|p2|p0y36346e1|102|\n|gen|9\n|tier|[Gen 9] Random Battle\n|rule|Species Clause: Limit one of each Pok\u00e9mon\n|rule|HP Percentage Mod: HP is shown in percentages\n|rule|Sleep Clause Mod: Limit one foe put to sleep\n|rule|Illusion Level Mod: Illusion disguises the Pok\u00e9mon's true level\n|\n|t:|1783543333\n|teamsize|p1|6\n|teamsize|p2|6\n|start\n|switch|p1a: Comfey|Comfey, L85, F|100/100\n|switch|p2a: Gallade|Gallade, L80, M|240/240\n|turn|1\n|inactive|Battle timer is ON: inactive players will automatically lose when time's up. (requested by p0x3633673)\n|inactive|Time left: 300 sec this turn | 300 sec total | 60 sec grace\n|inactive|p0y36346e1 also wants the timer to be on.\n|\n|t:|1783543334\n|switch|p1a: Grimmsnarl|Grimmsnarl, L83, M|100/100\n|move|p2a: Gallade|Psycho Cut|p1a: Grimmsnarl\n|-immune|p1a: Grimmsnarl\n|\n|upkeep\n|turn|2\n|inactive|Time left: 300 sec this turn | 300 sec total\n|\n|t:|1783543336\n|switch|p2a: Magcargo|Magcargo, L95, M|268/268\n|move|p1a: Grimmsnarl|Spirit Break|p2a: Magcargo\n|-resisted|p2a: Magcargo\n|-damage|p2a: Magcargo|235/268\n|-unboost|p2a: Magcargo|spa|1\n|-ability|p2a: Magcargo|Weak Armor|boost\n|-unboost|p2a: Magcargo|def|1\n|-boost|p2a: Magcargo|spe|2\n|\n|upkeep\n|turn|3\n|inactive|Time left: 300 sec this turn | 300 sec total\n|\n|t:|1783543337\n|move|p2a: Magcargo|Shell Smash|p2a: Magcargo\n|-unboost|p2a: Magcargo|def|1\n|-unboost|p2a: Magcargo|spd|1\n|-boost|p2a: Magcargo|atk|2\n|-boost|p2a: Magcargo|spa|2\n|-boost|p2a: Magcargo|spe|2\n|move|p1a: Grimmsnarl|Spirit Break|p2a: Magcargo\n|-resisted|p2a: Magcargo\n|-damage|p2a: Magcargo|171/268\n|-unboost|p2a: Magcargo|spa|1\n|-ability|p2a: Magcargo|Weak Armor|boost\n|-unboost|p2a: Magcargo|def|1\n|-boost|p2a: Magcargo|spe|2\n|\n|upkeep\n|turn|4\n|inactive|Time left: 300 sec this turn | 300 sec total\n|\n|t:|1783543338\n|move|p2a: Magcargo|Shell Smash|p2a: Magcargo\n|-unboost|p2a: Magcargo|def|1\n|-unboost|p2a: Magcargo|spd|1\n|-boost|p2a: Magcargo|atk|2\n|-boost|p2a: Magcargo|spa|2\n|-boost|p2a: Magcargo|spe|0\n|move|p1a: Grimmsnarl|Spirit Break|p2a: Magcargo\n|-resisted|p2a: Magcargo\n|-damage|p2a: Magcargo|83/268\n|-unboost|p2a: Magcargo|spa|1\n|-ability|p2a: Magcargo|Weak Armor|boost\n|-unboost|p2a: Magcargo|def|1\n|\n|upkeep\n|turn|5\n|inactive|Time left: 300 sec this turn | 300 sec total\n|\n|t:|1783543339\n|move|p2a: Magcargo|Fire Blast|p1a: Grimmsnarl\n|-damage|p1a: Grimmsnarl|23/100\n|move|p1a: Grimmsnarl|Spirit Break|p2a: Magcargo\n|-resisted|p2a: Magcargo\n|-damage|p2a: Magcargo|0 fnt\n|faint|p2a: Magcargo\n|\n|-heal|p1a: Grimmsnarl|30/100|[from] item: Leftovers\n|upkeep\n|inactive|Time left: 300 sec this turn | 300 sec total | 5 sec grace\n|\n|t:|1783543340\n|switch|p2a: Politoed|Politoed, L88, F|302/302\n|-weather|RainDance|[from] ability: Drizzle|[of] p2a: Politoed\n|turn|6\n|inactive|Time left: 300 sec this turn | 300 sec total\n|\n|t:|1783543341\n|move|p1a: Grimmsnarl|Parting Shot|p2a: Politoed\n|-unboost|p2a: Politoed|atk|1\n|-unboost|p2a: Politoed|spa|1\n|\n|t:|1783543342\n|switch|p1a: Dragalge|Dragalge, L88, M|100/100|[from] Parting Shot\n|move|p2a: Politoed|Weather Ball|p1a: Dragalge\n|-resisted|p1a: Dragalge\n|-damage|p1a: Dragalge|84/100\n|\n|-weather|RainDance|[upkeep]\n|upkeep\n|turn|7\n|inactive|Time left: 300 sec this turn | 300 sec total\n|\n|t:|1783543344\n|move|p2a: Politoed|Weather Ball|p1a: Dragalge\n|-resisted|p1a: Dragalge\n|-damage|p1a: Dragalge|69/100\n|move|p1a: Dragalge|Sludge Wave|p2a: Politoed\n|-damage|p2a: Politoed|168/302\n|\n|-weather|RainDance|[upkeep]\n|upkeep\n|turn|8\n|inactive|Time left: 300 sec this turn | 300 sec total\n|\n|t:|1783543345\n|move|p2a: Politoed|Weather Ball|p1a: Dragalge\n|-resisted|p1a: Dragalge\n|-damage|p1a: Dragalge|52/100\n|move|p1a: Dragalge|Sludge Wave|p2a: Politoed\n|-damage|p2a: Politoed|48/302\n|\n|-weather|RainDance|[upkeep]\n|upkeep\n|turn|9\n|inactive|Time left: 300 sec this turn | 300 sec total\n|\n|t:|1783543346\n|move|p2a: Politoed|Weather Ball|p1a: Dragalge\n|-resisted|p1a: Dragalge\n|-damage|p1a: Dragalge|37/100\n|move|p1a: Dragalge|Sludge Wave|p2a: Politoed\n|-damage|p2a: Politoed|0 fnt\n|faint|p2a: Politoed\n|\n|-weather|RainDance|[upkeep]\n|upkeep\n|inactive|Time left: 300 sec this turn | 300 sec total | 5 sec grace\n|\n|t:|1783543347\n|switch|p2a: Crawdaunt|Crawdaunt, L84, F|243/243\n|turn|10\n|inactive|Time left: 300 sec this turn | 300 sec total\n|\n|t:|1783543348\n|switch|p1a: Tauros|Tauros-Paldea-Aqua, L81, M|100/100\n|-ability|p1a: Tauros|Intimidate|boost\n|-unboost|p2a: Crawdaunt|atk|1\n|move|p2a: Crawdaunt|Knock Off|p1a: Tauros\n|-resisted|p1a: Tauros\n|-damage|p1a: Tauros|77/100\n|-enditem|p1a: Tauros|Life Orb|[from] move: Knock Off|[of] p2a: Crawdaunt\n|-damage|p2a: Crawdaunt|219/243|[from] item: Life Orb\n|\n|-weather|none\n|upkeep\n|turn|11\n|inactive|Time left: 300 sec this turn | 300 sec total\n|\n|t:|1783543349\n|switch|p2a: Scrafty|Scrafty, L83, F|244/244\n|-ability|p2a: Scrafty|Intimidate|boost\n|-unboost|p1a: Tauros|atk|1\n|move|p1a: Tauros|Close Combat|p2a: Scrafty\n|-supereffective|p2a: Scrafty\n|-damage|p2a: Scrafty|104/244\n|-unboost|p1a: Tauros|def|1\n|-unboost|p1a: Tauros|spd|1\n|\n|-heal|p2a: Scrafty|119/244|[from] item: Leftovers\n|upkeep\n|turn|12\n|inactive|Time left: 300 sec this turn | 300 sec total\n|\n|t:|1783543350\n|move|p1a: Tauros|Close Combat|p2a: Scrafty\n|-supereffective|p2a: Scrafty\n|-damage|p2a: Scrafty|0 fnt\n|-unboost|p1a: Tauros|def|1\n|-unboost|p1a: Tauros|spd|1\n|faint|p2a: Scrafty\n|\n|upkeep\n|inactive|Time left: 300 sec this turn | 300 sec total | 5 sec grace\n|\n|t:|1783543351\n|switch|p2a: Gallade|Gallade, L80, M|240/240\n|turn|13\n|inactive|Time left: 300 sec this turn | 300 sec total\n|\n|t:|1783543352\n|switch|p1a: Grimmsnarl|Grimmsnarl, L83, M|30/100\n|move|p2a: Gallade|Agility|p2a: Gallade\n|-boost|p2a: Gallade|spe|2\n|\n|-heal|p1a: Grimmsnarl|36/100|[from] item: Leftovers\n|upkeep\n|turn|14\n|inactive|Time left: 300 sec this turn | 300 sec total\n|\n|t:|1783543353\n|move|p1a: Grimmsnarl|Parting Shot|p2a: Gallade\n|-unboost|p2a: Gallade|atk|1\n|-unboost|p2a: Gallade|spa|1\n|\n|t:|1783543354\n|switch|p1a: Rabsca|Rabsca, L91, M|100/100|[from] Parting Shot\n|move|p2a: Gallade|Sacred Sword|p1a: Rabsca\n|-resisted|p1a: Rabsca\n|-damage|p1a: Rabsca|90/100\n|-damage|p2a: Gallade|216/240|[from] item: Life Orb\n|\n|upkeep\n|turn|15\n|inactive|Time left: 300 sec this turn | 300 sec total\n|\n|t:|1783543355\n|move|p2a: Gallade|Night Slash|p1a: Rabsca\n|-supereffective|p1a: Rabsca\n|-damage|p1a: Rabsca|42/100\n|-damage|p2a: Gallade|192/240|[from] item: Life Orb\n|move|p1a: Rabsca|Bug Buzz|p2a: Gallade\n|-damage|p2a: Gallade|78/240\n|\n|upkeep\n|turn|16\n|inactive|Time left: 300 sec this turn | 300 sec total\n|\n|t:|1783543356\n|move|p2a: Gallade|Night Slash|p1a: Rabsca\n|-supereffective|p1a: Rabsca\n|-damage|p1a: Rabsca|0 fnt\n|faint|p1a: Rabsca\n|-damage|p2a: Gallade|54/240|[from] item: Life Orb\n|\n|upkeep\n|\n|t:|1783543357\n|switch|p1a: Grimmsnarl|Grimmsnarl, L83, M|36/100\n|turn|17\n|inactive|Time left: 300 sec this turn | 300 sec total\n|\n|t:|1783543358\n|move|p1a: Grimmsnarl|Sucker Punch|p2a: Gallade\n|-damage|p2a: Gallade|0 fnt\n|faint|p2a: Gallade\n|\n|-heal|p1a: Grimmsnarl|42/100|[from] item: Leftovers\n|upkeep\n|inactive|Time left: 300 sec this turn | 300 sec total | 5 sec grace\n|\n|t:|1783543359\n|switch|p2a: Plusle|Plusle, L95, F|268/268\n|turn|18\n|inactive|Time left: 300 sec this turn | 300 sec total\n|\n|t:|1783543360\n|move|p1a: Grimmsnarl|Parting Shot|p2a: Plusle\n|-unboost|p2a: Plusle|atk|1\n|-unboost|p2a: Plusle|spa|1\n|\n|t:|1783543361\n|switch|p1a: Dragalge|Dragalge, L88, M|37/100|[from] Parting Shot\n|move|p2a: Plusle|Nasty Plot|p2a: Plusle\n|-boost|p2a: Plusle|spa|2\n|\n|upkeep\n|turn|19\n|inactive|Time left: 300 sec this turn | 300 sec total\n|\n|t:|1783543362\n|move|p2a: Plusle|Alluring Voice|p1a: Dragalge\n|-damage|p1a: Dragalge|14/100\n|-damage|p2a: Plusle|242/268|[from] item: Life Orb\n|move|p1a: Dragalge|Sludge Wave|p2a: Plusle\n|-damage|p2a: Plusle|96/268\n|-status|p2a: Plusle|psn\n|\n|-damage|p2a: Plusle|63/268 psn|[from] psn\n|upkeep\n|turn|20\n|inactive|Time left: 300 sec this turn | 300 sec total\n|\n|t:|1783543364\n|switch|p1a: Comfey|Comfey, L85, F|100/100\n|move|p2a: Plusle|Thunderbolt|p1a: Comfey\n|-damage|p1a: Comfey|15/100\n|-damage|p2a: Plusle|37/268 psn|[from] item: Life Orb\n|\n|-heal|p1a: Comfey|21/100|[from] item: Leftovers\n|-damage|p2a: Plusle|4/268 psn|[from] psn\n|upkeep\n|turn|21\n|inactive|Time left: 300 sec this turn | 300 sec total\n|\n|t:|1783543365\n|move|p2a: Plusle|Alluring Voice|p1a: Comfey\n|-damage|p1a: Comfey|0 fnt\n|faint|p1a: Comfey\n|-damage|p2a: Plusle|0 fnt|[from] item: Life Orb\n|faint|p2a: Plusle\n|\n|upkeep\n|inactive|Time left: 300 sec this turn | 300 sec total | 5 sec grace\n|\n|t:|1783543366\n|switch|p2a: Crawdaunt|Crawdaunt, L84, F|219/243\n|switch|p1a: Dragapult|Dragapult, L77, F|100/100\n|turn|22\n|inactive|Time left: 300 sec this turn | 300 sec total\n|\n|t:|1783543367\n|-terastallize|p2a: Crawdaunt|Water\n|move|p1a: Dragapult|Draco Meteor|p2a: Crawdaunt\n|-damage|p2a: Crawdaunt|0 fnt\n|-unboost|p1a: Dragapult|spa|2\n|faint|p2a: Crawdaunt\n|\n|win|p0x3633673", "uploadtime": 1783543367, "views": 0, "rating": 0, "private": 0, "password": null, "_winner": "p0x3633673", "_our_name": "p0y36346e1"}