{"id": "battle-gen9randombattle-2642", "formatid": "gen9randombattle", "format": "[Gen 9] Random Battle", "players": ["p0x26428b06", "p0y2642f824"], "log": "|init|battle\n|title|p0x26428b06 vs. p0y2642f824\n|j|\u2606p0x26428b06\n|j|\u2606p0y2642f824\n|t:|1783570486\n|gametype|singles\n|player|p1|p0x26428b06|169|\n|player|p2|p0y2642f824|266|\n|gen|9\n|tier|[Gen 9] Random Battle\n|rule|Species Clause: Limit one of each Pok\u00e9mon\n|rule|HP Percentage Mod: HP is shown in percentages\n|rule|Sleep Clause Mod: Limit one foe put to sleep\n|rule|Illusion Level Mod: Illusion disguises the Pok\u00e9mon's true level\n|\n|t:|1783570486\n|teamsize|p1|6\n|teamsize|p2|6\n|start\n|switch|p1a: Slaking|Slaking, L84, M|389/389\n|switch|p2a: Vileplume|Vileplume, L85, F|100/100\n|turn|1\n|inactive|Battle timer is ON: inactive players will automatically lose when time's up. (requested by p0y2642f824)\n|inactive|Time left: 300 sec this turn | 300 sec total | 60 sec grace\n|\n|t:|1783570487\n|move|p1a: Slaking|Giga Impact|p2a: Vileplume\n|-crit|p2a: Vileplume\n|-damage|p2a: Vileplume|0 fnt\n|-mustrecharge|p1a: Slaking\n|faint|p2a: Vileplume\n|\n|upkeep\n|inactive|p0x26428b06 also wants the timer to be on.\n|\n|t:|1783570488\n|switch|p2a: Heracross|Heracross, L80, F|100/100\n|turn|2\n|inactive|Time left: 300 sec this turn | 300 sec total\n|\n|t:|1783570490\n|cant|p1a: Slaking|recharge\n|move|p2a: Heracross|Close Combat|p1a: Slaking\n|-supereffective|p1a: Slaking\n|-damage|p1a: Slaking|0 fnt\n|-unboost|p2a: Heracross|def|1\n|-unboost|p2a: Heracross|spd|1\n|faint|p1a: Slaking\n|-ability|p2a: Heracross|Moxie|boost\n|-boost|p2a: Heracross|atk|1\n|\n|upkeep\n|inactive|Time left: 300 sec this turn | 300 sec total | 5 sec grace\n|\n|t:|1783570490\n|switch|p1a: Araquanid|Araquanid, L82, F|246/246\n|turn|3\n|inactive|Time left: 300 sec this turn | 300 sec total\n|\n|t:|1783570492\n|move|p2a: Heracross|Close Combat|p1a: Araquanid\n|-resisted|p1a: Araquanid\n|-damage|p1a: Araquanid|85/246\n|-unboost|p2a: Heracross|def|1\n|-unboost|p2a: Heracross|spd|1\n|move|p1a: Araquanid|Liquidation|p2a: Heracross\n|-damage|p2a: Heracross|0 fnt\n|faint|p2a: Heracross\n|\n|upkeep\n|\n|t:|1783570493\n|switch|p2a: Mewtwo|Mewtwo, L72|100/100\n|-ability|p2a: Mewtwo|Unnerve\n|turn|4\n|inactive|Time left: 300 sec this turn | 300 sec total\n|\n|t:|1783570494\n|move|p2a: Mewtwo|Psystrike|p1a: Araquanid\n|-damage|p1a: Araquanid|0 fnt\n|faint|p1a: Araquanid\n|-damage|p2a: Mewtwo|91/100|[from] item: Life Orb\n|\n|upkeep\n|inactive|Time left: 300 sec this turn | 300 sec total | 5 sec grace\n|\n|t:|1783570495\n|switch|p1a: Crawdaunt|Crawdaunt, L84, F|243/243\n|turn|5\n|inactive|Time left: 300 sec this turn | 300 sec total\n|\n|t:|1783570496\n|move|p2a: Mewtwo|Aura Sphere|p1a: Crawdaunt\n|-supereffective|p1a: Crawdaunt\n|-damage|p1a: Crawdaunt|25/243\n|-damage|p2a: Mewtwo|81/100|[from] item: Life Orb\n|move|p1a: Crawdaunt|Knock Off|p2a: Mewtwo\n|-supereffective|p2a: Mewtwo\n|-damage|p2a: Mewtwo|0 fnt\n|-enditem|p2a: Mewtwo|Life Orb|[from] move: Knock Off|[of] p1a: Crawdaunt\n|faint|p2a: Mewtwo\n|-damage|p1a: Crawdaunt|1/243|[from] item: Life Orb\n|\n|upkeep\n|\n|t:|1783570496\n|switch|p2a: Keldeo|Keldeo-Resolute, L79|100/100\n|turn|6\n|inactive|Time left: 300 sec this turn | 300 sec total\n|\n|t:|1783570497\n|switch|p1a: Wyrdeer|Wyrdeer, L87, F|321/321\n|-ability|p1a: Wyrdeer|Intimidate|boost\n|-unboost|p2a: Keldeo|atk|1\n|move|p2a: Keldeo|Flip Turn|p1a: Wyrdeer\n|-damage|p1a: Wyrdeer|285/321\n|\n|t:|1783570498\n|switch|p2a: Calyrex|Calyrex-Ice, L72|100/100|[from] Flip Turn\n|-ability|p2a: Calyrex|As One\n|-ability|p2a: Calyrex|Unnerve\n|\n|upkeep\n|turn|7\n|inactive|Time left: 300 sec this turn | 300 sec total\n|\n|t:|1783570499\n|move|p1a: Wyrdeer|Body Slam|p2a: Calyrex\n|-crit|p2a: Calyrex\n|-damage|p2a: Calyrex|53/100\n|move|p2a: Calyrex|Glacial Lance|p1a: Wyrdeer\n|-damage|p1a: Wyrdeer|135/321\n|\n|upkeep\n|turn|8\n|inactive|Time left: 300 sec this turn | 300 sec total\n|\n|t:|1783570500\n|move|p1a: Wyrdeer|Megahorn|p2a: Calyrex\n|-supereffective|p2a: Calyrex\n|-damage|p2a: Calyrex|0 fnt\n|faint|p2a: Calyrex\n|\n|upkeep\n|\n|t:|1783570501\n|switch|p2a: Keldeo|Keldeo-Resolute, L79|100/100\n|turn|9\n|inactive|Time left: 300 sec this turn | 300 sec total\n|\n|t:|1783570502\n|switch|p1a: Crawdaunt|Crawdaunt, L84, F|1/243\n|-terastallize|p2a: Keldeo|Fighting\n|move|p2a: Keldeo|Secret Sword|p1a: Crawdaunt\n|-supereffective|p1a: Crawdaunt\n|-damage|p1a: Crawdaunt|0 fnt\n|faint|p1a: Crawdaunt\n|\n|upkeep\n|inactive|Time left: 300 sec this turn | 300 sec total | 5 sec grace\n|\n|t:|1783570503\n|switch|p1a: Corviknight|Corviknight, L80, F|288/288\n|turn|10\n|inactive|Time left: 300 sec this turn | 300 sec total\n|\n|t:|1783570504\n|move|p2a: Keldeo|Secret Sword|p1a: Corviknight\n|-damage|p1a: Corviknight|160/288\n|move|p1a: Corviknight|Brave Bird|p2a: Keldeo\n|-supereffective|p2a: Keldeo\n|-damage|p2a: Keldeo|19/100\n|-damage|p1a: Corviknight|87/288|[from] Recoil\n|\n|-heal|p1a: Corviknight|105/288|[from] item: Leftovers\n|upkeep\n|turn|11\n|inactive|Time left: 300 sec this turn | 300 sec total\n|\n|t:|1783570505\n|move|p2a: Keldeo|Secret Sword|p1a: Corviknight\n|-damage|p1a: Corviknight|0 fnt\n|faint|p1a: Corviknight\n|\n|upkeep\n|inactive|Time left: 300 sec this turn | 300 sec total | 5 sec grace\n|\n|t:|1783570506\n|switch|p1a: Regice|Regice, L88|284/284\n|turn|12\n|inactive|Time left: 300 sec this turn | 300 sec total\n|\n|t:|1783570506\n|-terastallize|p1a: Regice|Electric\n|move|p2a: Keldeo|Secret Sword|p1a: Regice\n|-damage|p1a: Regice|164/284\n|move|p1a: Regice|Ice Beam|p2a: Keldeo\n|-damage|p2a: Keldeo|0 fnt\n|faint|p2a: Keldeo\n|\n|upkeep\n|\n|t:|1783570507\n|switch|p2a: Pikachu|Pikachu-Unova, L93, M|100/100\n|turn|13\n|inactive|Time left: 300 sec this turn | 300 sec total\n|\n|t:|1783570508\n|move|p2a: Pikachu|Fake Out|p1a: Regice\n|-damage|p1a: Regice|127/284\n|cant|p1a: Regice|flinch\n|\n|upkeep\n|turn|14\n|inactive|Time left: 300 sec this turn | 300 sec total\n|\n|t:|1783570509\n|switch|p1a: Wyrdeer|Wyrdeer, L87, F|135/321\n|-ability|p1a: Wyrdeer|Intimidate|boost\n|-unboost|p2a: Pikachu|atk|1\n|move|p2a: Pikachu|Volt Tackle|p1a: Wyrdeer\n|-damage|p1a: Wyrdeer|0 fnt\n|faint|p1a: Wyrdeer\n|-damage|p2a: Pikachu|80/100|[from] Recoil\n|\n|upkeep\n|inactive|Time left: 300 sec this turn | 300 sec total | 5 sec grace\n|\n|t:|1783570510\n|switch|p1a: Regice|Regice, L88, tera:Electric|127/284\n|turn|15\n|inactive|Time left: 300 sec this turn | 300 sec total\n|\n|t:|1783570511\n|move|p2a: Pikachu|Volt Tackle|p1a: Regice\n|-resisted|p1a: Regice\n|-damage|p1a: Regice|67/284\n|-damage|p2a: Pikachu|70/100|[from] Recoil\n|move|p1a: Regice|Ice Beam|p2a: Pikachu\n|-damage|p2a: Pikachu|9/100\n|-status|p2a: Pikachu|frz\n|\n|upkeep\n|turn|16\n|inactive|Time left: 300 sec this turn | 300 sec total\n|\n|t:|1783570512\n|cant|p2a: Pikachu|frz\n|move|p1a: Regice|Ice Beam|p2a: Pikachu\n|-damage|p2a: Pikachu|0 fnt\n|faint|p2a: Pikachu\n|\n|win|p0x26428b06", "uploadtime": 1783570512, "views": 0, "rating": 0, "private": 0, "password": null, "_winner": "p0x26428b06", "_our_name": "p0x26428b06"}