{"id": "battle-gen9randombattle-782", "formatid": "gen9randombattle", "format": "[Gen 9] Random Battle", "players": ["p0x78247ca", "p0y782f750"], "log": "|init|battle\n|title|p0x78247ca vs. p0y782f750\n|j|\u2606p0x78247ca\n|j|\u2606p0y782f750\n|t:|1783548932\n|gametype|singles\n|player|p1|p0x78247ca|102|\n|player|p2|p0y782f750|266|\n|gen|9\n|tier|[Gen 9] Random Battle\n|rule|Species Clause: Limit one of each Pok\u00e9mon\n|rule|HP Percentage Mod: HP is shown in percentages\n|rule|Sleep Clause Mod: Limit one foe put to sleep\n|rule|Illusion Level Mod: Illusion disguises the Pok\u00e9mon's true level\n|\n|t:|1783548932\n|teamsize|p1|6\n|teamsize|p2|6\n|start\n|switch|p1a: Roaring Moon|Roaring Moon, L72|270/270\n|switch|p2a: Wugtrio|Wugtrio, L91, F|100/100\n|turn|1\n|inactive|Battle timer is ON: inactive players will automatically lose when time's up. (requested by p0x78247ca)\n|inactive|p0y782f750 also wants the timer to be on.\n|\n|t:|1783548934\n|move|p2a: Wugtrio|Stomping Tantrum|p1a: Roaring Moon\n|-damage|p1a: Roaring Moon|144/270\n|move|p1a: Roaring Moon|Knock Off|p2a: Wugtrio\n|-damage|p2a: Wugtrio|40/100\n|-ability|p2a: Wugtrio|Gooey\n|-unboost|p1a: Roaring Moon|spe|1\n|-enditem|p2a: Wugtrio|Choice Band|[from] move: Knock Off|[of] p1a: Roaring Moon\n|\n|upkeep\n|turn|2\n|inactive|Time left: 300 sec this turn | 300 sec total\n|\n|t:|1783548935\n|move|p2a: Wugtrio|Stomping Tantrum|p1a: Roaring Moon\n|-damage|p1a: Roaring Moon|51/270\n|move|p1a: Roaring Moon|Knock Off|p2a: Wugtrio\n|-damage|p2a: Wugtrio|0 fnt\n|-ability|p2a: Wugtrio|Gooey\n|-unboost|p1a: Roaring Moon|spe|1\n|faint|p2a: Wugtrio\n|\n|upkeep\n|\n|t:|1783548936\n|switch|p2a: Flareon|Flareon, L90, F|100/100\n|turn|3\n|inactive|Time left: 300 sec this turn | 300 sec total\n|\n|t:|1783548937\n|-end|p1a: Roaring Moon|Protosynthesis|[silent]\n|switch|p1a: Incineroar|Incineroar, L82, M|290/290\n|-ability|p1a: Incineroar|Intimidate|boost\n|-unboost|p2a: Flareon|atk|1\n|move|p2a: Flareon|Flare Blitz|p1a: Incineroar\n|-resisted|p1a: Incineroar\n|-damage|p1a: Incineroar|230/290\n|-damage|p2a: Flareon|93/100|[from] Recoil\n|\n|-status|p2a: Flareon|tox|[from] item: Toxic Orb\n|upkeep\n|turn|4\n|inactive|Time left: 300 sec this turn | 300 sec total\n|\n|t:|1783548938\n|move|p2a: Flareon|Facade|p1a: Incineroar\n|-damage|p1a: Incineroar|73/290\n|move|p1a: Incineroar|Knock Off|p2a: Flareon\n|-damage|p2a: Flareon|21/100 tox\n|-enditem|p2a: Flareon|Toxic Orb|[from] move: Knock Off|[of] p1a: Incineroar\n|\n|-damage|p2a: Flareon|15/100 tox|[from] psn\n|upkeep\n|turn|5\n|inactive|Time left: 300 sec this turn | 300 sec total\n|\n|t:|1783548940\n|switch|p1a: Stonjourner|Stonjourner, L91, F|330/330\n|move|p2a: Flareon|Facade|p1a: Stonjourner\n|-resisted|p1a: Stonjourner\n|-damage|p1a: Stonjourner|285/330\n|\n|-damage|p2a: Flareon|2/100 tox|[from] psn\n|upkeep\n|turn|6\n|inactive|Time left: 300 sec this turn | 300 sec total\n|\n|t:|1783548941\n|move|p1a: Stonjourner|Stealth Rock|p2a: Flareon\n|-sidestart|p2: p0y782f750|move: Stealth Rock\n|move|p2a: Flareon|Flare Blitz|p1a: Stonjourner\n|-resisted|p1a: Stonjourner\n|-damage|p1a: Stonjourner|219/330\n|-damage|p2a: Flareon|0 fnt|[from] Recoil\n|faint|p2a: Flareon\n|\n|upkeep\n|\n|t:|1783548942\n|switch|p2a: Darkrai|Darkrai, L77|100/100\n|-damage|p2a: Darkrai|88/100|[from] Stealth Rock\n|turn|7\n|inactive|Time left: 300 sec this turn | 300 sec total\n|\n|t:|1783548943\n|switch|p1a: Articuno|Articuno, L86|295/295\n|-ability|p1a: Articuno|Pressure\n|move|p2a: Darkrai|Dark Pulse|p1a: Articuno\n|-damage|p1a: Articuno|209/295\n|-damage|p2a: Darkrai|78/100|[from] item: Life Orb\n|\n|upkeep\n|turn|8\n|inactive|Time left: 300 sec this turn | 300 sec total\n|\n|t:|1783548944\n|move|p2a: Darkrai|Nasty Plot|p2a: Darkrai\n|-boost|p2a: Darkrai|spa|2\n|move|p1a: Articuno|Freeze-Dry|p2a: Darkrai\n|-damage|p2a: Darkrai|46/100\n|-status|p2a: Darkrai|frz\n|\n|upkeep\n|turn|9\n|inactive|Time left: 300 sec this turn | 300 sec total\n|\n|t:|1783548945\n|cant|p2a: Darkrai|frz\n|move|p1a: Articuno|Brave Bird|p2a: Darkrai\n|-damage|p2a: Darkrai|0 fnt\n|faint|p2a: Darkrai\n|-damage|p1a: Articuno|174/295|[from] Recoil\n|\n|upkeep\n|\n|t:|1783548946\n|switch|p2a: Oricorio|Oricorio, L84, F|100/100\n|turn|10\n|inactive|Time left: 300 sec this turn | 300 sec total\n|\n|t:|1783548948\n|move|p2a: Oricorio|Quiver Dance|p2a: Oricorio\n|-boost|p2a: Oricorio|spa|1\n|-boost|p2a: Oricorio|spd|1\n|-boost|p2a: Oricorio|spe|1\n|move|p1a: Articuno|Roost|p1a: Articuno\n|-heal|p1a: Articuno|295/295\n|-singleturn|p1a: Articuno|move: Roost\n|\n|upkeep\n|turn|11\n|inactive|Time left: 300 sec this turn | 300 sec total\n|\n|t:|1783548949\n|move|p2a: Oricorio|Revelation Dance|p1a: Articuno\n|-supereffective|p1a: Articuno\n|-damage|p1a: Articuno|85/295\n|move|p1a: Articuno|Haze|p1a: Articuno\n|-clearallboost\n|\n|upkeep\n|turn|12\n|inactive|Time left: 300 sec this turn | 300 sec total\n|\n|t:|1783548950\n|move|p2a: Oricorio|Revelation Dance|p1a: Articuno\n|-supereffective|p1a: Articuno\n|-damage|p1a: Articuno|0 fnt\n|faint|p1a: Articuno\n|\n|upkeep\n|inactive|Time left: 300 sec this turn | 300 sec total | 5 sec grace\n|\n|t:|1783548951\n|switch|p1a: Roaring Moon|Roaring Moon, L72|51/270\n|turn|13\n|inactive|Time left: 300 sec this turn | 300 sec total\n|\n|t:|1783548952\n|move|p1a: Roaring Moon|Outrage|p2a: Oricorio\n|-damage|p2a: Oricorio|46/100\n|move|p2a: Oricorio|Quiver Dance|p2a: Oricorio\n|-boost|p2a: Oricorio|spa|1\n|-boost|p2a: Oricorio|spd|1\n|-boost|p2a: Oricorio|spe|1\n|\n|upkeep\n|turn|14\n|inactive|Time left: 300 sec this turn | 300 sec total\n|\n|t:|1783548953\n|move|p2a: Oricorio|Revelation Dance|p1a: Roaring Moon\n|-resisted|p1a: Roaring Moon\n|-damage|p1a: Roaring Moon|0 fnt\n|faint|p1a: Roaring Moon\n|-end|p1a: Roaring Moon|Protosynthesis|[silent]\n|\n|upkeep\n|inactive|Time left: 300 sec this turn | 300 sec total | 5 sec grace\n|\n|t:|1783548954\n|switch|p1a: Deoxys|Deoxys-Speed, L82|216/216\n|-ability|p1a: Deoxys|Pressure\n|turn|15\n|inactive|Time left: 300 sec this turn | 300 sec total\n|\n|t:|1783548955\n|move|p1a: Deoxys|Psycho Boost|p2a: Oricorio|[miss]\n|-miss|p1a: Deoxys|p2a: Oricorio\n|move|p2a: Oricorio|Roost|p2a: Oricorio\n|-heal|p2a: Oricorio|96/100\n|-singleturn|p2a: Oricorio|move: Roost\n|\n|upkeep\n|turn|16\n|inactive|Time left: 300 sec this turn | 300 sec total\n|\n|t:|1783548956\n|switch|p1a: Incineroar|Incineroar, L82, M|73/290\n|-ability|p1a: Incineroar|Intimidate|boost\n|-unboost|p2a: Oricorio|atk|1\n|move|p2a: Oricorio|Quiver Dance|p2a: Oricorio\n|-boost|p2a: Oricorio|spa|1\n|-boost|p2a: Oricorio|spd|1\n|-boost|p2a: Oricorio|spe|1\n|\n|upkeep\n|turn|17\n|inactive|Time left: 300 sec this turn | 300 sec total\n|\n|t:|1783548957\n|move|p2a: Oricorio|Revelation Dance|p1a: Incineroar\n|-resisted|p1a: Incineroar\n|-damage|p1a: Incineroar|0 fnt\n|faint|p1a: Incineroar\n|\n|upkeep\n|inactive|Time left: 300 sec this turn | 300 sec total | 5 sec grace\n|\n|t:|1783548958\n|switch|p1a: Jirachi|Jirachi, L80|291/291\n|turn|18\n|inactive|Time left: 300 sec this turn | 300 sec total\n|\n|t:|1783548959\n|move|p2a: Oricorio|Revelation Dance|p1a: Jirachi\n|-supereffective|p1a: Jirachi\n|-damage|p1a: Jirachi|57/291\n|move|p1a: Jirachi|Body Slam|p2a: Oricorio\n|-damage|p2a: Oricorio|69/100\n|\n|upkeep\n|turn|19\n|inactive|Time left: 300 sec this turn | 300 sec total\n|\n|t:|1783548960\n|move|p2a: Oricorio|Revelation Dance|p1a: Jirachi\n|-supereffective|p1a: Jirachi\n|-damage|p1a: Jirachi|0 fnt\n|faint|p1a: Jirachi\n|\n|upkeep\n|inactive|Time left: 300 sec this turn | 300 sec total | 5 sec grace\n|\n|t:|1783548961\n|switch|p1a: Stonjourner|Stonjourner, L91, F|219/330\n|turn|20\n|inactive|Time left: 300 sec this turn | 300 sec total\n|\n|t:|1783548962\n|switch|p1a: Deoxys|Deoxys-Speed, L82|216/216\n|-ability|p1a: Deoxys|Pressure\n|-terastallize|p2a: Oricorio|Ground\n|move|p2a: Oricorio|Revelation Dance|p1a: Deoxys\n|-damage|p1a: Deoxys|38/216\n|\n|upkeep\n|turn|21\n|inactive|Time left: 300 sec this turn | 300 sec total\n|\n|t:|1783548963\n|-terastallize|p1a: Deoxys|Dark\n|move|p2a: Oricorio|Revelation Dance|p1a: Deoxys\n|-damage|p1a: Deoxys|0 fnt\n|faint|p1a: Deoxys\n|\n|upkeep\n|inactive|Time left: 300 sec this turn | 300 sec total | 5 sec grace\n|\n|t:|1783548963\n|switch|p1a: Stonjourner|Stonjourner, L91, F|219/330\n|turn|22\n|inactive|Time left: 300 sec this turn | 300 sec total\n|\n|t:|1783548964\n|move|p2a: Oricorio|Revelation Dance|p1a: Stonjourner\n|-supereffective|p1a: Stonjourner\n|-damage|p1a: Stonjourner|0 fnt\n|faint|p1a: Stonjourner\n|\n|win|p0y782f750", "uploadtime": 1783548964, "views": 0, "rating": 0, "private": 0, "password": null, "_winner": "p0y782f750", "_our_name": "p0x78247ca"}