{"id": "battle-gen9randombattle-2104", "formatid": "gen9randombattle", "format": "[Gen 9] Random Battle", "players": ["p0x21042c4a", "p0y2104dbca"], "log": "|init|battle\n|title|p0x21042c4a vs. p0y2104dbca\n|j|\u2606p0x21042c4a\n|j|\u2606p0y2104dbca\n|t:|1783564370\n|gametype|singles\n|player|p1|p0x21042c4a|1|\n|player|p2|p0y2104dbca|266|\n|gen|9\n|tier|[Gen 9] Random Battle\n|rule|Species Clause: Limit one of each Pok\u00e9mon\n|rule|HP Percentage Mod: HP is shown in percentages\n|rule|Sleep Clause Mod: Limit one foe put to sleep\n|rule|Illusion Level Mod: Illusion disguises the Pok\u00e9mon's true level\n|\n|t:|1783564370\n|teamsize|p1|6\n|teamsize|p2|6\n|start\n|switch|p1a: Suicune|Suicune, L82|100/100\n|switch|p2a: Chien-Pao|Chien-Pao, L72|234/234\n|-ability|p2a: Chien-Pao|Sword of Ruin\n|-ability|p1a: Suicune|Pressure\n|turn|1\n|inactive|Battle timer is ON: inactive players will automatically lose when time's up. (requested by p0y2104dbca)\n|inactive|p0x21042c4a also wants the timer to be on.\n|\n|t:|1783564372\n|move|p2a: Chien-Pao|Sacred Sword|p1a: Suicune\n|-damage|p1a: Suicune|67/100\n|move|p1a: Suicune|Scald|p2a: Chien-Pao\n|-damage|p2a: Chien-Pao|116/234\n|\n|-heal|p1a: Suicune|73/100|[from] item: Leftovers\n|upkeep\n|turn|2\n|inactive|Time left: 300 sec this turn | 300 sec total\n|\n|t:|1783564373\n|move|p2a: Chien-Pao|Sacred Sword|p1a: Suicune\n|-damage|p1a: Suicune|43/100\n|move|p1a: Suicune|Scald|p2a: Chien-Pao\n|-damage|p2a: Chien-Pao|5/234\n|\n|-heal|p1a: Suicune|49/100|[from] item: Leftovers\n|upkeep\n|turn|3\n|inactive|Time left: 300 sec this turn | 300 sec total\n|\n|t:|1783564374\n|move|p2a: Chien-Pao|Sacred Sword|p1a: Suicune\n|-crit|p1a: Suicune\n|-damage|p1a: Suicune|7/100\n|move|p1a: Suicune|Scald|p2a: Chien-Pao\n|-damage|p2a: Chien-Pao|0 fnt\n|faint|p2a: Chien-Pao\n|\n|-heal|p1a: Suicune|13/100|[from] item: Leftovers\n|upkeep\n|inactive|Time left: 300 sec this turn | 300 sec total | 5 sec grace\n|\n|t:|1783564374\n|switch|p2a: Reshiram|Reshiram, L76|277/277\n|-ability|p2a: Reshiram|Turboblaze\n|turn|4\n|inactive|Time left: 300 sec this turn | 300 sec total\n|\n|t:|1783564375\n|move|p1a: Suicune|Rest|p1a: Suicune\n|-status|p1a: Suicune|slp|[from] move: Rest\n|-heal|p1a: Suicune|100/100 slp|[silent]\n|move|p2a: Reshiram|Dragon Dance|p2a: Reshiram\n|-boost|p2a: Reshiram|atk|1\n|-boost|p2a: Reshiram|spe|1\n|\n|upkeep\n|turn|5\n|inactive|Time left: 300 sec this turn | 300 sec total\n|\n|t:|1783564376\n|switch|p1a: Quagsire|Quagsire, L84, F|100/100\n|move|p2a: Reshiram|Outrage|p1a: Quagsire\n|-damage|p1a: Quagsire|33/100\n|\n|-heal|p1a: Quagsire|40/100|[from] item: Leftovers\n|upkeep\n|turn|6\n|inactive|Time left: 300 sec this turn | 300 sec total\n|\n|t:|1783564377\n|switch|p1a: Alcremie|Alcremie-Ruby-Cream, L90, F|100/100\n|move|p2a: Reshiram|Outrage|p1a: Alcremie|[from] lockedmove\n|-immune|p1a: Alcremie\n|\n|upkeep\n|turn|7\n|inactive|Time left: 300 sec this turn | 300 sec total\n|\n|t:|1783564378\n|move|p2a: Reshiram|Dragon Dance|p2a: Reshiram\n|-boost|p2a: Reshiram|atk|1\n|-boost|p2a: Reshiram|spe|1\n|move|p1a: Alcremie|Calm Mind|p1a: Alcremie\n|-boost|p1a: Alcremie|spa|1\n|-boost|p1a: Alcremie|spd|1\n|\n|upkeep\n|turn|8\n|inactive|Time left: 300 sec this turn | 300 sec total\n|\n|t:|1783564379\n|-terastallize|p2a: Reshiram|Fire\n|move|p2a: Reshiram|Flare Blitz|p1a: Alcremie\n|-damage|p1a: Alcremie|0 fnt\n|faint|p1a: Alcremie\n|-damage|p2a: Reshiram|190/277|[from] Recoil\n|\n|upkeep\n|\n|t:|1783564380\n|switch|p1a: Quagsire|Quagsire, L84, F|40/100\n|turn|9\n|inactive|Time left: 300 sec this turn | 300 sec total\n|\n|t:|1783564381\n|move|p2a: Reshiram|Outrage|p1a: Quagsire\n|-damage|p1a: Quagsire|0 fnt\n|faint|p1a: Quagsire\n|\n|upkeep\n|\n|t:|1783564382\n|switch|p1a: Trevenant|Trevenant, L89, M|100/100\n|turn|10\n|inactive|Time left: 300 sec this turn | 300 sec total\n|\n|t:|1783564383\n|move|p2a: Reshiram|Outrage|p1a: Trevenant|[from] lockedmove\n|-damage|p1a: Trevenant|20/100\n|move|p1a: Trevenant|Poltergeist|p2a: Reshiram\n|-activate|p2a: Reshiram|move: Poltergeist|Heavy-Duty Boots\n|-damage|p2a: Reshiram|0 fnt\n|faint|p2a: Reshiram\n|\n|upkeep\n|inactive|Time left: 300 sec this turn | 300 sec total | 5 sec grace\n|\n|t:|1783564384\n|switch|p2a: Whiscash|Whiscash, L88, F|337/337\n|turn|11\n|inactive|Time left: 300 sec this turn | 300 sec total\n|\n|t:|1783564385\n|move|p2a: Whiscash|Earthquake|p1a: Trevenant\n|-resisted|p1a: Trevenant\n|-damage|p1a: Trevenant|0 fnt\n|faint|p1a: Trevenant\n|-damage|p2a: Whiscash|304/337|[from] item: Life Orb\n|\n|upkeep\n|\n|t:|1783564386\n|switch|p1a: Furret|Furret, L94, M|100/100\n|-item|p2a: Whiscash|Life Orb|[from] ability: Frisk|[of] p1a: Furret\n|turn|12\n|inactive|Time left: 300 sec this turn | 300 sec total\n|\n|t:|1783564387\n|move|p1a: Furret|Tidy Up|p1a: Furret\n|-boost|p1a: Furret|atk|1\n|-boost|p1a: Furret|spe|1\n|move|p2a: Whiscash|Earthquake|p1a: Furret\n|-damage|p1a: Furret|53/100\n|-damage|p2a: Whiscash|271/337|[from] item: Life Orb\n|\n|upkeep\n|turn|13\n|inactive|Time left: 300 sec this turn | 300 sec total\n|\n|t:|1783564388\n|move|p1a: Furret|Double-Edge|p2a: Whiscash\n|-damage|p2a: Whiscash|0 fnt\n|faint|p2a: Whiscash\n|-damage|p1a: Furret|25/100|[from] Recoil\n|-damage|p1a: Furret|15/100|[from] item: Life Orb\n|\n|upkeep\n|inactive|Time left: 300 sec this turn | 300 sec total | 5 sec grace\n|\n|t:|1783564389\n|switch|p2a: Registeel|Registeel, L81|262/262\n|turn|14\n|inactive|Time left: 300 sec this turn | 300 sec total\n|\n|t:|1783564390\n|move|p1a: Furret|Brick Break|p2a: Registeel\n|-supereffective|p2a: Registeel\n|-damage|p2a: Registeel|116/262\n|-damage|p1a: Furret|5/100|[from] item: Life Orb\n|move|p2a: Registeel|Iron Head|p1a: Furret\n|-damage|p1a: Furret|0 fnt\n|faint|p1a: Furret\n|\n|-heal|p2a: Registeel|132/262|[from] item: Leftovers\n|upkeep\n|\n|t:|1783564391\n|switch|p1a: Infernape|Infernape, L82, M|100/100\n|turn|15\n|inactive|Time left: 300 sec this turn | 300 sec total\n|\n|t:|1783564392\n|move|p1a: Infernape|Close Combat|p2a: Registeel\n|-supereffective|p2a: Registeel\n|-damage|p2a: Registeel|0 fnt\n|-unboost|p1a: Infernape|def|1\n|-unboost|p1a: Infernape|spd|1\n|faint|p2a: Registeel\n|-damage|p1a: Infernape|91/100|[from] item: Life Orb\n|\n|upkeep\n|inactive|Time left: 300 sec this turn | 300 sec total | 5 sec grace\n|\n|t:|1783564394\n|switch|p2a: Dusknoir|Dusknoir, L89, F|225/225\n|-item|p1a: Infernape|Life Orb|[from] ability: Frisk|[of] p2a: Dusknoir\n|turn|16\n|inactive|Time left: 300 sec this turn | 300 sec total\n|\n|t:|1783564395\n|switch|p1a: Suicune|Suicune, L82|100/100 slp\n|-ability|p1a: Suicune|Pressure\n|move|p2a: Dusknoir|Poltergeist|p1a: Suicune\n|-activate|p1a: Suicune|move: Poltergeist|Leftovers\n|-crit|p1a: Suicune\n|-damage|p1a: Suicune|23/100 slp\n|\n|-heal|p1a: Suicune|29/100 slp|[from] item: Leftovers\n|upkeep\n|turn|17\n|inactive|Time left: 300 sec this turn | 300 sec total\n|\n|t:|1783564396\n|cant|p1a: Suicune|slp\n|move|p1a: Suicune|Sleep Talk|p1a: Suicune\n|move|p1a: Suicune|Scald|p2a: Dusknoir|[from] move: Sleep Talk\n|-damage|p2a: Dusknoir|176/225\n|-status|p2a: Dusknoir|brn\n|move|p2a: Dusknoir|Poltergeist|p1a: Suicune\n|-activate|p1a: Suicune|move: Poltergeist|Leftovers\n|-damage|p1a: Suicune|3/100 slp\n|\n|-heal|p1a: Suicune|9/100 slp|[from] item: Leftovers\n|-damage|p2a: Dusknoir|162/225 brn|[from] brn\n|upkeep\n|turn|18\n|inactive|Time left: 300 sec this turn | 300 sec total\n|\n|t:|1783564397\n|cant|p1a: Suicune|slp\n|move|p1a: Suicune|Sleep Talk|p1a: Suicune\n|move|p1a: Suicune|Calm Mind|p1a: Suicune|[from] move: Sleep Talk\n|-boost|p1a: Suicune|spa|1\n|-boost|p1a: Suicune|spd|1\n|move|p2a: Dusknoir|Poltergeist|p1a: Suicune|[miss]\n|-miss|p2a: Dusknoir|p1a: Suicune\n|\n|-heal|p1a: Suicune|15/100 slp|[from] item: Leftovers\n|-damage|p2a: Dusknoir|148/225 brn|[from] brn\n|upkeep\n|turn|19\n|inactive|Time left: 300 sec this turn | 300 sec total\n|\n|t:|1783564398\n|switch|p2a: Banette|Banette, L93, M|270/270\n|-curestatus|p1a: Suicune|slp|[msg]\n|move|p1a: Suicune|Rest|p1a: Suicune\n|-status|p1a: Suicune|slp|[from] move: Rest\n|-heal|p1a: Suicune|100/100 slp|[silent]\n|\n|upkeep\n|turn|20\n|inactive|Time left: 300 sec this turn | 300 sec total\n|\n|t:|1783564399\n|cant|p1a: Suicune|slp\n|move|p1a: Suicune|Sleep Talk|p1a: Suicune\n|move|p1a: Suicune|Scald|p2a: Banette|[from] move: Sleep Talk\n|-damage|p2a: Banette|146/270\n|move|p2a: Banette|Poltergeist|p1a: Suicune\n|-activate|p1a: Suicune|move: Poltergeist|Leftovers\n|-damage|p1a: Suicune|42/100 slp\n|-damage|p2a: Banette|119/270|[from] item: Life Orb\n|\n|-heal|p1a: Suicune|48/100 slp|[from] item: Leftovers\n|upkeep\n|turn|21\n|inactive|Time left: 300 sec this turn | 300 sec total\n|\n|t:|1783564400\n|cant|p1a: Suicune|slp\n|move|p1a: Suicune|Sleep Talk|p1a: Suicune\n|move|p1a: Suicune|Rest||[from] move: Sleep Talk|[still]\n|-fail|p1a: Suicune\n|move|p2a: Banette|Poltergeist|p1a: Suicune\n|-activate|p1a: Suicune|move: Poltergeist|Leftovers\n|-damage|p1a: Suicune|0 fnt\n|faint|p1a: Suicune\n|-damage|p2a: Banette|92/270|[from] item: Life Orb\n|\n|upkeep\n|\n|t:|1783564401\n|switch|p1a: Infernape|Infernape, L82, M|91/100\n|turn|22\n|inactive|Time left: 300 sec this turn | 300 sec total\n|\n|t:|1783564402\n|-terastallize|p1a: Infernape|Fire\n|move|p2a: Banette|Shadow Sneak|p1a: Infernape\n|-damage|p1a: Infernape|55/100\n|-damage|p2a: Banette|65/270|[from] item: Life Orb\n|move|p1a: Infernape|Knock Off|p2a: Banette\n|-supereffective|p2a: Banette\n|-damage|p2a: Banette|0 fnt\n|-enditem|p2a: Banette|Life Orb|[from] move: Knock Off|[of] p1a: Infernape\n|faint|p2a: Banette\n|-damage|p1a: Infernape|45/100|[from] item: Life Orb\n|\n|upkeep\n|inactive|Time left: 300 sec this turn | 300 sec total | 5 sec grace\n|\n|t:|1783564403\n|switch|p2a: Dusknoir|Dusknoir, L89, F|148/225 brn\n|-item|p1a: Infernape|Life Orb|[from] ability: Frisk|[of] p2a: Dusknoir\n|turn|23\n|inactive|Time left: 300 sec this turn | 300 sec total\n|\n|t:|1783564404\n|move|p1a: Infernape|Overheat|p2a: Dusknoir\n|-crit|p2a: Dusknoir\n|-damage|p2a: Dusknoir|0 fnt\n|-unboost|p1a: Infernape|spa|2\n|faint|p2a: Dusknoir\n|-damage|p1a: Infernape|35/100|[from] item: Life Orb\n|\n|win|p0x21042c4a", "uploadtime": 1783564404, "views": 0, "rating": 0, "private": 0, "password": null, "_winner": "p0x21042c4a", "_our_name": "p0y2104dbca"}