{"id": "battle-gen9randombattle-2043", "formatid": "gen9randombattle", "format": "[Gen 9] Random Battle", "players": ["p0x2043a3a5", "p0y20439bbd"], "log": "|init|battle\n|title|p0x2043a3a5 vs. p0y20439bbd\n|j|\u2606p0x2043a3a5\n|j|\u2606p0y20439bbd\n|t:|1783563656\n|gametype|singles\n|player|p1|p0x2043a3a5|169|\n|player|p2|p0y20439bbd|2|\n|gen|9\n|tier|[Gen 9] Random Battle\n|rule|Species Clause: Limit one of each Pok\u00e9mon\n|rule|HP Percentage Mod: HP is shown in percentages\n|rule|Sleep Clause Mod: Limit one foe put to sleep\n|rule|Illusion Level Mod: Illusion disguises the Pok\u00e9mon's true level\n|\n|t:|1783563656\n|teamsize|p1|6\n|teamsize|p2|6\n|start\n|switch|p1a: Thundurus|Thundurus-Therian, L80, M|100/100\n|switch|p2a: Electivire|Electivire, L84, F|263/263\n|turn|1\n|inactive|Battle timer is ON: inactive players will automatically lose when time's up. (requested by p0x2043a3a5)\n|inactive|Time left: 300 sec this turn | 300 sec total | 60 sec grace\n|inactive|p0y20439bbd also wants the timer to be on.\n|\n|t:|1783563658\n|move|p1a: Thundurus|Sludge Wave|p2a: Electivire\n|-damage|p2a: Electivire|170/263\n|move|p2a: Electivire|Knock Off|p1a: Thundurus\n|-damage|p1a: Thundurus|53/100\n|-enditem|p1a: Thundurus|Heavy-Duty Boots|[from] move: Knock Off|[of] p2a: Electivire\n|-damage|p2a: Electivire|144/263|[from] item: Life Orb\n|\n|upkeep\n|turn|2\n|inactive|Time left: 300 sec this turn | 300 sec total\n|\n|t:|1783563659\n|move|p2a: Electivire|Flamethrower|p1a: Thundurus\n|-damage|p1a: Thundurus|19/100\n|-damage|p2a: Electivire|118/263|[from] item: Life Orb\n|move|p1a: Thundurus|Focus Blast|p2a: Electivire|[miss]\n|-miss|p1a: Thundurus|p2a: Electivire\n|\n|upkeep\n|turn|3\n|inactive|Time left: 300 sec this turn | 300 sec total\n|\n|t:|1783563660\n|move|p1a: Thundurus|Sludge Wave|p2a: Electivire\n|-damage|p2a: Electivire|30/263\n|move|p2a: Electivire|Knock Off|p1a: Thundurus\n|-damage|p1a: Thundurus|0 fnt\n|faint|p1a: Thundurus\n|-damage|p2a: Electivire|4/263|[from] item: Life Orb\n|\n|upkeep\n|\n|t:|1783563661\n|switch|p1a: Spectrier|Spectrier, L75|100/100\n|turn|4\n|inactive|Time left: 300 sec this turn | 300 sec total\n|\n|t:|1783563662\n|switch|p2a: Wo-Chien|Wo-Chien, L83|277/277\n|-ability|p2a: Wo-Chien|Tablets of Ruin\n|move|p1a: Spectrier|Shadow Ball|p2a: Wo-Chien\n|-resisted|p2a: Wo-Chien\n|-damage|p2a: Wo-Chien|234/277\n|-damage|p1a: Spectrier|91/100|[from] item: Life Orb\n|\n|-heal|p2a: Wo-Chien|251/277|[from] item: Leftovers\n|upkeep\n|turn|5\n|inactive|Time left: 300 sec this turn | 300 sec total\n|\n|t:|1783563663\n|-terastallize|p1a: Spectrier|Fairy\n|move|p1a: Spectrier|Nasty Plot|p1a: Spectrier\n|-boost|p1a: Spectrier|spa|2\n|move|p2a: Wo-Chien|Knock Off|p1a: Spectrier\n|-resisted|p1a: Spectrier\n|-damage|p1a: Spectrier|65/100\n|-enditem|p1a: Spectrier|Life Orb|[from] move: Knock Off|[of] p2a: Wo-Chien\n|\n|-heal|p2a: Wo-Chien|268/277|[from] item: Leftovers\n|upkeep\n|turn|6\n|inactive|Time left: 300 sec this turn | 300 sec total\n|\n|t:|1783563665\n|move|p2a: Wo-Chien|Protect|p2a: Wo-Chien\n|-singleturn|p2a: Wo-Chien|Protect\n|move|p1a: Spectrier|Draining Kiss|p2a: Wo-Chien\n|-activate|p2a: Wo-Chien|move: Protect\n|\n|-heal|p2a: Wo-Chien|277/277|[from] item: Leftovers\n|upkeep\n|turn|7\n|inactive|Time left: 300 sec this turn | 300 sec total\n|\n|t:|1783563666\n|-terastallize|p2a: Wo-Chien|Poison\n|move|p1a: Spectrier|Draining Kiss|p2a: Wo-Chien\n|-resisted|p2a: Wo-Chien\n|-damage|p2a: Wo-Chien|223/277\n|-heal|p1a: Spectrier|80/100|[from] drain|[of] p2a: Wo-Chien\n|move|p2a: Wo-Chien|Leech Seed|p1a: Spectrier\n|-start|p1a: Spectrier|move: Leech Seed\n|\n|-heal|p2a: Wo-Chien|240/277|[from] item: Leftovers\n|-damage|p1a: Spectrier|68/100|[from] Leech Seed|[of] p2a: Wo-Chien\n|-heal|p2a: Wo-Chien|274/277|[silent]\n|upkeep\n|turn|8\n|inactive|Time left: 300 sec this turn | 300 sec total\n|\n|t:|1783563667\n|move|p1a: Spectrier|Shadow Ball|p2a: Wo-Chien\n|-damage|p2a: Wo-Chien|144/277\n|-unboost|p2a: Wo-Chien|spd|1\n|move|p2a: Wo-Chien|Giga Drain|p1a: Spectrier\n|-damage|p1a: Spectrier|31/100\n|-heal|p2a: Wo-Chien|194/277|[from] drain|[of] p1a: Spectrier\n|\n|-heal|p2a: Wo-Chien|211/277|[from] item: Leftovers\n|-damage|p1a: Spectrier|19/100|[from] Leech Seed|[of] p2a: Wo-Chien\n|-heal|p2a: Wo-Chien|245/277|[silent]\n|upkeep\n|turn|9\n|inactive|Time left: 300 sec this turn | 300 sec total\n|\n|t:|1783563668\n|move|p2a: Wo-Chien|Protect|p2a: Wo-Chien\n|-singleturn|p2a: Wo-Chien|Protect\n|move|p1a: Spectrier|Shadow Ball|p2a: Wo-Chien\n|-activate|p2a: Wo-Chien|move: Protect\n|\n|-heal|p2a: Wo-Chien|262/277|[from] item: Leftovers\n|-damage|p1a: Spectrier|6/100|[from] Leech Seed|[of] p2a: Wo-Chien\n|-heal|p2a: Wo-Chien|277/277|[silent]\n|upkeep\n|turn|10\n|inactive|Time left: 300 sec this turn | 300 sec total\n|\n|t:|1783563669\n|move|p2a: Wo-Chien|Protect||[still]\n|-fail|p2a: Wo-Chien\n|move|p1a: Spectrier|Shadow Ball|p2a: Wo-Chien\n|-damage|p2a: Wo-Chien|72/277\n|-unboost|p2a: Wo-Chien|spd|1\n|\n|-heal|p2a: Wo-Chien|89/277|[from] item: Leftovers\n|-damage|p1a: Spectrier|0 fnt|[from] Leech Seed|[of] p2a: Wo-Chien\n|-heal|p2a: Wo-Chien|105/277|[silent]\n|faint|p1a: Spectrier\n|upkeep\n|\n|t:|1783563670\n|switch|p1a: Jolteon|Jolteon, L84, M|100/100\n|turn|11\n|inactive|Time left: 300 sec this turn | 300 sec total\n|\n|t:|1783563671\n|switch|p2a: Garchomp|Garchomp, L74, F|282/282\n|move|p1a: Jolteon|Thunderbolt|p2a: Garchomp\n|-immune|p2a: Garchomp\n|\n|upkeep\n|turn|12\n|inactive|Time left: 300 sec this turn | 300 sec total\n|\n|t:|1783563672\n|switch|p1a: Medicham|Medicham, L86, F|100/100\n|move|p2a: Garchomp|Earthquake|p1a: Medicham\n|-damage|p1a: Medicham|52/100\n|\n|upkeep\n|turn|13\n|inactive|Time left: 300 sec this turn | 300 sec total\n|\n|t:|1783563674\n|move|p1a: Medicham|Ice Punch|p2a: Garchomp\n|-supereffective|p2a: Garchomp\n|-damage|p2a: Garchomp|0 fnt\n|-damage|p1a: Medicham|40/100|[from] ability: Rough Skin|[of] p2a: Garchomp\n|-damage|p1a: Medicham|23/100|[from] item: Rocky Helmet|[of] p2a: Garchomp\n|faint|p2a: Garchomp\n|\n|upkeep\n|inactive|Time left: 300 sec this turn | 300 sec total | 5 sec grace\n|\n|t:|1783563675\n|switch|p2a: Delphox|Delphox, L84, F|263/263\n|turn|14\n|inactive|Time left: 300 sec this turn | 300 sec total\n|\n|t:|1783563676\n|move|p1a: Medicham|Ice Punch|p2a: Delphox\n|-resisted|p2a: Delphox\n|-damage|p2a: Delphox|214/263\n|move|p2a: Delphox|Nasty Plot|p2a: Delphox\n|-boost|p2a: Delphox|spa|2\n|\n|upkeep\n|turn|15\n|inactive|Time left: 300 sec this turn | 300 sec total\n|\n|t:|1783563677\n|move|p1a: Medicham|Ice Punch|p2a: Delphox\n|-resisted|p2a: Delphox\n|-damage|p2a: Delphox|166/263\n|move|p2a: Delphox|Psyshock|p1a: Medicham\n|-damage|p1a: Medicham|0 fnt\n|faint|p1a: Medicham\n|\n|upkeep\n|\n|t:|1783563678\n|switch|p1a: Noivern|Noivern, L82, M|100/100\n|turn|16\n|inactive|Time left: 300 sec this turn | 300 sec total\n|\n|t:|1783563679\n|move|p1a: Noivern|Hurricane|p2a: Delphox\n|-damage|p2a: Delphox|60/263\n|move|p2a: Delphox|Psyshock|p1a: Noivern\n|-crit|p1a: Noivern\n|-damage|p1a: Noivern|0 fnt\n|faint|p1a: Noivern\n|\n|upkeep\n|\n|t:|1783563680\n|switch|p1a: Jolteon|Jolteon, L84, M|100/100\n|turn|17\n|inactive|Time left: 300 sec this turn | 300 sec total\n|\n|t:|1783563681\n|switch|p2a: Electivire|Electivire, L84, F|4/263\n|move|p1a: Jolteon|Thunderbolt|p2a: Electivire\n|-ability|p2a: Electivire|Motor Drive|boost\n|-boost|p2a: Electivire|spe|1\n|\n|upkeep\n|turn|18\n|inactive|Time left: 300 sec this turn | 300 sec total\n|\n|t:|1783563682\n|move|p2a: Electivire|Earthquake|p1a: Jolteon\n|-supereffective|p1a: Jolteon\n|-damage|p1a: Jolteon|0 fnt\n|faint|p1a: Jolteon\n|-damage|p2a: Electivire|0 fnt|[from] item: Life Orb\n|faint|p2a: Electivire\n|\n|upkeep\n|inactive|Time left: 300 sec this turn | 300 sec total | 5 sec grace\n|\n|t:|1783563683\n|switch|p1a: Tentacruel|Tentacruel, L84, M|100/100\n|switch|p2a: Stonjourner|Stonjourner, L91, F|330/330\n|turn|19\n|inactive|Time left: 300 sec this turn | 300 sec total\n|\n|t:|1783563684\n|move|p1a: Tentacruel|Surf|p2a: Stonjourner\n|-supereffective|p2a: Stonjourner\n|-damage|p2a: Stonjourner|0 fnt\n|faint|p2a: Stonjourner\n|\n|upkeep\n|inactive|Time left: 300 sec this turn | 300 sec total | 5 sec grace\n|\n|t:|1783563685\n|switch|p2a: Delphox|Delphox, L84, F|60/263\n|turn|20\n|inactive|Time left: 300 sec this turn | 300 sec total\n|\n|t:|1783563686\n|move|p2a: Delphox|Psyshock|p1a: Tentacruel\n|-supereffective|p1a: Tentacruel\n|-damage|p1a: Tentacruel|18/100\n|move|p1a: Tentacruel|Rapid Spin|p2a: Delphox\n|-damage|p2a: Delphox|29/263\n|-boost|p1a: Tentacruel|spe|1\n|\n|upkeep\n|turn|21\n|inactive|Time left: 300 sec this turn | 300 sec total\n|\n|t:|1783563687\n|switch|p2a: Hariyama|Hariyama, L87, F|392/392\n|move|p1a: Tentacruel|Rapid Spin|p2a: Hariyama\n|-damage|p2a: Hariyama|358/392\n|-boost|p1a: Tentacruel|spe|1\n|\n|upkeep\n|turn|22\n|inactive|Time left: 300 sec this turn | 300 sec total\n|\n|t:|1783563687\n|move|p1a: Tentacruel|Rapid Spin|p2a: Hariyama\n|-damage|p2a: Hariyama|325/392\n|-boost|p1a: Tentacruel|spe|1\n|move|p2a: Hariyama|Heavy Slam|p1a: Tentacruel\n|-resisted|p1a: Tentacruel\n|-damage|p1a: Tentacruel|0 fnt\n|faint|p1a: Tentacruel\n|\n|win|p0y20439bbd", "uploadtime": 1783563687, "views": 0, "rating": 0, "private": 0, "password": null, "_winner": "p0y20439bbd", "_our_name": "p0y20439bbd"}