{"id": "battle-gen9randombattle-2915", "formatid": "gen9randombattle", "format": "[Gen 9] Random Battle", "players": ["p0x2915bcdc", "p0y29153d53"], "log": "|init|battle\n|title|p0x2915bcdc vs. p0y29153d53\n|j|\u2606p0x2915bcdc\n|j|\u2606p0y29153d53\n|t:|1783572597\n|gametype|singles\n|player|p1|p0x2915bcdc|169|\n|player|p2|p0y29153d53|101|\n|gen|9\n|tier|[Gen 9] Random Battle\n|rule|Species Clause: Limit one of each Pok\u00e9mon\n|rule|HP Percentage Mod: HP is shown in percentages\n|rule|Sleep Clause Mod: Limit one foe put to sleep\n|rule|Illusion Level Mod: Illusion disguises the Pok\u00e9mon's true level\n|\n|t:|1783572597\n|teamsize|p1|6\n|teamsize|p2|6\n|start\n|switch|p1a: Brute Bonnet|Brute Bonnet, L80|100/100\n|switch|p2a: Suicune|Suicune, L82|298/298\n|-ability|p2a: Suicune|Pressure\n|turn|1\n|inactive|Battle timer is ON: inactive players will automatically lose when time's up. (requested by p0x2915bcdc)\n|inactive|Time left: 300 sec this turn | 300 sec total | 60 sec grace\n|inactive|p0y29153d53 also wants the timer to be on.\n|\n|t:|1783572599\n|move|p2a: Suicune|Calm Mind|p2a: Suicune\n|-boost|p2a: Suicune|spa|1\n|-boost|p2a: Suicune|spd|1\n|move|p1a: Brute Bonnet|Spore|p2a: Suicune\n|-status|p2a: Suicune|slp|[from] move: Spore\n|\n|upkeep\n|turn|2\n|inactive|Time left: 300 sec this turn | 300 sec total\n|\n|t:|1783572600\n|cant|p2a: Suicune|slp\n|move|p2a: Suicune|Sleep Talk|p2a: Suicune\n|move|p2a: Suicune|Scald|p1a: Brute Bonnet|[from] move: Sleep Talk\n|-resisted|p1a: Brute Bonnet\n|-damage|p1a: Brute Bonnet|82/100\n|-status|p1a: Brute Bonnet|brn\n|move|p1a: Brute Bonnet|Seed Bomb|p2a: Suicune\n|-supereffective|p2a: Suicune\n|-damage|p2a: Suicune|222/298 slp\n|\n|-heal|p2a: Suicune|240/298 slp|[from] item: Leftovers\n|-heal|p1a: Brute Bonnet|88/100 brn|[from] item: Leftovers\n|-damage|p1a: Brute Bonnet|82/100 brn|[from] brn\n|upkeep\n|turn|3\n|inactive|Time left: 300 sec this turn | 300 sec total\n|\n|t:|1783572601\n|-end|p1a: Brute Bonnet|Protosynthesis|[silent]\n|switch|p1a: Slaking|Slaking, L84, F|100/100\n|cant|p2a: Suicune|slp\n|move|p2a: Suicune|Sleep Talk|p2a: Suicune\n|move|p2a: Suicune|Scald|p1a: Slaking|[from] move: Sleep Talk\n|-damage|p1a: Slaking|65/100\n|\n|-heal|p2a: Suicune|258/298 slp|[from] item: Leftovers\n|upkeep\n|turn|4\n|inactive|Time left: 300 sec this turn | 300 sec total\n|\n|t:|1783572603\n|move|p1a: Slaking|Giga Impact|p2a: Suicune|[miss]\n|-miss|p1a: Slaking|p2a: Suicune\n|-curestatus|p2a: Suicune|slp|[msg]\n|move|p2a: Suicune|Calm Mind|p2a: Suicune\n|-boost|p2a: Suicune|spa|1\n|-boost|p2a: Suicune|spd|1\n|\n|-heal|p2a: Suicune|276/298|[from] item: Leftovers\n|upkeep\n|turn|5\n|inactive|Time left: 300 sec this turn | 300 sec total\n|\n|t:|1783572604\n|switch|p1a: Bellossom|Bellossom, L84, F|100/100\n|move|p2a: Suicune|Scald|p1a: Bellossom\n|-resisted|p1a: Bellossom\n|-damage|p1a: Bellossom|73/100\n|\n|-heal|p2a: Suicune|294/298|[from] item: Leftovers\n|-heal|p1a: Bellossom|79/100|[from] item: Leftovers\n|upkeep\n|turn|6\n|inactive|Time left: 300 sec this turn | 300 sec total\n|\n|t:|1783572605\n|move|p2a: Suicune|Scald|p1a: Bellossom\n|-resisted|p1a: Bellossom\n|-damage|p1a: Bellossom|51/100\n|-status|p1a: Bellossom|brn\n|move|p1a: Bellossom|Quiver Dance|p1a: Bellossom\n|-boost|p1a: Bellossom|spa|1\n|-boost|p1a: Bellossom|spd|1\n|-boost|p1a: Bellossom|spe|1\n|\n|-heal|p1a: Bellossom|57/100 brn|[from] item: Leftovers\n|-heal|p2a: Suicune|298/298|[from] item: Leftovers\n|-damage|p1a: Bellossom|51/100 brn|[from] brn\n|upkeep\n|turn|7\n|inactive|Time left: 300 sec this turn | 300 sec total\n|\n|t:|1783572606\n|move|p1a: Bellossom|Quiver Dance|p1a: Bellossom\n|-boost|p1a: Bellossom|spa|1\n|-boost|p1a: Bellossom|spd|1\n|-boost|p1a: Bellossom|spe|1\n|move|p2a: Suicune|Scald|p1a: Bellossom\n|-resisted|p1a: Bellossom\n|-damage|p1a: Bellossom|37/100 brn\n|\n|-heal|p1a: Bellossom|43/100 brn|[from] item: Leftovers\n|-damage|p1a: Bellossom|37/100 brn|[from] brn\n|upkeep\n|turn|8\n|inactive|Time left: 300 sec this turn | 300 sec total\n|\n|t:|1783572607\n|move|p1a: Bellossom|Strength Sap|p2a: Suicune\n|-unboost|p2a: Suicune|atk|1\n|-heal|p1a: Bellossom|86/100 brn\n|move|p2a: Suicune|Scald|p1a: Bellossom\n|-resisted|p1a: Bellossom\n|-damage|p1a: Bellossom|74/100 brn\n|\n|-heal|p1a: Bellossom|80/100 brn|[from] item: Leftovers\n|-damage|p1a: Bellossom|74/100 brn|[from] brn\n|upkeep\n|turn|9\n|inactive|Time left: 300 sec this turn | 300 sec total\n|\n|t:|1783572608\n|move|p1a: Bellossom|Quiver Dance|p1a: Bellossom\n|-boost|p1a: Bellossom|spa|1\n|-boost|p1a: Bellossom|spd|1\n|-boost|p1a: Bellossom|spe|1\n|move|p2a: Suicune|Calm Mind|p2a: Suicune\n|-boost|p2a: Suicune|spa|1\n|-boost|p2a: Suicune|spd|1\n|\n|-heal|p1a: Bellossom|80/100 brn|[from] item: Leftovers\n|-damage|p1a: Bellossom|74/100 brn|[from] brn\n|upkeep\n|turn|10\n|inactive|Time left: 300 sec this turn | 300 sec total\n|\n|t:|1783572609\n|move|p1a: Bellossom|Giga Drain|p2a: Suicune\n|-supereffective|p2a: Suicune\n|-damage|p2a: Suicune|166/298\n|-heal|p1a: Bellossom|99/100 brn|[from] drain|[of] p2a: Suicune\n|move|p2a: Suicune|Scald|p1a: Bellossom\n|-resisted|p1a: Bellossom\n|-damage|p1a: Bellossom|84/100 brn\n|\n|-heal|p1a: Bellossom|90/100 brn|[from] item: Leftovers\n|-heal|p2a: Suicune|184/298|[from] item: Leftovers\n|-damage|p1a: Bellossom|84/100 brn|[from] brn\n|upkeep\n|turn|11\n|inactive|Time left: 300 sec this turn | 300 sec total\n|\n|t:|1783572610\n|move|p1a: Bellossom|Giga Drain|p2a: Suicune\n|-supereffective|p2a: Suicune\n|-damage|p2a: Suicune|50/298\n|-heal|p1a: Bellossom|100/100 brn|[from] drain|[of] p2a: Suicune\n|move|p2a: Suicune|Rest|p2a: Suicune\n|-status|p2a: Suicune|slp|[from] move: Rest\n|-heal|p2a: Suicune|298/298 slp|[silent]\n|\n|-damage|p1a: Bellossom|94/100 brn|[from] brn\n|upkeep\n|turn|12\n|inactive|Time left: 300 sec this turn | 300 sec total\n|\n|t:|1783572611\n|move|p1a: Bellossom|Quiver Dance|p1a: Bellossom\n|-boost|p1a: Bellossom|spa|1\n|-boost|p1a: Bellossom|spd|1\n|-boost|p1a: Bellossom|spe|1\n|cant|p2a: Suicune|slp\n|move|p2a: Suicune|Sleep Talk|p2a: Suicune\n|move|p2a: Suicune|Rest||[from] move: Sleep Talk|[still]\n|-fail|p2a: Suicune\n|\n|-heal|p1a: Bellossom|100/100 brn|[from] item: Leftovers\n|-damage|p1a: Bellossom|94/100 brn|[from] brn\n|upkeep\n|turn|13\n|inactive|Time left: 300 sec this turn | 300 sec total\n|\n|t:|1783572612\n|move|p1a: Bellossom|Giga Drain|p2a: Suicune\n|-supereffective|p2a: Suicune\n|-damage|p2a: Suicune|146/298 slp\n|-heal|p1a: Bellossom|100/100 brn|[from] drain|[of] p2a: Suicune\n|cant|p2a: Suicune|slp\n|move|p2a: Suicune|Sleep Talk|p2a: Suicune\n|move|p2a: Suicune|Scald|p1a: Bellossom|[from] move: Sleep Talk\n|-resisted|p1a: Bellossom\n|-damage|p1a: Bellossom|89/100 brn\n|\n|-heal|p1a: Bellossom|95/100 brn|[from] item: Leftovers\n|-heal|p2a: Suicune|164/298 slp|[from] item: Leftovers\n|-damage|p1a: Bellossom|89/100 brn|[from] brn\n|upkeep\n|turn|14\n|inactive|Time left: 300 sec this turn | 300 sec total\n|\n|t:|1783572612\n|move|p1a: Bellossom|Giga Drain|p2a: Suicune\n|-supereffective|p2a: Suicune\n|-damage|p2a: Suicune|20/298 slp\n|-heal|p1a: Bellossom|100/100 brn|[from] drain|[of] p2a: Suicune\n|-curestatus|p2a: Suicune|slp|[msg]\n|move|p2a: Suicune|Rest|p2a: Suicune\n|-status|p2a: Suicune|slp|[from] move: Rest\n|-heal|p2a: Suicune|298/298 slp|[silent]\n|\n|-damage|p1a: Bellossom|94/100 brn|[from] brn\n|upkeep\n|turn|15\n|inactive|Time left: 300 sec this turn | 300 sec total\n|\n|t:|1783572613\n|move|p1a: Bellossom|Giga Drain|p2a: Suicune\n|-supereffective|p2a: Suicune\n|-damage|p2a: Suicune|140/298 slp\n|-heal|p1a: Bellossom|100/100 brn|[from] drain|[of] p2a: Suicune\n|cant|p2a: Suicune|slp\n|move|p2a: Suicune|Sleep Talk|p2a: Suicune\n|move|p2a: Suicune|Rest||[from] move: Sleep Talk|[still]\n|-fail|p2a: Suicune\n|\n|-heal|p2a: Suicune|158/298 slp|[from] item: Leftovers\n|-damage|p1a: Bellossom|94/100 brn|[from] brn\n|upkeep\n|turn|16\n|inactive|Time left: 300 sec this turn | 300 sec total\n|\n|t:|1783572614\n|-terastallize|p2a: Suicune|Steel\n|move|p1a: Bellossom|Giga Drain|p2a: Suicune\n|-resisted|p2a: Suicune\n|-damage|p2a: Suicune|123/298 slp\n|-heal|p1a: Bellossom|100/100 brn|[from] drain|[of] p2a: Suicune\n|cant|p2a: Suicune|slp\n|\n|-heal|p2a: Suicune|141/298 slp|[from] item: Leftovers\n|-damage|p1a: Bellossom|94/100 brn|[from] brn\n|upkeep\n|turn|17\n|inactive|Time left: 300 sec this turn | 300 sec total\n|\n|t:|1783572615\n|move|p1a: Bellossom|Moonblast|p2a: Suicune\n|-resisted|p2a: Suicune\n|-damage|p2a: Suicune|111/298 slp\n|-unboost|p2a: Suicune|spa|1\n|-curestatus|p2a: Suicune|slp|[msg]\n|move|p2a: Suicune|Calm Mind|p2a: Suicune\n|-boost|p2a: Suicune|spa|1\n|-boost|p2a: Suicune|spd|1\n|\n|-heal|p1a: Bellossom|100/100 brn|[from] item: Leftovers\n|-heal|p2a: Suicune|129/298|[from] item: Leftovers\n|-damage|p1a: Bellossom|94/100 brn|[from] brn\n|upkeep\n|turn|18\n|inactive|Time left: 300 sec this turn | 300 sec total\n|\n|t:|1783572615\n|move|p1a: Bellossom|Giga Drain|p2a: Suicune\n|-resisted|p2a: Suicune\n|-damage|p2a: Suicune|98/298\n|-heal|p1a: Bellossom|100/100 brn|[from] drain|[of] p2a: Suicune\n|move|p2a: Suicune|Rest|p2a: Suicune\n|-status|p2a: Suicune|slp|[from] move: Rest\n|-heal|p2a: Suicune|298/298 slp|[silent]\n|\n|-damage|p1a: Bellossom|94/100 brn|[from] brn\n|upkeep\n|turn|19\n|inactive|Time left: 300 sec this turn | 300 sec total\n|\n|t:|1783572616\n|move|p1a: Bellossom|Strength Sap|p2a: Suicune\n|-unboost|p2a: Suicune|atk|1\n|-heal|p1a: Bellossom|100/100 brn\n|cant|p2a: Suicune|slp\n|\n|-damage|p1a: Bellossom|94/100 brn|[from] brn\n|upkeep\n|turn|20\n|inactive|Time left: 300 sec this turn | 300 sec total\n|\n|t:|1783572617\n|move|p1a: Bellossom|Quiver Dance|p1a: Bellossom\n|-boost|p1a: Bellossom|spa|1\n|-boost|p1a: Bellossom|spd|1\n|-boost|p1a: Bellossom|spe|1\n|cant|p2a: Suicune|slp\n|move|p2a: Suicune|Sleep Talk|p2a: Suicune\n|move|p2a: Suicune|Scald|p1a: Bellossom|[from] move: Sleep Talk\n|-resisted|p1a: Bellossom\n|-damage|p1a: Bellossom|85/100 brn\n|\n|-heal|p1a: Bellossom|91/100 brn|[from] item: Leftovers\n|-damage|p1a: Bellossom|85/100 brn|[from] brn\n|upkeep\n|turn|21\n|inactive|Time left: 300 sec this turn | 300 sec total\n|\n|t:|1783572617\n|move|p1a: Bellossom|Strength Sap|p2a: Suicune\n|-unboost|p2a: Suicune|atk|1\n|-heal|p1a: Bellossom|100/100 brn\n|-curestatus|p2a: Suicune|slp|[msg]\n|move|p2a: Suicune|Calm Mind|p2a: Suicune\n|-boost|p2a: Suicune|spa|1\n|-boost|p2a: Suicune|spd|1\n|\n|-damage|p1a: Bellossom|94/100 brn|[from] brn\n|upkeep\n|turn|22\n|inactive|Time left: 300 sec this turn | 300 sec total\n|\n|t:|1783572618\n|move|p1a: Bellossom|Strength Sap|p2a: Suicune\n|-unboost|p2a: Suicune|atk|1\n|-heal|p1a: Bellossom|100/100 brn\n|move|p2a: Suicune|Calm Mind|p2a: Suicune\n|-boost|p2a: Suicune|spa|1\n|-boost|p2a: Suicune|spd|1\n|\n|-damage|p1a: Bellossom|94/100 brn|[from] brn\n|upkeep\n|turn|23\n|inactive|Time left: 300 sec this turn | 300 sec total\n|\n|t:|1783572619\n|move|p1a: Bellossom|Moonblast|p2a: Suicune\n|-resisted|p2a: Suicune\n|-damage|p2a: Suicune|274/298\n|move|p2a: Suicune|Scald|p1a: Bellossom\n|-resisted|p1a: Bellossom\n|-damage|p1a: Bellossom|81/100 brn\n|\n|-heal|p1a: Bellossom|87/100 brn|[from] item: Leftovers\n|-heal|p2a: Suicune|292/298|[from] item: Leftovers\n|-damage|p1a: Bellossom|81/100 brn|[from] brn\n|upkeep\n|turn|24\n|inactive|Time left: 300 sec this turn | 300 sec total\n|\n|t:|1783572619\n|move|p1a: Bellossom|Strength Sap|p2a: Suicune\n|-unboost|p2a: Suicune|atk|1\n|-heal|p1a: Bellossom|97/100 brn\n|move|p2a: Suicune|Scald|p1a: Bellossom\n|-resisted|p1a: Bellossom\n|-damage|p1a: Bellossom|85/100 brn\n|\n|-heal|p1a: Bellossom|91/100 brn|[from] item: Leftovers\n|-heal|p2a: Suicune|298/298|[from] item: Leftovers\n|-damage|p1a: Bellossom|85/100 brn|[from] brn\n|upkeep\n|turn|25\n|inactive|Time left: 300 sec this turn | 300 sec total\n|\n|t:|1783572620\n|move|p1a: Bellossom|Strength Sap|p2a: Suicune\n|-unboost|p2a: Suicune|atk|1\n|-heal|p1a: Bellossom|98/100 brn\n|move|p2a: Suicune|Scald|p1a: Bellossom\n|-resisted|p1a: Bellossom\n|-damage|p1a: Bellossom|85/100 brn\n|\n|-heal|p1a: Bellossom|91/100 brn|[from] item: Leftovers\n|-damage|p1a: Bellossom|85/100 brn|[from] brn\n|upkeep\n|turn|26\n|inactive|Time left: 300 sec this turn | 300 sec total\n|\n|t:|1783572621\n|move|p1a: Bellossom|Quiver Dance|p1a: Bellossom\n|-boost|p1a: Bellossom|spa|1\n|-boost|p1a: Bellossom|spd|1\n|-boost|p1a: Bellossom|spe|1\n|move|p2a: Suicune|Scald|p1a: Bellossom\n|-resisted|p1a: Bellossom\n|-damage|p1a: Bellossom|74/100 brn\n|\n|-heal|p1a: Bellossom|80/100 brn|[from] item: Leftovers\n|-damage|p1a: Bellossom|74/100 brn|[from] brn\n|upkeep\n|turn|27\n|inactive|Time left: 300 sec this turn | 300 sec total\n|\n|t:|1783572622\n|move|p1a: Bellossom|Moonblast|p2a: Suicune\n|-resisted|p2a: Suicune\n|-damage|p2a: Suicune|273/298\n|move|p2a: Suicune|Scald|p1a: Bellossom\n|-resisted|p1a: Bellossom\n|-damage|p1a: Bellossom|62/100 brn\n|\n|-heal|p1a: Bellossom|68/100 brn|[from] item: Leftovers\n|-heal|p2a: Suicune|291/298|[from] item: Leftovers\n|-damage|p1a: Bellossom|62/100 brn|[from] brn\n|upkeep\n|turn|28\n|inactive|Time left: 300 sec this turn | 300 sec total\n|\n|t:|1783572623\n|move|p1a: Bellossom|Moonblast|p2a: Suicune\n|-resisted|p2a: Suicune\n|-crit|p2a: Suicune\n|-damage|p2a: Suicune|147/298\n|move|p2a: Suicune|Scald|p1a: Bellossom\n|-resisted|p1a: Bellossom\n|-crit|p1a: Bellossom\n|-damage|p1a: Bellossom|0 fnt\n|faint|p1a: Bellossom\n|\n|-heal|p2a: Suicune|165/298|[from] item: Leftovers\n|upkeep\n|\n|t:|1783572624\n|switch|p1a: Slaking|Slaking, L84, F|65/100\n|turn|29\n|inactive|Time left: 300 sec this turn | 300 sec total\n|\n|t:|1783572625\n|move|p1a: Slaking|Earthquake|p2a: Suicune\n|-supereffective|p2a: Suicune\n|-damage|p2a: Suicune|0 fnt\n|faint|p2a: Suicune\n|\n|upkeep\n|inactive|Time left: 300 sec this turn | 300 sec total | 5 sec grace\n|\n|t:|1783572626\n|switch|p2a: Grimmsnarl|Grimmsnarl, L83, M|293/293\n|turn|30\n|inactive|Time left: 300 sec this turn | 300 sec total\n|\n|t:|1783572627\n|switch|p1a: Politoed|Politoed, L88, F|100/100\n|-weather|RainDance|[from] ability: Drizzle|[of] p1a: Politoed\n|move|p2a: Grimmsnarl|Spirit Break|p1a: Politoed\n|-damage|p1a: Politoed|68/100\n|-unboost|p1a: Politoed|spa|1\n|\n|-weather|RainDance|[upkeep]\n|upkeep\n|turn|31\n|inactive|Time left: 300 sec this turn | 300 sec total\n|\n|t:|1783572628\n|move|p2a: Grimmsnarl|Light Screen|p2a: Grimmsnarl\n|-sidestart|p2: p0y29153d53|move: Light Screen\n|move|p1a: Politoed|Weather Ball|p2a: Grimmsnarl\n|-damage|p2a: Grimmsnarl|191/293\n|\n|-weather|RainDance|[upkeep]\n|upkeep\n|turn|32\n|inactive|Time left: 300 sec this turn | 300 sec total\n|\n|t:|1783572629\n|move|p1a: Politoed|Weather Ball|p2a: Grimmsnarl\n|-damage|p2a: Grimmsnarl|101/293\n|move|p2a: Grimmsnarl|Spirit Break|p1a: Politoed\n|-damage|p1a: Politoed|34/100\n|-unboost|p1a: Politoed|spa|1\n|\n|-weather|RainDance|[upkeep]\n|upkeep\n|turn|33\n|inactive|Time left: 300 sec this turn | 300 sec total\n|\n|t:|1783572630\n|switch|p1a: Slaking|Slaking, L84, F|65/100\n|move|p2a: Grimmsnarl|Reflect|p2a: Grimmsnarl\n|-sidestart|p2: p0y29153d53|Reflect\n|\n|-weather|RainDance|[upkeep]\n|upkeep\n|turn|34\n|inactive|Time left: 300 sec this turn | 300 sec total\n|\n|t:|1783572631\n|switch|p2a: Coalossal|Coalossal, L89, M|341/341\n|move|p1a: Slaking|Giga Impact|p2a: Coalossal\n|-resisted|p2a: Coalossal\n|-damage|p2a: Coalossal|270/341\n|-mustrecharge|p1a: Slaking\n|-status|p1a: Slaking|brn|[from] ability: Flame Body|[of] p2a: Coalossal\n|\n|-weather|none\n|-damage|p1a: Slaking|59/100 brn|[from] brn\n|upkeep\n|turn|35\n|inactive|Time left: 300 sec this turn | 300 sec total\n|\n|t:|1783572632\n|switch|p2a: Blastoise|Blastoise, L80, M|258/258\n|cant|p1a: Slaking|recharge\n|\n|-damage|p1a: Slaking|52/100 brn|[from] brn\n|upkeep\n|turn|36\n|inactive|Time left: 300 sec this turn | 300 sec total\n|\n|t:|1783572634\n|move|p1a: Slaking|Giga Impact|p2a: Blastoise\n|-damage|p2a: Blastoise|167/258\n|-mustrecharge|p1a: Slaking\n|move|p2a: Blastoise|Shell Smash|p2a: Blastoise\n|-unboost|p2a: Blastoise|def|1\n|-unboost|p2a: Blastoise|spd|1\n|-boost|p2a: Blastoise|atk|2\n|-boost|p2a: Blastoise|spa|2\n|-boost|p2a: Blastoise|spe|2\n|-enditem|p2a: Blastoise|White Herb\n|-clearnegativeboost|p2a: Blastoise|[silent]\n|\n|-damage|p1a: Slaking|46/100 brn|[from] brn\n|upkeep\n|turn|37\n|inactive|Time left: 300 sec this turn | 300 sec total\n|\n|t:|1783572634\n|move|p2a: Blastoise|Shell Smash|p2a: Blastoise\n|-unboost|p2a: Blastoise|def|1\n|-unboost|p2a: Blastoise|spd|1\n|-boost|p2a: Blastoise|atk|2\n|-boost|p2a: Blastoise|spa|2\n|-boost|p2a: Blastoise|spe|2\n|cant|p1a: Slaking|recharge\n|\n|-damage|p1a: Slaking|40/100 brn|[from] brn\n|upkeep\n|turn|38\n|inactive|Time left: 300 sec this turn | 300 sec total\n|\n|t:|1783572635\n|move|p2a: Blastoise|Ice Beam|p1a: Slaking\n|-damage|p1a: Slaking|0 fnt\n|faint|p1a: Slaking\n|\n|-sideend|p2: p0y29153d53|move: Light Screen\n|upkeep\n|\n|t:|1783572637\n|switch|p1a: Gallade|Gallade, L80, M|100/100\n|turn|39\n|inactive|Time left: 300 sec this turn | 300 sec total\n|\n|t:|1783572638\n|-terastallize|p1a: Gallade|Fighting\n|move|p2a: Blastoise|Hydro Pump|p1a: Gallade\n|-damage|p1a: Gallade|0 fnt\n|faint|p1a: Gallade\n|\n|upkeep\n|\n|t:|1783572638\n|switch|p1a: Brute Bonnet|Brute Bonnet, L80|82/100 brn\n|turn|40\n|inactive|Time left: 300 sec this turn | 300 sec total\n|\n|t:|1783572639\n|move|p2a: Blastoise|Ice Beam|p1a: Brute Bonnet\n|-supereffective|p1a: Brute Bonnet\n|-damage|p1a: Brute Bonnet|0 fnt\n|faint|p1a: Brute Bonnet\n|-end|p1a: Brute Bonnet|Protosynthesis|[silent]\n|\n|-sideend|p2: p0y29153d53|Reflect\n|upkeep\n|\n|t:|1783572640\n|switch|p1a: Politoed|Politoed, L88, F|34/100\n|-weather|RainDance|[from] ability: Drizzle|[of] p1a: Politoed\n|turn|41\n|inactive|Time left: 300 sec this turn | 300 sec total\n|\n|t:|1783572641\n|switch|p1a: Iron Jugulis|Iron Jugulis, L77|100/100\n|move|p2a: Blastoise|Tera Blast|p1a: Iron Jugulis\n|-damage|p1a: Iron Jugulis|44/100\n|\n|-weather|RainDance|[upkeep]\n|upkeep\n|turn|42\n|inactive|Time left: 300 sec this turn | 300 sec total\n|\n|t:|1783572642\n|move|p2a: Blastoise|Tera Blast|p1a: Iron Jugulis\n|-damage|p1a: Iron Jugulis|0 fnt\n|faint|p1a: Iron Jugulis\n|-end|p1a: Iron Jugulis|Quark Drive|[silent]\n|\n|-weather|RainDance|[upkeep]\n|upkeep\n|\n|t:|1783572643\n|switch|p1a: Politoed|Politoed, L88, F|34/100\n|turn|43\n|inactive|Time left: 300 sec this turn | 300 sec total\n|\n|t:|1783572644\n|move|p2a: Blastoise|Tera Blast|p1a: Politoed\n|-damage|p1a: Politoed|0 fnt\n|faint|p1a: Politoed\n|\n|win|p0y29153d53", "uploadtime": 1783572644, "views": 0, "rating": 0, "private": 0, "password": null, "_winner": "p0y29153d53", "_our_name": "p0y29153d53"}