{"id": "battle-gen9randombattle-2901", "formatid": "gen9randombattle", "format": "[Gen 9] Random Battle", "players": ["p0x29016d34", "p0y29010b80"], "log": "|init|battle\n|title|p0x29016d34 vs. p0y29010b80\n|j|\u2606p0x29016d34\n|j|\u2606p0y29010b80\n|t:|1783572437\n|gametype|singles\n|player|p1|p0x29016d34|170|\n|player|p2|p0y29010b80|1|\n|gen|9\n|tier|[Gen 9] Random Battle\n|rule|Species Clause: Limit one of each Pok\u00e9mon\n|rule|HP Percentage Mod: HP is shown in percentages\n|rule|Sleep Clause Mod: Limit one foe put to sleep\n|rule|Illusion Level Mod: Illusion disguises the Pok\u00e9mon's true level\n|\n|t:|1783572437\n|teamsize|p1|6\n|teamsize|p2|6\n|start\n|switch|p1a: Azumarill|Azumarill, L82, F|100/100\n|switch|p2a: Morpeko|Morpeko, L88, M|245/245\n|turn|1\n|inactive|Battle timer is ON: inactive players will automatically lose when time's up. (requested by p0x29016d34)\n|inactive|Time left: 300 sec this turn | 300 sec total | 60 sec grace\n|inactive|p0y29010b80 also wants the timer to be on.\n|\n|t:|1783572439\n|switch|p1a: Avalugg|Avalugg, L88, M|100/100\n|-terastallize|p2a: Morpeko|Electric\n|move|p2a: Morpeko|Aura Wheel|p1a: Avalugg\n|-damage|p1a: Avalugg|71/100\n|-boost|p2a: Morpeko|spe|1\n|\n|upkeep\n|turn|2\n|inactive|Time left: 300 sec this turn | 300 sec total\n|\n|t:|1783572440\n|move|p2a: Morpeko|Parting Shot|p1a: Avalugg\n|-unboost|p1a: Avalugg|atk|1\n|-unboost|p1a: Avalugg|spa|1\n|inactive|Time left: 300 sec this turn | 300 sec total | 5 sec grace\n|\n|t:|1783572441\n|switch|p2a: Espeon|Espeon, L84, M|246/246|[from] Parting Shot\n|move|p1a: Avalugg|Avalanche|p2a: Espeon\n|-damage|p2a: Espeon|173/246\n|\n|upkeep\n|turn|3\n|inactive|Time left: 300 sec this turn | 300 sec total\n|\n|t:|1783572442\n|switch|p1a: Politoed|Politoed, L88, F|100/100\n|-weather|RainDance|[from] ability: Drizzle|[of] p1a: Politoed\n|move|p2a: Espeon|Psychic|p1a: Politoed\n|-damage|p1a: Politoed|53/100\n|-damage|p2a: Espeon|149/246|[from] item: Life Orb\n|\n|-weather|RainDance|[upkeep]\n|upkeep\n|turn|4\n|inactive|Time left: 300 sec this turn | 300 sec total\n|\n|t:|1783572443\n|move|p2a: Espeon|Psychic|p1a: Politoed\n|-damage|p1a: Politoed|8/100\n|-damage|p2a: Espeon|125/246|[from] item: Life Orb\n|move|p1a: Politoed|Weather Ball|p2a: Espeon\n|-damage|p2a: Espeon|0 fnt\n|faint|p2a: Espeon\n|\n|-weather|RainDance|[upkeep]\n|upkeep\n|inactive|Time left: 300 sec this turn | 300 sec total | 5 sec grace\n|\n|t:|1783572445\n|switch|p2a: Morpeko|Morpeko, L88, M, tera:Electric|245/245\n|turn|5\n|inactive|Time left: 300 sec this turn | 300 sec total\n|\n|t:|1783572445\n|switch|p1a: Avalugg|Avalugg, L88, M|71/100\n|move|p2a: Morpeko|Aura Wheel|p1a: Avalugg\n|-damage|p1a: Avalugg|42/100\n|-boost|p2a: Morpeko|spe|1\n|\n|-weather|RainDance|[upkeep]\n|upkeep\n|turn|6\n|inactive|Time left: 300 sec this turn | 300 sec total\n|\n|t:|1783572446\n|move|p2a: Morpeko|Aura Wheel|p1a: Avalugg\n|-damage|p1a: Avalugg|11/100\n|-boost|p2a: Morpeko|spe|1\n|move|p1a: Avalugg|Recover|p1a: Avalugg\n|-heal|p1a: Avalugg|61/100\n|\n|-weather|RainDance|[upkeep]\n|upkeep\n|turn|7\n|inactive|Time left: 300 sec this turn | 300 sec total\n|\n|t:|1783572447\n|move|p2a: Morpeko|Protect|p2a: Morpeko\n|-singleturn|p2a: Morpeko|Protect\n|move|p1a: Avalugg|Avalanche|p2a: Morpeko\n|-activate|p2a: Morpeko|move: Protect\n|\n|-weather|none\n|upkeep\n|turn|8\n|inactive|Time left: 300 sec this turn | 300 sec total\n|\n|t:|1783572448\n|move|p2a: Morpeko|Parting Shot|p1a: Avalugg\n|-unboost|p1a: Avalugg|atk|1\n|-unboost|p1a: Avalugg|spa|1\n|inactive|Time left: 300 sec this turn | 300 sec total | 5 sec grace\n|\n|t:|1783572449\n|switch|p2a: Gengar|Gengar, L81, M|230/230|[from] Parting Shot\n|move|p1a: Avalugg|Avalanche|p2a: Gengar\n|-damage|p2a: Gengar|158/230\n|-start|p1a: Avalugg|Disable|Avalanche|[from] ability: Cursed Body|[of] p2a: Gengar\n|\n|upkeep\n|turn|9\n|inactive|Time left: 300 sec this turn | 300 sec total\n|\n|t:|1783572451\n|switch|p1a: Politoed|Politoed, L88, F|8/100\n|-weather|RainDance|[from] ability: Drizzle|[of] p1a: Politoed\n|move|p2a: Gengar|Sludge Wave|p1a: Politoed\n|-damage|p1a: Politoed|0 fnt\n|faint|p1a: Politoed\n|-damage|p2a: Gengar|135/230|[from] item: Life Orb\n|\n|-weather|RainDance|[upkeep]\n|upkeep\n|\n|t:|1783572452\n|switch|p1a: Regidrago|Regidrago, L77|100/100\n|turn|10\n|inactive|Time left: 300 sec this turn | 300 sec total\n|\n|t:|1783572453\n|move|p2a: Gengar|Sludge Wave|p1a: Regidrago\n|-damage|p1a: Regidrago|44/100\n|-damage|p2a: Gengar|112/230|[from] item: Life Orb\n|move|p1a: Regidrago|Dragon Dance|p1a: Regidrago\n|-boost|p1a: Regidrago|atk|1\n|-boost|p1a: Regidrago|spe|1\n|\n|-weather|RainDance|[upkeep]\n|upkeep\n|turn|11\n|inactive|Time left: 300 sec this turn | 300 sec total\n|\n|t:|1783572454\n|move|p1a: Regidrago|Dragon Claw|p2a: Gengar\n|-damage|p2a: Gengar|0 fnt\n|-start|p1a: Regidrago|Disable|Dragon Claw|[from] ability: Cursed Body|[of] p2a: Gengar\n|faint|p2a: Gengar\n|-damage|p1a: Regidrago|34/100|[from] item: Life Orb\n|\n|-weather|RainDance|[upkeep]\n|upkeep\n|inactive|Time left: 300 sec this turn | 300 sec total | 5 sec grace\n|\n|t:|1783572454\n|switch|p2a: Scrafty|Scrafty, L83, M|244/244\n|turn|12\n|inactive|Time left: 300 sec this turn | 300 sec total\n|\n|t:|1783572455\n|switch|p1a: Azumarill|Azumarill, L82, F|100/100\n|move|p2a: Scrafty|Drain Punch|p1a: Azumarill\n|-resisted|p1a: Azumarill\n|-damage|p1a: Azumarill|86/100\n|\n|-weather|RainDance|[upkeep]\n|upkeep\n|turn|13\n|inactive|Time left: 300 sec this turn | 300 sec total\n|\n|t:|1783572456\n|switch|p2a: Tsareena|Tsareena, L87, F|267/267\n|move|p1a: Azumarill|Play Rough|p2a: Tsareena\n|-damage|p2a: Tsareena|174/267\n|-unboost|p2a: Tsareena|atk|1\n|\n|-weather|none\n|upkeep\n|turn|14\n|inactive|Time left: 300 sec this turn | 300 sec total\n|\n|t:|1783572457\n|switch|p1a: Avalugg|Avalugg, L88, M|61/100\n|move|p2a: Tsareena|Power Whip|p1a: Avalugg\n|-damage|p1a: Avalugg|34/100\n|\n|upkeep\n|turn|15\n|inactive|Time left: 300 sec this turn | 300 sec total\n|\n|t:|1783572458\n|move|p2a: Tsareena|Power Whip|p1a: Avalugg\n|-damage|p1a: Avalugg|5/100\n|move|p1a: Avalugg|Recover|p1a: Avalugg\n|-heal|p1a: Avalugg|55/100\n|\n|upkeep\n|turn|16\n|inactive|Time left: 300 sec this turn | 300 sec total\n|\n|t:|1783572459\n|move|p2a: Tsareena|Power Whip|p1a: Avalugg\n|-damage|p1a: Avalugg|29/100\n|move|p1a: Avalugg|Body Press|p2a: Tsareena\n|-damage|p2a: Tsareena|79/267\n|\n|upkeep\n|turn|17\n|inactive|Time left: 300 sec this turn | 300 sec total\n|\n|t:|1783572460\n|move|p2a: Tsareena|Power Whip|p1a: Avalugg\n|-damage|p1a: Avalugg|1/100\n|move|p1a: Avalugg|Recover|p1a: Avalugg\n|-heal|p1a: Avalugg|51/100\n|\n|upkeep\n|turn|18\n|inactive|Time left: 300 sec this turn | 300 sec total\n|\n|t:|1783572461\n|move|p2a: Tsareena|Power Whip|p1a: Avalugg\n|-damage|p1a: Avalugg|24/100\n|move|p1a: Avalugg|Recover|p1a: Avalugg\n|-heal|p1a: Avalugg|74/100\n|\n|upkeep\n|turn|19\n|inactive|Time left: 300 sec this turn | 300 sec total\n|\n|t:|1783572462\n|switch|p2a: Dragapult|Dragapult, L77, M|262/262\n|move|p1a: Avalugg|Body Press|p2a: Dragapult\n|-immune|p2a: Dragapult\n|\n|upkeep\n|turn|20\n|inactive|Time left: 300 sec this turn | 300 sec total\n|\n|t:|1783572463\n|-terastallize|p1a: Avalugg|Fighting\n|move|p2a: Dragapult|Will-O-Wisp|p1a: Avalugg\n|-status|p1a: Avalugg|brn\n|move|p1a: Avalugg|Avalanche|p2a: Dragapult\n|-supereffective|p2a: Dragapult\n|-damage|p2a: Dragapult|165/262\n|\n|-damage|p1a: Avalugg|68/100 brn|[from] brn\n|upkeep\n|turn|21\n|inactive|Time left: 300 sec this turn | 300 sec total\n|\n|t:|1783572463\n|move|p2a: Dragapult|Hex|p1a: Avalugg\n|-damage|p1a: Avalugg|14/100 brn\n|move|p1a: Avalugg|Avalanche|p2a: Dragapult\n|-supereffective|p2a: Dragapult\n|-damage|p2a: Dragapult|0 fnt\n|faint|p2a: Dragapult\n|\n|-damage|p1a: Avalugg|8/100 brn|[from] brn\n|upkeep\n|inactive|Time left: 300 sec this turn | 300 sec total | 5 sec grace\n|\n|t:|1783572464\n|switch|p2a: Morpeko|Morpeko, L88, M, tera:Electric|245/245\n|turn|22\n|inactive|Time left: 300 sec this turn | 300 sec total\n|\n|t:|1783572465\n|move|p2a: Morpeko|Aura Wheel|p1a: Avalugg\n|-damage|p1a: Avalugg|0 fnt\n|-boost|p2a: Morpeko|spe|1\n|faint|p1a: Avalugg\n|\n|upkeep\n|\n|t:|1783572466\n|switch|p1a: Regidrago|Regidrago, L77|34/100\n|turn|23\n|inactive|Time left: 300 sec this turn | 300 sec total\n|\n|t:|1783572466\n|move|p2a: Morpeko|Aura Wheel|p1a: Regidrago\n|-resisted|p1a: Regidrago\n|-damage|p1a: Regidrago|1/100\n|-boost|p2a: Morpeko|spe|1\n|move|p1a: Regidrago|Dragon Claw|p2a: Morpeko\n|-damage|p2a: Morpeko|53/245\n|-damage|p1a: Regidrago|0 fnt|[from] item: Life Orb\n|faint|p1a: Regidrago\n|\n|upkeep\n|\n|t:|1783572467\n|switch|p1a: Azumarill|Azumarill, L82, F|86/100\n|turn|24\n|inactive|Time left: 300 sec this turn | 300 sec total\n|\n|t:|1783572468\n|move|p1a: Azumarill|Aqua Jet|p2a: Morpeko\n|-damage|p2a: Morpeko|0 fnt\n|faint|p2a: Morpeko\n|\n|upkeep\n|inactive|Time left: 300 sec this turn | 300 sec total | 5 sec grace\n|\n|t:|1783572469\n|switch|p2a: Tsareena|Tsareena, L87, F|79/267\n|turn|25\n|inactive|Time left: 300 sec this turn | 300 sec total\n|\n|t:|1783572470\n|move|p2a: Tsareena|Power Whip|p1a: Azumarill\n|-supereffective|p1a: Azumarill\n|-crit|p1a: Azumarill\n|-damage|p1a: Azumarill|0 fnt\n|faint|p1a: Azumarill\n|\n|upkeep\n|\n|t:|1783572471\n|switch|p1a: Hitmonlee|Hitmonlee, L85, M|100/100\n|turn|26\n|inactive|Time left: 300 sec this turn | 300 sec total\n|\n|t:|1783572472\n|move|p1a: Hitmonlee|High Jump Kick|p2a: Tsareena\n|-damage|p2a: Tsareena|0 fnt\n|faint|p2a: Tsareena\n|\n|upkeep\n|inactive|Time left: 300 sec this turn | 300 sec total | 5 sec grace\n|\n|t:|1783572473\n|switch|p2a: Scrafty|Scrafty, L83, M|244/244\n|turn|27\n|inactive|Time left: 300 sec this turn | 300 sec total\n|\n|t:|1783572474\n|move|p1a: Hitmonlee|High Jump Kick|p2a: Scrafty\n|-supereffective|p2a: Scrafty\n|-crit|p2a: Scrafty\n|-damage|p2a: Scrafty|0 fnt\n|faint|p2a: Scrafty\n|\n|win|p0x29016d34", "uploadtime": 1783572474, "views": 0, "rating": 0, "private": 0, "password": null, "_winner": "p0x29016d34", "_our_name": "p0y29010b80"}