{"id": "battle-gen9randombattle-2029", "formatid": "gen9randombattle", "format": "[Gen 9] Random Battle", "players": ["p0x20299c3e", "p0y2029980f"], "log": "|init|battle\n|title|p0x20299c3e vs. p0y2029980f\n|j|\u2606p0x20299c3e\n|j|\u2606p0y2029980f\n|t:|1783562743\n|gametype|singles\n|player|p1|p0x20299c3e|101|\n|player|p2|p0y2029980f|266|\n|gen|9\n|tier|[Gen 9] Random Battle\n|rule|Species Clause: Limit one of each Pok\u00e9mon\n|rule|HP Percentage Mod: HP is shown in percentages\n|rule|Sleep Clause Mod: Limit one foe put to sleep\n|rule|Illusion Level Mod: Illusion disguises the Pok\u00e9mon's true level\n|\n|t:|1783562743\n|teamsize|p1|6\n|teamsize|p2|6\n|start\n|switch|p1a: Tyranitar|Tyranitar, L78, F|100/100\n|switch|p2a: Camerupt|Camerupt, L91, F|275/275\n|-weather|Sandstorm|[from] ability: Sand Stream|[of] p1a: Tyranitar\n|turn|1\n|inactive|Battle timer is ON: inactive players will automatically lose when time's up. (requested by p0y2029980f)\n|\n|t:|1783562745\n|move|p1a: Tyranitar|Knock Off|p2a: Camerupt\n|-damage|p2a: Camerupt|154/275\n|-enditem|p2a: Camerupt|Leftovers|[from] move: Knock Off|[of] p1a: Tyranitar\n|move|p2a: Camerupt|Stealth Rock|p1a: Tyranitar\n|-sidestart|p1: p0x20299c3e|move: Stealth Rock\n|\n|-weather|Sandstorm|[upkeep]\n|upkeep\n|turn|2\n|inactive|Time left: 300 sec this turn | 300 sec total\n|inactive|p0x20299c3e also wants the timer to be on.\n|\n|t:|1783562746\n|move|p1a: Tyranitar|Knock Off|p2a: Camerupt\n|-damage|p2a: Camerupt|64/275\n|move|p2a: Camerupt|Earthquake|p1a: Tyranitar\n|-supereffective|p1a: Tyranitar\n|-damage|p1a: Tyranitar|16/100\n|\n|-weather|Sandstorm|[upkeep]\n|-heal|p1a: Tyranitar|22/100|[from] item: Leftovers\n|upkeep\n|turn|3\n|inactive|Time left: 300 sec this turn | 300 sec total\n|\n|t:|1783562748\n|switch|p2a: Sandaconda|Sandaconda, L84, M|258/258\n|move|p1a: Tyranitar|Knock Off|p2a: Sandaconda\n|-damage|p2a: Sandaconda|167/258\n|-enditem|p2a: Sandaconda|Leftovers|[from] move: Knock Off|[of] p1a: Tyranitar\n|\n|-weather|Sandstorm|[upkeep]\n|-heal|p1a: Tyranitar|28/100|[from] item: Leftovers\n|upkeep\n|turn|4\n|inactive|Time left: 300 sec this turn | 300 sec total\n|\n|t:|1783562749\n|move|p2a: Sandaconda|Earthquake|p1a: Tyranitar\n|-supereffective|p1a: Tyranitar\n|-damage|p1a: Tyranitar|0 fnt\n|faint|p1a: Tyranitar\n|\n|-weather|Sandstorm|[upkeep]\n|upkeep\n|\n|t:|1783562750\n|switch|p1a: Toxtricity|Toxtricity, L82, M|100/100\n|-damage|p1a: Toxtricity|88/100|[from] Stealth Rock\n|turn|5\n|inactive|Time left: 300 sec this turn | 300 sec total\n|\n|t:|1783562751\n|move|p1a: Toxtricity|Boomburst|p2a: Sandaconda\n|-damage|p2a: Sandaconda|0 fnt\n|faint|p2a: Sandaconda\n|\n|-weather|none\n|upkeep\n|inactive|Time left: 300 sec this turn | 300 sec total | 5 sec grace\n|\n|t:|1783562752\n|switch|p2a: Shiftry|Shiftry, L89, M|305/305\n|turn|6\n|inactive|Time left: 300 sec this turn | 300 sec total\n|\n|t:|1783562753\n|move|p2a: Shiftry|Knock Off|p1a: Toxtricity\n|-damage|p1a: Toxtricity|14/100\n|-enditem|p1a: Toxtricity|Choice Specs|[from] move: Knock Off|[of] p2a: Shiftry\n|-damage|p2a: Shiftry|275/305|[from] item: Life Orb\n|move|p1a: Toxtricity|Boomburst|p2a: Shiftry\n|-damage|p2a: Shiftry|109/305\n|\n|upkeep\n|turn|7\n|inactive|Time left: 300 sec this turn | 300 sec total\n|\n|t:|1783562754\n|move|p2a: Shiftry|Knock Off|p1a: Toxtricity\n|-damage|p1a: Toxtricity|0 fnt\n|faint|p1a: Toxtricity\n|-damage|p2a: Shiftry|79/305|[from] item: Life Orb\n|\n|upkeep\n|\n|t:|1783562755\n|switch|p1a: Porygon-Z|Porygon-Z, L83|100/100\n|-damage|p1a: Porygon-Z|88/100|[from] Stealth Rock\n|turn|8\n|inactive|Time left: 300 sec this turn | 300 sec total\n|\n|t:|1783562755\n|switch|p2a: Giratina|Giratina, L75|349/349\n|-ability|p2a: Giratina|Pressure\n|move|p1a: Porygon-Z|Tri Attack|p2a: Giratina\n|-immune|p2a: Giratina\n|\n|upkeep\n|turn|9\n|inactive|Time left: 300 sec this turn | 300 sec total\n|\n|t:|1783562756\n|move|p1a: Porygon-Z|Tri Attack|p2a: Giratina\n|-immune|p2a: Giratina\n|move|p2a: Giratina|Calm Mind|p2a: Giratina\n|-boost|p2a: Giratina|spa|1\n|-boost|p2a: Giratina|spd|1\n|\n|upkeep\n|turn|10\n|inactive|Time left: 300 sec this turn | 300 sec total\n|\n|t:|1783562757\n|switch|p1a: Muk|Muk, L86, M|100/100\n|-damage|p1a: Muk|88/100|[from] Stealth Rock\n|move|p2a: Giratina|Calm Mind|p2a: Giratina\n|-boost|p2a: Giratina|spa|1\n|-boost|p2a: Giratina|spd|1\n|\n|-heal|p1a: Muk|94/100|[from] item: Leftovers\n|upkeep\n|turn|11\n|inactive|Time left: 300 sec this turn | 300 sec total\n|\n|t:|1783562758\n|move|p2a: Giratina|Dragon Pulse|p1a: Muk\n|-damage|p1a: Muk|51/100\n|move|p1a: Muk|Haze|p1a: Muk\n|-clearallboost\n|\n|-heal|p1a: Muk|58/100|[from] item: Leftovers\n|upkeep\n|turn|12\n|inactive|Time left: 300 sec this turn | 300 sec total\n|\n|t:|1783562759\n|move|p2a: Giratina|Dragon Pulse|p1a: Muk\n|-damage|p1a: Muk|36/100\n|move|p1a: Muk|Knock Off|p2a: Giratina\n|-supereffective|p2a: Giratina\n|-damage|p2a: Giratina|209/349\n|-enditem|p2a: Giratina|Leftovers|[from] move: Knock Off|[of] p1a: Muk\n|\n|-heal|p1a: Muk|42/100|[from] item: Leftovers\n|upkeep\n|turn|13\n|inactive|Time left: 300 sec this turn | 300 sec total\n|\n|t:|1783562760\n|move|p2a: Giratina|Dragon Pulse|p1a: Muk\n|-damage|p1a: Muk|20/100\n|move|p1a: Muk|Poison Jab|p2a: Giratina\n|-resisted|p2a: Giratina\n|-damage|p2a: Giratina|166/349\n|-status|p2a: Giratina|psn\n|\n|-heal|p1a: Muk|26/100|[from] item: Leftovers\n|-damage|p2a: Giratina|123/349 psn|[from] psn\n|upkeep\n|turn|14\n|inactive|Time left: 300 sec this turn | 300 sec total\n|\n|t:|1783562760\n|move|p2a: Giratina|Rest|p2a: Giratina\n|-status|p2a: Giratina|slp|[from] move: Rest\n|-heal|p2a: Giratina|349/349 slp|[silent]\n|move|p1a: Muk|Knock Off|p2a: Giratina\n|-supereffective|p2a: Giratina\n|-damage|p2a: Giratina|251/349 slp\n|\n|-heal|p1a: Muk|32/100|[from] item: Leftovers\n|upkeep\n|turn|15\n|inactive|Time left: 300 sec this turn | 300 sec total\n|\n|t:|1783562761\n|cant|p2a: Giratina|slp\n|move|p2a: Giratina|Sleep Talk|p2a: Giratina\n|move|p2a: Giratina|Calm Mind|p2a: Giratina|[from] move: Sleep Talk\n|-boost|p2a: Giratina|spa|1\n|-boost|p2a: Giratina|spd|1\n|move|p1a: Muk|Knock Off|p2a: Giratina\n|-supereffective|p2a: Giratina\n|-damage|p2a: Giratina|151/349 slp\n|\n|-heal|p1a: Muk|39/100|[from] item: Leftovers\n|upkeep\n|turn|16\n|inactive|Time left: 300 sec this turn | 300 sec total\n|\n|t:|1783562762\n|cant|p2a: Giratina|slp\n|move|p2a: Giratina|Sleep Talk|p2a: Giratina\n|move|p2a: Giratina|Rest||[from] move: Sleep Talk|[still]\n|-fail|p2a: Giratina\n|move|p1a: Muk|Knock Off|p2a: Giratina\n|-supereffective|p2a: Giratina\n|-damage|p2a: Giratina|55/349 slp\n|\n|-heal|p1a: Muk|45/100|[from] item: Leftovers\n|upkeep\n|turn|17\n|inactive|Time left: 300 sec this turn | 300 sec total\n|\n|t:|1783562763\n|-curestatus|p2a: Giratina|slp|[msg]\n|move|p2a: Giratina|Rest|p2a: Giratina\n|-status|p2a: Giratina|slp|[from] move: Rest\n|-heal|p2a: Giratina|349/349 slp|[silent]\n|move|p1a: Muk|Knock Off|p2a: Giratina\n|-supereffective|p2a: Giratina\n|-damage|p2a: Giratina|259/349 slp\n|\n|-heal|p1a: Muk|51/100|[from] item: Leftovers\n|upkeep\n|turn|18\n|inactive|Time left: 300 sec this turn | 300 sec total\n|\n|t:|1783562764\n|cant|p2a: Giratina|slp\n|move|p2a: Giratina|Sleep Talk|p2a: Giratina\n|move|p2a: Giratina|Rest||[from] move: Sleep Talk|[still]\n|-fail|p2a: Giratina\n|move|p1a: Muk|Haze|p1a: Muk\n|-clearallboost\n|\n|-heal|p1a: Muk|57/100|[from] item: Leftovers\n|upkeep\n|turn|19\n|inactive|Time left: 300 sec this turn | 300 sec total\n|\n|t:|1783562765\n|cant|p2a: Giratina|slp\n|move|p2a: Giratina|Sleep Talk|p2a: Giratina\n|move|p2a: Giratina|Calm Mind|p2a: Giratina|[from] move: Sleep Talk\n|-boost|p2a: Giratina|spa|1\n|-boost|p2a: Giratina|spd|1\n|move|p1a: Muk|Knock Off|p2a: Giratina\n|-supereffective|p2a: Giratina\n|-damage|p2a: Giratina|175/349 slp\n|\n|-heal|p1a: Muk|63/100|[from] item: Leftovers\n|upkeep\n|turn|20\n|inactive|Time left: 300 sec this turn | 300 sec total\n|\n|t:|1783562766\n|-curestatus|p2a: Giratina|slp|[msg]\n|move|p2a: Giratina|Dragon Pulse|p1a: Muk\n|-crit|p1a: Muk\n|-damage|p1a: Muk|14/100\n|move|p1a: Muk|Knock Off|p2a: Giratina\n|-supereffective|p2a: Giratina\n|-damage|p2a: Giratina|89/349\n|\n|-heal|p1a: Muk|20/100|[from] item: Leftovers\n|upkeep\n|turn|21\n|inactive|Time left: 300 sec this turn | 300 sec total\n|\n|t:|1783562767\n|move|p2a: Giratina|Dragon Pulse|p1a: Muk\n|-damage|p1a: Muk|0 fnt\n|faint|p1a: Muk\n|\n|upkeep\n|\n|t:|1783562768\n|switch|p1a: Iron Bundle|Iron Bundle, L78|100/100\n|turn|22\n|inactive|Time left: 300 sec this turn | 300 sec total\n|\n|t:|1783562769\n|-terastallize|p2a: Giratina|Fairy\n|move|p1a: Iron Bundle|Ice Beam|p2a: Giratina\n|-damage|p2a: Giratina|34/349\n|move|p2a: Giratina|Rest|p2a: Giratina\n|-status|p2a: Giratina|slp|[from] move: Rest\n|-heal|p2a: Giratina|349/349 slp|[silent]\n|\n|upkeep\n|turn|23\n|inactive|Time left: 300 sec this turn | 300 sec total\n|\n|t:|1783562770\n|move|p1a: Iron Bundle|Encore|p2a: Giratina\n|-start|p2a: Giratina|Encore\n|cant|p2a: Giratina|slp\n|\n|upkeep\n|turn|24\n|inactive|Time left: 300 sec this turn | 300 sec total\n|\n|t:|1783562771\n|move|p1a: Iron Bundle|Hydro Pump|p2a: Giratina\n|-damage|p2a: Giratina|271/349 slp\n|cant|p2a: Giratina|slp\n|\n|upkeep\n|turn|25\n|inactive|Time left: 300 sec this turn | 300 sec total\n|\n|t:|1783562772\n|move|p1a: Iron Bundle|Ice Beam|p2a: Giratina\n|-damage|p2a: Giratina|213/349 slp\n|-curestatus|p2a: Giratina|slp|[msg]\n|move|p2a: Giratina|Rest|p2a: Giratina\n|-status|p2a: Giratina|slp|[from] move: Rest\n|-heal|p2a: Giratina|349/349 slp|[silent]\n|\n|-end|p2a: Giratina|Encore\n|upkeep\n|turn|26\n|inactive|Time left: 300 sec this turn | 300 sec total\n|\n|t:|1783562774\n|move|p1a: Iron Bundle|Encore|p2a: Giratina\n|-start|p2a: Giratina|Encore\n|cant|p2a: Giratina|slp\n|\n|upkeep\n|turn|27\n|inactive|Time left: 300 sec this turn | 300 sec total\n|\n|t:|1783562775\n|move|p1a: Iron Bundle|Hydro Pump|p2a: Giratina\n|-damage|p2a: Giratina|270/349 slp\n|cant|p2a: Giratina|slp\n|\n|upkeep\n|turn|28\n|inactive|Time left: 300 sec this turn | 300 sec total\n|\n|t:|1783562776\n|-end|p1a: Iron Bundle|Quark Drive|[silent]\n|switch|p1a: Toucannon|Toucannon, L88, M|100/100\n|-curestatus|p2a: Giratina|slp|[msg]\n|move|p2a: Giratina|Rest|p2a: Giratina\n|-status|p2a: Giratina|slp|[from] move: Rest\n|-heal|p2a: Giratina|349/349 slp|[silent]\n|\n|-end|p2a: Giratina|Encore\n|upkeep\n|turn|29\n|inactive|Time left: 300 sec this turn | 300 sec total\n|\n|t:|1783562777\n|-singleturn|p1a: Toucannon|move: Beak Blast\n|cant|p2a: Giratina|slp\n|move|p2a: Giratina|Sleep Talk|p2a: Giratina\n|move|p2a: Giratina|Rest||[from] move: Sleep Talk|[still]\n|-fail|p2a: Giratina\n|move|p1a: Toucannon|Beak Blast|p2a: Giratina\n|-damage|p2a: Giratina|223/349 slp\n|\n|upkeep\n|turn|30\n|inactive|Time left: 300 sec this turn | 300 sec total\n|\n|t:|1783562778\n|-singleturn|p1a: Toucannon|move: Beak Blast\n|cant|p2a: Giratina|slp\n|move|p2a: Giratina|Sleep Talk|p2a: Giratina\n|move|p2a: Giratina|Rest||[from] move: Sleep Talk|[still]\n|-fail|p2a: Giratina\n|move|p1a: Toucannon|Beak Blast|p2a: Giratina\n|-damage|p2a: Giratina|108/349 slp\n|\n|upkeep\n|turn|31\n|inactive|Time left: 300 sec this turn | 300 sec total\n|\n|t:|1783562778\n|-singleturn|p1a: Toucannon|move: Beak Blast\n|-curestatus|p2a: Giratina|slp|[msg]\n|move|p2a: Giratina|Rest|p2a: Giratina\n|-status|p2a: Giratina|slp|[from] move: Rest\n|-heal|p2a: Giratina|349/349 slp|[silent]\n|move|p1a: Toucannon|Beak Blast|p2a: Giratina\n|-damage|p2a: Giratina|220/349 slp\n|\n|upkeep\n|turn|32\n|inactive|Time left: 300 sec this turn | 300 sec total\n|\n|t:|1783562779\n|-singleturn|p1a: Toucannon|move: Beak Blast\n|cant|p2a: Giratina|slp\n|move|p2a: Giratina|Sleep Talk|p2a: Giratina\n|move|p2a: Giratina|Dragon Pulse|p1a: Toucannon|[from] move: Sleep Talk\n|-damage|p1a: Toucannon|56/100\n|move|p1a: Toucannon|Beak Blast|p2a: Giratina\n|-damage|p2a: Giratina|105/349 slp\n|\n|upkeep\n|turn|33\n|inactive|Time left: 300 sec this turn | 300 sec total\n|\n|t:|1783562780\n|-singleturn|p1a: Toucannon|move: Beak Blast\n|cant|p2a: Giratina|slp\n|move|p2a: Giratina|Sleep Talk|p2a: Giratina\n|move|p2a: Giratina|Calm Mind|p2a: Giratina|[from] move: Sleep Talk\n|-boost|p2a: Giratina|spa|1\n|-boost|p2a: Giratina|spd|1\n|move|p1a: Toucannon|Beak Blast|p2a: Giratina\n|-damage|p2a: Giratina|0 fnt\n|faint|p2a: Giratina\n|\n|upkeep\n|inactive|Time left: 300 sec this turn | 300 sec total | 5 sec grace\n|\n|t:|1783562781\n|switch|p2a: Shiftry|Shiftry, L89, M|79/305\n|turn|34\n|inactive|Time left: 300 sec this turn | 300 sec total\n|\n|t:|1783562782\n|move|p2a: Shiftry|Knock Off|p1a: Toucannon\n|-damage|p1a: Toucannon|0 fnt\n|-enditem|p1a: Toucannon|Heavy-Duty Boots|[from] move: Knock Off|[of] p2a: Shiftry\n|faint|p1a: Toucannon\n|-damage|p2a: Shiftry|49/305|[from] item: Life Orb\n|\n|upkeep\n|\n|t:|1783562783\n|switch|p1a: Iron Bundle|Iron Bundle, L78|100/100\n|turn|35\n|inactive|Time left: 300 sec this turn | 300 sec total\n|\n|t:|1783562784\n|move|p1a: Iron Bundle|Ice Beam|p2a: Shiftry\n|-supereffective|p2a: Shiftry\n|-damage|p2a: Shiftry|0 fnt\n|faint|p2a: Shiftry\n|\n|upkeep\n|inactive|Time left: 300 sec this turn | 300 sec total | 5 sec grace\n|\n|t:|1783562785\n|switch|p2a: Corviknight|Corviknight, L80, F|288/288\n|turn|36\n|inactive|Time left: 300 sec this turn | 300 sec total\n|\n|t:|1783562786\n|move|p1a: Iron Bundle|Hydro Pump|p2a: Corviknight\n|-damage|p2a: Corviknight|143/288\n|move|p2a: Corviknight|U-turn|p1a: Iron Bundle\n|-damage|p1a: Iron Bundle|81/100\n|inactive|Time left: 300 sec this turn | 300 sec total | 5 sec grace\n|\n|t:|1783562787\n|switch|p2a: Zangoose|Zangoose, L85, M|263/263|[from] U-turn\n|\n|-status|p2a: Zangoose|tox|[from] item: Toxic Orb\n|upkeep\n|turn|37\n|inactive|Time left: 300 sec this turn | 300 sec total\n|\n|t:|1783562787\n|-terastallize|p1a: Iron Bundle|Ice\n|move|p1a: Iron Bundle|Ice Beam|p2a: Zangoose\n|-damage|p2a: Zangoose|75/263 tox\n|move|p2a: Zangoose|Facade|p1a: Iron Bundle\n|-damage|p1a: Iron Bundle|0 fnt\n|faint|p1a: Iron Bundle\n|-end|p1a: Iron Bundle|Quark Drive|[silent]\n|\n|-damage|p2a: Zangoose|59/263 tox|[from] psn\n|upkeep\n|\n|t:|1783562788\n|switch|p1a: Porygon-Z|Porygon-Z, L83|88/100\n|-damage|p1a: Porygon-Z|76/100|[from] Stealth Rock\n|turn|38\n|inactive|Time left: 300 sec this turn | 300 sec total\n|\n|t:|1783562789\n|switch|p2a: Camerupt|Camerupt, L91, F|64/275\n|move|p1a: Porygon-Z|Tri Attack|p2a: Camerupt\n|-damage|p2a: Camerupt|0 fnt\n|faint|p2a: Camerupt\n|\n|upkeep\n|inactive|Time left: 300 sec this turn | 300 sec total | 5 sec grace\n|\n|t:|1783562790\n|switch|p2a: Corviknight|Corviknight, L80, F|143/288\n|turn|39\n|inactive|Time left: 300 sec this turn | 300 sec total\n|\n|t:|1783562791\n|move|p1a: Porygon-Z|Tri Attack|p2a: Corviknight\n|-resisted|p2a: Corviknight\n|-damage|p2a: Corviknight|69/288\n|move|p2a: Corviknight|Roost|p2a: Corviknight\n|-heal|p2a: Corviknight|213/288\n|-singleturn|p2a: Corviknight|move: Roost\n|\n|-heal|p2a: Corviknight|231/288|[from] item: Leftovers\n|upkeep\n|turn|40\n|inactive|Time left: 300 sec this turn | 300 sec total\n|\n|t:|1783562792\n|move|p1a: Porygon-Z|Tri Attack|p2a: Corviknight\n|-resisted|p2a: Corviknight\n|-damage|p2a: Corviknight|156/288\n|-status|p2a: Corviknight|par\n|move|p2a: Corviknight|Brave Bird|p1a: Porygon-Z\n|-damage|p1a: Porygon-Z|29/100\n|-damage|p2a: Corviknight|113/288 par|[from] Recoil\n|\n|-heal|p2a: Corviknight|131/288 par|[from] item: Leftovers\n|upkeep\n|turn|41\n|inactive|Time left: 300 sec this turn | 300 sec total\n|\n|t:|1783562792\n|move|p1a: Porygon-Z|Tri Attack|p2a: Corviknight\n|-resisted|p2a: Corviknight\n|-damage|p2a: Corviknight|48/288 par\n|move|p2a: Corviknight|Brave Bird|p1a: Porygon-Z\n|-damage|p1a: Porygon-Z|0 fnt\n|faint|p1a: Porygon-Z\n|-damage|p2a: Corviknight|22/288 par|[from] Recoil\n|\n|win|p0y2029980f", "uploadtime": 1783562792, "views": 0, "rating": 0, "private": 0, "password": null, "_winner": "p0y2029980f", "_our_name": "p0y2029980f"}