{"id": "battle-gen9randombattle-2217", "formatid": "gen9randombattle", "format": "[Gen 9] Random Battle", "players": ["p0x22171974", "p0y22179ce9"], "log": "|init|battle\n|title|p0x22171974 vs. p0y22179ce9\n|j|\u2606p0x22171974\n|j|\u2606p0y22179ce9\n|t:|1783564749\n|gametype|singles\n|player|p1|p0x22171974|170|\n|player|p2|p0y22179ce9|169|\n|gen|9\n|tier|[Gen 9] Random Battle\n|rule|Species Clause: Limit one of each Pok\u00e9mon\n|rule|HP Percentage Mod: HP is shown in percentages\n|rule|Sleep Clause Mod: Limit one foe put to sleep\n|rule|Illusion Level Mod: Illusion disguises the Pok\u00e9mon's true level\n|\n|t:|1783564749\n|teamsize|p1|6\n|teamsize|p2|6\n|start\n|switch|p1a: Mewtwo|Mewtwo, L72|100/100\n|switch|p2a: Wugtrio|Wugtrio, L91, M|212/212\n|-ability|p1a: Mewtwo|Pressure\n|turn|1\n|inactive|Battle timer is ON: inactive players will automatically lose when time's up. (requested by p0y22179ce9)\n|inactive|p0x22171974 also wants the timer to be on.\n|\n|t:|1783564751\n|move|p2a: Wugtrio|Liquidation|p1a: Mewtwo\n|-damage|p1a: Mewtwo|38/100\n|move|p1a: Mewtwo|Psystrike|p2a: Wugtrio\n|-damage|p2a: Wugtrio|16/212\n|-damage|p1a: Mewtwo|28/100|[from] item: Life Orb\n|\n|upkeep\n|turn|2\n|inactive|Time left: 300 sec this turn | 300 sec total\n|\n|t:|1783564752\n|switch|p1a: Gyarados|Gyarados, L79, M|100/100\n|-ability|p1a: Gyarados|Intimidate|boost\n|-unboost|p2a: Wugtrio|atk|1\n|move|p2a: Wugtrio|Liquidation|p1a: Gyarados\n|-resisted|p1a: Gyarados\n|-damage|p1a: Gyarados|78/100\n|\n|upkeep\n|turn|3\n|inactive|Time left: 300 sec this turn | 300 sec total\n|\n|t:|1783564753\n|move|p2a: Wugtrio|Liquidation|p1a: Gyarados\n|-resisted|p1a: Gyarados\n|-damage|p1a: Gyarados|56/100\n|move|p1a: Gyarados|Dragon Dance|p1a: Gyarados\n|-boost|p1a: Gyarados|atk|1\n|-boost|p1a: Gyarados|spe|1\n|\n|upkeep\n|turn|4\n|inactive|Time left: 300 sec this turn | 300 sec total\n|\n|t:|1783564754\n|move|p2a: Wugtrio|Liquidation|p1a: Gyarados\n|-resisted|p1a: Gyarados\n|-damage|p1a: Gyarados|35/100\n|move|p1a: Gyarados|Dragon Dance|p1a: Gyarados\n|-boost|p1a: Gyarados|atk|1\n|-boost|p1a: Gyarados|spe|1\n|\n|upkeep\n|turn|5\n|inactive|Time left: 300 sec this turn | 300 sec total\n|\n|t:|1783564755\n|move|p1a: Gyarados|Stone Edge|p2a: Wugtrio\n|-damage|p2a: Wugtrio|0 fnt\n|faint|p2a: Wugtrio\n|\n|upkeep\n|inactive|Time left: 300 sec this turn | 300 sec total | 5 sec grace\n|\n|t:|1783564756\n|switch|p2a: Sylveon|Sylveon, L85, M|300/300\n|turn|6\n|inactive|Time left: 300 sec this turn | 300 sec total\n|\n|t:|1783564757\n|move|p1a: Gyarados|Waterfall|p2a: Sylveon\n|-damage|p2a: Sylveon|78/300\n|move|p2a: Sylveon|Hyper Voice|p1a: Gyarados\n|-damage|p1a: Gyarados|0 fnt\n|faint|p1a: Gyarados\n|\n|-heal|p2a: Sylveon|96/300|[from] item: Leftovers\n|upkeep\n|\n|t:|1783564758\n|switch|p1a: Mewtwo|Mewtwo, L72|28/100\n|-ability|p1a: Mewtwo|Pressure\n|turn|7\n|inactive|Time left: 300 sec this turn | 300 sec total\n|\n|t:|1783564759\n|move|p1a: Mewtwo|Psystrike|p2a: Sylveon\n|-crit|p2a: Sylveon\n|-damage|p2a: Sylveon|0 fnt\n|faint|p2a: Sylveon\n|-damage|p1a: Mewtwo|18/100|[from] item: Life Orb\n|\n|upkeep\n|inactive|Time left: 300 sec this turn | 300 sec total | 5 sec grace\n|\n|t:|1783564760\n|switch|p2a: Hoopa|Hoopa, L85|275/275\n|turn|8\n|inactive|Time left: 300 sec this turn | 300 sec total\n|\n|t:|1783564762\n|switch|p1a: Mandibuzz|Mandibuzz, L85, F|100/100\n|move|p2a: Hoopa|Nasty Plot|p2a: Hoopa\n|-boost|p2a: Hoopa|spa|2\n|\n|upkeep\n|turn|9\n|inactive|Time left: 300 sec this turn | 300 sec total\n|\n|t:|1783564763\n|switch|p2a: Masquerain|Masquerain, L87, M|264/264\n|-ability|p2a: Masquerain|Intimidate|boost\n|-unboost|p1a: Mandibuzz|atk|1\n|move|p1a: Mandibuzz|Foul Play|p2a: Masquerain\n|-damage|p2a: Masquerain|174/264\n|\n|upkeep\n|turn|10\n|inactive|Time left: 300 sec this turn | 300 sec total\n|\n|t:|1783564764\n|move|p2a: Masquerain|Sticky Web|p1a: Mandibuzz\n|-sidestart|p1: p0x22171974|move: Sticky Web\n|move|p1a: Mandibuzz|Foul Play|p2a: Masquerain\n|-damage|p2a: Masquerain|72/264\n|\n|upkeep\n|turn|11\n|inactive|Time left: 300 sec this turn | 300 sec total\n|\n|t:|1783564765\n|switch|p2a: Whiscash|Whiscash, L88, M|337/337\n|move|p1a: Mandibuzz|Foul Play|p2a: Whiscash\n|-damage|p2a: Whiscash|244/337\n|\n|upkeep\n|turn|12\n|inactive|Time left: 300 sec this turn | 300 sec total\n|\n|t:|1783564766\n|switch|p1a: Conkeldurr|Conkeldurr, L80, M|100/100\n|-activate|p1a: Conkeldurr|move: Sticky Web\n|-unboost|p1a: Conkeldurr|spe|1\n|move|p2a: Whiscash|Dragon Dance|p2a: Whiscash\n|-boost|p2a: Whiscash|atk|1\n|-boost|p2a: Whiscash|spe|1\n|\n|-status|p1a: Conkeldurr|brn|[from] item: Flame Orb\n|upkeep\n|turn|13\n|inactive|Time left: 300 sec this turn | 300 sec total\n|\n|t:|1783564767\n|move|p2a: Whiscash|Earthquake|p1a: Conkeldurr\n|-damage|p1a: Conkeldurr|38/100 brn\n|-damage|p2a: Whiscash|211/337|[from] item: Life Orb\n|move|p1a: Conkeldurr|Close Combat|p2a: Whiscash\n|-damage|p2a: Whiscash|0 fnt\n|-unboost|p1a: Conkeldurr|def|1\n|-unboost|p1a: Conkeldurr|spd|1\n|faint|p2a: Whiscash\n|\n|-damage|p1a: Conkeldurr|32/100 brn|[from] brn\n|upkeep\n|inactive|Time left: 300 sec this turn | 300 sec total | 5 sec grace\n|\n|t:|1783564768\n|switch|p2a: Hoopa|Hoopa, L85|275/275\n|turn|14\n|inactive|Time left: 300 sec this turn | 300 sec total\n|\n|t:|1783564769\n|switch|p1a: Mandibuzz|Mandibuzz, L85, F|100/100\n|move|p2a: Hoopa|Psychic|p1a: Mandibuzz\n|-immune|p1a: Mandibuzz\n|\n|upkeep\n|turn|15\n|inactive|Time left: 300 sec this turn | 300 sec total\n|\n|t:|1783564770\n|switch|p2a: Scizor|Scizor, L79, M|240/240\n|move|p1a: Mandibuzz|Foul Play|p2a: Scizor\n|-damage|p2a: Scizor|120/240\n|\n|-heal|p2a: Scizor|135/240|[from] item: Leftovers\n|upkeep\n|turn|16\n|inactive|Time left: 300 sec this turn | 300 sec total\n|\n|t:|1783564771\n|move|p1a: Mandibuzz|Foul Play|p2a: Scizor\n|-damage|p2a: Scizor|11/240\n|move|p2a: Scizor|U-turn|p1a: Mandibuzz\n|-damage|p1a: Mandibuzz|78/100\n|inactive|Time left: 300 sec this turn | 300 sec total | 5 sec grace\n|\n|t:|1783564771\n|switch|p2a: Masquerain|Masquerain, L87, M|72/264|[from] U-turn\n|-ability|p2a: Masquerain|Intimidate|boost\n|-unboost|p1a: Mandibuzz|atk|1\n|\n|upkeep\n|turn|17\n|inactive|Time left: 300 sec this turn | 300 sec total\n|\n|t:|1783564772\n|move|p2a: Masquerain|Hurricane|p1a: Mandibuzz|[miss]\n|-miss|p2a: Masquerain|p1a: Mandibuzz\n|move|p1a: Mandibuzz|Foul Play|p2a: Masquerain\n|-damage|p2a: Masquerain|0 fnt\n|faint|p2a: Masquerain\n|\n|upkeep\n|inactive|Time left: 300 sec this turn | 300 sec total | 5 sec grace\n|\n|t:|1783564773\n|switch|p2a: Scizor|Scizor, L79, M|11/240\n|turn|18\n|inactive|Time left: 300 sec this turn | 300 sec total\n|\n|t:|1783564774\n|move|p1a: Mandibuzz|Foul Play|p2a: Scizor\n|-damage|p2a: Scizor|0 fnt\n|faint|p2a: Scizor\n|\n|upkeep\n|inactive|Time left: 300 sec this turn | 300 sec total | 5 sec grace\n|\n|t:|1783564775\n|switch|p2a: Hoopa|Hoopa, L85|275/275\n|turn|19\n|inactive|Time left: 300 sec this turn | 300 sec total\n|\n|t:|1783564775\n|-terastallize|p1a: Mandibuzz|Steel\n|-terastallize|p2a: Hoopa|Ghost\n|move|p1a: Mandibuzz|Foul Play|p2a: Hoopa\n|-supereffective|p2a: Hoopa\n|-damage|p2a: Hoopa|39/275\n|move|p2a: Hoopa|Nasty Plot|p2a: Hoopa\n|-boost|p2a: Hoopa|spa|2\n|\n|upkeep\n|turn|20\n|inactive|Time left: 300 sec this turn | 300 sec total\n|\n|t:|1783564776\n|move|p1a: Mandibuzz|Foul Play|p2a: Hoopa\n|-supereffective|p2a: Hoopa\n|-damage|p2a: Hoopa|0 fnt\n|faint|p2a: Hoopa\n|\n|win|p0x22171974", "uploadtime": 1783564776, "views": 0, "rating": 0, "private": 0, "password": null, "_winner": "p0x22171974", "_our_name": "p0y22179ce9"}