{"id": "battle-gen9randombattle-1528", "formatid": "gen9randombattle", "format": "[Gen 9] Random Battle", "players": ["p0x1528c38e", "p0y15281537"], "log": "|init|battle\n|title|p0x1528c38e vs. p0y15281537\n|j|\u2606p0x1528c38e\n|j|\u2606p0y15281537\n|t:|1783556845\n|gametype|singles\n|player|p1|p0x1528c38e|102|\n|player|p2|p0y15281537|2|\n|gen|9\n|tier|[Gen 9] Random Battle\n|rule|Species Clause: Limit one of each Pok\u00e9mon\n|rule|HP Percentage Mod: HP is shown in percentages\n|rule|Sleep Clause Mod: Limit one foe put to sleep\n|rule|Illusion Level Mod: Illusion disguises the Pok\u00e9mon's true level\n|\n|t:|1783556845\n|teamsize|p1|6\n|teamsize|p2|6\n|start\n|switch|p1a: Vaporeon|Vaporeon, L86, F|364/364\n|switch|p2a: Piloswine|Piloswine, L85, F|100/100\n|turn|1\n|inactive|Battle timer is ON: inactive players will automatically lose when time's up. (requested by p0x1528c38e)\n|inactive|p0y15281537 also wants the timer to be on.\n|\n|t:|1783556846\n|move|p1a: Vaporeon|Scald|p2a: Piloswine\n|-supereffective|p2a: Piloswine\n|-damage|p2a: Piloswine|42/100\n|-status|p2a: Piloswine|brn\n|move|p2a: Piloswine|Stealth Rock|p1a: Vaporeon\n|-sidestart|p1: p0x1528c38e|move: Stealth Rock\n|\n|-damage|p2a: Piloswine|35/100 brn|[from] brn\n|upkeep\n|turn|2\n|inactive|Time left: 300 sec this turn | 300 sec total\n|\n|t:|1783556848\n|move|p1a: Vaporeon|Scald|p2a: Piloswine\n|-supereffective|p2a: Piloswine\n|-damage|p2a: Piloswine|0 fnt\n|faint|p2a: Piloswine\n|\n|upkeep\n|\n|t:|1783556849\n|switch|p2a: Jolteon|Jolteon, L84, M|100/100\n|turn|3\n|inactive|Time left: 300 sec this turn | 300 sec total\n|\n|t:|1783556850\n|move|p2a: Jolteon|Calm Mind|p2a: Jolteon\n|-boost|p2a: Jolteon|spa|1\n|-boost|p2a: Jolteon|spd|1\n|move|p1a: Vaporeon|Scald|p2a: Jolteon\n|-damage|p2a: Jolteon|74/100\n|-status|p2a: Jolteon|brn\n|\n|-damage|p2a: Jolteon|68/100 brn|[from] brn\n|upkeep\n|turn|4\n|inactive|Time left: 300 sec this turn | 300 sec total\n|\n|t:|1783556851\n|switch|p1a: Gastrodon|Gastrodon-East, L86, M|331/331\n|-damage|p1a: Gastrodon|311/331|[from] Stealth Rock\n|move|p2a: Jolteon|Thunderbolt|p1a: Gastrodon\n|-immune|p1a: Gastrodon\n|\n|-heal|p1a: Gastrodon|331/331|[from] item: Leftovers\n|-damage|p2a: Jolteon|61/100 brn|[from] brn\n|upkeep\n|turn|5\n|inactive|Time left: 300 sec this turn | 300 sec total\n|\n|t:|1783556852\n|switch|p2a: Rayquaza|Rayquaza, L72|100/100\n|-ability|p2a: Rayquaza|Air Lock\n|move|p1a: Gastrodon|Earthquake|p2a: Rayquaza\n|-immune|p2a: Rayquaza\n|\n|upkeep\n|turn|6\n|inactive|Time left: 300 sec this turn | 300 sec total\n|\n|t:|1783556854\n|move|p2a: Rayquaza|Swords Dance|p2a: Rayquaza\n|-boost|p2a: Rayquaza|atk|2\n|move|p1a: Gastrodon|Sludge Bomb|p2a: Rayquaza\n|-damage|p2a: Rayquaza|74/100\n|\n|upkeep\n|turn|7\n|inactive|Time left: 300 sec this turn | 300 sec total\n|\n|t:|1783556855\n|move|p2a: Rayquaza|Scale Shot|p1a: Gastrodon\n|-damage|p1a: Gastrodon|271/331\n|-damage|p1a: Gastrodon|210/331\n|-damage|p1a: Gastrodon|143/331\n|-damage|p1a: Gastrodon|83/331\n|-crit|p1a: Gastrodon\n|-damage|p1a: Gastrodon|0 fnt\n|faint|p1a: Gastrodon\n|-hitcount|p1: Gastrodon|5\n|-unboost|p2a: Rayquaza|def|1\n|-boost|p2a: Rayquaza|spe|1\n|\n|upkeep\n|inactive|Time left: 300 sec this turn | 300 sec total | 5 sec grace\n|\n|t:|1783556856\n|switch|p1a: Gurdurr|Gurdurr, L85, F|283/283\n|-damage|p1a: Gurdurr|266/283|[from] Stealth Rock\n|turn|8\n|inactive|Time left: 300 sec this turn | 300 sec total\n|\n|t:|1783556857\n|-terastallize|p1a: Gurdurr|Steel\n|move|p2a: Rayquaza|Earthquake|p1a: Gurdurr\n|-supereffective|p1a: Gurdurr\n|-damage|p1a: Gurdurr|78/283\n|move|p1a: Gurdurr|Drain Punch|p2a: Rayquaza\n|-resisted|p2a: Rayquaza\n|-damage|p2a: Rayquaza|49/100\n|-heal|p1a: Gurdurr|113/283|[from] drain|[of] p2a: Rayquaza\n|\n|upkeep\n|turn|9\n|inactive|Time left: 300 sec this turn | 300 sec total\n|\n|t:|1783556858\n|switch|p1a: Landorus|Landorus, L75, M|257/257\n|-damage|p1a: Landorus|225/257|[from] Stealth Rock\n|move|p2a: Rayquaza|Earthquake|p1a: Landorus\n|-immune|p1a: Landorus\n|\n|upkeep\n|turn|10\n|inactive|Time left: 300 sec this turn | 300 sec total\n|\n|t:|1783556859\n|switch|p1a: Gurdurr|Gurdurr, L85, F, tera:Steel|113/283\n|-damage|p1a: Gurdurr|96/283|[from] Stealth Rock\n|move|p2a: Rayquaza|Scale Shot|p1a: Gurdurr\n|-resisted|p1a: Gurdurr\n|-damage|p1a: Gurdurr|78/283\n|-resisted|p1a: Gurdurr\n|-damage|p1a: Gurdurr|59/283\n|-resisted|p1a: Gurdurr\n|-damage|p1a: Gurdurr|40/283\n|-resisted|p1a: Gurdurr\n|-damage|p1a: Gurdurr|20/283\n|-hitcount|p1a: Gurdurr|4\n|-unboost|p2a: Rayquaza|def|1\n|-boost|p2a: Rayquaza|spe|1\n|\n|upkeep\n|turn|11\n|inactive|Time left: 300 sec this turn | 300 sec total\n|\n|t:|1783556860\n|move|p1a: Gurdurr|Mach Punch|p2a: Rayquaza\n|-resisted|p2a: Rayquaza\n|-damage|p2a: Rayquaza|30/100\n|move|p2a: Rayquaza|Scale Shot|p1a: Gurdurr\n|-resisted|p1a: Gurdurr\n|-damage|p1a: Gurdurr|0 fnt\n|faint|p1a: Gurdurr\n|-hitcount|p1: Gurdurr|1\n|-unboost|p2a: Rayquaza|def|1\n|-boost|p2a: Rayquaza|spe|1\n|\n|upkeep\n|inactive|Time left: 300 sec this turn | 300 sec total | 5 sec grace\n|\n|t:|1783556861\n|switch|p1a: Infernape|Infernape, L82, F|259/259\n|-damage|p1a: Infernape|227/259|[from] Stealth Rock\n|turn|12\n|inactive|Time left: 300 sec this turn | 300 sec total\n|\n|t:|1783556862\n|move|p1a: Infernape|Mach Punch|p2a: Rayquaza\n|-resisted|p2a: Rayquaza\n|-damage|p2a: Rayquaza|0 fnt\n|faint|p2a: Rayquaza\n|-damage|p1a: Infernape|202/259|[from] item: Life Orb\n|\n|upkeep\n|\n|t:|1783556864\n|switch|p2a: Delphox|Delphox, L84, M|100/100\n|turn|13\n|inactive|Time left: 300 sec this turn | 300 sec total\n|\n|t:|1783556865\n|switch|p1a: Vaporeon|Vaporeon, L86, F|364/364\n|-damage|p1a: Vaporeon|319/364|[from] Stealth Rock\n|move|p2a: Delphox|Psyshock|p1a: Vaporeon\n|-damage|p1a: Vaporeon|198/364\n|\n|-heal|p1a: Vaporeon|220/364|[from] item: Leftovers\n|upkeep\n|turn|14\n|inactive|Time left: 300 sec this turn | 300 sec total\n|\n|t:|1783556866\n|move|p2a: Delphox|Nasty Plot|p2a: Delphox\n|-boost|p2a: Delphox|spa|2\n|move|p1a: Vaporeon|Scald|p2a: Delphox\n|-supereffective|p2a: Delphox\n|-damage|p2a: Delphox|38/100\n|\n|-heal|p1a: Vaporeon|242/364|[from] item: Leftovers\n|upkeep\n|turn|15\n|inactive|Time left: 300 sec this turn | 300 sec total\n|\n|t:|1783556867\n|move|p1a: Vaporeon|Protect|p1a: Vaporeon\n|-singleturn|p1a: Vaporeon|Protect\n|move|p2a: Delphox|Psyshock|p1a: Vaporeon\n|-activate|p1a: Vaporeon|move: Protect\n|\n|-heal|p1a: Vaporeon|264/364|[from] item: Leftovers\n|upkeep\n|turn|16\n|inactive|Time left: 300 sec this turn | 300 sec total\n|\n|t:|1783556868\n|move|p2a: Delphox|Psyshock|p1a: Vaporeon\n|-damage|p1a: Vaporeon|17/364\n|move|p1a: Vaporeon|Scald|p2a: Delphox\n|-supereffective|p2a: Delphox\n|-damage|p2a: Delphox|0 fnt\n|faint|p2a: Delphox\n|\n|-heal|p1a: Vaporeon|39/364|[from] item: Leftovers\n|upkeep\n|\n|t:|1783556869\n|switch|p2a: Excadrill|Excadrill, L79, F|100/100\n|-ability|p2a: Excadrill|Mold Breaker\n|turn|17\n|inactive|Time left: 300 sec this turn | 300 sec total\n|\n|t:|1783556870\n|move|p1a: Vaporeon|Protect|p1a: Vaporeon\n|-singleturn|p1a: Vaporeon|Protect\n|move|p2a: Excadrill|Swords Dance|p2a: Excadrill\n|-boost|p2a: Excadrill|atk|2\n|\n|-heal|p1a: Vaporeon|61/364|[from] item: Leftovers\n|upkeep\n|turn|18\n|inactive|Time left: 300 sec this turn | 300 sec total\n|\n|t:|1783556871\n|move|p1a: Vaporeon|Protect||[still]\n|-fail|p1a: Vaporeon\n|move|p2a: Excadrill|Rapid Spin|p1a: Vaporeon\n|-damage|p1a: Vaporeon|0 fnt\n|-boost|p2a: Excadrill|spe|1\n|faint|p1a: Vaporeon\n|\n|upkeep\n|inactive|Time left: 300 sec this turn | 300 sec total | 5 sec grace\n|\n|t:|1783556872\n|switch|p1a: Infernape|Infernape, L82, F|202/259\n|-damage|p1a: Infernape|170/259|[from] Stealth Rock\n|turn|19\n|inactive|Time left: 300 sec this turn | 300 sec total\n|\n|t:|1783556873\n|switch|p1a: Landorus|Landorus, L75, M|225/257\n|-damage|p1a: Landorus|193/257|[from] Stealth Rock\n|move|p2a: Excadrill|Earthquake|p1a: Landorus\n|-immune|p1a: Landorus\n|\n|upkeep\n|turn|20\n|inactive|Time left: 300 sec this turn | 300 sec total\n|\n|t:|1783556874\n|switch|p1a: Infernape|Infernape, L82, F|170/259\n|-damage|p1a: Infernape|138/259|[from] Stealth Rock\n|move|p2a: Excadrill|Iron Head|p1a: Infernape\n|-resisted|p1a: Infernape\n|-damage|p1a: Infernape|21/259\n|\n|upkeep\n|turn|21\n|inactive|Time left: 300 sec this turn | 300 sec total\n|\n|t:|1783556875\n|-terastallize|p2a: Excadrill|Water\n|move|p1a: Infernape|Mach Punch|p2a: Excadrill\n|-damage|p2a: Excadrill|76/100\n|-damage|p1a: Infernape|0 fnt|[from] item: Life Orb\n|faint|p1a: Infernape\n|move|p2a: Excadrill|Rapid Spin|p1: Infernape|[notarget]\n|-fail|p2a: Excadrill\n|\n|-heal|p2a: Excadrill|82/100|[from] item: Leftovers\n|upkeep\n|inactive|Time left: 300 sec this turn | 300 sec total | 5 sec grace\n|\n|t:|1783556876\n|switch|p1a: Deoxys|Deoxys-Attack, L72|191/191\n|-damage|p1a: Deoxys|168/191|[from] Stealth Rock\n|-ability|p1a: Deoxys|Pressure\n|turn|22\n|inactive|Time left: 300 sec this turn | 300 sec total\n|\n|t:|1783556877\n|move|p2a: Excadrill|Iron Head|p1a: Deoxys\n|-damage|p1a: Deoxys|0 fnt\n|faint|p1a: Deoxys\n|\n|-heal|p2a: Excadrill|88/100|[from] item: Leftovers\n|upkeep\n|inactive|Time left: 300 sec this turn | 300 sec total | 5 sec grace\n|\n|t:|1783556878\n|switch|p1a: Landorus|Landorus, L75, M|193/257\n|-damage|p1a: Landorus|161/257|[from] Stealth Rock\n|turn|23\n|inactive|Time left: 300 sec this turn | 300 sec total\n|\n|t:|1783556879\n|move|p2a: Excadrill|Iron Head|p1a: Landorus\n|-damage|p1a: Landorus|0 fnt\n|faint|p1a: Landorus\n|\n|win|p0y15281537", "uploadtime": 1783556879, "views": 0, "rating": 0, "private": 0, "password": null, "_winner": "p0y15281537", "_our_name": "p0x1528c38e"}