{"id": "battle-gen9randombattle-1560", "formatid": "gen9randombattle", "format": "[Gen 9] Random Battle", "players": ["p0x1560d869", "p0y15608276"], "log": "|init|battle\n|title|p0x1560d869 vs. p0y15608276\n|j|\u2606p0x1560d869\n|j|\u2606p0y15608276\n|t:|1783557257\n|gametype|singles\n|player|p1|p0x1560d869|265|\n|player|p2|p0y15608276|170|\n|gen|9\n|tier|[Gen 9] Random Battle\n|rule|Species Clause: Limit one of each Pok\u00e9mon\n|rule|HP Percentage Mod: HP is shown in percentages\n|rule|Sleep Clause Mod: Limit one foe put to sleep\n|rule|Illusion Level Mod: Illusion disguises the Pok\u00e9mon's true level\n|\n|t:|1783557257\n|teamsize|p1|6\n|teamsize|p2|6\n|start\n|switch|p1a: Rayquaza|Rayquaza, L72|270/270\n|switch|p2a: Mimikyu|Mimikyu, L79, M|100/100\n|-ability|p1a: Rayquaza|Air Lock\n|turn|1\n|inactive|Battle timer is ON: inactive players will automatically lose when time's up. (requested by p0x1560d869)\n|inactive|p0y15608276 also wants the timer to be on.\n|\n|t:|1783557259\n|move|p2a: Mimikyu|Swords Dance|p2a: Mimikyu\n|-boost|p2a: Mimikyu|atk|2\n|move|p1a: Rayquaza|Dragon Dance|p1a: Rayquaza\n|-boost|p1a: Rayquaza|atk|1\n|-boost|p1a: Rayquaza|spe|1\n|\n|upkeep\n|turn|2\n|inactive|Time left: 300 sec this turn | 300 sec total\n|\n|t:|1783557260\n|move|p1a: Rayquaza|Earthquake|p2a: Mimikyu\n|-activate|p2a: Mimikyu|ability: Disguise\n|-damage|p2a: Mimikyu|100/100\n|detailschange|p2a: Mimikyu|Mimikyu-Busted, L79, M\n|-damage|p2a: Mimikyu|88/100|[from] pokemon: Mimikyu-Busted\n|move|p2a: Mimikyu|Play Rough|p1a: Rayquaza\n|-supereffective|p1a: Rayquaza\n|-damage|p1a: Rayquaza|0 fnt\n|faint|p1a: Rayquaza\n|-damage|p2a: Mimikyu|78/100|[from] item: Life Orb\n|\n|upkeep\n|inactive|Time left: 300 sec this turn | 300 sec total | 5 sec grace\n|\n|t:|1783557260\n|switch|p1a: Mewtwo|Mewtwo, L72|272/272\n|-ability|p1a: Mewtwo|Pressure\n|turn|3\n|inactive|Time left: 300 sec this turn | 300 sec total\n|\n|t:|1783557261\n|move|p2a: Mimikyu|Shadow Sneak|p1a: Mewtwo\n|-supereffective|p1a: Mewtwo\n|-damage|p1a: Mewtwo|77/272\n|-damage|p2a: Mimikyu|69/100|[from] item: Life Orb\n|move|p1a: Mewtwo|Psystrike|p2a: Mimikyu\n|-damage|p2a: Mimikyu|0 fnt\n|faint|p2a: Mimikyu\n|-damage|p1a: Mewtwo|50/272|[from] item: Life Orb\n|\n|upkeep\n|\n|t:|1783557263\n|switch|p2a: Chien-Pao|Chien-Pao, L72|100/100\n|-ability|p2a: Chien-Pao|Sword of Ruin\n|turn|4\n|inactive|Time left: 300 sec this turn | 300 sec total\n|\n|t:|1783557264\n|switch|p1a: Gurdurr|Gurdurr, L85, F|283/283\n|move|p2a: Chien-Pao|Icicle Crash|p1a: Gurdurr\n|-damage|p1a: Gurdurr|210/283\n|\n|upkeep\n|turn|5\n|inactive|Time left: 300 sec this turn | 300 sec total\n|\n|t:|1783557265\n|switch|p2a: Weezing|Weezing-Galar, L86, M|100/100\n|move|p1a: Gurdurr|Drain Punch|p2a: Weezing\n|-resisted|p2a: Weezing\n|-crit|p2a: Weezing\n|-damage|p2a: Weezing|91/100\n|-heal|p1a: Gurdurr|222/283|[from] drain|[of] p2a: Weezing\n|\n|-heal|p2a: Weezing|97/100|[from] item: Leftovers\n|upkeep\n|turn|6\n|inactive|Time left: 300 sec this turn | 300 sec total\n|\n|t:|1783557266\n|move|p2a: Weezing|Strange Steam|p1a: Gurdurr\n|-supereffective|p1a: Gurdurr\n|-damage|p1a: Gurdurr|36/283\n|move|p1a: Gurdurr|Knock Off|p2a: Weezing\n|-resisted|p2a: Weezing\n|-damage|p2a: Weezing|85/100\n|-enditem|p2a: Weezing|Leftovers|[from] move: Knock Off|[of] p1a: Gurdurr\n|\n|upkeep\n|turn|7\n|inactive|Time left: 300 sec this turn | 300 sec total\n|\n|t:|1783557267\n|switch|p1a: Venusaur|Venusaur, L84, M|272/272\n|move|p2a: Weezing|Gunk Shot|p1a: Venusaur\n|-damage|p1a: Venusaur|146/272\n|\n|-heal|p1a: Venusaur|163/272|[from] item: Leftovers\n|upkeep\n|turn|8\n|inactive|Time left: 300 sec this turn | 300 sec total\n|\n|t:|1783557268\n|move|p1a: Venusaur|Leech Seed|p2a: Weezing\n|-start|p2a: Weezing|move: Leech Seed\n|move|p2a: Weezing|Fire Blast|p1a: Venusaur|[miss]\n|-miss|p2a: Weezing|p1a: Venusaur\n|\n|-heal|p1a: Venusaur|180/272|[from] item: Leftovers\n|-damage|p2a: Weezing|73/100|[from] Leech Seed|[of] p1a: Venusaur\n|-heal|p1a: Venusaur|211/272|[silent]\n|upkeep\n|turn|9\n|inactive|Time left: 300 sec this turn | 300 sec total\n|\n|t:|1783557269\n|switch|p2a: Excadrill|Excadrill, L79, F|100/100\n|-ability|p2a: Excadrill|Mold Breaker\n|move|p1a: Venusaur|Giga Drain|p2a: Excadrill\n|-damage|p2a: Excadrill|75/100\n|-heal|p1a: Venusaur|249/272|[from] drain|[of] p2a: Excadrill\n|\n|-heal|p1a: Venusaur|266/272|[from] item: Leftovers\n|upkeep\n|turn|10\n|inactive|Time left: 300 sec this turn | 300 sec total\n|\n|t:|1783557270\n|move|p2a: Excadrill|Earthquake|p1a: Venusaur\n|-damage|p1a: Venusaur|149/272\n|move|p1a: Venusaur|Giga Drain|p2a: Excadrill\n|-damage|p2a: Excadrill|53/100\n|-heal|p1a: Venusaur|183/272|[from] drain|[of] p2a: Excadrill\n|\n|-heal|p1a: Venusaur|200/272|[from] item: Leftovers\n|upkeep\n|turn|11\n|inactive|Time left: 300 sec this turn | 300 sec total\n|\n|t:|1783557271\n|move|p2a: Excadrill|Iron Head|p1a: Venusaur\n|-damage|p1a: Venusaur|92/272\n|move|p1a: Venusaur|Leech Seed|p2a: Excadrill\n|-start|p2a: Excadrill|move: Leech Seed\n|\n|-heal|p1a: Venusaur|109/272|[from] item: Leftovers\n|-damage|p2a: Excadrill|41/100|[from] Leech Seed|[of] p1a: Venusaur\n|-heal|p1a: Venusaur|146/272|[silent]\n|upkeep\n|turn|12\n|inactive|Time left: 300 sec this turn | 300 sec total\n|\n|t:|1783557272\n|move|p2a: Excadrill|Iron Head|p1a: Venusaur\n|-damage|p1a: Venusaur|53/272\n|cant|p1a: Venusaur|flinch\n|\n|-heal|p1a: Venusaur|70/272|[from] item: Leftovers\n|-damage|p2a: Excadrill|29/100|[from] Leech Seed|[of] p1a: Venusaur\n|-heal|p1a: Venusaur|107/272|[silent]\n|upkeep\n|turn|13\n|inactive|Time left: 300 sec this turn | 300 sec total\n|\n|t:|1783557273\n|switch|p1a: Exeggutor|Exeggutor, L89, F|312/312\n|move|p2a: Excadrill|Earthquake|p1a: Exeggutor\n|-resisted|p1a: Exeggutor\n|-damage|p1a: Exeggutor|255/312\n|\n|-damage|p2a: Excadrill|17/100|[from] Leech Seed|[of] p1a: Exeggutor\n|-heal|p1a: Exeggutor|292/312|[silent]\n|upkeep\n|turn|14\n|inactive|Time left: 300 sec this turn | 300 sec total\n|\n|t:|1783557274\n|switch|p2a: Chien-Pao|Chien-Pao, L72|100/100\n|-ability|p2a: Chien-Pao|Sword of Ruin\n|move|p1a: Exeggutor|Calm Mind|p1a: Exeggutor\n|-boost|p1a: Exeggutor|spa|1\n|-boost|p1a: Exeggutor|spd|1\n|\n|upkeep\n|turn|15\n|inactive|Time left: 300 sec this turn | 300 sec total\n|\n|t:|1783557275\n|-terastallize|p1a: Exeggutor|Steel\n|move|p2a: Chien-Pao|Icicle Crash|p1a: Exeggutor\n|-resisted|p1a: Exeggutor\n|-damage|p1a: Exeggutor|238/312\n|move|p1a: Exeggutor|Giga Drain|p2a: Chien-Pao\n|-damage|p2a: Chien-Pao|0 fnt\n|-heal|p1a: Exeggutor|312/312|[from] drain|[of] p2a: Chien-Pao\n|faint|p2a: Chien-Pao\n|\n|upkeep\n|\n|t:|1783557277\n|switch|p2a: Excadrill|Excadrill, L79, F|17/100\n|-ability|p2a: Excadrill|Mold Breaker\n|turn|16\n|inactive|Time left: 300 sec this turn | 300 sec total\n|\n|t:|1783557278\n|move|p2a: Excadrill|Earthquake|p1a: Exeggutor\n|-supereffective|p1a: Exeggutor\n|-damage|p1a: Exeggutor|76/312\n|-enditem|p1a: Exeggutor|Sitrus Berry|[eat]\n|-heal|p1a: Exeggutor|154/312|[from] item: Sitrus Berry\n|move|p1a: Exeggutor|Psychic|p2a: Excadrill\n|-resisted|p2a: Excadrill\n|-damage|p2a: Excadrill|0 fnt\n|faint|p2a: Excadrill\n|\n|-item|p1a: Exeggutor|Sitrus Berry|[from] ability: Harvest\n|upkeep\n|-enditem|p1a: Exeggutor|Sitrus Berry|[eat]\n|-heal|p1a: Exeggutor|232/312|[from] item: Sitrus Berry\n|\n|t:|1783557279\n|switch|p2a: Weezing|Weezing-Galar, L86, M|73/100\n|turn|17\n|inactive|Time left: 300 sec this turn | 300 sec total\n|\n|t:|1783557280\n|move|p2a: Weezing|Fire Blast|p1a: Exeggutor\n|-supereffective|p1a: Exeggutor\n|-damage|p1a: Exeggutor|124/312\n|move|p1a: Exeggutor|Giga Drain|p2a: Weezing\n|-resisted|p2a: Weezing\n|-damage|p2a: Weezing|38/100\n|-heal|p1a: Exeggutor|168/312|[from] drain|[of] p2a: Weezing\n|\n|upkeep\n|turn|18\n|inactive|Time left: 300 sec this turn | 300 sec total\n|\n|t:|1783557281\n|move|p2a: Weezing|Fire Blast|p1a: Exeggutor\n|-supereffective|p1a: Exeggutor\n|-damage|p1a: Exeggutor|64/312\n|move|p1a: Exeggutor|Giga Drain|p2a: Weezing\n|-resisted|p2a: Weezing\n|-damage|p2a: Weezing|0 fnt\n|-heal|p1a: Exeggutor|111/312|[from] drain|[of] p2a: Weezing\n|faint|p2a: Weezing\n|\n|upkeep\n|\n|t:|1783557282\n|switch|p2a: Ambipom|Ambipom, L84, F|100/100\n|turn|19\n|inactive|Time left: 300 sec this turn | 300 sec total\n|\n|t:|1783557283\n|-terastallize|p2a: Ambipom|Normal\n|move|p2a: Ambipom|Fake Out|p1a: Exeggutor\n|-resisted|p1a: Exeggutor\n|-damage|p1a: Exeggutor|63/312\n|cant|p1a: Exeggutor|flinch\n|\n|-item|p1a: Exeggutor|Sitrus Berry|[from] ability: Harvest\n|upkeep\n|-enditem|p1a: Exeggutor|Sitrus Berry|[eat]\n|-heal|p1a: Exeggutor|141/312|[from] item: Sitrus Berry\n|turn|20\n|inactive|Time left: 300 sec this turn | 300 sec total\n|\n|t:|1783557284\n|move|p2a: Ambipom|Double-Edge|p1a: Exeggutor\n|-resisted|p1a: Exeggutor\n|-damage|p1a: Exeggutor|37/312\n|-damage|p2a: Ambipom|88/100|[from] Recoil\n|move|p1a: Exeggutor|Giga Drain|p2a: Ambipom\n|-damage|p2a: Ambipom|5/100\n|-heal|p1a: Exeggutor|145/312|[from] drain|[of] p2a: Ambipom\n|\n|-item|p1a: Exeggutor|Sitrus Berry|[from] ability: Harvest\n|upkeep\n|-enditem|p1a: Exeggutor|Sitrus Berry|[eat]\n|-heal|p1a: Exeggutor|223/312|[from] item: Sitrus Berry\n|turn|21\n|inactive|Time left: 300 sec this turn | 300 sec total\n|\n|t:|1783557285\n|move|p2a: Ambipom|Double-Edge|p1a: Exeggutor\n|-resisted|p1a: Exeggutor\n|-damage|p1a: Exeggutor|124/312\n|-damage|p2a: Ambipom|0 fnt|[from] Recoil\n|faint|p2a: Ambipom\n|move|p1a: Exeggutor|Psychic|p2: Ambipom|[notarget]\n|-fail|p1a: Exeggutor\n|\n|-item|p1a: Exeggutor|Sitrus Berry|[from] ability: Harvest\n|upkeep\n|-enditem|p1a: Exeggutor|Sitrus Berry|[eat]\n|-heal|p1a: Exeggutor|202/312|[from] item: Sitrus Berry\n|\n|t:|1783557286\n|switch|p2a: Luvdisc|Luvdisc, M|100/100\n|turn|22\n|inactive|Time left: 300 sec this turn | 300 sec total\n|\n|t:|1783557287\n|move|p2a: Luvdisc|Substitute|p2a: Luvdisc\n|-start|p2a: Luvdisc|Substitute\n|-damage|p2a: Luvdisc|76/100\n|move|p1a: Exeggutor|Giga Drain|p2a: Luvdisc\n|-supereffective|p2a: Luvdisc\n|-end|p2a: Luvdisc|Substitute\n|-heal|p1a: Exeggutor|233/312|[from] drain|[of] p2a: Luvdisc\n|\n|-item|p1a: Exeggutor|Sitrus Berry|[from] ability: Harvest\n|upkeep\n|turn|23\n|inactive|Time left: 300 sec this turn | 300 sec total\n|\n|t:|1783557289\n|move|p2a: Luvdisc|Substitute|p2a: Luvdisc\n|-start|p2a: Luvdisc|Substitute\n|-damage|p2a: Luvdisc|51/100\n|move|p1a: Exeggutor|Giga Drain|p2a: Luvdisc\n|-supereffective|p2a: Luvdisc\n|-end|p2a: Luvdisc|Substitute\n|-heal|p1a: Exeggutor|264/312|[from] drain|[of] p2a: Luvdisc\n|\n|upkeep\n|turn|24\n|inactive|Time left: 300 sec this turn | 300 sec total\n|\n|t:|1783557290\n|move|p2a: Luvdisc|Substitute|p2a: Luvdisc\n|-start|p2a: Luvdisc|Substitute\n|-damage|p2a: Luvdisc|26/100\n|move|p1a: Exeggutor|Giga Drain|p2a: Luvdisc\n|-supereffective|p2a: Luvdisc\n|-end|p2a: Luvdisc|Substitute\n|-heal|p1a: Exeggutor|295/312|[from] drain|[of] p2a: Luvdisc\n|\n|upkeep\n|turn|25\n|inactive|Time left: 300 sec this turn | 300 sec total\n|\n|t:|1783557291\n|move|p2a: Luvdisc|Substitute|p2a: Luvdisc\n|-start|p2a: Luvdisc|Substitute\n|-damage|p2a: Luvdisc|2/100\n|move|p1a: Exeggutor|Giga Drain|p2a: Luvdisc\n|-supereffective|p2a: Luvdisc\n|-end|p2a: Luvdisc|Substitute\n|-heal|p1a: Exeggutor|312/312|[from] drain|[of] p2a: Luvdisc\n|\n|upkeep\n|turn|26\n|inactive|Time left: 300 sec this turn | 300 sec total\n|\n|t:|1783557292\n|move|p2a: Luvdisc|Surf|p1a: Exeggutor\n|-damage|p1a: Exeggutor|263/312\n|move|p1a: Exeggutor|Psychic|p2a: Luvdisc\n|-damage|p2a: Luvdisc|0 fnt\n|faint|p2a: Luvdisc\n|\n|win|p0x1560d869", "uploadtime": 1783557292, "views": 0, "rating": 0, "private": 0, "password": null, "_winner": "p0x1560d869", "_our_name": "p0x1560d869"}