{"id": "battle-gen9randombattle-1045", "formatid": "gen9randombattle", "format": "[Gen 9] Random Battle", "players": ["p0x10454539", "p0y1045694d"], "log": "|init|battle\n|title|p0x10454539 vs. p0y1045694d\n|j|\u2606p0x10454539\n|j|\u2606p0y1045694d\n|t:|1783551300\n|gametype|singles\n|player|p1|p0x10454539|1|\n|player|p2|p0y1045694d|2|\n|gen|9\n|tier|[Gen 9] Random Battle\n|rule|Species Clause: Limit one of each Pok\u00e9mon\n|rule|HP Percentage Mod: HP is shown in percentages\n|rule|Sleep Clause Mod: Limit one foe put to sleep\n|rule|Illusion Level Mod: Illusion disguises the Pok\u00e9mon's true level\n|\n|t:|1783551300\n|teamsize|p1|6\n|teamsize|p2|6\n|start\n|switch|p1a: Eelektross|Eelektross, L87, F|100/100\n|switch|p2a: Bruxish|Bruxish, L85, F|254/254\n|turn|1\n|inactive|Battle timer is ON: inactive players will automatically lose when time's up. (requested by p0x10454539)\n|inactive|Time left: 300 sec this turn | 300 sec total | 60 sec grace\n|inactive|p0y1045694d also wants the timer to be on.\n|\n|t:|1783551302\n|-terastallize|p2a: Bruxish|Psychic\n|move|p2a: Bruxish|Psychic Fangs|p1a: Eelektross\n|-damage|p1a: Eelektross|0 fnt\n|faint|p1a: Eelektross\n|\n|upkeep\n|\n|t:|1783551303\n|switch|p1a: Mismagius|Mismagius, L86, M|100/100\n|turn|2\n|inactive|Time left: 300 sec this turn | 300 sec total\n|\n|t:|1783551304\n|switch|p1a: Brute Bonnet|Brute Bonnet, L80|100/100\n|move|p2a: Bruxish|Psychic Fangs|p1a: Brute Bonnet\n|-immune|p1a: Brute Bonnet\n|\n|upkeep\n|turn|3\n|inactive|Time left: 300 sec this turn | 300 sec total\n|\n|t:|1783551305\n|switch|p2a: Gliscor|Gliscor, L76, M|239/239\n|move|p1a: Brute Bonnet|Crunch|p2a: Gliscor\n|-damage|p2a: Gliscor|155/239\n|\n|-status|p2a: Gliscor|tox|[from] item: Toxic Orb\n|upkeep\n|turn|4\n|inactive|Time left: 300 sec this turn | 300 sec total\n|\n|t:|1783551307\n|move|p2a: Gliscor|Toxic|p1a: Brute Bonnet\n|-status|p1a: Brute Bonnet|tox\n|move|p1a: Brute Bonnet|Crunch|p2a: Gliscor\n|-damage|p2a: Gliscor|79/239 tox\n|\n|-heal|p2a: Gliscor|108/239 tox|[from] ability: Poison Heal\n|-damage|p1a: Brute Bonnet|94/100 tox|[from] psn\n|upkeep\n|turn|5\n|inactive|Time left: 300 sec this turn | 300 sec total\n|\n|t:|1783551308\n|move|p2a: Gliscor|Knock Off|p1a: Brute Bonnet\n|-resisted|p1a: Brute Bonnet\n|-damage|p1a: Brute Bonnet|87/100 tox\n|-enditem|p1a: Brute Bonnet|Leftovers|[from] move: Knock Off|[of] p2a: Gliscor\n|move|p1a: Brute Bonnet|Crunch|p2a: Gliscor\n|-damage|p2a: Gliscor|33/239 tox\n|\n|-heal|p2a: Gliscor|62/239 tox|[from] ability: Poison Heal\n|-damage|p1a: Brute Bonnet|74/100 tox|[from] psn\n|upkeep\n|turn|6\n|inactive|Time left: 300 sec this turn | 300 sec total\n|\n|t:|1783551308\n|-end|p1a: Brute Bonnet|Protosynthesis|[silent]\n|switch|p1a: Kommo-o|Kommo-o, L77, M|100/100\n|move|p2a: Gliscor|Protect||[still]\n|-fail|p2a: Gliscor\n|\n|-heal|p2a: Gliscor|91/239 tox|[from] ability: Poison Heal\n|upkeep\n|turn|7\n|inactive|Time left: 300 sec this turn | 300 sec total\n|\n|t:|1783551309\n|move|p2a: Gliscor|Toxic|p1a: Kommo-o\n|-status|p1a: Kommo-o|tox\n|move|p1a: Kommo-o|Clangorous Soul|p1a: Kommo-o\n|-boost|p1a: Kommo-o|atk|1\n|-boost|p1a: Kommo-o|def|1\n|-boost|p1a: Kommo-o|spa|1\n|-boost|p1a: Kommo-o|spd|1\n|-boost|p1a: Kommo-o|spe|1\n|-damage|p1a: Kommo-o|68/100 tox\n|-enditem|p1a: Kommo-o|Throat Spray\n|-boost|p1a: Kommo-o|spa|1|[from] item: Throat Spray\n|\n|-damage|p1a: Kommo-o|62/100 tox|[from] psn\n|-heal|p2a: Gliscor|120/239 tox|[from] ability: Poison Heal\n|upkeep\n|turn|8\n|inactive|Time left: 300 sec this turn | 300 sec total\n|\n|t:|1783551310\n|move|p2a: Gliscor|Protect|p2a: Gliscor\n|-singleturn|p2a: Gliscor|Protect\n|move|p1a: Kommo-o|Clanging Scales|p2a: Gliscor\n|-activate|p2a: Gliscor|move: Protect\n|\n|-damage|p1a: Kommo-o|49/100 tox|[from] psn\n|-heal|p2a: Gliscor|149/239 tox|[from] ability: Poison Heal\n|upkeep\n|turn|9\n|inactive|Time left: 300 sec this turn | 300 sec total\n|\n|t:|1783551311\n|switch|p2a: Bellibolt|Bellibolt, L84, F|320/320\n|move|p1a: Kommo-o|Clanging Scales|p2a: Bellibolt\n|-damage|p2a: Bellibolt|104/320\n|-start|p2a: Bellibolt|Charge|Clanging Scales|[from] ability: Electromorphosis\n|-unboost|p1a: Kommo-o|def|1\n|\n|-heal|p2a: Bellibolt|124/320|[from] item: Leftovers\n|-damage|p1a: Kommo-o|31/100 tox|[from] psn\n|upkeep\n|turn|10\n|inactive|Time left: 300 sec this turn | 300 sec total\n|\n|t:|1783551313\n|move|p1a: Kommo-o|Clanging Scales|p2a: Bellibolt\n|-damage|p2a: Bellibolt|0 fnt\n|faint|p2a: Bellibolt\n|-unboost|p1a: Kommo-o|def|1\n|\n|-damage|p1a: Kommo-o|6/100 tox|[from] psn\n|upkeep\n|inactive|Time left: 300 sec this turn | 300 sec total | 5 sec grace\n|\n|t:|1783551314\n|switch|p2a: Lanturn|Lanturn, L89, M|367/367\n|turn|11\n|inactive|Time left: 300 sec this turn | 300 sec total\n|\n|t:|1783551315\n|move|p1a: Kommo-o|Clanging Scales|p2a: Lanturn\n|-damage|p2a: Lanturn|147/367\n|-unboost|p1a: Kommo-o|def|1\n|move|p2a: Lanturn|Ice Beam|p1a: Kommo-o\n|-supereffective|p1a: Kommo-o\n|-damage|p1a: Kommo-o|0 fnt\n|faint|p1a: Kommo-o\n|\n|-heal|p2a: Lanturn|169/367|[from] item: Leftovers\n|upkeep\n|\n|t:|1783551316\n|switch|p1a: Mismagius|Mismagius, L86, M|100/100\n|turn|12\n|inactive|Time left: 300 sec this turn | 300 sec total\n|\n|t:|1783551317\n|move|p1a: Mismagius|Nasty Plot|p1a: Mismagius\n|-boost|p1a: Mismagius|spa|2\n|move|p2a: Lanturn|Thunder Wave|p1a: Mismagius|[miss]\n|-miss|p2a: Lanturn|p1a: Mismagius\n|\n|-heal|p2a: Lanturn|191/367|[from] item: Leftovers\n|upkeep\n|turn|13\n|inactive|Time left: 300 sec this turn | 300 sec total\n|\n|t:|1783551318\n|move|p1a: Mismagius|Shadow Ball|p2a: Lanturn\n|-damage|p2a: Lanturn|0 fnt\n|faint|p2a: Lanturn\n|-damage|p1a: Mismagius|91/100|[from] item: Life Orb\n|\n|upkeep\n|inactive|Time left: 300 sec this turn | 300 sec total | 5 sec grace\n|\n|t:|1783551319\n|switch|p2a: Terrakion|Terrakion, L79|273/273\n|turn|14\n|inactive|Time left: 300 sec this turn | 300 sec total\n|\n|t:|1783551320\n|move|p1a: Mismagius|Dazzling Gleam|p2a: Terrakion\n|-supereffective|p2a: Terrakion\n|-damage|p2a: Terrakion|0 fnt\n|faint|p2a: Terrakion\n|-damage|p1a: Mismagius|81/100|[from] item: Life Orb\n|\n|upkeep\n|inactive|Time left: 300 sec this turn | 300 sec total | 5 sec grace\n|\n|t:|1783551321\n|switch|p2a: Gliscor|Gliscor, L76, M|149/239 tox\n|turn|15\n|inactive|Time left: 300 sec this turn | 300 sec total\n|\n|t:|1783551322\n|move|p2a: Gliscor|Protect|p2a: Gliscor\n|-singleturn|p2a: Gliscor|Protect\n|move|p1a: Mismagius|Dazzling Gleam|p2a: Gliscor\n|-activate|p2a: Gliscor|move: Protect\n|\n|-heal|p2a: Gliscor|178/239 tox|[from] ability: Poison Heal\n|upkeep\n|turn|16\n|inactive|Time left: 300 sec this turn | 300 sec total\n|\n|t:|1783551323\n|move|p2a: Gliscor|Protect||[still]\n|-fail|p2a: Gliscor\n|move|p1a: Mismagius|Shadow Ball|p2a: Gliscor\n|-damage|p2a: Gliscor|0 fnt\n|faint|p2a: Gliscor\n|-damage|p1a: Mismagius|71/100|[from] item: Life Orb\n|\n|upkeep\n|inactive|Time left: 300 sec this turn | 300 sec total | 5 sec grace\n|\n|t:|1783551324\n|switch|p2a: Bruxish|Bruxish, L85, F, tera:Psychic|254/254\n|turn|17\n|inactive|Time left: 300 sec this turn | 300 sec total\n|\n|t:|1783551325\n|switch|p1a: Brute Bonnet|Brute Bonnet, L80|74/100 tox\n|switch|p2a: Braviary|Braviary-Hisui, L85, M|326/326\n|\n|-damage|p1a: Brute Bonnet|68/100 tox|[from] psn\n|upkeep\n|turn|18\n|inactive|Time left: 300 sec this turn | 300 sec total\n|\n|t:|1783551326\n|move|p2a: Braviary|Agility|p2a: Braviary\n|-boost|p2a: Braviary|spe|2\n|move|p1a: Brute Bonnet|Crunch|p2a: Braviary\n|-supereffective|p2a: Braviary\n|-damage|p2a: Braviary|104/326\n|\n|-damage|p1a: Brute Bonnet|56/100 tox|[from] psn\n|upkeep\n|turn|19\n|inactive|Time left: 300 sec this turn | 300 sec total\n|\n|t:|1783551327\n|move|p1a: Brute Bonnet|Sucker Punch||[still]\n|-fail|p1a: Brute Bonnet\n|move|p2a: Braviary|Agility|p2a: Braviary\n|-boost|p2a: Braviary|spe|2\n|\n|-damage|p1a: Brute Bonnet|37/100 tox|[from] psn\n|upkeep\n|turn|20\n|inactive|Time left: 300 sec this turn | 300 sec total\n|\n|t:|1783551328\n|move|p1a: Brute Bonnet|Sucker Punch|p2a: Braviary\n|-supereffective|p2a: Braviary\n|-damage|p2a: Braviary|0 fnt\n|faint|p2a: Braviary\n|\n|-damage|p1a: Brute Bonnet|13/100 tox|[from] psn\n|upkeep\n|inactive|Time left: 300 sec this turn | 300 sec total | 5 sec grace\n|\n|t:|1783551329\n|switch|p2a: Bruxish|Bruxish, L85, F, tera:Psychic|254/254\n|turn|21\n|inactive|Time left: 300 sec this turn | 300 sec total\n|\n|t:|1783551329\n|move|p2a: Bruxish|Aqua Jet|p1a: Brute Bonnet\n|-resisted|p1a: Brute Bonnet\n|-damage|p1a: Brute Bonnet|1/100 tox\n|move|p1a: Brute Bonnet|Sucker Punch||[still]\n|-fail|p1a: Brute Bonnet\n|\n|-damage|p1a: Brute Bonnet|0 fnt|[from] psn\n|faint|p1a: Brute Bonnet\n|-end|p1a: Brute Bonnet|Protosynthesis|[silent]\n|upkeep\n|\n|t:|1783551330\n|switch|p1a: Mismagius|Mismagius, L86, M|71/100\n|turn|22\n|inactive|Time left: 300 sec this turn | 300 sec total\n|\n|t:|1783551331\n|move|p2a: Bruxish|Aqua Jet|p1a: Mismagius\n|-damage|p1a: Mismagius|30/100\n|move|p1a: Mismagius|Shadow Ball|p2a: Bruxish\n|-supereffective|p2a: Bruxish\n|-damage|p2a: Bruxish|0 fnt\n|faint|p2a: Bruxish\n|-damage|p1a: Mismagius|20/100|[from] item: Life Orb\n|\n|win|p0x10454539", "uploadtime": 1783551331, "views": 0, "rating": 0, "private": 0, "password": null, "_winner": "p0x10454539", "_our_name": "p0y1045694d"}