{"id": "battle-gen9randombattle-65", "formatid": "gen9randombattle", "format": "[Gen 9] Random Battle", "players": ["p0x065e84f", "p0y065d29f"], "log": "|init|battle\n|title|p0x065e84f vs. p0y065d29f\n|j|\u2606p0x065e84f\n|j|\u2606p0y065d29f\n|t:|1783540201\n|gametype|singles\n|player|p1|p0x065e84f|169|\n|player|p2|p0y065d29f|2|\n|gen|9\n|tier|[Gen 9] Random Battle\n|rule|Species Clause: Limit one of each Pok\u00e9mon\n|rule|HP Percentage Mod: HP is shown in percentages\n|rule|Sleep Clause Mod: Limit one foe put to sleep\n|rule|Illusion Level Mod: Illusion disguises the Pok\u00e9mon's true level\n|\n|t:|1783540201\n|teamsize|p1|6\n|teamsize|p2|6\n|start\n|switch|p1a: Magmortar|Magmortar, L88, F|100/100\n|switch|p2a: Heracross|Heracross, L80, F|259/259\n|turn|1\n|inactive|Battle timer is ON: inactive players will automatically lose when time's up. (requested by p0x065e84f)\n|inactive|Time left: 300 sec this turn | 300 sec total | 60 sec grace\n|inactive|p0y065d29f also wants the timer to be on.\n|\n|t:|1783540203\n|move|p1a: Magmortar|Fire Blast|p2a: Heracross\n|-supereffective|p2a: Heracross\n|-damage|p2a: Heracross|0 fnt\n|faint|p2a: Heracross\n|\n|upkeep\n|inactive|Time left: 300 sec this turn | 300 sec total | 65 sec grace\n|\n|t:|1783540204\n|switch|p2a: Greninja|Greninja, L80, M|246/246\n|turn|2\n|inactive|Time left: 300 sec this turn | 300 sec total\n|\n|t:|1783540205\n|move|p2a: Greninja|Hydro Pump|p1a: Magmortar\n|-start|p2a: Greninja|typechange|Water|[from] ability: Protean\n|-supereffective|p1a: Magmortar\n|-damage|p1a: Magmortar|4/100\n|-damage|p2a: Greninja|222/246|[from] item: Life Orb\n|move|p1a: Magmortar|Fire Blast|p2a: Greninja\n|-resisted|p2a: Greninja\n|-damage|p2a: Greninja|118/246\n|\n|upkeep\n|turn|3\n|inactive|Time left: 300 sec this turn | 300 sec total\n|\n|t:|1783540207\n|switch|p1a: Gurdurr|Gurdurr, L85, F|100/100\n|move|p2a: Greninja|Gunk Shot|p1a: Gurdurr\n|-damage|p1a: Gurdurr|76/100\n|-damage|p2a: Greninja|94/246|[from] item: Life Orb\n|\n|upkeep\n|turn|4\n|inactive|Time left: 300 sec this turn | 300 sec total\n|\n|t:|1783540208\n|move|p2a: Greninja|Hydro Pump|p1a: Gurdurr\n|-damage|p1a: Gurdurr|21/100\n|-damage|p2a: Greninja|70/246|[from] item: Life Orb\n|move|p1a: Gurdurr|Drain Punch|p2a: Greninja\n|-damage|p2a: Greninja|0 fnt\n|-heal|p1a: Gurdurr|33/100|[from] drain|[of] p2a: Greninja\n|faint|p2a: Greninja\n|\n|upkeep\n|inactive|Time left: 300 sec this turn | 300 sec total | 5 sec grace\n|\n|t:|1783540209\n|switch|p2a: Azelf|Azelf, L82|257/257\n|turn|5\n|inactive|Time left: 300 sec this turn | 300 sec total\n|\n|t:|1783540210\n|switch|p1a: Noctowl|Noctowl, L95, F|100/100\n|move|p2a: Azelf|Nasty Plot|p2a: Azelf\n|-boost|p2a: Azelf|spa|2\n|\n|upkeep\n|turn|6\n|inactive|Time left: 300 sec this turn | 300 sec total\n|\n|t:|1783540212\n|move|p2a: Azelf|Psychic|p1a: Noctowl\n|-damage|p1a: Noctowl|26/100\n|-damage|p2a: Azelf|232/257|[from] item: Life Orb\n|move|p1a: Noctowl|Hurricane|p2a: Azelf\n|-damage|p2a: Azelf|58/257\n|\n|upkeep\n|turn|7\n|inactive|Time left: 300 sec this turn | 300 sec total\n|\n|t:|1783540213\n|switch|p1a: Magmortar|Magmortar, L88, F|4/100\n|move|p2a: Azelf|Psychic|p1a: Magmortar\n|-damage|p1a: Magmortar|0 fnt\n|faint|p1a: Magmortar\n|-damage|p2a: Azelf|33/257|[from] item: Life Orb\n|\n|upkeep\n|\n|t:|1783540214\n|switch|p1a: Sylveon|Sylveon, L85, F|100/100\n|turn|8\n|inactive|Time left: 300 sec this turn | 300 sec total\n|\n|t:|1783540215\n|move|p2a: Azelf|Psychic|p1a: Sylveon\n|-damage|p1a: Sylveon|36/100\n|-damage|p2a: Azelf|8/257|[from] item: Life Orb\n|move|p1a: Sylveon|Hyper Voice|p2a: Azelf\n|-damage|p2a: Azelf|0 fnt\n|faint|p2a: Azelf\n|\n|-heal|p1a: Sylveon|42/100|[from] item: Leftovers\n|upkeep\n|inactive|Time left: 300 sec this turn | 300 sec total | 5 sec grace\n|\n|t:|1783540216\n|switch|p2a: Cinccino|Cinccino, L83, F|260/260\n|turn|9\n|inactive|Time left: 300 sec this turn | 300 sec total\n|\n|t:|1783540217\n|move|p1a: Sylveon|Protect|p1a: Sylveon\n|-singleturn|p1a: Sylveon|Protect\n|move|p2a: Cinccino|Tidy Up|p2a: Cinccino\n|-boost|p2a: Cinccino|atk|1\n|-boost|p2a: Cinccino|spe|1\n|\n|-heal|p1a: Sylveon|48/100|[from] item: Leftovers\n|upkeep\n|turn|10\n|inactive|Time left: 300 sec this turn | 300 sec total\n|\n|t:|1783540218\n|move|p1a: Sylveon|Protect||[still]\n|-fail|p1a: Sylveon\n|move|p2a: Cinccino|Tail Slap|p1a: Sylveon\n|-damage|p1a: Sylveon|22/100\n|-damage|p1a: Sylveon|0 fnt\n|faint|p1a: Sylveon\n|-hitcount|p1: Sylveon|2\n|\n|upkeep\n|\n|t:|1783540219\n|switch|p1a: Flapple|Flapple, L88, M|100/100\n|turn|11\n|inactive|Time left: 300 sec this turn | 300 sec total\n|\n|t:|1783540220\n|-terastallize|p1a: Flapple|Fire\n|move|p2a: Cinccino|Triple Axel|p1a: Flapple\n|-resisted|p1a: Flapple\n|-damage|p1a: Flapple|94/100\n|-resisted|p1a: Flapple\n|-damage|p1a: Flapple|82/100\n|-resisted|p1a: Flapple\n|-damage|p1a: Flapple|66/100\n|-hitcount|p1a: Flapple|3\n|move|p1a: Flapple|Outrage|p2a: Cinccino\n|-damage|p2a: Cinccino|0 fnt\n|faint|p2a: Cinccino\n|\n|upkeep\n|inactive|Time left: 300 sec this turn | 300 sec total | 5 sec grace\n|\n|t:|1783540221\n|switch|p2a: Regigigas|Regigigas, L84|322/322\n|-start|p2a: Regigigas|ability: Slow Start\n|turn|12\n|inactive|Time left: 300 sec this turn | 300 sec total\n|\n|t:|1783540222\n|move|p2a: Regigigas|Protect|p2a: Regigigas\n|-singleturn|p2a: Regigigas|Protect\n|move|p1a: Flapple|Outrage|p2a: Regigigas|[from] lockedmove\n|-activate|p2a: Regigigas|move: Protect\n|\n|upkeep\n|turn|13\n|inactive|Time left: 300 sec this turn | 300 sec total\n|\n|t:|1783540223\n|move|p1a: Flapple|Outrage|p2a: Regigigas|[miss]\n|-miss|p1a: Flapple|p2a: Regigigas\n|move|p2a: Regigigas|Body Slam|p1a: Flapple\n|-damage|p1a: Flapple|37/100\n|\n|upkeep\n|turn|14\n|inactive|Time left: 300 sec this turn | 300 sec total\n|\n|t:|1783540224\n|move|p1a: Flapple|Outrage|p2a: Regigigas|[miss]\n|-miss|p1a: Flapple|p2a: Regigigas\n|move|p2a: Regigigas|Body Slam|p1a: Flapple\n|-crit|p1a: Flapple\n|-damage|p1a: Flapple|0 fnt\n|faint|p1a: Flapple\n|\n|upkeep\n|\n|t:|1783540225\n|switch|p1a: Oricorio|Oricorio-Sensu, L85, F|100/100\n|turn|15\n|inactive|Time left: 300 sec this turn | 300 sec total\n|\n|t:|1783540226\n|switch|p2a: Honchkrow|Honchkrow, L86, F|312/312\n|move|p1a: Oricorio|Quiver Dance|p1a: Oricorio\n|-boost|p1a: Oricorio|spa|1\n|-boost|p1a: Oricorio|spd|1\n|-boost|p1a: Oricorio|spe|1\n|\n|upkeep\n|turn|16\n|inactive|Time left: 300 sec this turn | 300 sec total\n|\n|t:|1783540227\n|-terastallize|p2a: Honchkrow|Dark\n|move|p1a: Oricorio|Hurricane|p2a: Honchkrow|[miss]\n|-miss|p1a: Oricorio|p2a: Honchkrow\n|move|p2a: Honchkrow|Lash Out|p1a: Oricorio\n|-supereffective|p1a: Oricorio\n|-damage|p1a: Oricorio|0 fnt\n|faint|p1a: Oricorio\n|-ability|p2a: Honchkrow|Moxie|boost\n|-boost|p2a: Honchkrow|atk|1\n|\n|upkeep\n|\n|t:|1783540228\n|switch|p1a: Noctowl|Noctowl, L95, F|26/100\n|turn|17\n|inactive|Time left: 300 sec this turn | 300 sec total\n|\n|t:|1783540229\n|move|p2a: Honchkrow|Sucker Punch|p1a: Noctowl\n|-damage|p1a: Noctowl|0 fnt\n|faint|p1a: Noctowl\n|-ability|p2a: Honchkrow|Moxie|boost\n|-boost|p2a: Honchkrow|atk|1\n|\n|upkeep\n|\n|t:|1783540230\n|switch|p1a: Gurdurr|Gurdurr, L85, F|33/100\n|turn|18\n|inactive|Time left: 300 sec this turn | 300 sec total\n|\n|t:|1783540231\n|move|p2a: Honchkrow|Brave Bird|p1a: Gurdurr\n|-supereffective|p1a: Gurdurr\n|-damage|p1a: Gurdurr|0 fnt\n|faint|p1a: Gurdurr\n|-damage|p2a: Honchkrow|281/312|[from] Recoil\n|\n|win|p0y065d29f", "uploadtime": 1783540231, "views": 0, "rating": 0, "private": 0, "password": null, "_winner": "p0y065d29f", "_our_name": "p0y065d29f"}