{"id": "battle-gen9randombattle-1055", "formatid": "gen9randombattle", "format": "[Gen 9] Random Battle", "players": ["p0x1055d0c2", "p0y10558387"], "log": "|init|battle\n|title|p0x1055d0c2 vs. p0y10558387\n|j|\u2606p0x1055d0c2\n|j|\u2606p0y10558387\n|t:|1783551421\n|gametype|singles\n|player|p1|p0x1055d0c2|1|\n|player|p2|p0y10558387|169|\n|gen|9\n|tier|[Gen 9] Random Battle\n|rule|Species Clause: Limit one of each Pok\u00e9mon\n|rule|HP Percentage Mod: HP is shown in percentages\n|rule|Sleep Clause Mod: Limit one foe put to sleep\n|rule|Illusion Level Mod: Illusion disguises the Pok\u00e9mon's true level\n|\n|t:|1783551421\n|teamsize|p1|6\n|teamsize|p2|6\n|start\n|switch|p1a: Gothitelle|Gothitelle, L90, M|272/272\n|switch|p2a: Bellossom|Bellossom, L84, M|100/100\n|turn|1\n|inactive|Battle timer is ON: inactive players will automatically lose when time's up. (requested by p0y10558387)\n|inactive|Time left: 300 sec this turn | 300 sec total | 60 sec grace\n|inactive|p0x1055d0c2 also wants the timer to be on.\n|\n|t:|1783551422\n|switch|p1a: Ariados|Ariados, L95, F|287/287\n|move|p2a: Bellossom|Quiver Dance|p2a: Bellossom\n|-boost|p2a: Bellossom|spa|1\n|-boost|p2a: Bellossom|spd|1\n|-boost|p2a: Bellossom|spe|1\n|\n|upkeep\n|turn|2\n|inactive|Time left: 300 sec this turn | 300 sec total\n|\n|t:|1783551423\n|-terastallize|p2a: Bellossom|Rock\n|move|p2a: Bellossom|Tera Blast|p1a: Ariados|[anim] Tera Blast Rock\n|-supereffective|p1a: Ariados\n|-damage|p1a: Ariados|57/287\n|move|p1a: Ariados|Sticky Web|p2a: Bellossom\n|-sidestart|p2: p0y10558387|move: Sticky Web\n|\n|upkeep\n|turn|3\n|inactive|Time left: 300 sec this turn | 300 sec total\n|\n|t:|1783551424\n|switch|p1a: Slither Wing|Slither Wing, L81|270/270\n|-enditem|p1a: Slither Wing|Booster Energy\n|-activate|p1a: Slither Wing|ability: Protosynthesis|[fromitem]\n|-start|p1a: Slither Wing|protosynthesisatk\n|move|p2a: Bellossom|Tera Blast|p1a: Slither Wing|[anim] Tera Blast Rock\n|-damage|p1a: Slither Wing|171/270\n|\n|upkeep\n|turn|4\n|inactive|Time left: 300 sec this turn | 300 sec total\n|\n|t:|1783551425\n|move|p2a: Bellossom|Strength Sap|p1a: Slither Wing\n|-unboost|p1a: Slither Wing|atk|1\n|move|p1a: Slither Wing|Close Combat|p2a: Bellossom\n|-supereffective|p2a: Bellossom\n|-damage|p2a: Bellossom|0 fnt\n|-unboost|p1a: Slither Wing|def|1\n|-unboost|p1a: Slither Wing|spd|1\n|faint|p2a: Bellossom\n|\n|upkeep\n|\n|t:|1783551426\n|switch|p2a: Torkoal|Torkoal, L88, M|100/100\n|-weather|SunnyDay|[from] ability: Drought|[of] p2a: Torkoal\n|turn|5\n|inactive|Time left: 300 sec this turn | 300 sec total\n|\n|t:|1783551427\n|-end|p1a: Slither Wing|Protosynthesis|[silent]\n|switch|p1a: Wyrdeer|Wyrdeer, L87, F|321/321\n|-ability|p1a: Wyrdeer|Intimidate|boost\n|-unboost|p2a: Torkoal|atk|1\n|move|p2a: Torkoal|Fire Blast|p1a: Wyrdeer\n|-damage|p1a: Wyrdeer|203/321\n|\n|-weather|SunnyDay|[upkeep]\n|upkeep\n|turn|6\n|inactive|Time left: 300 sec this turn | 300 sec total\n|\n|t:|1783551429\n|switch|p2a: Wyrdeer|Wyrdeer, L87, F|100/100\n|-activate|p2a: Wyrdeer|move: Sticky Web\n|-unboost|p2a: Wyrdeer|spe|1\n|-ability|p2a: Wyrdeer|Intimidate|boost\n|-unboost|p1a: Wyrdeer|atk|1\n|move|p1a: Wyrdeer|Psychic Noise|p2a: Wyrdeer\n|-resisted|p2a: Wyrdeer\n|-damage|p2a: Wyrdeer|90/100\n|-start|p2a: Wyrdeer|move: Heal Block\n|\n|-weather|SunnyDay|[upkeep]\n|upkeep\n|turn|7\n|inactive|Time left: 300 sec this turn | 300 sec total\n|\n|t:|1783551430\n|move|p1a: Wyrdeer|Body Slam|p2a: Wyrdeer\n|-damage|p2a: Wyrdeer|67/100\n|-status|p2a: Wyrdeer|par\n|move|p2a: Wyrdeer|Body Slam|p1a: Wyrdeer\n|-damage|p1a: Wyrdeer|91/321\n|\n|-weather|SunnyDay|[upkeep]\n|-end|p2a: Wyrdeer|move: Heal Block\n|upkeep\n|turn|8\n|inactive|Time left: 300 sec this turn | 300 sec total\n|\n|t:|1783551431\n|switch|p1a: Cloyster|Cloyster, L80, F|211/211\n|switch|p2a: Excadrill|Excadrill, L79, F|100/100\n|-activate|p2a: Excadrill|move: Sticky Web\n|-unboost|p2a: Excadrill|spe|1\n|-ability|p2a: Excadrill|Mold Breaker\n|\n|-weather|SunnyDay|[upkeep]\n|upkeep\n|turn|9\n|inactive|Time left: 300 sec this turn | 300 sec total\n|\n|t:|1783551432\n|move|p1a: Cloyster|Shell Smash|p1a: Cloyster\n|-unboost|p1a: Cloyster|def|1\n|-unboost|p1a: Cloyster|spd|1\n|-boost|p1a: Cloyster|atk|2\n|-boost|p1a: Cloyster|spa|2\n|-boost|p1a: Cloyster|spe|2\n|-enditem|p1a: Cloyster|White Herb\n|-clearnegativeboost|p1a: Cloyster|[silent]\n|move|p2a: Excadrill|Rapid Spin|p1a: Cloyster\n|-damage|p1a: Cloyster|186/211\n|-boost|p2a: Excadrill|spe|1\n|-sideend|p2: p0y10558387|Sticky Web|[from] move: Rapid Spin|[of] p2a: Excadrill\n|\n|-weather|none\n|upkeep\n|turn|10\n|inactive|Time left: 300 sec this turn | 300 sec total\n|\n|t:|1783551433\n|switch|p2a: Wyrdeer|Wyrdeer, L87, F|67/100 par\n|-ability|p2a: Wyrdeer|Intimidate|boost\n|-unboost|p1a: Cloyster|atk|1\n|move|p1a: Cloyster|Icicle Spear|p2a: Wyrdeer\n|-damage|p2a: Wyrdeer|53/100 par\n|-damage|p2a: Wyrdeer|40/100 par\n|-damage|p2a: Wyrdeer|28/100 par\n|-damage|p2a: Wyrdeer|15/100 par\n|-damage|p2a: Wyrdeer|1/100 par\n|-hitcount|p2a: Wyrdeer|5\n|\n|upkeep\n|turn|11\n|inactive|Time left: 300 sec this turn | 300 sec total\n|\n|t:|1783551435\n|move|p1a: Cloyster|Icicle Spear|p2a: Wyrdeer\n|-damage|p2a: Wyrdeer|0 fnt\n|faint|p2a: Wyrdeer\n|-hitcount|p2: Wyrdeer|1\n|\n|upkeep\n|\n|t:|1783551436\n|switch|p2a: Torkoal|Torkoal, L88, M|100/100\n|-weather|SunnyDay|[from] ability: Drought|[of] p2a: Torkoal\n|turn|12\n|inactive|Time left: 300 sec this turn | 300 sec total\n|\n|t:|1783551437\n|-terastallize|p1a: Cloyster|Ice\n|move|p1a: Cloyster|Hydro Pump|p2a: Torkoal\n|-supereffective|p2a: Torkoal\n|-damage|p2a: Torkoal|14/100\n|move|p2a: Torkoal|Solar Beam||[still]\n|-prepare|p2a: Torkoal|Solar Beam\n|-anim|p2a: Torkoal|Solar Beam|p1a: Cloyster\n|-damage|p1a: Cloyster|56/211\n|\n|-weather|SunnyDay|[upkeep]\n|upkeep\n|turn|13\n|inactive|Time left: 300 sec this turn | 300 sec total\n|\n|t:|1783551438\n|move|p1a: Cloyster|Icicle Spear|p2a: Torkoal\n|-resisted|p2a: Torkoal\n|-damage|p2a: Torkoal|8/100\n|-resisted|p2a: Torkoal\n|-damage|p2a: Torkoal|1/100\n|-resisted|p2a: Torkoal\n|-damage|p2a: Torkoal|0 fnt\n|faint|p2a: Torkoal\n|-hitcount|p2: Torkoal|3\n|\n|-weather|SunnyDay|[upkeep]\n|upkeep\n|\n|t:|1783551439\n|switch|p2a: Emboar|Emboar, L84, F|100/100\n|turn|14\n|inactive|Time left: 300 sec this turn | 300 sec total\n|\n|t:|1783551440\n|move|p1a: Cloyster|Hydro Pump|p2a: Emboar\n|-supereffective|p2a: Emboar\n|-damage|p2a: Emboar|22/100\n|move|p2a: Emboar|Flare Blitz|p1a: Cloyster\n|-supereffective|p1a: Cloyster\n|-damage|p1a: Cloyster|0 fnt\n|faint|p1a: Cloyster\n|-damage|p2a: Emboar|16/100|[from] Recoil\n|\n|-weather|SunnyDay|[upkeep]\n|upkeep\n|inactive|Time left: 300 sec this turn | 300 sec total | 5 sec grace\n|\n|t:|1783551441\n|switch|p1a: Slither Wing|Slither Wing, L81|171/270\n|-activate|p1a: Slither Wing|ability: Protosynthesis\n|-start|p1a: Slither Wing|protosynthesisatk\n|turn|15\n|inactive|Time left: 300 sec this turn | 300 sec total\n|\n|t:|1783551442\n|move|p2a: Emboar|Flare Blitz|p1a: Slither Wing\n|-supereffective|p1a: Slither Wing\n|-damage|p1a: Slither Wing|0 fnt\n|faint|p1a: Slither Wing\n|-end|p1a: Slither Wing|Protosynthesis|[silent]\n|-damage|p2a: Emboar|0 fnt|[from] Recoil\n|faint|p2a: Emboar\n|\n|-weather|SunnyDay|[upkeep]\n|upkeep\n|inactive|Time left: 300 sec this turn | 300 sec total | 5 sec grace\n|\n|t:|1783551443\n|switch|p1a: Palafin|Palafin, L77, F|281/281\n|switch|p2a: Excadrill|Excadrill, L79, F|100/100\n|-ability|p2a: Excadrill|Mold Breaker\n|turn|16\n|inactive|Time left: 300 sec this turn | 300 sec total\n|\n|t:|1783551444\n|switch|p2a: Sceptile|Sceptile, L87, M|100/100\n|move|p1a: Palafin|Close Combat|p2a: Sceptile\n|-damage|p2a: Sceptile|61/100\n|-unboost|p1a: Palafin|def|1\n|-unboost|p1a: Palafin|spd|1\n|\n|-weather|none\n|upkeep\n|turn|17\n|inactive|Time left: 300 sec this turn | 300 sec total\n|\n|t:|1783551445\n|detailschange|p1a: Palafin|Palafin-Hero, L77, F\n|switch|p1a: Wyrdeer|Wyrdeer, L87, F|91/321\n|-ability|p1a: Wyrdeer|Intimidate|boost\n|-unboost|p2a: Sceptile|atk|1\n|move|p2a: Sceptile|Swords Dance|p2a: Sceptile\n|-boost|p2a: Sceptile|atk|2\n|\n|upkeep\n|turn|18\n|inactive|Time left: 300 sec this turn | 300 sec total\n|\n|t:|1783551446\n|switch|p1a: Ariados|Ariados, L95, F|57/287\n|move|p2a: Sceptile|Leaf Blade|p1a: Ariados\n|-resisted|p1a: Ariados\n|-damage|p1a: Ariados|14/287\n|-damage|p2a: Sceptile|51/100|[from] item: Life Orb\n|\n|upkeep\n|turn|19\n|inactive|Time left: 300 sec this turn | 300 sec total\n|\n|t:|1783551448\n|switch|p1a: Wyrdeer|Wyrdeer, L87, F|91/321\n|-ability|p1a: Wyrdeer|Intimidate|boost\n|-unboost|p2a: Sceptile|atk|1\n|move|p2a: Sceptile|Leaf Blade|p1a: Wyrdeer\n|-damage|p1a: Wyrdeer|0 fnt\n|faint|p1a: Wyrdeer\n|-damage|p2a: Sceptile|41/100|[from] item: Life Orb\n|\n|upkeep\n|inactive|Time left: 300 sec this turn | 300 sec total | 5 sec grace\n|\n|t:|1783551449\n|switch|p1a: Palafin|Palafin-Hero, L77, F|281/281\n|-activate|p1a: Palafin|ability: Zero to Hero\n|turn|20\n|inactive|Time left: 300 sec this turn | 300 sec total\n|\n|t:|1783551449\n|move|p2a: Sceptile|Rock Slide|p1a: Palafin\n|-damage|p1a: Palafin|216/281\n|-damage|p2a: Sceptile|31/100|[from] item: Life Orb\n|move|p1a: Palafin|Close Combat|p2a: Sceptile\n|-damage|p2a: Sceptile|0 fnt\n|-unboost|p1a: Palafin|def|1\n|-unboost|p1a: Palafin|spd|1\n|faint|p2a: Sceptile\n|\n|upkeep\n|\n|t:|1783551450\n|switch|p2a: Excadrill|Excadrill, L79, F|100/100\n|-ability|p2a: Excadrill|Mold Breaker\n|turn|21\n|inactive|Time left: 300 sec this turn | 300 sec total\n|\n|t:|1783551451\n|move|p1a: Palafin|Close Combat|p2a: Excadrill\n|-supereffective|p2a: Excadrill\n|-damage|p2a: Excadrill|0 fnt\n|-unboost|p1a: Palafin|def|1\n|-unboost|p1a: Palafin|spd|1\n|faint|p2a: Excadrill\n|\n|win|p0x1055d0c2", "uploadtime": 1783551451, "views": 0, "rating": 0, "private": 0, "password": null, "_winner": "p0x1055d0c2", "_our_name": "p0x1055d0c2"}