{"id": "battle-gen9randombattle-1376", "formatid": "gen9randombattle", "format": "[Gen 9] Random Battle", "players": ["p0x13763ec7", "p0y1376bb30"], "log": "|init|battle\n|title|p0x13763ec7 vs. p0y1376bb30\n|j|\u2606p0x13763ec7\n|j|\u2606p0y1376bb30\n|t:|1783555085\n|gametype|singles\n|player|p1|p0x13763ec7|170|\n|player|p2|p0y1376bb30|101|\n|gen|9\n|tier|[Gen 9] Random Battle\n|rule|Species Clause: Limit one of each Pok\u00e9mon\n|rule|HP Percentage Mod: HP is shown in percentages\n|rule|Sleep Clause Mod: Limit one foe put to sleep\n|rule|Illusion Level Mod: Illusion disguises the Pok\u00e9mon's true level\n|\n|t:|1783555085\n|teamsize|p1|6\n|teamsize|p2|6\n|start\n|switch|p1a: Veluza|Veluza, L85, M|292/292\n|switch|p2a: Spiritomb|Spiritomb, L89, M|100/100\n|turn|1\n|inactive|Battle timer is ON: inactive players will automatically lose when time's up. (requested by p0y1376bb30)\n|inactive|Time left: 300 sec this turn | 300 sec total | 60 sec grace\n|inactive|p0x13763ec7 also wants the timer to be on.\n|\n|t:|1783555087\n|move|p1a: Veluza|Aqua Cutter|p2a: Spiritomb\n|-crit|p2a: Spiritomb\n|-damage|p2a: Spiritomb|12/100\n|move|p2a: Spiritomb|Will-O-Wisp|p1a: Veluza|[miss]\n|-miss|p2a: Spiritomb|p1a: Veluza\n|\n|-heal|p2a: Spiritomb|18/100|[from] item: Leftovers\n|upkeep\n|turn|2\n|inactive|Time left: 300 sec this turn | 300 sec total\n|\n|t:|1783555088\n|switch|p2a: Lanturn|Lanturn, L89, M|100/100\n|move|p1a: Veluza|Aqua Cutter|p2a: Lanturn\n|-resisted|p2a: Lanturn\n|-damage|p2a: Lanturn|67/100\n|\n|upkeep\n|turn|3\n|inactive|Time left: 300 sec this turn | 300 sec total\n|\n|t:|1783555089\n|move|p2a: Lanturn|Thunderbolt|p1a: Veluza\n|-supereffective|p1a: Veluza\n|-damage|p1a: Veluza|62/292\n|move|p1a: Veluza|Aqua Cutter|p2a: Lanturn\n|-resisted|p2a: Lanturn\n|-damage|p2a: Lanturn|36/100\n|\n|upkeep\n|turn|4\n|inactive|Time left: 300 sec this turn | 300 sec total\n|\n|t:|1783555090\n|switch|p1a: Altaria|Altaria, L89, F|278/278\n|move|p2a: Lanturn|Thunderbolt|p1a: Altaria\n|-damage|p1a: Altaria|202/278\n|\n|upkeep\n|turn|5\n|inactive|Time left: 300 sec this turn | 300 sec total\n|\n|t:|1783555091\n|move|p1a: Altaria|Earthquake|p2a: Lanturn\n|-supereffective|p2a: Lanturn\n|-damage|p2a: Lanturn|0 fnt\n|faint|p2a: Lanturn\n|\n|upkeep\n|\n|t:|1783555091\n|switch|p2a: Iron Jugulis|Iron Jugulis, L77|100/100\n|turn|6\n|inactive|Time left: 300 sec this turn | 300 sec total\n|\n|t:|1783555092\n|move|p2a: Iron Jugulis|Meteor Beam||[still]\n|-prepare|p2a: Iron Jugulis|Meteor Beam\n|-boost|p2a: Iron Jugulis|spa|1\n|-enditem|p2a: Iron Jugulis|Power Herb\n|-anim|p2a: Iron Jugulis|Meteor Beam|p1a: Altaria\n|-supereffective|p1a: Altaria\n|-damage|p1a: Altaria|0 fnt\n|faint|p1a: Altaria\n|\n|upkeep\n|inactive|Time left: 300 sec this turn | 300 sec total | 5 sec grace\n|\n|t:|1783555093\n|switch|p1a: Articuno|Articuno, L86|295/295\n|-ability|p1a: Articuno|Pressure\n|turn|7\n|inactive|Time left: 300 sec this turn | 300 sec total\n|\n|t:|1783555094\n|move|p2a: Iron Jugulis|Meteor Beam||[still]\n|-prepare|p2a: Iron Jugulis|Meteor Beam\n|-boost|p2a: Iron Jugulis|spa|1\n|move|p1a: Articuno|Freeze-Dry|p2a: Iron Jugulis\n|-supereffective|p2a: Iron Jugulis\n|-damage|p2a: Iron Jugulis|31/100\n|\n|upkeep\n|turn|8\n|inactive|Time left: 300 sec this turn | 300 sec total\n|\n|t:|1783555095\n|-terastallize|p1a: Articuno|Steel\n|move|p2a: Iron Jugulis|Meteor Beam|p1a: Articuno|[from] lockedmove\n|-resisted|p1a: Articuno\n|-damage|p1a: Articuno|235/295\n|move|p1a: Articuno|Freeze-Dry|p2a: Iron Jugulis\n|-supereffective|p2a: Iron Jugulis\n|-damage|p2a: Iron Jugulis|0 fnt\n|faint|p2a: Iron Jugulis\n|-end|p2a: Iron Jugulis|Quark Drive|[silent]\n|\n|upkeep\n|\n|t:|1783555096\n|switch|p2a: Kilowattrel|Kilowattrel, L83, F|100/100\n|turn|9\n|inactive|Time left: 300 sec this turn | 300 sec total\n|\n|t:|1783555097\n|move|p2a: Kilowattrel|Discharge|p1a: Articuno\n|-damage|p1a: Articuno|166/295\n|move|p1a: Articuno|Freeze-Dry|p2a: Kilowattrel\n|-supereffective|p2a: Kilowattrel\n|-crit|p2a: Kilowattrel\n|-damage|p2a: Kilowattrel|0 fnt\n|faint|p2a: Kilowattrel\n|\n|upkeep\n|\n|t:|1783555098\n|switch|p2a: Flutter Mane|Flutter Mane, L74|100/100\n|turn|10\n|inactive|Time left: 300 sec this turn | 300 sec total\n|\n|t:|1783555098\n|move|p2a: Flutter Mane|Shadow Ball|p1a: Articuno\n|-damage|p1a: Articuno|76/295\n|move|p1a: Articuno|Brave Bird|p2a: Flutter Mane\n|-damage|p2a: Flutter Mane|3/100\n|-damage|p1a: Articuno|11/295|[from] Recoil\n|\n|upkeep\n|turn|11\n|inactive|Time left: 300 sec this turn | 300 sec total\n|\n|t:|1783555099\n|move|p2a: Flutter Mane|Shadow Ball|p1a: Articuno\n|-damage|p1a: Articuno|0 fnt\n|faint|p1a: Articuno\n|\n|upkeep\n|inactive|Time left: 300 sec this turn | 300 sec total | 5 sec grace\n|\n|t:|1783555100\n|switch|p1a: Camerupt|Camerupt, L91, M|275/275\n|turn|12\n|inactive|Time left: 300 sec this turn | 300 sec total\n|\n|t:|1783555101\n|move|p2a: Flutter Mane|Shadow Ball|p1a: Camerupt\n|-damage|p1a: Camerupt|148/275\n|move|p1a: Camerupt|Earthquake|p2a: Flutter Mane\n|-damage|p2a: Flutter Mane|0 fnt\n|faint|p2a: Flutter Mane\n|-end|p2a: Flutter Mane|Protosynthesis|[silent]\n|\n|-heal|p1a: Camerupt|165/275|[from] item: Leftovers\n|upkeep\n|\n|t:|1783555102\n|switch|p2a: Eternatus|Eternatus, L69|100/100\n|-ability|p2a: Eternatus|Pressure\n|turn|13\n|inactive|Time left: 300 sec this turn | 300 sec total\n|\n|t:|1783555103\n|-terastallize|p2a: Eternatus|Water\n|move|p2a: Eternatus|Dynamax Cannon|p1a: Camerupt\n|-damage|p1a: Camerupt|59/275\n|move|p1a: Camerupt|Earthquake|p2a: Eternatus\n|-damage|p2a: Eternatus|53/100\n|\n|-heal|p1a: Camerupt|76/275|[from] item: Leftovers\n|upkeep\n|turn|14\n|inactive|Time left: 300 sec this turn | 300 sec total\n|\n|t:|1783555105\n|switch|p1a: Bronzong|Bronzong, L88|261/261\n|move|p2a: Eternatus|Dynamax Cannon|p1a: Bronzong\n|-resisted|p1a: Bronzong\n|-damage|p1a: Bronzong|224/261\n|\n|-heal|p1a: Bronzong|240/261|[from] item: Leftovers\n|upkeep\n|turn|15\n|inactive|Time left: 300 sec this turn | 300 sec total\n|\n|t:|1783555106\n|move|p2a: Eternatus|Recover|p2a: Eternatus\n|-heal|p2a: Eternatus|100/100\n|move|p1a: Bronzong|Psychic Noise|p2a: Eternatus\n|-damage|p2a: Eternatus|75/100\n|-start|p2a: Eternatus|move: Heal Block\n|\n|-heal|p1a: Bronzong|256/261|[from] item: Leftovers\n|upkeep\n|turn|16\n|inactive|Time left: 300 sec this turn | 300 sec total\n|\n|t:|1783555107\n|move|p2a: Eternatus|Flamethrower|p1a: Bronzong\n|-supereffective|p1a: Bronzong\n|-damage|p1a: Bronzong|170/261\n|move|p1a: Bronzong|Iron Defense|p1a: Bronzong\n|-boost|p1a: Bronzong|def|2\n|\n|-heal|p1a: Bronzong|186/261|[from] item: Leftovers\n|-end|p2a: Eternatus|move: Heal Block\n|upkeep\n|turn|17\n|inactive|Time left: 300 sec this turn | 300 sec total\n|\n|t:|1783555108\n|move|p2a: Eternatus|Flamethrower|p1a: Bronzong\n|-supereffective|p1a: Bronzong\n|-damage|p1a: Bronzong|96/261\n|move|p1a: Bronzong|Psychic Noise|p2a: Eternatus\n|-damage|p2a: Eternatus|46/100\n|-start|p2a: Eternatus|move: Heal Block\n|\n|-heal|p1a: Bronzong|112/261|[from] item: Leftovers\n|upkeep\n|turn|18\n|inactive|Time left: 300 sec this turn | 300 sec total\n|\n|t:|1783555109\n|switch|p2a: Spiritomb|Spiritomb, L89, M|18/100\n|move|p1a: Bronzong|Body Press|p2a: Spiritomb\n|-immune|p2a: Spiritomb\n|\n|-heal|p2a: Spiritomb|24/100|[from] item: Leftovers\n|-heal|p1a: Bronzong|128/261|[from] item: Leftovers\n|upkeep\n|turn|19\n|inactive|Time left: 300 sec this turn | 300 sec total\n|\n|t:|1783555110\n|move|p2a: Spiritomb|Foul Play|p1a: Bronzong\n|-supereffective|p1a: Bronzong\n|-damage|p1a: Bronzong|38/261\n|move|p1a: Bronzong|Iron Head|p2a: Spiritomb\n|-damage|p2a: Spiritomb|0 fnt\n|faint|p2a: Spiritomb\n|\n|-heal|p1a: Bronzong|54/261|[from] item: Leftovers\n|upkeep\n|\n|t:|1783555111\n|switch|p2a: Eternatus|Eternatus, L69, tera:Water|46/100\n|-ability|p2a: Eternatus|Pressure\n|turn|20\n|inactive|Time left: 300 sec this turn | 300 sec total\n|\n|t:|1783555112\n|move|p2a: Eternatus|Recover|p2a: Eternatus\n|-heal|p2a: Eternatus|96/100\n|move|p1a: Bronzong|Body Press|p2a: Eternatus\n|-damage|p2a: Eternatus|43/100\n|-damage|p1a: Bronzong|11/261|[from] item: Rocky Helmet|[of] p2a: Eternatus\n|\n|-heal|p1a: Bronzong|27/261|[from] item: Leftovers\n|upkeep\n|turn|21\n|inactive|Time left: 300 sec this turn | 300 sec total\n|\n|t:|1783555112\n|move|p2a: Eternatus|Recover|p2a: Eternatus\n|-heal|p2a: Eternatus|93/100\n|move|p1a: Bronzong|Body Press|p2a: Eternatus\n|-damage|p2a: Eternatus|38/100\n|-damage|p1a: Bronzong|0 fnt|[from] item: Rocky Helmet|[of] p2a: Eternatus\n|faint|p1a: Bronzong\n|\n|upkeep\n|inactive|Time left: 300 sec this turn | 300 sec total | 5 sec grace\n|\n|t:|1783555113\n|switch|p1a: Regidrago|Regidrago, L77|435/435\n|turn|22\n|inactive|Time left: 300 sec this turn | 300 sec total\n|\n|t:|1783555114\n|move|p2a: Eternatus|Recover|p2a: Eternatus\n|-heal|p2a: Eternatus|88/100\n|move|p1a: Regidrago|Dragon Dance|p1a: Regidrago\n|-boost|p1a: Regidrago|atk|1\n|-boost|p1a: Regidrago|spe|1\n|\n|upkeep\n|turn|23\n|inactive|Time left: 300 sec this turn | 300 sec total\n|\n|t:|1783555115\n|move|p1a: Regidrago|Dragon Dance|p1a: Regidrago\n|-boost|p1a: Regidrago|atk|1\n|-boost|p1a: Regidrago|spe|1\n|move|p2a: Eternatus|Flamethrower|p1a: Regidrago\n|-resisted|p1a: Regidrago\n|-damage|p1a: Regidrago|387/435\n|\n|upkeep\n|turn|24\n|inactive|Time left: 300 sec this turn | 300 sec total\n|\n|t:|1783555116\n|move|p1a: Regidrago|Dragon Claw|p2a: Eternatus\n|-damage|p2a: Eternatus|0 fnt\n|-damage|p1a: Regidrago|315/435|[from] item: Rocky Helmet|[of] p2a: Eternatus\n|faint|p2a: Eternatus\n|-damage|p1a: Regidrago|272/435|[from] item: Life Orb\n|\n|win|p0x13763ec7", "uploadtime": 1783555116, "views": 0, "rating": 0, "private": 0, "password": null, "_winner": "p0x13763ec7", "_our_name": "p0x13763ec7"}