{"id": "battle-gen9randombattle-2630", "formatid": "gen9randombattle", "format": "[Gen 9] Random Battle", "players": ["p0x26306ad1", "p0y2630439a"], "log": "|init|battle\n|title|p0x26306ad1 vs. p0y2630439a\n|j|\u2606p0x26306ad1\n|j|\u2606p0y2630439a\n|t:|1783570372\n|gametype|singles\n|player|p1|p0x26306ad1|169|\n|player|p2|p0y2630439a|102|\n|gen|9\n|tier|[Gen 9] Random Battle\n|rule|Species Clause: Limit one of each Pok\u00e9mon\n|rule|HP Percentage Mod: HP is shown in percentages\n|rule|Sleep Clause Mod: Limit one foe put to sleep\n|rule|Illusion Level Mod: Illusion disguises the Pok\u00e9mon's true level\n|\n|t:|1783570373\n|teamsize|p1|6\n|teamsize|p2|6\n|start\n|switch|p1a: Beartic|Beartic, L91, F|100/100\n|switch|p2a: Kingambit|Kingambit, L74, M|270/270\n|turn|1\n|inactive|Battle timer is ON: inactive players will automatically lose when time's up. (requested by p0y2630439a)\n|inactive|p0x26306ad1 also wants the timer to be on.\n|\n|t:|1783570374\n|-end|p2a: Kingambit|fallenundefined|[silent]\n|switch|p2a: Gastrodon|Gastrodon, L86, M|331/331\n|move|p1a: Beartic|Swords Dance|p1a: Beartic\n|-boost|p1a: Beartic|atk|2\n|\n|upkeep\n|turn|2\n|inactive|Time left: 300 sec this turn | 300 sec total\n|\n|t:|1783570375\n|move|p1a: Beartic|Icicle Crash|p2a: Gastrodon\n|-damage|p2a: Gastrodon|34/331\n|move|p2a: Gastrodon|Clear Smog|p1a: Beartic\n|-damage|p1a: Beartic|90/100\n|-clearboost|p1a: Beartic\n|\n|-heal|p2a: Gastrodon|54/331|[from] item: Leftovers\n|upkeep\n|turn|3\n|inactive|Time left: 300 sec this turn | 300 sec total\n|\n|t:|1783570376\n|move|p1a: Beartic|Icicle Crash|p2a: Gastrodon\n|-damage|p2a: Gastrodon|0 fnt\n|faint|p2a: Gastrodon\n|\n|upkeep\n|inactive|Time left: 300 sec this turn | 300 sec total | 5 sec grace\n|\n|t:|1783570377\n|switch|p2a: Vivillon|Vivillon-Tundra, L83, M|268/268\n|turn|4\n|inactive|Time left: 300 sec this turn | 300 sec total\n|\n|t:|1783570378\n|move|p2a: Vivillon|Sleep Powder|p1a: Beartic\n|-status|p1a: Beartic|slp|[from] move: Sleep Powder\n|cant|p1a: Beartic|slp\n|\n|upkeep\n|turn|5\n|inactive|Time left: 300 sec this turn | 300 sec total\n|\n|t:|1783570379\n|move|p2a: Vivillon|Hurricane|p1a: Beartic\n|-damage|p1a: Beartic|55/100 slp\n|-curestatus|p1a: Beartic|slp|[msg]\n|move|p1a: Beartic|Icicle Crash|p2a: Vivillon\n|-supereffective|p2a: Vivillon\n|-damage|p2a: Vivillon|0 fnt\n|faint|p2a: Vivillon\n|\n|upkeep\n|inactive|Time left: 300 sec this turn | 300 sec total | 5 sec grace\n|\n|t:|1783570380\n|switch|p2a: Excadrill|Excadrill, L79, F|303/303\n|-ability|p2a: Excadrill|Mold Breaker\n|turn|6\n|inactive|Time left: 300 sec this turn | 300 sec total\n|\n|t:|1783570381\n|-terastallize|p1a: Beartic|Ground\n|move|p2a: Excadrill|Iron Head|p1a: Beartic\n|-damage|p1a: Beartic|22/100\n|move|p1a: Beartic|Earthquake|p2a: Excadrill\n|-supereffective|p2a: Excadrill\n|-damage|p2a: Excadrill|0 fnt\n|faint|p2a: Excadrill\n|\n|upkeep\n|inactive|Time left: 300 sec this turn | 300 sec total | 5 sec grace\n|\n|t:|1783570382\n|switch|p2a: Politoed|Politoed, L88, F|302/302\n|-weather|RainDance|[from] ability: Drizzle|[of] p2a: Politoed\n|turn|7\n|inactive|Time left: 300 sec this turn | 300 sec total\n|\n|t:|1783570383\n|switch|p1a: Gallade|Gallade, L80, M|100/100\n|move|p2a: Politoed|Surf|p1a: Gallade\n|-damage|p1a: Gallade|51/100\n|\n|-weather|RainDance|[upkeep]\n|upkeep\n|turn|8\n|inactive|Time left: 300 sec this turn | 300 sec total\n|\n|t:|1783570384\n|move|p1a: Gallade|Leaf Blade|p2a: Politoed\n|-supereffective|p2a: Politoed\n|-damage|p2a: Politoed|88/302\n|move|p2a: Politoed|Surf|p1a: Gallade\n|-damage|p1a: Gallade|0 fnt\n|faint|p1a: Gallade\n|\n|-weather|RainDance|[upkeep]\n|-heal|p2a: Politoed|106/302|[from] item: Leftovers\n|upkeep\n|\n|t:|1783570385\n|switch|p1a: Ogerpon|Ogerpon-Cornerstone, L76, F|100/100\n|turn|9\n|inactive|Time left: 300 sec this turn | 300 sec total\n|\n|t:|1783570385\n|move|p1a: Ogerpon|Power Whip|p2a: Politoed\n|-supereffective|p2a: Politoed\n|-damage|p2a: Politoed|0 fnt\n|faint|p2a: Politoed\n|\n|-weather|RainDance|[upkeep]\n|upkeep\n|inactive|Time left: 300 sec this turn | 300 sec total | 5 sec grace\n|\n|t:|1783570386\n|switch|p2a: Kingambit|Kingambit, L74, M|270/270\n|-activate|p2a: Kingambit|ability: Supreme Overlord\n|-start|p2a: Kingambit|fallen4|[silent]\n|turn|10\n|inactive|Time left: 300 sec this turn | 300 sec total\n|\n|t:|1783570387\n|switch|p1a: Exeggutor|Exeggutor-Alola, L89, M|100/100\n|-item|p2a: Kingambit|Leftovers|[from] ability: Frisk|[of] p1a: Exeggutor\n|-terastallize|p2a: Kingambit|Flying\n|move|p2a: Kingambit|Iron Head|p1a: Exeggutor\n|-damage|p1a: Exeggutor|61/100\n|\n|-weather|RainDance|[upkeep]\n|upkeep\n|turn|11\n|inactive|Time left: 300 sec this turn | 300 sec total\n|\n|t:|1783570388\n|move|p1a: Exeggutor|Draco Meteor|p2a: Kingambit\n|-damage|p2a: Kingambit|0 fnt\n|-unboost|p1a: Exeggutor|spa|2\n|faint|p2a: Kingambit\n|-end|p2a: Kingambit|fallen4|[silent]\n|\n|-weather|none\n|upkeep\n|inactive|Time left: 300 sec this turn | 300 sec total | 5 sec grace\n|\n|t:|1783570389\n|switch|p2a: Magcargo|Magcargo, L95, F|268/268\n|turn|12\n|inactive|Time left: 300 sec this turn | 300 sec total\n|\n|t:|1783570390\n|move|p1a: Exeggutor|Draco Meteor|p2a: Magcargo\n|-damage|p2a: Magcargo|138/268\n|-unboost|p1a: Exeggutor|spa|2\n|move|p2a: Magcargo|Lava Plume|p1a: Exeggutor\n|-damage|p1a: Exeggutor|24/100\n|\n|upkeep\n|turn|13\n|inactive|Time left: 300 sec this turn | 300 sec total\n|\n|t:|1783570391\n|switch|p1a: Beartic|Beartic, L91, F, tera:Ground|22/100\n|move|p2a: Magcargo|Lava Plume|p1a: Beartic\n|-damage|p1a: Beartic|0 fnt\n|faint|p1a: Beartic\n|\n|upkeep\n|\n|t:|1783570391\n|switch|p1a: Ogerpon|Ogerpon-Cornerstone, L76, F|100/100\n|turn|14\n|inactive|Time left: 300 sec this turn | 300 sec total\n|\n|t:|1783570392\n|move|p1a: Ogerpon|Ivy Cudgel|p2a: Magcargo|[anim] Ivy Cudgel Rock\n|-supereffective|p2a: Magcargo\n|-damage|p2a: Magcargo|0 fnt\n|faint|p2a: Magcargo\n|\n|win|p0x26306ad1", "uploadtime": 1783570392, "views": 0, "rating": 0, "private": 0, "password": null, "_winner": "p0x26306ad1", "_our_name": "p0y2630439a"}