{"id": "battle-gen9randombattle-766", "formatid": "gen9randombattle", "format": "[Gen 9] Random Battle", "players": ["p0x766c9c0", "p0y76628d5"], "log": "|init|battle\n|title|p0x766c9c0 vs. p0y76628d5\n|j|\u2606p0x766c9c0\n|j|\u2606p0y76628d5\n|t:|1783548754\n|gametype|singles\n|player|p1|p0x766c9c0|266|\n|player|p2|p0y76628d5|169|\n|gen|9\n|tier|[Gen 9] Random Battle\n|rule|Species Clause: Limit one of each Pok\u00e9mon\n|rule|HP Percentage Mod: HP is shown in percentages\n|rule|Sleep Clause Mod: Limit one foe put to sleep\n|rule|Illusion Level Mod: Illusion disguises the Pok\u00e9mon's true level\n|\n|t:|1783548754\n|teamsize|p1|6\n|teamsize|p2|6\n|start\n|switch|p1a: Sawsbuck|Sawsbuck-Summer, L88, M|284/284\n|switch|p2a: Arboliva|Arboliva, L91, M|100/100\n|turn|1\n|inactive|Battle timer is ON: inactive players will automatically lose when time's up. (requested by p0x766c9c0)\n|inactive|p0y76628d5 also wants the timer to be on.\n|\n|t:|1783548756\n|move|p1a: Sawsbuck|Swords Dance|p1a: Sawsbuck\n|-boost|p1a: Sawsbuck|atk|2\n|move|p2a: Arboliva|Hyper Voice|p1a: Sawsbuck\n|-damage|p1a: Sawsbuck|124/284\n|\n|upkeep\n|turn|2\n|inactive|Time left: 300 sec this turn | 300 sec total\n|\n|t:|1783548757\n|move|p1a: Sawsbuck|Double-Edge|p2a: Arboliva\n|-damage|p2a: Arboliva|0 fnt\n|faint|p2a: Arboliva\n|-damage|p1a: Sawsbuck|29/284|[from] Recoil\n|-damage|p1a: Sawsbuck|1/284|[from] item: Life Orb\n|\n|upkeep\n|\n|t:|1783548758\n|switch|p2a: Squawkabilly|Squawkabilly-Blue, L85, F|100/100\n|turn|3\n|inactive|Time left: 300 sec this turn | 300 sec total\n|\n|t:|1783548760\n|move|p2a: Squawkabilly|Quick Attack|p1a: Sawsbuck\n|-damage|p1a: Sawsbuck|0 fnt\n|faint|p1a: Sawsbuck\n|\n|-status|p2a: Squawkabilly|brn|[from] item: Flame Orb\n|upkeep\n|inactive|Time left: 300 sec this turn | 300 sec total | 5 sec grace\n|\n|t:|1783548761\n|switch|p1a: Infernape|Infernape, L82, M|259/259\n|turn|4\n|inactive|Time left: 300 sec this turn | 300 sec total\n|\n|t:|1783548762\n|move|p1a: Infernape|Close Combat|p2a: Squawkabilly\n|-damage|p2a: Squawkabilly|5/100 brn\n|-unboost|p1a: Infernape|def|1\n|-unboost|p1a: Infernape|spd|1\n|move|p2a: Squawkabilly|Facade|p1a: Infernape\n|-damage|p1a: Infernape|0 fnt\n|faint|p1a: Infernape\n|\n|-damage|p2a: Squawkabilly|0 fnt|[from] brn\n|faint|p2a: Squawkabilly\n|upkeep\n|inactive|Time left: 300 sec this turn | 300 sec total | 5 sec grace\n|\n|t:|1783548763\n|switch|p1a: Bruxish|Bruxish, L85, M|254/254\n|switch|p2a: Lycanroc|Lycanroc-Midnight, L89, F|100/100\n|turn|5\n|inactive|Time left: 300 sec this turn | 300 sec total\n|\n|t:|1783548765\n|-terastallize|p1a: Bruxish|Psychic\n|move|p1a: Bruxish|Psychic Fangs|p2a: Lycanroc\n|-damage|p2a: Lycanroc|0 fnt\n|faint|p2a: Lycanroc\n|\n|upkeep\n|\n|t:|1783548766\n|switch|p2a: Dragonite|Dragonite, L74, F|100/100\n|turn|6\n|inactive|Time left: 300 sec this turn | 300 sec total\n|\n|t:|1783548767\n|move|p1a: Bruxish|Psychic Fangs|p2a: Dragonite\n|-damage|p2a: Dragonite|43/100\n|move|p2a: Dragonite|Outrage|p1a: Bruxish\n|-damage|p1a: Bruxish|92/254\n|\n|upkeep\n|turn|7\n|inactive|Time left: 300 sec this turn | 300 sec total\n|\n|t:|1783548768\n|move|p1a: Bruxish|Psychic Fangs|p2a: Dragonite\n|-damage|p2a: Dragonite|0 fnt\n|faint|p2a: Dragonite\n|\n|upkeep\n|\n|t:|1783548769\n|switch|p2a: Terrakion|Terrakion, L79|100/100\n|turn|8\n|inactive|Time left: 300 sec this turn | 300 sec total\n|\n|t:|1783548770\n|-terastallize|p2a: Terrakion|Ground\n|move|p2a: Terrakion|Earthquake|p1a: Bruxish\n|-damage|p1a: Bruxish|0 fnt\n|faint|p1a: Bruxish\n|-damage|p2a: Terrakion|91/100|[from] item: Life Orb\n|\n|upkeep\n|inactive|Time left: 300 sec this turn | 300 sec total | 5 sec grace\n|\n|t:|1783548771\n|switch|p1a: Decidueye|Decidueye, L88, M|281/281\n|turn|9\n|inactive|Time left: 300 sec this turn | 300 sec total\n|\n|t:|1783548772\n|move|p2a: Terrakion|Stone Edge|p1a: Decidueye\n|-crit|p1a: Decidueye\n|-damage|p1a: Decidueye|16/281\n|-damage|p2a: Terrakion|81/100|[from] item: Life Orb\n|move|p1a: Decidueye|Leaf Blade|p2a: Terrakion\n|-supereffective|p2a: Terrakion\n|-damage|p2a: Terrakion|0 fnt\n|faint|p2a: Terrakion\n|-damage|p1a: Decidueye|0 fnt|[from] item: Life Orb\n|faint|p1a: Decidueye\n|\n|upkeep\n|inactive|Time left: 300 sec this turn | 300 sec total | 5 sec grace\n|\n|t:|1783548773\n|switch|p2a: Typhlosion|Typhlosion-Hisui, L83, M|100/100\n|switch|p1a: Oinkologne|Oinkologne, L92, M|352/352\n|turn|10\n|inactive|Time left: 300 sec this turn | 300 sec total\n|\n|t:|1783548774\n|move|p2a: Typhlosion|Will-O-Wisp|p1a: Oinkologne\n|-status|p1a: Oinkologne|brn\n|move|p1a: Oinkologne|Lash Out|p2a: Typhlosion\n|-supereffective|p2a: Typhlosion\n|-damage|p2a: Typhlosion|74/100\n|\n|-damage|p1a: Oinkologne|330/352 brn|[from] brn\n|upkeep\n|turn|11\n|inactive|Time left: 300 sec this turn | 300 sec total\n|\n|t:|1783548775\n|move|p2a: Typhlosion|Calm Mind|p2a: Typhlosion\n|-boost|p2a: Typhlosion|spa|1\n|-boost|p2a: Typhlosion|spd|1\n|move|p1a: Oinkologne|High Horsepower|p2a: Typhlosion\n|-supereffective|p2a: Typhlosion\n|-damage|p2a: Typhlosion|40/100\n|\n|-heal|p1a: Oinkologne|352/352 brn|[from] item: Leftovers\n|-damage|p1a: Oinkologne|330/352 brn|[from] brn\n|upkeep\n|turn|12\n|inactive|Time left: 300 sec this turn | 300 sec total\n|\n|t:|1783548776\n|move|p2a: Typhlosion|Will-O-Wisp|p1a: Oinkologne\n|-fail|p1a: Oinkologne|brn\n|move|p1a: Oinkologne|Lash Out|p2a: Typhlosion\n|-supereffective|p2a: Typhlosion\n|-damage|p2a: Typhlosion|11/100\n|\n|-heal|p1a: Oinkologne|352/352 brn|[from] item: Leftovers\n|-damage|p1a: Oinkologne|330/352 brn|[from] brn\n|upkeep\n|turn|13\n|inactive|Time left: 300 sec this turn | 300 sec total\n|\n|t:|1783548776\n|move|p2a: Typhlosion|Calm Mind|p2a: Typhlosion\n|-boost|p2a: Typhlosion|spa|1\n|-boost|p2a: Typhlosion|spd|1\n|move|p1a: Oinkologne|Lash Out|p2a: Typhlosion\n|-supereffective|p2a: Typhlosion\n|-damage|p2a: Typhlosion|0 fnt\n|faint|p2a: Typhlosion\n|\n|win|p0x766c9c0", "uploadtime": 1783548776, "views": 0, "rating": 0, "private": 0, "password": null, "_winner": "p0x766c9c0", "_our_name": "p0x766c9c0"}