{"id": "battle-gen9randombattle-82", "formatid": "gen9randombattle", "format": "[Gen 9] Random Battle", "players": ["p0x082100a", "p0y082f12f"], "log": "|init|battle\n|title|p0x082100a vs. p0y082f12f\n|j|\u2606p0x082100a\n|j|\u2606p0y082f12f\n|t:|1783534734\n|gametype|singles\n|player|p1|p0x082100a|102|\n|player|p2|p0y082f12f|266|\n|gen|9\n|tier|[Gen 9] Random Battle\n|rule|Species Clause: Limit one of each Pok\u00e9mon\n|rule|HP Percentage Mod: HP is shown in percentages\n|rule|Sleep Clause Mod: Limit one foe put to sleep\n|rule|Illusion Level Mod: Illusion disguises the Pok\u00e9mon's true level\n|\n|t:|1783534734\n|teamsize|p1|6\n|teamsize|p2|6\n|start\n|switch|p1a: Minun|Minun, L95, M|100/100\n|switch|p2a: Electrode|Electrode-Hisui, L87|246/246\n|turn|1\n|inactive|Battle timer is ON: inactive players will automatically lose when time's up. (requested by p0x082100a)\n|inactive|Time left: 300 sec this turn | 300 sec total | 60 sec grace\n|inactive|p0y082f12f also wants the timer to be on.\n|\n|t:|1783534735\n|switch|p2a: Oranguru|Oranguru, L92, M|315/315\n|move|p1a: Minun|Nasty Plot|p1a: Minun\n|-boost|p1a: Minun|spa|2\n|\n|upkeep\n|turn|2\n|inactive|Time left: 300 sec this turn | 300 sec total\n|\n|t:|1783534737\n|move|p1a: Minun|Thunderbolt|p2a: Oranguru\n|-damage|p2a: Oranguru|97/315\n|-damage|p1a: Minun|91/100|[from] item: Life Orb\n|move|p2a: Oranguru|Psyshock|p1a: Minun\n|-damage|p1a: Minun|23/100\n|\n|upkeep\n|turn|3\n|inactive|Time left: 300 sec this turn | 300 sec total\n|\n|t:|1783534738\n|switch|p2a: Gardevoir|Gardevoir, L83, F|249/249\n|-ability|p2a: Gardevoir|Volt Absorb|Trace|[from] ability: Trace|[of] p1a: Minun\n|move|p1a: Minun|Thunderbolt|p2a: Gardevoir\n|-immune|p2a: Gardevoir|[from] ability: Volt Absorb\n|\n|upkeep\n|turn|4\n|inactive|Time left: 300 sec this turn | 300 sec total\n|\n|t:|1783534739\n|move|p2a: Gardevoir|Moonblast|p1a: Minun\n|-damage|p1a: Minun|0 fnt\n|faint|p1a: Minun\n|\n|upkeep\n|\n|t:|1783534740\n|switch|p1a: Florges|Florges-White, L85, F|100/100\n|turn|5\n|inactive|Time left: 300 sec this turn | 300 sec total\n|\n|t:|1783534741\n|move|p2a: Gardevoir|Moonblast|p1a: Florges\n|-damage|p1a: Florges|72/100\n|-unboost|p1a: Florges|spa|1\n|move|p1a: Florges|Moonblast|p2a: Gardevoir\n|-damage|p2a: Gardevoir|183/249\n|\n|-heal|p1a: Florges|78/100|[from] item: Leftovers\n|upkeep\n|turn|6\n|inactive|Time left: 300 sec this turn | 300 sec total\n|\n|t:|1783534742\n|move|p2a: Gardevoir|Moonblast|p1a: Florges\n|-damage|p1a: Florges|49/100\n|move|p1a: Florges|Calm Mind|p1a: Florges\n|-boost|p1a: Florges|spa|1\n|-boost|p1a: Florges|spd|1\n|\n|-heal|p1a: Florges|55/100|[from] item: Leftovers\n|upkeep\n|turn|7\n|inactive|Time left: 300 sec this turn | 300 sec total\n|\n|t:|1783534744\n|switch|p2a: Blastoise|Blastoise, L80, F|258/258\n|move|p1a: Florges|Calm Mind|p1a: Florges\n|-boost|p1a: Florges|spa|1\n|-boost|p1a: Florges|spd|1\n|\n|-heal|p1a: Florges|61/100|[from] item: Leftovers\n|upkeep\n|turn|8\n|inactive|Time left: 300 sec this turn | 300 sec total\n|\n|t:|1783534744\n|move|p1a: Florges|Moonblast|p2a: Blastoise\n|-damage|p2a: Blastoise|105/258\n|move|p2a: Blastoise|Shell Smash|p2a: Blastoise\n|-unboost|p2a: Blastoise|def|1\n|-unboost|p2a: Blastoise|spd|1\n|-boost|p2a: Blastoise|atk|2\n|-boost|p2a: Blastoise|spa|2\n|-boost|p2a: Blastoise|spe|2\n|-enditem|p2a: Blastoise|White Herb\n|-clearnegativeboost|p2a: Blastoise|[silent]\n|\n|-heal|p1a: Florges|67/100|[from] item: Leftovers\n|upkeep\n|turn|9\n|inactive|Time left: 300 sec this turn | 300 sec total\n|\n|t:|1783534745\n|move|p2a: Blastoise|Ice Beam|p1a: Florges\n|-damage|p1a: Florges|54/100\n|move|p1a: Florges|Moonblast|p2a: Blastoise\n|-damage|p2a: Blastoise|0 fnt\n|faint|p2a: Blastoise\n|\n|-heal|p1a: Florges|60/100|[from] item: Leftovers\n|upkeep\n|inactive|Time left: 300 sec this turn | 300 sec total | 5 sec grace\n|\n|t:|1783534746\n|switch|p2a: Articuno|Articuno, L86|295/295\n|-ability|p2a: Articuno|Pressure\n|turn|10\n|inactive|Time left: 300 sec this turn | 300 sec total\n|\n|t:|1783534747\n|move|p2a: Articuno|Brave Bird|p1a: Florges\n|-damage|p1a: Florges|7/100\n|-damage|p2a: Articuno|247/295|[from] Recoil\n|move|p1a: Florges|Synthesis|p1a: Florges\n|-heal|p1a: Florges|57/100\n|\n|-heal|p1a: Florges|63/100|[from] item: Leftovers\n|upkeep\n|turn|11\n|inactive|Time left: 300 sec this turn | 300 sec total\n|\n|t:|1783534748\n|move|p2a: Articuno|Brave Bird|p1a: Florges\n|-damage|p1a: Florges|11/100\n|-damage|p2a: Articuno|200/295|[from] Recoil\n|move|p1a: Florges|Synthesis|p1a: Florges\n|-heal|p1a: Florges|61/100\n|\n|-heal|p1a: Florges|67/100|[from] item: Leftovers\n|upkeep\n|turn|12\n|inactive|Time left: 300 sec this turn | 300 sec total\n|\n|t:|1783534749\n|move|p2a: Articuno|Brave Bird|p1a: Florges\n|-damage|p1a: Florges|11/100\n|-damage|p2a: Articuno|150/295|[from] Recoil\n|move|p1a: Florges|Synthesis|p1a: Florges\n|-heal|p1a: Florges|61/100\n|\n|-heal|p1a: Florges|67/100|[from] item: Leftovers\n|upkeep\n|turn|13\n|inactive|Time left: 300 sec this turn | 300 sec total\n|\n|t:|1783534750\n|move|p2a: Articuno|Roost|p2a: Articuno\n|-heal|p2a: Articuno|295/295\n|-singleturn|p2a: Articuno|move: Roost\n|move|p1a: Florges|Moonblast|p2a: Articuno\n|-damage|p2a: Articuno|175/295\n|\n|-heal|p1a: Florges|72/100|[from] item: Leftovers\n|upkeep\n|turn|14\n|inactive|Time left: 300 sec this turn | 300 sec total\n|\n|t:|1783534751\n|move|p2a: Articuno|Brave Bird|p1a: Florges\n|-damage|p1a: Florges|22/100\n|-damage|p2a: Articuno|129/295|[from] Recoil\n|move|p1a: Florges|Moonblast|p2a: Articuno\n|-damage|p2a: Articuno|0 fnt\n|faint|p2a: Articuno\n|\n|-heal|p1a: Florges|27/100|[from] item: Leftovers\n|upkeep\n|inactive|Time left: 300 sec this turn | 300 sec total | 5 sec grace\n|\n|t:|1783534752\n|switch|p2a: Gardevoir|Gardevoir, L83, F|183/249\n|-ability|p2a: Gardevoir|Flower Veil|Trace|[from] ability: Trace|[of] p1a: Florges\n|turn|15\n|inactive|Time left: 300 sec this turn | 300 sec total\n|\n|t:|1783534753\n|move|p2a: Gardevoir|Moonblast|p1a: Florges\n|-damage|p1a: Florges|13/100\n|move|p1a: Florges|Moonblast|p2a: Gardevoir\n|-damage|p2a: Gardevoir|30/249\n|\n|-heal|p1a: Florges|19/100|[from] item: Leftovers\n|upkeep\n|turn|16\n|inactive|Time left: 300 sec this turn | 300 sec total\n|\n|t:|1783534754\n|-terastallize|p2a: Gardevoir|Fairy\n|move|p2a: Gardevoir|Moonblast|p1a: Florges\n|-damage|p1a: Florges|0 fnt\n|faint|p1a: Florges\n|\n|upkeep\n|\n|t:|1783534755\n|switch|p1a: Thundurus|Thundurus, L80, M|100/100\n|turn|17\n|inactive|Time left: 300 sec this turn | 300 sec total\n|\n|t:|1783534756\n|move|p2a: Gardevoir|Moonblast|p1a: Thundurus\n|-damage|p1a: Thundurus|28/100\n|-unboost|p1a: Thundurus|spa|1\n|-ability|p1a: Thundurus|Defiant|boost\n|-boost|p1a: Thundurus|atk|2\n|move|p1a: Thundurus|Thunderbolt|p2a: Gardevoir\n|-damage|p2a: Gardevoir|0 fnt\n|faint|p2a: Gardevoir\n|\n|upkeep\n|inactive|Time left: 300 sec this turn | 300 sec total | 5 sec grace\n|\n|t:|1783534757\n|switch|p2a: Electrode|Electrode-Hisui, L87|246/246\n|turn|18\n|inactive|Time left: 300 sec this turn | 300 sec total\n|\n|t:|1783534758\n|-terastallize|p1a: Thundurus|Grass\n|move|p2a: Electrode|Volt Switch|p1a: Thundurus\n|-resisted|p1a: Thundurus\n|-damage|p1a: Thundurus|9/100\n|-damage|p2a: Electrode|222/246|[from] item: Life Orb\n|inactive|Time left: 300 sec this turn | 300 sec total | 5 sec grace\n|\n|t:|1783534759\n|switch|p2a: Oranguru|Oranguru, L92, M|97/315|[from] Volt Switch\n|move|p1a: Thundurus|Acrobatics|p2a: Oranguru\n|-damage|p2a: Oranguru|0 fnt\n|faint|p2a: Oranguru\n|\n|upkeep\n|inactive|Time left: 300 sec this turn | 300 sec total | 10 sec grace\n|\n|t:|1783534759\n|switch|p2a: Electrode|Electrode-Hisui, L87|222/246\n|turn|19\n|inactive|Time left: 300 sec this turn | 300 sec total\n|\n|t:|1783534760\n|switch|p1a: Eternatus|Eternatus, L69|100/100\n|-ability|p1a: Eternatus|Pressure\n|move|p2a: Electrode|Volt Switch|p1a: Eternatus\n|-resisted|p1a: Eternatus\n|-damage|p1a: Eternatus|85/100\n|-damage|p2a: Electrode|198/246|[from] item: Life Orb\n|inactive|Time left: 300 sec this turn | 300 sec total | 5 sec grace\n|\n|t:|1783534761\n|switch|p2a: Rotom|Rotom, L88|231/231|[from] Volt Switch\n|\n|upkeep\n|turn|20\n|inactive|Time left: 300 sec this turn | 300 sec total\n|\n|t:|1783534762\n|move|p1a: Eternatus|Dynamax Cannon|p2a: Rotom\n|-damage|p2a: Rotom|128/231\n|move|p2a: Rotom|Shadow Ball|p1a: Eternatus\n|-damage|p1a: Eternatus|39/100\n|-unboost|p1a: Eternatus|spd|1\n|-damage|p2a: Rotom|105/231|[from] item: Life Orb\n|\n|upkeep\n|turn|21\n|inactive|Time left: 300 sec this turn | 300 sec total\n|\n|t:|1783534763\n|switch|p2a: Electrode|Electrode-Hisui, L87|198/246\n|move|p1a: Eternatus|Dynamax Cannon|p2a: Electrode\n|-damage|p2a: Electrode|90/246\n|\n|upkeep\n|turn|22\n|inactive|Time left: 300 sec this turn | 300 sec total\n|\n|t:|1783534764\n|move|p2a: Electrode|Volt Switch|p1a: Eternatus\n|-resisted|p1a: Eternatus\n|-damage|p1a: Eternatus|15/100\n|-damage|p2a: Electrode|66/246|[from] item: Life Orb\n|inactive|Time left: 300 sec this turn | 300 sec total | 5 sec grace\n|\n|t:|1783534766\n|switch|p2a: Rotom|Rotom, L88|105/231|[from] Volt Switch\n|move|p1a: Eternatus|Dynamax Cannon|p2a: Rotom\n|-damage|p2a: Rotom|0 fnt\n|faint|p2a: Rotom\n|\n|upkeep\n|inactive|Time left: 300 sec this turn | 300 sec total | 10 sec grace\n|\n|t:|1783534767\n|switch|p2a: Electrode|Electrode-Hisui, L87|66/246\n|turn|23\n|inactive|Time left: 300 sec this turn | 300 sec total\n|\n|t:|1783534767\n|move|p2a: Electrode|Volt Switch|p1a: Eternatus\n|-resisted|p1a: Eternatus\n|-damage|p1a: Eternatus|0 fnt\n|faint|p1a: Eternatus\n|-damage|p2a: Electrode|42/246|[from] item: Life Orb\n|\n|upkeep\n|\n|t:|1783534768\n|switch|p1a: Ogerpon|Ogerpon-Wellspring, L76, F|100/100\n|turn|24\n|inactive|Time left: 300 sec this turn | 300 sec total\n|\n|t:|1783534769\n|move|p2a: Electrode|Thunder Wave|p1a: Ogerpon\n|-status|p1a: Ogerpon|par\n|cant|p1a: Ogerpon|par\n|\n|upkeep\n|turn|25\n|inactive|Time left: 300 sec this turn | 300 sec total\n|\n|t:|1783534770\n|move|p2a: Electrode|Thunder Wave|p1a: Ogerpon\n|-fail|p1a: Ogerpon|par\n|move|p1a: Ogerpon|Ivy Cudgel|p2a: Electrode|[anim] Ivy Cudgel Water\n|-resisted|p2a: Electrode\n|-damage|p2a: Electrode|0 fnt\n|faint|p2a: Electrode\n|\n|win|p0x082100a", "uploadtime": 1783534770, "views": 0, "rating": 0, "private": 0, "password": null, "_winner": "p0x082100a", "_our_name": "p0y082f12f"}