{"id": "battle-gen9randombattle-931", "formatid": "gen9randombattle", "format": "[Gen 9] Random Battle", "players": ["p0x9315944", "p0y931404b"], "log": "|init|battle\n|title|p0x9315944 vs. p0y931404b\n|j|\u2606p0x9315944\n|j|\u2606p0y931404b\n|t:|1783549947\n|gametype|singles\n|player|p1|p0x9315944|265|\n|player|p2|p0y931404b|1|\n|gen|9\n|tier|[Gen 9] Random Battle\n|rule|Species Clause: Limit one of each Pok\u00e9mon\n|rule|HP Percentage Mod: HP is shown in percentages\n|rule|Sleep Clause Mod: Limit one foe put to sleep\n|rule|Illusion Level Mod: Illusion disguises the Pok\u00e9mon's true level\n|\n|t:|1783549947\n|teamsize|p1|6\n|teamsize|p2|6\n|start\n|switch|p1a: Giratina|Giratina-Origin, L72|100/100\n|switch|p2a: Sudowoodo|Sudowoodo, L94, F|284/284\n|turn|1\n|inactive|Battle timer is ON: inactive players will automatically lose when time's up. (requested by p0x9315944)\n|inactive|Time left: 300 sec this turn | 300 sec total | 60 sec grace\n|inactive|p0y931404b also wants the timer to be on.\n|\n|t:|1783549948\n|move|p1a: Giratina|Will-O-Wisp|p2a: Sudowoodo\n|-status|p2a: Sudowoodo|brn\n|move|p2a: Sudowoodo|Head Smash|p1a: Giratina\n|-damage|p1a: Giratina|72/100\n|\n|-damage|p2a: Sudowoodo|267/284 brn|[from] brn\n|upkeep\n|turn|2\n|inactive|Time left: 300 sec this turn | 300 sec total\n|\n|t:|1783549949\n|switch|p1a: Torterra|Torterra, L78, M|100/100\n|move|p2a: Sudowoodo|Stealth Rock|p1a: Torterra\n|-sidestart|p1: p0x9315944|move: Stealth Rock\n|\n|-heal|p2a: Sudowoodo|284/284 brn|[from] item: Leftovers\n|-damage|p2a: Sudowoodo|267/284 brn|[from] brn\n|upkeep\n|turn|3\n|inactive|Time left: 300 sec this turn | 300 sec total\n|\n|t:|1783549950\n|switch|p2a: Drifblim|Drifblim, L86, F|396/396\n|move|p1a: Torterra|Shell Smash|p1a: Torterra\n|-unboost|p1a: Torterra|def|1\n|-unboost|p1a: Torterra|spd|1\n|-boost|p1a: Torterra|atk|2\n|-boost|p1a: Torterra|spa|2\n|-boost|p1a: Torterra|spe|2\n|\n|upkeep\n|turn|4\n|inactive|Time left: 300 sec this turn | 300 sec total\n|\n|t:|1783549951\n|-terastallize|p2a: Drifblim|Dark\n|move|p1a: Torterra|Rock Blast|p2a: Drifblim\n|-damage|p2a: Drifblim|340/396\n|-damage|p2a: Drifblim|287/396\n|-damage|p2a: Drifblim|231/396\n|-damage|p2a: Drifblim|175/396\n|-enditem|p2a: Drifblim|Sitrus Berry|[eat]\n|-heal|p2a: Drifblim|274/396|[from] item: Sitrus Berry\n|-hitcount|p2a: Drifblim|4\n|move|p2a: Drifblim|Air Slash|p1a: Torterra\n|-supereffective|p1a: Torterra\n|-damage|p1a: Torterra|7/100\n|\n|upkeep\n|turn|5\n|inactive|Time left: 300 sec this turn | 300 sec total\n|\n|t:|1783549952\n|move|p2a: Drifblim|Shadow Ball|p1a: Torterra\n|-damage|p1a: Torterra|0 fnt\n|faint|p1a: Torterra\n|\n|upkeep\n|\n|t:|1783549953\n|switch|p1a: Great Tusk|Great Tusk, L77|100/100\n|-damage|p1a: Great Tusk|98/100|[from] Stealth Rock\n|turn|6\n|inactive|Time left: 300 sec this turn | 300 sec total\n|\n|t:|1783549955\n|move|p2a: Drifblim|Air Slash|p1a: Great Tusk\n|-supereffective|p1a: Great Tusk\n|-damage|p1a: Great Tusk|42/100\n|cant|p1a: Great Tusk|flinch\n|\n|upkeep\n|turn|7\n|inactive|Time left: 300 sec this turn | 300 sec total\n|\n|t:|1783549956\n|move|p2a: Drifblim|Air Slash|p1a: Great Tusk\n|-supereffective|p1a: Great Tusk\n|-damage|p1a: Great Tusk|0 fnt\n|faint|p1a: Great Tusk\n|-end|p1a: Great Tusk|Protosynthesis|[silent]\n|\n|upkeep\n|\n|t:|1783549957\n|switch|p1a: Arbok|Arbok, L87, M|100/100\n|-damage|p1a: Arbok|88/100|[from] Stealth Rock\n|-ability|p1a: Arbok|Intimidate|boost\n|-unboost|p2a: Drifblim|atk|1\n|turn|8\n|inactive|Time left: 300 sec this turn | 300 sec total\n|\n|t:|1783549958\n|move|p2a: Drifblim|Strength Sap|p1a: Arbok\n|-unboost|p1a: Arbok|atk|1\n|-heal|p2a: Drifblim|396/396\n|move|p1a: Arbok|Coil|p1a: Arbok\n|-boost|p1a: Arbok|atk|1\n|-boost|p1a: Arbok|def|1\n|-boost|p1a: Arbok|accuracy|1\n|\n|-heal|p1a: Arbok|94/100|[from] item: Leftovers\n|upkeep\n|turn|9\n|inactive|Time left: 300 sec this turn | 300 sec total\n|\n|t:|1783549959\n|move|p2a: Drifblim|Strength Sap|p1a: Arbok\n|-unboost|p1a: Arbok|atk|1\n|move|p1a: Arbok|Coil|p1a: Arbok\n|-boost|p1a: Arbok|atk|1\n|-boost|p1a: Arbok|def|1\n|-boost|p1a: Arbok|accuracy|1\n|\n|-heal|p1a: Arbok|100/100|[from] item: Leftovers\n|upkeep\n|turn|10\n|inactive|Time left: 300 sec this turn | 300 sec total\n|\n|t:|1783549960\n|move|p2a: Drifblim|Air Slash|p1a: Arbok\n|-damage|p1a: Arbok|68/100\n|move|p1a: Arbok|Gunk Shot|p2a: Drifblim\n|-damage|p2a: Drifblim|189/396\n|\n|-heal|p1a: Arbok|74/100|[from] item: Leftovers\n|upkeep\n|turn|11\n|inactive|Time left: 300 sec this turn | 300 sec total\n|\n|t:|1783549961\n|move|p2a: Drifblim|Strength Sap|p1a: Arbok\n|-unboost|p1a: Arbok|atk|1\n|-heal|p2a: Drifblim|396/396\n|move|p1a: Arbok|Gunk Shot|p2a: Drifblim\n|-damage|p2a: Drifblim|260/396\n|\n|-heal|p1a: Arbok|80/100|[from] item: Leftovers\n|upkeep\n|turn|12\n|inactive|Time left: 300 sec this turn | 300 sec total\n|\n|t:|1783549963\n|move|p2a: Drifblim|Strength Sap|p1a: Arbok\n|-unboost|p1a: Arbok|atk|1\n|-heal|p2a: Drifblim|396/396\n|move|p1a: Arbok|Coil|p1a: Arbok\n|-boost|p1a: Arbok|atk|1\n|-boost|p1a: Arbok|def|1\n|-boost|p1a: Arbok|accuracy|1\n|\n|-heal|p1a: Arbok|86/100|[from] item: Leftovers\n|upkeep\n|turn|13\n|inactive|Time left: 300 sec this turn | 300 sec total\n|\n|t:|1783549964\n|move|p2a: Drifblim|Calm Mind|p2a: Drifblim\n|-boost|p2a: Drifblim|spa|1\n|-boost|p2a: Drifblim|spd|1\n|move|p1a: Arbok|Trailblaze|p2a: Drifblim\n|-damage|p2a: Drifblim|358/396\n|-boost|p1a: Arbok|spe|1\n|\n|-heal|p1a: Arbok|92/100|[from] item: Leftovers\n|upkeep\n|turn|14\n|inactive|Time left: 300 sec this turn | 300 sec total\n|\n|t:|1783549965\n|move|p2a: Drifblim|Air Slash|p1a: Arbok|[miss]\n|-miss|p2a: Drifblim|p1a: Arbok\n|move|p1a: Arbok|Gunk Shot|p2a: Drifblim\n|-damage|p2a: Drifblim|219/396\n|\n|-heal|p1a: Arbok|98/100|[from] item: Leftovers\n|upkeep\n|turn|15\n|inactive|Time left: 300 sec this turn | 300 sec total\n|\n|t:|1783549966\n|move|p2a: Drifblim|Strength Sap|p1a: Arbok\n|-unboost|p1a: Arbok|atk|1\n|-heal|p2a: Drifblim|362/396\n|move|p1a: Arbok|Gunk Shot|p2a: Drifblim\n|-damage|p2a: Drifblim|262/396\n|-status|p2a: Drifblim|psn\n|\n|-heal|p1a: Arbok|100/100|[from] item: Leftovers\n|-damage|p2a: Drifblim|213/396 psn|[from] psn\n|upkeep\n|turn|16\n|inactive|Time left: 300 sec this turn | 300 sec total\n|\n|t:|1783549967\n|move|p2a: Drifblim|Shadow Ball|p1a: Arbok\n|-damage|p1a: Arbok|42/100\n|move|p1a: Arbok|Coil|p1a: Arbok\n|-boost|p1a: Arbok|atk|1\n|-boost|p1a: Arbok|def|1\n|-boost|p1a: Arbok|accuracy|1\n|\n|-heal|p1a: Arbok|48/100|[from] item: Leftovers\n|-damage|p2a: Drifblim|164/396 psn|[from] psn\n|upkeep\n|turn|17\n|inactive|Time left: 300 sec this turn | 300 sec total\n|\n|t:|1783549969\n|move|p2a: Drifblim|Shadow Ball|p1a: Arbok\n|-damage|p1a: Arbok|0 fnt\n|faint|p1a: Arbok\n|\n|-damage|p2a: Drifblim|115/396 psn|[from] psn\n|upkeep\n|\n|t:|1783549969\n|switch|p1a: Spectrier|Spectrier, L75|100/100\n|-damage|p1a: Spectrier|88/100|[from] Stealth Rock\n|turn|18\n|inactive|Time left: 300 sec this turn | 300 sec total\n|\n|t:|1783549971\n|-terastallize|p1a: Spectrier|Fighting\n|move|p2a: Drifblim|Shadow Ball|p1a: Spectrier\n|-damage|p1a: Spectrier|37/100\n|move|p1a: Spectrier|Tera Blast|p2a: Drifblim|[anim] Tera Blast Fighting\n|-supereffective|p2a: Drifblim\n|-damage|p2a: Drifblim|0 fnt\n|faint|p2a: Drifblim\n|-ability|p1a: Spectrier|Grim Neigh|boost\n|-boost|p1a: Spectrier|spa|1\n|-damage|p1a: Spectrier|27/100|[from] item: Life Orb\n|\n|upkeep\n|inactive|Time left: 300 sec this turn | 300 sec total | 5 sec grace\n|\n|t:|1783549972\n|switch|p2a: Quagsire|Quagsire, L84, M|297/297\n|turn|19\n|inactive|Time left: 300 sec this turn | 300 sec total\n|\n|t:|1783549973\n|move|p1a: Spectrier|Tera Blast|p2a: Quagsire|[anim] Tera Blast Fighting\n|-damage|p2a: Quagsire|140/297\n|-damage|p1a: Spectrier|17/100|[from] item: Life Orb\n|move|p2a: Quagsire|Earthquake|p1a: Spectrier\n|-damage|p1a: Spectrier|0 fnt\n|faint|p1a: Spectrier\n|\n|-heal|p2a: Quagsire|158/297|[from] item: Leftovers\n|upkeep\n|\n|t:|1783549974\n|switch|p1a: Mienshao|Mienshao, L83, M|100/100\n|-damage|p1a: Mienshao|94/100|[from] Stealth Rock\n|turn|20\n|inactive|Time left: 300 sec this turn | 300 sec total\n|\n|t:|1783549975\n|move|p1a: Mienshao|Close Combat|p2a: Quagsire\n|-damage|p2a: Quagsire|0 fnt\n|-unboost|p1a: Mienshao|def|1\n|-unboost|p1a: Mienshao|spd|1\n|faint|p2a: Quagsire\n|-damage|p1a: Mienshao|85/100|[from] item: Life Orb\n|\n|upkeep\n|inactive|Time left: 300 sec this turn | 300 sec total | 5 sec grace\n|\n|t:|1783549976\n|switch|p2a: Venomoth|Venomoth, L84, M|255/255\n|turn|21\n|inactive|Time left: 300 sec this turn | 300 sec total\n|\n|t:|1783549977\n|switch|p1a: Giratina|Giratina-Origin, L72|72/100\n|-damage|p1a: Giratina|59/100|[from] Stealth Rock\n|move|p2a: Venomoth|Quiver Dance|p2a: Venomoth\n|-boost|p2a: Venomoth|spa|1\n|-boost|p2a: Venomoth|spd|1\n|-boost|p2a: Venomoth|spe|1\n|\n|upkeep\n|turn|22\n|inactive|Time left: 300 sec this turn | 300 sec total\n|\n|t:|1783549978\n|move|p2a: Venomoth|Sludge Wave|p1a: Giratina\n|-resisted|p1a: Giratina\n|-damage|p1a: Giratina|18/100\n|move|p1a: Giratina|Dragon Tail|p2a: Venomoth\n|-damage|p2a: Venomoth|173/255\n|drag|p2a: Sudowoodo|Sudowoodo, L94, F|267/284 brn\n|\n|-heal|p2a: Sudowoodo|284/284 brn|[from] item: Leftovers\n|-damage|p2a: Sudowoodo|267/284 brn|[from] brn\n|upkeep\n|turn|23\n|inactive|Time left: 300 sec this turn | 300 sec total\n|\n|t:|1783549979\n|move|p2a: Sudowoodo|Sucker Punch|p1a: Giratina\n|-supereffective|p1a: Giratina\n|-damage|p1a: Giratina|0 fnt\n|faint|p1a: Giratina\n|\n|-heal|p2a: Sudowoodo|284/284 brn|[from] item: Leftovers\n|-damage|p2a: Sudowoodo|267/284 brn|[from] brn\n|upkeep\n|\n|t:|1783549979\n|switch|p1a: Mienshao|Mienshao, L83, M|100/100\n|-damage|p1a: Mienshao|94/100|[from] Stealth Rock\n|turn|24\n|inactive|Time left: 300 sec this turn | 300 sec total\n|\n|t:|1783549980\n|move|p1a: Mienshao|Swords Dance|p1a: Mienshao\n|-boost|p1a: Mienshao|atk|2\n|move|p2a: Sudowoodo|Wood Hammer|p1a: Mienshao\n|-damage|p1a: Mienshao|66/100\n|\n|-heal|p2a: Sudowoodo|284/284 brn|[from] item: Leftovers\n|-damage|p2a: Sudowoodo|267/284 brn|[from] brn\n|upkeep\n|turn|25\n|inactive|Time left: 300 sec this turn | 300 sec total\n|\n|t:|1783549981\n|move|p1a: Mienshao|Knock Off|p2a: Sudowoodo\n|-damage|p2a: Sudowoodo|112/284 brn\n|-enditem|p2a: Sudowoodo|Leftovers|[from] move: Knock Off|[of] p1a: Mienshao\n|-damage|p1a: Mienshao|56/100|[from] item: Life Orb\n|move|p2a: Sudowoodo|Wood Hammer|p1a: Mienshao\n|-damage|p1a: Mienshao|26/100\n|\n|-damage|p2a: Sudowoodo|95/284 brn|[from] brn\n|upkeep\n|turn|26\n|inactive|Time left: 300 sec this turn | 300 sec total\n|\n|t:|1783549983\n|move|p1a: Mienshao|Close Combat|p2a: Sudowoodo\n|-supereffective|p2a: Sudowoodo\n|-damage|p2a: Sudowoodo|0 fnt\n|-unboost|p1a: Mienshao|def|1\n|-unboost|p1a: Mienshao|spd|1\n|faint|p2a: Sudowoodo\n|-damage|p1a: Mienshao|16/100|[from] item: Life Orb\n|\n|upkeep\n|inactive|Time left: 300 sec this turn | 300 sec total | 5 sec grace\n|\n|t:|1783549984\n|switch|p2a: Lumineon|Lumineon, L93, F|279/279\n|turn|27\n|inactive|Time left: 300 sec this turn | 300 sec total\n|\n|t:|1783549985\n|move|p1a: Mienshao|Swords Dance|p1a: Mienshao\n|-boost|p1a: Mienshao|atk|2\n|move|p2a: Lumineon|Ice Beam|p1a: Mienshao\n|-damage|p1a: Mienshao|0 fnt\n|faint|p1a: Mienshao\n|\n|win|p0y931404b", "uploadtime": 1783549985, "views": 0, "rating": 0, "private": 0, "password": null, "_winner": "p0y931404b", "_our_name": "p0y931404b"}