{"id": "battle-gen9randombattle-2730", "formatid": "gen9randombattle", "format": "[Gen 9] Random Battle", "players": ["p0x2730b086", "p0y27304ff6"], "log": "|init|battle\n|title|p0x2730b086 vs. p0y27304ff6\n|j|\u2606p0x2730b086\n|j|\u2606p0y27304ff6\n|t:|1783570461\n|gametype|singles\n|player|p1|p0x2730b086|170|\n|player|p2|p0y27304ff6|266|\n|gen|9\n|tier|[Gen 9] Random Battle\n|rule|Species Clause: Limit one of each Pok\u00e9mon\n|rule|HP Percentage Mod: HP is shown in percentages\n|rule|Sleep Clause Mod: Limit one foe put to sleep\n|rule|Illusion Level Mod: Illusion disguises the Pok\u00e9mon's true level\n|\n|t:|1783570461\n|teamsize|p1|6\n|teamsize|p2|6\n|start\n|switch|p1a: Iron Crown|Iron Crown, L78|268/268\n|switch|p2a: Quaquaval|Quaquaval, L79, F|100/100\n|turn|1\n|inactive|Battle timer is ON: inactive players will automatically lose when time's up. (requested by p0x2730b086)\n|inactive|p0y27304ff6 also wants the timer to be on.\n|\n|t:|1783570462\n|move|p1a: Iron Crown|Psyshock|p2a: Quaquaval\n|-supereffective|p2a: Quaquaval\n|-damage|p2a: Quaquaval|0 fnt\n|faint|p2a: Quaquaval\n|\n|upkeep\n|\n|t:|1783570463\n|switch|p2a: Swampert|Swampert, L83, F|100/100\n|turn|2\n|inactive|Time left: 300 sec this turn | 300 sec total\n|\n|t:|1783570465\n|-end|p1a: Iron Crown|Quark Drive|[silent]\n|switch|p1a: Slaking|Slaking, L84, F|389/389\n|move|p2a: Swampert|Earthquake|p1a: Slaking\n|-damage|p1a: Slaking|277/389\n|\n|upkeep\n|turn|3\n|inactive|Time left: 300 sec this turn | 300 sec total\n|\n|t:|1783570466\n|switch|p2a: Misdreavus|Misdreavus, L90, F|100/100\n|move|p1a: Slaking|Giga Impact|p2a: Misdreavus\n|-immune|p2a: Misdreavus\n|\n|upkeep\n|turn|4\n|inactive|Time left: 300 sec this turn | 300 sec total\n|\n|t:|1783570467\n|cant|p1a: Slaking|ability: Truant\n|move|p2a: Misdreavus|Calm Mind|p2a: Misdreavus\n|-boost|p2a: Misdreavus|spa|1\n|-boost|p2a: Misdreavus|spd|1\n|\n|upkeep\n|turn|5\n|inactive|Time left: 300 sec this turn | 300 sec total\n|\n|t:|1783570468\n|move|p1a: Slaking|Giga Impact|p2a: Misdreavus\n|-immune|p2a: Misdreavus\n|move|p2a: Misdreavus|Calm Mind|p2a: Misdreavus\n|-boost|p2a: Misdreavus|spa|1\n|-boost|p2a: Misdreavus|spd|1\n|\n|upkeep\n|turn|6\n|inactive|Time left: 300 sec this turn | 300 sec total\n|\n|t:|1783570469\n|cant|p1a: Slaking|ability: Truant\n|move|p2a: Misdreavus|Shadow Ball|p1a: Slaking\n|-immune|p1a: Slaking\n|\n|upkeep\n|turn|7\n|inactive|Time left: 300 sec this turn | 300 sec total\n|\n|t:|1783570470\n|move|p1a: Slaking|Giga Impact|p2a: Misdreavus\n|-immune|p2a: Misdreavus\n|move|p2a: Misdreavus|Shadow Ball|p1a: Slaking\n|-immune|p1a: Slaking\n|\n|upkeep\n|turn|8\n|inactive|Time left: 300 sec this turn | 300 sec total\n|\n|t:|1783570470\n|cant|p1a: Slaking|ability: Truant\n|move|p2a: Misdreavus|Shadow Ball|p1a: Slaking\n|-immune|p1a: Slaking\n|\n|upkeep\n|turn|9\n|inactive|Time left: 300 sec this turn | 300 sec total\n|\n|t:|1783570471\n|move|p1a: Slaking|Giga Impact|p2a: Misdreavus\n|-immune|p2a: Misdreavus\n|move|p2a: Misdreavus|Will-O-Wisp|p1a: Slaking\n|-status|p1a: Slaking|brn\n|\n|-damage|p1a: Slaking|253/389 brn|[from] brn\n|upkeep\n|turn|10\n|inactive|Time left: 300 sec this turn | 300 sec total\n|\n|t:|1783570472\n|cant|p1a: Slaking|ability: Truant\n|move|p2a: Misdreavus|Shadow Ball|p1a: Slaking\n|-immune|p1a: Slaking\n|\n|-damage|p1a: Slaking|229/389 brn|[from] brn\n|upkeep\n|turn|11\n|inactive|Time left: 300 sec this turn | 300 sec total\n|\n|t:|1783570473\n|move|p1a: Slaking|Giga Impact|p2a: Misdreavus\n|-immune|p2a: Misdreavus\n|move|p2a: Misdreavus|Calm Mind|p2a: Misdreavus\n|-boost|p2a: Misdreavus|spa|1\n|-boost|p2a: Misdreavus|spd|1\n|\n|-damage|p1a: Slaking|205/389 brn|[from] brn\n|upkeep\n|turn|12\n|inactive|Time left: 300 sec this turn | 300 sec total\n|\n|t:|1783570474\n|cant|p1a: Slaking|ability: Truant\n|move|p2a: Misdreavus|Calm Mind|p2a: Misdreavus\n|-boost|p2a: Misdreavus|spa|1\n|-boost|p2a: Misdreavus|spd|1\n|\n|-damage|p1a: Slaking|181/389 brn|[from] brn\n|upkeep\n|turn|13\n|inactive|Time left: 300 sec this turn | 300 sec total\n|\n|t:|1783570475\n|move|p1a: Slaking|Giga Impact|p2a: Misdreavus\n|-immune|p2a: Misdreavus\n|move|p2a: Misdreavus|Draining Kiss|p1a: Slaking\n|-damage|p1a: Slaking|39/389 brn\n|\n|-damage|p1a: Slaking|15/389 brn|[from] brn\n|upkeep\n|turn|14\n|inactive|Time left: 300 sec this turn | 300 sec total\n|\n|t:|1783570476\n|cant|p1a: Slaking|ability: Truant\n|move|p2a: Misdreavus|Shadow Ball|p1a: Slaking\n|-immune|p1a: Slaking\n|\n|-damage|p1a: Slaking|0 fnt|[from] brn\n|faint|p1a: Slaking\n|upkeep\n|inactive|Time left: 300 sec this turn | 300 sec total | 5 sec grace\n|\n|t:|1783570477\n|switch|p1a: Skeledirge|Skeledirge, L79, M|294/294\n|turn|15\n|inactive|Time left: 300 sec this turn | 300 sec total\n|\n|t:|1783570478\n|move|p2a: Misdreavus|Shadow Ball|p1a: Skeledirge\n|-supereffective|p1a: Skeledirge\n|-damage|p1a: Skeledirge|78/294\n|move|p1a: Skeledirge|Slack Off|p1a: Skeledirge\n|-heal|p1a: Skeledirge|225/294\n|\n|upkeep\n|turn|16\n|inactive|Time left: 300 sec this turn | 300 sec total\n|\n|t:|1783570479\n|-terastallize|p1a: Skeledirge|Water\n|move|p2a: Misdreavus|Shadow Ball|p1a: Skeledirge\n|-damage|p1a: Skeledirge|123/294\n|move|p1a: Skeledirge|Torch Song|p2a: Misdreavus\n|-damage|p2a: Misdreavus|79/100\n|-boost|p1a: Skeledirge|spa|1\n|\n|upkeep\n|turn|17\n|inactive|Time left: 300 sec this turn | 300 sec total\n|\n|t:|1783570480\n|move|p2a: Misdreavus|Shadow Ball|p1a: Skeledirge\n|-damage|p1a: Skeledirge|24/294\n|-unboost|p1a: Skeledirge|spd|1\n|move|p1a: Skeledirge|Slack Off|p1a: Skeledirge\n|-heal|p1a: Skeledirge|171/294\n|\n|upkeep\n|turn|18\n|inactive|Time left: 300 sec this turn | 300 sec total\n|\n|t:|1783570481\n|move|p2a: Misdreavus|Shadow Ball|p1a: Skeledirge\n|-damage|p1a: Skeledirge|9/294\n|move|p1a: Skeledirge|Shadow Ball|p2a: Misdreavus\n|-supereffective|p2a: Misdreavus\n|-damage|p2a: Misdreavus|13/100\n|\n|upkeep\n|turn|19\n|inactive|Time left: 300 sec this turn | 300 sec total\n|\n|t:|1783570482\n|move|p2a: Misdreavus|Draining Kiss|p1a: Skeledirge\n|-damage|p1a: Skeledirge|0 fnt\n|-heal|p2a: Misdreavus|16/100|[from] drain|[of] p1a: Skeledirge\n|faint|p1a: Skeledirge\n|\n|upkeep\n|inactive|Time left: 300 sec this turn | 300 sec total | 5 sec grace\n|\n|t:|1783570483\n|switch|p1a: Pawmot|Pawmot, L80, F|243/243\n|turn|20\n|inactive|Time left: 300 sec this turn | 300 sec total\n|\n|t:|1783570484\n|switch|p2a: Swampert|Swampert, L83, F|100/100\n|move|p1a: Pawmot|Double Shock|p2a: Swampert\n|-immune|p2a: Swampert\n|\n|upkeep\n|turn|21\n|inactive|Time left: 300 sec this turn | 300 sec total\n|\n|t:|1783570485\n|switch|p1a: Cresselia|Cresselia, L80, F|323/323\n|move|p2a: Swampert|Earthquake|p1a: Cresselia\n|-immune|p1a: Cresselia|[from] ability: Levitate\n|\n|upkeep\n|turn|22\n|inactive|Time left: 300 sec this turn | 300 sec total\n|\n|t:|1783570486\n|move|p1a: Cresselia|Calm Mind|p1a: Cresselia\n|-boost|p1a: Cresselia|spa|1\n|-boost|p1a: Cresselia|spd|1\n|move|p2a: Swampert|Yawn|p1a: Cresselia\n|-start|p1a: Cresselia|move: Yawn|[of] p2a: Swampert\n|\n|upkeep\n|turn|23\n|inactive|Time left: 300 sec this turn | 300 sec total\n|\n|t:|1783570487\n|move|p1a: Cresselia|Calm Mind|p1a: Cresselia\n|-boost|p1a: Cresselia|spa|1\n|-boost|p1a: Cresselia|spd|1\n|move|p2a: Swampert|Flip Turn|p1a: Cresselia\n|-damage|p1a: Cresselia|256/323\n|\n|t:|1783570488\n|switch|p2a: Grafaiai|Grafaiai, L86, F|100/100|[from] Flip Turn\n|\n|-heal|p1a: Cresselia|276/323|[from] item: Leftovers\n|-end|p1a: Cresselia|move: Yawn|[silent]\n|-status|p1a: Cresselia|slp\n|upkeep\n|turn|24\n|inactive|Time left: 300 sec this turn | 300 sec total\n|\n|t:|1783570488\n|-terastallize|p2a: Grafaiai|Dark\n|move|p2a: Grafaiai|Knock Off|p1a: Cresselia\n|-supereffective|p1a: Cresselia\n|-damage|p1a: Cresselia|78/323 slp\n|-enditem|p1a: Cresselia|Leftovers|[from] move: Knock Off|[of] p2a: Grafaiai\n|cant|p1a: Cresselia|slp\n|\n|upkeep\n|turn|25\n|inactive|Time left: 300 sec this turn | 300 sec total\n|\n|t:|1783570489\n|move|p2a: Grafaiai|Knock Off|p1a: Cresselia\n|-supereffective|p1a: Cresselia\n|-damage|p1a: Cresselia|0 fnt\n|faint|p1a: Cresselia\n|\n|upkeep\n|inactive|Time left: 300 sec this turn | 300 sec total | 5 sec grace\n|\n|t:|1783570490\n|switch|p1a: Pawmot|Pawmot, L80, F|243/243\n|turn|26\n|inactive|Time left: 300 sec this turn | 300 sec total\n|\n|t:|1783570491\n|move|p2a: Grafaiai|Parting Shot|p1a: Pawmot\n|-unboost|p1a: Pawmot|atk|1\n|-unboost|p1a: Pawmot|spa|1\n|\n|t:|1783570492\n|switch|p2a: Swampert|Swampert, L83, F|100/100|[from] Parting Shot\n|move|p1a: Pawmot|Close Combat|p2a: Swampert\n|-damage|p2a: Swampert|63/100\n|-unboost|p1a: Pawmot|def|1\n|-unboost|p1a: Pawmot|spd|1\n|-damage|p1a: Pawmot|219/243|[from] item: Life Orb\n|\n|-heal|p2a: Swampert|69/100|[from] item: Leftovers\n|upkeep\n|turn|27\n|inactive|Time left: 300 sec this turn | 300 sec total\n|\n|t:|1783570493\n|switch|p1a: Phione|Phione, L91|293/293\n|move|p2a: Swampert|Earthquake|p1a: Phione\n|-damage|p1a: Phione|182/293\n|\n|-heal|p1a: Phione|200/293|[from] item: Leftovers\n|-heal|p2a: Swampert|75/100|[from] item: Leftovers\n|upkeep\n|turn|28\n|inactive|Time left: 300 sec this turn | 300 sec total\n|\n|t:|1783570494\n|move|p1a: Phione|Scald|p2a: Swampert\n|-damage|p2a: Swampert|45/100\n|move|p2a: Swampert|Earthquake|p1a: Phione\n|-damage|p1a: Phione|83/293\n|\n|-heal|p1a: Phione|101/293|[from] item: Leftovers\n|-heal|p2a: Swampert|50/100|[from] item: Leftovers\n|upkeep\n|turn|29\n|inactive|Time left: 300 sec this turn | 300 sec total\n|\n|t:|1783570496\n|move|p1a: Phione|Scald|p2a: Swampert\n|-damage|p2a: Swampert|24/100\n|-status|p2a: Swampert|brn\n|move|p2a: Swampert|Earthquake|p1a: Phione\n|-damage|p1a: Phione|46/293\n|\n|-heal|p1a: Phione|64/293|[from] item: Leftovers\n|-heal|p2a: Swampert|30/100 brn|[from] item: Leftovers\n|-damage|p2a: Swampert|24/100 brn|[from] brn\n|upkeep\n|turn|30\n|inactive|Time left: 300 sec this turn | 300 sec total\n|\n|t:|1783570497\n|move|p1a: Phione|Scald|p2a: Swampert\n|-damage|p2a: Swampert|0 fnt\n|faint|p2a: Swampert\n|\n|-heal|p1a: Phione|82/293|[from] item: Leftovers\n|upkeep\n|\n|t:|1783570498\n|switch|p2a: Grafaiai|Grafaiai, L86, F, tera:Dark|100/100\n|turn|31\n|inactive|Time left: 300 sec this turn | 300 sec total\n|\n|t:|1783570498\n|switch|p1a: Pawmot|Pawmot, L80, F|219/243\n|move|p2a: Grafaiai|Knock Off|p1a: Pawmot\n|-resisted|p1a: Pawmot\n|-damage|p1a: Pawmot|149/243\n|-enditem|p1a: Pawmot|Life Orb|[from] move: Knock Off|[of] p2a: Grafaiai\n|\n|upkeep\n|turn|32\n|inactive|Time left: 300 sec this turn | 300 sec total\n|\n|t:|1783570500\n|switch|p1a: Iron Crown|Iron Crown, L78|268/268\n|move|p2a: Grafaiai|Gunk Shot|p1a: Iron Crown\n|-immune|p1a: Iron Crown\n|\n|upkeep\n|turn|33\n|inactive|Time left: 300 sec this turn | 300 sec total\n|\n|t:|1783570501\n|move|p2a: Grafaiai|Knock Off|p1a: Iron Crown\n|-supereffective|p1a: Iron Crown\n|-damage|p1a: Iron Crown|56/268\n|-enditem|p1a: Iron Crown|Choice Specs|[from] move: Knock Off|[of] p2a: Grafaiai\n|move|p1a: Iron Crown|Focus Blast|p2a: Grafaiai\n|-supereffective|p2a: Grafaiai\n|-crit|p2a: Grafaiai\n|-damage|p2a: Grafaiai|0 fnt\n|faint|p2a: Grafaiai\n|\n|upkeep\n|\n|t:|1783570501\n|switch|p2a: Misdreavus|Misdreavus, L90, F|16/100\n|turn|34\n|inactive|Time left: 300 sec this turn | 300 sec total\n|\n|t:|1783570502\n|move|p2a: Misdreavus|Shadow Ball|p1a: Iron Crown\n|-supereffective|p1a: Iron Crown\n|-damage|p1a: Iron Crown|0 fnt\n|faint|p1a: Iron Crown\n|-end|p1a: Iron Crown|Quark Drive|[silent]\n|\n|upkeep\n|inactive|Time left: 300 sec this turn | 300 sec total | 5 sec grace\n|\n|t:|1783570503\n|switch|p1a: Pawmot|Pawmot, L80, F|149/243\n|turn|35\n|inactive|Time left: 300 sec this turn | 300 sec total\n|\n|t:|1783570504\n|switch|p2a: Forretress|Forretress, L84, M|100/100\n|move|p1a: Pawmot|Knock Off|p2a: Forretress\n|-damage|p2a: Forretress|80/100\n|-enditem|p2a: Forretress|Leftovers|[from] move: Knock Off|[of] p1a: Pawmot\n|\n|upkeep\n|turn|36\n|inactive|Time left: 300 sec this turn | 300 sec total\n|\n|t:|1783570505\n|switch|p1a: Phione|Phione, L91|82/293\n|move|p2a: Forretress|Rapid Spin|p1a: Phione\n|-damage|p1a: Phione|48/293\n|-boost|p2a: Forretress|spe|1\n|\n|-heal|p1a: Phione|66/293|[from] item: Leftovers\n|upkeep\n|turn|37\n|inactive|Time left: 300 sec this turn | 300 sec total\n|\n|t:|1783570506\n|move|p1a: Phione|Scald|p2a: Forretress\n|-damage|p2a: Forretress|34/100\n|move|p2a: Forretress|Rapid Spin|p1a: Phione\n|-damage|p1a: Phione|35/293\n|-boost|p2a: Forretress|spe|1\n|\n|-heal|p1a: Phione|53/293|[from] item: Leftovers\n|upkeep\n|turn|38\n|inactive|Time left: 300 sec this turn | 300 sec total\n|\n|t:|1783570507\n|move|p2a: Forretress|Iron Head|p1a: Phione\n|-resisted|p1a: Phione\n|-damage|p1a: Phione|12/293\n|cant|p1a: Phione|flinch\n|\n|-heal|p1a: Phione|30/293|[from] item: Leftovers\n|upkeep\n|turn|39\n|inactive|Time left: 300 sec this turn | 300 sec total\n|\n|t:|1783570508\n|switch|p1a: Pawmot|Pawmot, L80, F|149/243\n|move|p2a: Forretress|Iron Head|p1a: Pawmot\n|-resisted|p1a: Pawmot\n|-damage|p1a: Pawmot|98/243\n|\n|upkeep\n|turn|40\n|inactive|Time left: 300 sec this turn | 300 sec total\n|\n|t:|1783570509\n|move|p2a: Forretress|Iron Head|p1a: Pawmot\n|-resisted|p1a: Pawmot\n|-damage|p1a: Pawmot|50/243\n|cant|p1a: Pawmot|flinch\n|\n|upkeep\n|turn|41\n|inactive|Time left: 300 sec this turn | 300 sec total\n|\n|t:|1783570510\n|move|p2a: Forretress|Iron Head|p1a: Pawmot\n|-resisted|p1a: Pawmot\n|-damage|p1a: Pawmot|2/243\n|cant|p1a: Pawmot|flinch\n|\n|upkeep\n|turn|42\n|inactive|Time left: 300 sec this turn | 300 sec total\n|\n|t:|1783570510\n|move|p2a: Forretress|Iron Head|p1a: Pawmot\n|-resisted|p1a: Pawmot\n|-damage|p1a: Pawmot|0 fnt\n|faint|p1a: Pawmot\n|\n|upkeep\n|inactive|Time left: 300 sec this turn | 300 sec total | 5 sec grace\n|\n|t:|1783570511\n|switch|p1a: Phione|Phione, L91|30/293\n|turn|43\n|inactive|Time left: 300 sec this turn | 300 sec total\n|\n|t:|1783570512\n|move|p2a: Forretress|Iron Head|p1a: Phione\n|-resisted|p1a: Phione\n|-damage|p1a: Phione|0 fnt\n|faint|p1a: Phione\n|\n|win|p0y27304ff6", "uploadtime": 1783570512, "views": 0, "rating": 0, "private": 0, "password": null, "_winner": "p0y27304ff6", "_our_name": "p0x2730b086"}