{"id": "battle-gen9randombattle-2028", "formatid": "gen9randombattle", "format": "[Gen 9] Random Battle", "players": ["p0x2028ae2a", "p0y2028a07d"], "log": "|init|battle\n|title|p0x2028ae2a vs. p0y2028a07d\n|j|\u2606p0x2028ae2a\n|j|\u2606p0y2028a07d\n|t:|1783562725\n|gametype|singles\n|player|p1|p0x2028ae2a|1|\n|player|p2|p0y2028a07d|102|\n|gen|9\n|tier|[Gen 9] Random Battle\n|rule|Species Clause: Limit one of each Pok\u00e9mon\n|rule|HP Percentage Mod: HP is shown in percentages\n|rule|Sleep Clause Mod: Limit one foe put to sleep\n|rule|Illusion Level Mod: Illusion disguises the Pok\u00e9mon's true level\n|\n|t:|1783562725\n|teamsize|p1|6\n|teamsize|p2|6\n|start\n|switch|p1a: Masquerain|Masquerain, L87, M|264/264\n|switch|p2a: Cramorant|Cramorant, L86, M|100/100\n|-ability|p1a: Masquerain|Intimidate|boost\n|-unboost|p2a: Cramorant|atk|1\n|turn|1\n|inactive|Battle timer is ON: inactive players will automatically lose when time's up. (requested by p0x2028ae2a)\n|inactive|p0y2028a07d also wants the timer to be on.\n|\n|t:|1783562726\n|move|p2a: Cramorant|Surf|p1a: Masquerain\n|-formechange|p2a: Cramorant|Cramorant-Gulping|\n|-damage|p1a: Masquerain|174/264\n|move|p1a: Masquerain|Quiver Dance|p1a: Masquerain\n|-boost|p1a: Masquerain|spa|1\n|-boost|p1a: Masquerain|spd|1\n|-boost|p1a: Masquerain|spe|1\n|\n|upkeep\n|turn|2\n|inactive|Time left: 300 sec this turn | 300 sec total\n|\n|t:|1783562727\n|move|p1a: Masquerain|Hurricane|p2a: Cramorant\n|-damage|p2a: Cramorant|35/100\n|-damage|p1a: Masquerain|108/264|[from] ability: Gulp Missile|[of] p2a: Cramorant\n|-unboost|p1a: Masquerain|def|1\n|-formechange|p2a: Cramorant|Cramorant|\n|move|p2a: Cramorant|Brave Bird|p1a: Masquerain\n|-supereffective|p1a: Masquerain\n|-damage|p1a: Masquerain|0 fnt\n|faint|p1a: Masquerain\n|-damage|p2a: Cramorant|21/100|[from] Recoil\n|\n|upkeep\n|inactive|Time left: 300 sec this turn | 300 sec total | 5 sec grace\n|\n|t:|1783562728\n|switch|p1a: Dedenne|Dedenne, L88, F|261/261\n|turn|3\n|inactive|Time left: 300 sec this turn | 300 sec total\n|\n|t:|1783562729\n|switch|p2a: Heatran|Heatran, L79, F|100/100\n|-item|p2a: Heatran|Air Balloon\n|move|p1a: Dedenne|Dazzling Gleam|p2a: Heatran\n|-resisted|p2a: Heatran\n|-crit|p2a: Heatran\n|-damage|p2a: Heatran|90/100\n|-enditem|p2a: Heatran|Air Balloon\n|\n|upkeep\n|turn|4\n|inactive|Time left: 300 sec this turn | 300 sec total\n|\n|t:|1783562731\n|move|p1a: Dedenne|Thunderbolt|p2a: Heatran\n|-damage|p2a: Heatran|57/100\n|move|p2a: Heatran|Magma Storm|p1a: Dedenne\n|-damage|p1a: Dedenne|128/261\n|-activate|p1a: Dedenne|move: Magma Storm|[of] p2a: Heatran\n|-enditem|p1a: Dedenne|Sitrus Berry|[eat]\n|-heal|p1a: Dedenne|193/261|[from] item: Sitrus Berry\n|-heal|p1a: Dedenne|261/261|[from] ability: Cheek Pouch\n|\n|-damage|p1a: Dedenne|229/261|[from] move: Magma Storm|[partiallytrapped]\n|upkeep\n|turn|5\n|inactive|Time left: 300 sec this turn | 300 sec total\n|\n|t:|1783562732\n|move|p1a: Dedenne|Thunderbolt|p2a: Heatran\n|-damage|p2a: Heatran|26/100\n|move|p2a: Heatran|Stealth Rock|p1a: Dedenne\n|-sidestart|p1: p0x2028ae2a|move: Stealth Rock\n|\n|-damage|p1a: Dedenne|197/261|[from] move: Magma Storm|[partiallytrapped]\n|upkeep\n|turn|6\n|inactive|Time left: 300 sec this turn | 300 sec total\n|\n|t:|1783562733\n|move|p1a: Dedenne|Thunderbolt|p2a: Heatran\n|-damage|p2a: Heatran|0 fnt\n|faint|p2a: Heatran\n|\n|-end|p1a: Dedenne|Magma Storm|[partiallytrapped]|[silent]\n|upkeep\n|\n|t:|1783562734\n|switch|p2a: Ribombee|Ribombee, L83, M|100/100\n|turn|7\n|inactive|Time left: 300 sec this turn | 300 sec total\n|\n|t:|1783562735\n|switch|p1a: Skeledirge|Skeledirge, L79, M|294/294\n|move|p2a: Ribombee|Quiver Dance|p2a: Ribombee\n|-boost|p2a: Ribombee|spa|1\n|-boost|p2a: Ribombee|spd|1\n|-boost|p2a: Ribombee|spe|1\n|\n|upkeep\n|turn|8\n|inactive|Time left: 300 sec this turn | 300 sec total\n|\n|t:|1783562736\n|-terastallize|p2a: Ribombee|Ground\n|move|p2a: Ribombee|Tera Blast|p1a: Skeledirge|[anim] Tera Blast Ground\n|-supereffective|p1a: Skeledirge\n|-damage|p1a: Skeledirge|106/294\n|move|p1a: Skeledirge|Torch Song|p2a: Ribombee\n|-damage|p2a: Ribombee|59/100\n|-boost|p1a: Skeledirge|spa|1\n|\n|upkeep\n|turn|9\n|inactive|Time left: 300 sec this turn | 300 sec total\n|\n|t:|1783562737\n|-terastallize|p1a: Skeledirge|Fairy\n|move|p2a: Ribombee|Tera Blast|p1a: Skeledirge|[anim] Tera Blast Ground\n|-crit|p1a: Skeledirge\n|-damage|p1a: Skeledirge|0 fnt\n|faint|p1a: Skeledirge\n|\n|upkeep\n|inactive|Time left: 300 sec this turn | 300 sec total | 5 sec grace\n|\n|t:|1783562738\n|switch|p1a: Dondozo|Dondozo, L78, F|362/362\n|-damage|p1a: Dondozo|317/362|[from] Stealth Rock\n|turn|10\n|inactive|Time left: 300 sec this turn | 300 sec total\n|\n|t:|1783562738\n|switch|p2a: Scrafty|Scrafty, L83, F|100/100\n|-ability|p2a: Scrafty|Intimidate|boost\n|-unboost|p1a: Dondozo|atk|1\n|move|p1a: Dondozo|Wave Crash|p2a: Scrafty\n|-damage|p2a: Scrafty|72/100\n|-damage|p1a: Dondozo|294/362|[from] Recoil\n|\n|-heal|p2a: Scrafty|78/100|[from] item: Leftovers\n|-heal|p1a: Dondozo|316/362|[from] item: Leftovers\n|upkeep\n|turn|11\n|inactive|Time left: 300 sec this turn | 300 sec total\n|\n|t:|1783562739\n|switch|p1a: Overqwil|Overqwil, L82, M|274/274\n|-damage|p1a: Overqwil|240/274|[from] Stealth Rock\n|-ability|p1a: Overqwil|Intimidate|boost\n|-unboost|p2a: Scrafty|atk|1\n|move|p2a: Scrafty|Poison Jab|p1a: Overqwil\n|-resisted|p1a: Overqwil\n|-damage|p1a: Overqwil|222/274\n|\n|-heal|p2a: Scrafty|85/100|[from] item: Leftovers\n|upkeep\n|turn|12\n|inactive|Time left: 300 sec this turn | 300 sec total\n|\n|t:|1783562740\n|switch|p2a: Dialga|Dialga-Origin, L73|100/100\n|-ability|p2a: Dialga|Pressure\n|move|p1a: Overqwil|Swords Dance|p1a: Overqwil\n|-boost|p1a: Overqwil|atk|2\n|\n|upkeep\n|turn|13\n|inactive|Time left: 300 sec this turn | 300 sec total\n|\n|t:|1783562741\n|move|p1a: Overqwil|Crunch|p2a: Dialga\n|-damage|p2a: Dialga|22/100\n|-damage|p1a: Overqwil|195/274|[from] item: Life Orb\n|move|p2a: Dialga|Draco Meteor|p1a: Overqwil\n|-damage|p1a: Overqwil|0 fnt\n|-unboost|p2a: Dialga|spa|2\n|faint|p1a: Overqwil\n|\n|upkeep\n|inactive|Time left: 300 sec this turn | 300 sec total | 5 sec grace\n|\n|t:|1783562742\n|switch|p1a: Grimmsnarl|Grimmsnarl, L83, M|293/293\n|-damage|p1a: Grimmsnarl|257/293|[from] Stealth Rock\n|turn|14\n|inactive|Time left: 300 sec this turn | 300 sec total\n|\n|t:|1783562743\n|move|p2a: Dialga|Heavy Slam|p1a: Grimmsnarl\n|-supereffective|p1a: Grimmsnarl\n|-damage|p1a: Grimmsnarl|0 fnt\n|faint|p1a: Grimmsnarl\n|\n|upkeep\n|inactive|Time left: 300 sec this turn | 300 sec total | 5 sec grace\n|\n|t:|1783562744\n|switch|p1a: Dedenne|Dedenne, L88, F|197/261\n|-damage|p1a: Dedenne|165/261|[from] Stealth Rock\n|turn|15\n|inactive|Time left: 300 sec this turn | 300 sec total\n|\n|t:|1783562745\n|switch|p2a: Ribombee|Ribombee, L83, M, tera:Ground|59/100\n|move|p1a: Dedenne|Dazzling Gleam|p2a: Ribombee\n|-damage|p2a: Ribombee|17/100\n|\n|upkeep\n|turn|16\n|inactive|Time left: 300 sec this turn | 300 sec total\n|\n|t:|1783562746\n|switch|p1a: Dondozo|Dondozo, L78, F|316/362\n|-damage|p1a: Dondozo|271/362|[from] Stealth Rock\n|move|p2a: Ribombee|Tera Blast|p1a: Dondozo|[anim] Tera Blast Ground\n|-damage|p1a: Dondozo|151/362\n|\n|-heal|p1a: Dondozo|173/362|[from] item: Leftovers\n|upkeep\n|turn|17\n|inactive|Time left: 300 sec this turn | 300 sec total\n|\n|t:|1783562747\n|move|p2a: Ribombee|Moonblast|p1a: Dondozo\n|-damage|p1a: Dondozo|40/362\n|move|p1a: Dondozo|Wave Crash|p2a: Ribombee\n|-supereffective|p2a: Ribombee\n|-damage|p2a: Ribombee|0 fnt\n|faint|p2a: Ribombee\n|-damage|p1a: Dondozo|27/362|[from] Recoil\n|\n|-heal|p1a: Dondozo|49/362|[from] item: Leftovers\n|upkeep\n|\n|t:|1783562748\n|switch|p2a: Bombirdier|Bombirdier, L85, M|100/100\n|turn|18\n|inactive|Time left: 300 sec this turn | 300 sec total\n|\n|t:|1783562749\n|switch|p1a: Dedenne|Dedenne, L88, F|165/261\n|-damage|p1a: Dedenne|133/261|[from] Stealth Rock\n|move|p2a: Bombirdier|Brave Bird|p1a: Dedenne\n|-resisted|p1a: Dedenne\n|-damage|p1a: Dedenne|41/261\n|-damage|p2a: Bombirdier|89/100|[from] Recoil\n|\n|upkeep\n|turn|19\n|inactive|Time left: 300 sec this turn | 300 sec total\n|\n|t:|1783562750\n|move|p1a: Dedenne|Thunderbolt|p2a: Bombirdier\n|-supereffective|p2a: Bombirdier\n|-damage|p2a: Bombirdier|18/100\n|-status|p2a: Bombirdier|par\n|move|p2a: Bombirdier|Brave Bird|p1a: Dedenne\n|-resisted|p1a: Dedenne\n|-damage|p1a: Dedenne|0 fnt\n|faint|p1a: Dedenne\n|-damage|p2a: Bombirdier|13/100 par|[from] Recoil\n|\n|upkeep\n|inactive|Time left: 300 sec this turn | 300 sec total | 5 sec grace\n|\n|t:|1783562750\n|switch|p1a: Dondozo|Dondozo, L78, F|49/362\n|-damage|p1a: Dondozo|4/362|[from] Stealth Rock\n|turn|20\n|inactive|Time left: 300 sec this turn | 300 sec total\n|\n|t:|1783562751\n|switch|p2a: Dialga|Dialga-Origin, L73|22/100\n|-ability|p2a: Dialga|Pressure\n|move|p1a: Dondozo|Rest|p1a: Dondozo\n|-status|p1a: Dondozo|slp|[from] move: Rest\n|-heal|p1a: Dondozo|362/362 slp|[silent]\n|\n|upkeep\n|turn|21\n|inactive|Time left: 300 sec this turn | 300 sec total\n|\n|t:|1783562752\n|move|p2a: Dialga|Draco Meteor|p1a: Dondozo\n|-damage|p1a: Dondozo|107/362 slp\n|-unboost|p2a: Dialga|spa|2\n|cant|p1a: Dondozo|slp\n|move|p1a: Dondozo|Sleep Talk|p1a: Dondozo\n|move|p1a: Dondozo|Rest||[from] move: Sleep Talk|[still]\n|-fail|p1a: Dondozo\n|\n|-heal|p1a: Dondozo|129/362 slp|[from] item: Leftovers\n|upkeep\n|turn|22\n|inactive|Time left: 300 sec this turn | 300 sec total\n|\n|t:|1783562753\n|move|p2a: Dialga|Draco Meteor|p1a: Dondozo\n|-damage|p1a: Dondozo|0 fnt\n|-unboost|p2a: Dialga|spa|2\n|faint|p1a: Dondozo\n|\n|win|p0y2028a07d", "uploadtime": 1783562753, "views": 0, "rating": 0, "private": 0, "password": null, "_winner": "p0y2028a07d", "_our_name": "p0x2028ae2a"}