{"id": "battle-gen9randombattle-1968", "formatid": "gen9randombattle", "format": "[Gen 9] Random Battle", "players": ["p0x19688904", "p0y196802d7"], "log": "|init|battle\n|title|p0x19688904 vs. p0y196802d7\n|j|\u2606p0x19688904\n|j|\u2606p0y196802d7\n|t:|1783562756\n|gametype|singles\n|player|p1|p0x19688904|1|\n|player|p2|p0y196802d7|1|\n|gen|9\n|tier|[Gen 9] Random Battle\n|rule|Species Clause: Limit one of each Pok\u00e9mon\n|rule|HP Percentage Mod: HP is shown in percentages\n|rule|Sleep Clause Mod: Limit one foe put to sleep\n|rule|Illusion Level Mod: Illusion disguises the Pok\u00e9mon's true level\n|\n|t:|1783562756\n|teamsize|p1|6\n|teamsize|p2|6\n|start\n|switch|p1a: Lugia|Lugia, L73|100/100\n|switch|p2a: Walking Wake|Walking Wake, L79|286/286\n|turn|1\n|inactive|Battle timer is ON: inactive players will automatically lose when time's up. (requested by p0x19688904)\n|inactive|Time left: 300 sec this turn | 300 sec total | 60 sec grace\n|inactive|p0y196802d7 also wants the timer to be on.\n|\n|t:|1783562757\n|move|p2a: Walking Wake|Flamethrower|p1a: Lugia\n|-damage|p1a: Lugia|86/100\n|move|p1a: Lugia|Aeroblast|p2a: Walking Wake\n|-crit|p2a: Walking Wake\n|-damage|p2a: Walking Wake|165/286\n|\n|upkeep\n|turn|2\n|inactive|Time left: 300 sec this turn | 300 sec total\n|\n|t:|1783562759\n|move|p2a: Walking Wake|Flamethrower|p1a: Lugia\n|-damage|p1a: Lugia|60/100\n|move|p1a: Lugia|Calm Mind|p1a: Lugia\n|-boost|p1a: Lugia|spa|1\n|-boost|p1a: Lugia|spd|1\n|\n|upkeep\n|turn|3\n|inactive|Time left: 300 sec this turn | 300 sec total\n|\n|t:|1783562760\n|move|p2a: Walking Wake|Flamethrower|p1a: Lugia\n|-damage|p1a: Lugia|43/100\n|move|p1a: Lugia|Recover|p1a: Lugia\n|-heal|p1a: Lugia|93/100\n|\n|upkeep\n|turn|4\n|inactive|Time left: 300 sec this turn | 300 sec total\n|\n|t:|1783562761\n|-end|p2a: Walking Wake|Protosynthesis|[silent]\n|switch|p2a: Milotic|Milotic, L83, M|293/293\n|move|p1a: Lugia|Aeroblast|p2a: Milotic\n|-damage|p2a: Milotic|208/293\n|\n|-heal|p2a: Milotic|226/293|[from] item: Leftovers\n|upkeep\n|turn|5\n|inactive|Time left: 300 sec this turn | 300 sec total\n|\n|t:|1783562762\n|move|p1a: Lugia|Calm Mind|p1a: Lugia\n|-boost|p1a: Lugia|spa|1\n|-boost|p1a: Lugia|spd|1\n|move|p2a: Milotic|Dragon Tail|p1a: Lugia\n|-damage|p1a: Lugia|85/100\n|drag|p1a: Gallade|Gallade, L80, M|100/100\n|\n|-heal|p2a: Milotic|244/293|[from] item: Leftovers\n|upkeep\n|turn|6\n|inactive|Time left: 300 sec this turn | 300 sec total\n|\n|t:|1783562764\n|move|p2a: Milotic|Scald|p1a: Gallade\n|-crit|p1a: Gallade\n|-damage|p1a: Gallade|58/100\n|-status|p1a: Gallade|brn\n|move|p1a: Gallade|Sacred Sword|p2a: Milotic\n|-damage|p2a: Milotic|112/293\n|\n|-heal|p2a: Milotic|130/293|[from] item: Leftovers\n|-damage|p1a: Gallade|52/100 brn|[from] brn\n|upkeep\n|turn|7\n|inactive|Time left: 300 sec this turn | 300 sec total\n|\n|t:|1783562765\n|switch|p2a: Heracross|Heracross, L80, F|259/259\n|move|p1a: Gallade|Sacred Sword|p2a: Heracross\n|-resisted|p2a: Heracross\n|-damage|p2a: Heracross|187/259\n|\n|-damage|p1a: Gallade|45/100 brn|[from] brn\n|-status|p2a: Heracross|brn|[from] item: Flame Orb\n|upkeep\n|turn|8\n|inactive|Time left: 300 sec this turn | 300 sec total\n|\n|t:|1783562766\n|move|p2a: Heracross|Knock Off|p1a: Gallade\n|-damage|p1a: Gallade|0 fnt\n|-enditem|p1a: Gallade|Choice Band|[from] move: Knock Off|[of] p2a: Heracross\n|faint|p1a: Gallade\n|\n|-damage|p2a: Heracross|171/259 brn|[from] brn\n|upkeep\n|\n|t:|1783562767\n|switch|p1a: Lugia|Lugia, L73|85/100\n|turn|9\n|inactive|Time left: 300 sec this turn | 300 sec total\n|\n|t:|1783562768\n|-terastallize|p2a: Heracross|Normal\n|move|p1a: Lugia|Aeroblast|p2a: Heracross\n|-damage|p2a: Heracross|92/259 brn\n|move|p2a: Heracross|Facade|p1a: Lugia\n|-damage|p1a: Lugia|8/100\n|\n|-damage|p2a: Heracross|76/259 brn|[from] brn\n|upkeep\n|turn|10\n|inactive|Time left: 300 sec this turn | 300 sec total\n|\n|t:|1783562770\n|switch|p2a: Milotic|Milotic, L83, M|130/293\n|move|p1a: Lugia|Aeroblast|p2a: Milotic\n|-damage|p2a: Milotic|72/293\n|\n|-heal|p2a: Milotic|90/293|[from] item: Leftovers\n|upkeep\n|turn|11\n|inactive|Time left: 300 sec this turn | 300 sec total\n|\n|t:|1783562771\n|move|p1a: Lugia|Recover|p1a: Lugia\n|-heal|p1a: Lugia|59/100\n|move|p2a: Milotic|Recover|p2a: Milotic\n|-heal|p2a: Milotic|237/293\n|\n|-heal|p2a: Milotic|255/293|[from] item: Leftovers\n|upkeep\n|turn|12\n|inactive|Time left: 300 sec this turn | 300 sec total\n|\n|t:|1783562772\n|move|p1a: Lugia|Recover|p1a: Lugia\n|-heal|p1a: Lugia|100/100\n|move|p2a: Milotic|Scald|p1a: Lugia\n|-damage|p1a: Lugia|90/100\n|\n|-heal|p2a: Milotic|273/293|[from] item: Leftovers\n|upkeep\n|turn|13\n|inactive|Time left: 300 sec this turn | 300 sec total\n|\n|t:|1783562773\n|move|p1a: Lugia|Calm Mind|p1a: Lugia\n|-boost|p1a: Lugia|spa|1\n|-boost|p1a: Lugia|spd|1\n|move|p2a: Milotic|Scald|p1a: Lugia\n|-damage|p1a: Lugia|75/100\n|\n|-heal|p2a: Milotic|291/293|[from] item: Leftovers\n|upkeep\n|turn|14\n|inactive|Time left: 300 sec this turn | 300 sec total\n|\n|t:|1783562774\n|move|p1a: Lugia|Aeroblast|p2a: Milotic\n|-damage|p2a: Milotic|203/293\n|move|p2a: Milotic|Dragon Tail|p1a: Lugia\n|-damage|p1a: Lugia|66/100\n|drag|p1a: Gogoat|Gogoat, L88, F|100/100\n|\n|-heal|p2a: Milotic|221/293|[from] item: Leftovers\n|upkeep\n|turn|15\n|inactive|Time left: 300 sec this turn | 300 sec total\n|\n|t:|1783562775\n|move|p2a: Milotic|Ice Beam|p1a: Gogoat\n|-supereffective|p1a: Gogoat\n|-damage|p1a: Gogoat|62/100\n|move|p1a: Gogoat|Horn Leech|p2a: Milotic\n|-supereffective|p2a: Milotic\n|-damage|p2a: Milotic|27/293\n|-heal|p1a: Gogoat|89/100|[from] drain|[of] p2a: Milotic\n|\n|-heal|p2a: Milotic|45/293|[from] item: Leftovers\n|-heal|p1a: Gogoat|95/100|[from] item: Leftovers\n|upkeep\n|turn|16\n|inactive|Time left: 300 sec this turn | 300 sec total\n|\n|t:|1783562776\n|switch|p2a: Farigiraf|Farigiraf, L90, M|362/362\n|move|p1a: Gogoat|Horn Leech|p2a: Farigiraf\n|-ability|p2a: Farigiraf|Sap Sipper|boost\n|-boost|p2a: Farigiraf|atk|1\n|\n|-heal|p1a: Gogoat|100/100|[from] item: Leftovers\n|upkeep\n|turn|17\n|inactive|Time left: 300 sec this turn | 300 sec total\n|\n|t:|1783562777\n|move|p1a: Gogoat|Bulk Up|p1a: Gogoat\n|-boost|p1a: Gogoat|atk|1\n|-boost|p1a: Gogoat|def|1\n|move|p2a: Farigiraf|Body Slam|p1a: Gogoat\n|-damage|p1a: Gogoat|69/100\n|\n|-heal|p1a: Gogoat|75/100|[from] item: Leftovers\n|upkeep\n|turn|18\n|inactive|Time left: 300 sec this turn | 300 sec total\n|\n|t:|1783562778\n|move|p1a: Gogoat|Bulk Up|p1a: Gogoat\n|-boost|p1a: Gogoat|atk|1\n|-boost|p1a: Gogoat|def|1\n|move|p2a: Farigiraf|Body Slam|p1a: Gogoat\n|-damage|p1a: Gogoat|51/100\n|-status|p1a: Gogoat|par\n|\n|-heal|p1a: Gogoat|57/100 par|[from] item: Leftovers\n|upkeep\n|turn|19\n|inactive|Time left: 300 sec this turn | 300 sec total\n|\n|t:|1783562779\n|move|p2a: Farigiraf|Psychic Noise|p1a: Gogoat\n|-damage|p1a: Gogoat|29/100 par\n|-start|p1a: Gogoat|move: Heal Block\n|move|p1a: Gogoat|Earthquake|p2a: Farigiraf\n|-damage|p2a: Farigiraf|188/362\n|\n|-heal|p2a: Farigiraf|210/362|[from] item: Leftovers\n|upkeep\n|turn|20\n|inactive|Time left: 300 sec this turn | 300 sec total\n|\n|t:|1783562780\n|move|p2a: Farigiraf|Psychic Noise|p1a: Gogoat\n|-damage|p1a: Gogoat|3/100 par\n|move|p1a: Gogoat|Earthquake|p2a: Farigiraf\n|-damage|p2a: Farigiraf|22/362\n|\n|-heal|p2a: Farigiraf|44/362|[from] item: Leftovers\n|-end|p1a: Gogoat|move: Heal Block\n|upkeep\n|turn|21\n|inactive|Time left: 300 sec this turn | 300 sec total\n|\n|t:|1783562781\n|move|p2a: Farigiraf|Body Slam|p1a: Gogoat\n|-damage|p1a: Gogoat|0 fnt\n|faint|p1a: Gogoat\n|\n|-heal|p2a: Farigiraf|66/362|[from] item: Leftovers\n|upkeep\n|\n|t:|1783562782\n|switch|p1a: Archaludon|Archaludon, L78, F|100/100\n|turn|22\n|inactive|Time left: 300 sec this turn | 300 sec total\n|\n|t:|1783562783\n|switch|p2a: Reuniclus|Reuniclus, L88, M|337/337\n|move|p1a: Archaludon|Outrage|p2a: Reuniclus\n|-damage|p2a: Reuniclus|220/337\n|\n|upkeep\n|turn|23\n|inactive|Time left: 300 sec this turn | 300 sec total\n|\n|t:|1783562784\n|move|p1a: Archaludon|Outrage|p2a: Reuniclus|[from] lockedmove\n|-damage|p2a: Reuniclus|100/337\n|move|p2a: Reuniclus|Recover|p2a: Reuniclus\n|-heal|p2a: Reuniclus|269/337\n|\n|upkeep\n|turn|24\n|inactive|Time left: 300 sec this turn | 300 sec total\n|\n|t:|1783562785\n|move|p1a: Archaludon|Outrage|p2a: Reuniclus|[from] lockedmove\n|-damage|p2a: Reuniclus|152/337\n|-start|p1a: Archaludon|confusion|[fatigue]\n|-enditem|p1a: Archaludon|Lum Berry|[eat]\n|-end|p1a: Archaludon|confusion\n|move|p2a: Reuniclus|Focus Blast|p1a: Archaludon|[miss]\n|-miss|p2a: Reuniclus|p1a: Archaludon\n|\n|upkeep\n|turn|25\n|inactive|Time left: 300 sec this turn | 300 sec total\n|\n|t:|1783562786\n|move|p1a: Archaludon|Outrage|p2a: Reuniclus\n|-damage|p2a: Reuniclus|28/337\n|move|p2a: Reuniclus|Focus Blast|p1a: Archaludon\n|-supereffective|p1a: Archaludon\n|-damage|p1a: Archaludon|0 fnt\n|faint|p1a: Archaludon\n|\n|upkeep\n|\n|t:|1783562787\n|switch|p1a: Regice|Regice, L88|100/100\n|turn|26\n|inactive|Time left: 300 sec this turn | 300 sec total\n|\n|t:|1783562788\n|switch|p2a: Comfey|Comfey, L85, M|225/225\n|move|p1a: Regice|Body Press|p2a: Comfey\n|-resisted|p2a: Comfey\n|-damage|p2a: Comfey|197/225\n|\n|-heal|p2a: Comfey|211/225|[from] item: Leftovers\n|upkeep\n|turn|27\n|inactive|Time left: 300 sec this turn | 300 sec total\n|\n|t:|1783562789\n|move|p2a: Comfey|Calm Mind|p2a: Comfey\n|-boost|p2a: Comfey|spa|1\n|-boost|p2a: Comfey|spd|1\n|move|p1a: Regice|Ice Beam|p2a: Comfey\n|-damage|p2a: Comfey|156/225\n|\n|-heal|p2a: Comfey|170/225|[from] item: Leftovers\n|upkeep\n|turn|28\n|inactive|Time left: 300 sec this turn | 300 sec total\n|\n|t:|1783562790\n|move|p2a: Comfey|Calm Mind|p2a: Comfey\n|-boost|p2a: Comfey|spa|1\n|-boost|p2a: Comfey|spd|1\n|move|p1a: Regice|Ice Beam|p2a: Comfey\n|-damage|p2a: Comfey|128/225\n|\n|-heal|p2a: Comfey|142/225|[from] item: Leftovers\n|upkeep\n|turn|29\n|inactive|Time left: 300 sec this turn | 300 sec total\n|\n|t:|1783562791\n|switch|p1a: Hippowdon|Hippowdon, L82, F|100/100\n|-weather|Sandstorm|[from] ability: Sand Stream|[of] p1a: Hippowdon\n|move|p2a: Comfey|Calm Mind|p2a: Comfey\n|-boost|p2a: Comfey|spa|1\n|-boost|p2a: Comfey|spd|1\n|\n|-weather|Sandstorm|[upkeep]\n|-damage|p2a: Comfey|128/225|[from] Sandstorm\n|-heal|p2a: Comfey|142/225|[from] item: Leftovers\n|upkeep\n|turn|30\n|inactive|Time left: 300 sec this turn | 300 sec total\n|\n|t:|1783562792\n|-terastallize|p1a: Hippowdon|Rock\n|move|p2a: Comfey|Giga Drain|p1a: Hippowdon\n|-supereffective|p1a: Hippowdon\n|-damage|p1a: Hippowdon|38/100\n|-heal|p2a: Comfey|225/225|[from] drain|[of] p1a: Hippowdon\n|move|p1a: Hippowdon|Slack Off|p1a: Hippowdon\n|-heal|p1a: Hippowdon|88/100\n|\n|-weather|Sandstorm|[upkeep]\n|-damage|p2a: Comfey|211/225|[from] Sandstorm\n|-heal|p2a: Comfey|225/225|[from] item: Leftovers\n|-heal|p1a: Hippowdon|94/100|[from] item: Leftovers\n|upkeep\n|turn|31\n|inactive|Time left: 300 sec this turn | 300 sec total\n|\n|t:|1783562793\n|move|p2a: Comfey|Stored Power|p1a: Hippowdon\n|-damage|p1a: Hippowdon|36/100\n|move|p1a: Hippowdon|Slack Off|p1a: Hippowdon\n|-heal|p1a: Hippowdon|86/100\n|\n|-weather|Sandstorm|[upkeep]\n|-damage|p2a: Comfey|211/225|[from] Sandstorm\n|-heal|p2a: Comfey|225/225|[from] item: Leftovers\n|-heal|p1a: Hippowdon|92/100|[from] item: Leftovers\n|upkeep\n|turn|32\n|inactive|Time left: 300 sec this turn | 300 sec total\n|\n|t:|1783562794\n|move|p2a: Comfey|Stored Power|p1a: Hippowdon\n|-damage|p1a: Hippowdon|36/100\n|move|p1a: Hippowdon|Slack Off|p1a: Hippowdon\n|-heal|p1a: Hippowdon|86/100\n|\n|-weather|Sandstorm|[upkeep]\n|-damage|p2a: Comfey|211/225|[from] Sandstorm\n|-heal|p2a: Comfey|225/225|[from] item: Leftovers\n|-heal|p1a: Hippowdon|92/100|[from] item: Leftovers\n|upkeep\n|turn|33\n|inactive|Time left: 300 sec this turn | 300 sec total\n|\n|t:|1783562795\n|switch|p1a: Lugia|Lugia, L73|66/100\n|move|p2a: Comfey|Stored Power|p1a: Lugia\n|-resisted|p1a: Lugia\n|-damage|p1a: Lugia|34/100\n|\n|-weather|none\n|upkeep\n|turn|34\n|inactive|Time left: 300 sec this turn | 300 sec total\n|\n|t:|1783562796\n|move|p2a: Comfey|Draining Kiss|p1a: Lugia\n|-damage|p1a: Lugia|2/100\n|move|p1a: Lugia|Recover|p1a: Lugia\n|-heal|p1a: Lugia|52/100\n|\n|upkeep\n|turn|35\n|inactive|Time left: 300 sec this turn | 300 sec total\n|\n|t:|1783562797\n|move|p2a: Comfey|Stored Power|p1a: Lugia\n|-resisted|p1a: Lugia\n|-damage|p1a: Lugia|23/100\n|move|p1a: Lugia|Recover|p1a: Lugia\n|-heal|p1a: Lugia|73/100\n|\n|upkeep\n|turn|36\n|inactive|Time left: 300 sec this turn | 300 sec total\n|\n|t:|1783562798\n|move|p2a: Comfey|Stored Power|p1a: Lugia\n|-resisted|p1a: Lugia\n|-damage|p1a: Lugia|46/100\n|move|p1a: Lugia|Calm Mind|p1a: Lugia\n|-boost|p1a: Lugia|spa|1\n|-boost|p1a: Lugia|spd|1\n|\n|upkeep\n|turn|37\n|inactive|Time left: 300 sec this turn | 300 sec total\n|\n|t:|1783562799\n|move|p2a: Comfey|Calm Mind|p2a: Comfey\n|-boost|p2a: Comfey|spa|1\n|-boost|p2a: Comfey|spd|1\n|move|p1a: Lugia|Recover|p1a: Lugia\n|-heal|p1a: Lugia|96/100\n|\n|upkeep\n|turn|38\n|inactive|Time left: 300 sec this turn | 300 sec total\n|\n|t:|1783562800\n|move|p2a: Comfey|Stored Power|p1a: Lugia\n|-resisted|p1a: Lugia\n|-damage|p1a: Lugia|63/100\n|move|p1a: Lugia|Calm Mind|p1a: Lugia\n|-boost|p1a: Lugia|spa|1\n|-boost|p1a: Lugia|spd|1\n|\n|upkeep\n|turn|39\n|inactive|Time left: 300 sec this turn | 300 sec total\n|\n|t:|1783562801\n|move|p2a: Comfey|Stored Power|p1a: Lugia\n|-resisted|p1a: Lugia\n|-damage|p1a: Lugia|39/100\n|move|p1a: Lugia|Recover|p1a: Lugia\n|-heal|p1a: Lugia|89/100\n|\n|upkeep\n|turn|40\n|inactive|Time left: 300 sec this turn | 300 sec total\n|\n|t:|1783562802\n|move|p2a: Comfey|Draining Kiss|p1a: Lugia\n|-damage|p1a: Lugia|70/100\n|move|p1a: Lugia|Calm Mind|p1a: Lugia\n|-boost|p1a: Lugia|spa|1\n|-boost|p1a: Lugia|spd|1\n|\n|upkeep\n|turn|41\n|inactive|Time left: 300 sec this turn | 300 sec total\n|\n|t:|1783562803\n|move|p2a: Comfey|Calm Mind|p2a: Comfey\n|-boost|p2a: Comfey|spa|1\n|-boost|p2a: Comfey|spd|1\n|move|p1a: Lugia|Recover|p1a: Lugia\n|-heal|p1a: Lugia|100/100\n|\n|upkeep\n|turn|42\n|inactive|Time left: 300 sec this turn | 300 sec total\n|\n|t:|1783562804\n|move|p2a: Comfey|Stored Power|p1a: Lugia\n|-resisted|p1a: Lugia\n|-damage|p1a: Lugia|88/100\n|move|p1a: Lugia|Psychic Noise|p2a: Comfey\n|-damage|p2a: Comfey|191/225\n|-start|p2a: Comfey|move: Heal Block\n|\n|upkeep\n|turn|43\n|inactive|Time left: 300 sec this turn | 300 sec total\n|\n|t:|1783562805\n|move|p2a: Comfey|Stored Power|p1a: Lugia\n|-resisted|p1a: Lugia\n|-damage|p1a: Lugia|63/100\n|move|p1a: Lugia|Aeroblast|p2a: Comfey\n|-damage|p2a: Comfey|145/225\n|\n|-end|p2a: Comfey|move: Heal Block\n|upkeep\n|turn|44\n|inactive|Time left: 300 sec this turn | 300 sec total\n|\n|t:|1783562806\n|move|p2a: Comfey|Stored Power|p1a: Lugia\n|-resisted|p1a: Lugia\n|-damage|p1a: Lugia|36/100\n|move|p1a: Lugia|Psychic Noise|p2a: Comfey\n|-damage|p2a: Comfey|112/225\n|-start|p2a: Comfey|move: Heal Block\n|\n|upkeep\n|turn|45\n|inactive|Time left: 300 sec this turn | 300 sec total\n|\n|t:|1783562807\n|move|p2a: Comfey|Stored Power|p1a: Lugia\n|-resisted|p1a: Lugia\n|-damage|p1a: Lugia|11/100\n|move|p1a: Lugia|Aeroblast|p2a: Comfey\n|-damage|p2a: Comfey|67/225\n|\n|-end|p2a: Comfey|move: Heal Block\n|upkeep\n|turn|46\n|inactive|Time left: 300 sec this turn | 300 sec total\n|\n|t:|1783562808\n|move|p2a: Comfey|Draining Kiss|p1a: Lugia\n|-damage|p1a: Lugia|0 fnt\n|-heal|p2a: Comfey|88/225|[from] drain|[of] p1a: Lugia\n|faint|p1a: Lugia\n|\n|-heal|p2a: Comfey|102/225|[from] item: Leftovers\n|upkeep\n|\n|t:|1783562809\n|switch|p1a: Regice|Regice, L88|100/100\n|turn|47\n|inactive|Time left: 300 sec this turn | 300 sec total\n|\n|t:|1783562810\n|move|p2a: Comfey|Stored Power|p1a: Regice\n|-damage|p1a: Regice|20/100\n|move|p1a: Regice|Thunder Wave|p2a: Comfey\n|-status|p2a: Comfey|par\n|\n|-heal|p2a: Comfey|116/225 par|[from] item: Leftovers\n|upkeep\n|turn|48\n|inactive|Time left: 300 sec this turn | 300 sec total\n|\n|t:|1783562811\n|switch|p1a: Hippowdon|Hippowdon, L82, F, tera:Rock|92/100\n|-weather|Sandstorm|[from] ability: Sand Stream|[of] p1a: Hippowdon\n|move|p2a: Comfey|Giga Drain|p1a: Hippowdon\n|-supereffective|p1a: Hippowdon\n|-damage|p1a: Hippowdon|12/100\n|-heal|p2a: Comfey|225/225 par|[from] drain|[of] p1a: Hippowdon\n|\n|-weather|Sandstorm|[upkeep]\n|-damage|p2a: Comfey|211/225 par|[from] Sandstorm\n|-heal|p1a: Hippowdon|18/100|[from] item: Leftovers\n|-heal|p2a: Comfey|225/225 par|[from] item: Leftovers\n|upkeep\n|turn|49\n|inactive|Time left: 300 sec this turn | 300 sec total\n|\n|t:|1783562812\n|move|p2a: Comfey|Giga Drain|p1a: Hippowdon\n|-supereffective|p1a: Hippowdon\n|-damage|p1a: Hippowdon|0 fnt\n|faint|p1a: Hippowdon\n|\n|-weather|Sandstorm|[upkeep]\n|-damage|p2a: Comfey|211/225 par|[from] Sandstorm\n|-heal|p2a: Comfey|225/225 par|[from] item: Leftovers\n|upkeep\n|\n|t:|1783562813\n|switch|p1a: Regice|Regice, L88|20/100\n|turn|50\n|inactive|Time left: 300 sec this turn | 300 sec total\n|\n|t:|1783562814\n|move|p1a: Regice|Body Press|p2a: Comfey\n|-resisted|p2a: Comfey\n|-crit|p2a: Comfey\n|-damage|p2a: Comfey|178/225 par\n|move|p2a: Comfey|Stored Power|p1a: Regice\n|-damage|p1a: Regice|0 fnt\n|faint|p1a: Regice\n|\n|win|p0y196802d7", "uploadtime": 1783562814, "views": 0, "rating": 0, "private": 0, "password": null, "_winner": "p0y196802d7", "_our_name": "p0y196802d7"}