{"id": "battle-gen9randombattle-1900", "formatid": "gen9randombattle", "format": "[Gen 9] Random Battle", "players": ["p0x1900c6e1", "p0y19000ec7"], "log": "|init|battle\n|title|p0x1900c6e1 vs. p0y19000ec7\n|j|\u2606p0x1900c6e1\n|j|\u2606p0y19000ec7\n|t:|1783561230\n|gametype|singles\n|player|p1|p0x1900c6e1|170|\n|player|p2|p0y19000ec7|2|\n|gen|9\n|tier|[Gen 9] Random Battle\n|rule|Species Clause: Limit one of each Pok\u00e9mon\n|rule|HP Percentage Mod: HP is shown in percentages\n|rule|Sleep Clause Mod: Limit one foe put to sleep\n|rule|Illusion Level Mod: Illusion disguises the Pok\u00e9mon's true level\n|\n|t:|1783561230\n|teamsize|p1|6\n|teamsize|p2|6\n|start\n|switch|p1a: Abomasnow|Abomasnow, L84, F|100/100\n|switch|p2a: Hoopa|Hoopa-Unbound, L80|259/259\n|-weather|Snowscape|[from] ability: Snow Warning|[of] p1a: Abomasnow\n|turn|1\n|inactive|Battle timer is ON: inactive players will automatically lose when time's up. (requested by p0y19000ec7)\n|inactive|p0x1900c6e1 also wants the timer to be on.\n|\n|t:|1783561231\n|move|p2a: Hoopa|Hyperspace Fury|p1a: Abomasnow\n|-damage|p1a: Abomasnow|47/100\n|-unboost|p2a: Hoopa|def|1\n|move|p1a: Abomasnow|Aurora Veil|p1a: Abomasnow\n|-sidestart|p1: p0x1900c6e1|move: Aurora Veil\n|\n|-weather|Snowscape|[upkeep]\n|upkeep\n|turn|2\n|inactive|Time left: 300 sec this turn | 300 sec total\n|\n|t:|1783561233\n|move|p2a: Hoopa|Hyperspace Fury|p1a: Abomasnow\n|-damage|p1a: Abomasnow|19/100\n|-unboost|p2a: Hoopa|def|1\n|move|p1a: Abomasnow|Earthquake|p2a: Hoopa\n|-damage|p2a: Hoopa|68/259\n|\n|-weather|Snowscape|[upkeep]\n|upkeep\n|turn|3\n|inactive|Time left: 300 sec this turn | 300 sec total\n|\n|t:|1783561234\n|move|p1a: Abomasnow|Ice Shard|p2a: Hoopa\n|-damage|p2a: Hoopa|0 fnt\n|faint|p2a: Hoopa\n|\n|-weather|Snowscape|[upkeep]\n|upkeep\n|inactive|Time left: 300 sec this turn | 300 sec total | 5 sec grace\n|\n|t:|1783561235\n|switch|p2a: Veluza|Veluza, L85, M|292/292\n|turn|4\n|inactive|Time left: 300 sec this turn | 300 sec total\n|\n|t:|1783561236\n|switch|p1a: Iron Bundle|Iron Bundle, L78|100/100\n|move|p2a: Veluza|Psycho Cut|p1a: Iron Bundle\n|-damage|p1a: Iron Bundle|74/100\n|\n|-weather|Snowscape|[upkeep]\n|upkeep\n|turn|5\n|inactive|Time left: 300 sec this turn | 300 sec total\n|\n|t:|1783561237\n|switch|p2a: Archaludon|Archaludon, L78, M|268/268\n|move|p1a: Iron Bundle|Freeze-Dry|p2a: Archaludon\n|-damage|p2a: Archaludon|166/268\n|-ability|p2a: Archaludon|Stamina|boost\n|-boost|p2a: Archaludon|def|1\n|\n|-weather|none\n|upkeep\n|turn|6\n|inactive|Time left: 300 sec this turn | 300 sec total\n|\n|t:|1783561238\n|move|p1a: Iron Bundle|Freeze-Dry|p2a: Archaludon\n|-damage|p2a: Archaludon|52/268\n|-ability|p2a: Archaludon|Stamina|boost\n|-boost|p2a: Archaludon|def|1\n|move|p2a: Archaludon|Flash Cannon|p1a: Iron Bundle\n|-damage|p1a: Iron Bundle|43/100\n|\n|upkeep\n|turn|7\n|inactive|Time left: 300 sec this turn | 300 sec total\n|\n|t:|1783561239\n|switch|p2a: Charizard|Charizard, L85, F|271/271\n|move|p1a: Iron Bundle|Freeze-Dry|p2a: Charizard\n|-damage|p2a: Charizard|153/271\n|\n|upkeep\n|turn|8\n|inactive|Time left: 300 sec this turn | 300 sec total\n|\n|t:|1783561240\n|move|p1a: Iron Bundle|Freeze-Dry|p2a: Charizard\n|-damage|p2a: Charizard|39/271\n|move|p2a: Charizard|Dragon Dance|p2a: Charizard\n|-boost|p2a: Charizard|atk|1\n|-boost|p2a: Charizard|spe|1\n|\n|-sideend|p1: p0x1900c6e1|move: Aurora Veil\n|upkeep\n|turn|9\n|inactive|Time left: 300 sec this turn | 300 sec total\n|\n|t:|1783561241\n|-end|p1a: Iron Bundle|Quark Drive|[silent]\n|switch|p1a: Mightyena|Mightyena, L96, F|100/100\n|-ability|p1a: Mightyena|Intimidate|boost\n|-unboost|p2a: Charizard|atk|1\n|move|p2a: Charizard|Outrage|p1a: Mightyena\n|-damage|p1a: Mightyena|71/100\n|\n|upkeep\n|turn|10\n|inactive|Time left: 300 sec this turn | 300 sec total\n|\n|t:|1783561243\n|move|p1a: Mightyena|Sucker Punch|p2a: Charizard\n|-damage|p2a: Charizard|0 fnt\n|faint|p2a: Charizard\n|\n|upkeep\n|inactive|Time left: 300 sec this turn | 300 sec total | 5 sec grace\n|\n|t:|1783561244\n|switch|p2a: Tsareena|Tsareena, L87, F|267/267\n|turn|11\n|inactive|Time left: 300 sec this turn | 300 sec total\n|\n|t:|1783561245\n|-terastallize|p1a: Mightyena|Poison\n|move|p2a: Tsareena|Power Whip|p1a: Mightyena|[miss]\n|-miss|p2a: Tsareena|p1a: Mightyena\n|move|p1a: Mightyena|Poison Fang|p2a: Tsareena\n|-supereffective|p2a: Tsareena\n|-damage|p2a: Tsareena|115/267\n|\n|upkeep\n|turn|12\n|inactive|Time left: 300 sec this turn | 300 sec total\n|\n|t:|1783561246\n|move|p2a: Tsareena|Power Whip|p1a: Mightyena\n|-resisted|p1a: Mightyena\n|-damage|p1a: Mightyena|44/100\n|move|p1a: Mightyena|Poison Fang|p2a: Tsareena\n|-supereffective|p2a: Tsareena\n|-damage|p2a: Tsareena|0 fnt\n|faint|p2a: Tsareena\n|\n|upkeep\n|inactive|Time left: 300 sec this turn | 300 sec total | 5 sec grace\n|\n|t:|1783561246\n|switch|p2a: Veluza|Veluza, L85, M|292/292\n|turn|13\n|inactive|Time left: 300 sec this turn | 300 sec total\n|\n|t:|1783561247\n|move|p1a: Mightyena|Crunch|p2a: Veluza\n|-supereffective|p2a: Veluza\n|-damage|p2a: Veluza|58/292\n|move|p2a: Veluza|Psycho Cut|p1a: Mightyena\n|-supereffective|p1a: Mightyena\n|-damage|p1a: Mightyena|0 fnt\n|faint|p1a: Mightyena\n|\n|upkeep\n|\n|t:|1783561248\n|switch|p1a: Iron Bundle|Iron Bundle, L78|43/100\n|turn|14\n|inactive|Time left: 300 sec this turn | 300 sec total\n|\n|t:|1783561249\n|move|p1a: Iron Bundle|Ice Beam|p2a: Veluza\n|-resisted|p2a: Veluza\n|-damage|p2a: Veluza|0 fnt\n|faint|p2a: Veluza\n|\n|upkeep\n|inactive|Time left: 300 sec this turn | 300 sec total | 5 sec grace\n|\n|t:|1783561249\n|switch|p2a: Urshifu|Urshifu-Rapid-Strike, L75, M|274/274\n|turn|15\n|inactive|Time left: 300 sec this turn | 300 sec total\n|\n|t:|1783561250\n|move|p1a: Iron Bundle|Ice Beam|p2a: Urshifu\n|-resisted|p2a: Urshifu\n|-damage|p2a: Urshifu|172/274\n|move|p2a: Urshifu|Swords Dance|p2a: Urshifu\n|-boost|p2a: Urshifu|atk|2\n|\n|upkeep\n|turn|16\n|inactive|Time left: 300 sec this turn | 300 sec total\n|\n|t:|1783561251\n|move|p1a: Iron Bundle|Ice Beam|p2a: Urshifu\n|-resisted|p2a: Urshifu\n|-damage|p2a: Urshifu|60/274\n|move|p2a: Urshifu|Surging Strikes|p1a: Iron Bundle\n|-resisted|p1a: Iron Bundle\n|-crit|p1a: Iron Bundle\n|-damage|p1a: Iron Bundle|23/100\n|-resisted|p1a: Iron Bundle\n|-crit|p1a: Iron Bundle\n|-damage|p1a: Iron Bundle|1/100\n|-resisted|p1a: Iron Bundle\n|-crit|p1a: Iron Bundle\n|-damage|p1a: Iron Bundle|0 fnt\n|faint|p1a: Iron Bundle\n|-end|p1a: Iron Bundle|Quark Drive|[silent]\n|-hitcount|p1: Iron Bundle|3\n|-damage|p2a: Urshifu|33/274|[from] item: Life Orb\n|\n|upkeep\n|\n|t:|1783561252\n|switch|p1a: Scyther|Scyther, L82, F|100/100\n|turn|17\n|inactive|Time left: 300 sec this turn | 300 sec total\n|\n|t:|1783561253\n|move|p2a: Urshifu|Aqua Jet|p1a: Scyther\n|-damage|p1a: Scyther|53/100\n|-damage|p2a: Urshifu|6/274|[from] item: Life Orb\n|move|p1a: Scyther|Close Combat|p2a: Urshifu\n|-damage|p2a: Urshifu|0 fnt\n|-unboost|p1a: Scyther|def|1\n|-unboost|p1a: Scyther|spd|1\n|faint|p2a: Urshifu\n|\n|upkeep\n|inactive|Time left: 300 sec this turn | 300 sec total | 5 sec grace\n|\n|t:|1783561254\n|switch|p2a: Archaludon|Archaludon, L78, M|52/268\n|turn|18\n|inactive|Time left: 300 sec this turn | 300 sec total\n|\n|t:|1783561254\n|-terastallize|p2a: Archaludon|Fighting\n|move|p1a: Scyther|Close Combat|p2a: Archaludon\n|-damage|p2a: Archaludon|0 fnt\n|-unboost|p1a: Scyther|def|1\n|-unboost|p1a: Scyther|spd|1\n|faint|p2a: Archaludon\n|\n|win|p0x1900c6e1", "uploadtime": 1783561254, "views": 0, "rating": 0, "private": 0, "password": null, "_winner": "p0x1900c6e1", "_our_name": "p0y19000ec7"}