{"id": "battle-gen9randombattle-2178", "formatid": "gen9randombattle", "format": "[Gen 9] Random Battle", "players": ["p0x21789db2", "p0y21780e52"], "log": "|init|battle\n|title|p0x21789db2 vs. p0y21780e52\n|j|\u2606p0x21789db2\n|j|\u2606p0y21780e52\n|t:|1783565229\n|gametype|singles\n|player|p1|p0x21789db2|102|\n|player|p2|p0y21780e52|265|\n|gen|9\n|tier|[Gen 9] Random Battle\n|rule|Species Clause: Limit one of each Pok\u00e9mon\n|rule|HP Percentage Mod: HP is shown in percentages\n|rule|Sleep Clause Mod: Limit one foe put to sleep\n|rule|Illusion Level Mod: Illusion disguises the Pok\u00e9mon's true level\n|\n|t:|1783565229\n|teamsize|p1|6\n|teamsize|p2|6\n|start\n|switch|p1a: Gholdengo|Gholdengo, L77|261/261\n|switch|p2a: Dragonite|Dragonite, L74, M|100/100\n|turn|1\n|inactive|Battle timer is ON: inactive players will automatically lose when time's up. (requested by p0y21780e52)\n|inactive|Time left: 300 sec this turn | 300 sec total | 60 sec grace\n|\n|t:|1783565230\n|move|p1a: Gholdengo|Nasty Plot|p1a: Gholdengo\n|-boost|p1a: Gholdengo|spa|2\n|move|p2a: Dragonite|Dragon Dance|p2a: Dragonite\n|-boost|p2a: Dragonite|atk|1\n|-boost|p2a: Dragonite|spe|1\n|\n|upkeep\n|turn|2\n|inactive|Time left: 300 sec this turn | 300 sec total\n|inactive|p0x21789db2 also wants the timer to be on.\n|\n|t:|1783565231\n|move|p2a: Dragonite|Earthquake|p1a: Gholdengo\n|-supereffective|p1a: Gholdengo\n|-damage|p1a: Gholdengo|39/261\n|move|p1a: Gholdengo|Shadow Ball|p2a: Dragonite\n|-damage|p2a: Dragonite|61/100\n|\n|-heal|p1a: Gholdengo|55/261|[from] item: Leftovers\n|upkeep\n|turn|3\n|inactive|Time left: 300 sec this turn | 300 sec total\n|\n|t:|1783565232\n|switch|p1a: Stantler|Stantler, L92, F|284/284\n|-ability|p1a: Stantler|Intimidate|boost\n|-unboost|p2a: Dragonite|atk|1\n|move|p2a: Dragonite|Outrage|p1a: Stantler\n|-damage|p1a: Stantler|185/284\n|\n|upkeep\n|turn|4\n|inactive|Time left: 300 sec this turn | 300 sec total\n|\n|t:|1783565233\n|move|p2a: Dragonite|Outrage|p1a: Stantler|[from] lockedmove\n|-damage|p1a: Stantler|89/284\n|-start|p2a: Dragonite|confusion|[fatigue]\n|move|p1a: Stantler|Body Slam|p2a: Dragonite\n|-damage|p2a: Dragonite|18/100\n|-status|p2a: Dragonite|par\n|\n|upkeep\n|turn|5\n|inactive|Time left: 300 sec this turn | 300 sec total\n|\n|t:|1783565234\n|switch|p2a: Espathra|Espathra, L80, M|100/100\n|move|p1a: Stantler|Body Slam|p2a: Espathra\n|-damage|p2a: Espathra|48/100\n|\n|upkeep\n|turn|6\n|inactive|Time left: 300 sec this turn | 300 sec total\n|\n|t:|1783565235\n|move|p2a: Espathra|Lumina Crash|p1a: Stantler\n|-damage|p1a: Stantler|0 fnt\n|faint|p1a: Stantler\n|\n|-ability|p2a: Espathra|Speed Boost|boost\n|-boost|p2a: Espathra|spe|1\n|upkeep\n|inactive|Time left: 300 sec this turn | 300 sec total | 5 sec grace\n|\n|t:|1783565236\n|switch|p1a: Tatsugiri|Tatsugiri, L87, F|260/260\n|turn|7\n|inactive|Time left: 300 sec this turn | 300 sec total\n|\n|t:|1783565237\n|move|p2a: Espathra|Lumina Crash|p1a: Tatsugiri\n|-damage|p1a: Tatsugiri|152/260\n|-unboost|p1a: Tatsugiri|spd|2\n|move|p1a: Tatsugiri|Surf|p2a: Espathra\n|-damage|p2a: Espathra|0 fnt\n|faint|p2a: Espathra\n|\n|upkeep\n|\n|t:|1783565238\n|switch|p2a: Sawsbuck|Sawsbuck-Autumn, L88, M|100/100\n|turn|8\n|inactive|Time left: 300 sec this turn | 300 sec total\n|\n|t:|1783565239\n|switch|p1a: Crabominable|Crabominable, L90, F|321/321\n|move|p2a: Sawsbuck|Swords Dance|p2a: Sawsbuck\n|-boost|p2a: Sawsbuck|atk|2\n|\n|upkeep\n|turn|9\n|inactive|Time left: 300 sec this turn | 300 sec total\n|\n|t:|1783565240\n|switch|p1a: Gholdengo|Gholdengo, L77|55/261\n|move|p2a: Sawsbuck|Double-Edge|p1a: Gholdengo\n|-immune|p1a: Gholdengo\n|\n|-heal|p1a: Gholdengo|71/261|[from] item: Leftovers\n|upkeep\n|turn|10\n|inactive|Time left: 300 sec this turn | 300 sec total\n|\n|t:|1783565241\n|switch|p1a: Gogoat|Gogoat, L88, M|360/360\n|move|p2a: Sawsbuck|Horn Leech|p1a: Gogoat\n|-ability|p1a: Gogoat|Sap Sipper|boost\n|-boost|p1a: Gogoat|atk|1\n|\n|upkeep\n|turn|11\n|inactive|Time left: 300 sec this turn | 300 sec total\n|\n|t:|1783565242\n|switch|p1a: Gholdengo|Gholdengo, L77|71/261\n|move|p2a: Sawsbuck|Double-Edge|p1a: Gholdengo\n|-immune|p1a: Gholdengo\n|\n|-heal|p1a: Gholdengo|87/261|[from] item: Leftovers\n|upkeep\n|turn|12\n|inactive|Time left: 300 sec this turn | 300 sec total\n|\n|t:|1783565243\n|move|p2a: Sawsbuck|Horn Leech|p1a: Gholdengo\n|-resisted|p1a: Gholdengo\n|-damage|p1a: Gholdengo|0 fnt\n|faint|p1a: Gholdengo\n|-damage|p2a: Sawsbuck|91/100|[from] item: Life Orb\n|\n|upkeep\n|inactive|Time left: 300 sec this turn | 300 sec total | 5 sec grace\n|\n|t:|1783565244\n|switch|p1a: Raichu|Raichu, L88, F|249/249\n|turn|13\n|inactive|Time left: 300 sec this turn | 300 sec total\n|\n|t:|1783565245\n|move|p1a: Raichu|Focus Blast|p2a: Sawsbuck\n|-supereffective|p2a: Sawsbuck\n|-damage|p2a: Sawsbuck|4/100\n|-damage|p1a: Raichu|225/249|[from] item: Life Orb\n|move|p2a: Sawsbuck|Horn Leech|p1a: Raichu\n|-damage|p1a: Raichu|0 fnt\n|-heal|p2a: Sawsbuck|43/100|[from] drain|[of] p1a: Raichu\n|faint|p1a: Raichu\n|-damage|p2a: Sawsbuck|34/100|[from] item: Life Orb\n|\n|upkeep\n|inactive|Time left: 300 sec this turn | 300 sec total | 5 sec grace\n|\n|t:|1783565246\n|switch|p1a: Gogoat|Gogoat, L88, M|360/360\n|turn|14\n|inactive|Time left: 300 sec this turn | 300 sec total\n|\n|t:|1783565247\n|move|p2a: Sawsbuck|Double-Edge|p1a: Gogoat\n|-damage|p1a: Gogoat|0 fnt\n|faint|p1a: Gogoat\n|-damage|p2a: Sawsbuck|0 fnt|[from] Recoil\n|faint|p2a: Sawsbuck\n|\n|upkeep\n|inactive|Time left: 300 sec this turn | 300 sec total | 5 sec grace\n|\n|t:|1783565248\n|switch|p2a: Gogoat|Gogoat, L88, F|100/100\n|switch|p1a: Crabominable|Crabominable, L90, F|321/321\n|turn|15\n|inactive|Time left: 300 sec this turn | 300 sec total\n|\n|t:|1783565249\n|move|p2a: Gogoat|Bulk Up|p2a: Gogoat\n|-boost|p2a: Gogoat|atk|1\n|-boost|p2a: Gogoat|def|1\n|move|p1a: Crabominable|Gunk Shot|p2a: Gogoat\n|-supereffective|p2a: Gogoat\n|-damage|p2a: Gogoat|19/100\n|-status|p2a: Gogoat|psn\n|\n|-heal|p2a: Gogoat|25/100 psn|[from] item: Leftovers\n|-damage|p2a: Gogoat|13/100 psn|[from] psn\n|upkeep\n|turn|16\n|inactive|Time left: 300 sec this turn | 300 sec total\n|\n|t:|1783565250\n|move|p2a: Gogoat|Horn Leech|p1a: Crabominable\n|-damage|p1a: Crabominable|191/321\n|-heal|p2a: Gogoat|31/100 psn|[from] drain|[of] p1a: Crabominable\n|move|p1a: Crabominable|Gunk Shot|p2a: Gogoat\n|-supereffective|p2a: Gogoat\n|-damage|p2a: Gogoat|0 fnt\n|faint|p2a: Gogoat\n|\n|upkeep\n|\n|t:|1783565251\n|switch|p2a: Overqwil|Overqwil, L82, M|100/100\n|-ability|p2a: Overqwil|Intimidate|boost\n|-unboost|p1a: Crabominable|atk|1\n|turn|17\n|inactive|Time left: 300 sec this turn | 300 sec total\n|\n|t:|1783565252\n|switch|p1a: Tatsugiri|Tatsugiri, L87, F|152/260\n|move|p2a: Overqwil|Swords Dance|p2a: Overqwil\n|-boost|p2a: Overqwil|atk|2\n|\n|upkeep\n|turn|18\n|inactive|Time left: 300 sec this turn | 300 sec total\n|\n|t:|1783565253\n|switch|p1a: Crabominable|Crabominable, L90, F|191/321\n|move|p2a: Overqwil|Crunch|p1a: Crabominable\n|-resisted|p1a: Crabominable\n|-damage|p1a: Crabominable|74/321\n|-unboost|p1a: Crabominable|def|1\n|-damage|p2a: Overqwil|91/100|[from] item: Life Orb\n|\n|upkeep\n|turn|19\n|inactive|Time left: 300 sec this turn | 300 sec total\n|\n|t:|1783565254\n|-terastallize|p1a: Crabominable|Fighting\n|move|p2a: Overqwil|Crunch|p1a: Crabominable\n|-resisted|p1a: Crabominable\n|-damage|p1a: Crabominable|0 fnt\n|faint|p1a: Crabominable\n|-damage|p2a: Overqwil|81/100|[from] item: Life Orb\n|\n|upkeep\n|inactive|Time left: 300 sec this turn | 300 sec total | 5 sec grace\n|\n|t:|1783565255\n|switch|p1a: Tatsugiri|Tatsugiri, L87, F|152/260\n|turn|20\n|inactive|Time left: 300 sec this turn | 300 sec total\n|\n|t:|1783565256\n|-terastallize|p2a: Overqwil|Water\n|move|p1a: Tatsugiri|Draco Meteor|p2a: Overqwil\n|-damage|p2a: Overqwil|2/100\n|-unboost|p1a: Tatsugiri|spa|2\n|move|p2a: Overqwil|Crunch|p1a: Tatsugiri\n|-damage|p1a: Tatsugiri|0 fnt\n|faint|p1a: Tatsugiri\n|-damage|p2a: Overqwil|0 fnt|[from] item: Life Orb\n|faint|p2a: Overqwil\n|\n|win|p0y21780e52", "uploadtime": 1783565256, "views": 0, "rating": 0, "private": 0, "password": null, "_winner": "p0y21780e52", "_our_name": "p0x21789db2"}