{"id": "battle-gen9randombattle-2824", "formatid": "gen9randombattle", "format": "[Gen 9] Random Battle", "players": ["p0x28245b9b", "p0y28249579"], "log": "|init|battle\n|title|p0x28245b9b vs. p0y28249579\n|j|\u2606p0x28245b9b\n|j|\u2606p0y28249579\n|t:|1783572525\n|gametype|singles\n|player|p1|p0x28245b9b|1|\n|player|p2|p0y28249579|170|\n|gen|9\n|tier|[Gen 9] Random Battle\n|rule|Species Clause: Limit one of each Pok\u00e9mon\n|rule|HP Percentage Mod: HP is shown in percentages\n|rule|Sleep Clause Mod: Limit one foe put to sleep\n|rule|Illusion Level Mod: Illusion disguises the Pok\u00e9mon's true level\n|\n|t:|1783572525\n|teamsize|p1|6\n|teamsize|p2|6\n|start\n|switch|p1a: Cresselia|Cresselia, L80, F|323/323\n|switch|p2a: Ho-Oh|Ho-Oh, L71|100/100\n|turn|1\n|inactive|Battle timer is ON: inactive players will automatically lose when time's up. (requested by p0x28245b9b)\n|inactive|p0y28249579 also wants the timer to be on.\n|\n|t:|1783572526\n|move|p1a: Cresselia|Calm Mind|p1a: Cresselia\n|-boost|p1a: Cresselia|spa|1\n|-boost|p1a: Cresselia|spd|1\n|move|p2a: Ho-Oh|Brave Bird|p1a: Cresselia\n|-damage|p1a: Cresselia|226/323\n|-damage|p2a: Ho-Oh|89/100|[from] Recoil\n|\n|-heal|p1a: Cresselia|246/323|[from] item: Leftovers\n|upkeep\n|turn|2\n|inactive|Time left: 300 sec this turn | 300 sec total\n|\n|t:|1783572527\n|move|p1a: Cresselia|Calm Mind|p1a: Cresselia\n|-boost|p1a: Cresselia|spa|1\n|-boost|p1a: Cresselia|spd|1\n|move|p2a: Ho-Oh|Sacred Fire|p1a: Cresselia|[miss]\n|-miss|p2a: Ho-Oh|p1a: Cresselia\n|\n|-heal|p1a: Cresselia|266/323|[from] item: Leftovers\n|upkeep\n|turn|3\n|inactive|Time left: 300 sec this turn | 300 sec total\n|\n|t:|1783572528\n|move|p1a: Cresselia|Psyshock|p2a: Ho-Oh\n|-damage|p2a: Ho-Oh|31/100\n|move|p2a: Ho-Oh|Sacred Fire|p1a: Cresselia\n|-damage|p1a: Cresselia|182/323\n|-status|p1a: Cresselia|brn\n|\n|-heal|p1a: Cresselia|202/323 brn|[from] item: Leftovers\n|-damage|p1a: Cresselia|182/323 brn|[from] brn\n|upkeep\n|turn|4\n|inactive|Time left: 300 sec this turn | 300 sec total\n|\n|t:|1783572530\n|switch|p2a: Solgaleo|Solgaleo, L74|100/100\n|move|p1a: Cresselia|Psyshock|p2a: Solgaleo\n|-resisted|p2a: Solgaleo\n|-damage|p2a: Solgaleo|91/100\n|\n|-heal|p1a: Cresselia|202/323 brn|[from] item: Leftovers\n|-damage|p1a: Cresselia|182/323 brn|[from] brn\n|upkeep\n|turn|5\n|inactive|Time left: 300 sec this turn | 300 sec total\n|\n|t:|1783572531\n|move|p2a: Solgaleo|Sunsteel Strike|p1a: Cresselia\n|-damage|p1a: Cresselia|92/323 brn\n|move|p1a: Cresselia|Moonlight|p1a: Cresselia\n|-heal|p1a: Cresselia|253/323 brn\n|\n|-heal|p1a: Cresselia|273/323 brn|[from] item: Leftovers\n|-damage|p1a: Cresselia|253/323 brn|[from] brn\n|upkeep\n|turn|6\n|inactive|Time left: 300 sec this turn | 300 sec total\n|\n|t:|1783572532\n|move|p2a: Solgaleo|Flame Charge|p1a: Cresselia\n|-damage|p1a: Cresselia|217/323 brn\n|-boost|p2a: Solgaleo|spe|1\n|move|p1a: Cresselia|Moonlight|p1a: Cresselia\n|-heal|p1a: Cresselia|323/323 brn\n|\n|-damage|p1a: Cresselia|303/323 brn|[from] brn\n|upkeep\n|turn|7\n|inactive|Time left: 300 sec this turn | 300 sec total\n|\n|t:|1783572533\n|move|p2a: Solgaleo|Flame Charge|p1a: Cresselia\n|-damage|p1a: Cresselia|273/323 brn\n|-boost|p2a: Solgaleo|spe|1\n|move|p1a: Cresselia|Moonlight|p1a: Cresselia\n|-heal|p1a: Cresselia|323/323 brn\n|\n|-damage|p1a: Cresselia|303/323 brn|[from] brn\n|upkeep\n|turn|8\n|inactive|Time left: 300 sec this turn | 300 sec total\n|\n|t:|1783572534\n|move|p2a: Solgaleo|Sunsteel Strike|p1a: Cresselia\n|-damage|p1a: Cresselia|206/323 brn\n|move|p1a: Cresselia|Moonblast|p2a: Solgaleo\n|-resisted|p2a: Solgaleo\n|-damage|p2a: Solgaleo|73/100\n|\n|-heal|p1a: Cresselia|226/323 brn|[from] item: Leftovers\n|-damage|p1a: Cresselia|206/323 brn|[from] brn\n|upkeep\n|turn|9\n|inactive|Time left: 300 sec this turn | 300 sec total\n|\n|t:|1783572535\n|move|p2a: Solgaleo|Sunsteel Strike|p1a: Cresselia\n|-crit|p1a: Cresselia\n|-damage|p1a: Cresselia|59/323 brn\n|move|p1a: Cresselia|Moonlight|p1a: Cresselia\n|-heal|p1a: Cresselia|220/323 brn\n|\n|-heal|p1a: Cresselia|240/323 brn|[from] item: Leftovers\n|-damage|p1a: Cresselia|220/323 brn|[from] brn\n|upkeep\n|turn|10\n|inactive|Time left: 300 sec this turn | 300 sec total\n|\n|t:|1783572536\n|move|p2a: Solgaleo|Sunsteel Strike|p1a: Cresselia\n|-damage|p1a: Cresselia|115/323 brn\n|move|p1a: Cresselia|Moonlight|p1a: Cresselia\n|-heal|p1a: Cresselia|276/323 brn\n|\n|-heal|p1a: Cresselia|296/323 brn|[from] item: Leftovers\n|-damage|p1a: Cresselia|276/323 brn|[from] brn\n|upkeep\n|turn|11\n|inactive|Time left: 300 sec this turn | 300 sec total\n|\n|t:|1783572537\n|move|p2a: Solgaleo|Sunsteel Strike|p1a: Cresselia\n|-damage|p1a: Cresselia|186/323 brn\n|move|p1a: Cresselia|Moonlight|p1a: Cresselia\n|-heal|p1a: Cresselia|323/323 brn\n|\n|-damage|p1a: Cresselia|303/323 brn|[from] brn\n|upkeep\n|turn|12\n|inactive|Time left: 300 sec this turn | 300 sec total\n|\n|t:|1783572538\n|move|p2a: Solgaleo|Sunsteel Strike|p1a: Cresselia\n|-damage|p1a: Cresselia|201/323 brn\n|move|p1a: Cresselia|Moonblast|p2a: Solgaleo\n|-resisted|p2a: Solgaleo\n|-damage|p2a: Solgaleo|55/100\n|\n|-heal|p1a: Cresselia|221/323 brn|[from] item: Leftovers\n|-damage|p1a: Cresselia|201/323 brn|[from] brn\n|upkeep\n|turn|13\n|inactive|Time left: 300 sec this turn | 300 sec total\n|\n|t:|1783572539\n|move|p2a: Solgaleo|Sunsteel Strike|p1a: Cresselia\n|-damage|p1a: Cresselia|96/323 brn\n|move|p1a: Cresselia|Moonlight|p1a: Cresselia\n|-heal|p1a: Cresselia|257/323 brn\n|\n|-heal|p1a: Cresselia|277/323 brn|[from] item: Leftovers\n|-damage|p1a: Cresselia|257/323 brn|[from] brn\n|upkeep\n|turn|14\n|inactive|Time left: 300 sec this turn | 300 sec total\n|\n|t:|1783572540\n|move|p2a: Solgaleo|Flame Charge|p1a: Cresselia\n|-damage|p1a: Cresselia|224/323 brn\n|-boost|p2a: Solgaleo|spe|1\n|move|p1a: Cresselia|Moonlight|p1a: Cresselia\n|-heal|p1a: Cresselia|323/323 brn\n|\n|-damage|p1a: Cresselia|303/323 brn|[from] brn\n|upkeep\n|turn|15\n|inactive|Time left: 300 sec this turn | 300 sec total\n|\n|t:|1783572541\n|move|p2a: Solgaleo|Flame Charge|p1a: Cresselia\n|-damage|p1a: Cresselia|273/323 brn\n|-boost|p2a: Solgaleo|spe|1\n|move|p1a: Cresselia|Calm Mind|p1a: Cresselia\n|-boost|p1a: Cresselia|spa|1\n|-boost|p1a: Cresselia|spd|1\n|\n|-heal|p1a: Cresselia|293/323 brn|[from] item: Leftovers\n|-damage|p1a: Cresselia|273/323 brn|[from] brn\n|upkeep\n|turn|16\n|inactive|Time left: 300 sec this turn | 300 sec total\n|\n|t:|1783572541\n|move|p2a: Solgaleo|Flame Charge|p1a: Cresselia\n|-damage|p1a: Cresselia|240/323 brn\n|-boost|p2a: Solgaleo|spe|1\n|move|p1a: Cresselia|Moonblast|p2a: Solgaleo\n|-resisted|p2a: Solgaleo\n|-damage|p2a: Solgaleo|32/100\n|\n|-heal|p1a: Cresselia|260/323 brn|[from] item: Leftovers\n|-damage|p1a: Cresselia|240/323 brn|[from] brn\n|upkeep\n|turn|17\n|inactive|Time left: 300 sec this turn | 300 sec total\n|\n|t:|1783572542\n|-terastallize|p1a: Cresselia|Fairy\n|move|p2a: Solgaleo|Sunsteel Strike|p1a: Cresselia\n|-supereffective|p1a: Cresselia\n|-damage|p1a: Cresselia|52/323 brn\n|move|p1a: Cresselia|Moonblast|p2a: Solgaleo\n|-resisted|p2a: Solgaleo\n|-damage|p2a: Solgaleo|0 fnt\n|faint|p2a: Solgaleo\n|\n|-heal|p1a: Cresselia|72/323 brn|[from] item: Leftovers\n|-damage|p1a: Cresselia|52/323 brn|[from] brn\n|upkeep\n|\n|t:|1783572543\n|switch|p2a: Slowbro|Slowbro, L85, F|100/100\n|turn|18\n|inactive|Time left: 300 sec this turn | 300 sec total\n|\n|t:|1783572544\n|move|p1a: Cresselia|Moonblast|p2a: Slowbro\n|-damage|p2a: Slowbro|58/100\n|move|p2a: Slowbro|Scald|p1a: Cresselia\n|-damage|p1a: Cresselia|24/323 brn\n|\n|-heal|p1a: Cresselia|44/323 brn|[from] item: Leftovers\n|-damage|p1a: Cresselia|24/323 brn|[from] brn\n|upkeep\n|turn|19\n|inactive|Time left: 300 sec this turn | 300 sec total\n|\n|t:|1783572545\n|move|p1a: Cresselia|Moonblast|p2a: Slowbro\n|-damage|p2a: Slowbro|15/100\n|move|p2a: Slowbro|Scald|p1a: Cresselia\n|-damage|p1a: Cresselia|0 fnt\n|faint|p1a: Cresselia\n|\n|upkeep\n|inactive|Time left: 300 sec this turn | 300 sec total | 5 sec grace\n|\n|t:|1783572546\n|switch|p1a: Miraidon|Miraidon, L65|238/238\n|-fieldstart|move: Electric Terrain|[from] ability: Hadron Engine|[of] p1a: Miraidon\n|turn|20\n|inactive|Time left: 300 sec this turn | 300 sec total\n|\n|t:|1783572547\n|move|p1a: Miraidon|Volt Switch|p2a: Slowbro\n|-supereffective|p2a: Slowbro\n|-damage|p2a: Slowbro|0 fnt\n|faint|p2a: Slowbro\n|inactive|Time left: 300 sec this turn | 300 sec total | 5 sec grace\n|\n|t:|1783572549\n|switch|p1a: Mismagius|Mismagius, L86, F|243/243|[from] Volt Switch\n|\n|upkeep\n|\n|t:|1783572550\n|switch|p2a: Falinks|Falinks, L84|100/100\n|turn|21\n|inactive|Time left: 300 sec this turn | 300 sec total\n|\n|t:|1783572551\n|move|p1a: Mismagius|Dazzling Gleam|p2a: Falinks\n|-supereffective|p2a: Falinks\n|-damage|p2a: Falinks|36/100\n|move|p2a: Falinks|No Retreat|p2a: Falinks\n|-boost|p2a: Falinks|atk|1\n|-boost|p2a: Falinks|def|1\n|-boost|p2a: Falinks|spa|1\n|-boost|p2a: Falinks|spd|1\n|-boost|p2a: Falinks|spe|1\n|-start|p2a: Falinks|move: No Retreat\n|\n|upkeep\n|turn|22\n|inactive|Time left: 300 sec this turn | 300 sec total\n|\n|t:|1783572552\n|switch|p1a: Arceus|Arceus-Dark, L71|288/288\n|move|p2a: Falinks|Knock Off|p1a: Arceus\n|-resisted|p1a: Arceus\n|-damage|p1a: Arceus|249/288\n|-damage|p2a: Falinks|27/100|[from] item: Life Orb\n|\n|upkeep\n|turn|23\n|inactive|Time left: 300 sec this turn | 300 sec total\n|\n|t:|1783572552\n|move|p2a: Falinks|Close Combat|p1a: Arceus\n|-supereffective|p1a: Arceus\n|-damage|p1a: Arceus|0 fnt\n|-unboost|p2a: Falinks|def|1\n|-unboost|p2a: Falinks|spd|1\n|faint|p1a: Arceus\n|-damage|p2a: Falinks|17/100|[from] item: Life Orb\n|\n|upkeep\n|inactive|Time left: 300 sec this turn | 300 sec total | 5 sec grace\n|\n|t:|1783572553\n|switch|p1a: Pikachu|Pikachu, L93, M|216/216\n|turn|24\n|inactive|Time left: 300 sec this turn | 300 sec total\n|\n|t:|1783572554\n|move|p1a: Pikachu|Fake Out|p2a: Falinks\n|-damage|p2a: Falinks|0 fnt\n|faint|p2a: Falinks\n|\n|-fieldend|move: Electric Terrain\n|upkeep\n|\n|t:|1783572555\n|switch|p2a: Ho-Oh|Ho-Oh, L71|64/100\n|turn|25\n|inactive|Time left: 300 sec this turn | 300 sec total\n|\n|t:|1783572556\n|-terastallize|p2a: Ho-Oh|Ground\n|move|p1a: Pikachu|Volt Tackle|p2a: Ho-Oh\n|-immune|p2a: Ho-Oh\n|move|p2a: Ho-Oh|Earthquake|p1a: Pikachu\n|-supereffective|p1a: Pikachu\n|-damage|p1a: Pikachu|0 fnt\n|faint|p1a: Pikachu\n|\n|upkeep\n|inactive|Time left: 300 sec this turn | 300 sec total | 5 sec grace\n|\n|t:|1783572557\n|switch|p1a: Persian|Persian-Alola, L86, M|252/252\n|turn|26\n|inactive|Time left: 300 sec this turn | 300 sec total\n|\n|t:|1783572557\n|move|p1a: Persian|Parting Shot|p2a: Ho-Oh\n|-unboost|p2a: Ho-Oh|atk|1\n|-unboost|p2a: Ho-Oh|spa|1\n|inactive|Time left: 300 sec this turn | 300 sec total | 5 sec grace\n|\n|t:|1783572558\n|switch|p1a: Mismagius|Mismagius, L86, F|243/243|[from] Parting Shot\n|move|p2a: Ho-Oh|Sacred Fire|p1a: Mismagius\n|-damage|p1a: Mismagius|156/243\n|\n|-heal|p1a: Mismagius|171/243|[from] item: Leftovers\n|upkeep\n|turn|27\n|inactive|Time left: 300 sec this turn | 300 sec total\n|\n|t:|1783572559\n|move|p1a: Mismagius|Nasty Plot|p1a: Mismagius\n|-boost|p1a: Mismagius|spa|2\n|move|p2a: Ho-Oh|Sacred Fire|p1a: Mismagius\n|-damage|p1a: Mismagius|86/243\n|-status|p1a: Mismagius|brn\n|\n|-heal|p1a: Mismagius|101/243 brn|[from] item: Leftovers\n|-damage|p1a: Mismagius|86/243 brn|[from] brn\n|upkeep\n|turn|28\n|inactive|Time left: 300 sec this turn | 300 sec total\n|\n|t:|1783572560\n|move|p1a: Mismagius|Substitute|p1a: Mismagius\n|-start|p1a: Mismagius|Substitute\n|-damage|p1a: Mismagius|26/243 brn\n|move|p2a: Ho-Oh|Brave Bird|p1a: Mismagius\n|-end|p1a: Mismagius|Substitute\n|-damage|p2a: Ho-Oh|57/100|[from] Recoil|[of] p1a: Mismagius\n|\n|-heal|p1a: Mismagius|41/243 brn|[from] item: Leftovers\n|-damage|p1a: Mismagius|26/243 brn|[from] brn\n|upkeep\n|turn|29\n|inactive|Time left: 300 sec this turn | 300 sec total\n|\n|t:|1783572561\n|move|p1a: Mismagius|Shadow Ball|p2a: Ho-Oh\n|-damage|p2a: Ho-Oh|4/100\n|-unboost|p2a: Ho-Oh|spd|1\n|move|p2a: Ho-Oh|Brave Bird|p1a: Mismagius\n|-damage|p1a: Mismagius|0 fnt\n|faint|p1a: Mismagius\n|-damage|p2a: Ho-Oh|0 fnt|[from] Recoil\n|faint|p2a: Ho-Oh\n|\n|upkeep\n|inactive|Time left: 300 sec this turn | 300 sec total | 5 sec grace\n|\n|t:|1783572562\n|switch|p1a: Miraidon|Miraidon, L65|238/238\n|switch|p2a: Blastoise|Blastoise, L80, F|100/100\n|-fieldstart|move: Electric Terrain|[from] ability: Hadron Engine|[of] p1a: Miraidon\n|turn|30\n|inactive|Time left: 300 sec this turn | 300 sec total\n|\n|t:|1783572563\n|switch|p2a: Shaymin|Shaymin-Sky, L73|100/100\n|move|p1a: Miraidon|Electro Drift|p2a: Shaymin\n|-damage|p2a: Shaymin|2/100\n|\n|upkeep\n|turn|31\n|inactive|Time left: 300 sec this turn | 300 sec total\n|\n|t:|1783572564\n|move|p2a: Shaymin|Air Slash|p1a: Miraidon\n|-resisted|p1a: Miraidon\n|-damage|p1a: Miraidon|200/238\n|move|p1a: Miraidon|Electro Drift|p2a: Shaymin\n|-damage|p2a: Shaymin|0 fnt\n|faint|p2a: Shaymin\n|\n|upkeep\n|\n|t:|1783572565\n|switch|p2a: Blastoise|Blastoise, L80, F|100/100\n|turn|32\n|inactive|Time left: 300 sec this turn | 300 sec total\n|\n|t:|1783572566\n|move|p1a: Miraidon|Electro Drift|p2a: Blastoise\n|-supereffective|p2a: Blastoise\n|-damage|p2a: Blastoise|0 fnt\n|faint|p2a: Blastoise\n|\n|win|p0x28245b9b", "uploadtime": 1783572566, "views": 0, "rating": 0, "private": 0, "password": null, "_winner": "p0x28245b9b", "_our_name": "p0x28245b9b"}