{"id": "battle-gen9randombattle-2827", "formatid": "gen9randombattle", "format": "[Gen 9] Random Battle", "players": ["p0x2827a8e4", "p0y28272c3e"], "log": "|init|battle\n|title|p0x2827a8e4 vs. p0y28272c3e\n|j|\u2606p0x2827a8e4\n|j|\u2606p0y28272c3e\n|t:|1783571602\n|gametype|singles\n|player|p1|p0x2827a8e4|170|\n|player|p2|p0y28272c3e|2|\n|gen|9\n|tier|[Gen 9] Random Battle\n|rule|Species Clause: Limit one of each Pok\u00e9mon\n|rule|HP Percentage Mod: HP is shown in percentages\n|rule|Sleep Clause Mod: Limit one foe put to sleep\n|rule|Illusion Level Mod: Illusion disguises the Pok\u00e9mon's true level\n|\n|t:|1783571602\n|teamsize|p1|6\n|teamsize|p2|6\n|start\n|switch|p1a: Lucario|Lucario, L84, M|100/100\n|switch|p2a: Barraskewda|Barraskewda, L81, F|231/231\n|turn|1\n|inactive|Battle timer is ON: inactive players will automatically lose when time's up. (requested by p0y28272c3e)\n|inactive|p0x2827a8e4 also wants the timer to be on.\n|\n|t:|1783571603\n|switch|p1a: Spiritomb|Spiritomb, L89, F|100/100\n|move|p2a: Barraskewda|Close Combat|p1a: Spiritomb\n|-immune|p1a: Spiritomb\n|\n|upkeep\n|turn|2\n|inactive|Time left: 300 sec this turn | 300 sec total\n|\n|t:|1783571604\n|switch|p2a: Toucannon|Toucannon, L88, F|284/284\n|move|p1a: Spiritomb|Poltergeist|p2a: Toucannon\n|-immune|p2a: Toucannon\n|\n|upkeep\n|turn|3\n|inactive|Time left: 300 sec this turn | 300 sec total\n|\n|t:|1783571605\n|-singleturn|p2a: Toucannon|move: Beak Blast\n|move|p1a: Spiritomb|Foul Play|p2a: Toucannon\n|-damage|p2a: Toucannon|140/284\n|-status|p1a: Spiritomb|brn\n|move|p2a: Toucannon|Beak Blast|p1a: Spiritomb\n|-damage|p1a: Spiritomb|54/100 brn\n|\n|-heal|p1a: Spiritomb|60/100 brn|[from] item: Leftovers\n|-damage|p1a: Spiritomb|54/100 brn|[from] brn\n|upkeep\n|turn|4\n|inactive|Time left: 300 sec this turn | 300 sec total\n|\n|t:|1783571606\n|move|p2a: Toucannon|Roost|p2a: Toucannon\n|-heal|p2a: Toucannon|282/284\n|-singleturn|p2a: Toucannon|move: Roost\n|move|p1a: Spiritomb|Pain Split|p2a: Toucannon\n|-sethp|p2a: Toucannon|203/284|[from] move: Pain Split|[silent]\n|-sethp|p1a: Spiritomb|87/100 brn|[from] move: Pain Split\n|\n|-heal|p1a: Spiritomb|93/100 brn|[from] item: Leftovers\n|-damage|p1a: Spiritomb|87/100 brn|[from] brn\n|upkeep\n|turn|5\n|inactive|Time left: 300 sec this turn | 300 sec total\n|\n|t:|1783571607\n|-singleturn|p2a: Toucannon|move: Beak Blast\n|move|p1a: Spiritomb|Foul Play|p2a: Toucannon\n|-damage|p2a: Toucannon|135/284\n|move|p2a: Toucannon|Beak Blast|p1a: Spiritomb\n|-damage|p1a: Spiritomb|42/100 brn\n|\n|-heal|p1a: Spiritomb|48/100 brn|[from] item: Leftovers\n|-damage|p1a: Spiritomb|42/100 brn|[from] brn\n|upkeep\n|turn|6\n|inactive|Time left: 300 sec this turn | 300 sec total\n|\n|t:|1783571608\n|move|p2a: Toucannon|Roost|p2a: Toucannon\n|-heal|p2a: Toucannon|277/284\n|-singleturn|p2a: Toucannon|move: Roost\n|move|p1a: Spiritomb|Foul Play|p2a: Toucannon\n|-damage|p2a: Toucannon|213/284\n|\n|-heal|p1a: Spiritomb|48/100 brn|[from] item: Leftovers\n|-damage|p1a: Spiritomb|42/100 brn|[from] brn\n|upkeep\n|turn|7\n|inactive|Time left: 300 sec this turn | 300 sec total\n|\n|t:|1783571609\n|move|p2a: Toucannon|Knock Off|p1a: Spiritomb\n|-damage|p1a: Spiritomb|12/100 brn\n|-enditem|p1a: Spiritomb|Leftovers|[from] move: Knock Off|[of] p2a: Toucannon\n|move|p1a: Spiritomb|Pain Split|p2a: Toucannon\n|-sethp|p2a: Toucannon|120/284|[from] move: Pain Split|[silent]\n|-sethp|p1a: Spiritomb|52/100 brn|[from] move: Pain Split\n|\n|-damage|p1a: Spiritomb|46/100 brn|[from] brn\n|upkeep\n|turn|8\n|inactive|Time left: 300 sec this turn | 300 sec total\n|\n|t:|1783571610\n|move|p2a: Toucannon|Roost|p2a: Toucannon\n|-heal|p2a: Toucannon|262/284\n|-singleturn|p2a: Toucannon|move: Roost\n|move|p1a: Spiritomb|Foul Play|p2a: Toucannon\n|-damage|p2a: Toucannon|193/284\n|\n|-damage|p1a: Spiritomb|40/100 brn|[from] brn\n|upkeep\n|turn|9\n|inactive|Time left: 300 sec this turn | 300 sec total\n|\n|t:|1783571611\n|move|p2a: Toucannon|Roost|p2a: Toucannon\n|-heal|p2a: Toucannon|284/284\n|-singleturn|p2a: Toucannon|move: Roost\n|move|p1a: Spiritomb|Pain Split|p2a: Toucannon\n|-sethp|p2a: Toucannon|188/284|[from] move: Pain Split|[silent]\n|-sethp|p1a: Spiritomb|81/100 brn|[from] move: Pain Split\n|\n|-damage|p1a: Spiritomb|75/100 brn|[from] brn\n|upkeep\n|turn|10\n|inactive|Time left: 300 sec this turn | 300 sec total\n|\n|t:|1783571612\n|move|p2a: Toucannon|Knock Off|p1a: Spiritomb\n|-damage|p1a: Spiritomb|55/100 brn\n|move|p1a: Spiritomb|Foul Play|p2a: Toucannon\n|-damage|p2a: Toucannon|113/284\n|\n|-damage|p1a: Spiritomb|49/100 brn|[from] brn\n|upkeep\n|turn|11\n|inactive|Time left: 300 sec this turn | 300 sec total\n|\n|t:|1783571613\n|move|p2a: Toucannon|Roost|p2a: Toucannon\n|-heal|p2a: Toucannon|255/284\n|-singleturn|p2a: Toucannon|move: Roost\n|move|p1a: Spiritomb|Foul Play|p2a: Toucannon\n|-damage|p2a: Toucannon|183/284\n|\n|-damage|p1a: Spiritomb|43/100 brn|[from] brn\n|upkeep\n|turn|12\n|inactive|Time left: 300 sec this turn | 300 sec total\n|\n|t:|1783571614\n|-singleturn|p2a: Toucannon|move: Beak Blast\n|move|p1a: Spiritomb|Foul Play|p2a: Toucannon\n|-damage|p2a: Toucannon|119/284\n|move|p2a: Toucannon|Beak Blast|p1a: Spiritomb\n|-damage|p1a: Spiritomb|0 fnt\n|faint|p1a: Spiritomb\n|\n|upkeep\n|\n|t:|1783571615\n|switch|p1a: Noctowl|Noctowl, L95, M|100/100\n|turn|13\n|inactive|Time left: 300 sec this turn | 300 sec total\n|\n|t:|1783571617\n|move|p1a: Noctowl|Hurricane|p2a: Toucannon|[miss]\n|-miss|p1a: Noctowl|p2a: Toucannon\n|move|p2a: Toucannon|Roost|p2a: Toucannon\n|-heal|p2a: Toucannon|261/284\n|-singleturn|p2a: Toucannon|move: Roost\n|\n|upkeep\n|turn|14\n|inactive|Time left: 300 sec this turn | 300 sec total\n|\n|t:|1783571618\n|-singleturn|p2a: Toucannon|move: Beak Blast\n|move|p1a: Noctowl|Nasty Plot|p1a: Noctowl\n|-boost|p1a: Noctowl|spa|2\n|move|p2a: Toucannon|Beak Blast|p1a: Noctowl\n|-damage|p1a: Noctowl|48/100\n|\n|upkeep\n|turn|15\n|inactive|Time left: 300 sec this turn | 300 sec total\n|\n|t:|1783571619\n|-singleturn|p2a: Toucannon|move: Beak Blast\n|move|p1a: Noctowl|Hurricane|p2a: Toucannon\n|-damage|p2a: Toucannon|0 fnt\n|faint|p2a: Toucannon\n|\n|upkeep\n|inactive|Time left: 300 sec this turn | 300 sec total | 5 sec grace\n|\n|t:|1783571620\n|switch|p2a: Barraskewda|Barraskewda, L81, F|231/231\n|turn|16\n|inactive|Time left: 300 sec this turn | 300 sec total\n|\n|t:|1783571621\n|switch|p1a: Serperior|Serperior, L79, M|100/100\n|move|p2a: Barraskewda|Waterfall|p1a: Serperior\n|-resisted|p1a: Serperior\n|-damage|p1a: Serperior|71/100\n|\n|-heal|p1a: Serperior|77/100|[from] item: Leftovers\n|upkeep\n|turn|17\n|inactive|Time left: 300 sec this turn | 300 sec total\n|\n|t:|1783571622\n|move|p2a: Barraskewda|Waterfall|p1a: Serperior\n|-resisted|p1a: Serperior\n|-damage|p1a: Serperior|48/100\n|move|p1a: Serperior|Leaf Storm|p2a: Barraskewda\n|-supereffective|p2a: Barraskewda\n|-damage|p2a: Barraskewda|0 fnt\n|-boost|p1a: Serperior|spa|2\n|faint|p2a: Barraskewda\n|\n|-heal|p1a: Serperior|54/100|[from] item: Leftovers\n|upkeep\n|inactive|Time left: 300 sec this turn | 300 sec total | 5 sec grace\n|\n|t:|1783571623\n|switch|p2a: Mamoswine|Mamoswine, L81, M|311/311\n|turn|18\n|inactive|Time left: 300 sec this turn | 300 sec total\n|\n|t:|1783571625\n|-terastallize|p1a: Serperior|Rock\n|move|p2a: Mamoswine|Ice Shard|p1a: Serperior\n|-damage|p1a: Serperior|23/100\n|move|p1a: Serperior|Leaf Storm|p2a: Mamoswine\n|-supereffective|p2a: Mamoswine\n|-damage|p2a: Mamoswine|0 fnt\n|-boost|p1a: Serperior|spa|2\n|faint|p2a: Mamoswine\n|\n|-heal|p1a: Serperior|29/100|[from] item: Leftovers\n|upkeep\n|inactive|Time left: 300 sec this turn | 300 sec total | 5 sec grace\n|\n|t:|1783571625\n|switch|p2a: Ampharos|Ampharos, L88, M|302/302\n|turn|19\n|inactive|Time left: 300 sec this turn | 300 sec total\n|\n|t:|1783571626\n|move|p1a: Serperior|Leaf Storm|p2a: Ampharos\n|-damage|p2a: Ampharos|113/302\n|-boost|p1a: Serperior|spa|2\n|move|p2a: Ampharos|Thunderbolt|p1a: Serperior\n|-damage|p1a: Serperior|0 fnt\n|faint|p1a: Serperior\n|\n|upkeep\n|\n|t:|1783571627\n|switch|p1a: Ceruledge|Ceruledge, L78, M|100/100\n|turn|20\n|inactive|Time left: 300 sec this turn | 300 sec total\n|\n|t:|1783571628\n|switch|p2a: Sawsbuck|Sawsbuck, L88, F|284/284\n|move|p1a: Ceruledge|Poltergeist|p2a: Sawsbuck\n|-immune|p2a: Sawsbuck\n|\n|upkeep\n|turn|21\n|inactive|Time left: 300 sec this turn | 300 sec total\n|\n|t:|1783571629\n|-terastallize|p2a: Sawsbuck|Normal\n|move|p2a: Sawsbuck|Swords Dance|p2a: Sawsbuck\n|-boost|p2a: Sawsbuck|atk|2\n|move|p1a: Ceruledge|Bitter Blade|p2a: Sawsbuck\n|-damage|p2a: Sawsbuck|175/284\n|\n|upkeep\n|turn|22\n|inactive|Time left: 300 sec this turn | 300 sec total\n|\n|t:|1783571631\n|switch|p1a: Noctowl|Noctowl, L95, M|48/100\n|move|p2a: Sawsbuck|High Horsepower|p1a: Noctowl\n|-immune|p1a: Noctowl\n|\n|upkeep\n|turn|23\n|inactive|Time left: 300 sec this turn | 300 sec total\n|\n|t:|1783571632\n|move|p2a: Sawsbuck|Headbutt|p1a: Noctowl\n|-damage|p1a: Noctowl|0 fnt\n|faint|p1a: Noctowl\n|-damage|p2a: Sawsbuck|147/284|[from] item: Life Orb\n|\n|upkeep\n|\n|t:|1783571633\n|switch|p1a: Lucario|Lucario, L84, M|100/100\n|turn|24\n|inactive|Time left: 300 sec this turn | 300 sec total\n|\n|t:|1783571634\n|move|p1a: Lucario|Vacuum Wave|p2a: Sawsbuck\n|-supereffective|p2a: Sawsbuck\n|-damage|p2a: Sawsbuck|0 fnt\n|faint|p2a: Sawsbuck\n|-damage|p1a: Lucario|91/100|[from] item: Life Orb\n|\n|upkeep\n|inactive|Time left: 300 sec this turn | 300 sec total | 5 sec grace\n|\n|t:|1783571635\n|switch|p2a: Ampharos|Ampharos, L88, M|113/302\n|turn|25\n|inactive|Time left: 300 sec this turn | 300 sec total\n|\n|t:|1783571636\n|move|p1a: Lucario|Focus Blast|p2a: Ampharos\n|-damage|p2a: Ampharos|3/302\n|-unboost|p2a: Ampharos|spd|1\n|-damage|p1a: Lucario|81/100|[from] item: Life Orb\n|move|p2a: Ampharos|Thunderbolt|p1a: Lucario\n|-damage|p1a: Lucario|26/100\n|\n|upkeep\n|turn|26\n|inactive|Time left: 300 sec this turn | 300 sec total\n|\n|t:|1783571636\n|move|p1a: Lucario|Flash Cannon|p2a: Ampharos\n|-resisted|p2a: Ampharos\n|-damage|p2a: Ampharos|0 fnt\n|faint|p2a: Ampharos\n|-damage|p1a: Lucario|17/100|[from] item: Life Orb\n|\n|upkeep\n|inactive|Time left: 300 sec this turn | 300 sec total | 5 sec grace\n|\n|t:|1783571637\n|switch|p2a: Serperior|Serperior, L79, F|248/248\n|turn|27\n|inactive|Time left: 300 sec this turn | 300 sec total\n|\n|t:|1783571638\n|switch|p1a: Scovillain|Scovillain, L91, M|100/100\n|move|p2a: Serperior|Glare|p1a: Scovillain\n|-status|p1a: Scovillain|par\n|\n|upkeep\n|turn|28\n|inactive|Time left: 300 sec this turn | 300 sec total\n|\n|t:|1783571639\n|move|p2a: Serperior|Leaf Storm|p1a: Scovillain\n|-resisted|p1a: Scovillain\n|-damage|p1a: Scovillain|86/100 par\n|-boost|p2a: Serperior|spa|2\n|-damage|p2a: Serperior|224/248|[from] item: Life Orb\n|cant|p1a: Scovillain|par\n|\n|-heal|p1a: Scovillain|92/100 par|[from] item: Leftovers\n|upkeep\n|turn|29\n|inactive|Time left: 300 sec this turn | 300 sec total\n|\n|t:|1783571640\n|move|p2a: Serperior|Synthesis|p2a: Serperior\n|-heal|p2a: Serperior|248/248\n|move|p1a: Scovillain|Flamethrower|p2a: Serperior\n|-supereffective|p2a: Serperior\n|-damage|p2a: Serperior|6/248\n|-status|p2a: Serperior|brn\n|\n|-heal|p1a: Scovillain|98/100 par|[from] item: Leftovers\n|-damage|p2a: Serperior|0 fnt|[from] brn\n|faint|p2a: Serperior\n|\n|win|p0x2827a8e4", "uploadtime": 1783571640, "views": 0, "rating": 0, "private": 0, "password": null, "_winner": "p0x2827a8e4", "_our_name": "p0y28272c3e"}