{"id": "battle-gen9randombattle-277", "formatid": "gen9randombattle", "format": "[Gen 9] Random Battle", "players": ["p0x277e561", "p0y27797bd"], "log": "|init|battle\n|title|p0x277e561 vs. p0y27797bd\n|j|\u2606p0x277e561\n|j|\u2606p0y27797bd\n|t:|1783542809\n|gametype|singles\n|player|p1|p0x277e561|102|\n|player|p2|p0y27797bd|170|\n|gen|9\n|tier|[Gen 9] Random Battle\n|rule|Species Clause: Limit one of each Pok\u00e9mon\n|rule|HP Percentage Mod: HP is shown in percentages\n|rule|Sleep Clause Mod: Limit one foe put to sleep\n|rule|Illusion Level Mod: Illusion disguises the Pok\u00e9mon's true level\n|\n|t:|1783542809\n|teamsize|p1|6\n|teamsize|p2|6\n|start\n|switch|p1a: Swanna|Swanna, L89, M|278/278\n|switch|p2a: Calyrex|Calyrex, L93|100/100\n|-ability|p2a: Calyrex|Unnerve\n|turn|1\n|inactive|Battle timer is ON: inactive players will automatically lose when time's up. (requested by p0y27797bd)\n|inactive|Time left: 300 sec this turn | 300 sec total | 60 sec grace\n|inactive|p0x277e561 also wants the timer to be on.\n|\n|t:|1783542810\n|switch|p1a: Lunala|Lunala, L70|308/308\n|move|p2a: Calyrex|Giga Drain|p1a: Lunala\n|-damage|p1a: Lunala|269/308\n|\n|-heal|p1a: Lunala|288/308|[from] item: Leftovers\n|upkeep\n|turn|2\n|inactive|Time left: 300 sec this turn | 300 sec total\n|\n|t:|1783542812\n|move|p2a: Calyrex|Calm Mind|p2a: Calyrex\n|-boost|p2a: Calyrex|spa|1\n|-boost|p2a: Calyrex|spd|1\n|move|p1a: Lunala|Calm Mind|p1a: Lunala\n|-boost|p1a: Lunala|spa|1\n|-boost|p1a: Lunala|spd|1\n|\n|-heal|p1a: Lunala|307/308|[from] item: Leftovers\n|upkeep\n|turn|3\n|inactive|Time left: 300 sec this turn | 300 sec total\n|\n|t:|1783542812\n|move|p2a: Calyrex|Encore|p1a: Lunala\n|-start|p1a: Lunala|Encore\n|move|p1a: Lunala|Calm Mind|p1a: Lunala\n|-boost|p1a: Lunala|spa|1\n|-boost|p1a: Lunala|spd|1\n|\n|-heal|p1a: Lunala|308/308|[from] item: Leftovers\n|upkeep\n|turn|4\n|inactive|Time left: 300 sec this turn | 300 sec total\n|\n|t:|1783542813\n|switch|p2a: Roaring Moon|Roaring Moon, L72|100/100\n|move|p1a: Lunala|Calm Mind|p1a: Lunala\n|-boost|p1a: Lunala|spa|1\n|-boost|p1a: Lunala|spd|1\n|\n|upkeep\n|turn|5\n|inactive|Time left: 300 sec this turn | 300 sec total\n|\n|t:|1783542815\n|move|p2a: Roaring Moon|Iron Head|p1a: Lunala\n|-damage|p1a: Lunala|259/308\n|cant|p1a: Lunala|flinch\n|\n|-heal|p1a: Lunala|278/308|[from] item: Leftovers\n|-end|p1a: Lunala|Encore\n|upkeep\n|turn|6\n|inactive|Time left: 300 sec this turn | 300 sec total\n|\n|t:|1783542816\n|move|p2a: Roaring Moon|Iron Head|p1a: Lunala\n|-damage|p1a: Lunala|172/308\n|cant|p1a: Lunala|flinch\n|\n|-heal|p1a: Lunala|191/308|[from] item: Leftovers\n|upkeep\n|turn|7\n|inactive|Time left: 300 sec this turn | 300 sec total\n|\n|t:|1783542817\n|move|p2a: Roaring Moon|Iron Head|p1a: Lunala\n|-crit|p1a: Lunala\n|-damage|p1a: Lunala|36/308\n|cant|p1a: Lunala|flinch\n|\n|-heal|p1a: Lunala|55/308|[from] item: Leftovers\n|upkeep\n|turn|8\n|inactive|Time left: 300 sec this turn | 300 sec total\n|\n|t:|1783542818\n|switch|p1a: Hariyama|Hariyama, L87, M|392/392\n|move|p2a: Roaring Moon|Iron Head|p1a: Hariyama\n|-damage|p1a: Hariyama|287/392\n|\n|upkeep\n|turn|9\n|inactive|Time left: 300 sec this turn | 300 sec total\n|\n|t:|1783542819\n|move|p2a: Roaring Moon|Iron Head|p1a: Hariyama\n|-damage|p1a: Hariyama|178/392\n|move|p1a: Hariyama|Knock Off|p2a: Roaring Moon\n|-resisted|p2a: Roaring Moon\n|-damage|p2a: Roaring Moon|79/100\n|-enditem|p2a: Roaring Moon|Choice Band|[from] move: Knock Off|[of] p1a: Hariyama\n|\n|upkeep\n|turn|10\n|inactive|Time left: 300 sec this turn | 300 sec total\n|\n|t:|1783542820\n|move|p2a: Roaring Moon|Outrage|p1a: Hariyama\n|-damage|p1a: Hariyama|6/392\n|move|p1a: Hariyama|Close Combat|p2a: Roaring Moon\n|-supereffective|p2a: Roaring Moon\n|-damage|p2a: Roaring Moon|0 fnt\n|-unboost|p1a: Hariyama|def|1\n|-unboost|p1a: Hariyama|spd|1\n|faint|p2a: Roaring Moon\n|-end|p2a: Roaring Moon|Protosynthesis|[silent]\n|\n|upkeep\n|\n|t:|1783542821\n|switch|p2a: Passimian|Passimian, L83, M|100/100\n|turn|11\n|inactive|Time left: 300 sec this turn | 300 sec total\n|\n|t:|1783542822\n|switch|p1a: Koraidon|Koraidon, L64|235/235\n|-weather|SunnyDay|[from] ability: Orichalcum Pulse|[of] p1a: Koraidon\n|-activate|p1a: Koraidon|Orichalcum Pulse|[source]\n|move|p2a: Passimian|Knock Off|p1a: Koraidon\n|-resisted|p1a: Koraidon\n|-damage|p1a: Koraidon|196/235\n|-enditem|p1a: Koraidon|Loaded Dice|[from] move: Knock Off|[of] p2a: Passimian\n|\n|-weather|SunnyDay|[upkeep]\n|upkeep\n|turn|12\n|inactive|Time left: 300 sec this turn | 300 sec total\n|\n|t:|1783542823\n|move|p1a: Koraidon|Swords Dance|p1a: Koraidon\n|-boost|p1a: Koraidon|atk|2\n|move|p2a: Passimian|Bulk Up|p2a: Passimian\n|-boost|p2a: Passimian|atk|1\n|-boost|p2a: Passimian|def|1\n|\n|-weather|SunnyDay|[upkeep]\n|upkeep\n|turn|13\n|inactive|Time left: 300 sec this turn | 300 sec total\n|\n|t:|1783542824\n|move|p1a: Koraidon|Collision Course|p2a: Passimian\n|-damage|p2a: Passimian|49/100\n|move|p2a: Passimian|Drain Punch|p1a: Koraidon\n|-damage|p1a: Koraidon|40/235\n|-heal|p2a: Passimian|74/100|[from] drain|[of] p1a: Koraidon\n|\n|-weather|SunnyDay|[upkeep]\n|-heal|p2a: Passimian|80/100|[from] item: Leftovers\n|upkeep\n|turn|14\n|inactive|Time left: 300 sec this turn | 300 sec total\n|\n|t:|1783542826\n|-terastallize|p1a: Koraidon|Fire\n|move|p1a: Koraidon|Flare Blitz|p2a: Passimian\n|-damage|p2a: Passimian|0 fnt\n|faint|p2a: Passimian\n|-damage|p1a: Koraidon|0 fnt|[from] Recoil\n|faint|p1a: Koraidon\n|\n|-weather|SunnyDay|[upkeep]\n|upkeep\n|inactive|Time left: 300 sec this turn | 300 sec total | 5 sec grace\n|\n|t:|1783542827\n|switch|p1a: Lunala|Lunala, L70|55/308\n|switch|p2a: Necrozma|Necrozma-Dawn-Wings, L76|100/100\n|turn|15\n|inactive|Time left: 300 sec this turn | 300 sec total\n|\n|t:|1783542827\n|-terastallize|p2a: Necrozma|Fighting\n|move|p1a: Lunala|Moongeist Beam|p2a: Necrozma\n|-damage|p2a: Necrozma|73/100\n|move|p2a: Necrozma|Dragon Dance|p2a: Necrozma\n|-boost|p2a: Necrozma|atk|1\n|-boost|p2a: Necrozma|spe|1\n|\n|-weather|none\n|-heal|p1a: Lunala|74/308|[from] item: Leftovers\n|upkeep\n|turn|16\n|inactive|Time left: 300 sec this turn | 300 sec total\n|\n|t:|1783542828\n|switch|p1a: Hariyama|Hariyama, L87, M|6/392\n|move|p2a: Necrozma|Photon Geyser|p1a: Hariyama\n|-supereffective|p1a: Hariyama\n|-damage|p1a: Hariyama|0 fnt\n|faint|p1a: Hariyama\n|-damage|p2a: Necrozma|63/100|[from] item: Life Orb\n|\n|upkeep\n|inactive|Time left: 300 sec this turn | 300 sec total | 5 sec grace\n|\n|t:|1783542829\n|switch|p1a: Deoxys|Deoxys-Attack, L72|191/191\n|-ability|p1a: Deoxys|Pressure\n|turn|17\n|inactive|Time left: 300 sec this turn | 300 sec total\n|\n|t:|1783542830\n|switch|p2a: Calyrex|Calyrex, L93|100/100\n|-ability|p2a: Calyrex|Unnerve\n|move|p1a: Deoxys|Psycho Boost|p2a: Calyrex\n|-resisted|p2a: Calyrex\n|-damage|p2a: Calyrex|69/100\n|-unboost|p1a: Deoxys|spa|2\n|-damage|p1a: Deoxys|172/191|[from] item: Life Orb\n|\n|-heal|p2a: Calyrex|76/100|[from] item: Leftovers\n|upkeep\n|turn|18\n|inactive|Time left: 300 sec this turn | 300 sec total\n|\n|t:|1783542832\n|move|p1a: Deoxys|Knock Off|p2a: Calyrex\n|-supereffective|p2a: Calyrex\n|-damage|p2a: Calyrex|15/100\n|-enditem|p2a: Calyrex|Leftovers|[from] move: Knock Off|[of] p1a: Deoxys\n|-damage|p1a: Deoxys|153/191|[from] item: Life Orb\n|move|p2a: Calyrex|Giga Drain|p1a: Deoxys\n|-damage|p1a: Deoxys|0 fnt\n|-heal|p2a: Calyrex|38/100|[from] drain|[of] p1a: Deoxys\n|faint|p1a: Deoxys\n|\n|upkeep\n|inactive|Time left: 300 sec this turn | 300 sec total | 5 sec grace\n|\n|t:|1783542833\n|switch|p1a: Swanna|Swanna, L89, M|278/278\n|turn|19\n|inactive|Time left: 300 sec this turn | 300 sec total\n|\n|t:|1783542834\n|switch|p2a: Orthworm|Orthworm, L88, F|100/100\n|move|p1a: Swanna|Brave Bird|p2a: Orthworm\n|-resisted|p2a: Orthworm\n|-damage|p2a: Orthworm|84/100\n|-damage|p1a: Swanna|263/278|[from] Recoil\n|\n|-heal|p2a: Orthworm|90/100|[from] item: Leftovers\n|upkeep\n|turn|20\n|inactive|Time left: 300 sec this turn | 300 sec total\n|\n|t:|1783542835\n|move|p1a: Swanna|Hydro Pump|p2a: Orthworm|[miss]\n|-miss|p1a: Swanna|p2a: Orthworm\n|move|p2a: Orthworm|Heavy Slam|p1a: Swanna\n|-resisted|p1a: Swanna\n|-crit|p1a: Swanna\n|-damage|p1a: Swanna|140/278\n|\n|-heal|p2a: Orthworm|96/100|[from] item: Leftovers\n|upkeep\n|turn|21\n|inactive|Time left: 300 sec this turn | 300 sec total\n|\n|t:|1783542836\n|move|p1a: Swanna|Roost|p1a: Swanna\n|-heal|p1a: Swanna|278/278\n|-singleturn|p1a: Swanna|move: Roost\n|move|p2a: Orthworm|Heavy Slam|p1a: Swanna\n|-resisted|p1a: Swanna\n|-damage|p1a: Swanna|201/278\n|\n|-heal|p2a: Orthworm|100/100|[from] item: Leftovers\n|upkeep\n|turn|22\n|inactive|Time left: 300 sec this turn | 300 sec total\n|\n|t:|1783542837\n|move|p1a: Swanna|Hydro Pump|p2a: Orthworm\n|-damage|p2a: Orthworm|44/100\n|move|p2a: Orthworm|Heavy Slam|p1a: Swanna\n|-resisted|p1a: Swanna\n|-damage|p1a: Swanna|124/278\n|\n|-heal|p2a: Orthworm|50/100|[from] item: Leftovers\n|upkeep\n|turn|23\n|inactive|Time left: 300 sec this turn | 300 sec total\n|\n|t:|1783542838\n|move|p1a: Swanna|Hydro Pump|p2a: Orthworm\n|-damage|p2a: Orthworm|0 fnt\n|faint|p2a: Orthworm\n|\n|upkeep\n|\n|t:|1783542839\n|switch|p2a: Annihilape|Annihilape, L76, F|100/100\n|turn|24\n|inactive|Time left: 300 sec this turn | 300 sec total\n|\n|t:|1783542841\n|switch|p2a: Calyrex|Calyrex, L93|38/100\n|-ability|p2a: Calyrex|Unnerve\n|move|p1a: Swanna|Brave Bird|p2a: Calyrex\n|-supereffective|p2a: Calyrex\n|-damage|p2a: Calyrex|0 fnt\n|faint|p2a: Calyrex\n|-damage|p1a: Swanna|83/278|[from] Recoil\n|\n|upkeep\n|\n|t:|1783542841\n|switch|p2a: Annihilape|Annihilape, L76, F|100/100\n|turn|25\n|inactive|Time left: 300 sec this turn | 300 sec total\n|\n|t:|1783542843\n|move|p1a: Swanna|Brave Bird|p2a: Annihilape\n|-supereffective|p2a: Annihilape\n|-damage|p2a: Annihilape|0 fnt\n|faint|p2a: Annihilape\n|-damage|p1a: Swanna|0 fnt|[from] Recoil\n|faint|p1a: Swanna\n|\n|upkeep\n|inactive|Time left: 300 sec this turn | 300 sec total | 5 sec grace\n|\n|t:|1783542843\n|switch|p1a: Phione|Phione, L91|293/293\n|switch|p2a: Necrozma|Necrozma-Dawn-Wings, L76, tera:Fighting|63/100\n|turn|26\n|inactive|Time left: 300 sec this turn | 300 sec total\n|\n|t:|1783542844\n|move|p1a: Phione|Grass Knot|p2a: Necrozma\n|-damage|p2a: Necrozma|38/100\n|move|p2a: Necrozma|Photon Geyser|p1a: Phione\n|-damage|p1a: Phione|132/293\n|-damage|p2a: Necrozma|28/100|[from] item: Life Orb\n|\n|-heal|p1a: Phione|150/293|[from] item: Leftovers\n|upkeep\n|turn|27\n|inactive|Time left: 300 sec this turn | 300 sec total\n|\n|t:|1783542845\n|move|p1a: Phione|Grass Knot|p2a: Necrozma\n|-damage|p2a: Necrozma|4/100\n|move|p2a: Necrozma|Dragon Dance|p2a: Necrozma\n|-boost|p2a: Necrozma|atk|1\n|-boost|p2a: Necrozma|spe|1\n|\n|-heal|p1a: Phione|168/293|[from] item: Leftovers\n|upkeep\n|turn|28\n|inactive|Time left: 300 sec this turn | 300 sec total\n|\n|t:|1783542846\n|switch|p1a: Lunala|Lunala, L70|74/308\n|move|p2a: Necrozma|Photon Geyser|p1a: Lunala\n|-resisted|p1a: Lunala\n|-damage|p1a: Lunala|0 fnt\n|faint|p1a: Lunala\n|-damage|p2a: Necrozma|0 fnt|[from] item: Life Orb\n|faint|p2a: Necrozma\n|\n|win|p0x277e561", "uploadtime": 1783542846, "views": 0, "rating": 0, "private": 0, "password": null, "_winner": "p0x277e561", "_our_name": "p0x277e561"}