{"id": "battle-gen9randombattle-2731", "formatid": "gen9randombattle", "format": "[Gen 9] Random Battle", "players": ["p0x27313155", "p0y27310d1f"], "log": "|init|battle\n|title|p0x27313155 vs. p0y27310d1f\n|j|\u2606p0x27313155\n|j|\u2606p0y27310d1f\n|t:|1783571476\n|gametype|singles\n|player|p1|p0x27313155|102|\n|player|p2|p0y27310d1f|266|\n|gen|9\n|tier|[Gen 9] Random Battle\n|rule|Species Clause: Limit one of each Pok\u00e9mon\n|rule|HP Percentage Mod: HP is shown in percentages\n|rule|Sleep Clause Mod: Limit one foe put to sleep\n|rule|Illusion Level Mod: Illusion disguises the Pok\u00e9mon's true level\n|\n|t:|1783571476\n|teamsize|p1|6\n|teamsize|p2|6\n|start\n|switch|p1a: Toxapex|Toxapex, L82, M|216/216\n|switch|p2a: Rhydon|Rhydon, L85, F|100/100\n|turn|1\n|inactive|Battle timer is ON: inactive players will automatically lose when time's up. (requested by p0x27313155)\n|inactive|p0y27310d1f also wants the timer to be on.\n|\n|t:|1783571478\n|move|p2a: Rhydon|Earthquake|p1a: Toxapex\n|-supereffective|p1a: Toxapex\n|-damage|p1a: Toxapex|18/216\n|move|p1a: Toxapex|Toxic Spikes|p2a: Rhydon\n|-sidestart|p2: p0y27310d1f|move: Toxic Spikes\n|\n|-heal|p1a: Toxapex|31/216|[from] item: Leftovers\n|upkeep\n|turn|2\n|inactive|Time left: 300 sec this turn | 300 sec total\n|\n|t:|1783571479\n|switch|p1a: Dondozo|Dondozo, L78, F|362/362\n|move|p2a: Rhydon|Stone Edge|p1a: Dondozo\n|-damage|p1a: Dondozo|245/362\n|\n|-heal|p1a: Dondozo|267/362|[from] item: Leftovers\n|upkeep\n|turn|3\n|inactive|Time left: 300 sec this turn | 300 sec total\n|\n|t:|1783571481\n|move|p2a: Rhydon|Swords Dance|p2a: Rhydon\n|-boost|p2a: Rhydon|atk|2\n|move|p1a: Dondozo|Wave Crash|p2a: Rhydon\n|-supereffective|p2a: Rhydon\n|-damage|p2a: Rhydon|21/100\n|-damage|p1a: Dondozo|184/362|[from] Recoil\n|\n|-heal|p1a: Dondozo|206/362|[from] item: Leftovers\n|upkeep\n|turn|4\n|inactive|Time left: 300 sec this turn | 300 sec total\n|\n|t:|1783571482\n|-terastallize|p2a: Rhydon|Grass\n|move|p2a: Rhydon|Earthquake|p1a: Dondozo\n|-damage|p1a: Dondozo|85/362\n|move|p1a: Dondozo|Wave Crash|p2a: Rhydon\n|-resisted|p2a: Rhydon\n|-damage|p2a: Rhydon|11/100\n|-damage|p1a: Dondozo|75/362|[from] Recoil\n|\n|-heal|p1a: Dondozo|97/362|[from] item: Leftovers\n|upkeep\n|turn|5\n|inactive|Time left: 300 sec this turn | 300 sec total\n|\n|t:|1783571483\n|switch|p1a: Slaking|Slaking, L84, F|389/389\n|move|p2a: Rhydon|Stone Edge|p1a: Slaking\n|-damage|p1a: Slaking|149/389\n|\n|upkeep\n|turn|6\n|inactive|Time left: 300 sec this turn | 300 sec total\n|\n|t:|1783571484\n|move|p1a: Slaking|Giga Impact|p2a: Rhydon\n|-damage|p2a: Rhydon|0 fnt\n|-mustrecharge|p1a: Slaking\n|faint|p2a: Rhydon\n|\n|upkeep\n|\n|t:|1783571485\n|switch|p2a: Basculin|Basculin, L86, M|100/100\n|-status|p2a: Basculin|psn\n|turn|7\n|inactive|Time left: 300 sec this turn | 300 sec total\n|\n|t:|1783571486\n|cant|p1a: Slaking|recharge\n|move|p2a: Basculin|Wave Crash|p1a: Slaking\n|-damage|p1a: Slaking|0 fnt\n|faint|p1a: Slaking\n|-damage|p2a: Basculin|82/100 psn|[from] Recoil\n|\n|-damage|p2a: Basculin|69/100 psn|[from] psn\n|upkeep\n|inactive|Time left: 300 sec this turn | 300 sec total | 5 sec grace\n|\n|t:|1783571487\n|switch|p1a: Eternatus|Eternatus, L69|308/308\n|-ability|p1a: Eternatus|Pressure\n|turn|8\n|inactive|Time left: 300 sec this turn | 300 sec total\n|\n|t:|1783571488\n|move|p1a: Eternatus|Dynamax Cannon|p2a: Basculin\n|-crit|p2a: Basculin\n|-damage|p2a: Basculin|0 fnt\n|faint|p2a: Basculin\n|\n|upkeep\n|\n|t:|1783571489\n|switch|p2a: Lapras|Lapras, L87, F|100/100\n|turn|9\n|inactive|Time left: 300 sec this turn | 300 sec total\n|\n|t:|1783571490\n|move|p1a: Eternatus|Sludge Bomb|p2a: Lapras\n|-damage|p2a: Lapras|77/100\n|move|p2a: Lapras|Freeze-Dry|p1a: Eternatus\n|-supereffective|p1a: Eternatus\n|-damage|p1a: Eternatus|138/308\n|\n|upkeep\n|turn|10\n|inactive|Time left: 300 sec this turn | 300 sec total\n|\n|t:|1783571491\n|move|p1a: Eternatus|Recover|p1a: Eternatus\n|-heal|p1a: Eternatus|292/308\n|move|p2a: Lapras|Freeze-Dry|p1a: Eternatus\n|-supereffective|p1a: Eternatus\n|-damage|p1a: Eternatus|140/308\n|\n|upkeep\n|turn|11\n|inactive|Time left: 300 sec this turn | 300 sec total\n|\n|t:|1783571492\n|move|p1a: Eternatus|Recover|p1a: Eternatus\n|-heal|p1a: Eternatus|294/308\n|move|p2a: Lapras|Freeze-Dry|p1a: Eternatus\n|-supereffective|p1a: Eternatus\n|-damage|p1a: Eternatus|142/308\n|\n|upkeep\n|turn|12\n|inactive|Time left: 300 sec this turn | 300 sec total\n|\n|t:|1783571494\n|move|p1a: Eternatus|Recover|p1a: Eternatus\n|-heal|p1a: Eternatus|296/308\n|move|p2a: Lapras|Freeze-Dry|p1a: Eternatus\n|-supereffective|p1a: Eternatus\n|-damage|p1a: Eternatus|132/308\n|\n|upkeep\n|turn|13\n|inactive|Time left: 300 sec this turn | 300 sec total\n|\n|t:|1783571495\n|move|p1a: Eternatus|Recover|p1a: Eternatus\n|-heal|p1a: Eternatus|286/308\n|move|p2a: Lapras|Freeze-Dry|p1a: Eternatus\n|-supereffective|p1a: Eternatus\n|-damage|p1a: Eternatus|122/308\n|\n|upkeep\n|turn|14\n|inactive|Time left: 300 sec this turn | 300 sec total\n|\n|t:|1783571496\n|move|p1a: Eternatus|Recover|p1a: Eternatus\n|-heal|p1a: Eternatus|276/308\n|move|p2a: Lapras|Freeze-Dry|p1a: Eternatus\n|-supereffective|p1a: Eternatus\n|-damage|p1a: Eternatus|106/308\n|\n|upkeep\n|turn|15\n|inactive|Time left: 300 sec this turn | 300 sec total\n|\n|t:|1783571497\n|move|p1a: Eternatus|Recover|p1a: Eternatus\n|-heal|p1a: Eternatus|260/308\n|move|p2a: Lapras|Freeze-Dry|p1a: Eternatus\n|-supereffective|p1a: Eternatus\n|-damage|p1a: Eternatus|96/308\n|\n|upkeep\n|turn|16\n|inactive|Time left: 300 sec this turn | 300 sec total\n|\n|t:|1783571498\n|move|p1a: Eternatus|Recover|p1a: Eternatus\n|-heal|p1a: Eternatus|250/308\n|move|p2a: Lapras|Freeze-Dry|p1a: Eternatus\n|-supereffective|p1a: Eternatus\n|-damage|p1a: Eternatus|88/308\n|\n|upkeep\n|turn|17\n|inactive|Time left: 300 sec this turn | 300 sec total\n|\n|t:|1783571499\n|move|p1a: Eternatus|Recover|p1a: Eternatus\n|-heal|p1a: Eternatus|242/308\n|move|p2a: Lapras|Freeze-Dry|p1a: Eternatus\n|-supereffective|p1a: Eternatus\n|-damage|p1a: Eternatus|86/308\n|\n|upkeep\n|turn|18\n|inactive|Time left: 300 sec this turn | 300 sec total\n|\n|t:|1783571500\n|move|p1a: Eternatus|Sludge Bomb|p2a: Lapras\n|-damage|p2a: Lapras|55/100\n|move|p2a: Lapras|Freeze-Dry|p1a: Eternatus\n|-supereffective|p1a: Eternatus\n|-damage|p1a: Eternatus|0 fnt\n|faint|p1a: Eternatus\n|\n|upkeep\n|inactive|Time left: 300 sec this turn | 300 sec total | 5 sec grace\n|\n|t:|1783571501\n|switch|p1a: Toxapex|Toxapex, L82, M|103/216\n|turn|19\n|inactive|Time left: 300 sec this turn | 300 sec total\n|\n|t:|1783571501\n|switch|p1a: Scizor|Scizor, L79, M|240/240\n|move|p2a: Lapras|Freeze-Dry|p1a: Scizor\n|-resisted|p1a: Scizor\n|-damage|p1a: Scizor|197/240\n|\n|-heal|p1a: Scizor|212/240|[from] item: Leftovers\n|upkeep\n|turn|20\n|inactive|Time left: 300 sec this turn | 300 sec total\n|\n|t:|1783571502\n|move|p2a: Lapras|Sparkling Aria|p1a: Scizor\n|-damage|p1a: Scizor|116/240\n|move|p1a: Scizor|Close Combat|p2a: Lapras\n|-supereffective|p2a: Lapras\n|-damage|p2a: Lapras|3/100\n|-unboost|p1a: Scizor|def|1\n|-unboost|p1a: Scizor|spd|1\n|\n|-heal|p1a: Scizor|131/240|[from] item: Leftovers\n|upkeep\n|turn|21\n|inactive|Time left: 300 sec this turn | 300 sec total\n|\n|t:|1783571503\n|move|p1a: Scizor|Bullet Punch|p2a: Lapras\n|-crit|p2a: Lapras\n|-damage|p2a: Lapras|0 fnt\n|faint|p2a: Lapras\n|\n|-heal|p1a: Scizor|146/240|[from] item: Leftovers\n|upkeep\n|\n|t:|1783571504\n|switch|p2a: Lucario|Lucario, L84, M|100/100\n|turn|22\n|inactive|Time left: 300 sec this turn | 300 sec total\n|\n|t:|1783571505\n|switch|p1a: Chandelure|Chandelure, L83, F|235/235\n|move|p2a: Lucario|Stone Edge|p1a: Chandelure\n|-supereffective|p1a: Chandelure\n|-crit|p1a: Chandelure\n|-damage|p1a: Chandelure|0 fnt\n|faint|p1a: Chandelure\n|\n|upkeep\n|inactive|Time left: 300 sec this turn | 300 sec total | 5 sec grace\n|\n|t:|1783571506\n|switch|p1a: Toxapex|Toxapex, L82, M|175/216\n|turn|23\n|inactive|Time left: 300 sec this turn | 300 sec total\n|\n|t:|1783571506\n|move|p2a: Lucario|Stone Edge|p1a: Toxapex\n|-damage|p1a: Toxapex|93/216\n|move|p1a: Toxapex|Liquidation|p2a: Lucario\n|-damage|p2a: Lucario|70/100\n|\n|-heal|p1a: Toxapex|106/216|[from] item: Leftovers\n|upkeep\n|turn|24\n|inactive|Time left: 300 sec this turn | 300 sec total\n|\n|t:|1783571507\n|move|p2a: Lucario|Stone Edge|p1a: Toxapex\n|-damage|p1a: Toxapex|26/216\n|move|p1a: Toxapex|Recover|p1a: Toxapex\n|-heal|p1a: Toxapex|134/216\n|\n|-heal|p1a: Toxapex|147/216|[from] item: Leftovers\n|upkeep\n|turn|25\n|inactive|Time left: 300 sec this turn | 300 sec total\n|\n|t:|1783571508\n|move|p2a: Lucario|Stone Edge|p1a: Toxapex|[miss]\n|-miss|p2a: Lucario|p1a: Toxapex\n|move|p1a: Toxapex|Recover|p1a: Toxapex\n|-heal|p1a: Toxapex|216/216\n|\n|upkeep\n|turn|26\n|inactive|Time left: 300 sec this turn | 300 sec total\n|\n|t:|1783571509\n|move|p2a: Lucario|Stone Edge|p1a: Toxapex\n|-damage|p1a: Toxapex|138/216\n|move|p1a: Toxapex|Liquidation|p2a: Lucario\n|-damage|p2a: Lucario|39/100\n|\n|-heal|p1a: Toxapex|151/216|[from] item: Leftovers\n|upkeep\n|turn|27\n|inactive|Time left: 300 sec this turn | 300 sec total\n|\n|t:|1783571510\n|move|p2a: Lucario|Stone Edge|p1a: Toxapex\n|-damage|p1a: Toxapex|73/216\n|move|p1a: Toxapex|Liquidation|p2a: Lucario\n|-damage|p2a: Lucario|10/100\n|\n|-heal|p1a: Toxapex|86/216|[from] item: Leftovers\n|upkeep\n|turn|28\n|inactive|Time left: 300 sec this turn | 300 sec total\n|\n|t:|1783571511\n|move|p2a: Lucario|Stone Edge|p1a: Toxapex\n|-damage|p1a: Toxapex|4/216\n|move|p1a: Toxapex|Recover|p1a: Toxapex\n|-heal|p1a: Toxapex|112/216\n|\n|-heal|p1a: Toxapex|125/216|[from] item: Leftovers\n|upkeep\n|turn|29\n|inactive|Time left: 300 sec this turn | 300 sec total\n|\n|t:|1783571511\n|move|p2a: Lucario|Stone Edge|p1a: Toxapex\n|-damage|p1a: Toxapex|46/216\n|move|p1a: Toxapex|Recover|p1a: Toxapex\n|-heal|p1a: Toxapex|154/216\n|\n|-heal|p1a: Toxapex|167/216|[from] item: Leftovers\n|upkeep\n|turn|30\n|inactive|Time left: 300 sec this turn | 300 sec total\n|\n|t:|1783571512\n|switch|p2a: Florges|Florges, L85, F|100/100\n|-status|p2a: Florges|psn\n|move|p1a: Toxapex|Liquidation|p2a: Florges\n|-damage|p2a: Florges|75/100 psn\n|\n|-heal|p2a: Florges|81/100 psn|[from] item: Leftovers\n|-heal|p1a: Toxapex|180/216|[from] item: Leftovers\n|-damage|p2a: Florges|69/100 psn|[from] psn\n|upkeep\n|turn|31\n|inactive|Time left: 300 sec this turn | 300 sec total\n|\n|t:|1783571513\n|move|p2a: Florges|Synthesis|p2a: Florges\n|-heal|p2a: Florges|100/100 psn\n|move|p1a: Toxapex|Liquidation|p2a: Florges\n|-damage|p2a: Florges|71/100 psn\n|-unboost|p2a: Florges|def|1\n|\n|-heal|p2a: Florges|77/100 psn|[from] item: Leftovers\n|-heal|p1a: Toxapex|193/216|[from] item: Leftovers\n|-damage|p2a: Florges|64/100 psn|[from] psn\n|upkeep\n|turn|32\n|inactive|Time left: 300 sec this turn | 300 sec total\n|\n|t:|1783571514\n|move|p2a: Florges|Synthesis|p2a: Florges\n|-heal|p2a: Florges|100/100 psn\n|move|p1a: Toxapex|Liquidation|p2a: Florges\n|-damage|p2a: Florges|60/100 psn\n|\n|-heal|p2a: Florges|66/100 psn|[from] item: Leftovers\n|-heal|p1a: Toxapex|206/216|[from] item: Leftovers\n|-damage|p2a: Florges|54/100 psn|[from] psn\n|upkeep\n|turn|33\n|inactive|Time left: 300 sec this turn | 300 sec total\n|\n|t:|1783571515\n|move|p2a: Florges|Synthesis|p2a: Florges\n|-heal|p2a: Florges|100/100 psn\n|move|p1a: Toxapex|Liquidation|p2a: Florges\n|-damage|p2a: Florges|61/100 psn\n|-unboost|p2a: Florges|def|1\n|\n|-heal|p2a: Florges|67/100 psn|[from] item: Leftovers\n|-heal|p1a: Toxapex|216/216|[from] item: Leftovers\n|-damage|p2a: Florges|54/100 psn|[from] psn\n|upkeep\n|turn|34\n|inactive|Time left: 300 sec this turn | 300 sec total\n|\n|t:|1783571516\n|move|p2a: Florges|Synthesis|p2a: Florges\n|-heal|p2a: Florges|100/100 psn\n|move|p1a: Toxapex|Liquidation|p2a: Florges\n|-damage|p2a: Florges|46/100 psn\n|-unboost|p2a: Florges|def|1\n|\n|-heal|p2a: Florges|52/100 psn|[from] item: Leftovers\n|-damage|p2a: Florges|40/100 psn|[from] psn\n|upkeep\n|turn|35\n|inactive|Time left: 300 sec this turn | 300 sec total\n|\n|t:|1783571517\n|move|p2a: Florges|Synthesis|p2a: Florges\n|-heal|p2a: Florges|89/100 psn\n|move|p1a: Toxapex|Liquidation|p2a: Florges\n|-damage|p2a: Florges|21/100 psn\n|\n|-heal|p2a: Florges|27/100 psn|[from] item: Leftovers\n|-damage|p2a: Florges|15/100 psn|[from] psn\n|upkeep\n|turn|36\n|inactive|Time left: 300 sec this turn | 300 sec total\n|\n|t:|1783571518\n|move|p2a: Florges|Synthesis|p2a: Florges\n|-heal|p2a: Florges|64/100 psn\n|move|p1a: Toxapex|Liquidation|p2a: Florges\n|-damage|p2a: Florges|0 fnt\n|faint|p2a: Florges\n|\n|upkeep\n|\n|t:|1783571519\n|switch|p2a: Lucario|Lucario, L84, M|10/100\n|turn|37\n|inactive|Time left: 300 sec this turn | 300 sec total\n|\n|t:|1783571520\n|move|p2a: Lucario|Close Combat|p1a: Toxapex\n|-resisted|p1a: Toxapex\n|-damage|p1a: Toxapex|153/216\n|-unboost|p2a: Lucario|def|1\n|-unboost|p2a: Lucario|spd|1\n|move|p1a: Toxapex|Liquidation|p2a: Lucario\n|-damage|p2a: Lucario|0 fnt\n|faint|p2a: Lucario\n|\n|-heal|p1a: Toxapex|166/216|[from] item: Leftovers\n|upkeep\n|\n|t:|1783571521\n|switch|p2a: Hariyama|Hariyama, L87, M|100/100\n|-status|p2a: Hariyama|psn\n|turn|38\n|inactive|Time left: 300 sec this turn | 300 sec total\n|\n|t:|1783571522\n|move|p2a: Hariyama|Knock Off|p1a: Toxapex\n|-damage|p1a: Toxapex|111/216\n|-enditem|p1a: Toxapex|Leftovers|[from] move: Knock Off|[of] p2a: Hariyama\n|move|p1a: Toxapex|Liquidation|p2a: Hariyama\n|-damage|p2a: Hariyama|81/100 psn\n|\n|-damage|p2a: Hariyama|69/100 psn|[from] psn\n|upkeep\n|turn|39\n|inactive|Time left: 300 sec this turn | 300 sec total\n|\n|t:|1783571524\n|switch|p1a: Dondozo|Dondozo, L78, F|97/362\n|move|p2a: Hariyama|Stone Edge|p1a: Dondozo\n|-damage|p1a: Dondozo|14/362\n|\n|-heal|p1a: Dondozo|36/362|[from] item: Leftovers\n|-damage|p2a: Hariyama|56/100 psn|[from] psn\n|upkeep\n|turn|40\n|inactive|Time left: 300 sec this turn | 300 sec total\n|\n|t:|1783571525\n|switch|p1a: Toxapex|Toxapex, L82, M|183/216\n|move|p2a: Hariyama|Close Combat|p1a: Toxapex\n|-resisted|p1a: Toxapex\n|-damage|p1a: Toxapex|135/216\n|-unboost|p2a: Hariyama|def|1\n|-unboost|p2a: Hariyama|spd|1\n|\n|-damage|p2a: Hariyama|44/100 psn|[from] psn\n|upkeep\n|turn|41\n|inactive|Time left: 300 sec this turn | 300 sec total\n|\n|t:|1783571526\n|move|p2a: Hariyama|Heavy Slam|p1a: Toxapex\n|-resisted|p1a: Toxapex\n|-damage|p1a: Toxapex|103/216\n|move|p1a: Toxapex|Liquidation|p2a: Hariyama\n|-damage|p2a: Hariyama|13/100 psn\n|\n|-damage|p2a: Hariyama|0 fnt|[from] psn\n|faint|p2a: Hariyama\n|\n|win|p0x27313155", "uploadtime": 1783571526, "views": 0, "rating": 0, "private": 0, "password": null, "_winner": "p0x27313155", "_our_name": "p0x27313155"}