{"id": "battle-gen9randombattle-727", "formatid": "gen9randombattle", "format": "[Gen 9] Random Battle", "players": ["p0x727b29f", "p0y727ead1"], "log": "|init|battle\n|title|p0x727b29f vs. p0y727ead1\n|j|\u2606p0x727b29f\n|j|\u2606p0y727ead1\n|t:|1783547566\n|gametype|singles\n|player|p1|p0x727b29f|170|\n|player|p2|p0y727ead1|169|\n|gen|9\n|tier|[Gen 9] Random Battle\n|rule|Species Clause: Limit one of each Pok\u00e9mon\n|rule|HP Percentage Mod: HP is shown in percentages\n|rule|Sleep Clause Mod: Limit one foe put to sleep\n|rule|Illusion Level Mod: Illusion disguises the Pok\u00e9mon's true level\n|\n|t:|1783547566\n|teamsize|p1|6\n|teamsize|p2|6\n|start\n|switch|p1a: Basculin|Basculin, L86, M|100/100\n|switch|p2a: Basculin|Basculin, L86, F|261/261\n|turn|1\n|inactive|Battle timer is ON: inactive players will automatically lose when time's up. (requested by p0y727ead1)\n|inactive|p0x727b29f also wants the timer to be on.\n|\n|t:|1783547567\n|move|p2a: Basculin|Wave Crash|p1a: Basculin\n|-resisted|p1a: Basculin\n|-damage|p1a: Basculin|41/100\n|-damage|p2a: Basculin|210/261|[from] Recoil\n|move|p1a: Basculin|Wave Crash|p2a: Basculin\n|-resisted|p2a: Basculin\n|-damage|p2a: Basculin|44/261\n|-damage|p1a: Basculin|20/100|[from] Recoil\n|\n|upkeep\n|turn|2\n|inactive|Time left: 300 sec this turn | 300 sec total\n|\n|t:|1783547568\n|move|p2a: Basculin|Wave Crash|p1a: Basculin\n|-resisted|p1a: Basculin\n|-damage|p1a: Basculin|0 fnt\n|faint|p1a: Basculin\n|-damage|p2a: Basculin|27/261|[from] Recoil\n|\n|upkeep\n|\n|t:|1783547569\n|switch|p1a: Scyther|Scyther, L82, F|100/100\n|turn|3\n|inactive|Time left: 300 sec this turn | 300 sec total\n|\n|t:|1783547570\n|switch|p2a: Dachsbun|Dachsbun, L92, F|254/254\n|move|p1a: Scyther|Dual Wingbeat|p2a: Dachsbun\n|-damage|p2a: Dachsbun|208/254\n|-damage|p2a: Dachsbun|154/254\n|-hitcount|p2a: Dachsbun|2\n|\n|-heal|p2a: Dachsbun|169/254|[from] item: Leftovers\n|upkeep\n|turn|4\n|inactive|Time left: 300 sec this turn | 300 sec total\n|\n|t:|1783547571\n|move|p2a: Dachsbun|Play Rough|p1a: Scyther\n|-crit|p1a: Scyther\n|-damage|p1a: Scyther|37/100\n|-unboost|p1a: Scyther|atk|1\n|move|p1a: Scyther|Swords Dance|p1a: Scyther\n|-boost|p1a: Scyther|atk|2\n|\n|-heal|p2a: Dachsbun|184/254|[from] item: Leftovers\n|upkeep\n|turn|5\n|inactive|Time left: 300 sec this turn | 300 sec total\n|\n|t:|1783547572\n|switch|p1a: Carbink|Carbink, L90|100/100\n|move|p2a: Dachsbun|Play Rough|p1a: Carbink\n|-damage|p1a: Carbink|74/100\n|\n|-heal|p2a: Dachsbun|199/254|[from] item: Leftovers\n|-heal|p1a: Carbink|80/100|[from] item: Leftovers\n|upkeep\n|turn|6\n|inactive|Time left: 300 sec this turn | 300 sec total\n|\n|t:|1783547573\n|move|p2a: Dachsbun|Play Rough|p1a: Carbink\n|-damage|p1a: Carbink|56/100\n|move|p1a: Carbink|Rock Polish|p1a: Carbink\n|-boost|p1a: Carbink|spe|2\n|\n|-heal|p1a: Carbink|62/100|[from] item: Leftovers\n|-heal|p2a: Dachsbun|214/254|[from] item: Leftovers\n|upkeep\n|turn|7\n|inactive|Time left: 300 sec this turn | 300 sec total\n|\n|t:|1783547574\n|move|p1a: Carbink|Iron Defense|p1a: Carbink\n|-boost|p1a: Carbink|def|2\n|move|p2a: Dachsbun|Play Rough|p1a: Carbink\n|-damage|p1a: Carbink|49/100\n|\n|-heal|p1a: Carbink|55/100|[from] item: Leftovers\n|-heal|p2a: Dachsbun|229/254|[from] item: Leftovers\n|upkeep\n|turn|8\n|inactive|Time left: 300 sec this turn | 300 sec total\n|\n|t:|1783547576\n|move|p1a: Carbink|Body Press|p2a: Dachsbun\n|-resisted|p2a: Dachsbun\n|-damage|p2a: Dachsbun|162/254\n|move|p2a: Dachsbun|Play Rough|p1a: Carbink\n|-damage|p1a: Carbink|42/100\n|\n|-heal|p1a: Carbink|48/100|[from] item: Leftovers\n|-heal|p2a: Dachsbun|177/254|[from] item: Leftovers\n|upkeep\n|turn|9\n|inactive|Time left: 300 sec this turn | 300 sec total\n|\n|t:|1783547577\n|move|p1a: Carbink|Body Press|p2a: Dachsbun\n|-resisted|p2a: Dachsbun\n|-damage|p2a: Dachsbun|106/254\n|move|p2a: Dachsbun|Wish|p2a: Dachsbun\n|\n|-heal|p1a: Carbink|54/100|[from] item: Leftovers\n|-heal|p2a: Dachsbun|121/254|[from] item: Leftovers\n|upkeep\n|turn|10\n|inactive|Time left: 300 sec this turn | 300 sec total\n|\n|t:|1783547578\n|move|p1a: Carbink|Body Press|p2a: Dachsbun\n|-resisted|p2a: Dachsbun\n|-damage|p2a: Dachsbun|55/254\n|move|p2a: Dachsbun|Play Rough|p1a: Carbink\n|-damage|p1a: Carbink|42/100\n|\n|-heal|p2a: Dachsbun|182/254|[from] move: Wish|[wisher] Dachsbun\n|-heal|p1a: Carbink|48/100|[from] item: Leftovers\n|-heal|p2a: Dachsbun|197/254|[from] item: Leftovers\n|upkeep\n|turn|11\n|inactive|Time left: 300 sec this turn | 300 sec total\n|\n|t:|1783547579\n|move|p1a: Carbink|Body Press|p2a: Dachsbun\n|-resisted|p2a: Dachsbun\n|-damage|p2a: Dachsbun|133/254\n|move|p2a: Dachsbun|Wish|p2a: Dachsbun\n|\n|-heal|p1a: Carbink|54/100|[from] item: Leftovers\n|-heal|p2a: Dachsbun|148/254|[from] item: Leftovers\n|upkeep\n|turn|12\n|inactive|Time left: 300 sec this turn | 300 sec total\n|\n|t:|1783547580\n|move|p1a: Carbink|Body Press|p2a: Dachsbun\n|-resisted|p2a: Dachsbun\n|-damage|p2a: Dachsbun|78/254\n|move|p2a: Dachsbun|Play Rough|p1a: Carbink\n|-damage|p1a: Carbink|41/100\n|\n|-heal|p2a: Dachsbun|205/254|[from] move: Wish|[wisher] Dachsbun\n|-heal|p1a: Carbink|47/100|[from] item: Leftovers\n|-heal|p2a: Dachsbun|220/254|[from] item: Leftovers\n|upkeep\n|turn|13\n|inactive|Time left: 300 sec this turn | 300 sec total\n|\n|t:|1783547581\n|move|p2a: Dachsbun|Protect|p2a: Dachsbun\n|-singleturn|p2a: Dachsbun|Protect\n|move|p1a: Carbink|Body Press|p2a: Dachsbun\n|-activate|p2a: Dachsbun|move: Protect\n|\n|-heal|p1a: Carbink|53/100|[from] item: Leftovers\n|-heal|p2a: Dachsbun|235/254|[from] item: Leftovers\n|upkeep\n|turn|14\n|inactive|Time left: 300 sec this turn | 300 sec total\n|\n|t:|1783547582\n|move|p1a: Carbink|Body Press|p2a: Dachsbun\n|-resisted|p2a: Dachsbun\n|-damage|p2a: Dachsbun|166/254\n|move|p2a: Dachsbun|Body Press|p1a: Carbink\n|-damage|p1a: Carbink|43/100\n|\n|-heal|p1a: Carbink|49/100|[from] item: Leftovers\n|-heal|p2a: Dachsbun|181/254|[from] item: Leftovers\n|upkeep\n|turn|15\n|inactive|Time left: 300 sec this turn | 300 sec total\n|\n|t:|1783547583\n|move|p1a: Carbink|Body Press|p2a: Dachsbun\n|-resisted|p2a: Dachsbun\n|-damage|p2a: Dachsbun|114/254\n|move|p2a: Dachsbun|Wish|p2a: Dachsbun\n|\n|-heal|p1a: Carbink|55/100|[from] item: Leftovers\n|-heal|p2a: Dachsbun|129/254|[from] item: Leftovers\n|upkeep\n|turn|16\n|inactive|Time left: 300 sec this turn | 300 sec total\n|\n|t:|1783547585\n|move|p1a: Carbink|Body Press|p2a: Dachsbun\n|-resisted|p2a: Dachsbun\n|-damage|p2a: Dachsbun|59/254\n|move|p2a: Dachsbun|Play Rough|p1a: Carbink\n|-damage|p1a: Carbink|43/100\n|\n|-heal|p2a: Dachsbun|186/254|[from] move: Wish|[wisher] Dachsbun\n|-heal|p1a: Carbink|49/100|[from] item: Leftovers\n|-heal|p2a: Dachsbun|201/254|[from] item: Leftovers\n|upkeep\n|turn|17\n|inactive|Time left: 300 sec this turn | 300 sec total\n|\n|t:|1783547586\n|move|p1a: Carbink|Body Press|p2a: Dachsbun\n|-resisted|p2a: Dachsbun\n|-damage|p2a: Dachsbun|128/254\n|move|p2a: Dachsbun|Wish|p2a: Dachsbun\n|\n|-heal|p1a: Carbink|55/100|[from] item: Leftovers\n|-heal|p2a: Dachsbun|143/254|[from] item: Leftovers\n|upkeep\n|turn|18\n|inactive|Time left: 300 sec this turn | 300 sec total\n|\n|t:|1783547587\n|move|p1a: Carbink|Body Press|p2a: Dachsbun\n|-resisted|p2a: Dachsbun\n|-damage|p2a: Dachsbun|72/254\n|move|p2a: Dachsbun|Play Rough|p1a: Carbink\n|-damage|p1a: Carbink|42/100\n|\n|-heal|p2a: Dachsbun|199/254|[from] move: Wish|[wisher] Dachsbun\n|-heal|p1a: Carbink|48/100|[from] item: Leftovers\n|-heal|p2a: Dachsbun|214/254|[from] item: Leftovers\n|upkeep\n|turn|19\n|inactive|Time left: 300 sec this turn | 300 sec total\n|\n|t:|1783547588\n|move|p2a: Dachsbun|Protect|p2a: Dachsbun\n|-singleturn|p2a: Dachsbun|Protect\n|move|p1a: Carbink|Body Press|p2a: Dachsbun\n|-activate|p2a: Dachsbun|move: Protect\n|\n|-heal|p1a: Carbink|54/100|[from] item: Leftovers\n|-heal|p2a: Dachsbun|229/254|[from] item: Leftovers\n|upkeep\n|turn|20\n|inactive|Time left: 300 sec this turn | 300 sec total\n|\n|t:|1783547589\n|move|p1a: Carbink|Body Press|p2a: Dachsbun\n|-resisted|p2a: Dachsbun\n|-damage|p2a: Dachsbun|165/254\n|move|p2a: Dachsbun|Play Rough|p1a: Carbink\n|-damage|p1a: Carbink|42/100\n|\n|-heal|p1a: Carbink|48/100|[from] item: Leftovers\n|-heal|p2a: Dachsbun|180/254|[from] item: Leftovers\n|upkeep\n|turn|21\n|inactive|Time left: 300 sec this turn | 300 sec total\n|\n|t:|1783547590\n|move|p1a: Carbink|Body Press|p2a: Dachsbun\n|-resisted|p2a: Dachsbun\n|-damage|p2a: Dachsbun|115/254\n|move|p2a: Dachsbun|Wish|p2a: Dachsbun\n|\n|-heal|p1a: Carbink|54/100|[from] item: Leftovers\n|-heal|p2a: Dachsbun|130/254|[from] item: Leftovers\n|upkeep\n|turn|22\n|inactive|Time left: 300 sec this turn | 300 sec total\n|\n|t:|1783547591\n|move|p1a: Carbink|Body Press|p2a: Dachsbun\n|-resisted|p2a: Dachsbun\n|-damage|p2a: Dachsbun|67/254\n|move|p2a: Dachsbun|Play Rough|p1a: Carbink\n|-damage|p1a: Carbink|42/100\n|\n|-heal|p2a: Dachsbun|194/254|[from] move: Wish|[wisher] Dachsbun\n|-heal|p1a: Carbink|48/100|[from] item: Leftovers\n|-heal|p2a: Dachsbun|209/254|[from] item: Leftovers\n|upkeep\n|turn|23\n|inactive|Time left: 300 sec this turn | 300 sec total\n|\n|t:|1783547593\n|move|p2a: Dachsbun|Protect|p2a: Dachsbun\n|-singleturn|p2a: Dachsbun|Protect\n|move|p1a: Carbink|Iron Defense|p1a: Carbink\n|-boost|p1a: Carbink|def|2\n|\n|-heal|p1a: Carbink|54/100|[from] item: Leftovers\n|-heal|p2a: Dachsbun|224/254|[from] item: Leftovers\n|upkeep\n|turn|24\n|inactive|Time left: 300 sec this turn | 300 sec total\n|\n|t:|1783547594\n|move|p1a: Carbink|Body Press|p2a: Dachsbun\n|-resisted|p2a: Dachsbun\n|-damage|p2a: Dachsbun|129/254\n|move|p2a: Dachsbun|Wish|p2a: Dachsbun\n|\n|-heal|p1a: Carbink|60/100|[from] item: Leftovers\n|-heal|p2a: Dachsbun|144/254|[from] item: Leftovers\n|upkeep\n|turn|25\n|inactive|Time left: 300 sec this turn | 300 sec total\n|\n|t:|1783547595\n|move|p1a: Carbink|Rock Polish|p1a: Carbink\n|-boost|p1a: Carbink|spe|2\n|move|p2a: Dachsbun|Play Rough|p1a: Carbink\n|-damage|p1a: Carbink|52/100\n|\n|-heal|p2a: Dachsbun|254/254|[from] move: Wish|[wisher] Dachsbun\n|-heal|p1a: Carbink|58/100|[from] item: Leftovers\n|upkeep\n|turn|26\n|inactive|Time left: 300 sec this turn | 300 sec total\n|\n|t:|1783547596\n|switch|p2a: Komala|Komala, L87, F|255/255\n|-ability|p2a: Komala|Comatose\n|move|p1a: Carbink|Moonblast|p2a: Komala\n|-damage|p2a: Komala|210/255\n|\n|-heal|p1a: Carbink|64/100|[from] item: Leftovers\n|upkeep\n|turn|27\n|inactive|Time left: 300 sec this turn | 300 sec total\n|\n|t:|1783547597\n|move|p1a: Carbink|Moonblast|p2a: Komala\n|-damage|p2a: Komala|167/255\n|move|p2a: Komala|Body Slam|p1a: Carbink\n|-resisted|p1a: Carbink\n|-damage|p1a: Carbink|59/100\n|\n|-heal|p1a: Carbink|65/100|[from] item: Leftovers\n|upkeep\n|turn|28\n|inactive|Time left: 300 sec this turn | 300 sec total\n|\n|t:|1783547598\n|move|p1a: Carbink|Moonblast|p2a: Komala\n|-damage|p2a: Komala|122/255\n|-unboost|p2a: Komala|spa|1\n|move|p2a: Komala|Knock Off|p1a: Carbink\n|-resisted|p1a: Carbink\n|-damage|p1a: Carbink|61/100\n|-enditem|p1a: Carbink|Leftovers|[from] move: Knock Off|[of] p2a: Komala\n|\n|upkeep\n|turn|29\n|inactive|Time left: 300 sec this turn | 300 sec total\n|\n|t:|1783547600\n|switch|p2a: Tsareena|Tsareena, L87, F|267/267\n|move|p1a: Carbink|Moonblast|p2a: Tsareena\n|-damage|p2a: Tsareena|200/267\n|-unboost|p2a: Tsareena|spa|1\n|\n|upkeep\n|turn|30\n|inactive|Time left: 300 sec this turn | 300 sec total\n|\n|t:|1783547601\n|move|p1a: Carbink|Moonblast|p2a: Tsareena\n|-damage|p2a: Tsareena|134/267\n|move|p2a: Tsareena|Synthesis|p2a: Tsareena\n|-heal|p2a: Tsareena|267/267\n|\n|upkeep\n|turn|31\n|inactive|Time left: 300 sec this turn | 300 sec total\n|\n|t:|1783547602\n|move|p1a: Carbink|Moonblast|p2a: Tsareena\n|-damage|p2a: Tsareena|197/267\n|move|p2a: Tsareena|Power Whip|p1a: Carbink\n|-supereffective|p1a: Carbink\n|-damage|p1a: Carbink|33/100\n|\n|upkeep\n|turn|32\n|inactive|Time left: 300 sec this turn | 300 sec total\n|\n|t:|1783547604\n|move|p1a: Carbink|Moonblast|p2a: Tsareena\n|-damage|p2a: Tsareena|134/267\n|move|p2a: Tsareena|Power Whip|p1a: Carbink\n|-supereffective|p1a: Carbink\n|-damage|p1a: Carbink|2/100\n|\n|upkeep\n|turn|33\n|inactive|Time left: 300 sec this turn | 300 sec total\n|\n|t:|1783547605\n|move|p1a: Carbink|Moonblast|p2a: Tsareena\n|-damage|p2a: Tsareena|65/267\n|move|p2a: Tsareena|U-turn|p1a: Carbink\n|-resisted|p1a: Carbink\n|-damage|p1a: Carbink|0 fnt\n|faint|p1a: Carbink\n|inactive|Time left: 300 sec this turn | 300 sec total | 5 sec grace\n|\n|t:|1783547606\n|switch|p2a: Komala|Komala, L87, F|122/255|[from] U-turn\n|-ability|p2a: Komala|Comatose\n|\n|upkeep\n|\n|t:|1783547607\n|switch|p1a: Scyther|Scyther, L82, F|37/100\n|turn|34\n|inactive|Time left: 300 sec this turn | 300 sec total\n|\n|t:|1783547608\n|switch|p2a: Dachsbun|Dachsbun, L92, F|254/254\n|move|p1a: Scyther|Dual Wingbeat|p2a: Dachsbun\n|-damage|p2a: Dachsbun|206/254\n|-damage|p2a: Dachsbun|155/254\n|-hitcount|p2a: Dachsbun|2\n|\n|-heal|p2a: Dachsbun|170/254|[from] item: Leftovers\n|upkeep\n|turn|35\n|inactive|Time left: 300 sec this turn | 300 sec total\n|\n|t:|1783547609\n|switch|p1a: Gengar|Gengar, L81, M|100/100\n|move|p2a: Dachsbun|Play Rough|p1a: Gengar\n|-resisted|p1a: Gengar\n|-damage|p1a: Gengar|73/100\n|-start|p2a: Dachsbun|Disable|Play Rough|[from] ability: Cursed Body|[of] p1a: Gengar\n|\n|-heal|p2a: Dachsbun|185/254|[from] item: Leftovers\n|upkeep\n|turn|36\n|inactive|Time left: 300 sec this turn | 300 sec total\n|\n|t:|1783547610\n|move|p2a: Dachsbun|Protect|p2a: Dachsbun\n|-singleturn|p2a: Dachsbun|Protect\n|move|p1a: Gengar|Sludge Wave|p2a: Dachsbun\n|-activate|p2a: Dachsbun|move: Protect\n|\n|-heal|p2a: Dachsbun|200/254|[from] item: Leftovers\n|upkeep\n|turn|37\n|inactive|Time left: 300 sec this turn | 300 sec total\n|\n|t:|1783547611\n|-terastallize|p2a: Dachsbun|Steel\n|move|p2a: Dachsbun|Wish|p2a: Dachsbun\n|move|p1a: Gengar|Sludge Wave|p2a: Dachsbun\n|-immune|p2a: Dachsbun\n|\n|-heal|p2a: Dachsbun|215/254|[from] item: Leftovers\n|upkeep\n|turn|38\n|inactive|Time left: 300 sec this turn | 300 sec total\n|\n|t:|1783547612\n|switch|p2a: Komala|Komala, L87, F|122/255\n|-ability|p2a: Komala|Comatose\n|move|p1a: Gengar|Toxic Spikes|p2a: Komala\n|-sidestart|p2: p0y727ead1|move: Toxic Spikes\n|\n|-heal|p2a: Komala|249/255|[from] move: Wish|[wisher] Dachsbun\n|upkeep\n|turn|39\n|inactive|Time left: 300 sec this turn | 300 sec total\n|\n|t:|1783547613\n|switch|p1a: Emboar|Emboar, L84, M|100/100\n|move|p2a: Komala|Knock Off|p1a: Emboar\n|-resisted|p1a: Emboar\n|-damage|p1a: Emboar|84/100\n|-enditem|p1a: Emboar|Assault Vest|[from] move: Knock Off|[of] p2a: Komala\n|\n|upkeep\n|turn|40\n|inactive|Time left: 300 sec this turn | 300 sec total\n|\n|t:|1783547614\n|move|p2a: Komala|Body Slam|p1a: Emboar\n|-damage|p1a: Emboar|42/100\n|move|p1a: Emboar|Close Combat|p2a: Komala\n|-supereffective|p2a: Komala\n|-damage|p2a: Komala|0 fnt\n|-unboost|p1a: Emboar|def|1\n|-unboost|p1a: Emboar|spd|1\n|faint|p2a: Komala\n|\n|upkeep\n|inactive|Time left: 300 sec this turn | 300 sec total | 5 sec grace\n|\n|t:|1783547615\n|switch|p2a: Dachsbun|Dachsbun, L92, F, tera:Steel|215/254\n|turn|41\n|inactive|Time left: 300 sec this turn | 300 sec total\n|\n|t:|1783547616\n|switch|p1a: Gengar|Gengar, L81, M|73/100\n|move|p2a: Dachsbun|Play Rough|p1a: Gengar\n|-resisted|p1a: Gengar\n|-damage|p1a: Gengar|46/100\n|\n|-heal|p2a: Dachsbun|230/254|[from] item: Leftovers\n|upkeep\n|turn|42\n|inactive|Time left: 300 sec this turn | 300 sec total\n|\n|t:|1783547617\n|move|p2a: Dachsbun|Play Rough|p1a: Gengar\n|-resisted|p1a: Gengar\n|-damage|p1a: Gengar|19/100\n|-start|p2a: Dachsbun|Disable|Play Rough|[from] ability: Cursed Body|[of] p1a: Gengar\n|move|p1a: Gengar|Shadow Ball|p2a: Dachsbun\n|-damage|p2a: Dachsbun|105/254\n|-unboost|p2a: Dachsbun|spd|1\n|-damage|p1a: Gengar|9/100|[from] item: Life Orb\n|\n|-heal|p2a: Dachsbun|120/254|[from] item: Leftovers\n|upkeep\n|turn|43\n|inactive|Time left: 300 sec this turn | 300 sec total\n|\n|t:|1783547618\n|move|p2a: Dachsbun|Wish|p2a: Dachsbun\n|move|p1a: Gengar|Shadow Ball|p2a: Dachsbun\n|-damage|p2a: Dachsbun|0 fnt\n|faint|p2a: Dachsbun\n|-damage|p1a: Gengar|0 fnt|[from] item: Life Orb\n|faint|p1a: Gengar\n|\n|upkeep\n|inactive|Time left: 300 sec this turn | 300 sec total | 5 sec grace\n|\n|t:|1783547619\n|switch|p2a: Delibird|Delibird, F|252/252\n|switch|p1a: Jumpluff|Jumpluff, L87, M|100/100\n|turn|44\n|inactive|Time left: 300 sec this turn | 300 sec total\n|\n|t:|1783547620\n|-terastallize|p1a: Jumpluff|Steel\n|move|p1a: Jumpluff|Strength Sap|p2a: Delibird\n|-unboost|p2a: Delibird|atk|1\n|move|p2a: Delibird|Brave Bird|p1a: Jumpluff\n|-resisted|p1a: Jumpluff\n|-damage|p1a: Jumpluff|74/100\n|-damage|p2a: Delibird|228/252|[from] Recoil\n|\n|-heal|p2a: Delibird|252/252|[from] move: Wish|[wisher] Dachsbun\n|upkeep\n|turn|45\n|inactive|Time left: 300 sec this turn | 300 sec total\n|\n|t:|1783547621\n|move|p1a: Jumpluff|Acrobatics|p2a: Delibird\n|-damage|p2a: Delibird|150/252\n|move|p2a: Delibird|Drill Run|p1a: Jumpluff\n|-supereffective|p1a: Jumpluff\n|-damage|p1a: Jumpluff|26/100\n|\n|upkeep\n|turn|46\n|inactive|Time left: 300 sec this turn | 300 sec total\n|\n|t:|1783547622\n|move|p1a: Jumpluff|Strength Sap|p2a: Delibird\n|-unboost|p2a: Delibird|atk|1\n|-heal|p1a: Jumpluff|67/100\n|move|p2a: Delibird|Drill Run|p1a: Jumpluff|[miss]\n|-miss|p2a: Delibird|p1a: Jumpluff\n|\n|upkeep\n|turn|47\n|inactive|Time left: 300 sec this turn | 300 sec total\n|\n|t:|1783547623\n|move|p1a: Jumpluff|Acrobatics|p2a: Delibird\n|-damage|p2a: Delibird|32/252\n|move|p2a: Delibird|Drill Run|p1a: Jumpluff\n|-supereffective|p1a: Jumpluff\n|-damage|p1a: Jumpluff|33/100\n|\n|upkeep\n|turn|48\n|inactive|Time left: 300 sec this turn | 300 sec total\n|\n|t:|1783547624\n|move|p1a: Jumpluff|Acrobatics|p2a: Delibird\n|-damage|p2a: Delibird|0 fnt\n|faint|p2a: Delibird\n|\n|upkeep\n|inactive|Time left: 300 sec this turn | 300 sec total | 5 sec grace\n|\n|t:|1783547625\n|switch|p2a: Basculin|Basculin, L86, F|27/261\n|-status|p2a: Basculin|psn\n|turn|49\n|inactive|Time left: 300 sec this turn | 300 sec total\n|\n|t:|1783547626\n|move|p2a: Basculin|Aqua Jet|p1a: Jumpluff\n|-crit|p1a: Jumpluff\n|-damage|p1a: Jumpluff|0 fnt\n|faint|p1a: Jumpluff\n|\n|-damage|p2a: Basculin|0 fnt|[from] psn\n|faint|p2a: Basculin\n|upkeep\n|inactive|Time left: 300 sec this turn | 300 sec total | 5 sec grace\n|\n|t:|1783547627\n|switch|p1a: Scyther|Scyther, L82, F|37/100\n|switch|p2a: Tsareena|Tsareena, L87, F|65/267\n|turn|50\n|inactive|Time left: 300 sec this turn | 300 sec total\n|\n|t:|1783547628\n|switch|p1a: Emboar|Emboar, L84, M|42/100\n|move|p2a: Tsareena|U-turn|p1a: Emboar\n|-resisted|p1a: Emboar\n|-damage|p1a: Emboar|35/100\n|inactive|Time left: 300 sec this turn | 300 sec total | 5 sec grace\n|\n|t:|1783547629\n|switch|p2a: Chesnaught|Chesnaught, L84, F|285/285|[from] U-turn\n|-status|p2a: Chesnaught|psn\n|\n|-damage|p2a: Chesnaught|250/285 psn|[from] psn\n|upkeep\n|turn|51\n|inactive|Time left: 300 sec this turn | 300 sec total\n|\n|t:|1783547630\n|switch|p2a: Tsareena|Tsareena, L87, F|65/267\n|move|p1a: Emboar|Flare Blitz|p2a: Tsareena\n|-supereffective|p2a: Tsareena\n|-damage|p2a: Tsareena|0 fnt\n|faint|p2a: Tsareena\n|-damage|p1a: Emboar|29/100|[from] Recoil\n|\n|upkeep\n|inactive|Time left: 300 sec this turn | 300 sec total | 5 sec grace\n|\n|t:|1783547631\n|switch|p2a: Chesnaught|Chesnaught, L84, F|250/285 psn\n|turn|52\n|inactive|Time left: 300 sec this turn | 300 sec total\n|\n|t:|1783547632\n|move|p1a: Emboar|Flare Blitz|p2a: Chesnaught\n|-supereffective|p2a: Chesnaught\n|-damage|p2a: Chesnaught|0 fnt\n|-damage|p1a: Emboar|12/100|[from] item: Rocky Helmet|[of] p2a: Chesnaught\n|faint|p2a: Chesnaught\n|-damage|p1a: Emboar|0 fnt|[from] Recoil\n|faint|p1a: Emboar\n|\n|win|p0x727b29f", "uploadtime": 1783547632, "views": 0, "rating": 0, "private": 0, "password": null, "_winner": "p0x727b29f", "_our_name": "p0y727ead1"}