{"id": "battle-gen9randombattle-2427", "formatid": "gen9randombattle", "format": "[Gen 9] Random Battle", "players": ["p0x24271be1", "p0y24278a1c"], "log": "|init|battle\n|title|p0x24271be1 vs. p0y24278a1c\n|j|\u2606p0x24271be1\n|j|\u2606p0y24278a1c\n|t:|1783568157\n|gametype|singles\n|player|p1|p0x24271be1|266|\n|player|p2|p0y24278a1c|102|\n|gen|9\n|tier|[Gen 9] Random Battle\n|rule|Species Clause: Limit one of each Pok\u00e9mon\n|rule|HP Percentage Mod: HP is shown in percentages\n|rule|Sleep Clause Mod: Limit one foe put to sleep\n|rule|Illusion Level Mod: Illusion disguises the Pok\u00e9mon's true level\n|\n|t:|1783568157\n|teamsize|p1|6\n|teamsize|p2|6\n|start\n|switch|p1a: Houndstone|Houndstone, L86, F|100/100\n|switch|p2a: Deoxys|Deoxys, L74|196/196\n|-ability|p2a: Deoxys|Pressure\n|turn|1\n|inactive|Battle timer is ON: inactive players will automatically lose when time's up. (requested by p0y24278a1c)\n|inactive|p0x24271be1 also wants the timer to be on.\n|\n|t:|1783568159\n|switch|p2a: Magcargo|Magcargo, L95, F|268/268\n|move|p1a: Houndstone|Poltergeist|p2a: Magcargo\n|-activate|p2a: Magcargo|move: Poltergeist|Heavy-Duty Boots\n|-damage|p2a: Magcargo|175/268\n|-ability|p2a: Magcargo|Weak Armor|boost\n|-unboost|p2a: Magcargo|def|1\n|-boost|p2a: Magcargo|spe|2\n|\n|upkeep\n|turn|2\n|inactive|Time left: 300 sec this turn | 300 sec total\n|\n|t:|1783568160\n|move|p2a: Magcargo|Fire Blast|p1a: Houndstone\n|-damage|p1a: Houndstone|11/100\n|move|p1a: Houndstone|Poltergeist|p2a: Magcargo\n|-activate|p2a: Magcargo|move: Poltergeist|Heavy-Duty Boots\n|-damage|p2a: Magcargo|45/268\n|-ability|p2a: Magcargo|Weak Armor|boost\n|-unboost|p2a: Magcargo|def|1\n|-boost|p2a: Magcargo|spe|2\n|\n|-heal|p1a: Houndstone|17/100|[from] item: Leftovers\n|upkeep\n|turn|3\n|inactive|Time left: 300 sec this turn | 300 sec total\n|\n|t:|1783568161\n|move|p1a: Houndstone|Shadow Sneak|p2a: Magcargo\n|-damage|p2a: Magcargo|0 fnt\n|faint|p2a: Magcargo\n|\n|-heal|p1a: Houndstone|23/100|[from] item: Leftovers\n|upkeep\n|inactive|Time left: 300 sec this turn | 300 sec total | 5 sec grace\n|\n|t:|1783568162\n|switch|p2a: Galvantula|Galvantula, L82, F|249/249\n|turn|4\n|inactive|Time left: 300 sec this turn | 300 sec total\n|\n|t:|1783568163\n|switch|p1a: Rhydon|Rhydon, L85, M|100/100\n|move|p2a: Galvantula|Sticky Web|p1a: Rhydon\n|-sidestart|p1: p0x24271be1|move: Sticky Web\n|\n|upkeep\n|turn|5\n|inactive|Time left: 300 sec this turn | 300 sec total\n|\n|t:|1783568164\n|move|p2a: Galvantula|Energy Ball|p1a: Rhydon\n|-supereffective|p1a: Rhydon\n|-damage|p1a: Rhydon|21/100\n|move|p1a: Rhydon|Stone Edge|p2a: Galvantula\n|-supereffective|p2a: Galvantula\n|-damage|p2a: Galvantula|0 fnt\n|faint|p2a: Galvantula\n|\n|upkeep\n|inactive|Time left: 300 sec this turn | 300 sec total | 5 sec grace\n|\n|t:|1783568165\n|switch|p2a: Ampharos|Ampharos, L88, F|302/302\n|turn|6\n|inactive|Time left: 300 sec this turn | 300 sec total\n|\n|t:|1783568166\n|move|p2a: Ampharos|Dazzling Gleam|p1a: Rhydon\n|-damage|p1a: Rhydon|0 fnt\n|faint|p1a: Rhydon\n|-damage|p2a: Ampharos|272/302|[from] item: Life Orb\n|\n|upkeep\n|\n|t:|1783568167\n|switch|p1a: Mesprit|Mesprit, L85|100/100\n|turn|7\n|inactive|Time left: 300 sec this turn | 300 sec total\n|\n|t:|1783568168\n|move|p1a: Mesprit|Psychic|p2a: Ampharos\n|-damage|p2a: Ampharos|164/302\n|move|p2a: Ampharos|Thunderbolt|p1a: Mesprit\n|-damage|p1a: Mesprit|49/100\n|-damage|p2a: Ampharos|134/302|[from] item: Life Orb\n|\n|upkeep\n|turn|8\n|inactive|Time left: 300 sec this turn | 300 sec total\n|\n|t:|1783568169\n|switch|p2a: Uxie|Uxie, L83|260/260\n|move|p1a: Mesprit|Psychic|p2a: Uxie\n|-resisted|p2a: Uxie\n|-damage|p2a: Uxie|224/260\n|\n|-heal|p2a: Uxie|240/260|[from] item: Leftovers\n|upkeep\n|turn|9\n|inactive|Time left: 300 sec this turn | 300 sec total\n|\n|t:|1783568170\n|move|p1a: Mesprit|Psychic|p2a: Uxie\n|-resisted|p2a: Uxie\n|-crit|p2a: Uxie\n|-damage|p2a: Uxie|186/260\n|move|p2a: Uxie|Stealth Rock|p1a: Mesprit\n|-sidestart|p1: p0x24271be1|move: Stealth Rock\n|\n|-heal|p2a: Uxie|202/260|[from] item: Leftovers\n|upkeep\n|turn|10\n|inactive|Time left: 300 sec this turn | 300 sec total\n|\n|t:|1783568172\n|move|p1a: Mesprit|Psychic|p2a: Uxie\n|-resisted|p2a: Uxie\n|-damage|p2a: Uxie|165/260\n|move|p2a: Uxie|Psychic Noise|p1a: Mesprit\n|-resisted|p1a: Mesprit\n|-damage|p1a: Mesprit|39/100\n|-start|p1a: Mesprit|move: Heal Block\n|\n|-heal|p2a: Uxie|181/260|[from] item: Leftovers\n|upkeep\n|turn|11\n|inactive|Time left: 300 sec this turn | 300 sec total\n|\n|t:|1783568173\n|move|p1a: Mesprit|Psychic|p2a: Uxie\n|-resisted|p2a: Uxie\n|-damage|p2a: Uxie|145/260\n|-unboost|p2a: Uxie|spd|1\n|move|p2a: Uxie|U-turn|p1a: Mesprit\n|-supereffective|p1a: Mesprit\n|-damage|p1a: Mesprit|14/100\n|inactive|Time left: 300 sec this turn | 300 sec total | 5 sec grace\n|\n|t:|1783568175\n|switch|p2a: Ampharos|Ampharos, L88, F|134/302|[from] U-turn\n|\n|-end|p1a: Mesprit|move: Heal Block\n|upkeep\n|turn|12\n|inactive|Time left: 300 sec this turn | 300 sec total\n|\n|t:|1783568176\n|move|p1a: Mesprit|Psychic|p2a: Ampharos\n|-damage|p2a: Ampharos|31/302\n|move|p2a: Ampharos|Thunderbolt|p1a: Mesprit\n|-damage|p1a: Mesprit|0 fnt\n|faint|p1a: Mesprit\n|-damage|p2a: Ampharos|1/302|[from] item: Life Orb\n|\n|upkeep\n|\n|t:|1783568177\n|switch|p1a: Houndstone|Houndstone, L86, F|23/100\n|-activate|p1a: Houndstone|move: Sticky Web\n|-unboost|p1a: Houndstone|spe|1\n|-damage|p1a: Houndstone|11/100|[from] Stealth Rock\n|turn|13\n|inactive|Time left: 300 sec this turn | 300 sec total\n|\n|t:|1783568178\n|switch|p2a: Seviper|Seviper, L93, M|287/287\n|move|p1a: Houndstone|Shadow Sneak|p2a: Seviper\n|-damage|p2a: Seviper|235/287\n|\n|-heal|p2a: Seviper|252/287|[from] item: Leftovers\n|-heal|p1a: Houndstone|17/100|[from] item: Leftovers\n|upkeep\n|turn|14\n|inactive|Time left: 300 sec this turn | 300 sec total\n|\n|t:|1783568179\n|move|p2a: Seviper|Swords Dance|p2a: Seviper\n|-boost|p2a: Seviper|atk|2\n|move|p1a: Houndstone|Poltergeist|p2a: Seviper|[miss]\n|-miss|p1a: Houndstone|p2a: Seviper\n|\n|-heal|p2a: Seviper|269/287|[from] item: Leftovers\n|-heal|p1a: Houndstone|23/100|[from] item: Leftovers\n|upkeep\n|turn|15\n|inactive|Time left: 300 sec this turn | 300 sec total\n|\n|t:|1783568180\n|move|p2a: Seviper|Earthquake|p1a: Houndstone\n|-damage|p1a: Houndstone|0 fnt\n|faint|p1a: Houndstone\n|\n|-heal|p2a: Seviper|286/287|[from] item: Leftovers\n|upkeep\n|\n|t:|1783568181\n|switch|p1a: Barraskewda|Barraskewda, L81, F|100/100\n|-activate|p1a: Barraskewda|move: Sticky Web\n|-unboost|p1a: Barraskewda|spe|1\n|-damage|p1a: Barraskewda|88/100|[from] Stealth Rock\n|turn|16\n|inactive|Time left: 300 sec this turn | 300 sec total\n|\n|t:|1783568182\n|move|p1a: Barraskewda|Waterfall|p2a: Seviper\n|-crit|p2a: Seviper\n|-damage|p2a: Seviper|49/287\n|cant|p2a: Seviper|flinch\n|\n|-heal|p2a: Seviper|66/287|[from] item: Leftovers\n|upkeep\n|turn|17\n|inactive|Time left: 300 sec this turn | 300 sec total\n|\n|t:|1783568183\n|switch|p2a: Ampharos|Ampharos, L88, F|1/302\n|move|p1a: Barraskewda|Waterfall|p2a: Ampharos\n|-damage|p2a: Ampharos|0 fnt\n|faint|p2a: Ampharos\n|\n|upkeep\n|inactive|Time left: 300 sec this turn | 300 sec total | 5 sec grace\n|\n|t:|1783568184\n|switch|p2a: Deoxys|Deoxys, L74|196/196\n|-ability|p2a: Deoxys|Pressure\n|turn|18\n|inactive|Time left: 300 sec this turn | 300 sec total\n|\n|t:|1783568185\n|move|p2a: Deoxys|Psycho Boost|p1a: Barraskewda\n|-damage|p1a: Barraskewda|0 fnt\n|-unboost|p2a: Deoxys|spa|2\n|faint|p1a: Barraskewda\n|-damage|p2a: Deoxys|177/196|[from] item: Life Orb\n|\n|upkeep\n|\n|t:|1783568186\n|switch|p1a: Perrserker|Perrserker, L89, M|100/100\n|-activate|p1a: Perrserker|move: Sticky Web\n|-unboost|p1a: Perrserker|spe|1\n|-damage|p1a: Perrserker|95/100|[from] Stealth Rock\n|turn|19\n|inactive|Time left: 300 sec this turn | 300 sec total\n|\n|t:|1783568187\n|move|p2a: Deoxys|Superpower|p1a: Perrserker\n|-supereffective|p1a: Perrserker\n|-damage|p1a: Perrserker|15/100\n|-unboost|p2a: Deoxys|atk|1\n|-unboost|p2a: Deoxys|def|1\n|-damage|p2a: Deoxys|158/196|[from] item: Life Orb\n|move|p1a: Perrserker|Iron Head|p2a: Deoxys\n|-damage|p2a: Deoxys|0 fnt\n|faint|p2a: Deoxys\n|-damage|p1a: Perrserker|6/100|[from] item: Life Orb\n|\n|upkeep\n|inactive|Time left: 300 sec this turn | 300 sec total | 5 sec grace\n|\n|t:|1783568188\n|switch|p2a: Seviper|Seviper, L93, M|66/287\n|turn|20\n|inactive|Time left: 300 sec this turn | 300 sec total\n|\n|t:|1783568189\n|move|p2a: Seviper|Trailblaze|p1a: Perrserker\n|-resisted|p1a: Perrserker\n|-damage|p1a: Perrserker|0 fnt\n|-boost|p2a: Seviper|spe|1\n|faint|p1a: Perrserker\n|\n|-heal|p2a: Seviper|83/287|[from] item: Leftovers\n|upkeep\n|\n|t:|1783568191\n|switch|p1a: Hypno|Hypno, L95, M|100/100\n|-activate|p1a: Hypno|move: Sticky Web\n|-unboost|p1a: Hypno|spe|1\n|-damage|p1a: Hypno|88/100|[from] Stealth Rock\n|turn|21\n|inactive|Time left: 300 sec this turn | 300 sec total\n|\n|t:|1783568192\n|move|p2a: Seviper|Gunk Shot|p1a: Hypno\n|-damage|p1a: Hypno|39/100\n|move|p1a: Hypno|Psychic Noise|p2a: Seviper\n|-supereffective|p2a: Seviper\n|-damage|p2a: Seviper|0 fnt\n|faint|p2a: Seviper\n|\n|-heal|p1a: Hypno|45/100|[from] item: Leftovers\n|upkeep\n|inactive|Time left: 300 sec this turn | 300 sec total | 5 sec grace\n|\n|t:|1783568193\n|switch|p2a: Uxie|Uxie, L83|145/260\n|turn|22\n|inactive|Time left: 300 sec this turn | 300 sec total\n|\n|t:|1783568194\n|-terastallize|p2a: Uxie|Steel\n|-terastallize|p1a: Hypno|Steel\n|move|p2a: Uxie|U-turn|p1a: Hypno\n|-resisted|p1a: Hypno\n|-damage|p1a: Hypno|38/100\n|move|p1a: Hypno|Toxic|p2a: Uxie\n|-immune|p2a: Uxie\n|\n|-heal|p2a: Uxie|161/260|[from] item: Leftovers\n|-heal|p1a: Hypno|44/100|[from] item: Leftovers\n|upkeep\n|turn|23\n|inactive|Time left: 300 sec this turn | 300 sec total\n|\n|t:|1783568195\n|move|p2a: Uxie|Psychic Noise|p1a: Hypno\n|-resisted|p1a: Hypno\n|-damage|p1a: Hypno|36/100\n|-start|p1a: Hypno|move: Heal Block\n|move|p1a: Hypno|Focus Blast|p2a: Uxie\n|-supereffective|p2a: Uxie\n|-crit|p2a: Uxie\n|-damage|p2a: Uxie|0 fnt\n|faint|p2a: Uxie\n|\n|win|p0x24271be1", "uploadtime": 1783568195, "views": 0, "rating": 0, "private": 0, "password": null, "_winner": "p0x24271be1", "_our_name": "p0y24278a1c"}