{"id": "battle-gen9randombattle-1878", "formatid": "gen9randombattle", "format": "[Gen 9] Random Battle", "players": ["p0x1878928e", "p0y1878ec25"], "log": "|init|battle\n|title|p0x1878928e vs. p0y1878ec25\n|j|\u2606p0x1878928e\n|j|\u2606p0y1878ec25\n|t:|1783561750\n|gametype|singles\n|player|p1|p0x1878928e|2|\n|player|p2|p0y1878ec25|265|\n|gen|9\n|tier|[Gen 9] Random Battle\n|rule|Species Clause: Limit one of each Pok\u00e9mon\n|rule|HP Percentage Mod: HP is shown in percentages\n|rule|Sleep Clause Mod: Limit one foe put to sleep\n|rule|Illusion Level Mod: Illusion disguises the Pok\u00e9mon's true level\n|\n|t:|1783561751\n|teamsize|p1|6\n|teamsize|p2|6\n|start\n|switch|p1a: Rhydon|Rhydon, L85, M|100/100\n|switch|p2a: Milotic|Milotic, L83, F|293/293\n|turn|1\n|inactive|Battle timer is ON: inactive players will automatically lose when time's up. (requested by p0x1878928e)\n|inactive|Time left: 300 sec this turn | 300 sec total | 60 sec grace\n|inactive|p0y1878ec25 also wants the timer to be on.\n|\n|t:|1783561752\n|switch|p1a: Ninetales|Ninetales-Alola, L78, M|100/100\n|-weather|Snowscape|[from] ability: Snow Warning|[of] p1a: Ninetales\n|move|p2a: Milotic|Scald|p1a: Ninetales\n|-damage|p1a: Ninetales|69/100\n|-status|p1a: Ninetales|brn\n|\n|-weather|Snowscape|[upkeep]\n|-damage|p1a: Ninetales|63/100 brn|[from] brn\n|upkeep\n|turn|2\n|inactive|Time left: 300 sec this turn | 300 sec total\n|\n|t:|1783561753\n|move|p1a: Ninetales|Aurora Veil|p1a: Ninetales\n|-sidestart|p1: p0x1878928e|move: Aurora Veil\n|move|p2a: Milotic|Scald|p1a: Ninetales\n|-damage|p1a: Ninetales|47/100 brn\n|\n|-weather|Snowscape|[upkeep]\n|-damage|p1a: Ninetales|41/100 brn|[from] brn\n|upkeep\n|turn|3\n|inactive|Time left: 300 sec this turn | 300 sec total\n|\n|t:|1783561754\n|switch|p1a: Galvantula|Galvantula, L82, F|100/100\n|move|p2a: Milotic|Scald|p1a: Galvantula\n|-damage|p1a: Galvantula|78/100\n|\n|-weather|Snowscape|[upkeep]\n|upkeep\n|turn|4\n|inactive|Time left: 300 sec this turn | 300 sec total\n|\n|t:|1783561755\n|switch|p2a: Donphan|Donphan, L84, M|288/288\n|move|p1a: Galvantula|Sticky Web|p2a: Donphan\n|-sidestart|p2: p0y1878ec25|move: Sticky Web\n|\n|-weather|Snowscape|[upkeep]\n|upkeep\n|turn|5\n|inactive|Time left: 300 sec this turn | 300 sec total\n|\n|t:|1783561756\n|move|p1a: Galvantula|Energy Ball|p2a: Donphan\n|-supereffective|p2a: Donphan\n|-damage|p2a: Donphan|130/288\n|move|p2a: Donphan|Rapid Spin|p1a: Galvantula\n|-damage|p1a: Galvantula|66/100\n|-boost|p2a: Donphan|spe|1\n|-sideend|p2: p0y1878ec25|Sticky Web|[from] move: Rapid Spin|[of] p2a: Donphan\n|\n|-weather|none\n|-heal|p2a: Donphan|148/288|[from] item: Leftovers\n|upkeep\n|turn|6\n|inactive|Time left: 300 sec this turn | 300 sec total\n|\n|t:|1783561757\n|move|p1a: Galvantula|Energy Ball|p2a: Donphan\n|-supereffective|p2a: Donphan\n|-damage|p2a: Donphan|0 fnt\n|faint|p2a: Donphan\n|\n|upkeep\n|inactive|Time left: 300 sec this turn | 300 sec total | 5 sec grace\n|\n|t:|1783561758\n|switch|p2a: Weezing|Weezing, L88, M|258/258\n|turn|7\n|inactive|Time left: 300 sec this turn | 300 sec total\n|\n|t:|1783561759\n|move|p1a: Galvantula|Sticky Web|p2a: Weezing\n|-sidestart|p2: p0y1878ec25|move: Sticky Web\n|move|p2a: Weezing|Sludge Bomb|p1a: Galvantula\n|-damage|p1a: Galvantula|39/100\n|-status|p1a: Galvantula|psn\n|\n|-damage|p1a: Galvantula|27/100 psn|[from] psn\n|upkeep\n|turn|8\n|inactive|Time left: 300 sec this turn | 300 sec total\n|\n|t:|1783561760\n|switch|p1a: Porygon2|Porygon2, L81|100/100\n|-ability|p1a: Porygon2|Download|boost\n|-boost|p1a: Porygon2|spa|1\n|move|p2a: Weezing|Sludge Bomb|p1a: Porygon2\n|-damage|p1a: Porygon2|89/100\n|\n|upkeep\n|turn|9\n|inactive|Time left: 300 sec this turn | 300 sec total\n|\n|t:|1783561761\n|move|p2a: Weezing|Sludge Bomb|p1a: Porygon2\n|-damage|p1a: Porygon2|77/100\n|move|p1a: Porygon2|Shadow Ball|p2a: Weezing\n|-damage|p2a: Weezing|165/258\n|\n|-heal|p2a: Weezing|181/258|[from] item: Leftovers\n|-sideend|p1: p0x1878928e|move: Aurora Veil\n|upkeep\n|turn|10\n|inactive|Time left: 300 sec this turn | 300 sec total\n|\n|t:|1783561762\n|switch|p2a: Drifblim|Drifblim, L86, F|396/396\n|move|p1a: Porygon2|Tera Blast|p2a: Drifblim\n|-immune|p2a: Drifblim\n|\n|upkeep\n|turn|11\n|inactive|Time left: 300 sec this turn | 300 sec total\n|\n|t:|1783561763\n|move|p2a: Drifblim|Calm Mind|p2a: Drifblim\n|-boost|p2a: Drifblim|spa|1\n|-boost|p2a: Drifblim|spd|1\n|move|p1a: Porygon2|Shadow Ball|p2a: Drifblim\n|-supereffective|p2a: Drifblim\n|-damage|p2a: Drifblim|250/396\n|\n|upkeep\n|turn|12\n|inactive|Time left: 300 sec this turn | 300 sec total\n|\n|t:|1783561764\n|move|p2a: Drifblim|Strength Sap|p1a: Porygon2\n|-unboost|p1a: Porygon2|atk|1\n|-heal|p2a: Drifblim|396/396\n|move|p1a: Porygon2|Thunder Wave|p2a: Drifblim\n|-status|p2a: Drifblim|par\n|\n|upkeep\n|turn|13\n|inactive|Time left: 300 sec this turn | 300 sec total\n|\n|t:|1783561765\n|move|p1a: Porygon2|Shadow Ball|p2a: Drifblim\n|-supereffective|p2a: Drifblim\n|-damage|p2a: Drifblim|228/396 par\n|move|p2a: Drifblim|Calm Mind|p2a: Drifblim\n|-boost|p2a: Drifblim|spa|1\n|-boost|p2a: Drifblim|spd|1\n|\n|upkeep\n|turn|14\n|inactive|Time left: 300 sec this turn | 300 sec total\n|\n|t:|1783561765\n|move|p1a: Porygon2|Recover|p1a: Porygon2\n|-heal|p1a: Porygon2|100/100\n|cant|p2a: Drifblim|par\n|\n|upkeep\n|turn|15\n|inactive|Time left: 300 sec this turn | 300 sec total\n|\n|t:|1783561766\n|move|p1a: Porygon2|Shadow Ball|p2a: Drifblim\n|-supereffective|p2a: Drifblim\n|-damage|p2a: Drifblim|116/396 par\n|-enditem|p2a: Drifblim|Sitrus Berry|[eat]\n|-heal|p2a: Drifblim|215/396 par|[from] item: Sitrus Berry\n|move|p2a: Drifblim|Strength Sap|p1a: Porygon2\n|-unboost|p1a: Porygon2|atk|1\n|-heal|p2a: Drifblim|332/396 par\n|\n|upkeep\n|turn|16\n|inactive|Time left: 300 sec this turn | 300 sec total\n|\n|t:|1783561767\n|switch|p1a: Rhydon|Rhydon, L85, M|100/100\n|move|p2a: Drifblim|Air Slash|p1a: Rhydon\n|-resisted|p1a: Rhydon\n|-damage|p1a: Rhydon|73/100\n|\n|upkeep\n|turn|17\n|inactive|Time left: 300 sec this turn | 300 sec total\n|\n|t:|1783561768\n|cant|p2a: Drifblim|par\n|move|p1a: Rhydon|Stone Edge|p2a: Drifblim\n|-supereffective|p2a: Drifblim\n|-damage|p2a: Drifblim|0 fnt\n|faint|p2a: Drifblim\n|\n|upkeep\n|inactive|Time left: 300 sec this turn | 300 sec total | 5 sec grace\n|\n|t:|1783561769\n|switch|p2a: Milotic|Milotic, L83, F|293/293\n|-activate|p2a: Milotic|move: Sticky Web\n|-unboost|p2a: Milotic|spe|1\n|-ability|p2a: Milotic|Competitive|boost\n|-boost|p2a: Milotic|spa|2\n|turn|18\n|inactive|Time left: 300 sec this turn | 300 sec total\n|\n|t:|1783561770\n|switch|p1a: Porygon2|Porygon2, L81|100/100\n|-ability|p1a: Porygon2|Download|boost\n|-boost|p1a: Porygon2|atk|1\n|move|p2a: Milotic|Scald|p1a: Porygon2\n|-damage|p1a: Porygon2|62/100\n|-status|p1a: Porygon2|brn\n|\n|-damage|p1a: Porygon2|56/100 brn|[from] brn\n|upkeep\n|turn|19\n|inactive|Time left: 300 sec this turn | 300 sec total\n|\n|t:|1783561771\n|move|p1a: Porygon2|Recover|p1a: Porygon2\n|-heal|p1a: Porygon2|100/100 brn\n|move|p2a: Milotic|Scald|p1a: Porygon2\n|-damage|p1a: Porygon2|57/100 brn\n|\n|-damage|p1a: Porygon2|51/100 brn|[from] brn\n|upkeep\n|turn|20\n|inactive|Time left: 300 sec this turn | 300 sec total\n|\n|t:|1783561772\n|move|p1a: Porygon2|Recover|p1a: Porygon2\n|-heal|p1a: Porygon2|100/100 brn\n|move|p2a: Milotic|Scald|p1a: Porygon2\n|-damage|p1a: Porygon2|58/100 brn\n|\n|-damage|p1a: Porygon2|52/100 brn|[from] brn\n|upkeep\n|turn|21\n|inactive|Time left: 300 sec this turn | 300 sec total\n|\n|t:|1783561774\n|move|p1a: Porygon2|Recover|p1a: Porygon2\n|-heal|p1a: Porygon2|100/100 brn\n|move|p2a: Milotic|Scald|p1a: Porygon2\n|-damage|p1a: Porygon2|58/100 brn\n|\n|-damage|p1a: Porygon2|52/100 brn|[from] brn\n|upkeep\n|turn|22\n|inactive|Time left: 300 sec this turn | 300 sec total\n|\n|t:|1783561775\n|move|p1a: Porygon2|Recover|p1a: Porygon2\n|-heal|p1a: Porygon2|100/100 brn\n|move|p2a: Milotic|Scald|p1a: Porygon2\n|-damage|p1a: Porygon2|59/100 brn\n|\n|-damage|p1a: Porygon2|53/100 brn|[from] brn\n|upkeep\n|turn|23\n|inactive|Time left: 300 sec this turn | 300 sec total\n|\n|t:|1783561776\n|move|p1a: Porygon2|Recover|p1a: Porygon2\n|-heal|p1a: Porygon2|100/100 brn\n|move|p2a: Milotic|Scald|p1a: Porygon2\n|-damage|p1a: Porygon2|59/100 brn\n|\n|-damage|p1a: Porygon2|53/100 brn|[from] brn\n|upkeep\n|turn|24\n|inactive|Time left: 300 sec this turn | 300 sec total\n|\n|t:|1783561777\n|move|p1a: Porygon2|Recover|p1a: Porygon2\n|-heal|p1a: Porygon2|100/100 brn\n|move|p2a: Milotic|Scald|p1a: Porygon2\n|-damage|p1a: Porygon2|58/100 brn\n|\n|-damage|p1a: Porygon2|52/100 brn|[from] brn\n|upkeep\n|turn|25\n|inactive|Time left: 300 sec this turn | 300 sec total\n|\n|t:|1783561778\n|move|p1a: Porygon2|Recover|p1a: Porygon2\n|-heal|p1a: Porygon2|100/100 brn\n|move|p2a: Milotic|Scald|p1a: Porygon2\n|-damage|p1a: Porygon2|58/100 brn\n|\n|-damage|p1a: Porygon2|52/100 brn|[from] brn\n|upkeep\n|turn|26\n|inactive|Time left: 300 sec this turn | 300 sec total\n|\n|t:|1783561779\n|move|p1a: Porygon2|Thunder Wave|p2a: Milotic\n|-status|p2a: Milotic|par\n|move|p2a: Milotic|Scald|p1a: Porygon2\n|-damage|p1a: Porygon2|8/100 brn\n|\n|-damage|p1a: Porygon2|2/100 brn|[from] brn\n|upkeep\n|turn|27\n|inactive|Time left: 300 sec this turn | 300 sec total\n|\n|t:|1783561780\n|switch|p1a: Ninetales|Ninetales-Alola, L78, M|41/100 brn\n|-weather|Snowscape|[from] ability: Snow Warning|[of] p1a: Ninetales\n|move|p2a: Milotic|Scald|p1a: Ninetales\n|-damage|p1a: Ninetales|0 fnt\n|faint|p1a: Ninetales\n|\n|-weather|Snowscape|[upkeep]\n|upkeep\n|\n|t:|1783561781\n|switch|p1a: Staraptor|Staraptor, L79, F|100/100\n|turn|28\n|inactive|Time left: 300 sec this turn | 300 sec total\n|\n|t:|1783561782\n|-terastallize|p1a: Staraptor|Flying\n|move|p1a: Staraptor|Brave Bird|p2a: Milotic\n|-damage|p2a: Milotic|0 fnt\n|faint|p2a: Milotic\n|-damage|p1a: Staraptor|64/100|[from] Recoil\n|\n|-weather|Snowscape|[upkeep]\n|upkeep\n|inactive|Time left: 300 sec this turn | 300 sec total | 5 sec grace\n|\n|t:|1783561783\n|switch|p2a: Lumineon|Lumineon, L93, F|279/279\n|turn|29\n|inactive|Time left: 300 sec this turn | 300 sec total\n|\n|t:|1783561784\n|move|p2a: Lumineon|Ice Beam|p1a: Staraptor\n|-supereffective|p1a: Staraptor\n|-damage|p1a: Staraptor|0 fnt\n|faint|p1a: Staraptor\n|\n|-weather|Snowscape|[upkeep]\n|upkeep\n|\n|t:|1783561785\n|switch|p1a: Galvantula|Galvantula, L82, F|27/100 psn\n|turn|30\n|inactive|Time left: 300 sec this turn | 300 sec total\n|\n|t:|1783561786\n|move|p1a: Galvantula|Thunder|p2a: Lumineon\n|-supereffective|p2a: Lumineon\n|-damage|p2a: Lumineon|91/279\n|move|p2a: Lumineon|Ice Beam|p1a: Galvantula\n|-damage|p1a: Galvantula|0 fnt\n|faint|p1a: Galvantula\n|\n|-weather|Snowscape|[upkeep]\n|upkeep\n|\n|t:|1783561786\n|switch|p1a: Porygon2|Porygon2, L81|2/100 brn\n|-ability|p1a: Porygon2|Download|boost\n|-boost|p1a: Porygon2|atk|1\n|turn|31\n|inactive|Time left: 300 sec this turn | 300 sec total\n|\n|t:|1783561787\n|move|p2a: Lumineon|U-turn|p1a: Porygon2\n|-damage|p1a: Porygon2|0 fnt\n|faint|p1a: Porygon2\n|inactive|Time left: 300 sec this turn | 300 sec total | 5 sec grace\n|\n|t:|1783561788\n|switch|p2a: Weezing|Weezing, L88, M|181/258|[from] U-turn\n|\n|-weather|none\n|-heal|p2a: Weezing|197/258|[from] item: Leftovers\n|upkeep\n|\n|t:|1783561789\n|switch|p1a: Sandaconda|Sandaconda, L84, M|100/100\n|turn|32\n|inactive|Time left: 300 sec this turn | 300 sec total\n|\n|t:|1783561790\n|move|p1a: Sandaconda|Coil|p1a: Sandaconda\n|-boost|p1a: Sandaconda|atk|1\n|-boost|p1a: Sandaconda|def|1\n|-boost|p1a: Sandaconda|accuracy|1\n|move|p2a: Weezing|Fire Blast|p1a: Sandaconda\n|-damage|p1a: Sandaconda|66/100\n|\n|-heal|p2a: Weezing|213/258|[from] item: Leftovers\n|upkeep\n|turn|33\n|inactive|Time left: 300 sec this turn | 300 sec total\n|\n|t:|1783561791\n|move|p1a: Sandaconda|Coil|p1a: Sandaconda\n|-boost|p1a: Sandaconda|atk|1\n|-boost|p1a: Sandaconda|def|1\n|-boost|p1a: Sandaconda|accuracy|1\n|move|p2a: Weezing|Fire Blast|p1a: Sandaconda\n|-damage|p1a: Sandaconda|32/100\n|\n|-heal|p2a: Weezing|229/258|[from] item: Leftovers\n|upkeep\n|turn|34\n|inactive|Time left: 300 sec this turn | 300 sec total\n|\n|t:|1783561791\n|move|p1a: Sandaconda|Scale Shot|p2a: Weezing\n|-damage|p2a: Weezing|202/258\n|-damage|p2a: Weezing|175/258\n|-damage|p2a: Weezing|144/258\n|-damage|p2a: Weezing|116/258\n|-damage|p2a: Weezing|87/258\n|-hitcount|p2a: Weezing|5\n|-unboost|p1a: Sandaconda|def|1\n|-boost|p1a: Sandaconda|spe|1\n|move|p2a: Weezing|Fire Blast|p1a: Sandaconda\n|-damage|p1a: Sandaconda|0 fnt\n|faint|p1a: Sandaconda\n|\n|-heal|p2a: Weezing|103/258|[from] item: Leftovers\n|upkeep\n|\n|t:|1783561792\n|switch|p1a: Rhydon|Rhydon, L85, M|73/100\n|turn|35\n|inactive|Time left: 300 sec this turn | 300 sec total\n|\n|t:|1783561793\n|move|p2a: Weezing|Will-O-Wisp|p1a: Rhydon\n|-status|p1a: Rhydon|brn\n|move|p1a: Rhydon|Stone Edge|p2a: Weezing|[miss]\n|-miss|p1a: Rhydon|p2a: Weezing\n|\n|-heal|p2a: Weezing|119/258|[from] item: Leftovers\n|-damage|p1a: Rhydon|67/100 brn|[from] brn\n|upkeep\n|turn|36\n|inactive|Time left: 300 sec this turn | 300 sec total\n|\n|t:|1783561794\n|switch|p2a: Lumineon|Lumineon, L93, F|91/279\n|move|p1a: Rhydon|Stone Edge|p2a: Lumineon\n|-damage|p2a: Lumineon|20/279\n|\n|-damage|p1a: Rhydon|61/100 brn|[from] brn\n|upkeep\n|turn|37\n|inactive|Time left: 300 sec this turn | 300 sec total\n|\n|t:|1783561795\n|move|p2a: Lumineon|Hydro Pump|p1a: Rhydon\n|-supereffective|p1a: Rhydon\n|-damage|p1a: Rhydon|0 fnt\n|faint|p1a: Rhydon\n|\n|win|p0y1878ec25", "uploadtime": 1783561795, "views": 0, "rating": 0, "private": 0, "password": null, "_winner": "p0y1878ec25", "_our_name": "p0y1878ec25"}