{"id": "battle-gen9randombattle-433", "formatid": "gen9randombattle", "format": "[Gen 9] Random Battle", "players": ["p0x433e0e1", "p0y4331bf1"], "log": "|init|battle\n|title|p0x433e0e1 vs. p0y4331bf1\n|j|\u2606p0x433e0e1\n|j|\u2606p0y4331bf1\n|t:|1783544081\n|gametype|singles\n|player|p1|p0x433e0e1|266|\n|player|p2|p0y4331bf1|170|\n|gen|9\n|tier|[Gen 9] Random Battle\n|rule|Species Clause: Limit one of each Pok\u00e9mon\n|rule|HP Percentage Mod: HP is shown in percentages\n|rule|Sleep Clause Mod: Limit one foe put to sleep\n|rule|Illusion Level Mod: Illusion disguises the Pok\u00e9mon's true level\n|\n|t:|1783544081\n|teamsize|p1|6\n|teamsize|p2|6\n|start\n|switch|p1a: Polteageist|Polteageist-Antique, L78|100/100\n|switch|p2a: Rabsca|Rabsca, L91, M|284/284\n|turn|1\n|inactive|Battle timer is ON: inactive players will automatically lose when time's up. (requested by p0y4331bf1)\n|inactive|p0x433e0e1 also wants the timer to be on.\n|\n|t:|1783544082\n|move|p1a: Polteageist|Shell Smash|p1a: Polteageist\n|-unboost|p1a: Polteageist|def|1\n|-unboost|p1a: Polteageist|spd|1\n|-boost|p1a: Polteageist|atk|2\n|-boost|p1a: Polteageist|spa|2\n|-boost|p1a: Polteageist|spe|2\n|-enditem|p1a: Polteageist|White Herb\n|-clearnegativeboost|p1a: Polteageist|[silent]\n|move|p2a: Rabsca|Psychic|p1a: Polteageist\n|-damage|p1a: Polteageist|52/100\n|-start|p2a: Rabsca|Disable|Psychic|[from] ability: Cursed Body|[of] p1a: Polteageist\n|\n|upkeep\n|turn|2\n|inactive|Time left: 300 sec this turn | 300 sec total\n|\n|t:|1783544082\n|switch|p2a: Quagsire|Quagsire, L84, F|297/297\n|move|p1a: Polteageist|Shadow Ball|p2a: Quagsire\n|-damage|p2a: Quagsire|177/297\n|\n|-heal|p2a: Quagsire|195/297|[from] item: Leftovers\n|upkeep\n|turn|3\n|inactive|Time left: 300 sec this turn | 300 sec total\n|\n|t:|1783544083\n|move|p1a: Polteageist|Strength Sap|p2a: Quagsire\n|-unboost|p2a: Quagsire|atk|1\n|-heal|p1a: Polteageist|100/100\n|move|p2a: Quagsire|Earthquake|p1a: Polteageist\n|-damage|p1a: Polteageist|61/100\n|\n|-heal|p2a: Quagsire|213/297|[from] item: Leftovers\n|upkeep\n|turn|4\n|inactive|Time left: 300 sec this turn | 300 sec total\n|\n|t:|1783544084\n|move|p1a: Polteageist|Shadow Ball|p2a: Quagsire\n|-damage|p2a: Quagsire|98/297\n|move|p2a: Quagsire|Toxic|p1a: Polteageist\n|-status|p1a: Polteageist|tox\n|\n|-heal|p2a: Quagsire|116/297|[from] item: Leftovers\n|-damage|p1a: Polteageist|55/100 tox|[from] psn\n|upkeep\n|turn|5\n|inactive|Time left: 300 sec this turn | 300 sec total\n|\n|t:|1783544085\n|move|p1a: Polteageist|Shadow Ball|p2a: Quagsire\n|-damage|p2a: Quagsire|0 fnt\n|faint|p2a: Quagsire\n|\n|-damage|p1a: Polteageist|43/100 tox|[from] psn\n|upkeep\n|inactive|Time left: 300 sec this turn | 300 sec total | 5 sec grace\n|\n|t:|1783544086\n|switch|p2a: Rabsca|Rabsca, L91, M|284/284\n|turn|6\n|inactive|Time left: 300 sec this turn | 300 sec total\n|\n|t:|1783544087\n|-terastallize|p2a: Rabsca|Steel\n|move|p1a: Polteageist|Strength Sap|p2a: Rabsca\n|-unboost|p2a: Rabsca|atk|1\n|-heal|p1a: Polteageist|87/100 tox\n|move|p2a: Rabsca|Psychic|p1a: Polteageist\n|-damage|p1a: Polteageist|38/100 tox\n|\n|-damage|p1a: Polteageist|20/100 tox|[from] psn\n|upkeep\n|turn|7\n|inactive|Time left: 300 sec this turn | 300 sec total\n|\n|t:|1783544088\n|move|p1a: Polteageist|Strength Sap|p2a: Rabsca\n|-unboost|p2a: Rabsca|atk|1\n|-heal|p1a: Polteageist|49/100 tox\n|move|p2a: Rabsca|Bug Buzz|p1a: Polteageist\n|-resisted|p1a: Polteageist\n|-damage|p1a: Polteageist|26/100 tox\n|\n|-damage|p1a: Polteageist|3/100 tox|[from] psn\n|upkeep\n|turn|8\n|inactive|Time left: 300 sec this turn | 300 sec total\n|\n|t:|1783544089\n|move|p1a: Polteageist|Strength Sap|p2a: Rabsca\n|-unboost|p2a: Rabsca|atk|1\n|-heal|p1a: Polteageist|24/100 tox\n|move|p2a: Rabsca|Psychic|p1a: Polteageist\n|-damage|p1a: Polteageist|0 fnt\n|faint|p1a: Polteageist\n|\n|upkeep\n|\n|t:|1783544090\n|switch|p1a: Lycanroc|Lycanroc-Dusk, L81, F|100/100\n|turn|9\n|inactive|Time left: 300 sec this turn | 300 sec total\n|\n|t:|1783544091\n|switch|p2a: Jirachi|Jirachi, L80|291/291\n|move|p1a: Lycanroc|Close Combat|p2a: Jirachi\n|-damage|p2a: Jirachi|135/291\n|-unboost|p1a: Lycanroc|def|1\n|-unboost|p1a: Lycanroc|spd|1\n|\n|-heal|p2a: Jirachi|153/291|[from] item: Leftovers\n|upkeep\n|turn|10\n|inactive|Time left: 300 sec this turn | 300 sec total\n|\n|t:|1783544092\n|move|p2a: Jirachi|Protect|p2a: Jirachi\n|-singleturn|p2a: Jirachi|Protect\n|move|p1a: Lycanroc|Close Combat|p2a: Jirachi\n|-activate|p2a: Jirachi|move: Protect\n|\n|-heal|p2a: Jirachi|171/291|[from] item: Leftovers\n|upkeep\n|turn|11\n|inactive|Time left: 300 sec this turn | 300 sec total\n|\n|t:|1783544093\n|-terastallize|p1a: Lycanroc|Fighting\n|move|p1a: Lycanroc|Close Combat|p2a: Jirachi\n|-damage|p2a: Jirachi|0 fnt\n|-unboost|p1a: Lycanroc|def|1\n|-unboost|p1a: Lycanroc|spd|1\n|faint|p2a: Jirachi\n|\n|upkeep\n|inactive|Time left: 300 sec this turn | 300 sec total | 5 sec grace\n|\n|t:|1783544094\n|switch|p2a: Cinccino|Cinccino, L83, F|260/260\n|turn|12\n|inactive|Time left: 300 sec this turn | 300 sec total\n|\n|t:|1783544095\n|switch|p1a: Regirock|Regirock, L83|100/100\n|move|p2a: Cinccino|Tail Slap|p1a: Regirock|[miss]\n|-miss|p2a: Cinccino|p1a: Regirock\n|\n|upkeep\n|turn|13\n|inactive|Time left: 300 sec this turn | 300 sec total\n|\n|t:|1783544096\n|move|p2a: Cinccino|Bullet Seed|p1a: Regirock\n|-supereffective|p1a: Regirock\n|-damage|p1a: Regirock|91/100\n|-supereffective|p1a: Regirock\n|-damage|p1a: Regirock|81/100\n|-supereffective|p1a: Regirock\n|-damage|p1a: Regirock|71/100\n|-supereffective|p1a: Regirock\n|-damage|p1a: Regirock|62/100\n|-hitcount|p1a: Regirock|4\n|move|p1a: Regirock|Body Press|p2a: Cinccino\n|-supereffective|p2a: Cinccino\n|-damage|p2a: Cinccino|0 fnt\n|faint|p2a: Cinccino\n|\n|upkeep\n|inactive|Time left: 300 sec this turn | 300 sec total | 5 sec grace\n|\n|t:|1783544098\n|switch|p2a: Rabsca|Rabsca, L91, M, tera:Steel|284/284\n|turn|14\n|inactive|Time left: 300 sec this turn | 300 sec total\n|\n|t:|1783544099\n|move|p2a: Rabsca|Psychic|p1a: Regirock\n|-damage|p1a: Regirock|15/100\n|move|p1a: Regirock|Rest|p1a: Regirock\n|-status|p1a: Regirock|slp|[from] move: Rest\n|-heal|p1a: Regirock|100/100 slp|[silent]\n|-enditem|p1a: Regirock|Chesto Berry|[eat]\n|-curestatus|p1a: Regirock|slp|[msg]\n|\n|upkeep\n|turn|15\n|inactive|Time left: 300 sec this turn | 300 sec total\n|\n|t:|1783544100\n|move|p2a: Rabsca|Psychic|p1a: Regirock\n|-damage|p1a: Regirock|60/100\n|move|p1a: Regirock|Body Press|p2a: Rabsca\n|-supereffective|p2a: Rabsca\n|-damage|p2a: Rabsca|76/284\n|\n|upkeep\n|turn|16\n|inactive|Time left: 300 sec this turn | 300 sec total\n|\n|t:|1783544101\n|move|p2a: Rabsca|Earth Power|p1a: Regirock\n|-supereffective|p1a: Regirock\n|-crit|p1a: Regirock\n|-damage|p1a: Regirock|0 fnt\n|faint|p1a: Regirock\n|\n|upkeep\n|\n|t:|1783544102\n|switch|p1a: Lycanroc|Lycanroc-Dusk, L81, F, tera:Fighting|100/100\n|turn|17\n|inactive|Time left: 300 sec this turn | 300 sec total\n|\n|t:|1783544103\n|move|p1a: Lycanroc|Throat Chop|p2a: Rabsca\n|-damage|p2a: Rabsca|0 fnt\n|faint|p2a: Rabsca\n|\n|upkeep\n|inactive|Time left: 300 sec this turn | 300 sec total | 5 sec grace\n|\n|t:|1783544104\n|switch|p2a: Glalie|Glalie, L96, F|309/309\n|turn|18\n|inactive|Time left: 300 sec this turn | 300 sec total\n|\n|t:|1783544105\n|move|p1a: Lycanroc|Throat Chop|p2a: Glalie\n|-damage|p2a: Glalie|202/309\n|-start|p2a: Glalie|Throat Chop|[silent]\n|move|p2a: Glalie|Freeze-Dry|p1a: Lycanroc\n|-damage|p1a: Lycanroc|62/100\n|\n|upkeep\n|turn|19\n|inactive|Time left: 300 sec this turn | 300 sec total\n|\n|t:|1783544106\n|move|p1a: Lycanroc|Throat Chop|p2a: Glalie\n|-damage|p2a: Glalie|90/309\n|move|p2a: Glalie|Freeze-Dry|p1a: Lycanroc\n|-damage|p1a: Lycanroc|19/100\n|-status|p1a: Lycanroc|frz\n|\n|-end|p2a: Glalie|Throat Chop|[silent]\n|upkeep\n|turn|20\n|inactive|Time left: 300 sec this turn | 300 sec total\n|\n|t:|1783544107\n|switch|p1a: Oinkologne|Oinkologne, L92, M|100/100\n|move|p2a: Glalie|Spikes|p1a: Oinkologne\n|-sidestart|p1: p0x433e0e1|Spikes\n|\n|upkeep\n|turn|21\n|inactive|Time left: 300 sec this turn | 300 sec total\n|\n|t:|1783544108\n|move|p2a: Glalie|Spikes|p1a: Oinkologne\n|-sidestart|p1: p0x433e0e1|Spikes\n|move|p1a: Oinkologne|Body Slam|p2a: Glalie\n|-damage|p2a: Glalie|0 fnt\n|faint|p2a: Glalie\n|\n|upkeep\n|inactive|Time left: 300 sec this turn | 300 sec total | 5 sec grace\n|\n|t:|1783544109\n|switch|p2a: Ogerpon|Ogerpon-Hearthflame, L74, F|239/239\n|-ability|p2a: Ogerpon|Mold Breaker\n|turn|22\n|inactive|Time left: 300 sec this turn | 300 sec total\n|\n|t:|1783544110\n|move|p2a: Ogerpon|Knock Off|p1a: Oinkologne\n|-damage|p1a: Oinkologne|78/100\n|-enditem|p1a: Oinkologne|Leftovers|[from] move: Knock Off|[of] p2a: Ogerpon\n|move|p1a: Oinkologne|Body Slam|p2a: Ogerpon\n|-damage|p2a: Ogerpon|110/239\n|\n|upkeep\n|turn|23\n|inactive|Time left: 300 sec this turn | 300 sec total\n|\n|t:|1783544112\n|move|p2a: Ogerpon|Swords Dance|p2a: Ogerpon\n|-boost|p2a: Ogerpon|atk|2\n|move|p1a: Oinkologne|Body Slam|p2a: Ogerpon\n|-damage|p2a: Ogerpon|0 fnt\n|faint|p2a: Ogerpon\n|\n|win|p0x433e0e1", "uploadtime": 1783544112, "views": 0, "rating": 0, "private": 0, "password": null, "_winner": "p0x433e0e1", "_our_name": "p0y4331bf1"}