{"id": "battle-gen9randombattle-1066", "formatid": "gen9randombattle", "format": "[Gen 9] Random Battle", "players": ["p0x1066f33e", "p0y10662b44"], "log": "|init|battle\n|title|p0x1066f33e vs. p0y10662b44\n|j|\u2606p0x1066f33e\n|j|\u2606p0y10662b44\n|t:|1783552252\n|gametype|singles\n|player|p1|p0x1066f33e|2|\n|player|p2|p0y10662b44|1|\n|gen|9\n|tier|[Gen 9] Random Battle\n|rule|Species Clause: Limit one of each Pok\u00e9mon\n|rule|HP Percentage Mod: HP is shown in percentages\n|rule|Sleep Clause Mod: Limit one foe put to sleep\n|rule|Illusion Level Mod: Illusion disguises the Pok\u00e9mon's true level\n|\n|t:|1783552252\n|teamsize|p1|6\n|teamsize|p2|6\n|start\n|switch|p1a: Seviper|Seviper, L93, F|100/100\n|switch|p2a: Chi-Yu|Chi-Yu, L77|211/211\n|-ability|p2a: Chi-Yu|Beads of Ruin\n|turn|1\n|inactive|Battle timer is ON: inactive players will automatically lose when time's up. (requested by p0y10662b44)\n|inactive|p0x1066f33e also wants the timer to be on.\n|\n|t:|1783552254\n|move|p1a: Seviper|Gunk Shot|p2a: Chi-Yu\n|-damage|p2a: Chi-Yu|30/211\n|-status|p2a: Chi-Yu|psn\n|move|p2a: Chi-Yu|Psychic|p1a: Seviper\n|-supereffective|p1a: Seviper\n|-damage|p1a: Seviper|0 fnt\n|faint|p1a: Seviper\n|\n|-damage|p2a: Chi-Yu|4/211 psn|[from] psn\n|upkeep\n|\n|t:|1783552255\n|switch|p1a: Zangoose|Zangoose, L85, M|100/100\n|turn|2\n|inactive|Time left: 300 sec this turn | 300 sec total\n|\n|t:|1783552256\n|move|p1a: Zangoose|Knock Off|p2a: Chi-Yu\n|-resisted|p2a: Chi-Yu\n|-damage|p2a: Chi-Yu|0 fnt\n|-enditem|p2a: Chi-Yu|Choice Specs|[from] move: Knock Off|[of] p1a: Zangoose\n|faint|p2a: Chi-Yu\n|\n|-status|p1a: Zangoose|tox|[from] item: Toxic Orb\n|upkeep\n|inactive|Time left: 300 sec this turn | 300 sec total | 5 sec grace\n|\n|t:|1783552257\n|switch|p2a: Wugtrio|Wugtrio, L91, M|212/212\n|turn|3\n|inactive|Time left: 300 sec this turn | 300 sec total\n|\n|t:|1783552258\n|-terastallize|p2a: Wugtrio|Water\n|move|p2a: Wugtrio|Liquidation|p1a: Zangoose\n|-damage|p1a: Zangoose|0 fnt\n|faint|p1a: Zangoose\n|\n|upkeep\n|\n|t:|1783552259\n|switch|p1a: Azumarill|Azumarill, L82, F|100/100\n|turn|4\n|inactive|Time left: 300 sec this turn | 300 sec total\n|\n|t:|1783552261\n|move|p2a: Wugtrio|Liquidation|p1a: Azumarill\n|-resisted|p1a: Azumarill\n|-damage|p1a: Azumarill|64/100\n|-unboost|p1a: Azumarill|def|1\n|move|p1a: Azumarill|Play Rough|p2a: Wugtrio\n|-damage|p2a: Wugtrio|0 fnt\n|-ability|p2a: Wugtrio|Gooey\n|-unboost|p1a: Azumarill|spe|1\n|faint|p2a: Wugtrio\n|\n|upkeep\n|inactive|Time left: 300 sec this turn | 300 sec total | 5 sec grace\n|\n|t:|1783552262\n|switch|p2a: Venomoth|Venomoth, L84, F|255/255\n|turn|5\n|inactive|Time left: 300 sec this turn | 300 sec total\n|\n|t:|1783552263\n|switch|p1a: Skeledirge|Skeledirge, L79, M|100/100\n|move|p2a: Venomoth|Quiver Dance|p2a: Venomoth\n|-boost|p2a: Venomoth|spa|1\n|-boost|p2a: Venomoth|spd|1\n|-boost|p2a: Venomoth|spe|1\n|\n|upkeep\n|turn|6\n|inactive|Time left: 300 sec this turn | 300 sec total\n|\n|t:|1783552264\n|move|p2a: Venomoth|Sleep Powder|p1a: Skeledirge\n|-status|p1a: Skeledirge|slp|[from] move: Sleep Powder\n|cant|p1a: Skeledirge|slp\n|\n|upkeep\n|turn|7\n|inactive|Time left: 300 sec this turn | 300 sec total\n|\n|t:|1783552265\n|move|p2a: Venomoth|Sludge Wave|p1a: Skeledirge\n|-resisted|p1a: Skeledirge\n|-damage|p1a: Skeledirge|65/100 slp\n|-curestatus|p1a: Skeledirge|slp|[msg]\n|move|p1a: Skeledirge|Torch Song|p2a: Venomoth\n|-supereffective|p2a: Venomoth\n|-damage|p2a: Venomoth|79/255\n|-boost|p1a: Skeledirge|spa|1\n|\n|upkeep\n|turn|8\n|inactive|Time left: 300 sec this turn | 300 sec total\n|\n|t:|1783552266\n|move|p2a: Venomoth|Sleep Powder|p1a: Skeledirge\n|-status|p1a: Skeledirge|slp|[from] move: Sleep Powder\n|cant|p1a: Skeledirge|slp\n|\n|upkeep\n|turn|9\n|inactive|Time left: 300 sec this turn | 300 sec total\n|\n|t:|1783552267\n|move|p2a: Venomoth|Sludge Wave|p1a: Skeledirge\n|-resisted|p1a: Skeledirge\n|-damage|p1a: Skeledirge|28/100 slp\n|cant|p1a: Skeledirge|slp\n|\n|upkeep\n|turn|10\n|inactive|Time left: 300 sec this turn | 300 sec total\n|\n|t:|1783552268\n|move|p2a: Venomoth|Sludge Wave|p1a: Skeledirge\n|-resisted|p1a: Skeledirge\n|-damage|p1a: Skeledirge|0 fnt\n|faint|p1a: Skeledirge\n|\n|upkeep\n|\n|t:|1783552269\n|switch|p1a: Azumarill|Azumarill, L82, F|64/100\n|turn|11\n|inactive|Time left: 300 sec this turn | 300 sec total\n|\n|t:|1783552270\n|move|p1a: Azumarill|Aqua Jet|p2a: Venomoth\n|-damage|p2a: Venomoth|0 fnt\n|faint|p2a: Venomoth\n|\n|upkeep\n|inactive|Time left: 300 sec this turn | 300 sec total | 5 sec grace\n|\n|t:|1783552271\n|switch|p2a: Tyranitar|Tyranitar, L78, F|284/284\n|-weather|Sandstorm|[from] ability: Sand Stream|[of] p2a: Tyranitar\n|turn|12\n|inactive|Time left: 300 sec this turn | 300 sec total\n|\n|t:|1783552272\n|move|p1a: Azumarill|Aqua Jet|p2a: Tyranitar\n|-supereffective|p2a: Tyranitar\n|-damage|p2a: Tyranitar|150/284\n|-enditem|p2a: Tyranitar|Weakness Policy\n|-boost|p2a: Tyranitar|atk|2|[from] item: Weakness Policy\n|-boost|p2a: Tyranitar|spa|2|[from] item: Weakness Policy\n|move|p2a: Tyranitar|Stone Edge|p1a: Azumarill|[miss]\n|-miss|p2a: Tyranitar|p1a: Azumarill\n|\n|-weather|Sandstorm|[upkeep]\n|-damage|p1a: Azumarill|58/100|[from] Sandstorm\n|upkeep\n|turn|13\n|inactive|Time left: 300 sec this turn | 300 sec total\n|\n|t:|1783552274\n|-terastallize|p1a: Azumarill|Water\n|move|p1a: Azumarill|Aqua Jet|p2a: Tyranitar\n|-supereffective|p2a: Tyranitar\n|-damage|p2a: Tyranitar|0 fnt\n|faint|p2a: Tyranitar\n|\n|-weather|Sandstorm|[upkeep]\n|-damage|p1a: Azumarill|52/100|[from] Sandstorm\n|upkeep\n|inactive|Time left: 300 sec this turn | 300 sec total | 5 sec grace\n|\n|t:|1783552275\n|switch|p2a: Hypno|Hypno, L95, M|315/315\n|turn|14\n|inactive|Time left: 300 sec this turn | 300 sec total\n|\n|t:|1783552276\n|move|p1a: Azumarill|Aqua Jet|p2a: Hypno\n|-damage|p2a: Hypno|209/315\n|move|p2a: Hypno|Psychic Noise|p1a: Azumarill\n|-damage|p1a: Azumarill|22/100\n|-start|p1a: Azumarill|move: Heal Block\n|\n|-weather|Sandstorm|[upkeep]\n|-damage|p2a: Hypno|190/315|[from] Sandstorm\n|-damage|p1a: Azumarill|16/100|[from] Sandstorm\n|-heal|p2a: Hypno|209/315|[from] item: Leftovers\n|upkeep\n|turn|15\n|inactive|Time left: 300 sec this turn | 300 sec total\n|\n|t:|1783552277\n|move|p1a: Azumarill|Aqua Jet|p2a: Hypno\n|-damage|p2a: Hypno|105/315\n|move|p2a: Hypno|Psychic Noise|p1a: Azumarill\n|-damage|p1a: Azumarill|0 fnt\n|faint|p1a: Azumarill\n|\n|-weather|Sandstorm|[upkeep]\n|-damage|p2a: Hypno|86/315|[from] Sandstorm\n|-heal|p2a: Hypno|105/315|[from] item: Leftovers\n|upkeep\n|\n|t:|1783552278\n|switch|p1a: Sawsbuck|Sawsbuck-Summer, L88, F|100/100\n|turn|16\n|inactive|Time left: 300 sec this turn | 300 sec total\n|\n|t:|1783552279\n|switch|p2a: Pyroar|Pyroar, L88, M|295/295\n|-ability|p2a: Pyroar|Unnerve\n|move|p1a: Sawsbuck|Horn Leech|p2a: Pyroar\n|-resisted|p2a: Pyroar\n|-damage|p2a: Pyroar|229/295\n|-damage|p1a: Sawsbuck|91/100|[from] item: Life Orb\n|\n|-weather|none\n|upkeep\n|turn|17\n|inactive|Time left: 300 sec this turn | 300 sec total\n|\n|t:|1783552280\n|switch|p1a: Glimmora|Glimmora, L75, F|100/100\n|move|p2a: Pyroar|Fire Blast|p1a: Glimmora\n|-resisted|p1a: Glimmora\n|-damage|p1a: Glimmora|80/100\n|\n|upkeep\n|turn|18\n|inactive|Time left: 300 sec this turn | 300 sec total\n|\n|t:|1783552281\n|move|p2a: Pyroar|Hyper Voice|p1a: Glimmora\n|-resisted|p1a: Glimmora\n|-crit|p1a: Glimmora\n|-damage|p1a: Glimmora|51/100\n|move|p1a: Glimmora|Sludge Wave|p2a: Pyroar\n|-damage|p2a: Pyroar|100/295\n|\n|upkeep\n|turn|19\n|inactive|Time left: 300 sec this turn | 300 sec total\n|\n|t:|1783552282\n|move|p2a: Pyroar|Hyper Voice|p1a: Glimmora\n|-resisted|p1a: Glimmora\n|-damage|p1a: Glimmora|32/100\n|move|p1a: Glimmora|Sludge Wave|p2a: Pyroar\n|-damage|p2a: Pyroar|0 fnt\n|faint|p2a: Pyroar\n|\n|upkeep\n|inactive|Time left: 300 sec this turn | 300 sec total | 5 sec grace\n|\n|t:|1783552283\n|switch|p2a: Hypno|Hypno, L95, M|105/315\n|turn|20\n|inactive|Time left: 300 sec this turn | 300 sec total\n|\n|t:|1783552284\n|move|p2a: Hypno|Protect|p2a: Hypno\n|-singleturn|p2a: Hypno|Protect\n|move|p1a: Glimmora|Mortal Spin|p2a: Hypno\n|-activate|p2a: Hypno|move: Protect\n|\n|-heal|p2a: Hypno|124/315|[from] item: Leftovers\n|upkeep\n|turn|21\n|inactive|Time left: 300 sec this turn | 300 sec total\n|\n|t:|1783552285\n|move|p2a: Hypno|Protect||[still]\n|-fail|p2a: Hypno\n|move|p1a: Glimmora|Mortal Spin|p2a: Hypno\n|-damage|p2a: Hypno|106/315\n|-status|p2a: Hypno|psn\n|\n|-heal|p2a: Hypno|125/315 psn|[from] item: Leftovers\n|-damage|p2a: Hypno|86/315 psn|[from] psn\n|upkeep\n|turn|22\n|inactive|Time left: 300 sec this turn | 300 sec total\n|\n|t:|1783552286\n|move|p2a: Hypno|Protect|p2a: Hypno\n|-singleturn|p2a: Hypno|Protect\n|move|p1a: Glimmora|Earth Power|p2a: Hypno\n|-activate|p2a: Hypno|move: Protect\n|\n|-heal|p2a: Hypno|105/315 psn|[from] item: Leftovers\n|-damage|p2a: Hypno|66/315 psn|[from] psn\n|upkeep\n|turn|23\n|inactive|Time left: 300 sec this turn | 300 sec total\n|\n|t:|1783552287\n|move|p2a: Hypno|Focus Blast|p1a: Glimmora\n|-damage|p1a: Glimmora|3/100\n|move|p1a: Glimmora|Sludge Wave|p2a: Hypno\n|-damage|p2a: Hypno|0 fnt\n|faint|p2a: Hypno\n|\n|win|p0x1066f33e", "uploadtime": 1783552287, "views": 0, "rating": 0, "private": 0, "password": null, "_winner": "p0x1066f33e", "_our_name": "p0y10662b44"}