{"id": "battle-gen9randombattle-1630", "formatid": "gen9randombattle", "format": "[Gen 9] Random Battle", "players": ["p0x163035af", "p0y1630cf37"], "log": "|init|battle\n|title|p0x163035af vs. p0y1630cf37\n|j|\u2606p0x163035af\n|j|\u2606p0y1630cf37\n|t:|1783558121\n|gametype|singles\n|player|p1|p0x163035af|265|\n|player|p2|p0y1630cf37|2|\n|gen|9\n|tier|[Gen 9] Random Battle\n|rule|Species Clause: Limit one of each Pok\u00e9mon\n|rule|HP Percentage Mod: HP is shown in percentages\n|rule|Sleep Clause Mod: Limit one foe put to sleep\n|rule|Illusion Level Mod: Illusion disguises the Pok\u00e9mon's true level\n|\n|t:|1783558121\n|teamsize|p1|6\n|teamsize|p2|6\n|start\n|switch|p1a: Cacturne|Cacturne, L92, M|100/100\n|switch|p2a: Muk|Muk-Alola, L82, M|306/306\n|turn|1\n|inactive|Battle timer is ON: inactive players will automatically lose when time's up. (requested by p0x163035af)\n|inactive|Time left: 300 sec this turn | 300 sec total | 60 sec grace\n|inactive|p0y1630cf37 also wants the timer to be on.\n|\n|t:|1783558123\n|move|p1a: Cacturne|Swords Dance|p1a: Cacturne\n|-boost|p1a: Cacturne|atk|2\n|move|p2a: Muk|Gunk Shot|p1a: Cacturne\n|-supereffective|p1a: Cacturne\n|-crit|p1a: Cacturne\n|-damage|p1a: Cacturne|0 fnt\n|faint|p1a: Cacturne\n|\n|upkeep\n|\n|t:|1783558124\n|switch|p1a: Koraidon|Koraidon, L64|100/100\n|-weather|SunnyDay|[from] ability: Orichalcum Pulse|[of] p1a: Koraidon\n|-activate|p1a: Koraidon|Orichalcum Pulse|[source]\n|turn|2\n|inactive|Time left: 300 sec this turn | 300 sec total\n|\n|t:|1783558125\n|move|p1a: Koraidon|Outrage|p2a: Muk\n|-damage|p2a: Muk|63/306\n|move|p2a: Muk|Knock Off|p1a: Koraidon\n|-resisted|p1a: Koraidon\n|-damage|p1a: Koraidon|76/100\n|-status|p1a: Koraidon|psn|[from] ability: Poison Touch|[of] p2a: Muk\n|-enditem|p1a: Koraidon|Choice Band|[from] move: Knock Off|[of] p2a: Muk\n|\n|-weather|SunnyDay|[upkeep]\n|-damage|p1a: Koraidon|64/100 psn|[from] psn\n|upkeep\n|turn|3\n|inactive|Time left: 300 sec this turn | 300 sec total\n|\n|t:|1783558126\n|switch|p2a: Iron Treads|Iron Treads, L77|265/265\n|move|p1a: Koraidon|Outrage|p2a: Iron Treads|[from] lockedmove\n|-resisted|p2a: Iron Treads\n|-damage|p2a: Iron Treads|208/265\n|-start|p1a: Koraidon|confusion|[fatigue]\n|\n|-weather|SunnyDay|[upkeep]\n|-damage|p1a: Koraidon|52/100 psn|[from] psn\n|upkeep\n|turn|4\n|inactive|Time left: 300 sec this turn | 300 sec total\n|\n|t:|1783558128\n|switch|p1a: Gyarados|Gyarados, L79, M|100/100\n|-ability|p1a: Gyarados|Intimidate|boost\n|-unboost|p2a: Iron Treads|atk|1\n|move|p2a: Iron Treads|Earthquake|p1a: Gyarados\n|-immune|p1a: Gyarados\n|\n|-weather|SunnyDay|[upkeep]\n|upkeep\n|turn|5\n|inactive|Time left: 300 sec this turn | 300 sec total\n|\n|t:|1783558129\n|-end|p2a: Iron Treads|Quark Drive|[silent]\n|switch|p2a: Vespiquen|Vespiquen, L99, F|299/299\n|-ability|p2a: Vespiquen|Pressure\n|move|p1a: Gyarados|Dragon Dance|p1a: Gyarados\n|-boost|p1a: Gyarados|atk|1\n|-boost|p1a: Gyarados|spe|1\n|\n|-weather|SunnyDay|[upkeep]\n|upkeep\n|turn|6\n|inactive|Time left: 300 sec this turn | 300 sec total\n|\n|t:|1783558130\n|move|p1a: Gyarados|Dragon Dance|p1a: Gyarados\n|-boost|p1a: Gyarados|atk|1\n|-boost|p1a: Gyarados|spe|1\n|move|p2a: Vespiquen|U-turn|p1a: Gyarados\n|-resisted|p1a: Gyarados\n|-damage|p1a: Gyarados|83/100\n|inactive|Time left: 300 sec this turn | 300 sec total | 5 sec grace\n|\n|t:|1783558131\n|switch|p2a: Electivire|Electivire, L84, F|263/263|[from] U-turn\n|\n|-weather|none\n|upkeep\n|turn|7\n|inactive|Time left: 300 sec this turn | 300 sec total\n|\n|t:|1783558132\n|-terastallize|p2a: Electivire|Flying\n|move|p1a: Gyarados|Earthquake|p2a: Electivire\n|-immune|p2a: Electivire\n|move|p2a: Electivire|Supercell Slam|p1a: Gyarados\n|-supereffective|p1a: Gyarados\n|-damage|p1a: Gyarados|0 fnt\n|faint|p1a: Gyarados\n|-damage|p2a: Electivire|237/263|[from] item: Life Orb\n|\n|upkeep\n|\n|t:|1783558133\n|switch|p1a: Koraidon|Koraidon, L64|52/100 psn\n|-weather|SunnyDay|[from] ability: Orichalcum Pulse|[of] p1a: Koraidon\n|-activate|p1a: Koraidon|Orichalcum Pulse|[source]\n|turn|8\n|inactive|Time left: 300 sec this turn | 300 sec total\n|\n|t:|1783558134\n|move|p1a: Koraidon|Flare Blitz|p2a: Electivire\n|-damage|p2a: Electivire|91/263\n|-damage|p1a: Koraidon|31/100 psn|[from] Recoil\n|move|p2a: Electivire|Earthquake|p1a: Koraidon\n|-damage|p1a: Koraidon|0 fnt\n|faint|p1a: Koraidon\n|-damage|p2a: Electivire|65/263|[from] item: Life Orb\n|\n|-weather|SunnyDay|[upkeep]\n|upkeep\n|\n|t:|1783558136\n|switch|p1a: Cobalion|Cobalion, L80|100/100\n|turn|9\n|inactive|Time left: 300 sec this turn | 300 sec total\n|\n|t:|1783558137\n|switch|p2a: Vespiquen|Vespiquen, L99, F|299/299\n|-ability|p2a: Vespiquen|Pressure\n|move|p1a: Cobalion|Calm Mind|p1a: Cobalion\n|-boost|p1a: Cobalion|spa|1\n|-boost|p1a: Cobalion|spd|1\n|\n|-weather|SunnyDay|[upkeep]\n|upkeep\n|turn|10\n|inactive|Time left: 300 sec this turn | 300 sec total\n|\n|t:|1783558138\n|move|p1a: Cobalion|Calm Mind|p1a: Cobalion\n|-boost|p1a: Cobalion|spa|1\n|-boost|p1a: Cobalion|spd|1\n|move|p2a: Vespiquen|Air Slash|p1a: Cobalion\n|-damage|p1a: Cobalion|78/100\n|\n|-weather|SunnyDay|[upkeep]\n|-heal|p1a: Cobalion|85/100|[from] item: Leftovers\n|upkeep\n|turn|11\n|inactive|Time left: 300 sec this turn | 300 sec total\n|\n|t:|1783558139\n|move|p1a: Cobalion|Flash Cannon|p2a: Vespiquen\n|-damage|p2a: Vespiquen|191/299\n|move|p2a: Vespiquen|Air Slash|p1a: Cobalion\n|-damage|p1a: Cobalion|62/100\n|\n|-weather|SunnyDay|[upkeep]\n|-heal|p1a: Cobalion|68/100|[from] item: Leftovers\n|upkeep\n|turn|12\n|inactive|Time left: 300 sec this turn | 300 sec total\n|\n|t:|1783558140\n|move|p1a: Cobalion|Flash Cannon|p2a: Vespiquen\n|-damage|p2a: Vespiquen|79/299\n|move|p2a: Vespiquen|Roost|p2a: Vespiquen\n|-heal|p2a: Vespiquen|229/299\n|-singleturn|p2a: Vespiquen|move: Roost\n|\n|-weather|none\n|-heal|p1a: Cobalion|74/100|[from] item: Leftovers\n|upkeep\n|turn|13\n|inactive|Time left: 300 sec this turn | 300 sec total\n|\n|t:|1783558141\n|move|p1a: Cobalion|Flash Cannon|p2a: Vespiquen\n|-damage|p2a: Vespiquen|111/299\n|move|p2a: Vespiquen|Roost|p2a: Vespiquen\n|-heal|p2a: Vespiquen|261/299\n|-singleturn|p2a: Vespiquen|move: Roost\n|\n|-heal|p1a: Cobalion|80/100|[from] item: Leftovers\n|upkeep\n|turn|14\n|inactive|Time left: 300 sec this turn | 300 sec total\n|\n|t:|1783558142\n|move|p1a: Cobalion|Calm Mind|p1a: Cobalion\n|-boost|p1a: Cobalion|spa|1\n|-boost|p1a: Cobalion|spd|1\n|move|p2a: Vespiquen|Air Slash|p1a: Cobalion\n|-damage|p1a: Cobalion|65/100\n|\n|-heal|p1a: Cobalion|71/100|[from] item: Leftovers\n|upkeep\n|turn|15\n|inactive|Time left: 300 sec this turn | 300 sec total\n|\n|t:|1783558143\n|move|p1a: Cobalion|Flash Cannon|p2a: Vespiquen\n|-damage|p2a: Vespiquen|132/299\n|move|p2a: Vespiquen|Roost|p2a: Vespiquen\n|-heal|p2a: Vespiquen|282/299\n|-singleturn|p2a: Vespiquen|move: Roost\n|\n|-heal|p1a: Cobalion|77/100|[from] item: Leftovers\n|upkeep\n|turn|16\n|inactive|Time left: 300 sec this turn | 300 sec total\n|\n|t:|1783558144\n|move|p1a: Cobalion|Flash Cannon|p2a: Vespiquen\n|-damage|p2a: Vespiquen|144/299\n|move|p2a: Vespiquen|Roost|p2a: Vespiquen\n|-heal|p2a: Vespiquen|294/299\n|-singleturn|p2a: Vespiquen|move: Roost\n|\n|-heal|p1a: Cobalion|84/100|[from] item: Leftovers\n|upkeep\n|turn|17\n|inactive|Time left: 300 sec this turn | 300 sec total\n|\n|t:|1783558145\n|move|p1a: Cobalion|Flash Cannon|p2a: Vespiquen\n|-damage|p2a: Vespiquen|144/299\n|move|p2a: Vespiquen|Roost|p2a: Vespiquen\n|-heal|p2a: Vespiquen|294/299\n|-singleturn|p2a: Vespiquen|move: Roost\n|\n|-heal|p1a: Cobalion|90/100|[from] item: Leftovers\n|upkeep\n|turn|18\n|inactive|Time left: 300 sec this turn | 300 sec total\n|\n|t:|1783558146\n|move|p1a: Cobalion|Flash Cannon|p2a: Vespiquen\n|-damage|p2a: Vespiquen|162/299\n|move|p2a: Vespiquen|Roost|p2a: Vespiquen\n|-heal|p2a: Vespiquen|299/299\n|-singleturn|p2a: Vespiquen|move: Roost\n|\n|-heal|p1a: Cobalion|96/100|[from] item: Leftovers\n|upkeep\n|turn|19\n|inactive|Time left: 300 sec this turn | 300 sec total\n|\n|t:|1783558147\n|move|p1a: Cobalion|Flash Cannon|p2a: Vespiquen\n|-crit|p2a: Vespiquen\n|-damage|p2a: Vespiquen|100/299\n|move|p2a: Vespiquen|Spikes|p1a: Cobalion\n|-sidestart|p1: p0x163035af|Spikes\n|\n|-heal|p1a: Cobalion|100/100|[from] item: Leftovers\n|upkeep\n|turn|20\n|inactive|Time left: 300 sec this turn | 300 sec total\n|\n|t:|1783558148\n|move|p1a: Cobalion|Calm Mind|p1a: Cobalion\n|-boost|p1a: Cobalion|spa|1\n|-boost|p1a: Cobalion|spd|1\n|move|p2a: Vespiquen|Roost|p2a: Vespiquen\n|-heal|p2a: Vespiquen|250/299\n|-singleturn|p2a: Vespiquen|move: Roost\n|\n|upkeep\n|turn|21\n|inactive|Time left: 300 sec this turn | 300 sec total\n|\n|t:|1783558149\n|move|p1a: Cobalion|Aura Sphere|p2a: Vespiquen\n|-resisted|p2a: Vespiquen\n|-damage|p2a: Vespiquen|212/299\n|move|p2a: Vespiquen|Spikes|p1a: Cobalion\n|-sidestart|p1: p0x163035af|Spikes\n|\n|upkeep\n|turn|22\n|inactive|Time left: 300 sec this turn | 300 sec total\n|\n|t:|1783558151\n|move|p1a: Cobalion|Calm Mind|p1a: Cobalion\n|-boost|p1a: Cobalion|spa|1\n|-boost|p1a: Cobalion|spd|1\n|move|p2a: Vespiquen|Roost|p2a: Vespiquen\n|-heal|p2a: Vespiquen|299/299\n|-singleturn|p2a: Vespiquen|move: Roost\n|\n|upkeep\n|turn|23\n|inactive|Time left: 300 sec this turn | 300 sec total\n|\n|t:|1783558152\n|move|p1a: Cobalion|Aura Sphere|p2a: Vespiquen\n|-resisted|p2a: Vespiquen\n|-damage|p2a: Vespiquen|248/299\n|move|p2a: Vespiquen|Air Slash|p1a: Cobalion\n|-damage|p1a: Cobalion|88/100\n|\n|-heal|p1a: Cobalion|94/100|[from] item: Leftovers\n|upkeep\n|turn|24\n|inactive|Time left: 300 sec this turn | 300 sec total\n|\n|t:|1783558153\n|move|p1a: Cobalion|Aura Sphere|p2a: Vespiquen\n|-resisted|p2a: Vespiquen\n|-damage|p2a: Vespiquen|199/299\n|move|p2a: Vespiquen|Air Slash|p1a: Cobalion\n|-damage|p1a: Cobalion|82/100\n|\n|-heal|p1a: Cobalion|88/100|[from] item: Leftovers\n|upkeep\n|turn|25\n|inactive|Time left: 300 sec this turn | 300 sec total\n|\n|t:|1783558154\n|move|p1a: Cobalion|Aura Sphere|p2a: Vespiquen\n|-resisted|p2a: Vespiquen\n|-damage|p2a: Vespiquen|149/299\n|move|p2a: Vespiquen|Spikes|p1a: Cobalion\n|-sidestart|p1: p0x163035af|Spikes\n|\n|-heal|p1a: Cobalion|94/100|[from] item: Leftovers\n|upkeep\n|turn|26\n|inactive|Time left: 300 sec this turn | 300 sec total\n|\n|t:|1783558156\n|move|p1a: Cobalion|Aura Sphere|p2a: Vespiquen\n|-resisted|p2a: Vespiquen\n|-damage|p2a: Vespiquen|97/299\n|move|p2a: Vespiquen|Air Slash|p1a: Cobalion\n|-damage|p1a: Cobalion|81/100\n|\n|-heal|p1a: Cobalion|88/100|[from] item: Leftovers\n|upkeep\n|turn|27\n|inactive|Time left: 300 sec this turn | 300 sec total\n|\n|t:|1783558157\n|move|p1a: Cobalion|Aura Sphere|p2a: Vespiquen\n|-resisted|p2a: Vespiquen\n|-damage|p2a: Vespiquen|50/299\n|move|p2a: Vespiquen|Air Slash|p1a: Cobalion\n|-damage|p1a: Cobalion|75/100\n|\n|-heal|p1a: Cobalion|81/100|[from] item: Leftovers\n|upkeep\n|turn|28\n|inactive|Time left: 300 sec this turn | 300 sec total\n|\n|t:|1783558158\n|move|p1a: Cobalion|Aura Sphere|p2a: Vespiquen\n|-resisted|p2a: Vespiquen\n|-damage|p2a: Vespiquen|0 fnt\n|faint|p2a: Vespiquen\n|\n|-heal|p1a: Cobalion|88/100|[from] item: Leftovers\n|upkeep\n|inactive|Time left: 300 sec this turn | 300 sec total | 5 sec grace\n|\n|t:|1783558159\n|switch|p2a: Muk|Muk-Alola, L82, M|63/306\n|turn|29\n|inactive|Time left: 300 sec this turn | 300 sec total\n|\n|t:|1783558160\n|move|p1a: Cobalion|Aura Sphere|p2a: Muk\n|-damage|p2a: Muk|0 fnt\n|faint|p2a: Muk\n|\n|-heal|p1a: Cobalion|94/100|[from] item: Leftovers\n|upkeep\n|inactive|Time left: 300 sec this turn | 300 sec total | 5 sec grace\n|\n|t:|1783558161\n|switch|p2a: Electivire|Electivire, L84, F, tera:Flying|65/263\n|turn|30\n|inactive|Time left: 300 sec this turn | 300 sec total\n|\n|t:|1783558162\n|move|p1a: Cobalion|Aura Sphere|p2a: Electivire\n|-resisted|p2a: Electivire\n|-damage|p2a: Electivire|0 fnt\n|faint|p2a: Electivire\n|\n|-heal|p1a: Cobalion|99/100|[from] item: Leftovers\n|upkeep\n|inactive|Time left: 300 sec this turn | 300 sec total | 5 sec grace\n|\n|t:|1783558163\n|switch|p2a: Furret|Furret, L94, M|312/312\n|-item|p1a: Cobalion|Leftovers|[from] ability: Frisk|[of] p2a: Furret\n|turn|31\n|inactive|Time left: 300 sec this turn | 300 sec total\n|\n|t:|1783558164\n|move|p1a: Cobalion|Vacuum Wave|p2a: Furret\n|-supereffective|p2a: Furret\n|-damage|p2a: Furret|10/312\n|move|p2a: Furret|Double-Edge|p1a: Cobalion\n|-resisted|p1a: Cobalion\n|-damage|p1a: Cobalion|75/100\n|-damage|p2a: Furret|0 fnt|[from] Recoil\n|faint|p2a: Furret\n|\n|-heal|p1a: Cobalion|81/100|[from] item: Leftovers\n|upkeep\n|inactive|Time left: 300 sec this turn | 300 sec total | 5 sec grace\n|\n|t:|1783558165\n|switch|p2a: Iron Treads|Iron Treads, L77|208/265\n|turn|32\n|inactive|Time left: 300 sec this turn | 300 sec total\n|\n|t:|1783558166\n|-end|p2a: Iron Treads|Quark Drive|[silent]\n|switch|p2a: Tauros|Tauros, L82, M|257/257\n|-terastallize|p1a: Cobalion|Fighting\n|move|p1a: Cobalion|Aura Sphere|p2a: Tauros\n|-supereffective|p2a: Tauros\n|-damage|p2a: Tauros|0 fnt\n|faint|p2a: Tauros\n|\n|-heal|p1a: Cobalion|87/100|[from] item: Leftovers\n|upkeep\n|inactive|Time left: 300 sec this turn | 300 sec total | 5 sec grace\n|\n|t:|1783558167\n|switch|p2a: Iron Treads|Iron Treads, L77|208/265\n|turn|33\n|inactive|Time left: 300 sec this turn | 300 sec total\n|\n|t:|1783558168\n|move|p1a: Cobalion|Vacuum Wave|p2a: Iron Treads\n|-supereffective|p2a: Iron Treads\n|-damage|p2a: Iron Treads|0 fnt\n|faint|p2a: Iron Treads\n|-end|p2a: Iron Treads|Quark Drive|[silent]\n|\n|win|p0x163035af", "uploadtime": 1783558168, "views": 0, "rating": 0, "private": 0, "password": null, "_winner": "p0x163035af", "_our_name": "p0y1630cf37"}