{"id": "battle-gen9randombattle-2697", "formatid": "gen9randombattle", "format": "[Gen 9] Random Battle", "players": ["p0x26974b5d", "p0y26975469"], "log": "|init|battle\n|title|p0x26974b5d vs. p0y26975469\n|j|\u2606p0x26974b5d\n|j|\u2606p0y26975469\n|t:|1783570099\n|gametype|singles\n|player|p1|p0x26974b5d|266|\n|player|p2|p0y26975469|102|\n|gen|9\n|tier|[Gen 9] Random Battle\n|rule|Species Clause: Limit one of each Pok\u00e9mon\n|rule|HP Percentage Mod: HP is shown in percentages\n|rule|Sleep Clause Mod: Limit one foe put to sleep\n|rule|Illusion Level Mod: Illusion disguises the Pok\u00e9mon's true level\n|\n|t:|1783570099\n|teamsize|p1|6\n|teamsize|p2|6\n|start\n|switch|p1a: Haxorus|Haxorus, L77, F|244/244\n|switch|p2a: Sylveon|Sylveon, L85, M|100/100\n|-ability|p1a: Haxorus|Mold Breaker\n|turn|1\n|inactive|Battle timer is ON: inactive players will automatically lose when time's up. (requested by p0y26975469)\n|inactive|Time left: 300 sec this turn | 300 sec total | 60 sec grace\n|inactive|p0x26974b5d also wants the timer to be on.\n|\n|t:|1783570100\n|switch|p1a: Toxtricity|Toxtricity, L82, F|257/257\n|move|p2a: Sylveon|Hyper Voice|p1a: Toxtricity\n|-resisted|p1a: Toxtricity\n|-damage|p1a: Toxtricity|221/257\n|\n|upkeep\n|turn|2\n|inactive|Time left: 300 sec this turn | 300 sec total\n|\n|t:|1783570102\n|move|p1a: Toxtricity|Boomburst|p2a: Sylveon\n|-damage|p2a: Sylveon|70/100\n|-enditem|p1a: Toxtricity|Throat Spray\n|-boost|p1a: Toxtricity|spa|1|[from] item: Throat Spray\n|move|p2a: Sylveon|Calm Mind|p2a: Sylveon\n|-boost|p2a: Sylveon|spa|1\n|-boost|p2a: Sylveon|spd|1\n|\n|-heal|p2a: Sylveon|76/100|[from] item: Leftovers\n|upkeep\n|turn|3\n|inactive|Time left: 300 sec this turn | 300 sec total\n|\n|t:|1783570103\n|-terastallize|p2a: Sylveon|Steel\n|move|p1a: Toxtricity|Shift Gear|p1a: Toxtricity\n|-boost|p1a: Toxtricity|spe|2\n|-boost|p1a: Toxtricity|atk|1\n|move|p2a: Sylveon|Calm Mind|p2a: Sylveon\n|-boost|p2a: Sylveon|spa|1\n|-boost|p2a: Sylveon|spd|1\n|\n|-heal|p2a: Sylveon|82/100|[from] item: Leftovers\n|upkeep\n|turn|4\n|inactive|Time left: 300 sec this turn | 300 sec total\n|\n|t:|1783570104\n|move|p1a: Toxtricity|Overdrive|p2a: Sylveon\n|-damage|p2a: Sylveon|60/100\n|move|p2a: Sylveon|Hyper Voice|p1a: Toxtricity\n|-resisted|p1a: Toxtricity\n|-damage|p1a: Toxtricity|144/257\n|\n|-heal|p2a: Sylveon|66/100|[from] item: Leftovers\n|upkeep\n|turn|5\n|inactive|Time left: 300 sec this turn | 300 sec total\n|\n|t:|1783570104\n|move|p1a: Toxtricity|Overdrive|p2a: Sylveon\n|-damage|p2a: Sylveon|44/100\n|move|p2a: Sylveon|Hyper Voice|p1a: Toxtricity\n|-resisted|p1a: Toxtricity\n|-damage|p1a: Toxtricity|65/257\n|\n|-heal|p2a: Sylveon|50/100|[from] item: Leftovers\n|upkeep\n|turn|6\n|inactive|Time left: 300 sec this turn | 300 sec total\n|\n|t:|1783570105\n|move|p1a: Toxtricity|Overdrive|p2a: Sylveon\n|-damage|p2a: Sylveon|31/100\n|move|p2a: Sylveon|Hyper Voice|p1a: Toxtricity\n|-resisted|p1a: Toxtricity\n|-damage|p1a: Toxtricity|0 fnt\n|faint|p1a: Toxtricity\n|\n|-heal|p2a: Sylveon|37/100|[from] item: Leftovers\n|upkeep\n|inactive|Time left: 300 sec this turn | 300 sec total | 5 sec grace\n|\n|t:|1783570106\n|switch|p1a: Bombirdier|Bombirdier, L85, F|258/258\n|turn|7\n|inactive|Time left: 300 sec this turn | 300 sec total\n|\n|t:|1783570107\n|move|p2a: Sylveon|Protect|p2a: Sylveon\n|-singleturn|p2a: Sylveon|Protect\n|move|p1a: Bombirdier|Knock Off|p2a: Sylveon\n|-activate|p2a: Sylveon|move: Protect\n|\n|-heal|p2a: Sylveon|43/100|[from] item: Leftovers\n|upkeep\n|turn|8\n|inactive|Time left: 300 sec this turn | 300 sec total\n|\n|t:|1783570108\n|move|p2a: Sylveon|Protect|p2a: Sylveon\n|-singleturn|p2a: Sylveon|Protect\n|move|p1a: Bombirdier|Knock Off|p2a: Sylveon\n|-activate|p2a: Sylveon|move: Protect\n|\n|-heal|p2a: Sylveon|49/100|[from] item: Leftovers\n|upkeep\n|turn|9\n|inactive|Time left: 300 sec this turn | 300 sec total\n|\n|t:|1783570109\n|move|p1a: Bombirdier|Knock Off|p2a: Sylveon\n|-damage|p2a: Sylveon|0 fnt\n|-enditem|p2a: Sylveon|Leftovers|[from] move: Knock Off|[of] p1a: Bombirdier\n|faint|p2a: Sylveon\n|\n|upkeep\n|\n|t:|1783570110\n|switch|p2a: Copperajah|Copperajah, L86, M|100/100\n|turn|10\n|inactive|Time left: 300 sec this turn | 300 sec total\n|\n|t:|1783570111\n|move|p1a: Bombirdier|Knock Off|p2a: Copperajah\n|-damage|p2a: Copperajah|49/100\n|-enditem|p2a: Copperajah|Choice Band|[from] move: Knock Off|[of] p1a: Bombirdier\n|move|p2a: Copperajah|Heavy Slam|p1a: Bombirdier\n|-damage|p1a: Bombirdier|93/258\n|\n|upkeep\n|turn|11\n|inactive|Time left: 300 sec this turn | 300 sec total\n|\n|t:|1783570112\n|move|p1a: Bombirdier|Knock Off|p2a: Copperajah\n|-damage|p2a: Copperajah|11/100\n|move|p2a: Copperajah|Heavy Slam|p1a: Bombirdier\n|-damage|p1a: Bombirdier|0 fnt\n|faint|p1a: Bombirdier\n|\n|upkeep\n|inactive|Time left: 300 sec this turn | 300 sec total | 5 sec grace\n|\n|t:|1783570113\n|switch|p1a: Lurantis|Lurantis, L87, M|264/264\n|turn|12\n|inactive|Time left: 300 sec this turn | 300 sec total\n|\n|t:|1783570114\n|switch|p2a: Clefable|Clefable, L83, F|100/100\n|move|p1a: Lurantis|Superpower|p2a: Clefable\n|-resisted|p2a: Clefable\n|-damage|p2a: Clefable|82/100\n|-boost|p1a: Lurantis|atk|1\n|-boost|p1a: Lurantis|def|1\n|\n|upkeep\n|turn|13\n|inactive|Time left: 300 sec this turn | 300 sec total\n|\n|t:|1783570116\n|move|p2a: Clefable|Fire Blast|p1a: Lurantis\n|-supereffective|p1a: Lurantis\n|-damage|p1a: Lurantis|64/264\n|move|p1a: Lurantis|Leaf Storm|p2a: Clefable\n|-damage|p2a: Clefable|37/100\n|-boost|p1a: Lurantis|spa|2\n|\n|-heal|p1a: Lurantis|80/264|[from] item: Leftovers\n|upkeep\n|turn|14\n|inactive|Time left: 300 sec this turn | 300 sec total\n|\n|t:|1783570117\n|move|p2a: Clefable|Moonblast|p1a: Lurantis\n|-damage|p1a: Lurantis|0 fnt\n|faint|p1a: Lurantis\n|\n|upkeep\n|inactive|Time left: 300 sec this turn | 300 sec total | 5 sec grace\n|\n|t:|1783570118\n|switch|p1a: Raichu|Raichu, L88, M|249/249\n|turn|15\n|inactive|Time left: 300 sec this turn | 300 sec total\n|\n|t:|1783570119\n|switch|p2a: Raichu|Raichu-Alola, L87, F|100/100\n|move|p1a: Raichu|Thunderbolt|p2a: Raichu\n|-resisted|p2a: Raichu\n|-damage|p2a: Raichu|75/100\n|-damage|p1a: Raichu|225/249|[from] item: Life Orb\n|\n|upkeep\n|turn|16\n|inactive|Time left: 300 sec this turn | 300 sec total\n|\n|t:|1783570121\n|move|p1a: Raichu|Nasty Plot|p1a: Raichu\n|-boost|p1a: Raichu|spa|2\n|move|p2a: Raichu|Psyshock|p1a: Raichu\n|-damage|p1a: Raichu|42/249\n|\n|upkeep\n|turn|17\n|inactive|Time left: 300 sec this turn | 300 sec total\n|\n|t:|1783570122\n|-terastallize|p1a: Raichu|Ice\n|move|p1a: Raichu|Tera Blast|p2a: Raichu|[anim] Tera Blast Ice\n|-damage|p2a: Raichu|0 fnt\n|faint|p2a: Raichu\n|-damage|p1a: Raichu|18/249|[from] item: Life Orb\n|\n|upkeep\n|\n|t:|1783570124\n|switch|p2a: Copperajah|Copperajah, L86, M|11/100\n|turn|18\n|inactive|Time left: 300 sec this turn | 300 sec total\n|\n|t:|1783570124\n|move|p1a: Raichu|Tera Blast|p2a: Copperajah|[anim] Tera Blast Ice\n|-resisted|p2a: Copperajah\n|-damage|p2a: Copperajah|0 fnt\n|faint|p2a: Copperajah\n|-damage|p1a: Raichu|0 fnt|[from] item: Life Orb\n|faint|p1a: Raichu\n|\n|upkeep\n|inactive|Time left: 300 sec this turn | 300 sec total | 5 sec grace\n|\n|t:|1783570126\n|switch|p1a: Haxorus|Haxorus, L77, F|244/244\n|switch|p2a: Manaphy|Manaphy, L78|100/100\n|-ability|p1a: Haxorus|Mold Breaker\n|turn|19\n|inactive|Time left: 300 sec this turn | 300 sec total\n|\n|t:|1783570126\n|move|p2a: Manaphy|Tail Glow|p2a: Manaphy\n|-boost|p2a: Manaphy|spa|3\n|move|p1a: Haxorus|Scale Shot|p2a: Manaphy\n|-damage|p2a: Manaphy|89/100\n|-damage|p2a: Manaphy|78/100\n|-damage|p2a: Manaphy|68/100\n|-damage|p2a: Manaphy|57/100\n|-hitcount|p2a: Manaphy|4\n|-unboost|p1a: Haxorus|def|1\n|-boost|p1a: Haxorus|spe|1\n|\n|-heal|p2a: Manaphy|63/100|[from] item: Leftovers\n|upkeep\n|turn|20\n|inactive|Time left: 300 sec this turn | 300 sec total\n|\n|t:|1783570127\n|move|p1a: Haxorus|Scale Shot|p2a: Manaphy\n|-damage|p2a: Manaphy|53/100\n|-damage|p2a: Manaphy|41/100\n|-damage|p2a: Manaphy|29/100\n|-damage|p2a: Manaphy|18/100\n|-hitcount|p2a: Manaphy|4\n|-unboost|p1a: Haxorus|def|1\n|-boost|p1a: Haxorus|spe|1\n|move|p2a: Manaphy|Ice Beam|p1a: Haxorus\n|-supereffective|p1a: Haxorus\n|-damage|p1a: Haxorus|0 fnt\n|faint|p1a: Haxorus\n|\n|-heal|p2a: Manaphy|24/100|[from] item: Leftovers\n|upkeep\n|inactive|Time left: 300 sec this turn | 300 sec total | 5 sec grace\n|\n|t:|1783570128\n|switch|p1a: Palkia|Palkia-Origin, L72|249/249\n|-ability|p1a: Palkia|Pressure\n|turn|21\n|inactive|Time left: 300 sec this turn | 300 sec total\n|\n|t:|1783570129\n|move|p1a: Palkia|Spacial Rend|p2a: Manaphy\n|-damage|p2a: Manaphy|0 fnt\n|faint|p2a: Manaphy\n|\n|upkeep\n|\n|t:|1783570130\n|switch|p2a: Clefable|Clefable, L83, F|37/100\n|turn|22\n|inactive|Time left: 300 sec this turn | 300 sec total\n|\n|t:|1783570131\n|move|p1a: Palkia|Hydro Pump|p2a: Clefable|[miss]\n|-miss|p1a: Palkia|p2a: Clefable\n|move|p2a: Clefable|Moonblast|p1a: Palkia\n|-supereffective|p1a: Palkia\n|-damage|p1a: Palkia|15/249\n|\n|upkeep\n|turn|23\n|inactive|Time left: 300 sec this turn | 300 sec total\n|\n|t:|1783570132\n|move|p1a: Palkia|Hydro Pump|p2a: Clefable\n|-damage|p2a: Clefable|0 fnt\n|faint|p2a: Clefable\n|\n|upkeep\n|\n|t:|1783570133\n|switch|p2a: Kingambit|Kingambit, L74, M|100/100\n|-activate|p2a: Kingambit|ability: Supreme Overlord\n|-start|p2a: Kingambit|fallen5|[silent]\n|turn|24\n|inactive|Time left: 300 sec this turn | 300 sec total\n|\n|t:|1783570134\n|move|p1a: Palkia|Thunder Wave|p2a: Kingambit\n|-status|p2a: Kingambit|par\n|cant|p2a: Kingambit|par\n|\n|upkeep\n|turn|25\n|inactive|Time left: 300 sec this turn | 300 sec total\n|\n|t:|1783570135\n|move|p2a: Kingambit|Sucker Punch|p1a: Palkia\n|-damage|p1a: Palkia|0 fnt\n|faint|p1a: Palkia\n|\n|win|p0y26975469", "uploadtime": 1783570135, "views": 0, "rating": 0, "private": 0, "password": null, "_winner": "p0y26975469", "_our_name": "p0x26974b5d"}