{"id": "battle-gen9randombattle-2352", "formatid": "gen9randombattle", "format": "[Gen 9] Random Battle", "players": ["p0x235105b7", "p0y23519f54"], "log": "|init|battle\n|title|p0x235105b7 vs. p0y23519f54\n|j|\u2606p0x235105b7\n|j|\u2606p0y23519f54\n|t:|1783567337\n|gametype|singles\n|player|p1|p0x235105b7|2|\n|player|p2|p0y23519f54|266|\n|gen|9\n|tier|[Gen 9] Random Battle\n|rule|Species Clause: Limit one of each Pok\u00e9mon\n|rule|HP Percentage Mod: HP is shown in percentages\n|rule|Sleep Clause Mod: Limit one foe put to sleep\n|rule|Illusion Level Mod: Illusion disguises the Pok\u00e9mon's true level\n|\n|t:|1783567337\n|teamsize|p1|6\n|teamsize|p2|6\n|start\n|switch|p1a: Gallade|Gallade, L80, M|240/240\n|switch|p2a: Scizor|Scizor, L79, F|100/100\n|turn|1\n|inactive|Battle timer is ON: inactive players will automatically lose when time's up. (requested by p0x235105b7)\n|inactive|p0y23519f54 also wants the timer to be on.\n|\n|t:|1783567339\n|move|p1a: Gallade|Sacred Sword|p2a: Scizor\n|-damage|p2a: Scizor|10/100\n|-damage|p1a: Gallade|216/240|[from] item: Life Orb\n|move|p2a: Scizor|Knock Off|p1a: Gallade\n|-damage|p1a: Gallade|107/240\n|-enditem|p1a: Gallade|Life Orb|[from] move: Knock Off|[of] p2a: Scizor\n|\n|-heal|p2a: Scizor|16/100|[from] item: Leftovers\n|upkeep\n|turn|2\n|inactive|Time left: 300 sec this turn | 300 sec total\n|\n|t:|1783567340\n|move|p2a: Scizor|Bullet Punch|p1a: Gallade\n|-damage|p1a: Gallade|19/240\n|move|p1a: Gallade|Psycho Cut|p2a: Scizor\n|-resisted|p2a: Scizor\n|-crit|p2a: Scizor\n|-damage|p2a: Scizor|0 fnt\n|faint|p2a: Scizor\n|\n|upkeep\n|\n|t:|1783567341\n|switch|p2a: Iron Bundle|Iron Bundle, L78|100/100\n|turn|3\n|inactive|Time left: 300 sec this turn | 300 sec total\n|\n|t:|1783567343\n|move|p2a: Iron Bundle|Freeze-Dry|p1a: Gallade\n|-damage|p1a: Gallade|0 fnt\n|faint|p1a: Gallade\n|\n|upkeep\n|inactive|Time left: 300 sec this turn | 300 sec total | 5 sec grace\n|\n|t:|1783567344\n|switch|p1a: Typhlosion|Typhlosion-Hisui, L83, M|257/257\n|turn|4\n|inactive|Time left: 300 sec this turn | 300 sec total\n|\n|t:|1783567345\n|move|p1a: Typhlosion|Eruption|p2a: Iron Bundle\n|-damage|p2a: Iron Bundle|0 fnt\n|faint|p2a: Iron Bundle\n|-end|p2a: Iron Bundle|Quark Drive|[silent]\n|\n|upkeep\n|\n|t:|1783567346\n|switch|p2a: Kyogre|Kyogre, L71|100/100\n|-weather|RainDance|[from] ability: Drizzle|[of] p2a: Kyogre\n|turn|5\n|inactive|Time left: 300 sec this turn | 300 sec total\n|\n|t:|1783567347\n|switch|p1a: Goodra|Goodra-Hisui, L82, F|265/265\n|move|p2a: Kyogre|Origin Pulse|p1a: Goodra\n|-resisted|p1a: Goodra\n|-damage|p1a: Goodra|227/265\n|\n|-weather|RainDance|[upkeep]\n|upkeep\n|turn|6\n|inactive|Time left: 300 sec this turn | 300 sec total\n|\n|t:|1783567348\n|move|p2a: Kyogre|Calm Mind|p2a: Kyogre\n|-boost|p2a: Kyogre|spa|1\n|-boost|p2a: Kyogre|spd|1\n|move|p1a: Goodra|Dragon Tail|p2a: Kyogre\n|-damage|p2a: Kyogre|72/100\n|drag|p2a: Flamigo|Flamigo, L82, M|100/100\n|\n|-weather|RainDance|[upkeep]\n|upkeep\n|turn|7\n|inactive|Time left: 300 sec this turn | 300 sec total\n|\n|t:|1783567348\n|switch|p1a: Yanmega|Yanmega, L82, M|275/275\n|move|p2a: Flamigo|Close Combat|p1a: Yanmega\n|-resisted|p1a: Yanmega\n|-damage|p1a: Yanmega|232/275\n|-unboost|p2a: Flamigo|def|1\n|-unboost|p2a: Flamigo|spd|1\n|-damage|p2a: Flamigo|91/100|[from] item: Life Orb\n|\n|-weather|RainDance|[upkeep]\n|upkeep\n|turn|8\n|inactive|Time left: 300 sec this turn | 300 sec total\n|\n|t:|1783567349\n|switch|p2a: Kyogre|Kyogre, L71|72/100\n|move|p1a: Yanmega|Air Slash|p2a: Kyogre\n|-damage|p2a: Kyogre|44/100\n|\n|-weather|RainDance|[upkeep]\n|-heal|p2a: Kyogre|50/100|[from] item: Leftovers\n|-ability|p1a: Yanmega|Speed Boost|boost\n|-boost|p1a: Yanmega|spe|1\n|upkeep\n|turn|9\n|inactive|Time left: 300 sec this turn | 300 sec total\n|\n|t:|1783567350\n|move|p1a: Yanmega|Air Slash|p2a: Kyogre\n|-damage|p2a: Kyogre|22/100\n|move|p2a: Kyogre|Origin Pulse|p1a: Yanmega\n|-damage|p1a: Yanmega|0 fnt\n|faint|p1a: Yanmega\n|\n|-weather|none\n|-heal|p2a: Kyogre|28/100|[from] item: Leftovers\n|upkeep\n|inactive|Time left: 300 sec this turn | 300 sec total | 5 sec grace\n|\n|t:|1783567351\n|switch|p1a: Typhlosion|Typhlosion-Hisui, L83, M|257/257\n|turn|10\n|inactive|Time left: 300 sec this turn | 300 sec total\n|\n|t:|1783567352\n|switch|p2a: Regirock|Regirock, L83|100/100\n|move|p1a: Typhlosion|Eruption|p2a: Regirock\n|-resisted|p2a: Regirock\n|-damage|p2a: Regirock|70/100\n|\n|upkeep\n|turn|11\n|inactive|Time left: 300 sec this turn | 300 sec total\n|\n|t:|1783567353\n|move|p1a: Typhlosion|Eruption|p2a: Regirock\n|-resisted|p2a: Regirock\n|-damage|p2a: Regirock|42/100\n|move|p2a: Regirock|Stone Edge|p1a: Typhlosion\n|-supereffective|p1a: Typhlosion\n|-damage|p1a: Typhlosion|11/257\n|\n|upkeep\n|turn|12\n|inactive|Time left: 300 sec this turn | 300 sec total\n|\n|t:|1783567354\n|switch|p1a: Amoonguss|Amoonguss, L82, M|321/321\n|move|p2a: Regirock|Rest|p2a: Regirock\n|-status|p2a: Regirock|slp|[from] move: Rest\n|-heal|p2a: Regirock|100/100 slp|[silent]\n|-enditem|p2a: Regirock|Chesto Berry|[eat]\n|-curestatus|p2a: Regirock|slp|[msg]\n|\n|upkeep\n|turn|13\n|inactive|Time left: 300 sec this turn | 300 sec total\n|\n|t:|1783567355\n|switch|p2a: Flamigo|Flamigo, L82, M|91/100\n|move|p1a: Amoonguss|Giga Drain|p2a: Flamigo\n|-resisted|p2a: Flamigo\n|-damage|p2a: Flamigo|76/100\n|\n|upkeep\n|turn|14\n|inactive|Time left: 300 sec this turn | 300 sec total\n|\n|t:|1783567356\n|move|p2a: Flamigo|Brave Bird|p1a: Amoonguss\n|-supereffective|p1a: Amoonguss\n|-damage|p1a: Amoonguss|0 fnt\n|-damage|p2a: Flamigo|60/100|[from] item: Rocky Helmet|[of] p1a: Amoonguss\n|faint|p1a: Amoonguss\n|-damage|p2a: Flamigo|20/100|[from] Recoil\n|-damage|p2a: Flamigo|11/100|[from] item: Life Orb\n|\n|upkeep\n|inactive|Time left: 300 sec this turn | 300 sec total | 5 sec grace\n|\n|t:|1783567357\n|switch|p1a: Typhlosion|Typhlosion-Hisui, L83, M|11/257\n|turn|15\n|inactive|Time left: 300 sec this turn | 300 sec total\n|\n|t:|1783567358\n|switch|p2a: Greedent|Greedent, L86, M|100/100\n|move|p1a: Typhlosion|Shadow Ball|p2a: Greedent\n|-immune|p2a: Greedent\n|\n|upkeep\n|turn|16\n|inactive|Time left: 300 sec this turn | 300 sec total\n|\n|t:|1783567359\n|move|p1a: Typhlosion|Shadow Ball|p2a: Greedent\n|-immune|p2a: Greedent\n|move|p2a: Greedent|Swords Dance|p2a: Greedent\n|-boost|p2a: Greedent|atk|2\n|\n|upkeep\n|turn|17\n|inactive|Time left: 300 sec this turn | 300 sec total\n|\n|t:|1783567360\n|move|p1a: Typhlosion|Shadow Ball|p2a: Greedent\n|-immune|p2a: Greedent\n|move|p2a: Greedent|Earthquake|p1a: Typhlosion\n|-supereffective|p1a: Typhlosion\n|-damage|p1a: Typhlosion|0 fnt\n|faint|p1a: Typhlosion\n|\n|upkeep\n|inactive|Time left: 300 sec this turn | 300 sec total | 5 sec grace\n|\n|t:|1783567361\n|switch|p1a: Duraludon|Duraludon, L82, F|249/249\n|turn|18\n|inactive|Time left: 300 sec this turn | 300 sec total\n|\n|t:|1783567362\n|-terastallize|p2a: Greedent|Ground\n|move|p1a: Duraludon|Thunder Wave|p2a: Greedent\n|-immune|p2a: Greedent\n|move|p2a: Greedent|Earthquake|p1a: Duraludon\n|-supereffective|p1a: Duraludon\n|-damage|p1a: Duraludon|27/249\n|\n|upkeep\n|turn|19\n|inactive|Time left: 300 sec this turn | 300 sec total\n|\n|t:|1783567363\n|move|p1a: Duraludon|Draco Meteor|p2a: Greedent\n|-damage|p2a: Greedent|54/100\n|-unboost|p1a: Duraludon|spa|2\n|move|p2a: Greedent|Double-Edge|p1a: Duraludon\n|-resisted|p1a: Duraludon\n|-crit|p1a: Duraludon\n|-damage|p1a: Duraludon|0 fnt\n|faint|p1a: Duraludon\n|-damage|p2a: Greedent|52/100|[from] Recoil\n|\n|upkeep\n|inactive|Time left: 300 sec this turn | 300 sec total | 5 sec grace\n|\n|t:|1783567364\n|switch|p1a: Goodra|Goodra-Hisui, L82, F|227/265\n|turn|20\n|inactive|Time left: 300 sec this turn | 300 sec total\n|\n|t:|1783567366\n|-terastallize|p1a: Goodra|Water\n|move|p1a: Goodra|Hydro Pump|p2a: Greedent|[miss]\n|-miss|p1a: Goodra|p2a: Greedent\n|move|p2a: Greedent|Earthquake|p1a: Goodra\n|-damage|p1a: Goodra|41/265\n|\n|upkeep\n|turn|21\n|inactive|Time left: 300 sec this turn | 300 sec total\n|\n|t:|1783567367\n|move|p1a: Goodra|Hydro Pump|p2a: Greedent\n|-supereffective|p2a: Greedent\n|-damage|p2a: Greedent|0 fnt\n|faint|p2a: Greedent\n|\n|upkeep\n|\n|t:|1783567368\n|switch|p2a: Flamigo|Flamigo, L82, M|11/100\n|turn|22\n|inactive|Time left: 300 sec this turn | 300 sec total\n|\n|t:|1783567369\n|move|p2a: Flamigo|Brave Bird|p1a: Goodra\n|-damage|p1a: Goodra|0 fnt\n|faint|p1a: Goodra\n|-damage|p2a: Flamigo|5/100|[from] Recoil\n|-damage|p2a: Flamigo|0 fnt|[from] item: Life Orb\n|faint|p2a: Flamigo\n|\n|win|p0y23519f54", "uploadtime": 1783567369, "views": 0, "rating": 0, "private": 0, "password": null, "_winner": "p0y23519f54", "_our_name": "p0x235105b7"}