{"id": "battle-gen9randombattle-278", "formatid": "gen9randombattle", "format": "[Gen 9] Random Battle", "players": ["p0x2788ce4", "p0y2789eb6"], "log": "|init|battle\n|title|p0x2788ce4 vs. p0y2789eb6\n|j|\u2606p0x2788ce4\n|j|\u2606p0y2789eb6\n|t:|1783542809\n|gametype|singles\n|player|p1|p0x2788ce4|265|\n|player|p2|p0y2789eb6|102|\n|gen|9\n|tier|[Gen 9] Random Battle\n|rule|Species Clause: Limit one of each Pok\u00e9mon\n|rule|HP Percentage Mod: HP is shown in percentages\n|rule|Sleep Clause Mod: Limit one foe put to sleep\n|rule|Illusion Level Mod: Illusion disguises the Pok\u00e9mon's true level\n|\n|t:|1783542809\n|teamsize|p1|6\n|teamsize|p2|6\n|start\n|switch|p1a: Ursaring|Ursaring, L84, M|288/288\n|switch|p2a: Ogerpon|Ogerpon-Hearthflame, L74, F|100/100\n|-ability|p2a: Ogerpon|Mold Breaker\n|turn|1\n|inactive|Battle timer is ON: inactive players will automatically lose when time's up. (requested by p0x2788ce4)\n|inactive|p0y2789eb6 also wants the timer to be on.\n|\n|t:|1783542810\n|switch|p2a: Rhyperior|Rhyperior, L82, F|100/100\n|move|p1a: Ursaring|Body Slam|p2a: Rhyperior\n|-resisted|p2a: Rhyperior\n|-damage|p2a: Rhyperior|86/100\n|\n|upkeep\n|turn|2\n|inactive|Time left: 300 sec this turn | 300 sec total\n|\n|t:|1783542812\n|move|p1a: Ursaring|Body Slam|p2a: Rhyperior\n|-resisted|p2a: Rhyperior\n|-damage|p2a: Rhyperior|72/100\n|-status|p2a: Rhyperior|par\n|move|p2a: Rhyperior|Stone Edge|p1a: Ursaring|[miss]\n|-miss|p2a: Rhyperior|p1a: Ursaring\n|\n|upkeep\n|turn|3\n|inactive|Time left: 300 sec this turn | 300 sec total\n|\n|t:|1783542813\n|switch|p1a: Pecharunt|Pecharunt, L77|262/262\n|move|p2a: Rhyperior|Earthquake|p1a: Pecharunt\n|-supereffective|p1a: Pecharunt\n|-damage|p1a: Pecharunt|88/262\n|\n|-heal|p1a: Pecharunt|104/262|[from] item: Leftovers\n|upkeep\n|turn|4\n|inactive|Time left: 300 sec this turn | 300 sec total\n|\n|t:|1783542814\n|move|p1a: Pecharunt|Recover|p1a: Pecharunt\n|-heal|p1a: Pecharunt|235/262\n|move|p2a: Rhyperior|Earthquake|p1a: Pecharunt\n|-supereffective|p1a: Pecharunt\n|-damage|p1a: Pecharunt|53/262\n|\n|-heal|p1a: Pecharunt|69/262|[from] item: Leftovers\n|upkeep\n|turn|5\n|inactive|Time left: 300 sec this turn | 300 sec total\n|\n|t:|1783542815\n|move|p1a: Pecharunt|Recover|p1a: Pecharunt\n|-heal|p1a: Pecharunt|200/262\n|move|p2a: Rhyperior|Earthquake|p1a: Pecharunt\n|-supereffective|p1a: Pecharunt\n|-damage|p1a: Pecharunt|24/262\n|\n|-heal|p1a: Pecharunt|40/262|[from] item: Leftovers\n|upkeep\n|turn|6\n|inactive|Time left: 300 sec this turn | 300 sec total\n|\n|t:|1783542816\n|move|p1a: Pecharunt|Recover|p1a: Pecharunt\n|-heal|p1a: Pecharunt|171/262\n|move|p2a: Rhyperior|Earthquake|p1a: Pecharunt\n|-supereffective|p1a: Pecharunt\n|-damage|p1a: Pecharunt|0 fnt\n|faint|p1a: Pecharunt\n|\n|upkeep\n|inactive|Time left: 300 sec this turn | 300 sec total | 5 sec grace\n|\n|t:|1783542817\n|switch|p1a: Granbull|Granbull, L88, M|302/302\n|-ability|p1a: Granbull|Intimidate|boost\n|-unboost|p2a: Rhyperior|atk|1\n|turn|7\n|inactive|Time left: 300 sec this turn | 300 sec total\n|\n|t:|1783542818\n|move|p1a: Granbull|Play Rough|p2a: Rhyperior\n|-damage|p2a: Rhyperior|43/100 par\n|move|p2a: Rhyperior|Rock Polish|p2a: Rhyperior\n|-boost|p2a: Rhyperior|spe|2\n|\n|upkeep\n|turn|8\n|inactive|Time left: 300 sec this turn | 300 sec total\n|\n|t:|1783542819\n|move|p1a: Granbull|Play Rough|p2a: Rhyperior\n|-damage|p2a: Rhyperior|12/100 par\n|move|p2a: Rhyperior|Stone Edge|p1a: Granbull\n|-damage|p1a: Granbull|205/302\n|\n|-heal|p1a: Granbull|223/302|[from] item: Leftovers\n|upkeep\n|turn|9\n|inactive|Time left: 300 sec this turn | 300 sec total\n|\n|t:|1783542821\n|move|p1a: Granbull|Play Rough|p2a: Rhyperior\n|-damage|p2a: Rhyperior|0 fnt\n|faint|p2a: Rhyperior\n|\n|-heal|p1a: Granbull|241/302|[from] item: Leftovers\n|upkeep\n|\n|t:|1783542821\n|switch|p2a: Stonjourner|Stonjourner, L91, F|100/100\n|turn|10\n|inactive|Time left: 300 sec this turn | 300 sec total\n|\n|t:|1783542823\n|move|p2a: Stonjourner|Stone Edge|p1a: Granbull\n|-damage|p1a: Granbull|33/302\n|-damage|p2a: Stonjourner|90/100|[from] item: Life Orb\n|move|p1a: Granbull|Earthquake|p2a: Stonjourner\n|-supereffective|p2a: Stonjourner\n|-damage|p2a: Stonjourner|57/100\n|\n|-heal|p1a: Granbull|51/302|[from] item: Leftovers\n|upkeep\n|turn|11\n|inactive|Time left: 300 sec this turn | 300 sec total\n|\n|t:|1783542824\n|move|p2a: Stonjourner|Heat Crash|p1a: Granbull\n|-damage|p1a: Granbull|0 fnt\n|faint|p1a: Granbull\n|-damage|p2a: Stonjourner|47/100|[from] item: Life Orb\n|\n|upkeep\n|inactive|Time left: 300 sec this turn | 300 sec total | 5 sec grace\n|\n|t:|1783542825\n|switch|p1a: Glalie|Glalie, L96, F|309/309\n|turn|12\n|inactive|Time left: 300 sec this turn | 300 sec total\n|\n|t:|1783542826\n|switch|p2a: Flareon|Flareon, L90, F|100/100\n|move|p1a: Glalie|Freeze-Dry|p2a: Flareon\n|-resisted|p2a: Flareon\n|-damage|p2a: Flareon|89/100\n|\n|-status|p2a: Flareon|tox|[from] item: Toxic Orb\n|upkeep\n|turn|13\n|inactive|Time left: 300 sec this turn | 300 sec total\n|\n|t:|1783542827\n|-terastallize|p2a: Flareon|Normal\n|move|p1a: Glalie|Earthquake|p2a: Flareon\n|-damage|p2a: Flareon|51/100 tox\n|move|p2a: Flareon|Facade|p1a: Glalie\n|-damage|p1a: Glalie|0 fnt\n|faint|p1a: Glalie\n|\n|-damage|p2a: Flareon|45/100 tox|[from] psn\n|upkeep\n|inactive|Time left: 300 sec this turn | 300 sec total | 5 sec grace\n|\n|t:|1783542828\n|switch|p1a: Dugtrio|Dugtrio, L84, F|196/196\n|turn|14\n|inactive|Time left: 300 sec this turn | 300 sec total\n|\n|t:|1783542829\n|move|p2a: Flareon|Quick Attack|p1a: Dugtrio\n|-damage|p1a: Dugtrio|64/196\n|move|p1a: Dugtrio|Earthquake|p2a: Flareon\n|-damage|p2a: Flareon|0 fnt\n|faint|p2a: Flareon\n|-damage|p1a: Dugtrio|45/196|[from] item: Life Orb\n|\n|upkeep\n|\n|t:|1783542830\n|switch|p2a: Breloom|Breloom, L83, F|100/100\n|turn|15\n|inactive|Time left: 300 sec this turn | 300 sec total\n|\n|t:|1783542831\n|move|p1a: Dugtrio|Earthquake|p2a: Breloom\n|-resisted|p2a: Breloom\n|-damage|p2a: Breloom|67/100\n|-damage|p1a: Dugtrio|26/196|[from] item: Life Orb\n|move|p2a: Breloom|Swords Dance|p2a: Breloom\n|-boost|p2a: Breloom|atk|2\n|\n|upkeep\n|turn|16\n|inactive|Time left: 300 sec this turn | 300 sec total\n|\n|t:|1783542832\n|move|p2a: Breloom|Mach Punch|p1a: Dugtrio\n|-damage|p1a: Dugtrio|0 fnt\n|faint|p1a: Dugtrio\n|-damage|p2a: Breloom|58/100|[from] item: Life Orb\n|\n|upkeep\n|inactive|Time left: 300 sec this turn | 300 sec total | 5 sec grace\n|\n|t:|1783542833\n|switch|p1a: Regice|Regice, L88|284/284\n|turn|17\n|inactive|Time left: 300 sec this turn | 300 sec total\n|\n|t:|1783542834\n|move|p2a: Breloom|Bullet Seed|p1a: Regice\n|-damage|p1a: Regice|171/284\n|-damage|p1a: Regice|58/284\n|-damage|p1a: Regice|0 fnt\n|faint|p1a: Regice\n|-hitcount|p1: Regice|3\n|-damage|p2a: Breloom|48/100|[from] item: Life Orb\n|\n|upkeep\n|inactive|Time left: 300 sec this turn | 300 sec total | 5 sec grace\n|\n|t:|1783542835\n|switch|p1a: Ursaring|Ursaring, L84, M|288/288\n|turn|18\n|inactive|Time left: 300 sec this turn | 300 sec total\n|\n|t:|1783542836\n|-terastallize|p1a: Ursaring|Ghost\n|move|p2a: Breloom|Bullet Seed|p1a: Ursaring\n|-damage|p1a: Ursaring|194/288\n|-damage|p1a: Ursaring|91/288\n|-damage|p1a: Ursaring|0 fnt\n|faint|p1a: Ursaring\n|-hitcount|p1: Ursaring|3\n|-damage|p2a: Breloom|38/100|[from] item: Life Orb\n|\n|win|p0y2789eb6", "uploadtime": 1783542836, "views": 0, "rating": 0, "private": 0, "password": null, "_winner": "p0y2789eb6", "_our_name": "p0x2788ce4"}