{"id": "battle-gen9randombattle-1480", "formatid": "gen9randombattle", "format": "[Gen 9] Random Battle", "players": ["p0x1481fd4c", "p0y148147c8"], "log": "|init|battle\n|title|p0x1481fd4c vs. p0y148147c8\n|j|\u2606p0x1481fd4c\n|j|\u2606p0y148147c8\n|t:|1783556314\n|gametype|singles\n|player|p1|p0x1481fd4c|2|\n|player|p2|p0y148147c8|265|\n|gen|9\n|tier|[Gen 9] Random Battle\n|rule|Species Clause: Limit one of each Pok\u00e9mon\n|rule|HP Percentage Mod: HP is shown in percentages\n|rule|Sleep Clause Mod: Limit one foe put to sleep\n|rule|Illusion Level Mod: Illusion disguises the Pok\u00e9mon's true level\n|\n|t:|1783556314\n|teamsize|p1|6\n|teamsize|p2|6\n|start\n|switch|p1a: Gliscor|Gliscor, L76, F|239/239\n|switch|p2a: Dragonite|Dragonite, L74, M|100/100\n|turn|1\n|inactive|Battle timer is ON: inactive players will automatically lose when time's up. (requested by p0y148147c8)\n|inactive|Time left: 300 sec this turn | 300 sec total | 60 sec grace\n|inactive|p0x1481fd4c also wants the timer to be on.\n|\n|t:|1783556316\n|move|p1a: Gliscor|Toxic|p2a: Dragonite\n|-status|p2a: Dragonite|tox\n|move|p2a: Dragonite|Dragon Dance|p2a: Dragonite\n|-boost|p2a: Dragonite|atk|1\n|-boost|p2a: Dragonite|spe|1\n|\n|-damage|p2a: Dragonite|94/100 tox|[from] psn\n|-status|p1a: Gliscor|tox|[from] item: Toxic Orb\n|upkeep\n|turn|2\n|inactive|Time left: 300 sec this turn | 300 sec total\n|\n|t:|1783556317\n|switch|p1a: Regirock|Regirock, L83|268/268\n|move|p2a: Dragonite|Outrage|p1a: Regirock\n|-damage|p1a: Regirock|175/268\n|\n|-heal|p1a: Regirock|191/268|[from] item: Leftovers\n|-damage|p2a: Dragonite|82/100 tox|[from] psn\n|upkeep\n|turn|3\n|inactive|Time left: 300 sec this turn | 300 sec total\n|\n|t:|1783556318\n|move|p2a: Dragonite|Outrage|p1a: Regirock|[from] lockedmove\n|-damage|p1a: Regirock|95/268\n|-start|p2a: Dragonite|confusion|[fatigue]\n|move|p1a: Regirock|Stone Edge|p2a: Dragonite|[miss]\n|-miss|p1a: Regirock|p2a: Dragonite\n|\n|-heal|p1a: Regirock|111/268|[from] item: Leftovers\n|-damage|p2a: Dragonite|63/100 tox|[from] psn\n|upkeep\n|turn|4\n|inactive|Time left: 300 sec this turn | 300 sec total\n|\n|t:|1783556319\n|-activate|p2a: Dragonite|confusion\n|move|p2a: Dragonite|Outrage|p1a: Regirock\n|-damage|p1a: Regirock|11/268\n|move|p1a: Regirock|Stealth Rock|p2a: Dragonite\n|-sidestart|p2: p0y148147c8|move: Stealth Rock\n|\n|-heal|p1a: Regirock|27/268|[from] item: Leftovers\n|-damage|p2a: Dragonite|38/100 tox|[from] psn\n|upkeep\n|turn|5\n|inactive|Time left: 300 sec this turn | 300 sec total\n|\n|t:|1783556320\n|-activate|p2a: Dragonite|confusion\n|-damage|p2a: Dragonite|21/100 tox|[from] confusion\n|move|p1a: Regirock|Stone Edge|p2a: Dragonite\n|-supereffective|p2a: Dragonite\n|-damage|p2a: Dragonite|0 fnt\n|faint|p2a: Dragonite\n|\n|-heal|p1a: Regirock|43/268|[from] item: Leftovers\n|upkeep\n|\n|t:|1783556321\n|switch|p2a: Dugtrio|Dugtrio, L84, F|100/100\n|-damage|p2a: Dugtrio|94/100|[from] Stealth Rock\n|turn|6\n|inactive|Time left: 300 sec this turn | 300 sec total\n|\n|t:|1783556323\n|move|p2a: Dugtrio|Earthquake|p1a: Regirock\n|-supereffective|p1a: Regirock\n|-damage|p1a: Regirock|0 fnt\n|faint|p1a: Regirock\n|\n|upkeep\n|inactive|Time left: 300 sec this turn | 300 sec total | 5 sec grace\n|\n|t:|1783556324\n|switch|p1a: Quaquaval|Quaquaval, L79, F|264/264\n|turn|7\n|inactive|Time left: 300 sec this turn | 300 sec total\n|\n|t:|1783556325\n|move|p2a: Dugtrio|Earthquake|p1a: Quaquaval\n|-damage|p1a: Quaquaval|93/264\n|move|p1a: Quaquaval|Aqua Step|p2a: Dugtrio\n|-supereffective|p2a: Dugtrio\n|-damage|p2a: Dugtrio|0 fnt\n|-boost|p1a: Quaquaval|spe|1\n|faint|p2a: Dugtrio\n|-ability|p1a: Quaquaval|Moxie|boost\n|-boost|p1a: Quaquaval|atk|1\n|-damage|p1a: Quaquaval|67/264|[from] item: Life Orb\n|\n|upkeep\n|\n|t:|1783556326\n|switch|p2a: Keldeo|Keldeo-Resolute, L79|100/100\n|-damage|p2a: Keldeo|94/100|[from] Stealth Rock\n|turn|8\n|inactive|Time left: 300 sec this turn | 300 sec total\n|\n|t:|1783556328\n|move|p2a: Keldeo|Secret Sword|p1a: Quaquaval\n|-damage|p1a: Quaquaval|0 fnt\n|faint|p1a: Quaquaval\n|\n|upkeep\n|inactive|Time left: 300 sec this turn | 300 sec total | 5 sec grace\n|\n|t:|1783556329\n|switch|p1a: Mewtwo|Mewtwo, L72|272/272\n|-ability|p1a: Mewtwo|Pressure\n|turn|9\n|inactive|Time left: 300 sec this turn | 300 sec total\n|\n|t:|1783556330\n|switch|p2a: Cacturne|Cacturne, L92, M|100/100\n|-damage|p2a: Cacturne|88/100|[from] Stealth Rock\n|move|p1a: Mewtwo|Nasty Plot|p1a: Mewtwo\n|-boost|p1a: Mewtwo|spa|2\n|\n|upkeep\n|turn|10\n|inactive|Time left: 300 sec this turn | 300 sec total\n|\n|t:|1783556331\n|-terastallize|p1a: Mewtwo|Dark\n|move|p2a: Cacturne|Sucker Punch|p1a: Mewtwo\n|-resisted|p1a: Mewtwo\n|-damage|p1a: Mewtwo|202/272\n|-damage|p2a: Cacturne|79/100|[from] item: Life Orb\n|move|p1a: Mewtwo|Fire Blast|p2a: Cacturne|[miss]\n|-miss|p1a: Mewtwo|p2a: Cacturne\n|\n|upkeep\n|turn|11\n|inactive|Time left: 300 sec this turn | 300 sec total\n|\n|t:|1783556333\n|switch|p2a: Keldeo|Keldeo-Resolute, L79|94/100\n|-damage|p2a: Keldeo|88/100|[from] Stealth Rock\n|move|p1a: Mewtwo|Fire Blast|p2a: Keldeo\n|-resisted|p2a: Keldeo\n|-damage|p2a: Keldeo|48/100\n|-damage|p1a: Mewtwo|175/272|[from] item: Life Orb\n|\n|upkeep\n|turn|12\n|inactive|Time left: 300 sec this turn | 300 sec total\n|\n|t:|1783556334\n|switch|p1a: Kyogre|Kyogre, L71|259/259\n|-weather|RainDance|[from] ability: Drizzle|[of] p1a: Kyogre\n|move|p2a: Keldeo|Secret Sword|p1a: Kyogre\n|-damage|p1a: Kyogre|142/259\n|\n|-weather|RainDance|[upkeep]\n|-heal|p1a: Kyogre|158/259|[from] item: Leftovers\n|upkeep\n|turn|13\n|inactive|Time left: 300 sec this turn | 300 sec total\n|\n|t:|1783556335\n|move|p2a: Keldeo|Secret Sword|p1a: Kyogre\n|-damage|p1a: Kyogre|43/259\n|move|p1a: Kyogre|Thunder|p2a: Keldeo\n|-supereffective|p2a: Keldeo\n|-damage|p2a: Keldeo|0 fnt\n|faint|p2a: Keldeo\n|\n|-weather|RainDance|[upkeep]\n|-heal|p1a: Kyogre|59/259|[from] item: Leftovers\n|upkeep\n|\n|t:|1783556336\n|switch|p2a: Cacturne|Cacturne, L92, M|79/100\n|-damage|p2a: Cacturne|66/100|[from] Stealth Rock\n|turn|14\n|inactive|Time left: 300 sec this turn | 300 sec total\n|\n|t:|1783556337\n|move|p2a: Cacturne|Sucker Punch|p1a: Kyogre\n|-damage|p1a: Kyogre|0 fnt\n|faint|p1a: Kyogre\n|-damage|p2a: Cacturne|57/100|[from] item: Life Orb\n|\n|-weather|RainDance|[upkeep]\n|upkeep\n|inactive|Time left: 300 sec this turn | 300 sec total | 5 sec grace\n|\n|t:|1783556338\n|switch|p1a: Hitmonlee|Hitmonlee, L85, M|224/224\n|turn|15\n|inactive|Time left: 300 sec this turn | 300 sec total\n|\n|t:|1783556339\n|move|p2a: Cacturne|Sucker Punch|p1a: Hitmonlee\n|-resisted|p1a: Hitmonlee\n|-damage|p1a: Hitmonlee|127/224\n|-damage|p2a: Cacturne|47/100|[from] item: Life Orb\n|move|p1a: Hitmonlee|Close Combat|p2a: Cacturne\n|-supereffective|p2a: Cacturne\n|-damage|p2a: Cacturne|0 fnt\n|-unboost|p1a: Hitmonlee|def|1\n|-unboost|p1a: Hitmonlee|spd|1\n|faint|p2a: Cacturne\n|-enditem|p1a: Hitmonlee|White Herb\n|-clearnegativeboost|p1a: Hitmonlee|[silent]\n|\n|-weather|RainDance|[upkeep]\n|upkeep\n|\n|t:|1783556340\n|switch|p2a: Uxie|Uxie, L83|100/100\n|-damage|p2a: Uxie|88/100|[from] Stealth Rock\n|turn|16\n|inactive|Time left: 300 sec this turn | 300 sec total\n|\n|t:|1783556341\n|move|p1a: Hitmonlee|Knock Off|p2a: Uxie\n|-supereffective|p2a: Uxie\n|-damage|p2a: Uxie|39/100\n|-enditem|p2a: Uxie|Leftovers|[from] move: Knock Off|[of] p1a: Hitmonlee\n|move|p2a: Uxie|Psychic Noise|p1a: Hitmonlee\n|-supereffective|p1a: Hitmonlee\n|-damage|p1a: Hitmonlee|25/224\n|-start|p1a: Hitmonlee|move: Heal Block\n|\n|-weather|none\n|upkeep\n|turn|17\n|inactive|Time left: 300 sec this turn | 300 sec total\n|\n|t:|1783556341\n|move|p1a: Hitmonlee|Knock Off|p2a: Uxie\n|-supereffective|p2a: Uxie\n|-damage|p2a: Uxie|7/100\n|move|p2a: Uxie|U-turn|p1a: Hitmonlee\n|-resisted|p1a: Hitmonlee\n|-damage|p1a: Hitmonlee|0 fnt\n|faint|p1a: Hitmonlee\n|\n|t:|1783556342\n|switch|p2a: Deoxys|Deoxys, L74|100/100|[from] U-turn\n|-damage|p2a: Deoxys|88/100|[from] Stealth Rock\n|-ability|p2a: Deoxys|Pressure\n|\n|upkeep\n|inactive|Time left: 300 sec this turn | 300 sec total | 10 sec grace\n|\n|t:|1783556343\n|switch|p1a: Mewtwo|Mewtwo, L72, tera:Dark|175/272\n|-ability|p1a: Mewtwo|Pressure\n|turn|18\n|inactive|Time left: 300 sec this turn | 300 sec total\n|\n|t:|1783556344\n|switch|p1a: Gliscor|Gliscor, L76, F|239/239 tox\n|-terastallize|p2a: Deoxys|Fighting\n|move|p2a: Deoxys|Superpower|p1a: Gliscor\n|-resisted|p1a: Gliscor\n|-damage|p1a: Gliscor|157/239 tox\n|-unboost|p2a: Deoxys|atk|1\n|-unboost|p2a: Deoxys|def|1\n|-damage|p2a: Deoxys|79/100|[from] item: Life Orb\n|\n|-heal|p1a: Gliscor|186/239 tox|[from] ability: Poison Heal\n|upkeep\n|turn|19\n|inactive|Time left: 300 sec this turn | 300 sec total\n|\n|t:|1783556345\n|move|p1a: Gliscor|Protect|p1a: Gliscor\n|-singleturn|p1a: Gliscor|Protect\n|move|p2a: Deoxys|Psycho Boost|p1a: Gliscor\n|-activate|p1a: Gliscor|move: Protect\n|\n|-heal|p1a: Gliscor|215/239 tox|[from] ability: Poison Heal\n|upkeep\n|turn|20\n|inactive|Time left: 300 sec this turn | 300 sec total\n|\n|t:|1783556346\n|switch|p1a: Mewtwo|Mewtwo, L72, tera:Dark|175/272\n|-ability|p1a: Mewtwo|Pressure\n|move|p2a: Deoxys|Psycho Boost|p1a: Mewtwo\n|-immune|p1a: Mewtwo\n|\n|upkeep\n|turn|21\n|inactive|Time left: 300 sec this turn | 300 sec total\n|\n|t:|1783556347\n|switch|p1a: Gliscor|Gliscor, L76, F|215/239 tox\n|move|p2a: Deoxys|Superpower|p1a: Gliscor\n|-resisted|p1a: Gliscor\n|-damage|p1a: Gliscor|160/239 tox\n|-unboost|p2a: Deoxys|atk|1\n|-unboost|p2a: Deoxys|def|1\n|-damage|p2a: Deoxys|69/100|[from] item: Life Orb\n|\n|-heal|p1a: Gliscor|189/239 tox|[from] ability: Poison Heal\n|upkeep\n|turn|22\n|inactive|Time left: 300 sec this turn | 300 sec total\n|\n|t:|1783556348\n|move|p1a: Gliscor|Protect|p1a: Gliscor\n|-singleturn|p1a: Gliscor|Protect\n|move|p2a: Deoxys|Psycho Boost|p1a: Gliscor\n|-activate|p1a: Gliscor|move: Protect\n|\n|-heal|p1a: Gliscor|218/239 tox|[from] ability: Poison Heal\n|upkeep\n|turn|23\n|inactive|Time left: 300 sec this turn | 300 sec total\n|\n|t:|1783556349\n|switch|p1a: Mewtwo|Mewtwo, L72, tera:Dark|175/272\n|-ability|p1a: Mewtwo|Pressure\n|move|p2a: Deoxys|Psycho Boost|p1a: Mewtwo\n|-immune|p1a: Mewtwo\n|\n|upkeep\n|turn|24\n|inactive|Time left: 300 sec this turn | 300 sec total\n|\n|t:|1783556350\n|switch|p1a: Gliscor|Gliscor, L76, F|218/239 tox\n|move|p2a: Deoxys|Superpower|p1a: Gliscor\n|-resisted|p1a: Gliscor\n|-damage|p1a: Gliscor|176/239 tox\n|-unboost|p2a: Deoxys|atk|1\n|-unboost|p2a: Deoxys|def|1\n|-damage|p2a: Deoxys|59/100|[from] item: Life Orb\n|\n|-heal|p1a: Gliscor|205/239 tox|[from] ability: Poison Heal\n|upkeep\n|turn|25\n|inactive|Time left: 300 sec this turn | 300 sec total\n|\n|t:|1783556351\n|switch|p1a: Mewtwo|Mewtwo, L72, tera:Dark|175/272\n|-ability|p1a: Mewtwo|Pressure\n|move|p2a: Deoxys|Superpower|p1a: Mewtwo\n|-supereffective|p1a: Mewtwo\n|-damage|p1a: Mewtwo|11/272\n|-unboost|p2a: Deoxys|atk|1\n|-unboost|p2a: Deoxys|def|1\n|-damage|p2a: Deoxys|49/100|[from] item: Life Orb\n|\n|upkeep\n|turn|26\n|inactive|Time left: 300 sec this turn | 300 sec total\n|\n|t:|1783556352\n|switch|p1a: Gliscor|Gliscor, L76, F|205/239 tox\n|move|p2a: Deoxys|Knock Off|p1a: Gliscor\n|-damage|p1a: Gliscor|179/239 tox\n|-enditem|p1a: Gliscor|Toxic Orb|[from] move: Knock Off|[of] p2a: Deoxys\n|-damage|p2a: Deoxys|40/100|[from] item: Life Orb\n|\n|-heal|p1a: Gliscor|208/239 tox|[from] ability: Poison Heal\n|upkeep\n|turn|27\n|inactive|Time left: 300 sec this turn | 300 sec total\n|\n|t:|1783556353\n|switch|p1a: Mewtwo|Mewtwo, L72, tera:Dark|11/272\n|-ability|p1a: Mewtwo|Pressure\n|move|p2a: Deoxys|Psycho Boost|p1a: Mewtwo\n|-immune|p1a: Mewtwo\n|\n|upkeep\n|turn|28\n|inactive|Time left: 300 sec this turn | 300 sec total\n|\n|t:|1783556354\n|switch|p1a: Gliscor|Gliscor, L76, F|208/239 tox\n|move|p2a: Deoxys|Superpower|p1a: Gliscor\n|-resisted|p1a: Gliscor\n|-damage|p1a: Gliscor|183/239 tox\n|-unboost|p2a: Deoxys|atk|1\n|-unboost|p2a: Deoxys|def|1\n|-damage|p2a: Deoxys|30/100|[from] item: Life Orb\n|\n|-heal|p1a: Gliscor|212/239 tox|[from] ability: Poison Heal\n|upkeep\n|turn|29\n|inactive|Time left: 300 sec this turn | 300 sec total\n|\n|t:|1783556355\n|switch|p2a: Uxie|Uxie, L83|7/100\n|-damage|p2a: Uxie|0 fnt|[from] Stealth Rock\n|faint|p2a: Uxie\n|move|p1a: Gliscor|Knock Off|p2: Uxie|[notarget]\n|-fail|p1a: Gliscor\n|\n|-heal|p1a: Gliscor|239/239 tox|[from] ability: Poison Heal\n|upkeep\n|\n|t:|1783556356\n|switch|p2a: Deoxys|Deoxys, L74, tera:Fighting|30/100\n|-damage|p2a: Deoxys|24/100|[from] Stealth Rock\n|-ability|p2a: Deoxys|Pressure\n|turn|30\n|inactive|Time left: 300 sec this turn | 300 sec total\n|\n|t:|1783556357\n|move|p2a: Deoxys|Knock Off|p1a: Gliscor\n|-damage|p1a: Gliscor|186/239 tox\n|-damage|p2a: Deoxys|14/100|[from] item: Life Orb\n|move|p1a: Gliscor|Earthquake|p2a: Deoxys\n|-damage|p2a: Deoxys|0 fnt\n|faint|p2a: Deoxys\n|\n|win|p0x1481fd4c", "uploadtime": 1783556357, "views": 0, "rating": 0, "private": 0, "password": null, "_winner": "p0x1481fd4c", "_our_name": "p0x1481fd4c"}