{"id": "battle-gen9randombattle-117", "formatid": "gen9randombattle", "format": "[Gen 9] Random Battle", "players": ["p0x117fd83", "p0y117050e"], "log": "|init|battle\n|title|p0x117fd83 vs. p0y117050e\n|j|\u2606p0x117fd83\n|j|\u2606p0y117050e\n|t:|1783534632\n|gametype|singles\n|player|p1|p0x117fd83|2|\n|player|p2|p0y117050e|2|\n|gen|9\n|tier|[Gen 9] Random Battle\n|rule|Species Clause: Limit one of each Pok\u00e9mon\n|rule|HP Percentage Mod: HP is shown in percentages\n|rule|Sleep Clause Mod: Limit one foe put to sleep\n|rule|Illusion Level Mod: Illusion disguises the Pok\u00e9mon's true level\n|\n|t:|1783534632\n|teamsize|p1|6\n|teamsize|p2|6\n|start\n|switch|p1a: Samurott|Samurott, L88, M|310/310\n|switch|p2a: Whimsicott|Whimsicott, L84, F|100/100\n|turn|1\n|inactive|Battle timer is ON: inactive players will automatically lose when time's up. (requested by p0y117050e)\n|inactive|Time left: 300 sec this turn | 300 sec total | 60 sec grace\n|inactive|p0x117fd83 also wants the timer to be on.\n|\n|t:|1783534634\n|move|p2a: Whimsicott|Giga Drain|p1a: Samurott\n|-supereffective|p1a: Samurott\n|-damage|p1a: Samurott|152/310\n|move|p1a: Samurott|Swords Dance|p1a: Samurott\n|-boost|p1a: Samurott|atk|2\n|\n|upkeep\n|turn|2\n|inactive|Time left: 300 sec this turn | 300 sec total\n|\n|t:|1783534635\n|move|p2a: Whimsicott|Giga Drain|p1a: Samurott\n|-supereffective|p1a: Samurott\n|-damage|p1a: Samurott|0 fnt\n|faint|p1a: Samurott\n|\n|upkeep\n|inactive|Time left: 300 sec this turn | 300 sec total | 5 sec grace\n|\n|t:|1783534636\n|switch|p1a: Espathra|Espathra, L80, F|283/283\n|turn|3\n|inactive|Time left: 300 sec this turn | 300 sec total\n|\n|t:|1783534637\n|move|p2a: Whimsicott|U-turn|p1a: Espathra\n|-supereffective|p1a: Espathra\n|-damage|p1a: Espathra|185/283\n|\n|t:|1783534638\n|switch|p2a: Incineroar|Incineroar, L82, M|100/100|[from] U-turn\n|-ability|p2a: Incineroar|Intimidate|boost\n|-unboost|p1a: Espathra|atk|1\n|move|p1a: Espathra|Lumina Crash|p2a: Incineroar\n|-immune|p2a: Incineroar\n|\n|-ability|p1a: Espathra|Speed Boost|boost\n|-boost|p1a: Espathra|spe|1\n|upkeep\n|turn|4\n|inactive|Time left: 300 sec this turn | 300 sec total\n|\n|t:|1783534639\n|switch|p1a: Politoed|Politoed, L88, F|302/302\n|-weather|RainDance|[from] ability: Drizzle|[of] p1a: Politoed\n|move|p2a: Incineroar|Knock Off|p1a: Politoed\n|-damage|p1a: Politoed|179/302\n|-enditem|p1a: Politoed|Choice Specs|[from] move: Knock Off|[of] p2a: Incineroar\n|\n|-weather|RainDance|[upkeep]\n|upkeep\n|turn|5\n|inactive|Time left: 300 sec this turn | 300 sec total\n|\n|t:|1783534641\n|switch|p2a: Sinistcha|Sinistcha-Masterpiece, L83|100/100\n|move|p1a: Politoed|Hydro Pump|p2a: Sinistcha|[miss]\n|-miss|p1a: Politoed|p2a: Sinistcha\n|\n|-weather|RainDance|[upkeep]\n|upkeep\n|turn|6\n|inactive|Time left: 300 sec this turn | 300 sec total\n|\n|t:|1783534642\n|move|p1a: Politoed|Ice Beam|p2a: Sinistcha\n|-supereffective|p2a: Sinistcha\n|-damage|p2a: Sinistcha|48/100\n|move|p2a: Sinistcha|Matcha Gotcha|p1a: Politoed\n|-supereffective|p1a: Politoed\n|-damage|p1a: Politoed|0 fnt\n|-heal|p2a: Sinistcha|83/100|[from] drain|[of] p1a: Politoed\n|faint|p1a: Politoed\n|\n|-weather|RainDance|[upkeep]\n|-heal|p2a: Sinistcha|89/100|[from] item: Leftovers\n|upkeep\n|inactive|Time left: 300 sec this turn | 300 sec total | 5 sec grace\n|\n|t:|1783534643\n|switch|p1a: Lunala|Lunala, L70|308/308\n|turn|7\n|inactive|Time left: 300 sec this turn | 300 sec total\n|\n|t:|1783534644\n|switch|p2a: Incineroar|Incineroar, L82, M|100/100\n|-ability|p2a: Incineroar|Intimidate|boost\n|-unboost|p1a: Lunala|atk|1\n|move|p1a: Lunala|Moongeist Beam|p2a: Incineroar\n|-resisted|p2a: Incineroar\n|-damage|p2a: Incineroar|89/100\n|\n|-weather|RainDance|[upkeep]\n|upkeep\n|turn|8\n|inactive|Time left: 300 sec this turn | 300 sec total\n|\n|t:|1783534645\n|switch|p1a: Ursaluna|Ursaluna-Bloodmoon, L79, M|308/308\n|move|p2a: Incineroar|Knock Off|p1a: Ursaluna\n|-damage|p1a: Ursaluna|212/308\n|-enditem|p1a: Ursaluna|Leftovers|[from] move: Knock Off|[of] p2a: Incineroar\n|\n|-weather|none\n|upkeep\n|turn|9\n|inactive|Time left: 300 sec this turn | 300 sec total\n|\n|t:|1783534647\n|move|p2a: Incineroar|Close Combat|p1a: Ursaluna\n|-supereffective|p1a: Ursaluna\n|-damage|p1a: Ursaluna|46/308\n|-unboost|p2a: Incineroar|def|1\n|-unboost|p2a: Incineroar|spd|1\n|move|p1a: Ursaluna|Blood Moon|p2a: Incineroar\n|-damage|p2a: Incineroar|31/100\n|\n|upkeep\n|turn|10\n|inactive|Time left: 300 sec this turn | 300 sec total\n|\n|t:|1783534648\n|move|p2a: Incineroar|Knock Off|p1a: Ursaluna\n|-damage|p1a: Ursaluna|0 fnt\n|faint|p1a: Ursaluna\n|\n|upkeep\n|inactive|Time left: 300 sec this turn | 300 sec total | 5 sec grace\n|\n|t:|1783534649\n|switch|p1a: Lunala|Lunala, L70|308/308\n|turn|11\n|inactive|Time left: 300 sec this turn | 300 sec total\n|\n|t:|1783534650\n|move|p1a: Lunala|Moonblast|p2a: Incineroar\n|-damage|p2a: Incineroar|10/100\n|move|p2a: Incineroar|Knock Off|p1a: Lunala\n|-supereffective|p1a: Lunala\n|-damage|p1a: Lunala|32/308\n|-enditem|p1a: Lunala|Leftovers|[from] move: Knock Off|[of] p2a: Incineroar\n|\n|upkeep\n|turn|12\n|inactive|Time left: 300 sec this turn | 300 sec total\n|\n|t:|1783534651\n|switch|p2a: Pyroar|Pyroar, L88, F|100/100\n|-ability|p2a: Pyroar|Unnerve\n|move|p1a: Lunala|Moongeist Beam|p2a: Pyroar\n|-immune|p2a: Pyroar\n|\n|upkeep\n|turn|13\n|inactive|Time left: 300 sec this turn | 300 sec total\n|\n|t:|1783534651\n|move|p2a: Pyroar|Fire Blast|p1a: Lunala\n|-damage|p1a: Lunala|0 fnt\n|faint|p1a: Lunala\n|\n|upkeep\n|inactive|Time left: 300 sec this turn | 300 sec total | 5 sec grace\n|\n|t:|1783534652\n|switch|p1a: Mandibuzz|Mandibuzz, L85, F|326/326\n|turn|14\n|inactive|Time left: 300 sec this turn | 300 sec total\n|\n|t:|1783534653\n|move|p2a: Pyroar|Work Up|p2a: Pyroar\n|-boost|p2a: Pyroar|atk|1\n|-boost|p2a: Pyroar|spa|1\n|move|p1a: Mandibuzz|U-turn|p2a: Pyroar\n|-resisted|p2a: Pyroar\n|-damage|p2a: Pyroar|93/100\n|inactive|Time left: 300 sec this turn | 300 sec total | 5 sec grace\n|\n|t:|1783534654\n|switch|p1a: Espathra|Espathra, L80, F|185/283|[from] U-turn\n|\n|upkeep\n|turn|15\n|inactive|Time left: 300 sec this turn | 300 sec total\n|\n|t:|1783534655\n|switch|p1a: Mandibuzz|Mandibuzz, L85, F|326/326\n|move|p2a: Pyroar|Hyper Voice|p1a: Mandibuzz\n|-damage|p1a: Mandibuzz|154/326\n|\n|upkeep\n|turn|16\n|inactive|Time left: 300 sec this turn | 300 sec total\n|\n|t:|1783534656\n|move|p2a: Pyroar|Fire Blast|p1a: Mandibuzz\n|-damage|p1a: Mandibuzz|0 fnt\n|faint|p1a: Mandibuzz\n|\n|upkeep\n|inactive|Time left: 300 sec this turn | 300 sec total | 5 sec grace\n|\n|t:|1783534657\n|switch|p1a: Espathra|Espathra, L80, F|185/283\n|turn|17\n|inactive|Time left: 300 sec this turn | 300 sec total\n|\n|t:|1783534658\n|-terastallize|p2a: Pyroar|Fire\n|move|p2a: Pyroar|Hyper Voice|p1a: Espathra\n|-damage|p1a: Espathra|0 fnt\n|faint|p1a: Espathra\n|\n|win|p0y117050e", "uploadtime": 1783534658, "views": 0, "rating": 0, "private": 0, "password": null, "_winner": "p0y117050e", "_our_name": "p0x117fd83"}