{"id": "battle-gen9randombattle-482", "formatid": "gen9randombattle", "format": "[Gen 9] Random Battle", "players": ["p0x482dbee", "p0y482492b"], "log": "|init|battle\n|title|p0x482dbee vs. p0y482492b\n|j|\u2606p0x482dbee\n|j|\u2606p0y482492b\n|t:|1783544624\n|gametype|singles\n|player|p1|p0x482dbee|169|\n|player|p2|p0y482492b|1|\n|gen|9\n|tier|[Gen 9] Random Battle\n|rule|Species Clause: Limit one of each Pok\u00e9mon\n|rule|HP Percentage Mod: HP is shown in percentages\n|rule|Sleep Clause Mod: Limit one foe put to sleep\n|rule|Illusion Level Mod: Illusion disguises the Pok\u00e9mon's true level\n|\n|t:|1783544624\n|teamsize|p1|6\n|teamsize|p2|6\n|start\n|switch|p1a: Glimmora|Glimmora, L75, M|100/100\n|switch|p2a: Iron Treads|Iron Treads, L77|265/265\n|turn|1\n|inactive|Battle timer is ON: inactive players will automatically lose when time's up. (requested by p0x482dbee)\n|inactive|Time left: 300 sec this turn | 300 sec total | 60 sec grace\n|inactive|p0y482492b also wants the timer to be on.\n|\n|t:|1783544626\n|-terastallize|p1a: Glimmora|Ground\n|move|p2a: Iron Treads|Earthquake|p1a: Glimmora\n|-damage|p1a: Glimmora|55/100\n|-activate|p1a: Glimmora|ability: Toxic Debris\n|-sidestart|p2: p0y482492b|move: Toxic Spikes\n|move|p1a: Glimmora|Earth Power|p2a: Iron Treads\n|-supereffective|p2a: Iron Treads\n|-damage|p2a: Iron Treads|0 fnt\n|faint|p2a: Iron Treads\n|-end|p2a: Iron Treads|Quark Drive|[silent]\n|\n|upkeep\n|inactive|Time left: 300 sec this turn | 300 sec total | 65 sec grace\n|\n|t:|1783544627\n|switch|p2a: Lurantis|Lurantis, L87, F|264/264\n|-status|p2a: Lurantis|psn\n|turn|2\n|inactive|Time left: 300 sec this turn | 300 sec total\n|\n|t:|1783544628\n|move|p1a: Glimmora|Sludge Wave|p2a: Lurantis\n|-supereffective|p2a: Lurantis\n|-crit|p2a: Lurantis\n|-damage|p2a: Lurantis|60/264 psn\n|move|p2a: Lurantis|Leaf Storm|p1a: Glimmora\n|-supereffective|p1a: Glimmora\n|-damage|p1a: Glimmora|0 fnt\n|-boost|p2a: Lurantis|spa|2\n|faint|p1a: Glimmora\n|\n|-damage|p2a: Lurantis|27/264 psn|[from] psn\n|upkeep\n|\n|t:|1783544629\n|switch|p1a: Wigglytuff|Wigglytuff, L96, M|100/100\n|turn|3\n|inactive|Time left: 300 sec this turn | 300 sec total\n|\n|t:|1783544631\n|move|p1a: Wigglytuff|Dazzling Gleam|p2a: Lurantis\n|-damage|p2a: Lurantis|0 fnt\n|faint|p2a: Lurantis\n|\n|upkeep\n|inactive|Time left: 300 sec this turn | 300 sec total | 5 sec grace\n|\n|t:|1783544632\n|switch|p2a: Glalie|Glalie, L96, F|309/309\n|turn|4\n|inactive|Time left: 300 sec this turn | 300 sec total\n|\n|t:|1783544633\n|move|p2a: Glalie|Spikes|p1a: Wigglytuff\n|-sidestart|p1: p0x482dbee|Spikes\n|move|p1a: Wigglytuff|Dazzling Gleam|p2a: Glalie\n|-damage|p2a: Glalie|218/309\n|\n|upkeep\n|turn|5\n|inactive|Time left: 300 sec this turn | 300 sec total\n|\n|t:|1783544634\n|move|p2a: Glalie|Spikes|p1a: Wigglytuff\n|-sidestart|p1: p0x482dbee|Spikes\n|move|p1a: Wigglytuff|Fire Blast|p2a: Glalie\n|-supereffective|p2a: Glalie\n|-damage|p2a: Glalie|44/309\n|\n|upkeep\n|turn|6\n|inactive|Time left: 300 sec this turn | 300 sec total\n|\n|t:|1783544635\n|move|p2a: Glalie|Freeze-Dry|p1a: Wigglytuff\n|-damage|p1a: Wigglytuff|74/100\n|move|p1a: Wigglytuff|Dazzling Gleam|p2a: Glalie\n|-damage|p2a: Glalie|0 fnt\n|faint|p2a: Glalie\n|\n|-heal|p1a: Wigglytuff|80/100|[from] item: Leftovers\n|upkeep\n|inactive|Time left: 300 sec this turn | 300 sec total | 5 sec grace\n|\n|t:|1783544636\n|switch|p2a: Chandelure|Chandelure, L83, F|235/235\n|-status|p2a: Chandelure|psn\n|turn|7\n|inactive|Time left: 300 sec this turn | 300 sec total\n|\n|t:|1783544637\n|move|p2a: Chandelure|Fire Blast|p1a: Wigglytuff\n|-damage|p1a: Wigglytuff|34/100\n|move|p1a: Wigglytuff|Wish|p1a: Wigglytuff\n|\n|-heal|p1a: Wigglytuff|40/100|[from] item: Leftovers\n|-damage|p2a: Chandelure|206/235 psn|[from] psn\n|upkeep\n|turn|8\n|inactive|Time left: 300 sec this turn | 300 sec total\n|\n|t:|1783544639\n|move|p1a: Wigglytuff|Protect|p1a: Wigglytuff\n|-singleturn|p1a: Wigglytuff|Protect\n|move|p2a: Chandelure|Fire Blast|p1a: Wigglytuff\n|-activate|p1a: Wigglytuff|move: Protect\n|\n|-heal|p1a: Wigglytuff|90/100|[from] move: Wish|[wisher] Wigglytuff\n|-heal|p1a: Wigglytuff|96/100|[from] item: Leftovers\n|-damage|p2a: Chandelure|177/235 psn|[from] psn\n|upkeep\n|turn|9\n|inactive|Time left: 300 sec this turn | 300 sec total\n|\n|t:|1783544640\n|move|p2a: Chandelure|Fire Blast|p1a: Wigglytuff|[miss]\n|-miss|p2a: Chandelure|p1a: Wigglytuff\n|move|p1a: Wigglytuff|Wish|p1a: Wigglytuff\n|\n|-heal|p1a: Wigglytuff|100/100|[from] item: Leftovers\n|-damage|p2a: Chandelure|148/235 psn|[from] psn\n|upkeep\n|turn|10\n|inactive|Time left: 300 sec this turn | 300 sec total\n|\n|t:|1783544641\n|move|p2a: Chandelure|Fire Blast|p1a: Wigglytuff\n|-damage|p1a: Wigglytuff|49/100\n|move|p1a: Wigglytuff|Dazzling Gleam|p2a: Chandelure\n|-resisted|p2a: Chandelure\n|-damage|p2a: Chandelure|100/235 psn\n|\n|-heal|p1a: Wigglytuff|99/100|[from] move: Wish|[wisher] Wigglytuff\n|-heal|p1a: Wigglytuff|100/100|[from] item: Leftovers\n|-damage|p2a: Chandelure|71/235 psn|[from] psn\n|upkeep\n|turn|11\n|inactive|Time left: 300 sec this turn | 300 sec total\n|\n|t:|1783544642\n|move|p2a: Chandelure|Fire Blast|p1a: Wigglytuff\n|-damage|p1a: Wigglytuff|52/100\n|move|p1a: Wigglytuff|Dazzling Gleam|p2a: Chandelure\n|-resisted|p2a: Chandelure\n|-damage|p2a: Chandelure|20/235 psn\n|\n|-heal|p1a: Wigglytuff|58/100|[from] item: Leftovers\n|-damage|p2a: Chandelure|0 fnt|[from] psn\n|faint|p2a: Chandelure\n|upkeep\n|inactive|Time left: 300 sec this turn | 300 sec total | 5 sec grace\n|\n|t:|1783544643\n|switch|p2a: Gallade|Gallade, L80, M|240/240\n|-status|p2a: Gallade|psn\n|turn|12\n|inactive|Time left: 300 sec this turn | 300 sec total\n|\n|t:|1783544644\n|-terastallize|p2a: Gallade|Fighting\n|move|p1a: Wigglytuff|Protect|p1a: Wigglytuff\n|-singleturn|p1a: Wigglytuff|Protect\n|move|p2a: Gallade|Sacred Sword|p1a: Wigglytuff\n|-activate|p1a: Wigglytuff|move: Protect\n|\n|-heal|p1a: Wigglytuff|64/100|[from] item: Leftovers\n|-damage|p2a: Gallade|210/240 psn|[from] psn\n|upkeep\n|turn|13\n|inactive|Time left: 300 sec this turn | 300 sec total\n|\n|t:|1783544645\n|switch|p1a: Chandelure|Chandelure, L83, F|100/100\n|-damage|p1a: Chandelure|84/100|[from] Spikes\n|move|p2a: Gallade|Sacred Sword|p1a: Chandelure\n|-immune|p1a: Chandelure\n|\n|-damage|p2a: Gallade|180/240 psn|[from] psn\n|upkeep\n|turn|14\n|inactive|Time left: 300 sec this turn | 300 sec total\n|\n|t:|1783544646\n|move|p1a: Chandelure|Shadow Ball|p2a: Gallade\n|-damage|p2a: Gallade|72/240 psn\n|move|p2a: Gallade|Sacred Sword|p1a: Chandelure\n|-immune|p1a: Chandelure\n|\n|-damage|p2a: Gallade|42/240 psn|[from] psn\n|upkeep\n|turn|15\n|inactive|Time left: 300 sec this turn | 300 sec total\n|\n|t:|1783544647\n|switch|p2a: Regieleki|Regieleki, L79|256/256\n|-status|p2a: Regieleki|psn\n|move|p1a: Chandelure|Shadow Ball|p2a: Regieleki\n|-damage|p2a: Regieleki|63/256 psn\n|\n|-damage|p2a: Regieleki|31/256 psn|[from] psn\n|upkeep\n|turn|16\n|inactive|Time left: 300 sec this turn | 300 sec total\n|\n|t:|1783544648\n|move|p2a: Regieleki|Thunderbolt|p1a: Chandelure\n|-damage|p1a: Chandelure|25/100\n|move|p1a: Chandelure|Shadow Ball|p2a: Regieleki\n|-damage|p2a: Regieleki|0 fnt\n|faint|p2a: Regieleki\n|\n|upkeep\n|inactive|Time left: 300 sec this turn | 300 sec total | 5 sec grace\n|\n|t:|1783544649\n|switch|p2a: Gallade|Gallade, L80, M, tera:Fighting|42/240 psn\n|turn|17\n|inactive|Time left: 300 sec this turn | 300 sec total\n|\n|t:|1783544650\n|switch|p1a: Cloyster|Cloyster, L80, F|100/100\n|-damage|p1a: Cloyster|84/100|[from] Spikes\n|move|p2a: Gallade|Night Slash|p1a: Cloyster\n|-damage|p1a: Cloyster|58/100\n|\n|-damage|p2a: Gallade|12/240 psn|[from] psn\n|upkeep\n|turn|18\n|inactive|Time left: 300 sec this turn | 300 sec total\n|\n|t:|1783544651\n|move|p2a: Gallade|Night Slash|p1a: Cloyster\n|-damage|p1a: Cloyster|33/100\n|move|p1a: Cloyster|Hydro Pump|p2a: Gallade\n|-damage|p2a: Gallade|0 fnt\n|faint|p2a: Gallade\n|\n|win|p0x482dbee", "uploadtime": 1783544651, "views": 0, "rating": 0, "private": 0, "password": null, "_winner": "p0x482dbee", "_our_name": "p0y482492b"}