{"id": "battle-gen9randombattle-2887", "formatid": "gen9randombattle", "format": "[Gen 9] Random Battle", "players": ["p0x28878a1e", "p0y2887789c"], "log": "|init|battle\n|title|p0x28878a1e vs. p0y2887789c\n|j|\u2606p0x28878a1e\n|j|\u2606p0y2887789c\n|t:|1783573255\n|gametype|singles\n|player|p1|p0x28878a1e|265|\n|player|p2|p0y2887789c|1|\n|gen|9\n|tier|[Gen 9] Random Battle\n|rule|Species Clause: Limit one of each Pok\u00e9mon\n|rule|HP Percentage Mod: HP is shown in percentages\n|rule|Sleep Clause Mod: Limit one foe put to sleep\n|rule|Illusion Level Mod: Illusion disguises the Pok\u00e9mon's true level\n|\n|t:|1783573255\n|teamsize|p1|6\n|teamsize|p2|6\n|start\n|switch|p1a: Corviknight|Corviknight, L80, F|288/288\n|switch|p2a: Dusknoir|Dusknoir, L89, F|100/100\n|-ability|p1a: Corviknight|Pressure\n|-item|p1a: Corviknight|Leftovers|[from] ability: Frisk|[of] p2a: Dusknoir\n|turn|1\n|inactive|Battle timer is ON: inactive players will automatically lose when time's up. (requested by p0x28878a1e)\n|inactive|p0y2887789c also wants the timer to be on.\n|\n|t:|1783573256\n|switch|p1a: Leavanny|Leavanny, L86, F|269/269\n|move|p2a: Dusknoir|Poltergeist|p1a: Leavanny\n|-activate|p1a: Leavanny|move: Poltergeist|Heavy-Duty Boots\n|-damage|p1a: Leavanny|133/269\n|\n|upkeep\n|turn|2\n|inactive|Time left: 300 sec this turn | 300 sec total\n|\n|t:|1783573257\n|move|p1a: Leavanny|Sticky Web|p2a: Dusknoir\n|-sidestart|p2: p0y2887789c|move: Sticky Web\n|move|p2a: Dusknoir|Poltergeist|p1a: Leavanny|[miss]\n|-miss|p2a: Dusknoir|p1a: Leavanny\n|\n|upkeep\n|turn|3\n|inactive|Time left: 300 sec this turn | 300 sec total\n|\n|t:|1783573258\n|move|p1a: Leavanny|Knock Off|p2a: Dusknoir\n|-supereffective|p2a: Dusknoir\n|-damage|p2a: Dusknoir|56/100\n|-enditem|p2a: Dusknoir|Leftovers|[from] move: Knock Off|[of] p1a: Leavanny\n|move|p2a: Dusknoir|Poltergeist|p1a: Leavanny\n|-activate|p1a: Leavanny|move: Poltergeist|Heavy-Duty Boots\n|-damage|p1a: Leavanny|0 fnt\n|faint|p1a: Leavanny\n|\n|upkeep\n|inactive|Time left: 300 sec this turn | 300 sec total | 5 sec grace\n|\n|t:|1783573259\n|switch|p1a: Minior|Minior-Violet, L79|224/224\n|-formechange|p1a: Minior|Minior-Meteor||[from] ability: Shields Down\n|turn|4\n|inactive|Time left: 300 sec this turn | 300 sec total\n|\n|t:|1783573260\n|move|p1a: Minior|Shell Smash|p1a: Minior\n|-unboost|p1a: Minior|def|1\n|-unboost|p1a: Minior|spd|1\n|-boost|p1a: Minior|atk|2\n|-boost|p1a: Minior|spa|2\n|-boost|p1a: Minior|spe|2\n|-enditem|p1a: Minior|White Herb\n|-clearnegativeboost|p1a: Minior|[silent]\n|move|p2a: Dusknoir|Substitute|p2a: Dusknoir\n|-start|p2a: Dusknoir|Substitute\n|-damage|p2a: Dusknoir|31/100\n|\n|upkeep\n|turn|5\n|inactive|Time left: 300 sec this turn | 300 sec total\n|\n|t:|1783573261\n|move|p1a: Minior|Acrobatics|p2a: Dusknoir\n|-end|p2a: Dusknoir|Substitute\n|move|p2a: Dusknoir|Pain Split|p1a: Minior\n|-sethp|p1a: Minior|146/224|[from] move: Pain Split|[silent]\n|-sethp|p2a: Dusknoir|65/100|[from] move: Pain Split\n|\n|upkeep\n|turn|6\n|inactive|Time left: 300 sec this turn | 300 sec total\n|\n|t:|1783573262\n|switch|p2a: Latias|Latias, L79, F|100/100\n|move|p1a: Minior|Acrobatics|p2a: Latias\n|-damage|p2a: Latias|37/100\n|\n|upkeep\n|turn|7\n|inactive|Time left: 300 sec this turn | 300 sec total\n|\n|t:|1783573263\n|-terastallize|p1a: Minior|Flying\n|-terastallize|p2a: Latias|Steel\n|move|p1a: Minior|Acrobatics|p2a: Latias\n|-resisted|p2a: Latias\n|-damage|p2a: Latias|0 fnt\n|faint|p2a: Latias\n|\n|upkeep\n|\n|t:|1783573264\n|switch|p2a: Grumpig|Grumpig, L92, F|100/100\n|-activate|p2a: Grumpig|move: Sticky Web\n|-unboost|p2a: Grumpig|spe|1\n|turn|8\n|inactive|Time left: 300 sec this turn | 300 sec total\n|\n|t:|1783573265\n|move|p1a: Minior|Acrobatics|p2a: Grumpig\n|-crit|p2a: Grumpig\n|-damage|p2a: Grumpig|0 fnt\n|faint|p2a: Grumpig\n|\n|upkeep\n|\n|t:|1783573266\n|switch|p2a: Dusknoir|Dusknoir, L89, F|65/100\n|-activate|p2a: Dusknoir|move: Sticky Web\n|-unboost|p2a: Dusknoir|spe|1\n|turn|9\n|inactive|Time left: 300 sec this turn | 300 sec total\n|\n|t:|1783573267\n|move|p1a: Minior|Power Gem|p2a: Dusknoir\n|-damage|p2a: Dusknoir|36/100\n|move|p2a: Dusknoir|Pain Split|p1a: Minior\n|-sethp|p1a: Minior|112/224|[from] move: Pain Split|[silent]\n|-sethp|p2a: Dusknoir|50/100|[from] move: Pain Split\n|\n|-formechange|p1a: Minior|Minior-Violet||[from] ability: Shields Down\n|upkeep\n|turn|10\n|inactive|Time left: 300 sec this turn | 300 sec total\n|\n|t:|1783573268\n|-singleturn|p2a: Dusknoir|move: Focus Punch\n|move|p1a: Minior|Earthquake|p2a: Dusknoir\n|-damage|p2a: Dusknoir|12/100\n|cant|p2a: Dusknoir|Focus Punch|Focus Punch\n|\n|upkeep\n|turn|11\n|inactive|Time left: 300 sec this turn | 300 sec total\n|\n|t:|1783573269\n|-singleturn|p2a: Dusknoir|move: Focus Punch\n|move|p1a: Minior|Power Gem|p2a: Dusknoir\n|-damage|p2a: Dusknoir|0 fnt\n|faint|p2a: Dusknoir\n|\n|upkeep\n|\n|t:|1783573270\n|switch|p2a: Brute Bonnet|Brute Bonnet, L80|100/100\n|-activate|p2a: Brute Bonnet|move: Sticky Web\n|-unboost|p2a: Brute Bonnet|spe|1\n|turn|12\n|inactive|Time left: 300 sec this turn | 300 sec total\n|\n|t:|1783573271\n|move|p2a: Brute Bonnet|Sucker Punch||[still]\n|-fail|p2a: Brute Bonnet\n|move|p1a: Minior|Shell Smash|p1a: Minior\n|-unboost|p1a: Minior|def|1\n|-unboost|p1a: Minior|spd|1\n|-boost|p1a: Minior|atk|2\n|-boost|p1a: Minior|spa|2\n|-boost|p1a: Minior|spe|2\n|\n|upkeep\n|turn|13\n|inactive|Time left: 300 sec this turn | 300 sec total\n|\n|t:|1783573272\n|move|p2a: Brute Bonnet|Sucker Punch||[still]\n|-fail|p2a: Brute Bonnet\n|move|p1a: Minior|Shell Smash|p1a: Minior\n|-unboost|p1a: Minior|def|1\n|-unboost|p1a: Minior|spd|1\n|-boost|p1a: Minior|atk|2\n|-boost|p1a: Minior|spa|2\n|-boost|p1a: Minior|spe|2\n|\n|upkeep\n|turn|14\n|inactive|Time left: 300 sec this turn | 300 sec total\n|\n|t:|1783573273\n|move|p2a: Brute Bonnet|Sucker Punch|p1a: Minior\n|-damage|p1a: Minior|0 fnt\n|faint|p1a: Minior\n|\n|upkeep\n|inactive|Time left: 300 sec this turn | 300 sec total | 5 sec grace\n|\n|t:|1783573274\n|switch|p1a: Toxtricity|Toxtricity, L82, M|257/257\n|turn|15\n|inactive|Time left: 300 sec this turn | 300 sec total\n|\n|t:|1783573275\n|move|p1a: Toxtricity|Gunk Shot|p2a: Brute Bonnet\n|-supereffective|p2a: Brute Bonnet\n|-damage|p2a: Brute Bonnet|32/100\n|move|p2a: Brute Bonnet|Spore|p1a: Toxtricity\n|-status|p1a: Toxtricity|slp|[from] move: Spore\n|\n|-heal|p2a: Brute Bonnet|38/100|[from] item: Leftovers\n|upkeep\n|turn|16\n|inactive|Time left: 300 sec this turn | 300 sec total\n|\n|t:|1783573276\n|cant|p1a: Toxtricity|slp\n|move|p2a: Brute Bonnet|Crunch|p1a: Toxtricity\n|-damage|p1a: Toxtricity|148/257 slp\n|\n|-heal|p2a: Brute Bonnet|44/100|[from] item: Leftovers\n|upkeep\n|turn|17\n|inactive|Time left: 300 sec this turn | 300 sec total\n|\n|t:|1783573278\n|cant|p1a: Toxtricity|slp\n|move|p2a: Brute Bonnet|Crunch|p1a: Toxtricity\n|-damage|p1a: Toxtricity|28/257 slp\n|\n|-heal|p2a: Brute Bonnet|50/100|[from] item: Leftovers\n|upkeep\n|turn|18\n|inactive|Time left: 300 sec this turn | 300 sec total\n|\n|t:|1783573278\n|cant|p1a: Toxtricity|slp\n|move|p2a: Brute Bonnet|Crunch|p1a: Toxtricity\n|-damage|p1a: Toxtricity|0 fnt\n|faint|p1a: Toxtricity\n|\n|-heal|p2a: Brute Bonnet|56/100|[from] item: Leftovers\n|upkeep\n|inactive|Time left: 300 sec this turn | 300 sec total | 5 sec grace\n|\n|t:|1783573279\n|switch|p1a: Corviknight|Corviknight, L80, F|288/288\n|-ability|p1a: Corviknight|Pressure\n|turn|19\n|inactive|Time left: 300 sec this turn | 300 sec total\n|\n|t:|1783573280\n|move|p2a: Brute Bonnet|Sucker Punch|p1a: Corviknight\n|-damage|p1a: Corviknight|207/288\n|move|p1a: Corviknight|Brave Bird|p2a: Brute Bonnet\n|-supereffective|p2a: Brute Bonnet\n|-damage|p2a: Brute Bonnet|0 fnt\n|faint|p2a: Brute Bonnet\n|-end|p2a: Brute Bonnet|Protosynthesis|[silent]\n|-damage|p1a: Corviknight|150/288|[from] Recoil\n|\n|-heal|p1a: Corviknight|168/288|[from] item: Leftovers\n|upkeep\n|\n|t:|1783573281\n|switch|p2a: Masquerain|Masquerain, L87, F|100/100\n|-ability|p2a: Masquerain|Intimidate|boost\n|-unboost|p1a: Corviknight|atk|1\n|turn|20\n|inactive|Time left: 300 sec this turn | 300 sec total\n|\n|t:|1783573282\n|move|p2a: Masquerain|Hurricane|p1a: Corviknight|[miss]\n|-miss|p2a: Masquerain|p1a: Corviknight\n|move|p1a: Corviknight|Brave Bird|p2a: Masquerain\n|-supereffective|p2a: Masquerain\n|-damage|p2a: Masquerain|32/100\n|-damage|p1a: Corviknight|108/288|[from] Recoil\n|\n|-heal|p1a: Corviknight|126/288|[from] item: Leftovers\n|upkeep\n|turn|21\n|inactive|Time left: 300 sec this turn | 300 sec total\n|\n|t:|1783573283\n|move|p2a: Masquerain|Sticky Web|p1a: Corviknight\n|-sidestart|p1: p0x28878a1e|move: Sticky Web\n|move|p1a: Corviknight|Brave Bird|p2a: Masquerain\n|-supereffective|p2a: Masquerain\n|-damage|p2a: Masquerain|0 fnt\n|faint|p2a: Masquerain\n|-damage|p1a: Corviknight|99/288|[from] Recoil\n|\n|-heal|p1a: Corviknight|117/288|[from] item: Leftovers\n|upkeep\n|\n|t:|1783573284\n|switch|p2a: Volbeat|Volbeat, L90, M|100/100\n|turn|22\n|inactive|Time left: 300 sec this turn | 300 sec total\n|\n|t:|1783573285\n|move|p2a: Volbeat|Thunder Wave|p1a: Corviknight\n|-status|p1a: Corviknight|par\n|move|p1a: Corviknight|Brave Bird|p2a: Volbeat\n|-supereffective|p2a: Volbeat\n|-damage|p2a: Volbeat|38/100\n|-damage|p1a: Corviknight|63/288 par|[from] Recoil\n|\n|-heal|p1a: Corviknight|81/288 par|[from] item: Leftovers\n|upkeep\n|turn|23\n|inactive|Time left: 300 sec this turn | 300 sec total\n|\n|t:|1783573286\n|move|p2a: Volbeat|Roost|p2a: Volbeat\n|-heal|p2a: Volbeat|88/100\n|-singleturn|p2a: Volbeat|move: Roost\n|move|p1a: Corviknight|Brave Bird|p2a: Volbeat\n|-supereffective|p2a: Volbeat\n|-damage|p2a: Volbeat|35/100\n|-damage|p1a: Corviknight|35/288 par|[from] Recoil\n|\n|-heal|p1a: Corviknight|53/288 par|[from] item: Leftovers\n|upkeep\n|turn|24\n|inactive|Time left: 300 sec this turn | 300 sec total\n|\n|t:|1783573287\n|move|p2a: Volbeat|Roost|p2a: Volbeat\n|-heal|p2a: Volbeat|85/100\n|-singleturn|p2a: Volbeat|move: Roost\n|cant|p1a: Corviknight|par\n|\n|-heal|p1a: Corviknight|71/288 par|[from] item: Leftovers\n|upkeep\n|turn|25\n|inactive|Time left: 300 sec this turn | 300 sec total\n|\n|t:|1783573288\n|move|p2a: Volbeat|Lunge|p1a: Corviknight\n|-resisted|p1a: Corviknight\n|-damage|p1a: Corviknight|55/288 par\n|-unboost|p1a: Corviknight|atk|1\n|move|p1a: Corviknight|Roost|p1a: Corviknight\n|-heal|p1a: Corviknight|199/288 par\n|-singleturn|p1a: Corviknight|move: Roost\n|\n|-heal|p1a: Corviknight|217/288 par|[from] item: Leftovers\n|upkeep\n|turn|26\n|inactive|Time left: 300 sec this turn | 300 sec total\n|\n|t:|1783573289\n|move|p2a: Volbeat|Encore|p1a: Corviknight\n|-start|p1a: Corviknight|Encore\n|move|p1a: Corviknight|Roost|p1a: Corviknight\n|-heal|p1a: Corviknight|288/288 par\n|-singleturn|p1a: Corviknight|move: Roost\n|\n|upkeep\n|turn|27\n|inactive|Time left: 300 sec this turn | 300 sec total\n|\n|t:|1783573290\n|switch|p1a: Dondozo|Dondozo, L78, F|362/362\n|-activate|p1a: Dondozo|move: Sticky Web\n|-unboost|p1a: Dondozo|spe|1\n|move|p2a: Volbeat|Lunge|p1a: Dondozo\n|-damage|p1a: Dondozo|289/362\n|-unboost|p1a: Dondozo|atk|1\n|\n|-heal|p1a: Dondozo|311/362|[from] item: Leftovers\n|upkeep\n|turn|28\n|inactive|Time left: 300 sec this turn | 300 sec total\n|\n|t:|1783573291\n|switch|p1a: Corviknight|Corviknight, L80, F|288/288 par\n|-ability|p1a: Corviknight|Pressure\n|move|p2a: Volbeat|Lunge|p1a: Corviknight\n|-resisted|p1a: Corviknight\n|-damage|p1a: Corviknight|269/288 par\n|-unboost|p1a: Corviknight|atk|1\n|\n|-heal|p1a: Corviknight|287/288 par|[from] item: Leftovers\n|upkeep\n|turn|29\n|inactive|Time left: 300 sec this turn | 300 sec total\n|\n|t:|1783573292\n|move|p2a: Volbeat|Lunge|p1a: Corviknight\n|-resisted|p1a: Corviknight\n|-damage|p1a: Corviknight|269/288 par\n|-unboost|p1a: Corviknight|atk|1\n|cant|p1a: Corviknight|par\n|\n|-heal|p1a: Corviknight|287/288 par|[from] item: Leftovers\n|upkeep\n|turn|30\n|inactive|Time left: 300 sec this turn | 300 sec total\n|\n|t:|1783573293\n|move|p2a: Volbeat|Lunge|p1a: Corviknight\n|-resisted|p1a: Corviknight\n|-damage|p1a: Corviknight|269/288 par\n|-unboost|p1a: Corviknight|atk|1\n|move|p1a: Corviknight|Brave Bird|p2a: Volbeat\n|-supereffective|p2a: Volbeat\n|-damage|p2a: Volbeat|49/100\n|-damage|p1a: Corviknight|237/288 par|[from] Recoil\n|\n|-heal|p1a: Corviknight|255/288 par|[from] item: Leftovers\n|upkeep\n|turn|31\n|inactive|Time left: 300 sec this turn | 300 sec total\n|\n|t:|1783573294\n|move|p2a: Volbeat|Roost|p2a: Volbeat\n|-heal|p2a: Volbeat|99/100\n|-singleturn|p2a: Volbeat|move: Roost\n|move|p1a: Corviknight|Defog|p2a: Volbeat\n|-unboost|p2a: Volbeat|evasion|1\n|-sideend|p2: p0y2887789c|Sticky Web|[from] move: Defog|[of] p1a: Corviknight\n|-sideend|p1: p0x28878a1e|Sticky Web|[from] move: Defog|[of] p1a: Corviknight\n|\n|-heal|p1a: Corviknight|273/288 par|[from] item: Leftovers\n|upkeep\n|turn|32\n|inactive|Time left: 300 sec this turn | 300 sec total\n|\n|t:|1783573295\n|switch|p1a: Dondozo|Dondozo, L78, F|311/362\n|move|p2a: Volbeat|Lunge|p1a: Dondozo\n|-damage|p1a: Dondozo|238/362\n|-unboost|p1a: Dondozo|atk|1\n|\n|-heal|p1a: Dondozo|260/362|[from] item: Leftovers\n|upkeep\n|turn|33\n|inactive|Time left: 300 sec this turn | 300 sec total\n|\n|t:|1783573296\n|switch|p1a: Corviknight|Corviknight, L80, F|273/288 par\n|-ability|p1a: Corviknight|Pressure\n|move|p2a: Volbeat|Lunge|p1a: Corviknight\n|-resisted|p1a: Corviknight\n|-damage|p1a: Corviknight|254/288 par\n|-unboost|p1a: Corviknight|atk|1\n|\n|-heal|p1a: Corviknight|272/288 par|[from] item: Leftovers\n|upkeep\n|turn|34\n|inactive|Time left: 300 sec this turn | 300 sec total\n|\n|t:|1783573297\n|move|p2a: Volbeat|Lunge|p1a: Corviknight\n|-resisted|p1a: Corviknight\n|-damage|p1a: Corviknight|255/288 par\n|-unboost|p1a: Corviknight|atk|1\n|cant|p1a: Corviknight|par\n|\n|-heal|p1a: Corviknight|273/288 par|[from] item: Leftovers\n|upkeep\n|turn|35\n|inactive|Time left: 300 sec this turn | 300 sec total\n|\n|t:|1783573298\n|move|p2a: Volbeat|Lunge|p1a: Corviknight\n|-resisted|p1a: Corviknight\n|-damage|p1a: Corviknight|256/288 par\n|-unboost|p1a: Corviknight|atk|1\n|move|p1a: Corviknight|Brave Bird|p2a: Volbeat\n|-supereffective|p2a: Volbeat\n|-damage|p2a: Volbeat|67/100\n|-damage|p1a: Corviknight|228/288 par|[from] Recoil\n|\n|-heal|p1a: Corviknight|246/288 par|[from] item: Leftovers\n|upkeep\n|turn|36\n|inactive|Time left: 300 sec this turn | 300 sec total\n|\n|t:|1783573299\n|move|p2a: Volbeat|Lunge|p1a: Corviknight\n|-resisted|p1a: Corviknight\n|-damage|p1a: Corviknight|228/288 par\n|-unboost|p1a: Corviknight|atk|1\n|move|p1a: Corviknight|Brave Bird|p2a: Volbeat\n|-supereffective|p2a: Volbeat\n|-damage|p2a: Volbeat|39/100\n|-damage|p1a: Corviknight|204/288 par|[from] Recoil\n|\n|-heal|p1a: Corviknight|222/288 par|[from] item: Leftovers\n|upkeep\n|turn|37\n|inactive|Time left: 300 sec this turn | 300 sec total\n|\n|t:|1783573300\n|switch|p1a: Dondozo|Dondozo, L78, F|260/362\n|move|p2a: Volbeat|Roost|p2a: Volbeat\n|-heal|p2a: Volbeat|89/100\n|-singleturn|p2a: Volbeat|move: Roost\n|\n|-heal|p1a: Dondozo|282/362|[from] item: Leftovers\n|upkeep\n|turn|38\n|inactive|Time left: 300 sec this turn | 300 sec total\n|\n|t:|1783573301\n|switch|p1a: Corviknight|Corviknight, L80, F|222/288 par\n|-ability|p1a: Corviknight|Pressure\n|move|p2a: Volbeat|Lunge|p1a: Corviknight\n|-resisted|p1a: Corviknight\n|-damage|p1a: Corviknight|206/288 par\n|-unboost|p1a: Corviknight|atk|1\n|\n|-heal|p1a: Corviknight|224/288 par|[from] item: Leftovers\n|upkeep\n|turn|39\n|inactive|Time left: 300 sec this turn | 300 sec total\n|\n|t:|1783573302\n|move|p2a: Volbeat|Lunge|p1a: Corviknight\n|-resisted|p1a: Corviknight\n|-damage|p1a: Corviknight|207/288 par\n|-unboost|p1a: Corviknight|atk|1\n|cant|p1a: Corviknight|par\n|\n|-heal|p1a: Corviknight|225/288 par|[from] item: Leftovers\n|upkeep\n|turn|40\n|inactive|Time left: 300 sec this turn | 300 sec total\n|\n|t:|1783573303\n|move|p2a: Volbeat|Thunder Wave|p1a: Corviknight\n|-fail|p1a: Corviknight|par\n|cant|p1a: Corviknight|par\n|\n|-heal|p1a: Corviknight|243/288 par|[from] item: Leftovers\n|upkeep\n|turn|41\n|inactive|Time left: 300 sec this turn | 300 sec total\n|\n|t:|1783573303\n|move|p2a: Volbeat|Lunge|p1a: Corviknight\n|-resisted|p1a: Corviknight\n|-damage|p1a: Corviknight|227/288 par\n|-unboost|p1a: Corviknight|atk|1\n|cant|p1a: Corviknight|par\n|\n|-heal|p1a: Corviknight|245/288 par|[from] item: Leftovers\n|upkeep\n|turn|42\n|inactive|Time left: 300 sec this turn | 300 sec total\n|\n|t:|1783573304\n|switch|p1a: Dondozo|Dondozo, L78, F|282/362\n|move|p2a: Volbeat|Roost|p2a: Volbeat\n|-heal|p2a: Volbeat|100/100\n|-singleturn|p2a: Volbeat|move: Roost\n|\n|-heal|p1a: Dondozo|304/362|[from] item: Leftovers\n|upkeep\n|turn|43\n|inactive|Time left: 300 sec this turn | 300 sec total\n|\n|t:|1783573305\n|switch|p1a: Corviknight|Corviknight, L80, F|245/288 par\n|-ability|p1a: Corviknight|Pressure\n|move|p2a: Volbeat|Thunder Wave|p1a: Corviknight\n|-fail|p1a: Corviknight|par\n|\n|-heal|p1a: Corviknight|263/288 par|[from] item: Leftovers\n|upkeep\n|turn|44\n|inactive|Time left: 300 sec this turn | 300 sec total\n|\n|t:|1783573306\n|move|p2a: Volbeat|Encore||[still]\n|-fail|p2a: Volbeat\n|move|p1a: Corviknight|Brave Bird|p2a: Volbeat\n|-supereffective|p2a: Volbeat\n|-damage|p2a: Volbeat|7/100\n|-damage|p1a: Corviknight|182/288 par|[from] Recoil\n|\n|-heal|p1a: Corviknight|200/288 par|[from] item: Leftovers\n|upkeep\n|turn|45\n|inactive|Time left: 300 sec this turn | 300 sec total\n|\n|t:|1783573307\n|move|p2a: Volbeat|Roost|p2a: Volbeat\n|-heal|p2a: Volbeat|57/100\n|-singleturn|p2a: Volbeat|move: Roost\n|move|p1a: Corviknight|Brave Bird|p2a: Volbeat\n|-supereffective|p2a: Volbeat\n|-damage|p2a: Volbeat|0 fnt\n|faint|p2a: Volbeat\n|-damage|p1a: Corviknight|151/288 par|[from] Recoil\n|\n|win|p0x28878a1e", "uploadtime": 1783573307, "views": 0, "rating": 0, "private": 0, "password": null, "_winner": "p0x28878a1e", "_our_name": "p0x28878a1e"}