{"id": "battle-gen9randombattle-2748", "formatid": "gen9randombattle", "format": "[Gen 9] Random Battle", "players": ["p0x27484564", "p0y2748cbe9"], "log": "|init|battle\n|title|p0x27484564 vs. p0y2748cbe9\n|j|\u2606p0x27484564\n|j|\u2606p0y2748cbe9\n|t:|1783571680\n|gametype|singles\n|player|p1|p0x27484564|1|\n|player|p2|p0y2748cbe9|266|\n|gen|9\n|tier|[Gen 9] Random Battle\n|rule|Species Clause: Limit one of each Pok\u00e9mon\n|rule|HP Percentage Mod: HP is shown in percentages\n|rule|Sleep Clause Mod: Limit one foe put to sleep\n|rule|Illusion Level Mod: Illusion disguises the Pok\u00e9mon's true level\n|\n|t:|1783571680\n|teamsize|p1|6\n|teamsize|p2|6\n|start\n|switch|p1a: Ceruledge|Ceruledge, L78, F|245/245\n|switch|p2a: Garganacl|Garganacl, L80, M|100/100\n|turn|1\n|inactive|Battle timer is ON: inactive players will automatically lose when time's up. (requested by p0x27484564)\n|inactive|p0y2748cbe9 also wants the timer to be on.\n|\n|t:|1783571681\n|move|p1a: Ceruledge|Swords Dance|p1a: Ceruledge\n|-boost|p1a: Ceruledge|atk|2\n|move|p2a: Garganacl|Earthquake|p1a: Ceruledge\n|-supereffective|p1a: Ceruledge\n|-damage|p1a: Ceruledge|79/245\n|-ability|p1a: Ceruledge|Weak Armor|boost\n|-unboost|p1a: Ceruledge|def|1\n|-boost|p1a: Ceruledge|spe|2\n|\n|upkeep\n|turn|2\n|inactive|Time left: 300 sec this turn | 300 sec total\n|\n|t:|1783571682\n|move|p1a: Ceruledge|Close Combat|p2a: Garganacl\n|-supereffective|p2a: Garganacl\n|-damage|p2a: Garganacl|4/100\n|-unboost|p1a: Ceruledge|def|1\n|-unboost|p1a: Ceruledge|spd|1\n|move|p2a: Garganacl|Salt Cure|p1a: Ceruledge\n|-supereffective|p1a: Ceruledge\n|-damage|p1a: Ceruledge|0 fnt\n|faint|p1a: Ceruledge\n|\n|-heal|p2a: Garganacl|10/100|[from] item: Leftovers\n|upkeep\n|inactive|Time left: 300 sec this turn | 300 sec total | 5 sec grace\n|\n|t:|1783571683\n|switch|p1a: Ribombee|Ribombee, L83, F|235/235\n|turn|3\n|inactive|Time left: 300 sec this turn | 300 sec total\n|\n|t:|1783571685\n|move|p1a: Ribombee|Sticky Web|p2a: Garganacl\n|-sidestart|p2: p0y2748cbe9|move: Sticky Web\n|move|p2a: Garganacl|Recover|p2a: Garganacl\n|-heal|p2a: Garganacl|60/100\n|\n|-heal|p2a: Garganacl|66/100|[from] item: Leftovers\n|upkeep\n|turn|4\n|inactive|Time left: 300 sec this turn | 300 sec total\n|\n|t:|1783571685\n|move|p1a: Ribombee|Moonblast|p2a: Garganacl\n|-crit|p2a: Garganacl\n|-damage|p2a: Garganacl|16/100\n|move|p2a: Garganacl|Salt Cure|p1a: Ribombee\n|-supereffective|p1a: Ribombee\n|-damage|p1a: Ribombee|127/235\n|\n|-heal|p2a: Garganacl|22/100|[from] item: Leftovers\n|upkeep\n|turn|5\n|inactive|Time left: 300 sec this turn | 300 sec total\n|\n|t:|1783571686\n|move|p2a: Garganacl|Protect|p2a: Garganacl\n|-singleturn|p2a: Garganacl|Protect\n|move|p1a: Ribombee|Moonblast|p2a: Garganacl\n|-activate|p2a: Garganacl|move: Protect\n|\n|-heal|p2a: Garganacl|29/100|[from] item: Leftovers\n|upkeep\n|turn|6\n|inactive|Time left: 300 sec this turn | 300 sec total\n|\n|t:|1783571688\n|move|p2a: Garganacl|Protect||[still]\n|-fail|p2a: Garganacl\n|move|p1a: Ribombee|Moonblast|p2a: Garganacl\n|-damage|p2a: Garganacl|0 fnt\n|faint|p2a: Garganacl\n|\n|upkeep\n|\n|t:|1783571688\n|switch|p2a: Meowstic|Meowstic, L89, M|100/100\n|-activate|p2a: Meowstic|move: Sticky Web\n|-unboost|p2a: Meowstic|spe|1\n|turn|7\n|inactive|Time left: 300 sec this turn | 300 sec total\n|\n|t:|1783571690\n|move|p2a: Meowstic|Light Screen|p2a: Meowstic\n|-sidestart|p2: p0y2748cbe9|move: Light Screen\n|move|p1a: Ribombee|Moonblast|p2a: Meowstic\n|-damage|p2a: Meowstic|84/100\n|-unboost|p2a: Meowstic|spa|1\n|\n|upkeep\n|turn|8\n|inactive|Time left: 300 sec this turn | 300 sec total\n|\n|t:|1783571691\n|move|p2a: Meowstic|Reflect|p2a: Meowstic\n|-sidestart|p2: p0y2748cbe9|Reflect\n|move|p1a: Ribombee|Moonblast|p2a: Meowstic\n|-crit|p2a: Meowstic\n|-damage|p2a: Meowstic|29/100\n|-unboost|p2a: Meowstic|spa|1\n|\n|upkeep\n|turn|9\n|inactive|Time left: 300 sec this turn | 300 sec total\n|\n|t:|1783571692\n|switch|p2a: Gallade|Gallade, L80, M|100/100\n|-activate|p2a: Gallade|move: Sticky Web\n|-unboost|p2a: Gallade|spe|1\n|move|p1a: Ribombee|Stun Spore|p2a: Gallade\n|-status|p2a: Gallade|par\n|\n|upkeep\n|turn|10\n|inactive|Time left: 300 sec this turn | 300 sec total\n|\n|t:|1783571693\n|move|p1a: Ribombee|Moonblast|p2a: Gallade\n|-supereffective|p2a: Gallade\n|-damage|p2a: Gallade|67/100 par\n|-unboost|p2a: Gallade|spa|1\n|move|p2a: Gallade|Psycho Cut|p1a: Ribombee\n|-damage|p1a: Ribombee|0 fnt\n|faint|p1a: Ribombee\n|-damage|p2a: Gallade|57/100 par|[from] item: Life Orb\n|\n|upkeep\n|inactive|Time left: 300 sec this turn | 300 sec total | 5 sec grace\n|\n|t:|1783571694\n|switch|p1a: Salamence|Salamence, L77, M|273/273\n|turn|11\n|inactive|Time left: 300 sec this turn | 300 sec total\n|\n|t:|1783571695\n|move|p1a: Salamence|Dragon Dance|p1a: Salamence\n|-boost|p1a: Salamence|atk|1\n|-boost|p1a: Salamence|spe|1\n|move|p2a: Gallade|Psycho Cut|p1a: Salamence\n|-damage|p1a: Salamence|78/273\n|-damage|p2a: Gallade|47/100 par|[from] item: Life Orb\n|\n|upkeep\n|turn|12\n|inactive|Time left: 300 sec this turn | 300 sec total\n|\n|t:|1783571696\n|move|p1a: Salamence|Outrage|p2a: Gallade\n|-damage|p2a: Gallade|0 fnt\n|faint|p2a: Gallade\n|-ability|p1a: Salamence|Moxie|boost\n|-boost|p1a: Salamence|atk|1\n|\n|upkeep\n|\n|t:|1783571697\n|switch|p2a: Greninja|Greninja, L80, M|100/100\n|-activate|p2a: Greninja|move: Sticky Web\n|-unboost|p2a: Greninja|spe|1\n|turn|13\n|inactive|Time left: 300 sec this turn | 300 sec total\n|\n|t:|1783571698\n|move|p1a: Salamence|Outrage|p2a: Greninja|[from] lockedmove\n|-damage|p2a: Greninja|27/100\n|move|p2a: Greninja|Dark Pulse|p1a: Salamence\n|-damage|p1a: Salamence|0 fnt\n|faint|p1a: Salamence\n|-ability|p2a: Greninja|Battle Bond|boost\n|-boost|p2a: Greninja|atk|1\n|-boost|p2a: Greninja|spa|1\n|-boost|p2a: Greninja|spe|1\n|-activate|p2a: Greninja|ability: Battle Bond\n|-damage|p2a: Greninja|18/100|[from] item: Life Orb\n|\n|upkeep\n|inactive|Time left: 300 sec this turn | 300 sec total | 5 sec grace\n|\n|t:|1783571699\n|switch|p1a: Goodra|Goodra, L85, M|292/292\n|turn|14\n|inactive|Time left: 300 sec this turn | 300 sec total\n|\n|t:|1783571700\n|move|p2a: Greninja|Gunk Shot|p1a: Goodra|[miss]\n|-miss|p2a: Greninja|p1a: Goodra\n|move|p1a: Goodra|Knock Off|p2a: Greninja\n|-resisted|p2a: Greninja\n|-damage|p2a: Greninja|9/100\n|-enditem|p2a: Greninja|Life Orb|[from] move: Knock Off|[of] p1a: Goodra\n|\n|-sideend|p2: p0y2748cbe9|move: Light Screen\n|upkeep\n|turn|15\n|inactive|Time left: 300 sec this turn | 300 sec total\n|\n|t:|1783571701\n|move|p2a: Greninja|Gunk Shot|p1a: Goodra\n|-damage|p1a: Goodra|152/292\n|move|p1a: Goodra|Fire Blast|p2a: Greninja\n|-resisted|p2a: Greninja\n|-damage|p2a: Greninja|0 fnt\n|faint|p2a: Greninja\n|\n|-sideend|p2: p0y2748cbe9|Reflect\n|upkeep\n|\n|t:|1783571702\n|switch|p2a: Meowstic|Meowstic, L89, M|29/100\n|-activate|p2a: Meowstic|move: Sticky Web\n|-unboost|p2a: Meowstic|spe|1\n|turn|16\n|inactive|Time left: 300 sec this turn | 300 sec total\n|\n|t:|1783571703\n|move|p2a: Meowstic|Reflect|p2a: Meowstic\n|-sidestart|p2: p0y2748cbe9|Reflect\n|move|p1a: Goodra|Knock Off|p2a: Meowstic\n|-supereffective|p2a: Meowstic\n|-damage|p2a: Meowstic|3/100\n|-enditem|p2a: Meowstic|Light Clay|[from] move: Knock Off|[of] p1a: Goodra\n|\n|upkeep\n|turn|17\n|inactive|Time left: 300 sec this turn | 300 sec total\n|\n|t:|1783571704\n|switch|p1a: Plusle|Plusle, L95, F|268/268\n|move|p2a: Meowstic|Light Screen|p2a: Meowstic\n|-sidestart|p2: p0y2748cbe9|move: Light Screen\n|\n|upkeep\n|turn|18\n|inactive|Time left: 300 sec this turn | 300 sec total\n|\n|t:|1783571705\n|move|p2a: Meowstic|Yawn|p1a: Plusle\n|-start|p1a: Plusle|move: Yawn|[of] p2a: Meowstic\n|move|p1a: Plusle|Nasty Plot|p1a: Plusle\n|-boost|p1a: Plusle|spa|2\n|\n|upkeep\n|turn|19\n|inactive|Time left: 300 sec this turn | 300 sec total\n|\n|t:|1783571706\n|move|p1a: Plusle|Nasty Plot|p1a: Plusle\n|-boost|p1a: Plusle|spa|2\n|move|p2a: Meowstic|Psychic Noise|p1a: Plusle\n|-damage|p1a: Plusle|184/268\n|-start|p1a: Plusle|move: Heal Block\n|\n|-end|p1a: Plusle|move: Yawn|[silent]\n|-status|p1a: Plusle|slp\n|upkeep\n|turn|20\n|inactive|Time left: 300 sec this turn | 300 sec total\n|\n|t:|1783571707\n|cant|p1a: Plusle|slp\n|move|p2a: Meowstic|Psychic Noise|p1a: Plusle\n|-damage|p1a: Plusle|111/268 slp\n|\n|-end|p1a: Plusle|move: Heal Block\n|upkeep\n|turn|21\n|inactive|Time left: 300 sec this turn | 300 sec total\n|\n|t:|1783571708\n|cant|p1a: Plusle|slp\n|move|p2a: Meowstic|Psychic Noise|p1a: Plusle\n|-damage|p1a: Plusle|29/268 slp\n|-start|p1a: Plusle|move: Heal Block\n|\n|-sideend|p2: p0y2748cbe9|move: Light Screen\n|upkeep\n|turn|22\n|inactive|Time left: 300 sec this turn | 300 sec total\n|\n|t:|1783571709\n|-curestatus|p1a: Plusle|slp|[msg]\n|move|p1a: Plusle|Grass Knot|p2a: Meowstic\n|-damage|p2a: Meowstic|0 fnt\n|faint|p2a: Meowstic\n|-damage|p1a: Plusle|3/268|[from] item: Life Orb\n|\n|-end|p1a: Plusle|move: Heal Block\n|upkeep\n|\n|t:|1783571710\n|switch|p2a: Illumise|Illumise, L91, F|100/100\n|turn|23\n|inactive|Time left: 300 sec this turn | 300 sec total\n|\n|t:|1783571711\n|move|p2a: Illumise|Encore|p1a: Plusle\n|-start|p1a: Plusle|Encore\n|move|p1a: Plusle|Grass Knot|p2a: Illumise\n|-resisted|p2a: Illumise\n|-damage|p2a: Illumise|79/100\n|-damage|p1a: Plusle|0 fnt|[from] item: Life Orb\n|faint|p1a: Plusle\n|\n|-sideend|p2: p0y2748cbe9|Reflect\n|upkeep\n|inactive|Time left: 300 sec this turn | 300 sec total | 5 sec grace\n|\n|t:|1783571712\n|switch|p1a: Goodra|Goodra, L85, M|152/292\n|turn|24\n|inactive|Time left: 300 sec this turn | 300 sec total\n|\n|t:|1783571713\n|move|p2a: Illumise|Thunder Wave|p1a: Goodra\n|-status|p1a: Goodra|par\n|cant|p1a: Goodra|par\n|\n|upkeep\n|turn|25\n|inactive|Time left: 300 sec this turn | 300 sec total\n|\n|t:|1783571714\n|move|p2a: Illumise|Bug Buzz|p1a: Goodra\n|-damage|p1a: Goodra|112/292 par\n|move|p1a: Goodra|Fire Blast|p2a: Illumise\n|-supereffective|p2a: Illumise\n|-damage|p2a: Illumise|20/100\n|\n|upkeep\n|turn|26\n|inactive|Time left: 300 sec this turn | 300 sec total\n|\n|t:|1783571715\n|move|p2a: Illumise|Roost|p2a: Illumise\n|-heal|p2a: Illumise|70/100\n|-singleturn|p2a: Illumise|move: Roost\n|move|p1a: Goodra|Knock Off|p2a: Illumise\n|-damage|p2a: Illumise|43/100\n|-enditem|p2a: Illumise|Heavy-Duty Boots|[from] move: Knock Off|[of] p1a: Goodra\n|\n|upkeep\n|turn|27\n|inactive|Time left: 300 sec this turn | 300 sec total\n|\n|t:|1783571716\n|move|p2a: Illumise|Roost|p2a: Illumise\n|-heal|p2a: Illumise|93/100\n|-singleturn|p2a: Illumise|move: Roost\n|move|p1a: Goodra|Fire Blast|p2a: Illumise|[miss]\n|-miss|p1a: Goodra|p2a: Illumise\n|\n|upkeep\n|turn|28\n|inactive|Time left: 300 sec this turn | 300 sec total\n|\n|t:|1783571717\n|move|p2a: Illumise|Bug Buzz|p1a: Goodra\n|-damage|p1a: Goodra|76/292 par\n|move|p1a: Goodra|Fire Blast|p2a: Illumise\n|-supereffective|p2a: Illumise\n|-damage|p2a: Illumise|30/100\n|-status|p2a: Illumise|brn\n|\n|-damage|p2a: Illumise|24/100 brn|[from] brn\n|upkeep\n|turn|29\n|inactive|Time left: 300 sec this turn | 300 sec total\n|\n|t:|1783571719\n|move|p2a: Illumise|Roost|p2a: Illumise\n|-heal|p2a: Illumise|74/100 brn\n|-singleturn|p2a: Illumise|move: Roost\n|move|p1a: Goodra|Fire Blast|p2a: Illumise\n|-supereffective|p2a: Illumise\n|-damage|p2a: Illumise|15/100 brn\n|\n|-damage|p2a: Illumise|9/100 brn|[from] brn\n|upkeep\n|turn|30\n|inactive|Time left: 300 sec this turn | 300 sec total\n|\n|t:|1783571721\n|move|p2a: Illumise|Roost|p2a: Illumise\n|-heal|p2a: Illumise|59/100 brn\n|-singleturn|p2a: Illumise|move: Roost\n|move|p1a: Goodra|Fire Blast|p2a: Illumise|[miss]\n|-miss|p1a: Goodra|p2a: Illumise\n|\n|-damage|p2a: Illumise|53/100 brn|[from] brn\n|upkeep\n|turn|31\n|inactive|Time left: 300 sec this turn | 300 sec total\n|\n|t:|1783571722\n|move|p2a: Illumise|Roost|p2a: Illumise\n|-heal|p2a: Illumise|100/100 brn\n|-singleturn|p2a: Illumise|move: Roost\n|cant|p1a: Goodra|par\n|\n|-damage|p2a: Illumise|94/100 brn|[from] brn\n|upkeep\n|turn|32\n|inactive|Time left: 300 sec this turn | 300 sec total\n|\n|t:|1783571723\n|move|p2a: Illumise|Bug Buzz|p1a: Goodra\n|-damage|p1a: Goodra|40/292 par\n|cant|p1a: Goodra|par\n|\n|-damage|p2a: Illumise|88/100 brn|[from] brn\n|upkeep\n|turn|33\n|inactive|Time left: 300 sec this turn | 300 sec total\n|\n|t:|1783571724\n|move|p2a: Illumise|Bug Buzz|p1a: Goodra\n|-damage|p1a: Goodra|3/292 par\n|move|p1a: Goodra|Fire Blast|p2a: Illumise\n|-supereffective|p2a: Illumise\n|-damage|p2a: Illumise|25/100 brn\n|\n|-damage|p2a: Illumise|19/100 brn|[from] brn\n|upkeep\n|turn|34\n|inactive|Time left: 300 sec this turn | 300 sec total\n|\n|t:|1783571725\n|move|p2a: Illumise|Roost|p2a: Illumise\n|-heal|p2a: Illumise|69/100 brn\n|-singleturn|p2a: Illumise|move: Roost\n|move|p1a: Goodra|Fire Blast|p2a: Illumise\n|-supereffective|p2a: Illumise\n|-damage|p2a: Illumise|9/100 brn\n|\n|-damage|p2a: Illumise|3/100 brn|[from] brn\n|upkeep\n|turn|35\n|inactive|Time left: 300 sec this turn | 300 sec total\n|\n|t:|1783571726\n|move|p2a: Illumise|Roost|p2a: Illumise\n|-heal|p2a: Illumise|53/100 brn\n|-singleturn|p2a: Illumise|move: Roost\n|cant|p1a: Goodra|par\n|\n|-damage|p2a: Illumise|47/100 brn|[from] brn\n|upkeep\n|turn|36\n|inactive|Time left: 300 sec this turn | 300 sec total\n|\n|t:|1783571727\n|move|p2a: Illumise|Roost|p2a: Illumise\n|-heal|p2a: Illumise|97/100 brn\n|-singleturn|p2a: Illumise|move: Roost\n|move|p1a: Goodra|Draco Meteor|p2a: Illumise\n|-damage|p2a: Illumise|46/100 brn\n|-unboost|p1a: Goodra|spa|2\n|\n|-damage|p2a: Illumise|40/100 brn|[from] brn\n|upkeep\n|turn|37\n|inactive|Time left: 300 sec this turn | 300 sec total\n|\n|t:|1783571728\n|move|p2a: Illumise|Bug Buzz|p1a: Goodra\n|-damage|p1a: Goodra|0 fnt\n|faint|p1a: Goodra\n|\n|-damage|p2a: Illumise|34/100 brn|[from] brn\n|upkeep\n|inactive|Time left: 300 sec this turn | 300 sec total | 5 sec grace\n|\n|t:|1783571729\n|switch|p1a: Ogerpon|Ogerpon-Cornerstone, L76, F|247/247\n|turn|38\n|inactive|Time left: 300 sec this turn | 300 sec total\n|\n|t:|1783571730\n|move|p2a: Illumise|Thunder Wave|p1a: Ogerpon\n|-status|p1a: Ogerpon|par\n|move|p1a: Ogerpon|Ivy Cudgel|p2a: Illumise|[anim] Ivy Cudgel Rock\n|-supereffective|p2a: Illumise\n|-damage|p2a: Illumise|0 fnt\n|faint|p2a: Illumise\n|\n|upkeep\n|\n|t:|1783571731\n|switch|p2a: Scovillain|Scovillain, L91, F|100/100\n|-activate|p2a: Scovillain|move: Sticky Web\n|-unboost|p2a: Scovillain|spe|1\n|turn|39\n|inactive|Time left: 300 sec this turn | 300 sec total\n|\n|t:|1783571732\n|-terastallize|p1a: Ogerpon|Rock\n|detailschange|p1a: Ogerpon|Ogerpon-Cornerstone-Tera, L76, F, tera:Rock\n|-ability|p1a: Ogerpon|Embody Aspect (Cornerstone)|boost\n|-boost|p1a: Ogerpon|def|1\n|move|p2a: Scovillain|Substitute|p2a: Scovillain\n|-start|p2a: Scovillain|Substitute\n|-damage|p2a: Scovillain|76/100\n|move|p1a: Ogerpon|Ivy Cudgel|p2a: Scovillain|[anim] Ivy Cudgel Rock\n|-supereffective|p2a: Scovillain\n|-end|p2a: Scovillain|Substitute\n|\n|-heal|p2a: Scovillain|82/100|[from] item: Leftovers\n|upkeep\n|turn|40\n|inactive|Time left: 300 sec this turn | 300 sec total\n|\n|t:|1783571733\n|move|p2a: Scovillain|Substitute|p2a: Scovillain\n|-start|p2a: Scovillain|Substitute\n|-damage|p2a: Scovillain|57/100\n|move|p1a: Ogerpon|Ivy Cudgel|p2a: Scovillain|[anim] Ivy Cudgel Rock\n|-supereffective|p2a: Scovillain\n|-end|p2a: Scovillain|Substitute\n|\n|-heal|p2a: Scovillain|63/100|[from] item: Leftovers\n|upkeep\n|turn|41\n|inactive|Time left: 300 sec this turn | 300 sec total\n|\n|t:|1783571734\n|-terastallize|p2a: Scovillain|Steel\n|move|p2a: Scovillain|Leech Seed|p1a: Ogerpon\n|-start|p1a: Ogerpon|move: Leech Seed\n|move|p1a: Ogerpon|Ivy Cudgel|p2a: Scovillain|[anim] Ivy Cudgel Rock\n|-resisted|p2a: Scovillain\n|-crit|p2a: Scovillain\n|-damage|p2a: Scovillain|13/100\n|\n|-heal|p2a: Scovillain|19/100|[from] item: Leftovers\n|-damage|p1a: Ogerpon|217/247 par|[from] Leech Seed|[of] p2a: Scovillain\n|-heal|p2a: Scovillain|30/100|[silent]\n|upkeep\n|turn|42\n|inactive|Time left: 300 sec this turn | 300 sec total\n|\n|t:|1783571735\n|move|p2a: Scovillain|Protect|p2a: Scovillain\n|-singleturn|p2a: Scovillain|Protect\n|move|p1a: Ogerpon|Synthesis|p1a: Ogerpon\n|-heal|p1a: Ogerpon|247/247 par\n|\n|-heal|p2a: Scovillain|36/100|[from] item: Leftovers\n|-damage|p1a: Ogerpon|217/247 par|[from] Leech Seed|[of] p2a: Scovillain\n|-heal|p2a: Scovillain|47/100|[silent]\n|upkeep\n|turn|43\n|inactive|Time left: 300 sec this turn | 300 sec total\n|\n|t:|1783571736\n|move|p2a: Scovillain|Substitute|p2a: Scovillain\n|-start|p2a: Scovillain|Substitute\n|-damage|p2a: Scovillain|22/100\n|cant|p1a: Ogerpon|par\n|\n|-heal|p2a: Scovillain|28/100|[from] item: Leftovers\n|-damage|p1a: Ogerpon|187/247 par|[from] Leech Seed|[of] p2a: Scovillain\n|-heal|p2a: Scovillain|40/100|[silent]\n|upkeep\n|turn|44\n|inactive|Time left: 300 sec this turn | 300 sec total\n|\n|t:|1783571736\n|move|p2a: Scovillain|Flamethrower|p1a: Ogerpon\n|-resisted|p1a: Ogerpon\n|-damage|p1a: Ogerpon|122/247 par\n|move|p1a: Ogerpon|Synthesis|p1a: Ogerpon\n|-heal|p1a: Ogerpon|245/247 par\n|\n|-heal|p2a: Scovillain|46/100|[from] item: Leftovers\n|-damage|p1a: Ogerpon|215/247 par|[from] Leech Seed|[of] p2a: Scovillain\n|-heal|p2a: Scovillain|57/100|[silent]\n|upkeep\n|turn|45\n|inactive|Time left: 300 sec this turn | 300 sec total\n|\n|t:|1783571737\n|move|p2a: Scovillain|Flamethrower|p1a: Ogerpon\n|-resisted|p1a: Ogerpon\n|-damage|p1a: Ogerpon|152/247 par\n|cant|p1a: Ogerpon|par\n|\n|-heal|p2a: Scovillain|63/100|[from] item: Leftovers\n|-damage|p1a: Ogerpon|122/247 par|[from] Leech Seed|[of] p2a: Scovillain\n|-heal|p2a: Scovillain|74/100|[silent]\n|upkeep\n|turn|46\n|inactive|Time left: 300 sec this turn | 300 sec total\n|\n|t:|1783571738\n|move|p2a: Scovillain|Flamethrower|p1a: Ogerpon\n|-resisted|p1a: Ogerpon\n|-crit|p1a: Ogerpon\n|-damage|p1a: Ogerpon|33/247 par\n|move|p1a: Ogerpon|Synthesis|p1a: Ogerpon\n|-heal|p1a: Ogerpon|156/247 par\n|\n|-heal|p2a: Scovillain|80/100|[from] item: Leftovers\n|-damage|p1a: Ogerpon|126/247 par|[from] Leech Seed|[of] p2a: Scovillain\n|-heal|p2a: Scovillain|91/100|[silent]\n|upkeep\n|turn|47\n|inactive|Time left: 300 sec this turn | 300 sec total\n|\n|t:|1783571739\n|move|p2a: Scovillain|Flamethrower|p1a: Ogerpon\n|-resisted|p1a: Ogerpon\n|-damage|p1a: Ogerpon|66/247 par\n|move|p1a: Ogerpon|Synthesis|p1a: Ogerpon\n|-heal|p1a: Ogerpon|189/247 par\n|\n|-heal|p2a: Scovillain|97/100|[from] item: Leftovers\n|-damage|p1a: Ogerpon|159/247 par|[from] Leech Seed|[of] p2a: Scovillain\n|-heal|p2a: Scovillain|100/100|[silent]\n|upkeep\n|turn|48\n|inactive|Time left: 300 sec this turn | 300 sec total\n|\n|t:|1783571740\n|move|p2a: Scovillain|Flamethrower|p1a: Ogerpon\n|-resisted|p1a: Ogerpon\n|-damage|p1a: Ogerpon|96/247 par\n|move|p1a: Ogerpon|Synthesis|p1a: Ogerpon\n|-heal|p1a: Ogerpon|219/247 par\n|\n|-damage|p1a: Ogerpon|189/247 par|[from] Leech Seed|[of] p2a: Scovillain\n|upkeep\n|turn|49\n|inactive|Time left: 300 sec this turn | 300 sec total\n|\n|t:|1783571741\n|move|p2a: Scovillain|Flamethrower|p1a: Ogerpon\n|-resisted|p1a: Ogerpon\n|-damage|p1a: Ogerpon|121/247 par\n|move|p1a: Ogerpon|Synthesis|p1a: Ogerpon\n|-heal|p1a: Ogerpon|244/247 par\n|\n|-damage|p1a: Ogerpon|214/247 par|[from] Leech Seed|[of] p2a: Scovillain\n|upkeep\n|turn|50\n|inactive|Time left: 300 sec this turn | 300 sec total\n|\n|t:|1783571742\n|move|p2a: Scovillain|Flamethrower|p1a: Ogerpon\n|-resisted|p1a: Ogerpon\n|-crit|p1a: Ogerpon\n|-damage|p1a: Ogerpon|126/247 par\n|move|p1a: Ogerpon|Synthesis|p1a: Ogerpon\n|-heal|p1a: Ogerpon|247/247 par\n|\n|-damage|p1a: Ogerpon|217/247 par|[from] Leech Seed|[of] p2a: Scovillain\n|upkeep\n|turn|51\n|inactive|Time left: 300 sec this turn | 300 sec total\n|\n|t:|1783571743\n|move|p2a: Scovillain|Flamethrower|p1a: Ogerpon\n|-resisted|p1a: Ogerpon\n|-damage|p1a: Ogerpon|152/247 par\n|move|p1a: Ogerpon|Synthesis|p1a: Ogerpon\n|-heal|p1a: Ogerpon|247/247 par\n|\n|-damage|p1a: Ogerpon|217/247 par|[from] Leech Seed|[of] p2a: Scovillain\n|upkeep\n|turn|52\n|inactive|Time left: 300 sec this turn | 300 sec total\n|\n|t:|1783571744\n|move|p2a: Scovillain|Flamethrower|p1a: Ogerpon\n|-resisted|p1a: Ogerpon\n|-damage|p1a: Ogerpon|156/247 par\n|move|p1a: Ogerpon|Power Whip|p2a: Scovillain|[miss]\n|-miss|p1a: Ogerpon|p2a: Scovillain\n|\n|-damage|p1a: Ogerpon|126/247 par|[from] Leech Seed|[of] p2a: Scovillain\n|upkeep\n|turn|53\n|inactive|Time left: 300 sec this turn | 300 sec total\n|\n|t:|1783571745\n|move|p2a: Scovillain|Flamethrower|p1a: Ogerpon\n|-resisted|p1a: Ogerpon\n|-damage|p1a: Ogerpon|69/247 par\n|move|p1a: Ogerpon|Ivy Cudgel|p2a: Scovillain|[anim] Ivy Cudgel Rock\n|-resisted|p2a: Scovillain\n|-end|p2a: Scovillain|Substitute\n|\n|-damage|p1a: Ogerpon|39/247 par|[from] Leech Seed|[of] p2a: Scovillain\n|upkeep\n|turn|54\n|inactive|Time left: 300 sec this turn | 300 sec total\n|\n|t:|1783571746\n|move|p2a: Scovillain|Protect|p2a: Scovillain\n|-singleturn|p2a: Scovillain|Protect\n|move|p1a: Ogerpon|Power Whip|p2a: Scovillain\n|-activate|p2a: Scovillain|move: Protect\n|\n|-damage|p1a: Ogerpon|9/247 par|[from] Leech Seed|[of] p2a: Scovillain\n|upkeep\n|turn|55\n|inactive|Time left: 300 sec this turn | 300 sec total\n|\n|t:|1783571746\n|move|p2a: Scovillain|Flamethrower|p1a: Ogerpon\n|-resisted|p1a: Ogerpon\n|-damage|p1a: Ogerpon|0 fnt\n|faint|p1a: Ogerpon\n|detailschange|p1: Ogerpon|Ogerpon-Cornerstone, L76, F|[silent]\n|\n|win|p0y2748cbe9", "uploadtime": 1783571746, "views": 0, "rating": 0, "private": 0, "password": null, "_winner": "p0y2748cbe9", "_our_name": "p0x27484564"}