{"id": "battle-gen9randombattle-505", "formatid": "gen9randombattle", "format": "[Gen 9] Random Battle", "players": ["p0x505ee86", "p0y50520ec"], "log": "|init|battle\n|title|p0x505ee86 vs. p0y50520ec\n|j|\u2606p0x505ee86\n|j|\u2606p0y50520ec\n|t:|1783544891\n|gametype|singles\n|player|p1|p0x505ee86|102|\n|player|p2|p0y50520ec|101|\n|gen|9\n|tier|[Gen 9] Random Battle\n|rule|Species Clause: Limit one of each Pok\u00e9mon\n|rule|HP Percentage Mod: HP is shown in percentages\n|rule|Sleep Clause Mod: Limit one foe put to sleep\n|rule|Illusion Level Mod: Illusion disguises the Pok\u00e9mon's true level\n|\n|t:|1783544891\n|teamsize|p1|6\n|teamsize|p2|6\n|start\n|switch|p1a: Ampharos|Ampharos, L88, F|302/302\n|switch|p2a: Arceus|Arceus-Dragon, L71|100/100\n|turn|1\n|inactive|Battle timer is ON: inactive players will automatically lose when time's up. (requested by p0y50520ec)\n|inactive|Time left: 300 sec this turn | 300 sec total | 60 sec grace\n|inactive|p0x505ee86 also wants the timer to be on.\n|\n|t:|1783544893\n|move|p2a: Arceus|Calm Mind|p2a: Arceus\n|-boost|p2a: Arceus|spa|1\n|-boost|p2a: Arceus|spd|1\n|move|p1a: Ampharos|Thunderbolt|p2a: Arceus\n|-resisted|p2a: Arceus\n|-damage|p2a: Arceus|82/100\n|\n|upkeep\n|turn|2\n|inactive|Time left: 300 sec this turn | 300 sec total\n|\n|t:|1783544894\n|move|p2a: Arceus|Calm Mind|p2a: Arceus\n|-boost|p2a: Arceus|spa|1\n|-boost|p2a: Arceus|spd|1\n|move|p1a: Ampharos|Thunderbolt|p2a: Arceus\n|-resisted|p2a: Arceus\n|-damage|p2a: Arceus|68/100\n|\n|upkeep\n|turn|3\n|inactive|Time left: 300 sec this turn | 300 sec total\n|\n|t:|1783544895\n|move|p2a: Arceus|Judgment|p1a: Ampharos\n|-damage|p1a: Ampharos|94/302\n|move|p1a: Ampharos|Thunderbolt|p2a: Arceus\n|-resisted|p2a: Arceus\n|-damage|p2a: Arceus|54/100\n|\n|upkeep\n|turn|4\n|inactive|Time left: 300 sec this turn | 300 sec total\n|\n|t:|1783544896\n|move|p2a: Arceus|Judgment|p1a: Ampharos\n|-crit|p1a: Ampharos\n|-damage|p1a: Ampharos|0 fnt\n|faint|p1a: Ampharos\n|\n|upkeep\n|inactive|Time left: 300 sec this turn | 300 sec total | 5 sec grace\n|\n|t:|1783544897\n|switch|p1a: Chien-Pao|Chien-Pao, L72|234/234\n|-ability|p1a: Chien-Pao|Sword of Ruin\n|turn|5\n|inactive|Time left: 300 sec this turn | 300 sec total\n|\n|t:|1783544898\n|-terastallize|p1a: Chien-Pao|Dark\n|-terastallize|p2a: Arceus|Fire\n|move|p1a: Chien-Pao|Crunch|p2a: Arceus\n|-damage|p2a: Arceus|0 fnt\n|faint|p2a: Arceus\n|\n|upkeep\n|\n|t:|1783544900\n|switch|p2a: Glaceon|Glaceon, L94, F|100/100\n|turn|6\n|inactive|Time left: 300 sec this turn | 300 sec total\n|\n|t:|1783544901\n|move|p1a: Chien-Pao|Crunch|p2a: Glaceon\n|-crit|p2a: Glaceon\n|-damage|p2a: Glaceon|14/100\n|move|p2a: Glaceon|Freeze-Dry|p1a: Chien-Pao\n|-damage|p1a: Chien-Pao|66/234\n|\n|upkeep\n|turn|7\n|inactive|Time left: 300 sec this turn | 300 sec total\n|\n|t:|1783544902\n|move|p2a: Glaceon|Protect|p2a: Glaceon\n|-singleturn|p2a: Glaceon|Protect\n|move|p1a: Chien-Pao|Crunch|p2a: Glaceon\n|-activate|p2a: Glaceon|move: Protect\n|\n|upkeep\n|turn|8\n|inactive|Time left: 300 sec this turn | 300 sec total\n|\n|t:|1783544903\n|move|p2a: Glaceon|Protect||[still]\n|-fail|p2a: Glaceon\n|move|p1a: Chien-Pao|Crunch|p2a: Glaceon\n|-damage|p2a: Glaceon|0 fnt\n|faint|p2a: Glaceon\n|\n|upkeep\n|\n|t:|1783544904\n|switch|p2a: Heatran|Heatran, L79, F|100/100\n|-item|p2a: Heatran|Air Balloon\n|turn|9\n|inactive|Time left: 300 sec this turn | 300 sec total\n|\n|t:|1783544905\n|move|p1a: Chien-Pao|Crunch|p2a: Heatran\n|-damage|p2a: Heatran|38/100\n|-enditem|p2a: Heatran|Air Balloon\n|move|p2a: Heatran|Earth Power|p1a: Chien-Pao\n|-damage|p1a: Chien-Pao|0 fnt\n|faint|p1a: Chien-Pao\n|\n|upkeep\n|inactive|Time left: 300 sec this turn | 300 sec total | 5 sec grace\n|\n|t:|1783544907\n|switch|p1a: Conkeldurr|Conkeldurr, L80, F|299/299\n|turn|10\n|inactive|Time left: 300 sec this turn | 300 sec total\n|\n|t:|1783544908\n|move|p1a: Conkeldurr|Mach Punch|p2a: Heatran\n|-supereffective|p2a: Heatran\n|-damage|p2a: Heatran|2/100\n|move|p2a: Heatran|Lava Plume|p1a: Conkeldurr\n|-damage|p1a: Conkeldurr|164/299\n|-status|p1a: Conkeldurr|brn\n|\n|-damage|p1a: Conkeldurr|146/299 brn|[from] brn\n|upkeep\n|turn|11\n|inactive|Time left: 300 sec this turn | 300 sec total\n|\n|t:|1783544909\n|switch|p1a: Drifblim|Drifblim, L86, F|396/396\n|move|p2a: Heatran|Lava Plume|p1a: Drifblim\n|-damage|p1a: Drifblim|267/396\n|\n|upkeep\n|turn|12\n|inactive|Time left: 300 sec this turn | 300 sec total\n|\n|t:|1783544910\n|move|p1a: Drifblim|Calm Mind|p1a: Drifblim\n|-boost|p1a: Drifblim|spa|1\n|-boost|p1a: Drifblim|spd|1\n|move|p2a: Heatran|Stealth Rock|p1a: Drifblim\n|-sidestart|p1: p0x505ee86|move: Stealth Rock\n|\n|upkeep\n|turn|13\n|inactive|Time left: 300 sec this turn | 300 sec total\n|\n|t:|1783544911\n|switch|p2a: Pikachu|Pikachu-Alola, L93, M|100/100\n|move|p1a: Drifblim|Strength Sap|p2a: Pikachu\n|-unboost|p2a: Pikachu|atk|1\n|-heal|p1a: Drifblim|396/396\n|\n|upkeep\n|turn|14\n|inactive|Time left: 300 sec this turn | 300 sec total\n|\n|t:|1783544912\n|switch|p1a: Deoxys|Deoxys-Speed, L82|216/216\n|-damage|p1a: Deoxys|189/216|[from] Stealth Rock\n|-ability|p1a: Deoxys|Pressure\n|move|p2a: Pikachu|Volt Tackle|p1a: Deoxys\n|-damage|p1a: Deoxys|48/216\n|-status|p1a: Deoxys|par\n|-damage|p2a: Pikachu|79/100|[from] Recoil\n|\n|upkeep\n|turn|15\n|inactive|Time left: 300 sec this turn | 300 sec total\n|\n|t:|1783544913\n|move|p2a: Pikachu|Volt Switch|p1a: Deoxys\n|-damage|p1a: Deoxys|0 fnt\n|faint|p1a: Deoxys\n|\n|t:|1783544914\n|switch|p2a: Chimecho|Chimecho, L93, F|100/100|[from] Volt Switch\n|\n|upkeep\n|inactive|Time left: 300 sec this turn | 300 sec total | 10 sec grace\n|\n|t:|1783544915\n|switch|p1a: Drifblim|Drifblim, L86, F|396/396\n|-damage|p1a: Drifblim|297/396|[from] Stealth Rock\n|turn|16\n|inactive|Time left: 300 sec this turn | 300 sec total\n|\n|t:|1783544916\n|switch|p2a: Pikachu|Pikachu-Alola, L93, M|79/100\n|move|p1a: Drifblim|Shadow Ball|p2a: Pikachu\n|-damage|p2a: Pikachu|23/100\n|-unboost|p2a: Pikachu|spd|1\n|\n|upkeep\n|turn|17\n|inactive|Time left: 300 sec this turn | 300 sec total\n|\n|t:|1783544917\n|move|p2a: Pikachu|Volt Switch|p1a: Drifblim\n|-supereffective|p1a: Drifblim\n|-damage|p1a: Drifblim|0 fnt\n|faint|p1a: Drifblim\n|\n|t:|1783544918\n|switch|p2a: Chimecho|Chimecho, L93, F|100/100|[from] Volt Switch\n|\n|upkeep\n|inactive|Time left: 300 sec this turn | 300 sec total | 10 sec grace\n|\n|t:|1783544919\n|switch|p1a: Tauros|Tauros-Paldea-Aqua, L81, M|252/252\n|-damage|p1a: Tauros|237/252|[from] Stealth Rock\n|turn|18\n|inactive|Time left: 300 sec this turn | 300 sec total\n|\n|t:|1783544919\n|move|p1a: Tauros|Bulk Up|p1a: Tauros\n|-boost|p1a: Tauros|atk|1\n|-boost|p1a: Tauros|def|1\n|move|p2a: Chimecho|Dazzling Gleam|p1a: Tauros\n|-supereffective|p1a: Tauros\n|-damage|p1a: Tauros|71/252\n|-enditem|p1a: Tauros|Sitrus Berry|[eat]\n|-heal|p1a: Tauros|134/252|[from] item: Sitrus Berry\n|\n|upkeep\n|turn|19\n|inactive|Time left: 300 sec this turn | 300 sec total\n|\n|t:|1783544920\n|move|p1a: Tauros|Substitute|p1a: Tauros\n|-start|p1a: Tauros|Substitute\n|-damage|p1a: Tauros|71/252\n|move|p2a: Chimecho|Dazzling Gleam|p1a: Tauros\n|-supereffective|p1a: Tauros\n|-end|p1a: Tauros|Substitute\n|\n|-activate|p1a: Tauros|ability: Cud Chew\n|-enditem|p1a: Tauros|Sitrus Berry|[eat]\n|-heal|p1a: Tauros|134/252|[from] item: Sitrus Berry\n|upkeep\n|turn|20\n|inactive|Time left: 300 sec this turn | 300 sec total\n|\n|t:|1783544921\n|move|p1a: Tauros|Substitute|p1a: Tauros\n|-start|p1a: Tauros|Substitute\n|-damage|p1a: Tauros|71/252\n|move|p2a: Chimecho|Dazzling Gleam|p1a: Tauros\n|-supereffective|p1a: Tauros\n|-end|p1a: Tauros|Substitute\n|\n|upkeep\n|turn|21\n|inactive|Time left: 300 sec this turn | 300 sec total\n|\n|t:|1783544922\n|move|p1a: Tauros|Substitute|p1a: Tauros\n|-start|p1a: Tauros|Substitute\n|-damage|p1a: Tauros|8/252\n|move|p2a: Chimecho|Dazzling Gleam|p1a: Tauros\n|-supereffective|p1a: Tauros\n|-end|p1a: Tauros|Substitute\n|\n|upkeep\n|turn|22\n|inactive|Time left: 300 sec this turn | 300 sec total\n|\n|t:|1783544922\n|move|p1a: Tauros|Liquidation|p2a: Chimecho\n|-damage|p2a: Chimecho|57/100\n|move|p2a: Chimecho|Dazzling Gleam|p1a: Tauros\n|-supereffective|p1a: Tauros\n|-damage|p1a: Tauros|0 fnt\n|faint|p1a: Tauros\n|\n|-heal|p2a: Chimecho|63/100|[from] item: Leftovers\n|upkeep\n|inactive|Time left: 300 sec this turn | 300 sec total | 5 sec grace\n|\n|t:|1783544923\n|switch|p1a: Conkeldurr|Conkeldurr, L80, F|146/299 brn\n|-damage|p1a: Conkeldurr|128/299 brn|[from] Stealth Rock\n|turn|23\n|inactive|Time left: 300 sec this turn | 300 sec total\n|\n|t:|1783544924\n|move|p2a: Chimecho|Dazzling Gleam|p1a: Conkeldurr\n|-supereffective|p1a: Conkeldurr\n|-damage|p1a: Conkeldurr|0 fnt\n|faint|p1a: Conkeldurr\n|\n|win|p0y50520ec", "uploadtime": 1783544924, "views": 0, "rating": 0, "private": 0, "password": null, "_winner": "p0y50520ec", "_our_name": "p0x505ee86"}