{"id": "battle-gen9randombattle-1610", "formatid": "gen9randombattle", "format": "[Gen 9] Random Battle", "players": ["p0x1610d951", "p0y1610e5de"], "log": "|init|battle\n|title|p0x1610d951 vs. p0y1610e5de\n|j|\u2606p0x1610d951\n|j|\u2606p0y1610e5de\n|t:|1783558624\n|gametype|singles\n|player|p1|p0x1610d951|101|\n|player|p2|p0y1610e5de|2|\n|gen|9\n|tier|[Gen 9] Random Battle\n|rule|Species Clause: Limit one of each Pok\u00e9mon\n|rule|HP Percentage Mod: HP is shown in percentages\n|rule|Sleep Clause Mod: Limit one foe put to sleep\n|rule|Illusion Level Mod: Illusion disguises the Pok\u00e9mon's true level\n|\n|t:|1783558624\n|teamsize|p1|6\n|teamsize|p2|6\n|start\n|switch|p1a: Flutter Mane|Flutter Mane, L74|100/100\n|switch|p2a: Abomasnow|Abomasnow, L84, M|287/287\n|-weather|Snowscape|[from] ability: Snow Warning|[of] p2a: Abomasnow\n|turn|1\n|inactive|Battle timer is ON: inactive players will automatically lose when time's up. (requested by p0y1610e5de)\n|inactive|p0x1610d951 also wants the timer to be on.\n|\n|t:|1783558626\n|move|p1a: Flutter Mane|Mystical Fire|p2a: Abomasnow\n|-supereffective|p2a: Abomasnow\n|-crit|p2a: Abomasnow\n|-damage|p2a: Abomasnow|0 fnt\n|faint|p2a: Abomasnow\n|\n|-weather|Snowscape|[upkeep]\n|upkeep\n|inactive|Time left: 300 sec this turn | 300 sec total | 65 sec grace\n|\n|t:|1783558627\n|switch|p2a: Golem|Golem-Alola, L93, M|300/300\n|turn|2\n|inactive|Time left: 300 sec this turn | 300 sec total\n|\n|t:|1783558628\n|move|p1a: Flutter Mane|Mystical Fire|p2a: Golem\n|-resisted|p2a: Golem\n|-damage|p2a: Golem|252/300\n|-unboost|p2a: Golem|spa|1\n|move|p2a: Golem|Double-Edge|p1a: Flutter Mane\n|-damage|p1a: Flutter Mane|0 fnt\n|faint|p1a: Flutter Mane\n|-end|p1a: Flutter Mane|Protosynthesis|[silent]\n|-damage|p2a: Golem|185/300|[from] Recoil\n|\n|-weather|Snowscape|[upkeep]\n|upkeep\n|\n|t:|1783558629\n|switch|p1a: Bruxish|Bruxish, L85, M|100/100\n|turn|3\n|inactive|Time left: 300 sec this turn | 300 sec total\n|\n|t:|1783558630\n|move|p1a: Bruxish|Wave Crash|p2a: Golem\n|-supereffective|p2a: Golem\n|-damage|p2a: Golem|0 fnt\n|faint|p2a: Golem\n|-damage|p1a: Bruxish|76/100|[from] Recoil\n|\n|-weather|Snowscape|[upkeep]\n|upkeep\n|inactive|Time left: 300 sec this turn | 300 sec total | 5 sec grace\n|\n|t:|1783558631\n|switch|p2a: Pecharunt|Pecharunt, L77|262/262\n|turn|4\n|inactive|Time left: 300 sec this turn | 300 sec total\n|\n|t:|1783558633\n|switch|p1a: Heracross|Heracross, L80, M|100/100\n|move|p2a: Pecharunt|Malignant Chain|p1a: Heracross\n|-damage|p1a: Heracross|70/100\n|\n|-weather|Snowscape|[upkeep]\n|-status|p1a: Heracross|brn|[from] item: Flame Orb\n|upkeep\n|turn|5\n|inactive|Time left: 300 sec this turn | 300 sec total\n|\n|t:|1783558634\n|move|p1a: Heracross|Knock Off|p2a: Pecharunt\n|-supereffective|p2a: Pecharunt\n|-damage|p2a: Pecharunt|112/262\n|-enditem|p2a: Pecharunt|Leftovers|[from] move: Knock Off|[of] p1a: Heracross\n|move|p2a: Pecharunt|Nasty Plot|p2a: Pecharunt\n|-boost|p2a: Pecharunt|spa|2\n|\n|-weather|none\n|-damage|p1a: Heracross|64/100 brn|[from] brn\n|upkeep\n|turn|6\n|inactive|Time left: 300 sec this turn | 300 sec total\n|\n|t:|1783558635\n|move|p1a: Heracross|Knock Off|p2a: Pecharunt\n|-supereffective|p2a: Pecharunt\n|-damage|p2a: Pecharunt|14/262\n|move|p2a: Pecharunt|Malignant Chain|p1a: Heracross\n|-damage|p1a: Heracross|6/100 brn\n|\n|-damage|p1a: Heracross|0 fnt|[from] brn\n|faint|p1a: Heracross\n|upkeep\n|\n|t:|1783558636\n|switch|p1a: Bruxish|Bruxish, L85, M|76/100\n|turn|7\n|inactive|Time left: 300 sec this turn | 300 sec total\n|\n|t:|1783558637\n|move|p1a: Bruxish|Crunch|p2a: Pecharunt\n|-supereffective|p2a: Pecharunt\n|-damage|p2a: Pecharunt|0 fnt\n|faint|p2a: Pecharunt\n|\n|upkeep\n|inactive|Time left: 300 sec this turn | 300 sec total | 5 sec grace\n|\n|t:|1783558638\n|switch|p2a: Electivire|Electivire, L84, F|263/263\n|turn|8\n|inactive|Time left: 300 sec this turn | 300 sec total\n|\n|t:|1783558639\n|switch|p1a: Garganacl|Garganacl, L80, F|100/100\n|move|p2a: Electivire|Supercell Slam|p1a: Garganacl\n|-damage|p1a: Garganacl|54/100\n|-damage|p2a: Electivire|237/263|[from] item: Life Orb\n|\n|-heal|p1a: Garganacl|60/100|[from] item: Leftovers\n|upkeep\n|turn|9\n|inactive|Time left: 300 sec this turn | 300 sec total\n|\n|t:|1783558640\n|move|p2a: Electivire|Earthquake|p1a: Garganacl\n|-supereffective|p1a: Garganacl\n|-damage|p1a: Garganacl|0 fnt\n|faint|p1a: Garganacl\n|-damage|p2a: Electivire|211/263|[from] item: Life Orb\n|\n|upkeep\n|\n|t:|1783558641\n|switch|p1a: Zebstrika|Zebstrika, L87, M|100/100\n|turn|10\n|inactive|Time left: 300 sec this turn | 300 sec total\n|\n|t:|1783558642\n|switch|p2a: Piloswine|Piloswine, L85, M|309/309\n|move|p1a: Zebstrika|High Horsepower|p2a: Piloswine\n|-damage|p2a: Piloswine|236/309\n|-damage|p1a: Zebstrika|91/100|[from] item: Life Orb\n|\n|upkeep\n|turn|11\n|inactive|Time left: 300 sec this turn | 300 sec total\n|\n|t:|1783558643\n|switch|p1a: Gyarados|Gyarados, L79, F|100/100\n|-ability|p1a: Gyarados|Intimidate|boost\n|-unboost|p2a: Piloswine|atk|1\n|move|p2a: Piloswine|Earthquake|p1a: Gyarados\n|-immune|p1a: Gyarados\n|\n|upkeep\n|turn|12\n|inactive|Time left: 300 sec this turn | 300 sec total\n|\n|t:|1783558643\n|switch|p2a: Electivire|Electivire, L84, F|211/263\n|move|p1a: Gyarados|Dragon Dance|p1a: Gyarados\n|-boost|p1a: Gyarados|atk|1\n|-boost|p1a: Gyarados|spe|1\n|\n|upkeep\n|turn|13\n|inactive|Time left: 300 sec this turn | 300 sec total\n|\n|t:|1783558644\n|-terastallize|p1a: Gyarados|Flying\n|move|p1a: Gyarados|Tera Blast|p2a: Electivire|[anim] Tera Blast Flying\n|-resisted|p2a: Electivire\n|-damage|p2a: Electivire|106/263\n|move|p2a: Electivire|Supercell Slam|p1a: Gyarados\n|-supereffective|p1a: Gyarados\n|-damage|p1a: Gyarados|0 fnt\n|faint|p1a: Gyarados\n|-damage|p2a: Electivire|80/263|[from] item: Life Orb\n|\n|upkeep\n|\n|t:|1783558645\n|switch|p1a: Zebstrika|Zebstrika, L87, M|91/100\n|turn|14\n|inactive|Time left: 300 sec this turn | 300 sec total\n|\n|t:|1783558645\n|switch|p2a: Piloswine|Piloswine, L85, M|236/309\n|move|p1a: Zebstrika|High Horsepower|p2a: Piloswine\n|-damage|p2a: Piloswine|165/309\n|-damage|p1a: Zebstrika|81/100|[from] item: Life Orb\n|\n|upkeep\n|turn|15\n|inactive|Time left: 300 sec this turn | 300 sec total\n|\n|t:|1783558646\n|switch|p1a: Bruxish|Bruxish, L85, M|76/100\n|move|p2a: Piloswine|Earthquake|p1a: Bruxish\n|-damage|p1a: Bruxish|23/100\n|\n|upkeep\n|turn|16\n|inactive|Time left: 300 sec this turn | 300 sec total\n|\n|t:|1783558647\n|move|p1a: Bruxish|Psychic Fangs|p2a: Piloswine\n|-damage|p2a: Piloswine|17/309\n|move|p2a: Piloswine|Earthquake|p1a: Bruxish\n|-damage|p1a: Bruxish|0 fnt\n|faint|p1a: Bruxish\n|\n|upkeep\n|\n|t:|1783558647\n|switch|p1a: Zebstrika|Zebstrika, L87, M|81/100\n|turn|17\n|inactive|Time left: 300 sec this turn | 300 sec total\n|\n|t:|1783558648\n|move|p1a: Zebstrika|High Horsepower|p2a: Piloswine\n|-damage|p2a: Piloswine|0 fnt\n|faint|p2a: Piloswine\n|-damage|p1a: Zebstrika|71/100|[from] item: Life Orb\n|\n|upkeep\n|inactive|Time left: 300 sec this turn | 300 sec total | 5 sec grace\n|\n|t:|1783558649\n|switch|p2a: Deoxys|Deoxys-Attack, L72|191/191\n|-ability|p2a: Deoxys|Pressure\n|turn|18\n|inactive|Time left: 300 sec this turn | 300 sec total\n|\n|t:|1783558649\n|-terastallize|p2a: Deoxys|Fighting\n|move|p2a: Deoxys|Superpower|p1a: Zebstrika\n|-damage|p1a: Zebstrika|0 fnt\n|-unboost|p2a: Deoxys|atk|1\n|-unboost|p2a: Deoxys|def|1\n|faint|p1a: Zebstrika\n|-damage|p2a: Deoxys|172/191|[from] item: Life Orb\n|\n|win|p0y1610e5de", "uploadtime": 1783558650, "views": 0, "rating": 0, "private": 0, "password": null, "_winner": "p0y1610e5de", "_our_name": "p0y1610e5de"}