{"id": "battle-gen9randombattle-1142", "formatid": "gen9randombattle", "format": "[Gen 9] Random Battle", "players": ["p0x1142514e", "p0y114255aa"], "log": "|init|battle\n|title|p0x1142514e vs. p0y114255aa\n|j|\u2606p0x1142514e\n|j|\u2606p0y114255aa\n|t:|1783552369\n|gametype|singles\n|player|p1|p0x1142514e|2|\n|player|p2|p0y114255aa|2|\n|gen|9\n|tier|[Gen 9] Random Battle\n|rule|Species Clause: Limit one of each Pok\u00e9mon\n|rule|HP Percentage Mod: HP is shown in percentages\n|rule|Sleep Clause Mod: Limit one foe put to sleep\n|rule|Illusion Level Mod: Illusion disguises the Pok\u00e9mon's true level\n|\n|t:|1783552369\n|teamsize|p1|6\n|teamsize|p2|6\n|start\n|switch|p1a: Vespiquen|Vespiquen, L99, F|100/100\n|switch|p2a: Raikou|Raikou, L81|278/278\n|-ability|p2a: Raikou|Pressure\n|-ability|p1a: Vespiquen|Pressure\n|turn|1\n|inactive|Battle timer is ON: inactive players will automatically lose when time's up. (requested by p0x1142514e)\n|inactive|Time left: 300 sec this turn | 300 sec total | 60 sec grace\n|inactive|p0y114255aa also wants the timer to be on.\n|\n|t:|1783552371\n|move|p2a: Raikou|Thunderbolt|p1a: Vespiquen\n|-supereffective|p1a: Vespiquen\n|-crit|p1a: Vespiquen\n|-damage|p1a: Vespiquen|22/100\n|move|p1a: Vespiquen|U-turn|p2a: Raikou\n|-damage|p2a: Raikou|169/278\n|\n|t:|1783552372\n|switch|p1a: Cinccino|Cinccino, L83, F|100/100|[from] U-turn\n|\n|-heal|p2a: Raikou|186/278|[from] item: Leftovers\n|upkeep\n|turn|2\n|inactive|Time left: 300 sec this turn | 300 sec total\n|\n|t:|1783552373\n|switch|p2a: Wyrdeer|Wyrdeer, L87, M|321/321\n|-ability|p2a: Wyrdeer|Intimidate|boost\n|-unboost|p1a: Cinccino|atk|1\n|move|p1a: Cinccino|Tail Slap|p2a: Wyrdeer\n|-damage|p2a: Wyrdeer|293/321\n|-damage|p2a: Wyrdeer|260/321\n|-damage|p2a: Wyrdeer|230/321\n|-damage|p2a: Wyrdeer|202/321\n|-hitcount|p2a: Wyrdeer|4\n|\n|-heal|p2a: Wyrdeer|222/321|[from] item: Leftovers\n|upkeep\n|turn|3\n|inactive|Time left: 300 sec this turn | 300 sec total\n|\n|t:|1783552375\n|move|p1a: Cinccino|Tidy Up|p1a: Cinccino\n|-boost|p1a: Cinccino|atk|1\n|-boost|p1a: Cinccino|spe|1\n|move|p2a: Wyrdeer|Body Slam|p1a: Cinccino\n|-damage|p1a: Cinccino|47/100\n|\n|-heal|p2a: Wyrdeer|242/321|[from] item: Leftovers\n|upkeep\n|turn|4\n|inactive|Time left: 300 sec this turn | 300 sec total\n|\n|t:|1783552376\n|move|p1a: Cinccino|Triple Axel|p2a: Wyrdeer\n|-damage|p2a: Wyrdeer|219/321\n|-damage|p2a: Wyrdeer|168/321\n|-damage|p2a: Wyrdeer|93/321\n|-hitcount|p2a: Wyrdeer|3\n|move|p2a: Wyrdeer|Body Slam|p1a: Cinccino\n|-damage|p1a: Cinccino|0 fnt\n|faint|p1a: Cinccino\n|\n|-heal|p2a: Wyrdeer|113/321|[from] item: Leftovers\n|upkeep\n|\n|t:|1783552376\n|switch|p1a: Revavroom|Revavroom, L79, F|100/100\n|turn|5\n|inactive|Time left: 300 sec this turn | 300 sec total\n|\n|t:|1783552377\n|move|p1a: Revavroom|Iron Head|p2a: Wyrdeer\n|-damage|p2a: Wyrdeer|0 fnt\n|faint|p2a: Wyrdeer\n|-damage|p1a: Revavroom|91/100|[from] item: Life Orb\n|\n|upkeep\n|inactive|Time left: 300 sec this turn | 300 sec total | 5 sec grace\n|\n|t:|1783552378\n|switch|p2a: Porygon-Z|Porygon-Z, L83|277/277\n|-ability|p2a: Porygon-Z|Download|boost\n|-boost|p2a: Porygon-Z|spa|1\n|turn|6\n|inactive|Time left: 300 sec this turn | 300 sec total\n|\n|t:|1783552379\n|move|p2a: Porygon-Z|Tri Attack|p1a: Revavroom\n|-resisted|p1a: Revavroom\n|-damage|p1a: Revavroom|47/100\n|move|p1a: Revavroom|Shift Gear|p1a: Revavroom\n|-boost|p1a: Revavroom|spe|2\n|-boost|p1a: Revavroom|atk|1\n|\n|upkeep\n|turn|7\n|inactive|Time left: 300 sec this turn | 300 sec total\n|\n|t:|1783552380\n|-terastallize|p2a: Porygon-Z|Ghost\n|move|p1a: Revavroom|Gunk Shot|p2a: Porygon-Z\n|-resisted|p2a: Porygon-Z\n|-damage|p2a: Porygon-Z|121/277\n|-damage|p1a: Revavroom|37/100|[from] item: Life Orb\n|move|p2a: Porygon-Z|Tri Attack|p1a: Revavroom\n|-resisted|p1a: Revavroom\n|-damage|p1a: Revavroom|0 fnt\n|faint|p1a: Revavroom\n|\n|upkeep\n|\n|t:|1783552381\n|switch|p1a: Diancie|Diancie, L82|100/100\n|turn|8\n|inactive|Time left: 300 sec this turn | 300 sec total\n|\n|t:|1783552382\n|switch|p2a: Carbink|Carbink, L90|236/236\n|move|p1a: Diancie|Diamond Storm|p2a: Carbink|[miss]\n|-miss|p1a: Diancie|p2a: Carbink\n|\n|upkeep\n|turn|9\n|inactive|Time left: 300 sec this turn | 300 sec total\n|\n|t:|1783552383\n|move|p2a: Carbink|Rock Polish|p2a: Carbink\n|-boost|p2a: Carbink|spe|2\n|move|p1a: Diancie|Calm Mind|p1a: Diancie\n|-boost|p1a: Diancie|spa|1\n|-boost|p1a: Diancie|spd|1\n|\n|upkeep\n|turn|10\n|inactive|Time left: 300 sec this turn | 300 sec total\n|\n|t:|1783552385\n|move|p2a: Carbink|Iron Defense|p2a: Carbink\n|-boost|p2a: Carbink|def|2\n|move|p1a: Diancie|Earth Power|p2a: Carbink\n|-supereffective|p2a: Carbink\n|-damage|p2a: Carbink|130/236\n|\n|-heal|p2a: Carbink|144/236|[from] item: Leftovers\n|upkeep\n|turn|11\n|inactive|Time left: 300 sec this turn | 300 sec total\n|\n|t:|1783552386\n|move|p2a: Carbink|Body Press|p1a: Diancie\n|-damage|p1a: Diancie|40/100\n|move|p1a: Diancie|Draining Kiss|p2a: Carbink\n|-damage|p2a: Carbink|96/236\n|-heal|p1a: Diancie|57/100|[from] drain|[of] p2a: Carbink\n|\n|-heal|p2a: Carbink|110/236|[from] item: Leftovers\n|-heal|p1a: Diancie|63/100|[from] item: Leftovers\n|upkeep\n|turn|12\n|inactive|Time left: 300 sec this turn | 300 sec total\n|\n|t:|1783552387\n|move|p2a: Carbink|Body Press|p1a: Diancie\n|-damage|p1a: Diancie|6/100\n|move|p1a: Diancie|Earth Power|p2a: Carbink\n|-supereffective|p2a: Carbink\n|-damage|p2a: Carbink|0 fnt\n|faint|p2a: Carbink\n|\n|-heal|p1a: Diancie|12/100|[from] item: Leftovers\n|upkeep\n|inactive|Time left: 300 sec this turn | 300 sec total | 5 sec grace\n|\n|t:|1783552388\n|switch|p2a: Raikou|Raikou, L81|186/278\n|-ability|p2a: Raikou|Pressure\n|turn|13\n|inactive|Time left: 300 sec this turn | 300 sec total\n|\n|t:|1783552389\n|move|p2a: Raikou|Thunderbolt|p1a: Diancie\n|-damage|p1a: Diancie|0 fnt\n|faint|p1a: Diancie\n|\n|-heal|p2a: Raikou|203/278|[from] item: Leftovers\n|upkeep\n|\n|t:|1783552390\n|switch|p1a: Granbull|Granbull, L88, F|100/100\n|-ability|p1a: Granbull|Intimidate|boost\n|-unboost|p2a: Raikou|atk|1\n|turn|14\n|inactive|Time left: 300 sec this turn | 300 sec total\n|\n|t:|1783552391\n|move|p2a: Raikou|Scald|p1a: Granbull\n|-damage|p1a: Granbull|74/100\n|move|p1a: Granbull|Earthquake|p2a: Raikou\n|-supereffective|p2a: Raikou\n|-crit|p2a: Raikou\n|-damage|p2a: Raikou|0 fnt\n|faint|p2a: Raikou\n|\n|-heal|p1a: Granbull|80/100|[from] item: Leftovers\n|upkeep\n|inactive|Time left: 300 sec this turn | 300 sec total | 5 sec grace\n|\n|t:|1783552392\n|switch|p2a: Porygon-Z|Porygon-Z, L83, tera:Ghost|121/277\n|-ability|p2a: Porygon-Z|Download|boost\n|-boost|p2a: Porygon-Z|spa|1\n|turn|15\n|inactive|Time left: 300 sec this turn | 300 sec total\n|\n|t:|1783552393\n|move|p2a: Porygon-Z|Tri Attack|p1a: Granbull\n|-damage|p1a: Granbull|17/100\n|-status|p1a: Granbull|brn\n|move|p1a: Granbull|Play Rough|p2a: Porygon-Z\n|-damage|p2a: Porygon-Z|43/277\n|-unboost|p2a: Porygon-Z|atk|1\n|\n|-heal|p1a: Granbull|23/100 brn|[from] item: Leftovers\n|-damage|p1a: Granbull|17/100 brn|[from] brn\n|upkeep\n|turn|16\n|inactive|Time left: 300 sec this turn | 300 sec total\n|\n|t:|1783552394\n|move|p2a: Porygon-Z|Tri Attack|p1a: Granbull\n|-damage|p1a: Granbull|0 fnt\n|faint|p1a: Granbull\n|\n|upkeep\n|\n|t:|1783552395\n|switch|p1a: Camerupt|Camerupt, L91, F|100/100\n|turn|17\n|inactive|Time left: 300 sec this turn | 300 sec total\n|\n|t:|1783552395\n|move|p2a: Porygon-Z|Tri Attack|p1a: Camerupt\n|-damage|p1a: Camerupt|43/100\n|move|p1a: Camerupt|Earthquake|p2a: Porygon-Z\n|-damage|p2a: Porygon-Z|0 fnt\n|faint|p2a: Porygon-Z\n|\n|-heal|p1a: Camerupt|50/100|[from] item: Leftovers\n|upkeep\n|inactive|Time left: 300 sec this turn | 300 sec total | 5 sec grace\n|\n|t:|1783552396\n|switch|p2a: Lycanroc|Lycanroc-Dusk, L81, M|254/254\n|turn|18\n|inactive|Time left: 300 sec this turn | 300 sec total\n|\n|t:|1783552397\n|move|p2a: Lycanroc|Close Combat|p1a: Camerupt\n|-damage|p1a: Camerupt|0 fnt\n|-unboost|p2a: Lycanroc|def|1\n|-unboost|p2a: Lycanroc|spd|1\n|faint|p1a: Camerupt\n|-damage|p2a: Lycanroc|229/254|[from] item: Life Orb\n|\n|upkeep\n|\n|t:|1783552398\n|switch|p1a: Vespiquen|Vespiquen, L99, F|22/100\n|-ability|p1a: Vespiquen|Pressure\n|turn|19\n|inactive|Time left: 300 sec this turn | 300 sec total\n|\n|t:|1783552399\n|move|p2a: Lycanroc|Accelerock|p1a: Vespiquen\n|-supereffective|p1a: Vespiquen\n|-crit|p1a: Vespiquen\n|-damage|p1a: Vespiquen|0 fnt\n|faint|p1a: Vespiquen\n|-damage|p2a: Lycanroc|204/254|[from] item: Life Orb\n|\n|win|p0y114255aa", "uploadtime": 1783552399, "views": 0, "rating": 0, "private": 0, "password": null, "_winner": "p0y114255aa", "_our_name": "p0y114255aa"}