{"id": "battle-gen9randombattle-2509", "formatid": "gen9randombattle", "format": "[Gen 9] Random Battle", "players": ["p0x250984dc", "p0y2509f20f"], "log": "|init|battle\n|title|p0x250984dc vs. p0y2509f20f\n|j|\u2606p0x250984dc\n|j|\u2606p0y2509f20f\n|t:|1783569074\n|gametype|singles\n|player|p1|p0x250984dc|169|\n|player|p2|p0y2509f20f|2|\n|gen|9\n|tier|[Gen 9] Random Battle\n|rule|Species Clause: Limit one of each Pok\u00e9mon\n|rule|HP Percentage Mod: HP is shown in percentages\n|rule|Sleep Clause Mod: Limit one foe put to sleep\n|rule|Illusion Level Mod: Illusion disguises the Pok\u00e9mon's true level\n|\n|t:|1783569074\n|teamsize|p1|6\n|teamsize|p2|6\n|start\n|switch|p1a: Greedent|Greedent, L86, M|347/347\n|switch|p2a: Sinistcha|Sinistcha-Masterpiece, L83|100/100\n|turn|1\n|inactive|Battle timer is ON: inactive players will automatically lose when time's up. (requested by p0x250984dc)\n|\n|t:|1783569075\n|move|p2a: Sinistcha|Matcha Gotcha|p1a: Greedent\n|-damage|p1a: Greedent|244/347\n|move|p1a: Greedent|Swords Dance|p1a: Greedent\n|-boost|p1a: Greedent|atk|2\n|\n|upkeep\n|turn|2\n|inactive|Time left: 300 sec this turn | 300 sec total\n|inactive|p0y2509f20f also wants the timer to be on.\n|\n|t:|1783569076\n|move|p2a: Sinistcha|Strength Sap|p1a: Greedent\n|-unboost|p1a: Greedent|atk|1\n|move|p1a: Greedent|Knock Off|p2a: Sinistcha\n|-supereffective|p2a: Sinistcha\n|-damage|p2a: Sinistcha|26/100\n|-enditem|p2a: Sinistcha|Leftovers|[from] move: Knock Off|[of] p1a: Greedent\n|\n|upkeep\n|turn|3\n|inactive|Time left: 300 sec this turn | 300 sec total\n|\n|t:|1783569077\n|move|p2a: Sinistcha|Strength Sap|p1a: Greedent\n|-unboost|p1a: Greedent|atk|1\n|-heal|p2a: Sinistcha|100/100\n|move|p1a: Greedent|Swords Dance|p1a: Greedent\n|-boost|p1a: Greedent|atk|2\n|\n|upkeep\n|turn|4\n|inactive|Time left: 300 sec this turn | 300 sec total\n|\n|t:|1783569078\n|move|p2a: Sinistcha|Calm Mind|p2a: Sinistcha\n|-boost|p2a: Sinistcha|spa|1\n|-boost|p2a: Sinistcha|spd|1\n|move|p1a: Greedent|Swords Dance|p1a: Greedent\n|-boost|p1a: Greedent|atk|2\n|\n|upkeep\n|turn|5\n|inactive|Time left: 300 sec this turn | 300 sec total\n|\n|t:|1783569079\n|move|p2a: Sinistcha|Matcha Gotcha|p1a: Greedent|[miss]\n|-miss|p2a: Sinistcha|p1a: Greedent\n|move|p1a: Greedent|Knock Off|p2a: Sinistcha\n|-supereffective|p2a: Sinistcha\n|-damage|p2a: Sinistcha|6/100\n|\n|upkeep\n|turn|6\n|inactive|Time left: 300 sec this turn | 300 sec total\n|\n|t:|1783569079\n|move|p2a: Sinistcha|Strength Sap|p1a: Greedent\n|-unboost|p1a: Greedent|atk|1\n|-heal|p2a: Sinistcha|100/100\n|move|p1a: Greedent|Knock Off|p2a: Sinistcha\n|-supereffective|p2a: Sinistcha\n|-damage|p2a: Sinistcha|24/100\n|\n|upkeep\n|turn|7\n|inactive|Time left: 300 sec this turn | 300 sec total\n|\n|t:|1783569080\n|move|p2a: Sinistcha|Strength Sap|p1a: Greedent\n|-unboost|p1a: Greedent|atk|1\n|-heal|p2a: Sinistcha|100/100\n|move|p1a: Greedent|Knock Off|p2a: Sinistcha\n|-supereffective|p2a: Sinistcha\n|-damage|p2a: Sinistcha|32/100\n|\n|upkeep\n|turn|8\n|inactive|Time left: 300 sec this turn | 300 sec total\n|\n|t:|1783569081\n|move|p2a: Sinistcha|Strength Sap|p1a: Greedent\n|-unboost|p1a: Greedent|atk|1\n|-heal|p2a: Sinistcha|100/100\n|move|p1a: Greedent|Swords Dance|p1a: Greedent\n|-boost|p1a: Greedent|atk|2\n|\n|upkeep\n|turn|9\n|inactive|Time left: 300 sec this turn | 300 sec total\n|\n|t:|1783569082\n|move|p2a: Sinistcha|Matcha Gotcha|p1a: Greedent\n|-damage|p1a: Greedent|87/347\n|-status|p1a: Greedent|brn\n|-enditem|p1a: Greedent|Sitrus Berry|[eat]\n|-heal|p1a: Greedent|173/347 brn|[from] item: Sitrus Berry\n|-heal|p1a: Greedent|288/347 brn|[from] ability: Cheek Pouch\n|move|p1a: Greedent|Knock Off|p2a: Sinistcha\n|-supereffective|p2a: Sinistcha\n|-damage|p2a: Sinistcha|62/100\n|\n|-damage|p1a: Greedent|267/347 brn|[from] brn\n|upkeep\n|turn|10\n|inactive|Time left: 300 sec this turn | 300 sec total\n|\n|t:|1783569083\n|move|p2a: Sinistcha|Matcha Gotcha|p1a: Greedent|[miss]\n|-miss|p2a: Sinistcha|p1a: Greedent\n|move|p1a: Greedent|Knock Off|p2a: Sinistcha\n|-supereffective|p2a: Sinistcha\n|-damage|p2a: Sinistcha|18/100\n|\n|-damage|p1a: Greedent|246/347 brn|[from] brn\n|upkeep\n|turn|11\n|inactive|Time left: 300 sec this turn | 300 sec total\n|\n|t:|1783569084\n|move|p2a: Sinistcha|Strength Sap|p1a: Greedent\n|-unboost|p1a: Greedent|atk|1\n|-heal|p2a: Sinistcha|100/100\n|move|p1a: Greedent|Knock Off|p2a: Sinistcha\n|-supereffective|p2a: Sinistcha\n|-damage|p2a: Sinistcha|67/100\n|\n|-damage|p1a: Greedent|225/347 brn|[from] brn\n|upkeep\n|turn|12\n|inactive|Time left: 300 sec this turn | 300 sec total\n|\n|t:|1783569085\n|move|p2a: Sinistcha|Matcha Gotcha|p1a: Greedent\n|-damage|p1a: Greedent|56/347 brn\n|-heal|p2a: Sinistcha|100/100|[from] drain|[of] p1a: Greedent\n|move|p1a: Greedent|Swords Dance|p1a: Greedent\n|-boost|p1a: Greedent|atk|2\n|\n|-damage|p1a: Greedent|35/347 brn|[from] brn\n|upkeep\n|turn|13\n|inactive|Time left: 300 sec this turn | 300 sec total\n|\n|t:|1783569086\n|move|p2a: Sinistcha|Matcha Gotcha|p1a: Greedent\n|-damage|p1a: Greedent|0 fnt\n|faint|p1a: Greedent\n|\n|upkeep\n|inactive|Time left: 300 sec this turn | 300 sec total | 5 sec grace\n|\n|t:|1783569087\n|switch|p1a: Weavile|Weavile, L79, F|239/239\n|turn|14\n|inactive|Time left: 300 sec this turn | 300 sec total\n|\n|t:|1783569088\n|-terastallize|p2a: Sinistcha|Steel\n|move|p1a: Weavile|Triple Axel|p2a: Sinistcha\n|-resisted|p2a: Sinistcha\n|-damage|p2a: Sinistcha|95/100\n|-resisted|p2a: Sinistcha\n|-damage|p2a: Sinistcha|83/100\n|-resisted|p2a: Sinistcha\n|-damage|p2a: Sinistcha|67/100\n|-hitcount|p2a: Sinistcha|3\n|move|p2a: Sinistcha|Matcha Gotcha|p1a: Weavile\n|-damage|p1a: Weavile|76/239\n|-heal|p2a: Sinistcha|99/100|[from] drain|[of] p1a: Weavile\n|\n|upkeep\n|turn|15\n|inactive|Time left: 300 sec this turn | 300 sec total\n|\n|t:|1783569089\n|switch|p1a: Ho-Oh|Ho-Oh, L71|268/268\n|move|p2a: Sinistcha|Matcha Gotcha|p1a: Ho-Oh\n|-resisted|p1a: Ho-Oh\n|-damage|p1a: Ho-Oh|238/268\n|-heal|p2a: Sinistcha|100/100|[from] drain|[of] p1a: Ho-Oh\n|\n|upkeep\n|turn|16\n|inactive|Time left: 300 sec this turn | 300 sec total\n|\n|t:|1783569090\n|move|p1a: Ho-Oh|Sacred Fire|p2a: Sinistcha\n|-supereffective|p2a: Sinistcha\n|-damage|p2a: Sinistcha|67/100\n|move|p2a: Sinistcha|Shadow Ball|p1a: Ho-Oh\n|-damage|p1a: Ho-Oh|123/268\n|-unboost|p1a: Ho-Oh|spd|1\n|\n|upkeep\n|turn|17\n|inactive|Time left: 300 sec this turn | 300 sec total\n|\n|t:|1783569091\n|-terastallize|p1a: Ho-Oh|Ground\n|move|p1a: Ho-Oh|Earthquake|p2a: Sinistcha\n|-supereffective|p2a: Sinistcha\n|-damage|p2a: Sinistcha|0 fnt\n|faint|p2a: Sinistcha\n|\n|upkeep\n|\n|t:|1783569092\n|switch|p2a: Calyrex|Calyrex-Ice, L72|100/100\n|-ability|p2a: Calyrex|As One\n|-ability|p2a: Calyrex|Unnerve\n|turn|18\n|inactive|Time left: 300 sec this turn | 300 sec total\n|\n|t:|1783569092\n|switch|p1a: Alomomola|Alomomola, L87, M|429/429\n|move|p2a: Calyrex|Glacial Lance|p1a: Alomomola\n|-resisted|p1a: Alomomola\n|-crit|p1a: Alomomola\n|-damage|p1a: Alomomola|308/429\n|\n|upkeep\n|turn|19\n|inactive|Time left: 300 sec this turn | 300 sec total\n|\n|t:|1783569093\n|move|p1a: Alomomola|Scald|p2a: Calyrex\n|-damage|p2a: Calyrex|85/100\n|move|p2a: Calyrex|Glacial Lance|p1a: Alomomola\n|-resisted|p1a: Alomomola\n|-damage|p1a: Alomomola|230/429\n|\n|upkeep\n|turn|20\n|inactive|Time left: 300 sec this turn | 300 sec total\n|\n|t:|1783569095\n|move|p1a: Alomomola|Scald|p2a: Calyrex\n|-damage|p2a: Calyrex|67/100\n|move|p2a: Calyrex|Glacial Lance|p1a: Alomomola\n|-resisted|p1a: Alomomola\n|-damage|p1a: Alomomola|151/429\n|\n|upkeep\n|turn|21\n|inactive|Time left: 300 sec this turn | 300 sec total\n|\n|t:|1783569096\n|move|p1a: Alomomola|Flip Turn|p2a: Calyrex\n|-damage|p2a: Calyrex|50/100\n|inactive|Time left: 300 sec this turn | 300 sec total | 5 sec grace\n|\n|t:|1783569097\n|switch|p1a: Oinkologne|Oinkologne-F, L92, F|361/361|[from] Flip Turn\n|move|p2a: Calyrex|Glacial Lance|p1a: Oinkologne\n|-damage|p1a: Oinkologne|288/361\n|\n|-heal|p1a: Oinkologne|310/361|[from] item: Leftovers\n|upkeep\n|turn|22\n|inactive|Time left: 300 sec this turn | 300 sec total\n|\n|t:|1783569098\n|move|p1a: Oinkologne|Body Slam|p2a: Calyrex\n|-crit|p2a: Calyrex\n|-damage|p2a: Calyrex|5/100\n|move|p2a: Calyrex|Close Combat|p1a: Oinkologne\n|-supereffective|p1a: Oinkologne\n|-damage|p1a: Oinkologne|92/361\n|-unboost|p2a: Calyrex|def|1\n|-unboost|p2a: Calyrex|spd|1\n|\n|-heal|p1a: Oinkologne|114/361|[from] item: Leftovers\n|upkeep\n|turn|23\n|inactive|Time left: 300 sec this turn | 300 sec total\n|\n|t:|1783569099\n|move|p1a: Oinkologne|Body Slam|p2a: Calyrex\n|-damage|p2a: Calyrex|0 fnt\n|faint|p2a: Calyrex\n|\n|-heal|p1a: Oinkologne|136/361|[from] item: Leftovers\n|upkeep\n|\n|t:|1783569100\n|switch|p2a: Orthworm|Orthworm, L88, F|100/100\n|turn|24\n|inactive|Time left: 300 sec this turn | 300 sec total\n|\n|t:|1783569101\n|switch|p1a: Alomomola|Alomomola, L87, M|294/429\n|move|p2a: Orthworm|Coil|p2a: Orthworm\n|-boost|p2a: Orthworm|atk|1\n|-boost|p2a: Orthworm|def|1\n|-boost|p2a: Orthworm|accuracy|1\n|\n|upkeep\n|turn|25\n|inactive|Time left: 300 sec this turn | 300 sec total\n|\n|t:|1783569102\n|move|p2a: Orthworm|Coil|p2a: Orthworm\n|-boost|p2a: Orthworm|atk|1\n|-boost|p2a: Orthworm|def|1\n|-boost|p2a: Orthworm|accuracy|1\n|move|p1a: Alomomola|Scald|p2a: Orthworm\n|-damage|p2a: Orthworm|75/100\n|\n|upkeep\n|turn|26\n|inactive|Time left: 300 sec this turn | 300 sec total\n|\n|t:|1783569103\n|move|p2a: Orthworm|Body Press|p1a: Alomomola\n|-damage|p1a: Alomomola|117/429\n|move|p1a: Alomomola|Scald|p2a: Orthworm\n|-damage|p2a: Orthworm|50/100\n|\n|upkeep\n|turn|27\n|inactive|Time left: 300 sec this turn | 300 sec total\n|\n|t:|1783569104\n|move|p1a: Alomomola|Protect|p1a: Alomomola\n|-singleturn|p1a: Alomomola|Protect\n|move|p2a: Orthworm|Body Press|p1a: Alomomola\n|-activate|p1a: Alomomola|move: Protect\n|\n|upkeep\n|turn|28\n|inactive|Time left: 300 sec this turn | 300 sec total\n|\n|t:|1783569105\n|switch|p1a: Fezandipiti|Fezandipiti, L82, M|278/278\n|move|p2a: Orthworm|Body Press|p1a: Fezandipiti\n|-resisted|p1a: Fezandipiti\n|-damage|p1a: Fezandipiti|229/278\n|\n|-heal|p1a: Fezandipiti|246/278|[from] item: Leftovers\n|upkeep\n|turn|29\n|inactive|Time left: 300 sec this turn | 300 sec total\n|\n|t:|1783569106\n|switch|p1a: Alomomola|Alomomola, L87, M|260/429\n|move|p2a: Orthworm|Iron Tail|p1a: Alomomola\n|-resisted|p1a: Alomomola\n|-damage|p1a: Alomomola|158/429\n|\n|upkeep\n|turn|30\n|inactive|Time left: 300 sec this turn | 300 sec total\n|\n|t:|1783569107\n|move|p1a: Alomomola|Protect|p1a: Alomomola\n|-singleturn|p1a: Alomomola|Protect\n|move|p2a: Orthworm|Body Press|p1a: Alomomola\n|-activate|p1a: Alomomola|move: Protect\n|\n|upkeep\n|turn|31\n|inactive|Time left: 300 sec this turn | 300 sec total\n|\n|t:|1783569108\n|switch|p1a: Fezandipiti|Fezandipiti, L82, M|246/278\n|move|p2a: Orthworm|Body Press|p1a: Fezandipiti\n|-resisted|p1a: Fezandipiti\n|-damage|p1a: Fezandipiti|199/278\n|\n|-heal|p1a: Fezandipiti|216/278|[from] item: Leftovers\n|upkeep\n|turn|32\n|inactive|Time left: 300 sec this turn | 300 sec total\n|\n|t:|1783569109\n|switch|p1a: Alomomola|Alomomola, L87, M|301/429\n|move|p2a: Orthworm|Iron Tail|p1a: Alomomola\n|-resisted|p1a: Alomomola\n|-damage|p1a: Alomomola|193/429\n|-unboost|p1a: Alomomola|def|1\n|\n|upkeep\n|turn|33\n|inactive|Time left: 300 sec this turn | 300 sec total\n|\n|t:|1783569110\n|switch|p1a: Fezandipiti|Fezandipiti, L82, M|216/278\n|move|p2a: Orthworm|Body Press|p1a: Fezandipiti\n|-resisted|p1a: Fezandipiti\n|-damage|p1a: Fezandipiti|172/278\n|\n|-heal|p1a: Fezandipiti|189/278|[from] item: Leftovers\n|upkeep\n|turn|34\n|inactive|Time left: 300 sec this turn | 300 sec total\n|\n|t:|1783569111\n|switch|p1a: Alomomola|Alomomola, L87, M|336/429\n|move|p2a: Orthworm|Iron Tail|p1a: Alomomola\n|-resisted|p1a: Alomomola\n|-damage|p1a: Alomomola|229/429\n|\n|upkeep\n|turn|35\n|inactive|Time left: 300 sec this turn | 300 sec total\n|\n|t:|1783569112\n|move|p2a: Orthworm|Body Press|p1a: Alomomola\n|-damage|p1a: Alomomola|60/429\n|move|p1a: Alomomola|Scald|p2a: Orthworm\n|-damage|p2a: Orthworm|23/100\n|\n|upkeep\n|turn|36\n|inactive|Time left: 300 sec this turn | 300 sec total\n|\n|t:|1783569113\n|move|p2a: Orthworm|Rest|p2a: Orthworm\n|-status|p2a: Orthworm|slp|[from] move: Rest\n|-heal|p2a: Orthworm|100/100 slp|[silent]\n|-enditem|p2a: Orthworm|Chesto Berry|[eat]\n|-curestatus|p2a: Orthworm|slp|[msg]\n|move|p1a: Alomomola|Scald|p2a: Orthworm\n|-damage|p2a: Orthworm|75/100\n|\n|upkeep\n|turn|37\n|inactive|Time left: 300 sec this turn | 300 sec total\n|\n|t:|1783569113\n|move|p1a: Alomomola|Protect|p1a: Alomomola\n|-singleturn|p1a: Alomomola|Protect\n|move|p2a: Orthworm|Body Press|p1a: Alomomola\n|-activate|p1a: Alomomola|move: Protect\n|\n|upkeep\n|turn|38\n|inactive|Time left: 300 sec this turn | 300 sec total\n|\n|t:|1783569114\n|switch|p1a: Fezandipiti|Fezandipiti, L82, M|189/278\n|move|p2a: Orthworm|Iron Tail|p1a: Fezandipiti\n|-supereffective|p1a: Fezandipiti\n|-damage|p1a: Fezandipiti|0 fnt\n|faint|p1a: Fezandipiti\n|\n|upkeep\n|inactive|Time left: 300 sec this turn | 300 sec total | 5 sec grace\n|\n|t:|1783569115\n|switch|p1a: Alomomola|Alomomola, L87, M|203/429\n|turn|39\n|inactive|Time left: 300 sec this turn | 300 sec total\n|\n|t:|1783569116\n|move|p2a: Orthworm|Body Press|p1a: Alomomola\n|-damage|p1a: Alomomola|14/429\n|move|p1a: Alomomola|Scald|p2a: Orthworm\n|-damage|p2a: Orthworm|53/100\n|\n|upkeep\n|turn|40\n|inactive|Time left: 300 sec this turn | 300 sec total\n|\n|t:|1783569117\n|move|p1a: Alomomola|Protect|p1a: Alomomola\n|-singleturn|p1a: Alomomola|Protect\n|move|p2a: Orthworm|Body Press|p1a: Alomomola\n|-activate|p1a: Alomomola|move: Protect\n|\n|upkeep\n|turn|41\n|inactive|Time left: 300 sec this turn | 300 sec total\n|\n|t:|1783569118\n|switch|p1a: Weavile|Weavile, L79, F|76/239\n|move|p2a: Orthworm|Body Press|p1a: Weavile\n|-supereffective|p1a: Weavile\n|-damage|p1a: Weavile|0 fnt\n|faint|p1a: Weavile\n|\n|upkeep\n|inactive|Time left: 300 sec this turn | 300 sec total | 5 sec grace\n|\n|t:|1783569119\n|switch|p1a: Ho-Oh|Ho-Oh, L71, tera:Ground|212/268\n|turn|42\n|inactive|Time left: 300 sec this turn | 300 sec total\n|\n|t:|1783569120\n|move|p1a: Ho-Oh|Sacred Fire|p2a: Orthworm\n|-supereffective|p2a: Orthworm\n|-damage|p2a: Orthworm|29/100\n|move|p2a: Orthworm|Iron Tail|p1a: Ho-Oh\n|-damage|p1a: Ho-Oh|0 fnt\n|faint|p1a: Ho-Oh\n|\n|upkeep\n|inactive|Time left: 300 sec this turn | 300 sec total | 5 sec grace\n|\n|t:|1783569120\n|switch|p1a: Alomomola|Alomomola, L87, M|157/429\n|turn|43\n|inactive|Time left: 300 sec this turn | 300 sec total\n|\n|t:|1783569121\n|switch|p1a: Oinkologne|Oinkologne-F, L92, F|136/361\n|move|p2a: Orthworm|Body Press|p1a: Oinkologne\n|-supereffective|p1a: Oinkologne\n|-damage|p1a: Oinkologne|0 fnt\n|faint|p1a: Oinkologne\n|\n|upkeep\n|inactive|Time left: 300 sec this turn | 300 sec total | 5 sec grace\n|\n|t:|1783569122\n|switch|p1a: Alomomola|Alomomola, L87, M|300/429\n|turn|44\n|inactive|Time left: 300 sec this turn | 300 sec total\n|\n|t:|1783569123\n|move|p2a: Orthworm|Body Press|p1a: Alomomola\n|-damage|p1a: Alomomola|113/429\n|move|p1a: Alomomola|Wish|p1a: Alomomola\n|\n|upkeep\n|turn|45\n|inactive|Time left: 300 sec this turn | 300 sec total\n|\n|t:|1783569124\n|move|p1a: Alomomola|Protect|p1a: Alomomola\n|-singleturn|p1a: Alomomola|Protect\n|move|p2a: Orthworm|Coil|p2a: Orthworm\n|-boost|p2a: Orthworm|atk|1\n|-boost|p2a: Orthworm|def|1\n|-boost|p2a: Orthworm|accuracy|1\n|\n|-heal|p1a: Alomomola|327/429|[from] move: Wish|[wisher] Alomomola\n|upkeep\n|turn|46\n|inactive|Time left: 300 sec this turn | 300 sec total\n|\n|t:|1783569125\n|move|p2a: Orthworm|Body Press|p1a: Alomomola\n|-damage|p1a: Alomomola|99/429\n|move|p1a: Alomomola|Wish|p1a: Alomomola\n|\n|upkeep\n|turn|47\n|inactive|Time left: 300 sec this turn | 300 sec total\n|\n|t:|1783569125\n|move|p1a: Alomomola|Protect|p1a: Alomomola\n|-singleturn|p1a: Alomomola|Protect\n|move|p2a: Orthworm|Body Press|p1a: Alomomola\n|-activate|p1a: Alomomola|move: Protect\n|\n|-heal|p1a: Alomomola|313/429|[from] move: Wish|[wisher] Alomomola\n|upkeep\n|turn|48\n|inactive|Time left: 300 sec this turn | 300 sec total\n|\n|t:|1783569126\n|move|p2a: Orthworm|Body Press|p1a: Alomomola\n|-damage|p1a: Alomomola|83/429\n|move|p1a: Alomomola|Wish|p1a: Alomomola\n|\n|upkeep\n|turn|49\n|inactive|Time left: 300 sec this turn | 300 sec total\n|\n|t:|1783569127\n|move|p1a: Alomomola|Protect|p1a: Alomomola\n|-singleturn|p1a: Alomomola|Protect\n|move|p2a: Orthworm|Coil|p2a: Orthworm\n|-boost|p2a: Orthworm|atk|1\n|-boost|p2a: Orthworm|def|1\n|-boost|p2a: Orthworm|accuracy|1\n|\n|-heal|p1a: Alomomola|297/429|[from] move: Wish|[wisher] Alomomola\n|upkeep\n|turn|50\n|inactive|Time left: 300 sec this turn | 300 sec total\n|\n|t:|1783569128\n|move|p2a: Orthworm|Iron Tail|p1a: Alomomola\n|-resisted|p1a: Alomomola\n|-damage|p1a: Alomomola|129/429\n|-unboost|p1a: Alomomola|def|1\n|move|p1a: Alomomola|Wish|p1a: Alomomola\n|\n|upkeep\n|turn|51\n|inactive|Time left: 300 sec this turn | 300 sec total\n|\n|t:|1783569129\n|move|p1a: Alomomola|Protect|p1a: Alomomola\n|-singleturn|p1a: Alomomola|Protect\n|move|p2a: Orthworm|Iron Tail|p1a: Alomomola\n|-activate|p1a: Alomomola|move: Protect\n|\n|-heal|p1a: Alomomola|343/429|[from] move: Wish|[wisher] Alomomola\n|upkeep\n|turn|52\n|inactive|Time left: 300 sec this turn | 300 sec total\n|\n|t:|1783569130\n|move|p2a: Orthworm|Iron Tail|p1a: Alomomola\n|-resisted|p1a: Alomomola\n|-damage|p1a: Alomomola|102/429\n|move|p1a: Alomomola|Wish|p1a: Alomomola\n|\n|upkeep\n|turn|53\n|inactive|Time left: 300 sec this turn | 300 sec total\n|\n|t:|1783569131\n|move|p1a: Alomomola|Protect|p1a: Alomomola\n|-singleturn|p1a: Alomomola|Protect\n|move|p2a: Orthworm|Iron Tail|p1a: Alomomola\n|-activate|p1a: Alomomola|move: Protect\n|\n|-heal|p1a: Alomomola|316/429|[from] move: Wish|[wisher] Alomomola\n|upkeep\n|turn|54\n|inactive|Time left: 300 sec this turn | 300 sec total\n|\n|t:|1783569132\n|move|p2a: Orthworm|Iron Tail|p1a: Alomomola\n|-resisted|p1a: Alomomola\n|-damage|p1a: Alomomola|80/429\n|move|p1a: Alomomola|Scald|p2a: Orthworm\n|-damage|p2a: Orthworm|4/100\n|\n|upkeep\n|turn|55\n|inactive|Time left: 300 sec this turn | 300 sec total\n|\n|t:|1783569133\n|move|p1a: Alomomola|Protect|p1a: Alomomola\n|-singleturn|p1a: Alomomola|Protect\n|move|p2a: Orthworm|Iron Tail|p1a: Alomomola\n|-activate|p1a: Alomomola|move: Protect\n|\n|upkeep\n|turn|56\n|inactive|Time left: 300 sec this turn | 300 sec total\n|\n|t:|1783569134\n|move|p2a: Orthworm|Iron Tail|p1a: Alomomola\n|-resisted|p1a: Alomomola\n|-damage|p1a: Alomomola|0 fnt\n|faint|p1a: Alomomola\n|\n|win|p0y2509f20f", "uploadtime": 1783569134, "views": 0, "rating": 0, "private": 0, "password": null, "_winner": "p0y2509f20f", "_our_name": "p0x250984dc"}