{"id": "battle-gen9randombattle-70", "formatid": "gen9randombattle", "format": "[Gen 9] Random Battle", "players": ["p0x0702d61", "p0y070e014"], "log": "|init|battle\n|title|p0x0702d61 vs. p0y070e014\n|j|\u2606p0x0702d61\n|j|\u2606p0y070e014\n|t:|1783540280\n|gametype|singles\n|player|p1|p0x0702d61|266|\n|player|p2|p0y070e014|102|\n|gen|9\n|tier|[Gen 9] Random Battle\n|rule|Species Clause: Limit one of each Pok\u00e9mon\n|rule|HP Percentage Mod: HP is shown in percentages\n|rule|Sleep Clause Mod: Limit one foe put to sleep\n|rule|Illusion Level Mod: Illusion disguises the Pok\u00e9mon's true level\n|\n|t:|1783540280\n|teamsize|p1|6\n|teamsize|p2|6\n|start\n|switch|p1a: Dialga|Dialga, L73|266/266\n|switch|p2a: Snorlax|Snorlax, L82, F|100/100\n|-ability|p1a: Dialga|Pressure\n|turn|1\n|inactive|Battle timer is ON: inactive players will automatically lose when time's up. (requested by p0y070e014)\n|inactive|Time left: 300 sec this turn | 300 sec total | 60 sec grace\n|\n|t:|1783540281\n|switch|p1a: Masquerain|Masquerain, L87, F|264/264\n|-ability|p1a: Masquerain|Intimidate|boost\n|-unboost|p2a: Snorlax|atk|1\n|move|p2a: Snorlax|Body Slam|p1a: Masquerain\n|-damage|p1a: Masquerain|183/264\n|\n|upkeep\n|turn|2\n|inactive|Time left: 300 sec this turn | 300 sec total\n|inactive|p0x0702d61 also wants the timer to be on.\n|\n|t:|1783540282\n|switch|p2a: Eelektross|Eelektross, L87, F|100/100\n|move|p1a: Masquerain|Sticky Web|p2a: Eelektross\n|-sidestart|p2: p0y070e014|move: Sticky Web\n|\n|upkeep\n|turn|3\n|inactive|Time left: 300 sec this turn | 300 sec total\n|\n|t:|1783540283\n|switch|p1a: Bellossom|Bellossom, L84, M|263/263\n|move|p2a: Eelektross|Supercell Slam|p1a: Bellossom\n|-resisted|p1a: Bellossom\n|-damage|p1a: Bellossom|203/263\n|\n|-heal|p1a: Bellossom|219/263|[from] item: Leftovers\n|upkeep\n|turn|4\n|inactive|Time left: 300 sec this turn | 300 sec total\n|\n|t:|1783540284\n|move|p2a: Eelektross|Coil|p2a: Eelektross\n|-boost|p2a: Eelektross|atk|1\n|-boost|p2a: Eelektross|def|1\n|-boost|p2a: Eelektross|accuracy|1\n|move|p1a: Bellossom|Quiver Dance|p1a: Bellossom\n|-boost|p1a: Bellossom|spa|1\n|-boost|p1a: Bellossom|spd|1\n|-boost|p1a: Bellossom|spe|1\n|\n|-heal|p1a: Bellossom|235/263|[from] item: Leftovers\n|upkeep\n|turn|5\n|inactive|Time left: 300 sec this turn | 300 sec total\n|\n|t:|1783540285\n|move|p1a: Bellossom|Quiver Dance|p1a: Bellossom\n|-boost|p1a: Bellossom|spa|1\n|-boost|p1a: Bellossom|spd|1\n|-boost|p1a: Bellossom|spe|1\n|move|p2a: Eelektross|Coil|p2a: Eelektross\n|-boost|p2a: Eelektross|atk|1\n|-boost|p2a: Eelektross|def|1\n|-boost|p2a: Eelektross|accuracy|1\n|\n|-heal|p1a: Bellossom|251/263|[from] item: Leftovers\n|upkeep\n|turn|6\n|inactive|Time left: 300 sec this turn | 300 sec total\n|\n|t:|1783540286\n|move|p1a: Bellossom|Giga Drain|p2a: Eelektross\n|-crit|p2a: Eelektross\n|-damage|p2a: Eelektross|17/100\n|-heal|p1a: Bellossom|263/263|[from] drain|[of] p2a: Eelektross\n|move|p2a: Eelektross|Drain Punch|p1a: Bellossom\n|-damage|p1a: Bellossom|135/263\n|-heal|p2a: Eelektross|39/100|[from] drain|[of] p1a: Bellossom\n|\n|-heal|p1a: Bellossom|151/263|[from] item: Leftovers\n|-heal|p2a: Eelektross|45/100|[from] item: Leftovers\n|upkeep\n|turn|7\n|inactive|Time left: 300 sec this turn | 300 sec total\n|\n|t:|1783540287\n|switch|p2a: Farigiraf|Farigiraf, L90, F|100/100\n|-activate|p2a: Farigiraf|move: Sticky Web\n|-unboost|p2a: Farigiraf|spe|1\n|move|p1a: Bellossom|Giga Drain|p2a: Farigiraf\n|-ability|p2a: Farigiraf|Sap Sipper|boost\n|-boost|p2a: Farigiraf|atk|1\n|\n|-heal|p1a: Bellossom|167/263|[from] item: Leftovers\n|upkeep\n|turn|8\n|inactive|Time left: 300 sec this turn | 300 sec total\n|\n|t:|1783540288\n|move|p1a: Bellossom|Quiver Dance|p1a: Bellossom\n|-boost|p1a: Bellossom|spa|1\n|-boost|p1a: Bellossom|spd|1\n|-boost|p1a: Bellossom|spe|1\n|move|p2a: Farigiraf|Body Slam|p1a: Bellossom\n|-damage|p1a: Bellossom|25/263\n|\n|-heal|p1a: Bellossom|41/263|[from] item: Leftovers\n|upkeep\n|turn|9\n|inactive|Time left: 300 sec this turn | 300 sec total\n|\n|t:|1783540289\n|move|p1a: Bellossom|Quiver Dance|p1a: Bellossom\n|-boost|p1a: Bellossom|spa|1\n|-boost|p1a: Bellossom|spd|1\n|-boost|p1a: Bellossom|spe|1\n|move|p2a: Farigiraf|Body Slam|p1a: Bellossom\n|-damage|p1a: Bellossom|0 fnt\n|faint|p1a: Bellossom\n|\n|upkeep\n|inactive|Time left: 300 sec this turn | 300 sec total | 5 sec grace\n|\n|t:|1783540290\n|switch|p1a: Samurott|Samurott-Hisui, L77, M|265/265\n|turn|10\n|inactive|Time left: 300 sec this turn | 300 sec total\n|\n|t:|1783540291\n|move|p1a: Samurott|Ceaseless Edge|p2a: Farigiraf\n|-supereffective|p2a: Farigiraf\n|-damage|p2a: Farigiraf|14/100\n|-sidestart|p2: p0y070e014|Spikes\n|move|p2a: Farigiraf|Body Slam|p1a: Samurott\n|-damage|p1a: Samurott|99/265\n|\n|-heal|p2a: Farigiraf|20/100|[from] item: Leftovers\n|upkeep\n|turn|11\n|inactive|Time left: 300 sec this turn | 300 sec total\n|\n|t:|1783540292\n|move|p2a: Farigiraf|Protect|p2a: Farigiraf\n|-singleturn|p2a: Farigiraf|Protect\n|move|p1a: Samurott|Ceaseless Edge|p2a: Farigiraf\n|-activate|p2a: Farigiraf|move: Protect\n|\n|-heal|p2a: Farigiraf|26/100|[from] item: Leftovers\n|upkeep\n|turn|12\n|inactive|Time left: 300 sec this turn | 300 sec total\n|\n|t:|1783540294\n|-terastallize|p2a: Farigiraf|Fairy\n|move|p1a: Samurott|Ceaseless Edge|p2a: Farigiraf\n|-resisted|p2a: Farigiraf\n|-damage|p2a: Farigiraf|6/100\n|-sidestart|p2: p0y070e014|Spikes\n|move|p2a: Farigiraf|Body Slam|p1a: Samurott\n|-damage|p1a: Samurott|0 fnt\n|faint|p1a: Samurott\n|\n|-heal|p2a: Farigiraf|12/100|[from] item: Leftovers\n|upkeep\n|inactive|Time left: 300 sec this turn | 300 sec total | 5 sec grace\n|\n|t:|1783540295\n|switch|p1a: Tsareena|Tsareena, L87, F|267/267\n|turn|13\n|inactive|Time left: 300 sec this turn | 300 sec total\n|\n|t:|1783540296\n|move|p2a: Farigiraf|Protect|p2a: Farigiraf\n|-singleturn|p2a: Farigiraf|Protect\n|move|p1a: Tsareena|Rapid Spin|p2a: Farigiraf\n|-activate|p2a: Farigiraf|move: Protect\n|\n|-heal|p2a: Farigiraf|18/100|[from] item: Leftovers\n|upkeep\n|turn|14\n|inactive|Time left: 300 sec this turn | 300 sec total\n|\n|t:|1783540297\n|move|p1a: Tsareena|Triple Axel|p2a: Farigiraf\n|-damage|p2a: Farigiraf|12/100\n|-damage|p2a: Farigiraf|0 fnt\n|faint|p2a: Farigiraf\n|-hitcount|p2: Farigiraf|2\n|\n|upkeep\n|\n|t:|1783540298\n|switch|p2a: Talonflame|Talonflame, L83, M|100/100\n|turn|15\n|inactive|Time left: 300 sec this turn | 300 sec total\n|\n|t:|1783540299\n|move|p2a: Talonflame|Will-O-Wisp|p1a: Tsareena|[miss]\n|-miss|p2a: Talonflame|p1a: Tsareena\n|move|p1a: Tsareena|Triple Axel|p2a: Talonflame\n|-damage|p2a: Talonflame|93/100\n|-damage|p2a: Talonflame|76/100\n|-status|p1a: Tsareena|brn|[from] ability: Flame Body|[of] p2a: Talonflame\n|-damage|p2a: Talonflame|64/100\n|-hitcount|p2a: Talonflame|3\n|\n|-damage|p1a: Tsareena|251/267 brn|[from] brn\n|upkeep\n|turn|16\n|inactive|Time left: 300 sec this turn | 300 sec total\n|\n|t:|1783540300\n|move|p2a: Talonflame|Roost|p2a: Talonflame\n|-heal|p2a: Talonflame|100/100\n|-singleturn|p2a: Talonflame|move: Roost\n|move|p1a: Tsareena|Rapid Spin|p2a: Talonflame\n|-damage|p2a: Talonflame|91/100\n|-boost|p1a: Tsareena|spe|1\n|\n|-damage|p1a: Tsareena|235/267 brn|[from] brn\n|upkeep\n|turn|17\n|inactive|Time left: 300 sec this turn | 300 sec total\n|\n|t:|1783540301\n|move|p1a: Tsareena|Power Whip|p2a: Talonflame|[miss]\n|-miss|p1a: Tsareena|p2a: Talonflame\n|move|p2a: Talonflame|Roost|p2a: Talonflame\n|-heal|p2a: Talonflame|100/100\n|-singleturn|p2a: Talonflame|move: Roost\n|\n|-damage|p1a: Tsareena|219/267 brn|[from] brn\n|upkeep\n|turn|18\n|inactive|Time left: 300 sec this turn | 300 sec total\n|\n|t:|1783540302\n|move|p1a: Tsareena|Power Whip|p2a: Talonflame\n|-resisted|p2a: Talonflame\n|-damage|p2a: Talonflame|91/100\n|move|p2a: Talonflame|Brave Bird|p1a: Tsareena\n|-supereffective|p1a: Tsareena\n|-damage|p1a: Tsareena|15/267 brn\n|-damage|p2a: Talonflame|66/100|[from] Recoil\n|\n|-damage|p1a: Tsareena|0 fnt|[from] brn\n|faint|p1a: Tsareena\n|upkeep\n|inactive|Time left: 300 sec this turn | 300 sec total | 5 sec grace\n|\n|t:|1783540303\n|switch|p1a: Dialga|Dialga, L73|266/266\n|-ability|p1a: Dialga|Pressure\n|turn|19\n|inactive|Time left: 300 sec this turn | 300 sec total\n|\n|t:|1783540304\n|move|p2a: Talonflame|Roost|p2a: Talonflame\n|-heal|p2a: Talonflame|100/100\n|-singleturn|p2a: Talonflame|move: Roost\n|move|p1a: Dialga|Draco Meteor|p2a: Talonflame\n|-damage|p2a: Talonflame|28/100\n|-unboost|p1a: Dialga|spa|2\n|\n|upkeep\n|turn|20\n|inactive|Time left: 300 sec this turn | 300 sec total\n|\n|t:|1783540305\n|move|p2a: Talonflame|Roost|p2a: Talonflame\n|-heal|p2a: Talonflame|78/100\n|-singleturn|p2a: Talonflame|move: Roost\n|move|p1a: Dialga|Dragon Tail|p2a: Talonflame\n|-damage|p2a: Talonflame|54/100\n|-status|p1a: Dialga|brn|[from] ability: Flame Body|[of] p2a: Talonflame\n|drag|p2a: Metagross|Metagross, L79|100/100\n|-activate|p2a: Metagross|move: Sticky Web\n|-fail|p2a: Metagross|unboost|[from] ability: Clear Body|[of] p2a: Metagross\n|-damage|p2a: Metagross|84/100|[from] Spikes\n|\n|-heal|p2a: Metagross|90/100|[from] item: Leftovers\n|-damage|p1a: Dialga|250/266 brn|[from] brn\n|upkeep\n|turn|21\n|inactive|Time left: 300 sec this turn | 300 sec total\n|\n|t:|1783540306\n|move|p1a: Dialga|Fire Blast|p2a: Metagross\n|-supereffective|p2a: Metagross\n|-damage|p2a: Metagross|58/100\n|move|p2a: Metagross|Earthquake|p1a: Dialga\n|-supereffective|p1a: Dialga\n|-damage|p1a: Dialga|98/266 brn\n|\n|-heal|p2a: Metagross|65/100|[from] item: Leftovers\n|-damage|p1a: Dialga|82/266 brn|[from] brn\n|upkeep\n|turn|22\n|inactive|Time left: 300 sec this turn | 300 sec total\n|\n|t:|1783540307\n|move|p1a: Dialga|Fire Blast|p2a: Metagross\n|-supereffective|p2a: Metagross\n|-damage|p2a: Metagross|30/100\n|move|p2a: Metagross|Heavy Slam|p1a: Dialga\n|-resisted|p1a: Dialga\n|-damage|p1a: Dialga|59/266 brn\n|\n|-heal|p2a: Metagross|36/100|[from] item: Leftovers\n|-damage|p1a: Dialga|43/266 brn|[from] brn\n|upkeep\n|turn|23\n|inactive|Time left: 300 sec this turn | 300 sec total\n|\n|t:|1783540308\n|move|p1a: Dialga|Fire Blast|p2a: Metagross\n|-supereffective|p2a: Metagross\n|-damage|p2a: Metagross|0 fnt\n|faint|p2a: Metagross\n|\n|-damage|p1a: Dialga|27/266 brn|[from] brn\n|upkeep\n|\n|t:|1783540309\n|switch|p2a: Talonflame|Talonflame, L83, M|54/100\n|turn|24\n|inactive|Time left: 300 sec this turn | 300 sec total\n|\n|t:|1783540310\n|move|p2a: Talonflame|Roost|p2a: Talonflame\n|-heal|p2a: Talonflame|100/100\n|-singleturn|p2a: Talonflame|move: Roost\n|move|p1a: Dialga|Draco Meteor|p2a: Talonflame\n|-damage|p2a: Talonflame|66/100\n|-unboost|p1a: Dialga|spa|2\n|\n|-damage|p1a: Dialga|11/266 brn|[from] brn\n|upkeep\n|turn|25\n|inactive|Time left: 300 sec this turn | 300 sec total\n|\n|t:|1783540311\n|move|p2a: Talonflame|Roost|p2a: Talonflame\n|-heal|p2a: Talonflame|100/100\n|-singleturn|p2a: Talonflame|move: Roost\n|move|p1a: Dialga|Dragon Tail|p2a: Talonflame|[miss]\n|-miss|p1a: Dialga|p2a: Talonflame\n|\n|-damage|p1a: Dialga|0 fnt|[from] brn\n|faint|p1a: Dialga\n|upkeep\n|inactive|Time left: 300 sec this turn | 300 sec total | 5 sec grace\n|\n|t:|1783540312\n|switch|p1a: Masquerain|Masquerain, L87, F|183/264\n|-ability|p1a: Masquerain|Intimidate|boost\n|-unboost|p2a: Talonflame|atk|1\n|turn|26\n|inactive|Time left: 300 sec this turn | 300 sec total\n|\n|t:|1783540313\n|-terastallize|p1a: Masquerain|Water\n|move|p2a: Talonflame|Brave Bird|p1a: Masquerain\n|-damage|p1a: Masquerain|86/264\n|-damage|p2a: Talonflame|88/100|[from] Recoil\n|move|p1a: Masquerain|Hydro Pump|p2a: Talonflame|[miss]\n|-miss|p1a: Masquerain|p2a: Talonflame\n|\n|upkeep\n|turn|27\n|inactive|Time left: 300 sec this turn | 300 sec total\n|\n|t:|1783540314\n|move|p2a: Talonflame|Brave Bird|p1a: Masquerain\n|-damage|p1a: Masquerain|0 fnt\n|faint|p1a: Masquerain\n|-damage|p2a: Talonflame|78/100|[from] Recoil\n|\n|upkeep\n|inactive|Time left: 300 sec this turn | 300 sec total | 5 sec grace\n|\n|t:|1783540315\n|switch|p1a: Scream Tail|Scream Tail, L84|330/330\n|turn|28\n|inactive|Time left: 300 sec this turn | 300 sec total\n|\n|t:|1783540316\n|switch|p2a: Eelektross|Eelektross, L87, F|45/100\n|move|p1a: Scream Tail|Play Rough|p2a: Eelektross\n|-damage|p2a: Eelektross|18/100\n|\n|-heal|p2a: Eelektross|24/100|[from] item: Leftovers\n|upkeep\n|turn|29\n|inactive|Time left: 300 sec this turn | 300 sec total\n|\n|t:|1783540317\n|switch|p2a: Talonflame|Talonflame, L83, M|78/100\n|move|p1a: Scream Tail|Play Rough|p2a: Talonflame\n|-resisted|p2a: Talonflame\n|-damage|p2a: Talonflame|63/100\n|\n|upkeep\n|turn|30\n|inactive|Time left: 300 sec this turn | 300 sec total\n|\n|t:|1783540318\n|move|p2a: Talonflame|Roost|p2a: Talonflame\n|-heal|p2a: Talonflame|100/100\n|-singleturn|p2a: Talonflame|move: Roost\n|move|p1a: Scream Tail|Play Rough|p2a: Talonflame\n|-resisted|p2a: Talonflame\n|-damage|p2a: Talonflame|85/100\n|-status|p1a: Scream Tail|brn|[from] ability: Flame Body|[of] p2a: Talonflame\n|\n|-damage|p1a: Scream Tail|310/330 brn|[from] brn\n|upkeep\n|turn|31\n|inactive|Time left: 300 sec this turn | 300 sec total\n|\n|t:|1783540319\n|switch|p2a: Eelektross|Eelektross, L87, F|24/100\n|move|p1a: Scream Tail|Play Rough|p2a: Eelektross\n|-damage|p2a: Eelektross|10/100\n|\n|-heal|p1a: Scream Tail|330/330 brn|[from] item: Leftovers\n|-heal|p2a: Eelektross|17/100|[from] item: Leftovers\n|-damage|p1a: Scream Tail|310/330 brn|[from] brn\n|upkeep\n|turn|32\n|inactive|Time left: 300 sec this turn | 300 sec total\n|\n|t:|1783540320\n|move|p1a: Scream Tail|Play Rough|p2a: Eelektross\n|-damage|p2a: Eelektross|5/100\n|move|p2a: Eelektross|Coil|p2a: Eelektross\n|-boost|p2a: Eelektross|atk|1\n|-boost|p2a: Eelektross|def|1\n|-boost|p2a: Eelektross|accuracy|1\n|\n|-heal|p1a: Scream Tail|330/330 brn|[from] item: Leftovers\n|-heal|p2a: Eelektross|11/100|[from] item: Leftovers\n|-damage|p1a: Scream Tail|310/330 brn|[from] brn\n|upkeep\n|turn|33\n|inactive|Time left: 300 sec this turn | 300 sec total\n|\n|t:|1783540321\n|move|p1a: Scream Tail|Protect|p1a: Scream Tail\n|-singleturn|p1a: Scream Tail|Protect\n|move|p2a: Eelektross|Knock Off|p1a: Scream Tail\n|-activate|p1a: Scream Tail|move: Protect\n|\n|-heal|p1a: Scream Tail|330/330 brn|[from] item: Leftovers\n|-heal|p2a: Eelektross|17/100|[from] item: Leftovers\n|-damage|p1a: Scream Tail|310/330 brn|[from] brn\n|upkeep\n|turn|34\n|inactive|Time left: 300 sec this turn | 300 sec total\n|\n|t:|1783540322\n|move|p1a: Scream Tail|Wish|p1a: Scream Tail\n|move|p2a: Eelektross|Knock Off|p1a: Scream Tail\n|-damage|p1a: Scream Tail|191/330 brn\n|-enditem|p1a: Scream Tail|Leftovers|[from] move: Knock Off|[of] p2a: Eelektross\n|\n|-heal|p2a: Eelektross|24/100|[from] item: Leftovers\n|-damage|p1a: Scream Tail|171/330 brn|[from] brn\n|upkeep\n|turn|35\n|inactive|Time left: 300 sec this turn | 300 sec total\n|\n|t:|1783540324\n|move|p1a: Scream Tail|Play Rough|p2a: Eelektross\n|-damage|p2a: Eelektross|15/100\n|move|p2a: Eelektross|Coil|p2a: Eelektross\n|-boost|p2a: Eelektross|atk|1\n|-boost|p2a: Eelektross|def|1\n|-boost|p2a: Eelektross|accuracy|1\n|\n|-heal|p1a: Scream Tail|330/330 brn|[from] move: Wish|[wisher] Scream Tail\n|-heal|p2a: Eelektross|22/100|[from] item: Leftovers\n|-damage|p1a: Scream Tail|310/330 brn|[from] brn\n|upkeep\n|turn|36\n|inactive|Time left: 300 sec this turn | 300 sec total\n|\n|t:|1783540325\n|move|p1a: Scream Tail|Wish|p1a: Scream Tail\n|move|p2a: Eelektross|Coil|p2a: Eelektross\n|-boost|p2a: Eelektross|atk|1\n|-boost|p2a: Eelektross|def|1\n|-boost|p2a: Eelektross|accuracy|1\n|\n|-heal|p2a: Eelektross|28/100|[from] item: Leftovers\n|-damage|p1a: Scream Tail|290/330 brn|[from] brn\n|upkeep\n|turn|37\n|inactive|Time left: 300 sec this turn | 300 sec total\n|\n|t:|1783540326\n|move|p1a: Scream Tail|Protect|p1a: Scream Tail\n|-singleturn|p1a: Scream Tail|Protect\n|move|p2a: Eelektross|Coil|p2a: Eelektross\n|-boost|p2a: Eelektross|atk|1\n|-boost|p2a: Eelektross|def|1\n|-boost|p2a: Eelektross|accuracy|1\n|\n|-heal|p1a: Scream Tail|330/330 brn|[from] move: Wish|[wisher] Scream Tail\n|-heal|p2a: Eelektross|34/100|[from] item: Leftovers\n|-damage|p1a: Scream Tail|310/330 brn|[from] brn\n|upkeep\n|turn|38\n|inactive|Time left: 300 sec this turn | 300 sec total\n|\n|t:|1783540327\n|move|p1a: Scream Tail|Protect||[still]\n|-fail|p1a: Scream Tail\n|move|p2a: Eelektross|Knock Off|p1a: Scream Tail\n|-damage|p1a: Scream Tail|162/330 brn\n|\n|-heal|p2a: Eelektross|40/100|[from] item: Leftovers\n|-damage|p1a: Scream Tail|142/330 brn|[from] brn\n|upkeep\n|turn|39\n|inactive|Time left: 300 sec this turn | 300 sec total\n|\n|t:|1783540328\n|move|p1a: Scream Tail|Protect|p1a: Scream Tail\n|-singleturn|p1a: Scream Tail|Protect\n|move|p2a: Eelektross|Knock Off|p1a: Scream Tail\n|-activate|p1a: Scream Tail|move: Protect\n|\n|-heal|p2a: Eelektross|46/100|[from] item: Leftovers\n|-damage|p1a: Scream Tail|122/330 brn|[from] brn\n|upkeep\n|turn|40\n|inactive|Time left: 300 sec this turn | 300 sec total\n|\n|t:|1783540329\n|move|p1a: Scream Tail|Protect||[still]\n|-fail|p1a: Scream Tail\n|move|p2a: Eelektross|Knock Off|p1a: Scream Tail\n|-damage|p1a: Scream Tail|0 fnt\n|faint|p1a: Scream Tail\n|-end|p1a: Scream Tail|Protosynthesis|[silent]\n|\n|win|p0y070e014", "uploadtime": 1783540329, "views": 0, "rating": 0, "private": 0, "password": null, "_winner": "p0y070e014", "_our_name": "p0x0702d61"}