{"id": "battle-gen9randombattle-869", "formatid": "gen9randombattle", "format": "[Gen 9] Random Battle", "players": ["p0x8694f63", "p0y869411f"], "log": "|init|battle\n|title|p0x8694f63 vs. p0y869411f\n|j|\u2606p0x8694f63\n|j|\u2606p0y869411f\n|t:|1783549977\n|gametype|singles\n|player|p1|p0x8694f63|266|\n|player|p2|p0y869411f|2|\n|gen|9\n|tier|[Gen 9] Random Battle\n|rule|Species Clause: Limit one of each Pok\u00e9mon\n|rule|HP Percentage Mod: HP is shown in percentages\n|rule|Sleep Clause Mod: Limit one foe put to sleep\n|rule|Illusion Level Mod: Illusion disguises the Pok\u00e9mon's true level\n|\n|t:|1783549977\n|teamsize|p1|6\n|teamsize|p2|6\n|start\n|switch|p1a: Florges|Florges-Orange, L85, F|271/271\n|switch|p2a: Giratina|Giratina, L75|100/100\n|-ability|p2a: Giratina|Pressure\n|turn|1\n|inactive|Battle timer is ON: inactive players will automatically lose when time's up. (requested by p0y869411f)\n|inactive|Time left: 300 sec this turn | 300 sec total | 60 sec grace\n|inactive|p0x8694f63 also wants the timer to be on.\n|\n|t:|1783549979\n|switch|p2a: Frosmoth|Frosmoth, L82, M|100/100\n|move|p1a: Florges|Moonblast|p2a: Frosmoth\n|-crit|p2a: Frosmoth\n|-damage|p2a: Frosmoth|65/100\n|\n|upkeep\n|turn|2\n|inactive|Time left: 300 sec this turn | 300 sec total\n|\n|t:|1783549981\n|move|p1a: Florges|Calm Mind|p1a: Florges\n|-boost|p1a: Florges|spa|1\n|-boost|p1a: Florges|spd|1\n|move|p2a: Frosmoth|Quiver Dance|p2a: Frosmoth\n|-boost|p2a: Frosmoth|spa|1\n|-boost|p2a: Frosmoth|spd|1\n|-boost|p2a: Frosmoth|spe|1\n|\n|upkeep\n|turn|3\n|inactive|Time left: 300 sec this turn | 300 sec total\n|\n|t:|1783549982\n|move|p2a: Frosmoth|Quiver Dance|p2a: Frosmoth\n|-boost|p2a: Frosmoth|spa|1\n|-boost|p2a: Frosmoth|spd|1\n|-boost|p2a: Frosmoth|spe|1\n|move|p1a: Florges|Calm Mind|p1a: Florges\n|-boost|p1a: Florges|spa|1\n|-boost|p1a: Florges|spd|1\n|\n|upkeep\n|turn|4\n|inactive|Time left: 300 sec this turn | 300 sec total\n|\n|t:|1783549982\n|move|p2a: Frosmoth|Quiver Dance|p2a: Frosmoth\n|-boost|p2a: Frosmoth|spa|1\n|-boost|p2a: Frosmoth|spd|1\n|-boost|p2a: Frosmoth|spe|1\n|move|p1a: Florges|Moonblast|p2a: Frosmoth\n|-damage|p2a: Frosmoth|45/100\n|\n|upkeep\n|turn|5\n|inactive|Time left: 300 sec this turn | 300 sec total\n|\n|t:|1783549984\n|move|p2a: Frosmoth|Ice Beam|p1a: Florges\n|-damage|p1a: Florges|186/271\n|move|p1a: Florges|Moonblast|p2a: Frosmoth\n|-damage|p2a: Frosmoth|27/100\n|\n|-heal|p1a: Florges|202/271|[from] item: Leftovers\n|upkeep\n|turn|6\n|inactive|Time left: 300 sec this turn | 300 sec total\n|\n|t:|1783549985\n|move|p2a: Frosmoth|Quiver Dance|p2a: Frosmoth\n|-boost|p2a: Frosmoth|spa|1\n|-boost|p2a: Frosmoth|spd|1\n|-boost|p2a: Frosmoth|spe|1\n|move|p1a: Florges|Moonblast|p2a: Frosmoth\n|-damage|p2a: Frosmoth|12/100\n|\n|-heal|p1a: Florges|218/271|[from] item: Leftovers\n|upkeep\n|turn|7\n|inactive|Time left: 300 sec this turn | 300 sec total\n|\n|t:|1783549986\n|move|p2a: Frosmoth|Giga Drain|p1a: Florges\n|-damage|p1a: Florges|159/271\n|-heal|p2a: Frosmoth|24/100|[from] drain|[of] p1a: Florges\n|move|p1a: Florges|Moonblast|p2a: Frosmoth\n|-damage|p2a: Frosmoth|9/100\n|-unboost|p2a: Frosmoth|spa|1\n|\n|-heal|p1a: Florges|175/271|[from] item: Leftovers\n|upkeep\n|turn|8\n|inactive|Time left: 300 sec this turn | 300 sec total\n|\n|t:|1783549987\n|move|p2a: Frosmoth|Giga Drain|p1a: Florges\n|-damage|p1a: Florges|129/271\n|-heal|p2a: Frosmoth|18/100|[from] drain|[of] p1a: Florges\n|move|p1a: Florges|Moonblast|p2a: Frosmoth\n|-damage|p2a: Frosmoth|4/100\n|\n|-heal|p1a: Florges|145/271|[from] item: Leftovers\n|upkeep\n|turn|9\n|inactive|Time left: 300 sec this turn | 300 sec total\n|\n|t:|1783549988\n|move|p2a: Frosmoth|Ice Beam|p1a: Florges\n|-damage|p1a: Florges|57/271\n|move|p1a: Florges|Moonblast|p2a: Frosmoth\n|-damage|p2a: Frosmoth|0 fnt\n|faint|p2a: Frosmoth\n|\n|-heal|p1a: Florges|73/271|[from] item: Leftovers\n|upkeep\n|\n|t:|1783549989\n|switch|p2a: Iron Treads|Iron Treads, L77|100/100\n|turn|10\n|inactive|Time left: 300 sec this turn | 300 sec total\n|\n|t:|1783549990\n|move|p2a: Iron Treads|Iron Head|p1a: Florges\n|-supereffective|p1a: Florges\n|-damage|p1a: Florges|0 fnt\n|faint|p1a: Florges\n|\n|upkeep\n|inactive|Time left: 300 sec this turn | 300 sec total | 5 sec grace\n|\n|t:|1783549991\n|switch|p1a: Piloswine|Piloswine, L85, F|309/309\n|turn|11\n|inactive|Time left: 300 sec this turn | 300 sec total\n|\n|t:|1783549992\n|move|p2a: Iron Treads|Iron Head|p1a: Piloswine\n|-supereffective|p1a: Piloswine\n|-damage|p1a: Piloswine|187/309\n|move|p1a: Piloswine|Earthquake|p2a: Iron Treads\n|-supereffective|p2a: Iron Treads\n|-damage|p2a: Iron Treads|25/100\n|\n|-heal|p2a: Iron Treads|31/100|[from] item: Leftovers\n|upkeep\n|turn|12\n|inactive|Time left: 300 sec this turn | 300 sec total\n|\n|t:|1783549993\n|move|p2a: Iron Treads|Iron Head|p1a: Piloswine\n|-supereffective|p1a: Piloswine\n|-damage|p1a: Piloswine|79/309\n|move|p1a: Piloswine|Earthquake|p2a: Iron Treads\n|-supereffective|p2a: Iron Treads\n|-damage|p2a: Iron Treads|0 fnt\n|faint|p2a: Iron Treads\n|-end|p2a: Iron Treads|Quark Drive|[silent]\n|\n|upkeep\n|\n|t:|1783549994\n|switch|p2a: Pikachu|Pikachu, L93, M|100/100\n|turn|13\n|inactive|Time left: 300 sec this turn | 300 sec total\n|\n|t:|1783549995\n|switch|p1a: Baxcalibur|Baxcalibur, L75, M|296/296\n|move|p2a: Pikachu|Surf|p1a: Baxcalibur\n|-resisted|p1a: Baxcalibur\n|-damage|p1a: Baxcalibur|244/296\n|\n|upkeep\n|turn|14\n|inactive|Time left: 300 sec this turn | 300 sec total\n|\n|t:|1783549996\n|move|p2a: Pikachu|Knock Off|p1a: Baxcalibur\n|-damage|p1a: Baxcalibur|116/296\n|-enditem|p1a: Baxcalibur|Heavy-Duty Boots|[from] move: Knock Off|[of] p2a: Pikachu\n|move|p1a: Baxcalibur|Glaive Rush|p2a: Pikachu\n|-damage|p2a: Pikachu|4/100\n|-singlemove|p1a: Baxcalibur|Glaive Rush|[silent]\n|\n|upkeep\n|turn|15\n|inactive|Time left: 300 sec this turn | 300 sec total\n|\n|t:|1783549998\n|switch|p1a: Dipplin|Dipplin, L88, F|284/284\n|move|p2a: Pikachu|Knock Off|p1a: Dipplin\n|-damage|p1a: Dipplin|222/284\n|-activate|p1a: Dipplin|ability: Sticky Hold\n|\n|upkeep\n|turn|16\n|inactive|Time left: 300 sec this turn | 300 sec total\n|\n|t:|1783549999\n|switch|p2a: Giratina|Giratina, L75|100/100\n|-ability|p2a: Giratina|Pressure\n|move|p1a: Dipplin|Recover|p1a: Dipplin\n|-heal|p1a: Dipplin|284/284\n|\n|upkeep\n|turn|17\n|inactive|Time left: 300 sec this turn | 300 sec total\n|\n|t:|1783550000\n|move|p1a: Dipplin|Dragon Pulse|p2a: Giratina\n|-supereffective|p2a: Giratina\n|-damage|p2a: Giratina|52/100\n|move|p2a: Giratina|Dragon Tail|p1a: Dipplin\n|-supereffective|p1a: Dipplin\n|-damage|p1a: Dipplin|222/284\n|drag|p1a: Piloswine|Piloswine, L85, F|79/309\n|\n|-heal|p2a: Giratina|58/100|[from] item: Leftovers\n|upkeep\n|turn|18\n|inactive|Time left: 300 sec this turn | 300 sec total\n|\n|t:|1783550001\n|move|p2a: Giratina|Will-O-Wisp|p1a: Piloswine\n|-status|p1a: Piloswine|brn\n|move|p1a: Piloswine|Icicle Crash|p2a: Giratina\n|-supereffective|p2a: Giratina\n|-damage|p2a: Giratina|33/100\n|\n|-heal|p2a: Giratina|39/100|[from] item: Leftovers\n|-damage|p1a: Piloswine|60/309 brn|[from] brn\n|upkeep\n|turn|19\n|inactive|Time left: 300 sec this turn | 300 sec total\n|\n|t:|1783550002\n|move|p2a: Giratina|Shadow Ball|p1a: Piloswine\n|-damage|p1a: Piloswine|0 fnt\n|faint|p1a: Piloswine\n|\n|-heal|p2a: Giratina|45/100|[from] item: Leftovers\n|upkeep\n|inactive|Time left: 300 sec this turn | 300 sec total | 5 sec grace\n|\n|t:|1783550003\n|switch|p1a: Baxcalibur|Baxcalibur, L75, M|116/296\n|turn|20\n|inactive|Time left: 300 sec this turn | 300 sec total\n|\n|t:|1783550004\n|-terastallize|p2a: Giratina|Fairy\n|move|p2a: Giratina|Shadow Ball|p1a: Baxcalibur\n|-damage|p1a: Baxcalibur|41/296\n|-unboost|p1a: Baxcalibur|spd|1\n|move|p1a: Baxcalibur|Icicle Crash|p2a: Giratina\n|-damage|p2a: Giratina|22/100\n|\n|-heal|p2a: Giratina|28/100|[from] item: Leftovers\n|upkeep\n|turn|21\n|inactive|Time left: 300 sec this turn | 300 sec total\n|\n|t:|1783550005\n|switch|p1a: Dipplin|Dipplin, L88, F|222/284\n|move|p2a: Giratina|Shadow Ball|p1a: Dipplin\n|-damage|p1a: Dipplin|173/284\n|\n|-heal|p2a: Giratina|34/100|[from] item: Leftovers\n|upkeep\n|turn|22\n|inactive|Time left: 300 sec this turn | 300 sec total\n|\n|t:|1783550006\n|move|p1a: Dipplin|Giga Drain|p2a: Giratina\n|-damage|p2a: Giratina|11/100\n|-heal|p1a: Dipplin|214/284|[from] drain|[of] p2a: Giratina\n|move|p2a: Giratina|Dragon Tail|p1a: Dipplin\n|-supereffective|p1a: Dipplin\n|-damage|p1a: Dipplin|154/284\n|drag|p1a: Scizor|Scizor, L79, F|240/240\n|\n|-heal|p2a: Giratina|17/100|[from] item: Leftovers\n|upkeep\n|turn|23\n|inactive|Time left: 300 sec this turn | 300 sec total\n|\n|t:|1783550007\n|move|p1a: Scizor|Bullet Punch|p2a: Giratina\n|-supereffective|p2a: Giratina\n|-damage|p2a: Giratina|0 fnt\n|faint|p2a: Giratina\n|-damage|p1a: Scizor|216/240|[from] item: Life Orb\n|\n|upkeep\n|\n|t:|1783550008\n|switch|p2a: Iron Thorns|Iron Thorns, L83|100/100\n|turn|24\n|inactive|Time left: 300 sec this turn | 300 sec total\n|\n|t:|1783550009\n|move|p2a: Iron Thorns|Stone Edge|p1a: Scizor\n|-damage|p1a: Scizor|83/240\n|move|p1a: Scizor|Close Combat|p2a: Iron Thorns\n|-supereffective|p2a: Iron Thorns\n|-damage|p2a: Iron Thorns|37/100\n|-unboost|p1a: Scizor|def|1\n|-unboost|p1a: Scizor|spd|1\n|-damage|p1a: Scizor|59/240|[from] item: Life Orb\n|\n|upkeep\n|turn|25\n|inactive|Time left: 300 sec this turn | 300 sec total\n|\n|t:|1783550010\n|switch|p1a: Dipplin|Dipplin, L88, F|154/284\n|move|p2a: Iron Thorns|Stone Edge|p1a: Dipplin\n|-damage|p1a: Dipplin|75/284\n|\n|upkeep\n|turn|26\n|inactive|Time left: 300 sec this turn | 300 sec total\n|\n|t:|1783550011\n|move|p2a: Iron Thorns|Stone Edge|p1a: Dipplin\n|-damage|p1a: Dipplin|0 fnt\n|faint|p1a: Dipplin\n|\n|upkeep\n|inactive|Time left: 300 sec this turn | 300 sec total | 5 sec grace\n|\n|t:|1783550013\n|switch|p1a: Iron Crown|Iron Crown, L78|268/268\n|turn|27\n|inactive|Time left: 300 sec this turn | 300 sec total\n|\n|t:|1783550014\n|move|p1a: Iron Crown|Tachyon Cutter|p2a: Iron Thorns\n|-damage|p2a: Iron Thorns|9/100\n|-damage|p2a: Iron Thorns|0 fnt\n|faint|p2a: Iron Thorns\n|-end|p2a: Iron Thorns|Quark Drive|[silent]\n|-hitcount|p2: Iron Thorns|2\n|\n|upkeep\n|\n|t:|1783550015\n|switch|p2a: Pikachu|Pikachu, L93, M|4/100\n|turn|28\n|inactive|Time left: 300 sec this turn | 300 sec total\n|\n|t:|1783550016\n|-terastallize|p1a: Iron Crown|Steel\n|move|p2a: Pikachu|Knock Off|p1a: Iron Crown\n|-damage|p1a: Iron Crown|168/268\n|-enditem|p1a: Iron Crown|Choice Specs|[from] move: Knock Off|[of] p2a: Pikachu\n|move|p1a: Iron Crown|Tachyon Cutter|p2a: Pikachu\n|-resisted|p2a: Pikachu\n|-damage|p2a: Pikachu|0 fnt\n|faint|p2a: Pikachu\n|-hitcount|p2: Pikachu|1\n|\n|upkeep\n|\n|t:|1783550017\n|switch|p2a: Luvdisc|Luvdisc, F|100/100\n|turn|29\n|inactive|Time left: 300 sec this turn | 300 sec total\n|\n|t:|1783550017\n|move|p2a: Luvdisc|Surf|p1a: Iron Crown\n|-damage|p1a: Iron Crown|93/268\n|move|p1a: Iron Crown|Psyshock|p2a: Luvdisc\n|-damage|p2a: Luvdisc|60/100\n|\n|upkeep\n|turn|30\n|inactive|Time left: 300 sec this turn | 300 sec total\n|\n|t:|1783550018\n|move|p2a: Luvdisc|Surf|p1a: Iron Crown\n|-damage|p1a: Iron Crown|20/268\n|move|p1a: Iron Crown|Volt Switch|p2a: Luvdisc\n|-supereffective|p2a: Luvdisc\n|-crit|p2a: Luvdisc\n|-damage|p2a: Luvdisc|0 fnt\n|faint|p2a: Luvdisc\n|\n|win|p0x8694f63", "uploadtime": 1783550018, "views": 0, "rating": 0, "private": 0, "password": null, "_winner": "p0x8694f63", "_our_name": "p0x8694f63"}