{"id": "battle-gen9randombattle-16", "formatid": "gen9randombattle", "format": "[Gen 9] Random Battle", "players": ["p0x0164545", "p0y0161b7b"], "log": "|init|battle\n|title|p0x0164545 vs. p0y0161b7b\n|j|\u2606p0x0164545\n|j|\u2606p0y0161b7b\n|t:|1783533991\n|gametype|singles\n|player|p1|p0x0164545|2|\n|player|p2|p0y0161b7b|2|\n|gen|9\n|tier|[Gen 9] Random Battle\n|rule|Species Clause: Limit one of each Pok\u00e9mon\n|rule|HP Percentage Mod: HP is shown in percentages\n|rule|Sleep Clause Mod: Limit one foe put to sleep\n|rule|Illusion Level Mod: Illusion disguises the Pok\u00e9mon's true level\n|\n|t:|1783533991\n|teamsize|p1|6\n|teamsize|p2|6\n|start\n|switch|p1a: Dudunsparce|Dudunsparce, L83, F|343/343\n|switch|p2a: Malamar|Malamar, L82, F|100/100\n|turn|1\n|inactive|Battle timer is ON: inactive players will automatically lose when time's up. (requested by p0x0164545)\n|inactive|p0y0161b7b also wants the timer to be on.\n|\n|t:|1783533993\n|move|p2a: Malamar|Superpower|p1a: Dudunsparce\n|-supereffective|p1a: Dudunsparce\n|-damage|p1a: Dudunsparce|167/343\n|-boost|p2a: Malamar|atk|1\n|-boost|p2a: Malamar|def|1\n|move|p1a: Dudunsparce|Calm Mind|p1a: Dudunsparce\n|-boost|p1a: Dudunsparce|spa|1\n|-boost|p1a: Dudunsparce|spd|1\n|\n|-heal|p1a: Dudunsparce|188/343|[from] item: Leftovers\n|upkeep\n|turn|2\n|inactive|Time left: 300 sec this turn | 300 sec total\n|\n|t:|1783533994\n|-terastallize|p1a: Dudunsparce|Ghost\n|move|p2a: Malamar|Superpower|p1a: Dudunsparce\n|-immune|p1a: Dudunsparce\n|move|p1a: Dudunsparce|Boomburst|p2a: Malamar\n|-damage|p2a: Malamar|14/100\n|\n|-heal|p1a: Dudunsparce|209/343|[from] item: Leftovers\n|upkeep\n|turn|3\n|inactive|Time left: 300 sec this turn | 300 sec total\n|\n|t:|1783533995\n|switch|p1a: Klawf|Klawf, L90, M|272/272\n|move|p2a: Malamar|Knock Off|p1a: Klawf\n|-damage|p1a: Klawf|158/272\n|-enditem|p1a: Klawf|Scope Lens|[from] move: Knock Off|[of] p2a: Malamar\n|\n|upkeep\n|turn|4\n|inactive|Time left: 300 sec this turn | 300 sec total\n|\n|t:|1783533996\n|move|p1a: Klawf|High Horsepower|p2a: Malamar\n|-damage|p2a: Malamar|0 fnt\n|faint|p2a: Malamar\n|\n|upkeep\n|\n|t:|1783533997\n|switch|p2a: Heracross|Heracross, L80, F|100/100\n|turn|5\n|inactive|Time left: 300 sec this turn | 300 sec total\n|\n|t:|1783533999\n|move|p1a: Klawf|Stone Edge|p2a: Heracross\n|-damage|p2a: Heracross|40/100\n|move|p2a: Heracross|Close Combat|p1a: Klawf\n|-supereffective|p1a: Klawf\n|-damage|p1a: Klawf|0 fnt\n|-unboost|p2a: Heracross|def|1\n|-unboost|p2a: Heracross|spd|1\n|faint|p1a: Klawf\n|\n|-status|p2a: Heracross|brn|[from] item: Flame Orb\n|upkeep\n|inactive|Time left: 300 sec this turn | 300 sec total | 5 sec grace\n|\n|t:|1783534000\n|switch|p1a: Crawdaunt|Crawdaunt, L84, M|243/243\n|turn|6\n|inactive|Time left: 300 sec this turn | 300 sec total\n|\n|t:|1783534001\n|move|p1a: Crawdaunt|Aqua Jet|p2a: Heracross\n|-damage|p2a: Heracross|0 fnt\n|faint|p2a: Heracross\n|-damage|p1a: Crawdaunt|219/243|[from] item: Life Orb\n|\n|upkeep\n|\n|t:|1783534002\n|switch|p2a: Hatterene|Hatterene, L85, F|100/100\n|turn|7\n|inactive|Time left: 300 sec this turn | 300 sec total\n|\n|t:|1783534003\n|switch|p1a: Golurk|Golurk, L87|297/297\n|move|p2a: Hatterene|Draining Kiss|p1a: Golurk\n|-damage|p1a: Golurk|215/297\n|\n|upkeep\n|turn|8\n|inactive|Time left: 300 sec this turn | 300 sec total\n|\n|t:|1783534004\n|switch|p2a: Swampert|Swampert, L83, M|100/100\n|move|p1a: Golurk|Poltergeist|p2a: Swampert\n|-activate|p2a: Swampert|move: Poltergeist|Leftovers\n|-damage|p2a: Swampert|38/100\n|-damage|p1a: Golurk|186/297|[from] item: Life Orb\n|\n|-heal|p2a: Swampert|44/100|[from] item: Leftovers\n|upkeep\n|turn|9\n|inactive|Time left: 300 sec this turn | 300 sec total\n|\n|t:|1783534006\n|move|p2a: Swampert|Ice Beam|p1a: Golurk\n|-supereffective|p1a: Golurk\n|-damage|p1a: Golurk|66/297\n|move|p1a: Golurk|Poltergeist|p2a: Swampert\n|-activate|p2a: Swampert|move: Poltergeist|Leftovers\n|-damage|p2a: Swampert|0 fnt\n|faint|p2a: Swampert\n|-damage|p1a: Golurk|37/297|[from] item: Life Orb\n|\n|upkeep\n|\n|t:|1783534007\n|switch|p2a: Arbok|Arbok, L87, M|100/100\n|-ability|p2a: Arbok|Intimidate|boost\n|-unboost|p1a: Golurk|atk|1\n|turn|10\n|inactive|Time left: 300 sec this turn | 300 sec total\n|\n|t:|1783534008\n|switch|p1a: Dudunsparce|Dudunsparce, L83, F, tera:Ghost|209/343\n|move|p2a: Arbok|Earthquake|p1a: Dudunsparce\n|-damage|p1a: Dudunsparce|87/343\n|\n|-heal|p1a: Dudunsparce|108/343|[from] item: Leftovers\n|upkeep\n|turn|11\n|inactive|Time left: 300 sec this turn | 300 sec total\n|\n|t:|1783534009\n|move|p2a: Arbok|Earthquake|p1a: Dudunsparce\n|-damage|p1a: Dudunsparce|0 fnt\n|faint|p1a: Dudunsparce\n|\n|upkeep\n|inactive|Time left: 300 sec this turn | 300 sec total | 5 sec grace\n|\n|t:|1783534010\n|switch|p1a: Crawdaunt|Crawdaunt, L84, M|219/243\n|turn|12\n|inactive|Time left: 300 sec this turn | 300 sec total\n|\n|t:|1783534011\n|move|p2a: Arbok|Earthquake|p1a: Crawdaunt\n|-damage|p1a: Crawdaunt|106/243\n|move|p1a: Crawdaunt|Dragon Dance|p1a: Crawdaunt\n|-boost|p1a: Crawdaunt|atk|1\n|-boost|p1a: Crawdaunt|spe|1\n|\n|upkeep\n|turn|13\n|inactive|Time left: 300 sec this turn | 300 sec total\n|\n|t:|1783534012\n|-terastallize|p2a: Arbok|Dark\n|move|p1a: Crawdaunt|Knock Off|p2a: Arbok\n|-resisted|p2a: Arbok\n|-crit|p2a: Arbok\n|-damage|p2a: Arbok|0 fnt\n|-enditem|p2a: Arbok|Choice Band|[from] move: Knock Off|[of] p1a: Crawdaunt\n|faint|p2a: Arbok\n|-damage|p1a: Crawdaunt|82/243|[from] item: Life Orb\n|\n|upkeep\n|\n|t:|1783534012\n|switch|p2a: Snorlax|Snorlax, L82, F|100/100\n|turn|14\n|inactive|Time left: 300 sec this turn | 300 sec total\n|\n|t:|1783534013\n|move|p1a: Crawdaunt|Crabhammer|p2a: Snorlax\n|-damage|p2a: Snorlax|0 fnt\n|faint|p2a: Snorlax\n|-damage|p1a: Crawdaunt|58/243|[from] item: Life Orb\n|\n|upkeep\n|\n|t:|1783534014\n|switch|p2a: Hatterene|Hatterene, L85, F|100/100\n|turn|15\n|inactive|Time left: 300 sec this turn | 300 sec total\n|\n|t:|1783534015\n|move|p1a: Crawdaunt|Knock Off|p2a: Hatterene\n|-damage|p2a: Hatterene|0 fnt\n|-enditem|p2a: Hatterene|Leftovers|[from] move: Knock Off|[of] p1a: Crawdaunt\n|faint|p2a: Hatterene\n|-damage|p1a: Crawdaunt|34/243|[from] item: Life Orb\n|\n|win|p0x0164545", "uploadtime": 1783534015, "views": 0, "rating": 0, "private": 0, "password": null, "_winner": "p0x0164545", "_our_name": "p0x0164545"}