{"id": "battle-gen9randombattle-2736", "formatid": "gen9randombattle", "format": "[Gen 9] Random Battle", "players": ["p0x27366b52", "p0y27364afa"], "log": "|init|battle\n|title|p0x27366b52 vs. p0y27364afa\n|j|\u2606p0x27366b52\n|j|\u2606p0y27364afa\n|t:|1783571553\n|gametype|singles\n|player|p1|p0x27366b52|265|\n|player|p2|p0y27364afa|102|\n|gen|9\n|tier|[Gen 9] Random Battle\n|rule|Species Clause: Limit one of each Pok\u00e9mon\n|rule|HP Percentage Mod: HP is shown in percentages\n|rule|Sleep Clause Mod: Limit one foe put to sleep\n|rule|Illusion Level Mod: Illusion disguises the Pok\u00e9mon's true level\n|\n|t:|1783571553\n|teamsize|p1|6\n|teamsize|p2|6\n|start\n|switch|p1a: Amoonguss|Amoonguss, L82, M|321/321\n|switch|p2a: Kricketune|Kricketune, L99, F|100/100\n|turn|1\n|inactive|Battle timer is ON: inactive players will automatically lose when time's up. (requested by p0x27366b52)\n|inactive|p0y27364afa also wants the timer to be on.\n|\n|t:|1783571554\n|switch|p1a: Golurk|Golurk, L87|297/297\n|move|p2a: Kricketune|Sticky Web|p1a: Golurk\n|-sidestart|p1: p0x27366b52|move: Sticky Web\n|\n|upkeep\n|turn|2\n|inactive|Time left: 300 sec this turn | 300 sec total\n|\n|t:|1783571555\n|move|p2a: Kricketune|Knock Off|p1a: Golurk\n|-supereffective|p1a: Golurk\n|-damage|p1a: Golurk|127/297\n|-enditem|p1a: Golurk|Choice Band|[from] move: Knock Off|[of] p2a: Kricketune\n|move|p1a: Golurk|Poltergeist|p2a: Kricketune\n|-activate|p2a: Kricketune|move: Poltergeist|Focus Sash\n|-damage|p2a: Kricketune|40/100\n|\n|upkeep\n|turn|3\n|inactive|Time left: 300 sec this turn | 300 sec total\n|\n|t:|1783571556\n|move|p2a: Kricketune|Knock Off|p1a: Golurk\n|-supereffective|p1a: Golurk\n|-damage|p1a: Golurk|0 fnt\n|faint|p1a: Golurk\n|\n|upkeep\n|inactive|Time left: 300 sec this turn | 300 sec total | 5 sec grace\n|\n|t:|1783571556\n|switch|p1a: Sylveon|Sylveon, L85, F|300/300\n|-activate|p1a: Sylveon|move: Sticky Web\n|-unboost|p1a: Sylveon|spe|1\n|turn|4\n|inactive|Time left: 300 sec this turn | 300 sec total\n|\n|t:|1783571557\n|switch|p2a: Hippowdon|Hippowdon, L82, F|100/100\n|-weather|Sandstorm|[from] ability: Sand Stream|[of] p2a: Hippowdon\n|move|p1a: Sylveon|Hyper Voice|p2a: Hippowdon\n|-damage|p2a: Hippowdon|47/100\n|\n|-weather|Sandstorm|[upkeep]\n|-damage|p1a: Sylveon|282/300|[from] Sandstorm\n|-heal|p2a: Hippowdon|53/100|[from] item: Leftovers\n|-heal|p1a: Sylveon|300/300|[from] item: Leftovers\n|upkeep\n|turn|5\n|inactive|Time left: 300 sec this turn | 300 sec total\n|\n|t:|1783571558\n|move|p2a: Hippowdon|Slack Off|p2a: Hippowdon\n|-heal|p2a: Hippowdon|100/100\n|move|p1a: Sylveon|Hyper Voice|p2a: Hippowdon\n|-damage|p2a: Hippowdon|47/100\n|\n|-weather|Sandstorm|[upkeep]\n|-damage|p1a: Sylveon|282/300|[from] Sandstorm\n|-heal|p2a: Hippowdon|54/100|[from] item: Leftovers\n|-heal|p1a: Sylveon|300/300|[from] item: Leftovers\n|upkeep\n|turn|6\n|inactive|Time left: 300 sec this turn | 300 sec total\n|\n|t:|1783571559\n|move|p2a: Hippowdon|Slack Off|p2a: Hippowdon\n|-heal|p2a: Hippowdon|100/100\n|move|p1a: Sylveon|Calm Mind|p1a: Sylveon\n|-boost|p1a: Sylveon|spa|1\n|-boost|p1a: Sylveon|spd|1\n|\n|-weather|Sandstorm|[upkeep]\n|-damage|p1a: Sylveon|282/300|[from] Sandstorm\n|-heal|p1a: Sylveon|300/300|[from] item: Leftovers\n|upkeep\n|turn|7\n|inactive|Time left: 300 sec this turn | 300 sec total\n|\n|t:|1783571560\n|move|p2a: Hippowdon|Earthquake|p1a: Sylveon\n|-damage|p1a: Sylveon|153/300\n|move|p1a: Sylveon|Hyper Voice|p2a: Hippowdon\n|-damage|p2a: Hippowdon|21/100\n|\n|-weather|Sandstorm|[upkeep]\n|-damage|p1a: Sylveon|135/300|[from] Sandstorm\n|-heal|p2a: Hippowdon|28/100|[from] item: Leftovers\n|-heal|p1a: Sylveon|153/300|[from] item: Leftovers\n|upkeep\n|turn|8\n|inactive|Time left: 300 sec this turn | 300 sec total\n|\n|t:|1783571561\n|move|p2a: Hippowdon|Earthquake|p1a: Sylveon\n|-damage|p1a: Sylveon|18/300\n|move|p1a: Sylveon|Hyper Voice|p2a: Hippowdon\n|-damage|p2a: Hippowdon|0 fnt\n|faint|p2a: Hippowdon\n|\n|-weather|none\n|-heal|p1a: Sylveon|36/300|[from] item: Leftovers\n|upkeep\n|\n|t:|1783571562\n|switch|p2a: Kricketune|Kricketune, L99, F|100/100\n|turn|9\n|inactive|Time left: 300 sec this turn | 300 sec total\n|\n|t:|1783571563\n|move|p1a: Sylveon|Protect|p1a: Sylveon\n|-singleturn|p1a: Sylveon|Protect\n|move|p2a: Kricketune|Bitter Malice|p1a: Sylveon\n|-activate|p1a: Sylveon|move: Protect\n|\n|-heal|p1a: Sylveon|54/300|[from] item: Leftovers\n|upkeep\n|turn|10\n|inactive|Time left: 300 sec this turn | 300 sec total\n|\n|t:|1783571564\n|switch|p1a: Maushold|Maushold, L76|238/238\n|-activate|p1a: Maushold|move: Sticky Web\n|-unboost|p1a: Maushold|spe|1\n|move|p2a: Kricketune|Bitter Malice|p1a: Maushold\n|-immune|p1a: Maushold\n|\n|upkeep\n|turn|11\n|inactive|Time left: 300 sec this turn | 300 sec total\n|\n|t:|1783571565\n|move|p2a: Kricketune|Bitter Malice|p1a: Maushold\n|-immune|p1a: Maushold\n|move|p1a: Maushold|Tidy Up|p1a: Maushold\n|-sideend|p1: p0x27366b52|Sticky Web\n|-activate|p1a: Maushold|move: Tidy Up\n|-boost|p1a: Maushold|atk|1\n|-boost|p1a: Maushold|spe|1\n|\n|upkeep\n|turn|12\n|inactive|Time left: 300 sec this turn | 300 sec total\n|\n|t:|1783571566\n|switch|p2a: Kricketune|Kricketune, L99, F|40/100\n|move|p1a: Maushold|Population Bomb|p2a: Kricketune\n|-crit|p2a: Kricketune\n|-damage|p2a: Kricketune|20/100\n|-damage|p2a: Kricketune|7/100\n|-damage|p2a: Kricketune|0 fnt\n|faint|p2a: Kricketune\n|-hitcount|p2: Kricketune|3\n|\n|upkeep\n|\n|t:|1783571566\n|switch|p2a: Raikou|Raikou, L81|100/100\n|turn|13\n|inactive|Time left: 300 sec this turn | 300 sec total\n|\n|t:|1783571567\n|move|p2a: Raikou|Hyper Voice|p1a: Maushold\n|-damage|p1a: Maushold|49/238\n|move|p1a: Maushold|Population Bomb|p2a: Raikou\n|-immune|p2a: Raikou\n|\n|upkeep\n|turn|14\n|inactive|Time left: 300 sec this turn | 300 sec total\n|\n|t:|1783571568\n|move|p2a: Raikou|Hyper Voice|p1a: Maushold\n|-damage|p1a: Maushold|0 fnt\n|faint|p1a: Maushold\n|\n|upkeep\n|inactive|Time left: 300 sec this turn | 300 sec total | 5 sec grace\n|\n|t:|1783571569\n|switch|p1a: Darkrai|Darkrai, L77|234/234\n|turn|15\n|inactive|Time left: 300 sec this turn | 300 sec total\n|\n|t:|1783571570\n|-terastallize|p2a: Raikou|Normal\n|move|p1a: Darkrai|Dark Pulse|p2a: Raikou\n|-damage|p2a: Raikou|29/100\n|replace|p2a: Zoroark|Zoroark-Hisui, L80, M\n|-end|p2a: Zoroark|Illusion\n|-hint|Illusion Level Mod is active, so this Pok\u00e9mon's true level was hidden.\n|-damage|p1a: Darkrai|211/234|[from] item: Life Orb\n|move|p2a: Zoroark|Hyper Voice|p1a: Darkrai\n|-damage|p1a: Darkrai|0 fnt\n|faint|p1a: Darkrai\n|\n|upkeep\n|inactive|Time left: 300 sec this turn | 300 sec total | 5 sec grace\n|\n|t:|1783571571\n|switch|p1a: Cacturne|Cacturne, L92, M|278/278\n|turn|16\n|inactive|Time left: 300 sec this turn | 300 sec total\n|\n|t:|1783571572\n|move|p1a: Cacturne|Sucker Punch|p2a: Zoroark\n|-damage|p2a: Zoroark|0 fnt\n|faint|p2a: Zoroark\n|-damage|p1a: Cacturne|251/278|[from] item: Life Orb\n|\n|upkeep\n|\n|t:|1783571573\n|switch|p2a: Raging Bolt|Raging Bolt, L78|100/100\n|turn|17\n|inactive|Time left: 300 sec this turn | 300 sec total\n|\n|t:|1783571574\n|move|p2a: Raging Bolt|Calm Mind|p2a: Raging Bolt\n|-boost|p2a: Raging Bolt|spa|1\n|-boost|p2a: Raging Bolt|spd|1\n|move|p1a: Cacturne|Knock Off|p2a: Raging Bolt\n|-damage|p2a: Raging Bolt|43/100\n|-enditem|p2a: Raging Bolt|Leftovers|[from] move: Knock Off|[of] p1a: Cacturne\n|-damage|p1a: Cacturne|224/278|[from] item: Life Orb\n|\n|upkeep\n|turn|18\n|inactive|Time left: 300 sec this turn | 300 sec total\n|\n|t:|1783571575\n|move|p1a: Cacturne|Sucker Punch|p2a: Raging Bolt\n|-damage|p2a: Raging Bolt|1/100\n|-damage|p1a: Cacturne|197/278|[from] item: Life Orb\n|move|p2a: Raging Bolt|Draco Meteor|p1a: Cacturne\n|-damage|p1a: Cacturne|0 fnt\n|-unboost|p2a: Raging Bolt|spa|2\n|faint|p1a: Cacturne\n|\n|upkeep\n|inactive|Time left: 300 sec this turn | 300 sec total | 5 sec grace\n|\n|t:|1783571576\n|switch|p1a: Sylveon|Sylveon, L85, F|54/300\n|turn|19\n|inactive|Time left: 300 sec this turn | 300 sec total\n|\n|t:|1783571577\n|move|p2a: Raging Bolt|Thunderbolt|p1a: Sylveon\n|-damage|p1a: Sylveon|0 fnt\n|faint|p1a: Sylveon\n|\n|upkeep\n|inactive|Time left: 300 sec this turn | 300 sec total | 5 sec grace\n|\n|t:|1783571578\n|switch|p1a: Amoonguss|Amoonguss, L82, M|321/321\n|turn|20\n|inactive|Time left: 300 sec this turn | 300 sec total\n|\n|t:|1783571579\n|move|p2a: Raging Bolt|Draco Meteor|p1a: Amoonguss\n|-damage|p1a: Amoonguss|212/321\n|-unboost|p2a: Raging Bolt|spa|2\n|move|p1a: Amoonguss|Toxic|p2a: Raging Bolt\n|-status|p2a: Raging Bolt|tox\n|\n|-heal|p1a: Amoonguss|232/321|[from] item: Leftovers\n|-damage|p2a: Raging Bolt|0 fnt|[from] psn\n|faint|p2a: Raging Bolt\n|-end|p2a: Raging Bolt|Protosynthesis|[silent]\n|upkeep\n|\n|t:|1783571580\n|switch|p2a: Tatsugiri|Tatsugiri, L87, M|100/100\n|turn|21\n|inactive|Time left: 300 sec this turn | 300 sec total\n|\n|t:|1783571581\n|move|p2a: Tatsugiri|Nasty Plot|p2a: Tatsugiri\n|-boost|p2a: Tatsugiri|spa|2\n|move|p1a: Amoonguss|Spore|p2a: Tatsugiri\n|-status|p2a: Tatsugiri|slp|[from] move: Spore\n|\n|-heal|p1a: Amoonguss|252/321|[from] item: Leftovers\n|upkeep\n|turn|22\n|inactive|Time left: 300 sec this turn | 300 sec total\n|\n|t:|1783571582\n|cant|p2a: Tatsugiri|slp\n|move|p1a: Amoonguss|Giga Drain|p2a: Tatsugiri\n|-damage|p2a: Tatsugiri|77/100 slp\n|-heal|p1a: Amoonguss|282/321|[from] drain|[of] p2a: Tatsugiri\n|\n|-heal|p1a: Amoonguss|302/321|[from] item: Leftovers\n|upkeep\n|turn|23\n|inactive|Time left: 300 sec this turn | 300 sec total\n|\n|t:|1783571583\n|cant|p2a: Tatsugiri|slp\n|move|p1a: Amoonguss|Sludge Bomb|p2a: Tatsugiri\n|-damage|p2a: Tatsugiri|50/100 slp\n|\n|-heal|p1a: Amoonguss|321/321|[from] item: Leftovers\n|upkeep\n|turn|24\n|inactive|Time left: 300 sec this turn | 300 sec total\n|\n|t:|1783571584\n|-terastallize|p1a: Amoonguss|Water\n|-curestatus|p2a: Tatsugiri|slp|[msg]\n|move|p2a: Tatsugiri|Draco Meteor|p1a: Amoonguss\n|-damage|p1a: Amoonguss|0 fnt\n|-unboost|p2a: Tatsugiri|spa|2\n|faint|p1a: Amoonguss\n|\n|win|p0y27364afa", "uploadtime": 1783571584, "views": 0, "rating": 0, "private": 0, "password": null, "_winner": "p0y27364afa", "_our_name": "p0x27366b52"}