{"id": "battle-gen9randombattle-1562", "formatid": "gen9randombattle", "format": "[Gen 9] Random Battle", "players": ["p0x15627940", "p0y1562463d"], "log": "|init|battle\n|title|p0x15627940 vs. p0y1562463d\n|j|\u2606p0x15627940\n|j|\u2606p0y1562463d\n|t:|1783558116\n|gametype|singles\n|player|p1|p0x15627940|265|\n|player|p2|p0y1562463d|266|\n|gen|9\n|tier|[Gen 9] Random Battle\n|rule|Species Clause: Limit one of each Pok\u00e9mon\n|rule|HP Percentage Mod: HP is shown in percentages\n|rule|Sleep Clause Mod: Limit one foe put to sleep\n|rule|Illusion Level Mod: Illusion disguises the Pok\u00e9mon's true level\n|\n|t:|1783558116\n|teamsize|p1|6\n|teamsize|p2|6\n|start\n|switch|p1a: Metagross|Metagross, L79|100/100\n|switch|p2a: Tsareena|Tsareena, L87, F|267/267\n|turn|1\n|inactive|Battle timer is ON: inactive players will automatically lose when time's up. (requested by p0x15627940)\n|inactive|Time left: 300 sec this turn | 300 sec total | 60 sec grace\n|inactive|p0y1562463d also wants the timer to be on.\n|\n|t:|1783558117\n|move|p2a: Tsareena|High Jump Kick|p1a: Metagross|[miss]\n|-miss|p2a: Tsareena|p1a: Metagross\n|-damage|p2a: Tsareena|134/267|[from] highjumpkick\n|move|p1a: Metagross|Heavy Slam|p2a: Tsareena\n|-damage|p2a: Tsareena|14/267\n|\n|upkeep\n|turn|2\n|inactive|Time left: 300 sec this turn | 300 sec total\n|\n|t:|1783558118\n|move|p2a: Tsareena|Synthesis|p2a: Tsareena\n|-heal|p2a: Tsareena|147/267\n|move|p1a: Metagross|Heavy Slam|p2a: Tsareena\n|-damage|p2a: Tsareena|5/267\n|\n|upkeep\n|turn|3\n|inactive|Time left: 300 sec this turn | 300 sec total\n|\n|t:|1783558119\n|move|p2a: Tsareena|High Jump Kick|p1a: Metagross\n|-damage|p1a: Metagross|67/100\n|move|p1a: Metagross|Heavy Slam|p2a: Tsareena\n|-damage|p2a: Tsareena|0 fnt\n|faint|p2a: Tsareena\n|\n|upkeep\n|inactive|Time left: 300 sec this turn | 300 sec total | 5 sec grace\n|\n|t:|1783558120\n|switch|p2a: Kricketune|Kricketune, L99, M|312/312\n|turn|4\n|inactive|Time left: 300 sec this turn | 300 sec total\n|\n|t:|1783558121\n|move|p2a: Kricketune|Sticky Web|p1a: Metagross\n|-sidestart|p1: p0x15627940|move: Sticky Web\n|move|p1a: Metagross|Heavy Slam|p2a: Kricketune\n|-damage|p2a: Kricketune|129/312\n|\n|upkeep\n|turn|5\n|inactive|Time left: 300 sec this turn | 300 sec total\n|\n|t:|1783558123\n|move|p2a: Kricketune|Knock Off|p1a: Metagross\n|-supereffective|p1a: Metagross\n|-damage|p1a: Metagross|17/100\n|-enditem|p1a: Metagross|Weakness Policy\n|-boost|p1a: Metagross|atk|2|[from] item: Weakness Policy\n|-boost|p1a: Metagross|spa|2|[from] item: Weakness Policy\n|move|p1a: Metagross|Heavy Slam|p2a: Kricketune\n|-damage|p2a: Kricketune|0 fnt\n|faint|p2a: Kricketune\n|\n|upkeep\n|inactive|Time left: 300 sec this turn | 300 sec total | 5 sec grace\n|\n|t:|1783558123\n|switch|p2a: Pelipper|Pelipper, L86, M|243/243\n|-weather|RainDance|[from] ability: Drizzle|[of] p2a: Pelipper\n|turn|6\n|inactive|Time left: 300 sec this turn | 300 sec total\n|\n|t:|1783558124\n|move|p2a: Pelipper|Surf|p1a: Metagross\n|-damage|p1a: Metagross|0 fnt\n|faint|p1a: Metagross\n|\n|-weather|RainDance|[upkeep]\n|upkeep\n|\n|t:|1783558125\n|switch|p1a: Salamence|Salamence, L77, F|100/100\n|turn|7\n|inactive|Time left: 300 sec this turn | 300 sec total\n|\n|t:|1783558126\n|move|p1a: Salamence|Outrage|p2a: Pelipper\n|-damage|p2a: Pelipper|128/243\n|move|p2a: Pelipper|Hurricane|p1a: Salamence\n|-damage|p1a: Salamence|52/100\n|-start|p1a: Salamence|confusion\n|\n|-weather|RainDance|[upkeep]\n|upkeep\n|turn|8\n|inactive|Time left: 300 sec this turn | 300 sec total\n|\n|t:|1783558127\n|-activate|p1a: Salamence|confusion\n|move|p1a: Salamence|Outrage|p2a: Pelipper|[from] lockedmove\n|-damage|p2a: Pelipper|5/243\n|move|p2a: Pelipper|Hurricane|p1a: Salamence\n|-damage|p1a: Salamence|0 fnt\n|faint|p1a: Salamence\n|\n|-weather|RainDance|[upkeep]\n|upkeep\n|\n|t:|1783558128\n|switch|p1a: Swanna|Swanna, L89, F|100/100\n|turn|9\n|inactive|Time left: 300 sec this turn | 300 sec total\n|\n|t:|1783558129\n|move|p1a: Swanna|Brave Bird|p2a: Pelipper\n|-damage|p2a: Pelipper|0 fnt\n|faint|p2a: Pelipper\n|-damage|p1a: Swanna|99/100|[from] Recoil\n|\n|-weather|RainDance|[upkeep]\n|upkeep\n|inactive|Time left: 300 sec this turn | 300 sec total | 5 sec grace\n|\n|t:|1783558130\n|switch|p2a: Polteageist|Polteageist-Antique, L78|222/222\n|turn|10\n|inactive|Time left: 300 sec this turn | 300 sec total\n|\n|t:|1783558131\n|switch|p1a: Houndoom|Houndoom, L87, M|100/100\n|move|p2a: Polteageist|Shell Smash|p2a: Polteageist\n|-unboost|p2a: Polteageist|def|1\n|-unboost|p2a: Polteageist|spd|1\n|-boost|p2a: Polteageist|atk|2\n|-boost|p2a: Polteageist|spa|2\n|-boost|p2a: Polteageist|spe|2\n|-enditem|p2a: Polteageist|White Herb\n|-clearnegativeboost|p2a: Polteageist|[silent]\n|\n|-weather|none\n|upkeep\n|turn|11\n|inactive|Time left: 300 sec this turn | 300 sec total\n|\n|t:|1783558132\n|-terastallize|p1a: Houndoom|Dark\n|move|p2a: Polteageist|Shadow Ball|p1a: Houndoom\n|-resisted|p1a: Houndoom\n|-crit|p1a: Houndoom\n|-damage|p1a: Houndoom|49/100\n|move|p1a: Houndoom|Dark Pulse|p2a: Polteageist\n|-supereffective|p2a: Polteageist\n|-damage|p2a: Polteageist|0 fnt\n|faint|p2a: Polteageist\n|\n|upkeep\n|inactive|Time left: 300 sec this turn | 300 sec total | 5 sec grace\n|\n|t:|1783558133\n|switch|p2a: Regice|Regice, L88|284/284\n|turn|12\n|inactive|Time left: 300 sec this turn | 300 sec total\n|\n|t:|1783558134\n|move|p1a: Houndoom|Fire Blast|p2a: Regice\n|-supereffective|p2a: Regice\n|-damage|p2a: Regice|146/284\n|move|p2a: Regice|Body Press|p1a: Houndoom\n|-supereffective|p1a: Houndoom\n|-damage|p1a: Houndoom|0 fnt\n|faint|p1a: Houndoom\n|\n|upkeep\n|\n|t:|1783558135\n|switch|p1a: Darkrai|Darkrai, L77|100/100\n|-activate|p1a: Darkrai|move: Sticky Web\n|-unboost|p1a: Darkrai|spe|1\n|turn|13\n|inactive|Time left: 300 sec this turn | 300 sec total\n|\n|t:|1783558136\n|move|p1a: Darkrai|Hypnosis|p2a: Regice\n|-status|p2a: Regice|slp|[from] move: Hypnosis\n|cant|p2a: Regice|slp\n|\n|-damage|p2a: Regice|111/284 slp|[from] ability: Bad Dreams|[of] p1a: Darkrai\n|upkeep\n|turn|14\n|inactive|Time left: 300 sec this turn | 300 sec total\n|\n|t:|1783558137\n|move|p1a: Darkrai|Nasty Plot|p1a: Darkrai\n|-boost|p1a: Darkrai|spa|2\n|-curestatus|p2a: Regice|slp|[msg]\n|move|p2a: Regice|Thunderbolt|p1a: Darkrai\n|-damage|p1a: Darkrai|70/100\n|\n|upkeep\n|turn|15\n|inactive|Time left: 300 sec this turn | 300 sec total\n|\n|t:|1783558138\n|move|p1a: Darkrai|Dark Pulse|p2a: Regice\n|-damage|p2a: Regice|2/284\n|-damage|p1a: Darkrai|60/100|[from] item: Life Orb\n|cant|p2a: Regice|flinch\n|\n|upkeep\n|turn|16\n|inactive|Time left: 300 sec this turn | 300 sec total\n|\n|t:|1783558139\n|move|p1a: Darkrai|Sludge Bomb|p2a: Regice\n|-damage|p2a: Regice|0 fnt\n|faint|p2a: Regice\n|-damage|p1a: Darkrai|50/100|[from] item: Life Orb\n|\n|upkeep\n|inactive|Time left: 300 sec this turn | 300 sec total | 5 sec grace\n|\n|t:|1783558140\n|switch|p2a: Bastiodon|Bastiodon, L89, F|252/252\n|turn|17\n|inactive|Time left: 300 sec this turn | 300 sec total\n|\n|t:|1783558141\n|-terastallize|p2a: Bastiodon|Fighting\n|move|p1a: Darkrai|Dark Pulse|p2a: Bastiodon\n|-resisted|p2a: Bastiodon\n|-damage|p2a: Bastiodon|170/252\n|-damage|p1a: Darkrai|41/100|[from] item: Life Orb\n|move|p2a: Bastiodon|Body Press|p1a: Darkrai\n|-supereffective|p1a: Darkrai\n|-damage|p1a: Darkrai|0 fnt\n|faint|p1a: Darkrai\n|\n|upkeep\n|\n|t:|1783558142\n|switch|p1a: Swanna|Swanna, L89, F|99/100\n|turn|18\n|inactive|Time left: 300 sec this turn | 300 sec total\n|\n|t:|1783558143\n|move|p1a: Swanna|Brave Bird|p2a: Bastiodon\n|-supereffective|p2a: Bastiodon\n|-damage|p2a: Bastiodon|24/252\n|-damage|p1a: Swanna|83/100|[from] Recoil\n|move|p2a: Bastiodon|Rest|p2a: Bastiodon\n|-status|p2a: Bastiodon|slp|[from] move: Rest\n|-heal|p2a: Bastiodon|252/252 slp|[silent]\n|-enditem|p2a: Bastiodon|Chesto Berry|[eat]\n|-curestatus|p2a: Bastiodon|slp|[msg]\n|\n|upkeep\n|turn|19\n|inactive|Time left: 300 sec this turn | 300 sec total\n|\n|t:|1783558144\n|move|p1a: Swanna|Brave Bird|p2a: Bastiodon\n|-supereffective|p2a: Bastiodon\n|-damage|p2a: Bastiodon|100/252\n|-damage|p1a: Swanna|65/100|[from] Recoil\n|move|p2a: Bastiodon|Iron Defense|p2a: Bastiodon\n|-boost|p2a: Bastiodon|def|2\n|\n|upkeep\n|turn|20\n|inactive|Time left: 300 sec this turn | 300 sec total\n|\n|t:|1783558145\n|move|p1a: Swanna|Brave Bird|p2a: Bastiodon\n|-supereffective|p2a: Bastiodon\n|-damage|p2a: Bastiodon|26/252\n|-damage|p1a: Swanna|56/100|[from] Recoil\n|move|p2a: Bastiodon|Rest|p2a: Bastiodon\n|-status|p2a: Bastiodon|slp|[from] move: Rest\n|-heal|p2a: Bastiodon|252/252 slp|[silent]\n|\n|upkeep\n|turn|21\n|inactive|Time left: 300 sec this turn | 300 sec total\n|\n|t:|1783558146\n|move|p1a: Swanna|Brave Bird|p2a: Bastiodon\n|-supereffective|p2a: Bastiodon\n|-damage|p2a: Bastiodon|178/252 slp\n|-damage|p1a: Swanna|47/100|[from] Recoil\n|cant|p2a: Bastiodon|slp\n|\n|upkeep\n|turn|22\n|inactive|Time left: 300 sec this turn | 300 sec total\n|\n|t:|1783558147\n|move|p1a: Swanna|Brave Bird|p2a: Bastiodon\n|-supereffective|p2a: Bastiodon\n|-damage|p2a: Bastiodon|100/252 slp\n|-damage|p1a: Swanna|38/100|[from] Recoil\n|cant|p2a: Bastiodon|slp\n|\n|upkeep\n|turn|23\n|inactive|Time left: 300 sec this turn | 300 sec total\n|\n|t:|1783558148\n|move|p1a: Swanna|Roost|p1a: Swanna\n|-heal|p1a: Swanna|88/100\n|-singleturn|p1a: Swanna|move: Roost\n|-curestatus|p2a: Bastiodon|slp|[msg]\n|move|p2a: Bastiodon|Rest|p2a: Bastiodon\n|-status|p2a: Bastiodon|slp|[from] move: Rest\n|-heal|p2a: Bastiodon|252/252 slp|[silent]\n|\n|upkeep\n|turn|24\n|inactive|Time left: 300 sec this turn | 300 sec total\n|\n|t:|1783558149\n|move|p1a: Swanna|Brave Bird|p2a: Bastiodon\n|-supereffective|p2a: Bastiodon\n|-damage|p2a: Bastiodon|180/252 slp\n|-damage|p1a: Swanna|79/100|[from] Recoil\n|cant|p2a: Bastiodon|slp\n|\n|upkeep\n|turn|25\n|inactive|Time left: 300 sec this turn | 300 sec total\n|\n|t:|1783558149\n|move|p1a: Swanna|Brave Bird|p2a: Bastiodon\n|-supereffective|p2a: Bastiodon\n|-damage|p2a: Bastiodon|100/252 slp\n|-damage|p1a: Swanna|70/100|[from] Recoil\n|cant|p2a: Bastiodon|slp\n|\n|upkeep\n|turn|26\n|inactive|Time left: 300 sec this turn | 300 sec total\n|\n|t:|1783558150\n|move|p1a: Swanna|Defog|p2a: Bastiodon\n|-unboost|p2a: Bastiodon|evasion|1\n|-sideend|p1: p0x15627940|Sticky Web|[from] move: Defog|[of] p1a: Swanna\n|-curestatus|p2a: Bastiodon|slp|[msg]\n|move|p2a: Bastiodon|Rest|p2a: Bastiodon\n|-status|p2a: Bastiodon|slp|[from] move: Rest\n|-heal|p2a: Bastiodon|252/252 slp|[silent]\n|\n|upkeep\n|turn|27\n|inactive|Time left: 300 sec this turn | 300 sec total\n|\n|t:|1783558151\n|move|p1a: Swanna|Brave Bird|p2a: Bastiodon\n|-supereffective|p2a: Bastiodon\n|-damage|p2a: Bastiodon|174/252 slp\n|-damage|p1a: Swanna|61/100|[from] Recoil\n|cant|p2a: Bastiodon|slp\n|\n|upkeep\n|turn|28\n|inactive|Time left: 300 sec this turn | 300 sec total\n|\n|t:|1783558152\n|move|p1a: Swanna|Brave Bird|p2a: Bastiodon\n|-supereffective|p2a: Bastiodon\n|-damage|p2a: Bastiodon|96/252 slp\n|-damage|p1a: Swanna|51/100|[from] Recoil\n|cant|p2a: Bastiodon|slp\n|\n|upkeep\n|turn|29\n|inactive|Time left: 300 sec this turn | 300 sec total\n|\n|t:|1783558153\n|move|p1a: Swanna|Roost|p1a: Swanna\n|-heal|p1a: Swanna|100/100\n|-singleturn|p1a: Swanna|move: Roost\n|-curestatus|p2a: Bastiodon|slp|[msg]\n|move|p2a: Bastiodon|Rest|p2a: Bastiodon\n|-status|p2a: Bastiodon|slp|[from] move: Rest\n|-heal|p2a: Bastiodon|252/252 slp|[silent]\n|\n|upkeep\n|turn|30\n|inactive|Time left: 300 sec this turn | 300 sec total\n|\n|t:|1783558154\n|move|p1a: Swanna|Brave Bird|p2a: Bastiodon\n|-supereffective|p2a: Bastiodon\n|-damage|p2a: Bastiodon|180/252 slp\n|-damage|p1a: Swanna|92/100|[from] Recoil\n|cant|p2a: Bastiodon|slp\n|\n|upkeep\n|turn|31\n|inactive|Time left: 300 sec this turn | 300 sec total\n|\n|t:|1783558155\n|move|p1a: Swanna|Brave Bird|p2a: Bastiodon\n|-supereffective|p2a: Bastiodon\n|-crit|p2a: Bastiodon\n|-damage|p2a: Bastiodon|0 fnt\n|faint|p2a: Bastiodon\n|-damage|p1a: Swanna|71/100|[from] Recoil\n|\n|win|p0x15627940", "uploadtime": 1783558155, "views": 0, "rating": 0, "private": 0, "password": null, "_winner": "p0x15627940", "_our_name": "p0y1562463d"}