{"id": "battle-gen9randombattle-2369", "formatid": "gen9randombattle", "format": "[Gen 9] Random Battle", "players": ["p0x23699aa5", "p0y236974f8"], "log": "|init|battle\n|title|p0x23699aa5 vs. p0y236974f8\n|j|\u2606p0x23699aa5\n|j|\u2606p0y236974f8\n|t:|1783566480\n|gametype|singles\n|player|p1|p0x23699aa5|169|\n|player|p2|p0y236974f8|265|\n|gen|9\n|tier|[Gen 9] Random Battle\n|rule|Species Clause: Limit one of each Pok\u00e9mon\n|rule|HP Percentage Mod: HP is shown in percentages\n|rule|Sleep Clause Mod: Limit one foe put to sleep\n|rule|Illusion Level Mod: Illusion disguises the Pok\u00e9mon's true level\n|\n|t:|1783566480\n|teamsize|p1|6\n|teamsize|p2|6\n|start\n|switch|p1a: Krookodile|Krookodile, L79, F|280/280\n|switch|p2a: Cramorant|Cramorant, L86, M|100/100\n|-ability|p1a: Krookodile|Intimidate|boost\n|-unboost|p2a: Cramorant|atk|1\n|turn|1\n|inactive|Battle timer is ON: inactive players will automatically lose when time's up. (requested by p0y236974f8)\n|inactive|Time left: 300 sec this turn | 300 sec total | 60 sec grace\n|inactive|p0x23699aa5 also wants the timer to be on.\n|\n|t:|1783566482\n|switch|p1a: Tatsugiri|Tatsugiri, L87, F|260/260\n|move|p2a: Cramorant|Surf|p1a: Tatsugiri\n|-ability|p1a: Tatsugiri|Storm Drain|boost\n|-boost|p1a: Tatsugiri|spa|1\n|\n|upkeep\n|turn|2\n|inactive|Time left: 300 sec this turn | 300 sec total\n|\n|t:|1783566483\n|switch|p2a: Luxray|Luxray, L88, M|100/100\n|move|p1a: Tatsugiri|Nasty Plot|p1a: Tatsugiri\n|-boost|p1a: Tatsugiri|spa|2\n|\n|-status|p2a: Luxray|brn|[from] item: Flame Orb\n|upkeep\n|turn|3\n|inactive|Time left: 300 sec this turn | 300 sec total\n|\n|t:|1783566484\n|switch|p2a: Iron Valiant|Iron Valiant, L78|100/100\n|move|p1a: Tatsugiri|Draco Meteor|p2a: Iron Valiant\n|-immune|p2a: Iron Valiant\n|\n|upkeep\n|turn|4\n|inactive|Time left: 300 sec this turn | 300 sec total\n|\n|t:|1783566485\n|-terastallize|p1a: Tatsugiri|Water\n|move|p2a: Iron Valiant|Close Combat|p1a: Tatsugiri\n|-damage|p1a: Tatsugiri|38/260\n|-unboost|p2a: Iron Valiant|def|1\n|-unboost|p2a: Iron Valiant|spd|1\n|-damage|p2a: Iron Valiant|91/100|[from] item: Life Orb\n|move|p1a: Tatsugiri|Hydro Pump|p2a: Iron Valiant\n|-damage|p2a: Iron Valiant|0 fnt\n|faint|p2a: Iron Valiant\n|-end|p2a: Iron Valiant|Quark Drive|[silent]\n|\n|upkeep\n|\n|t:|1783566486\n|switch|p2a: Cramorant|Cramorant, L86, M|100/100\n|turn|5\n|inactive|Time left: 300 sec this turn | 300 sec total\n|\n|t:|1783566487\n|move|p2a: Cramorant|Brave Bird|p1a: Tatsugiri\n|-damage|p1a: Tatsugiri|0 fnt\n|faint|p1a: Tatsugiri\n|-damage|p2a: Cramorant|96/100|[from] Recoil\n|\n|upkeep\n|inactive|Time left: 300 sec this turn | 300 sec total | 5 sec grace\n|\n|t:|1783566488\n|switch|p1a: Muk|Muk, L86, F|321/321\n|turn|6\n|inactive|Time left: 300 sec this turn | 300 sec total\n|\n|t:|1783566489\n|move|p2a: Cramorant|Surf|p1a: Muk\n|-formechange|p2a: Cramorant|Cramorant-Gulping|\n|-damage|p1a: Muk|236/321\n|move|p1a: Muk|Knock Off|p2a: Cramorant\n|-damage|p2a: Cramorant|56/100\n|-damage|p1a: Muk|156/321|[from] ability: Gulp Missile|[of] p2a: Cramorant\n|-unboost|p1a: Muk|def|1\n|-formechange|p2a: Cramorant|Cramorant|\n|-status|p2a: Cramorant|psn|[from] ability: Poison Touch|[of] p1a: Muk\n|-enditem|p2a: Cramorant|Heavy-Duty Boots|[from] move: Knock Off|[of] p1a: Muk\n|\n|-heal|p1a: Muk|176/321|[from] item: Leftovers\n|-damage|p2a: Cramorant|44/100 psn|[from] psn\n|upkeep\n|turn|7\n|inactive|Time left: 300 sec this turn | 300 sec total\n|\n|t:|1783566490\n|switch|p1a: Krookodile|Krookodile, L79, F|280/280\n|-ability|p1a: Krookodile|Intimidate|boost\n|-unboost|p2a: Cramorant|atk|1\n|move|p2a: Cramorant|Surf|p1a: Krookodile\n|-formechange|p2a: Cramorant|Cramorant-Gorging|\n|-supereffective|p1a: Krookodile\n|-damage|p1a: Krookodile|40/280\n|\n|-heal|p1a: Krookodile|57/280|[from] item: Leftovers\n|-damage|p2a: Cramorant|32/100 psn|[from] psn\n|upkeep\n|turn|8\n|inactive|Time left: 300 sec this turn | 300 sec total\n|\n|t:|1783566491\n|switch|p1a: Muk|Muk, L86, F|176/321\n|move|p2a: Cramorant|Roost|p2a: Cramorant\n|-heal|p2a: Cramorant|82/100 psn\n|-singleturn|p2a: Cramorant|move: Roost\n|\n|-heal|p1a: Muk|196/321|[from] item: Leftovers\n|-damage|p2a: Cramorant|70/100 psn|[from] psn\n|upkeep\n|turn|9\n|inactive|Time left: 300 sec this turn | 300 sec total\n|\n|t:|1783566492\n|switch|p1a: Krookodile|Krookodile, L79, F|57/280\n|-ability|p1a: Krookodile|Intimidate|boost\n|-unboost|p2a: Cramorant|atk|1\n|move|p2a: Cramorant|Brave Bird|p1a: Krookodile\n|-damage|p1a: Krookodile|0 fnt\n|faint|p1a: Krookodile\n|-damage|p2a: Cramorant|63/100 psn|[from] Recoil\n|\n|-damage|p2a: Cramorant|50/100 psn|[from] psn\n|upkeep\n|inactive|Time left: 300 sec this turn | 300 sec total | 5 sec grace\n|\n|t:|1783566493\n|switch|p1a: Chesnaught|Chesnaught, L84, M|285/285\n|turn|10\n|inactive|Time left: 300 sec this turn | 300 sec total\n|\n|t:|1783566494\n|switch|p2a: Exeggutor|Exeggutor, L89, M|100/100\n|move|p1a: Chesnaught|Iron Defense|p1a: Chesnaught\n|-boost|p1a: Chesnaught|def|2\n|\n|upkeep\n|turn|11\n|inactive|Time left: 300 sec this turn | 300 sec total\n|\n|t:|1783566495\n|move|p1a: Chesnaught|Body Press|p2a: Exeggutor\n|-resisted|p2a: Exeggutor\n|-damage|p2a: Exeggutor|71/100\n|move|p2a: Exeggutor|Psychic Noise|p1a: Chesnaught\n|-supereffective|p1a: Chesnaught\n|-damage|p1a: Chesnaught|45/285\n|-start|p1a: Chesnaught|move: Heal Block\n|\n|upkeep\n|turn|12\n|inactive|Time left: 300 sec this turn | 300 sec total\n|\n|t:|1783566496\n|move|p1a: Chesnaught|Body Press|p2a: Exeggutor\n|-resisted|p2a: Exeggutor\n|-damage|p2a: Exeggutor|39/100\n|-enditem|p2a: Exeggutor|Sitrus Berry|[eat]\n|-heal|p2a: Exeggutor|64/100|[from] item: Sitrus Berry\n|move|p2a: Exeggutor|Psychic Noise|p1a: Chesnaught\n|-supereffective|p1a: Chesnaught\n|-damage|p1a: Chesnaught|0 fnt\n|faint|p1a: Chesnaught\n|\n|upkeep\n|inactive|Time left: 300 sec this turn | 300 sec total | 5 sec grace\n|\n|t:|1783566496\n|switch|p1a: Dodrio|Dodrio, L85, M|241/241\n|turn|13\n|inactive|Time left: 300 sec this turn | 300 sec total\n|\n|t:|1783566497\n|move|p1a: Dodrio|Swords Dance|p1a: Dodrio\n|-boost|p1a: Dodrio|atk|2\n|move|p2a: Exeggutor|Psychic Noise|p1a: Dodrio\n|-damage|p1a: Dodrio|111/241\n|-start|p1a: Dodrio|move: Heal Block\n|\n|upkeep\n|turn|14\n|inactive|Time left: 300 sec this turn | 300 sec total\n|\n|t:|1783566498\n|-terastallize|p2a: Exeggutor|Steel\n|move|p1a: Dodrio|Double-Edge|p2a: Exeggutor\n|-resisted|p2a: Exeggutor\n|-damage|p2a: Exeggutor|22/100\n|-damage|p1a: Dodrio|68/241|[from] Recoil\n|move|p2a: Exeggutor|Psychic Noise|p1a: Dodrio\n|-damage|p1a: Dodrio|0 fnt\n|faint|p1a: Dodrio\n|\n|-item|p2a: Exeggutor|Sitrus Berry|[from] ability: Harvest\n|upkeep\n|-enditem|p2a: Exeggutor|Sitrus Berry|[eat]\n|-heal|p2a: Exeggutor|47/100|[from] item: Sitrus Berry\n|inactive|Time left: 300 sec this turn | 300 sec total | 5 sec grace\n|\n|t:|1783566499\n|switch|p1a: Venomoth|Venomoth, L84, M|255/255\n|turn|15\n|inactive|Time left: 300 sec this turn | 300 sec total\n|\n|t:|1783566500\n|switch|p2a: Luxray|Luxray, L88, M|100/100 brn\n|move|p1a: Venomoth|Quiver Dance|p1a: Venomoth\n|-boost|p1a: Venomoth|spa|1\n|-boost|p1a: Venomoth|spd|1\n|-boost|p1a: Venomoth|spe|1\n|\n|-damage|p2a: Luxray|94/100 brn|[from] brn\n|upkeep\n|turn|16\n|inactive|Time left: 300 sec this turn | 300 sec total\n|\n|t:|1783566501\n|move|p1a: Venomoth|Bug Buzz|p2a: Luxray\n|-damage|p2a: Luxray|45/100 brn\n|move|p2a: Luxray|Supercell Slam|p1a: Venomoth\n|-damage|p1a: Venomoth|0 fnt\n|faint|p1a: Venomoth\n|\n|-damage|p2a: Luxray|39/100 brn|[from] brn\n|upkeep\n|inactive|Time left: 300 sec this turn | 300 sec total | 5 sec grace\n|\n|t:|1783566502\n|switch|p1a: Muk|Muk, L86, F|196/321\n|turn|17\n|inactive|Time left: 300 sec this turn | 300 sec total\n|\n|t:|1783566503\n|move|p2a: Luxray|Facade|p1a: Muk\n|-damage|p1a: Muk|0 fnt\n|faint|p1a: Muk\n|\n|win|p0y236974f8", "uploadtime": 1783566503, "views": 0, "rating": 0, "private": 0, "password": null, "_winner": "p0y236974f8", "_our_name": "p0x23699aa5"}