{"id": "battle-gen9randombattle-238", "formatid": "gen9randombattle", "format": "[Gen 9] Random Battle", "players": ["p0x2383cfb", "p0y2380d03"], "log": "|init|battle\n|title|p0x2383cfb vs. p0y2380d03\n|j|\u2606p0x2383cfb\n|j|\u2606p0y2380d03\n|t:|1783542345\n|gametype|singles\n|player|p1|p0x2383cfb|2|\n|player|p2|p0y2380d03|1|\n|gen|9\n|tier|[Gen 9] Random Battle\n|rule|Species Clause: Limit one of each Pok\u00e9mon\n|rule|HP Percentage Mod: HP is shown in percentages\n|rule|Sleep Clause Mod: Limit one foe put to sleep\n|rule|Illusion Level Mod: Illusion disguises the Pok\u00e9mon's true level\n|\n|t:|1783542345\n|teamsize|p1|6\n|teamsize|p2|6\n|start\n|switch|p1a: Dudunsparce|Dudunsparce-Three-Segment, L83, M|100/100\n|switch|p2a: Electivire|Electivire, L84, M|263/263\n|turn|1\n|inactive|Battle timer is ON: inactive players will automatically lose when time's up. (requested by p0x2383cfb)\n|inactive|Time left: 300 sec this turn | 300 sec total | 60 sec grace\n|\n|t:|1783542346\n|switch|p2a: Sudowoodo|Sudowoodo, L94, M|284/284\n|move|p1a: Dudunsparce|Boomburst|p2a: Sudowoodo\n|-resisted|p2a: Sudowoodo\n|-damage|p2a: Sudowoodo|214/284\n|\n|upkeep\n|turn|2\n|inactive|Time left: 300 sec this turn | 300 sec total\n|inactive|p0y2380d03 also wants the timer to be on.\n|\n|t:|1783542348\n|move|p1a: Dudunsparce|Earth Power|p2a: Sudowoodo\n|-supereffective|p2a: Sudowoodo\n|-damage|p2a: Sudowoodo|86/284\n|move|p2a: Sudowoodo|Head Smash|p1a: Dudunsparce\n|-crit|p1a: Dudunsparce\n|-damage|p1a: Dudunsparce|0 fnt\n|faint|p1a: Dudunsparce\n|\n|upkeep\n|\n|t:|1783542348\n|switch|p1a: Wugtrio|Wugtrio, L91, F|100/100\n|turn|3\n|inactive|Time left: 300 sec this turn | 300 sec total\n|\n|t:|1783542350\n|-terastallize|p2a: Sudowoodo|Grass\n|move|p1a: Wugtrio|Liquidation|p2a: Sudowoodo\n|-resisted|p2a: Sudowoodo\n|-damage|p2a: Sudowoodo|27/284\n|move|p2a: Sudowoodo|Head Smash|p1a: Wugtrio|[miss]\n|-miss|p2a: Sudowoodo|p1a: Wugtrio\n|\n|upkeep\n|turn|4\n|inactive|Time left: 300 sec this turn | 300 sec total\n|\n|t:|1783542351\n|switch|p2a: Walking Wake|Walking Wake, L79|286/286\n|move|p1a: Wugtrio|Liquidation|p2a: Walking Wake\n|-resisted|p2a: Walking Wake\n|-damage|p2a: Walking Wake|244/286\n|\n|upkeep\n|turn|5\n|inactive|Time left: 300 sec this turn | 300 sec total\n|\n|t:|1783542352\n|switch|p1a: Wo-Chien|Wo-Chien, L83|100/100\n|-ability|p1a: Wo-Chien|Tablets of Ruin\n|move|p2a: Walking Wake|Draco Meteor|p1a: Wo-Chien\n|-damage|p1a: Wo-Chien|43/100\n|-unboost|p2a: Walking Wake|spa|2\n|\n|-heal|p1a: Wo-Chien|49/100|[from] item: Leftovers\n|upkeep\n|turn|6\n|inactive|Time left: 300 sec this turn | 300 sec total\n|\n|t:|1783542353\n|-end|p2a: Walking Wake|Protosynthesis|[silent]\n|switch|p2a: Sudowoodo|Sudowoodo, L94, M, tera:Grass|27/284\n|move|p1a: Wo-Chien|Knock Off|p2a: Sudowoodo\n|-damage|p2a: Sudowoodo|0 fnt\n|-enditem|p2a: Sudowoodo|Choice Band|[from] move: Knock Off|[of] p1a: Wo-Chien\n|faint|p2a: Sudowoodo\n|\n|-heal|p1a: Wo-Chien|55/100|[from] item: Leftovers\n|upkeep\n|inactive|Time left: 300 sec this turn | 300 sec total | 5 sec grace\n|\n|t:|1783542354\n|switch|p2a: Honchkrow|Honchkrow, L86, F|312/312\n|turn|7\n|inactive|Time left: 300 sec this turn | 300 sec total\n|\n|t:|1783542355\n|switch|p1a: Persian|Persian-Alola, L86, M|100/100\n|move|p2a: Honchkrow|Brave Bird|p1a: Persian\n|-damage|p1a: Persian|58/100\n|-damage|p2a: Honchkrow|276/312|[from] Recoil\n|\n|-heal|p1a: Persian|64/100|[from] item: Leftovers\n|upkeep\n|turn|8\n|inactive|Time left: 300 sec this turn | 300 sec total\n|\n|t:|1783542356\n|move|p1a: Persian|Nasty Plot|p1a: Persian\n|-boost|p1a: Persian|spa|2\n|move|p2a: Honchkrow|U-turn|p1a: Persian\n|-supereffective|p1a: Persian\n|-damage|p1a: Persian|32/100\n|inactive|Time left: 300 sec this turn | 300 sec total | 5 sec grace\n|\n|t:|1783542357\n|switch|p2a: Regieleki|Regieleki, L79|256/256|[from] U-turn\n|\n|-heal|p1a: Persian|38/100|[from] item: Leftovers\n|upkeep\n|turn|9\n|inactive|Time left: 300 sec this turn | 300 sec total\n|\n|t:|1783542358\n|-terastallize|p1a: Persian|Electric\n|move|p2a: Regieleki|Thunderbolt|p1a: Persian\n|-resisted|p1a: Persian\n|-damage|p1a: Persian|8/100\n|move|p1a: Persian|Dark Pulse|p2a: Regieleki\n|-damage|p2a: Regieleki|40/256\n|\n|-heal|p1a: Persian|14/100|[from] item: Leftovers\n|upkeep\n|turn|10\n|inactive|Time left: 300 sec this turn | 300 sec total\n|\n|t:|1783542359\n|switch|p1a: Clodsire|Clodsire, L81, M|100/100\n|move|p2a: Regieleki|Volt Switch|p1a: Clodsire\n|-immune|p1a: Clodsire\n|\n|upkeep\n|turn|11\n|inactive|Time left: 300 sec this turn | 300 sec total\n|\n|t:|1783542360\n|switch|p2a: Dodrio|Dodrio, L85, F|241/241\n|move|p1a: Clodsire|Toxic|p2a: Dodrio\n|-status|p2a: Dodrio|tox\n|\n|-damage|p2a: Dodrio|226/241 tox|[from] psn\n|upkeep\n|turn|12\n|inactive|Time left: 300 sec this turn | 300 sec total\n|\n|t:|1783542361\n|move|p2a: Dodrio|Swords Dance|p2a: Dodrio\n|-boost|p2a: Dodrio|atk|2\n|move|p1a: Clodsire|Recover||[still]\n|-fail|p1a: Clodsire|heal\n|\n|-damage|p2a: Dodrio|196/241 tox|[from] psn\n|upkeep\n|turn|13\n|inactive|Time left: 300 sec this turn | 300 sec total\n|\n|t:|1783542362\n|switch|p1a: Persian|Persian-Alola, L86, M, tera:Electric|14/100\n|move|p2a: Dodrio|Knock Off|p1a: Persian\n|-damage|p1a: Persian|0 fnt\n|-enditem|p1a: Persian|Leftovers|[from] move: Knock Off|[of] p2a: Dodrio\n|faint|p1a: Persian\n|\n|-damage|p2a: Dodrio|151/241 tox|[from] psn\n|upkeep\n|\n|t:|1783542363\n|switch|p1a: Wugtrio|Wugtrio, L91, F|100/100\n|turn|14\n|inactive|Time left: 300 sec this turn | 300 sec total\n|\n|t:|1783542364\n|switch|p2a: Walking Wake|Walking Wake, L79|244/286\n|move|p1a: Wugtrio|Liquidation|p2a: Walking Wake\n|-resisted|p2a: Walking Wake\n|-damage|p2a: Walking Wake|202/286\n|\n|upkeep\n|turn|15\n|inactive|Time left: 300 sec this turn | 300 sec total\n|\n|t:|1783542365\n|switch|p1a: Clodsire|Clodsire, L81, M|100/100\n|move|p2a: Walking Wake|Draco Meteor|p1a: Clodsire\n|-damage|p1a: Clodsire|40/100\n|-unboost|p2a: Walking Wake|spa|2\n|\n|-heal|p1a: Clodsire|46/100|[from] item: Leftovers\n|upkeep\n|turn|16\n|inactive|Time left: 300 sec this turn | 300 sec total\n|\n|t:|1783542366\n|move|p2a: Walking Wake|Draco Meteor|p1a: Clodsire\n|-damage|p1a: Clodsire|14/100\n|-unboost|p2a: Walking Wake|spa|2\n|move|p1a: Clodsire|Recover|p1a: Clodsire\n|-heal|p1a: Clodsire|64/100\n|\n|-heal|p1a: Clodsire|70/100|[from] item: Leftovers\n|upkeep\n|turn|17\n|inactive|Time left: 300 sec this turn | 300 sec total\n|\n|t:|1783542367\n|move|p2a: Walking Wake|Draco Meteor|p1a: Clodsire\n|-damage|p1a: Clodsire|49/100\n|-unboost|p2a: Walking Wake|spa|2\n|move|p1a: Clodsire|Spikes|p2a: Walking Wake\n|-sidestart|p2: p0y2380d03|Spikes\n|\n|-heal|p1a: Clodsire|56/100|[from] item: Leftovers\n|upkeep\n|turn|18\n|inactive|Time left: 300 sec this turn | 300 sec total\n|\n|t:|1783542368\n|-end|p2a: Walking Wake|Protosynthesis|[silent]\n|switch|p2a: Honchkrow|Honchkrow, L86, F|276/312\n|move|p1a: Clodsire|Recover|p1a: Clodsire\n|-heal|p1a: Clodsire|100/100\n|\n|upkeep\n|turn|19\n|inactive|Time left: 300 sec this turn | 300 sec total\n|\n|t:|1783542369\n|move|p2a: Honchkrow|Brave Bird|p1a: Clodsire\n|-damage|p1a: Clodsire|39/100\n|-damage|p2a: Honchkrow|207/312|[from] Recoil\n|move|p1a: Clodsire|Recover|p1a: Clodsire\n|-heal|p1a: Clodsire|89/100\n|\n|-heal|p1a: Clodsire|96/100|[from] item: Leftovers\n|upkeep\n|turn|20\n|inactive|Time left: 300 sec this turn | 300 sec total\n|\n|t:|1783542371\n|move|p2a: Honchkrow|Brave Bird|p1a: Clodsire\n|-damage|p1a: Clodsire|34/100\n|-damage|p2a: Honchkrow|138/312|[from] Recoil\n|move|p1a: Clodsire|Recover|p1a: Clodsire\n|-heal|p1a: Clodsire|84/100\n|\n|-heal|p1a: Clodsire|91/100|[from] item: Leftovers\n|upkeep\n|turn|21\n|inactive|Time left: 300 sec this turn | 300 sec total\n|\n|t:|1783542372\n|move|p2a: Honchkrow|Brave Bird|p1a: Clodsire\n|-damage|p1a: Clodsire|31/100\n|-damage|p2a: Honchkrow|71/312|[from] Recoil\n|move|p1a: Clodsire|Recover|p1a: Clodsire\n|-heal|p1a: Clodsire|81/100\n|\n|-heal|p1a: Clodsire|87/100|[from] item: Leftovers\n|upkeep\n|turn|22\n|inactive|Time left: 300 sec this turn | 300 sec total\n|\n|t:|1783542373\n|move|p2a: Honchkrow|Heat Wave|p1a: Clodsire\n|-damage|p1a: Clodsire|67/100\n|move|p1a: Clodsire|Spikes|p2a: Honchkrow\n|-sidestart|p2: p0y2380d03|Spikes\n|\n|-heal|p1a: Clodsire|73/100|[from] item: Leftovers\n|upkeep\n|turn|23\n|inactive|Time left: 300 sec this turn | 300 sec total\n|\n|t:|1783542375\n|move|p2a: Honchkrow|Heat Wave|p1a: Clodsire\n|-damage|p1a: Clodsire|51/100\n|move|p1a: Clodsire|Recover|p1a: Clodsire\n|-heal|p1a: Clodsire|100/100\n|\n|upkeep\n|turn|24\n|inactive|Time left: 300 sec this turn | 300 sec total\n|\n|t:|1783542376\n|move|p2a: Honchkrow|Heat Wave|p1a: Clodsire\n|-damage|p1a: Clodsire|81/100\n|-status|p1a: Clodsire|brn\n|move|p1a: Clodsire|Spikes|p2a: Honchkrow\n|-sidestart|p2: p0y2380d03|Spikes\n|\n|-heal|p1a: Clodsire|87/100 brn|[from] item: Leftovers\n|-damage|p1a: Clodsire|81/100 brn|[from] brn\n|upkeep\n|turn|25\n|inactive|Time left: 300 sec this turn | 300 sec total\n|\n|t:|1783542377\n|move|p2a: Honchkrow|Heat Wave|p1a: Clodsire\n|-damage|p1a: Clodsire|61/100 brn\n|move|p1a: Clodsire|Recover|p1a: Clodsire\n|-heal|p1a: Clodsire|100/100 brn\n|\n|-damage|p1a: Clodsire|94/100 brn|[from] brn\n|upkeep\n|turn|26\n|inactive|Time left: 300 sec this turn | 300 sec total\n|\n|t:|1783542379\n|move|p2a: Honchkrow|Brave Bird|p1a: Clodsire\n|-damage|p1a: Clodsire|26/100 brn\n|-damage|p2a: Honchkrow|0 fnt|[from] Recoil\n|faint|p2a: Honchkrow\n|move|p1a: Clodsire|Toxic|p2: Honchkrow|[notarget]\n|-fail|p1a: Clodsire\n|\n|-heal|p1a: Clodsire|32/100 brn|[from] item: Leftovers\n|-damage|p1a: Clodsire|26/100 brn|[from] brn\n|upkeep\n|inactive|Time left: 300 sec this turn | 300 sec total | 5 sec grace\n|\n|t:|1783542380\n|switch|p2a: Dodrio|Dodrio, L85, F|151/241 tox\n|turn|27\n|inactive|Time left: 300 sec this turn | 300 sec total\n|\n|t:|1783542381\n|switch|p1a: Wugtrio|Wugtrio, L91, F|100/100\n|move|p2a: Dodrio|Knock Off|p1a: Wugtrio\n|-damage|p1a: Wugtrio|53/100\n|-ability|p1a: Wugtrio|Gooey\n|-unboost|p2a: Dodrio|spe|1\n|-enditem|p1a: Wugtrio|Choice Band|[from] move: Knock Off|[of] p2a: Dodrio\n|\n|-damage|p2a: Dodrio|136/241 tox|[from] psn\n|upkeep\n|turn|28\n|inactive|Time left: 300 sec this turn | 300 sec total\n|\n|t:|1783542382\n|move|p1a: Wugtrio|Liquidation|p2a: Dodrio\n|-damage|p2a: Dodrio|21/241 tox\n|move|p2a: Dodrio|Double-Edge|p1a: Wugtrio\n|-damage|p1a: Wugtrio|0 fnt\n|-ability|p1a: Wugtrio|Gooey\n|-unboost|p2a: Dodrio|spe|1\n|faint|p1a: Wugtrio\n|-damage|p2a: Dodrio|0 fnt|[from] Recoil\n|faint|p2a: Dodrio\n|\n|upkeep\n|inactive|Time left: 300 sec this turn | 300 sec total | 5 sec grace\n|\n|t:|1783542383\n|switch|p1a: Wo-Chien|Wo-Chien, L83|55/100\n|switch|p2a: Electivire|Electivire, L84, M|263/263\n|-damage|p2a: Electivire|198/263|[from] Spikes\n|-ability|p1a: Wo-Chien|Tablets of Ruin\n|turn|29\n|inactive|Time left: 300 sec this turn | 300 sec total\n|\n|t:|1783542384\n|move|p2a: Electivire|Flamethrower|p1a: Wo-Chien\n|-supereffective|p1a: Wo-Chien\n|-damage|p1a: Wo-Chien|9/100\n|-damage|p2a: Electivire|172/263|[from] item: Life Orb\n|move|p1a: Wo-Chien|Knock Off|p2a: Electivire\n|-damage|p2a: Electivire|67/263\n|-enditem|p2a: Electivire|Life Orb|[from] move: Knock Off|[of] p1a: Wo-Chien\n|\n|-heal|p1a: Wo-Chien|15/100|[from] item: Leftovers\n|upkeep\n|turn|30\n|inactive|Time left: 300 sec this turn | 300 sec total\n|\n|t:|1783542385\n|switch|p1a: Uxie|Uxie, L83|100/100\n|move|p2a: Electivire|Ice Punch|p1a: Uxie\n|-damage|p1a: Uxie|82/100\n|\n|-heal|p1a: Uxie|89/100|[from] item: Leftovers\n|upkeep\n|turn|31\n|inactive|Time left: 300 sec this turn | 300 sec total\n|\n|t:|1783542386\n|move|p2a: Electivire|Supercell Slam|p1a: Uxie\n|-damage|p1a: Uxie|54/100\n|move|p1a: Uxie|Psychic Noise|p2a: Electivire\n|-damage|p2a: Electivire|1/263\n|-start|p2a: Electivire|move: Heal Block\n|\n|-heal|p1a: Uxie|60/100|[from] item: Leftovers\n|upkeep\n|turn|32\n|inactive|Time left: 300 sec this turn | 300 sec total\n|\n|t:|1783542388\n|switch|p1a: Wo-Chien|Wo-Chien, L83|15/100\n|-ability|p1a: Wo-Chien|Tablets of Ruin\n|move|p2a: Electivire|Supercell Slam|p1a: Wo-Chien|[miss]\n|-miss|p2a: Electivire|p1a: Wo-Chien\n|-damage|p2a: Electivire|0 fnt|[from] supercellslam\n|faint|p2a: Electivire\n|\n|-heal|p1a: Wo-Chien|21/100|[from] item: Leftovers\n|upkeep\n|inactive|Time left: 300 sec this turn | 300 sec total | 5 sec grace\n|\n|t:|1783542389\n|switch|p2a: Walking Wake|Walking Wake, L79|202/286\n|-damage|p2a: Walking Wake|131/286|[from] Spikes\n|turn|33\n|inactive|Time left: 300 sec this turn | 300 sec total\n|\n|t:|1783542390\n|switch|p1a: Clodsire|Clodsire, L81, M|26/100 brn\n|move|p2a: Walking Wake|Draco Meteor|p1a: Clodsire\n|-damage|p1a: Clodsire|0 fnt\n|-unboost|p2a: Walking Wake|spa|2\n|faint|p1a: Clodsire\n|\n|upkeep\n|\n|t:|1783542391\n|switch|p1a: Uxie|Uxie, L83|60/100\n|turn|34\n|inactive|Time left: 300 sec this turn | 300 sec total\n|\n|t:|1783542392\n|move|p2a: Walking Wake|Draco Meteor|p1a: Uxie\n|-damage|p1a: Uxie|26/100\n|-unboost|p2a: Walking Wake|spa|2\n|move|p1a: Uxie|Psychic Noise|p2a: Walking Wake\n|-damage|p2a: Walking Wake|52/286\n|-start|p2a: Walking Wake|move: Heal Block\n|\n|-heal|p1a: Uxie|32/100|[from] item: Leftovers\n|upkeep\n|turn|35\n|inactive|Time left: 300 sec this turn | 300 sec total\n|\n|t:|1783542393\n|move|p2a: Walking Wake|Draco Meteor|p1a: Uxie\n|-damage|p1a: Uxie|12/100\n|-unboost|p2a: Walking Wake|spa|2\n|move|p1a: Uxie|Psychic Noise|p2a: Walking Wake\n|-damage|p2a: Walking Wake|0 fnt\n|faint|p2a: Walking Wake\n|-end|p2a: Walking Wake|Protosynthesis|[silent]\n|\n|-heal|p1a: Uxie|19/100|[from] item: Leftovers\n|upkeep\n|inactive|Time left: 300 sec this turn | 300 sec total | 5 sec grace\n|\n|t:|1783542394\n|switch|p2a: Regieleki|Regieleki, L79|40/256\n|-damage|p2a: Regieleki|0 fnt|[from] Spikes\n|faint|p2a: Regieleki\n|\n|win|p0x2383cfb", "uploadtime": 1783542394, "views": 0, "rating": 0, "private": 0, "password": null, "_winner": "p0x2383cfb", "_our_name": "p0y2380d03"}