{"id": "battle-gen9randombattle-2529", "formatid": "gen9randombattle", "format": "[Gen 9] Random Battle", "players": ["p0x25291b0e", "p0y2529b6c0"], "log": "|init|battle\n|title|p0x25291b0e vs. p0y2529b6c0\n|j|\u2606p0x25291b0e\n|j|\u2606p0y2529b6c0\n|t:|1783568304\n|gametype|singles\n|player|p1|p0x25291b0e|266|\n|player|p2|p0y2529b6c0|266|\n|gen|9\n|tier|[Gen 9] Random Battle\n|rule|Species Clause: Limit one of each Pok\u00e9mon\n|rule|HP Percentage Mod: HP is shown in percentages\n|rule|Sleep Clause Mod: Limit one foe put to sleep\n|rule|Illusion Level Mod: Illusion disguises the Pok\u00e9mon's true level\n|\n|t:|1783568304\n|teamsize|p1|6\n|teamsize|p2|6\n|start\n|switch|p1a: Brute Bonnet|Brute Bonnet, L80|100/100\n|switch|p2a: Terrakion|Terrakion, L79|273/273\n|turn|1\n|inactive|Battle timer is ON: inactive players will automatically lose when time's up. (requested by p0x25291b0e)\n|inactive|Time left: 300 sec this turn | 300 sec total | 60 sec grace\n|inactive|p0y2529b6c0 also wants the timer to be on.\n|\n|t:|1783568306\n|-end|p1a: Brute Bonnet|Protosynthesis|[silent]\n|switch|p1a: Annihilape|Annihilape, L76, F|100/100\n|move|p2a: Terrakion|Close Combat|p1a: Annihilape\n|-immune|p1a: Annihilape\n|\n|upkeep\n|turn|2\n|inactive|Time left: 300 sec this turn | 300 sec total\n|\n|t:|1783568307\n|move|p2a: Terrakion|Swords Dance|p2a: Terrakion\n|-boost|p2a: Terrakion|atk|2\n|move|p1a: Annihilape|Bulk Up|p1a: Annihilape\n|-boost|p1a: Annihilape|atk|1\n|-boost|p1a: Annihilape|def|1\n|\n|upkeep\n|turn|3\n|inactive|Time left: 300 sec this turn | 300 sec total\n|\n|t:|1783568308\n|-terastallize|p2a: Terrakion|Ground\n|move|p2a: Terrakion|Earthquake|p1a: Annihilape\n|-crit|p1a: Annihilape\n|-damage|p1a: Annihilape|0 fnt\n|faint|p1a: Annihilape\n|-damage|p2a: Terrakion|246/273|[from] item: Life Orb\n|\n|upkeep\n|\n|t:|1783568309\n|switch|p1a: Leavanny|Leavanny, L86, F|100/100\n|turn|4\n|inactive|Time left: 300 sec this turn | 300 sec total\n|\n|t:|1783568310\n|move|p2a: Terrakion|Stone Edge|p1a: Leavanny\n|-supereffective|p1a: Leavanny\n|-damage|p1a: Leavanny|0 fnt\n|faint|p1a: Leavanny\n|-damage|p2a: Terrakion|219/273|[from] item: Life Orb\n|\n|upkeep\n|\n|t:|1783568311\n|switch|p1a: Brute Bonnet|Brute Bonnet, L80|100/100\n|turn|5\n|inactive|Time left: 300 sec this turn | 300 sec total\n|\n|t:|1783568312\n|-end|p1a: Brute Bonnet|Protosynthesis|[silent]\n|switch|p1a: Slowking|Slowking-Galar, L85, M|100/100\n|move|p2a: Terrakion|Close Combat|p1a: Slowking\n|-resisted|p1a: Slowking\n|-damage|p1a: Slowking|66/100\n|-unboost|p2a: Terrakion|def|1\n|-unboost|p2a: Terrakion|spd|1\n|-damage|p2a: Terrakion|192/273|[from] item: Life Orb\n|\n|upkeep\n|turn|6\n|inactive|Time left: 300 sec this turn | 300 sec total\n|\n|t:|1783568313\n|switch|p1a: Brute Bonnet|Brute Bonnet, L80|100/100\n|move|p2a: Terrakion|Earthquake|p1a: Brute Bonnet\n|-resisted|p1a: Brute Bonnet\n|-damage|p1a: Brute Bonnet|51/100\n|-damage|p2a: Terrakion|165/273|[from] item: Life Orb\n|\n|-heal|p1a: Brute Bonnet|57/100|[from] item: Leftovers\n|upkeep\n|turn|7\n|inactive|Time left: 300 sec this turn | 300 sec total\n|\n|t:|1783568314\n|move|p1a: Brute Bonnet|Sucker Punch|p2a: Terrakion\n|-damage|p2a: Terrakion|23/273\n|-ability|p2a: Terrakion|Justified|boost\n|-boost|p2a: Terrakion|atk|1\n|move|p2a: Terrakion|Close Combat|p1a: Brute Bonnet\n|-supereffective|p1a: Brute Bonnet\n|-damage|p1a: Brute Bonnet|0 fnt\n|-unboost|p2a: Terrakion|def|1\n|-unboost|p2a: Terrakion|spd|1\n|faint|p1a: Brute Bonnet\n|-end|p1a: Brute Bonnet|Protosynthesis|[silent]\n|-damage|p2a: Terrakion|0 fnt|[from] item: Life Orb\n|faint|p2a: Terrakion\n|\n|upkeep\n|inactive|Time left: 300 sec this turn | 300 sec total | 5 sec grace\n|\n|t:|1783568315\n|switch|p2a: Decidueye|Decidueye, L88, M|281/281\n|switch|p1a: Luxray|Luxray, L88, F|100/100\n|turn|8\n|inactive|Time left: 300 sec this turn | 300 sec total\n|\n|t:|1783568316\n|move|p1a: Luxray|Play Rough|p2a: Decidueye\n|-damage|p2a: Decidueye|186/281\n|move|p2a: Decidueye|Leaf Blade|p1a: Luxray\n|-damage|p1a: Luxray|46/100\n|-damage|p2a: Decidueye|158/281|[from] item: Life Orb\n|\n|-status|p1a: Luxray|brn|[from] item: Flame Orb\n|upkeep\n|turn|9\n|inactive|Time left: 300 sec this turn | 300 sec total\n|\n|t:|1783568317\n|switch|p1a: Slowking|Slowking-Galar, L85, M|99/100\n|move|p2a: Decidueye|Leaf Blade|p1a: Slowking\n|-resisted|p1a: Slowking\n|-damage|p1a: Slowking|75/100\n|-damage|p2a: Decidueye|130/281|[from] item: Life Orb\n|\n|upkeep\n|turn|10\n|inactive|Time left: 300 sec this turn | 300 sec total\n|\n|t:|1783568318\n|switch|p1a: Tyranitar|Tyranitar, L78, M|100/100\n|-weather|Sandstorm|[from] ability: Sand Stream|[of] p1a: Tyranitar\n|move|p2a: Decidueye|Poltergeist|p1a: Tyranitar\n|-activate|p1a: Tyranitar|move: Poltergeist|Leftovers\n|-resisted|p1a: Tyranitar\n|-damage|p1a: Tyranitar|73/100\n|-damage|p2a: Decidueye|102/281|[from] item: Life Orb\n|\n|-weather|Sandstorm|[upkeep]\n|-damage|p2a: Decidueye|85/281|[from] Sandstorm\n|-heal|p1a: Tyranitar|79/100|[from] item: Leftovers\n|upkeep\n|turn|11\n|inactive|Time left: 300 sec this turn | 300 sec total\n|\n|t:|1783568320\n|switch|p1a: Slowking|Slowking-Galar, L85, M|100/100\n|move|p2a: Decidueye|Leaf Blade|p1a: Slowking\n|-resisted|p1a: Slowking\n|-damage|p1a: Slowking|60/100\n|-damage|p2a: Decidueye|57/281|[from] item: Life Orb\n|\n|-weather|Sandstorm|[upkeep]\n|-damage|p2a: Decidueye|40/281|[from] Sandstorm\n|-damage|p1a: Slowking|54/100|[from] Sandstorm\n|upkeep\n|turn|12\n|inactive|Time left: 300 sec this turn | 300 sec total\n|\n|t:|1783568321\n|switch|p1a: Tyranitar|Tyranitar, L78, M|79/100\n|move|p2a: Decidueye|Leaf Blade|p1a: Tyranitar\n|-supereffective|p1a: Tyranitar\n|-damage|p1a: Tyranitar|0 fnt\n|faint|p1a: Tyranitar\n|-damage|p2a: Decidueye|12/281|[from] item: Life Orb\n|\n|-weather|Sandstorm|[upkeep]\n|-damage|p2a: Decidueye|0 fnt|[from] Sandstorm\n|faint|p2a: Decidueye\n|upkeep\n|inactive|Time left: 300 sec this turn | 300 sec total | 5 sec grace\n|\n|t:|1783568322\n|switch|p2a: Shiftry|Shiftry, L89, F|305/305\n|switch|p1a: Slowking|Slowking-Galar, L85, M|88/100\n|turn|13\n|inactive|Time left: 300 sec this turn | 300 sec total\n|\n|t:|1783568323\n|-terastallize|p1a: Slowking|Water\n|move|p2a: Shiftry|Knock Off|p1a: Slowking\n|-damage|p1a: Slowking|37/100\n|-enditem|p1a: Slowking|Assault Vest|[from] move: Knock Off|[of] p2a: Shiftry\n|-damage|p2a: Shiftry|275/305|[from] item: Life Orb\n|move|p1a: Slowking|Sludge Bomb|p2a: Shiftry\n|-supereffective|p2a: Shiftry\n|-damage|p2a: Shiftry|0 fnt\n|faint|p2a: Shiftry\n|\n|-weather|Sandstorm|[upkeep]\n|-damage|p1a: Slowking|31/100|[from] Sandstorm\n|upkeep\n|inactive|Time left: 300 sec this turn | 300 sec total | 5 sec grace\n|\n|t:|1783568324\n|switch|p2a: Rotom|Rotom, L88|231/231\n|turn|14\n|inactive|Time left: 300 sec this turn | 300 sec total\n|\n|t:|1783568325\n|switch|p1a: Luxray|Luxray, L88, F|46/100 brn\n|move|p2a: Rotom|Shadow Ball|p1a: Luxray\n|-crit|p1a: Luxray\n|-damage|p1a: Luxray|0 fnt\n|faint|p1a: Luxray\n|-damage|p2a: Rotom|208/231|[from] item: Life Orb\n|\n|-weather|none\n|upkeep\n|\n|t:|1783568326\n|switch|p1a: Slowking|Slowking-Galar, L85, M, tera:Water|64/100\n|turn|15\n|inactive|Time left: 300 sec this turn | 300 sec total\n|\n|t:|1783568327\n|move|p2a: Rotom|Thunderbolt|p1a: Slowking\n|-supereffective|p1a: Slowking\n|-damage|p1a: Slowking|0 fnt\n|faint|p1a: Slowking\n|-damage|p2a: Rotom|185/231|[from] item: Life Orb\n|\n|win|p0y2529b6c0", "uploadtime": 1783568327, "views": 0, "rating": 0, "private": 0, "password": null, "_winner": "p0y2529b6c0", "_our_name": "p0y2529b6c0"}