{"id": "battle-gen9randombattle-161", "formatid": "gen9randombattle", "format": "[Gen 9] Random Battle", "players": ["p0x161eb94", "p0y161c3fc"], "log": "|init|battle\n|title|p0x161eb94 vs. p0y161c3fc\n|j|\u2606p0x161eb94\n|j|\u2606p0y161c3fc\n|t:|1783535113\n|gametype|singles\n|player|p1|p0x161eb94|169|\n|player|p2|p0y161c3fc|265|\n|gen|9\n|tier|[Gen 9] Random Battle\n|rule|Species Clause: Limit one of each Pok\u00e9mon\n|rule|HP Percentage Mod: HP is shown in percentages\n|rule|Sleep Clause Mod: Limit one foe put to sleep\n|rule|Illusion Level Mod: Illusion disguises the Pok\u00e9mon's true level\n|\n|t:|1783535113\n|teamsize|p1|6\n|teamsize|p2|6\n|start\n|switch|p1a: Medicham|Medicham, L86, F|100/100\n|switch|p2a: Volbeat|Volbeat, L90, M|263/263\n|turn|1\n|inactive|Battle timer is ON: inactive players will automatically lose when time's up. (requested by p0x161eb94)\n|inactive|Time left: 300 sec this turn | 300 sec total | 60 sec grace\n|inactive|p0y161c3fc also wants the timer to be on.\n|\n|t:|1783535115\n|move|p1a: Medicham|Close Combat|p2a: Volbeat\n|-resisted|p2a: Volbeat\n|-damage|p2a: Volbeat|165/263\n|-unboost|p1a: Medicham|def|1\n|-unboost|p1a: Medicham|spd|1\n|move|p2a: Volbeat|Lunge|p1a: Medicham\n|-damage|p1a: Medicham|49/100\n|-unboost|p1a: Medicham|atk|1\n|\n|upkeep\n|turn|2\n|inactive|Time left: 300 sec this turn | 300 sec total\n|\n|t:|1783535116\n|switch|p1a: Qwilfish|Qwilfish-Hisui, L83, F|100/100\n|-ability|p1a: Qwilfish|Intimidate|boost\n|-unboost|p2a: Volbeat|atk|1\n|switch|p2a: Heracross|Heracross, L80, M|259/259\n|\n|-status|p2a: Heracross|brn|[from] item: Flame Orb\n|upkeep\n|turn|3\n|inactive|Time left: 300 sec this turn | 300 sec total\n|\n|t:|1783535117\n|move|p1a: Qwilfish|Gunk Shot|p2a: Heracross\n|-damage|p2a: Heracross|105/259 brn\n|move|p2a: Heracross|Facade|p1a: Qwilfish\n|-damage|p1a: Qwilfish|53/100\n|\n|-damage|p2a: Heracross|89/259 brn|[from] brn\n|upkeep\n|turn|4\n|inactive|Time left: 300 sec this turn | 300 sec total\n|\n|t:|1783535118\n|switch|p2a: Eternatus|Eternatus, L69|308/308\n|-ability|p2a: Eternatus|Pressure\n|move|p1a: Qwilfish|Gunk Shot|p2a: Eternatus\n|-resisted|p2a: Eternatus\n|-damage|p2a: Eternatus|237/308\n|\n|upkeep\n|turn|5\n|inactive|Time left: 300 sec this turn | 300 sec total\n|\n|t:|1783535120\n|move|p2a: Eternatus|Meteor Beam||[still]\n|-prepare|p2a: Eternatus|Meteor Beam\n|-boost|p2a: Eternatus|spa|1\n|-enditem|p2a: Eternatus|Power Herb\n|-anim|p2a: Eternatus|Meteor Beam|p1a: Qwilfish\n|-damage|p1a: Qwilfish|11/100\n|move|p1a: Qwilfish|Crunch|p2a: Eternatus\n|-damage|p2a: Eternatus|135/308\n|\n|upkeep\n|turn|6\n|inactive|Time left: 300 sec this turn | 300 sec total\n|\n|t:|1783535121\n|switch|p1a: Clefable|Clefable, L83, F|100/100\n|move|p2a: Eternatus|Sludge Bomb|p1a: Clefable\n|-supereffective|p1a: Clefable\n|-damage|p1a: Clefable|40/100\n|\n|-heal|p1a: Clefable|47/100|[from] item: Leftovers\n|upkeep\n|turn|7\n|inactive|Time left: 300 sec this turn | 300 sec total\n|\n|t:|1783535122\n|move|p2a: Eternatus|Sludge Bomb|p1a: Clefable\n|-supereffective|p1a: Clefable\n|-damage|p1a: Clefable|0 fnt\n|faint|p1a: Clefable\n|\n|upkeep\n|\n|t:|1783535123\n|switch|p1a: Medicham|Medicham, L86, F|49/100\n|turn|8\n|inactive|Time left: 300 sec this turn | 300 sec total\n|\n|t:|1783535124\n|move|p1a: Medicham|Zen Headbutt|p2a: Eternatus\n|-supereffective|p2a: Eternatus\n|-damage|p2a: Eternatus|0 fnt\n|faint|p2a: Eternatus\n|\n|upkeep\n|inactive|Time left: 300 sec this turn | 300 sec total | 5 sec grace\n|\n|t:|1783535125\n|switch|p2a: Noivern|Noivern, L82, M|274/274\n|turn|9\n|inactive|Time left: 300 sec this turn | 300 sec total\n|\n|t:|1783535126\n|move|p1a: Medicham|Zen Headbutt|p2a: Noivern\n|-damage|p2a: Noivern|145/274\n|move|p2a: Noivern|Boomburst|p1a: Medicham\n|-damage|p1a: Medicham|0 fnt\n|faint|p1a: Medicham\n|\n|upkeep\n|\n|t:|1783535127\n|switch|p1a: Zarude|Zarude, L77|100/100\n|turn|10\n|inactive|Time left: 300 sec this turn | 300 sec total\n|\n|t:|1783535128\n|switch|p2a: Iron Hands|Iron Hands, L79|373/373\n|move|p1a: Zarude|Knock Off|p2a: Iron Hands\n|-resisted|p2a: Iron Hands\n|-damage|p2a: Iron Hands|327/373\n|-enditem|p2a: Iron Hands|Assault Vest|[from] move: Knock Off|[of] p1a: Zarude\n|\n|upkeep\n|turn|11\n|inactive|Time left: 300 sec this turn | 300 sec total\n|\n|t:|1783535129\n|switch|p1a: Toxicroak|Toxicroak, L84, M|100/100\n|move|p2a: Iron Hands|Close Combat|p1a: Toxicroak\n|-resisted|p1a: Toxicroak\n|-damage|p1a: Toxicroak|66/100\n|-unboost|p2a: Iron Hands|def|1\n|-unboost|p2a: Iron Hands|spd|1\n|\n|upkeep\n|turn|12\n|inactive|Time left: 300 sec this turn | 300 sec total\n|\n|t:|1783535130\n|move|p1a: Toxicroak|Gunk Shot|p2a: Iron Hands\n|-damage|p2a: Iron Hands|72/373\n|-damage|p1a: Toxicroak|56/100|[from] item: Life Orb\n|move|p2a: Iron Hands|Wild Charge|p1a: Toxicroak\n|-damage|p1a: Toxicroak|2/100\n|-damage|p2a: Iron Hands|34/373|[from] Recoil\n|\n|upkeep\n|turn|13\n|inactive|Time left: 300 sec this turn | 300 sec total\n|\n|t:|1783535131\n|move|p1a: Toxicroak|Close Combat|p2a: Iron Hands\n|-damage|p2a: Iron Hands|0 fnt\n|-unboost|p1a: Toxicroak|def|1\n|-unboost|p1a: Toxicroak|spd|1\n|faint|p2a: Iron Hands\n|-end|p2a: Iron Hands|Quark Drive|[silent]\n|-damage|p1a: Toxicroak|0 fnt|[from] item: Life Orb\n|faint|p1a: Toxicroak\n|\n|upkeep\n|inactive|Time left: 300 sec this turn | 300 sec total | 5 sec grace\n|\n|t:|1783535132\n|switch|p1a: Zarude|Zarude, L77|100/100\n|switch|p2a: Noivern|Noivern, L82, M|145/274\n|turn|14\n|inactive|Time left: 300 sec this turn | 300 sec total\n|\n|t:|1783535133\n|-terastallize|p1a: Zarude|Dark\n|move|p2a: Noivern|Hurricane|p1a: Zarude|[miss]\n|-miss|p2a: Noivern|p1a: Zarude\n|move|p1a: Zarude|Knock Off|p2a: Noivern\n|-damage|p2a: Noivern|0 fnt\n|-enditem|p2a: Noivern|Choice Specs|[from] move: Knock Off|[of] p1a: Zarude\n|faint|p2a: Noivern\n|\n|upkeep\n|inactive|Time left: 300 sec this turn | 300 sec total | 5 sec grace\n|\n|t:|1783535133\n|switch|p2a: Heracross|Heracross, L80, M|89/259 brn\n|turn|15\n|inactive|Time left: 300 sec this turn | 300 sec total\n|\n|t:|1783535134\n|switch|p1a: Qwilfish|Qwilfish-Hisui, L83, F|11/100\n|-ability|p1a: Qwilfish|Intimidate|boost\n|-unboost|p2a: Heracross|atk|1\n|move|p2a: Heracross|Close Combat|p1a: Qwilfish\n|-damage|p1a: Qwilfish|0 fnt\n|-unboost|p2a: Heracross|def|1\n|-unboost|p2a: Heracross|spd|1\n|faint|p1a: Qwilfish\n|\n|-damage|p2a: Heracross|73/259 brn|[from] brn\n|upkeep\n|\n|t:|1783535135\n|switch|p1a: Zarude|Zarude, L77, tera:Dark|100/100\n|turn|16\n|inactive|Time left: 300 sec this turn | 300 sec total\n|\n|t:|1783535136\n|switch|p2a: Volbeat|Volbeat, L90, M|165/263\n|move|p1a: Zarude|Knock Off|p2a: Volbeat\n|-damage|p2a: Volbeat|15/263\n|-enditem|p2a: Volbeat|Heavy-Duty Boots|[from] move: Knock Off|[of] p1a: Zarude\n|\n|upkeep\n|turn|17\n|inactive|Time left: 300 sec this turn | 300 sec total\n|\n|t:|1783535137\n|move|p1a: Zarude|Knock Off|p2a: Volbeat\n|-damage|p2a: Volbeat|0 fnt\n|faint|p2a: Volbeat\n|\n|upkeep\n|inactive|Time left: 300 sec this turn | 300 sec total | 5 sec grace\n|\n|t:|1783535138\n|switch|p2a: Typhlosion|Typhlosion-Hisui, L83, F|257/257\n|turn|18\n|inactive|Time left: 300 sec this turn | 300 sec total\n|\n|t:|1783535139\n|-terastallize|p2a: Typhlosion|Fire\n|move|p1a: Zarude|Knock Off|p2a: Typhlosion\n|-damage|p2a: Typhlosion|113/257\n|-enditem|p2a: Typhlosion|Heavy-Duty Boots|[from] move: Knock Off|[of] p1a: Zarude\n|move|p2a: Typhlosion|Fire Blast|p1a: Zarude\n|-damage|p1a: Zarude|32/100\n|\n|-heal|p1a: Zarude|38/100|[from] item: Leftovers\n|upkeep\n|turn|19\n|inactive|Time left: 300 sec this turn | 300 sec total\n|\n|t:|1783535140\n|move|p1a: Zarude|Synthesis|p1a: Zarude\n|-heal|p1a: Zarude|88/100\n|move|p2a: Typhlosion|Will-O-Wisp|p1a: Zarude|[miss]\n|-miss|p2a: Typhlosion|p1a: Zarude\n|\n|-heal|p1a: Zarude|94/100|[from] item: Leftovers\n|upkeep\n|turn|20\n|inactive|Time left: 300 sec this turn | 300 sec total\n|\n|t:|1783535141\n|move|p1a: Zarude|Swords Dance|p1a: Zarude\n|-boost|p1a: Zarude|atk|2\n|move|p2a: Typhlosion|Will-O-Wisp|p1a: Zarude\n|-status|p1a: Zarude|brn\n|\n|-heal|p1a: Zarude|100/100 brn|[from] item: Leftovers\n|-damage|p1a: Zarude|94/100 brn|[from] brn\n|upkeep\n|turn|21\n|inactive|Time left: 300 sec this turn | 300 sec total\n|\n|t:|1783535142\n|move|p1a: Zarude|Swords Dance|p1a: Zarude\n|-boost|p1a: Zarude|atk|2\n|move|p2a: Typhlosion|Shadow Ball|p1a: Zarude\n|-resisted|p1a: Zarude\n|-crit|p1a: Zarude\n|-damage|p1a: Zarude|70/100 brn\n|\n|-heal|p1a: Zarude|77/100 brn|[from] item: Leftovers\n|-damage|p1a: Zarude|70/100 brn|[from] brn\n|upkeep\n|turn|22\n|inactive|Time left: 300 sec this turn | 300 sec total\n|\n|t:|1783535143\n|move|p1a: Zarude|Knock Off|p2a: Typhlosion\n|-damage|p2a: Typhlosion|0 fnt\n|faint|p2a: Typhlosion\n|\n|-heal|p1a: Zarude|77/100 brn|[from] item: Leftovers\n|-damage|p1a: Zarude|70/100 brn|[from] brn\n|upkeep\n|inactive|Time left: 300 sec this turn | 300 sec total | 5 sec grace\n|\n|t:|1783535144\n|switch|p2a: Heracross|Heracross, L80, M|73/259 brn\n|turn|23\n|inactive|Time left: 300 sec this turn | 300 sec total\n|\n|t:|1783535145\n|move|p1a: Zarude|Knock Off|p2a: Heracross\n|-resisted|p2a: Heracross\n|-damage|p2a: Heracross|0 fnt\n|-enditem|p2a: Heracross|Flame Orb|[from] move: Knock Off|[of] p1a: Zarude\n|faint|p2a: Heracross\n|\n|win|p0x161eb94", "uploadtime": 1783535145, "views": 0, "rating": 0, "private": 0, "password": null, "_winner": "p0x161eb94", "_our_name": "p0y161c3fc"}