{"id": "battle-gen9randombattle-198", "formatid": "gen9randombattle", "format": "[Gen 9] Random Battle", "players": ["p0x1985e53", "p0y19896a0"], "log": "|init|battle\n|title|p0x1985e53 vs. p0y19896a0\n|j|\u2606p0x1985e53\n|j|\u2606p0y19896a0\n|t:|1783536059\n|gametype|singles\n|player|p1|p0x1985e53|266|\n|player|p2|p0y19896a0|169|\n|gen|9\n|tier|[Gen 9] Random Battle\n|rule|Species Clause: Limit one of each Pok\u00e9mon\n|rule|HP Percentage Mod: HP is shown in percentages\n|rule|Sleep Clause Mod: Limit one foe put to sleep\n|rule|Illusion Level Mod: Illusion disguises the Pok\u00e9mon's true level\n|\n|t:|1783536059\n|teamsize|p1|6\n|teamsize|p2|6\n|start\n|switch|p1a: Lucario|Lucario, L84, M|100/100\n|switch|p2a: Koraidon|Koraidon, L64|235/235\n|-weather|SunnyDay|[from] ability: Orichalcum Pulse|[of] p2a: Koraidon\n|-activate|p2a: Koraidon|Orichalcum Pulse|[source]\n|turn|1\n|inactive|Battle timer is ON: inactive players will automatically lose when time's up. (requested by p0x1985e53)\n|inactive|Time left: 300 sec this turn | 300 sec total | 60 sec grace\n|inactive|p0y19896a0 also wants the timer to be on.\n|\n|t:|1783536061\n|switch|p1a: Houndstone|Houndstone, L86, F|100/100\n|move|p2a: Koraidon|Outrage|p1a: Houndstone\n|-damage|p1a: Houndstone|70/100\n|\n|-weather|SunnyDay|[upkeep]\n|upkeep\n|turn|2\n|inactive|Time left: 300 sec this turn | 300 sec total\n|\n|t:|1783536062\n|move|p2a: Koraidon|Outrage|p1a: Houndstone|[from] lockedmove\n|-crit|p1a: Houndstone\n|-damage|p1a: Houndstone|23/100\n|move|p1a: Houndstone|Poltergeist|p2a: Koraidon\n|-activate|p2a: Koraidon|move: Poltergeist|Choice Band\n|-damage|p2a: Koraidon|52/235\n|\n|-weather|SunnyDay|[upkeep]\n|upkeep\n|turn|3\n|inactive|Time left: 300 sec this turn | 300 sec total\n|\n|t:|1783536063\n|switch|p1a: Lucario|Lucario, L84, M|100/100\n|move|p2a: Koraidon|Outrage|p1a: Lucario|[from] lockedmove\n|-resisted|p1a: Lucario\n|-damage|p1a: Lucario|57/100\n|-start|p2a: Koraidon|confusion|[fatigue]\n|\n|-weather|SunnyDay|[upkeep]\n|upkeep\n|turn|4\n|inactive|Time left: 300 sec this turn | 300 sec total\n|\n|t:|1783536065\n|-activate|p2a: Koraidon|confusion\n|move|p2a: Koraidon|Outrage|p1a: Lucario\n|-resisted|p1a: Lucario\n|-damage|p1a: Lucario|13/100\n|move|p1a: Lucario|Swords Dance|p1a: Lucario\n|-boost|p1a: Lucario|atk|2\n|\n|-weather|SunnyDay|[upkeep]\n|upkeep\n|turn|5\n|inactive|Time left: 300 sec this turn | 300 sec total\n|\n|t:|1783536065\n|move|p1a: Lucario|Extreme Speed|p2a: Koraidon\n|-damage|p2a: Koraidon|0 fnt\n|faint|p2a: Koraidon\n|-damage|p1a: Lucario|3/100|[from] item: Life Orb\n|\n|-weather|none\n|upkeep\n|inactive|Time left: 300 sec this turn | 300 sec total | 5 sec grace\n|\n|t:|1783536066\n|switch|p2a: Chien-Pao|Chien-Pao, L72|234/234\n|-ability|p2a: Chien-Pao|Sword of Ruin\n|turn|6\n|inactive|Time left: 300 sec this turn | 300 sec total\n|\n|t:|1783536068\n|move|p1a: Lucario|Extreme Speed|p2a: Chien-Pao\n|-damage|p2a: Chien-Pao|27/234\n|-damage|p1a: Lucario|0 fnt|[from] item: Life Orb\n|faint|p1a: Lucario\n|move|p2a: Chien-Pao|Sacred Sword|p1: Lucario|[notarget]\n|-fail|p2a: Chien-Pao\n|\n|upkeep\n|\n|t:|1783536068\n|switch|p1a: Grafaiai|Grafaiai, L86, F|100/100\n|turn|7\n|inactive|Time left: 300 sec this turn | 300 sec total\n|\n|t:|1783536069\n|move|p1a: Grafaiai|Swords Dance|p1a: Grafaiai\n|-boost|p1a: Grafaiai|atk|2\n|move|p2a: Chien-Pao|Swords Dance|p2a: Chien-Pao\n|-boost|p2a: Chien-Pao|atk|2\n|\n|upkeep\n|turn|8\n|inactive|Time left: 300 sec this turn | 300 sec total\n|\n|t:|1783536070\n|move|p1a: Grafaiai|Knock Off|p2a: Chien-Pao\n|-resisted|p2a: Chien-Pao\n|-damage|p2a: Chien-Pao|0 fnt\n|-enditem|p2a: Chien-Pao|Heavy-Duty Boots|[from] move: Knock Off|[of] p1a: Grafaiai\n|faint|p2a: Chien-Pao\n|-damage|p1a: Grafaiai|91/100|[from] item: Life Orb\n|\n|upkeep\n|inactive|Time left: 300 sec this turn | 300 sec total | 5 sec grace\n|\n|t:|1783536071\n|switch|p2a: Tentacruel|Tentacruel, L84, F|272/272\n|turn|9\n|inactive|Time left: 300 sec this turn | 300 sec total\n|\n|t:|1783536072\n|move|p1a: Grafaiai|Knock Off|p2a: Tentacruel\n|-damage|p2a: Tentacruel|45/272\n|-enditem|p2a: Tentacruel|Assault Vest|[from] move: Knock Off|[of] p1a: Grafaiai\n|-damage|p1a: Grafaiai|81/100|[from] item: Life Orb\n|move|p2a: Tentacruel|Knock Off|p1a: Grafaiai\n|-crit|p1a: Grafaiai\n|-damage|p1a: Grafaiai|40/100\n|-enditem|p1a: Grafaiai|Life Orb|[from] move: Knock Off|[of] p2a: Tentacruel\n|\n|upkeep\n|turn|10\n|inactive|Time left: 300 sec this turn | 300 sec total\n|\n|t:|1783536073\n|move|p1a: Grafaiai|Knock Off|p2a: Tentacruel\n|-damage|p2a: Tentacruel|0 fnt\n|faint|p2a: Tentacruel\n|\n|upkeep\n|inactive|Time left: 300 sec this turn | 300 sec total | 5 sec grace\n|\n|t:|1783536074\n|switch|p2a: Pincurchin|Pincurchin, M|258/258\n|-fieldstart|move: Electric Terrain|[from] ability: Electric Surge|[of] p2a: Pincurchin\n|turn|11\n|inactive|Time left: 300 sec this turn | 300 sec total\n|\n|t:|1783536075\n|move|p1a: Grafaiai|Gunk Shot|p2a: Pincurchin\n|-damage|p2a: Pincurchin|38/258\n|move|p2a: Pincurchin|Discharge|p1a: Grafaiai\n|-damage|p1a: Grafaiai|0 fnt\n|faint|p1a: Grafaiai\n|\n|-heal|p2a: Pincurchin|54/258|[from] item: Leftovers\n|upkeep\n|\n|t:|1783536076\n|switch|p1a: Houndstone|Houndstone, L86, F|23/100\n|turn|12\n|inactive|Time left: 300 sec this turn | 300 sec total\n|\n|t:|1783536077\n|move|p1a: Houndstone|Body Press|p2a: Pincurchin\n|-damage|p2a: Pincurchin|0 fnt\n|faint|p2a: Pincurchin\n|\n|upkeep\n|inactive|Time left: 300 sec this turn | 300 sec total | 5 sec grace\n|\n|t:|1783536078\n|switch|p2a: Kyogre|Kyogre, L71|259/259\n|-weather|RainDance|[from] ability: Drizzle|[of] p2a: Kyogre\n|turn|13\n|inactive|Time left: 300 sec this turn | 300 sec total\n|\n|t:|1783536079\n|move|p2a: Kyogre|Calm Mind|p2a: Kyogre\n|-boost|p2a: Kyogre|spa|1\n|-boost|p2a: Kyogre|spd|1\n|move|p1a: Houndstone|Body Press|p2a: Kyogre\n|-damage|p2a: Kyogre|161/259\n|\n|-weather|RainDance|[upkeep]\n|-heal|p2a: Kyogre|177/259|[from] item: Leftovers\n|upkeep\n|turn|14\n|inactive|Time left: 300 sec this turn | 300 sec total\n|\n|t:|1783536080\n|move|p2a: Kyogre|Thunder|p1a: Houndstone\n|-damage|p1a: Houndstone|0 fnt\n|faint|p1a: Houndstone\n|\n|-weather|RainDance|[upkeep]\n|-heal|p2a: Kyogre|193/259|[from] item: Leftovers\n|upkeep\n|\n|t:|1783536081\n|switch|p1a: Brambleghast|Brambleghast, L88, M|100/100\n|turn|15\n|inactive|Time left: 300 sec this turn | 300 sec total\n|\n|t:|1783536082\n|-terastallize|p2a: Kyogre|Dragon\n|move|p1a: Brambleghast|Power Whip|p2a: Kyogre\n|-resisted|p2a: Kyogre\n|-damage|p2a: Kyogre|100/259\n|move|p2a: Kyogre|Ice Beam|p1a: Brambleghast\n|-supereffective|p1a: Brambleghast\n|-damage|p1a: Brambleghast|15/100\n|\n|-weather|RainDance|[upkeep]\n|-heal|p1a: Brambleghast|21/100|[from] item: Leftovers\n|-heal|p2a: Kyogre|116/259|[from] item: Leftovers\n|-fieldend|move: Electric Terrain\n|upkeep\n|turn|16\n|inactive|Time left: 300 sec this turn | 300 sec total\n|\n|t:|1783536083\n|move|p1a: Brambleghast|Poltergeist|p2a: Kyogre\n|-activate|p2a: Kyogre|move: Poltergeist|Leftovers\n|-crit|p2a: Kyogre\n|-damage|p2a: Kyogre|0 fnt\n|faint|p2a: Kyogre\n|\n|-weather|RainDance|[upkeep]\n|-heal|p1a: Brambleghast|27/100|[from] item: Leftovers\n|upkeep\n|inactive|Time left: 300 sec this turn | 300 sec total | 5 sec grace\n|\n|t:|1783536084\n|switch|p2a: Virizion|Virizion, L82|283/283\n|turn|17\n|inactive|Time left: 300 sec this turn | 300 sec total\n|\n|t:|1783536085\n|move|p2a: Virizion|Swords Dance|p2a: Virizion\n|-boost|p2a: Virizion|atk|2\n|move|p1a: Brambleghast|Poltergeist|p2a: Virizion\n|-activate|p2a: Virizion|move: Poltergeist|Life Orb\n|-damage|p2a: Virizion|97/283\n|\n|-weather|none\n|-heal|p1a: Brambleghast|33/100|[from] item: Leftovers\n|upkeep\n|turn|18\n|inactive|Time left: 300 sec this turn | 300 sec total\n|\n|t:|1783536086\n|-terastallize|p1a: Brambleghast|Steel\n|move|p2a: Virizion|Stone Edge|p1a: Brambleghast|[miss]\n|-miss|p2a: Virizion|p1a: Brambleghast\n|move|p1a: Brambleghast|Poltergeist|p2a: Virizion\n|-activate|p2a: Virizion|move: Poltergeist|Life Orb\n|-damage|p2a: Virizion|0 fnt\n|faint|p2a: Virizion\n|\n|win|p0x1985e53", "uploadtime": 1783536086, "views": 0, "rating": 0, "private": 0, "password": null, "_winner": "p0x1985e53", "_our_name": "p0y19896a0"}