{"id": "battle-gen9randombattle-14", "formatid": "gen9randombattle", "format": "[Gen 9] Random Battle", "players": ["p0x014fd32", "p0y0144728"], "log": "|init|battle\n|title|p0x014fd32 vs. p0y0144728\n|j|\u2606p0x014fd32\n|j|\u2606p0y0144728\n|t:|1783533980\n|gametype|singles\n|player|p1|p0x014fd32|265|\n|player|p2|p0y0144728|266|\n|gen|9\n|tier|[Gen 9] Random Battle\n|rule|Species Clause: Limit one of each Pok\u00e9mon\n|rule|HP Percentage Mod: HP is shown in percentages\n|rule|Sleep Clause Mod: Limit one foe put to sleep\n|rule|Illusion Level Mod: Illusion disguises the Pok\u00e9mon's true level\n|\n|t:|1783533980\n|teamsize|p1|6\n|teamsize|p2|6\n|start\n|switch|p1a: Floatzel|Floatzel, L86, M|286/286\n|switch|p2a: Sceptile|Sceptile, L87, F|100/100\n|turn|1\n|inactive|Battle timer is ON: inactive players will automatically lose when time's up. (requested by p0y0144728)\n|inactive|Time left: 300 sec this turn | 300 sec total | 60 sec grace\n|inactive|p0x014fd32 also wants the timer to be on.\n|\n|t:|1783533981\n|switch|p1a: Whimsicott|Whimsicott, L84, F|238/238\n|move|p2a: Sceptile|Leaf Storm|p1a: Whimsicott\n|-resisted|p1a: Whimsicott\n|-damage|p1a: Whimsicott|122/238\n|-unboost|p2a: Sceptile|spa|2\n|-damage|p2a: Sceptile|91/100|[from] item: Life Orb\n|\n|-heal|p1a: Whimsicott|136/238|[from] item: Leftovers\n|upkeep\n|turn|2\n|inactive|Time left: 300 sec this turn | 300 sec total\n|\n|t:|1783533983\n|switch|p2a: Serperior|Serperior, L79, F|100/100\n|move|p1a: Whimsicott|Moonblast|p2a: Serperior\n|-damage|p2a: Serperior|63/100\n|\n|-heal|p1a: Whimsicott|150/238|[from] item: Leftovers\n|upkeep\n|turn|3\n|inactive|Time left: 300 sec this turn | 300 sec total\n|\n|t:|1783533983\n|move|p1a: Whimsicott|Moonblast|p2a: Serperior\n|-damage|p2a: Serperior|27/100\n|-boost|p2a: Serperior|spa|1\n|move|p2a: Serperior|Leaf Storm|p1a: Whimsicott|[miss]\n|-miss|p2a: Serperior|p1a: Whimsicott\n|\n|-heal|p1a: Whimsicott|164/238|[from] item: Leftovers\n|upkeep\n|turn|4\n|inactive|Time left: 300 sec this turn | 300 sec total\n|\n|t:|1783533984\n|move|p1a: Whimsicott|Moonblast|p2a: Serperior\n|-damage|p2a: Serperior|0 fnt\n|faint|p2a: Serperior\n|\n|-heal|p1a: Whimsicott|178/238|[from] item: Leftovers\n|upkeep\n|\n|t:|1783533985\n|switch|p2a: Houndoom|Houndoom, L87, F|100/100\n|turn|5\n|inactive|Time left: 300 sec this turn | 300 sec total\n|\n|t:|1783533986\n|switch|p1a: Rampardos|Rampardos, L90, F|321/321\n|move|p2a: Houndoom|Nasty Plot|p2a: Houndoom\n|-boost|p2a: Houndoom|spa|2\n|\n|upkeep\n|turn|6\n|inactive|Time left: 300 sec this turn | 300 sec total\n|\n|t:|1783533987\n|move|p1a: Rampardos|Rock Slide|p2a: Houndoom\n|-supereffective|p2a: Houndoom\n|-damage|p2a: Houndoom|0 fnt\n|faint|p2a: Houndoom\n|\n|upkeep\n|\n|t:|1783533988\n|switch|p2a: Crabominable|Crabominable, L90, M|100/100\n|turn|7\n|inactive|Time left: 300 sec this turn | 300 sec total\n|\n|t:|1783533989\n|switch|p1a: Whimsicott|Whimsicott, L84, F|178/238\n|move|p2a: Crabominable|Drain Punch|p1a: Whimsicott\n|-resisted|p1a: Whimsicott\n|-damage|p1a: Whimsicott|110/238\n|\n|-heal|p1a: Whimsicott|124/238|[from] item: Leftovers\n|upkeep\n|turn|8\n|inactive|Time left: 300 sec this turn | 300 sec total\n|\n|t:|1783533990\n|move|p1a: Whimsicott|Leech Seed|p2a: Crabominable\n|-start|p2a: Crabominable|move: Leech Seed\n|move|p2a: Crabominable|Ice Hammer|p1a: Whimsicott\n|-supereffective|p1a: Whimsicott\n|-damage|p1a: Whimsicott|0 fnt\n|-unboost|p2a: Crabominable|spe|1\n|faint|p1a: Whimsicott\n|\n|upkeep\n|inactive|Time left: 300 sec this turn | 300 sec total | 5 sec grace\n|\n|t:|1783533991\n|switch|p1a: Kleavor|Kleavor, L78, M|237/237\n|turn|9\n|inactive|Time left: 300 sec this turn | 300 sec total\n|\n|t:|1783533992\n|move|p1a: Kleavor|Stone Axe|p2a: Crabominable\n|-crit|p2a: Crabominable\n|-damage|p2a: Crabominable|11/100\n|-sidestart|p2: p0y0144728|move: Stealth Rock\n|move|p2a: Crabominable|Drain Punch|p1a: Kleavor\n|-damage|p1a: Kleavor|99/237\n|-heal|p2a: Crabominable|32/100|[from] drain|[of] p1a: Kleavor\n|\n|-damage|p2a: Crabominable|20/100|[from] Leech Seed|[of] p1a: Kleavor\n|-heal|p1a: Kleavor|139/237|[silent]\n|upkeep\n|turn|10\n|inactive|Time left: 300 sec this turn | 300 sec total\n|\n|t:|1783533993\n|move|p1a: Kleavor|Stone Axe|p2a: Crabominable\n|-damage|p2a: Crabominable|0 fnt\n|faint|p2a: Crabominable\n|\n|upkeep\n|\n|t:|1783533994\n|switch|p2a: Pikachu|Pikachu-Kalos, L93, F|100/100\n|-damage|p2a: Pikachu|88/100|[from] Stealth Rock\n|turn|11\n|inactive|Time left: 300 sec this turn | 300 sec total\n|\n|t:|1783533995\n|switch|p1a: Ting-Lu|Ting-Lu, L78|370/370\n|-ability|p1a: Ting-Lu|Vessel of Ruin\n|move|p2a: Pikachu|Volt Switch|p1a: Ting-Lu\n|-immune|p1a: Ting-Lu\n|\n|upkeep\n|turn|12\n|inactive|Time left: 300 sec this turn | 300 sec total\n|\n|t:|1783533996\n|-terastallize|p2a: Pikachu|Water\n|move|p2a: Pikachu|Surf|p1a: Ting-Lu\n|-supereffective|p1a: Ting-Lu\n|-damage|p1a: Ting-Lu|118/370\n|move|p1a: Ting-Lu|Earthquake|p2a: Pikachu\n|-damage|p2a: Pikachu|17/100\n|\n|-heal|p1a: Ting-Lu|141/370|[from] item: Leftovers\n|upkeep\n|turn|13\n|inactive|Time left: 300 sec this turn | 300 sec total\n|\n|t:|1783533997\n|move|p2a: Pikachu|Surf|p1a: Ting-Lu\n|-supereffective|p1a: Ting-Lu\n|-damage|p1a: Ting-Lu|0 fnt\n|faint|p1a: Ting-Lu\n|\n|upkeep\n|inactive|Time left: 300 sec this turn | 300 sec total | 5 sec grace\n|\n|t:|1783533998\n|switch|p1a: Rampardos|Rampardos, L90, F|321/321\n|turn|14\n|inactive|Time left: 300 sec this turn | 300 sec total\n|\n|t:|1783533999\n|switch|p2a: Mightyena|Mightyena, L96, F|100/100\n|-damage|p2a: Mightyena|88/100|[from] Stealth Rock\n|-ability|p2a: Mightyena|Intimidate|boost\n|-unboost|p1a: Rampardos|atk|1\n|move|p1a: Rampardos|Fire Punch|p2a: Mightyena\n|-crit|p2a: Mightyena\n|-damage|p2a: Mightyena|24/100\n|\n|-heal|p2a: Mightyena|30/100|[from] item: Leftovers\n|upkeep\n|turn|15\n|inactive|Time left: 300 sec this turn | 300 sec total\n|\n|t:|1783534000\n|move|p1a: Rampardos|Fire Punch|p2a: Mightyena\n|-damage|p2a: Mightyena|3/100\n|move|p2a: Mightyena|Crunch|p1a: Rampardos\n|-damage|p1a: Rampardos|192/321\n|\n|-heal|p2a: Mightyena|9/100|[from] item: Leftovers\n|upkeep\n|turn|16\n|inactive|Time left: 300 sec this turn | 300 sec total\n|\n|t:|1783534001\n|move|p1a: Rampardos|Fire Punch|p2a: Mightyena\n|-damage|p2a: Mightyena|0 fnt\n|faint|p2a: Mightyena\n|\n|upkeep\n|\n|t:|1783534002\n|switch|p2a: Sceptile|Sceptile, L87, F|91/100\n|-damage|p2a: Sceptile|78/100|[from] Stealth Rock\n|turn|17\n|inactive|Time left: 300 sec this turn | 300 sec total\n|\n|t:|1783534003\n|-terastallize|p1a: Rampardos|Ground\n|move|p2a: Sceptile|Leaf Storm|p1a: Rampardos\n|-supereffective|p1a: Rampardos\n|-damage|p1a: Rampardos|0 fnt\n|-unboost|p2a: Sceptile|spa|2\n|faint|p1a: Rampardos\n|-damage|p2a: Sceptile|68/100|[from] item: Life Orb\n|\n|upkeep\n|inactive|Time left: 300 sec this turn | 300 sec total | 5 sec grace\n|\n|t:|1783534004\n|switch|p1a: Kleavor|Kleavor, L78, M|139/237\n|turn|18\n|inactive|Time left: 300 sec this turn | 300 sec total\n|\n|t:|1783534005\n|move|p2a: Sceptile|Rock Slide|p1a: Kleavor\n|-supereffective|p1a: Kleavor\n|-damage|p1a: Kleavor|0 fnt\n|faint|p1a: Kleavor\n|-damage|p2a: Sceptile|58/100|[from] item: Life Orb\n|\n|upkeep\n|inactive|Time left: 300 sec this turn | 300 sec total | 5 sec grace\n|\n|t:|1783534006\n|switch|p1a: Floatzel|Floatzel, L86, M|286/286\n|turn|19\n|inactive|Time left: 300 sec this turn | 300 sec total\n|\n|t:|1783534007\n|move|p2a: Sceptile|Leaf Storm|p1a: Floatzel|[miss]\n|-miss|p2a: Sceptile|p1a: Floatzel\n|move|p1a: Floatzel|Ice Spinner|p2a: Sceptile\n|-supereffective|p2a: Sceptile\n|-damage|p2a: Sceptile|4/100\n|\n|upkeep\n|turn|20\n|inactive|Time left: 300 sec this turn | 300 sec total\n|\n|t:|1783534008\n|move|p2a: Sceptile|Earthquake|p1a: Floatzel\n|-damage|p1a: Floatzel|155/286\n|-damage|p2a: Sceptile|0 fnt|[from] item: Life Orb\n|faint|p2a: Sceptile\n|move|p1a: Floatzel|Ice Spinner|p2: Sceptile|[notarget]\n|-fail|p1a: Floatzel\n|\n|-heal|p1a: Floatzel|172/286|[from] item: Leftovers\n|upkeep\n|\n|t:|1783534008\n|switch|p2a: Pikachu|Pikachu-Kalos, L93, F, tera:Water|17/100\n|-damage|p2a: Pikachu|4/100|[from] Stealth Rock\n|turn|21\n|inactive|Time left: 300 sec this turn | 300 sec total\n|\n|t:|1783534009\n|move|p2a: Pikachu|Fake Out|p1a: Floatzel\n|-damage|p1a: Floatzel|108/286\n|cant|p1a: Floatzel|flinch\n|\n|-heal|p1a: Floatzel|125/286|[from] item: Leftovers\n|upkeep\n|turn|22\n|inactive|Time left: 300 sec this turn | 300 sec total\n|\n|t:|1783534010\n|move|p1a: Floatzel|Wave Crash|p2a: Pikachu\n|-resisted|p2a: Pikachu\n|-damage|p2a: Pikachu|0 fnt\n|faint|p2a: Pikachu\n|-damage|p1a: Floatzel|122/286|[from] Recoil\n|\n|win|p0x014fd32", "uploadtime": 1783534010, "views": 0, "rating": 0, "private": 0, "password": null, "_winner": "p0x014fd32", "_our_name": "p0x014fd32"}