{"id": "battle-gen9randombattle-1602", "formatid": "gen9randombattle", "format": "[Gen 9] Random Battle", "players": ["p0x1602bedd", "p0y16028788"], "log": "|init|battle\n|title|p0x1602bedd vs. p0y16028788\n|j|\u2606p0x1602bedd\n|j|\u2606p0y16028788\n|t:|1783558549\n|gametype|singles\n|player|p1|p0x1602bedd|266|\n|player|p2|p0y16028788|2|\n|gen|9\n|tier|[Gen 9] Random Battle\n|rule|Species Clause: Limit one of each Pok\u00e9mon\n|rule|HP Percentage Mod: HP is shown in percentages\n|rule|Sleep Clause Mod: Limit one foe put to sleep\n|rule|Illusion Level Mod: Illusion disguises the Pok\u00e9mon's true level\n|\n|t:|1783558549\n|teamsize|p1|6\n|teamsize|p2|6\n|start\n|switch|p1a: Gurdurr|Gurdurr, L85, M|283/283\n|switch|p2a: Frosmoth|Frosmoth, L82, F|100/100\n|turn|1\n|inactive|Battle timer is ON: inactive players will automatically lose when time's up. (requested by p0y16028788)\n|inactive|Time left: 300 sec this turn | 300 sec total | 60 sec grace\n|inactive|p0x1602bedd also wants the timer to be on.\n|\n|t:|1783558550\n|move|p2a: Frosmoth|Quiver Dance|p2a: Frosmoth\n|-boost|p2a: Frosmoth|spa|1\n|-boost|p2a: Frosmoth|spd|1\n|-boost|p2a: Frosmoth|spe|1\n|move|p1a: Gurdurr|Drain Punch|p2a: Frosmoth\n|-damage|p2a: Frosmoth|54/100\n|\n|upkeep\n|turn|2\n|inactive|Time left: 300 sec this turn | 300 sec total\n|\n|t:|1783558551\n|move|p2a: Frosmoth|Hurricane|p1a: Gurdurr\n|-supereffective|p1a: Gurdurr\n|-damage|p1a: Gurdurr|3/283\n|-start|p1a: Gurdurr|confusion\n|-activate|p1a: Gurdurr|confusion\n|-damage|p1a: Gurdurr|0 fnt|[from] confusion\n|faint|p1a: Gurdurr\n|\n|upkeep\n|inactive|Time left: 300 sec this turn | 300 sec total | 5 sec grace\n|\n|t:|1783558552\n|switch|p1a: Registeel|Registeel, L81|262/262\n|turn|3\n|inactive|Time left: 300 sec this turn | 300 sec total\n|\n|t:|1783558554\n|move|p2a: Frosmoth|Ice Beam|p1a: Registeel\n|-resisted|p1a: Registeel\n|-damage|p1a: Registeel|208/262\n|move|p1a: Registeel|Iron Head|p2a: Frosmoth\n|-supereffective|p2a: Frosmoth\n|-crit|p2a: Frosmoth\n|-damage|p2a: Frosmoth|0 fnt\n|faint|p2a: Frosmoth\n|\n|-heal|p1a: Registeel|224/262|[from] item: Leftovers\n|upkeep\n|\n|t:|1783558555\n|switch|p2a: Quaquaval|Quaquaval, L79, F|100/100\n|turn|4\n|inactive|Time left: 300 sec this turn | 300 sec total\n|\n|t:|1783558556\n|move|p2a: Quaquaval|Aqua Step|p1a: Registeel\n|-damage|p1a: Registeel|164/262\n|-boost|p2a: Quaquaval|spe|1\n|move|p1a: Registeel|Thunder Wave|p2a: Quaquaval\n|-status|p2a: Quaquaval|par\n|\n|-heal|p1a: Registeel|180/262|[from] item: Leftovers\n|upkeep\n|turn|5\n|inactive|Time left: 300 sec this turn | 300 sec total\n|\n|t:|1783558557\n|switch|p1a: Lunala|Lunala, L70|308/308\n|move|p2a: Quaquaval|Swords Dance|p2a: Quaquaval\n|-boost|p2a: Quaquaval|atk|2\n|\n|upkeep\n|turn|6\n|inactive|Time left: 300 sec this turn | 300 sec total\n|\n|t:|1783558558\n|move|p1a: Lunala|Calm Mind|p1a: Lunala\n|-boost|p1a: Lunala|spa|1\n|-boost|p1a: Lunala|spd|1\n|move|p2a: Quaquaval|Aqua Step|p1a: Lunala\n|-crit|p1a: Lunala\n|-damage|p1a: Lunala|148/308\n|-boost|p2a: Quaquaval|spe|1\n|\n|-heal|p1a: Lunala|167/308|[from] item: Leftovers\n|upkeep\n|turn|7\n|inactive|Time left: 300 sec this turn | 300 sec total\n|\n|t:|1783558559\n|move|p2a: Quaquaval|Aqua Step|p1a: Lunala\n|-damage|p1a: Lunala|0 fnt\n|-boost|p2a: Quaquaval|spe|1\n|faint|p1a: Lunala\n|-ability|p2a: Quaquaval|Moxie|boost\n|-boost|p2a: Quaquaval|atk|1\n|\n|upkeep\n|inactive|Time left: 300 sec this turn | 300 sec total | 5 sec grace\n|\n|t:|1783558560\n|switch|p1a: Slowbro|Slowbro, L85, M|300/300\n|turn|8\n|inactive|Time left: 300 sec this turn | 300 sec total\n|\n|t:|1783558561\n|move|p2a: Quaquaval|Aqua Step|p1a: Slowbro\n|-resisted|p1a: Slowbro\n|-damage|p1a: Slowbro|209/300\n|-boost|p2a: Quaquaval|spe|1\n|move|p1a: Slowbro|Future Sight|p2a: Quaquaval\n|-start|p1a: Slowbro|move: Future Sight\n|\n|upkeep\n|turn|9\n|inactive|Time left: 300 sec this turn | 300 sec total\n|\n|t:|1783558562\n|move|p2a: Quaquaval|Aqua Step|p1a: Slowbro\n|-resisted|p1a: Slowbro\n|-damage|p1a: Slowbro|115/300\n|-boost|p2a: Quaquaval|spe|1\n|move|p1a: Slowbro|Body Press|p2a: Quaquaval\n|-damage|p2a: Quaquaval|70/100 par\n|\n|-heal|p2a: Quaquaval|76/100 par|[from] item: Leftovers\n|upkeep\n|turn|10\n|inactive|Time left: 300 sec this turn | 300 sec total\n|\n|t:|1783558564\n|-terastallize|p2a: Quaquaval|Steel\n|move|p2a: Quaquaval|Close Combat|p1a: Slowbro\n|-resisted|p1a: Slowbro\n|-damage|p1a: Slowbro|0 fnt\n|-unboost|p2a: Quaquaval|def|1\n|-unboost|p2a: Quaquaval|spd|1\n|faint|p1a: Slowbro\n|-ability|p2a: Quaquaval|Moxie|boost\n|-boost|p2a: Quaquaval|atk|1\n|\n|-end|p2a: Quaquaval|move: Future Sight\n|-resisted|p2a: Quaquaval\n|-damage|p2a: Quaquaval|31/100 par\n|-heal|p2a: Quaquaval|37/100 par|[from] item: Leftovers\n|upkeep\n|inactive|Time left: 300 sec this turn | 300 sec total | 5 sec grace\n|\n|t:|1783558564\n|switch|p1a: Registeel|Registeel, L81|180/262\n|turn|11\n|inactive|Time left: 300 sec this turn | 300 sec total\n|\n|t:|1783558565\n|cant|p2a: Quaquaval|par\n|move|p1a: Registeel|Body Press|p2a: Quaquaval\n|-supereffective|p2a: Quaquaval\n|-damage|p2a: Quaquaval|0 fnt\n|faint|p2a: Quaquaval\n|\n|-heal|p1a: Registeel|196/262|[from] item: Leftovers\n|upkeep\n|\n|t:|1783558566\n|switch|p2a: Arceus|Arceus-Ghost, L69|100/100\n|turn|12\n|inactive|Time left: 300 sec this turn | 300 sec total\n|\n|t:|1783558567\n|move|p2a: Arceus|Calm Mind|p2a: Arceus\n|-boost|p2a: Arceus|spa|1\n|-boost|p2a: Arceus|spd|1\n|move|p1a: Registeel|Stealth Rock|p2a: Arceus\n|-sidestart|p2: p0y16028788|move: Stealth Rock\n|\n|-heal|p1a: Registeel|212/262|[from] item: Leftovers\n|upkeep\n|turn|13\n|inactive|Time left: 300 sec this turn | 300 sec total\n|\n|t:|1783558568\n|move|p2a: Arceus|Judgment|p1a: Registeel\n|-damage|p1a: Registeel|100/262\n|move|p1a: Registeel|Thunder Wave|p2a: Arceus\n|-status|p2a: Arceus|par\n|\n|-heal|p1a: Registeel|116/262|[from] item: Leftovers\n|upkeep\n|turn|14\n|inactive|Time left: 300 sec this turn | 300 sec total\n|\n|t:|1783558569\n|move|p1a: Registeel|Iron Head|p2a: Arceus\n|-damage|p2a: Arceus|78/100 par\n|move|p2a: Arceus|Judgment|p1a: Registeel\n|-damage|p1a: Registeel|17/262\n|\n|-heal|p1a: Registeel|33/262|[from] item: Leftovers\n|upkeep\n|turn|15\n|inactive|Time left: 300 sec this turn | 300 sec total\n|\n|t:|1783558570\n|move|p1a: Registeel|Iron Head|p2a: Arceus\n|-crit|p2a: Arceus\n|-damage|p2a: Arceus|44/100 par\n|move|p2a: Arceus|Calm Mind|p2a: Arceus\n|-boost|p2a: Arceus|spa|1\n|-boost|p2a: Arceus|spd|1\n|\n|-heal|p1a: Registeel|49/262|[from] item: Leftovers\n|upkeep\n|turn|16\n|inactive|Time left: 300 sec this turn | 300 sec total\n|\n|t:|1783558571\n|move|p1a: Registeel|Iron Head|p2a: Arceus\n|-damage|p2a: Arceus|20/100 par\n|move|p2a: Arceus|Recover|p2a: Arceus\n|-heal|p2a: Arceus|70/100 par\n|\n|-heal|p1a: Registeel|65/262|[from] item: Leftovers\n|upkeep\n|turn|17\n|inactive|Time left: 300 sec this turn | 300 sec total\n|\n|t:|1783558572\n|move|p1a: Registeel|Iron Head|p2a: Arceus\n|-damage|p2a: Arceus|47/100 par\n|cant|p2a: Arceus|flinch\n|\n|-heal|p1a: Registeel|81/262|[from] item: Leftovers\n|upkeep\n|turn|18\n|inactive|Time left: 300 sec this turn | 300 sec total\n|\n|t:|1783558573\n|move|p1a: Registeel|Iron Head|p2a: Arceus\n|-damage|p2a: Arceus|24/100 par\n|move|p2a: Arceus|Recover|p2a: Arceus\n|-heal|p2a: Arceus|74/100 par\n|\n|-heal|p1a: Registeel|97/262|[from] item: Leftovers\n|upkeep\n|turn|19\n|inactive|Time left: 300 sec this turn | 300 sec total\n|\n|t:|1783558574\n|move|p1a: Registeel|Iron Head|p2a: Arceus\n|-damage|p2a: Arceus|50/100 par\n|cant|p2a: Arceus|par\n|\n|-heal|p1a: Registeel|113/262|[from] item: Leftovers\n|upkeep\n|turn|20\n|inactive|Time left: 300 sec this turn | 300 sec total\n|\n|t:|1783558575\n|move|p1a: Registeel|Iron Head|p2a: Arceus\n|-damage|p2a: Arceus|26/100 par\n|cant|p2a: Arceus|par\n|\n|-heal|p1a: Registeel|129/262|[from] item: Leftovers\n|upkeep\n|turn|21\n|inactive|Time left: 300 sec this turn | 300 sec total\n|\n|t:|1783558576\n|move|p1a: Registeel|Iron Head|p2a: Arceus\n|-damage|p2a: Arceus|5/100 par\n|move|p2a: Arceus|Recover|p2a: Arceus\n|-heal|p2a: Arceus|55/100 par\n|\n|-heal|p1a: Registeel|145/262|[from] item: Leftovers\n|upkeep\n|turn|22\n|inactive|Time left: 300 sec this turn | 300 sec total\n|\n|t:|1783558577\n|move|p1a: Registeel|Iron Head|p2a: Arceus\n|-damage|p2a: Arceus|35/100 par\n|move|p2a: Arceus|Recover|p2a: Arceus\n|-heal|p2a: Arceus|85/100 par\n|\n|-heal|p1a: Registeel|161/262|[from] item: Leftovers\n|upkeep\n|turn|23\n|inactive|Time left: 300 sec this turn | 300 sec total\n|\n|t:|1783558578\n|move|p1a: Registeel|Iron Head|p2a: Arceus\n|-damage|p2a: Arceus|63/100 par\n|cant|p2a: Arceus|flinch\n|\n|-heal|p1a: Registeel|177/262|[from] item: Leftovers\n|upkeep\n|turn|24\n|inactive|Time left: 300 sec this turn | 300 sec total\n|\n|t:|1783558579\n|move|p1a: Registeel|Iron Head|p2a: Arceus\n|-damage|p2a: Arceus|41/100 par\n|move|p2a: Arceus|Judgment|p1a: Registeel\n|-damage|p1a: Registeel|38/262\n|\n|-heal|p1a: Registeel|54/262|[from] item: Leftovers\n|upkeep\n|turn|25\n|inactive|Time left: 300 sec this turn | 300 sec total\n|\n|t:|1783558580\n|move|p1a: Registeel|Iron Head|p2a: Arceus\n|-damage|p2a: Arceus|19/100 par\n|cant|p2a: Arceus|flinch\n|\n|-heal|p1a: Registeel|70/262|[from] item: Leftovers\n|upkeep\n|turn|26\n|inactive|Time left: 300 sec this turn | 300 sec total\n|\n|t:|1783558581\n|move|p1a: Registeel|Iron Head|p2a: Arceus\n|-damage|p2a: Arceus|0 fnt\n|faint|p2a: Arceus\n|\n|-heal|p1a: Registeel|86/262|[from] item: Leftovers\n|upkeep\n|\n|t:|1783558582\n|switch|p2a: Poliwrath|Poliwrath, L88, M|100/100\n|-damage|p2a: Poliwrath|95/100|[from] Stealth Rock\n|turn|27\n|inactive|Time left: 300 sec this turn | 300 sec total\n|\n|t:|1783558583\n|move|p2a: Poliwrath|Drain Punch|p1a: Registeel\n|-supereffective|p1a: Registeel\n|-damage|p1a: Registeel|0 fnt\n|-heal|p2a: Poliwrath|100/100|[from] drain|[of] p1a: Registeel\n|faint|p1a: Registeel\n|\n|upkeep\n|inactive|Time left: 300 sec this turn | 300 sec total | 5 sec grace\n|\n|t:|1783558584\n|switch|p1a: Klefki|Klefki, L84, F|233/233\n|turn|28\n|inactive|Time left: 300 sec this turn | 300 sec total\n|\n|t:|1783558585\n|move|p1a: Klefki|Thunder Wave|p2a: Poliwrath\n|-status|p2a: Poliwrath|par\n|move|p2a: Poliwrath|Bulk Up|p2a: Poliwrath\n|-boost|p2a: Poliwrath|atk|1\n|-boost|p2a: Poliwrath|def|1\n|\n|upkeep\n|turn|29\n|inactive|Time left: 300 sec this turn | 300 sec total\n|\n|t:|1783558586\n|move|p1a: Klefki|Play Rough|p2a: Poliwrath\n|-supereffective|p2a: Poliwrath\n|-damage|p2a: Poliwrath|69/100 par\n|move|p2a: Poliwrath|Drain Punch|p1a: Klefki\n|-damage|p1a: Klefki|104/233\n|-heal|p2a: Poliwrath|90/100 par|[from] drain|[of] p1a: Klefki\n|\n|-heal|p1a: Klefki|118/233|[from] item: Leftovers\n|-heal|p2a: Poliwrath|96/100 par|[from] item: Leftovers\n|upkeep\n|turn|30\n|inactive|Time left: 300 sec this turn | 300 sec total\n|\n|t:|1783558587\n|move|p1a: Klefki|Play Rough|p2a: Poliwrath\n|-supereffective|p2a: Poliwrath\n|-damage|p2a: Poliwrath|64/100 par\n|move|p2a: Poliwrath|Drain Punch|p1a: Klefki\n|-damage|p1a: Klefki|0 fnt\n|-heal|p2a: Poliwrath|84/100 par|[from] drain|[of] p1a: Klefki\n|faint|p1a: Klefki\n|\n|-heal|p2a: Poliwrath|90/100 par|[from] item: Leftovers\n|upkeep\n|inactive|Time left: 300 sec this turn | 300 sec total | 5 sec grace\n|\n|t:|1783558588\n|switch|p1a: Lycanroc|Lycanroc, L86, F|269/269\n|turn|31\n|inactive|Time left: 300 sec this turn | 300 sec total\n|\n|t:|1783558589\n|-terastallize|p1a: Lycanroc|Fighting\n|move|p1a: Lycanroc|Stone Edge|p2a: Poliwrath\n|-resisted|p2a: Poliwrath\n|-damage|p2a: Poliwrath|73/100 par\n|-damage|p1a: Lycanroc|243/269|[from] item: Life Orb\n|cant|p2a: Poliwrath|par\n|\n|-heal|p2a: Poliwrath|79/100 par|[from] item: Leftovers\n|upkeep\n|turn|32\n|inactive|Time left: 300 sec this turn | 300 sec total\n|\n|t:|1783558590\n|move|p1a: Lycanroc|Crunch|p2a: Poliwrath\n|-resisted|p2a: Poliwrath\n|-damage|p2a: Poliwrath|70/100 par\n|-damage|p1a: Lycanroc|217/269|[from] item: Life Orb\n|move|p2a: Poliwrath|Drain Punch|p1a: Lycanroc\n|-damage|p1a: Lycanroc|54/269\n|-heal|p2a: Poliwrath|97/100 par|[from] drain|[of] p1a: Lycanroc\n|\n|-heal|p2a: Poliwrath|100/100 par|[from] item: Leftovers\n|upkeep\n|turn|33\n|inactive|Time left: 300 sec this turn | 300 sec total\n|\n|t:|1783558591\n|move|p1a: Lycanroc|Taunt|p2a: Poliwrath\n|-start|p2a: Poliwrath|move: Taunt\n|move|p2a: Poliwrath|Poison Jab|p1a: Lycanroc\n|-damage|p1a: Lycanroc|0 fnt\n|faint|p1a: Lycanroc\n|\n|win|p0y16028788", "uploadtime": 1783558591, "views": 0, "rating": 0, "private": 0, "password": null, "_winner": "p0y16028788", "_our_name": "p0x1602bedd"}