{"id": "battle-gen9randombattle-725", "formatid": "gen9randombattle", "format": "[Gen 9] Random Battle", "players": ["p0x7257963", "p0y725fba5"], "log": "|init|battle\n|title|p0x7257963 vs. p0y725fba5\n|j|\u2606p0x7257963\n|j|\u2606p0y725fba5\n|t:|1783548228\n|gametype|singles\n|player|p1|p0x7257963|102|\n|player|p2|p0y725fba5|2|\n|gen|9\n|tier|[Gen 9] Random Battle\n|rule|Species Clause: Limit one of each Pok\u00e9mon\n|rule|HP Percentage Mod: HP is shown in percentages\n|rule|Sleep Clause Mod: Limit one foe put to sleep\n|rule|Illusion Level Mod: Illusion disguises the Pok\u00e9mon's true level\n|\n|t:|1783548228\n|teamsize|p1|6\n|teamsize|p2|6\n|start\n|switch|p1a: Reshiram|Reshiram, L76|100/100\n|switch|p2a: Duraludon|Duraludon, L82, M|249/249\n|-ability|p1a: Reshiram|Turboblaze\n|turn|1\n|inactive|Battle timer is ON: inactive players will automatically lose when time's up. (requested by p0y725fba5)\n|\n|t:|1783548230\n|move|p2a: Duraludon|Draco Meteor|p1a: Reshiram\n|-supereffective|p1a: Reshiram\n|-damage|p1a: Reshiram|4/100\n|-unboost|p2a: Duraludon|spa|2\n|move|p1a: Reshiram|Blue Flare|p2a: Duraludon\n|-damage|p2a: Duraludon|98/249\n|\n|upkeep\n|turn|2\n|inactive|Time left: 300 sec this turn | 300 sec total\n|inactive|p0x7257963 also wants the timer to be on.\n|\n|t:|1783548231\n|switch|p2a: Hippowdon|Hippowdon, L82, F|311/311\n|-weather|Sandstorm|[from] ability: Sand Stream|[of] p2a: Hippowdon\n|move|p1a: Reshiram|Blue Flare|p2a: Hippowdon|[miss]\n|-miss|p1a: Reshiram|p2a: Hippowdon\n|\n|-weather|Sandstorm|[upkeep]\n|-damage|p1a: Reshiram|0 fnt|[from] Sandstorm\n|faint|p1a: Reshiram\n|upkeep\n|\n|t:|1783548232\n|switch|p1a: Pelipper|Pelipper, L86, M|100/100\n|-weather|RainDance|[from] ability: Drizzle|[of] p1a: Pelipper\n|turn|3\n|inactive|Time left: 300 sec this turn | 300 sec total\n|\n|t:|1783548234\n|-terastallize|p2a: Hippowdon|Dragon\n|move|p1a: Pelipper|Hydro Pump|p2a: Hippowdon\n|-resisted|p2a: Hippowdon\n|-damage|p2a: Hippowdon|210/311\n|move|p2a: Hippowdon|Stone Edge|p1a: Pelipper\n|-supereffective|p1a: Pelipper\n|-crit|p1a: Pelipper\n|-damage|p1a: Pelipper|16/100\n|\n|-weather|RainDance|[upkeep]\n|-heal|p2a: Hippowdon|229/311|[from] item: Leftovers\n|upkeep\n|turn|4\n|inactive|Time left: 300 sec this turn | 300 sec total\n|\n|t:|1783548235\n|move|p1a: Pelipper|Roost|p1a: Pelipper\n|-heal|p1a: Pelipper|66/100\n|-singleturn|p1a: Pelipper|move: Roost\n|move|p2a: Hippowdon|Stone Edge|p1a: Pelipper\n|-damage|p1a: Pelipper|40/100\n|\n|-weather|RainDance|[upkeep]\n|-heal|p2a: Hippowdon|248/311|[from] item: Leftovers\n|upkeep\n|turn|5\n|inactive|Time left: 300 sec this turn | 300 sec total\n|\n|t:|1783548236\n|move|p1a: Pelipper|Hurricane|p2a: Hippowdon\n|-damage|p2a: Hippowdon|113/311\n|move|p2a: Hippowdon|Stone Edge|p1a: Pelipper\n|-supereffective|p1a: Pelipper\n|-crit|p1a: Pelipper\n|-damage|p1a: Pelipper|0 fnt\n|faint|p1a: Pelipper\n|\n|-weather|RainDance|[upkeep]\n|-heal|p2a: Hippowdon|132/311|[from] item: Leftovers\n|upkeep\n|\n|t:|1783548237\n|switch|p1a: Kommo-o|Kommo-o, L77, M|100/100\n|turn|6\n|inactive|Time left: 300 sec this turn | 300 sec total\n|\n|t:|1783548238\n|switch|p2a: Whimsicott|Whimsicott, L84, M|238/238\n|move|p1a: Kommo-o|Clanging Scales|p2a: Whimsicott\n|-immune|p2a: Whimsicott\n|\n|-weather|RainDance|[upkeep]\n|upkeep\n|turn|7\n|inactive|Time left: 300 sec this turn | 300 sec total\n|\n|t:|1783548239\n|switch|p1a: Seviper|Seviper, L93, M|100/100\n|move|p2a: Whimsicott|Moonblast|p1a: Seviper\n|-resisted|p1a: Seviper\n|-damage|p1a: Seviper|84/100\n|\n|-weather|none\n|-heal|p1a: Seviper|90/100|[from] item: Leftovers\n|upkeep\n|turn|8\n|inactive|Time left: 300 sec this turn | 300 sec total\n|\n|t:|1783548240\n|switch|p2a: Flygon|Flygon, L82, F|265/265\n|move|p1a: Seviper|Swords Dance|p1a: Seviper\n|-boost|p1a: Seviper|atk|2\n|\n|-heal|p1a: Seviper|96/100|[from] item: Leftovers\n|upkeep\n|turn|9\n|inactive|Time left: 300 sec this turn | 300 sec total\n|\n|t:|1783548241\n|move|p2a: Flygon|Outrage|p1a: Seviper\n|-damage|p1a: Seviper|47/100\n|move|p1a: Seviper|Trailblaze|p2a: Flygon\n|-damage|p2a: Flygon|167/265\n|-boost|p1a: Seviper|spe|1\n|\n|-heal|p1a: Seviper|53/100|[from] item: Leftovers\n|upkeep\n|turn|10\n|inactive|Time left: 300 sec this turn | 300 sec total\n|\n|t:|1783548242\n|move|p2a: Flygon|Outrage|p1a: Seviper|[from] lockedmove\n|-damage|p1a: Seviper|5/100\n|move|p1a: Seviper|Gunk Shot|p2a: Flygon\n|-resisted|p2a: Flygon\n|-damage|p2a: Flygon|0 fnt\n|faint|p2a: Flygon\n|\n|-heal|p1a: Seviper|11/100|[from] item: Leftovers\n|upkeep\n|inactive|Time left: 300 sec this turn | 300 sec total | 5 sec grace\n|\n|t:|1783548243\n|switch|p2a: Forretress|Forretress, L84, M|263/263\n|turn|11\n|inactive|Time left: 300 sec this turn | 300 sec total\n|\n|t:|1783548244\n|move|p1a: Seviper|Earthquake|p2a: Forretress\n|-damage|p2a: Forretress|150/263\n|move|p2a: Forretress|Body Press|p1a: Seviper\n|-resisted|p1a: Seviper\n|-damage|p1a: Seviper|0 fnt\n|faint|p1a: Seviper\n|\n|-heal|p2a: Forretress|166/263|[from] item: Leftovers\n|upkeep\n|\n|t:|1783548245\n|switch|p1a: Kommo-o|Kommo-o, L77, M|100/100\n|turn|12\n|inactive|Time left: 300 sec this turn | 300 sec total\n|\n|t:|1783548246\n|switch|p2a: Whimsicott|Whimsicott, L84, M|238/238\n|move|p1a: Kommo-o|Clangorous Soul|p1a: Kommo-o\n|-boost|p1a: Kommo-o|atk|1\n|-boost|p1a: Kommo-o|def|1\n|-boost|p1a: Kommo-o|spa|1\n|-boost|p1a: Kommo-o|spd|1\n|-boost|p1a: Kommo-o|spe|1\n|-damage|p1a: Kommo-o|68/100\n|-enditem|p1a: Kommo-o|Throat Spray\n|-boost|p1a: Kommo-o|spa|1|[from] item: Throat Spray\n|\n|upkeep\n|turn|13\n|inactive|Time left: 300 sec this turn | 300 sec total\n|\n|t:|1783548247\n|-terastallize|p1a: Kommo-o|Normal\n|move|p2a: Whimsicott|Encore|p1a: Kommo-o\n|-start|p1a: Kommo-o|Encore\n|move|p1a: Kommo-o|Clangorous Soul|p1a: Kommo-o\n|-boost|p1a: Kommo-o|atk|1\n|-boost|p1a: Kommo-o|def|1\n|-boost|p1a: Kommo-o|spa|1\n|-boost|p1a: Kommo-o|spd|1\n|-boost|p1a: Kommo-o|spe|1\n|-damage|p1a: Kommo-o|35/100\n|\n|upkeep\n|turn|14\n|inactive|Time left: 300 sec this turn | 300 sec total\n|\n|t:|1783548248\n|switch|p1a: Honchkrow|Honchkrow, L86, M|100/100\n|switch|p2a: Hippowdon|Hippowdon, L82, F, tera:Dragon|132/311\n|-weather|Sandstorm|[from] ability: Sand Stream|[of] p2a: Hippowdon\n|\n|-weather|Sandstorm|[upkeep]\n|-damage|p1a: Honchkrow|94/100|[from] Sandstorm\n|-damage|p2a: Hippowdon|113/311|[from] Sandstorm\n|-heal|p2a: Hippowdon|132/311|[from] item: Leftovers\n|upkeep\n|turn|15\n|inactive|Time left: 300 sec this turn | 300 sec total\n|\n|t:|1783548249\n|move|p1a: Honchkrow|Brave Bird|p2a: Hippowdon\n|-damage|p2a: Hippowdon|6/311\n|-damage|p1a: Honchkrow|81/100|[from] Recoil\n|move|p2a: Hippowdon|Slack Off|p2a: Hippowdon\n|-heal|p2a: Hippowdon|162/311\n|\n|-weather|Sandstorm|[upkeep]\n|-damage|p1a: Honchkrow|75/100|[from] Sandstorm\n|-damage|p2a: Hippowdon|143/311|[from] Sandstorm\n|-heal|p2a: Hippowdon|162/311|[from] item: Leftovers\n|upkeep\n|turn|16\n|inactive|Time left: 300 sec this turn | 300 sec total\n|\n|t:|1783548250\n|move|p1a: Honchkrow|Brave Bird|p2a: Hippowdon\n|-damage|p2a: Hippowdon|36/311\n|-damage|p1a: Honchkrow|61/100|[from] Recoil\n|move|p2a: Hippowdon|Slack Off|p2a: Hippowdon\n|-heal|p2a: Hippowdon|192/311\n|\n|-weather|Sandstorm|[upkeep]\n|-damage|p1a: Honchkrow|55/100|[from] Sandstorm\n|-damage|p2a: Hippowdon|173/311|[from] Sandstorm\n|-heal|p2a: Hippowdon|192/311|[from] item: Leftovers\n|upkeep\n|turn|17\n|inactive|Time left: 300 sec this turn | 300 sec total\n|\n|t:|1783548251\n|move|p1a: Honchkrow|Brave Bird|p2a: Hippowdon\n|-damage|p2a: Hippowdon|56/311\n|-damage|p1a: Honchkrow|41/100|[from] Recoil\n|move|p2a: Hippowdon|Slack Off|p2a: Hippowdon\n|-heal|p2a: Hippowdon|212/311\n|\n|-weather|Sandstorm|[upkeep]\n|-damage|p1a: Honchkrow|35/100|[from] Sandstorm\n|-damage|p2a: Hippowdon|193/311|[from] Sandstorm\n|-heal|p2a: Hippowdon|212/311|[from] item: Leftovers\n|upkeep\n|turn|18\n|inactive|Time left: 300 sec this turn | 300 sec total\n|\n|t:|1783548252\n|move|p1a: Honchkrow|Brave Bird|p2a: Hippowdon\n|-damage|p2a: Hippowdon|74/311\n|-damage|p1a: Honchkrow|20/100|[from] Recoil\n|move|p2a: Hippowdon|Slack Off|p2a: Hippowdon\n|-heal|p2a: Hippowdon|230/311\n|\n|-weather|none\n|-heal|p2a: Hippowdon|249/311|[from] item: Leftovers\n|upkeep\n|turn|19\n|inactive|Time left: 300 sec this turn | 300 sec total\n|\n|t:|1783548253\n|move|p1a: Honchkrow|Heat Wave|p2a: Hippowdon\n|-resisted|p2a: Hippowdon\n|-damage|p2a: Hippowdon|208/311\n|move|p2a: Hippowdon|Slack Off|p2a: Hippowdon\n|-heal|p2a: Hippowdon|311/311\n|\n|upkeep\n|turn|20\n|inactive|Time left: 300 sec this turn | 300 sec total\n|\n|t:|1783548254\n|move|p1a: Honchkrow|Brave Bird|p2a: Hippowdon\n|-damage|p2a: Hippowdon|185/311\n|-damage|p1a: Honchkrow|7/100|[from] Recoil\n|move|p2a: Hippowdon|Stealth Rock|p1a: Honchkrow\n|-sidestart|p1: p0x7257963|move: Stealth Rock\n|\n|-heal|p2a: Hippowdon|204/311|[from] item: Leftovers\n|upkeep\n|turn|21\n|inactive|Time left: 300 sec this turn | 300 sec total\n|\n|t:|1783548255\n|move|p1a: Honchkrow|Heat Wave|p2a: Hippowdon\n|-resisted|p2a: Hippowdon\n|-damage|p2a: Hippowdon|161/311\n|move|p2a: Hippowdon|Slack Off|p2a: Hippowdon\n|-heal|p2a: Hippowdon|311/311\n|\n|upkeep\n|turn|22\n|inactive|Time left: 300 sec this turn | 300 sec total\n|\n|t:|1783548256\n|move|p1a: Honchkrow|Heat Wave|p2a: Hippowdon\n|-resisted|p2a: Hippowdon\n|-damage|p2a: Hippowdon|269/311\n|move|p2a: Hippowdon|Stone Edge|p1a: Honchkrow\n|-supereffective|p1a: Honchkrow\n|-crit|p1a: Honchkrow\n|-damage|p1a: Honchkrow|0 fnt\n|faint|p1a: Honchkrow\n|\n|-heal|p2a: Hippowdon|288/311|[from] item: Leftovers\n|upkeep\n|\n|t:|1783548257\n|switch|p1a: Sceptile|Sceptile, L87, F|100/100\n|-damage|p1a: Sceptile|88/100|[from] Stealth Rock\n|turn|23\n|inactive|Time left: 300 sec this turn | 300 sec total\n|\n|t:|1783548258\n|switch|p2a: Infernape|Infernape, L82, M|259/259\n|move|p1a: Sceptile|Leech Seed|p2a: Infernape\n|-start|p2a: Infernape|move: Leech Seed\n|\n|-heal|p1a: Sceptile|94/100|[from] item: Leftovers\n|-damage|p2a: Infernape|227/259|[from] Leech Seed|[of] p1a: Sceptile\n|-heal|p1a: Sceptile|100/100|[silent]\n|upkeep\n|turn|24\n|inactive|Time left: 300 sec this turn | 300 sec total\n|\n|t:|1783548259\n|move|p2a: Infernape|Flare Blitz|p1a: Sceptile\n|-supereffective|p1a: Sceptile\n|-damage|p1a: Sceptile|0 fnt\n|faint|p1a: Sceptile\n|-damage|p2a: Infernape|140/259|[from] Recoil\n|\n|upkeep\n|\n|t:|1783548260\n|switch|p1a: Kommo-o|Kommo-o, L77, M, tera:Normal|35/100\n|-damage|p1a: Kommo-o|23/100|[from] Stealth Rock\n|turn|25\n|inactive|Time left: 300 sec this turn | 300 sec total\n|\n|t:|1783548261\n|move|p2a: Infernape|Flare Blitz|p1a: Kommo-o\n|-damage|p1a: Kommo-o|0 fnt\n|faint|p1a: Kommo-o\n|-damage|p2a: Infernape|122/259|[from] Recoil\n|\n|win|p0y725fba5", "uploadtime": 1783548261, "views": 0, "rating": 0, "private": 0, "password": null, "_winner": "p0y725fba5", "_our_name": "p0y725fba5"}