{"id": "battle-gen9randombattle-1621", "formatid": "gen9randombattle", "format": "[Gen 9] Random Battle", "players": ["p0x1621a613", "p0y1621b003"], "log": "|init|battle\n|title|p0x1621a613 vs. p0y1621b003\n|j|\u2606p0x1621a613\n|j|\u2606p0y1621b003\n|t:|1783557992\n|gametype|singles\n|player|p1|p0x1621a613|265|\n|player|p2|p0y1621b003|169|\n|gen|9\n|tier|[Gen 9] Random Battle\n|rule|Species Clause: Limit one of each Pok\u00e9mon\n|rule|HP Percentage Mod: HP is shown in percentages\n|rule|Sleep Clause Mod: Limit one foe put to sleep\n|rule|Illusion Level Mod: Illusion disguises the Pok\u00e9mon's true level\n|\n|t:|1783557992\n|teamsize|p1|6\n|teamsize|p2|6\n|start\n|switch|p1a: Clodsire|Clodsire, L81, M|100/100\n|switch|p2a: Leafeon|Leafeon, L88, F|258/258\n|turn|1\n|inactive|Battle timer is ON: inactive players will automatically lose when time's up. (requested by p0y1621b003)\n|inactive|p0x1621a613 also wants the timer to be on.\n|\n|t:|1783557994\n|move|p2a: Leafeon|Swords Dance|p2a: Leafeon\n|-boost|p2a: Leafeon|atk|2\n|move|p1a: Clodsire|Poison Jab|p2a: Leafeon\n|-supereffective|p2a: Leafeon\n|-damage|p2a: Leafeon|166/258\n|\n|-heal|p2a: Leafeon|182/258|[from] item: Leftovers\n|upkeep\n|turn|2\n|inactive|Time left: 300 sec this turn | 300 sec total\n|\n|t:|1783557996\n|move|p2a: Leafeon|Knock Off|p1a: Clodsire\n|-damage|p1a: Clodsire|69/100\n|-enditem|p1a: Clodsire|Leftovers|[from] move: Knock Off|[of] p2a: Leafeon\n|move|p1a: Clodsire|Poison Jab|p2a: Leafeon\n|-supereffective|p2a: Leafeon\n|-damage|p2a: Leafeon|92/258\n|\n|-heal|p2a: Leafeon|108/258|[from] item: Leftovers\n|upkeep\n|turn|3\n|inactive|Time left: 300 sec this turn | 300 sec total\n|\n|t:|1783557997\n|move|p2a: Leafeon|Leaf Blade|p1a: Clodsire\n|-crit|p1a: Clodsire\n|-damage|p1a: Clodsire|0 fnt\n|faint|p1a: Clodsire\n|\n|-heal|p2a: Leafeon|124/258|[from] item: Leftovers\n|upkeep\n|\n|t:|1783557998\n|switch|p1a: Sawsbuck|Sawsbuck-Winter, L88, M|100/100\n|turn|4\n|inactive|Time left: 300 sec this turn | 300 sec total\n|\n|t:|1783557999\n|move|p1a: Sawsbuck|Double-Edge|p2a: Leafeon\n|-damage|p2a: Leafeon|0 fnt\n|faint|p2a: Leafeon\n|-damage|p1a: Sawsbuck|86/100|[from] Recoil\n|-damage|p1a: Sawsbuck|76/100|[from] item: Life Orb\n|\n|upkeep\n|inactive|Time left: 300 sec this turn | 300 sec total | 5 sec grace\n|\n|t:|1783558000\n|switch|p2a: Eiscue|Eiscue, L88, M|274/274\n|turn|5\n|inactive|Time left: 300 sec this turn | 300 sec total\n|\n|t:|1783558001\n|switch|p1a: Politoed|Politoed, L88, F|100/100\n|-weather|RainDance|[from] ability: Drizzle|[of] p1a: Politoed\n|move|p2a: Eiscue|Belly Drum|p2a: Eiscue\n|-damage|p2a: Eiscue|137/274\n|-setboost|p2a: Eiscue|atk|6|[from] move: Belly Drum\n|-enditem|p2a: Eiscue|Sitrus Berry|[eat]\n|-heal|p2a: Eiscue|205/274|[from] item: Sitrus Berry\n|\n|-weather|RainDance|[upkeep]\n|upkeep\n|turn|6\n|inactive|Time left: 300 sec this turn | 300 sec total\n|\n|t:|1783558003\n|-terastallize|p2a: Eiscue|Water\n|move|p1a: Politoed|Weather Ball|p2a: Eiscue\n|-resisted|p2a: Eiscue\n|-crit|p2a: Eiscue\n|-damage|p2a: Eiscue|22/274\n|move|p2a: Eiscue|Liquidation|p1a: Politoed\n|-resisted|p1a: Politoed\n|-damage|p1a: Politoed|11/100\n|-unboost|p1a: Politoed|def|1\n|\n|-weather|RainDance|[upkeep]\n|upkeep\n|turn|7\n|inactive|Time left: 300 sec this turn | 300 sec total\n|\n|t:|1783558004\n|move|p1a: Politoed|Weather Ball|p2a: Eiscue\n|-resisted|p2a: Eiscue\n|-damage|p2a: Eiscue|0 fnt\n|faint|p2a: Eiscue\n|\n|-weather|RainDance|[upkeep]\n|upkeep\n|inactive|Time left: 300 sec this turn | 300 sec total | 5 sec grace\n|\n|t:|1783558005\n|switch|p2a: Grafaiai|Grafaiai, L86, M|249/249\n|turn|8\n|inactive|Time left: 300 sec this turn | 300 sec total\n|\n|t:|1783558006\n|move|p2a: Grafaiai|Knock Off|p1a: Politoed\n|-damage|p1a: Politoed|0 fnt\n|-enditem|p1a: Politoed|Choice Specs|[from] move: Knock Off|[of] p2a: Grafaiai\n|faint|p1a: Politoed\n|\n|-weather|RainDance|[upkeep]\n|upkeep\n|\n|t:|1783558007\n|switch|p1a: Excadrill|Excadrill, L79, F|100/100\n|-ability|p1a: Excadrill|Mold Breaker\n|turn|9\n|inactive|Time left: 300 sec this turn | 300 sec total\n|\n|t:|1783558008\n|move|p2a: Grafaiai|U-turn|p1a: Excadrill\n|-resisted|p1a: Excadrill\n|-damage|p1a: Excadrill|89/100\n|inactive|Time left: 300 sec this turn | 300 sec total | 5 sec grace\n|\n|t:|1783558009\n|switch|p2a: Wyrdeer|Wyrdeer, L87, F|321/321|[from] U-turn\n|-ability|p2a: Wyrdeer|Intimidate|boost\n|-unboost|p1a: Excadrill|atk|1\n|move|p1a: Excadrill|Swords Dance|p1a: Excadrill\n|-boost|p1a: Excadrill|atk|2\n|\n|-weather|none\n|-heal|p1a: Excadrill|95/100|[from] item: Leftovers\n|upkeep\n|turn|10\n|inactive|Time left: 300 sec this turn | 300 sec total\n|\n|t:|1783558010\n|move|p1a: Excadrill|Earthquake|p2a: Wyrdeer\n|-damage|p2a: Wyrdeer|131/321\n|move|p2a: Wyrdeer|Earthquake|p1a: Excadrill\n|-supereffective|p1a: Excadrill\n|-damage|p1a: Excadrill|27/100\n|\n|-heal|p1a: Excadrill|33/100|[from] item: Leftovers\n|-heal|p2a: Wyrdeer|151/321|[from] item: Leftovers\n|upkeep\n|turn|11\n|inactive|Time left: 300 sec this turn | 300 sec total\n|\n|t:|1783558011\n|move|p1a: Excadrill|Iron Head|p2a: Wyrdeer\n|-damage|p2a: Wyrdeer|0 fnt\n|faint|p2a: Wyrdeer\n|\n|-heal|p1a: Excadrill|39/100|[from] item: Leftovers\n|upkeep\n|inactive|Time left: 300 sec this turn | 300 sec total | 5 sec grace\n|\n|t:|1783558012\n|switch|p2a: Veluza|Veluza, L85, M|292/292\n|turn|12\n|inactive|Time left: 300 sec this turn | 300 sec total\n|\n|t:|1783558013\n|move|p1a: Excadrill|Earthquake|p2a: Veluza\n|-damage|p2a: Veluza|93/292\n|move|p2a: Veluza|Aqua Cutter|p1a: Excadrill\n|-supereffective|p1a: Excadrill\n|-damage|p1a: Excadrill|0 fnt\n|faint|p1a: Excadrill\n|\n|upkeep\n|\n|t:|1783558014\n|switch|p1a: Sawsbuck|Sawsbuck-Winter, L88, M|76/100\n|turn|13\n|inactive|Time left: 300 sec this turn | 300 sec total\n|\n|t:|1783558015\n|move|p1a: Sawsbuck|High Horsepower|p2a: Veluza\n|-damage|p2a: Veluza|0 fnt\n|faint|p2a: Veluza\n|-damage|p1a: Sawsbuck|66/100|[from] item: Life Orb\n|\n|upkeep\n|inactive|Time left: 300 sec this turn | 300 sec total | 5 sec grace\n|\n|t:|1783558016\n|switch|p2a: Eelektross|Eelektross, L87, F|290/290\n|turn|14\n|inactive|Time left: 300 sec this turn | 300 sec total\n|\n|t:|1783558017\n|move|p1a: Sawsbuck|Swords Dance|p1a: Sawsbuck\n|-boost|p1a: Sawsbuck|atk|2\n|move|p2a: Eelektross|Coil|p2a: Eelektross\n|-boost|p2a: Eelektross|atk|1\n|-boost|p2a: Eelektross|def|1\n|-boost|p2a: Eelektross|accuracy|1\n|\n|upkeep\n|turn|15\n|inactive|Time left: 300 sec this turn | 300 sec total\n|\n|t:|1783558018\n|-terastallize|p1a: Sawsbuck|Normal\n|move|p1a: Sawsbuck|Double-Edge|p2a: Eelektross\n|-damage|p2a: Eelektross|0 fnt\n|faint|p2a: Eelektross\n|-damage|p1a: Sawsbuck|33/100|[from] Recoil\n|-damage|p1a: Sawsbuck|23/100|[from] item: Life Orb\n|\n|upkeep\n|inactive|Time left: 300 sec this turn | 300 sec total | 5 sec grace\n|\n|t:|1783558019\n|switch|p2a: Grafaiai|Grafaiai, L86, M|249/249\n|turn|16\n|inactive|Time left: 300 sec this turn | 300 sec total\n|\n|t:|1783558020\n|move|p2a: Grafaiai|Knock Off|p1a: Sawsbuck\n|-damage|p1a: Sawsbuck|0 fnt\n|-enditem|p1a: Sawsbuck|Life Orb|[from] move: Knock Off|[of] p2a: Grafaiai\n|faint|p1a: Sawsbuck\n|\n|upkeep\n|\n|t:|1783558020\n|switch|p1a: Wyrdeer|Wyrdeer, L87, M|100/100\n|-ability|p1a: Wyrdeer|Intimidate|boost\n|-unboost|p2a: Grafaiai|atk|1\n|turn|17\n|inactive|Time left: 300 sec this turn | 300 sec total\n|\n|t:|1783558021\n|move|p2a: Grafaiai|Knock Off|p1a: Wyrdeer\n|-supereffective|p1a: Wyrdeer\n|-damage|p1a: Wyrdeer|67/100\n|-status|p1a: Wyrdeer|psn|[from] ability: Poison Touch|[of] p2a: Grafaiai\n|-enditem|p1a: Wyrdeer|Leftovers|[from] move: Knock Off|[of] p2a: Grafaiai\n|move|p1a: Wyrdeer|Earthquake|p2a: Grafaiai\n|-supereffective|p2a: Grafaiai\n|-damage|p2a: Grafaiai|43/249\n|\n|-damage|p1a: Wyrdeer|55/100 psn|[from] psn\n|upkeep\n|turn|18\n|inactive|Time left: 300 sec this turn | 300 sec total\n|\n|t:|1783558022\n|move|p2a: Grafaiai|Super Fang|p1a: Wyrdeer\n|-damage|p1a: Wyrdeer|28/100 psn\n|move|p1a: Wyrdeer|Earthquake|p2a: Grafaiai\n|-supereffective|p2a: Grafaiai\n|-damage|p2a: Grafaiai|0 fnt\n|faint|p2a: Grafaiai\n|\n|win|p0x1621a613", "uploadtime": 1783558022, "views": 0, "rating": 0, "private": 0, "password": null, "_winner": "p0x1621a613", "_our_name": "p0y1621b003"}