{"id": "battle-gen9randombattle-30", "formatid": "gen9randombattle", "format": "[Gen 9] Random Battle", "players": ["p0x030c44d", "p0y0308d6d"], "log": "|init|battle\n|title|p0x030c44d vs. p0y0308d6d\n|j|\u2606p0x030c44d\n|j|\u2606p0y0308d6d\n|t:|1783534165\n|gametype|singles\n|player|p1|p0x030c44d|102|\n|player|p2|p0y0308d6d|102|\n|gen|9\n|tier|[Gen 9] Random Battle\n|rule|Species Clause: Limit one of each Pok\u00e9mon\n|rule|HP Percentage Mod: HP is shown in percentages\n|rule|Sleep Clause Mod: Limit one foe put to sleep\n|rule|Illusion Level Mod: Illusion disguises the Pok\u00e9mon's true level\n|\n|t:|1783534165\n|teamsize|p1|6\n|teamsize|p2|6\n|start\n|switch|p1a: Polteageist|Polteageist-Antique, L78|100/100\n|switch|p2a: Revavroom|Revavroom, L79, M|256/256\n|turn|1\n|inactive|Battle timer is ON: inactive players will automatically lose when time's up. (requested by p0y0308d6d)\n|inactive|p0x030c44d also wants the timer to be on.\n|\n|t:|1783534167\n|move|p2a: Revavroom|Shift Gear|p2a: Revavroom\n|-boost|p2a: Revavroom|spe|2\n|-boost|p2a: Revavroom|atk|1\n|move|p1a: Polteageist|Shell Smash|p1a: Polteageist\n|-unboost|p1a: Polteageist|def|1\n|-unboost|p1a: Polteageist|spd|1\n|-boost|p1a: Polteageist|atk|2\n|-boost|p1a: Polteageist|spa|2\n|-boost|p1a: Polteageist|spe|2\n|-enditem|p1a: Polteageist|White Herb\n|-clearnegativeboost|p1a: Polteageist|[silent]\n|\n|upkeep\n|turn|2\n|inactive|Time left: 300 sec this turn | 300 sec total\n|\n|t:|1783534168\n|move|p2a: Revavroom|Iron Head|p1a: Polteageist\n|-damage|p1a: Polteageist|0 fnt\n|faint|p1a: Polteageist\n|-damage|p2a: Revavroom|231/256|[from] item: Life Orb\n|\n|upkeep\n|\n|t:|1783534169\n|switch|p1a: Swalot|Swalot, L90, F|100/100\n|turn|3\n|inactive|Time left: 300 sec this turn | 300 sec total\n|\n|t:|1783534170\n|-terastallize|p2a: Revavroom|Ground\n|-terastallize|p1a: Swalot|Ground\n|move|p2a: Revavroom|High Horsepower|p1a: Swalot\n|-damage|p1a: Swalot|43/100\n|-damage|p2a: Revavroom|206/256|[from] item: Life Orb\n|move|p1a: Swalot|Earthquake|p2a: Revavroom\n|-damage|p2a: Revavroom|103/256\n|\n|-heal|p1a: Swalot|49/100|[from] item: Leftovers\n|upkeep\n|turn|4\n|inactive|Time left: 300 sec this turn | 300 sec total\n|\n|t:|1783534171\n|switch|p1a: Mightyena|Mightyena, L96, M|100/100\n|-ability|p1a: Mightyena|Intimidate|boost\n|-unboost|p2a: Revavroom|atk|1\n|move|p2a: Revavroom|High Horsepower|p1a: Mightyena\n|-damage|p1a: Mightyena|51/100\n|-damage|p2a: Revavroom|78/256|[from] item: Life Orb\n|\n|upkeep\n|turn|5\n|inactive|Time left: 300 sec this turn | 300 sec total\n|\n|t:|1783534172\n|move|p1a: Mightyena|Sucker Punch|p2a: Revavroom\n|-damage|p2a: Revavroom|0 fnt\n|faint|p2a: Revavroom\n|\n|upkeep\n|inactive|Time left: 300 sec this turn | 300 sec total | 5 sec grace\n|\n|t:|1783534173\n|switch|p2a: Carbink|Carbink, L90|236/236\n|turn|6\n|inactive|Time left: 300 sec this turn | 300 sec total\n|\n|t:|1783534174\n|switch|p1a: Swalot|Swalot, L90, F, tera:Ground|49/100\n|move|p2a: Carbink|Body Press|p1a: Swalot\n|-damage|p1a: Swalot|20/100\n|\n|-heal|p1a: Swalot|26/100|[from] item: Leftovers\n|upkeep\n|turn|7\n|inactive|Time left: 300 sec this turn | 300 sec total\n|\n|t:|1783534175\n|move|p1a: Swalot|Earthquake|p2a: Carbink\n|-supereffective|p2a: Carbink\n|-damage|p2a: Carbink|108/236\n|move|p2a: Carbink|Body Press|p1a: Swalot\n|-damage|p1a: Swalot|0 fnt\n|faint|p1a: Swalot\n|\n|-heal|p2a: Carbink|122/236|[from] item: Leftovers\n|upkeep\n|\n|t:|1783534176\n|switch|p1a: Rampardos|Rampardos, L90, M|100/100\n|turn|8\n|inactive|Time left: 300 sec this turn | 300 sec total\n|\n|t:|1783534177\n|switch|p2a: Wyrdeer|Wyrdeer, L87, M|321/321\n|-ability|p2a: Wyrdeer|Intimidate|boost\n|-unboost|p1a: Rampardos|atk|1\n|move|p1a: Rampardos|Earthquake|p2a: Wyrdeer\n|-damage|p2a: Wyrdeer|201/321\n|-damage|p1a: Rampardos|91/100|[from] item: Life Orb\n|\n|upkeep\n|turn|9\n|inactive|Time left: 300 sec this turn | 300 sec total\n|\n|t:|1783534178\n|switch|p1a: Honchkrow|Honchkrow, L86, F|100/100\n|move|p2a: Wyrdeer|Earthquake|p1a: Honchkrow\n|-immune|p1a: Honchkrow\n|\n|upkeep\n|turn|10\n|inactive|Time left: 300 sec this turn | 300 sec total\n|\n|t:|1783534179\n|switch|p2a: Carbink|Carbink, L90|122/236\n|move|p1a: Honchkrow|Lash Out|p2a: Carbink\n|-resisted|p2a: Carbink\n|-damage|p2a: Carbink|91/236\n|\n|-heal|p2a: Carbink|105/236|[from] item: Leftovers\n|upkeep\n|turn|11\n|inactive|Time left: 300 sec this turn | 300 sec total\n|\n|t:|1783534180\n|switch|p1a: Regirock|Regirock, L83|100/100\n|move|p2a: Carbink|Iron Defense|p2a: Carbink\n|-boost|p2a: Carbink|def|2\n|\n|-heal|p2a: Carbink|119/236|[from] item: Leftovers\n|upkeep\n|turn|12\n|inactive|Time left: 300 sec this turn | 300 sec total\n|\n|t:|1783534181\n|move|p2a: Carbink|Body Press|p1a: Regirock\n|-supereffective|p1a: Regirock\n|-damage|p1a: Regirock|33/100\n|move|p1a: Regirock|Rest|p1a: Regirock\n|-status|p1a: Regirock|slp|[from] move: Rest\n|-heal|p1a: Regirock|100/100 slp|[silent]\n|-enditem|p1a: Regirock|Chesto Berry|[eat]\n|-curestatus|p1a: Regirock|slp|[msg]\n|\n|-heal|p2a: Carbink|133/236|[from] item: Leftovers\n|upkeep\n|turn|13\n|inactive|Time left: 300 sec this turn | 300 sec total\n|\n|t:|1783534181\n|move|p2a: Carbink|Body Press|p1a: Regirock\n|-supereffective|p1a: Regirock\n|-damage|p1a: Regirock|23/100\n|move|p1a: Regirock|Body Press|p2a: Carbink\n|-damage|p2a: Carbink|100/236\n|\n|-heal|p2a: Carbink|114/236|[from] item: Leftovers\n|upkeep\n|turn|14\n|inactive|Time left: 300 sec this turn | 300 sec total\n|\n|t:|1783534183\n|move|p2a: Carbink|Body Press|p1a: Regirock\n|-supereffective|p1a: Regirock\n|-damage|p1a: Regirock|0 fnt\n|faint|p1a: Regirock\n|\n|-heal|p2a: Carbink|128/236|[from] item: Leftovers\n|upkeep\n|\n|t:|1783534183\n|switch|p1a: Mightyena|Mightyena, L96, M|51/100\n|-ability|p1a: Mightyena|Intimidate|boost\n|-unboost|p2a: Carbink|atk|1\n|turn|15\n|inactive|Time left: 300 sec this turn | 300 sec total\n|\n|t:|1783534184\n|move|p1a: Mightyena|Poison Fang|p2a: Carbink\n|-damage|p2a: Carbink|114/236\n|move|p2a: Carbink|Body Press|p1a: Mightyena\n|-supereffective|p1a: Mightyena\n|-damage|p1a: Mightyena|0 fnt\n|faint|p1a: Mightyena\n|\n|-heal|p2a: Carbink|128/236|[from] item: Leftovers\n|upkeep\n|\n|t:|1783534185\n|switch|p1a: Honchkrow|Honchkrow, L86, F|100/100\n|turn|16\n|inactive|Time left: 300 sec this turn | 300 sec total\n|\n|t:|1783534186\n|move|p1a: Honchkrow|Thunder Wave|p2a: Carbink\n|-status|p2a: Carbink|par\n|move|p2a: Carbink|Body Press|p1a: Honchkrow\n|-damage|p1a: Honchkrow|19/100\n|\n|-heal|p2a: Carbink|142/236 par|[from] item: Leftovers\n|upkeep\n|turn|17\n|inactive|Time left: 300 sec this turn | 300 sec total\n|\n|t:|1783534187\n|move|p1a: Honchkrow|Lash Out|p2a: Carbink\n|-resisted|p2a: Carbink\n|-damage|p2a: Carbink|127/236 par\n|move|p2a: Carbink|Body Press|p1a: Honchkrow\n|-damage|p1a: Honchkrow|0 fnt\n|faint|p1a: Honchkrow\n|\n|-heal|p2a: Carbink|141/236 par|[from] item: Leftovers\n|upkeep\n|\n|t:|1783534188\n|switch|p1a: Rampardos|Rampardos, L90, M|91/100\n|turn|18\n|inactive|Time left: 300 sec this turn | 300 sec total\n|\n|t:|1783534189\n|move|p1a: Rampardos|Rock Slide|p2a: Carbink\n|-damage|p2a: Carbink|70/236 par\n|move|p2a: Carbink|Body Press|p1a: Rampardos\n|-supereffective|p1a: Rampardos\n|-damage|p1a: Rampardos|0 fnt\n|faint|p1a: Rampardos\n|\n|win|p0y0308d6d", "uploadtime": 1783534189, "views": 0, "rating": 0, "private": 0, "password": null, "_winner": "p0y0308d6d", "_our_name": "p0y0308d6d"}