{"id": "battle-gen9randombattle-2018", "formatid": "gen9randombattle", "format": "[Gen 9] Random Battle", "players": ["p0x20181d24", "p0y20182165"], "log": "|init|battle\n|title|p0x20181d24 vs. p0y20182165\n|j|\u2606p0x20181d24\n|j|\u2606p0y20182165\n|t:|1783563369\n|gametype|singles\n|player|p1|p0x20181d24|265|\n|player|p2|p0y20182165|1|\n|gen|9\n|tier|[Gen 9] Random Battle\n|rule|Species Clause: Limit one of each Pok\u00e9mon\n|rule|HP Percentage Mod: HP is shown in percentages\n|rule|Sleep Clause Mod: Limit one foe put to sleep\n|rule|Illusion Level Mod: Illusion disguises the Pok\u00e9mon's true level\n|\n|t:|1783563369\n|teamsize|p1|6\n|teamsize|p2|6\n|start\n|switch|p1a: Quagsire|Quagsire, L84, M|100/100\n|switch|p2a: Medicham|Medicham, L86, F|243/243\n|turn|1\n|inactive|Battle timer is ON: inactive players will automatically lose when time's up. (requested by p0x20181d24)\n|inactive|Time left: 300 sec this turn | 300 sec total | 60 sec grace\n|inactive|p0y20182165 also wants the timer to be on.\n|\n|t:|1783563371\n|switch|p1a: Drifblim|Drifblim, L86, M|100/100\n|move|p2a: Medicham|Close Combat|p1a: Drifblim\n|-immune|p1a: Drifblim\n|\n|upkeep\n|turn|2\n|inactive|Time left: 300 sec this turn | 300 sec total\n|\n|t:|1783563372\n|move|p1a: Drifblim|Air Slash|p2a: Medicham\n|-supereffective|p2a: Medicham\n|-damage|p2a: Medicham|57/243\n|move|p2a: Medicham|Close Combat|p1a: Drifblim\n|-immune|p1a: Drifblim\n|\n|upkeep\n|turn|3\n|inactive|Time left: 300 sec this turn | 300 sec total\n|\n|t:|1783563374\n|switch|p2a: Drifblim|Drifblim, L86, F|396/396\n|move|p1a: Drifblim|Air Slash|p2a: Drifblim\n|-damage|p2a: Drifblim|291/396\n|\n|upkeep\n|turn|4\n|inactive|Time left: 300 sec this turn | 300 sec total\n|\n|t:|1783563375\n|move|p2a: Drifblim|Calm Mind|p2a: Drifblim\n|-boost|p2a: Drifblim|spa|1\n|-boost|p2a: Drifblim|spd|1\n|move|p1a: Drifblim|Calm Mind|p1a: Drifblim\n|-boost|p1a: Drifblim|spa|1\n|-boost|p1a: Drifblim|spd|1\n|\n|upkeep\n|turn|5\n|inactive|Time left: 300 sec this turn | 300 sec total\n|\n|t:|1783563376\n|move|p1a: Drifblim|Shadow Ball|p2a: Drifblim\n|-supereffective|p2a: Drifblim\n|-crit|p2a: Drifblim\n|-damage|p2a: Drifblim|0 fnt\n|faint|p2a: Drifblim\n|\n|upkeep\n|inactive|Time left: 300 sec this turn | 300 sec total | 5 sec grace\n|\n|t:|1783563377\n|switch|p2a: Altaria|Altaria, L89, F|278/278\n|turn|6\n|inactive|Time left: 300 sec this turn | 300 sec total\n|\n|t:|1783563378\n|move|p2a: Altaria|Dragon Dance|p2a: Altaria\n|-boost|p2a: Altaria|atk|1\n|-boost|p2a: Altaria|spe|1\n|move|p1a: Drifblim|Shadow Ball|p2a: Altaria\n|-damage|p2a: Altaria|179/278\n|\n|upkeep\n|turn|7\n|inactive|Time left: 300 sec this turn | 300 sec total\n|\n|t:|1783563379\n|move|p2a: Altaria|Roost|p2a: Altaria\n|-heal|p2a: Altaria|278/278\n|-singleturn|p2a: Altaria|move: Roost\n|move|p1a: Drifblim|Shadow Ball|p2a: Altaria\n|-damage|p2a: Altaria|182/278\n|\n|upkeep\n|turn|8\n|inactive|Time left: 300 sec this turn | 300 sec total\n|\n|t:|1783563381\n|move|p2a: Altaria|Dragon Dance|p2a: Altaria\n|-boost|p2a: Altaria|atk|1\n|-boost|p2a: Altaria|spe|1\n|move|p1a: Drifblim|Shadow Ball|p2a: Altaria\n|-damage|p2a: Altaria|73/278\n|\n|upkeep\n|turn|9\n|inactive|Time left: 300 sec this turn | 300 sec total\n|\n|t:|1783563382\n|move|p2a: Altaria|Roost|p2a: Altaria\n|-heal|p2a: Altaria|212/278\n|-singleturn|p2a: Altaria|move: Roost\n|move|p1a: Drifblim|Shadow Ball|p2a: Altaria\n|-damage|p2a: Altaria|116/278\n|\n|upkeep\n|turn|10\n|inactive|Time left: 300 sec this turn | 300 sec total\n|\n|t:|1783563383\n|move|p2a: Altaria|Roost|p2a: Altaria\n|-heal|p2a: Altaria|255/278\n|-singleturn|p2a: Altaria|move: Roost\n|move|p1a: Drifblim|Shadow Ball|p2a: Altaria\n|-damage|p2a: Altaria|152/278\n|\n|upkeep\n|turn|11\n|inactive|Time left: 300 sec this turn | 300 sec total\n|\n|t:|1783563384\n|move|p2a: Altaria|Roost|p2a: Altaria\n|-heal|p2a: Altaria|278/278\n|-singleturn|p2a: Altaria|move: Roost\n|move|p1a: Drifblim|Shadow Ball|p2a: Altaria\n|-damage|p2a: Altaria|170/278\n|\n|upkeep\n|turn|12\n|inactive|Time left: 300 sec this turn | 300 sec total\n|\n|t:|1783563385\n|move|p2a: Altaria|Roost|p2a: Altaria\n|-heal|p2a: Altaria|278/278\n|-singleturn|p2a: Altaria|move: Roost\n|move|p1a: Drifblim|Shadow Ball|p2a: Altaria\n|-damage|p2a: Altaria|170/278\n|\n|upkeep\n|turn|13\n|inactive|Time left: 300 sec this turn | 300 sec total\n|\n|t:|1783563386\n|move|p2a: Altaria|Roost|p2a: Altaria\n|-heal|p2a: Altaria|278/278\n|-singleturn|p2a: Altaria|move: Roost\n|move|p1a: Drifblim|Shadow Ball|p2a: Altaria\n|-damage|p2a: Altaria|169/278\n|\n|upkeep\n|turn|14\n|inactive|Time left: 300 sec this turn | 300 sec total\n|\n|t:|1783563387\n|move|p2a: Altaria|Roost|p2a: Altaria\n|-heal|p2a: Altaria|278/278\n|-singleturn|p2a: Altaria|move: Roost\n|move|p1a: Drifblim|Shadow Ball|p2a: Altaria\n|-damage|p2a: Altaria|172/278\n|\n|upkeep\n|turn|15\n|inactive|Time left: 300 sec this turn | 300 sec total\n|\n|t:|1783563389\n|move|p2a: Altaria|Dragon Dance|p2a: Altaria\n|-boost|p2a: Altaria|atk|1\n|-boost|p2a: Altaria|spe|1\n|move|p1a: Drifblim|Shadow Ball|p2a: Altaria\n|-damage|p2a: Altaria|76/278\n|\n|upkeep\n|turn|16\n|inactive|Time left: 300 sec this turn | 300 sec total\n|\n|t:|1783563390\n|move|p2a: Altaria|Roost|p2a: Altaria\n|-heal|p2a: Altaria|215/278\n|-singleturn|p2a: Altaria|move: Roost\n|move|p1a: Drifblim|Shadow Ball|p2a: Altaria\n|-damage|p2a: Altaria|109/278\n|\n|upkeep\n|turn|17\n|inactive|Time left: 300 sec this turn | 300 sec total\n|\n|t:|1783563391\n|move|p2a: Altaria|Brave Bird|p1a: Drifblim\n|-damage|p1a: Drifblim|0 fnt\n|faint|p1a: Drifblim\n|-damage|p2a: Altaria|0 fnt|[from] Recoil\n|faint|p2a: Altaria\n|\n|upkeep\n|inactive|Time left: 300 sec this turn | 300 sec total | 5 sec grace\n|\n|t:|1783563392\n|switch|p2a: Okidogi|Okidogi, L77, M|262/262\n|switch|p1a: Toxicroak|Toxicroak, L84, M|100/100\n|turn|18\n|inactive|Time left: 300 sec this turn | 300 sec total\n|\n|t:|1783563393\n|move|p1a: Toxicroak|Earthquake|p2a: Okidogi\n|-supereffective|p2a: Okidogi\n|-damage|p2a: Okidogi|138/262\n|move|p2a: Okidogi|Bulk Up|p2a: Okidogi\n|-boost|p2a: Okidogi|atk|1\n|-boost|p2a: Okidogi|def|1\n|\n|-heal|p2a: Okidogi|154/262|[from] item: Leftovers\n|upkeep\n|turn|19\n|inactive|Time left: 300 sec this turn | 300 sec total\n|\n|t:|1783563393\n|move|p1a: Toxicroak|Earthquake|p2a: Okidogi\n|-supereffective|p2a: Okidogi\n|-damage|p2a: Okidogi|60/262\n|move|p2a: Okidogi|Drain Punch|p1a: Toxicroak\n|-resisted|p1a: Toxicroak\n|-damage|p1a: Toxicroak|75/100\n|-heal|p2a: Okidogi|96/262|[from] drain|[of] p1a: Toxicroak\n|\n|-heal|p2a: Okidogi|112/262|[from] item: Leftovers\n|upkeep\n|turn|20\n|inactive|Time left: 300 sec this turn | 300 sec total\n|\n|t:|1783563394\n|-terastallize|p2a: Okidogi|Dark\n|move|p1a: Toxicroak|Earthquake|p2a: Okidogi\n|-damage|p2a: Okidogi|70/262\n|move|p2a: Okidogi|Drain Punch|p1a: Toxicroak\n|-resisted|p1a: Toxicroak\n|-damage|p1a: Toxicroak|46/100\n|-heal|p2a: Okidogi|109/262|[from] drain|[of] p1a: Toxicroak\n|\n|-heal|p2a: Okidogi|125/262|[from] item: Leftovers\n|upkeep\n|turn|21\n|inactive|Time left: 300 sec this turn | 300 sec total\n|\n|t:|1783563395\n|switch|p1a: Quagsire|Quagsire, L84, M|100/100\n|move|p2a: Okidogi|Drain Punch|p1a: Quagsire\n|-damage|p1a: Quagsire|73/100\n|-heal|p2a: Okidogi|166/262|[from] drain|[of] p1a: Quagsire\n|\n|-heal|p2a: Okidogi|182/262|[from] item: Leftovers\n|-heal|p1a: Quagsire|79/100|[from] item: Leftovers\n|upkeep\n|turn|22\n|inactive|Time left: 300 sec this turn | 300 sec total\n|\n|t:|1783563396\n|move|p2a: Okidogi|Knock Off|p1a: Quagsire\n|-damage|p1a: Quagsire|43/100\n|-enditem|p1a: Quagsire|Leftovers|[from] move: Knock Off|[of] p2a: Okidogi\n|move|p1a: Quagsire|Toxic|p2a: Okidogi\n|-status|p2a: Okidogi|tox\n|\n|-heal|p2a: Okidogi|198/262 tox|[from] item: Leftovers\n|-damage|p2a: Okidogi|182/262 tox|[from] psn\n|upkeep\n|turn|23\n|inactive|Time left: 300 sec this turn | 300 sec total\n|\n|t:|1783563397\n|move|p2a: Okidogi|Drain Punch|p1a: Quagsire\n|-damage|p1a: Quagsire|16/100\n|-heal|p2a: Okidogi|222/262 tox|[from] drain|[of] p1a: Quagsire\n|move|p1a: Quagsire|Recover|p1a: Quagsire\n|-heal|p1a: Quagsire|66/100\n|\n|-heal|p2a: Okidogi|238/262 tox|[from] item: Leftovers\n|-damage|p2a: Okidogi|206/262 tox|[from] psn\n|upkeep\n|turn|24\n|inactive|Time left: 300 sec this turn | 300 sec total\n|\n|t:|1783563398\n|move|p2a: Okidogi|Drain Punch|p1a: Quagsire\n|-damage|p1a: Quagsire|40/100\n|-heal|p2a: Okidogi|246/262 tox|[from] drain|[of] p1a: Quagsire\n|-status|p1a: Quagsire|tox|[from] ability: Toxic Chain|[of] p2a: Okidogi\n|move|p1a: Quagsire|Earthquake|p2a: Okidogi\n|-damage|p2a: Okidogi|153/262 tox\n|\n|-heal|p2a: Okidogi|169/262 tox|[from] item: Leftovers\n|-damage|p2a: Okidogi|121/262 tox|[from] psn\n|-damage|p1a: Quagsire|33/100 tox|[from] psn\n|upkeep\n|turn|25\n|inactive|Time left: 300 sec this turn | 300 sec total\n|\n|t:|1783563399\n|move|p2a: Okidogi|Drain Punch|p1a: Quagsire\n|-damage|p1a: Quagsire|5/100 tox\n|-heal|p2a: Okidogi|163/262 tox|[from] drain|[of] p1a: Quagsire\n|move|p1a: Quagsire|Recover|p1a: Quagsire\n|-heal|p1a: Quagsire|55/100 tox\n|\n|-heal|p2a: Okidogi|179/262 tox|[from] item: Leftovers\n|-damage|p2a: Okidogi|115/262 tox|[from] psn\n|-damage|p1a: Quagsire|43/100 tox|[from] psn\n|upkeep\n|turn|26\n|inactive|Time left: 300 sec this turn | 300 sec total\n|\n|t:|1783563400\n|move|p2a: Okidogi|Drain Punch|p1a: Quagsire\n|-damage|p1a: Quagsire|16/100 tox\n|-heal|p2a: Okidogi|156/262 tox|[from] drain|[of] p1a: Quagsire\n|move|p1a: Quagsire|Earthquake|p2a: Okidogi\n|-damage|p2a: Okidogi|69/262 tox\n|\n|-heal|p2a: Okidogi|85/262 tox|[from] item: Leftovers\n|-damage|p2a: Okidogi|5/262 tox|[from] psn\n|-damage|p1a: Quagsire|0 fnt|[from] psn\n|faint|p1a: Quagsire\n|upkeep\n|\n|t:|1783563401\n|switch|p1a: Toxicroak|Toxicroak, L84, M|46/100\n|turn|27\n|inactive|Time left: 300 sec this turn | 300 sec total\n|\n|t:|1783563402\n|move|p1a: Toxicroak|Knock Off|p2a: Okidogi\n|-resisted|p2a: Okidogi\n|-damage|p2a: Okidogi|0 fnt\n|-enditem|p2a: Okidogi|Leftovers|[from] move: Knock Off|[of] p1a: Toxicroak\n|faint|p2a: Okidogi\n|\n|upkeep\n|inactive|Time left: 300 sec this turn | 300 sec total | 5 sec grace\n|\n|t:|1783563402\n|switch|p2a: Gastrodon|Gastrodon, L86, F|331/331\n|turn|28\n|inactive|Time left: 300 sec this turn | 300 sec total\n|\n|t:|1783563403\n|switch|p1a: Virizion|Virizion, L82|100/100\n|move|p2a: Gastrodon|Earthquake|p1a: Virizion\n|-resisted|p1a: Virizion\n|-damage|p1a: Virizion|81/100\n|\n|upkeep\n|turn|29\n|inactive|Time left: 300 sec this turn | 300 sec total\n|\n|t:|1783563404\n|switch|p2a: Chimecho|Chimecho, L93, M|290/290\n|move|p1a: Virizion|Swords Dance|p1a: Virizion\n|-boost|p1a: Virizion|atk|2\n|\n|upkeep\n|turn|30\n|inactive|Time left: 300 sec this turn | 300 sec total\n|\n|t:|1783563405\n|move|p1a: Virizion|Leaf Blade|p2a: Chimecho\n|-crit|p2a: Chimecho\n|-damage|p2a: Chimecho|0 fnt\n|faint|p2a: Chimecho\n|-damage|p1a: Virizion|72/100|[from] item: Life Orb\n|\n|upkeep\n|inactive|Time left: 300 sec this turn | 300 sec total | 5 sec grace\n|\n|t:|1783563406\n|switch|p2a: Medicham|Medicham, L86, F|57/243\n|turn|31\n|inactive|Time left: 300 sec this turn | 300 sec total\n|\n|t:|1783563407\n|move|p1a: Virizion|Leaf Blade|p2a: Medicham\n|-damage|p2a: Medicham|0 fnt\n|faint|p2a: Medicham\n|-damage|p1a: Virizion|62/100|[from] item: Life Orb\n|\n|upkeep\n|inactive|Time left: 300 sec this turn | 300 sec total | 5 sec grace\n|\n|t:|1783563407\n|switch|p2a: Gastrodon|Gastrodon, L86, F|331/331\n|turn|32\n|inactive|Time left: 300 sec this turn | 300 sec total\n|\n|t:|1783563408\n|move|p1a: Virizion|Leaf Blade|p2a: Gastrodon\n|-supereffective|p2a: Gastrodon\n|-damage|p2a: Gastrodon|0 fnt\n|faint|p2a: Gastrodon\n|-damage|p1a: Virizion|52/100|[from] item: Life Orb\n|\n|win|p0x20181d24", "uploadtime": 1783563408, "views": 0, "rating": 0, "private": 0, "password": null, "_winner": "p0x20181d24", "_our_name": "p0y20182165"}