{"id": "battle-gen9randombattle-1809", "formatid": "gen9randombattle", "format": "[Gen 9] Random Battle", "players": ["p0x1809cf8d", "p0y1809c735"], "log": "|init|battle\n|title|p0x1809cf8d vs. p0y1809c735\n|j|\u2606p0x1809cf8d\n|j|\u2606p0y1809c735\n|t:|1783560186\n|gametype|singles\n|player|p1|p0x1809cf8d|170|\n|player|p2|p0y1809c735|170|\n|gen|9\n|tier|[Gen 9] Random Battle\n|rule|Species Clause: Limit one of each Pok\u00e9mon\n|rule|HP Percentage Mod: HP is shown in percentages\n|rule|Sleep Clause Mod: Limit one foe put to sleep\n|rule|Illusion Level Mod: Illusion disguises the Pok\u00e9mon's true level\n|\n|t:|1783560186\n|teamsize|p1|6\n|teamsize|p2|6\n|start\n|switch|p1a: Lycanroc|Lycanroc, L86, F|100/100\n|switch|p2a: Goodra|Goodra-Hisui, L82, M|265/265\n|turn|1\n|inactive|Battle timer is ON: inactive players will automatically lose when time's up. (requested by p0y1809c735)\n|inactive|p0x1809cf8d also wants the timer to be on.\n|\n|t:|1783560188\n|switch|p1a: Chimecho|Chimecho, L93, M|100/100\n|move|p2a: Goodra|Heavy Slam|p1a: Chimecho\n|-damage|p1a: Chimecho|59/100\n|\n|-heal|p1a: Chimecho|65/100|[from] item: Leftovers\n|upkeep\n|turn|2\n|inactive|Time left: 300 sec this turn | 300 sec total\n|\n|t:|1783560189\n|move|p1a: Chimecho|Calm Mind|p1a: Chimecho\n|-boost|p1a: Chimecho|spa|1\n|-boost|p1a: Chimecho|spd|1\n|move|p2a: Goodra|Heavy Slam|p1a: Chimecho\n|-damage|p1a: Chimecho|27/100\n|\n|-heal|p1a: Chimecho|33/100|[from] item: Leftovers\n|upkeep\n|turn|3\n|inactive|Time left: 300 sec this turn | 300 sec total\n|\n|t:|1783560191\n|move|p1a: Chimecho|Recover|p1a: Chimecho\n|-heal|p1a: Chimecho|83/100\n|move|p2a: Goodra|Heavy Slam|p1a: Chimecho\n|-damage|p1a: Chimecho|45/100\n|\n|-heal|p1a: Chimecho|51/100|[from] item: Leftovers\n|upkeep\n|turn|4\n|inactive|Time left: 300 sec this turn | 300 sec total\n|\n|t:|1783560192\n|move|p1a: Chimecho|Recover|p1a: Chimecho\n|-heal|p1a: Chimecho|100/100\n|move|p2a: Goodra|Heavy Slam|p1a: Chimecho\n|-damage|p1a: Chimecho|57/100\n|\n|-heal|p1a: Chimecho|63/100|[from] item: Leftovers\n|upkeep\n|turn|5\n|inactive|Time left: 300 sec this turn | 300 sec total\n|\n|t:|1783560193\n|move|p1a: Chimecho|Recover|p1a: Chimecho\n|-heal|p1a: Chimecho|100/100\n|move|p2a: Goodra|Heavy Slam|p1a: Chimecho\n|-damage|p1a: Chimecho|58/100\n|\n|-heal|p1a: Chimecho|64/100|[from] item: Leftovers\n|upkeep\n|turn|6\n|inactive|Time left: 300 sec this turn | 300 sec total\n|\n|t:|1783560194\n|move|p1a: Chimecho|Psyshock|p2a: Goodra\n|-resisted|p2a: Goodra\n|-damage|p2a: Goodra|192/265\n|move|p2a: Goodra|Heavy Slam|p1a: Chimecho\n|-damage|p1a: Chimecho|25/100\n|\n|-heal|p1a: Chimecho|31/100|[from] item: Leftovers\n|upkeep\n|turn|7\n|inactive|Time left: 300 sec this turn | 300 sec total\n|\n|t:|1783560195\n|move|p1a: Chimecho|Recover|p1a: Chimecho\n|-heal|p1a: Chimecho|81/100\n|move|p2a: Goodra|Heavy Slam|p1a: Chimecho\n|-damage|p1a: Chimecho|41/100\n|\n|-heal|p1a: Chimecho|47/100|[from] item: Leftovers\n|upkeep\n|turn|8\n|inactive|Time left: 300 sec this turn | 300 sec total\n|\n|t:|1783560196\n|move|p1a: Chimecho|Recover|p1a: Chimecho\n|-heal|p1a: Chimecho|97/100\n|move|p2a: Goodra|Heavy Slam|p1a: Chimecho\n|-damage|p1a: Chimecho|56/100\n|\n|-heal|p1a: Chimecho|62/100|[from] item: Leftovers\n|upkeep\n|turn|9\n|inactive|Time left: 300 sec this turn | 300 sec total\n|\n|t:|1783560197\n|move|p1a: Chimecho|Recover|p1a: Chimecho\n|-heal|p1a: Chimecho|100/100\n|move|p2a: Goodra|Heavy Slam|p1a: Chimecho\n|-damage|p1a: Chimecho|62/100\n|\n|-heal|p1a: Chimecho|68/100|[from] item: Leftovers\n|upkeep\n|turn|10\n|inactive|Time left: 300 sec this turn | 300 sec total\n|\n|t:|1783560199\n|move|p1a: Chimecho|Psyshock|p2a: Goodra\n|-resisted|p2a: Goodra\n|-damage|p2a: Goodra|125/265\n|move|p2a: Goodra|Heavy Slam|p1a: Chimecho\n|-damage|p1a: Chimecho|30/100\n|\n|-heal|p1a: Chimecho|36/100|[from] item: Leftovers\n|upkeep\n|turn|11\n|inactive|Time left: 300 sec this turn | 300 sec total\n|\n|t:|1783560200\n|move|p1a: Chimecho|Recover|p1a: Chimecho\n|-heal|p1a: Chimecho|86/100\n|move|p2a: Goodra|Heavy Slam|p1a: Chimecho\n|-damage|p1a: Chimecho|45/100\n|\n|-heal|p1a: Chimecho|51/100|[from] item: Leftovers\n|upkeep\n|turn|12\n|inactive|Time left: 300 sec this turn | 300 sec total\n|\n|t:|1783560201\n|move|p1a: Chimecho|Recover|p1a: Chimecho\n|-heal|p1a: Chimecho|100/100\n|move|p2a: Goodra|Heavy Slam|p1a: Chimecho\n|-damage|p1a: Chimecho|59/100\n|\n|-heal|p1a: Chimecho|65/100|[from] item: Leftovers\n|upkeep\n|turn|13\n|inactive|Time left: 300 sec this turn | 300 sec total\n|\n|t:|1783560202\n|move|p1a: Chimecho|Psyshock|p2a: Goodra\n|-resisted|p2a: Goodra\n|-damage|p2a: Goodra|53/265\n|move|p2a: Goodra|Heavy Slam|p1a: Chimecho\n|-damage|p1a: Chimecho|27/100\n|\n|-heal|p1a: Chimecho|34/100|[from] item: Leftovers\n|upkeep\n|turn|14\n|inactive|Time left: 300 sec this turn | 300 sec total\n|\n|t:|1783560203\n|switch|p2a: Forretress|Forretress, L84, F|263/263\n|move|p1a: Chimecho|Psyshock|p2a: Forretress\n|-resisted|p2a: Forretress\n|-damage|p2a: Forretress|205/263\n|\n|-heal|p1a: Chimecho|40/100|[from] item: Leftovers\n|-heal|p2a: Forretress|221/263|[from] item: Leftovers\n|upkeep\n|turn|15\n|inactive|Time left: 300 sec this turn | 300 sec total\n|\n|t:|1783560204\n|move|p1a: Chimecho|Dazzling Gleam|p2a: Forretress\n|-resisted|p2a: Forretress\n|-damage|p2a: Forretress|154/263\n|move|p2a: Forretress|Iron Head|p1a: Chimecho\n|-damage|p1a: Chimecho|15/100\n|\n|-heal|p1a: Chimecho|21/100|[from] item: Leftovers\n|-heal|p2a: Forretress|170/263|[from] item: Leftovers\n|upkeep\n|turn|16\n|inactive|Time left: 300 sec this turn | 300 sec total\n|\n|t:|1783560205\n|move|p1a: Chimecho|Dazzling Gleam|p2a: Forretress\n|-resisted|p2a: Forretress\n|-damage|p2a: Forretress|108/263\n|move|p2a: Forretress|Iron Head|p1a: Chimecho\n|-damage|p1a: Chimecho|0 fnt\n|faint|p1a: Chimecho\n|\n|-heal|p2a: Forretress|124/263|[from] item: Leftovers\n|upkeep\n|\n|t:|1783560206\n|switch|p1a: Zapdos|Zapdos-Galar, L77|100/100\n|turn|17\n|inactive|Time left: 300 sec this turn | 300 sec total\n|\n|t:|1783560207\n|move|p1a: Zapdos|Bulk Up|p1a: Zapdos\n|-boost|p1a: Zapdos|atk|1\n|-boost|p1a: Zapdos|def|1\n|move|p2a: Forretress|Stealth Rock|p1a: Zapdos\n|-sidestart|p1: p0x1809cf8d|move: Stealth Rock\n|\n|-heal|p2a: Forretress|140/263|[from] item: Leftovers\n|upkeep\n|turn|18\n|inactive|Time left: 300 sec this turn | 300 sec total\n|\n|t:|1783560208\n|switch|p2a: Dragalge|Dragalge, L88, M|258/258\n|move|p1a: Zapdos|Brave Bird|p2a: Dragalge\n|-damage|p2a: Dragalge|5/258\n|-damage|p1a: Zapdos|69/100|[from] Recoil\n|-damage|p1a: Zapdos|59/100|[from] item: Life Orb\n|\n|upkeep\n|turn|19\n|inactive|Time left: 300 sec this turn | 300 sec total\n|\n|t:|1783560209\n|move|p1a: Zapdos|Brave Bird|p2a: Dragalge\n|-damage|p2a: Dragalge|0 fnt\n|faint|p2a: Dragalge\n|-damage|p1a: Zapdos|59/100|[from] Recoil\n|-damage|p1a: Zapdos|49/100|[from] item: Life Orb\n|\n|upkeep\n|inactive|Time left: 300 sec this turn | 300 sec total | 5 sec grace\n|\n|t:|1783560210\n|switch|p2a: Vaporeon|Vaporeon, L86, F|364/364\n|turn|20\n|inactive|Time left: 300 sec this turn | 300 sec total\n|\n|t:|1783560211\n|move|p1a: Zapdos|Close Combat|p2a: Vaporeon\n|-damage|p2a: Vaporeon|55/364\n|-unboost|p1a: Zapdos|def|1\n|-unboost|p1a: Zapdos|spd|1\n|-damage|p1a: Zapdos|39/100|[from] item: Life Orb\n|move|p2a: Vaporeon|Scald|p1a: Zapdos\n|-damage|p1a: Zapdos|0 fnt\n|faint|p1a: Zapdos\n|\n|-heal|p2a: Vaporeon|77/364|[from] item: Leftovers\n|upkeep\n|\n|t:|1783560212\n|switch|p1a: Mienshao|Mienshao, L83, M|100/100\n|-damage|p1a: Mienshao|94/100|[from] Stealth Rock\n|turn|21\n|inactive|Time left: 300 sec this turn | 300 sec total\n|\n|t:|1783560213\n|move|p2a: Vaporeon|Protect|p2a: Vaporeon\n|-singleturn|p2a: Vaporeon|Protect\n|move|p1a: Mienshao|Knock Off|p2a: Vaporeon\n|-activate|p2a: Vaporeon|move: Protect\n|\n|-heal|p2a: Vaporeon|99/364|[from] item: Leftovers\n|upkeep\n|turn|22\n|inactive|Time left: 300 sec this turn | 300 sec total\n|\n|t:|1783560214\n|switch|p2a: Sneasler|Sneasler, L74, F|240/240\n|move|p1a: Mienshao|Knock Off|p2a: Sneasler\n|-resisted|p2a: Sneasler\n|-damage|p2a: Sneasler|174/240\n|-enditem|p2a: Sneasler|Choice Band|[from] move: Knock Off|[of] p1a: Mienshao\n|\n|upkeep\n|turn|23\n|inactive|Time left: 300 sec this turn | 300 sec total\n|\n|t:|1783560215\n|move|p1a: Mienshao|Close Combat|p2a: Sneasler\n|-resisted|p2a: Sneasler\n|-damage|p2a: Sneasler|53/240\n|-unboost|p1a: Mienshao|def|1\n|-unboost|p1a: Mienshao|spd|1\n|move|p2a: Sneasler|Dire Claw|p1a: Mienshao\n|-damage|p1a: Mienshao|23/100\n|\n|upkeep\n|turn|24\n|inactive|Time left: 300 sec this turn | 300 sec total\n|\n|t:|1783560216\n|move|p1a: Mienshao|Close Combat|p2a: Sneasler\n|-resisted|p2a: Sneasler\n|-damage|p2a: Sneasler|0 fnt\n|-unboost|p1a: Mienshao|def|1\n|-unboost|p1a: Mienshao|spd|1\n|faint|p2a: Sneasler\n|\n|upkeep\n|inactive|Time left: 300 sec this turn | 300 sec total | 5 sec grace\n|\n|t:|1783560218\n|switch|p2a: Forretress|Forretress, L84, F|140/263\n|turn|25\n|inactive|Time left: 300 sec this turn | 300 sec total\n|\n|t:|1783560219\n|move|p1a: Mienshao|Close Combat|p2a: Forretress\n|-damage|p2a: Forretress|41/263\n|-unboost|p1a: Mienshao|def|1\n|-unboost|p1a: Mienshao|spd|1\n|move|p2a: Forretress|Rapid Spin|p1a: Mienshao\n|-damage|p1a: Mienshao|0 fnt\n|-boost|p2a: Forretress|spe|1\n|faint|p1a: Mienshao\n|\n|-heal|p2a: Forretress|57/263|[from] item: Leftovers\n|upkeep\n|\n|t:|1783560220\n|switch|p1a: Meowscarada|Meowscarada, L78, M|100/100\n|-damage|p1a: Meowscarada|88/100|[from] Stealth Rock\n|turn|26\n|inactive|Time left: 300 sec this turn | 300 sec total\n|\n|t:|1783560221\n|move|p1a: Meowscarada|Knock Off|p2a: Forretress\n|-start|p1a: Meowscarada|typechange|Dark|[from] ability: Protean\n|-damage|p2a: Forretress|0 fnt\n|-enditem|p2a: Forretress|Leftovers|[from] move: Knock Off|[of] p1a: Meowscarada\n|faint|p2a: Forretress\n|-damage|p1a: Meowscarada|79/100|[from] item: Life Orb\n|\n|upkeep\n|inactive|Time left: 300 sec this turn | 300 sec total | 5 sec grace\n|\n|t:|1783560222\n|switch|p2a: Volbeat|Volbeat, L90, M|263/263\n|turn|27\n|inactive|Time left: 300 sec this turn | 300 sec total\n|\n|t:|1783560223\n|switch|p1a: Lycanroc|Lycanroc, L86, F|100/100\n|-damage|p1a: Lycanroc|88/100|[from] Stealth Rock\n|move|p2a: Volbeat|Lunge|p1a: Lycanroc\n|-damage|p1a: Lycanroc|49/100\n|-unboost|p1a: Lycanroc|atk|1\n|\n|upkeep\n|turn|28\n|inactive|Time left: 300 sec this turn | 300 sec total\n|\n|t:|1783560224\n|move|p2a: Volbeat|Thunder Wave|p1a: Lycanroc\n|-status|p1a: Lycanroc|par\n|cant|p1a: Lycanroc|par\n|\n|upkeep\n|turn|29\n|inactive|Time left: 300 sec this turn | 300 sec total\n|\n|t:|1783560225\n|move|p2a: Volbeat|Lunge|p1a: Lycanroc\n|-damage|p1a: Lycanroc|12/100 par\n|-unboost|p1a: Lycanroc|atk|1\n|move|p1a: Lycanroc|Stone Edge|p2a: Volbeat\n|-supereffective|p2a: Volbeat\n|-damage|p2a: Volbeat|99/263\n|-damage|p1a: Lycanroc|2/100 par|[from] item: Life Orb\n|\n|upkeep\n|turn|30\n|inactive|Time left: 300 sec this turn | 300 sec total\n|\n|t:|1783560226\n|move|p2a: Volbeat|Roost|p2a: Volbeat\n|-heal|p2a: Volbeat|231/263\n|-singleturn|p2a: Volbeat|move: Roost\n|move|p1a: Lycanroc|Stone Edge|p2a: Volbeat\n|-supereffective|p2a: Volbeat\n|-damage|p2a: Volbeat|59/263\n|-damage|p1a: Lycanroc|0 fnt|[from] item: Life Orb\n|faint|p1a: Lycanroc\n|\n|upkeep\n|\n|t:|1783560227\n|switch|p1a: Meowscarada|Meowscarada, L78, M|79/100\n|-damage|p1a: Meowscarada|66/100|[from] Stealth Rock\n|turn|31\n|inactive|Time left: 300 sec this turn | 300 sec total\n|\n|t:|1783560228\n|move|p2a: Volbeat|Roost|p2a: Volbeat\n|-heal|p2a: Volbeat|191/263\n|-singleturn|p2a: Volbeat|move: Roost\n|move|p1a: Meowscarada|Knock Off|p2a: Volbeat\n|-start|p1a: Meowscarada|typechange|Dark|[from] ability: Protean\n|-damage|p2a: Volbeat|62/263\n|-enditem|p2a: Volbeat|Heavy-Duty Boots|[from] move: Knock Off|[of] p1a: Meowscarada\n|-damage|p1a: Meowscarada|57/100|[from] item: Life Orb\n|\n|upkeep\n|turn|32\n|inactive|Time left: 300 sec this turn | 300 sec total\n|\n|t:|1783560229\n|move|p1a: Meowscarada|Knock Off|p2a: Volbeat\n|-damage|p2a: Volbeat|0 fnt\n|faint|p2a: Volbeat\n|-damage|p1a: Meowscarada|47/100|[from] item: Life Orb\n|\n|upkeep\n|inactive|Time left: 300 sec this turn | 300 sec total | 5 sec grace\n|\n|t:|1783560230\n|switch|p2a: Vaporeon|Vaporeon, L86, F|99/364\n|turn|33\n|inactive|Time left: 300 sec this turn | 300 sec total\n|\n|t:|1783560231\n|move|p2a: Vaporeon|Protect|p2a: Vaporeon\n|-singleturn|p2a: Vaporeon|Protect\n|move|p1a: Meowscarada|Knock Off|p2a: Vaporeon\n|-activate|p2a: Vaporeon|move: Protect\n|\n|-heal|p2a: Vaporeon|121/364|[from] item: Leftovers\n|upkeep\n|turn|34\n|inactive|Time left: 300 sec this turn | 300 sec total\n|\n|t:|1783560232\n|move|p2a: Vaporeon|Protect||[still]\n|-fail|p2a: Vaporeon\n|move|p1a: Meowscarada|Knock Off|p2a: Vaporeon\n|-damage|p2a: Vaporeon|0 fnt\n|-enditem|p2a: Vaporeon|Leftovers|[from] move: Knock Off|[of] p1a: Meowscarada\n|faint|p2a: Vaporeon\n|-damage|p1a: Meowscarada|37/100|[from] item: Life Orb\n|\n|upkeep\n|inactive|Time left: 300 sec this turn | 300 sec total | 5 sec grace\n|\n|t:|1783560233\n|switch|p2a: Goodra|Goodra-Hisui, L82, M|53/265\n|turn|35\n|inactive|Time left: 300 sec this turn | 300 sec total\n|\n|t:|1783560234\n|-terastallize|p2a: Goodra|Flying\n|move|p1a: Meowscarada|Knock Off|p2a: Goodra\n|-damage|p2a: Goodra|0 fnt\n|-enditem|p2a: Goodra|Assault Vest|[from] move: Knock Off|[of] p1a: Meowscarada\n|faint|p2a: Goodra\n|-damage|p1a: Meowscarada|28/100|[from] item: Life Orb\n|\n|win|p0x1809cf8d", "uploadtime": 1783560234, "views": 0, "rating": 0, "private": 0, "password": null, "_winner": "p0x1809cf8d", "_our_name": "p0y1809c735"}