{"id": "battle-gen9randombattle-1110", "formatid": "gen9randombattle", "format": "[Gen 9] Random Battle", "players": ["p0x11106152", "p0y11106229"], "log": "|init|battle\n|title|p0x11106152 vs. p0y11106229\n|j|\u2606p0x11106152\n|j|\u2606p0y11106229\n|t:|1783552840\n|gametype|singles\n|player|p1|p0x11106152|101|\n|player|p2|p0y11106229|169|\n|gen|9\n|tier|[Gen 9] Random Battle\n|rule|Species Clause: Limit one of each Pok\u00e9mon\n|rule|HP Percentage Mod: HP is shown in percentages\n|rule|Sleep Clause Mod: Limit one foe put to sleep\n|rule|Illusion Level Mod: Illusion disguises the Pok\u00e9mon's true level\n|\n|t:|1783552840\n|teamsize|p1|6\n|teamsize|p2|6\n|start\n|switch|p1a: Gliscor|Gliscor, L76, M|239/239\n|switch|p2a: Oinkologne|Oinkologne, L92, M|100/100\n|turn|1\n|inactive|Battle timer is ON: inactive players will automatically lose when time's up. (requested by p0y11106229)\n|inactive|Time left: 300 sec this turn | 300 sec total | 60 sec grace\n|inactive|p0x11106152 also wants the timer to be on.\n|\n|t:|1783552842\n|move|p1a: Gliscor|Toxic Spikes|p2a: Oinkologne\n|-sidestart|p2: p0y11106229|move: Toxic Spikes\n|move|p2a: Oinkologne|Body Slam|p1a: Gliscor\n|-damage|p1a: Gliscor|149/239\n|\n|-status|p1a: Gliscor|tox|[from] item: Toxic Orb\n|upkeep\n|turn|2\n|inactive|Time left: 300 sec this turn | 300 sec total\n|\n|t:|1783552843\n|move|p1a: Gliscor|Knock Off|p2a: Oinkologne\n|-damage|p2a: Oinkologne|84/100\n|-enditem|p2a: Oinkologne|Leftovers|[from] move: Knock Off|[of] p1a: Gliscor\n|move|p2a: Oinkologne|Body Slam|p1a: Gliscor\n|-damage|p1a: Gliscor|58/239 tox\n|\n|-heal|p1a: Gliscor|87/239 tox|[from] ability: Poison Heal\n|upkeep\n|turn|3\n|inactive|Time left: 300 sec this turn | 300 sec total\n|\n|t:|1783552844\n|move|p1a: Gliscor|Protect|p1a: Gliscor\n|-singleturn|p1a: Gliscor|Protect\n|move|p2a: Oinkologne|Body Slam|p1a: Gliscor\n|-activate|p1a: Gliscor|move: Protect\n|\n|-heal|p1a: Gliscor|116/239 tox|[from] ability: Poison Heal\n|upkeep\n|turn|4\n|inactive|Time left: 300 sec this turn | 300 sec total\n|\n|t:|1783552845\n|move|p1a: Gliscor|Toxic Spikes|p2a: Oinkologne\n|-sidestart|p2: p0y11106229|move: Toxic Spikes\n|move|p2a: Oinkologne|Body Slam|p1a: Gliscor\n|-damage|p1a: Gliscor|31/239 tox\n|\n|-heal|p1a: Gliscor|60/239 tox|[from] ability: Poison Heal\n|upkeep\n|turn|5\n|inactive|Time left: 300 sec this turn | 300 sec total\n|\n|t:|1783552845\n|move|p1a: Gliscor|Protect|p1a: Gliscor\n|-singleturn|p1a: Gliscor|Protect\n|move|p2a: Oinkologne|Body Slam|p1a: Gliscor\n|-activate|p1a: Gliscor|move: Protect\n|\n|-heal|p1a: Gliscor|89/239 tox|[from] ability: Poison Heal\n|upkeep\n|turn|6\n|inactive|Time left: 300 sec this turn | 300 sec total\n|\n|t:|1783552846\n|switch|p1a: Stonjourner|Stonjourner, L91, F|330/330\n|move|p2a: Oinkologne|Body Slam|p1a: Stonjourner\n|-resisted|p1a: Stonjourner\n|-damage|p1a: Stonjourner|292/330\n|\n|upkeep\n|turn|7\n|inactive|Time left: 300 sec this turn | 300 sec total\n|\n|t:|1783552847\n|move|p1a: Stonjourner|Stealth Rock|p2a: Oinkologne\n|-sidestart|p2: p0y11106229|move: Stealth Rock\n|move|p2a: Oinkologne|High Horsepower|p1a: Stonjourner\n|-supereffective|p1a: Stonjourner\n|-damage|p1a: Stonjourner|188/330\n|\n|upkeep\n|turn|8\n|inactive|Time left: 300 sec this turn | 300 sec total\n|\n|t:|1783552848\n|move|p1a: Stonjourner|Stone Edge|p2a: Oinkologne|[miss]\n|-miss|p1a: Stonjourner|p2a: Oinkologne\n|move|p2a: Oinkologne|Body Slam|p1a: Stonjourner\n|-resisted|p1a: Stonjourner\n|-damage|p1a: Stonjourner|152/330\n|\n|upkeep\n|turn|9\n|inactive|Time left: 300 sec this turn | 300 sec total\n|\n|t:|1783552849\n|move|p1a: Stonjourner|Stone Edge|p2a: Oinkologne\n|-damage|p2a: Oinkologne|27/100\n|-damage|p1a: Stonjourner|119/330|[from] item: Life Orb\n|move|p2a: Oinkologne|Body Slam|p1a: Stonjourner\n|-resisted|p1a: Stonjourner\n|-damage|p1a: Stonjourner|80/330\n|\n|upkeep\n|turn|10\n|inactive|Time left: 300 sec this turn | 300 sec total\n|\n|t:|1783552850\n|move|p1a: Stonjourner|Earthquake|p2a: Oinkologne\n|-damage|p2a: Oinkologne|0 fnt\n|faint|p2a: Oinkologne\n|-damage|p1a: Stonjourner|47/330|[from] item: Life Orb\n|\n|upkeep\n|\n|t:|1783552851\n|switch|p2a: Rillaboom|Rillaboom, L79, M|100/100\n|-status|p2a: Rillaboom|tox\n|-damage|p2a: Rillaboom|88/100 tox|[from] Stealth Rock\n|-fieldstart|move: Grassy Terrain|[from] ability: Grassy Surge|[of] p2a: Rillaboom\n|turn|11\n|inactive|Time left: 300 sec this turn | 300 sec total\n|\n|t:|1783552853\n|switch|p1a: Tsareena|Tsareena, L87, F|267/267\n|move|p2a: Rillaboom|Wood Hammer|p1a: Tsareena\n|-resisted|p1a: Tsareena\n|-damage|p1a: Tsareena|158/267\n|-damage|p2a: Rillaboom|75/100 tox|[from] Recoil\n|-damage|p2a: Rillaboom|66/100 tox|[from] item: Life Orb\n|\n|-heal|p2a: Rillaboom|72/100 tox|[from] Grassy Terrain\n|-heal|p1a: Tsareena|174/267|[from] Grassy Terrain\n|-damage|p2a: Rillaboom|66/100 tox|[from] psn\n|upkeep\n|turn|12\n|inactive|Time left: 300 sec this turn | 300 sec total\n|\n|t:|1783552854\n|move|p2a: Rillaboom|Wood Hammer|p1a: Tsareena\n|-resisted|p1a: Tsareena\n|-crit|p1a: Tsareena\n|-damage|p1a: Tsareena|18/267\n|-damage|p2a: Rillaboom|48/100 tox|[from] Recoil\n|-damage|p2a: Rillaboom|38/100 tox|[from] item: Life Orb\n|move|p1a: Tsareena|Synthesis|p1a: Tsareena\n|-heal|p1a: Tsareena|151/267\n|\n|-heal|p2a: Rillaboom|45/100 tox|[from] Grassy Terrain\n|-heal|p1a: Tsareena|167/267|[from] Grassy Terrain\n|-damage|p2a: Rillaboom|32/100 tox|[from] psn\n|upkeep\n|turn|13\n|inactive|Time left: 300 sec this turn | 300 sec total\n|\n|t:|1783552855\n|move|p2a: Rillaboom|Wood Hammer|p1a: Tsareena\n|-resisted|p1a: Tsareena\n|-damage|p1a: Tsareena|68/267\n|-damage|p2a: Rillaboom|21/100 tox|[from] Recoil\n|-damage|p2a: Rillaboom|11/100 tox|[from] item: Life Orb\n|move|p1a: Tsareena|Synthesis|p1a: Tsareena\n|-heal|p1a: Tsareena|201/267\n|\n|-heal|p2a: Rillaboom|17/100 tox|[from] Grassy Terrain\n|-heal|p1a: Tsareena|217/267|[from] Grassy Terrain\n|-damage|p2a: Rillaboom|0 fnt|[from] psn\n|faint|p2a: Rillaboom\n|upkeep\n|\n|t:|1783552856\n|switch|p2a: Ceruledge|Ceruledge, L78, M|100/100\n|turn|14\n|inactive|Time left: 300 sec this turn | 300 sec total\n|\n|t:|1783552857\n|move|p2a: Ceruledge|Swords Dance|p2a: Ceruledge\n|-boost|p2a: Ceruledge|atk|2\n|move|p1a: Tsareena|Knock Off|p2a: Ceruledge\n|-supereffective|p2a: Ceruledge\n|-damage|p2a: Ceruledge|26/100\n|-ability|p2a: Ceruledge|Weak Armor|boost\n|-unboost|p2a: Ceruledge|def|1\n|-boost|p2a: Ceruledge|spe|2\n|-enditem|p2a: Ceruledge|Heavy-Duty Boots|[from] move: Knock Off|[of] p1a: Tsareena\n|\n|-heal|p2a: Ceruledge|32/100|[from] Grassy Terrain\n|-heal|p1a: Tsareena|233/267|[from] Grassy Terrain\n|upkeep\n|turn|15\n|inactive|Time left: 300 sec this turn | 300 sec total\n|\n|t:|1783552858\n|switch|p1a: Alomomola|Alomomola, L87, F|429/429\n|move|p2a: Ceruledge|Bitter Blade|p1a: Alomomola\n|-resisted|p1a: Alomomola\n|-damage|p1a: Alomomola|327/429\n|-heal|p2a: Ceruledge|53/100|[from] drain|[of] p1a: Alomomola\n|\n|-heal|p2a: Ceruledge|59/100|[from] Grassy Terrain\n|-heal|p1a: Alomomola|353/429|[from] Grassy Terrain\n|-fieldend|move: Grassy Terrain\n|upkeep\n|turn|16\n|inactive|Time left: 300 sec this turn | 300 sec total\n|\n|t:|1783552859\n|-terastallize|p2a: Ceruledge|Fighting\n|move|p2a: Ceruledge|Swords Dance|p2a: Ceruledge\n|-boost|p2a: Ceruledge|atk|2\n|move|p1a: Alomomola|Flip Turn|p2a: Ceruledge\n|-damage|p2a: Ceruledge|22/100\n|-ability|p2a: Ceruledge|Weak Armor|boost\n|-unboost|p2a: Ceruledge|def|1\n|-boost|p2a: Ceruledge|spe|2\n|inactive|Time left: 300 sec this turn | 300 sec total | 5 sec grace\n|\n|t:|1783552860\n|switch|p1a: Gliscor|Gliscor, L76, M|89/239 tox|[from] Flip Turn\n|\n|-heal|p1a: Gliscor|118/239 tox|[from] ability: Poison Heal\n|upkeep\n|turn|17\n|inactive|Time left: 300 sec this turn | 300 sec total\n|\n|t:|1783552861\n|move|p1a: Gliscor|Protect|p1a: Gliscor\n|-singleturn|p1a: Gliscor|Protect\n|move|p2a: Ceruledge|Bitter Blade|p1a: Gliscor\n|-activate|p1a: Gliscor|move: Protect\n|\n|-heal|p1a: Gliscor|147/239 tox|[from] ability: Poison Heal\n|upkeep\n|turn|18\n|inactive|Time left: 300 sec this turn | 300 sec total\n|\n|t:|1783552862\n|switch|p1a: Stonjourner|Stonjourner, L91, F|47/330\n|move|p2a: Ceruledge|Close Combat|p1a: Stonjourner\n|-supereffective|p1a: Stonjourner\n|-damage|p1a: Stonjourner|0 fnt\n|-unboost|p2a: Ceruledge|def|1\n|-unboost|p2a: Ceruledge|spd|1\n|faint|p1a: Stonjourner\n|\n|upkeep\n|inactive|Time left: 300 sec this turn | 300 sec total | 5 sec grace\n|\n|t:|1783552863\n|switch|p1a: Alomomola|Alomomola, L87, F|429/429\n|turn|19\n|inactive|Time left: 300 sec this turn | 300 sec total\n|\n|t:|1783552864\n|move|p2a: Ceruledge|Close Combat|p1a: Alomomola\n|-damage|p1a: Alomomola|26/429\n|-unboost|p2a: Ceruledge|def|1\n|-unboost|p2a: Ceruledge|spd|1\n|move|p1a: Alomomola|Flip Turn|p2a: Ceruledge\n|-damage|p2a: Ceruledge|0 fnt\n|faint|p2a: Ceruledge\n|inactive|Time left: 300 sec this turn | 300 sec total | 5 sec grace\n|\n|t:|1783552865\n|switch|p1a: Kyurem|Kyurem-White, L73|303/303|[from] Flip Turn\n|-ability|p1a: Kyurem|Turboblaze\n|\n|upkeep\n|\n|t:|1783552866\n|switch|p2a: Necrozma|Necrozma-Dawn-Wings, L76|100/100\n|-status|p2a: Necrozma|tox\n|-damage|p2a: Necrozma|88/100 tox|[from] Stealth Rock\n|turn|20\n|inactive|Time left: 300 sec this turn | 300 sec total\n|\n|t:|1783552867\n|switch|p1a: Tsareena|Tsareena, L87, F|233/267\n|move|p2a: Necrozma|Photon Geyser|p1a: Tsareena\n|-damage|p1a: Tsareena|95/267\n|-damage|p2a: Necrozma|78/100 tox|[from] item: Life Orb\n|\n|-damage|p2a: Necrozma|72/100 tox|[from] psn\n|upkeep\n|turn|21\n|inactive|Time left: 300 sec this turn | 300 sec total\n|\n|t:|1783552868\n|move|p1a: Tsareena|Synthesis|p1a: Tsareena\n|-heal|p1a: Tsareena|228/267\n|move|p2a: Necrozma|Photon Geyser|p1a: Tsareena\n|-damage|p1a: Tsareena|90/267\n|-damage|p2a: Necrozma|62/100 tox|[from] item: Life Orb\n|\n|-damage|p2a: Necrozma|49/100 tox|[from] psn\n|upkeep\n|turn|22\n|inactive|Time left: 300 sec this turn | 300 sec total\n|\n|t:|1783552869\n|move|p1a: Tsareena|Synthesis|p1a: Tsareena\n|-heal|p1a: Tsareena|223/267\n|move|p2a: Necrozma|Moongeist Beam|p1a: Tsareena\n|-damage|p1a: Tsareena|83/267\n|-damage|p2a: Necrozma|39/100 tox|[from] item: Life Orb\n|\n|-damage|p2a: Necrozma|21/100 tox|[from] psn\n|upkeep\n|turn|23\n|inactive|Time left: 300 sec this turn | 300 sec total\n|\n|t:|1783552870\n|move|p1a: Tsareena|Knock Off|p2a: Necrozma\n|-supereffective|p2a: Necrozma\n|-damage|p2a: Necrozma|0 fnt\n|-enditem|p2a: Necrozma|Life Orb|[from] move: Knock Off|[of] p1a: Tsareena\n|faint|p2a: Necrozma\n|\n|upkeep\n|\n|t:|1783552871\n|switch|p2a: Araquanid|Araquanid, L82, M|100/100\n|turn|24\n|inactive|Time left: 300 sec this turn | 300 sec total\n|\n|t:|1783552872\n|move|p1a: Tsareena|Power Whip|p2a: Araquanid\n|-damage|p2a: Araquanid|33/100\n|move|p2a: Araquanid|Leech Life|p1a: Tsareena\n|-supereffective|p1a: Tsareena\n|-damage|p1a: Tsareena|0 fnt\n|-heal|p2a: Araquanid|50/100|[from] drain|[of] p1a: Tsareena\n|faint|p1a: Tsareena\n|\n|upkeep\n|inactive|Time left: 300 sec this turn | 300 sec total | 5 sec grace\n|\n|t:|1783552872\n|switch|p1a: Kyurem|Kyurem-White, L73|303/303\n|-ability|p1a: Kyurem|Turboblaze\n|turn|25\n|inactive|Time left: 300 sec this turn | 300 sec total\n|\n|t:|1783552873\n|move|p1a: Kyurem|Freeze-Dry|p2a: Araquanid\n|-supereffective|p2a: Araquanid\n|-damage|p2a: Araquanid|0 fnt\n|faint|p2a: Araquanid\n|\n|upkeep\n|\n|t:|1783552874\n|switch|p2a: Arceus|Arceus-Electric, L70|100/100\n|-status|p2a: Arceus|tox\n|-damage|p2a: Arceus|88/100 tox|[from] Stealth Rock\n|turn|26\n|inactive|Time left: 300 sec this turn | 300 sec total\n|\n|t:|1783552875\n|switch|p1a: Fezandipiti|Fezandipiti, L82, M|278/278\n|move|p2a: Arceus|Calm Mind|p2a: Arceus\n|-boost|p2a: Arceus|spa|1\n|-boost|p2a: Arceus|spd|1\n|\n|-damage|p2a: Arceus|82/100 tox|[from] psn\n|upkeep\n|turn|27\n|inactive|Time left: 300 sec this turn | 300 sec total\n|\n|t:|1783552875\n|-terastallize|p1a: Fezandipiti|Ground\n|move|p1a: Fezandipiti|Swords Dance|p1a: Fezandipiti\n|-boost|p1a: Fezandipiti|atk|2\n|move|p2a: Arceus|Recover|p2a: Arceus\n|-heal|p2a: Arceus|100/100 tox\n|\n|-damage|p2a: Arceus|89/100 tox|[from] psn\n|upkeep\n|turn|28\n|inactive|Time left: 300 sec this turn | 300 sec total\n|\n|t:|1783552876\n|move|p1a: Fezandipiti|Tera Blast|p2a: Arceus|[anim] Tera Blast Ground\n|-supereffective|p2a: Arceus\n|-damage|p2a: Arceus|0 fnt\n|faint|p2a: Arceus\n|\n|win|p0x11106152", "uploadtime": 1783552876, "views": 0, "rating": 0, "private": 0, "password": null, "_winner": "p0x11106152", "_our_name": "p0x11106152"}