{"id": "battle-gen9randombattle-2170", "formatid": "gen9randombattle", "format": "[Gen 9] Random Battle", "players": ["p0x21708a79", "p0y2170ce8b"], "log": "|init|battle\n|title|p0x21708a79 vs. p0y2170ce8b\n|j|\u2606p0x21708a79\n|j|\u2606p0y2170ce8b\n|t:|1783565129\n|gametype|singles\n|player|p1|p0x21708a79|170|\n|player|p2|p0y2170ce8b|266|\n|gen|9\n|tier|[Gen 9] Random Battle\n|rule|Species Clause: Limit one of each Pok\u00e9mon\n|rule|HP Percentage Mod: HP is shown in percentages\n|rule|Sleep Clause Mod: Limit one foe put to sleep\n|rule|Illusion Level Mod: Illusion disguises the Pok\u00e9mon's true level\n|\n|t:|1783565129\n|teamsize|p1|6\n|teamsize|p2|6\n|start\n|switch|p1a: Arboliva|Arboliva, L91, M|100/100\n|switch|p2a: Sceptile|Sceptile, L87, M|264/264\n|turn|1\n|inactive|Battle timer is ON: inactive players will automatically lose when time's up. (requested by p0x21708a79)\n|inactive|Time left: 300 sec this turn | 300 sec total | 60 sec grace\n|\n|t:|1783565131\n|move|p2a: Sceptile|Swords Dance|p2a: Sceptile\n|-boost|p2a: Sceptile|atk|2\n|move|p1a: Arboliva|Hyper Voice|p2a: Sceptile\n|-damage|p2a: Sceptile|135/264\n|\n|upkeep\n|turn|2\n|inactive|Time left: 300 sec this turn | 300 sec total\n|inactive|p0y2170ce8b also wants the timer to be on.\n|\n|t:|1783565131\n|move|p2a: Sceptile|Rock Slide|p1a: Arboliva\n|-damage|p1a: Arboliva|57/100\n|-fieldstart|move: Grassy Terrain|[from] ability: Seed Sower|[of] p1a: Arboliva\n|-damage|p2a: Sceptile|109/264|[from] item: Life Orb\n|move|p1a: Arboliva|Hyper Voice|p2a: Sceptile\n|-damage|p2a: Sceptile|0 fnt\n|faint|p2a: Sceptile\n|\n|-heal|p1a: Arboliva|63/100|[from] Grassy Terrain\n|-heal|p1a: Arboliva|69/100|[from] item: Leftovers\n|upkeep\n|inactive|Time left: 300 sec this turn | 300 sec total | 5 sec grace\n|\n|t:|1783565132\n|switch|p2a: Corviknight|Corviknight, L80, F|288/288\n|-ability|p2a: Corviknight|Pressure\n|turn|3\n|inactive|Time left: 300 sec this turn | 300 sec total\n|\n|t:|1783565133\n|move|p2a: Corviknight|Brave Bird|p1a: Arboliva\n|-supereffective|p1a: Arboliva\n|-damage|p1a: Arboliva|0 fnt\n|faint|p1a: Arboliva\n|-damage|p2a: Corviknight|222/288|[from] Recoil\n|\n|upkeep\n|\n|t:|1783565134\n|switch|p1a: Kleavor|Kleavor, L78, M|100/100\n|turn|4\n|inactive|Time left: 300 sec this turn | 300 sec total\n|\n|t:|1783565135\n|move|p1a: Kleavor|Stone Axe|p2a: Corviknight\n|-damage|p2a: Corviknight|62/288\n|-damage|p1a: Kleavor|84/100|[from] item: Rocky Helmet|[of] p2a: Corviknight\n|-sidestart|p2: p0y2170ce8b|move: Stealth Rock\n|move|p2a: Corviknight|Brave Bird|p1a: Kleavor\n|-damage|p1a: Kleavor|40/100\n|-damage|p2a: Corviknight|27/288|[from] Recoil\n|\n|-heal|p1a: Kleavor|46/100|[from] Grassy Terrain\n|upkeep\n|turn|5\n|inactive|Time left: 300 sec this turn | 300 sec total\n|\n|t:|1783565136\n|switch|p2a: Gurdurr|Gurdurr, L85, M|283/283\n|-damage|p2a: Gurdurr|266/283|[from] Stealth Rock\n|move|p1a: Kleavor|Stone Axe|p2a: Gurdurr\n|-resisted|p2a: Gurdurr\n|-damage|p2a: Gurdurr|204/283\n|\n|-heal|p1a: Kleavor|52/100|[from] Grassy Terrain\n|-heal|p2a: Gurdurr|221/283|[from] Grassy Terrain\n|upkeep\n|turn|6\n|inactive|Time left: 300 sec this turn | 300 sec total\n|\n|t:|1783565137\n|switch|p1a: Gogoat|Gogoat, L88, M|100/100\n|move|p2a: Gurdurr|Bulk Up|p2a: Gurdurr\n|-boost|p2a: Gurdurr|atk|1\n|-boost|p2a: Gurdurr|def|1\n|\n|-heal|p2a: Gurdurr|238/283|[from] Grassy Terrain\n|-fieldend|move: Grassy Terrain\n|upkeep\n|turn|7\n|inactive|Time left: 300 sec this turn | 300 sec total\n|\n|t:|1783565138\n|move|p1a: Gogoat|Bulk Up|p1a: Gogoat\n|-boost|p1a: Gogoat|atk|1\n|-boost|p1a: Gogoat|def|1\n|move|p2a: Gurdurr|Bulk Up|p2a: Gurdurr\n|-boost|p2a: Gurdurr|atk|1\n|-boost|p2a: Gurdurr|def|1\n|\n|upkeep\n|turn|8\n|inactive|Time left: 300 sec this turn | 300 sec total\n|\n|t:|1783565140\n|move|p1a: Gogoat|Bulk Up|p1a: Gogoat\n|-boost|p1a: Gogoat|atk|1\n|-boost|p1a: Gogoat|def|1\n|move|p2a: Gurdurr|Knock Off|p1a: Gogoat\n|-damage|p1a: Gogoat|74/100\n|-enditem|p1a: Gogoat|Leftovers|[from] move: Knock Off|[of] p2a: Gurdurr\n|\n|upkeep\n|turn|9\n|inactive|Time left: 300 sec this turn | 300 sec total\n|\n|t:|1783565141\n|move|p1a: Gogoat|Bulk Up|p1a: Gogoat\n|-boost|p1a: Gogoat|atk|1\n|-boost|p1a: Gogoat|def|1\n|move|p2a: Gurdurr|Drain Punch|p1a: Gogoat\n|-damage|p1a: Gogoat|51/100\n|-heal|p2a: Gurdurr|281/283|[from] drain|[of] p1a: Gogoat\n|\n|upkeep\n|turn|10\n|inactive|Time left: 300 sec this turn | 300 sec total\n|\n|t:|1783565142\n|move|p1a: Gogoat|Milk Drink|p1a: Gogoat\n|-heal|p1a: Gogoat|100/100\n|move|p2a: Gurdurr|Bulk Up|p2a: Gurdurr\n|-boost|p2a: Gurdurr|atk|1\n|-boost|p2a: Gurdurr|def|1\n|\n|upkeep\n|turn|11\n|inactive|Time left: 300 sec this turn | 300 sec total\n|\n|t:|1783565143\n|move|p1a: Gogoat|Bulk Up|p1a: Gogoat\n|-boost|p1a: Gogoat|atk|1\n|-boost|p1a: Gogoat|def|1\n|move|p2a: Gurdurr|Drain Punch|p1a: Gogoat\n|-damage|p1a: Gogoat|77/100\n|-heal|p2a: Gurdurr|283/283|[from] drain|[of] p1a: Gogoat\n|\n|upkeep\n|turn|12\n|inactive|Time left: 300 sec this turn | 300 sec total\n|\n|t:|1783565144\n|move|p1a: Gogoat|Horn Leech|p2a: Gurdurr\n|-damage|p2a: Gurdurr|211/283\n|-heal|p1a: Gogoat|87/100|[from] drain|[of] p2a: Gurdurr\n|move|p2a: Gurdurr|Drain Punch|p1a: Gogoat\n|-damage|p1a: Gogoat|60/100\n|-heal|p2a: Gurdurr|259/283|[from] drain|[of] p1a: Gogoat\n|\n|upkeep\n|turn|13\n|inactive|Time left: 300 sec this turn | 300 sec total\n|\n|t:|1783565145\n|move|p1a: Gogoat|Horn Leech|p2a: Gurdurr\n|-damage|p2a: Gurdurr|186/283\n|-heal|p1a: Gogoat|71/100|[from] drain|[of] p2a: Gurdurr\n|move|p2a: Gurdurr|Drain Punch|p1a: Gogoat\n|-damage|p1a: Gogoat|43/100\n|-heal|p2a: Gurdurr|236/283|[from] drain|[of] p1a: Gogoat\n|\n|upkeep\n|turn|14\n|inactive|Time left: 300 sec this turn | 300 sec total\n|\n|t:|1783565146\n|move|p1a: Gogoat|Milk Drink|p1a: Gogoat\n|-heal|p1a: Gogoat|93/100\n|move|p2a: Gurdurr|Drain Punch|p1a: Gogoat\n|-damage|p1a: Gogoat|70/100\n|-heal|p2a: Gurdurr|278/283|[from] drain|[of] p1a: Gogoat\n|\n|upkeep\n|turn|15\n|inactive|Time left: 300 sec this turn | 300 sec total\n|\n|t:|1783565147\n|move|p1a: Gogoat|Horn Leech|p2a: Gurdurr\n|-damage|p2a: Gurdurr|199/283\n|-heal|p1a: Gogoat|81/100|[from] drain|[of] p2a: Gurdurr\n|move|p2a: Gurdurr|Drain Punch|p1a: Gogoat\n|-damage|p1a: Gogoat|55/100\n|-heal|p2a: Gurdurr|246/283|[from] drain|[of] p1a: Gogoat\n|\n|upkeep\n|turn|16\n|inactive|Time left: 300 sec this turn | 300 sec total\n|\n|t:|1783565148\n|move|p1a: Gogoat|Milk Drink|p1a: Gogoat\n|-heal|p1a: Gogoat|100/100\n|move|p2a: Gurdurr|Drain Punch|p1a: Gogoat\n|-damage|p1a: Gogoat|74/100\n|-heal|p2a: Gurdurr|283/283|[from] drain|[of] p1a: Gogoat\n|\n|upkeep\n|turn|17\n|inactive|Time left: 300 sec this turn | 300 sec total\n|\n|t:|1783565149\n|move|p1a: Gogoat|Horn Leech|p2a: Gurdurr\n|-damage|p2a: Gurdurr|214/283\n|-heal|p1a: Gogoat|84/100|[from] drain|[of] p2a: Gurdurr\n|move|p2a: Gurdurr|Bulk Up|p2a: Gurdurr\n|-boost|p2a: Gurdurr|atk|1\n|-boost|p2a: Gurdurr|def|1\n|\n|upkeep\n|turn|18\n|inactive|Time left: 300 sec this turn | 300 sec total\n|\n|t:|1783565150\n|move|p1a: Gogoat|Earthquake|p2a: Gurdurr\n|-damage|p2a: Gurdurr|162/283\n|move|p2a: Gurdurr|Drain Punch|p1a: Gogoat\n|-damage|p1a: Gogoat|54/100\n|-heal|p2a: Gurdurr|216/283|[from] drain|[of] p1a: Gogoat\n|\n|upkeep\n|turn|19\n|inactive|Time left: 300 sec this turn | 300 sec total\n|\n|t:|1783565151\n|move|p1a: Gogoat|Milk Drink|p1a: Gogoat\n|-heal|p1a: Gogoat|100/100\n|move|p2a: Gurdurr|Drain Punch|p1a: Gogoat\n|-crit|p1a: Gogoat\n|-damage|p1a: Gogoat|0 fnt\n|-heal|p2a: Gurdurr|283/283|[from] drain|[of] p1a: Gogoat\n|faint|p1a: Gogoat\n|\n|upkeep\n|\n|t:|1783565152\n|switch|p1a: Keldeo|Keldeo-Resolute, L79|100/100\n|turn|20\n|inactive|Time left: 300 sec this turn | 300 sec total\n|\n|t:|1783565153\n|move|p1a: Keldeo|Air Slash|p2a: Gurdurr\n|-supereffective|p2a: Gurdurr\n|-damage|p2a: Gurdurr|130/283\n|-damage|p1a: Keldeo|91/100|[from] item: Life Orb\n|move|p2a: Gurdurr|Drain Punch|p1a: Keldeo\n|-damage|p1a: Keldeo|0 fnt\n|-heal|p2a: Gurdurr|253/283|[from] drain|[of] p1a: Keldeo\n|faint|p1a: Keldeo\n|\n|upkeep\n|\n|t:|1783565154\n|switch|p1a: Kleavor|Kleavor, L78, M|52/100\n|turn|21\n|inactive|Time left: 300 sec this turn | 300 sec total\n|\n|t:|1783565155\n|move|p1a: Kleavor|Close Combat|p2a: Gurdurr\n|-damage|p2a: Gurdurr|218/283\n|-unboost|p1a: Kleavor|def|1\n|-unboost|p1a: Kleavor|spd|1\n|move|p2a: Gurdurr|Drain Punch|p1a: Kleavor\n|-damage|p1a: Kleavor|0 fnt\n|-heal|p2a: Gurdurr|279/283|[from] drain|[of] p1a: Kleavor\n|faint|p1a: Kleavor\n|\n|upkeep\n|\n|t:|1783565156\n|switch|p1a: Wugtrio|Wugtrio, L91, F|100/100\n|turn|22\n|inactive|Time left: 300 sec this turn | 300 sec total\n|\n|t:|1783565156\n|move|p1a: Wugtrio|Aqua Jet|p2a: Gurdurr\n|-damage|p2a: Gurdurr|261/283\n|move|p2a: Gurdurr|Drain Punch|p1a: Wugtrio\n|-damage|p1a: Wugtrio|0 fnt\n|-heal|p2a: Gurdurr|283/283|[from] drain|[of] p1a: Wugtrio\n|-ability|p1a: Wugtrio|Gooey\n|-unboost|p2a: Gurdurr|spe|1\n|faint|p1a: Wugtrio\n|\n|upkeep\n|\n|t:|1783565157\n|switch|p1a: Chi-Yu|Chi-Yu, L77|100/100\n|-ability|p1a: Chi-Yu|Beads of Ruin\n|turn|23\n|inactive|Time left: 300 sec this turn | 300 sec total\n|\n|t:|1783565158\n|-terastallize|p1a: Chi-Yu|Fire\n|-terastallize|p2a: Gurdurr|Steel\n|move|p2a: Gurdurr|Mach Punch|p1a: Chi-Yu\n|-damage|p1a: Chi-Yu|25/100\n|move|p1a: Chi-Yu|Dark Pulse|p2a: Gurdurr\n|-damage|p2a: Gurdurr|162/283\n|\n|upkeep\n|turn|24\n|inactive|Time left: 300 sec this turn | 300 sec total\n|\n|t:|1783565159\n|move|p2a: Gurdurr|Mach Punch|p1a: Chi-Yu\n|-damage|p1a: Chi-Yu|0 fnt\n|faint|p1a: Chi-Yu\n|\n|win|p0y2170ce8b", "uploadtime": 1783565159, "views": 0, "rating": 0, "private": 0, "password": null, "_winner": "p0y2170ce8b", "_our_name": "p0y2170ce8b"}