{"id": "battle-gen9randombattle-429", "formatid": "gen9randombattle", "format": "[Gen 9] Random Battle", "players": ["p0x42993c0", "p0y4299f58"], "log": "|init|battle\n|title|p0x42993c0 vs. p0y4299f58\n|j|\u2606p0x42993c0\n|j|\u2606p0y4299f58\n|t:|1783544047\n|gametype|singles\n|player|p1|p0x42993c0|101|\n|player|p2|p0y4299f58|169|\n|gen|9\n|tier|[Gen 9] Random Battle\n|rule|Species Clause: Limit one of each Pok\u00e9mon\n|rule|HP Percentage Mod: HP is shown in percentages\n|rule|Sleep Clause Mod: Limit one foe put to sleep\n|rule|Illusion Level Mod: Illusion disguises the Pok\u00e9mon's true level\n|\n|t:|1783544047\n|teamsize|p1|6\n|teamsize|p2|6\n|start\n|switch|p1a: Clefable|Clefable, L83, M|100/100\n|switch|p2a: Raichu|Raichu, L88, F|249/249\n|turn|1\n|inactive|Battle timer is ON: inactive players will automatically lose when time's up. (requested by p0x42993c0)\n|inactive|Time left: 300 sec this turn | 300 sec total | 60 sec grace\n|inactive|p0y4299f58 also wants the timer to be on.\n|\n|t:|1783544048\n|move|p2a: Raichu|Nasty Plot|p2a: Raichu\n|-boost|p2a: Raichu|spa|2\n|move|p1a: Clefable|Moonblast|p2a: Raichu\n|-damage|p2a: Raichu|128/249\n|-unboost|p2a: Raichu|spa|1\n|\n|upkeep\n|turn|2\n|inactive|Time left: 300 sec this turn | 300 sec total\n|\n|t:|1783544049\n|move|p2a: Raichu|Thunderbolt|p1a: Clefable\n|-damage|p1a: Clefable|31/100\n|-damage|p2a: Raichu|104/249|[from] item: Life Orb\n|move|p1a: Clefable|Moonblast|p2a: Raichu\n|-damage|p2a: Raichu|0 fnt\n|faint|p2a: Raichu\n|\n|upkeep\n|inactive|Time left: 300 sec this turn | 300 sec total | 5 sec grace\n|\n|t:|1783544050\n|switch|p2a: Mienshao|Mienshao, L83, F|243/243\n|turn|3\n|inactive|Time left: 300 sec this turn | 300 sec total\n|\n|t:|1783544051\n|move|p2a: Mienshao|High Jump Kick|p1a: Clefable\n|-resisted|p1a: Clefable\n|-damage|p1a: Clefable|0 fnt\n|faint|p1a: Clefable\n|\n|upkeep\n|\n|t:|1783544052\n|switch|p1a: Necrozma|Necrozma-Dawn-Wings, L76|100/100\n|turn|4\n|inactive|Time left: 300 sec this turn | 300 sec total\n|\n|t:|1783544053\n|switch|p2a: Vaporeon|Vaporeon, L86, F|364/364\n|move|p1a: Necrozma|Photon Geyser|p2a: Vaporeon\n|-damage|p2a: Vaporeon|203/364\n|-damage|p1a: Necrozma|91/100|[from] item: Life Orb\n|\n|-heal|p2a: Vaporeon|225/364|[from] item: Leftovers\n|upkeep\n|turn|5\n|inactive|Time left: 300 sec this turn | 300 sec total\n|\n|t:|1783544054\n|move|p1a: Necrozma|Dragon Dance|p1a: Necrozma\n|-boost|p1a: Necrozma|atk|1\n|-boost|p1a: Necrozma|spe|1\n|move|p2a: Vaporeon|Scald|p1a: Necrozma\n|-damage|p1a: Necrozma|61/100\n|\n|-heal|p2a: Vaporeon|247/364|[from] item: Leftovers\n|upkeep\n|turn|6\n|inactive|Time left: 300 sec this turn | 300 sec total\n|\n|t:|1783544055\n|move|p1a: Necrozma|Photon Geyser|p2a: Vaporeon\n|-damage|p2a: Vaporeon|0 fnt\n|faint|p2a: Vaporeon\n|-damage|p1a: Necrozma|51/100|[from] item: Life Orb\n|\n|upkeep\n|inactive|Time left: 300 sec this turn | 300 sec total | 5 sec grace\n|\n|t:|1783544056\n|switch|p2a: Kyogre|Kyogre, L71|259/259\n|-weather|RainDance|[from] ability: Drizzle|[of] p2a: Kyogre\n|turn|7\n|inactive|Time left: 300 sec this turn | 300 sec total\n|\n|t:|1783544057\n|move|p1a: Necrozma|Photon Geyser|p2a: Kyogre\n|-damage|p2a: Kyogre|35/259\n|-damage|p1a: Necrozma|41/100|[from] item: Life Orb\n|move|p2a: Kyogre|Origin Pulse|p1a: Necrozma|[miss]\n|-miss|p2a: Kyogre|p1a: Necrozma\n|\n|-weather|RainDance|[upkeep]\n|-heal|p2a: Kyogre|51/259|[from] item: Leftovers\n|upkeep\n|turn|8\n|inactive|Time left: 300 sec this turn | 300 sec total\n|\n|t:|1783544059\n|move|p1a: Necrozma|Photon Geyser|p2a: Kyogre\n|-damage|p2a: Kyogre|0 fnt\n|faint|p2a: Kyogre\n|-damage|p1a: Necrozma|31/100|[from] item: Life Orb\n|\n|-weather|RainDance|[upkeep]\n|upkeep\n|inactive|Time left: 300 sec this turn | 300 sec total | 5 sec grace\n|\n|t:|1783544060\n|switch|p2a: Kilowattrel|Kilowattrel, L83, F|252/252\n|turn|9\n|inactive|Time left: 300 sec this turn | 300 sec total\n|\n|t:|1783544061\n|switch|p1a: Archaludon|Archaludon, L78, F|100/100\n|move|p2a: Kilowattrel|Hurricane|p1a: Archaludon\n|-resisted|p1a: Archaludon\n|-damage|p1a: Archaludon|70/100\n|-ability|p1a: Archaludon|Stamina|boost\n|-boost|p1a: Archaludon|def|1\n|\n|-weather|RainDance|[upkeep]\n|upkeep\n|turn|10\n|inactive|Time left: 300 sec this turn | 300 sec total\n|\n|t:|1783544062\n|move|p2a: Kilowattrel|Hurricane|p1a: Archaludon\n|-resisted|p1a: Archaludon\n|-damage|p1a: Archaludon|40/100\n|-ability|p1a: Archaludon|Stamina|boost\n|-boost|p1a: Archaludon|def|1\n|move|p1a: Archaludon|Outrage|p2a: Kilowattrel\n|-damage|p2a: Kilowattrel|96/252\n|\n|-weather|RainDance|[upkeep]\n|upkeep\n|turn|11\n|inactive|Time left: 300 sec this turn | 300 sec total\n|\n|t:|1783544063\n|move|p2a: Kilowattrel|Hurricane|p1a: Archaludon\n|-resisted|p1a: Archaludon\n|-damage|p1a: Archaludon|7/100\n|-ability|p1a: Archaludon|Stamina|boost\n|-boost|p1a: Archaludon|def|1\n|move|p1a: Archaludon|Outrage|p2a: Kilowattrel|[from] lockedmove\n|-damage|p2a: Kilowattrel|0 fnt\n|faint|p2a: Kilowattrel\n|\n|-weather|none\n|upkeep\n|inactive|Time left: 300 sec this turn | 300 sec total | 5 sec grace\n|\n|t:|1783544064\n|switch|p2a: Mienshao|Mienshao, L83, F|243/243\n|turn|12\n|inactive|Time left: 300 sec this turn | 300 sec total\n|\n|t:|1783544065\n|move|p2a: Mienshao|Knock Off|p1a: Archaludon\n|-damage|p1a: Archaludon|0 fnt\n|-enditem|p1a: Archaludon|Lum Berry|[from] move: Knock Off|[of] p2a: Mienshao\n|faint|p1a: Archaludon\n|\n|upkeep\n|\n|t:|1783544066\n|switch|p1a: Revavroom|Revavroom, L79, F|100/100\n|turn|13\n|inactive|Time left: 300 sec this turn | 300 sec total\n|\n|t:|1783544067\n|move|p2a: Mienshao|Knock Off|p1a: Revavroom\n|-damage|p1a: Revavroom|54/100\n|-enditem|p1a: Revavroom|Life Orb|[from] move: Knock Off|[of] p2a: Mienshao\n|move|p1a: Revavroom|Shift Gear|p1a: Revavroom\n|-boost|p1a: Revavroom|spe|2\n|-boost|p1a: Revavroom|atk|1\n|\n|upkeep\n|turn|14\n|inactive|Time left: 300 sec this turn | 300 sec total\n|\n|t:|1783544068\n|switch|p2a: Zamazenta|Zamazenta, L71|248/248\n|-ability|p2a: Zamazenta|Dauntless Shield|boost\n|-boost|p2a: Zamazenta|def|1\n|move|p1a: Revavroom|Gunk Shot|p2a: Zamazenta\n|-damage|p2a: Zamazenta|125/248\n|\n|upkeep\n|turn|15\n|inactive|Time left: 300 sec this turn | 300 sec total\n|\n|t:|1783544070\n|move|p1a: Revavroom|Gunk Shot|p2a: Zamazenta\n|-damage|p2a: Zamazenta|0 fnt\n|faint|p2a: Zamazenta\n|\n|upkeep\n|inactive|Time left: 300 sec this turn | 300 sec total | 5 sec grace\n|\n|t:|1783544070\n|switch|p2a: Mienshao|Mienshao, L83, F|243/243\n|turn|16\n|inactive|Time left: 300 sec this turn | 300 sec total\n|\n|t:|1783544071\n|-terastallize|p2a: Mienshao|Fighting\n|move|p1a: Revavroom|Gunk Shot|p2a: Mienshao\n|-damage|p2a: Mienshao|0 fnt\n|faint|p2a: Mienshao\n|\n|win|p0x42993c0", "uploadtime": 1783544071, "views": 0, "rating": 0, "private": 0, "password": null, "_winner": "p0x42993c0", "_our_name": "p0y4299f58"}