{"id": "battle-gen9randombattle-458", "formatid": "gen9randombattle", "format": "[Gen 9] Random Battle", "players": ["p0x4586217", "p0y458c8ae"], "log": "|init|battle\n|title|p0x4586217 vs. p0y458c8ae\n|j|\u2606p0x4586217\n|j|\u2606p0y458c8ae\n|t:|1783544372\n|gametype|singles\n|player|p1|p0x4586217|101|\n|player|p2|p0y458c8ae|265|\n|gen|9\n|tier|[Gen 9] Random Battle\n|rule|Species Clause: Limit one of each Pok\u00e9mon\n|rule|HP Percentage Mod: HP is shown in percentages\n|rule|Sleep Clause Mod: Limit one foe put to sleep\n|rule|Illusion Level Mod: Illusion disguises the Pok\u00e9mon's true level\n|\n|t:|1783544372\n|teamsize|p1|6\n|teamsize|p2|6\n|start\n|switch|p1a: Medicham|Medicham, L86, F|243/243\n|switch|p2a: Corviknight|Corviknight, L80, F|100/100\n|turn|1\n|inactive|Battle timer is ON: inactive players will automatically lose when time's up. (requested by p0y458c8ae)\n|inactive|Time left: 300 sec this turn | 300 sec total | 60 sec grace\n|inactive|p0x4586217 also wants the timer to be on.\n|\n|t:|1783544374\n|-terastallize|p1a: Medicham|Fighting\n|move|p1a: Medicham|Close Combat|p2a: Corviknight\n|-damage|p2a: Corviknight|0 fnt\n|-unboost|p1a: Medicham|def|1\n|-unboost|p1a: Medicham|spd|1\n|faint|p2a: Corviknight\n|\n|upkeep\n|\n|t:|1783544375\n|switch|p2a: Porygon2|Porygon2, L81|100/100\n|-ability|p2a: Porygon2|Download|boost\n|-boost|p2a: Porygon2|spa|1\n|turn|2\n|inactive|Time left: 300 sec this turn | 300 sec total\n|\n|t:|1783544376\n|-terastallize|p2a: Porygon2|Ghost\n|move|p1a: Medicham|Close Combat|p2a: Porygon2\n|-immune|p2a: Porygon2\n|move|p2a: Porygon2|Tri Attack|p1a: Medicham\n|-crit|p1a: Medicham\n|-damage|p1a: Medicham|0 fnt\n|faint|p1a: Medicham\n|\n|upkeep\n|inactive|Time left: 300 sec this turn | 300 sec total | 5 sec grace\n|\n|t:|1783544378\n|switch|p1a: Polteageist|Polteageist-Antique, L78|222/222\n|turn|3\n|inactive|Time left: 300 sec this turn | 300 sec total\n|\n|t:|1783544379\n|move|p1a: Polteageist|Shell Smash|p1a: Polteageist\n|-unboost|p1a: Polteageist|def|1\n|-unboost|p1a: Polteageist|spd|1\n|-boost|p1a: Polteageist|atk|2\n|-boost|p1a: Polteageist|spa|2\n|-boost|p1a: Polteageist|spe|2\n|-enditem|p1a: Polteageist|White Herb\n|-clearnegativeboost|p1a: Polteageist|[silent]\n|move|p2a: Porygon2|Ice Beam|p1a: Polteageist\n|-damage|p1a: Polteageist|138/222\n|-status|p1a: Polteageist|frz\n|\n|upkeep\n|turn|4\n|inactive|Time left: 300 sec this turn | 300 sec total\n|\n|t:|1783544380\n|cant|p1a: Polteageist|frz\n|move|p2a: Porygon2|Discharge|p1a: Polteageist\n|-damage|p1a: Polteageist|69/222 frz\n|\n|upkeep\n|turn|5\n|inactive|Time left: 300 sec this turn | 300 sec total\n|\n|t:|1783544381\n|cant|p1a: Polteageist|frz\n|move|p2a: Porygon2|Ice Beam|p1a: Polteageist\n|-damage|p1a: Polteageist|0 fnt\n|faint|p1a: Polteageist\n|\n|upkeep\n|inactive|Time left: 300 sec this turn | 300 sec total | 5 sec grace\n|\n|t:|1783544382\n|switch|p1a: Flutter Mane|Flutter Mane, L74|203/203\n|turn|6\n|inactive|Time left: 300 sec this turn | 300 sec total\n|\n|t:|1783544383\n|move|p1a: Flutter Mane|Calm Mind|p1a: Flutter Mane\n|-boost|p1a: Flutter Mane|spa|1\n|-boost|p1a: Flutter Mane|spd|1\n|move|p2a: Porygon2|Discharge|p1a: Flutter Mane\n|-damage|p1a: Flutter Mane|155/203\n|\n|upkeep\n|turn|7\n|inactive|Time left: 300 sec this turn | 300 sec total\n|\n|t:|1783544383\n|move|p1a: Flutter Mane|Shadow Ball|p2a: Porygon2\n|-supereffective|p2a: Porygon2\n|-damage|p2a: Porygon2|19/100\n|-damage|p1a: Flutter Mane|135/203|[from] item: Life Orb\n|move|p2a: Porygon2|Discharge|p1a: Flutter Mane\n|-damage|p1a: Flutter Mane|89/203\n|\n|upkeep\n|turn|8\n|inactive|Time left: 300 sec this turn | 300 sec total\n|\n|t:|1783544384\n|move|p1a: Flutter Mane|Moonblast|p2a: Porygon2\n|-damage|p2a: Porygon2|0 fnt\n|faint|p2a: Porygon2\n|-damage|p1a: Flutter Mane|69/203|[from] item: Life Orb\n|\n|upkeep\n|\n|t:|1783544385\n|switch|p2a: Electrode|Electrode-Hisui, L87|100/100\n|turn|9\n|inactive|Time left: 300 sec this turn | 300 sec total\n|\n|t:|1783544386\n|move|p2a: Electrode|Leaf Storm|p1a: Flutter Mane\n|-damage|p1a: Flutter Mane|0 fnt\n|-unboost|p2a: Electrode|spa|2\n|faint|p1a: Flutter Mane\n|-end|p1a: Flutter Mane|Protosynthesis|[silent]\n|-damage|p2a: Electrode|91/100|[from] item: Life Orb\n|\n|upkeep\n|inactive|Time left: 300 sec this turn | 300 sec total | 5 sec grace\n|\n|t:|1783544387\n|switch|p1a: Fezandipiti|Fezandipiti, L82, M|278/278\n|turn|10\n|inactive|Time left: 300 sec this turn | 300 sec total\n|\n|t:|1783544388\n|switch|p2a: Kleavor|Kleavor, L78, F|100/100\n|move|p1a: Fezandipiti|Swords Dance|p1a: Fezandipiti\n|-boost|p1a: Fezandipiti|atk|2\n|\n|upkeep\n|turn|11\n|inactive|Time left: 300 sec this turn | 300 sec total\n|\n|t:|1783544389\n|move|p1a: Fezandipiti|Play Rough|p2a: Kleavor\n|-damage|p2a: Kleavor|25/100\n|move|p2a: Kleavor|Stone Axe|p1a: Fezandipiti\n|-damage|p1a: Fezandipiti|145/278\n|-sidestart|p1: p0x4586217|move: Stealth Rock\n|\n|-heal|p1a: Fezandipiti|162/278|[from] item: Leftovers\n|upkeep\n|turn|12\n|inactive|Time left: 300 sec this turn | 300 sec total\n|\n|t:|1783544390\n|move|p1a: Fezandipiti|Play Rough|p2a: Kleavor\n|-damage|p2a: Kleavor|0 fnt\n|faint|p2a: Kleavor\n|\n|-heal|p1a: Fezandipiti|179/278|[from] item: Leftovers\n|upkeep\n|\n|t:|1783544391\n|switch|p2a: Terrakion|Terrakion, L79|100/100\n|turn|13\n|inactive|Time left: 300 sec this turn | 300 sec total\n|\n|t:|1783544392\n|move|p2a: Terrakion|Earthquake|p1a: Fezandipiti\n|-supereffective|p1a: Fezandipiti\n|-damage|p1a: Fezandipiti|0 fnt\n|faint|p1a: Fezandipiti\n|\n|upkeep\n|inactive|Time left: 300 sec this turn | 300 sec total | 5 sec grace\n|\n|t:|1783544393\n|switch|p1a: Manaphy|Manaphy, L78|284/284\n|-damage|p1a: Manaphy|249/284|[from] Stealth Rock\n|turn|14\n|inactive|Time left: 300 sec this turn | 300 sec total\n|\n|t:|1783544394\n|switch|p2a: Electrode|Electrode-Hisui, L87|91/100\n|move|p1a: Manaphy|Ice Beam|p2a: Electrode\n|-supereffective|p2a: Electrode\n|-damage|p2a: Electrode|40/100\n|\n|-heal|p1a: Manaphy|266/284|[from] item: Leftovers\n|upkeep\n|turn|15\n|inactive|Time left: 300 sec this turn | 300 sec total\n|\n|t:|1783544395\n|move|p2a: Electrode|Leaf Storm|p1a: Manaphy\n|-supereffective|p1a: Manaphy\n|-damage|p1a: Manaphy|0 fnt\n|-unboost|p2a: Electrode|spa|2\n|faint|p1a: Manaphy\n|-damage|p2a: Electrode|30/100|[from] item: Life Orb\n|\n|upkeep\n|inactive|Time left: 300 sec this turn | 300 sec total | 5 sec grace\n|\n|t:|1783544396\n|switch|p1a: Quaquaval|Quaquaval, L79, M|264/264\n|-damage|p1a: Quaquaval|248/264|[from] Stealth Rock\n|turn|16\n|inactive|Time left: 300 sec this turn | 300 sec total\n|\n|t:|1783544397\n|move|p2a: Electrode|Leaf Storm|p1a: Quaquaval\n|-supereffective|p1a: Quaquaval\n|-damage|p1a: Quaquaval|43/264\n|-unboost|p2a: Electrode|spa|2\n|-damage|p2a: Electrode|20/100|[from] item: Life Orb\n|move|p1a: Quaquaval|Roost|p1a: Quaquaval\n|-heal|p1a: Quaquaval|175/264\n|-singleturn|p1a: Quaquaval|move: Roost\n|\n|-heal|p1a: Quaquaval|191/264|[from] item: Leftovers\n|upkeep\n|turn|17\n|inactive|Time left: 300 sec this turn | 300 sec total\n|\n|t:|1783544398\n|move|p2a: Electrode|Thunder Wave|p1a: Quaquaval\n|-status|p1a: Quaquaval|par\n|cant|p1a: Quaquaval|par\n|\n|-heal|p1a: Quaquaval|207/264 par|[from] item: Leftovers\n|upkeep\n|turn|18\n|inactive|Time left: 300 sec this turn | 300 sec total\n|\n|t:|1783544399\n|switch|p2a: Terrakion|Terrakion, L79|100/100\n|move|p1a: Quaquaval|Roost|p1a: Quaquaval\n|-heal|p1a: Quaquaval|264/264 par\n|-singleturn|p1a: Quaquaval|move: Roost\n|\n|upkeep\n|turn|19\n|inactive|Time left: 300 sec this turn | 300 sec total\n|\n|t:|1783544400\n|move|p2a: Terrakion|Close Combat|p1a: Quaquaval\n|-damage|p1a: Quaquaval|21/264 par\n|-unboost|p2a: Terrakion|def|1\n|-unboost|p2a: Terrakion|spd|1\n|move|p1a: Quaquaval|Close Combat|p2a: Terrakion\n|-supereffective|p2a: Terrakion\n|-damage|p2a: Terrakion|0 fnt\n|-unboost|p1a: Quaquaval|def|1\n|-unboost|p1a: Quaquaval|spd|1\n|faint|p2a: Terrakion\n|-ability|p1a: Quaquaval|Moxie|boost\n|-boost|p1a: Quaquaval|atk|1\n|\n|-heal|p1a: Quaquaval|37/264 par|[from] item: Leftovers\n|upkeep\n|\n|t:|1783544400\n|switch|p2a: Hitmonchan|Hitmonchan, L87, M|100/100\n|turn|20\n|inactive|Time left: 300 sec this turn | 300 sec total\n|\n|t:|1783544401\n|move|p2a: Hitmonchan|Knock Off|p1a: Quaquaval\n|-resisted|p1a: Quaquaval\n|-damage|p1a: Quaquaval|0 fnt\n|-enditem|p1a: Quaquaval|Leftovers|[from] move: Knock Off|[of] p2a: Hitmonchan\n|faint|p1a: Quaquaval\n|\n|win|p0y458c8ae", "uploadtime": 1783544401, "views": 0, "rating": 0, "private": 0, "password": null, "_winner": "p0y458c8ae", "_our_name": "p0x4586217"}