{"id": "battle-gen9randombattle-227", "formatid": "gen9randombattle", "format": "[Gen 9] Random Battle", "players": ["p0x227a855", "p0y2274fdb"], "log": "|init|battle\n|title|p0x227a855 vs. p0y2274fdb\n|j|\u2606p0x227a855\n|j|\u2606p0y2274fdb\n|t:|1783536419\n|gametype|singles\n|player|p1|p0x227a855|1|\n|player|p2|p0y2274fdb|169|\n|gen|9\n|tier|[Gen 9] Random Battle\n|rule|Species Clause: Limit one of each Pok\u00e9mon\n|rule|HP Percentage Mod: HP is shown in percentages\n|rule|Sleep Clause Mod: Limit one foe put to sleep\n|rule|Illusion Level Mod: Illusion disguises the Pok\u00e9mon's true level\n|\n|t:|1783536419\n|teamsize|p1|6\n|teamsize|p2|6\n|start\n|switch|p1a: Lokix|Lokix, L82, M|100/100\n|switch|p2a: Gumshoos|Gumshoos, L95, F|321/321\n|turn|1\n|inactive|Battle timer is ON: inactive players will automatically lose when time's up. (requested by p0x227a855)\n|inactive|Time left: 300 sec this turn | 300 sec total | 60 sec grace\n|\n|t:|1783536421\n|move|p1a: Lokix|Knock Off|p2a: Gumshoos\n|-damage|p2a: Gumshoos|161/321\n|-enditem|p2a: Gumshoos|Choice Band|[from] move: Knock Off|[of] p1a: Lokix\n|-damage|p1a: Lokix|91/100|[from] item: Life Orb\n|move|p2a: Gumshoos|Double-Edge|p1a: Lokix\n|-crit|p1a: Lokix\n|-damage|p1a: Lokix|0 fnt\n|faint|p1a: Lokix\n|-damage|p2a: Gumshoos|86/321|[from] Recoil\n|\n|upkeep\n|inactive|p0y2274fdb also wants the timer to be on.\n|\n|t:|1783536422\n|switch|p1a: Noctowl|Noctowl, L95, F|100/100\n|turn|2\n|inactive|Time left: 300 sec this turn | 300 sec total\n|\n|t:|1783536423\n|move|p1a: Noctowl|Hyper Voice|p2a: Gumshoos\n|-damage|p2a: Gumshoos|0 fnt\n|faint|p2a: Gumshoos\n|\n|upkeep\n|inactive|Time left: 300 sec this turn | 300 sec total | 5 sec grace\n|\n|t:|1783536424\n|switch|p2a: Salamence|Salamence, L77, M|273/273\n|-ability|p2a: Salamence|Intimidate|boost\n|-unboost|p1a: Noctowl|atk|1\n|turn|3\n|inactive|Time left: 300 sec this turn | 300 sec total\n|\n|t:|1783536425\n|move|p2a: Salamence|Outrage|p1a: Noctowl\n|-damage|p1a: Noctowl|46/100\n|move|p1a: Noctowl|Hurricane|p2a: Salamence\n|-damage|p2a: Salamence|107/273\n|\n|upkeep\n|turn|4\n|inactive|Time left: 300 sec this turn | 300 sec total\n|\n|t:|1783536426\n|-terastallize|p1a: Noctowl|Steel\n|move|p2a: Salamence|Outrage|p1a: Noctowl|[from] lockedmove\n|-resisted|p1a: Noctowl\n|-damage|p1a: Noctowl|18/100\n|-start|p2a: Salamence|confusion|[fatigue]\n|move|p1a: Noctowl|Hyper Voice|p2a: Salamence\n|-damage|p2a: Salamence|0 fnt\n|faint|p2a: Salamence\n|\n|upkeep\n|inactive|Time left: 300 sec this turn | 300 sec total | 5 sec grace\n|\n|t:|1783536427\n|switch|p2a: Typhlosion|Typhlosion-Hisui, L83, F|257/257\n|turn|5\n|inactive|Time left: 300 sec this turn | 300 sec total\n|\n|t:|1783536428\n|move|p2a: Typhlosion|Shadow Ball|p1a: Noctowl\n|-damage|p1a: Noctowl|0 fnt\n|faint|p1a: Noctowl\n|\n|upkeep\n|\n|t:|1783536429\n|switch|p1a: Hydrapple|Hydrapple, L83, M|100/100\n|turn|6\n|inactive|Time left: 300 sec this turn | 300 sec total\n|\n|t:|1783536430\n|switch|p2a: Enamorus|Enamorus-Therian, L83, F|259/259\n|move|p1a: Hydrapple|Fickle Beam|p2a: Enamorus\n|-immune|p2a: Enamorus\n|\n|upkeep\n|turn|7\n|inactive|Time left: 300 sec this turn | 300 sec total\n|\n|t:|1783536431\n|switch|p1a: Piloswine|Piloswine, L85, M|100/100\n|move|p2a: Enamorus|Moonblast|p1a: Piloswine\n|-damage|p1a: Piloswine|63/100\n|\n|upkeep\n|turn|8\n|inactive|Time left: 300 sec this turn | 300 sec total\n|\n|t:|1783536432\n|move|p1a: Piloswine|Icicle Crash|p2a: Enamorus\n|-supereffective|p2a: Enamorus\n|-damage|p2a: Enamorus|107/259\n|-enditem|p2a: Enamorus|Weakness Policy\n|-boost|p2a: Enamorus|atk|2|[from] item: Weakness Policy\n|-boost|p2a: Enamorus|spa|2|[from] item: Weakness Policy\n|move|p2a: Enamorus|Moonblast|p1a: Piloswine\n|-damage|p1a: Piloswine|0 fnt\n|faint|p1a: Piloswine\n|\n|upkeep\n|\n|t:|1783536433\n|switch|p1a: Zangoose|Zangoose, L85, F|100/100\n|turn|9\n|inactive|Time left: 300 sec this turn | 300 sec total\n|\n|t:|1783536434\n|move|p1a: Zangoose|Facade|p2a: Enamorus\n|-damage|p2a: Enamorus|37/259\n|move|p2a: Enamorus|Moonblast|p1a: Zangoose\n|-damage|p1a: Zangoose|0 fnt\n|faint|p1a: Zangoose\n|\n|upkeep\n|\n|t:|1783536435\n|switch|p1a: Cacturne|Cacturne, L92, M|100/100\n|turn|10\n|inactive|Time left: 300 sec this turn | 300 sec total\n|\n|t:|1783536436\n|move|p1a: Cacturne|Knock Off|p2a: Enamorus\n|-resisted|p2a: Enamorus\n|-damage|p2a: Enamorus|0 fnt\n|faint|p2a: Enamorus\n|-damage|p1a: Cacturne|91/100|[from] item: Life Orb\n|\n|upkeep\n|inactive|Time left: 300 sec this turn | 300 sec total | 5 sec grace\n|\n|t:|1783536436\n|switch|p2a: Arbok|Arbok, L87, M|246/246\n|-ability|p2a: Arbok|Intimidate|boost\n|-unboost|p1a: Cacturne|atk|1\n|turn|11\n|inactive|Time left: 300 sec this turn | 300 sec total\n|\n|t:|1783536437\n|move|p2a: Arbok|Coil|p2a: Arbok\n|-boost|p2a: Arbok|atk|1\n|-boost|p2a: Arbok|def|1\n|-boost|p2a: Arbok|accuracy|1\n|move|p1a: Cacturne|Knock Off|p2a: Arbok\n|-damage|p2a: Arbok|156/246\n|-enditem|p2a: Arbok|Leftovers|[from] move: Knock Off|[of] p1a: Cacturne\n|-damage|p1a: Cacturne|81/100|[from] item: Life Orb\n|\n|upkeep\n|turn|12\n|inactive|Time left: 300 sec this turn | 300 sec total\n|\n|t:|1783536438\n|move|p2a: Arbok|Gunk Shot|p1a: Cacturne\n|-supereffective|p1a: Cacturne\n|-damage|p1a: Cacturne|0 fnt\n|faint|p1a: Cacturne\n|\n|upkeep\n|\n|t:|1783536439\n|switch|p1a: Hydrapple|Hydrapple, L83, M|100/100\n|turn|13\n|inactive|Time left: 300 sec this turn | 300 sec total\n|\n|t:|1783536440\n|-terastallize|p2a: Arbok|Grass\n|move|p2a: Arbok|Gunk Shot|p1a: Hydrapple\n|-supereffective|p1a: Hydrapple\n|-damage|p1a: Hydrapple|0 fnt\n|faint|p1a: Hydrapple\n|\n|win|p0y2274fdb", "uploadtime": 1783536440, "views": 0, "rating": 0, "private": 0, "password": null, "_winner": "p0y2274fdb", "_our_name": "p0y2274fdb"}