{"id": "battle-gen9randombattle-10", "formatid": "gen9randombattle", "format": "[Gen 9] Random Battle", "players": ["p0x010c25b", "p0y010f0d7"], "log": "|init|battle\n|title|p0x010c25b vs. p0y010f0d7\n|j|\u2606p0x010c25b\n|j|\u2606p0y010f0d7\n|t:|1783539534\n|gametype|singles\n|player|p1|p0x010c25b|266|\n|player|p2|p0y010f0d7|102|\n|gen|9\n|tier|[Gen 9] Random Battle\n|rule|Species Clause: Limit one of each Pok\u00e9mon\n|rule|HP Percentage Mod: HP is shown in percentages\n|rule|Sleep Clause Mod: Limit one foe put to sleep\n|rule|Illusion Level Mod: Illusion disguises the Pok\u00e9mon's true level\n|\n|t:|1783539534\n|teamsize|p1|6\n|teamsize|p2|6\n|start\n|switch|p1a: Sunflora|Sunflora, M|312/312\n|switch|p2a: Mandibuzz|Mandibuzz, L85, F|100/100\n|turn|1\n|inactive|Battle timer is ON: inactive players will automatically lose when time's up. (requested by p0x010c25b)\n|inactive|p0y010f0d7 also wants the timer to be on.\n|\n|t:|1783539535\n|move|p2a: Mandibuzz|Brave Bird|p1a: Sunflora\n|-supereffective|p1a: Sunflora\n|-damage|p1a: Sunflora|70/312\n|-damage|p2a: Mandibuzz|76/100|[from] Recoil\n|move|p1a: Sunflora|Solar Beam||[still]\n|-prepare|p1a: Sunflora|Solar Beam\n|\n|upkeep\n|turn|2\n|inactive|Time left: 300 sec this turn | 300 sec total\n|\n|t:|1783539536\n|move|p2a: Mandibuzz|Knock Off|p1a: Sunflora\n|-damage|p1a: Sunflora|0 fnt\n|-enditem|p1a: Sunflora|Life Orb|[from] move: Knock Off|[of] p2a: Mandibuzz\n|faint|p1a: Sunflora\n|\n|upkeep\n|inactive|Time left: 300 sec this turn | 300 sec total | 5 sec grace\n|\n|t:|1783539537\n|switch|p1a: Primarina|Primarina, L83, F|268/268\n|turn|3\n|inactive|Time left: 300 sec this turn | 300 sec total\n|\n|t:|1783539538\n|move|p2a: Mandibuzz|Knock Off|p1a: Primarina\n|-resisted|p1a: Primarina\n|-damage|p1a: Primarina|220/268\n|-enditem|p1a: Primarina|Leftovers|[from] move: Knock Off|[of] p2a: Mandibuzz\n|move|p1a: Primarina|Calm Mind|p1a: Primarina\n|-boost|p1a: Primarina|spa|1\n|-boost|p1a: Primarina|spd|1\n|\n|upkeep\n|turn|4\n|inactive|Time left: 300 sec this turn | 300 sec total\n|\n|t:|1783539539\n|move|p2a: Mandibuzz|Brave Bird|p1a: Primarina\n|-damage|p1a: Primarina|108/268\n|-damage|p2a: Mandibuzz|65/100|[from] Recoil\n|move|p1a: Primarina|Draining Kiss|p2a: Mandibuzz\n|-supereffective|p2a: Mandibuzz\n|-damage|p2a: Mandibuzz|9/100\n|-heal|p1a: Primarina|243/268|[from] drain|[of] p2a: Mandibuzz\n|\n|upkeep\n|turn|5\n|inactive|Time left: 300 sec this turn | 300 sec total\n|\n|t:|1783539540\n|move|p2a: Mandibuzz|Roost|p2a: Mandibuzz\n|-heal|p2a: Mandibuzz|59/100\n|-singleturn|p2a: Mandibuzz|move: Roost\n|move|p1a: Primarina|Calm Mind|p1a: Primarina\n|-boost|p1a: Primarina|spa|1\n|-boost|p1a: Primarina|spd|1\n|\n|upkeep\n|turn|6\n|inactive|Time left: 300 sec this turn | 300 sec total\n|\n|t:|1783539541\n|move|p2a: Mandibuzz|Roost|p2a: Mandibuzz\n|-heal|p2a: Mandibuzz|100/100\n|-singleturn|p2a: Mandibuzz|move: Roost\n|move|p1a: Primarina|Sparkling Aria|p2a: Mandibuzz\n|-damage|p2a: Mandibuzz|36/100\n|\n|upkeep\n|turn|7\n|inactive|Time left: 300 sec this turn | 300 sec total\n|\n|t:|1783539542\n|move|p2a: Mandibuzz|Roost|p2a: Mandibuzz\n|-heal|p2a: Mandibuzz|86/100\n|-singleturn|p2a: Mandibuzz|move: Roost\n|move|p1a: Primarina|Sparkling Aria|p2a: Mandibuzz\n|-damage|p2a: Mandibuzz|24/100\n|\n|upkeep\n|turn|8\n|inactive|Time left: 300 sec this turn | 300 sec total\n|\n|t:|1783539543\n|move|p2a: Mandibuzz|Brave Bird|p1a: Primarina\n|-damage|p1a: Primarina|138/268\n|-damage|p2a: Mandibuzz|13/100|[from] Recoil\n|move|p1a: Primarina|Draining Kiss|p2a: Mandibuzz\n|-supereffective|p2a: Mandibuzz\n|-damage|p2a: Mandibuzz|0 fnt\n|-heal|p1a: Primarina|170/268|[from] drain|[of] p2a: Mandibuzz\n|faint|p2a: Mandibuzz\n|\n|upkeep\n|\n|t:|1783539544\n|switch|p2a: Skuntank|Skuntank, L84, F|100/100\n|turn|9\n|inactive|Time left: 300 sec this turn | 300 sec total\n|\n|t:|1783539546\n|-terastallize|p1a: Primarina|Steel\n|move|p2a: Skuntank|Gunk Shot|p1a: Primarina\n|-immune|p1a: Primarina\n|move|p1a: Primarina|Sparkling Aria|p2a: Skuntank\n|-damage|p2a: Skuntank|0 fnt\n|faint|p2a: Skuntank\n|\n|upkeep\n|\n|t:|1783539547\n|switch|p2a: Entei|Entei, L78|100/100\n|turn|10\n|inactive|Time left: 300 sec this turn | 300 sec total\n|\n|t:|1783539548\n|switch|p1a: Charizard|Charizard, L85, F|271/271\n|move|p2a: Entei|Sacred Fire|p1a: Charizard\n|-resisted|p1a: Charizard\n|-damage|p1a: Charizard|191/271\n|\n|upkeep\n|turn|11\n|inactive|Time left: 300 sec this turn | 300 sec total\n|\n|t:|1783539549\n|move|p1a: Charizard|Swords Dance|p1a: Charizard\n|-boost|p1a: Charizard|atk|2\n|move|p2a: Entei|Sacred Fire|p1a: Charizard\n|-resisted|p1a: Charizard\n|-damage|p1a: Charizard|101/271\n|\n|upkeep\n|turn|12\n|inactive|Time left: 300 sec this turn | 300 sec total\n|\n|t:|1783539551\n|switch|p2a: Gothitelle|Gothitelle, L90, F|100/100\n|move|p1a: Charizard|Earthquake|p2a: Gothitelle\n|-damage|p2a: Gothitelle|59/100\n|\n|upkeep\n|turn|13\n|inactive|Time left: 300 sec this turn | 300 sec total\n|\n|t:|1783539552\n|move|p2a: Gothitelle|Psychic|p1a: Charizard\n|-damage|p1a: Charizard|0 fnt\n|faint|p1a: Charizard\n|\n|upkeep\n|inactive|Time left: 300 sec this turn | 300 sec total | 5 sec grace\n|\n|t:|1783539553\n|switch|p1a: Primarina|Primarina, L83, F, tera:Steel|170/268\n|turn|14\n|inactive|Time left: 300 sec this turn | 300 sec total\n|\n|t:|1783539554\n|switch|p2a: Gouging Fire|Gouging Fire, L74|100/100\n|move|p1a: Primarina|Sparkling Aria|p2a: Gouging Fire\n|-damage|p2a: Gouging Fire|52/100\n|\n|upkeep\n|turn|15\n|inactive|Time left: 300 sec this turn | 300 sec total\n|\n|t:|1783539555\n|switch|p1a: Solgaleo|Solgaleo, L74|325/325\n|move|p2a: Gouging Fire|Heat Crash|p1a: Solgaleo\n|-supereffective|p1a: Solgaleo\n|-damage|p1a: Solgaleo|215/325\n|-damage|p2a: Gouging Fire|36/100|[from] item: Rocky Helmet|[of] p1a: Solgaleo\n|\n|upkeep\n|turn|16\n|inactive|Time left: 300 sec this turn | 300 sec total\n|\n|t:|1783539557\n|move|p1a: Solgaleo|Psychic Fangs|p2a: Gouging Fire\n|-damage|p2a: Gouging Fire|4/100\n|move|p2a: Gouging Fire|Morning Sun|p2a: Gouging Fire\n|-heal|p2a: Gouging Fire|54/100\n|\n|upkeep\n|turn|17\n|inactive|Time left: 300 sec this turn | 300 sec total\n|\n|t:|1783539558\n|move|p1a: Solgaleo|Psychic Fangs|p2a: Gouging Fire\n|-damage|p2a: Gouging Fire|24/100\n|move|p2a: Gouging Fire|Morning Sun|p2a: Gouging Fire\n|-heal|p2a: Gouging Fire|74/100\n|\n|upkeep\n|turn|18\n|inactive|Time left: 300 sec this turn | 300 sec total\n|\n|t:|1783539559\n|move|p1a: Solgaleo|Psychic Fangs|p2a: Gouging Fire\n|-damage|p2a: Gouging Fire|47/100\n|move|p2a: Gouging Fire|Dragon Dance|p2a: Gouging Fire\n|-boost|p2a: Gouging Fire|atk|1\n|-boost|p2a: Gouging Fire|spe|1\n|\n|upkeep\n|turn|19\n|inactive|Time left: 300 sec this turn | 300 sec total\n|\n|t:|1783539560\n|move|p2a: Gouging Fire|Morning Sun|p2a: Gouging Fire\n|-heal|p2a: Gouging Fire|97/100\n|move|p1a: Solgaleo|Psychic Fangs|p2a: Gouging Fire\n|-damage|p2a: Gouging Fire|64/100\n|\n|upkeep\n|turn|20\n|inactive|Time left: 300 sec this turn | 300 sec total\n|\n|t:|1783539562\n|move|p2a: Gouging Fire|Dragon Dance|p2a: Gouging Fire\n|-boost|p2a: Gouging Fire|atk|1\n|-boost|p2a: Gouging Fire|spe|1\n|move|p1a: Solgaleo|Morning Sun|p1a: Solgaleo\n|-heal|p1a: Solgaleo|325/325\n|\n|upkeep\n|turn|21\n|inactive|Time left: 300 sec this turn | 300 sec total\n|\n|t:|1783539563\n|move|p2a: Gouging Fire|Heat Crash|p1a: Solgaleo\n|-supereffective|p1a: Solgaleo\n|-damage|p1a: Solgaleo|85/325\n|-damage|p2a: Gouging Fire|47/100|[from] item: Rocky Helmet|[of] p1a: Solgaleo\n|move|p1a: Solgaleo|Morning Sun|p1a: Solgaleo\n|-heal|p1a: Solgaleo|247/325\n|\n|upkeep\n|turn|22\n|inactive|Time left: 300 sec this turn | 300 sec total\n|\n|t:|1783539564\n|move|p2a: Gouging Fire|Morning Sun|p2a: Gouging Fire\n|-heal|p2a: Gouging Fire|97/100\n|move|p1a: Solgaleo|Morning Sun|p1a: Solgaleo\n|-heal|p1a: Solgaleo|325/325\n|\n|upkeep\n|turn|23\n|inactive|Time left: 300 sec this turn | 300 sec total\n|\n|t:|1783539565\n|move|p2a: Gouging Fire|Heat Crash|p1a: Solgaleo\n|-supereffective|p1a: Solgaleo\n|-damage|p1a: Solgaleo|109/325\n|-damage|p2a: Gouging Fire|81/100|[from] item: Rocky Helmet|[of] p1a: Solgaleo\n|move|p1a: Solgaleo|Morning Sun|p1a: Solgaleo\n|-heal|p1a: Solgaleo|271/325\n|\n|upkeep\n|turn|24\n|inactive|Time left: 300 sec this turn | 300 sec total\n|\n|t:|1783539566\n|move|p2a: Gouging Fire|Heat Crash|p1a: Solgaleo\n|-supereffective|p1a: Solgaleo\n|-damage|p1a: Solgaleo|65/325\n|-damage|p2a: Gouging Fire|64/100|[from] item: Rocky Helmet|[of] p1a: Solgaleo\n|move|p1a: Solgaleo|Psychic Fangs|p2a: Gouging Fire\n|-damage|p2a: Gouging Fire|33/100\n|\n|upkeep\n|turn|25\n|inactive|Time left: 300 sec this turn | 300 sec total\n|\n|t:|1783539567\n|move|p2a: Gouging Fire|Morning Sun|p2a: Gouging Fire\n|-heal|p2a: Gouging Fire|82/100\n|move|p1a: Solgaleo|Psychic Fangs|p2a: Gouging Fire\n|-damage|p2a: Gouging Fire|53/100\n|\n|upkeep\n|turn|26\n|inactive|Time left: 300 sec this turn | 300 sec total\n|\n|t:|1783539568\n|move|p2a: Gouging Fire|Heat Crash|p1a: Solgaleo\n|-supereffective|p1a: Solgaleo\n|-damage|p1a: Solgaleo|0 fnt\n|-damage|p2a: Gouging Fire|37/100|[from] item: Rocky Helmet|[of] p1a: Solgaleo\n|faint|p1a: Solgaleo\n|\n|upkeep\n|inactive|Time left: 300 sec this turn | 300 sec total | 5 sec grace\n|\n|t:|1783539569\n|switch|p1a: Hawlucha|Hawlucha, L80, M|256/256\n|turn|27\n|inactive|Time left: 300 sec this turn | 300 sec total\n|\n|t:|1783539570\n|move|p2a: Gouging Fire|Heat Crash|p1a: Hawlucha\n|-damage|p1a: Hawlucha|0 fnt\n|faint|p1a: Hawlucha\n|\n|upkeep\n|inactive|Time left: 300 sec this turn | 300 sec total | 5 sec grace\n|\n|t:|1783539570\n|switch|p1a: Primarina|Primarina, L83, F, tera:Steel|170/268\n|turn|28\n|inactive|Time left: 300 sec this turn | 300 sec total\n|\n|t:|1783539571\n|move|p2a: Gouging Fire|Heat Crash|p1a: Primarina\n|-supereffective|p1a: Primarina\n|-damage|p1a: Primarina|0 fnt\n|faint|p1a: Primarina\n|\n|upkeep\n|inactive|Time left: 300 sec this turn | 300 sec total | 5 sec grace\n|\n|t:|1783539572\n|switch|p1a: Serperior|Serperior, L79, F|248/248\n|turn|29\n|inactive|Time left: 300 sec this turn | 300 sec total\n|\n|t:|1783539573\n|move|p2a: Gouging Fire|Heat Crash|p1a: Serperior\n|-supereffective|p1a: Serperior\n|-damage|p1a: Serperior|0 fnt\n|faint|p1a: Serperior\n|\n|win|p0y010f0d7", "uploadtime": 1783539573, "views": 0, "rating": 0, "private": 0, "password": null, "_winner": "p0y010f0d7", "_our_name": "p0x010c25b"}