{"id": "battle-gen9randombattle-110", "formatid": "gen9randombattle", "format": "[Gen 9] Random Battle", "players": ["p0x1102192", "p0y1102d4a"], "log": "|init|battle\n|title|p0x1102192 vs. p0y1102d4a\n|j|\u2606p0x1102192\n|j|\u2606p0y1102d4a\n|t:|1783534537\n|gametype|singles\n|player|p1|p0x1102192|265|\n|player|p2|p0y1102d4a|2|\n|gen|9\n|tier|[Gen 9] Random Battle\n|rule|Species Clause: Limit one of each Pok\u00e9mon\n|rule|HP Percentage Mod: HP is shown in percentages\n|rule|Sleep Clause Mod: Limit one foe put to sleep\n|rule|Illusion Level Mod: Illusion disguises the Pok\u00e9mon's true level\n|\n|t:|1783534537\n|teamsize|p1|6\n|teamsize|p2|6\n|start\n|switch|p1a: Swalot|Swalot, L90, M|326/326\n|switch|p2a: Scyther|Scyther, L82, M|100/100\n|turn|1\n|inactive|Battle timer is ON: inactive players will automatically lose when time's up. (requested by p0x1102192)\n|inactive|p0y1102d4a also wants the timer to be on.\n|\n|t:|1783534538\n|switch|p2a: Araquanid|Araquanid, L82, F|100/100\n|move|p1a: Swalot|Sludge Bomb|p2a: Araquanid\n|-damage|p2a: Araquanid|71/100\n|\n|upkeep\n|turn|2\n|inactive|Time left: 300 sec this turn | 300 sec total\n|\n|t:|1783534540\n|move|p1a: Swalot|Knock Off|p2a: Araquanid\n|-damage|p2a: Araquanid|47/100\n|-enditem|p2a: Araquanid|Heavy-Duty Boots|[from] move: Knock Off|[of] p1a: Swalot\n|move|p2a: Araquanid|Sticky Web|p1a: Swalot\n|-sidestart|p1: p0x1102192|move: Sticky Web\n|\n|upkeep\n|turn|3\n|inactive|Time left: 300 sec this turn | 300 sec total\n|\n|t:|1783534541\n|move|p1a: Swalot|Sludge Bomb|p2a: Araquanid\n|-damage|p2a: Araquanid|21/100\n|-status|p2a: Araquanid|psn\n|move|p2a: Araquanid|Liquidation|p1a: Swalot\n|-damage|p1a: Swalot|194/326\n|\n|-heal|p1a: Swalot|214/326|[from] item: Leftovers\n|-damage|p2a: Araquanid|9/100 psn|[from] psn\n|upkeep\n|turn|4\n|inactive|Time left: 300 sec this turn | 300 sec total\n|\n|t:|1783534542\n|move|p1a: Swalot|Sludge Bomb|p2a: Araquanid\n|-damage|p2a: Araquanid|0 fnt\n|faint|p2a: Araquanid\n|\n|-heal|p1a: Swalot|234/326|[from] item: Leftovers\n|upkeep\n|\n|t:|1783534543\n|switch|p2a: Wo-Chien|Wo-Chien, L83|100/100\n|-ability|p2a: Wo-Chien|Tablets of Ruin\n|turn|5\n|inactive|Time left: 300 sec this turn | 300 sec total\n|\n|t:|1783534544\n|move|p2a: Wo-Chien|Ruination|p1a: Swalot\n|-damage|p1a: Swalot|117/326\n|move|p1a: Swalot|Sludge Bomb|p2a: Wo-Chien\n|-supereffective|p2a: Wo-Chien\n|-damage|p2a: Wo-Chien|55/100\n|\n|-heal|p2a: Wo-Chien|61/100|[from] item: Leftovers\n|-heal|p1a: Swalot|137/326|[from] item: Leftovers\n|upkeep\n|turn|6\n|inactive|Time left: 300 sec this turn | 300 sec total\n|\n|t:|1783534545\n|move|p2a: Wo-Chien|Knock Off|p1a: Swalot\n|-damage|p1a: Swalot|43/326\n|-enditem|p1a: Swalot|Leftovers|[from] move: Knock Off|[of] p2a: Wo-Chien\n|move|p1a: Swalot|Sludge Bomb|p2a: Wo-Chien\n|-supereffective|p2a: Wo-Chien\n|-damage|p2a: Wo-Chien|11/100\n|\n|-heal|p2a: Wo-Chien|17/100|[from] item: Leftovers\n|upkeep\n|turn|7\n|inactive|Time left: 300 sec this turn | 300 sec total\n|\n|t:|1783534547\n|move|p2a: Wo-Chien|Knock Off|p1a: Swalot\n|-damage|p1a: Swalot|0 fnt\n|faint|p1a: Swalot\n|\n|-heal|p2a: Wo-Chien|24/100|[from] item: Leftovers\n|upkeep\n|inactive|Time left: 300 sec this turn | 300 sec total | 5 sec grace\n|\n|t:|1783534548\n|switch|p1a: Malamar|Malamar, L82, M|275/275\n|-activate|p1a: Malamar|move: Sticky Web\n|-boost|p1a: Malamar|spe|1\n|turn|8\n|inactive|Time left: 300 sec this turn | 300 sec total\n|\n|t:|1783534549\n|switch|p2a: Dedenne|Dedenne, L88, F|100/100\n|move|p1a: Malamar|Superpower|p2a: Dedenne\n|-resisted|p2a: Dedenne\n|-damage|p2a: Dedenne|83/100\n|-boost|p1a: Malamar|atk|1\n|-boost|p1a: Malamar|def|1\n|\n|upkeep\n|turn|9\n|inactive|Time left: 300 sec this turn | 300 sec total\n|\n|t:|1783534550\n|move|p1a: Malamar|Superpower|p2a: Dedenne\n|-resisted|p2a: Dedenne\n|-damage|p2a: Dedenne|56/100\n|-boost|p1a: Malamar|atk|1\n|-boost|p1a: Malamar|def|1\n|move|p2a: Dedenne|Dazzling Gleam|p1a: Malamar\n|-supereffective|p1a: Malamar\n|-damage|p1a: Malamar|95/275\n|\n|-heal|p1a: Malamar|112/275|[from] item: Leftovers\n|upkeep\n|turn|10\n|inactive|Time left: 300 sec this turn | 300 sec total\n|\n|t:|1783534551\n|-terastallize|p1a: Malamar|Poison\n|move|p1a: Malamar|Knock Off|p2a: Dedenne\n|-resisted|p2a: Dedenne\n|-damage|p2a: Dedenne|11/100\n|-enditem|p2a: Dedenne|Sitrus Berry|[from] move: Knock Off|[of] p1a: Malamar\n|move|p2a: Dedenne|Dazzling Gleam|p1a: Malamar\n|-resisted|p1a: Malamar\n|-damage|p1a: Malamar|65/275\n|\n|-heal|p1a: Malamar|82/275|[from] item: Leftovers\n|upkeep\n|turn|11\n|inactive|Time left: 300 sec this turn | 300 sec total\n|\n|t:|1783534553\n|move|p1a: Malamar|Superpower|p2a: Dedenne\n|-resisted|p2a: Dedenne\n|-damage|p2a: Dedenne|0 fnt\n|-boost|p1a: Malamar|atk|1\n|-boost|p1a: Malamar|def|1\n|faint|p2a: Dedenne\n|\n|-heal|p1a: Malamar|99/275|[from] item: Leftovers\n|upkeep\n|\n|t:|1783534554\n|switch|p2a: Volcanion|Volcanion, L79|100/100\n|turn|12\n|inactive|Time left: 300 sec this turn | 300 sec total\n|\n|t:|1783534555\n|move|p1a: Malamar|Knock Off|p2a: Volcanion\n|-damage|p2a: Volcanion|30/100\n|-enditem|p2a: Volcanion|Heavy-Duty Boots|[from] move: Knock Off|[of] p1a: Malamar\n|move|p2a: Volcanion|Steam Eruption|p1a: Malamar\n|-damage|p1a: Malamar|0 fnt\n|faint|p1a: Malamar\n|\n|upkeep\n|inactive|Time left: 300 sec this turn | 300 sec total | 5 sec grace\n|\n|t:|1783534556\n|switch|p1a: Reshiram|Reshiram, L76|277/277\n|-ability|p1a: Reshiram|Turboblaze\n|turn|13\n|inactive|Time left: 300 sec this turn | 300 sec total\n|\n|t:|1783534557\n|move|p1a: Reshiram|Earth Power|p2a: Volcanion\n|-supereffective|p2a: Volcanion\n|-damage|p2a: Volcanion|0 fnt\n|faint|p2a: Volcanion\n|\n|upkeep\n|\n|t:|1783534558\n|switch|p2a: Wo-Chien|Wo-Chien, L83|24/100\n|-ability|p2a: Wo-Chien|Tablets of Ruin\n|turn|14\n|inactive|Time left: 300 sec this turn | 300 sec total\n|\n|t:|1783534559\n|move|p1a: Reshiram|Blue Flare|p2a: Wo-Chien|[miss]\n|-miss|p1a: Reshiram|p2a: Wo-Chien\n|move|p2a: Wo-Chien|Stun Spore|p1a: Reshiram\n|-status|p1a: Reshiram|par\n|\n|-heal|p2a: Wo-Chien|30/100|[from] item: Leftovers\n|upkeep\n|turn|15\n|inactive|Time left: 300 sec this turn | 300 sec total\n|\n|t:|1783534560\n|move|p2a: Wo-Chien|Knock Off|p1a: Reshiram\n|-damage|p1a: Reshiram|184/277 par\n|-enditem|p1a: Reshiram|Heavy-Duty Boots|[from] move: Knock Off|[of] p2a: Wo-Chien\n|cant|p1a: Reshiram|par\n|\n|-heal|p2a: Wo-Chien|36/100|[from] item: Leftovers\n|upkeep\n|turn|16\n|inactive|Time left: 300 sec this turn | 300 sec total\n|\n|t:|1783534561\n|move|p2a: Wo-Chien|Ruination|p1a: Reshiram\n|-damage|p1a: Reshiram|92/277 par\n|cant|p1a: Reshiram|par\n|\n|-heal|p2a: Wo-Chien|42/100|[from] item: Leftovers\n|upkeep\n|turn|17\n|inactive|Time left: 300 sec this turn | 300 sec total\n|\n|t:|1783534563\n|move|p2a: Wo-Chien|Ruination|p1a: Reshiram\n|-damage|p1a: Reshiram|46/277 par\n|cant|p1a: Reshiram|par\n|\n|-heal|p2a: Wo-Chien|48/100|[from] item: Leftovers\n|upkeep\n|turn|18\n|inactive|Time left: 300 sec this turn | 300 sec total\n|\n|t:|1783534564\n|move|p2a: Wo-Chien|Knock Off|p1a: Reshiram\n|-damage|p1a: Reshiram|0 fnt\n|faint|p1a: Reshiram\n|\n|-heal|p2a: Wo-Chien|54/100|[from] item: Leftovers\n|upkeep\n|inactive|Time left: 300 sec this turn | 300 sec total | 5 sec grace\n|\n|t:|1783534565\n|switch|p1a: Scizor|Scizor, L79, F|240/240\n|-activate|p1a: Scizor|move: Sticky Web\n|-unboost|p1a: Scizor|spe|1\n|turn|19\n|inactive|Time left: 300 sec this turn | 300 sec total\n|\n|t:|1783534566\n|move|p2a: Wo-Chien|Knock Off|p1a: Scizor\n|-damage|p1a: Scizor|158/240\n|-enditem|p1a: Scizor|Life Orb|[from] move: Knock Off|[of] p2a: Wo-Chien\n|move|p1a: Scizor|Swords Dance|p1a: Scizor\n|-boost|p1a: Scizor|atk|2\n|\n|-heal|p2a: Wo-Chien|60/100|[from] item: Leftovers\n|upkeep\n|turn|20\n|inactive|Time left: 300 sec this turn | 300 sec total\n|\n|t:|1783534567\n|move|p1a: Scizor|Bullet Punch|p2a: Wo-Chien\n|-damage|p2a: Wo-Chien|28/100\n|move|p2a: Wo-Chien|Ruination|p1a: Scizor\n|-damage|p1a: Scizor|79/240\n|\n|-heal|p2a: Wo-Chien|34/100|[from] item: Leftovers\n|upkeep\n|turn|21\n|inactive|Time left: 300 sec this turn | 300 sec total\n|\n|t:|1783534568\n|move|p1a: Scizor|Bullet Punch|p2a: Wo-Chien\n|-damage|p2a: Wo-Chien|0 fnt\n|faint|p2a: Wo-Chien\n|\n|upkeep\n|\n|t:|1783534568\n|switch|p2a: Persian|Persian-Alola, L86, M|100/100\n|turn|22\n|inactive|Time left: 300 sec this turn | 300 sec total\n|\n|t:|1783534569\n|move|p2a: Persian|Dark Pulse|p1a: Scizor\n|-damage|p1a: Scizor|0 fnt\n|faint|p1a: Scizor\n|-damage|p2a: Persian|91/100|[from] item: Life Orb\n|\n|upkeep\n|inactive|Time left: 300 sec this turn | 300 sec total | 5 sec grace\n|\n|t:|1783534569\n|switch|p1a: Porygon-Z|Porygon-Z, L83|277/277\n|-activate|p1a: Porygon-Z|move: Sticky Web\n|-unboost|p1a: Porygon-Z|spe|1\n|turn|23\n|inactive|Time left: 300 sec this turn | 300 sec total\n|\n|t:|1783534570\n|switch|p2a: Scyther|Scyther, L82, M|100/100\n|move|p1a: Porygon-Z|Tera Blast|p2a: Scyther\n|-damage|p2a: Scyther|12/100\n|-damage|p1a: Porygon-Z|250/277|[from] item: Life Orb\n|\n|upkeep\n|turn|24\n|inactive|Time left: 300 sec this turn | 300 sec total\n|\n|t:|1783534571\n|-terastallize|p2a: Scyther|Fighting\n|move|p2a: Scyther|Close Combat|p1a: Porygon-Z\n|-supereffective|p1a: Porygon-Z\n|-damage|p1a: Porygon-Z|0 fnt\n|-unboost|p2a: Scyther|def|1\n|-unboost|p2a: Scyther|spd|1\n|faint|p1a: Porygon-Z\n|\n|upkeep\n|inactive|Time left: 300 sec this turn | 300 sec total | 5 sec grace\n|\n|t:|1783534571\n|switch|p1a: Dunsparce|Dunsparce, L86, M|312/312\n|-activate|p1a: Dunsparce|move: Sticky Web\n|-unboost|p1a: Dunsparce|spe|1\n|turn|25\n|inactive|Time left: 300 sec this turn | 300 sec total\n|\n|t:|1783534572\n|move|p2a: Scyther|Close Combat|p1a: Dunsparce\n|-supereffective|p1a: Dunsparce\n|-damage|p1a: Dunsparce|126/312\n|-unboost|p2a: Scyther|def|1\n|-unboost|p2a: Scyther|spd|1\n|move|p1a: Dunsparce|Earthquake|p2a: Scyther\n|-damage|p2a: Scyther|0 fnt\n|faint|p2a: Scyther\n|\n|upkeep\n|\n|t:|1783534573\n|switch|p2a: Persian|Persian-Alola, L86, M|91/100\n|turn|26\n|inactive|Time left: 300 sec this turn | 300 sec total\n|\n|t:|1783534573\n|move|p2a: Persian|Nasty Plot|p2a: Persian\n|-boost|p2a: Persian|spa|2\n|move|p1a: Dunsparce|Roost|p1a: Dunsparce\n|-heal|p1a: Dunsparce|282/312\n|-singleturn|p1a: Dunsparce|move: Roost\n|\n|upkeep\n|turn|27\n|inactive|Time left: 300 sec this turn | 300 sec total\n|\n|t:|1783534574\n|move|p2a: Persian|Nasty Plot|p2a: Persian\n|-boost|p2a: Persian|spa|2\n|move|p1a: Dunsparce|Body Slam|p2a: Persian\n|-damage|p2a: Persian|72/100\n|-status|p2a: Persian|par\n|\n|upkeep\n|turn|28\n|inactive|Time left: 300 sec this turn | 300 sec total\n|\n|t:|1783534575\n|move|p2a: Persian|Dark Pulse|p1a: Dunsparce\n|-damage|p1a: Dunsparce|55/312\n|-damage|p2a: Persian|62/100 par|[from] item: Life Orb\n|move|p1a: Dunsparce|Roost|p1a: Dunsparce\n|-heal|p1a: Dunsparce|211/312\n|-singleturn|p1a: Dunsparce|move: Roost\n|\n|upkeep\n|turn|29\n|inactive|Time left: 300 sec this turn | 300 sec total\n|\n|t:|1783534576\n|move|p2a: Persian|Dark Pulse|p1a: Dunsparce\n|-damage|p1a: Dunsparce|0 fnt\n|faint|p1a: Dunsparce\n|-damage|p2a: Persian|52/100 par|[from] item: Life Orb\n|\n|win|p0y1102d4a", "uploadtime": 1783534576, "views": 0, "rating": 0, "private": 0, "password": null, "_winner": "p0y1102d4a", "_our_name": "p0x1102192"}