{"id": "battle-gen9randombattle-554", "formatid": "gen9randombattle", "format": "[Gen 9] Random Battle", "players": ["p0x554a3d3", "p0y5544e50"], "log": "|init|battle\n|title|p0x554a3d3 vs. p0y5544e50\n|j|\u2606p0x554a3d3\n|j|\u2606p0y5544e50\n|t:|1783546206\n|gametype|singles\n|player|p1|p0x554a3d3|170|\n|player|p2|p0y5544e50|170|\n|gen|9\n|tier|[Gen 9] Random Battle\n|rule|Species Clause: Limit one of each Pok\u00e9mon\n|rule|HP Percentage Mod: HP is shown in percentages\n|rule|Sleep Clause Mod: Limit one foe put to sleep\n|rule|Illusion Level Mod: Illusion disguises the Pok\u00e9mon's true level\n|\n|t:|1783546206\n|teamsize|p1|6\n|teamsize|p2|6\n|start\n|switch|p1a: Beartic|Beartic, L91, F|100/100\n|switch|p2a: Oricorio|Oricorio-Sensu, L85, F|266/266\n|turn|1\n|inactive|Battle timer is ON: inactive players will automatically lose when time's up. (requested by p0y5544e50)\n|inactive|p0x554a3d3 also wants the timer to be on.\n|\n|t:|1783546208\n|switch|p2a: Infernape|Infernape, L82, M|259/259\n|move|p1a: Beartic|Icicle Crash|p2a: Infernape\n|-resisted|p2a: Infernape\n|-damage|p2a: Infernape|182/259\n|\n|upkeep\n|turn|2\n|inactive|Time left: 300 sec this turn | 300 sec total\n|\n|t:|1783546209\n|switch|p1a: Pelipper|Pelipper, L86, F|100/100\n|-weather|RainDance|[from] ability: Drizzle|[of] p1a: Pelipper\n|move|p2a: Infernape|Flare Blitz|p1a: Pelipper\n|-resisted|p1a: Pelipper\n|-damage|p1a: Pelipper|84/100\n|-damage|p2a: Infernape|169/259|[from] Recoil\n|\n|-weather|RainDance|[upkeep]\n|upkeep\n|turn|3\n|inactive|Time left: 300 sec this turn | 300 sec total\n|\n|t:|1783546211\n|switch|p2a: Shiftry|Shiftry, L89, M|305/305\n|move|p1a: Pelipper|Hydro Pump|p2a: Shiftry\n|-resisted|p2a: Shiftry\n|-damage|p2a: Shiftry|199/305\n|\n|-weather|RainDance|[upkeep]\n|upkeep\n|turn|4\n|inactive|Time left: 300 sec this turn | 300 sec total\n|\n|t:|1783546212\n|move|p2a: Shiftry|Knock Off|p1a: Pelipper\n|-damage|p1a: Pelipper|45/100\n|-enditem|p1a: Pelipper|Heavy-Duty Boots|[from] move: Knock Off|[of] p2a: Shiftry\n|move|p1a: Pelipper|Hydro Pump|p2a: Shiftry\n|-resisted|p2a: Shiftry\n|-damage|p2a: Shiftry|85/305\n|\n|-weather|RainDance|[upkeep]\n|upkeep\n|turn|5\n|inactive|Time left: 300 sec this turn | 300 sec total\n|\n|t:|1783546213\n|move|p2a: Shiftry|Leaf Storm|p1a: Pelipper\n|-damage|p1a: Pelipper|0 fnt\n|-unboost|p2a: Shiftry|spa|2\n|faint|p1a: Pelipper\n|\n|-weather|RainDance|[upkeep]\n|upkeep\n|\n|t:|1783546213\n|switch|p1a: Espathra|Espathra, L80, M|100/100\n|turn|6\n|inactive|Time left: 300 sec this turn | 300 sec total\n|\n|t:|1783546215\n|switch|p2a: Zangoose|Zangoose, L85, M|263/263\n|move|p1a: Espathra|Substitute|p1a: Espathra\n|-start|p1a: Espathra|Substitute\n|-damage|p1a: Espathra|76/100\n|\n|-weather|none\n|-heal|p1a: Espathra|82/100|[from] item: Leftovers\n|-ability|p1a: Espathra|Speed Boost|boost\n|-boost|p1a: Espathra|spe|1\n|-status|p2a: Zangoose|tox|[from] item: Toxic Orb\n|upkeep\n|turn|7\n|inactive|Time left: 300 sec this turn | 300 sec total\n|\n|t:|1783546216\n|move|p1a: Espathra|Calm Mind|p1a: Espathra\n|-boost|p1a: Espathra|spa|1\n|-boost|p1a: Espathra|spd|1\n|move|p2a: Zangoose|Knock Off|p1a: Espathra\n|-supereffective|p1a: Espathra\n|-end|p1a: Espathra|Substitute\n|\n|-heal|p1a: Espathra|88/100|[from] item: Leftovers\n|-damage|p2a: Zangoose|247/263 tox|[from] psn\n|-ability|p1a: Espathra|Speed Boost|boost\n|-boost|p1a: Espathra|spe|1\n|upkeep\n|turn|8\n|inactive|Time left: 300 sec this turn | 300 sec total\n|\n|t:|1783546217\n|move|p1a: Espathra|Substitute|p1a: Espathra\n|-start|p1a: Espathra|Substitute\n|-damage|p1a: Espathra|63/100\n|move|p2a: Zangoose|Facade|p1a: Espathra\n|-end|p1a: Espathra|Substitute\n|\n|-heal|p1a: Espathra|69/100|[from] item: Leftovers\n|-damage|p2a: Zangoose|215/263 tox|[from] psn\n|-ability|p1a: Espathra|Speed Boost|boost\n|-boost|p1a: Espathra|spe|1\n|upkeep\n|turn|9\n|inactive|Time left: 300 sec this turn | 300 sec total\n|\n|t:|1783546218\n|switch|p2a: Shiftry|Shiftry, L89, M|85/305\n|move|p1a: Espathra|Stored Power|p2a: Shiftry\n|-immune|p2a: Shiftry\n|\n|-heal|p1a: Espathra|75/100|[from] item: Leftovers\n|-ability|p1a: Espathra|Speed Boost|boost\n|-boost|p1a: Espathra|spe|1\n|upkeep\n|turn|10\n|inactive|Time left: 300 sec this turn | 300 sec total\n|\n|t:|1783546219\n|move|p1a: Espathra|Substitute|p1a: Espathra\n|-start|p1a: Espathra|Substitute\n|-damage|p1a: Espathra|50/100\n|move|p2a: Shiftry|Knock Off|p1a: Espathra\n|-supereffective|p1a: Espathra\n|-end|p1a: Espathra|Substitute\n|\n|-heal|p1a: Espathra|56/100|[from] item: Leftovers\n|-ability|p1a: Espathra|Speed Boost|boost\n|-boost|p1a: Espathra|spe|1\n|upkeep\n|turn|11\n|inactive|Time left: 300 sec this turn | 300 sec total\n|\n|t:|1783546220\n|move|p1a: Espathra|Dazzling Gleam|p2a: Shiftry\n|-supereffective|p2a: Shiftry\n|-damage|p2a: Shiftry|0 fnt\n|faint|p2a: Shiftry\n|\n|-heal|p1a: Espathra|62/100|[from] item: Leftovers\n|-ability|p1a: Espathra|Speed Boost|boost\n|-boost|p1a: Espathra|spe|1\n|upkeep\n|inactive|Time left: 300 sec this turn | 300 sec total | 5 sec grace\n|\n|t:|1783546221\n|switch|p2a: Tsareena|Tsareena, L87, F|267/267\n|turn|12\n|inactive|Time left: 300 sec this turn | 300 sec total\n|\n|t:|1783546222\n|move|p1a: Espathra|Substitute|p1a: Espathra\n|-start|p1a: Espathra|Substitute\n|-damage|p1a: Espathra|38/100\n|move|p2a: Tsareena|Power Whip|p1a: Espathra\n|-end|p1a: Espathra|Substitute\n|-damage|p2a: Tsareena|241/267|[from] item: Life Orb\n|\n|-heal|p1a: Espathra|44/100|[from] item: Leftovers\n|upkeep\n|turn|13\n|inactive|Time left: 300 sec this turn | 300 sec total\n|\n|t:|1783546223\n|-terastallize|p2a: Tsareena|Steel\n|move|p1a: Espathra|Stored Power|p2a: Tsareena\n|-resisted|p2a: Tsareena\n|-damage|p2a: Tsareena|115/267\n|move|p2a: Tsareena|Power Whip|p1a: Espathra\n|-damage|p1a: Espathra|0 fnt\n|faint|p1a: Espathra\n|-damage|p2a: Tsareena|89/267|[from] item: Life Orb\n|\n|upkeep\n|\n|t:|1783546224\n|switch|p1a: Dodrio|Dodrio, L85, F|100/100\n|turn|14\n|inactive|Time left: 300 sec this turn | 300 sec total\n|\n|t:|1783546225\n|switch|p2a: Oinkologne|Oinkologne-F, L92, F|361/361\n|move|p1a: Dodrio|Brave Bird|p2a: Oinkologne\n|-damage|p2a: Oinkologne|135/361\n|-damage|p1a: Dodrio|69/100|[from] Recoil\n|\n|-heal|p2a: Oinkologne|157/361|[from] item: Leftovers\n|upkeep\n|turn|15\n|inactive|Time left: 300 sec this turn | 300 sec total\n|\n|t:|1783546226\n|move|p1a: Dodrio|Brave Bird|p2a: Oinkologne\n|-damage|p2a: Oinkologne|0 fnt\n|faint|p2a: Oinkologne\n|-damage|p1a: Dodrio|48/100|[from] Recoil\n|\n|upkeep\n|inactive|Time left: 300 sec this turn | 300 sec total | 5 sec grace\n|\n|t:|1783546227\n|switch|p2a: Oricorio|Oricorio-Sensu, L85, F|266/266\n|turn|16\n|inactive|Time left: 300 sec this turn | 300 sec total\n|\n|t:|1783546228\n|move|p1a: Dodrio|Brave Bird|p2a: Oricorio\n|-damage|p2a: Oricorio|0 fnt\n|faint|p2a: Oricorio\n|-damage|p1a: Dodrio|11/100|[from] Recoil\n|\n|upkeep\n|inactive|Time left: 300 sec this turn | 300 sec total | 5 sec grace\n|\n|t:|1783546229\n|switch|p2a: Zangoose|Zangoose, L85, M|215/263 tox\n|turn|17\n|inactive|Time left: 300 sec this turn | 300 sec total\n|\n|t:|1783546230\n|move|p2a: Zangoose|Quick Attack|p1a: Dodrio\n|-damage|p1a: Dodrio|0 fnt\n|faint|p1a: Dodrio\n|\n|-damage|p2a: Zangoose|199/263 tox|[from] psn\n|upkeep\n|\n|t:|1783546231\n|switch|p1a: Wo-Chien|Wo-Chien, L83|100/100\n|-ability|p1a: Wo-Chien|Tablets of Ruin\n|turn|18\n|inactive|Time left: 300 sec this turn | 300 sec total\n|\n|t:|1783546232\n|move|p2a: Zangoose|Facade|p1a: Wo-Chien\n|-damage|p1a: Wo-Chien|41/100\n|move|p1a: Wo-Chien|Knock Off|p2a: Zangoose\n|-damage|p2a: Zangoose|82/263 tox\n|-enditem|p2a: Zangoose|Toxic Orb|[from] move: Knock Off|[of] p1a: Wo-Chien\n|\n|-heal|p1a: Wo-Chien|47/100|[from] item: Leftovers\n|-damage|p2a: Zangoose|50/263 tox|[from] psn\n|upkeep\n|turn|19\n|inactive|Time left: 300 sec this turn | 300 sec total\n|\n|t:|1783546233\n|move|p2a: Zangoose|Facade|p1a: Wo-Chien\n|-damage|p1a: Wo-Chien|0 fnt\n|faint|p1a: Wo-Chien\n|\n|-damage|p2a: Zangoose|2/263 tox|[from] psn\n|upkeep\n|\n|t:|1783546234\n|switch|p1a: Beartic|Beartic, L91, F|100/100\n|turn|20\n|inactive|Time left: 300 sec this turn | 300 sec total\n|\n|t:|1783546235\n|move|p1a: Beartic|Aqua Jet|p2a: Zangoose\n|-damage|p2a: Zangoose|0 fnt\n|faint|p2a: Zangoose\n|\n|upkeep\n|inactive|Time left: 300 sec this turn | 300 sec total | 5 sec grace\n|\n|t:|1783546236\n|switch|p2a: Tsareena|Tsareena, L87, F, tera:Steel|89/267\n|turn|21\n|inactive|Time left: 300 sec this turn | 300 sec total\n|\n|t:|1783546237\n|-terastallize|p1a: Beartic|Fighting\n|move|p2a: Tsareena|Power Whip|p1a: Beartic\n|-damage|p1a: Beartic|39/100\n|-damage|p2a: Tsareena|63/267|[from] item: Life Orb\n|move|p1a: Beartic|Close Combat|p2a: Tsareena\n|-supereffective|p2a: Tsareena\n|-damage|p2a: Tsareena|0 fnt\n|-unboost|p1a: Beartic|def|1\n|-unboost|p1a: Beartic|spd|1\n|faint|p2a: Tsareena\n|\n|upkeep\n|inactive|Time left: 300 sec this turn | 300 sec total | 5 sec grace\n|\n|t:|1783546238\n|switch|p2a: Infernape|Infernape, L82, M|169/259\n|turn|22\n|inactive|Time left: 300 sec this turn | 300 sec total\n|\n|t:|1783546239\n|move|p2a: Infernape|Close Combat|p1a: Beartic\n|-damage|p1a: Beartic|0 fnt\n|-unboost|p2a: Infernape|def|1\n|-unboost|p2a: Infernape|spd|1\n|faint|p1a: Beartic\n|\n|upkeep\n|\n|t:|1783546240\n|switch|p1a: Deoxys|Deoxys-Attack, L72|100/100\n|-ability|p1a: Deoxys|Pressure\n|turn|23\n|inactive|Time left: 300 sec this turn | 300 sec total\n|\n|t:|1783546241\n|move|p1a: Deoxys|Superpower|p2a: Infernape\n|-damage|p2a: Infernape|0 fnt\n|-unboost|p1a: Deoxys|atk|1\n|-unboost|p1a: Deoxys|def|1\n|faint|p2a: Infernape\n|-damage|p1a: Deoxys|91/100|[from] item: Life Orb\n|\n|win|p0x554a3d3", "uploadtime": 1783546241, "views": 0, "rating": 0, "private": 0, "password": null, "_winner": "p0x554a3d3", "_our_name": "p0y5544e50"}