{"id": "battle-gen9randombattle-897", "formatid": "gen9randombattle", "format": "[Gen 9] Random Battle", "players": ["p0x8964183", "p0y8964c83"], "log": "|init|battle\n|title|p0x8964183 vs. p0y8964c83\n|j|\u2606p0x8964183\n|j|\u2606p0y8964c83\n|t:|1783549546\n|gametype|singles\n|player|p1|p0x8964183|265|\n|player|p2|p0y8964c83|266|\n|gen|9\n|tier|[Gen 9] Random Battle\n|rule|Species Clause: Limit one of each Pok\u00e9mon\n|rule|HP Percentage Mod: HP is shown in percentages\n|rule|Sleep Clause Mod: Limit one foe put to sleep\n|rule|Illusion Level Mod: Illusion disguises the Pok\u00e9mon's true level\n|\n|t:|1783549546\n|teamsize|p1|6\n|teamsize|p2|6\n|start\n|switch|p1a: Iron Hands|Iron Hands, L79|373/373\n|switch|p2a: Jumpluff|Jumpluff, L87, F|100/100\n|turn|1\n|inactive|Battle timer is ON: inactive players will automatically lose when time's up. (requested by p0y8964c83)\n|inactive|Time left: 300 sec this turn | 300 sec total | 60 sec grace\n|inactive|p0x8964183 also wants the timer to be on.\n|\n|t:|1783549547\n|move|p2a: Jumpluff|Sleep Powder|p1a: Iron Hands\n|-status|p1a: Iron Hands|slp|[from] move: Sleep Powder\n|cant|p1a: Iron Hands|slp\n|\n|upkeep\n|turn|2\n|inactive|Time left: 300 sec this turn | 300 sec total\n|\n|t:|1783549548\n|move|p2a: Jumpluff|Acrobatics|p1a: Iron Hands\n|-damage|p1a: Iron Hands|291/373 slp\n|cant|p1a: Iron Hands|slp\n|\n|-heal|p1a: Iron Hands|314/373 slp|[from] item: Leftovers\n|upkeep\n|turn|3\n|inactive|Time left: 300 sec this turn | 300 sec total\n|\n|t:|1783549549\n|switch|p2a: Whiscash|Whiscash, L88, M|100/100\n|-curestatus|p1a: Iron Hands|slp|[msg]\n|move|p1a: Iron Hands|Ice Punch|p2a: Whiscash\n|-damage|p2a: Whiscash|81/100\n|\n|-heal|p1a: Iron Hands|337/373|[from] item: Leftovers\n|upkeep\n|turn|4\n|inactive|Time left: 300 sec this turn | 300 sec total\n|\n|t:|1783549551\n|move|p2a: Whiscash|Dragon Dance|p2a: Whiscash\n|-boost|p2a: Whiscash|atk|1\n|-boost|p2a: Whiscash|spe|1\n|move|p1a: Iron Hands|Swords Dance|p1a: Iron Hands\n|-boost|p1a: Iron Hands|atk|2\n|\n|-heal|p1a: Iron Hands|360/373|[from] item: Leftovers\n|upkeep\n|turn|5\n|inactive|Time left: 300 sec this turn | 300 sec total\n|\n|t:|1783549552\n|-terastallize|p2a: Whiscash|Ground\n|-terastallize|p1a: Iron Hands|Fighting\n|move|p2a: Whiscash|Earthquake|p1a: Iron Hands\n|-damage|p1a: Iron Hands|142/373\n|-damage|p2a: Whiscash|71/100|[from] item: Life Orb\n|move|p1a: Iron Hands|Drain Punch|p2a: Whiscash\n|-damage|p2a: Whiscash|0 fnt\n|-heal|p1a: Iron Hands|262/373|[from] drain|[of] p2a: Whiscash\n|faint|p2a: Whiscash\n|\n|-heal|p1a: Iron Hands|285/373|[from] item: Leftovers\n|upkeep\n|\n|t:|1783549553\n|switch|p2a: Jumpluff|Jumpluff, L87, F|100/100\n|turn|6\n|inactive|Time left: 300 sec this turn | 300 sec total\n|\n|t:|1783549554\n|move|p2a: Jumpluff|Sleep Powder|p1a: Iron Hands\n|-status|p1a: Iron Hands|slp|[from] move: Sleep Powder\n|cant|p1a: Iron Hands|slp\n|\n|-heal|p1a: Iron Hands|308/373 slp|[from] item: Leftovers\n|upkeep\n|turn|7\n|inactive|Time left: 300 sec this turn | 300 sec total\n|\n|t:|1783549555\n|move|p2a: Jumpluff|Acrobatics|p1a: Iron Hands\n|-supereffective|p1a: Iron Hands\n|-damage|p1a: Iron Hands|164/373 slp\n|cant|p1a: Iron Hands|slp\n|\n|-heal|p1a: Iron Hands|187/373 slp|[from] item: Leftovers\n|upkeep\n|turn|8\n|inactive|Time left: 300 sec this turn | 300 sec total\n|\n|t:|1783549556\n|move|p2a: Jumpluff|Acrobatics|p1a: Iron Hands\n|-supereffective|p1a: Iron Hands\n|-damage|p1a: Iron Hands|41/373 slp\n|-curestatus|p1a: Iron Hands|slp|[msg]\n|move|p1a: Iron Hands|Ice Punch|p2a: Jumpluff\n|-supereffective|p2a: Jumpluff\n|-damage|p2a: Jumpluff|0 fnt\n|faint|p2a: Jumpluff\n|\n|-heal|p1a: Iron Hands|64/373|[from] item: Leftovers\n|upkeep\n|\n|t:|1783549557\n|switch|p2a: Koraidon|Koraidon, L64|100/100\n|-weather|SunnyDay|[from] ability: Orichalcum Pulse|[of] p2a: Koraidon\n|-activate|p2a: Koraidon|Orichalcum Pulse|[source]\n|turn|9\n|inactive|Time left: 300 sec this turn | 300 sec total\n|\n|t:|1783549558\n|move|p2a: Koraidon|Scale Shot|p1a: Iron Hands\n|-damage|p1a: Iron Hands|40/373\n|-damage|p1a: Iron Hands|15/373\n|-damage|p1a: Iron Hands|0 fnt\n|faint|p1a: Iron Hands\n|-end|p1a: Iron Hands|Quark Drive|[silent]\n|-hitcount|p1: Iron Hands|3\n|-unboost|p2a: Koraidon|def|1\n|-boost|p2a: Koraidon|spe|1\n|\n|-weather|SunnyDay|[upkeep]\n|upkeep\n|inactive|Time left: 300 sec this turn | 300 sec total | 5 sec grace\n|\n|t:|1783549559\n|switch|p1a: Espeon|Espeon, L84, F|246/246\n|turn|10\n|inactive|Time left: 300 sec this turn | 300 sec total\n|\n|t:|1783549561\n|switch|p2a: Komala|Komala, L87, M|100/100\n|-ability|p2a: Komala|Comatose\n|move|p1a: Espeon|Psychic|p2a: Komala\n|-damage|p2a: Komala|58/100\n|-unboost|p2a: Komala|spd|1\n|\n|-weather|SunnyDay|[upkeep]\n|upkeep\n|turn|11\n|inactive|Time left: 300 sec this turn | 300 sec total\n|\n|t:|1783549562\n|move|p1a: Espeon|Psychic|p2a: Komala\n|-damage|p2a: Komala|0 fnt\n|faint|p2a: Komala\n|\n|-weather|SunnyDay|[upkeep]\n|upkeep\n|\n|t:|1783549563\n|switch|p2a: Minun|Minun, L95, F|100/100\n|turn|12\n|inactive|Time left: 300 sec this turn | 300 sec total\n|\n|t:|1783549564\n|move|p2a: Minun|Nasty Plot|p2a: Minun\n|-boost|p2a: Minun|spa|2\n|move|p1a: Espeon|Psychic|p2a: Minun\n|-damage|p2a: Minun|43/100\n|\n|-weather|SunnyDay|[upkeep]\n|upkeep\n|turn|13\n|inactive|Time left: 300 sec this turn | 300 sec total\n|\n|t:|1783549565\n|move|p2a: Minun|Thunderbolt|p1a: Espeon\n|-damage|p1a: Espeon|12/246\n|-damage|p2a: Minun|34/100|[from] item: Life Orb\n|move|p1a: Espeon|Psychic|p2a: Minun\n|-crit|p2a: Minun\n|-damage|p2a: Minun|0 fnt\n|faint|p2a: Minun\n|\n|-weather|none\n|upkeep\n|\n|t:|1783549566\n|switch|p2a: Kyurem|Kyurem-Black, L71|100/100\n|-ability|p2a: Kyurem|Teravolt\n|turn|14\n|inactive|Time left: 300 sec this turn | 300 sec total\n|\n|t:|1783549567\n|move|p1a: Espeon|Psychic|p2a: Kyurem\n|-damage|p2a: Kyurem|30/100\n|move|p2a: Kyurem|Dragon Dance|p2a: Kyurem\n|-boost|p2a: Kyurem|atk|1\n|-boost|p2a: Kyurem|spe|1\n|\n|upkeep\n|turn|15\n|inactive|Time left: 300 sec this turn | 300 sec total\n|\n|t:|1783549568\n|move|p2a: Kyurem|Icicle Spear|p1a: Espeon\n|-damage|p1a: Espeon|0 fnt\n|faint|p1a: Espeon\n|-hitcount|p1: Espeon|1\n|\n|upkeep\n|inactive|Time left: 300 sec this turn | 300 sec total | 5 sec grace\n|\n|t:|1783549569\n|switch|p1a: Samurott|Samurott, L88, M|310/310\n|turn|16\n|inactive|Time left: 300 sec this turn | 300 sec total\n|\n|t:|1783549570\n|move|p2a: Kyurem|Fusion Bolt|p1a: Samurott\n|-supereffective|p1a: Samurott\n|-damage|p1a: Samurott|58/310\n|move|p1a: Samurott|Sacred Sword|p2a: Kyurem\n|-supereffective|p2a: Kyurem\n|-damage|p2a: Kyurem|0 fnt\n|faint|p2a: Kyurem\n|\n|upkeep\n|\n|t:|1783549571\n|switch|p2a: Koraidon|Koraidon, L64|100/100\n|-weather|SunnyDay|[from] ability: Orichalcum Pulse|[of] p2a: Koraidon\n|-activate|p2a: Koraidon|Orichalcum Pulse|[source]\n|turn|17\n|inactive|Time left: 300 sec this turn | 300 sec total\n|\n|t:|1783549572\n|move|p2a: Koraidon|Swords Dance|p2a: Koraidon\n|-boost|p2a: Koraidon|atk|2\n|move|p1a: Samurott|Ice Beam|p2a: Koraidon\n|-supereffective|p2a: Koraidon\n|-damage|p2a: Koraidon|22/100\n|\n|-weather|SunnyDay|[upkeep]\n|upkeep\n|turn|18\n|inactive|Time left: 300 sec this turn | 300 sec total\n|\n|t:|1783549573\n|move|p2a: Koraidon|Scale Shot|p1a: Samurott|[miss]\n|-miss|p2a: Koraidon|p1a: Samurott\n|move|p1a: Samurott|Ice Beam|p2a: Koraidon\n|-supereffective|p2a: Koraidon\n|-damage|p2a: Koraidon|0 fnt\n|faint|p2a: Koraidon\n|\n|win|p0x8964183", "uploadtime": 1783549573, "views": 0, "rating": 0, "private": 0, "password": null, "_winner": "p0x8964183", "_our_name": "p0x8964183"}