{"id": "battle-gen9randombattle-1316", "formatid": "gen9randombattle", "format": "[Gen 9] Random Battle", "players": ["p0x13164c77", "p0y13167162"], "log": "|init|battle\n|title|p0x13164c77 vs. p0y13167162\n|j|\u2606p0x13164c77\n|j|\u2606p0y13167162\n|t:|1783554398\n|gametype|singles\n|player|p1|p0x13164c77|169|\n|player|p2|p0y13167162|101|\n|gen|9\n|tier|[Gen 9] Random Battle\n|rule|Species Clause: Limit one of each Pok\u00e9mon\n|rule|HP Percentage Mod: HP is shown in percentages\n|rule|Sleep Clause Mod: Limit one foe put to sleep\n|rule|Illusion Level Mod: Illusion disguises the Pok\u00e9mon's true level\n|\n|t:|1783554398\n|teamsize|p1|6\n|teamsize|p2|6\n|start\n|switch|p1a: Raikou|Raikou, L81|278/278\n|switch|p2a: Necrozma|Necrozma-Dusk-Mane, L69|100/100\n|-ability|p1a: Raikou|Pressure\n|turn|1\n|inactive|Battle timer is ON: inactive players will automatically lose when time's up. (requested by p0y13167162)\n|inactive|Time left: 300 sec this turn | 300 sec total | 60 sec grace\n|inactive|p0x13164c77 also wants the timer to be on.\n|\n|t:|1783554400\n|move|p1a: Raikou|Thunderbolt|p2a: Necrozma\n|-damage|p2a: Necrozma|57/100\n|move|p2a: Necrozma|Earthquake|p1a: Raikou\n|-supereffective|p1a: Raikou\n|-damage|p1a: Raikou|98/278\n|\n|-heal|p1a: Raikou|115/278|[from] item: Leftovers\n|upkeep\n|turn|2\n|inactive|Time left: 300 sec this turn | 300 sec total\n|\n|t:|1783554401\n|move|p1a: Raikou|Thunderbolt|p2a: Necrozma\n|-damage|p2a: Necrozma|15/100\n|move|p2a: Necrozma|Photon Geyser|p1a: Raikou\n|-damage|p1a: Raikou|1/278\n|\n|-heal|p1a: Raikou|18/278|[from] item: Leftovers\n|upkeep\n|turn|3\n|inactive|Time left: 300 sec this turn | 300 sec total\n|\n|t:|1783554402\n|switch|p2a: Cacturne|Cacturne, L92, F|100/100\n|move|p1a: Raikou|Thunderbolt|p2a: Cacturne\n|-resisted|p2a: Cacturne\n|-damage|p2a: Cacturne|80/100\n|\n|-heal|p1a: Raikou|35/278|[from] item: Leftovers\n|upkeep\n|turn|4\n|inactive|Time left: 300 sec this turn | 300 sec total\n|\n|t:|1783554403\n|switch|p1a: Avalugg|Avalugg-Hisui, L90, M|317/317\n|move|p2a: Cacturne|Knock Off|p1a: Avalugg\n|-damage|p1a: Avalugg|222/317\n|-enditem|p1a: Avalugg|Heavy-Duty Boots|[from] move: Knock Off|[of] p2a: Cacturne\n|-damage|p2a: Cacturne|70/100|[from] item: Life Orb\n|\n|upkeep\n|turn|5\n|inactive|Time left: 300 sec this turn | 300 sec total\n|\n|t:|1783554404\n|switch|p2a: Corviknight|Corviknight, L80, M|100/100\n|-ability|p2a: Corviknight|Pressure\n|move|p1a: Avalugg|Stone Edge|p2a: Corviknight\n|-damage|p2a: Corviknight|54/100\n|\n|-heal|p2a: Corviknight|61/100|[from] item: Leftovers\n|upkeep\n|turn|6\n|inactive|Time left: 300 sec this turn | 300 sec total\n|\n|t:|1783554405\n|move|p2a: Corviknight|Roost|p2a: Corviknight\n|-heal|p2a: Corviknight|100/100\n|-singleturn|p2a: Corviknight|move: Roost\n|move|p1a: Avalugg|Stone Edge|p2a: Corviknight\n|-resisted|p2a: Corviknight\n|-damage|p2a: Corviknight|78/100\n|\n|-heal|p2a: Corviknight|84/100|[from] item: Leftovers\n|upkeep\n|turn|7\n|inactive|Time left: 300 sec this turn | 300 sec total\n|\n|t:|1783554406\n|move|p2a: Corviknight|Roost|p2a: Corviknight\n|-heal|p2a: Corviknight|100/100\n|-singleturn|p2a: Corviknight|move: Roost\n|move|p1a: Avalugg|Stone Edge|p2a: Corviknight\n|-resisted|p2a: Corviknight\n|-crit|p2a: Corviknight\n|-damage|p2a: Corviknight|67/100\n|\n|-heal|p2a: Corviknight|73/100|[from] item: Leftovers\n|upkeep\n|turn|8\n|inactive|Time left: 300 sec this turn | 300 sec total\n|\n|t:|1783554407\n|move|p2a: Corviknight|Roost|p2a: Corviknight\n|-heal|p2a: Corviknight|100/100\n|-singleturn|p2a: Corviknight|move: Roost\n|move|p1a: Avalugg|Stone Edge|p2a: Corviknight\n|-resisted|p2a: Corviknight\n|-damage|p2a: Corviknight|77/100\n|\n|-heal|p2a: Corviknight|83/100|[from] item: Leftovers\n|upkeep\n|turn|9\n|inactive|Time left: 300 sec this turn | 300 sec total\n|\n|t:|1783554409\n|move|p2a: Corviknight|Roost|p2a: Corviknight\n|-heal|p2a: Corviknight|100/100\n|-singleturn|p2a: Corviknight|move: Roost\n|move|p1a: Avalugg|Avalanche|p2a: Corviknight\n|-resisted|p2a: Corviknight\n|-damage|p2a: Corviknight|87/100\n|\n|-heal|p2a: Corviknight|93/100|[from] item: Leftovers\n|upkeep\n|turn|10\n|inactive|Time left: 300 sec this turn | 300 sec total\n|\n|t:|1783554410\n|move|p2a: Corviknight|Brave Bird|p1a: Avalugg\n|-resisted|p1a: Avalugg\n|-damage|p1a: Avalugg|193/317\n|-damage|p2a: Corviknight|89/100|[from] Recoil\n|move|p1a: Avalugg|Avalanche|p2a: Corviknight\n|-damage|p2a: Corviknight|36/100\n|\n|-heal|p2a: Corviknight|43/100|[from] item: Leftovers\n|upkeep\n|turn|11\n|inactive|Time left: 300 sec this turn | 300 sec total\n|\n|t:|1783554411\n|move|p2a: Corviknight|Roost|p2a: Corviknight\n|-heal|p2a: Corviknight|93/100\n|-singleturn|p2a: Corviknight|move: Roost\n|move|p1a: Avalugg|Recover|p1a: Avalugg\n|-heal|p1a: Avalugg|317/317\n|\n|-heal|p2a: Corviknight|99/100|[from] item: Leftovers\n|upkeep\n|turn|12\n|inactive|Time left: 300 sec this turn | 300 sec total\n|\n|t:|1783554412\n|switch|p2a: Oinkologne|Oinkologne, L92, M|100/100\n|move|p1a: Avalugg|Avalanche|p2a: Oinkologne\n|-damage|p2a: Oinkologne|87/100\n|\n|-heal|p2a: Oinkologne|93/100|[from] item: Leftovers\n|upkeep\n|turn|13\n|inactive|Time left: 300 sec this turn | 300 sec total\n|\n|t:|1783554413\n|move|p2a: Oinkologne|Curse|p2a: Oinkologne\n|-unboost|p2a: Oinkologne|spe|1\n|-boost|p2a: Oinkologne|atk|1\n|-boost|p2a: Oinkologne|def|1\n|move|p1a: Avalugg|Avalanche|p2a: Oinkologne\n|-damage|p2a: Oinkologne|84/100\n|\n|-heal|p2a: Oinkologne|90/100|[from] item: Leftovers\n|upkeep\n|turn|14\n|inactive|Time left: 300 sec this turn | 300 sec total\n|\n|t:|1783554414\n|move|p1a: Avalugg|Rapid Spin|p2a: Oinkologne\n|-damage|p2a: Oinkologne|79/100\n|-boost|p1a: Avalugg|spe|1\n|move|p2a: Oinkologne|High Horsepower|p1a: Avalugg\n|-supereffective|p1a: Avalugg\n|-damage|p1a: Avalugg|197/317\n|\n|-heal|p2a: Oinkologne|86/100|[from] item: Leftovers\n|upkeep\n|turn|15\n|inactive|Time left: 300 sec this turn | 300 sec total\n|\n|t:|1783554415\n|move|p1a: Avalugg|Recover|p1a: Avalugg\n|-heal|p1a: Avalugg|317/317\n|move|p2a: Oinkologne|High Horsepower|p1a: Avalugg\n|-supereffective|p1a: Avalugg\n|-damage|p1a: Avalugg|197/317\n|\n|-heal|p2a: Oinkologne|92/100|[from] item: Leftovers\n|upkeep\n|turn|16\n|inactive|Time left: 300 sec this turn | 300 sec total\n|\n|t:|1783554417\n|move|p1a: Avalugg|Recover|p1a: Avalugg\n|-heal|p1a: Avalugg|317/317\n|move|p2a: Oinkologne|High Horsepower|p1a: Avalugg\n|-supereffective|p1a: Avalugg\n|-damage|p1a: Avalugg|203/317\n|\n|-heal|p2a: Oinkologne|98/100|[from] item: Leftovers\n|upkeep\n|turn|17\n|inactive|Time left: 300 sec this turn | 300 sec total\n|\n|t:|1783554418\n|move|p1a: Avalugg|Recover|p1a: Avalugg\n|-heal|p1a: Avalugg|317/317\n|move|p2a: Oinkologne|High Horsepower|p1a: Avalugg\n|-supereffective|p1a: Avalugg\n|-damage|p1a: Avalugg|183/317\n|\n|-heal|p2a: Oinkologne|100/100|[from] item: Leftovers\n|upkeep\n|turn|18\n|inactive|Time left: 300 sec this turn | 300 sec total\n|\n|t:|1783554419\n|move|p1a: Avalugg|Recover|p1a: Avalugg\n|-heal|p1a: Avalugg|317/317\n|move|p2a: Oinkologne|High Horsepower|p1a: Avalugg\n|-supereffective|p1a: Avalugg\n|-damage|p1a: Avalugg|199/317\n|\n|upkeep\n|turn|19\n|inactive|Time left: 300 sec this turn | 300 sec total\n|\n|t:|1783554420\n|move|p1a: Avalugg|Recover|p1a: Avalugg\n|-heal|p1a: Avalugg|317/317\n|move|p2a: Oinkologne|High Horsepower|p1a: Avalugg\n|-supereffective|p1a: Avalugg\n|-damage|p1a: Avalugg|185/317\n|\n|upkeep\n|turn|20\n|inactive|Time left: 300 sec this turn | 300 sec total\n|\n|t:|1783554421\n|move|p1a: Avalugg|Recover|p1a: Avalugg\n|-heal|p1a: Avalugg|317/317\n|move|p2a: Oinkologne|High Horsepower|p1a: Avalugg\n|-supereffective|p1a: Avalugg\n|-damage|p1a: Avalugg|185/317\n|\n|upkeep\n|turn|21\n|inactive|Time left: 300 sec this turn | 300 sec total\n|\n|t:|1783554422\n|move|p1a: Avalugg|Recover|p1a: Avalugg\n|-heal|p1a: Avalugg|317/317\n|move|p2a: Oinkologne|High Horsepower|p1a: Avalugg\n|-supereffective|p1a: Avalugg\n|-damage|p1a: Avalugg|187/317\n|\n|upkeep\n|turn|22\n|inactive|Time left: 300 sec this turn | 300 sec total\n|\n|t:|1783554423\n|move|p2a: Oinkologne|High Horsepower|p1a: Avalugg\n|-supereffective|p1a: Avalugg\n|-damage|p1a: Avalugg|59/317\n|move|p1a: Avalugg|Avalanche|p2a: Oinkologne\n|-damage|p2a: Oinkologne|83/100\n|\n|-heal|p2a: Oinkologne|89/100|[from] item: Leftovers\n|upkeep\n|turn|23\n|inactive|Time left: 300 sec this turn | 300 sec total\n|\n|t:|1783554424\n|move|p2a: Oinkologne|High Horsepower|p1a: Avalugg\n|-supereffective|p1a: Avalugg\n|-crit|p1a: Avalugg\n|-damage|p1a: Avalugg|0 fnt\n|faint|p1a: Avalugg\n|\n|-heal|p2a: Oinkologne|96/100|[from] item: Leftovers\n|upkeep\n|inactive|Time left: 300 sec this turn | 300 sec total | 5 sec grace\n|\n|t:|1783554425\n|switch|p1a: Medicham|Medicham, L86, M|243/243\n|turn|24\n|inactive|Time left: 300 sec this turn | 300 sec total\n|\n|t:|1783554427\n|move|p1a: Medicham|Close Combat|p2a: Oinkologne\n|-supereffective|p2a: Oinkologne\n|-damage|p2a: Oinkologne|0 fnt\n|-unboost|p1a: Medicham|def|1\n|-unboost|p1a: Medicham|spd|1\n|faint|p2a: Oinkologne\n|\n|upkeep\n|\n|t:|1783554428\n|switch|p2a: Koraidon|Koraidon, L64|100/100\n|-weather|SunnyDay|[from] ability: Orichalcum Pulse|[of] p2a: Koraidon\n|-activate|p2a: Koraidon|Orichalcum Pulse|[source]\n|turn|25\n|inactive|Time left: 300 sec this turn | 300 sec total\n|\n|t:|1783554429\n|switch|p2a: Dragonite|Dragonite, L74, F|100/100\n|move|p1a: Medicham|Close Combat|p2a: Dragonite\n|-resisted|p2a: Dragonite\n|-damage|p2a: Dragonite|74/100\n|-unboost|p1a: Medicham|def|1\n|-unboost|p1a: Medicham|spd|1\n|\n|-weather|SunnyDay|[upkeep]\n|upkeep\n|turn|26\n|inactive|Time left: 300 sec this turn | 300 sec total\n|\n|t:|1783554430\n|-terastallize|p1a: Medicham|Fighting\n|move|p1a: Medicham|Close Combat|p2a: Dragonite\n|-resisted|p2a: Dragonite\n|-damage|p2a: Dragonite|0 fnt\n|-unboost|p1a: Medicham|def|1\n|-unboost|p1a: Medicham|spd|1\n|faint|p2a: Dragonite\n|\n|-weather|SunnyDay|[upkeep]\n|upkeep\n|\n|t:|1783554431\n|switch|p2a: Corviknight|Corviknight, L80, M|99/100\n|-ability|p2a: Corviknight|Pressure\n|turn|27\n|inactive|Time left: 300 sec this turn | 300 sec total\n|\n|t:|1783554432\n|move|p1a: Medicham|Close Combat|p2a: Corviknight\n|-damage|p2a: Corviknight|0 fnt\n|-unboost|p1a: Medicham|def|1\n|-unboost|p1a: Medicham|spd|1\n|faint|p2a: Corviknight\n|\n|-weather|SunnyDay|[upkeep]\n|upkeep\n|\n|t:|1783554433\n|switch|p2a: Koraidon|Koraidon, L64|100/100\n|-activate|p2a: Koraidon|ability: Orichalcum Pulse\n|turn|28\n|inactive|Time left: 300 sec this turn | 300 sec total\n|\n|t:|1783554434\n|switch|p1a: Raikou|Raikou, L81|35/278\n|-ability|p1a: Raikou|Pressure\n|move|p2a: Koraidon|Close Combat|p1a: Raikou\n|-damage|p1a: Raikou|0 fnt\n|-unboost|p2a: Koraidon|def|1\n|-unboost|p2a: Koraidon|spd|1\n|faint|p1a: Raikou\n|\n|-weather|SunnyDay|[upkeep]\n|upkeep\n|inactive|Time left: 300 sec this turn | 300 sec total | 5 sec grace\n|\n|t:|1783554435\n|switch|p1a: Medicham|Medicham, L86, M, tera:Fighting|243/243\n|turn|29\n|inactive|Time left: 300 sec this turn | 300 sec total\n|\n|t:|1783554436\n|switch|p2a: Necrozma|Necrozma-Dusk-Mane, L69|15/100\n|move|p1a: Medicham|Ice Punch|p2a: Necrozma\n|-resisted|p2a: Necrozma\n|-damage|p2a: Necrozma|0 fnt\n|faint|p2a: Necrozma\n|\n|-weather|none\n|upkeep\n|\n|t:|1783554437\n|switch|p2a: Koraidon|Koraidon, L64|100/100\n|-weather|SunnyDay|[from] ability: Orichalcum Pulse|[of] p2a: Koraidon\n|-activate|p2a: Koraidon|Orichalcum Pulse|[source]\n|turn|30\n|inactive|Time left: 300 sec this turn | 300 sec total\n|\n|t:|1783554438\n|switch|p1a: Regigigas|Regigigas, L84|322/322\n|-start|p1a: Regigigas|ability: Slow Start\n|-terastallize|p2a: Koraidon|Fire\n|move|p2a: Koraidon|Outrage|p1a: Regigigas\n|-damage|p1a: Regigigas|165/322\n|\n|-weather|SunnyDay|[upkeep]\n|-heal|p1a: Regigigas|185/322|[from] item: Leftovers\n|upkeep\n|turn|31\n|inactive|Time left: 300 sec this turn | 300 sec total\n|\n|t:|1783554439\n|move|p2a: Koraidon|Outrage|p1a: Regigigas|[from] lockedmove\n|-damage|p1a: Regigigas|20/322\n|-start|p2a: Koraidon|confusion|[fatigue]\n|move|p1a: Regigigas|Rest|p1a: Regigigas\n|-status|p1a: Regigigas|slp|[from] move: Rest\n|-heal|p1a: Regigigas|322/322 slp|[silent]\n|\n|-weather|SunnyDay|[upkeep]\n|upkeep\n|turn|32\n|inactive|Time left: 300 sec this turn | 300 sec total\n|\n|t:|1783554440\n|switch|p1a: Medicham|Medicham, L86, M, tera:Fighting|243/243\n|-activate|p2a: Koraidon|confusion\n|-damage|p2a: Koraidon|91/100|[from] confusion\n|\n|-weather|SunnyDay|[upkeep]\n|upkeep\n|turn|33\n|inactive|Time left: 300 sec this turn | 300 sec total\n|\n|t:|1783554440\n|-activate|p2a: Koraidon|confusion\n|move|p2a: Koraidon|Outrage|p1a: Medicham\n|-damage|p1a: Medicham|44/243\n|move|p1a: Medicham|Close Combat|p2a: Koraidon\n|-damage|p2a: Koraidon|0 fnt\n|-unboost|p1a: Medicham|def|1\n|-unboost|p1a: Medicham|spd|1\n|faint|p2a: Koraidon\n|\n|-weather|SunnyDay|[upkeep]\n|upkeep\n|\n|t:|1783554441\n|switch|p2a: Cacturne|Cacturne, L92, F|70/100\n|turn|34\n|inactive|Time left: 300 sec this turn | 300 sec total\n|\n|t:|1783554442\n|move|p2a: Cacturne|Sucker Punch|p1a: Medicham\n|-resisted|p1a: Medicham\n|-crit|p1a: Medicham\n|-damage|p1a: Medicham|0 fnt\n|faint|p1a: Medicham\n|-damage|p2a: Cacturne|61/100|[from] item: Life Orb\n|\n|-weather|none\n|upkeep\n|inactive|Time left: 300 sec this turn | 300 sec total | 5 sec grace\n|\n|t:|1783554443\n|switch|p1a: Golduck|Golduck, L90, F|290/290\n|-ability|p1a: Golduck|Cloud Nine\n|turn|35\n|inactive|Time left: 300 sec this turn | 300 sec total\n|\n|t:|1783554443\n|move|p1a: Golduck|Ice Beam|p2a: Cacturne\n|-supereffective|p2a: Cacturne\n|-damage|p2a: Cacturne|0 fnt\n|faint|p2a: Cacturne\n|\n|win|p0x13164c77", "uploadtime": 1783554443, "views": 0, "rating": 0, "private": 0, "password": null, "_winner": "p0x13164c77", "_our_name": "p0x13164c77"}