{"id": "battle-gen9randombattle-2412", "formatid": "gen9randombattle", "format": "[Gen 9] Random Battle", "players": ["p0x2412398d", "p0y2412c4db"], "log": "|init|battle\n|title|p0x2412398d vs. p0y2412c4db\n|j|\u2606p0x2412398d\n|j|\u2606p0y2412c4db\n|t:|1783568005\n|gametype|singles\n|player|p1|p0x2412398d|170|\n|player|p2|p0y2412c4db|1|\n|gen|9\n|tier|[Gen 9] Random Battle\n|rule|Species Clause: Limit one of each Pok\u00e9mon\n|rule|HP Percentage Mod: HP is shown in percentages\n|rule|Sleep Clause Mod: Limit one foe put to sleep\n|rule|Illusion Level Mod: Illusion disguises the Pok\u00e9mon's true level\n|\n|t:|1783568005\n|teamsize|p1|6\n|teamsize|p2|6\n|start\n|switch|p1a: Cyclizar|Cyclizar, L84, M|255/255\n|switch|p2a: Gardevoir|Gardevoir, L83, F|100/100\n|-ability|p2a: Gardevoir|Regenerator|Trace|[from] ability: Trace|[of] p1a: Cyclizar\n|turn|1\n|inactive|Battle timer is ON: inactive players will automatically lose when time's up. (requested by p0x2412398d)\n|\n|t:|1783568006\n|move|p1a: Cyclizar|Shed Tail|p1a: Cyclizar\n|-start|p1a: Cyclizar|Substitute|[from] move: Shed Tail\n|-damage|p1a: Cyclizar|127/255\n|inactive|Time left: 300 sec this turn | 300 sec total | 65 sec grace\n|inactive|p0y2412c4db also wants the timer to be on.\n|\n|t:|1783568007\n|switch|p1a: Dugtrio|Dugtrio-Alola, L84, M|196/196|[from] Shed Tail\n|move|p2a: Gardevoir|Moonblast|p1a: Dugtrio\n|-resisted|p1a: Dugtrio\n|-end|p1a: Dugtrio|Substitute\n|\n|upkeep\n|turn|2\n|inactive|Time left: 300 sec this turn | 300 sec total\n|\n|t:|1783568008\n|switch|p2a: Vaporeon|Vaporeon, L86, F|100/100\n|move|p1a: Dugtrio|Iron Head|p2a: Vaporeon\n|-resisted|p2a: Vaporeon\n|-damage|p2a: Vaporeon|82/100\n|-damage|p1a: Dugtrio|177/196|[from] item: Life Orb\n|\n|-heal|p2a: Vaporeon|88/100|[from] item: Leftovers\n|upkeep\n|turn|3\n|inactive|Time left: 300 sec this turn | 300 sec total\n|\n|t:|1783568009\n|switch|p1a: Serperior|Serperior, L79, M|248/248\n|move|p2a: Vaporeon|Scald|p1a: Serperior\n|-resisted|p1a: Serperior\n|-damage|p1a: Serperior|202/248\n|\n|-heal|p2a: Vaporeon|94/100|[from] item: Leftovers\n|upkeep\n|turn|4\n|inactive|Time left: 300 sec this turn | 300 sec total\n|\n|t:|1783568010\n|move|p1a: Serperior|Leaf Storm|p2a: Vaporeon|[miss]\n|-miss|p1a: Serperior|p2a: Vaporeon\n|move|p2a: Vaporeon|Calm Mind|p2a: Vaporeon\n|-boost|p2a: Vaporeon|spa|1\n|-boost|p2a: Vaporeon|spd|1\n|\n|-heal|p2a: Vaporeon|99/100|[from] item: Leftovers\n|upkeep\n|turn|5\n|inactive|Time left: 300 sec this turn | 300 sec total\n|\n|t:|1783568011\n|move|p2a: Vaporeon|Protect|p2a: Vaporeon\n|-singleturn|p2a: Vaporeon|Protect\n|move|p1a: Serperior|Leaf Storm|p2a: Vaporeon\n|-activate|p2a: Vaporeon|move: Protect\n|\n|-heal|p2a: Vaporeon|100/100|[from] item: Leftovers\n|upkeep\n|turn|6\n|inactive|Time left: 300 sec this turn | 300 sec total\n|\n|t:|1783568012\n|move|p1a: Serperior|Leaf Storm|p2a: Vaporeon\n|-supereffective|p2a: Vaporeon\n|-damage|p2a: Vaporeon|57/100\n|-boost|p1a: Serperior|spa|2\n|-damage|p1a: Serperior|178/248|[from] item: Life Orb\n|move|p2a: Vaporeon|Calm Mind|p2a: Vaporeon\n|-boost|p2a: Vaporeon|spa|1\n|-boost|p2a: Vaporeon|spd|1\n|\n|-heal|p2a: Vaporeon|63/100|[from] item: Leftovers\n|upkeep\n|turn|7\n|inactive|Time left: 300 sec this turn | 300 sec total\n|\n|t:|1783568013\n|move|p2a: Vaporeon|Protect|p2a: Vaporeon\n|-singleturn|p2a: Vaporeon|Protect\n|move|p1a: Serperior|Leaf Storm|p2a: Vaporeon\n|-activate|p2a: Vaporeon|move: Protect\n|\n|-heal|p2a: Vaporeon|69/100|[from] item: Leftovers\n|upkeep\n|turn|8\n|inactive|Time left: 300 sec this turn | 300 sec total\n|\n|t:|1783568014\n|move|p1a: Serperior|Leaf Storm|p2a: Vaporeon\n|-supereffective|p2a: Vaporeon\n|-damage|p2a: Vaporeon|0 fnt\n|-boost|p1a: Serperior|spa|2\n|faint|p2a: Vaporeon\n|-damage|p1a: Serperior|154/248|[from] item: Life Orb\n|\n|upkeep\n|\n|t:|1783568015\n|switch|p2a: Cinccino|Cinccino, L83, F|100/100\n|turn|9\n|inactive|Time left: 300 sec this turn | 300 sec total\n|\n|t:|1783568016\n|move|p2a: Cinccino|Tail Slap|p1a: Serperior\n|-damage|p1a: Serperior|115/248\n|-damage|p1a: Serperior|75/248\n|-damage|p1a: Serperior|38/248\n|-damage|p1a: Serperior|0 fnt\n|faint|p1a: Serperior\n|-hitcount|p1: Serperior|4\n|\n|upkeep\n|inactive|Time left: 300 sec this turn | 300 sec total | 5 sec grace\n|\n|t:|1783568017\n|switch|p1a: Passimian|Passimian, L83, M|302/302\n|turn|10\n|inactive|Time left: 300 sec this turn | 300 sec total\n|\n|t:|1783568018\n|switch|p2a: Gardevoir|Gardevoir, L83, F|100/100\n|-ability|p2a: Gardevoir|Defiant|Trace|[from] ability: Trace|[of] p1a: Passimian\n|move|p1a: Passimian|Close Combat|p2a: Gardevoir\n|-resisted|p2a: Gardevoir\n|-damage|p2a: Gardevoir|73/100\n|-unboost|p1a: Passimian|def|1\n|-unboost|p1a: Passimian|spd|1\n|\n|upkeep\n|turn|11\n|inactive|Time left: 300 sec this turn | 300 sec total\n|\n|t:|1783568020\n|switch|p1a: Pyroar|Pyroar, L88, F|295/295\n|-ability|p1a: Pyroar|Unnerve\n|move|p2a: Gardevoir|Moonblast|p1a: Pyroar\n|-resisted|p1a: Pyroar\n|-damage|p1a: Pyroar|181/295\n|\n|upkeep\n|turn|12\n|inactive|Time left: 300 sec this turn | 300 sec total\n|\n|t:|1783568021\n|move|p1a: Pyroar|Hyper Voice|p2a: Gardevoir\n|-damage|p2a: Gardevoir|31/100\n|move|p2a: Gardevoir|Moonblast|p1a: Pyroar\n|-resisted|p1a: Pyroar\n|-damage|p1a: Pyroar|71/295\n|\n|upkeep\n|turn|13\n|inactive|Time left: 300 sec this turn | 300 sec total\n|\n|t:|1783568022\n|move|p1a: Pyroar|Fire Blast|p2a: Gardevoir\n|-damage|p2a: Gardevoir|0 fnt\n|faint|p2a: Gardevoir\n|\n|upkeep\n|\n|t:|1783568023\n|switch|p2a: Cinccino|Cinccino, L83, F|100/100\n|turn|14\n|inactive|Time left: 300 sec this turn | 300 sec total\n|\n|t:|1783568024\n|move|p2a: Cinccino|Tail Slap|p1a: Pyroar\n|-damage|p1a: Pyroar|32/295\n|-damage|p1a: Pyroar|0 fnt\n|faint|p1a: Pyroar\n|-hitcount|p1: Pyroar|2\n|\n|upkeep\n|inactive|Time left: 300 sec this turn | 300 sec total | 5 sec grace\n|\n|t:|1783568025\n|switch|p1a: Passimian|Passimian, L83, M|302/302\n|turn|15\n|inactive|Time left: 300 sec this turn | 300 sec total\n|\n|t:|1783568026\n|switch|p2a: Mewtwo|Mewtwo, L72|100/100\n|-ability|p2a: Mewtwo|Unnerve\n|move|p1a: Passimian|Close Combat|p2a: Mewtwo\n|-resisted|p2a: Mewtwo\n|-damage|p2a: Mewtwo|55/100\n|-unboost|p1a: Passimian|def|1\n|-unboost|p1a: Passimian|spd|1\n|\n|upkeep\n|turn|16\n|inactive|Time left: 300 sec this turn | 300 sec total\n|\n|t:|1783568028\n|switch|p1a: Rayquaza|Rayquaza, L72|270/270\n|-ability|p1a: Rayquaza|Air Lock\n|move|p2a: Mewtwo|Psystrike|p1a: Rayquaza\n|-damage|p1a: Rayquaza|117/270\n|-damage|p2a: Mewtwo|45/100|[from] item: Life Orb\n|\n|upkeep\n|turn|17\n|inactive|Time left: 300 sec this turn | 300 sec total\n|\n|t:|1783568029\n|switch|p1a: Dugtrio|Dugtrio-Alola, L84, M|177/196\n|move|p2a: Mewtwo|Psystrike|p1a: Dugtrio\n|-resisted|p1a: Dugtrio\n|-damage|p1a: Dugtrio|89/196\n|-damage|p2a: Mewtwo|35/100|[from] item: Life Orb\n|\n|upkeep\n|turn|18\n|inactive|Time left: 300 sec this turn | 300 sec total\n|\n|t:|1783568030\n|move|p1a: Dugtrio|Earthquake|p2a: Mewtwo\n|-damage|p2a: Mewtwo|0 fnt\n|faint|p2a: Mewtwo\n|-damage|p1a: Dugtrio|70/196|[from] item: Life Orb\n|\n|upkeep\n|\n|t:|1783568031\n|switch|p2a: Cinccino|Cinccino, L83, F|100/100\n|turn|19\n|inactive|Time left: 300 sec this turn | 300 sec total\n|\n|t:|1783568032\n|switch|p1a: Passimian|Passimian, L83, M|302/302\n|move|p2a: Cinccino|Bullet Seed|p1a: Passimian\n|-damage|p1a: Passimian|278/302\n|-damage|p1a: Passimian|254/302\n|-damage|p1a: Passimian|230/302\n|-damage|p1a: Passimian|204/302\n|-hitcount|p1a: Passimian|4\n|\n|upkeep\n|turn|20\n|inactive|Time left: 300 sec this turn | 300 sec total\n|\n|t:|1783568033\n|move|p2a: Cinccino|Tail Slap|p1a: Passimian\n|-damage|p1a: Passimian|168/302\n|-damage|p1a: Passimian|129/302\n|-damage|p1a: Passimian|93/302\n|-damage|p1a: Passimian|57/302\n|-hitcount|p1a: Passimian|4\n|move|p1a: Passimian|Close Combat|p2a: Cinccino\n|-supereffective|p2a: Cinccino\n|-damage|p2a: Cinccino|0 fnt\n|-unboost|p1a: Passimian|def|1\n|-unboost|p1a: Passimian|spd|1\n|faint|p2a: Cinccino\n|\n|upkeep\n|\n|t:|1783568033\n|switch|p2a: Palafin|Palafin, L77, F|100/100\n|turn|21\n|inactive|Time left: 300 sec this turn | 300 sec total\n|\n|t:|1783568034\n|switch|p1a: Cyclizar|Cyclizar, L84, M|212/255\n|move|p2a: Palafin|Wave Crash|p1a: Cyclizar\n|-resisted|p1a: Cyclizar\n|-damage|p1a: Cyclizar|132/255\n|-damage|p2a: Palafin|91/100|[from] Recoil\n|\n|upkeep\n|turn|22\n|inactive|Time left: 300 sec this turn | 300 sec total\n|\n|t:|1783568035\n|move|p1a: Cyclizar|Draco Meteor|p2a: Palafin\n|-damage|p2a: Palafin|34/100\n|-unboost|p1a: Cyclizar|spa|2\n|move|p2a: Palafin|Wave Crash|p1a: Cyclizar\n|-resisted|p1a: Cyclizar\n|-damage|p1a: Cyclizar|59/255\n|-damage|p2a: Palafin|25/100|[from] Recoil\n|\n|upkeep\n|turn|23\n|inactive|Time left: 300 sec this turn | 300 sec total\n|\n|t:|1783568036\n|move|p1a: Cyclizar|Rapid Spin|p2a: Palafin\n|-damage|p2a: Palafin|1/100\n|-boost|p1a: Cyclizar|spe|1\n|move|p2a: Palafin|Wave Crash|p1a: Cyclizar\n|-resisted|p1a: Cyclizar\n|-damage|p1a: Cyclizar|0 fnt\n|faint|p1a: Cyclizar\n|-damage|p2a: Palafin|0 fnt|[from] Recoil\n|faint|p2a: Palafin\n|\n|upkeep\n|inactive|Time left: 300 sec this turn | 300 sec total | 5 sec grace\n|\n|t:|1783568037\n|switch|p1a: Dugtrio|Dugtrio-Alola, L84, M|70/196\n|switch|p2a: Infernape|Infernape, L82, F|100/100\n|turn|24\n|inactive|Time left: 300 sec this turn | 300 sec total\n|\n|t:|1783568038\n|-terastallize|p1a: Dugtrio|Ground\n|-terastallize|p2a: Infernape|Fighting\n|move|p1a: Dugtrio|Earthquake|p2a: Infernape\n|-damage|p2a: Infernape|11/100\n|-damage|p1a: Dugtrio|51/196|[from] item: Life Orb\n|move|p2a: Infernape|Overheat|p1a: Dugtrio\n|-damage|p1a: Dugtrio|0 fnt\n|-unboost|p2a: Infernape|spa|2\n|faint|p1a: Dugtrio\n|-damage|p2a: Infernape|2/100|[from] item: Life Orb\n|\n|upkeep\n|inactive|Time left: 300 sec this turn | 300 sec total | 5 sec grace\n|\n|t:|1783568039\n|switch|p1a: Rayquaza|Rayquaza, L72|117/270\n|-ability|p1a: Rayquaza|Air Lock\n|turn|25\n|inactive|Time left: 300 sec this turn | 300 sec total\n|\n|t:|1783568040\n|switch|p1a: Passimian|Passimian, L83, M|57/302\n|move|p2a: Infernape|Stone Edge|p1a: Passimian|[miss]\n|-miss|p2a: Infernape|p1a: Passimian\n|\n|upkeep\n|turn|26\n|inactive|Time left: 300 sec this turn | 300 sec total\n|\n|t:|1783568041\n|move|p2a: Infernape|Close Combat|p1a: Passimian\n|-damage|p1a: Passimian|0 fnt\n|-unboost|p2a: Infernape|def|1\n|-unboost|p2a: Infernape|spd|1\n|faint|p1a: Passimian\n|-damage|p2a: Infernape|0 fnt|[from] item: Life Orb\n|faint|p2a: Infernape\n|\n|win|p0x2412398d", "uploadtime": 1783568041, "views": 0, "rating": 0, "private": 0, "password": null, "_winner": "p0x2412398d", "_our_name": "p0x2412398d"}