{"id": "battle-gen9randombattle-2590", "formatid": "gen9randombattle", "format": "[Gen 9] Random Battle", "players": ["p0x25905cf7", "p0y2590a2e9"], "log": "|init|battle\n|title|p0x25905cf7 vs. p0y2590a2e9\n|j|\u2606p0x25905cf7\n|j|\u2606p0y2590a2e9\n|t:|1783569916\n|gametype|singles\n|player|p1|p0x25905cf7|1|\n|player|p2|p0y2590a2e9|2|\n|gen|9\n|tier|[Gen 9] Random Battle\n|rule|Species Clause: Limit one of each Pok\u00e9mon\n|rule|HP Percentage Mod: HP is shown in percentages\n|rule|Sleep Clause Mod: Limit one foe put to sleep\n|rule|Illusion Level Mod: Illusion disguises the Pok\u00e9mon's true level\n|\n|t:|1783569916\n|teamsize|p1|6\n|teamsize|p2|6\n|start\n|switch|p1a: Squawkabilly|Squawkabilly-Yellow, L89, F|291/291\n|switch|p2a: Electivire|Electivire, L84, M|100/100\n|turn|1\n|inactive|Battle timer is ON: inactive players will automatically lose when time's up. (requested by p0y2590a2e9)\n|inactive|Time left: 300 sec this turn | 300 sec total | 60 sec grace\n|inactive|p0x25905cf7 also wants the timer to be on.\n|\n|t:|1783569918\n|move|p1a: Squawkabilly|Double-Edge|p2a: Electivire\n|-damage|p2a: Electivire|4/100\n|-damage|p1a: Squawkabilly|207/291|[from] Recoil\n|move|p2a: Electivire|Supercell Slam|p1a: Squawkabilly\n|-supereffective|p1a: Squawkabilly\n|-damage|p1a: Squawkabilly|0 fnt\n|faint|p1a: Squawkabilly\n|-damage|p2a: Electivire|0 fnt|[from] item: Life Orb\n|faint|p2a: Electivire\n|\n|upkeep\n|inactive|Time left: 300 sec this turn | 300 sec total | 65 sec grace\n|\n|t:|1783569919\n|switch|p1a: Magearna|Magearna-Original, L77|250/250\n|switch|p2a: Kommo-o|Kommo-o, L77, M|100/100\n|turn|2\n|inactive|Time left: 300 sec this turn | 300 sec total\n|\n|t:|1783569921\n|move|p2a: Kommo-o|Clangorous Soul|p2a: Kommo-o\n|-boost|p2a: Kommo-o|atk|1\n|-boost|p2a: Kommo-o|def|1\n|-boost|p2a: Kommo-o|spa|1\n|-boost|p2a: Kommo-o|spd|1\n|-boost|p2a: Kommo-o|spe|1\n|-damage|p2a: Kommo-o|68/100\n|-enditem|p2a: Kommo-o|Throat Spray\n|-boost|p2a: Kommo-o|spa|1|[from] item: Throat Spray\n|move|p1a: Magearna|Shift Gear|p1a: Magearna\n|-boost|p1a: Magearna|spe|2\n|-boost|p1a: Magearna|atk|1\n|\n|upkeep\n|turn|3\n|inactive|Time left: 300 sec this turn | 300 sec total\n|\n|t:|1783569922\n|-terastallize|p2a: Kommo-o|Steel\n|move|p1a: Magearna|Fleur Cannon|p2a: Kommo-o\n|-resisted|p2a: Kommo-o\n|-damage|p2a: Kommo-o|49/100\n|-unboost|p1a: Magearna|spa|2\n|move|p2a: Kommo-o|Drain Punch|p1a: Magearna\n|-damage|p1a: Magearna|150/250\n|-heal|p2a: Kommo-o|70/100|[from] drain|[of] p1a: Magearna\n|\n|-heal|p1a: Magearna|165/250|[from] item: Leftovers\n|upkeep\n|turn|4\n|inactive|Time left: 300 sec this turn | 300 sec total\n|\n|t:|1783569923\n|switch|p1a: Ampharos|Ampharos, L88, F|302/302\n|move|p2a: Kommo-o|Drain Punch|p1a: Ampharos\n|-damage|p1a: Ampharos|199/302\n|-heal|p2a: Kommo-o|91/100|[from] drain|[of] p1a: Ampharos\n|\n|upkeep\n|turn|5\n|inactive|Time left: 300 sec this turn | 300 sec total\n|\n|t:|1783569924\n|move|p2a: Kommo-o|Clangorous Soul|p2a: Kommo-o\n|-boost|p2a: Kommo-o|atk|1\n|-boost|p2a: Kommo-o|def|1\n|-boost|p2a: Kommo-o|spa|1\n|-boost|p2a: Kommo-o|spd|1\n|-boost|p2a: Kommo-o|spe|1\n|-damage|p2a: Kommo-o|58/100\n|move|p1a: Ampharos|Dragon Tail|p2a: Kommo-o\n|-resisted|p2a: Kommo-o\n|-damage|p2a: Kommo-o|55/100\n|drag|p2a: Shiftry|Shiftry, L89, M|100/100\n|\n|upkeep\n|turn|6\n|inactive|Time left: 300 sec this turn | 300 sec total\n|\n|t:|1783569925\n|move|p2a: Shiftry|Swords Dance|p2a: Shiftry\n|-boost|p2a: Shiftry|atk|2\n|move|p1a: Ampharos|Dazzling Gleam|p2a: Shiftry\n|-supereffective|p2a: Shiftry\n|-damage|p2a: Shiftry|40/100\n|\n|upkeep\n|turn|7\n|inactive|Time left: 300 sec this turn | 300 sec total\n|\n|t:|1783569926\n|move|p2a: Shiftry|Leaf Blade|p1a: Ampharos\n|-damage|p1a: Ampharos|0 fnt\n|faint|p1a: Ampharos\n|-damage|p2a: Shiftry|30/100|[from] item: Life Orb\n|\n|upkeep\n|inactive|Time left: 300 sec this turn | 300 sec total | 5 sec grace\n|\n|t:|1783569927\n|switch|p1a: Slither Wing|Slither Wing, L81|270/270\n|-enditem|p1a: Slither Wing|Booster Energy\n|-activate|p1a: Slither Wing|ability: Protosynthesis|[fromitem]\n|-start|p1a: Slither Wing|protosynthesisatk\n|turn|8\n|inactive|Time left: 300 sec this turn | 300 sec total\n|\n|t:|1783569928\n|move|p2a: Shiftry|Leaf Blade|p1a: Slither Wing\n|-resisted|p1a: Slither Wing\n|-damage|p1a: Slither Wing|126/270\n|-damage|p2a: Shiftry|20/100|[from] item: Life Orb\n|move|p1a: Slither Wing|Flame Charge|p2a: Shiftry\n|-supereffective|p2a: Shiftry\n|-damage|p2a: Shiftry|0 fnt\n|-boost|p1a: Slither Wing|spe|1\n|faint|p2a: Shiftry\n|\n|upkeep\n|\n|t:|1783569929\n|switch|p2a: Dachsbun|Dachsbun, L92, M|100/100\n|turn|9\n|inactive|Time left: 300 sec this turn | 300 sec total\n|\n|t:|1783569930\n|-end|p1a: Slither Wing|Protosynthesis|[silent]\n|switch|p1a: Magearna|Magearna-Original, L77|165/250\n|move|p2a: Dachsbun|Play Rough|p1a: Magearna\n|-resisted|p1a: Magearna\n|-damage|p1a: Magearna|125/250\n|\n|-heal|p1a: Magearna|140/250|[from] item: Leftovers\n|upkeep\n|turn|10\n|inactive|Time left: 300 sec this turn | 300 sec total\n|\n|t:|1783569931\n|switch|p2a: Drednaw|Drednaw, L81, M|100/100\n|move|p1a: Magearna|Shift Gear|p1a: Magearna\n|-boost|p1a: Magearna|spe|2\n|-boost|p1a: Magearna|atk|1\n|\n|-heal|p1a: Magearna|155/250|[from] item: Leftovers\n|upkeep\n|turn|11\n|inactive|Time left: 300 sec this turn | 300 sec total\n|\n|t:|1783569932\n|move|p1a: Magearna|Flash Cannon|p2a: Drednaw\n|-damage|p2a: Drednaw|58/100\n|move|p2a: Drednaw|Shell Smash|p2a: Drednaw\n|-unboost|p2a: Drednaw|def|1\n|-unboost|p2a: Drednaw|spd|1\n|-boost|p2a: Drednaw|atk|2\n|-boost|p2a: Drednaw|spa|2\n|-boost|p2a: Drednaw|spe|2\n|-enditem|p2a: Drednaw|White Herb\n|-clearnegativeboost|p2a: Drednaw|[silent]\n|\n|-heal|p1a: Magearna|170/250|[from] item: Leftovers\n|upkeep\n|turn|12\n|inactive|Time left: 300 sec this turn | 300 sec total\n|\n|t:|1783569932\n|move|p2a: Drednaw|Liquidation|p1a: Magearna\n|-damage|p1a: Magearna|0 fnt\n|faint|p1a: Magearna\n|\n|upkeep\n|inactive|Time left: 300 sec this turn | 300 sec total | 5 sec grace\n|\n|t:|1783569933\n|switch|p1a: Blissey|Blissey, L85, F|572/572\n|turn|13\n|inactive|Time left: 300 sec this turn | 300 sec total\n|\n|t:|1783569934\n|move|p2a: Drednaw|Liquidation|p1a: Blissey\n|-damage|p1a: Blissey|0 fnt\n|faint|p1a: Blissey\n|\n|upkeep\n|inactive|Time left: 300 sec this turn | 300 sec total | 5 sec grace\n|\n|t:|1783569935\n|switch|p1a: Slither Wing|Slither Wing, L81|126/270\n|turn|14\n|inactive|Time left: 300 sec this turn | 300 sec total\n|\n|t:|1783569936\n|-terastallize|p1a: Slither Wing|Electric\n|move|p2a: Drednaw|Liquidation|p1a: Slither Wing\n|-damage|p1a: Slither Wing|0 fnt\n|faint|p1a: Slither Wing\n|-end|p1a: Slither Wing|Protosynthesis|[silent]\n|\n|upkeep\n|inactive|Time left: 300 sec this turn | 300 sec total | 5 sec grace\n|\n|t:|1783569937\n|switch|p1a: Glimmora|Glimmora, L75, F|248/248\n|-item|p1a: Glimmora|Air Balloon\n|turn|15\n|inactive|Time left: 300 sec this turn | 300 sec total\n|\n|t:|1783569937\n|move|p2a: Drednaw|Liquidation|p1a: Glimmora\n|-supereffective|p1a: Glimmora\n|-damage|p1a: Glimmora|0 fnt\n|-activate|p1a: Glimmora|ability: Toxic Debris\n|-sidestart|p2: p0y2590a2e9|move: Toxic Spikes\n|-enditem|p1a: Glimmora|Air Balloon\n|faint|p1a: Glimmora\n|\n|win|p0y2590a2e9", "uploadtime": 1783569937, "views": 0, "rating": 0, "private": 0, "password": null, "_winner": "p0y2590a2e9", "_our_name": "p0x25905cf7"}