{"id": "battle-gen9randombattle-761", "formatid": "gen9randombattle", "format": "[Gen 9] Random Battle", "players": ["p0x7612d8c", "p0y76198fc"], "log": "|init|battle\n|title|p0x7612d8c vs. p0y76198fc\n|j|\u2606p0x7612d8c\n|j|\u2606p0y76198fc\n|t:|1783547955\n|gametype|singles\n|player|p1|p0x7612d8c|102|\n|player|p2|p0y76198fc|265|\n|gen|9\n|tier|[Gen 9] Random Battle\n|rule|Species Clause: Limit one of each Pok\u00e9mon\n|rule|HP Percentage Mod: HP is shown in percentages\n|rule|Sleep Clause Mod: Limit one foe put to sleep\n|rule|Illusion Level Mod: Illusion disguises the Pok\u00e9mon's true level\n|\n|t:|1783547955\n|teamsize|p1|6\n|teamsize|p2|6\n|start\n|switch|p1a: Oinkologne|Oinkologne-F, L92, F|361/361\n|switch|p2a: Meowscarada|Meowscarada, L78, M|100/100\n|turn|1\n|inactive|Battle timer is ON: inactive players will automatically lose when time's up. (requested by p0y76198fc)\n|inactive|Time left: 300 sec this turn | 300 sec total | 60 sec grace\n|inactive|p0x7612d8c also wants the timer to be on.\n|\n|t:|1783547956\n|move|p2a: Meowscarada|Flower Trick|p1a: Oinkologne\n|-start|p2a: Meowscarada|typechange|Grass|[from] ability: Protean\n|-crit|p1a: Oinkologne\n|-damage|p1a: Oinkologne|199/361\n|move|p1a: Oinkologne|Double-Edge|p2a: Meowscarada\n|-damage|p2a: Meowscarada|30/100\n|-damage|p1a: Oinkologne|141/361|[from] Recoil\n|\n|-heal|p1a: Oinkologne|163/361|[from] item: Leftovers\n|upkeep\n|turn|2\n|inactive|Time left: 300 sec this turn | 300 sec total\n|\n|t:|1783547957\n|move|p2a: Meowscarada|Flower Trick|p1a: Oinkologne\n|-crit|p1a: Oinkologne\n|-damage|p1a: Oinkologne|0 fnt\n|faint|p1a: Oinkologne\n|\n|upkeep\n|inactive|Time left: 300 sec this turn | 300 sec total | 5 sec grace\n|\n|t:|1783547958\n|switch|p1a: Delphox|Delphox, L84, F|263/263\n|turn|3\n|inactive|Time left: 300 sec this turn | 300 sec total\n|\n|t:|1783547959\n|move|p2a: Meowscarada|Flower Trick|p1a: Delphox\n|-resisted|p1a: Delphox\n|-crit|p1a: Delphox\n|-damage|p1a: Delphox|170/263\n|move|p1a: Delphox|Nasty Plot|p1a: Delphox\n|-boost|p1a: Delphox|spa|2\n|\n|upkeep\n|turn|4\n|inactive|Time left: 300 sec this turn | 300 sec total\n|\n|t:|1783547960\n|move|p2a: Meowscarada|Flower Trick|p1a: Delphox\n|-resisted|p1a: Delphox\n|-crit|p1a: Delphox\n|-damage|p1a: Delphox|83/263\n|move|p1a: Delphox|Fire Blast|p2a: Meowscarada\n|-supereffective|p2a: Meowscarada\n|-damage|p2a: Meowscarada|0 fnt\n|faint|p2a: Meowscarada\n|\n|upkeep\n|\n|t:|1783547961\n|switch|p2a: Emboar|Emboar, L84, F|100/100\n|turn|5\n|inactive|Time left: 300 sec this turn | 300 sec total\n|\n|t:|1783547962\n|move|p2a: Emboar|Flare Blitz|p1a: Delphox\n|-resisted|p1a: Delphox\n|-damage|p1a: Delphox|0 fnt\n|faint|p1a: Delphox\n|-damage|p2a: Emboar|92/100|[from] Recoil\n|\n|upkeep\n|inactive|Time left: 300 sec this turn | 300 sec total | 5 sec grace\n|\n|t:|1783547963\n|switch|p1a: Politoed|Politoed, L88, M|302/302\n|-weather|RainDance|[from] ability: Drizzle|[of] p1a: Politoed\n|turn|6\n|inactive|Time left: 300 sec this turn | 300 sec total\n|\n|t:|1783547964\n|switch|p2a: Tropius|Tropius, L91, F|100/100\n|move|p1a: Politoed|Weather Ball|p2a: Tropius\n|-resisted|p2a: Tropius\n|-damage|p2a: Tropius|63/100\n|\n|-weather|RainDance|[upkeep]\n|upkeep\n|turn|7\n|inactive|Time left: 300 sec this turn | 300 sec total\n|\n|t:|1783547965\n|move|p1a: Politoed|Weather Ball|p2a: Tropius\n|-resisted|p2a: Tropius\n|-damage|p2a: Tropius|25/100\n|-enditem|p2a: Tropius|Sitrus Berry|[eat]\n|-heal|p2a: Tropius|50/100|[from] item: Sitrus Berry\n|move|p2a: Tropius|Dragon Dance|p2a: Tropius\n|-boost|p2a: Tropius|atk|1\n|-boost|p2a: Tropius|spe|1\n|\n|-weather|RainDance|[upkeep]\n|upkeep\n|turn|8\n|inactive|Time left: 300 sec this turn | 300 sec total\n|\n|t:|1783547966\n|move|p2a: Tropius|Synthesis|p2a: Tropius\n|-heal|p2a: Tropius|75/100\n|move|p1a: Politoed|Weather Ball|p2a: Tropius\n|-resisted|p2a: Tropius\n|-damage|p2a: Tropius|40/100\n|\n|-weather|RainDance|[upkeep]\n|upkeep\n|turn|9\n|inactive|Time left: 300 sec this turn | 300 sec total\n|\n|t:|1783547967\n|move|p2a: Tropius|Dual Wingbeat|p1a: Politoed\n|-damage|p1a: Politoed|233/302\n|-damage|p1a: Politoed|173/302\n|-hitcount|p1a: Politoed|2\n|move|p1a: Politoed|Weather Ball|p2a: Tropius\n|-resisted|p2a: Tropius\n|-damage|p2a: Tropius|7/100\n|\n|-weather|RainDance|[upkeep]\n|-item|p2a: Tropius|Sitrus Berry|[from] ability: Harvest\n|upkeep\n|-enditem|p2a: Tropius|Sitrus Berry|[eat]\n|-heal|p2a: Tropius|32/100|[from] item: Sitrus Berry\n|turn|10\n|inactive|Time left: 300 sec this turn | 300 sec total\n|\n|t:|1783547969\n|move|p2a: Tropius|Synthesis|p2a: Tropius\n|-heal|p2a: Tropius|57/100\n|move|p1a: Politoed|Weather Ball|p2a: Tropius\n|-resisted|p2a: Tropius\n|-damage|p2a: Tropius|20/100\n|\n|-weather|none\n|-item|p2a: Tropius|Sitrus Berry|[from] ability: Harvest\n|upkeep\n|-enditem|p2a: Tropius|Sitrus Berry|[eat]\n|-heal|p2a: Tropius|45/100|[from] item: Sitrus Berry\n|turn|11\n|inactive|Time left: 300 sec this turn | 300 sec total\n|\n|t:|1783547970\n|switch|p1a: Bisharp|Bisharp, L79, F|232/232\n|move|p2a: Tropius|Dual Wingbeat|p1a: Bisharp\n|-resisted|p1a: Bisharp\n|-damage|p1a: Bisharp|213/232\n|-resisted|p1a: Bisharp\n|-damage|p1a: Bisharp|195/232\n|-hitcount|p1a: Bisharp|2\n|\n|-item|p2a: Tropius|Sitrus Berry|[from] ability: Harvest\n|upkeep\n|-enditem|p2a: Tropius|Sitrus Berry|[eat]\n|-heal|p2a: Tropius|70/100|[from] item: Sitrus Berry\n|turn|12\n|inactive|Time left: 300 sec this turn | 300 sec total\n|\n|t:|1783547971\n|move|p2a: Tropius|Dragon Dance|p2a: Tropius\n|-boost|p2a: Tropius|atk|1\n|-boost|p2a: Tropius|spe|1\n|move|p1a: Bisharp|Swords Dance|p1a: Bisharp\n|-boost|p1a: Bisharp|atk|2\n|\n|-item|p2a: Tropius|Sitrus Berry|[from] ability: Harvest\n|upkeep\n|turn|13\n|inactive|Time left: 300 sec this turn | 300 sec total\n|\n|t:|1783547971\n|-terastallize|p1a: Bisharp|Ghost\n|move|p2a: Tropius|Synthesis|p2a: Tropius\n|-heal|p2a: Tropius|100/100\n|move|p1a: Bisharp|Iron Head|p2a: Tropius\n|-damage|p2a: Tropius|46/100\n|-enditem|p2a: Tropius|Sitrus Berry|[eat]\n|-heal|p2a: Tropius|71/100|[from] item: Sitrus Berry\n|\n|upkeep\n|turn|14\n|inactive|Time left: 300 sec this turn | 300 sec total\n|\n|t:|1783547972\n|-terastallize|p2a: Tropius|Ground\n|move|p2a: Tropius|Earthquake|p1a: Bisharp\n|-damage|p1a: Bisharp|66/232\n|move|p1a: Bisharp|Iron Head|p2a: Tropius\n|-damage|p2a: Tropius|14/100\n|\n|upkeep\n|turn|15\n|inactive|Time left: 300 sec this turn | 300 sec total\n|\n|t:|1783547974\n|move|p1a: Bisharp|Sucker Punch||[still]\n|-fail|p1a: Bisharp\n|move|p2a: Tropius|Synthesis|p2a: Tropius\n|-heal|p2a: Tropius|64/100\n|\n|upkeep\n|turn|16\n|inactive|Time left: 300 sec this turn | 300 sec total\n|\n|t:|1783547975\n|move|p1a: Bisharp|Sucker Punch|p2a: Tropius\n|-damage|p2a: Tropius|14/100\n|move|p2a: Tropius|Earthquake|p1a: Bisharp\n|-damage|p1a: Bisharp|0 fnt\n|faint|p1a: Bisharp\n|\n|-item|p2a: Tropius|Sitrus Berry|[from] ability: Harvest\n|upkeep\n|-enditem|p2a: Tropius|Sitrus Berry|[eat]\n|-heal|p2a: Tropius|39/100|[from] item: Sitrus Berry\n|inactive|Time left: 300 sec this turn | 300 sec total | 5 sec grace\n|\n|t:|1783547976\n|switch|p1a: Sawsbuck|Sawsbuck-Autumn, L88, M|284/284\n|turn|17\n|inactive|Time left: 300 sec this turn | 300 sec total\n|\n|t:|1783547977\n|switch|p1a: Politoed|Politoed, L88, M|173/302\n|-weather|RainDance|[from] ability: Drizzle|[of] p1a: Politoed\n|move|p2a: Tropius|Dual Wingbeat|p1a: Politoed\n|-damage|p1a: Politoed|91/302\n|-damage|p1a: Politoed|12/302\n|-hitcount|p1a: Politoed|2\n|\n|-weather|RainDance|[upkeep]\n|-item|p2a: Tropius|Sitrus Berry|[from] ability: Harvest\n|upkeep\n|-enditem|p2a: Tropius|Sitrus Berry|[eat]\n|-heal|p2a: Tropius|64/100|[from] item: Sitrus Berry\n|turn|18\n|inactive|Time left: 300 sec this turn | 300 sec total\n|\n|t:|1783547978\n|move|p2a: Tropius|Earthquake|p1a: Politoed\n|-damage|p1a: Politoed|0 fnt\n|faint|p1a: Politoed\n|\n|-weather|RainDance|[upkeep]\n|upkeep\n|inactive|Time left: 300 sec this turn | 300 sec total | 5 sec grace\n|\n|t:|1783547979\n|switch|p1a: Sawsbuck|Sawsbuck-Autumn, L88, M|284/284\n|turn|19\n|inactive|Time left: 300 sec this turn | 300 sec total\n|\n|t:|1783547980\n|switch|p1a: Jirachi|Jirachi, L80|291/291\n|move|p2a: Tropius|Dual Wingbeat|p1a: Jirachi\n|-resisted|p1a: Jirachi\n|-damage|p1a: Jirachi|252/291\n|-resisted|p1a: Jirachi\n|-damage|p1a: Jirachi|217/291\n|-hitcount|p1a: Jirachi|2\n|\n|-weather|RainDance|[upkeep]\n|upkeep\n|turn|20\n|inactive|Time left: 300 sec this turn | 300 sec total\n|\n|t:|1783547981\n|switch|p1a: Sawsbuck|Sawsbuck-Autumn, L88, M|284/284\n|move|p2a: Tropius|Earthquake|p1a: Sawsbuck\n|-resisted|p1a: Sawsbuck\n|-damage|p1a: Sawsbuck|173/284\n|\n|-weather|RainDance|[upkeep]\n|upkeep\n|turn|21\n|inactive|Time left: 300 sec this turn | 300 sec total\n|\n|t:|1783547982\n|switch|p1a: Jirachi|Jirachi, L80|217/291\n|move|p2a: Tropius|Dual Wingbeat|p1a: Jirachi\n|-resisted|p1a: Jirachi\n|-damage|p1a: Jirachi|182/291\n|-resisted|p1a: Jirachi\n|-damage|p1a: Jirachi|146/291\n|-hitcount|p1a: Jirachi|2\n|\n|-weather|none\n|-item|p2a: Tropius|Sitrus Berry|[from] ability: Harvest\n|upkeep\n|turn|22\n|inactive|Time left: 300 sec this turn | 300 sec total\n|\n|t:|1783547983\n|switch|p1a: Sawsbuck|Sawsbuck-Autumn, L88, M|173/284\n|move|p2a: Tropius|Earthquake|p1a: Sawsbuck\n|-resisted|p1a: Sawsbuck\n|-damage|p1a: Sawsbuck|64/284\n|\n|upkeep\n|turn|23\n|inactive|Time left: 300 sec this turn | 300 sec total\n|\n|t:|1783547983\n|move|p2a: Tropius|Earthquake|p1a: Sawsbuck\n|-resisted|p1a: Sawsbuck\n|-damage|p1a: Sawsbuck|0 fnt\n|faint|p1a: Sawsbuck\n|\n|upkeep\n|inactive|Time left: 300 sec this turn | 300 sec total | 5 sec grace\n|\n|t:|1783547984\n|switch|p1a: Jirachi|Jirachi, L80|146/291\n|turn|24\n|inactive|Time left: 300 sec this turn | 300 sec total\n|\n|t:|1783547985\n|move|p2a: Tropius|Earthquake|p1a: Jirachi\n|-supereffective|p1a: Jirachi\n|-damage|p1a: Jirachi|0 fnt\n|faint|p1a: Jirachi\n|\n|win|p0y76198fc", "uploadtime": 1783547985, "views": 0, "rating": 0, "private": 0, "password": null, "_winner": "p0y76198fc", "_our_name": "p0x7612d8c"}