{"id": "battle-gen9randombattle-827", "formatid": "gen9randombattle", "format": "[Gen 9] Random Battle", "players": ["p0x8276754", "p0y8274c00"], "log": "|init|battle\n|title|p0x8276754 vs. p0y8274c00\n|j|\u2606p0x8276754\n|j|\u2606p0y8274c00\n|t:|1783549499\n|gametype|singles\n|player|p1|p0x8276754|101|\n|player|p2|p0y8274c00|169|\n|gen|9\n|tier|[Gen 9] Random Battle\n|rule|Species Clause: Limit one of each Pok\u00e9mon\n|rule|HP Percentage Mod: HP is shown in percentages\n|rule|Sleep Clause Mod: Limit one foe put to sleep\n|rule|Illusion Level Mod: Illusion disguises the Pok\u00e9mon's true level\n|\n|t:|1783549499\n|teamsize|p1|6\n|teamsize|p2|6\n|start\n|switch|p1a: Latias|Latias, L79, F|256/256\n|switch|p2a: Shiftry|Shiftry, L89, M|100/100\n|turn|1\n|inactive|Battle timer is ON: inactive players will automatically lose when time's up. (requested by p0x8276754)\n|inactive|p0y8274c00 also wants the timer to be on.\n|\n|t:|1783549501\n|switch|p1a: Eiscue|Eiscue, L88, F|274/274\n|move|p2a: Shiftry|Knock Off|p1a: Eiscue\n|-activate|p1a: Eiscue|ability: Ice Face\n|-damage|p1a: Eiscue|274/274\n|-enditem|p1a: Eiscue|Sitrus Berry|[from] move: Knock Off|[of] p2a: Shiftry\n|detailschange|p1a: Eiscue|Eiscue-Noice, L88, F\n|-damage|p2a: Shiftry|91/100|[from] item: Life Orb\n|\n|upkeep\n|turn|2\n|inactive|Time left: 300 sec this turn | 300 sec total\n|\n|t:|1783549502\n|move|p1a: Eiscue|Ice Spinner|p2a: Shiftry\n|-supereffective|p2a: Shiftry\n|-damage|p2a: Shiftry|19/100\n|move|p2a: Shiftry|Leaf Blade|p1a: Eiscue\n|-damage|p1a: Eiscue|125/274\n|-damage|p2a: Shiftry|9/100|[from] item: Life Orb\n|\n|upkeep\n|turn|3\n|inactive|Time left: 300 sec this turn | 300 sec total\n|\n|t:|1783549503\n|switch|p2a: Chimecho|Chimecho, L93, M|100/100\n|move|p1a: Eiscue|Ice Spinner|p2a: Chimecho\n|-damage|p2a: Chimecho|75/100\n|\n|-heal|p2a: Chimecho|82/100|[from] item: Leftovers\n|upkeep\n|turn|4\n|inactive|Time left: 300 sec this turn | 300 sec total\n|\n|t:|1783549504\n|move|p1a: Eiscue|Liquidation|p2a: Chimecho\n|-damage|p2a: Chimecho|62/100\n|move|p2a: Chimecho|Calm Mind|p2a: Chimecho\n|-boost|p2a: Chimecho|spa|1\n|-boost|p2a: Chimecho|spd|1\n|\n|-heal|p2a: Chimecho|68/100|[from] item: Leftovers\n|upkeep\n|turn|5\n|inactive|Time left: 300 sec this turn | 300 sec total\n|\n|t:|1783549505\n|switch|p1a: Trevenant|Trevenant, L89, M|296/296\n|move|p2a: Chimecho|Dazzling Gleam|p1a: Trevenant\n|-damage|p1a: Trevenant|193/296\n|\n|-heal|p2a: Chimecho|74/100|[from] item: Leftovers\n|upkeep\n|turn|6\n|inactive|Time left: 300 sec this turn | 300 sec total\n|\n|t:|1783549506\n|move|p2a: Chimecho|Psyshock|p1a: Trevenant\n|-damage|p1a: Trevenant|40/296\n|-enditem|p1a: Trevenant|Sitrus Berry|[eat]\n|-heal|p1a: Trevenant|114/296|[from] item: Sitrus Berry\n|move|p1a: Trevenant|Poltergeist|p2a: Chimecho\n|-activate|p2a: Chimecho|move: Poltergeist|Leftovers\n|-supereffective|p2a: Chimecho\n|-damage|p2a: Chimecho|0 fnt\n|faint|p2a: Chimecho\n|\n|upkeep\n|\n|t:|1783549507\n|switch|p2a: Polteageist|Polteageist-Antique, L78|100/100\n|turn|7\n|inactive|Time left: 300 sec this turn | 300 sec total\n|\n|t:|1783549509\n|switch|p1a: Clawitzer|Clawitzer, L87, F|265/265\n|move|p2a: Polteageist|Shell Smash|p2a: Polteageist\n|-unboost|p2a: Polteageist|def|1\n|-unboost|p2a: Polteageist|spd|1\n|-boost|p2a: Polteageist|atk|2\n|-boost|p2a: Polteageist|spa|2\n|-boost|p2a: Polteageist|spe|2\n|-enditem|p2a: Polteageist|White Herb\n|-clearnegativeboost|p2a: Polteageist|[silent]\n|\n|upkeep\n|turn|8\n|inactive|Time left: 300 sec this turn | 300 sec total\n|\n|t:|1783549510\n|-terastallize|p1a: Clawitzer|Dark\n|move|p2a: Polteageist|Stored Power|p1a: Clawitzer\n|-immune|p1a: Clawitzer\n|move|p1a: Clawitzer|Dark Pulse|p2a: Polteageist\n|-supereffective|p2a: Polteageist\n|-damage|p2a: Polteageist|0 fnt\n|faint|p2a: Polteageist\n|\n|upkeep\n|\n|t:|1783549511\n|switch|p2a: Kleavor|Kleavor, L78, F|100/100\n|turn|9\n|inactive|Time left: 300 sec this turn | 300 sec total\n|\n|t:|1783549512\n|switch|p1a: Archaludon|Archaludon, L78, F|268/268\n|move|p2a: Kleavor|X-Scissor|p1a: Archaludon\n|-resisted|p1a: Archaludon\n|-damage|p1a: Archaludon|210/268\n|-ability|p1a: Archaludon|Stamina|boost\n|-boost|p1a: Archaludon|def|1\n|\n|upkeep\n|turn|10\n|inactive|Time left: 300 sec this turn | 300 sec total\n|\n|t:|1783549513\n|switch|p2a: Dipplin|Dipplin, L88, F|100/100\n|move|p1a: Archaludon|Flash Cannon|p2a: Dipplin\n|-damage|p2a: Dipplin|77/100\n|\n|upkeep\n|turn|11\n|inactive|Time left: 300 sec this turn | 300 sec total\n|\n|t:|1783549514\n|move|p2a: Dipplin|Recover|p2a: Dipplin\n|-heal|p2a: Dipplin|100/100\n|move|p1a: Archaludon|Dragon Tail|p2a: Dipplin\n|-supereffective|p2a: Dipplin\n|-damage|p2a: Dipplin|77/100\n|drag|p2a: Scizor|Scizor, L79, F|100/100\n|\n|upkeep\n|turn|12\n|inactive|Time left: 300 sec this turn | 300 sec total\n|\n|t:|1783549515\n|switch|p2a: Dipplin|Dipplin, L88, F|77/100\n|move|p1a: Archaludon|Body Press|p2a: Dipplin\n|-damage|p2a: Dipplin|59/100\n|\n|upkeep\n|turn|13\n|inactive|Time left: 300 sec this turn | 300 sec total\n|\n|t:|1783549516\n|-terastallize|p2a: Dipplin|Steel\n|move|p1a: Archaludon|Draco Meteor|p2a: Dipplin\n|-resisted|p2a: Dipplin\n|-damage|p2a: Dipplin|41/100\n|-unboost|p1a: Archaludon|spa|2\n|move|p2a: Dipplin|Recover|p2a: Dipplin\n|-heal|p2a: Dipplin|91/100\n|\n|upkeep\n|turn|14\n|inactive|Time left: 300 sec this turn | 300 sec total\n|\n|t:|1783549517\n|move|p1a: Archaludon|Body Press|p2a: Dipplin\n|-supereffective|p2a: Dipplin\n|-damage|p2a: Dipplin|55/100\n|move|p2a: Dipplin|Dragon Pulse|p1a: Archaludon\n|-damage|p1a: Archaludon|123/268\n|-ability|p1a: Archaludon|Stamina|boost\n|-boost|p1a: Archaludon|def|1\n|\n|upkeep\n|turn|15\n|inactive|Time left: 300 sec this turn | 300 sec total\n|\n|t:|1783549518\n|move|p1a: Archaludon|Body Press|p2a: Dipplin\n|-supereffective|p2a: Dipplin\n|-damage|p2a: Dipplin|8/100\n|move|p2a: Dipplin|Recover|p2a: Dipplin\n|-heal|p2a: Dipplin|58/100\n|\n|upkeep\n|turn|16\n|inactive|Time left: 300 sec this turn | 300 sec total\n|\n|t:|1783549519\n|move|p1a: Archaludon|Body Press|p2a: Dipplin\n|-supereffective|p2a: Dipplin\n|-crit|p2a: Dipplin\n|-damage|p2a: Dipplin|0 fnt\n|faint|p2a: Dipplin\n|\n|upkeep\n|\n|t:|1783549519\n|switch|p2a: Shiftry|Shiftry, L89, M|9/100\n|turn|17\n|inactive|Time left: 300 sec this turn | 300 sec total\n|\n|t:|1783549520\n|move|p2a: Shiftry|Knock Off|p1a: Archaludon\n|-damage|p1a: Archaludon|61/268\n|-ability|p1a: Archaludon|Stamina|boost\n|-boost|p1a: Archaludon|def|1\n|-enditem|p1a: Archaludon|Assault Vest|[from] move: Knock Off|[of] p2a: Shiftry\n|-damage|p2a: Shiftry|0 fnt|[from] item: Life Orb\n|faint|p2a: Shiftry\n|move|p1a: Archaludon|Body Press|p2: Shiftry|[notarget]\n|-fail|p1a: Archaludon\n|\n|upkeep\n|\n|t:|1783549521\n|switch|p2a: Kleavor|Kleavor, L78, F|100/100\n|turn|18\n|inactive|Time left: 300 sec this turn | 300 sec total\n|\n|t:|1783549522\n|move|p2a: Kleavor|Close Combat|p1a: Archaludon\n|-supereffective|p1a: Archaludon\n|-damage|p1a: Archaludon|0 fnt\n|-unboost|p2a: Kleavor|def|1\n|-unboost|p2a: Kleavor|spd|1\n|faint|p1a: Archaludon\n|\n|upkeep\n|inactive|Time left: 300 sec this turn | 300 sec total | 5 sec grace\n|\n|t:|1783549523\n|switch|p1a: Flutter Mane|Flutter Mane, L74|203/203\n|turn|19\n|inactive|Time left: 300 sec this turn | 300 sec total\n|\n|t:|1783549524\n|switch|p2a: Scizor|Scizor, L79, F|100/100\n|move|p1a: Flutter Mane|Shadow Ball|p2a: Scizor\n|-damage|p2a: Scizor|39/100\n|-unboost|p2a: Scizor|spd|1\n|\n|-heal|p2a: Scizor|45/100|[from] item: Leftovers\n|upkeep\n|turn|20\n|inactive|Time left: 300 sec this turn | 300 sec total\n|\n|t:|1783549525\n|-end|p1a: Flutter Mane|Protosynthesis|[silent]\n|switch|p1a: Clawitzer|Clawitzer, L87, F, tera:Dark|265/265\n|move|p2a: Scizor|Bullet Punch|p1a: Clawitzer\n|-damage|p1a: Clawitzer|199/265\n|\n|-heal|p2a: Scizor|51/100|[from] item: Leftovers\n|upkeep\n|turn|21\n|inactive|Time left: 300 sec this turn | 300 sec total\n|\n|t:|1783549526\n|move|p2a: Scizor|Bullet Punch|p1a: Clawitzer\n|-damage|p1a: Clawitzer|133/265\n|move|p1a: Clawitzer|Water Pulse|p2a: Scizor\n|-damage|p2a: Scizor|0 fnt\n|faint|p2a: Scizor\n|\n|upkeep\n|\n|t:|1783549527\n|switch|p2a: Kleavor|Kleavor, L78, F|100/100\n|turn|22\n|inactive|Time left: 300 sec this turn | 300 sec total\n|\n|t:|1783549528\n|move|p2a: Kleavor|X-Scissor|p1a: Clawitzer\n|-supereffective|p1a: Clawitzer\n|-damage|p1a: Clawitzer|0 fnt\n|faint|p1a: Clawitzer\n|\n|upkeep\n|inactive|Time left: 300 sec this turn | 300 sec total | 5 sec grace\n|\n|t:|1783549529\n|switch|p1a: Flutter Mane|Flutter Mane, L74|203/203\n|turn|23\n|inactive|Time left: 300 sec this turn | 300 sec total\n|\n|t:|1783549530\n|move|p2a: Kleavor|X-Scissor|p1a: Flutter Mane\n|-resisted|p1a: Flutter Mane\n|-damage|p1a: Flutter Mane|148/203\n|move|p1a: Flutter Mane|Shadow Ball|p2a: Kleavor\n|-damage|p2a: Kleavor|34/100\n|\n|upkeep\n|turn|24\n|inactive|Time left: 300 sec this turn | 300 sec total\n|\n|t:|1783549531\n|move|p2a: Kleavor|X-Scissor|p1a: Flutter Mane\n|-resisted|p1a: Flutter Mane\n|-damage|p1a: Flutter Mane|88/203\n|move|p1a: Flutter Mane|Shadow Ball|p2a: Kleavor\n|-damage|p2a: Kleavor|0 fnt\n|faint|p2a: Kleavor\n|\n|win|p0x8276754", "uploadtime": 1783549531, "views": 0, "rating": 0, "private": 0, "password": null, "_winner": "p0x8276754", "_our_name": "p0x8276754"}