{"id": "battle-gen9randombattle-1537", "formatid": "gen9randombattle", "format": "[Gen 9] Random Battle", "players": ["p0x1537e1da", "p0y1537f67e"], "log": "|init|battle\n|title|p0x1537e1da vs. p0y1537f67e\n|j|\u2606p0x1537e1da\n|j|\u2606p0y1537f67e\n|t:|1783557865\n|gametype|singles\n|player|p1|p0x1537e1da|101|\n|player|p2|p0y1537f67e|265|\n|gen|9\n|tier|[Gen 9] Random Battle\n|rule|Species Clause: Limit one of each Pok\u00e9mon\n|rule|HP Percentage Mod: HP is shown in percentages\n|rule|Sleep Clause Mod: Limit one foe put to sleep\n|rule|Illusion Level Mod: Illusion disguises the Pok\u00e9mon's true level\n|\n|t:|1783557865\n|teamsize|p1|6\n|teamsize|p2|6\n|start\n|switch|p1a: Flygon|Flygon, L82, F|265/265\n|switch|p2a: Minior|Minior-Violet, L79|100/100\n|-formechange|p2a: Minior|Minior-Meteor||[from] ability: Shields Down\n|turn|1\n|inactive|Battle timer is ON: inactive players will automatically lose when time's up. (requested by p0y1537f67e)\n|inactive|Time left: 300 sec this turn | 300 sec total | 60 sec grace\n|inactive|p0x1537e1da also wants the timer to be on.\n|\n|t:|1783557866\n|switch|p2a: Mudsdale|Mudsdale, L83, M|100/100\n|move|p1a: Flygon|Outrage|p2a: Mudsdale\n|-damage|p2a: Mudsdale|61/100\n|-ability|p2a: Mudsdale|Stamina|boost\n|-boost|p2a: Mudsdale|def|1\n|\n|-heal|p2a: Mudsdale|67/100|[from] item: Leftovers\n|upkeep\n|turn|2\n|inactive|Time left: 300 sec this turn | 300 sec total\n|\n|t:|1783557867\n|-terastallize|p2a: Mudsdale|Steel\n|move|p1a: Flygon|Outrage|p2a: Mudsdale|[from] lockedmove\n|-resisted|p2a: Mudsdale\n|-damage|p2a: Mudsdale|54/100\n|-ability|p2a: Mudsdale|Stamina|boost\n|-boost|p2a: Mudsdale|def|1\n|move|p2a: Mudsdale|Heavy Slam|p1a: Flygon\n|-damage|p1a: Flygon|109/265\n|\n|-heal|p2a: Mudsdale|60/100|[from] item: Leftovers\n|upkeep\n|turn|3\n|inactive|Time left: 300 sec this turn | 300 sec total\n|\n|t:|1783557868\n|move|p1a: Flygon|Outrage|p2a: Mudsdale|[from] lockedmove\n|-resisted|p2a: Mudsdale\n|-damage|p2a: Mudsdale|50/100\n|-ability|p2a: Mudsdale|Stamina|boost\n|-boost|p2a: Mudsdale|def|1\n|-start|p1a: Flygon|confusion|[fatigue]\n|-enditem|p1a: Flygon|Lum Berry|[eat]\n|-end|p1a: Flygon|confusion\n|move|p2a: Mudsdale|Stealth Rock|p1a: Flygon\n|-sidestart|p1: p0x1537e1da|move: Stealth Rock\n|\n|-heal|p2a: Mudsdale|56/100|[from] item: Leftovers\n|upkeep\n|turn|4\n|inactive|Time left: 300 sec this turn | 300 sec total\n|\n|t:|1783557869\n|move|p1a: Flygon|Earthquake|p2a: Mudsdale\n|-supereffective|p2a: Mudsdale\n|-damage|p2a: Mudsdale|32/100\n|-ability|p2a: Mudsdale|Stamina|boost\n|-boost|p2a: Mudsdale|def|1\n|move|p2a: Mudsdale|Heavy Slam|p1a: Flygon\n|-damage|p1a: Flygon|0 fnt\n|faint|p1a: Flygon\n|\n|-heal|p2a: Mudsdale|38/100|[from] item: Leftovers\n|upkeep\n|inactive|Time left: 300 sec this turn | 300 sec total | 5 sec grace\n|\n|t:|1783557870\n|switch|p1a: Clawitzer|Clawitzer, L87, F|265/265\n|-damage|p1a: Clawitzer|232/265|[from] Stealth Rock\n|turn|5\n|inactive|Time left: 300 sec this turn | 300 sec total\n|\n|t:|1783557871\n|switch|p2a: Slowking|Slowking-Galar, L85, F|100/100\n|move|p1a: Clawitzer|Water Pulse|p2a: Slowking\n|-damage|p2a: Slowking|65/100\n|\n|-heal|p2a: Slowking|71/100|[from] item: Leftovers\n|upkeep\n|turn|6\n|inactive|Time left: 300 sec this turn | 300 sec total\n|\n|t:|1783557871\n|move|p1a: Clawitzer|Dark Pulse|p2a: Slowking\n|-supereffective|p2a: Slowking\n|-damage|p2a: Slowking|14/100\n|cant|p2a: Slowking|flinch\n|\n|-heal|p2a: Slowking|20/100|[from] item: Leftovers\n|upkeep\n|turn|7\n|inactive|Time left: 300 sec this turn | 300 sec total\n|\n|t:|1783557872\n|switch|p2a: Mabosstiff|Mabosstiff, L86, M|100/100\n|move|p1a: Clawitzer|Water Pulse|p2a: Mabosstiff\n|-damage|p2a: Mabosstiff|53/100\n|\n|upkeep\n|turn|8\n|inactive|Time left: 300 sec this turn | 300 sec total\n|\n|t:|1783557873\n|move|p2a: Mabosstiff|Crunch|p1a: Clawitzer\n|-damage|p1a: Clawitzer|67/265\n|move|p1a: Clawitzer|Water Pulse|p2a: Mabosstiff\n|-damage|p2a: Mabosstiff|1/100\n|\n|upkeep\n|turn|9\n|inactive|Time left: 300 sec this turn | 300 sec total\n|\n|t:|1783557874\n|switch|p1a: Rhydon|Rhydon, L85, M|317/317\n|-damage|p1a: Rhydon|298/317|[from] Stealth Rock\n|move|p2a: Mabosstiff|Crunch|p1a: Rhydon\n|-damage|p1a: Rhydon|129/317\n|\n|upkeep\n|turn|10\n|inactive|Time left: 300 sec this turn | 300 sec total\n|\n|t:|1783557875\n|move|p2a: Mabosstiff|Crunch|p1a: Rhydon\n|-damage|p1a: Rhydon|48/317\n|move|p1a: Rhydon|Stealth Rock|p2a: Mabosstiff\n|-sidestart|p2: p0y1537f67e|move: Stealth Rock\n|\n|upkeep\n|turn|11\n|inactive|Time left: 300 sec this turn | 300 sec total\n|\n|t:|1783557876\n|move|p2a: Mabosstiff|Crunch|p1a: Rhydon\n|-damage|p1a: Rhydon|0 fnt\n|faint|p1a: Rhydon\n|\n|upkeep\n|inactive|Time left: 300 sec this turn | 300 sec total | 5 sec grace\n|\n|t:|1783557877\n|switch|p1a: Ogerpon|Ogerpon-Hearthflame, L74, F|239/239\n|-damage|p1a: Ogerpon|180/239|[from] Stealth Rock\n|-ability|p1a: Ogerpon|Mold Breaker\n|turn|12\n|inactive|Time left: 300 sec this turn | 300 sec total\n|\n|t:|1783557878\n|move|p1a: Ogerpon|Trailblaze|p2a: Mabosstiff\n|-damage|p2a: Mabosstiff|0 fnt\n|-boost|p1a: Ogerpon|spe|1\n|faint|p2a: Mabosstiff\n|\n|upkeep\n|\n|t:|1783557879\n|switch|p2a: Bastiodon|Bastiodon, L89, M|100/100\n|-damage|p2a: Bastiodon|95/100|[from] Stealth Rock\n|turn|13\n|inactive|Time left: 300 sec this turn | 300 sec total\n|\n|t:|1783557880\n|move|p1a: Ogerpon|Trailblaze|p2a: Bastiodon\n|-damage|p2a: Bastiodon|82/100\n|-boost|p1a: Ogerpon|spe|1\n|move|p2a: Bastiodon|Body Press|p1a: Ogerpon\n|-damage|p1a: Ogerpon|71/239\n|\n|upkeep\n|turn|14\n|inactive|Time left: 300 sec this turn | 300 sec total\n|\n|t:|1783557880\n|move|p1a: Ogerpon|Ivy Cudgel|p2a: Bastiodon|[anim] Ivy Cudgel Fire\n|-damage|p2a: Bastiodon|56/100\n|move|p2a: Bastiodon|Body Press|p1a: Ogerpon\n|-damage|p1a: Ogerpon|0 fnt\n|faint|p1a: Ogerpon\n|\n|upkeep\n|inactive|Time left: 300 sec this turn | 300 sec total | 5 sec grace\n|\n|t:|1783557881\n|switch|p1a: Clawitzer|Clawitzer, L87, F|67/265\n|-damage|p1a: Clawitzer|34/265|[from] Stealth Rock\n|turn|15\n|inactive|Time left: 300 sec this turn | 300 sec total\n|\n|t:|1783557882\n|move|p1a: Clawitzer|Water Pulse|p2a: Bastiodon\n|-supereffective|p2a: Bastiodon\n|-crit|p2a: Bastiodon\n|-damage|p2a: Bastiodon|0 fnt\n|faint|p2a: Bastiodon\n|\n|upkeep\n|\n|t:|1783557883\n|switch|p2a: Polteageist|Polteageist-Antique, L78|100/100\n|-damage|p2a: Polteageist|88/100|[from] Stealth Rock\n|turn|16\n|inactive|Time left: 300 sec this turn | 300 sec total\n|\n|t:|1783557884\n|move|p2a: Polteageist|Shadow Ball|p1a: Clawitzer\n|-damage|p1a: Clawitzer|0 fnt\n|faint|p1a: Clawitzer\n|\n|upkeep\n|inactive|Time left: 300 sec this turn | 300 sec total | 5 sec grace\n|\n|t:|1783557885\n|switch|p1a: Farigiraf|Farigiraf, L90, M|362/362\n|-damage|p1a: Farigiraf|317/362|[from] Stealth Rock\n|turn|17\n|inactive|Time left: 300 sec this turn | 300 sec total\n|\n|t:|1783557886\n|move|p1a: Farigiraf|Psychic Noise|p2a: Polteageist\n|-damage|p2a: Polteageist|51/100\n|-start|p2a: Polteageist|move: Heal Block\n|move|p2a: Polteageist|Shell Smash|p2a: Polteageist\n|-unboost|p2a: Polteageist|def|1\n|-unboost|p2a: Polteageist|spd|1\n|-boost|p2a: Polteageist|atk|2\n|-boost|p2a: Polteageist|spa|2\n|-boost|p2a: Polteageist|spe|2\n|-enditem|p2a: Polteageist|White Herb\n|-clearnegativeboost|p2a: Polteageist|[silent]\n|\n|-heal|p1a: Farigiraf|339/362|[from] item: Leftovers\n|upkeep\n|turn|18\n|inactive|Time left: 300 sec this turn | 300 sec total\n|\n|t:|1783557886\n|move|p2a: Polteageist|Stored Power|p1a: Farigiraf\n|-resisted|p1a: Farigiraf\n|-damage|p1a: Farigiraf|218/362\n|move|p1a: Farigiraf|Psychic Noise|p2a: Polteageist\n|-damage|p2a: Polteageist|10/100\n|-start|p1a: Farigiraf|Disable|Psychic Noise|[from] ability: Cursed Body|[of] p2a: Polteageist\n|\n|-heal|p1a: Farigiraf|240/362|[from] item: Leftovers\n|-end|p2a: Polteageist|move: Heal Block\n|upkeep\n|turn|19\n|inactive|Time left: 300 sec this turn | 300 sec total\n|\n|t:|1783557888\n|move|p2a: Polteageist|Stored Power|p1a: Farigiraf\n|-resisted|p1a: Farigiraf\n|-damage|p1a: Farigiraf|116/362\n|move|p1a: Farigiraf|Wish|p1a: Farigiraf\n|\n|-heal|p1a: Farigiraf|138/362|[from] item: Leftovers\n|upkeep\n|turn|20\n|inactive|Time left: 300 sec this turn | 300 sec total\n|\n|t:|1783557889\n|move|p2a: Polteageist|Stored Power|p1a: Farigiraf\n|-resisted|p1a: Farigiraf\n|-damage|p1a: Farigiraf|12/362\n|move|p1a: Farigiraf|Body Slam|p2a: Polteageist\n|-immune|p2a: Polteageist\n|\n|-heal|p1a: Farigiraf|193/362|[from] move: Wish|[wisher] Farigiraf\n|-heal|p1a: Farigiraf|215/362|[from] item: Leftovers\n|upkeep\n|turn|21\n|inactive|Time left: 300 sec this turn | 300 sec total\n|\n|t:|1783557890\n|move|p2a: Polteageist|Stored Power|p1a: Farigiraf\n|-resisted|p1a: Farigiraf\n|-crit|p1a: Farigiraf\n|-damage|p1a: Farigiraf|33/362\n|move|p1a: Farigiraf|Wish|p1a: Farigiraf\n|\n|-heal|p1a: Farigiraf|55/362|[from] item: Leftovers\n|-end|p1a: Farigiraf|Disable\n|upkeep\n|turn|22\n|inactive|Time left: 300 sec this turn | 300 sec total\n|\n|t:|1783557891\n|move|p1a: Farigiraf|Protect|p1a: Farigiraf\n|-singleturn|p1a: Farigiraf|Protect\n|move|p2a: Polteageist|Stored Power|p1a: Farigiraf\n|-activate|p1a: Farigiraf|move: Protect\n|\n|-heal|p1a: Farigiraf|236/362|[from] move: Wish|[wisher] Farigiraf\n|-heal|p1a: Farigiraf|258/362|[from] item: Leftovers\n|upkeep\n|turn|23\n|inactive|Time left: 300 sec this turn | 300 sec total\n|\n|t:|1783557892\n|move|p2a: Polteageist|Stored Power|p1a: Farigiraf\n|-resisted|p1a: Farigiraf\n|-damage|p1a: Farigiraf|133/362\n|move|p1a: Farigiraf|Psychic Noise|p2a: Polteageist\n|-damage|p2a: Polteageist|0 fnt\n|-start|p1a: Farigiraf|Disable|Psychic Noise|[from] ability: Cursed Body|[of] p2a: Polteageist\n|faint|p2a: Polteageist\n|\n|-heal|p1a: Farigiraf|155/362|[from] item: Leftovers\n|upkeep\n|\n|t:|1783557893\n|switch|p2a: Mudsdale|Mudsdale, L83, M, tera:Steel|38/100\n|-damage|p2a: Mudsdale|32/100|[from] Stealth Rock\n|turn|24\n|inactive|Time left: 300 sec this turn | 300 sec total\n|\n|t:|1783557894\n|switch|p1a: Dudunsparce|Dudunsparce, L83, F|343/343\n|-damage|p1a: Dudunsparce|301/343|[from] Stealth Rock\n|move|p2a: Mudsdale|Heavy Slam|p1a: Dudunsparce\n|-damage|p1a: Dudunsparce|130/343\n|\n|-heal|p1a: Dudunsparce|151/343|[from] item: Leftovers\n|-heal|p2a: Mudsdale|38/100|[from] item: Leftovers\n|upkeep\n|turn|25\n|inactive|Time left: 300 sec this turn | 300 sec total\n|\n|t:|1783557895\n|move|p1a: Dudunsparce|Roost|p1a: Dudunsparce\n|-heal|p1a: Dudunsparce|323/343\n|-singleturn|p1a: Dudunsparce|move: Roost\n|move|p2a: Mudsdale|Heavy Slam|p1a: Dudunsparce\n|-damage|p1a: Dudunsparce|149/343\n|\n|-heal|p1a: Dudunsparce|170/343|[from] item: Leftovers\n|-heal|p2a: Mudsdale|44/100|[from] item: Leftovers\n|upkeep\n|turn|26\n|inactive|Time left: 300 sec this turn | 300 sec total\n|\n|t:|1783557896\n|switch|p2a: Minior|Minior-Violet, L79|100/100\n|-damage|p2a: Minior|75/100|[from] Stealth Rock\n|-formechange|p2a: Minior|Minior-Meteor||[from] ability: Shields Down\n|move|p1a: Dudunsparce|Earthquake|p2a: Minior\n|-immune|p2a: Minior\n|\n|-heal|p1a: Dudunsparce|191/343|[from] item: Leftovers\n|upkeep\n|turn|27\n|inactive|Time left: 300 sec this turn | 300 sec total\n|\n|t:|1783557897\n|move|p2a: Minior|Shell Smash|p2a: Minior\n|-unboost|p2a: Minior|def|1\n|-unboost|p2a: Minior|spd|1\n|-boost|p2a: Minior|atk|2\n|-boost|p2a: Minior|spa|2\n|-boost|p2a: Minior|spe|2\n|-enditem|p2a: Minior|White Herb\n|-clearnegativeboost|p2a: Minior|[silent]\n|move|p1a: Dudunsparce|Roost|p1a: Dudunsparce\n|-heal|p1a: Dudunsparce|343/343\n|-singleturn|p1a: Dudunsparce|move: Roost\n|\n|upkeep\n|turn|28\n|inactive|Time left: 300 sec this turn | 300 sec total\n|\n|t:|1783557898\n|move|p2a: Minior|Shell Smash|p2a: Minior\n|-unboost|p2a: Minior|def|1\n|-unboost|p2a: Minior|spd|1\n|-boost|p2a: Minior|atk|2\n|-boost|p2a: Minior|spa|2\n|-boost|p2a: Minior|spe|2\n|move|p1a: Dudunsparce|Headbutt|p2a: Minior\n|-resisted|p2a: Minior\n|-damage|p2a: Minior|52/100\n|\n|upkeep\n|turn|29\n|inactive|Time left: 300 sec this turn | 300 sec total\n|\n|t:|1783557899\n|move|p2a: Minior|Acrobatics|p1a: Dudunsparce\n|-damage|p1a: Dudunsparce|126/343\n|move|p1a: Dudunsparce|Roost|p1a: Dudunsparce\n|-heal|p1a: Dudunsparce|298/343\n|-singleturn|p1a: Dudunsparce|move: Roost\n|\n|-heal|p1a: Dudunsparce|319/343|[from] item: Leftovers\n|upkeep\n|turn|30\n|inactive|Time left: 300 sec this turn | 300 sec total\n|\n|t:|1783557899\n|move|p2a: Minior|Acrobatics|p1a: Dudunsparce\n|-damage|p1a: Dudunsparce|97/343\n|move|p1a: Dudunsparce|Roost|p1a: Dudunsparce\n|-heal|p1a: Dudunsparce|269/343\n|-singleturn|p1a: Dudunsparce|move: Roost\n|\n|-heal|p1a: Dudunsparce|290/343|[from] item: Leftovers\n|upkeep\n|turn|31\n|inactive|Time left: 300 sec this turn | 300 sec total\n|\n|t:|1783557900\n|move|p2a: Minior|Acrobatics|p1a: Dudunsparce\n|-damage|p1a: Dudunsparce|50/343\n|move|p1a: Dudunsparce|Roost|p1a: Dudunsparce\n|-heal|p1a: Dudunsparce|222/343\n|-singleturn|p1a: Dudunsparce|move: Roost\n|\n|-heal|p1a: Dudunsparce|243/343|[from] item: Leftovers\n|upkeep\n|turn|32\n|inactive|Time left: 300 sec this turn | 300 sec total\n|\n|t:|1783557901\n|move|p2a: Minior|Acrobatics|p1a: Dudunsparce\n|-damage|p1a: Dudunsparce|11/343\n|move|p1a: Dudunsparce|Roost|p1a: Dudunsparce\n|-heal|p1a: Dudunsparce|183/343\n|-singleturn|p1a: Dudunsparce|move: Roost\n|\n|-heal|p1a: Dudunsparce|204/343|[from] item: Leftovers\n|upkeep\n|turn|33\n|inactive|Time left: 300 sec this turn | 300 sec total\n|\n|t:|1783557902\n|move|p2a: Minior|Acrobatics|p1a: Dudunsparce\n|-damage|p1a: Dudunsparce|0 fnt\n|faint|p1a: Dudunsparce\n|\n|upkeep\n|inactive|Time left: 300 sec this turn | 300 sec total | 5 sec grace\n|\n|t:|1783557903\n|switch|p1a: Farigiraf|Farigiraf, L90, M|155/362\n|-damage|p1a: Farigiraf|110/362|[from] Stealth Rock\n|turn|34\n|inactive|Time left: 300 sec this turn | 300 sec total\n|\n|t:|1783557904\n|-terastallize|p1a: Farigiraf|Fairy\n|move|p1a: Farigiraf|Protect|p1a: Farigiraf\n|-singleturn|p1a: Farigiraf|Protect\n|move|p2a: Minior|Earthquake|p1a: Farigiraf\n|-activate|p1a: Farigiraf|move: Protect\n|\n|-heal|p1a: Farigiraf|132/362|[from] item: Leftovers\n|upkeep\n|turn|35\n|inactive|Time left: 300 sec this turn | 300 sec total\n|\n|t:|1783557905\n|move|p1a: Farigiraf|Protect|p1a: Farigiraf\n|-singleturn|p1a: Farigiraf|Protect\n|move|p2a: Minior|Earthquake|p1a: Farigiraf\n|-activate|p1a: Farigiraf|move: Protect\n|\n|-heal|p1a: Farigiraf|154/362|[from] item: Leftovers\n|upkeep\n|turn|36\n|inactive|Time left: 300 sec this turn | 300 sec total\n|\n|t:|1783557906\n|move|p1a: Farigiraf|Protect|p1a: Farigiraf\n|-singleturn|p1a: Farigiraf|Protect\n|move|p2a: Minior|Acrobatics|p1a: Farigiraf\n|-activate|p1a: Farigiraf|move: Protect\n|\n|-heal|p1a: Farigiraf|176/362|[from] item: Leftovers\n|upkeep\n|turn|37\n|inactive|Time left: 300 sec this turn | 300 sec total\n|\n|t:|1783557906\n|move|p2a: Minior|Acrobatics|p1a: Farigiraf\n|-damage|p1a: Farigiraf|0 fnt\n|faint|p1a: Farigiraf\n|\n|win|p0y1537f67e", "uploadtime": 1783557906, "views": 0, "rating": 0, "private": 0, "password": null, "_winner": "p0y1537f67e", "_our_name": "p0x1537e1da"}