{"id": "battle-gen9randombattle-1138", "formatid": "gen9randombattle", "format": "[Gen 9] Random Battle", "players": ["p0x1138d1ea", "p0y1138b7d7"], "log": "|init|battle\n|title|p0x1138d1ea vs. p0y1138b7d7\n|j|\u2606p0x1138d1ea\n|j|\u2606p0y1138b7d7\n|t:|1783553169\n|gametype|singles\n|player|p1|p0x1138d1ea|102|\n|player|p2|p0y1138b7d7|169|\n|gen|9\n|tier|[Gen 9] Random Battle\n|rule|Species Clause: Limit one of each Pok\u00e9mon\n|rule|HP Percentage Mod: HP is shown in percentages\n|rule|Sleep Clause Mod: Limit one foe put to sleep\n|rule|Illusion Level Mod: Illusion disguises the Pok\u00e9mon's true level\n|\n|t:|1783553169\n|teamsize|p1|6\n|teamsize|p2|6\n|start\n|switch|p1a: Drifblim|Drifblim, L86, F|100/100\n|switch|p2a: Krookodile|Krookodile, L79, F|280/280\n|-ability|p2a: Krookodile|Intimidate|boost\n|-unboost|p1a: Drifblim|atk|1\n|turn|1\n|inactive|Battle timer is ON: inactive players will automatically lose when time's up. (requested by p0x1138d1ea)\n|inactive|Time left: 300 sec this turn | 300 sec total | 60 sec grace\n|inactive|p0y1138b7d7 also wants the timer to be on.\n|\n|t:|1783553171\n|switch|p1a: Wyrdeer|Wyrdeer, L87, F|100/100\n|-ability|p1a: Wyrdeer|Intimidate|boost\n|-unboost|p2a: Krookodile|atk|1\n|move|p2a: Krookodile|Knock Off|p1a: Wyrdeer\n|-supereffective|p1a: Wyrdeer\n|-damage|p1a: Wyrdeer|54/100\n|-enditem|p1a: Wyrdeer|Leftovers|[from] move: Knock Off|[of] p2a: Krookodile\n|\n|upkeep\n|turn|2\n|inactive|Time left: 300 sec this turn | 300 sec total\n|\n|t:|1783553172\n|move|p2a: Krookodile|Knock Off|p1a: Wyrdeer\n|-supereffective|p1a: Wyrdeer\n|-damage|p1a: Wyrdeer|21/100\n|move|p1a: Wyrdeer|Megahorn|p2a: Krookodile\n|-supereffective|p2a: Krookodile\n|-damage|p2a: Krookodile|78/280\n|\n|upkeep\n|turn|3\n|inactive|Time left: 300 sec this turn | 300 sec total\n|\n|t:|1783553174\n|switch|p1a: Volcanion|Volcanion, L79|100/100\n|move|p2a: Krookodile|Knock Off|p1a: Volcanion\n|-damage|p1a: Volcanion|78/100\n|-enditem|p1a: Volcanion|Assault Vest|[from] move: Knock Off|[of] p2a: Krookodile\n|\n|upkeep\n|turn|4\n|inactive|Time left: 300 sec this turn | 300 sec total\n|\n|t:|1783553175\n|switch|p2a: Ampharos|Ampharos, L88, F|302/302\n|move|p1a: Volcanion|Flamethrower|p2a: Ampharos\n|-damage|p2a: Ampharos|233/302\n|\n|upkeep\n|turn|5\n|inactive|Time left: 300 sec this turn | 300 sec total\n|\n|t:|1783553176\n|move|p1a: Volcanion|Flamethrower|p2a: Ampharos\n|-damage|p2a: Ampharos|163/302\n|move|p2a: Ampharos|Thunderbolt|p1a: Volcanion\n|-supereffective|p1a: Volcanion\n|-damage|p1a: Volcanion|0 fnt\n|faint|p1a: Volcanion\n|\n|upkeep\n|\n|t:|1783553177\n|switch|p1a: Piloswine|Piloswine, L85, F|100/100\n|turn|6\n|inactive|Time left: 300 sec this turn | 300 sec total\n|\n|t:|1783553178\n|switch|p2a: Calyrex|Calyrex-Ice, L72|263/263\n|-ability|p2a: Calyrex|As One\n|-ability|p2a: Calyrex|Unnerve\n|move|p1a: Piloswine|Earthquake|p2a: Calyrex\n|-damage|p2a: Calyrex|175/263\n|\n|upkeep\n|turn|7\n|inactive|Time left: 300 sec this turn | 300 sec total\n|\n|t:|1783553180\n|move|p1a: Piloswine|Earthquake|p2a: Calyrex\n|-crit|p2a: Calyrex\n|-damage|p2a: Calyrex|43/263\n|move|p2a: Calyrex|Glacial Lance|p1a: Piloswine\n|-damage|p1a: Piloswine|83/100\n|\n|upkeep\n|turn|8\n|inactive|Time left: 300 sec this turn | 300 sec total\n|\n|t:|1783553181\n|switch|p2a: Espathra|Espathra, L80, F|283/283\n|move|p1a: Piloswine|Earthquake|p2a: Espathra\n|-damage|p2a: Espathra|117/283\n|\n|upkeep\n|turn|9\n|inactive|Time left: 300 sec this turn | 300 sec total\n|\n|t:|1783553182\n|move|p2a: Espathra|Lumina Crash|p1a: Piloswine\n|-crit|p1a: Piloswine\n|-damage|p1a: Piloswine|33/100\n|-unboost|p1a: Piloswine|spd|2\n|move|p1a: Piloswine|Earthquake|p2a: Espathra\n|-damage|p2a: Espathra|0 fnt\n|faint|p2a: Espathra\n|\n|upkeep\n|inactive|Time left: 300 sec this turn | 300 sec total | 5 sec grace\n|\n|t:|1783553183\n|switch|p2a: Quaquaval|Quaquaval, L79, M|264/264\n|turn|10\n|inactive|Time left: 300 sec this turn | 300 sec total\n|\n|t:|1783553184\n|switch|p1a: Drifblim|Drifblim, L86, F|100/100\n|move|p2a: Quaquaval|Aqua Step|p1a: Drifblim\n|-damage|p1a: Drifblim|54/100\n|-boost|p2a: Quaquaval|spe|1\n|-damage|p2a: Quaquaval|238/264|[from] item: Life Orb\n|\n|upkeep\n|turn|11\n|inactive|Time left: 300 sec this turn | 300 sec total\n|\n|t:|1783553185\n|move|p2a: Quaquaval|Triple Axel|p1a: Drifblim\n|-supereffective|p1a: Drifblim\n|-damage|p1a: Drifblim|39/100\n|-enditem|p1a: Drifblim|Sitrus Berry|[eat]\n|-heal|p1a: Drifblim|64/100|[from] item: Sitrus Berry\n|-supereffective|p1a: Drifblim\n|-damage|p1a: Drifblim|35/100\n|-supereffective|p1a: Drifblim\n|-damage|p1a: Drifblim|0 fnt\n|faint|p1a: Drifblim\n|-ability|p2a: Quaquaval|Moxie|boost\n|-boost|p2a: Quaquaval|atk|1\n|-hitcount|p1: Drifblim|3\n|-damage|p2a: Quaquaval|212/264|[from] item: Life Orb\n|\n|upkeep\n|\n|t:|1783553186\n|switch|p1a: Poliwrath|Poliwrath, L88, M|100/100\n|turn|12\n|inactive|Time left: 300 sec this turn | 300 sec total\n|\n|t:|1783553187\n|-terastallize|p2a: Quaquaval|Fighting\n|move|p2a: Quaquaval|Close Combat|p1a: Poliwrath\n|-damage|p1a: Poliwrath|3/100\n|-unboost|p2a: Quaquaval|def|1\n|-unboost|p2a: Quaquaval|spd|1\n|-damage|p2a: Quaquaval|186/264|[from] item: Life Orb\n|move|p1a: Poliwrath|Close Combat|p2a: Quaquaval\n|-damage|p2a: Quaquaval|0 fnt\n|-unboost|p1a: Poliwrath|def|1\n|-unboost|p1a: Poliwrath|spd|1\n|faint|p2a: Quaquaval\n|-damage|p1a: Poliwrath|0 fnt|[from] item: Life Orb\n|faint|p1a: Poliwrath\n|\n|upkeep\n|inactive|Time left: 300 sec this turn | 300 sec total | 5 sec grace\n|\n|t:|1783553188\n|switch|p2a: Floatzel|Floatzel, L86, F|286/286\n|switch|p1a: Piloswine|Piloswine, L85, F|33/100\n|turn|13\n|inactive|Time left: 300 sec this turn | 300 sec total\n|\n|t:|1783553189\n|-terastallize|p1a: Piloswine|Dragon\n|move|p2a: Floatzel|Wave Crash|p1a: Piloswine\n|-resisted|p1a: Piloswine\n|-damage|p1a: Piloswine|17/100\n|-damage|p2a: Floatzel|270/286|[from] Recoil\n|move|p1a: Piloswine|Earthquake|p2a: Floatzel\n|-damage|p2a: Floatzel|116/286\n|\n|-heal|p2a: Floatzel|133/286|[from] item: Leftovers\n|upkeep\n|turn|14\n|inactive|Time left: 300 sec this turn | 300 sec total\n|\n|t:|1783553190\n|move|p2a: Floatzel|Bulk Up|p2a: Floatzel\n|-boost|p2a: Floatzel|atk|1\n|-boost|p2a: Floatzel|def|1\n|move|p1a: Piloswine|Earthquake|p2a: Floatzel\n|-damage|p2a: Floatzel|34/286\n|\n|-heal|p2a: Floatzel|51/286|[from] item: Leftovers\n|upkeep\n|turn|15\n|inactive|Time left: 300 sec this turn | 300 sec total\n|\n|t:|1783553191\n|switch|p1a: Giratina|Giratina, L75|100/100\n|-ability|p1a: Giratina|Pressure\n|move|p2a: Floatzel|Wave Crash|p1a: Giratina\n|-resisted|p1a: Giratina\n|-damage|p1a: Giratina|76/100\n|-damage|p2a: Floatzel|23/286|[from] Recoil\n|\n|-heal|p2a: Floatzel|40/286|[from] item: Leftovers\n|-heal|p1a: Giratina|82/100|[from] item: Leftovers\n|upkeep\n|turn|16\n|inactive|Time left: 300 sec this turn | 300 sec total\n|\n|t:|1783553192\n|move|p2a: Floatzel|Ice Spinner|p1a: Giratina\n|-supereffective|p1a: Giratina\n|-damage|p1a: Giratina|31/100\n|move|p1a: Giratina|Shadow Ball|p2a: Floatzel\n|-damage|p2a: Floatzel|0 fnt\n|faint|p2a: Floatzel\n|\n|-heal|p1a: Giratina|37/100|[from] item: Leftovers\n|upkeep\n|inactive|Time left: 300 sec this turn | 300 sec total | 5 sec grace\n|\n|t:|1783553193\n|switch|p2a: Krookodile|Krookodile, L79, F|78/280\n|-ability|p2a: Krookodile|Intimidate|boost\n|-unboost|p1a: Giratina|atk|1\n|turn|17\n|inactive|Time left: 300 sec this turn | 300 sec total\n|\n|t:|1783553194\n|switch|p1a: Wyrdeer|Wyrdeer, L87, F|21/100\n|-ability|p1a: Wyrdeer|Intimidate|boost\n|-unboost|p2a: Krookodile|atk|1\n|move|p2a: Krookodile|Knock Off|p1a: Wyrdeer\n|-supereffective|p1a: Wyrdeer\n|-damage|p1a: Wyrdeer|0 fnt\n|faint|p1a: Wyrdeer\n|\n|upkeep\n|\n|t:|1783553195\n|switch|p1a: Piloswine|Piloswine, L85, F, tera:Dragon|17/100\n|turn|18\n|inactive|Time left: 300 sec this turn | 300 sec total\n|\n|t:|1783553196\n|switch|p2a: Ampharos|Ampharos, L88, F|163/302\n|move|p1a: Piloswine|Ice Shard|p2a: Ampharos\n|-damage|p2a: Ampharos|117/302\n|\n|upkeep\n|turn|19\n|inactive|Time left: 300 sec this turn | 300 sec total\n|\n|t:|1783553197\n|move|p2a: Ampharos|Dazzling Gleam|p1a: Piloswine\n|-supereffective|p1a: Piloswine\n|-damage|p1a: Piloswine|0 fnt\n|faint|p1a: Piloswine\n|\n|upkeep\n|\n|t:|1783553198\n|switch|p1a: Giratina|Giratina, L75|37/100\n|-ability|p1a: Giratina|Pressure\n|turn|20\n|inactive|Time left: 300 sec this turn | 300 sec total\n|\n|t:|1783553199\n|move|p1a: Giratina|Rest|p1a: Giratina\n|-status|p1a: Giratina|slp|[from] move: Rest\n|-heal|p1a: Giratina|100/100 slp|[silent]\n|move|p2a: Ampharos|Dazzling Gleam|p1a: Giratina\n|-supereffective|p1a: Giratina\n|-damage|p1a: Giratina|66/100 slp\n|\n|-heal|p1a: Giratina|72/100 slp|[from] item: Leftovers\n|upkeep\n|turn|21\n|inactive|Time left: 300 sec this turn | 300 sec total\n|\n|t:|1783553200\n|cant|p1a: Giratina|slp\n|move|p2a: Ampharos|Volt Switch|p1a: Giratina\n|-resisted|p1a: Giratina\n|-damage|p1a: Giratina|60/100 slp\n|inactive|Time left: 300 sec this turn | 300 sec total | 5 sec grace\n|\n|t:|1783553201\n|switch|p2a: Krookodile|Krookodile, L79, F|78/280|[from] Volt Switch\n|-ability|p2a: Krookodile|Intimidate|boost\n|-unboost|p1a: Giratina|atk|1\n|\n|-heal|p1a: Giratina|66/100 slp|[from] item: Leftovers\n|upkeep\n|turn|22\n|inactive|Time left: 300 sec this turn | 300 sec total\n|\n|t:|1783553202\n|move|p2a: Krookodile|Knock Off|p1a: Giratina\n|-supereffective|p1a: Giratina\n|-damage|p1a: Giratina|9/100 slp\n|-enditem|p1a: Giratina|Leftovers|[from] move: Knock Off|[of] p2a: Krookodile\n|cant|p1a: Giratina|slp\n|\n|upkeep\n|turn|23\n|inactive|Time left: 300 sec this turn | 300 sec total\n|\n|t:|1783553203\n|move|p2a: Krookodile|Knock Off|p1a: Giratina\n|-supereffective|p1a: Giratina\n|-damage|p1a: Giratina|0 fnt\n|faint|p1a: Giratina\n|\n|win|p0y1138b7d7", "uploadtime": 1783553203, "views": 0, "rating": 0, "private": 0, "password": null, "_winner": "p0y1138b7d7", "_our_name": "p0y1138b7d7"}