{"id": "battle-gen9randombattle-315", "formatid": "gen9randombattle", "format": "[Gen 9] Random Battle", "players": ["p0x315bca2", "p0y315db13"], "log": "|init|battle\n|title|p0x315bca2 vs. p0y315db13\n|j|\u2606p0x315bca2\n|j|\u2606p0y315db13\n|t:|1783542732\n|gametype|singles\n|player|p1|p0x315bca2|170|\n|player|p2|p0y315db13|169|\n|gen|9\n|tier|[Gen 9] Random Battle\n|rule|Species Clause: Limit one of each Pok\u00e9mon\n|rule|HP Percentage Mod: HP is shown in percentages\n|rule|Sleep Clause Mod: Limit one foe put to sleep\n|rule|Illusion Level Mod: Illusion disguises the Pok\u00e9mon's true level\n|\n|t:|1783542732\n|teamsize|p1|6\n|teamsize|p2|6\n|start\n|switch|p1a: Ursaring|Ursaring, L84, F|100/100\n|switch|p2a: Latios|Latios, L78, M|253/253\n|turn|1\n|inactive|Battle timer is ON: inactive players will automatically lose when time's up. (requested by p0y315db13)\n|inactive|p0x315bca2 also wants the timer to be on.\n|\n|t:|1783542734\n|move|p2a: Latios|Psyshock|p1a: Ursaring\n|-damage|p1a: Ursaring|71/100\n|move|p1a: Ursaring|Body Slam|p2a: Latios\n|-damage|p2a: Latios|133/253\n|\n|upkeep\n|turn|2\n|inactive|Time left: 300 sec this turn | 300 sec total\n|\n|t:|1783542735\n|move|p2a: Latios|Recover|p2a: Latios\n|-heal|p2a: Latios|253/253\n|move|p1a: Ursaring|Body Slam|p2a: Latios\n|-damage|p2a: Latios|127/253\n|-status|p2a: Latios|par\n|\n|upkeep\n|turn|3\n|inactive|Time left: 300 sec this turn | 300 sec total\n|\n|t:|1783542736\n|move|p1a: Ursaring|Body Slam|p2a: Latios\n|-damage|p2a: Latios|0 fnt\n|faint|p2a: Latios\n|\n|upkeep\n|inactive|Time left: 300 sec this turn | 300 sec total | 5 sec grace\n|\n|t:|1783542737\n|switch|p2a: Weezing|Weezing-Galar, L86, M|252/252\n|turn|4\n|inactive|Time left: 300 sec this turn | 300 sec total\n|\n|t:|1783542739\n|move|p2a: Weezing|Strange Steam|p1a: Ursaring\n|-damage|p1a: Ursaring|47/100\n|move|p1a: Ursaring|Body Slam|p2a: Weezing\n|-damage|p2a: Weezing|162/252\n|-status|p2a: Weezing|par\n|\n|-heal|p2a: Weezing|177/252 par|[from] item: Leftovers\n|upkeep\n|turn|5\n|inactive|Time left: 300 sec this turn | 300 sec total\n|\n|t:|1783542740\n|move|p1a: Ursaring|Body Slam|p2a: Weezing\n|-damage|p2a: Weezing|90/252 par\n|move|p2a: Weezing|Gunk Shot|p1a: Ursaring\n|-damage|p1a: Ursaring|13/100\n|-status|p1a: Ursaring|psn\n|\n|-heal|p2a: Weezing|105/252 par|[from] item: Leftovers\n|-damage|p1a: Ursaring|0 fnt|[from] psn\n|faint|p1a: Ursaring\n|upkeep\n|\n|t:|1783542741\n|switch|p1a: Toxtricity|Toxtricity, L82, M|100/100\n|turn|6\n|inactive|Time left: 300 sec this turn | 300 sec total\n|\n|t:|1783542742\n|switch|p2a: Reshiram|Reshiram, L76|277/277\n|-ability|p2a: Reshiram|Turboblaze\n|move|p1a: Toxtricity|Overdrive|p2a: Reshiram\n|-resisted|p2a: Reshiram\n|-damage|p2a: Reshiram|225/277\n|-enditem|p1a: Toxtricity|Throat Spray\n|-boost|p1a: Toxtricity|spa|1|[from] item: Throat Spray\n|\n|upkeep\n|turn|7\n|inactive|Time left: 300 sec this turn | 300 sec total\n|\n|t:|1783542743\n|-terastallize|p1a: Toxtricity|Normal\n|move|p2a: Reshiram|Blue Flare|p1a: Toxtricity\n|-damage|p1a: Toxtricity|25/100\n|move|p1a: Toxtricity|Boomburst|p2a: Reshiram\n|-damage|p2a: Reshiram|0 fnt\n|faint|p2a: Reshiram\n|\n|upkeep\n|inactive|Time left: 300 sec this turn | 300 sec total | 5 sec grace\n|\n|t:|1783542744\n|switch|p2a: Chi-Yu|Chi-Yu, L77|211/211\n|-ability|p2a: Chi-Yu|Beads of Ruin\n|turn|8\n|inactive|Time left: 300 sec this turn | 300 sec total\n|\n|t:|1783542745\n|switch|p1a: Dachsbun|Dachsbun, L92, M|100/100\n|move|p2a: Chi-Yu|Dark Pulse|p1a: Dachsbun\n|-resisted|p1a: Dachsbun\n|-damage|p1a: Dachsbun|77/100\n|\n|-heal|p1a: Dachsbun|83/100|[from] item: Leftovers\n|upkeep\n|turn|9\n|inactive|Time left: 300 sec this turn | 300 sec total\n|\n|t:|1783542747\n|switch|p2a: Weezing|Weezing-Galar, L86, M|105/252 par\n|move|p1a: Dachsbun|Body Press|p2a: Weezing\n|-resisted|p2a: Weezing\n|-damage|p2a: Weezing|91/252 par\n|\n|-heal|p1a: Dachsbun|89/100|[from] item: Leftovers\n|-heal|p2a: Weezing|106/252 par|[from] item: Leftovers\n|upkeep\n|turn|10\n|inactive|Time left: 300 sec this turn | 300 sec total\n|\n|t:|1783542748\n|move|p1a: Dachsbun|Protect|p1a: Dachsbun\n|-singleturn|p1a: Dachsbun|Protect\n|move|p2a: Weezing|Gunk Shot|p1a: Dachsbun\n|-activate|p1a: Dachsbun|move: Protect\n|\n|-heal|p1a: Dachsbun|95/100|[from] item: Leftovers\n|-heal|p2a: Weezing|121/252 par|[from] item: Leftovers\n|upkeep\n|turn|11\n|inactive|Time left: 300 sec this turn | 300 sec total\n|\n|t:|1783542749\n|switch|p1a: Bisharp|Bisharp, L79, M|100/100\n|move|p2a: Weezing|Gunk Shot|p1a: Bisharp\n|-immune|p1a: Bisharp\n|\n|-heal|p2a: Weezing|136/252 par|[from] item: Leftovers\n|upkeep\n|turn|12\n|inactive|Time left: 300 sec this turn | 300 sec total\n|\n|t:|1783542750\n|move|p1a: Bisharp|Iron Head|p2a: Weezing\n|-supereffective|p2a: Weezing\n|-damage|p2a: Weezing|2/252 par\n|move|p2a: Weezing|Will-O-Wisp|p1a: Bisharp\n|-status|p1a: Bisharp|brn\n|\n|-heal|p2a: Weezing|17/252 par|[from] item: Leftovers\n|-damage|p1a: Bisharp|94/100 brn|[from] brn\n|upkeep\n|turn|13\n|inactive|Time left: 300 sec this turn | 300 sec total\n|\n|t:|1783542751\n|switch|p2a: Chi-Yu|Chi-Yu, L77|211/211\n|-ability|p2a: Chi-Yu|Beads of Ruin\n|move|p1a: Bisharp|Swords Dance|p1a: Bisharp\n|-boost|p1a: Bisharp|atk|2\n|\n|-damage|p1a: Bisharp|88/100 brn|[from] brn\n|upkeep\n|turn|14\n|inactive|Time left: 300 sec this turn | 300 sec total\n|\n|t:|1783542752\n|switch|p1a: Dachsbun|Dachsbun, L92, M|95/100\n|move|p2a: Chi-Yu|Nasty Plot|p2a: Chi-Yu\n|-boost|p2a: Chi-Yu|spa|2\n|\n|-heal|p1a: Dachsbun|100/100|[from] item: Leftovers\n|upkeep\n|turn|15\n|inactive|Time left: 300 sec this turn | 300 sec total\n|\n|t:|1783542753\n|move|p1a: Dachsbun|Body Press|p2a: Chi-Yu\n|-supereffective|p2a: Chi-Yu\n|-damage|p2a: Chi-Yu|23/211\n|move|p2a: Chi-Yu|Dark Pulse|p1a: Dachsbun\n|-resisted|p1a: Dachsbun\n|-damage|p1a: Dachsbun|56/100\n|\n|-heal|p1a: Dachsbun|62/100|[from] item: Leftovers\n|upkeep\n|turn|16\n|inactive|Time left: 300 sec this turn | 300 sec total\n|\n|t:|1783542754\n|move|p1a: Dachsbun|Body Press|p2a: Chi-Yu\n|-supereffective|p2a: Chi-Yu\n|-damage|p2a: Chi-Yu|0 fnt\n|faint|p2a: Chi-Yu\n|\n|-heal|p1a: Dachsbun|68/100|[from] item: Leftovers\n|upkeep\n|inactive|Time left: 300 sec this turn | 300 sec total | 5 sec grace\n|\n|t:|1783542755\n|switch|p2a: Dondozo|Dondozo, L78, M|362/362\n|turn|17\n|inactive|Time left: 300 sec this turn | 300 sec total\n|\n|t:|1783542756\n|move|p1a: Dachsbun|Wish|p1a: Dachsbun\n|move|p2a: Dondozo|Curse|p2a: Dondozo\n|-unboost|p2a: Dondozo|spe|1\n|-boost|p2a: Dondozo|atk|1\n|-boost|p2a: Dondozo|def|1\n|\n|-heal|p1a: Dachsbun|74/100|[from] item: Leftovers\n|upkeep\n|turn|18\n|inactive|Time left: 300 sec this turn | 300 sec total\n|\n|t:|1783542757\n|switch|p1a: Yanmega|Yanmega, L82, M|100/100\n|move|p2a: Dondozo|Wave Crash|p1a: Yanmega\n|-damage|p1a: Yanmega|35/100\n|-damage|p2a: Dondozo|303/362|[from] Recoil\n|\n|-heal|p1a: Yanmega|81/100|[from] move: Wish|[wisher] Dachsbun\n|-heal|p2a: Dondozo|325/362|[from] item: Leftovers\n|upkeep\n|turn|19\n|inactive|Time left: 300 sec this turn | 300 sec total\n|\n|t:|1783542757\n|move|p1a: Yanmega|Bug Buzz|p2a: Dondozo\n|-damage|p2a: Dondozo|181/362\n|move|p2a: Dondozo|Wave Crash|p1a: Yanmega\n|-damage|p1a: Yanmega|14/100\n|-damage|p2a: Dondozo|120/362|[from] Recoil\n|\n|-heal|p2a: Dondozo|142/362|[from] item: Leftovers\n|-ability|p1a: Yanmega|Speed Boost|boost\n|-boost|p1a: Yanmega|spe|1\n|upkeep\n|turn|20\n|inactive|Time left: 300 sec this turn | 300 sec total\n|\n|t:|1783542758\n|move|p1a: Yanmega|Bug Buzz|p2a: Dondozo\n|-damage|p2a: Dondozo|0 fnt\n|faint|p2a: Dondozo\n|\n|-ability|p1a: Yanmega|Speed Boost|boost\n|-boost|p1a: Yanmega|spe|1\n|upkeep\n|inactive|Time left: 300 sec this turn | 300 sec total | 5 sec grace\n|\n|t:|1783542759\n|switch|p2a: Meloetta|Meloetta, L82|298/298\n|turn|21\n|inactive|Time left: 300 sec this turn | 300 sec total\n|\n|t:|1783542759\n|move|p1a: Yanmega|Bug Buzz|p2a: Meloetta\n|-supereffective|p2a: Meloetta\n|-damage|p2a: Meloetta|130/298\n|move|p2a: Meloetta|Knock Off|p1a: Yanmega\n|-damage|p1a: Yanmega|0 fnt\n|-enditem|p1a: Yanmega|Heavy-Duty Boots|[from] move: Knock Off|[of] p2a: Meloetta\n|faint|p1a: Yanmega\n|-damage|p2a: Meloetta|101/298|[from] item: Life Orb\n|\n|upkeep\n|\n|t:|1783542760\n|switch|p1a: Dachsbun|Dachsbun, L92, M|74/100\n|turn|22\n|inactive|Time left: 300 sec this turn | 300 sec total\n|\n|t:|1783542761\n|move|p1a: Dachsbun|Play Rough|p2a: Meloetta\n|-crit|p2a: Meloetta\n|-damage|p2a: Meloetta|0 fnt\n|faint|p2a: Meloetta\n|\n|-heal|p1a: Dachsbun|80/100|[from] item: Leftovers\n|upkeep\n|inactive|Time left: 300 sec this turn | 300 sec total | 5 sec grace\n|\n|t:|1783542762\n|switch|p2a: Weezing|Weezing-Galar, L86, M|17/252 par\n|turn|23\n|inactive|Time left: 300 sec this turn | 300 sec total\n|\n|t:|1783542762\n|move|p1a: Dachsbun|Play Rough|p2a: Weezing\n|-resisted|p2a: Weezing\n|-damage|p2a: Weezing|0 fnt\n|faint|p2a: Weezing\n|\n|win|p0x315bca2", "uploadtime": 1783542762, "views": 0, "rating": 0, "private": 0, "password": null, "_winner": "p0x315bca2", "_our_name": "p0y315db13"}