{"id": "battle-gen9randombattle-2276", "formatid": "gen9randombattle", "format": "[Gen 9] Random Battle", "players": ["p0x22762a24", "p0y2276ca69"], "log": "|init|battle\n|title|p0x22762a24 vs. p0y2276ca69\n|j|\u2606p0x22762a24\n|j|\u2606p0y2276ca69\n|t:|1783566383\n|gametype|singles\n|player|p1|p0x22762a24|1|\n|player|p2|p0y2276ca69|101|\n|gen|9\n|tier|[Gen 9] Random Battle\n|rule|Species Clause: Limit one of each Pok\u00e9mon\n|rule|HP Percentage Mod: HP is shown in percentages\n|rule|Sleep Clause Mod: Limit one foe put to sleep\n|rule|Illusion Level Mod: Illusion disguises the Pok\u00e9mon's true level\n|\n|t:|1783566383\n|teamsize|p1|6\n|teamsize|p2|6\n|start\n|switch|p1a: Deoxys|Deoxys-Attack, L72|100/100\n|switch|p2a: Jumpluff|Jumpluff, L87, F|271/271\n|-ability|p1a: Deoxys|Pressure\n|turn|1\n|inactive|Battle timer is ON: inactive players will automatically lose when time's up. (requested by p0y2276ca69)\n|inactive|p0x22762a24 also wants the timer to be on.\n|\n|t:|1783566384\n|switch|p1a: Oricorio|Oricorio-Sensu, L85, M|100/100\n|move|p2a: Jumpluff|Acrobatics|p1a: Oricorio\n|-damage|p1a: Oricorio|63/100\n|\n|upkeep\n|turn|2\n|inactive|Time left: 300 sec this turn | 300 sec total\n|\n|t:|1783566385\n|move|p2a: Jumpluff|Sleep Powder|p1a: Oricorio\n|-status|p1a: Oricorio|slp|[from] move: Sleep Powder\n|cant|p1a: Oricorio|slp\n|\n|upkeep\n|turn|3\n|inactive|Time left: 300 sec this turn | 300 sec total\n|\n|t:|1783566386\n|move|p2a: Jumpluff|Acrobatics|p1a: Oricorio\n|-damage|p1a: Oricorio|25/100 slp\n|cant|p1a: Oricorio|slp\n|\n|upkeep\n|turn|4\n|inactive|Time left: 300 sec this turn | 300 sec total\n|\n|t:|1783566387\n|move|p2a: Jumpluff|Acrobatics|p1a: Oricorio\n|-damage|p1a: Oricorio|0 fnt\n|faint|p1a: Oricorio\n|\n|upkeep\n|\n|t:|1783566388\n|switch|p1a: Vigoroth|Vigoroth, L85, F|100/100\n|turn|5\n|inactive|Time left: 300 sec this turn | 300 sec total\n|\n|t:|1783566389\n|switch|p2a: Ribombee|Ribombee, L83, F|235/235\n|move|p1a: Vigoroth|Bulk Up|p1a: Vigoroth\n|-boost|p1a: Vigoroth|atk|1\n|-boost|p1a: Vigoroth|def|1\n|\n|upkeep\n|turn|6\n|inactive|Time left: 300 sec this turn | 300 sec total\n|\n|t:|1783566390\n|move|p2a: Ribombee|Sticky Web|p1a: Vigoroth\n|-sidestart|p1: p0x22762a24|move: Sticky Web\n|move|p1a: Vigoroth|Body Slam|p2a: Ribombee\n|-damage|p2a: Ribombee|60/235\n|\n|upkeep\n|turn|7\n|inactive|Time left: 300 sec this turn | 300 sec total\n|\n|t:|1783566391\n|move|p2a: Ribombee|Moonblast|p1a: Vigoroth\n|-damage|p1a: Vigoroth|66/100\n|move|p1a: Vigoroth|Bulk Up|p1a: Vigoroth\n|-boost|p1a: Vigoroth|atk|1\n|-boost|p1a: Vigoroth|def|1\n|\n|upkeep\n|turn|8\n|inactive|Time left: 300 sec this turn | 300 sec total\n|\n|t:|1783566392\n|move|p2a: Ribombee|Moonblast|p1a: Vigoroth\n|-damage|p1a: Vigoroth|32/100\n|move|p1a: Vigoroth|Slack Off|p1a: Vigoroth\n|-heal|p1a: Vigoroth|82/100\n|\n|upkeep\n|turn|9\n|inactive|Time left: 300 sec this turn | 300 sec total\n|\n|t:|1783566393\n|move|p2a: Ribombee|Stun Spore|p1a: Vigoroth|[miss]\n|-miss|p2a: Ribombee|p1a: Vigoroth\n|move|p1a: Vigoroth|Earthquake|p2a: Ribombee\n|-resisted|p2a: Ribombee\n|-damage|p2a: Ribombee|0 fnt\n|faint|p2a: Ribombee\n|\n|upkeep\n|inactive|Time left: 300 sec this turn | 300 sec total | 5 sec grace\n|\n|t:|1783566394\n|switch|p2a: Lumineon|Lumineon, L93, M|279/279\n|turn|10\n|inactive|Time left: 300 sec this turn | 300 sec total\n|\n|t:|1783566395\n|move|p2a: Lumineon|Hydro Pump|p1a: Vigoroth\n|-damage|p1a: Vigoroth|30/100\n|-damage|p2a: Lumineon|252/279|[from] item: Life Orb\n|move|p1a: Vigoroth|Body Slam|p2a: Lumineon\n|-damage|p2a: Lumineon|84/279\n|\n|upkeep\n|turn|11\n|inactive|Time left: 300 sec this turn | 300 sec total\n|\n|t:|1783566396\n|move|p2a: Lumineon|Hydro Pump|p1a: Vigoroth\n|-crit|p1a: Vigoroth\n|-damage|p1a: Vigoroth|0 fnt\n|faint|p1a: Vigoroth\n|-damage|p2a: Lumineon|57/279|[from] item: Life Orb\n|\n|upkeep\n|\n|t:|1783566396\n|switch|p1a: Terapagos|Terapagos, L77, M|100/100\n|-activate|p1a: Terapagos|ability: Tera Shift\n|detailschange|p1a: Terapagos|Terapagos-Terastal, L77, M\n|-heal|p1a: Terapagos|100/100|[silent]\n|turn|12\n|inactive|Time left: 300 sec this turn | 300 sec total\n|\n|t:|1783566397\n|move|p2a: Lumineon|Hydro Pump|p1a: Terapagos\n|-activate|p1a: Terapagos|ability: Tera Shell\n|-resisted|p1a: Terapagos\n|-damage|p1a: Terapagos|78/100\n|-damage|p2a: Lumineon|30/279|[from] item: Life Orb\n|move|p1a: Terapagos|Rapid Spin|p2a: Lumineon\n|-damage|p2a: Lumineon|0 fnt\n|-boost|p1a: Terapagos|spe|1\n|-sideend|p1: p0x22762a24|Sticky Web|[from] move: Rapid Spin|[of] p1a: Terapagos\n|faint|p2a: Lumineon\n|\n|upkeep\n|inactive|Time left: 300 sec this turn | 300 sec total | 5 sec grace\n|\n|t:|1783566398\n|switch|p2a: Wugtrio|Wugtrio, L91, F|212/212\n|turn|13\n|inactive|Time left: 300 sec this turn | 300 sec total\n|\n|t:|1783566399\n|move|p2a: Wugtrio|Liquidation|p1a: Terapagos\n|-crit|p1a: Terapagos\n|-damage|p1a: Terapagos|0 fnt\n|faint|p1a: Terapagos\n|\n|upkeep\n|\n|t:|1783566400\n|switch|p1a: Coalossal|Coalossal, L89, F|100/100\n|turn|14\n|inactive|Time left: 300 sec this turn | 300 sec total\n|\n|t:|1783566401\n|-terastallize|p1a: Coalossal|Grass\n|move|p2a: Wugtrio|Liquidation|p1a: Coalossal\n|-resisted|p1a: Coalossal\n|-crit|p1a: Coalossal\n|-damage|p1a: Coalossal|76/100\n|move|p1a: Coalossal|Will-O-Wisp|p2a: Wugtrio\n|-status|p2a: Wugtrio|brn\n|\n|-damage|p2a: Wugtrio|199/212 brn|[from] brn\n|upkeep\n|turn|15\n|inactive|Time left: 300 sec this turn | 300 sec total\n|\n|t:|1783566402\n|move|p2a: Wugtrio|Liquidation|p1a: Coalossal\n|-resisted|p1a: Coalossal\n|-crit|p1a: Coalossal\n|-damage|p1a: Coalossal|64/100\n|-unboost|p1a: Coalossal|def|1\n|move|p1a: Coalossal|Stealth Rock|p2a: Wugtrio\n|-sidestart|p2: p0y2276ca69|move: Stealth Rock\n|\n|-damage|p2a: Wugtrio|186/212 brn|[from] brn\n|upkeep\n|turn|16\n|inactive|Time left: 300 sec this turn | 300 sec total\n|\n|t:|1783566403\n|move|p2a: Wugtrio|Liquidation|p1a: Coalossal\n|-resisted|p1a: Coalossal\n|-damage|p1a: Coalossal|51/100\n|move|p1a: Coalossal|Stone Edge|p2a: Wugtrio|[miss]\n|-miss|p1a: Coalossal|p2a: Wugtrio\n|\n|-damage|p2a: Wugtrio|173/212 brn|[from] brn\n|upkeep\n|turn|17\n|inactive|Time left: 300 sec this turn | 300 sec total\n|\n|t:|1783566404\n|move|p2a: Wugtrio|Liquidation|p1a: Coalossal\n|-resisted|p1a: Coalossal\n|-damage|p1a: Coalossal|37/100\n|move|p1a: Coalossal|Stone Edge|p2a: Wugtrio\n|-damage|p2a: Wugtrio|26/212 brn\n|\n|-damage|p2a: Wugtrio|13/212 brn|[from] brn\n|upkeep\n|turn|18\n|inactive|Time left: 300 sec this turn | 300 sec total\n|\n|t:|1783566406\n|move|p2a: Wugtrio|Liquidation|p1a: Coalossal\n|-resisted|p1a: Coalossal\n|-damage|p1a: Coalossal|23/100\n|move|p1a: Coalossal|Will-O-Wisp|p2a: Wugtrio\n|-fail|p2a: Wugtrio|brn\n|\n|-damage|p2a: Wugtrio|0 fnt|[from] brn\n|faint|p2a: Wugtrio\n|upkeep\n|inactive|Time left: 300 sec this turn | 300 sec total | 5 sec grace\n|\n|t:|1783566407\n|switch|p2a: Cinderace|Cinderace, L77, F|250/250\n|turn|19\n|inactive|Time left: 300 sec this turn | 300 sec total\n|\n|t:|1783566408\n|switch|p1a: Luvdisc|Luvdisc, F|100/100\n|move|p2a: Cinderace|Pyro Ball|p1a: Luvdisc\n|-resisted|p1a: Luvdisc\n|-damage|p1a: Luvdisc|73/100\n|\n|upkeep\n|turn|20\n|inactive|Time left: 300 sec this turn | 300 sec total\n|\n|t:|1783566409\n|move|p1a: Luvdisc|Surf|p2a: Cinderace\n|-supereffective|p2a: Cinderace\n|-damage|p2a: Cinderace|76/250\n|move|p2a: Cinderace|U-turn|p1a: Luvdisc\n|-start|p2a: Cinderace|typechange|Bug|[from] ability: Libero\n|-damage|p1a: Luvdisc|39/100\n|inactive|Time left: 300 sec this turn | 300 sec total | 5 sec grace\n|\n|t:|1783566410\n|switch|p2a: Jumpluff|Jumpluff, L87, F|271/271|[from] U-turn\n|-damage|p2a: Jumpluff|204/271|[from] Stealth Rock\n|\n|upkeep\n|turn|21\n|inactive|Time left: 300 sec this turn | 300 sec total\n|\n|t:|1783566411\n|move|p1a: Luvdisc|Endeavor|p2a: Jumpluff\n|-damage|p2a: Jumpluff|96/271\n|move|p2a: Jumpluff|Acrobatics|p1a: Luvdisc\n|-damage|p1a: Luvdisc|1/100\n|\n|upkeep\n|turn|22\n|inactive|Time left: 300 sec this turn | 300 sec total\n|\n|t:|1783566412\n|move|p1a: Luvdisc|Endeavor|p2a: Jumpluff\n|-damage|p2a: Jumpluff|2/271\n|move|p2a: Jumpluff|Strength Sap|p1a: Luvdisc\n|-unboost|p1a: Luvdisc|atk|1\n|-heal|p2a: Jumpluff|67/271\n|\n|upkeep\n|turn|23\n|inactive|Time left: 300 sec this turn | 300 sec total\n|\n|t:|1783566413\n|move|p1a: Luvdisc|Surf|p2a: Jumpluff\n|-resisted|p2a: Jumpluff\n|-damage|p2a: Jumpluff|31/271\n|move|p2a: Jumpluff|Strength Sap|p1a: Luvdisc\n|-unboost|p1a: Luvdisc|atk|1\n|-heal|p2a: Jumpluff|74/271\n|\n|upkeep\n|turn|24\n|inactive|Time left: 300 sec this turn | 300 sec total\n|\n|t:|1783566414\n|move|p1a: Luvdisc|Endeavor|p2a: Jumpluff\n|-damage|p2a: Jumpluff|2/271\n|move|p2a: Jumpluff|Strength Sap|p1a: Luvdisc\n|-unboost|p1a: Luvdisc|atk|1\n|-heal|p2a: Jumpluff|34/271\n|\n|upkeep\n|turn|25\n|inactive|Time left: 300 sec this turn | 300 sec total\n|\n|t:|1783566415\n|move|p1a: Luvdisc|Surf|p2a: Jumpluff\n|-resisted|p2a: Jumpluff\n|-crit|p2a: Jumpluff\n|-damage|p2a: Jumpluff|0 fnt\n|faint|p2a: Jumpluff\n|\n|upkeep\n|inactive|Time left: 300 sec this turn | 300 sec total | 5 sec grace\n|\n|t:|1783566416\n|switch|p2a: Cinderace|Cinderace, L77, F|76/250\n|turn|26\n|inactive|Time left: 300 sec this turn | 300 sec total\n|\n|t:|1783566417\n|move|p1a: Luvdisc|Surf|p2a: Cinderace\n|-supereffective|p2a: Cinderace\n|-damage|p2a: Cinderace|0 fnt\n|faint|p2a: Cinderace\n|\n|upkeep\n|inactive|Time left: 300 sec this turn | 300 sec total | 5 sec grace\n|\n|t:|1783566418\n|switch|p2a: Klefki|Klefki, L84, M|233/233\n|-damage|p2a: Klefki|219/233|[from] Stealth Rock\n|turn|27\n|inactive|Time left: 300 sec this turn | 300 sec total\n|\n|t:|1783566419\n|move|p2a: Klefki|Thunder Wave|p1a: Luvdisc|[miss]\n|-miss|p2a: Klefki|p1a: Luvdisc\n|move|p1a: Luvdisc|Endeavor|p2a: Klefki\n|-damage|p2a: Klefki|2/233\n|\n|-heal|p2a: Klefki|16/233|[from] item: Leftovers\n|upkeep\n|turn|28\n|inactive|Time left: 300 sec this turn | 300 sec total\n|\n|t:|1783566421\n|move|p2a: Klefki|Thunder Wave|p1a: Luvdisc\n|-status|p1a: Luvdisc|par\n|move|p1a: Luvdisc|Surf|p2a: Klefki\n|-damage|p2a: Klefki|0 fnt\n|faint|p2a: Klefki\n|\n|win|p0x22762a24", "uploadtime": 1783566421, "views": 0, "rating": 0, "private": 0, "password": null, "_winner": "p0x22762a24", "_our_name": "p0y2276ca69"}