{"id": "battle-gen9randombattle-1329", "formatid": "gen9randombattle", "format": "[Gen 9] Random Battle", "players": ["p0x1329690b", "p0y13298c63"], "log": "|init|battle\n|title|p0x1329690b vs. p0y13298c63\n|j|\u2606p0x1329690b\n|j|\u2606p0y13298c63\n|t:|1783554569\n|gametype|singles\n|player|p1|p0x1329690b|266|\n|player|p2|p0y13298c63|266|\n|gen|9\n|tier|[Gen 9] Random Battle\n|rule|Species Clause: Limit one of each Pok\u00e9mon\n|rule|HP Percentage Mod: HP is shown in percentages\n|rule|Sleep Clause Mod: Limit one foe put to sleep\n|rule|Illusion Level Mod: Illusion disguises the Pok\u00e9mon's true level\n|\n|t:|1783554569\n|teamsize|p1|6\n|teamsize|p2|6\n|start\n|switch|p1a: Kilowattrel|Kilowattrel, L83, M|252/252\n|switch|p2a: Drednaw|Drednaw, L81, M|100/100\n|turn|1\n|inactive|Battle timer is ON: inactive players will automatically lose when time's up. (requested by p0y13298c63)\n|inactive|Time left: 300 sec this turn | 300 sec total | 60 sec grace\n|\n|t:|1783554570\n|move|p1a: Kilowattrel|Discharge|p2a: Drednaw\n|-supereffective|p2a: Drednaw\n|-damage|p2a: Drednaw|25/100\n|move|p2a: Drednaw|Shell Smash|p2a: Drednaw\n|-unboost|p2a: Drednaw|def|1\n|-unboost|p2a: Drednaw|spd|1\n|-boost|p2a: Drednaw|atk|2\n|-boost|p2a: Drednaw|spa|2\n|-boost|p2a: Drednaw|spe|2\n|-enditem|p2a: Drednaw|White Herb\n|-clearnegativeboost|p2a: Drednaw|[silent]\n|\n|upkeep\n|turn|2\n|inactive|Time left: 300 sec this turn | 300 sec total\n|inactive|p0x1329690b also wants the timer to be on.\n|\n|t:|1783554571\n|switch|p1a: Gurdurr|Gurdurr, L85, F|283/283\n|move|p2a: Drednaw|Stone Edge|p1a: Gurdurr\n|-resisted|p1a: Gurdurr\n|-damage|p1a: Gurdurr|211/283\n|\n|upkeep\n|turn|3\n|inactive|Time left: 300 sec this turn | 300 sec total\n|\n|t:|1783554572\n|switch|p2a: Slowbro|Slowbro-Galar, L87, F|100/100\n|move|p1a: Gurdurr|Drain Punch|p2a: Slowbro\n|-resisted|p2a: Slowbro\n|-damage|p2a: Slowbro|94/100\n|-heal|p1a: Gurdurr|221/283|[from] drain|[of] p2a: Slowbro\n|-damage|p1a: Gurdurr|174/283|[from] item: Rocky Helmet|[of] p2a: Slowbro\n|\n|upkeep\n|turn|4\n|inactive|Time left: 300 sec this turn | 300 sec total\n|\n|t:|1783554574\n|switch|p1a: Magearna|Magearna-Original, L77|250/250\n|move|p2a: Slowbro|Psychic|p1a: Magearna\n|-resisted|p1a: Magearna\n|-damage|p1a: Magearna|207/250\n|\n|-heal|p1a: Magearna|222/250|[from] item: Leftovers\n|upkeep\n|turn|5\n|inactive|Time left: 300 sec this turn | 300 sec total\n|\n|t:|1783554575\n|move|p1a: Magearna|Flash Cannon|p2a: Slowbro\n|-damage|p2a: Slowbro|63/100\n|move|p2a: Slowbro|Fire Blast|p1a: Magearna\n|-supereffective|p1a: Magearna\n|-damage|p1a: Magearna|80/250\n|\n|-heal|p1a: Magearna|95/250|[from] item: Leftovers\n|upkeep\n|turn|6\n|inactive|Time left: 300 sec this turn | 300 sec total\n|\n|t:|1783554576\n|move|p1a: Magearna|Pain Split|p2a: Slowbro\n|-sethp|p2a: Slowbro|47/100|[from] move: Pain Split|[silent]\n|-sethp|p1a: Magearna|143/250|[from] move: Pain Split\n|move|p2a: Slowbro|Fire Blast|p1a: Magearna\n|-supereffective|p1a: Magearna\n|-damage|p1a: Magearna|0 fnt\n|faint|p1a: Magearna\n|\n|upkeep\n|inactive|Time left: 300 sec this turn | 300 sec total | 5 sec grace\n|\n|t:|1783554577\n|switch|p1a: Lilligant|Lilligant, L86, F|261/261\n|turn|7\n|inactive|Time left: 300 sec this turn | 300 sec total\n|\n|t:|1783554578\n|move|p1a: Lilligant|Quiver Dance|p1a: Lilligant\n|-boost|p1a: Lilligant|spa|1\n|-boost|p1a: Lilligant|spd|1\n|-boost|p1a: Lilligant|spe|1\n|move|p2a: Slowbro|Shell Side Arm|p1a: Lilligant|[anim] Shell Side Arm Physical\n|-supereffective|p1a: Lilligant\n|-damage|p1a: Lilligant|15/261\n|-hint|Physical Shell Side Arm\n|\n|upkeep\n|turn|8\n|inactive|Time left: 300 sec this turn | 300 sec total\n|\n|t:|1783554579\n|move|p1a: Lilligant|Sleep Powder|p2a: Slowbro\n|-status|p2a: Slowbro|slp|[from] move: Sleep Powder\n|cant|p2a: Slowbro|slp\n|\n|upkeep\n|turn|9\n|inactive|Time left: 300 sec this turn | 300 sec total\n|\n|t:|1783554580\n|switch|p2a: Muk|Muk, L86, F|100/100\n|move|p1a: Lilligant|Petal Dance|p2a: Muk\n|-resisted|p2a: Muk\n|-damage|p2a: Muk|63/100\n|-damage|p1a: Lilligant|0 fnt|[from] item: Life Orb\n|faint|p1a: Lilligant\n|\n|-heal|p2a: Muk|69/100|[from] item: Leftovers\n|upkeep\n|inactive|Time left: 300 sec this turn | 300 sec total | 5 sec grace\n|\n|t:|1783554581\n|switch|p1a: Gurdurr|Gurdurr, L85, F|174/283\n|turn|10\n|inactive|Time left: 300 sec this turn | 300 sec total\n|\n|t:|1783554582\n|move|p2a: Muk|Poison Jab|p1a: Gurdurr\n|-damage|p1a: Gurdurr|105/283\n|move|p1a: Gurdurr|Knock Off|p2a: Muk\n|-damage|p2a: Muk|41/100\n|-enditem|p2a: Muk|Leftovers|[from] move: Knock Off|[of] p1a: Gurdurr\n|\n|upkeep\n|turn|11\n|inactive|Time left: 300 sec this turn | 300 sec total\n|\n|t:|1783554583\n|move|p2a: Muk|Poison Jab|p1a: Gurdurr\n|-damage|p1a: Gurdurr|41/283\n|-status|p1a: Gurdurr|psn\n|move|p1a: Gurdurr|Knock Off|p2a: Muk\n|-damage|p2a: Muk|14/100\n|\n|-damage|p1a: Gurdurr|6/283 psn|[from] psn\n|upkeep\n|turn|12\n|inactive|Time left: 300 sec this turn | 300 sec total\n|\n|t:|1783554584\n|switch|p1a: Phione|Phione, L91|293/293\n|move|p2a: Muk|Knock Off|p1a: Phione\n|-damage|p1a: Phione|220/293\n|-status|p1a: Phione|psn|[from] ability: Poison Touch|[of] p2a: Muk\n|-enditem|p1a: Phione|Leftovers|[from] move: Knock Off|[of] p2a: Muk\n|\n|-damage|p1a: Phione|184/293 psn|[from] psn\n|upkeep\n|turn|13\n|inactive|Time left: 300 sec this turn | 300 sec total\n|\n|t:|1783554585\n|switch|p2a: Slowbro|Slowbro-Galar, L87, F|80/100 slp\n|move|p1a: Phione|Scald|p2a: Slowbro\n|-damage|p2a: Slowbro|51/100 slp\n|\n|-damage|p1a: Phione|148/293 psn|[from] psn\n|upkeep\n|turn|14\n|inactive|Time left: 300 sec this turn | 300 sec total\n|\n|t:|1783554586\n|move|p1a: Phione|Scald|p2a: Slowbro\n|-damage|p2a: Slowbro|18/100 slp\n|cant|p2a: Slowbro|slp\n|\n|-damage|p1a: Phione|112/293 psn|[from] psn\n|upkeep\n|turn|15\n|inactive|Time left: 300 sec this turn | 300 sec total\n|\n|t:|1783554587\n|switch|p2a: Suicune|Suicune, L82|100/100\n|-ability|p2a: Suicune|Pressure\n|move|p1a: Phione|Scald|p2a: Suicune\n|-resisted|p2a: Suicune\n|-damage|p2a: Suicune|89/100\n|\n|-heal|p2a: Suicune|95/100|[from] item: Leftovers\n|-damage|p1a: Phione|76/293 psn|[from] psn\n|upkeep\n|turn|16\n|inactive|Time left: 300 sec this turn | 300 sec total\n|\n|t:|1783554587\n|move|p1a: Phione|Grass Knot|p2a: Suicune\n|-supereffective|p2a: Suicune\n|-damage|p2a: Suicune|57/100\n|move|p2a: Suicune|Calm Mind|p2a: Suicune\n|-boost|p2a: Suicune|spa|1\n|-boost|p2a: Suicune|spd|1\n|\n|-heal|p2a: Suicune|63/100|[from] item: Leftovers\n|-damage|p1a: Phione|40/293 psn|[from] psn\n|upkeep\n|turn|17\n|inactive|Time left: 300 sec this turn | 300 sec total\n|\n|t:|1783554589\n|move|p1a: Phione|Grass Knot|p2a: Suicune\n|-supereffective|p2a: Suicune\n|-damage|p2a: Suicune|37/100\n|move|p2a: Suicune|Calm Mind|p2a: Suicune\n|-boost|p2a: Suicune|spa|1\n|-boost|p2a: Suicune|spd|1\n|\n|-heal|p2a: Suicune|43/100|[from] item: Leftovers\n|-damage|p1a: Phione|4/293 psn|[from] psn\n|upkeep\n|turn|18\n|inactive|Time left: 300 sec this turn | 300 sec total\n|\n|t:|1783554589\n|move|p1a: Phione|Grass Knot|p2a: Suicune\n|-supereffective|p2a: Suicune\n|-damage|p2a: Suicune|23/100\n|move|p2a: Suicune|Rest|p2a: Suicune\n|-status|p2a: Suicune|slp|[from] move: Rest\n|-heal|p2a: Suicune|100/100 slp|[silent]\n|\n|-damage|p1a: Phione|0 fnt|[from] psn\n|faint|p1a: Phione\n|upkeep\n|inactive|Time left: 300 sec this turn | 300 sec total | 5 sec grace\n|\n|t:|1783554590\n|switch|p1a: Vileplume|Vileplume, L85, M|266/266\n|turn|19\n|inactive|Time left: 300 sec this turn | 300 sec total\n|\n|t:|1783554591\n|cant|p2a: Suicune|slp\n|move|p1a: Vileplume|Strength Sap|p2a: Suicune\n|-unboost|p2a: Suicune|atk|1\n|\n|upkeep\n|turn|20\n|inactive|Time left: 300 sec this turn | 300 sec total\n|\n|t:|1783554593\n|cant|p2a: Suicune|slp\n|move|p2a: Suicune|Sleep Talk|p2a: Suicune\n|move|p2a: Suicune|Scald|p1a: Vileplume|[from] move: Sleep Talk\n|-resisted|p1a: Vileplume\n|-damage|p1a: Vileplume|188/266\n|-status|p1a: Vileplume|brn\n|move|p1a: Vileplume|Strength Sap|p2a: Suicune\n|-unboost|p2a: Suicune|atk|1\n|-heal|p1a: Vileplume|266/266 brn\n|\n|-damage|p1a: Vileplume|250/266 brn|[from] brn\n|upkeep\n|turn|21\n|inactive|Time left: 300 sec this turn | 300 sec total\n|\n|t:|1783554594\n|-curestatus|p2a: Suicune|slp|[msg]\n|move|p2a: Suicune|Scald|p1a: Vileplume\n|-resisted|p1a: Vileplume\n|-damage|p1a: Vileplume|179/266 brn\n|move|p1a: Vileplume|Sludge Bomb|p2a: Suicune\n|-damage|p2a: Suicune|85/100\n|\n|-heal|p2a: Suicune|91/100|[from] item: Leftovers\n|-heal|p1a: Vileplume|195/266 brn|[from] item: Leftovers\n|-damage|p1a: Vileplume|179/266 brn|[from] brn\n|upkeep\n|turn|22\n|inactive|Time left: 300 sec this turn | 300 sec total\n|\n|t:|1783554595\n|move|p2a: Suicune|Scald|p1a: Vileplume\n|-resisted|p1a: Vileplume\n|-damage|p1a: Vileplume|109/266 brn\n|move|p1a: Vileplume|Strength Sap|p2a: Suicune\n|-unboost|p2a: Suicune|atk|1\n|-heal|p1a: Vileplume|173/266 brn\n|\n|-heal|p2a: Suicune|97/100|[from] item: Leftovers\n|-heal|p1a: Vileplume|189/266 brn|[from] item: Leftovers\n|-damage|p1a: Vileplume|173/266 brn|[from] brn\n|upkeep\n|turn|23\n|inactive|Time left: 300 sec this turn | 300 sec total\n|\n|t:|1783554596\n|move|p2a: Suicune|Scald|p1a: Vileplume\n|-resisted|p1a: Vileplume\n|-damage|p1a: Vileplume|95/266 brn\n|move|p1a: Vileplume|Strength Sap|p2a: Suicune\n|-unboost|p2a: Suicune|atk|1\n|-heal|p1a: Vileplume|146/266 brn\n|\n|-heal|p2a: Suicune|100/100|[from] item: Leftovers\n|-heal|p1a: Vileplume|162/266 brn|[from] item: Leftovers\n|-damage|p1a: Vileplume|146/266 brn|[from] brn\n|upkeep\n|turn|24\n|inactive|Time left: 300 sec this turn | 300 sec total\n|\n|t:|1783554597\n|move|p2a: Suicune|Scald|p1a: Vileplume\n|-resisted|p1a: Vileplume\n|-damage|p1a: Vileplume|77/266 brn\n|move|p1a: Vileplume|Strength Sap|p2a: Suicune\n|-unboost|p2a: Suicune|atk|1\n|-heal|p1a: Vileplume|119/266 brn\n|\n|-heal|p1a: Vileplume|135/266 brn|[from] item: Leftovers\n|-damage|p1a: Vileplume|119/266 brn|[from] brn\n|upkeep\n|turn|25\n|inactive|Time left: 300 sec this turn | 300 sec total\n|\n|t:|1783554599\n|move|p2a: Suicune|Scald|p1a: Vileplume\n|-resisted|p1a: Vileplume\n|-damage|p1a: Vileplume|39/266 brn\n|move|p1a: Vileplume|Giga Drain|p2a: Suicune\n|-supereffective|p2a: Suicune\n|-damage|p2a: Suicune|74/100\n|-heal|p1a: Vileplume|78/266 brn|[from] drain|[of] p2a: Suicune\n|\n|-heal|p2a: Suicune|80/100|[from] item: Leftovers\n|-heal|p1a: Vileplume|94/266 brn|[from] item: Leftovers\n|-damage|p1a: Vileplume|78/266 brn|[from] brn\n|upkeep\n|turn|26\n|inactive|Time left: 300 sec this turn | 300 sec total\n|\n|t:|1783554600\n|move|p2a: Suicune|Scald|p1a: Vileplume\n|-resisted|p1a: Vileplume\n|-crit|p1a: Vileplume\n|-damage|p1a: Vileplume|0 fnt\n|faint|p1a: Vileplume\n|\n|-heal|p2a: Suicune|86/100|[from] item: Leftovers\n|upkeep\n|inactive|Time left: 300 sec this turn | 300 sec total | 5 sec grace\n|\n|t:|1783554601\n|switch|p1a: Kilowattrel|Kilowattrel, L83, M|252/252\n|turn|27\n|inactive|Time left: 300 sec this turn | 300 sec total\n|\n|t:|1783554602\n|move|p1a: Kilowattrel|Discharge|p2a: Suicune\n|-supereffective|p2a: Suicune\n|-damage|p2a: Suicune|62/100\n|move|p2a: Suicune|Scald|p1a: Kilowattrel\n|-damage|p1a: Kilowattrel|62/252\n|-status|p1a: Kilowattrel|brn\n|\n|-heal|p2a: Suicune|68/100|[from] item: Leftovers\n|-damage|p1a: Kilowattrel|47/252 brn|[from] brn\n|upkeep\n|turn|28\n|inactive|Time left: 300 sec this turn | 300 sec total\n|\n|t:|1783554603\n|-terastallize|p1a: Kilowattrel|Water\n|move|p1a: Kilowattrel|Roost|p1a: Kilowattrel\n|-heal|p1a: Kilowattrel|173/252 brn\n|move|p2a: Suicune|Scald|p1a: Kilowattrel\n|-resisted|p1a: Kilowattrel\n|-damage|p1a: Kilowattrel|74/252 brn\n|\n|-heal|p2a: Suicune|74/100|[from] item: Leftovers\n|-damage|p1a: Kilowattrel|59/252 brn|[from] brn\n|upkeep\n|turn|29\n|inactive|Time left: 300 sec this turn | 300 sec total\n|\n|t:|1783554604\n|move|p1a: Kilowattrel|Roost|p1a: Kilowattrel\n|-heal|p1a: Kilowattrel|185/252 brn\n|move|p2a: Suicune|Scald|p1a: Kilowattrel\n|-resisted|p1a: Kilowattrel\n|-damage|p1a: Kilowattrel|89/252 brn\n|\n|-heal|p2a: Suicune|80/100|[from] item: Leftovers\n|-damage|p1a: Kilowattrel|74/252 brn|[from] brn\n|upkeep\n|turn|30\n|inactive|Time left: 300 sec this turn | 300 sec total\n|\n|t:|1783554605\n|move|p1a: Kilowattrel|Roost|p1a: Kilowattrel\n|-heal|p1a: Kilowattrel|200/252 brn\n|move|p2a: Suicune|Scald|p1a: Kilowattrel\n|-resisted|p1a: Kilowattrel\n|-damage|p1a: Kilowattrel|101/252 brn\n|\n|-heal|p2a: Suicune|86/100|[from] item: Leftovers\n|-damage|p1a: Kilowattrel|86/252 brn|[from] brn\n|upkeep\n|turn|31\n|inactive|Time left: 300 sec this turn | 300 sec total\n|\n|t:|1783554606\n|move|p1a: Kilowattrel|Roost|p1a: Kilowattrel\n|-heal|p1a: Kilowattrel|212/252 brn\n|move|p2a: Suicune|Scald|p1a: Kilowattrel\n|-resisted|p1a: Kilowattrel\n|-damage|p1a: Kilowattrel|109/252 brn\n|\n|-heal|p2a: Suicune|92/100|[from] item: Leftovers\n|-damage|p1a: Kilowattrel|94/252 brn|[from] brn\n|upkeep\n|turn|32\n|inactive|Time left: 300 sec this turn | 300 sec total\n|\n|t:|1783554607\n|move|p1a: Kilowattrel|Roost|p1a: Kilowattrel\n|-heal|p1a: Kilowattrel|220/252 brn\n|move|p2a: Suicune|Scald|p1a: Kilowattrel\n|-resisted|p1a: Kilowattrel\n|-damage|p1a: Kilowattrel|124/252 brn\n|\n|-heal|p2a: Suicune|98/100|[from] item: Leftovers\n|-damage|p1a: Kilowattrel|109/252 brn|[from] brn\n|upkeep\n|turn|33\n|inactive|Time left: 300 sec this turn | 300 sec total\n|\n|t:|1783554608\n|move|p1a: Kilowattrel|Roost|p1a: Kilowattrel\n|-heal|p1a: Kilowattrel|235/252 brn\n|move|p2a: Suicune|Scald|p1a: Kilowattrel\n|-resisted|p1a: Kilowattrel\n|-damage|p1a: Kilowattrel|142/252 brn\n|\n|-heal|p2a: Suicune|100/100|[from] item: Leftovers\n|-damage|p1a: Kilowattrel|127/252 brn|[from] brn\n|upkeep\n|turn|34\n|inactive|Time left: 300 sec this turn | 300 sec total\n|\n|t:|1783554609\n|move|p1a: Kilowattrel|Roost|p1a: Kilowattrel\n|-heal|p1a: Kilowattrel|252/252 brn\n|move|p2a: Suicune|Scald|p1a: Kilowattrel\n|-resisted|p1a: Kilowattrel\n|-damage|p1a: Kilowattrel|143/252 brn\n|\n|-damage|p1a: Kilowattrel|128/252 brn|[from] brn\n|upkeep\n|turn|35\n|inactive|Time left: 300 sec this turn | 300 sec total\n|\n|t:|1783554610\n|move|p1a: Kilowattrel|Roost|p1a: Kilowattrel\n|-heal|p1a: Kilowattrel|252/252 brn\n|move|p2a: Suicune|Scald|p1a: Kilowattrel\n|-resisted|p1a: Kilowattrel\n|-damage|p1a: Kilowattrel|143/252 brn\n|\n|-damage|p1a: Kilowattrel|128/252 brn|[from] brn\n|upkeep\n|turn|36\n|inactive|Time left: 300 sec this turn | 300 sec total\n|\n|t:|1783554611\n|move|p1a: Kilowattrel|Discharge|p2a: Suicune\n|-supereffective|p2a: Suicune\n|-damage|p2a: Suicune|74/100\n|-status|p2a: Suicune|par\n|move|p2a: Suicune|Scald|p1a: Kilowattrel\n|-resisted|p1a: Kilowattrel\n|-damage|p1a: Kilowattrel|23/252 brn\n|\n|-heal|p2a: Suicune|80/100 par|[from] item: Leftovers\n|-damage|p1a: Kilowattrel|8/252 brn|[from] brn\n|upkeep\n|turn|37\n|inactive|Time left: 300 sec this turn | 300 sec total\n|\n|t:|1783554612\n|switch|p2a: Slowbro|Slowbro-Galar, L87, F|52/100 slp\n|move|p1a: Kilowattrel|Hurricane|p2a: Slowbro\n|-damage|p2a: Slowbro|9/100 slp\n|\n|-damage|p1a: Kilowattrel|0 fnt|[from] brn\n|faint|p1a: Kilowattrel\n|upkeep\n|inactive|Time left: 300 sec this turn | 300 sec total | 5 sec grace\n|\n|t:|1783554612\n|switch|p1a: Gurdurr|Gurdurr, L85, F|6/283 psn\n|turn|38\n|inactive|Time left: 300 sec this turn | 300 sec total\n|\n|t:|1783554613\n|move|p1a: Gurdurr|Drain Punch|p2a: Slowbro\n|-resisted|p2a: Slowbro\n|-damage|p2a: Slowbro|0 fnt\n|-heal|p1a: Gurdurr|20/283 psn|[from] drain|[of] p2a: Slowbro\n|-damage|p1a: Gurdurr|0 fnt|[from] item: Rocky Helmet|[of] p2a: Slowbro\n|faint|p2a: Slowbro\n|faint|p1a: Gurdurr\n|\n|win|p0y13298c63", "uploadtime": 1783554613, "views": 0, "rating": 0, "private": 0, "password": null, "_winner": "p0y13298c63", "_our_name": "p0x1329690b"}