{"id": "battle-gen9randombattle-2850", "formatid": "gen9randombattle", "format": "[Gen 9] Random Battle", "players": ["p0x28509312", "p0y28501567"], "log": "|init|battle\n|title|p0x28509312 vs. p0y28501567\n|j|\u2606p0x28509312\n|j|\u2606p0y28501567\n|t:|1783571871\n|gametype|singles\n|player|p1|p0x28509312|2|\n|player|p2|p0y28501567|266|\n|gen|9\n|tier|[Gen 9] Random Battle\n|rule|Species Clause: Limit one of each Pok\u00e9mon\n|rule|HP Percentage Mod: HP is shown in percentages\n|rule|Sleep Clause Mod: Limit one foe put to sleep\n|rule|Illusion Level Mod: Illusion disguises the Pok\u00e9mon's true level\n|\n|t:|1783571871\n|teamsize|p1|6\n|teamsize|p2|6\n|start\n|switch|p1a: Jumpluff|Jumpluff, L87, M|271/271\n|switch|p2a: Tyranitar|Tyranitar, L78, M|100/100\n|-weather|Sandstorm|[from] ability: Sand Stream|[of] p2a: Tyranitar\n|turn|1\n|inactive|Battle timer is ON: inactive players will automatically lose when time's up. (requested by p0x28509312)\n|inactive|p0y28501567 also wants the timer to be on.\n|\n|t:|1783571872\n|move|p1a: Jumpluff|Strength Sap|p2a: Tyranitar\n|-unboost|p2a: Tyranitar|atk|1\n|move|p2a: Tyranitar|Ice Beam|p1a: Jumpluff\n|-supereffective|p1a: Jumpluff\n|-damage|p1a: Jumpluff|59/271\n|\n|-weather|Sandstorm|[upkeep]\n|-damage|p1a: Jumpluff|43/271|[from] Sandstorm\n|upkeep\n|turn|2\n|inactive|Time left: 300 sec this turn | 300 sec total\n|\n|t:|1783571873\n|move|p1a: Jumpluff|Strength Sap|p2a: Tyranitar\n|-unboost|p2a: Tyranitar|atk|1\n|-heal|p1a: Jumpluff|212/271\n|move|p2a: Tyranitar|Ice Beam|p1a: Jumpluff\n|-supereffective|p1a: Jumpluff\n|-damage|p1a: Jumpluff|0 fnt\n|faint|p1a: Jumpluff\n|\n|-weather|Sandstorm|[upkeep]\n|upkeep\n|inactive|Time left: 300 sec this turn | 300 sec total | 5 sec grace\n|\n|t:|1783571875\n|switch|p1a: Galvantula|Galvantula, L82, M|249/249\n|turn|3\n|inactive|Time left: 300 sec this turn | 300 sec total\n|\n|t:|1783571876\n|switch|p2a: Salazzle|Salazzle, L83, F|100/100\n|move|p1a: Galvantula|Sticky Web|p2a: Salazzle\n|-sidestart|p2: p0y28501567|move: Sticky Web\n|\n|-weather|Sandstorm|[upkeep]\n|-damage|p2a: Salazzle|94/100|[from] Sandstorm\n|-damage|p1a: Galvantula|234/249|[from] Sandstorm\n|upkeep\n|turn|4\n|inactive|Time left: 300 sec this turn | 300 sec total\n|\n|t:|1783571877\n|switch|p1a: Rampardos|Rampardos, L90, F|321/321\n|move|p2a: Salazzle|Fire Blast|p1a: Rampardos\n|-resisted|p1a: Rampardos\n|-damage|p1a: Rampardos|264/321\n|\n|-weather|Sandstorm|[upkeep]\n|-damage|p2a: Salazzle|88/100|[from] Sandstorm\n|upkeep\n|turn|5\n|inactive|Time left: 300 sec this turn | 300 sec total\n|\n|t:|1783571878\n|switch|p2a: Corviknight|Corviknight, L80, M|100/100\n|move|p1a: Rampardos|Rock Slide|p2a: Corviknight\n|-damage|p2a: Corviknight|46/100\n|\n|-weather|none\n|-heal|p2a: Corviknight|53/100|[from] item: Leftovers\n|upkeep\n|turn|6\n|inactive|Time left: 300 sec this turn | 300 sec total\n|\n|t:|1783571879\n|move|p1a: Rampardos|Rock Slide|p2a: Corviknight|[miss]\n|-miss|p1a: Rampardos|p2a: Corviknight\n|move|p2a: Corviknight|Roost|p2a: Corviknight\n|-heal|p2a: Corviknight|100/100\n|-singleturn|p2a: Corviknight|move: Roost\n|\n|upkeep\n|turn|7\n|inactive|Time left: 300 sec this turn | 300 sec total\n|\n|t:|1783571880\n|move|p1a: Rampardos|Rock Slide|p2a: Corviknight\n|-damage|p2a: Corviknight|39/100\n|move|p2a: Corviknight|Defog|p1a: Rampardos\n|-unboost|p1a: Rampardos|evasion|1\n|-sideend|p2: p0y28501567|Sticky Web|[from] move: Defog|[of] p2a: Corviknight\n|\n|-heal|p2a: Corviknight|45/100|[from] item: Leftovers\n|upkeep\n|turn|8\n|inactive|Time left: 300 sec this turn | 300 sec total\n|\n|t:|1783571881\n|move|p1a: Rampardos|Rock Slide|p2a: Corviknight\n|-damage|p2a: Corviknight|0 fnt\n|faint|p2a: Corviknight\n|\n|upkeep\n|\n|t:|1783571882\n|switch|p2a: Tauros|Tauros, L82, M|100/100\n|turn|9\n|inactive|Time left: 300 sec this turn | 300 sec total\n|\n|t:|1783571883\n|-terastallize|p2a: Tauros|Fighting\n|move|p1a: Rampardos|Rock Slide|p2a: Tauros\n|-resisted|p2a: Tauros\n|-damage|p2a: Tauros|63/100\n|move|p2a: Tauros|Close Combat|p1a: Rampardos\n|-supereffective|p1a: Rampardos\n|-crit|p1a: Rampardos\n|-damage|p1a: Rampardos|0 fnt\n|-unboost|p2a: Tauros|def|1\n|-unboost|p2a: Tauros|spd|1\n|faint|p1a: Rampardos\n|-damage|p2a: Tauros|53/100|[from] item: Life Orb\n|\n|upkeep\n|inactive|Time left: 300 sec this turn | 300 sec total | 5 sec grace\n|\n|t:|1783571884\n|switch|p1a: Hitmontop|Hitmontop, L88, M|231/231\n|turn|10\n|inactive|Time left: 300 sec this turn | 300 sec total\n|\n|t:|1783571886\n|move|p2a: Tauros|Close Combat|p1a: Hitmontop\n|-damage|p1a: Hitmontop|93/231\n|-unboost|p2a: Tauros|def|1\n|-unboost|p2a: Tauros|spd|1\n|-damage|p2a: Tauros|44/100|[from] item: Life Orb\n|move|p1a: Hitmontop|Rapid Spin|p2a: Tauros\n|-damage|p2a: Tauros|2/100\n|-boost|p1a: Hitmontop|spe|1\n|\n|-heal|p1a: Hitmontop|107/231|[from] item: Leftovers\n|upkeep\n|turn|11\n|inactive|Time left: 300 sec this turn | 300 sec total\n|\n|t:|1783571887\n|move|p1a: Hitmontop|Rapid Spin|p2a: Tauros\n|-damage|p2a: Tauros|0 fnt\n|-boost|p1a: Hitmontop|spe|1\n|faint|p2a: Tauros\n|\n|-heal|p1a: Hitmontop|121/231|[from] item: Leftovers\n|upkeep\n|\n|t:|1783571888\n|switch|p2a: Salazzle|Salazzle, L83, F|88/100\n|turn|12\n|inactive|Time left: 300 sec this turn | 300 sec total\n|\n|t:|1783571889\n|move|p1a: Hitmontop|Triple Axel|p2a: Salazzle\n|-resisted|p2a: Salazzle\n|-damage|p2a: Salazzle|82/100\n|-resisted|p2a: Salazzle\n|-damage|p2a: Salazzle|71/100\n|-resisted|p2a: Salazzle\n|-damage|p2a: Salazzle|53/100\n|-hitcount|p2a: Salazzle|3\n|move|p2a: Salazzle|Fire Blast|p1a: Hitmontop\n|-damage|p1a: Hitmontop|19/231\n|\n|-heal|p1a: Hitmontop|33/231|[from] item: Leftovers\n|upkeep\n|turn|13\n|inactive|Time left: 300 sec this turn | 300 sec total\n|\n|t:|1783571890\n|-terastallize|p1a: Hitmontop|Ice\n|move|p1a: Hitmontop|Triple Axel|p2a: Salazzle\n|-resisted|p2a: Salazzle\n|-damage|p2a: Salazzle|43/100\n|-resisted|p2a: Salazzle\n|-damage|p2a: Salazzle|27/100\n|-hitcount|p2a: Salazzle|2\n|move|p2a: Salazzle|Tera Blast|p1a: Hitmontop\n|-damage|p1a: Hitmontop|0 fnt\n|faint|p1a: Hitmontop\n|\n|upkeep\n|inactive|Time left: 300 sec this turn | 300 sec total | 5 sec grace\n|\n|t:|1783571891\n|switch|p1a: Chimecho|Chimecho, L93, F|290/290\n|turn|14\n|inactive|Time left: 300 sec this turn | 300 sec total\n|\n|t:|1783571892\n|switch|p2a: Tyranitar|Tyranitar, L78, M|100/100\n|-weather|Sandstorm|[from] ability: Sand Stream|[of] p2a: Tyranitar\n|move|p1a: Chimecho|Calm Mind|p1a: Chimecho\n|-boost|p1a: Chimecho|spa|1\n|-boost|p1a: Chimecho|spd|1\n|\n|-weather|Sandstorm|[upkeep]\n|-damage|p1a: Chimecho|272/290|[from] Sandstorm\n|-heal|p1a: Chimecho|290/290|[from] item: Leftovers\n|upkeep\n|turn|15\n|inactive|Time left: 300 sec this turn | 300 sec total\n|\n|t:|1783571893\n|move|p1a: Chimecho|Dazzling Gleam|p2a: Tyranitar\n|-supereffective|p2a: Tyranitar\n|-damage|p2a: Tyranitar|67/100\n|move|p2a: Tyranitar|Knock Off|p1a: Chimecho\n|-supereffective|p1a: Chimecho\n|-damage|p1a: Chimecho|50/290\n|-enditem|p1a: Chimecho|Leftovers|[from] move: Knock Off|[of] p2a: Tyranitar\n|\n|-weather|Sandstorm|[upkeep]\n|-damage|p1a: Chimecho|32/290|[from] Sandstorm\n|upkeep\n|turn|16\n|inactive|Time left: 300 sec this turn | 300 sec total\n|\n|t:|1783571894\n|move|p1a: Chimecho|Recover|p1a: Chimecho\n|-heal|p1a: Chimecho|177/290\n|move|p2a: Tyranitar|Knock Off|p1a: Chimecho\n|-supereffective|p1a: Chimecho\n|-damage|p1a: Chimecho|33/290\n|\n|-weather|Sandstorm|[upkeep]\n|-damage|p1a: Chimecho|15/290|[from] Sandstorm\n|upkeep\n|turn|17\n|inactive|Time left: 300 sec this turn | 300 sec total\n|\n|t:|1783571896\n|move|p1a: Chimecho|Recover|p1a: Chimecho\n|-heal|p1a: Chimecho|160/290\n|move|p2a: Tyranitar|Knock Off|p1a: Chimecho\n|-supereffective|p1a: Chimecho\n|-damage|p1a: Chimecho|2/290\n|\n|-weather|Sandstorm|[upkeep]\n|-damage|p1a: Chimecho|0 fnt|[from] Sandstorm\n|faint|p1a: Chimecho\n|upkeep\n|inactive|Time left: 300 sec this turn | 300 sec total | 5 sec grace\n|\n|t:|1783571897\n|switch|p1a: Galvantula|Galvantula, L82, M|234/249\n|turn|18\n|inactive|Time left: 300 sec this turn | 300 sec total\n|\n|t:|1783571898\n|move|p1a: Galvantula|Volt Switch|p2a: Tyranitar\n|-damage|p2a: Tyranitar|56/100\n|inactive|Time left: 300 sec this turn | 300 sec total | 5 sec grace\n|\n|t:|1783571899\n|switch|p1a: Klefki|Klefki, L84, M|233/233|[from] Volt Switch\n|move|p2a: Tyranitar|Stone Edge|p1a: Klefki\n|-resisted|p1a: Klefki\n|-damage|p1a: Klefki|175/233\n|\n|-weather|none\n|-heal|p1a: Klefki|189/233|[from] item: Leftovers\n|upkeep\n|turn|19\n|inactive|Time left: 300 sec this turn | 300 sec total\n|\n|t:|1783571900\n|switch|p2a: Salazzle|Salazzle, L83, F|27/100\n|move|p1a: Klefki|Dazzling Gleam|p2a: Salazzle\n|-resisted|p2a: Salazzle\n|-damage|p2a: Salazzle|17/100\n|\n|-heal|p1a: Klefki|203/233|[from] item: Leftovers\n|upkeep\n|turn|20\n|inactive|Time left: 300 sec this turn | 300 sec total\n|\n|t:|1783571901\n|move|p1a: Klefki|Thunder Wave|p2a: Salazzle|[miss]\n|-miss|p1a: Klefki|p2a: Salazzle\n|move|p2a: Salazzle|Fire Blast|p1a: Klefki\n|-supereffective|p1a: Klefki\n|-damage|p1a: Klefki|0 fnt\n|faint|p1a: Klefki\n|\n|upkeep\n|inactive|Time left: 300 sec this turn | 300 sec total | 5 sec grace\n|\n|t:|1783571902\n|switch|p1a: Galvantula|Galvantula, L82, M|234/249\n|turn|21\n|inactive|Time left: 300 sec this turn | 300 sec total\n|\n|t:|1783571903\n|move|p2a: Salazzle|Fire Blast|p1a: Galvantula\n|-supereffective|p1a: Galvantula\n|-damage|p1a: Galvantula|0 fnt\n|faint|p1a: Galvantula\n|\n|win|p0y28501567", "uploadtime": 1783571903, "views": 0, "rating": 0, "private": 0, "password": null, "_winner": "p0y28501567", "_our_name": "p0x28509312"}