{"id": "battle-gen9randombattle-2297", "formatid": "gen9randombattle", "format": "[Gen 9] Random Battle", "players": ["p0x22976664", "p0y22970445"], "log": "|init|battle\n|title|p0x22976664 vs. p0y22970445\n|j|\u2606p0x22976664\n|j|\u2606p0y22970445\n|t:|1783565674\n|gametype|singles\n|player|p1|p0x22976664|170|\n|player|p2|p0y22970445|169|\n|gen|9\n|tier|[Gen 9] Random Battle\n|rule|Species Clause: Limit one of each Pok\u00e9mon\n|rule|HP Percentage Mod: HP is shown in percentages\n|rule|Sleep Clause Mod: Limit one foe put to sleep\n|rule|Illusion Level Mod: Illusion disguises the Pok\u00e9mon's true level\n|\n|t:|1783565674\n|teamsize|p1|6\n|teamsize|p2|6\n|start\n|switch|p1a: Jumpluff|Jumpluff, L87, M|100/100\n|switch|p2a: Baxcalibur|Baxcalibur, L75, M|295/295\n|turn|1\n|inactive|Battle timer is ON: inactive players will automatically lose when time's up. (requested by p0x22976664)\n|inactive|Time left: 300 sec this turn | 300 sec total | 60 sec grace\n|inactive|p0y22970445 also wants the timer to be on.\n|\n|t:|1783565675\n|switch|p1a: Conkeldurr|Conkeldurr, L80, M|100/100\n|move|p2a: Baxcalibur|Icicle Spear|p1a: Conkeldurr\n|-damage|p1a: Conkeldurr|90/100\n|-damage|p1a: Conkeldurr|79/100\n|-damage|p1a: Conkeldurr|68/100\n|-damage|p1a: Conkeldurr|58/100\n|-hitcount|p1a: Conkeldurr|4\n|\n|-status|p1a: Conkeldurr|brn|[from] item: Flame Orb\n|upkeep\n|turn|2\n|inactive|Time left: 300 sec this turn | 300 sec total\n|\n|t:|1783565676\n|switch|p2a: Mimikyu|Mimikyu, L79, F|216/216\n|move|p1a: Conkeldurr|Close Combat|p2a: Mimikyu\n|-immune|p2a: Mimikyu\n|\n|-damage|p1a: Conkeldurr|52/100 brn|[from] brn\n|upkeep\n|turn|3\n|inactive|Time left: 300 sec this turn | 300 sec total\n|\n|t:|1783565677\n|switch|p1a: Ambipom|Ambipom, L84, F|100/100\n|move|p2a: Mimikyu|Swords Dance|p2a: Mimikyu\n|-boost|p2a: Mimikyu|atk|2\n|\n|upkeep\n|turn|4\n|inactive|Time left: 300 sec this turn | 300 sec total\n|\n|t:|1783565678\n|move|p1a: Ambipom|Triple Axel|p2a: Mimikyu\n|-activate|p2a: Mimikyu|ability: Disguise\n|-damage|p2a: Mimikyu|216/216\n|detailschange|p2a: Mimikyu|Mimikyu-Busted, L79, F\n|-damage|p2a: Mimikyu|189/216|[from] pokemon: Mimikyu-Busted\n|-damage|p2a: Mimikyu|116/216\n|-hitcount|p2a: Mimikyu|2\n|move|p2a: Mimikyu|Play Rough|p1a: Ambipom\n|-damage|p1a: Ambipom|10/100\n|-damage|p2a: Mimikyu|95/216|[from] item: Life Orb\n|\n|upkeep\n|turn|5\n|inactive|Time left: 300 sec this turn | 300 sec total\n|\n|t:|1783565679\n|switch|p2a: Conkeldurr|Conkeldurr, L80, F|299/299\n|move|p1a: Ambipom|Triple Axel|p2a: Conkeldurr\n|-damage|p2a: Conkeldurr|267/299\n|-damage|p2a: Conkeldurr|198/299\n|-damage|p2a: Conkeldurr|105/299\n|-hitcount|p2a: Conkeldurr|3\n|\n|-status|p2a: Conkeldurr|brn|[from] item: Flame Orb\n|upkeep\n|turn|6\n|inactive|Time left: 300 sec this turn | 300 sec total\n|\n|t:|1783565680\n|move|p2a: Conkeldurr|Mach Punch|p1a: Ambipom\n|-supereffective|p1a: Ambipom\n|-damage|p1a: Ambipom|0 fnt\n|faint|p1a: Ambipom\n|\n|-damage|p2a: Conkeldurr|87/299 brn|[from] brn\n|upkeep\n|\n|t:|1783565680\n|switch|p1a: Malamar|Malamar, L82, F|100/100\n|turn|7\n|inactive|Time left: 300 sec this turn | 300 sec total\n|\n|t:|1783565681\n|switch|p2a: Mimikyu|Mimikyu-Busted, L79, F|95/216\n|move|p1a: Malamar|Superpower|p2a: Mimikyu\n|-immune|p2a: Mimikyu\n|\n|upkeep\n|turn|8\n|inactive|Time left: 300 sec this turn | 300 sec total\n|\n|t:|1783565682\n|move|p2a: Mimikyu|Play Rough|p1a: Malamar\n|-supereffective|p1a: Malamar\n|-damage|p1a: Malamar|18/100\n|-damage|p2a: Mimikyu|74/216|[from] item: Life Orb\n|move|p1a: Malamar|Knock Off|p2a: Mimikyu\n|-damage|p2a: Mimikyu|0 fnt\n|-enditem|p2a: Mimikyu|Life Orb|[from] move: Knock Off|[of] p1a: Malamar\n|faint|p2a: Mimikyu\n|\n|-heal|p1a: Malamar|24/100|[from] item: Leftovers\n|upkeep\n|inactive|Time left: 300 sec this turn | 300 sec total | 5 sec grace\n|\n|t:|1783565683\n|switch|p2a: Baxcalibur|Baxcalibur, L75, M|295/295\n|turn|9\n|inactive|Time left: 300 sec this turn | 300 sec total\n|\n|t:|1783565684\n|move|p2a: Baxcalibur|Icicle Spear|p1a: Malamar\n|-damage|p1a: Malamar|13/100\n|-damage|p1a: Malamar|2/100\n|-damage|p1a: Malamar|0 fnt\n|faint|p1a: Malamar\n|-hitcount|p1: Malamar|3\n|\n|upkeep\n|\n|t:|1783565685\n|switch|p1a: Conkeldurr|Conkeldurr, L80, M|52/100 brn\n|turn|10\n|inactive|Time left: 300 sec this turn | 300 sec total\n|\n|t:|1783565686\n|-terastallize|p2a: Baxcalibur|Dragon\n|move|p2a: Baxcalibur|Scale Shot|p1a: Conkeldurr\n|-damage|p1a: Conkeldurr|38/100 brn\n|-damage|p1a: Conkeldurr|23/100 brn\n|-damage|p1a: Conkeldurr|9/100 brn\n|-damage|p1a: Conkeldurr|0 fnt\n|faint|p1a: Conkeldurr\n|-hitcount|p1: Conkeldurr|4\n|-unboost|p2a: Baxcalibur|def|1\n|-boost|p2a: Baxcalibur|spe|1\n|\n|upkeep\n|\n|t:|1783565687\n|switch|p1a: Jumpluff|Jumpluff, L87, M|100/100\n|turn|11\n|inactive|Time left: 300 sec this turn | 300 sec total\n|\n|t:|1783565688\n|move|p2a: Baxcalibur|Icicle Spear|p1a: Jumpluff\n|-supereffective|p1a: Jumpluff\n|-damage|p1a: Jumpluff|47/100\n|-supereffective|p1a: Jumpluff\n|-damage|p1a: Jumpluff|0 fnt\n|faint|p1a: Jumpluff\n|-hitcount|p1: Jumpluff|2\n|\n|upkeep\n|\n|t:|1783565689\n|switch|p1a: Polteageist|Polteageist, L78|100/100\n|turn|12\n|inactive|Time left: 300 sec this turn | 300 sec total\n|\n|t:|1783565690\n|move|p2a: Baxcalibur|Scale Shot|p1a: Polteageist\n|-damage|p1a: Polteageist|74/100\n|-start|p2a: Baxcalibur|Disable|Scale Shot|[from] ability: Cursed Body|[of] p1a: Polteageist\n|-damage|p1a: Polteageist|52/100\n|-damage|p1a: Polteageist|26/100\n|-damage|p1a: Polteageist|3/100\n|-damage|p1a: Polteageist|0 fnt\n|faint|p1a: Polteageist\n|-hitcount|p1: Polteageist|5\n|-unboost|p2a: Baxcalibur|def|1\n|-boost|p2a: Baxcalibur|spe|1\n|\n|upkeep\n|\n|t:|1783565691\n|switch|p1a: Gyarados|Gyarados, L79, M|100/100\n|turn|13\n|inactive|Time left: 300 sec this turn | 300 sec total\n|\n|t:|1783565691\n|move|p2a: Baxcalibur|Icicle Spear|p1a: Gyarados\n|-damage|p1a: Gyarados|88/100\n|-damage|p1a: Gyarados|77/100\n|-damage|p1a: Gyarados|63/100\n|-damage|p1a: Gyarados|50/100\n|-hitcount|p1a: Gyarados|4\n|move|p1a: Gyarados|Stone Edge|p2a: Baxcalibur\n|-damage|p2a: Baxcalibur|126/295\n|\n|upkeep\n|turn|14\n|inactive|Time left: 300 sec this turn | 300 sec total\n|\n|t:|1783565692\n|-terastallize|p1a: Gyarados|Ground\n|move|p2a: Baxcalibur|Icicle Spear|p1a: Gyarados\n|-supereffective|p1a: Gyarados\n|-damage|p1a: Gyarados|26/100\n|-supereffective|p1a: Gyarados\n|-damage|p1a: Gyarados|2/100\n|-supereffective|p1a: Gyarados\n|-damage|p1a: Gyarados|0 fnt\n|faint|p1a: Gyarados\n|-hitcount|p1: Gyarados|3\n|\n|win|p0y22970445", "uploadtime": 1783565692, "views": 0, "rating": 0, "private": 0, "password": null, "_winner": "p0y22970445", "_our_name": "p0y22970445"}