{"id": "battle-gen9randombattle-2429", "formatid": "gen9randombattle", "format": "[Gen 9] Random Battle", "players": ["p0x2429630e", "p0y2429d5c3"], "log": "|init|battle\n|title|p0x2429630e vs. p0y2429d5c3\n|j|\u2606p0x2429630e\n|j|\u2606p0y2429d5c3\n|t:|1783568171\n|gametype|singles\n|player|p1|p0x2429630e|169|\n|player|p2|p0y2429d5c3|265|\n|gen|9\n|tier|[Gen 9] Random Battle\n|rule|Species Clause: Limit one of each Pok\u00e9mon\n|rule|HP Percentage Mod: HP is shown in percentages\n|rule|Sleep Clause Mod: Limit one foe put to sleep\n|rule|Illusion Level Mod: Illusion disguises the Pok\u00e9mon's true level\n|\n|t:|1783568171\n|teamsize|p1|6\n|teamsize|p2|6\n|start\n|switch|p1a: Garchomp|Garchomp, L74, F|282/282\n|switch|p2a: Sunflora|Sunflora, M|100/100\n|turn|1\n|inactive|Battle timer is ON: inactive players will automatically lose when time's up. (requested by p0x2429630e)\n|inactive|p0y2429d5c3 also wants the timer to be on.\n|\n|t:|1783568173\n|move|p1a: Garchomp|Outrage|p2a: Sunflora\n|-damage|p2a: Sunflora|54/100\n|move|p2a: Sunflora|Earth Power|p1a: Garchomp\n|-damage|p1a: Garchomp|113/282\n|\n|upkeep\n|turn|2\n|inactive|Time left: 300 sec this turn | 300 sec total\n|\n|t:|1783568174\n|-terastallize|p2a: Sunflora|Fairy\n|move|p1a: Garchomp|Outrage|p2a: Sunflora|[from] lockedmove\n|-immune|p2a: Sunflora\n|-start|p1a: Garchomp|confusion|[fatigue]\n|move|p2a: Sunflora|Earth Power|p1a: Garchomp\n|-damage|p1a: Garchomp|0 fnt\n|faint|p1a: Garchomp\n|\n|upkeep\n|inactive|Time left: 300 sec this turn | 300 sec total | 5 sec grace\n|\n|t:|1783568175\n|switch|p1a: Heatran|Heatran, L79, F|273/273\n|-item|p1a: Heatran|Air Balloon\n|turn|3\n|inactive|Time left: 300 sec this turn | 300 sec total\n|\n|t:|1783568176\n|switch|p2a: Flygon|Flygon, L82, F|100/100\n|move|p1a: Heatran|Stealth Rock|p2a: Flygon\n|-sidestart|p2: p0y2429d5c3|move: Stealth Rock\n|\n|upkeep\n|turn|4\n|inactive|Time left: 300 sec this turn | 300 sec total\n|\n|t:|1783568177\n|switch|p1a: Sandslash|Sandslash-Alola, L88, F|275/275\n|move|p2a: Flygon|Outrage|p1a: Sandslash\n|-resisted|p1a: Sandslash\n|-damage|p1a: Sandslash|209/275\n|\n|upkeep\n|turn|5\n|inactive|Time left: 300 sec this turn | 300 sec total\n|\n|t:|1783568178\n|move|p2a: Flygon|Outrage|p1a: Sandslash|[from] lockedmove\n|-resisted|p1a: Sandslash\n|-damage|p1a: Sandslash|144/275\n|move|p1a: Sandslash|Triple Axel|p2a: Flygon\n|-supereffective|p2a: Flygon\n|-damage|p2a: Flygon|63/100\n|-hitcount|p2a: Flygon|1\n|\n|upkeep\n|turn|6\n|inactive|Time left: 300 sec this turn | 300 sec total\n|\n|t:|1783568179\n|move|p2a: Flygon|Outrage|p1a: Sandslash|[from] lockedmove\n|-resisted|p1a: Sandslash\n|-damage|p1a: Sandslash|69/275\n|-start|p2a: Flygon|confusion|[fatigue]\n|move|p1a: Sandslash|Triple Axel|p2a: Flygon\n|-supereffective|p2a: Flygon\n|-damage|p2a: Flygon|25/100\n|-supereffective|p2a: Flygon\n|-damage|p2a: Flygon|0 fnt\n|faint|p2a: Flygon\n|-hitcount|p2: Flygon|2\n|\n|upkeep\n|\n|t:|1783568180\n|switch|p2a: Pyroar|Pyroar, L88, F|100/100\n|-ability|p2a: Pyroar|Unnerve\n|turn|7\n|inactive|Time left: 300 sec this turn | 300 sec total\n|\n|t:|1783568181\n|move|p2a: Pyroar|Fire Blast|p1a: Sandslash\n|-supereffective|p1a: Sandslash\n|-damage|p1a: Sandslash|0 fnt\n|faint|p1a: Sandslash\n|\n|upkeep\n|inactive|Time left: 300 sec this turn | 300 sec total | 5 sec grace\n|\n|t:|1783568182\n|switch|p1a: Heatran|Heatran, L79, F|273/273\n|-item|p1a: Heatran|Air Balloon\n|turn|8\n|inactive|Time left: 300 sec this turn | 300 sec total\n|\n|t:|1783568183\n|switch|p2a: Walking Wake|Walking Wake, L79|100/100\n|-damage|p2a: Walking Wake|88/100|[from] Stealth Rock\n|move|p1a: Heatran|Earth Power|p2a: Walking Wake\n|-damage|p2a: Walking Wake|63/100\n|\n|upkeep\n|turn|9\n|inactive|Time left: 300 sec this turn | 300 sec total\n|\n|t:|1783568184\n|switch|p1a: Cacturne|Cacturne, L92, M|278/278\n|move|p2a: Walking Wake|Hydro Steam|p1a: Cacturne\n|-immune|p1a: Cacturne|[from] ability: Water Absorb\n|\n|upkeep\n|turn|10\n|inactive|Time left: 300 sec this turn | 300 sec total\n|\n|t:|1783568186\n|move|p2a: Walking Wake|Flamethrower|p1a: Cacturne\n|-supereffective|p1a: Cacturne\n|-damage|p1a: Cacturne|67/278\n|-damage|p2a: Walking Wake|53/100|[from] item: Life Orb\n|move|p1a: Cacturne|Knock Off|p2a: Walking Wake\n|-damage|p2a: Walking Wake|0 fnt\n|-enditem|p2a: Walking Wake|Life Orb|[from] move: Knock Off|[of] p1a: Cacturne\n|faint|p2a: Walking Wake\n|-end|p2a: Walking Wake|Protosynthesis|[silent]\n|-damage|p1a: Cacturne|40/278|[from] item: Life Orb\n|\n|upkeep\n|\n|t:|1783568187\n|switch|p2a: Bisharp|Bisharp, L79, F|100/100\n|-damage|p2a: Bisharp|94/100|[from] Stealth Rock\n|turn|11\n|inactive|Time left: 300 sec this turn | 300 sec total\n|\n|t:|1783568188\n|switch|p1a: Heatran|Heatran, L79, F|273/273\n|-item|p1a: Heatran|Air Balloon\n|move|p2a: Bisharp|Throat Chop|p1a: Heatran\n|-damage|p1a: Heatran|183/273\n|-start|p1a: Heatran|Throat Chop|[silent]\n|-enditem|p1a: Heatran|Air Balloon\n|\n|upkeep\n|turn|12\n|inactive|Time left: 300 sec this turn | 300 sec total\n|\n|t:|1783568189\n|move|p1a: Heatran|Magma Storm|p2a: Bisharp|[miss]\n|-miss|p1a: Heatran|p2a: Bisharp\n|move|p2a: Bisharp|Stealth Rock|p1a: Heatran\n|-sidestart|p1: p0x2429630e|move: Stealth Rock\n|\n|-end|p1a: Heatran|Throat Chop|[silent]\n|upkeep\n|turn|13\n|inactive|Time left: 300 sec this turn | 300 sec total\n|\n|t:|1783568190\n|move|p1a: Heatran|Magma Storm|p2a: Bisharp\n|-supereffective|p2a: Bisharp\n|-damage|p2a: Bisharp|16/100\n|-activate|p2a: Bisharp|move: Magma Storm|[of] p1a: Heatran\n|move|p2a: Bisharp|Throat Chop|p1a: Heatran\n|-crit|p1a: Heatran\n|-damage|p1a: Heatran|63/273\n|-start|p1a: Heatran|Throat Chop|[silent]\n|\n|-damage|p2a: Bisharp|4/100|[from] move: Magma Storm|[partiallytrapped]\n|upkeep\n|turn|14\n|inactive|Time left: 300 sec this turn | 300 sec total\n|\n|t:|1783568191\n|move|p2a: Bisharp|Sucker Punch||[still]\n|-fail|p2a: Bisharp\n|move|p1a: Heatran|Stealth Rock||[still]\n|-fail|p1a: Heatran\n|\n|-damage|p2a: Bisharp|0 fnt|[from] move: Magma Storm|[partiallytrapped]\n|faint|p2a: Bisharp\n|-end|p1a: Heatran|Throat Chop|[silent]\n|upkeep\n|\n|t:|1783568192\n|switch|p2a: Sudowoodo|Sudowoodo, L94, M|100/100\n|-damage|p2a: Sudowoodo|88/100|[from] Stealth Rock\n|turn|15\n|inactive|Time left: 300 sec this turn | 300 sec total\n|\n|t:|1783568193\n|move|p2a: Sudowoodo|Sucker Punch|p1a: Heatran\n|-damage|p1a: Heatran|0 fnt\n|faint|p1a: Heatran\n|\n|upkeep\n|inactive|Time left: 300 sec this turn | 300 sec total | 5 sec grace\n|\n|t:|1783568194\n|switch|p1a: Meowstic|Meowstic-F, L89, F|277/277\n|-damage|p1a: Meowstic|243/277|[from] Stealth Rock\n|turn|16\n|inactive|Time left: 300 sec this turn | 300 sec total\n|\n|t:|1783568195\n|switch|p2a: Pyroar|Pyroar, L88, F|100/100\n|-ability|p2a: Pyroar|Unnerve\n|move|p1a: Meowstic|Nasty Plot|p1a: Meowstic\n|-boost|p1a: Meowstic|spa|2\n|\n|upkeep\n|turn|17\n|inactive|Time left: 300 sec this turn | 300 sec total\n|\n|t:|1783568196\n|-terastallize|p1a: Meowstic|Electric\n|move|p2a: Pyroar|Hyper Voice|p1a: Meowstic\n|-damage|p1a: Meowstic|134/277\n|move|p1a: Meowstic|Thunderbolt|p2a: Pyroar\n|-damage|p2a: Pyroar|0 fnt\n|faint|p2a: Pyroar\n|-damage|p1a: Meowstic|107/277|[from] item: Life Orb\n|\n|upkeep\n|\n|t:|1783568197\n|switch|p2a: Sunflora|Sunflora, M, tera:Fairy|54/100\n|-damage|p2a: Sunflora|42/100|[from] Stealth Rock\n|turn|18\n|inactive|Time left: 300 sec this turn | 300 sec total\n|\n|t:|1783568198\n|move|p1a: Meowstic|Thunderbolt|p2a: Sunflora\n|-damage|p2a: Sunflora|0 fnt\n|faint|p2a: Sunflora\n|-damage|p1a: Meowstic|80/277|[from] item: Life Orb\n|\n|upkeep\n|\n|t:|1783568198\n|switch|p2a: Sudowoodo|Sudowoodo, L94, M|88/100\n|-damage|p2a: Sudowoodo|76/100|[from] Stealth Rock\n|turn|19\n|inactive|Time left: 300 sec this turn | 300 sec total\n|\n|t:|1783568199\n|move|p2a: Sudowoodo|Sucker Punch|p1a: Meowstic\n|-crit|p1a: Meowstic\n|-damage|p1a: Meowstic|0 fnt\n|faint|p1a: Meowstic\n|\n|upkeep\n|inactive|Time left: 300 sec this turn | 300 sec total | 5 sec grace\n|\n|t:|1783568199\n|switch|p1a: Infernape|Infernape, L82, M|259/259\n|-damage|p1a: Infernape|227/259|[from] Stealth Rock\n|turn|20\n|inactive|Time left: 300 sec this turn | 300 sec total\n|\n|t:|1783568200\n|move|p2a: Sudowoodo|Sucker Punch|p1a: Infernape\n|-resisted|p1a: Infernape\n|-damage|p1a: Infernape|170/259\n|move|p1a: Infernape|Close Combat|p2a: Sudowoodo\n|-supereffective|p2a: Sudowoodo\n|-damage|p2a: Sudowoodo|0 fnt\n|-unboost|p1a: Infernape|def|1\n|-unboost|p1a: Infernape|spd|1\n|faint|p2a: Sudowoodo\n|-damage|p1a: Infernape|145/259|[from] item: Life Orb\n|\n|win|p0x2429630e", "uploadtime": 1783568200, "views": 0, "rating": 0, "private": 0, "password": null, "_winner": "p0x2429630e", "_our_name": "p0x2429630e"}