{"id": "battle-gen9randombattle-80", "formatid": "gen9randombattle", "format": "[Gen 9] Random Battle", "players": ["p0x080b286", "p0y0800b59"], "log": "|init|battle\n|title|p0x080b286 vs. p0y0800b59\n|j|\u2606p0x080b286\n|j|\u2606p0y0800b59\n|t:|1783534703\n|gametype|singles\n|player|p1|p0x080b286|1|\n|player|p2|p0y0800b59|265|\n|gen|9\n|tier|[Gen 9] Random Battle\n|rule|Species Clause: Limit one of each Pok\u00e9mon\n|rule|HP Percentage Mod: HP is shown in percentages\n|rule|Sleep Clause Mod: Limit one foe put to sleep\n|rule|Illusion Level Mod: Illusion disguises the Pok\u00e9mon's true level\n|\n|t:|1783534703\n|teamsize|p1|6\n|teamsize|p2|6\n|start\n|switch|p1a: Zangoose|Zangoose, L85, M|263/263\n|switch|p2a: Politoed|Politoed, L88, M|100/100\n|-weather|RainDance|[from] ability: Drizzle|[of] p2a: Politoed\n|turn|1\n|inactive|Battle timer is ON: inactive players will automatically lose when time's up. (requested by p0x080b286)\n|\n|t:|1783534705\n|move|p1a: Zangoose|Swords Dance|p1a: Zangoose\n|-boost|p1a: Zangoose|atk|2\n|move|p2a: Politoed|Weather Ball|p1a: Zangoose\n|-damage|p1a: Zangoose|0 fnt\n|faint|p1a: Zangoose\n|\n|-weather|RainDance|[upkeep]\n|upkeep\n|inactive|Time left: 300 sec this turn | 300 sec total | 65 sec grace\n|inactive|p0y0800b59 also wants the timer to be on.\n|\n|t:|1783534706\n|switch|p1a: Raging Bolt|Raging Bolt, L78|323/323\n|turn|2\n|inactive|Time left: 300 sec this turn | 300 sec total\n|\n|t:|1783534708\n|move|p2a: Politoed|Weather Ball|p1a: Raging Bolt\n|-resisted|p1a: Raging Bolt\n|-damage|p1a: Raging Bolt|228/323\n|move|p1a: Raging Bolt|Discharge|p2a: Politoed\n|-supereffective|p2a: Politoed\n|-damage|p2a: Politoed|42/100\n|-status|p2a: Politoed|par\n|\n|-weather|RainDance|[upkeep]\n|upkeep\n|turn|3\n|inactive|Time left: 300 sec this turn | 300 sec total\n|\n|t:|1783534708\n|switch|p2a: Rhyperior|Rhyperior, L82, M|100/100\n|move|p1a: Raging Bolt|Discharge|p2a: Rhyperior\n|-immune|p2a: Rhyperior\n|\n|-weather|RainDance|[upkeep]\n|upkeep\n|turn|4\n|inactive|Time left: 300 sec this turn | 300 sec total\n|\n|t:|1783534710\n|move|p1a: Raging Bolt|Draco Meteor|p2a: Rhyperior\n|-damage|p2a: Rhyperior|33/100\n|-unboost|p1a: Raging Bolt|spa|2\n|move|p2a: Rhyperior|Earthquake|p1a: Raging Bolt\n|-supereffective|p1a: Raging Bolt\n|-damage|p1a: Raging Bolt|0 fnt\n|faint|p1a: Raging Bolt\n|-end|p1a: Raging Bolt|Protosynthesis|[silent]\n|\n|-weather|RainDance|[upkeep]\n|upkeep\n|inactive|Time left: 300 sec this turn | 300 sec total | 5 sec grace\n|\n|t:|1783534710\n|switch|p1a: Mandibuzz|Mandibuzz, L85, F|235/235\n|turn|5\n|inactive|Time left: 300 sec this turn | 300 sec total\n|\n|t:|1783534711\n|move|p1a: Mandibuzz|Dark Pulse|p2a: Rhyperior\n|-damage|p2a: Rhyperior|0 fnt\n|faint|p2a: Rhyperior\n|\n|-weather|none\n|upkeep\n|\n|t:|1783534712\n|switch|p2a: Crabominable|Crabominable, L90, M|100/100\n|turn|6\n|inactive|Time left: 300 sec this turn | 300 sec total\n|\n|t:|1783534713\n|switch|p1a: Alomomola|Alomomola, L87, F|429/429\n|move|p2a: Crabominable|Ice Hammer|p1a: Alomomola\n|-resisted|p1a: Alomomola\n|-damage|p1a: Alomomola|280/429\n|-unboost|p2a: Crabominable|spe|1\n|-damage|p2a: Crabominable|84/100|[from] item: Rocky Helmet|[of] p1a: Alomomola\n|\n|upkeep\n|turn|7\n|inactive|Time left: 300 sec this turn | 300 sec total\n|\n|t:|1783534714\n|move|p1a: Alomomola|Scald|p2a: Crabominable\n|-damage|p2a: Crabominable|66/100\n|move|p2a: Crabominable|Ice Hammer|p1a: Alomomola\n|-resisted|p1a: Alomomola\n|-damage|p1a: Alomomola|133/429\n|-unboost|p2a: Crabominable|spe|1\n|-damage|p2a: Crabominable|50/100|[from] item: Rocky Helmet|[of] p1a: Alomomola\n|\n|upkeep\n|turn|8\n|inactive|Time left: 300 sec this turn | 300 sec total\n|\n|t:|1783534715\n|move|p1a: Alomomola|Flip Turn|p2a: Crabominable\n|-damage|p2a: Crabominable|31/100\n|inactive|Time left: 300 sec this turn | 300 sec total | 5 sec grace\n|\n|t:|1783534716\n|switch|p1a: Oinkologne|Oinkologne-F, L92, F|361/361|[from] Flip Turn\n|move|p2a: Crabominable|Ice Hammer|p1a: Oinkologne\n|-damage|p1a: Oinkologne|39/361\n|-unboost|p2a: Crabominable|spe|1\n|\n|-heal|p1a: Oinkologne|61/361|[from] item: Leftovers\n|upkeep\n|turn|9\n|inactive|Time left: 300 sec this turn | 300 sec total\n|\n|t:|1783534717\n|move|p1a: Oinkologne|Body Slam|p2a: Crabominable\n|-damage|p2a: Crabominable|0 fnt\n|faint|p2a: Crabominable\n|\n|-heal|p1a: Oinkologne|83/361|[from] item: Leftovers\n|upkeep\n|\n|t:|1783534718\n|switch|p2a: Dugtrio|Dugtrio, L84, F|100/100\n|turn|10\n|inactive|Time left: 300 sec this turn | 300 sec total\n|\n|t:|1783534719\n|move|p2a: Dugtrio|Earthquake|p1a: Oinkologne\n|-damage|p1a: Oinkologne|0 fnt\n|faint|p1a: Oinkologne\n|\n|upkeep\n|inactive|Time left: 300 sec this turn | 300 sec total | 5 sec grace\n|\n|t:|1783534720\n|switch|p1a: Alomomola|Alomomola, L87, F|276/429\n|turn|11\n|inactive|Time left: 300 sec this turn | 300 sec total\n|\n|t:|1783534721\n|switch|p2a: Eternatus|Eternatus, L69|100/100\n|-ability|p2a: Eternatus|Pressure\n|move|p1a: Alomomola|Flip Turn|p2a: Eternatus\n|-resisted|p2a: Eternatus\n|-crit|p2a: Eternatus\n|-damage|p2a: Eternatus|86/100\n|-damage|p1a: Alomomola|205/429|[from] item: Rocky Helmet|[of] p2a: Eternatus\n|inactive|Time left: 300 sec this turn | 300 sec total | 5 sec grace\n|\n|t:|1783534722\n|switch|p1a: Mandibuzz|Mandibuzz, L85, F|235/235|[from] Flip Turn\n|\n|upkeep\n|turn|12\n|inactive|Time left: 300 sec this turn | 300 sec total\n|\n|t:|1783534723\n|move|p1a: Mandibuzz|Dark Pulse|p2a: Eternatus\n|-damage|p2a: Eternatus|26/100\n|move|p2a: Eternatus|Sludge Bomb|p1a: Mandibuzz\n|-damage|p1a: Mandibuzz|118/235\n|replace|p1a: Zoroark|Zoroark, L83, M\n|-end|p1a: Zoroark|Illusion\n|-hint|Illusion Level Mod is active, so this Pok\u00e9mon's true level was hidden.\n|\n|upkeep\n|turn|13\n|inactive|Time left: 300 sec this turn | 300 sec total\n|\n|t:|1783534724\n|move|p1a: Zoroark|Dark Pulse|p2a: Eternatus\n|-damage|p2a: Eternatus|0 fnt\n|faint|p2a: Eternatus\n|\n|upkeep\n|\n|t:|1783534725\n|switch|p2a: Dugtrio|Dugtrio, L84, F|100/100\n|turn|14\n|inactive|Time left: 300 sec this turn | 300 sec total\n|\n|t:|1783534726\n|move|p2a: Dugtrio|Earthquake|p1a: Zoroark\n|-damage|p1a: Zoroark|0 fnt\n|faint|p1a: Zoroark\n|\n|upkeep\n|inactive|Time left: 300 sec this turn | 300 sec total | 5 sec grace\n|\n|t:|1783534727\n|switch|p1a: Alomomola|Alomomola, L87, F|348/429\n|turn|15\n|inactive|Time left: 300 sec this turn | 300 sec total\n|\n|t:|1783534728\n|switch|p2a: Politoed|Politoed, L88, M|42/100 par\n|-weather|RainDance|[from] ability: Drizzle|[of] p2a: Politoed\n|move|p1a: Alomomola|Flip Turn|p2a: Politoed\n|-resisted|p2a: Politoed\n|-damage|p2a: Politoed|26/100 par\n|inactive|Time left: 300 sec this turn | 300 sec total | 5 sec grace\n|\n|t:|1783534729\n|switch|p1a: Mandibuzz|Mandibuzz, L85, F|326/326|[from] Flip Turn\n|\n|-weather|RainDance|[upkeep]\n|upkeep\n|turn|16\n|inactive|Time left: 300 sec this turn | 300 sec total\n|\n|t:|1783534730\n|move|p1a: Mandibuzz|Knock Off|p2a: Politoed\n|-damage|p2a: Politoed|0 fnt\n|-enditem|p2a: Politoed|Choice Specs|[from] move: Knock Off|[of] p1a: Mandibuzz\n|faint|p2a: Politoed\n|\n|-weather|RainDance|[upkeep]\n|upkeep\n|\n|t:|1783534731\n|switch|p2a: Spiritomb|Spiritomb, L89, F|100/100\n|turn|17\n|inactive|Time left: 300 sec this turn | 300 sec total\n|\n|t:|1783534731\n|move|p1a: Mandibuzz|Knock Off|p2a: Spiritomb\n|-damage|p2a: Spiritomb|72/100\n|-enditem|p2a: Spiritomb|Leftovers|[from] move: Knock Off|[of] p1a: Mandibuzz\n|move|p2a: Spiritomb|Will-O-Wisp|p1a: Mandibuzz|[miss]\n|-miss|p2a: Spiritomb|p1a: Mandibuzz\n|\n|-weather|RainDance|[upkeep]\n|upkeep\n|turn|18\n|inactive|Time left: 300 sec this turn | 300 sec total\n|\n|t:|1783534732\n|move|p1a: Mandibuzz|Toxic|p2a: Spiritomb|[miss]\n|-miss|p1a: Mandibuzz|p2a: Spiritomb\n|move|p2a: Spiritomb|Will-O-Wisp|p1a: Mandibuzz|[miss]\n|-miss|p2a: Spiritomb|p1a: Mandibuzz\n|\n|-weather|RainDance|[upkeep]\n|upkeep\n|turn|19\n|inactive|Time left: 300 sec this turn | 300 sec total\n|\n|t:|1783534733\n|move|p1a: Mandibuzz|Toxic|p2a: Spiritomb\n|-status|p2a: Spiritomb|tox\n|move|p2a: Spiritomb|Will-O-Wisp|p1a: Mandibuzz\n|-status|p1a: Mandibuzz|brn\n|\n|-weather|none\n|-damage|p2a: Spiritomb|66/100 tox|[from] psn\n|-damage|p1a: Mandibuzz|306/326 brn|[from] brn\n|upkeep\n|turn|20\n|inactive|Time left: 300 sec this turn | 300 sec total\n|\n|t:|1783534734\n|move|p1a: Mandibuzz|Brave Bird|p2a: Spiritomb\n|-damage|p2a: Spiritomb|48/100 tox\n|-damage|p1a: Mandibuzz|292/326 brn|[from] Recoil\n|move|p2a: Spiritomb|Pain Split|p1a: Mandibuzz\n|-sethp|p1a: Mandibuzz|202/326 brn|[from] move: Pain Split|[silent]\n|-sethp|p2a: Spiritomb|87/100 tox|[from] move: Pain Split\n|\n|-damage|p2a: Spiritomb|75/100 tox|[from] psn\n|-damage|p1a: Mandibuzz|182/326 brn|[from] brn\n|upkeep\n|turn|21\n|inactive|Time left: 300 sec this turn | 300 sec total\n|\n|t:|1783534735\n|move|p1a: Mandibuzz|Roost|p1a: Mandibuzz\n|-heal|p1a: Mandibuzz|326/326 brn\n|-singleturn|p1a: Mandibuzz|move: Roost\n|move|p2a: Spiritomb|Poltergeist|p1a: Mandibuzz\n|-activate|p1a: Mandibuzz|move: Poltergeist|Heavy-Duty Boots\n|-resisted|p1a: Mandibuzz\n|-damage|p1a: Mandibuzz|270/326 brn\n|\n|-damage|p2a: Spiritomb|57/100 tox|[from] psn\n|-damage|p1a: Mandibuzz|250/326 brn|[from] brn\n|upkeep\n|turn|22\n|inactive|Time left: 300 sec this turn | 300 sec total\n|\n|t:|1783534737\n|move|p1a: Mandibuzz|Roost|p1a: Mandibuzz\n|-heal|p1a: Mandibuzz|326/326 brn\n|-singleturn|p1a: Mandibuzz|move: Roost\n|move|p2a: Spiritomb|Pain Split|p1a: Mandibuzz\n|-sethp|p1a: Mandibuzz|229/326 brn|[from] move: Pain Split|[silent]\n|-sethp|p2a: Spiritomb|98/100 tox|[from] move: Pain Split\n|\n|-damage|p2a: Spiritomb|74/100 tox|[from] psn\n|-damage|p1a: Mandibuzz|209/326 brn|[from] brn\n|upkeep\n|turn|23\n|inactive|Time left: 300 sec this turn | 300 sec total\n|\n|t:|1783534737\n|move|p1a: Mandibuzz|Brave Bird|p2a: Spiritomb\n|-damage|p2a: Spiritomb|57/100 tox\n|-damage|p1a: Mandibuzz|195/326 brn|[from] Recoil\n|move|p2a: Spiritomb|Pain Split|p1a: Mandibuzz\n|-sethp|p1a: Mandibuzz|163/326 brn|[from] move: Pain Split|[silent]\n|-sethp|p2a: Spiritomb|70/100 tox|[from] move: Pain Split\n|\n|-damage|p2a: Spiritomb|40/100 tox|[from] psn\n|-damage|p1a: Mandibuzz|143/326 brn|[from] brn\n|upkeep\n|turn|24\n|inactive|Time left: 300 sec this turn | 300 sec total\n|\n|t:|1783534739\n|move|p1a: Mandibuzz|Roost|p1a: Mandibuzz\n|-heal|p1a: Mandibuzz|306/326 brn\n|-singleturn|p1a: Mandibuzz|move: Roost\n|move|p2a: Spiritomb|Pain Split|p1a: Mandibuzz\n|-sethp|p1a: Mandibuzz|199/326 brn|[from] move: Pain Split|[silent]\n|-sethp|p2a: Spiritomb|86/100 tox|[from] move: Pain Split\n|\n|-damage|p2a: Spiritomb|50/100 tox|[from] psn\n|-damage|p1a: Mandibuzz|179/326 brn|[from] brn\n|upkeep\n|turn|25\n|inactive|Time left: 300 sec this turn | 300 sec total\n|\n|t:|1783534739\n|move|p1a: Mandibuzz|Roost|p1a: Mandibuzz\n|-heal|p1a: Mandibuzz|326/326 brn\n|-singleturn|p1a: Mandibuzz|move: Roost\n|move|p2a: Spiritomb|Pain Split|p1a: Mandibuzz\n|-sethp|p1a: Mandibuzz|220/326 brn|[from] move: Pain Split|[silent]\n|-sethp|p2a: Spiritomb|95/100 tox|[from] move: Pain Split\n|\n|-damage|p2a: Spiritomb|53/100 tox|[from] psn\n|-damage|p1a: Mandibuzz|200/326 brn|[from] brn\n|upkeep\n|turn|26\n|inactive|Time left: 300 sec this turn | 300 sec total\n|\n|t:|1783534740\n|move|p1a: Mandibuzz|Knock Off|p2a: Spiritomb\n|-damage|p2a: Spiritomb|43/100 tox\n|move|p2a: Spiritomb|Pain Split|p1a: Mandibuzz\n|-sethp|p1a: Mandibuzz|150/326 brn|[from] move: Pain Split|[silent]\n|-sethp|p2a: Spiritomb|65/100 tox|[from] move: Pain Split\n|\n|-damage|p2a: Spiritomb|17/100 tox|[from] psn\n|-damage|p1a: Mandibuzz|130/326 brn|[from] brn\n|upkeep\n|turn|27\n|inactive|Time left: 300 sec this turn | 300 sec total\n|\n|t:|1783534741\n|move|p1a: Mandibuzz|Roost|p1a: Mandibuzz\n|-heal|p1a: Mandibuzz|293/326 brn\n|-singleturn|p1a: Mandibuzz|move: Roost\n|move|p2a: Spiritomb|Pain Split|p1a: Mandibuzz\n|-sethp|p1a: Mandibuzz|165/326 brn|[from] move: Pain Split|[silent]\n|-sethp|p2a: Spiritomb|71/100 tox|[from] move: Pain Split\n|\n|-damage|p2a: Spiritomb|17/100 tox|[from] psn\n|-damage|p1a: Mandibuzz|145/326 brn|[from] brn\n|upkeep\n|turn|28\n|inactive|Time left: 300 sec this turn | 300 sec total\n|\n|t:|1783534742\n|move|p1a: Mandibuzz|Roost|p1a: Mandibuzz\n|-heal|p1a: Mandibuzz|308/326 brn\n|-singleturn|p1a: Mandibuzz|move: Roost\n|move|p2a: Spiritomb|Pain Split|p1a: Mandibuzz\n|-sethp|p1a: Mandibuzz|173/326 brn|[from] move: Pain Split|[silent]\n|-sethp|p2a: Spiritomb|74/100 tox|[from] move: Pain Split\n|\n|-damage|p2a: Spiritomb|15/100 tox|[from] psn\n|-damage|p1a: Mandibuzz|153/326 brn|[from] brn\n|upkeep\n|turn|29\n|inactive|Time left: 300 sec this turn | 300 sec total\n|\n|t:|1783534743\n|move|p1a: Mandibuzz|Roost|p1a: Mandibuzz\n|-heal|p1a: Mandibuzz|316/326 brn\n|-singleturn|p1a: Mandibuzz|move: Roost\n|move|p2a: Spiritomb|Pain Split|p1a: Mandibuzz\n|-sethp|p1a: Mandibuzz|174/326 brn|[from] move: Pain Split|[silent]\n|-sethp|p2a: Spiritomb|75/100 tox|[from] move: Pain Split\n|\n|-damage|p2a: Spiritomb|9/100 tox|[from] psn\n|-damage|p1a: Mandibuzz|154/326 brn|[from] brn\n|upkeep\n|turn|30\n|inactive|Time left: 300 sec this turn | 300 sec total\n|\n|t:|1783534744\n|switch|p2a: Dugtrio|Dugtrio, L84, F|100/100\n|move|p1a: Mandibuzz|Roost|p1a: Mandibuzz\n|-heal|p1a: Mandibuzz|317/326 brn\n|-singleturn|p1a: Mandibuzz|move: Roost\n|\n|-damage|p1a: Mandibuzz|297/326 brn|[from] brn\n|upkeep\n|turn|31\n|inactive|Time left: 300 sec this turn | 300 sec total\n|\n|t:|1783534745\n|move|p2a: Dugtrio|Stone Edge|p1a: Mandibuzz\n|-supereffective|p1a: Mandibuzz\n|-damage|p1a: Mandibuzz|115/326 brn\n|move|p1a: Mandibuzz|Knock Off|p2a: Dugtrio\n|-damage|p2a: Dugtrio|68/100\n|-enditem|p2a: Dugtrio|Choice Band|[from] move: Knock Off|[of] p1a: Mandibuzz\n|\n|-damage|p1a: Mandibuzz|95/326 brn|[from] brn\n|upkeep\n|turn|32\n|inactive|Time left: 300 sec this turn | 300 sec total\n|\n|t:|1783534746\n|switch|p1a: Alomomola|Alomomola, L87, F|429/429\n|move|p2a: Dugtrio|Stone Edge|p1a: Alomomola\n|-damage|p1a: Alomomola|347/429\n|\n|upkeep\n|turn|33\n|inactive|Time left: 300 sec this turn | 300 sec total\n|\n|t:|1783534747\n|switch|p2a: Spiritomb|Spiritomb, L89, F|9/100 tox\n|move|p1a: Alomomola|Flip Turn|p2a: Spiritomb\n|-damage|p2a: Spiritomb|0 fnt\n|faint|p2a: Spiritomb\n|inactive|Time left: 300 sec this turn | 300 sec total | 5 sec grace\n|\n|t:|1783534748\n|switch|p1a: Mandibuzz|Mandibuzz, L85, F|95/326 brn|[from] Flip Turn\n|\n|-damage|p1a: Mandibuzz|75/326 brn|[from] brn\n|upkeep\n|\n|t:|1783534749\n|switch|p2a: Dugtrio|Dugtrio, L84, F|68/100\n|turn|34\n|inactive|Time left: 300 sec this turn | 300 sec total\n|\n|t:|1783534750\n|-terastallize|p1a: Mandibuzz|Steel\n|move|p2a: Dugtrio|Stone Edge|p1a: Mandibuzz|[miss]\n|-miss|p2a: Dugtrio|p1a: Mandibuzz\n|move|p1a: Mandibuzz|Brave Bird|p2a: Dugtrio\n|-damage|p2a: Dugtrio|34/100\n|-damage|p1a: Mandibuzz|53/326 brn|[from] Recoil\n|\n|-damage|p1a: Mandibuzz|33/326 brn|[from] brn\n|upkeep\n|turn|35\n|inactive|Time left: 300 sec this turn | 300 sec total\n|\n|t:|1783534751\n|move|p2a: Dugtrio|Throat Chop|p1a: Mandibuzz\n|-damage|p1a: Mandibuzz|0 fnt\n|faint|p1a: Mandibuzz\n|\n|upkeep\n|inactive|Time left: 300 sec this turn | 300 sec total | 5 sec grace\n|\n|t:|1783534751\n|switch|p1a: Alomomola|Alomomola, L87, F|429/429\n|turn|36\n|inactive|Time left: 300 sec this turn | 300 sec total\n|\n|t:|1783534752\n|-terastallize|p2a: Dugtrio|Dark\n|move|p2a: Dugtrio|Stone Edge|p1a: Alomomola\n|-damage|p1a: Alomomola|355/429\n|move|p1a: Alomomola|Scald|p2a: Dugtrio\n|-damage|p2a: Dugtrio|3/100\n|-status|p2a: Dugtrio|brn\n|\n|-damage|p2a: Dugtrio|0 fnt|[from] brn\n|faint|p2a: Dugtrio\n|\n|win|p0x080b286", "uploadtime": 1783534752, "views": 0, "rating": 0, "private": 0, "password": null, "_winner": "p0x080b286", "_our_name": "p0x080b286"}