{"id": "battle-gen9randombattle-120", "formatid": "gen9randombattle", "format": "[Gen 9] Random Battle", "players": ["p0x120161d", "p0y120de1b"], "log": "|init|battle\n|title|p0x120161d vs. p0y120de1b\n|j|\u2606p0x120161d\n|j|\u2606p0y120de1b\n|t:|1783540558\n|gametype|singles\n|player|p1|p0x120161d|170|\n|player|p2|p0y120de1b|101|\n|gen|9\n|tier|[Gen 9] Random Battle\n|rule|Species Clause: Limit one of each Pok\u00e9mon\n|rule|HP Percentage Mod: HP is shown in percentages\n|rule|Sleep Clause Mod: Limit one foe put to sleep\n|rule|Illusion Level Mod: Illusion disguises the Pok\u00e9mon's true level\n|\n|t:|1783540558\n|teamsize|p1|6\n|teamsize|p2|6\n|start\n|switch|p1a: Haxorus|Haxorus, L77, F|244/244\n|switch|p2a: Drednaw|Drednaw, L81, F|100/100\n|-ability|p1a: Haxorus|Mold Breaker\n|turn|1\n|inactive|Battle timer is ON: inactive players will automatically lose when time's up. (requested by p0x120161d)\n|inactive|p0y120de1b also wants the timer to be on.\n|\n|t:|1783540560\n|move|p1a: Haxorus|Swords Dance|p1a: Haxorus\n|-boost|p1a: Haxorus|atk|2\n|move|p2a: Drednaw|Shell Smash|p2a: Drednaw\n|-unboost|p2a: Drednaw|def|1\n|-unboost|p2a: Drednaw|spd|1\n|-boost|p2a: Drednaw|atk|2\n|-boost|p2a: Drednaw|spa|2\n|-boost|p2a: Drednaw|spe|2\n|-enditem|p2a: Drednaw|White Herb\n|-clearnegativeboost|p2a: Drednaw|[silent]\n|\n|upkeep\n|turn|2\n|inactive|Time left: 300 sec this turn | 300 sec total\n|\n|t:|1783540561\n|-terastallize|p2a: Drednaw|Ground\n|move|p2a: Drednaw|Earthquake|p1a: Haxorus\n|-damage|p1a: Haxorus|0 fnt\n|faint|p1a: Haxorus\n|\n|upkeep\n|inactive|Time left: 300 sec this turn | 300 sec total | 5 sec grace\n|\n|t:|1783540562\n|switch|p1a: Urshifu|Urshifu-Rapid-Strike, L75, M|274/274\n|turn|3\n|inactive|Time left: 300 sec this turn | 300 sec total\n|\n|t:|1783540563\n|-terastallize|p1a: Urshifu|Water\n|move|p2a: Drednaw|Earthquake|p1a: Urshifu\n|-damage|p1a: Urshifu|45/274\n|move|p1a: Urshifu|Surging Strikes|p2a: Drednaw\n|-supereffective|p2a: Drednaw\n|-damage|p2a: Drednaw|69/100\n|-supereffective|p2a: Drednaw\n|-damage|p2a: Drednaw|33/100\n|-supereffective|p2a: Drednaw\n|-damage|p2a: Drednaw|0 fnt\n|faint|p2a: Drednaw\n|-hitcount|p2: Drednaw|3\n|-damage|p1a: Urshifu|18/274|[from] item: Life Orb\n|\n|upkeep\n|\n|t:|1783540564\n|switch|p2a: Raging Bolt|Raging Bolt, L78|100/100\n|-enditem|p2a: Raging Bolt|Booster Energy\n|-activate|p2a: Raging Bolt|ability: Protosynthesis|[fromitem]\n|-start|p2a: Raging Bolt|protosynthesisspa\n|turn|4\n|inactive|Time left: 300 sec this turn | 300 sec total\n|\n|t:|1783540565\n|switch|p1a: Diancie|Diancie, L82|216/216\n|move|p2a: Raging Bolt|Calm Mind|p2a: Raging Bolt\n|-boost|p2a: Raging Bolt|spa|1\n|-boost|p2a: Raging Bolt|spd|1\n|\n|upkeep\n|turn|5\n|inactive|Time left: 300 sec this turn | 300 sec total\n|\n|t:|1783540566\n|move|p2a: Raging Bolt|Thunderbolt|p1a: Diancie\n|-damage|p1a: Diancie|63/216\n|move|p1a: Diancie|Moonblast|p2a: Raging Bolt\n|-supereffective|p2a: Raging Bolt\n|-damage|p2a: Raging Bolt|56/100\n|\n|-heal|p1a: Diancie|76/216|[from] item: Leftovers\n|upkeep\n|turn|6\n|inactive|Time left: 300 sec this turn | 300 sec total\n|\n|t:|1783540567\n|switch|p1a: Rhydon|Rhydon, L85, F|317/317\n|move|p2a: Raging Bolt|Thunderbolt|p1a: Rhydon\n|-ability|p1a: Rhydon|Lightning Rod|boost\n|-boost|p1a: Rhydon|spa|1\n|\n|upkeep\n|turn|7\n|inactive|Time left: 300 sec this turn | 300 sec total\n|\n|t:|1783540568\n|move|p2a: Raging Bolt|Dragon Pulse|p1a: Rhydon\n|-damage|p1a: Rhydon|118/317\n|move|p1a: Rhydon|Earthquake|p2a: Raging Bolt\n|-supereffective|p2a: Raging Bolt\n|-damage|p2a: Raging Bolt|0 fnt\n|faint|p2a: Raging Bolt\n|-end|p2a: Raging Bolt|Protosynthesis|[silent]\n|\n|upkeep\n|\n|t:|1783540569\n|switch|p2a: Victreebel|Victreebel, L90, M|100/100\n|turn|8\n|inactive|Time left: 300 sec this turn | 300 sec total\n|\n|t:|1783540570\n|switch|p1a: Duraludon|Duraludon, L82, F|249/249\n|move|p2a: Victreebel|Power Whip|p1a: Duraludon\n|-resisted|p1a: Duraludon\n|-damage|p1a: Duraludon|220/249\n|-damage|p2a: Victreebel|90/100|[from] item: Life Orb\n|\n|upkeep\n|turn|9\n|inactive|Time left: 300 sec this turn | 300 sec total\n|\n|t:|1783540572\n|move|p1a: Duraludon|Flash Cannon|p2a: Victreebel\n|-damage|p2a: Victreebel|55/100\n|move|p2a: Victreebel|Sleep Powder|p1a: Duraludon\n|-status|p1a: Duraludon|slp|[from] move: Sleep Powder\n|\n|upkeep\n|turn|10\n|inactive|Time left: 300 sec this turn | 300 sec total\n|\n|t:|1783540573\n|cant|p1a: Duraludon|slp\n|move|p2a: Victreebel|Knock Off|p1a: Duraludon\n|-damage|p1a: Duraludon|156/249 slp\n|-enditem|p1a: Duraludon|Eviolite|[from] move: Knock Off|[of] p2a: Victreebel\n|-damage|p2a: Victreebel|45/100|[from] item: Life Orb\n|\n|upkeep\n|turn|11\n|inactive|Time left: 300 sec this turn | 300 sec total\n|\n|t:|1783540574\n|switch|p2a: Sceptile|Sceptile, L87, F|100/100\n|-curestatus|p1a: Duraludon|slp|[msg]\n|move|p1a: Duraludon|Flash Cannon|p2a: Sceptile\n|-damage|p2a: Sceptile|64/100\n|\n|-heal|p2a: Sceptile|70/100|[from] item: Leftovers\n|upkeep\n|turn|12\n|inactive|Time left: 300 sec this turn | 300 sec total\n|\n|t:|1783540575\n|switch|p1a: Malamar|Malamar, L82, M|275/275\n|move|p2a: Sceptile|Focus Blast|p1a: Malamar\n|-damage|p1a: Malamar|166/275\n|\n|-heal|p2a: Sceptile|76/100|[from] item: Leftovers\n|-heal|p1a: Malamar|183/275|[from] item: Leftovers\n|upkeep\n|turn|13\n|inactive|Time left: 300 sec this turn | 300 sec total\n|\n|t:|1783540576\n|move|p2a: Sceptile|Giga Drain|p1a: Malamar\n|-crit|p1a: Malamar\n|-damage|p1a: Malamar|35/275\n|-heal|p2a: Sceptile|100/100|[from] drain|[of] p1a: Malamar\n|move|p1a: Malamar|Superpower|p2a: Sceptile\n|-damage|p2a: Sceptile|67/100\n|-boost|p1a: Malamar|atk|1\n|-boost|p1a: Malamar|def|1\n|\n|-heal|p2a: Sceptile|73/100|[from] item: Leftovers\n|-heal|p1a: Malamar|52/275|[from] item: Leftovers\n|upkeep\n|turn|14\n|inactive|Time left: 300 sec this turn | 300 sec total\n|\n|t:|1783540577\n|move|p2a: Sceptile|Giga Drain|p1a: Malamar\n|-damage|p1a: Malamar|0 fnt\n|-heal|p2a: Sceptile|83/100|[from] drain|[of] p1a: Malamar\n|faint|p1a: Malamar\n|\n|-heal|p2a: Sceptile|89/100|[from] item: Leftovers\n|upkeep\n|inactive|Time left: 300 sec this turn | 300 sec total | 5 sec grace\n|\n|t:|1783540578\n|switch|p1a: Duraludon|Duraludon, L82, F|156/249\n|turn|15\n|inactive|Time left: 300 sec this turn | 300 sec total\n|\n|t:|1783540579\n|move|p2a: Sceptile|Focus Blast|p1a: Duraludon|[miss]\n|-miss|p2a: Sceptile|p1a: Duraludon\n|move|p1a: Duraludon|Stealth Rock|p2a: Sceptile\n|-sidestart|p2: p0y120de1b|move: Stealth Rock\n|\n|-heal|p2a: Sceptile|95/100|[from] item: Leftovers\n|upkeep\n|turn|16\n|inactive|Time left: 300 sec this turn | 300 sec total\n|\n|t:|1783540580\n|switch|p1a: Diancie|Diancie, L82|76/216\n|move|p2a: Sceptile|Focus Blast|p1a: Diancie\n|-crit|p1a: Diancie\n|-damage|p1a: Diancie|0 fnt\n|faint|p1a: Diancie\n|\n|-heal|p2a: Sceptile|100/100|[from] item: Leftovers\n|upkeep\n|inactive|Time left: 300 sec this turn | 300 sec total | 5 sec grace\n|\n|t:|1783540581\n|switch|p1a: Urshifu|Urshifu-Rapid-Strike, L75, M, tera:Water|18/274\n|turn|17\n|inactive|Time left: 300 sec this turn | 300 sec total\n|\n|t:|1783540582\n|move|p2a: Sceptile|Giga Drain|p1a: Urshifu\n|-supereffective|p1a: Urshifu\n|-damage|p1a: Urshifu|0 fnt\n|faint|p1a: Urshifu\n|\n|upkeep\n|inactive|Time left: 300 sec this turn | 300 sec total | 5 sec grace\n|\n|t:|1783540583\n|switch|p1a: Rhydon|Rhydon, L85, F|118/317\n|turn|18\n|inactive|Time left: 300 sec this turn | 300 sec total\n|\n|t:|1783540584\n|switch|p1a: Duraludon|Duraludon, L82, F|156/249\n|move|p2a: Sceptile|Giga Drain|p1a: Duraludon\n|-resisted|p1a: Duraludon\n|-damage|p1a: Duraludon|119/249\n|\n|upkeep\n|turn|19\n|inactive|Time left: 300 sec this turn | 300 sec total\n|\n|t:|1783540585\n|move|p2a: Sceptile|Focus Blast|p1a: Duraludon\n|-supereffective|p1a: Duraludon\n|-damage|p1a: Duraludon|0 fnt\n|faint|p1a: Duraludon\n|\n|upkeep\n|inactive|Time left: 300 sec this turn | 300 sec total | 5 sec grace\n|\n|t:|1783540586\n|switch|p1a: Rhydon|Rhydon, L85, F|118/317\n|turn|20\n|inactive|Time left: 300 sec this turn | 300 sec total\n|\n|t:|1783540586\n|move|p2a: Sceptile|Giga Drain|p1a: Rhydon\n|-supereffective|p1a: Rhydon\n|-damage|p1a: Rhydon|0 fnt\n|faint|p1a: Rhydon\n|\n|win|p0y120de1b", "uploadtime": 1783540586, "views": 0, "rating": 0, "private": 0, "password": null, "_winner": "p0y120de1b", "_our_name": "p0x120161d"}