{"id": "battle-gen9randombattle-2420", "formatid": "gen9randombattle", "format": "[Gen 9] Random Battle", "players": ["p0x2420cf0b", "p0y24208222"], "log": "|init|battle\n|title|p0x2420cf0b vs. p0y24208222\n|j|\u2606p0x2420cf0b\n|j|\u2606p0y24208222\n|t:|1783567075\n|gametype|singles\n|player|p1|p0x2420cf0b|169|\n|player|p2|p0y24208222|266|\n|gen|9\n|tier|[Gen 9] Random Battle\n|rule|Species Clause: Limit one of each Pok\u00e9mon\n|rule|HP Percentage Mod: HP is shown in percentages\n|rule|Sleep Clause Mod: Limit one foe put to sleep\n|rule|Illusion Level Mod: Illusion disguises the Pok\u00e9mon's true level\n|\n|t:|1783567075\n|teamsize|p1|6\n|teamsize|p2|6\n|start\n|switch|p1a: Coalossal|Coalossal, L89, F|341/341\n|switch|p2a: Politoed|Politoed, L88, F|100/100\n|-weather|RainDance|[from] ability: Drizzle|[of] p2a: Politoed\n|turn|1\n|inactive|Battle timer is ON: inactive players will automatically lose when time's up. (requested by p0y24208222)\n|inactive|Time left: 300 sec this turn | 300 sec total | 60 sec grace\n|inactive|p0x2420cf0b also wants the timer to be on.\n|\n|t:|1783567077\n|switch|p1a: Lumineon|Lumineon, L93, M|279/279\n|move|p2a: Politoed|Surf|p1a: Lumineon\n|-ability|p1a: Lumineon|Storm Drain|boost\n|-boost|p1a: Lumineon|spa|1\n|\n|-weather|RainDance|[upkeep]\n|upkeep\n|turn|2\n|inactive|Time left: 300 sec this turn | 300 sec total\n|\n|t:|1783567078\n|move|p1a: Lumineon|Hydro Pump|p2a: Politoed|[miss]\n|-miss|p1a: Lumineon|p2a: Politoed\n|move|p2a: Politoed|Haze|p2a: Politoed\n|-clearallboost\n|\n|-weather|RainDance|[upkeep]\n|upkeep\n|turn|3\n|inactive|Time left: 300 sec this turn | 300 sec total\n|\n|t:|1783567079\n|move|p1a: Lumineon|Hydro Pump|p2a: Politoed\n|-resisted|p2a: Politoed\n|-damage|p2a: Politoed|77/100\n|move|p2a: Politoed|Hypnosis|p1a: Lumineon\n|-status|p1a: Lumineon|slp|[from] move: Hypnosis\n|\n|-weather|RainDance|[upkeep]\n|-heal|p2a: Politoed|83/100|[from] item: Leftovers\n|upkeep\n|turn|4\n|inactive|Time left: 300 sec this turn | 300 sec total\n|\n|t:|1783567080\n|switch|p2a: Gallade|Gallade, L80, M|100/100\n|cant|p1a: Lumineon|slp\n|\n|-weather|RainDance|[upkeep]\n|upkeep\n|turn|5\n|inactive|Time left: 300 sec this turn | 300 sec total\n|\n|t:|1783567081\n|-curestatus|p1a: Lumineon|slp|[msg]\n|move|p1a: Lumineon|U-turn|p2a: Gallade\n|-damage|p2a: Gallade|75/100\n|inactive|Time left: 300 sec this turn | 300 sec total | 5 sec grace\n|\n|t:|1783567082\n|switch|p1a: Drifblim|Drifblim, L86, M|396/396|[from] U-turn\n|move|p2a: Gallade|Sacred Sword|p1a: Drifblim\n|-immune|p1a: Drifblim\n|\n|-weather|none\n|upkeep\n|turn|6\n|inactive|Time left: 300 sec this turn | 300 sec total\n|\n|t:|1783567083\n|move|p1a: Drifblim|Air Slash|p2a: Gallade\n|-supereffective|p2a: Gallade\n|-damage|p2a: Gallade|15/100\n|move|p2a: Gallade|Sacred Sword|p1a: Drifblim\n|-immune|p1a: Drifblim\n|\n|upkeep\n|turn|7\n|inactive|Time left: 300 sec this turn | 300 sec total\n|\n|t:|1783567084\n|move|p1a: Drifblim|Air Slash|p2a: Gallade\n|-supereffective|p2a: Gallade\n|-damage|p2a: Gallade|0 fnt\n|faint|p2a: Gallade\n|\n|upkeep\n|\n|t:|1783567085\n|switch|p2a: Morpeko|Morpeko, L88, F|100/100\n|turn|8\n|inactive|Time left: 300 sec this turn | 300 sec total\n|\n|t:|1783567086\n|switch|p1a: Flapple|Flapple, L88, F|266/266\n|move|p2a: Morpeko|Aura Wheel|p1a: Flapple\n|-resisted|p1a: Flapple\n|-damage|p1a: Flapple|231/266\n|-boost|p2a: Morpeko|spe|1\n|\n|-formechange|p2a: Morpeko|Morpeko-Hangry||[from] ability: Hunger Switch\n|upkeep\n|turn|9\n|inactive|Time left: 300 sec this turn | 300 sec total\n|\n|t:|1783567087\n|move|p2a: Morpeko|Parting Shot|p1a: Flapple\n|-unboost|p1a: Flapple|atk|1\n|-unboost|p1a: Flapple|spa|1\n|\n|t:|1783567088\n|switch|p2a: Tornadus|Tornadus-Therian, L79, M|100/100|[from] Parting Shot\n|move|p1a: Flapple|Outrage|p2a: Tornadus\n|-damage|p2a: Tornadus|38/100\n|\n|upkeep\n|turn|10\n|inactive|Time left: 300 sec this turn | 300 sec total\n|\n|t:|1783567089\n|move|p2a: Tornadus|Bleakwind Storm|p1a: Flapple\n|-supereffective|p1a: Flapple\n|-damage|p1a: Flapple|0 fnt\n|faint|p1a: Flapple\n|\n|upkeep\n|inactive|Time left: 300 sec this turn | 300 sec total | 5 sec grace\n|\n|t:|1783567090\n|switch|p1a: Hitmontop|Hitmontop, L88, M|231/231\n|turn|11\n|inactive|Time left: 300 sec this turn | 300 sec total\n|\n|t:|1783567091\n|move|p2a: Tornadus|Bleakwind Storm|p1a: Hitmontop\n|-supereffective|p1a: Hitmontop\n|-damage|p1a: Hitmontop|73/231\n|move|p1a: Hitmontop|Triple Axel|p2a: Tornadus\n|-supereffective|p2a: Tornadus\n|-damage|p2a: Tornadus|15/100\n|-supereffective|p2a: Tornadus\n|-damage|p2a: Tornadus|0 fnt\n|faint|p2a: Tornadus\n|-hitcount|p2: Tornadus|2\n|\n|-heal|p1a: Hitmontop|87/231|[from] item: Leftovers\n|upkeep\n|\n|t:|1783567092\n|switch|p2a: Politoed|Politoed, L88, F|83/100\n|-weather|RainDance|[from] ability: Drizzle|[of] p2a: Politoed\n|turn|12\n|inactive|Time left: 300 sec this turn | 300 sec total\n|\n|t:|1783567092\n|switch|p1a: Lumineon|Lumineon, L93, M|279/279\n|move|p2a: Politoed|Surf|p1a: Lumineon\n|-ability|p1a: Lumineon|Storm Drain|boost\n|-boost|p1a: Lumineon|spa|1\n|\n|-weather|RainDance|[upkeep]\n|-heal|p2a: Politoed|89/100|[from] item: Leftovers\n|upkeep\n|turn|13\n|inactive|Time left: 300 sec this turn | 300 sec total\n|\n|t:|1783567093\n|move|p1a: Lumineon|Encore|p2a: Politoed\n|-start|p2a: Politoed|Encore\n|move|p2a: Politoed|Surf|p1a: Lumineon\n|-ability|p1a: Lumineon|Storm Drain|boost\n|-boost|p1a: Lumineon|spa|1\n|\n|-weather|RainDance|[upkeep]\n|-heal|p2a: Politoed|95/100|[from] item: Leftovers\n|upkeep\n|turn|14\n|inactive|Time left: 300 sec this turn | 300 sec total\n|\n|t:|1783567094\n|move|p1a: Lumineon|Hydro Pump|p2a: Politoed\n|-resisted|p2a: Politoed\n|-damage|p2a: Politoed|47/100\n|move|p2a: Politoed|Surf|p1a: Lumineon\n|-ability|p1a: Lumineon|Storm Drain|boost\n|-boost|p1a: Lumineon|spa|1\n|\n|-weather|RainDance|[upkeep]\n|-heal|p2a: Politoed|53/100|[from] item: Leftovers\n|upkeep\n|turn|15\n|inactive|Time left: 300 sec this turn | 300 sec total\n|\n|t:|1783567095\n|switch|p2a: Phione|Phione, L91|100/100\n|move|p1a: Lumineon|Hydro Pump|p2a: Phione\n|-resisted|p2a: Phione\n|-damage|p2a: Phione|31/100\n|\n|-weather|RainDance|[upkeep]\n|-heal|p2a: Phione|37/100|[from] item: Leftovers\n|upkeep\n|turn|16\n|inactive|Time left: 300 sec this turn | 300 sec total\n|\n|t:|1783567096\n|move|p1a: Lumineon|Hydro Pump|p2a: Phione\n|-resisted|p2a: Phione\n|-damage|p2a: Phione|0 fnt\n|faint|p2a: Phione\n|\n|-weather|none\n|upkeep\n|\n|t:|1783567097\n|switch|p2a: Oinkologne|Oinkologne-F, L92, F|100/100\n|turn|17\n|inactive|Time left: 300 sec this turn | 300 sec total\n|\n|t:|1783567098\n|move|p1a: Lumineon|Hydro Pump|p2a: Oinkologne\n|-damage|p2a: Oinkologne|35/100\n|move|p2a: Oinkologne|Body Slam|p1a: Lumineon\n|-damage|p1a: Lumineon|168/279\n|\n|-heal|p2a: Oinkologne|41/100|[from] item: Leftovers\n|upkeep\n|turn|18\n|inactive|Time left: 300 sec this turn | 300 sec total\n|\n|t:|1783567099\n|move|p1a: Lumineon|Hydro Pump|p2a: Oinkologne\n|-damage|p2a: Oinkologne|0 fnt\n|faint|p2a: Oinkologne\n|\n|upkeep\n|\n|t:|1783567100\n|switch|p2a: Morpeko|Morpeko, L88, F|100/100\n|turn|19\n|inactive|Time left: 300 sec this turn | 300 sec total\n|\n|t:|1783567101\n|move|p2a: Morpeko|Protect|p2a: Morpeko\n|-singleturn|p2a: Morpeko|Protect\n|move|p1a: Lumineon|Hydro Pump|p2a: Morpeko\n|-activate|p2a: Morpeko|move: Protect\n|\n|-formechange|p2a: Morpeko|Morpeko-Hangry||[from] ability: Hunger Switch\n|upkeep\n|turn|20\n|inactive|Time left: 300 sec this turn | 300 sec total\n|\n|t:|1783567102\n|move|p1a: Lumineon|Ice Beam|p2a: Morpeko\n|-damage|p2a: Morpeko|20/100\n|move|p2a: Morpeko|Aura Wheel|p1a: Lumineon\n|-damage|p1a: Lumineon|32/279\n|-boost|p2a: Morpeko|spe|1\n|\n|-formechange|p2a: Morpeko|Morpeko||[from] ability: Hunger Switch\n|upkeep\n|turn|21\n|inactive|Time left: 300 sec this turn | 300 sec total\n|\n|t:|1783567103\n|switch|p1a: Coalossal|Coalossal, L89, F|341/341\n|move|p2a: Morpeko|Aura Wheel|p1a: Coalossal\n|-damage|p1a: Coalossal|247/341\n|-boost|p2a: Morpeko|spe|1\n|\n|-formechange|p2a: Morpeko|Morpeko-Hangry||[from] ability: Hunger Switch\n|upkeep\n|turn|22\n|inactive|Time left: 300 sec this turn | 300 sec total\n|\n|t:|1783567105\n|move|p2a: Morpeko|Protect|p2a: Morpeko\n|-singleturn|p2a: Morpeko|Protect\n|move|p1a: Coalossal|Stone Edge|p2a: Morpeko\n|-activate|p2a: Morpeko|move: Protect\n|\n|-formechange|p2a: Morpeko|Morpeko||[from] ability: Hunger Switch\n|upkeep\n|turn|23\n|inactive|Time left: 300 sec this turn | 300 sec total\n|\n|t:|1783567106\n|move|p2a: Morpeko|Aura Wheel|p1a: Coalossal\n|-damage|p1a: Coalossal|147/341\n|-boost|p2a: Morpeko|spe|1\n|move|p1a: Coalossal|Stone Edge|p2a: Morpeko\n|-damage|p2a: Morpeko|0 fnt\n|faint|p2a: Morpeko\n|\n|upkeep\n|\n|t:|1783567107\n|switch|p2a: Politoed|Politoed, L88, F|53/100\n|-weather|RainDance|[from] ability: Drizzle|[of] p2a: Politoed\n|turn|24\n|inactive|Time left: 300 sec this turn | 300 sec total\n|\n|t:|1783567108\n|switch|p1a: Iron Valiant|Iron Valiant, L78|244/244\n|move|p2a: Politoed|Surf|p1a: Iron Valiant\n|-damage|p1a: Iron Valiant|39/244\n|\n|-weather|RainDance|[upkeep]\n|-heal|p2a: Politoed|59/100|[from] item: Leftovers\n|upkeep\n|turn|25\n|inactive|Time left: 300 sec this turn | 300 sec total\n|\n|t:|1783567109\n|-terastallize|p2a: Politoed|Steel\n|move|p1a: Iron Valiant|Close Combat|p2a: Politoed\n|-supereffective|p2a: Politoed\n|-damage|p2a: Politoed|0 fnt\n|-unboost|p1a: Iron Valiant|def|1\n|-unboost|p1a: Iron Valiant|spd|1\n|faint|p2a: Politoed\n|-damage|p1a: Iron Valiant|15/244|[from] item: Life Orb\n|\n|win|p0x2420cf0b", "uploadtime": 1783567109, "views": 0, "rating": 0, "private": 0, "password": null, "_winner": "p0x2420cf0b", "_our_name": "p0x2420cf0b"}