{"id": "battle-gen9randombattle-2583", "formatid": "gen9randombattle", "format": "[Gen 9] Random Battle", "players": ["p0x2583cf42", "p0y25837104"], "log": "|init|battle\n|title|p0x2583cf42 vs. p0y25837104\n|j|\u2606p0x2583cf42\n|j|\u2606p0y25837104\n|t:|1783568900\n|gametype|singles\n|player|p1|p0x2583cf42|170|\n|player|p2|p0y25837104|265|\n|gen|9\n|tier|[Gen 9] Random Battle\n|rule|Species Clause: Limit one of each Pok\u00e9mon\n|rule|HP Percentage Mod: HP is shown in percentages\n|rule|Sleep Clause Mod: Limit one foe put to sleep\n|rule|Illusion Level Mod: Illusion disguises the Pok\u00e9mon's true level\n|\n|t:|1783568900\n|teamsize|p1|6\n|teamsize|p2|6\n|start\n|switch|p1a: Venomoth|Venomoth, L84, M|255/255\n|switch|p2a: Sunflora|Sunflora, F|100/100\n|turn|1\n|inactive|Battle timer is ON: inactive players will automatically lose when time's up. (requested by p0x2583cf42)\n|inactive|p0y25837104 also wants the timer to be on.\n|\n|t:|1783568901\n|switch|p2a: Politoed|Politoed, L88, F|100/100\n|-weather|RainDance|[from] ability: Drizzle|[of] p2a: Politoed\n|move|p1a: Venomoth|Quiver Dance|p1a: Venomoth\n|-boost|p1a: Venomoth|spa|1\n|-boost|p1a: Venomoth|spd|1\n|-boost|p1a: Venomoth|spe|1\n|\n|-weather|RainDance|[upkeep]\n|upkeep\n|turn|2\n|inactive|Time left: 300 sec this turn | 300 sec total\n|\n|t:|1783568903\n|move|p1a: Venomoth|Quiver Dance|p1a: Venomoth\n|-boost|p1a: Venomoth|spa|1\n|-boost|p1a: Venomoth|spd|1\n|-boost|p1a: Venomoth|spe|1\n|move|p2a: Politoed|Weather Ball|p1a: Venomoth\n|-damage|p1a: Venomoth|126/255\n|\n|-weather|RainDance|[upkeep]\n|upkeep\n|turn|3\n|inactive|Time left: 300 sec this turn | 300 sec total\n|\n|t:|1783568904\n|move|p1a: Venomoth|Sleep Powder|p2a: Politoed\n|-status|p2a: Politoed|slp|[from] move: Sleep Powder\n|cant|p2a: Politoed|slp\n|\n|-weather|RainDance|[upkeep]\n|upkeep\n|turn|4\n|inactive|Time left: 300 sec this turn | 300 sec total\n|\n|t:|1783568905\n|move|p1a: Venomoth|Bug Buzz|p2a: Politoed\n|-damage|p2a: Politoed|48/100 slp\n|cant|p2a: Politoed|slp\n|\n|-weather|RainDance|[upkeep]\n|upkeep\n|turn|5\n|inactive|Time left: 300 sec this turn | 300 sec total\n|\n|t:|1783568906\n|move|p1a: Venomoth|Sludge Wave|p2a: Politoed\n|-damage|p2a: Politoed|0 fnt\n|faint|p2a: Politoed\n|\n|-weather|none\n|upkeep\n|\n|t:|1783568907\n|switch|p2a: Granbull|Granbull, L88, M|100/100\n|-ability|p2a: Granbull|Intimidate|boost\n|-unboost|p1a: Venomoth|atk|1\n|turn|6\n|inactive|Time left: 300 sec this turn | 300 sec total\n|\n|t:|1783568908\n|-terastallize|p2a: Granbull|Ground\n|move|p1a: Venomoth|Sleep Powder|p2a: Granbull|[miss]\n|-miss|p1a: Venomoth|p2a: Granbull\n|move|p2a: Granbull|Earthquake|p1a: Venomoth\n|-damage|p1a: Venomoth|0 fnt\n|faint|p1a: Venomoth\n|\n|upkeep\n|inactive|Time left: 300 sec this turn | 300 sec total | 5 sec grace\n|\n|t:|1783568909\n|switch|p1a: Avalugg|Avalugg-Hisui, L90, F|317/317\n|turn|7\n|inactive|Time left: 300 sec this turn | 300 sec total\n|\n|t:|1783568910\n|switch|p2a: Gurdurr|Gurdurr, L85, M|100/100\n|move|p1a: Avalugg|Avalanche|p2a: Gurdurr\n|-damage|p2a: Gurdurr|79/100\n|\n|upkeep\n|turn|8\n|inactive|Time left: 300 sec this turn | 300 sec total\n|\n|t:|1783568911\n|move|p2a: Gurdurr|Bulk Up|p2a: Gurdurr\n|-boost|p2a: Gurdurr|atk|1\n|-boost|p2a: Gurdurr|def|1\n|move|p1a: Avalugg|Avalanche|p2a: Gurdurr\n|-damage|p2a: Gurdurr|66/100\n|\n|upkeep\n|turn|9\n|inactive|Time left: 300 sec this turn | 300 sec total\n|\n|t:|1783568912\n|switch|p1a: Oricorio|Oricorio-Sensu, L85, F|266/266\n|move|p2a: Gurdurr|Drain Punch|p1a: Oricorio\n|-immune|p1a: Oricorio\n|\n|upkeep\n|turn|10\n|inactive|Time left: 300 sec this turn | 300 sec total\n|\n|t:|1783568913\n|move|p1a: Oricorio|Hurricane|p2a: Gurdurr\n|-supereffective|p2a: Gurdurr\n|-damage|p2a: Gurdurr|0 fnt\n|faint|p2a: Gurdurr\n|\n|upkeep\n|\n|t:|1783568914\n|switch|p2a: Veluza|Veluza, L85, F|100/100\n|turn|11\n|inactive|Time left: 300 sec this turn | 300 sec total\n|\n|t:|1783568915\n|move|p1a: Oricorio|Revelation Dance|p2a: Veluza\n|-supereffective|p2a: Veluza\n|-damage|p2a: Veluza|20/100\n|-enditem|p2a: Veluza|Sitrus Berry|[eat]\n|-heal|p2a: Veluza|45/100|[from] item: Sitrus Berry\n|move|p2a: Veluza|Night Slash|p1a: Oricorio\n|-supereffective|p1a: Oricorio\n|-damage|p1a: Oricorio|84/266\n|\n|upkeep\n|turn|12\n|inactive|Time left: 300 sec this turn | 300 sec total\n|\n|t:|1783568916\n|switch|p2a: Granbull|Granbull, L88, M, tera:Ground|100/100\n|-ability|p2a: Granbull|Intimidate|boost\n|-unboost|p1a: Oricorio|atk|1\n|move|p1a: Oricorio|Revelation Dance|p2a: Granbull\n|-damage|p2a: Granbull|56/100\n|\n|-heal|p2a: Granbull|62/100|[from] item: Leftovers\n|upkeep\n|turn|13\n|inactive|Time left: 300 sec this turn | 300 sec total\n|\n|t:|1783568916\n|move|p1a: Oricorio|Revelation Dance|p2a: Granbull\n|-damage|p2a: Granbull|18/100\n|move|p2a: Granbull|Play Rough|p1a: Oricorio\n|-damage|p1a: Oricorio|0 fnt\n|faint|p1a: Oricorio\n|\n|-heal|p2a: Granbull|24/100|[from] item: Leftovers\n|upkeep\n|inactive|Time left: 300 sec this turn | 300 sec total | 5 sec grace\n|\n|t:|1783568917\n|switch|p1a: Muk|Muk, L86, F|321/321\n|turn|14\n|inactive|Time left: 300 sec this turn | 300 sec total\n|\n|t:|1783568918\n|move|p1a: Muk|Knock Off|p2a: Granbull\n|-damage|p2a: Granbull|0 fnt\n|-enditem|p2a: Granbull|Leftovers|[from] move: Knock Off|[of] p1a: Muk\n|faint|p2a: Granbull\n|\n|upkeep\n|\n|t:|1783568919\n|switch|p2a: Arceus|Arceus-Ghost, L69|100/100\n|turn|15\n|inactive|Time left: 300 sec this turn | 300 sec total\n|\n|t:|1783568920\n|move|p2a: Arceus|Calm Mind|p2a: Arceus\n|-boost|p2a: Arceus|spa|1\n|-boost|p2a: Arceus|spd|1\n|move|p1a: Muk|Knock Off|p2a: Arceus\n|-supereffective|p2a: Arceus\n|-damage|p2a: Arceus|49/100\n|\n|upkeep\n|turn|16\n|inactive|Time left: 300 sec this turn | 300 sec total\n|\n|t:|1783568921\n|move|p2a: Arceus|Recover|p2a: Arceus\n|-heal|p2a: Arceus|99/100\n|move|p1a: Muk|Knock Off|p2a: Arceus\n|-supereffective|p2a: Arceus\n|-damage|p2a: Arceus|45/100\n|\n|upkeep\n|turn|17\n|inactive|Time left: 300 sec this turn | 300 sec total\n|\n|t:|1783568922\n|move|p2a: Arceus|Recover|p2a: Arceus\n|-heal|p2a: Arceus|95/100\n|move|p1a: Muk|Knock Off|p2a: Arceus\n|-supereffective|p2a: Arceus\n|-damage|p2a: Arceus|40/100\n|\n|upkeep\n|turn|18\n|inactive|Time left: 300 sec this turn | 300 sec total\n|\n|t:|1783568923\n|move|p2a: Arceus|Recover|p2a: Arceus\n|-heal|p2a: Arceus|90/100\n|move|p1a: Muk|Knock Off|p2a: Arceus\n|-supereffective|p2a: Arceus\n|-damage|p2a: Arceus|42/100\n|-status|p2a: Arceus|psn|[from] ability: Poison Touch|[of] p1a: Muk\n|\n|-damage|p2a: Arceus|29/100 psn|[from] psn\n|upkeep\n|turn|19\n|inactive|Time left: 300 sec this turn | 300 sec total\n|\n|t:|1783568924\n|move|p2a: Arceus|Recover|p2a: Arceus\n|-heal|p2a: Arceus|79/100 psn\n|move|p1a: Muk|Knock Off|p2a: Arceus\n|-supereffective|p2a: Arceus\n|-damage|p2a: Arceus|30/100 psn\n|\n|-damage|p2a: Arceus|18/100 psn|[from] psn\n|upkeep\n|turn|20\n|inactive|Time left: 300 sec this turn | 300 sec total\n|\n|t:|1783568925\n|move|p2a: Arceus|Recover|p2a: Arceus\n|-heal|p2a: Arceus|68/100 psn\n|move|p1a: Muk|Knock Off|p2a: Arceus\n|-supereffective|p2a: Arceus\n|-damage|p2a: Arceus|15/100 psn\n|\n|-damage|p2a: Arceus|2/100 psn|[from] psn\n|upkeep\n|turn|21\n|inactive|Time left: 300 sec this turn | 300 sec total\n|\n|t:|1783568926\n|move|p2a: Arceus|Recover|p2a: Arceus\n|-heal|p2a: Arceus|52/100 psn\n|move|p1a: Muk|Knock Off|p2a: Arceus\n|-supereffective|p2a: Arceus\n|-damage|p2a: Arceus|1/100 psn\n|\n|-damage|p2a: Arceus|0 fnt|[from] psn\n|faint|p2a: Arceus\n|upkeep\n|\n|t:|1783568927\n|switch|p2a: Veluza|Veluza, L85, F|45/100\n|turn|22\n|inactive|Time left: 300 sec this turn | 300 sec total\n|\n|t:|1783568928\n|switch|p2a: Sunflora|Sunflora, F|100/100\n|-terastallize|p1a: Muk|Dark\n|move|p1a: Muk|Knock Off|p2a: Sunflora\n|-damage|p2a: Sunflora|41/100\n|-enditem|p2a: Sunflora|Life Orb|[from] move: Knock Off|[of] p1a: Muk\n|\n|upkeep\n|turn|23\n|inactive|Time left: 300 sec this turn | 300 sec total\n|\n|t:|1783568929\n|switch|p2a: Veluza|Veluza, L85, F|45/100\n|move|p1a: Muk|Knock Off|p2a: Veluza\n|-supereffective|p2a: Veluza\n|-damage|p2a: Veluza|0 fnt\n|faint|p2a: Veluza\n|\n|upkeep\n|\n|t:|1783568930\n|switch|p2a: Sunflora|Sunflora, F|41/100\n|turn|24\n|inactive|Time left: 300 sec this turn | 300 sec total\n|\n|t:|1783568931\n|move|p1a: Muk|Knock Off|p2a: Sunflora\n|-damage|p2a: Sunflora|0 fnt\n|faint|p2a: Sunflora\n|\n|win|p0x2583cf42", "uploadtime": 1783568931, "views": 0, "rating": 0, "private": 0, "password": null, "_winner": "p0x2583cf42", "_our_name": "p0x2583cf42"}