{"id": "battle-gen9randombattle-1235", "formatid": "gen9randombattle", "format": "[Gen 9] Random Battle", "players": ["p0x12355493", "p0y1235dd72"], "log": "|init|battle\n|title|p0x12355493 vs. p0y1235dd72\n|j|\u2606p0x12355493\n|j|\u2606p0y1235dd72\n|t:|1783553452\n|gametype|singles\n|player|p1|p0x12355493|2|\n|player|p2|p0y1235dd72|170|\n|gen|9\n|tier|[Gen 9] Random Battle\n|rule|Species Clause: Limit one of each Pok\u00e9mon\n|rule|HP Percentage Mod: HP is shown in percentages\n|rule|Sleep Clause Mod: Limit one foe put to sleep\n|rule|Illusion Level Mod: Illusion disguises the Pok\u00e9mon's true level\n|\n|t:|1783553452\n|teamsize|p1|6\n|teamsize|p2|6\n|start\n|switch|p1a: Palossand|Palossand, L89, M|296/296\n|switch|p2a: Sinistcha|Sinistcha-Masterpiece, L83|100/100\n|turn|1\n|inactive|Battle timer is ON: inactive players will automatically lose when time's up. (requested by p0x12355493)\n|inactive|p0y1235dd72 also wants the timer to be on.\n|\n|t:|1783553454\n|move|p2a: Sinistcha|Matcha Gotcha|p1a: Palossand\n|-supereffective|p1a: Palossand\n|-damage|p1a: Palossand|84/296\n|move|p1a: Palossand|Shadow Ball|p2a: Sinistcha\n|-supereffective|p2a: Sinistcha\n|-damage|p2a: Sinistcha|24/100\n|\n|-heal|p2a: Sinistcha|30/100|[from] item: Leftovers\n|-heal|p1a: Palossand|102/296|[from] item: Leftovers\n|upkeep\n|turn|2\n|inactive|Time left: 300 sec this turn | 300 sec total\n|\n|t:|1783553454\n|switch|p1a: Copperajah|Copperajah, L86, M|350/350\n|move|p2a: Sinistcha|Strength Sap|p1a: Copperajah\n|-unboost|p1a: Copperajah|atk|1\n|-heal|p2a: Sinistcha|100/100\n|\n|upkeep\n|turn|3\n|inactive|Time left: 300 sec this turn | 300 sec total\n|\n|t:|1783553455\n|move|p2a: Sinistcha|Matcha Gotcha|p1a: Copperajah\n|-resisted|p1a: Copperajah\n|-damage|p1a: Copperajah|290/350\n|move|p1a: Copperajah|Knock Off|p2a: Sinistcha\n|-supereffective|p2a: Sinistcha\n|-damage|p2a: Sinistcha|38/100\n|-enditem|p2a: Sinistcha|Leftovers|[from] move: Knock Off|[of] p1a: Copperajah\n|\n|upkeep\n|turn|4\n|inactive|Time left: 300 sec this turn | 300 sec total\n|\n|t:|1783553456\n|move|p2a: Sinistcha|Strength Sap|p1a: Copperajah\n|-unboost|p1a: Copperajah|atk|1\n|-heal|p2a: Sinistcha|100/100\n|move|p1a: Copperajah|Knock Off|p2a: Sinistcha\n|-supereffective|p2a: Sinistcha\n|-damage|p2a: Sinistcha|67/100\n|\n|upkeep\n|turn|5\n|inactive|Time left: 300 sec this turn | 300 sec total\n|\n|t:|1783553457\n|move|p2a: Sinistcha|Strength Sap|p1a: Copperajah\n|-unboost|p1a: Copperajah|atk|1\n|-heal|p2a: Sinistcha|100/100\n|move|p1a: Copperajah|Knock Off|p2a: Sinistcha\n|-supereffective|p2a: Sinistcha\n|-damage|p2a: Sinistcha|75/100\n|\n|upkeep\n|turn|6\n|inactive|Time left: 300 sec this turn | 300 sec total\n|\n|t:|1783553458\n|move|p2a: Sinistcha|Matcha Gotcha|p1a: Copperajah|[miss]\n|-miss|p2a: Sinistcha|p1a: Copperajah\n|move|p1a: Copperajah|Knock Off|p2a: Sinistcha\n|-supereffective|p2a: Sinistcha\n|-damage|p2a: Sinistcha|49/100\n|\n|upkeep\n|turn|7\n|inactive|Time left: 300 sec this turn | 300 sec total\n|\n|t:|1783553459\n|switch|p1a: Scizor|Scizor, L79, F|240/240\n|move|p2a: Sinistcha|Strength Sap|p1a: Scizor\n|-unboost|p1a: Scizor|atk|1\n|-heal|p2a: Sinistcha|100/100\n|\n|upkeep\n|turn|8\n|inactive|Time left: 300 sec this turn | 300 sec total\n|\n|t:|1783553460\n|move|p2a: Sinistcha|Shadow Ball|p1a: Scizor\n|-damage|p1a: Scizor|129/240\n|-unboost|p1a: Scizor|spd|1\n|move|p1a: Scizor|U-turn|p2a: Sinistcha\n|-damage|p2a: Sinistcha|71/100\n|inactive|Time left: 300 sec this turn | 300 sec total | 5 sec grace\n|\n|t:|1783553461\n|switch|p1a: Copperajah|Copperajah, L86, M|290/350|[from] U-turn\n|\n|upkeep\n|turn|9\n|inactive|Time left: 300 sec this turn | 300 sec total\n|\n|t:|1783553462\n|move|p2a: Sinistcha|Strength Sap|p1a: Copperajah\n|-unboost|p1a: Copperajah|atk|1\n|-heal|p2a: Sinistcha|100/100\n|move|p1a: Copperajah|Heavy Slam|p2a: Sinistcha\n|-damage|p2a: Sinistcha|45/100\n|\n|upkeep\n|turn|10\n|inactive|Time left: 300 sec this turn | 300 sec total\n|\n|t:|1783553463\n|move|p2a: Sinistcha|Strength Sap|p1a: Copperajah\n|-unboost|p1a: Copperajah|atk|1\n|-heal|p2a: Sinistcha|100/100\n|move|p1a: Copperajah|Heavy Slam|p2a: Sinistcha\n|-damage|p2a: Sinistcha|56/100\n|\n|upkeep\n|turn|11\n|inactive|Time left: 300 sec this turn | 300 sec total\n|\n|t:|1783553465\n|move|p2a: Sinistcha|Strength Sap|p1a: Copperajah\n|-unboost|p1a: Copperajah|atk|1\n|-heal|p2a: Sinistcha|100/100\n|move|p1a: Copperajah|Heavy Slam|p2a: Sinistcha\n|-damage|p2a: Sinistcha|66/100\n|\n|upkeep\n|turn|12\n|inactive|Time left: 300 sec this turn | 300 sec total\n|\n|t:|1783553466\n|move|p2a: Sinistcha|Matcha Gotcha|p1a: Copperajah|[miss]\n|-miss|p2a: Sinistcha|p1a: Copperajah\n|move|p1a: Copperajah|Heavy Slam|p2a: Sinistcha\n|-damage|p2a: Sinistcha|31/100\n|\n|upkeep\n|turn|13\n|inactive|Time left: 300 sec this turn | 300 sec total\n|\n|t:|1783553467\n|move|p2a: Sinistcha|Strength Sap|p1a: Copperajah\n|-unboost|p1a: Copperajah|atk|1\n|-heal|p2a: Sinistcha|74/100\n|move|p1a: Copperajah|Heavy Slam|p2a: Sinistcha\n|-damage|p2a: Sinistcha|45/100\n|\n|upkeep\n|turn|14\n|inactive|Time left: 300 sec this turn | 300 sec total\n|\n|t:|1783553468\n|switch|p1a: Scizor|Scizor, L79, F|129/240\n|move|p2a: Sinistcha|Strength Sap|p1a: Scizor\n|-unboost|p1a: Scizor|atk|1\n|-heal|p2a: Sinistcha|100/100\n|\n|upkeep\n|turn|15\n|inactive|Time left: 300 sec this turn | 300 sec total\n|\n|t:|1783553469\n|move|p2a: Sinistcha|Shadow Ball|p1a: Scizor\n|-damage|p1a: Scizor|5/240\n|move|p1a: Scizor|U-turn|p2a: Sinistcha\n|-damage|p2a: Sinistcha|73/100\n|inactive|Time left: 300 sec this turn | 300 sec total | 5 sec grace\n|\n|t:|1783553470\n|switch|p1a: Copperajah|Copperajah, L86, M|290/350|[from] U-turn\n|\n|upkeep\n|turn|16\n|inactive|Time left: 300 sec this turn | 300 sec total\n|\n|t:|1783553471\n|move|p2a: Sinistcha|Strength Sap|p1a: Copperajah\n|-unboost|p1a: Copperajah|atk|1\n|-heal|p2a: Sinistcha|100/100\n|move|p1a: Copperajah|Heavy Slam|p2a: Sinistcha\n|-damage|p2a: Sinistcha|40/100\n|\n|upkeep\n|turn|17\n|inactive|Time left: 300 sec this turn | 300 sec total\n|\n|t:|1783553472\n|move|p2a: Sinistcha|Strength Sap|p1a: Copperajah\n|-unboost|p1a: Copperajah|atk|1\n|-heal|p2a: Sinistcha|100/100\n|move|p1a: Copperajah|Heavy Slam|p2a: Sinistcha\n|-damage|p2a: Sinistcha|58/100\n|\n|upkeep\n|turn|18\n|inactive|Time left: 300 sec this turn | 300 sec total\n|\n|t:|1783553474\n|move|p2a: Sinistcha|Strength Sap|p1a: Copperajah\n|-unboost|p1a: Copperajah|atk|1\n|-heal|p2a: Sinistcha|100/100\n|move|p1a: Copperajah|Heavy Slam|p2a: Sinistcha\n|-damage|p2a: Sinistcha|68/100\n|\n|upkeep\n|turn|19\n|inactive|Time left: 300 sec this turn | 300 sec total\n|\n|t:|1783553475\n|move|p2a: Sinistcha|Strength Sap|p1a: Copperajah\n|-unboost|p1a: Copperajah|atk|1\n|-heal|p2a: Sinistcha|100/100\n|move|p1a: Copperajah|Heavy Slam|p2a: Sinistcha\n|-damage|p2a: Sinistcha|71/100\n|\n|upkeep\n|turn|20\n|inactive|Time left: 300 sec this turn | 300 sec total\n|\n|t:|1783553475\n|switch|p1a: Scizor|Scizor, L79, F|5/240\n|move|p2a: Sinistcha|Matcha Gotcha|p1a: Scizor\n|-resisted|p1a: Scizor\n|-damage|p1a: Scizor|0 fnt\n|-heal|p2a: Sinistcha|72/100|[from] drain|[of] p1a: Scizor\n|faint|p1a: Scizor\n|\n|upkeep\n|inactive|Time left: 300 sec this turn | 300 sec total | 5 sec grace\n|\n|t:|1783553476\n|switch|p1a: Inteleon|Inteleon, L81, M|246/246\n|turn|21\n|inactive|Time left: 300 sec this turn | 300 sec total\n|\n|t:|1783553477\n|move|p1a: Inteleon|Ice Beam|p2a: Sinistcha\n|-supereffective|p2a: Sinistcha\n|-damage|p2a: Sinistcha|0 fnt\n|faint|p2a: Sinistcha\n|\n|upkeep\n|\n|t:|1783553478\n|switch|p2a: Zacian|Zacian, L69|100/100\n|-ability|p2a: Zacian|Intrepid Sword|boost\n|-boost|p2a: Zacian|atk|1\n|turn|22\n|inactive|Time left: 300 sec this turn | 300 sec total\n|\n|t:|1783553479\n|move|p1a: Inteleon|Ice Beam|p2a: Zacian\n|-damage|p2a: Zacian|56/100\n|move|p2a: Zacian|Play Rough|p1a: Inteleon\n|-damage|p1a: Inteleon|36/246\n|\n|upkeep\n|turn|23\n|inactive|Time left: 300 sec this turn | 300 sec total\n|\n|t:|1783553480\n|move|p1a: Inteleon|Ice Beam|p2a: Zacian\n|-damage|p2a: Zacian|12/100\n|-status|p2a: Zacian|frz\n|cant|p2a: Zacian|frz\n|\n|upkeep\n|turn|24\n|inactive|Time left: 300 sec this turn | 300 sec total\n|\n|t:|1783553481\n|switch|p2a: Alomomola|Alomomola, L87, F|100/100\n|move|p1a: Inteleon|Ice Beam|p2a: Alomomola\n|-resisted|p2a: Alomomola\n|-damage|p2a: Alomomola|82/100\n|\n|upkeep\n|turn|25\n|inactive|Time left: 300 sec this turn | 300 sec total\n|\n|t:|1783553482\n|move|p1a: Inteleon|Ice Beam|p2a: Alomomola\n|-resisted|p2a: Alomomola\n|-damage|p2a: Alomomola|62/100\n|move|p2a: Alomomola|Flip Turn|p1a: Inteleon\n|-resisted|p1a: Inteleon\n|-damage|p1a: Inteleon|0 fnt\n|faint|p1a: Inteleon\n|\n|t:|1783553483\n|switch|p2a: Hydreigon|Hydreigon, L79, F|100/100|[from] Flip Turn\n|\n|upkeep\n|inactive|Time left: 300 sec this turn | 300 sec total | 10 sec grace\n|\n|t:|1783553484\n|switch|p1a: Copperajah|Copperajah, L86, M|290/350\n|turn|26\n|inactive|Time left: 300 sec this turn | 300 sec total\n|\n|t:|1783553485\n|move|p2a: Hydreigon|Nasty Plot|p2a: Hydreigon\n|-boost|p2a: Hydreigon|spa|2\n|move|p1a: Copperajah|Heavy Slam|p2a: Hydreigon\n|-damage|p2a: Hydreigon|10/100\n|\n|upkeep\n|turn|27\n|inactive|Time left: 300 sec this turn | 300 sec total\n|\n|t:|1783553486\n|move|p2a: Hydreigon|Draco Meteor|p1a: Copperajah\n|-resisted|p1a: Copperajah\n|-damage|p1a: Copperajah|47/350\n|-unboost|p2a: Hydreigon|spa|2\n|-damage|p2a: Hydreigon|0 fnt|[from] item: Life Orb\n|faint|p2a: Hydreigon\n|move|p1a: Copperajah|Heavy Slam|p2: Hydreigon|[notarget]\n|-fail|p1a: Copperajah\n|\n|upkeep\n|\n|t:|1783553487\n|switch|p2a: Camerupt|Camerupt, L91, F|100/100\n|turn|28\n|inactive|Time left: 300 sec this turn | 300 sec total\n|\n|t:|1783553488\n|switch|p1a: Golem|Golem, L87, F|281/281\n|move|p2a: Camerupt|Earthquake|p1a: Golem\n|-supereffective|p1a: Golem\n|-damage|p1a: Golem|95/281\n|-enditem|p1a: Golem|Weakness Policy\n|-boost|p1a: Golem|atk|2|[from] item: Weakness Policy\n|-boost|p1a: Golem|spa|2|[from] item: Weakness Policy\n|\n|upkeep\n|turn|29\n|inactive|Time left: 300 sec this turn | 300 sec total\n|\n|t:|1783553489\n|switch|p2a: Zacian|Zacian, L69|12/100 frz\n|move|p1a: Golem|Stone Edge|p2a: Zacian\n|-damage|p2a: Zacian|0 fnt\n|faint|p2a: Zacian\n|\n|upkeep\n|\n|t:|1783553490\n|switch|p2a: Alomomola|Alomomola, L87, F|95/100\n|turn|30\n|inactive|Time left: 300 sec this turn | 300 sec total\n|\n|t:|1783553491\n|-terastallize|p1a: Golem|Steel\n|move|p2a: Alomomola|Scald|p1a: Golem\n|-damage|p1a: Golem|32/281\n|move|p1a: Golem|Stone Edge|p2a: Alomomola|[miss]\n|-miss|p1a: Golem|p2a: Alomomola\n|\n|upkeep\n|turn|31\n|inactive|Time left: 300 sec this turn | 300 sec total\n|\n|t:|1783553492\n|move|p2a: Alomomola|Scald|p1a: Golem\n|-damage|p1a: Golem|0 fnt\n|faint|p1a: Golem\n|\n|upkeep\n|inactive|Time left: 300 sec this turn | 300 sec total | 5 sec grace\n|\n|t:|1783553493\n|switch|p1a: Ambipom|Ambipom, L84, F|263/263\n|turn|32\n|inactive|Time left: 300 sec this turn | 300 sec total\n|\n|t:|1783553494\n|move|p1a: Ambipom|Fake Out|p2a: Alomomola\n|-damage|p2a: Alomomola|78/100\n|cant|p2a: Alomomola|flinch\n|\n|upkeep\n|turn|33\n|inactive|Time left: 300 sec this turn | 300 sec total\n|\n|t:|1783553495\n|move|p1a: Ambipom|Knock Off|p2a: Alomomola\n|-damage|p2a: Alomomola|59/100\n|-enditem|p2a: Alomomola|Heavy-Duty Boots|[from] move: Knock Off|[of] p1a: Ambipom\n|move|p2a: Alomomola|Scald|p1a: Ambipom\n|-damage|p1a: Ambipom|200/263\n|-status|p1a: Ambipom|brn\n|\n|-damage|p1a: Ambipom|184/263 brn|[from] brn\n|upkeep\n|turn|34\n|inactive|Time left: 300 sec this turn | 300 sec total\n|\n|t:|1783553497\n|move|p1a: Ambipom|Double-Edge|p2a: Alomomola\n|-damage|p2a: Alomomola|39/100\n|-damage|p1a: Ambipom|155/263 brn|[from] Recoil\n|move|p2a: Alomomola|Wish|p2a: Alomomola\n|\n|-damage|p1a: Ambipom|139/263 brn|[from] brn\n|upkeep\n|turn|35\n|inactive|Time left: 300 sec this turn | 300 sec total\n|\n|t:|1783553498\n|move|p1a: Ambipom|Double-Edge|p2a: Alomomola\n|-damage|p2a: Alomomola|20/100\n|-damage|p1a: Ambipom|113/263 brn|[from] Recoil\n|move|p2a: Alomomola|Scald|p1a: Ambipom\n|-damage|p1a: Ambipom|52/263 brn\n|\n|-heal|p2a: Alomomola|70/100|[from] move: Wish|[wisher] Alomomola\n|-damage|p1a: Ambipom|36/263 brn|[from] brn\n|upkeep\n|turn|36\n|inactive|Time left: 300 sec this turn | 300 sec total\n|\n|t:|1783553499\n|move|p1a: Ambipom|U-turn|p2a: Alomomola\n|-damage|p2a: Alomomola|64/100\n|inactive|Time left: 300 sec this turn | 300 sec total | 5 sec grace\n|\n|t:|1783553500\n|switch|p1a: Palossand|Palossand, L89, M|102/296|[from] U-turn\n|move|p2a: Alomomola|Scald|p1a: Palossand\n|-supereffective|p1a: Palossand\n|-damage|p1a: Palossand|0 fnt\n|faint|p1a: Palossand\n|\n|upkeep\n|inactive|Time left: 300 sec this turn | 300 sec total | 10 sec grace\n|\n|t:|1783553501\n|switch|p1a: Ambipom|Ambipom, L84, F|36/263 brn\n|turn|37\n|inactive|Time left: 300 sec this turn | 300 sec total\n|\n|t:|1783553502\n|move|p1a: Ambipom|Fake Out|p2a: Alomomola\n|-damage|p2a: Alomomola|55/100\n|cant|p2a: Alomomola|flinch\n|\n|-damage|p1a: Ambipom|20/263 brn|[from] brn\n|upkeep\n|turn|38\n|inactive|Time left: 300 sec this turn | 300 sec total\n|\n|t:|1783553503\n|-terastallize|p2a: Alomomola|Steel\n|move|p1a: Ambipom|Knock Off|p2a: Alomomola\n|-crit|p2a: Alomomola\n|-damage|p2a: Alomomola|46/100\n|move|p2a: Alomomola|Scald|p1a: Ambipom\n|-crit|p1a: Ambipom\n|-damage|p1a: Ambipom|0 fnt\n|faint|p1a: Ambipom\n|\n|upkeep\n|inactive|Time left: 300 sec this turn | 300 sec total | 5 sec grace\n|\n|t:|1783553504\n|switch|p1a: Copperajah|Copperajah, L86, M|47/350\n|turn|39\n|inactive|Time left: 300 sec this turn | 300 sec total\n|\n|t:|1783553505\n|move|p2a: Alomomola|Flip Turn|p1a: Copperajah\n|-damage|p1a: Copperajah|0 fnt\n|faint|p1a: Copperajah\n|\n|win|p0y1235dd72", "uploadtime": 1783553505, "views": 0, "rating": 0, "private": 0, "password": null, "_winner": "p0y1235dd72", "_our_name": "p0x12355493"}