{"id": "battle-gen9randombattle-2164", "formatid": "gen9randombattle", "format": "[Gen 9] Random Battle", "players": ["p0x2164e28c", "p0y2164980a"], "log": "|init|battle\n|title|p0x2164e28c vs. p0y2164980a\n|j|\u2606p0x2164e28c\n|j|\u2606p0y2164980a\n|t:|1783564213\n|gametype|singles\n|player|p1|p0x2164e28c|1|\n|player|p2|p0y2164980a|169|\n|gen|9\n|tier|[Gen 9] Random Battle\n|rule|Species Clause: Limit one of each Pok\u00e9mon\n|rule|HP Percentage Mod: HP is shown in percentages\n|rule|Sleep Clause Mod: Limit one foe put to sleep\n|rule|Illusion Level Mod: Illusion disguises the Pok\u00e9mon's true level\n|\n|t:|1783564213\n|teamsize|p1|6\n|teamsize|p2|6\n|start\n|switch|p1a: Slowbro|Slowbro-Galar, L87, F|307/307\n|switch|p2a: Oricorio|Oricorio-Pa'u, L87, F|100/100\n|turn|1\n|inactive|Battle timer is ON: inactive players will automatically lose when time's up. (requested by p0y2164980a)\n|inactive|Time left: 300 sec this turn | 300 sec total | 60 sec grace\n|inactive|p0x2164e28c also wants the timer to be on.\n|\n|t:|1783564215\n|move|p2a: Oricorio|Quiver Dance|p2a: Oricorio\n|-boost|p2a: Oricorio|spa|1\n|-boost|p2a: Oricorio|spd|1\n|-boost|p2a: Oricorio|spe|1\n|move|p1a: Slowbro|Shell Side Arm|p2a: Oricorio|[anim] Shell Side Arm Physical\n|-damage|p2a: Oricorio|44/100\n|-hint|Physical Shell Side Arm\n|-damage|p1a: Slowbro|277/307|[from] item: Life Orb\n|\n|upkeep\n|turn|2\n|inactive|Time left: 300 sec this turn | 300 sec total\n|\n|t:|1783564216\n|move|p2a: Oricorio|Roost|p2a: Oricorio\n|-heal|p2a: Oricorio|94/100\n|-singleturn|p2a: Oricorio|move: Roost\n|move|p1a: Slowbro|Shell Side Arm|p2a: Oricorio|[anim] Shell Side Arm Physical\n|-damage|p2a: Oricorio|41/100\n|-hint|Physical Shell Side Arm\n|-damage|p1a: Slowbro|247/307|[from] item: Life Orb\n|\n|upkeep\n|turn|3\n|inactive|Time left: 300 sec this turn | 300 sec total\n|\n|t:|1783564217\n|switch|p1a: Muk|Muk-Alola, L82, M|306/306\n|move|p2a: Oricorio|Roost|p2a: Oricorio\n|-heal|p2a: Oricorio|91/100\n|-singleturn|p2a: Oricorio|move: Roost\n|\n|upkeep\n|turn|4\n|inactive|Time left: 300 sec this turn | 300 sec total\n|\n|t:|1783564218\n|move|p2a: Oricorio|Hurricane|p1a: Muk\n|-damage|p1a: Muk|200/306\n|move|p1a: Muk|Knock Off|p2a: Oricorio\n|-supereffective|p2a: Oricorio\n|-crit|p2a: Oricorio\n|-damage|p2a: Oricorio|0 fnt\n|-enditem|p2a: Oricorio|Heavy-Duty Boots|[from] move: Knock Off|[of] p1a: Muk\n|faint|p2a: Oricorio\n|\n|upkeep\n|\n|t:|1783564219\n|switch|p2a: Slaking|Slaking, L84, F|100/100\n|turn|5\n|inactive|Time left: 300 sec this turn | 300 sec total\n|\n|t:|1783564220\n|switch|p1a: Lurantis|Lurantis, L87, F|264/264\n|move|p2a: Slaking|Giga Impact|p1a: Lurantis\n|-crit|p1a: Lurantis\n|-damage|p1a: Lurantis|0 fnt\n|-mustrecharge|p2a: Slaking\n|faint|p1a: Lurantis\n|\n|upkeep\n|inactive|Time left: 300 sec this turn | 300 sec total | 5 sec grace\n|\n|t:|1783564221\n|switch|p1a: Lucario|Lucario, L84, F|255/255\n|turn|6\n|inactive|Time left: 300 sec this turn | 300 sec total\n|\n|t:|1783564222\n|cant|p2a: Slaking|recharge\n|move|p1a: Lucario|Close Combat|p2a: Slaking\n|-supereffective|p2a: Slaking\n|-damage|p2a: Slaking|7/100\n|-unboost|p1a: Lucario|def|1\n|-unboost|p1a: Lucario|spd|1\n|\n|upkeep\n|turn|7\n|inactive|Time left: 300 sec this turn | 300 sec total\n|\n|t:|1783564223\n|switch|p1a: Muk|Muk-Alola, L82, M|200/306\n|move|p2a: Slaking|Giga Impact|p1a: Muk\n|-damage|p1a: Muk|0 fnt\n|-mustrecharge|p2a: Slaking\n|faint|p1a: Muk\n|\n|upkeep\n|inactive|Time left: 300 sec this turn | 300 sec total | 5 sec grace\n|\n|t:|1783564224\n|switch|p1a: Meowscarada|Meowscarada, L78, F|247/247\n|turn|8\n|inactive|Time left: 300 sec this turn | 300 sec total\n|\n|t:|1783564225\n|move|p1a: Meowscarada|U-turn|p2a: Slaking\n|-start|p1a: Meowscarada|typechange|Bug|[from] ability: Protean\n|-damage|p2a: Slaking|0 fnt\n|faint|p2a: Slaking\n|inactive|Time left: 300 sec this turn | 300 sec total | 5 sec grace\n|\n|t:|1783564226\n|switch|p1a: Lucario|Lucario, L84, F|255/255|[from] U-turn\n|\n|upkeep\n|\n|t:|1783564226\n|switch|p2a: Dusknoir|Dusknoir, L89, M|100/100\n|-item|p1a: Lucario|Choice Band|[from] ability: Frisk|[of] p2a: Dusknoir\n|turn|9\n|inactive|Time left: 300 sec this turn | 300 sec total\n|\n|t:|1783564227\n|move|p1a: Lucario|Meteor Mash|p2a: Dusknoir\n|-damage|p2a: Dusknoir|54/100\n|move|p2a: Dusknoir|Earthquake|p1a: Lucario\n|-supereffective|p1a: Lucario\n|-damage|p1a: Lucario|13/255\n|-damage|p2a: Dusknoir|44/100|[from] item: Life Orb\n|\n|upkeep\n|turn|10\n|inactive|Time left: 300 sec this turn | 300 sec total\n|\n|t:|1783564228\n|move|p2a: Dusknoir|Shadow Sneak|p1a: Lucario\n|-crit|p1a: Lucario\n|-damage|p1a: Lucario|0 fnt\n|faint|p1a: Lucario\n|-damage|p2a: Dusknoir|34/100|[from] item: Life Orb\n|\n|upkeep\n|inactive|Time left: 300 sec this turn | 300 sec total | 5 sec grace\n|\n|t:|1783564229\n|switch|p1a: Meowscarada|Meowscarada, L78, F|247/247\n|turn|11\n|inactive|Time left: 300 sec this turn | 300 sec total\n|\n|t:|1783564230\n|move|p1a: Meowscarada|Knock Off|p2a: Dusknoir\n|-start|p1a: Meowscarada|typechange|Dark|[from] ability: Protean\n|-supereffective|p2a: Dusknoir\n|-damage|p2a: Dusknoir|0 fnt\n|-enditem|p2a: Dusknoir|Life Orb|[from] move: Knock Off|[of] p1a: Meowscarada\n|faint|p2a: Dusknoir\n|\n|upkeep\n|\n|t:|1783564231\n|switch|p2a: Arceus|Arceus, L68|100/100\n|turn|12\n|inactive|Time left: 300 sec this turn | 300 sec total\n|\n|t:|1783564232\n|move|p1a: Meowscarada|Knock Off|p2a: Arceus\n|-damage|p2a: Arceus|67/100\n|-enditem|p2a: Arceus|Life Orb|[from] move: Knock Off|[of] p1a: Meowscarada\n|move|p2a: Arceus|Swords Dance|p2a: Arceus\n|-boost|p2a: Arceus|atk|2\n|\n|upkeep\n|turn|13\n|inactive|Time left: 300 sec this turn | 300 sec total\n|\n|t:|1783564232\n|move|p2a: Arceus|Extreme Speed|p1a: Meowscarada\n|-damage|p1a: Meowscarada|67/247\n|move|p1a: Meowscarada|U-turn|p2a: Arceus\n|-damage|p2a: Arceus|50/100\n|inactive|Time left: 300 sec this turn | 300 sec total | 5 sec grace\n|\n|t:|1783564233\n|switch|p1a: Slowbro|Slowbro-Galar, L87, F|307/307|[from] U-turn\n|\n|upkeep\n|turn|14\n|inactive|Time left: 300 sec this turn | 300 sec total\n|\n|t:|1783564234\n|-terastallize|p1a: Slowbro|Psychic\n|move|p2a: Arceus|Recover|p2a: Arceus\n|-heal|p2a: Arceus|99/100\n|move|p1a: Slowbro|Psychic|p2a: Arceus\n|-damage|p2a: Arceus|40/100\n|-damage|p1a: Slowbro|277/307|[from] item: Life Orb\n|\n|upkeep\n|turn|15\n|inactive|Time left: 300 sec this turn | 300 sec total\n|\n|t:|1783564235\n|move|p2a: Arceus|Recover|p2a: Arceus\n|-heal|p2a: Arceus|90/100\n|move|p1a: Slowbro|Psychic|p2a: Arceus\n|-damage|p2a: Arceus|27/100\n|-damage|p1a: Slowbro|247/307|[from] item: Life Orb\n|\n|upkeep\n|turn|16\n|inactive|Time left: 300 sec this turn | 300 sec total\n|\n|t:|1783564236\n|move|p2a: Arceus|Recover|p2a: Arceus\n|-heal|p2a: Arceus|77/100\n|move|p1a: Slowbro|Shell Side Arm|p2a: Arceus|[anim] Shell Side Arm Special\n|-damage|p2a: Arceus|26/100\n|-hint|Special Shell Side Arm\n|-damage|p1a: Slowbro|217/307|[from] item: Life Orb\n|\n|upkeep\n|turn|17\n|inactive|Time left: 300 sec this turn | 300 sec total\n|\n|t:|1783564237\n|move|p2a: Arceus|Recover|p2a: Arceus\n|-heal|p2a: Arceus|76/100\n|move|p1a: Slowbro|Psychic|p2a: Arceus\n|-damage|p2a: Arceus|10/100\n|-damage|p1a: Slowbro|187/307|[from] item: Life Orb\n|\n|upkeep\n|turn|18\n|inactive|Time left: 300 sec this turn | 300 sec total\n|\n|t:|1783564238\n|move|p2a: Arceus|Extreme Speed|p1a: Slowbro\n|-crit|p1a: Slowbro\n|-damage|p1a: Slowbro|0 fnt\n|faint|p1a: Slowbro\n|\n|upkeep\n|inactive|Time left: 300 sec this turn | 300 sec total | 5 sec grace\n|\n|t:|1783564239\n|switch|p1a: Comfey|Comfey, L85, F|225/225\n|turn|19\n|inactive|Time left: 300 sec this turn | 300 sec total\n|\n|t:|1783564239\n|switch|p2a: Excadrill|Excadrill, L79, F|100/100\n|-ability|p2a: Excadrill|Mold Breaker\n|move|p1a: Comfey|Draining Kiss|p2a: Excadrill\n|-resisted|p2a: Excadrill\n|-damage|p2a: Excadrill|93/100\n|\n|upkeep\n|turn|20\n|inactive|Time left: 300 sec this turn | 300 sec total\n|\n|t:|1783564240\n|move|p1a: Comfey|Draining Kiss|p2a: Excadrill\n|-resisted|p2a: Excadrill\n|-damage|p2a: Excadrill|86/100\n|move|p2a: Excadrill|Iron Head|p1a: Comfey\n|-supereffective|p1a: Comfey\n|-damage|p1a: Comfey|25/225\n|\n|-heal|p1a: Comfey|39/225|[from] item: Leftovers\n|upkeep\n|turn|21\n|inactive|Time left: 300 sec this turn | 300 sec total\n|\n|t:|1783564241\n|move|p1a: Comfey|Draining Kiss|p2a: Excadrill\n|-resisted|p2a: Excadrill\n|-crit|p2a: Excadrill\n|-damage|p2a: Excadrill|74/100\n|-heal|p1a: Comfey|65/225|[from] drain|[of] p2a: Excadrill\n|move|p2a: Excadrill|Iron Head|p1a: Comfey\n|-supereffective|p1a: Comfey\n|-damage|p1a: Comfey|0 fnt\n|faint|p1a: Comfey\n|\n|upkeep\n|inactive|Time left: 300 sec this turn | 300 sec total | 5 sec grace\n|\n|t:|1783564242\n|switch|p1a: Meowscarada|Meowscarada, L78, F|67/247\n|turn|22\n|inactive|Time left: 300 sec this turn | 300 sec total\n|\n|t:|1783564243\n|move|p1a: Meowscarada|Flower Trick|p2a: Excadrill\n|-start|p1a: Meowscarada|typechange|Grass|[from] ability: Protean\n|-crit|p2a: Excadrill\n|-damage|p2a: Excadrill|29/100\n|move|p2a: Excadrill|Iron Head|p1a: Meowscarada\n|-damage|p1a: Meowscarada|0 fnt\n|faint|p1a: Meowscarada\n|\n|win|p0y2164980a", "uploadtime": 1783564243, "views": 0, "rating": 0, "private": 0, "password": null, "_winner": "p0y2164980a", "_our_name": "p0x2164e28c"}