{"id": "battle-gen9randombattle-2442", "formatid": "gen9randombattle", "format": "[Gen 9] Random Battle", "players": ["p0x2442261a", "p0y2442f089"], "log": "|init|battle\n|title|p0x2442261a vs. p0y2442f089\n|j|\u2606p0x2442261a\n|j|\u2606p0y2442f089\n|t:|1783568309\n|gametype|singles\n|player|p1|p0x2442261a|170|\n|player|p2|p0y2442f089|1|\n|gen|9\n|tier|[Gen 9] Random Battle\n|rule|Species Clause: Limit one of each Pok\u00e9mon\n|rule|HP Percentage Mod: HP is shown in percentages\n|rule|Sleep Clause Mod: Limit one foe put to sleep\n|rule|Illusion Level Mod: Illusion disguises the Pok\u00e9mon's true level\n|\n|t:|1783568309\n|teamsize|p1|6\n|teamsize|p2|6\n|start\n|switch|p1a: Persian|Persian-Alola, L86, F|100/100\n|switch|p2a: Volbeat|Volbeat, L90, M|263/263\n|turn|1\n|inactive|Battle timer is ON: inactive players will automatically lose when time's up. (requested by p0y2442f089)\n|inactive|p0x2442261a also wants the timer to be on.\n|\n|t:|1783568310\n|move|p1a: Persian|Nasty Plot|p1a: Persian\n|-boost|p1a: Persian|spa|2\n|move|p2a: Volbeat|U-turn|p1a: Persian\n|-supereffective|p1a: Persian\n|-damage|p1a: Persian|66/100\n|inactive|Time left: 300 sec this turn | 300 sec total | 65 sec grace\n|\n|t:|1783568311\n|switch|p2a: Ninetales|Ninetales-Alola, L78, M|242/242|[from] U-turn\n|-weather|Snowscape|[from] ability: Snow Warning|[of] p2a: Ninetales\n|\n|-weather|Snowscape|[upkeep]\n|upkeep\n|turn|2\n|inactive|Time left: 300 sec this turn | 300 sec total\n|\n|t:|1783568312\n|move|p1a: Persian|Burning Jealousy|p2a: Ninetales\n|-supereffective|p2a: Ninetales\n|-damage|p2a: Ninetales|13/242\n|-damage|p1a: Persian|56/100|[from] item: Life Orb\n|move|p2a: Ninetales|Aurora Veil|p2a: Ninetales\n|-sidestart|p2: p0y2442f089|move: Aurora Veil\n|\n|-weather|Snowscape|[upkeep]\n|upkeep\n|turn|3\n|inactive|Time left: 300 sec this turn | 300 sec total\n|\n|t:|1783568313\n|switch|p2a: Darkrai|Darkrai, L77|234/234\n|move|p1a: Persian|Dark Pulse|p2a: Darkrai\n|-resisted|p2a: Darkrai\n|-damage|p2a: Darkrai|186/234\n|-damage|p1a: Persian|47/100|[from] item: Life Orb\n|\n|-weather|Snowscape|[upkeep]\n|upkeep\n|turn|4\n|inactive|Time left: 300 sec this turn | 300 sec total\n|\n|t:|1783568314\n|move|p1a: Persian|Thunderbolt|p2a: Darkrai\n|-damage|p2a: Darkrai|115/234\n|-damage|p1a: Persian|37/100|[from] item: Life Orb\n|move|p2a: Darkrai|Sludge Bomb|p1a: Persian\n|-damage|p1a: Persian|0 fnt\n|faint|p1a: Persian\n|-damage|p2a: Darkrai|92/234|[from] item: Life Orb\n|\n|-weather|Snowscape|[upkeep]\n|upkeep\n|\n|t:|1783568314\n|switch|p1a: Heracross|Heracross, L80, M|100/100\n|turn|5\n|inactive|Time left: 300 sec this turn | 300 sec total\n|\n|t:|1783568315\n|move|p2a: Darkrai|Dark Pulse|p1a: Heracross\n|-resisted|p1a: Heracross\n|-damage|p1a: Heracross|77/100\n|-damage|p2a: Darkrai|69/234|[from] item: Life Orb\n|move|p1a: Heracross|Megahorn|p2a: Darkrai\n|-supereffective|p2a: Darkrai\n|-damage|p2a: Darkrai|0 fnt\n|faint|p2a: Darkrai\n|-ability|p1a: Heracross|Moxie|boost\n|-boost|p1a: Heracross|atk|1\n|\n|-weather|none\n|upkeep\n|inactive|Time left: 300 sec this turn | 300 sec total | 5 sec grace\n|\n|t:|1783568316\n|switch|p2a: Skarmory|Skarmory, L80, F|235/235\n|turn|6\n|inactive|Time left: 300 sec this turn | 300 sec total\n|\n|t:|1783568317\n|switch|p1a: Weezing|Weezing-Galar, L86, M|100/100\n|move|p2a: Skarmory|Brave Bird|p1a: Weezing\n|-damage|p1a: Weezing|68/100\n|-damage|p2a: Skarmory|208/235|[from] Recoil\n|\n|-heal|p1a: Weezing|74/100|[from] item: Leftovers\n|upkeep\n|turn|7\n|inactive|Time left: 300 sec this turn | 300 sec total\n|\n|t:|1783568318\n|move|p2a: Skarmory|Brave Bird|p1a: Weezing\n|-damage|p1a: Weezing|42/100\n|-damage|p2a: Skarmory|181/235|[from] Recoil\n|move|p1a: Weezing|Defog|p2a: Skarmory\n|-unboost|p2a: Skarmory|evasion|1\n|-sideend|p2: p0y2442f089|move: Aurora Veil\n|\n|-heal|p1a: Weezing|48/100|[from] item: Leftovers\n|upkeep\n|turn|8\n|inactive|Time left: 300 sec this turn | 300 sec total\n|\n|t:|1783568319\n|move|p2a: Skarmory|Stealth Rock|p1a: Weezing\n|-sidestart|p1: p0x2442261a|move: Stealth Rock\n|move|p1a: Weezing|Fire Blast|p2a: Skarmory\n|-supereffective|p2a: Skarmory\n|-damage|p2a: Skarmory|0 fnt\n|faint|p2a: Skarmory\n|\n|-heal|p1a: Weezing|54/100|[from] item: Leftovers\n|upkeep\n|inactive|Time left: 300 sec this turn | 300 sec total | 5 sec grace\n|\n|t:|1783568320\n|switch|p2a: Hypno|Hypno, L95, M|315/315\n|turn|9\n|inactive|Time left: 300 sec this turn | 300 sec total\n|\n|t:|1783568321\n|switch|p1a: Forretress|Forretress, L84, F|100/100\n|-damage|p1a: Forretress|88/100|[from] Stealth Rock\n|move|p2a: Hypno|Psychic Noise|p1a: Forretress\n|-resisted|p1a: Forretress\n|-damage|p1a: Forretress|67/100\n|-start|p1a: Forretress|move: Heal Block\n|\n|upkeep\n|turn|10\n|inactive|Time left: 300 sec this turn | 300 sec total\n|\n|t:|1783568322\n|move|p2a: Hypno|Focus Blast|p1a: Forretress|[miss]\n|-miss|p2a: Hypno|p1a: Forretress\n|move|p1a: Forretress|Rapid Spin|p2a: Hypno\n|-damage|p2a: Hypno|281/315\n|-boost|p1a: Forretress|spe|1\n|-sideend|p1: p0x2442261a|Stealth Rock|[from] move: Rapid Spin|[of] p1a: Forretress\n|\n|-heal|p2a: Hypno|300/315|[from] item: Leftovers\n|-end|p1a: Forretress|move: Heal Block\n|upkeep\n|turn|11\n|inactive|Time left: 300 sec this turn | 300 sec total\n|\n|t:|1783568323\n|move|p2a: Hypno|Focus Blast|p1a: Forretress|[miss]\n|-miss|p2a: Hypno|p1a: Forretress\n|move|p1a: Forretress|Rapid Spin|p2a: Hypno\n|-damage|p2a: Hypno|262/315\n|-boost|p1a: Forretress|spe|1\n|\n|-heal|p1a: Forretress|74/100|[from] item: Leftovers\n|-heal|p2a: Hypno|281/315|[from] item: Leftovers\n|upkeep\n|turn|12\n|inactive|Time left: 300 sec this turn | 300 sec total\n|\n|t:|1783568324\n|move|p1a: Forretress|Iron Head|p2a: Hypno\n|-damage|p2a: Hypno|200/315\n|move|p2a: Hypno|Focus Blast|p1a: Forretress\n|-damage|p1a: Forretress|31/100\n|\n|-heal|p1a: Forretress|37/100|[from] item: Leftovers\n|-heal|p2a: Hypno|219/315|[from] item: Leftovers\n|upkeep\n|turn|13\n|inactive|Time left: 300 sec this turn | 300 sec total\n|\n|t:|1783568325\n|move|p1a: Forretress|Thunder Wave|p2a: Hypno\n|-status|p2a: Hypno|par\n|cant|p2a: Hypno|par\n|\n|-heal|p1a: Forretress|43/100|[from] item: Leftovers\n|-heal|p2a: Hypno|238/315 par|[from] item: Leftovers\n|upkeep\n|turn|14\n|inactive|Time left: 300 sec this turn | 300 sec total\n|\n|t:|1783568326\n|move|p1a: Forretress|Iron Head|p2a: Hypno\n|-damage|p2a: Hypno|157/315 par\n|move|p2a: Hypno|Focus Blast|p1a: Forretress|[miss]\n|-miss|p2a: Hypno|p1a: Forretress\n|\n|-heal|p1a: Forretress|49/100|[from] item: Leftovers\n|-heal|p2a: Hypno|176/315 par|[from] item: Leftovers\n|upkeep\n|turn|15\n|inactive|Time left: 300 sec this turn | 300 sec total\n|\n|t:|1783568327\n|move|p1a: Forretress|Iron Head|p2a: Hypno\n|-damage|p2a: Hypno|98/315 par\n|cant|p2a: Hypno|flinch\n|\n|-heal|p1a: Forretress|55/100|[from] item: Leftovers\n|-heal|p2a: Hypno|117/315 par|[from] item: Leftovers\n|upkeep\n|turn|16\n|inactive|Time left: 300 sec this turn | 300 sec total\n|\n|t:|1783568328\n|move|p1a: Forretress|Iron Head|p2a: Hypno\n|-damage|p2a: Hypno|33/315 par\n|cant|p2a: Hypno|flinch\n|\n|-heal|p1a: Forretress|61/100|[from] item: Leftovers\n|-heal|p2a: Hypno|52/315 par|[from] item: Leftovers\n|upkeep\n|turn|17\n|inactive|Time left: 300 sec this turn | 300 sec total\n|\n|t:|1783568329\n|move|p1a: Forretress|Iron Head|p2a: Hypno\n|-damage|p2a: Hypno|0 fnt\n|faint|p2a: Hypno\n|\n|-heal|p1a: Forretress|67/100|[from] item: Leftovers\n|upkeep\n|inactive|Time left: 300 sec this turn | 300 sec total | 5 sec grace\n|\n|t:|1783568330\n|switch|p2a: Swanna|Swanna, L89, M|278/278\n|turn|18\n|inactive|Time left: 300 sec this turn | 300 sec total\n|\n|t:|1783568331\n|move|p1a: Forretress|Iron Head|p2a: Swanna\n|-resisted|p2a: Swanna\n|-damage|p2a: Swanna|233/278\n|move|p2a: Swanna|Hydro Pump|p1a: Forretress\n|-damage|p1a: Forretress|9/100\n|\n|-heal|p1a: Forretress|15/100|[from] item: Leftovers\n|upkeep\n|turn|19\n|inactive|Time left: 300 sec this turn | 300 sec total\n|\n|t:|1783568332\n|move|p1a: Forretress|Thunder Wave|p2a: Swanna\n|-status|p2a: Swanna|par\n|move|p2a: Swanna|Brave Bird|p1a: Forretress\n|-damage|p1a: Forretress|0 fnt\n|faint|p1a: Forretress\n|-damage|p2a: Swanna|220/278 par|[from] Recoil\n|\n|upkeep\n|\n|t:|1783568333\n|switch|p1a: Heracross|Heracross, L80, M|77/100\n|turn|20\n|inactive|Time left: 300 sec this turn | 300 sec total\n|\n|t:|1783568334\n|move|p1a: Heracross|Stone Edge|p2a: Swanna\n|-supereffective|p2a: Swanna\n|-damage|p2a: Swanna|0 fnt\n|faint|p2a: Swanna\n|-ability|p1a: Heracross|Moxie|boost\n|-boost|p1a: Heracross|atk|1\n|\n|upkeep\n|inactive|Time left: 300 sec this turn | 300 sec total | 5 sec grace\n|\n|t:|1783568335\n|switch|p2a: Ninetales|Ninetales-Alola, L78, M|13/242\n|-weather|Snowscape|[from] ability: Snow Warning|[of] p2a: Ninetales\n|turn|21\n|inactive|Time left: 300 sec this turn | 300 sec total\n|\n|t:|1783568336\n|move|p2a: Ninetales|Aurora Veil|p2a: Ninetales\n|-sidestart|p2: p0y2442f089|move: Aurora Veil\n|move|p1a: Heracross|Stone Edge|p2a: Ninetales\n|-supereffective|p2a: Ninetales\n|-damage|p2a: Ninetales|0 fnt\n|faint|p2a: Ninetales\n|-ability|p1a: Heracross|Moxie|boost\n|-boost|p1a: Heracross|atk|1\n|\n|-weather|Snowscape|[upkeep]\n|upkeep\n|inactive|Time left: 300 sec this turn | 300 sec total | 5 sec grace\n|\n|t:|1783568337\n|switch|p2a: Volbeat|Volbeat, L90, M|263/263\n|turn|22\n|inactive|Time left: 300 sec this turn | 300 sec total\n|\n|t:|1783568339\n|-terastallize|p2a: Volbeat|Steel\n|move|p2a: Volbeat|U-turn|p1a: Heracross\n|-resisted|p1a: Heracross\n|-damage|p1a: Heracross|59/100\n|move|p1a: Heracross|Stone Edge|p2a: Volbeat\n|-resisted|p2a: Volbeat\n|-damage|p2a: Volbeat|201/263\n|\n|-weather|Snowscape|[upkeep]\n|upkeep\n|turn|23\n|inactive|Time left: 300 sec this turn | 300 sec total\n|\n|t:|1783568340\n|move|p2a: Volbeat|Thunder Wave|p1a: Heracross\n|-status|p1a: Heracross|par\n|move|p1a: Heracross|Stone Edge|p2a: Volbeat\n|-resisted|p2a: Volbeat\n|-damage|p2a: Volbeat|141/263\n|\n|-weather|Snowscape|[upkeep]\n|upkeep\n|turn|24\n|inactive|Time left: 300 sec this turn | 300 sec total\n|\n|t:|1783568341\n|switch|p1a: Gurdurr|Gurdurr, L85, F|100/100\n|move|p2a: Volbeat|Roost|p2a: Volbeat\n|-heal|p2a: Volbeat|263/263\n|\n|-weather|Snowscape|[upkeep]\n|upkeep\n|turn|25\n|inactive|Time left: 300 sec this turn | 300 sec total\n|\n|t:|1783568342\n|move|p2a: Volbeat|Thunder Wave|p1a: Gurdurr\n|-status|p1a: Gurdurr|par\n|move|p1a: Gurdurr|Drain Punch|p2a: Volbeat\n|-supereffective|p2a: Volbeat\n|-damage|p2a: Volbeat|128/263\n|\n|-weather|none\n|upkeep\n|turn|26\n|inactive|Time left: 300 sec this turn | 300 sec total\n|\n|t:|1783568343\n|move|p2a: Volbeat|Roost|p2a: Volbeat\n|-heal|p2a: Volbeat|260/263\n|move|p1a: Gurdurr|Drain Punch|p2a: Volbeat\n|-supereffective|p2a: Volbeat\n|-damage|p2a: Volbeat|127/263\n|\n|upkeep\n|turn|27\n|inactive|Time left: 300 sec this turn | 300 sec total\n|\n|t:|1783568344\n|move|p2a: Volbeat|Roost|p2a: Volbeat\n|-heal|p2a: Volbeat|259/263\n|move|p1a: Gurdurr|Drain Punch|p2a: Volbeat\n|-supereffective|p2a: Volbeat\n|-damage|p2a: Volbeat|109/263\n|\n|upkeep\n|turn|28\n|inactive|Time left: 300 sec this turn | 300 sec total\n|\n|t:|1783568345\n|move|p2a: Volbeat|Roost|p2a: Volbeat\n|-heal|p2a: Volbeat|241/263\n|cant|p1a: Gurdurr|par\n|\n|-sideend|p2: p0y2442f089|move: Aurora Veil\n|upkeep\n|turn|29\n|inactive|Time left: 300 sec this turn | 300 sec total\n|\n|t:|1783568346\n|move|p2a: Volbeat|Roost|p2a: Volbeat\n|-heal|p2a: Volbeat|263/263\n|cant|p1a: Gurdurr|par\n|\n|upkeep\n|turn|30\n|inactive|Time left: 300 sec this turn | 300 sec total\n|\n|t:|1783568347\n|move|p2a: Volbeat|Thunder Wave|p1a: Gurdurr|[miss]\n|-miss|p2a: Volbeat|p1a: Gurdurr\n|cant|p1a: Gurdurr|par\n|\n|upkeep\n|turn|31\n|inactive|Time left: 300 sec this turn | 300 sec total\n|\n|t:|1783568348\n|move|p2a: Volbeat|Thunder Wave|p1a: Gurdurr\n|-fail|p1a: Gurdurr|par\n|move|p1a: Gurdurr|Drain Punch|p2a: Volbeat\n|-supereffective|p2a: Volbeat\n|-damage|p2a: Volbeat|3/263\n|\n|upkeep\n|turn|32\n|inactive|Time left: 300 sec this turn | 300 sec total\n|\n|t:|1783568349\n|move|p2a: Volbeat|Roost|p2a: Volbeat\n|-heal|p2a: Volbeat|135/263\n|move|p1a: Gurdurr|Drain Punch|p2a: Volbeat\n|-supereffective|p2a: Volbeat\n|-damage|p2a: Volbeat|0 fnt\n|faint|p2a: Volbeat\n|\n|win|p0x2442261a", "uploadtime": 1783568349, "views": 0, "rating": 0, "private": 0, "password": null, "_winner": "p0x2442261a", "_our_name": "p0y2442f089"}