{"id": "battle-gen9randombattle-316", "formatid": "gen9randombattle", "format": "[Gen 9] Random Battle", "players": ["p0x3160327", "p0y316b69e"], "log": "|init|battle\n|title|p0x3160327 vs. p0y316b69e\n|j|\u2606p0x3160327\n|j|\u2606p0y316b69e\n|t:|1783543256\n|gametype|singles\n|player|p1|p0x3160327|170|\n|player|p2|p0y316b69e|266|\n|gen|9\n|tier|[Gen 9] Random Battle\n|rule|Species Clause: Limit one of each Pok\u00e9mon\n|rule|HP Percentage Mod: HP is shown in percentages\n|rule|Sleep Clause Mod: Limit one foe put to sleep\n|rule|Illusion Level Mod: Illusion disguises the Pok\u00e9mon's true level\n|\n|t:|1783543256\n|teamsize|p1|6\n|teamsize|p2|6\n|start\n|switch|p1a: Drifblim|Drifblim, L86, M|100/100\n|switch|p2a: Venomoth|Venomoth, L84, M|255/255\n|turn|1\n|inactive|Battle timer is ON: inactive players will automatically lose when time's up. (requested by p0y316b69e)\n|inactive|p0x3160327 also wants the timer to be on.\n|\n|t:|1783543258\n|move|p2a: Venomoth|Quiver Dance|p2a: Venomoth\n|-boost|p2a: Venomoth|spa|1\n|-boost|p2a: Venomoth|spd|1\n|-boost|p2a: Venomoth|spe|1\n|move|p1a: Drifblim|Shadow Ball|p2a: Venomoth\n|-damage|p2a: Venomoth|195/255\n|\n|upkeep\n|turn|2\n|inactive|Time left: 300 sec this turn | 300 sec total\n|\n|t:|1783543259\n|move|p2a: Venomoth|Quiver Dance|p2a: Venomoth\n|-boost|p2a: Venomoth|spa|1\n|-boost|p2a: Venomoth|spd|1\n|-boost|p2a: Venomoth|spe|1\n|move|p1a: Drifblim|Air Slash|p2a: Venomoth\n|-supereffective|p2a: Venomoth\n|-damage|p2a: Venomoth|109/255\n|\n|upkeep\n|turn|3\n|inactive|Time left: 300 sec this turn | 300 sec total\n|\n|t:|1783543261\n|move|p2a: Venomoth|Sludge Wave|p1a: Drifblim\n|-resisted|p1a: Drifblim\n|-damage|p1a: Drifblim|41/100\n|move|p1a: Drifblim|Air Slash|p2a: Venomoth\n|-supereffective|p2a: Venomoth\n|-damage|p2a: Venomoth|19/255\n|\n|upkeep\n|turn|4\n|inactive|Time left: 300 sec this turn | 300 sec total\n|\n|t:|1783543262\n|move|p2a: Venomoth|Sludge Wave|p1a: Drifblim\n|-resisted|p1a: Drifblim\n|-damage|p1a: Drifblim|0 fnt\n|faint|p1a: Drifblim\n|\n|upkeep\n|\n|t:|1783543263\n|switch|p1a: Volcanion|Volcanion, L79|100/100\n|turn|5\n|inactive|Time left: 300 sec this turn | 300 sec total\n|\n|t:|1783543264\n|move|p2a: Venomoth|Sleep Powder|p1a: Volcanion\n|-status|p1a: Volcanion|slp|[from] move: Sleep Powder\n|cant|p1a: Volcanion|slp\n|\n|upkeep\n|turn|6\n|inactive|Time left: 300 sec this turn | 300 sec total\n|\n|t:|1783543265\n|move|p2a: Venomoth|Sludge Wave|p1a: Volcanion\n|-damage|p1a: Volcanion|45/100 slp\n|-curestatus|p1a: Volcanion|slp|[msg]\n|move|p1a: Volcanion|Earth Power|p2a: Venomoth\n|-damage|p2a: Venomoth|0 fnt\n|faint|p2a: Venomoth\n|\n|upkeep\n|inactive|Time left: 300 sec this turn | 300 sec total | 5 sec grace\n|\n|t:|1783543266\n|switch|p2a: Mewtwo|Mewtwo, L72|272/272\n|-ability|p2a: Mewtwo|Unnerve\n|turn|7\n|inactive|Time left: 300 sec this turn | 300 sec total\n|\n|t:|1783543267\n|switch|p1a: Urshifu|Urshifu, L74, F|100/100\n|move|p2a: Mewtwo|Psystrike|p1a: Urshifu\n|-immune|p1a: Urshifu\n|\n|upkeep\n|turn|8\n|inactive|Time left: 300 sec this turn | 300 sec total\n|\n|t:|1783543268\n|switch|p2a: Zapdos|Zapdos-Galar, L77|265/265\n|move|p1a: Urshifu|Wicked Blow|p2a: Zapdos\n|-resisted|p2a: Zapdos\n|-crit|p2a: Zapdos\n|-damage|p2a: Zapdos|201/265\n|\n|upkeep\n|turn|9\n|inactive|Time left: 300 sec this turn | 300 sec total\n|\n|t:|1783543269\n|switch|p1a: Dragalge|Dragalge, L88, F|100/100\n|move|p2a: Zapdos|Brave Bird|p1a: Dragalge\n|-damage|p1a: Dragalge|40/100\n|-damage|p2a: Zapdos|149/265|[from] Recoil\n|-damage|p2a: Zapdos|123/265|[from] item: Life Orb\n|\n|-heal|p1a: Dragalge|46/100|[from] item: Leftovers\n|upkeep\n|turn|10\n|inactive|Time left: 300 sec this turn | 300 sec total\n|\n|t:|1783543270\n|move|p2a: Zapdos|Brave Bird|p1a: Dragalge\n|-damage|p1a: Dragalge|0 fnt\n|faint|p1a: Dragalge\n|-damage|p2a: Zapdos|84/265|[from] Recoil\n|-damage|p2a: Zapdos|58/265|[from] item: Life Orb\n|\n|upkeep\n|\n|t:|1783543272\n|switch|p1a: Iron Valiant|Iron Valiant, L78|100/100\n|turn|11\n|inactive|Time left: 300 sec this turn | 300 sec total\n|\n|t:|1783543273\n|move|p1a: Iron Valiant|Spirit Break|p2a: Zapdos\n|-supereffective|p2a: Zapdos\n|-damage|p2a: Zapdos|0 fnt\n|faint|p2a: Zapdos\n|-damage|p1a: Iron Valiant|91/100|[from] item: Life Orb\n|\n|upkeep\n|inactive|Time left: 300 sec this turn | 300 sec total | 5 sec grace\n|\n|t:|1783543274\n|switch|p2a: Mewtwo|Mewtwo, L72|272/272\n|-ability|p2a: Mewtwo|Unnerve\n|turn|12\n|inactive|Time left: 300 sec this turn | 300 sec total\n|\n|t:|1783543275\n|-terastallize|p1a: Iron Valiant|Dark\n|move|p2a: Mewtwo|Psystrike|p1a: Iron Valiant\n|-immune|p1a: Iron Valiant\n|move|p1a: Iron Valiant|Knock Off|p2a: Mewtwo\n|-supereffective|p2a: Mewtwo\n|-damage|p2a: Mewtwo|0 fnt\n|-enditem|p2a: Mewtwo|Life Orb|[from] move: Knock Off|[of] p1a: Iron Valiant\n|faint|p2a: Mewtwo\n|-damage|p1a: Iron Valiant|81/100|[from] item: Life Orb\n|\n|upkeep\n|inactive|Time left: 300 sec this turn | 300 sec total | 5 sec grace\n|\n|t:|1783543276\n|switch|p2a: Eelektross|Eelektross, L87, F|290/290\n|turn|13\n|inactive|Time left: 300 sec this turn | 300 sec total\n|\n|t:|1783543277\n|move|p1a: Iron Valiant|Spirit Break|p2a: Eelektross\n|-damage|p2a: Eelektross|173/290\n|-unboost|p2a: Eelektross|spa|1\n|-damage|p1a: Iron Valiant|71/100|[from] item: Life Orb\n|move|p2a: Eelektross|Discharge|p1a: Iron Valiant\n|-damage|p1a: Iron Valiant|34/100\n|\n|upkeep\n|turn|14\n|inactive|Time left: 300 sec this turn | 300 sec total\n|\n|t:|1783543278\n|-terastallize|p2a: Eelektross|Poison\n|move|p1a: Iron Valiant|Close Combat|p2a: Eelektross\n|-resisted|p2a: Eelektross\n|-damage|p2a: Eelektross|87/290\n|-unboost|p1a: Iron Valiant|def|1\n|-unboost|p1a: Iron Valiant|spd|1\n|-damage|p1a: Iron Valiant|24/100|[from] item: Life Orb\n|move|p2a: Eelektross|U-turn|p1a: Iron Valiant\n|-supereffective|p1a: Iron Valiant\n|-damage|p1a: Iron Valiant|0 fnt\n|faint|p1a: Iron Valiant\n|-end|p1a: Iron Valiant|Quark Drive|[silent]\n|inactive|Time left: 300 sec this turn | 300 sec total | 5 sec grace\n|\n|t:|1783543279\n|switch|p2a: Cresselia|Cresselia, L80, F|323/323|[from] U-turn\n|\n|upkeep\n|\n|t:|1783543280\n|switch|p1a: Scovillain|Scovillain, L91, M|100/100\n|turn|15\n|inactive|Time left: 300 sec this turn | 300 sec total\n|\n|t:|1783543281\n|move|p1a: Scovillain|Leech Seed|p2a: Cresselia|[miss]\n|-miss|p1a: Scovillain|p2a: Cresselia\n|move|p2a: Cresselia|Calm Mind|p2a: Cresselia\n|-boost|p2a: Cresselia|spa|1\n|-boost|p2a: Cresselia|spd|1\n|\n|upkeep\n|turn|16\n|inactive|Time left: 300 sec this turn | 300 sec total\n|\n|t:|1783543282\n|move|p1a: Scovillain|Leech Seed|p2a: Cresselia\n|-start|p2a: Cresselia|move: Leech Seed\n|move|p2a: Cresselia|Calm Mind|p2a: Cresselia\n|-boost|p2a: Cresselia|spa|1\n|-boost|p2a: Cresselia|spd|1\n|\n|-damage|p2a: Cresselia|283/323|[from] Leech Seed|[of] p1a: Scovillain\n|upkeep\n|turn|17\n|inactive|Time left: 300 sec this turn | 300 sec total\n|\n|t:|1783543283\n|move|p1a: Scovillain|Flamethrower|p2a: Cresselia\n|-crit|p2a: Cresselia\n|-damage|p2a: Cresselia|127/323\n|move|p2a: Cresselia|Thunderbolt|p1a: Scovillain\n|-resisted|p1a: Scovillain\n|-damage|p1a: Scovillain|79/100\n|\n|-heal|p1a: Scovillain|85/100|[from] item: Leftovers\n|-heal|p2a: Cresselia|147/323|[from] item: Leftovers\n|-damage|p2a: Cresselia|107/323|[from] Leech Seed|[of] p1a: Scovillain\n|-heal|p1a: Scovillain|99/100|[silent]\n|upkeep\n|turn|18\n|inactive|Time left: 300 sec this turn | 300 sec total\n|\n|t:|1783543284\n|switch|p1a: Urshifu|Urshifu, L74, F|100/100\n|move|p2a: Cresselia|Moonlight|p2a: Cresselia\n|-heal|p2a: Cresselia|268/323\n|\n|-heal|p2a: Cresselia|288/323|[from] item: Leftovers\n|-damage|p2a: Cresselia|248/323|[from] Leech Seed|[of] p1a: Urshifu\n|upkeep\n|turn|19\n|inactive|Time left: 300 sec this turn | 300 sec total\n|\n|t:|1783543285\n|switch|p2a: Brute Bonnet|Brute Bonnet, L80|309/309\n|move|p1a: Urshifu|Wicked Blow|p2a: Brute Bonnet\n|-resisted|p2a: Brute Bonnet\n|-crit|p2a: Brute Bonnet\n|-damage|p2a: Brute Bonnet|253/309\n|\n|-heal|p2a: Brute Bonnet|272/309|[from] item: Leftovers\n|upkeep\n|turn|20\n|inactive|Time left: 300 sec this turn | 300 sec total\n|\n|t:|1783543287\n|switch|p1a: Scovillain|Scovillain, L91, M|99/100\n|move|p2a: Brute Bonnet|Seed Bomb|p1a: Scovillain\n|-resisted|p1a: Scovillain\n|-damage|p1a: Scovillain|90/100\n|\n|-heal|p1a: Scovillain|96/100|[from] item: Leftovers\n|-heal|p2a: Brute Bonnet|291/309|[from] item: Leftovers\n|upkeep\n|turn|21\n|inactive|Time left: 300 sec this turn | 300 sec total\n|\n|t:|1783543288\n|-end|p2a: Brute Bonnet|Protosynthesis|[silent]\n|switch|p2a: Cresselia|Cresselia, L80, F|248/323\n|move|p1a: Scovillain|Flamethrower|p2a: Cresselia\n|-damage|p2a: Cresselia|143/323\n|\n|-heal|p1a: Scovillain|100/100|[from] item: Leftovers\n|-heal|p2a: Cresselia|163/323|[from] item: Leftovers\n|upkeep\n|turn|22\n|inactive|Time left: 300 sec this turn | 300 sec total\n|\n|t:|1783543289\n|move|p1a: Scovillain|Flamethrower|p2a: Cresselia\n|-damage|p2a: Cresselia|69/323\n|move|p2a: Cresselia|Moonlight|p2a: Cresselia\n|-heal|p2a: Cresselia|230/323\n|\n|-heal|p2a: Cresselia|250/323|[from] item: Leftovers\n|upkeep\n|turn|23\n|inactive|Time left: 300 sec this turn | 300 sec total\n|\n|t:|1783543290\n|move|p1a: Scovillain|Leech Seed|p2a: Cresselia\n|-start|p2a: Cresselia|move: Leech Seed\n|move|p2a: Cresselia|Calm Mind|p2a: Cresselia\n|-boost|p2a: Cresselia|spa|1\n|-boost|p2a: Cresselia|spd|1\n|\n|-heal|p2a: Cresselia|270/323|[from] item: Leftovers\n|-damage|p2a: Cresselia|230/323|[from] Leech Seed|[of] p1a: Scovillain\n|upkeep\n|turn|24\n|inactive|Time left: 300 sec this turn | 300 sec total\n|\n|t:|1783543291\n|switch|p1a: Urshifu|Urshifu, L74, F|100/100\n|move|p2a: Cresselia|Thunderbolt|p1a: Urshifu\n|-damage|p1a: Urshifu|59/100\n|\n|-heal|p2a: Cresselia|250/323|[from] item: Leftovers\n|-damage|p2a: Cresselia|210/323|[from] Leech Seed|[of] p1a: Urshifu\n|-heal|p1a: Urshifu|74/100|[silent]\n|upkeep\n|turn|25\n|inactive|Time left: 300 sec this turn | 300 sec total\n|\n|t:|1783543292\n|switch|p2a: Brute Bonnet|Brute Bonnet, L80|291/309\n|move|p1a: Urshifu|Wicked Blow|p2a: Brute Bonnet\n|-resisted|p2a: Brute Bonnet\n|-crit|p2a: Brute Bonnet\n|-damage|p2a: Brute Bonnet|234/309\n|\n|-heal|p2a: Brute Bonnet|253/309|[from] item: Leftovers\n|upkeep\n|turn|26\n|inactive|Time left: 300 sec this turn | 300 sec total\n|\n|t:|1783543293\n|switch|p1a: Scovillain|Scovillain, L91, M|100/100\n|move|p2a: Brute Bonnet|Spore|p1a: Scovillain\n|-immune|p1a: Scovillain\n|\n|-heal|p2a: Brute Bonnet|272/309|[from] item: Leftovers\n|upkeep\n|turn|27\n|inactive|Time left: 300 sec this turn | 300 sec total\n|\n|t:|1783543295\n|-end|p2a: Brute Bonnet|Protosynthesis|[silent]\n|switch|p2a: Cresselia|Cresselia, L80, F|210/323\n|move|p1a: Scovillain|Flamethrower|p2a: Cresselia\n|-damage|p2a: Cresselia|108/323\n|\n|-heal|p2a: Cresselia|128/323|[from] item: Leftovers\n|upkeep\n|turn|28\n|inactive|Time left: 300 sec this turn | 300 sec total\n|\n|t:|1783543296\n|move|p1a: Scovillain|Flamethrower|p2a: Cresselia\n|-damage|p2a: Cresselia|28/323\n|move|p2a: Cresselia|Moonlight|p2a: Cresselia\n|-heal|p2a: Cresselia|189/323\n|\n|-heal|p2a: Cresselia|209/323|[from] item: Leftovers\n|upkeep\n|turn|29\n|inactive|Time left: 300 sec this turn | 300 sec total\n|\n|t:|1783543297\n|move|p1a: Scovillain|Leech Seed|p2a: Cresselia\n|-start|p2a: Cresselia|move: Leech Seed\n|move|p2a: Cresselia|Moonlight|p2a: Cresselia\n|-heal|p2a: Cresselia|323/323\n|\n|-damage|p2a: Cresselia|283/323|[from] Leech Seed|[of] p1a: Scovillain\n|upkeep\n|turn|30\n|inactive|Time left: 300 sec this turn | 300 sec total\n|\n|t:|1783543298\n|move|p1a: Scovillain|Flamethrower|p2a: Cresselia\n|-damage|p2a: Cresselia|177/323\n|move|p2a: Cresselia|Calm Mind|p2a: Cresselia\n|-boost|p2a: Cresselia|spa|1\n|-boost|p2a: Cresselia|spd|1\n|\n|-heal|p2a: Cresselia|197/323|[from] item: Leftovers\n|-damage|p2a: Cresselia|157/323|[from] Leech Seed|[of] p1a: Scovillain\n|upkeep\n|turn|31\n|inactive|Time left: 300 sec this turn | 300 sec total\n|\n|t:|1783543299\n|switch|p1a: Urshifu|Urshifu, L74, F|74/100\n|move|p2a: Cresselia|Moonlight|p2a: Cresselia\n|-heal|p2a: Cresselia|318/323\n|\n|-heal|p2a: Cresselia|323/323|[from] item: Leftovers\n|-damage|p2a: Cresselia|283/323|[from] Leech Seed|[of] p1a: Urshifu\n|-heal|p1a: Urshifu|89/100|[silent]\n|upkeep\n|turn|32\n|inactive|Time left: 300 sec this turn | 300 sec total\n|\n|t:|1783543300\n|switch|p2a: Brute Bonnet|Brute Bonnet, L80|272/309\n|move|p1a: Urshifu|Wicked Blow|p2a: Brute Bonnet\n|-resisted|p2a: Brute Bonnet\n|-crit|p2a: Brute Bonnet\n|-damage|p2a: Brute Bonnet|218/309\n|\n|-heal|p2a: Brute Bonnet|237/309|[from] item: Leftovers\n|upkeep\n|turn|33\n|inactive|Time left: 300 sec this turn | 300 sec total\n|\n|t:|1783543301\n|switch|p1a: Scovillain|Scovillain, L91, M|100/100\n|move|p2a: Brute Bonnet|Crunch|p1a: Scovillain\n|-damage|p1a: Scovillain|56/100\n|-unboost|p1a: Scovillain|def|1\n|\n|-heal|p1a: Scovillain|62/100|[from] item: Leftovers\n|-heal|p2a: Brute Bonnet|256/309|[from] item: Leftovers\n|upkeep\n|turn|34\n|inactive|Time left: 300 sec this turn | 300 sec total\n|\n|t:|1783543303\n|move|p1a: Scovillain|Flamethrower|p2a: Brute Bonnet\n|-supereffective|p2a: Brute Bonnet\n|-damage|p2a: Brute Bonnet|4/309\n|move|p2a: Brute Bonnet|Crunch|p1a: Scovillain\n|-damage|p1a: Scovillain|0 fnt\n|faint|p1a: Scovillain\n|\n|-heal|p2a: Brute Bonnet|23/309|[from] item: Leftovers\n|upkeep\n|\n|t:|1783543304\n|switch|p1a: Urshifu|Urshifu, L74, F|89/100\n|turn|35\n|inactive|Time left: 300 sec this turn | 300 sec total\n|\n|t:|1783543305\n|move|p2a: Brute Bonnet|Sucker Punch|p1a: Urshifu\n|-resisted|p1a: Urshifu\n|-damage|p1a: Urshifu|81/100\n|move|p1a: Urshifu|Wicked Blow|p2a: Brute Bonnet\n|-resisted|p2a: Brute Bonnet\n|-crit|p2a: Brute Bonnet\n|-damage|p2a: Brute Bonnet|0 fnt\n|faint|p2a: Brute Bonnet\n|-end|p2a: Brute Bonnet|Protosynthesis|[silent]\n|\n|upkeep\n|inactive|Time left: 300 sec this turn | 300 sec total | 5 sec grace\n|\n|t:|1783543306\n|switch|p2a: Eelektross|Eelektross, L87, F, tera:Poison|87/290\n|turn|36\n|inactive|Time left: 300 sec this turn | 300 sec total\n|\n|t:|1783543307\n|move|p1a: Urshifu|Wicked Blow|p2a: Eelektross\n|-crit|p2a: Eelektross\n|-damage|p2a: Eelektross|0 fnt\n|faint|p2a: Eelektross\n|\n|upkeep\n|inactive|Time left: 300 sec this turn | 300 sec total | 5 sec grace\n|\n|t:|1783543308\n|switch|p2a: Cresselia|Cresselia, L80, F|283/323\n|turn|37\n|inactive|Time left: 300 sec this turn | 300 sec total\n|\n|t:|1783543309\n|move|p1a: Urshifu|Wicked Blow|p2a: Cresselia\n|-supereffective|p2a: Cresselia\n|-crit|p2a: Cresselia\n|-damage|p2a: Cresselia|79/323\n|move|p2a: Cresselia|Moonlight|p2a: Cresselia\n|-heal|p2a: Cresselia|240/323\n|\n|-heal|p2a: Cresselia|260/323|[from] item: Leftovers\n|upkeep\n|turn|38\n|inactive|Time left: 300 sec this turn | 300 sec total\n|\n|t:|1783543310\n|move|p1a: Urshifu|Wicked Blow|p2a: Cresselia\n|-supereffective|p2a: Cresselia\n|-crit|p2a: Cresselia\n|-damage|p2a: Cresselia|54/323\n|move|p2a: Cresselia|Calm Mind|p2a: Cresselia\n|-boost|p2a: Cresselia|spa|1\n|-boost|p2a: Cresselia|spd|1\n|\n|-heal|p2a: Cresselia|74/323|[from] item: Leftovers\n|upkeep\n|turn|39\n|inactive|Time left: 300 sec this turn | 300 sec total\n|\n|t:|1783543311\n|-activate|p1a: Urshifu|move: Struggle\n|move|p1a: Urshifu|Struggle|p2a: Cresselia\n|-damage|p2a: Cresselia|44/323\n|-damage|p1a: Urshifu|56/100|[from] recoil\n|move|p2a: Cresselia|Moonlight|p2a: Cresselia\n|-heal|p2a: Cresselia|205/323\n|\n|-heal|p2a: Cresselia|225/323|[from] item: Leftovers\n|upkeep\n|turn|40\n|inactive|Time left: 300 sec this turn | 300 sec total\n|\n|t:|1783543312\n|switch|p1a: Volcanion|Volcanion, L79|45/100\n|move|p2a: Cresselia|Thunderbolt|p1a: Volcanion\n|-supereffective|p1a: Volcanion\n|-damage|p1a: Volcanion|5/100\n|\n|-heal|p2a: Cresselia|245/323|[from] item: Leftovers\n|upkeep\n|turn|41\n|inactive|Time left: 300 sec this turn | 300 sec total\n|\n|t:|1783543313\n|move|p2a: Cresselia|Thunderbolt|p1a: Volcanion\n|-supereffective|p1a: Volcanion\n|-damage|p1a: Volcanion|0 fnt\n|faint|p1a: Volcanion\n|\n|-heal|p2a: Cresselia|265/323|[from] item: Leftovers\n|upkeep\n|\n|t:|1783543313\n|switch|p1a: Urshifu|Urshifu, L74, F|56/100\n|turn|42\n|inactive|Time left: 300 sec this turn | 300 sec total\n|\n|t:|1783543314\n|move|p1a: Urshifu|Poison Jab|p2a: Cresselia\n|-damage|p2a: Cresselia|218/323\n|-status|p2a: Cresselia|psn\n|move|p2a: Cresselia|Thunderbolt|p1a: Urshifu\n|-damage|p1a: Urshifu|13/100\n|\n|-heal|p2a: Cresselia|238/323 psn|[from] item: Leftovers\n|-damage|p2a: Cresselia|198/323 psn|[from] psn\n|upkeep\n|turn|43\n|inactive|Time left: 300 sec this turn | 300 sec total\n|\n|t:|1783543315\n|move|p1a: Urshifu|Poison Jab|p2a: Cresselia\n|-damage|p2a: Cresselia|152/323 psn\n|move|p2a: Cresselia|Thunderbolt|p1a: Urshifu\n|-damage|p1a: Urshifu|0 fnt\n|faint|p1a: Urshifu\n|\n|win|p0y316b69e", "uploadtime": 1783543315, "views": 0, "rating": 0, "private": 0, "password": null, "_winner": "p0y316b69e", "_our_name": "p0y316b69e"}