{"id": "battle-gen9randombattle-2480", "formatid": "gen9randombattle", "format": "[Gen 9] Random Battle", "players": ["p0x2480371b", "p0y2480a1dd"], "log": "|init|battle\n|title|p0x2480371b vs. p0y2480a1dd\n|j|\u2606p0x2480371b\n|j|\u2606p0y2480a1dd\n|t:|1783568753\n|gametype|singles\n|player|p1|p0x2480371b|265|\n|player|p2|p0y2480a1dd|265|\n|gen|9\n|tier|[Gen 9] Random Battle\n|rule|Species Clause: Limit one of each Pok\u00e9mon\n|rule|HP Percentage Mod: HP is shown in percentages\n|rule|Sleep Clause Mod: Limit one foe put to sleep\n|rule|Illusion Level Mod: Illusion disguises the Pok\u00e9mon's true level\n|\n|t:|1783568753\n|teamsize|p1|6\n|teamsize|p2|6\n|start\n|switch|p1a: Vigoroth|Vigoroth, L85, F|275/275\n|switch|p2a: Munkidori|Munkidori, L79, M|100/100\n|turn|1\n|inactive|Battle timer is ON: inactive players will automatically lose when time's up. (requested by p0y2480a1dd)\n|inactive|Time left: 300 sec this turn | 300 sec total | 60 sec grace\n|inactive|p0x2480371b also wants the timer to be on.\n|\n|t:|1783568755\n|move|p2a: Munkidori|Sludge Wave|p1a: Vigoroth\n|-damage|p1a: Vigoroth|172/275\n|move|p1a: Vigoroth|Bulk Up|p1a: Vigoroth\n|-boost|p1a: Vigoroth|atk|1\n|-boost|p1a: Vigoroth|def|1\n|\n|upkeep\n|turn|2\n|inactive|Time left: 300 sec this turn | 300 sec total\n|\n|t:|1783568756\n|move|p2a: Munkidori|Sludge Wave|p1a: Vigoroth\n|-damage|p1a: Vigoroth|75/275\n|move|p1a: Vigoroth|Body Slam|p2a: Munkidori\n|-damage|p2a: Munkidori|39/100\n|\n|upkeep\n|turn|3\n|inactive|Time left: 300 sec this turn | 300 sec total\n|\n|t:|1783568757\n|switch|p1a: Rhyperior|Rhyperior, L82, M|323/323\n|move|p2a: Munkidori|Psychic Noise|p1a: Rhyperior\n|-damage|p1a: Rhyperior|236/323\n|-start|p1a: Rhyperior|move: Heal Block\n|\n|upkeep\n|turn|4\n|inactive|Time left: 300 sec this turn | 300 sec total\n|\n|t:|1783568758\n|move|p2a: Munkidori|U-turn|p1a: Rhyperior\n|-damage|p1a: Rhyperior|210/323\n|-status|p1a: Rhyperior|tox|[from] ability: Toxic Chain|[of] p2a: Munkidori\n|\n|t:|1783568759\n|switch|p2a: Avalugg|Avalugg-Hisui, L90, F|100/100|[from] U-turn\n|move|p1a: Rhyperior|Earthquake|p2a: Avalugg\n|-supereffective|p2a: Avalugg\n|-damage|p2a: Avalugg|60/100\n|\n|-damage|p1a: Rhyperior|190/323 tox|[from] psn\n|-end|p1a: Rhyperior|move: Heal Block\n|upkeep\n|turn|5\n|inactive|Time left: 300 sec this turn | 300 sec total\n|\n|t:|1783568760\n|move|p2a: Avalugg|Recover|p2a: Avalugg\n|-heal|p2a: Avalugg|100/100\n|move|p1a: Rhyperior|Stone Edge|p2a: Avalugg\n|-supereffective|p2a: Avalugg\n|-damage|p2a: Avalugg|59/100\n|\n|-damage|p1a: Rhyperior|150/323 tox|[from] psn\n|upkeep\n|turn|6\n|inactive|Time left: 300 sec this turn | 300 sec total\n|\n|t:|1783568761\n|move|p2a: Avalugg|Recover|p2a: Avalugg\n|-heal|p2a: Avalugg|100/100\n|move|p1a: Rhyperior|Earthquake|p2a: Avalugg\n|-supereffective|p2a: Avalugg\n|-damage|p2a: Avalugg|53/100\n|\n|-damage|p1a: Rhyperior|90/323 tox|[from] psn\n|upkeep\n|turn|7\n|inactive|Time left: 300 sec this turn | 300 sec total\n|\n|t:|1783568762\n|move|p2a: Avalugg|Recover|p2a: Avalugg\n|-heal|p2a: Avalugg|100/100\n|move|p1a: Rhyperior|Earthquake|p2a: Avalugg\n|-supereffective|p2a: Avalugg\n|-damage|p2a: Avalugg|56/100\n|\n|-damage|p1a: Rhyperior|10/323 tox|[from] psn\n|upkeep\n|turn|8\n|inactive|Time left: 300 sec this turn | 300 sec total\n|\n|t:|1783568763\n|move|p2a: Avalugg|Recover|p2a: Avalugg\n|-heal|p2a: Avalugg|100/100\n|move|p1a: Rhyperior|Earthquake|p2a: Avalugg\n|-supereffective|p2a: Avalugg\n|-damage|p2a: Avalugg|60/100\n|\n|-damage|p1a: Rhyperior|0 fnt|[from] psn\n|faint|p1a: Rhyperior\n|upkeep\n|inactive|Time left: 300 sec this turn | 300 sec total | 5 sec grace\n|\n|t:|1783568764\n|switch|p1a: Armarouge|Armarouge, L80, M|267/267\n|turn|9\n|inactive|Time left: 300 sec this turn | 300 sec total\n|\n|t:|1783568765\n|switch|p2a: Blastoise|Blastoise, L80, M|100/100\n|move|p1a: Armarouge|Meteor Beam||[still]\n|-prepare|p1a: Armarouge|Meteor Beam\n|-boost|p1a: Armarouge|spa|1\n|-enditem|p1a: Armarouge|Power Herb\n|-anim|p1a: Armarouge|Meteor Beam|p2a: Blastoise\n|-damage|p2a: Blastoise|49/100\n|\n|upkeep\n|turn|10\n|inactive|Time left: 300 sec this turn | 300 sec total\n|\n|t:|1783568766\n|move|p2a: Blastoise|Hydro Pump|p1a: Armarouge\n|-supereffective|p1a: Armarouge\n|-damage|p1a: Armarouge|45/267\n|move|p1a: Armarouge|Psyshock|p2a: Blastoise\n|-damage|p2a: Blastoise|0 fnt\n|faint|p2a: Blastoise\n|\n|upkeep\n|\n|t:|1783568767\n|switch|p2a: Munkidori|Munkidori, L79, M|39/100\n|turn|11\n|inactive|Time left: 300 sec this turn | 300 sec total\n|\n|t:|1783568768\n|move|p2a: Munkidori|Psychic Noise|p1a: Armarouge\n|-resisted|p1a: Armarouge\n|-damage|p1a: Armarouge|0 fnt\n|faint|p1a: Armarouge\n|\n|upkeep\n|inactive|Time left: 300 sec this turn | 300 sec total | 5 sec grace\n|\n|t:|1783568769\n|switch|p1a: Dunsparce|Dunsparce, L86, M|312/312\n|turn|12\n|inactive|Time left: 300 sec this turn | 300 sec total\n|\n|t:|1783568770\n|move|p2a: Munkidori|U-turn|p1a: Dunsparce\n|-crit|p1a: Dunsparce\n|-damage|p1a: Dunsparce|271/312\n|-status|p1a: Dunsparce|tox|[from] ability: Toxic Chain|[of] p2a: Munkidori\n|\n|t:|1783568771\n|switch|p2a: Avalugg|Avalugg-Hisui, L90, F|60/100|[from] U-turn\n|move|p1a: Dunsparce|Coil|p1a: Dunsparce\n|-boost|p1a: Dunsparce|atk|1\n|-boost|p1a: Dunsparce|def|1\n|-boost|p1a: Dunsparce|accuracy|1\n|\n|-damage|p1a: Dunsparce|252/312 tox|[from] psn\n|upkeep\n|turn|13\n|inactive|Time left: 300 sec this turn | 300 sec total\n|\n|t:|1783568772\n|move|p1a: Dunsparce|Coil|p1a: Dunsparce\n|-boost|p1a: Dunsparce|atk|1\n|-boost|p1a: Dunsparce|def|1\n|-boost|p1a: Dunsparce|accuracy|1\n|move|p2a: Avalugg|Body Press|p1a: Dunsparce\n|-supereffective|p1a: Dunsparce\n|-damage|p1a: Dunsparce|170/312 tox\n|\n|-damage|p1a: Dunsparce|132/312 tox|[from] psn\n|upkeep\n|turn|14\n|inactive|Time left: 300 sec this turn | 300 sec total\n|\n|t:|1783568773\n|move|p1a: Dunsparce|Roost|p1a: Dunsparce\n|-heal|p1a: Dunsparce|288/312 tox\n|-singleturn|p1a: Dunsparce|move: Roost\n|move|p2a: Avalugg|Body Press|p1a: Dunsparce\n|-supereffective|p1a: Dunsparce\n|-damage|p1a: Dunsparce|206/312 tox\n|\n|-damage|p1a: Dunsparce|149/312 tox|[from] psn\n|upkeep\n|turn|15\n|inactive|Time left: 300 sec this turn | 300 sec total\n|\n|t:|1783568774\n|move|p1a: Dunsparce|Roost|p1a: Dunsparce\n|-heal|p1a: Dunsparce|305/312 tox\n|-singleturn|p1a: Dunsparce|move: Roost\n|move|p2a: Avalugg|Recover|p2a: Avalugg\n|-heal|p2a: Avalugg|100/100\n|\n|-damage|p1a: Dunsparce|229/312 tox|[from] psn\n|upkeep\n|turn|16\n|inactive|Time left: 300 sec this turn | 300 sec total\n|\n|t:|1783568775\n|move|p1a: Dunsparce|Roost|p1a: Dunsparce\n|-heal|p1a: Dunsparce|312/312 tox\n|-singleturn|p1a: Dunsparce|move: Roost\n|move|p2a: Avalugg|Body Press|p1a: Dunsparce\n|-supereffective|p1a: Dunsparce\n|-damage|p1a: Dunsparce|232/312 tox\n|\n|-damage|p1a: Dunsparce|137/312 tox|[from] psn\n|upkeep\n|turn|17\n|inactive|Time left: 300 sec this turn | 300 sec total\n|\n|t:|1783568776\n|move|p1a: Dunsparce|Roost|p1a: Dunsparce\n|-heal|p1a: Dunsparce|293/312 tox\n|-singleturn|p1a: Dunsparce|move: Roost\n|move|p2a: Avalugg|Avalanche|p1a: Dunsparce\n|-damage|p1a: Dunsparce|256/312 tox\n|\n|-damage|p1a: Dunsparce|142/312 tox|[from] psn\n|upkeep\n|turn|18\n|inactive|Time left: 300 sec this turn | 300 sec total\n|\n|t:|1783568777\n|move|p1a: Dunsparce|Roost|p1a: Dunsparce\n|-heal|p1a: Dunsparce|298/312 tox\n|-singleturn|p1a: Dunsparce|move: Roost\n|move|p2a: Avalugg|Body Press|p1a: Dunsparce\n|-supereffective|p1a: Dunsparce\n|-damage|p1a: Dunsparce|218/312 tox\n|\n|-damage|p1a: Dunsparce|85/312 tox|[from] psn\n|upkeep\n|turn|19\n|inactive|Time left: 300 sec this turn | 300 sec total\n|\n|t:|1783568778\n|move|p1a: Dunsparce|Body Slam|p2a: Avalugg\n|-resisted|p2a: Avalugg\n|-damage|p2a: Avalugg|88/100\n|move|p2a: Avalugg|Body Press|p1a: Dunsparce\n|-supereffective|p1a: Dunsparce\n|-damage|p1a: Dunsparce|3/312 tox\n|\n|-damage|p1a: Dunsparce|0 fnt|[from] psn\n|faint|p1a: Dunsparce\n|upkeep\n|inactive|Time left: 300 sec this turn | 300 sec total | 5 sec grace\n|\n|t:|1783568779\n|switch|p1a: Vigoroth|Vigoroth, L85, F|75/275\n|turn|20\n|inactive|Time left: 300 sec this turn | 300 sec total\n|\n|t:|1783568780\n|move|p1a: Vigoroth|Slack Off|p1a: Vigoroth\n|-heal|p1a: Vigoroth|213/275\n|move|p2a: Avalugg|Body Press|p1a: Vigoroth\n|-supereffective|p1a: Vigoroth\n|-crit|p1a: Vigoroth\n|-damage|p1a: Vigoroth|0 fnt\n|faint|p1a: Vigoroth\n|\n|upkeep\n|inactive|Time left: 300 sec this turn | 300 sec total | 5 sec grace\n|\n|t:|1783568781\n|switch|p1a: Dondozo|Dondozo, L78, F|362/362\n|turn|21\n|inactive|Time left: 300 sec this turn | 300 sec total\n|\n|t:|1783568782\n|switch|p2a: Arbok|Arbok, L87, M|100/100\n|-ability|p2a: Arbok|Intimidate|boost\n|-unboost|p1a: Dondozo|atk|1\n|move|p1a: Dondozo|Curse|p1a: Dondozo\n|-unboost|p1a: Dondozo|spe|1\n|-boost|p1a: Dondozo|atk|1\n|-boost|p1a: Dondozo|def|1\n|\n|upkeep\n|turn|22\n|inactive|Time left: 300 sec this turn | 300 sec total\n|\n|t:|1783568783\n|move|p2a: Arbok|Gunk Shot|p1a: Dondozo\n|-damage|p1a: Dondozo|287/362\n|move|p1a: Dondozo|Wave Crash|p2a: Arbok\n|-crit|p2a: Arbok\n|-damage|p2a: Arbok|24/100\n|-damage|p1a: Dondozo|225/362|[from] Recoil\n|\n|-heal|p2a: Arbok|30/100|[from] item: Leftovers\n|-heal|p1a: Dondozo|247/362|[from] item: Leftovers\n|upkeep\n|turn|23\n|inactive|Time left: 300 sec this turn | 300 sec total\n|\n|t:|1783568784\n|switch|p2a: Leafeon|Leafeon, L88, M|100/100\n|move|p1a: Dondozo|Wave Crash|p2a: Leafeon\n|-resisted|p2a: Leafeon\n|-damage|p2a: Leafeon|84/100\n|-damage|p1a: Dondozo|233/362|[from] Recoil\n|\n|-heal|p1a: Dondozo|255/362|[from] item: Leftovers\n|upkeep\n|turn|24\n|inactive|Time left: 300 sec this turn | 300 sec total\n|\n|t:|1783568785\n|move|p2a: Leafeon|Swords Dance|p2a: Leafeon\n|-boost|p2a: Leafeon|atk|2\n|move|p1a: Dondozo|Curse|p1a: Dondozo\n|-unboost|p1a: Dondozo|spe|1\n|-boost|p1a: Dondozo|atk|1\n|-boost|p1a: Dondozo|def|1\n|\n|-heal|p1a: Dondozo|277/362|[from] item: Leftovers\n|upkeep\n|turn|25\n|inactive|Time left: 300 sec this turn | 300 sec total\n|\n|t:|1783568786\n|move|p2a: Leafeon|Leaf Blade|p1a: Dondozo\n|-supereffective|p1a: Dondozo\n|-damage|p1a: Dondozo|144/362\n|-damage|p2a: Leafeon|74/100|[from] item: Life Orb\n|move|p1a: Dondozo|Curse|p1a: Dondozo\n|-unboost|p1a: Dondozo|spe|1\n|-boost|p1a: Dondozo|atk|1\n|-boost|p1a: Dondozo|def|1\n|\n|-heal|p1a: Dondozo|166/362|[from] item: Leftovers\n|upkeep\n|turn|26\n|inactive|Time left: 300 sec this turn | 300 sec total\n|\n|t:|1783568787\n|-terastallize|p1a: Dondozo|Dragon\n|move|p2a: Leafeon|Leaf Blade|p1a: Dondozo\n|-resisted|p1a: Dondozo\n|-damage|p1a: Dondozo|137/362\n|-damage|p2a: Leafeon|64/100|[from] item: Life Orb\n|move|p1a: Dondozo|Wave Crash|p2a: Leafeon\n|-resisted|p2a: Leafeon\n|-damage|p2a: Leafeon|34/100\n|-damage|p1a: Dondozo|111/362|[from] Recoil\n|\n|-heal|p1a: Dondozo|133/362|[from] item: Leftovers\n|upkeep\n|turn|27\n|inactive|Time left: 300 sec this turn | 300 sec total\n|\n|t:|1783568788\n|move|p2a: Leafeon|Synthesis|p2a: Leafeon\n|-heal|p2a: Leafeon|84/100\n|move|p1a: Dondozo|Wave Crash|p2a: Leafeon\n|-resisted|p2a: Leafeon\n|-damage|p2a: Leafeon|52/100\n|-damage|p1a: Dondozo|106/362|[from] Recoil\n|\n|-heal|p1a: Dondozo|128/362|[from] item: Leftovers\n|upkeep\n|turn|28\n|inactive|Time left: 300 sec this turn | 300 sec total\n|\n|t:|1783568789\n|move|p2a: Leafeon|Synthesis|p2a: Leafeon\n|-heal|p2a: Leafeon|100/100\n|move|p1a: Dondozo|Wave Crash|p2a: Leafeon\n|-resisted|p2a: Leafeon\n|-damage|p2a: Leafeon|68/100\n|-damage|p1a: Dondozo|100/362|[from] Recoil\n|\n|-heal|p1a: Dondozo|122/362|[from] item: Leftovers\n|upkeep\n|turn|29\n|inactive|Time left: 300 sec this turn | 300 sec total\n|\n|t:|1783568790\n|move|p2a: Leafeon|Synthesis|p2a: Leafeon\n|-heal|p2a: Leafeon|100/100\n|move|p1a: Dondozo|Wave Crash|p2a: Leafeon\n|-resisted|p2a: Leafeon\n|-damage|p2a: Leafeon|68/100\n|-damage|p1a: Dondozo|94/362|[from] Recoil\n|\n|-heal|p1a: Dondozo|116/362|[from] item: Leftovers\n|upkeep\n|turn|30\n|inactive|Time left: 300 sec this turn | 300 sec total\n|\n|t:|1783568791\n|move|p2a: Leafeon|Leaf Blade|p1a: Dondozo\n|-resisted|p1a: Dondozo\n|-damage|p1a: Dondozo|91/362\n|-damage|p2a: Leafeon|58/100|[from] item: Life Orb\n|move|p1a: Dondozo|Wave Crash|p2a: Leafeon\n|-resisted|p2a: Leafeon\n|-damage|p2a: Leafeon|25/100\n|-damage|p1a: Dondozo|62/362|[from] Recoil\n|\n|-heal|p1a: Dondozo|84/362|[from] item: Leftovers\n|upkeep\n|turn|31\n|inactive|Time left: 300 sec this turn | 300 sec total\n|\n|t:|1783568792\n|move|p2a: Leafeon|Synthesis|p2a: Leafeon\n|-heal|p2a: Leafeon|75/100\n|move|p1a: Dondozo|Wave Crash|p2a: Leafeon\n|-resisted|p2a: Leafeon\n|-damage|p2a: Leafeon|44/100\n|-damage|p1a: Dondozo|58/362|[from] Recoil\n|\n|-heal|p1a: Dondozo|80/362|[from] item: Leftovers\n|upkeep\n|turn|32\n|inactive|Time left: 300 sec this turn | 300 sec total\n|\n|t:|1783568793\n|move|p2a: Leafeon|Synthesis|p2a: Leafeon\n|-heal|p2a: Leafeon|94/100\n|move|p1a: Dondozo|Rest|p1a: Dondozo\n|-status|p1a: Dondozo|slp|[from] move: Rest\n|-heal|p1a: Dondozo|362/362 slp|[silent]\n|\n|upkeep\n|turn|33\n|inactive|Time left: 300 sec this turn | 300 sec total\n|\n|t:|1783568794\n|move|p2a: Leafeon|Leaf Blade|p1a: Dondozo\n|-resisted|p1a: Dondozo\n|-damage|p1a: Dondozo|335/362 slp\n|-damage|p2a: Leafeon|85/100|[from] item: Life Orb\n|cant|p1a: Dondozo|slp\n|move|p1a: Dondozo|Sleep Talk|p1a: Dondozo\n|move|p1a: Dondozo|Rest||[from] move: Sleep Talk|[still]\n|-fail|p1a: Dondozo\n|\n|-heal|p1a: Dondozo|357/362 slp|[from] item: Leftovers\n|upkeep\n|turn|34\n|inactive|Time left: 300 sec this turn | 300 sec total\n|\n|t:|1783568795\n|move|p2a: Leafeon|Synthesis|p2a: Leafeon\n|-heal|p2a: Leafeon|100/100\n|cant|p1a: Dondozo|slp\n|move|p1a: Dondozo|Sleep Talk|p1a: Dondozo\n|move|p1a: Dondozo|Rest||[from] move: Sleep Talk|[still]\n|-fail|p1a: Dondozo\n|\n|-heal|p1a: Dondozo|362/362 slp|[from] item: Leftovers\n|upkeep\n|turn|35\n|inactive|Time left: 300 sec this turn | 300 sec total\n|\n|t:|1783568796\n|move|p2a: Leafeon|Swords Dance|p2a: Leafeon\n|-boost|p2a: Leafeon|atk|2\n|-curestatus|p1a: Dondozo|slp|[msg]\n|move|p1a: Dondozo|Wave Crash|p2a: Leafeon\n|-resisted|p2a: Leafeon\n|-damage|p2a: Leafeon|71/100\n|-damage|p1a: Dondozo|337/362|[from] Recoil\n|\n|-heal|p1a: Dondozo|359/362|[from] item: Leftovers\n|upkeep\n|turn|36\n|inactive|Time left: 300 sec this turn | 300 sec total\n|\n|t:|1783568797\n|move|p2a: Leafeon|Synthesis|p2a: Leafeon\n|-heal|p2a: Leafeon|100/100\n|move|p1a: Dondozo|Wave Crash|p2a: Leafeon\n|-resisted|p2a: Leafeon\n|-damage|p2a: Leafeon|68/100\n|-damage|p1a: Dondozo|331/362|[from] Recoil\n|\n|-heal|p1a: Dondozo|353/362|[from] item: Leftovers\n|upkeep\n|turn|37\n|inactive|Time left: 300 sec this turn | 300 sec total\n|\n|t:|1783568797\n|move|p2a: Leafeon|Leaf Blade|p1a: Dondozo\n|-resisted|p1a: Dondozo\n|-damage|p1a: Dondozo|328/362\n|-damage|p2a: Leafeon|58/100|[from] item: Life Orb\n|move|p1a: Dondozo|Wave Crash|p2a: Leafeon\n|-resisted|p2a: Leafeon\n|-damage|p2a: Leafeon|26/100\n|-damage|p1a: Dondozo|301/362|[from] Recoil\n|\n|-heal|p1a: Dondozo|323/362|[from] item: Leftovers\n|upkeep\n|turn|38\n|inactive|Time left: 300 sec this turn | 300 sec total\n|\n|t:|1783568798\n|move|p2a: Leafeon|Synthesis|p2a: Leafeon\n|-heal|p2a: Leafeon|76/100\n|move|p1a: Dondozo|Wave Crash|p2a: Leafeon\n|-resisted|p2a: Leafeon\n|-damage|p2a: Leafeon|46/100\n|-damage|p1a: Dondozo|297/362|[from] Recoil\n|\n|-heal|p1a: Dondozo|319/362|[from] item: Leftovers\n|upkeep\n|turn|39\n|inactive|Time left: 300 sec this turn | 300 sec total\n|\n|t:|1783568799\n|move|p2a: Leafeon|Swords Dance|p2a: Leafeon\n|-boost|p2a: Leafeon|atk|2\n|move|p1a: Dondozo|Wave Crash|p2a: Leafeon\n|-resisted|p2a: Leafeon\n|-damage|p2a: Leafeon|17/100\n|-damage|p1a: Dondozo|294/362|[from] Recoil\n|\n|-heal|p1a: Dondozo|316/362|[from] item: Leftovers\n|upkeep\n|turn|40\n|inactive|Time left: 300 sec this turn | 300 sec total\n|\n|t:|1783568800\n|move|p2a: Leafeon|Leaf Blade|p1a: Dondozo\n|-resisted|p1a: Dondozo\n|-damage|p1a: Dondozo|289/362\n|-damage|p2a: Leafeon|7/100|[from] item: Life Orb\n|move|p1a: Dondozo|Wave Crash|p2a: Leafeon\n|-resisted|p2a: Leafeon\n|-damage|p2a: Leafeon|0 fnt\n|faint|p2a: Leafeon\n|-damage|p1a: Dondozo|283/362|[from] Recoil\n|\n|-heal|p1a: Dondozo|305/362|[from] item: Leftovers\n|upkeep\n|\n|t:|1783568801\n|switch|p2a: Munkidori|Munkidori, L79, M|39/100\n|turn|41\n|inactive|Time left: 300 sec this turn | 300 sec total\n|\n|t:|1783568802\n|move|p2a: Munkidori|Sludge Wave|p1a: Dondozo\n|-crit|p1a: Dondozo\n|-damage|p1a: Dondozo|71/362\n|move|p1a: Dondozo|Wave Crash|p2a: Munkidori\n|-damage|p2a: Munkidori|0 fnt\n|faint|p2a: Munkidori\n|-damage|p1a: Dondozo|37/362|[from] Recoil\n|\n|-heal|p1a: Dondozo|59/362|[from] item: Leftovers\n|upkeep\n|\n|t:|1783568803\n|switch|p2a: Vivillon|Vivillon-Icy Snow, L83, M|100/100\n|turn|42\n|inactive|Time left: 300 sec this turn | 300 sec total\n|\n|t:|1783568804\n|move|p2a: Vivillon|Bug Buzz|p1a: Dondozo\n|-damage|p1a: Dondozo|0 fnt\n|faint|p1a: Dondozo\n|\n|upkeep\n|inactive|Time left: 300 sec this turn | 300 sec total | 5 sec grace\n|\n|t:|1783568805\n|switch|p1a: Illumise|Illumise, L91, F|266/266\n|turn|43\n|inactive|Time left: 300 sec this turn | 300 sec total\n|\n|t:|1783568806\n|move|p1a: Illumise|Encore|p2a: Vivillon\n|-start|p2a: Vivillon|Encore\n|move|p2a: Vivillon|Bug Buzz|p1a: Illumise\n|-damage|p1a: Illumise|188/266\n|\n|upkeep\n|turn|44\n|inactive|Time left: 300 sec this turn | 300 sec total\n|\n|t:|1783568807\n|switch|p2a: Avalugg|Avalugg-Hisui, L90, F|88/100\n|move|p1a: Illumise|Bug Buzz|p2a: Avalugg\n|-damage|p2a: Avalugg|42/100\n|\n|upkeep\n|turn|45\n|inactive|Time left: 300 sec this turn | 300 sec total\n|\n|t:|1783568808\n|-terastallize|p2a: Avalugg|Flying\n|move|p1a: Illumise|Bug Buzz|p2a: Avalugg\n|-resisted|p2a: Avalugg\n|-damage|p2a: Avalugg|19/100\n|move|p2a: Avalugg|Stone Edge|p1a: Illumise\n|-supereffective|p1a: Illumise\n|-damage|p1a: Illumise|0 fnt\n|faint|p1a: Illumise\n|\n|win|p0y2480a1dd", "uploadtime": 1783568808, "views": 0, "rating": 0, "private": 0, "password": null, "_winner": "p0y2480a1dd", "_our_name": "p0x2480371b"}