{"id": "battle-gen9randombattle-106", "formatid": "gen9randombattle", "format": "[Gen 9] Random Battle", "players": ["p0x1061dbc", "p0y106b865"], "log": "|init|battle\n|title|p0x1061dbc vs. p0y106b865\n|j|\u2606p0x1061dbc\n|j|\u2606p0y106b865\n|t:|1783540401\n|gametype|singles\n|player|p1|p0x1061dbc|101|\n|player|p2|p0y106b865|170|\n|gen|9\n|tier|[Gen 9] Random Battle\n|rule|Species Clause: Limit one of each Pok\u00e9mon\n|rule|HP Percentage Mod: HP is shown in percentages\n|rule|Sleep Clause Mod: Limit one foe put to sleep\n|rule|Illusion Level Mod: Illusion disguises the Pok\u00e9mon's true level\n|\n|t:|1783540401\n|teamsize|p1|6\n|teamsize|p2|6\n|start\n|switch|p1a: Passimian|Passimian, L83, F|100/100\n|switch|p2a: Blaziken|Blaziken, L76, M|247/247\n|turn|1\n|inactive|Battle timer is ON: inactive players will automatically lose when time's up. (requested by p0y106b865)\n|inactive|p0x1061dbc also wants the timer to be on.\n|\n|t:|1783540402\n|move|p1a: Passimian|Close Combat|p2a: Blaziken\n|-damage|p2a: Blaziken|55/247\n|-unboost|p1a: Passimian|def|1\n|-unboost|p1a: Passimian|spd|1\n|move|p2a: Blaziken|Swords Dance|p2a: Blaziken\n|-boost|p2a: Blaziken|atk|2\n|\n|-ability|p2a: Blaziken|Speed Boost|boost\n|-boost|p2a: Blaziken|spe|1\n|upkeep\n|turn|2\n|inactive|Time left: 300 sec this turn | 300 sec total\n|\n|t:|1783540403\n|move|p1a: Passimian|Close Combat|p2a: Blaziken\n|-damage|p2a: Blaziken|0 fnt\n|-unboost|p1a: Passimian|def|1\n|-unboost|p1a: Passimian|spd|1\n|faint|p2a: Blaziken\n|\n|upkeep\n|inactive|Time left: 300 sec this turn | 300 sec total | 5 sec grace\n|\n|t:|1783540404\n|switch|p2a: Azumarill|Azumarill, L82, M|298/298\n|turn|3\n|inactive|Time left: 300 sec this turn | 300 sec total\n|\n|t:|1783540405\n|switch|p1a: Serperior|Serperior, L79, M|100/100\n|move|p2a: Azumarill|Liquidation|p1a: Serperior\n|-resisted|p1a: Serperior\n|-damage|p1a: Serperior|71/100\n|\n|upkeep\n|turn|4\n|inactive|Time left: 300 sec this turn | 300 sec total\n|\n|t:|1783540407\n|move|p1a: Serperior|Leaf Storm|p2a: Azumarill\n|-supereffective|p2a: Azumarill\n|-damage|p2a: Azumarill|0 fnt\n|-boost|p1a: Serperior|spa|2\n|faint|p2a: Azumarill\n|-damage|p1a: Serperior|61/100|[from] item: Life Orb\n|\n|upkeep\n|inactive|Time left: 300 sec this turn | 300 sec total | 5 sec grace\n|\n|t:|1783540407\n|switch|p2a: Overqwil|Overqwil, L82, F|274/274\n|-ability|p2a: Overqwil|Intimidate|boost\n|-boost|p1a: Serperior|atk|1\n|turn|5\n|inactive|Time left: 300 sec this turn | 300 sec total\n|\n|t:|1783540409\n|move|p1a: Serperior|Leaf Storm|p2a: Overqwil\n|-resisted|p2a: Overqwil\n|-damage|p2a: Overqwil|101/274\n|-boost|p1a: Serperior|spa|2\n|-damage|p1a: Serperior|52/100|[from] item: Life Orb\n|move|p2a: Overqwil|Gunk Shot|p1a: Serperior\n|-supereffective|p1a: Serperior\n|-damage|p1a: Serperior|0 fnt\n|faint|p1a: Serperior\n|-damage|p2a: Overqwil|74/274|[from] item: Life Orb\n|\n|upkeep\n|\n|t:|1783540410\n|switch|p1a: Typhlosion|Typhlosion, L84, M|100/100\n|turn|6\n|inactive|Time left: 300 sec this turn | 300 sec total\n|\n|t:|1783540411\n|switch|p2a: Spiritomb|Spiritomb, L89, F|234/234\n|move|p1a: Typhlosion|Eruption|p2a: Spiritomb\n|-damage|p2a: Spiritomb|86/234\n|\n|-heal|p2a: Spiritomb|100/234|[from] item: Leftovers\n|upkeep\n|turn|7\n|inactive|Time left: 300 sec this turn | 300 sec total\n|\n|t:|1783540412\n|switch|p2a: Overqwil|Overqwil, L82, F|74/274\n|-ability|p2a: Overqwil|Intimidate|boost\n|-unboost|p1a: Typhlosion|atk|1\n|move|p1a: Typhlosion|Eruption|p2a: Overqwil\n|-damage|p2a: Overqwil|0 fnt\n|faint|p2a: Overqwil\n|\n|upkeep\n|inactive|Time left: 300 sec this turn | 300 sec total | 5 sec grace\n|\n|t:|1783540413\n|switch|p2a: Cetitan|Cetitan, L82, M|413/413\n|turn|8\n|inactive|Time left: 300 sec this turn | 300 sec total\n|\n|t:|1783540414\n|-terastallize|p2a: Cetitan|Water\n|move|p1a: Typhlosion|Eruption|p2a: Cetitan\n|-resisted|p2a: Cetitan\n|-damage|p2a: Cetitan|292/413\n|move|p2a: Cetitan|Liquidation|p1a: Typhlosion\n|-supereffective|p1a: Typhlosion\n|-damage|p1a: Typhlosion|0 fnt\n|faint|p1a: Typhlosion\n|\n|upkeep\n|\n|t:|1783540415\n|switch|p1a: Smeargle|Smeargle, L95, M|100/100\n|turn|9\n|inactive|Time left: 300 sec this turn | 300 sec total\n|\n|t:|1783540416\n|move|p1a: Smeargle|Spore|p2a: Cetitan\n|-status|p2a: Cetitan|slp|[from] move: Spore\n|cant|p2a: Cetitan|slp\n|\n|upkeep\n|turn|10\n|inactive|Time left: 300 sec this turn | 300 sec total\n|\n|t:|1783540417\n|move|p1a: Smeargle|Shell Smash|p1a: Smeargle\n|-unboost|p1a: Smeargle|def|1\n|-unboost|p1a: Smeargle|spd|1\n|-boost|p1a: Smeargle|atk|2\n|-boost|p1a: Smeargle|spa|2\n|-boost|p1a: Smeargle|spe|2\n|-curestatus|p2a: Cetitan|slp|[msg]\n|move|p2a: Cetitan|Liquidation|p1a: Smeargle\n|-damage|p1a: Smeargle|0 fnt\n|faint|p1a: Smeargle\n|\n|upkeep\n|\n|t:|1783540418\n|switch|p1a: Sableye|Sableye, L88, F|100/100\n|turn|11\n|inactive|Time left: 300 sec this turn | 300 sec total\n|\n|t:|1783540419\n|move|p1a: Sableye|Will-O-Wisp|p2a: Cetitan\n|-status|p2a: Cetitan|brn\n|move|p2a: Cetitan|Liquidation|p1a: Sableye\n|-damage|p1a: Sableye|60/100\n|\n|-heal|p1a: Sableye|66/100|[from] item: Leftovers\n|-damage|p2a: Cetitan|267/413 brn|[from] brn\n|upkeep\n|turn|12\n|inactive|Time left: 300 sec this turn | 300 sec total\n|\n|t:|1783540420\n|move|p1a: Sableye|Recover|p1a: Sableye\n|-heal|p1a: Sableye|100/100\n|move|p2a: Cetitan|Icicle Crash|p1a: Sableye\n|-damage|p1a: Sableye|63/100\n|\n|-heal|p1a: Sableye|69/100|[from] item: Leftovers\n|-damage|p2a: Cetitan|242/413 brn|[from] brn\n|upkeep\n|turn|13\n|inactive|Time left: 300 sec this turn | 300 sec total\n|\n|t:|1783540421\n|move|p1a: Sableye|Recover|p1a: Sableye\n|-heal|p1a: Sableye|100/100\n|move|p2a: Cetitan|Liquidation|p1a: Sableye\n|-damage|p1a: Sableye|63/100\n|\n|-heal|p1a: Sableye|69/100|[from] item: Leftovers\n|-damage|p2a: Cetitan|217/413 brn|[from] brn\n|upkeep\n|turn|14\n|inactive|Time left: 300 sec this turn | 300 sec total\n|\n|t:|1783540422\n|move|p1a: Sableye|Recover|p1a: Sableye\n|-heal|p1a: Sableye|100/100\n|move|p2a: Cetitan|Liquidation|p1a: Sableye\n|-crit|p1a: Sableye\n|-damage|p1a: Sableye|46/100\n|\n|-heal|p1a: Sableye|52/100|[from] item: Leftovers\n|-damage|p2a: Cetitan|192/413 brn|[from] brn\n|upkeep\n|turn|15\n|inactive|Time left: 300 sec this turn | 300 sec total\n|\n|t:|1783540423\n|switch|p2a: Spiritomb|Spiritomb, L89, F|100/234\n|move|p1a: Sableye|Recover|p1a: Sableye\n|-heal|p1a: Sableye|100/100\n|\n|-heal|p2a: Spiritomb|114/234|[from] item: Leftovers\n|upkeep\n|turn|16\n|inactive|Time left: 300 sec this turn | 300 sec total\n|\n|t:|1783540424\n|switch|p1a: Roaring Moon|Roaring Moon, L72|100/100\n|move|p2a: Spiritomb|Pain Split|p1a: Roaring Moon\n|-sethp|p1a: Roaring Moon|72/100|[from] move: Pain Split|[silent]\n|-sethp|p2a: Spiritomb|192/234|[from] move: Pain Split\n|\n|-heal|p2a: Spiritomb|206/234|[from] item: Leftovers\n|upkeep\n|turn|17\n|inactive|Time left: 300 sec this turn | 300 sec total\n|\n|t:|1783540425\n|switch|p2a: Cetitan|Cetitan, L82, M, tera:Water|192/413 brn\n|move|p1a: Roaring Moon|Dragon Dance|p1a: Roaring Moon\n|-boost|p1a: Roaring Moon|atk|1\n|-boost|p1a: Roaring Moon|spe|1\n|\n|-damage|p2a: Cetitan|167/413 brn|[from] brn\n|upkeep\n|turn|18\n|inactive|Time left: 300 sec this turn | 300 sec total\n|\n|t:|1783540426\n|move|p1a: Roaring Moon|Outrage|p2a: Cetitan\n|-damage|p2a: Cetitan|0 fnt\n|faint|p2a: Cetitan\n|\n|upkeep\n|inactive|Time left: 300 sec this turn | 300 sec total | 5 sec grace\n|\n|t:|1783540427\n|switch|p2a: Whimsicott|Whimsicott, L84, F|238/238\n|turn|19\n|inactive|Time left: 300 sec this turn | 300 sec total\n|\n|t:|1783540428\n|move|p1a: Roaring Moon|Outrage|p2a: Whimsicott|[from] lockedmove\n|-immune|p2a: Whimsicott\n|move|p2a: Whimsicott|Moonblast|p1a: Roaring Moon\n|-supereffective|p1a: Roaring Moon\n|-damage|p1a: Roaring Moon|0 fnt\n|faint|p1a: Roaring Moon\n|-end|p1a: Roaring Moon|Protosynthesis|[silent]\n|\n|upkeep\n|\n|t:|1783540428\n|switch|p1a: Sableye|Sableye, L88, F|100/100\n|turn|20\n|inactive|Time left: 300 sec this turn | 300 sec total\n|\n|t:|1783540429\n|-terastallize|p1a: Sableye|Poison\n|move|p2a: Whimsicott|Moonblast|p1a: Sableye\n|-resisted|p1a: Sableye\n|-damage|p1a: Sableye|78/100\n|move|p1a: Sableye|Knock Off|p2a: Whimsicott\n|-resisted|p2a: Whimsicott\n|-damage|p2a: Whimsicott|192/238\n|-enditem|p2a: Whimsicott|Leftovers|[from] move: Knock Off|[of] p1a: Sableye\n|\n|-heal|p1a: Sableye|84/100|[from] item: Leftovers\n|upkeep\n|turn|21\n|inactive|Time left: 300 sec this turn | 300 sec total\n|\n|t:|1783540430\n|move|p2a: Whimsicott|Leech Seed|p1a: Sableye\n|-start|p1a: Sableye|move: Leech Seed\n|move|p1a: Sableye|Knock Off|p2a: Whimsicott\n|-resisted|p2a: Whimsicott\n|-damage|p2a: Whimsicott|159/238\n|\n|-heal|p1a: Sableye|91/100|[from] item: Leftovers\n|-damage|p1a: Sableye|78/100|[from] Leech Seed|[of] p2a: Whimsicott\n|-heal|p2a: Whimsicott|187/238|[silent]\n|upkeep\n|turn|22\n|inactive|Time left: 300 sec this turn | 300 sec total\n|\n|t:|1783540431\n|move|p1a: Sableye|Recover|p1a: Sableye\n|-heal|p1a: Sableye|100/100\n|move|p2a: Whimsicott|Moonblast|p1a: Sableye\n|-resisted|p1a: Sableye\n|-damage|p1a: Sableye|78/100\n|-unboost|p1a: Sableye|spa|1\n|\n|-heal|p1a: Sableye|84/100|[from] item: Leftovers\n|-damage|p1a: Sableye|71/100|[from] Leech Seed|[of] p2a: Whimsicott\n|-heal|p2a: Whimsicott|215/238|[silent]\n|upkeep\n|turn|23\n|inactive|Time left: 300 sec this turn | 300 sec total\n|\n|t:|1783540432\n|move|p1a: Sableye|Recover|p1a: Sableye\n|-heal|p1a: Sableye|100/100\n|move|p2a: Whimsicott|Moonblast|p1a: Sableye\n|-resisted|p1a: Sableye\n|-damage|p1a: Sableye|81/100\n|\n|-heal|p1a: Sableye|87/100|[from] item: Leftovers\n|-damage|p1a: Sableye|75/100|[from] Leech Seed|[of] p2a: Whimsicott\n|-heal|p2a: Whimsicott|238/238|[silent]\n|upkeep\n|turn|24\n|inactive|Time left: 300 sec this turn | 300 sec total\n|\n|t:|1783540433\n|switch|p1a: Passimian|Passimian, L83, F|100/100\n|move|p2a: Whimsicott|Moonblast|p1a: Passimian\n|-supereffective|p1a: Passimian\n|-damage|p1a: Passimian|19/100\n|\n|upkeep\n|turn|25\n|inactive|Time left: 300 sec this turn | 300 sec total\n|\n|t:|1783540434\n|switch|p1a: Sableye|Sableye, L88, F, tera:Poison|75/100\n|switch|p2a: Spiritomb|Spiritomb, L89, F|206/234\n|\n|-heal|p1a: Sableye|81/100|[from] item: Leftovers\n|-heal|p2a: Spiritomb|220/234|[from] item: Leftovers\n|upkeep\n|turn|26\n|inactive|Time left: 300 sec this turn | 300 sec total\n|\n|t:|1783540435\n|move|p1a: Sableye|Knock Off|p2a: Spiritomb\n|-damage|p2a: Spiritomb|142/234\n|-enditem|p2a: Spiritomb|Leftovers|[from] move: Knock Off|[of] p1a: Sableye\n|move|p2a: Spiritomb|Poltergeist|p1a: Sableye|[miss]\n|-miss|p2a: Spiritomb|p1a: Sableye\n|\n|-heal|p1a: Sableye|87/100|[from] item: Leftovers\n|upkeep\n|turn|27\n|inactive|Time left: 300 sec this turn | 300 sec total\n|\n|t:|1783540436\n|move|p1a: Sableye|Knock Off|p2a: Spiritomb\n|-damage|p2a: Spiritomb|90/234\n|move|p2a: Spiritomb|Poltergeist|p1a: Sableye\n|-activate|p1a: Sableye|move: Poltergeist|Leftovers\n|-damage|p1a: Sableye|25/100\n|\n|-heal|p1a: Sableye|31/100|[from] item: Leftovers\n|upkeep\n|turn|28\n|inactive|Time left: 300 sec this turn | 300 sec total\n|\n|t:|1783540437\n|move|p1a: Sableye|Knock Off|p2a: Spiritomb\n|-damage|p2a: Spiritomb|41/234\n|move|p2a: Spiritomb|Foul Play|p1a: Sableye\n|-damage|p1a: Sableye|0 fnt\n|faint|p1a: Sableye\n|\n|upkeep\n|\n|t:|1783540438\n|switch|p1a: Passimian|Passimian, L83, F|19/100\n|turn|29\n|inactive|Time left: 300 sec this turn | 300 sec total\n|\n|t:|1783540439\n|move|p1a: Passimian|Rock Slide|p2a: Spiritomb\n|-crit|p2a: Spiritomb\n|-damage|p2a: Spiritomb|0 fnt\n|faint|p2a: Spiritomb\n|\n|upkeep\n|inactive|Time left: 300 sec this turn | 300 sec total | 5 sec grace\n|\n|t:|1783540440\n|switch|p2a: Whimsicott|Whimsicott, L84, F|238/238\n|turn|30\n|inactive|Time left: 300 sec this turn | 300 sec total\n|\n|t:|1783540441\n|move|p2a: Whimsicott|Leech Seed|p1a: Passimian\n|-start|p1a: Passimian|move: Leech Seed\n|move|p1a: Passimian|Rock Slide|p2a: Whimsicott\n|-damage|p2a: Whimsicott|176/238\n|\n|-damage|p1a: Passimian|7/100|[from] Leech Seed|[of] p2a: Whimsicott\n|-heal|p2a: Whimsicott|213/238|[silent]\n|upkeep\n|turn|31\n|inactive|Time left: 300 sec this turn | 300 sec total\n|\n|t:|1783540442\n|move|p2a: Whimsicott|Leech Seed||[still]\n|-fail|p2a: Whimsicott\n|move|p1a: Passimian|Rock Slide|p2a: Whimsicott\n|-damage|p2a: Whimsicott|153/238\n|\n|-damage|p1a: Passimian|0 fnt|[from] Leech Seed|[of] p2a: Whimsicott\n|-heal|p2a: Whimsicott|172/238|[silent]\n|faint|p1a: Passimian\n|\n|win|p0y106b865", "uploadtime": 1783540442, "views": 0, "rating": 0, "private": 0, "password": null, "_winner": "p0y106b865", "_our_name": "p0y106b865"}