{"id": "battle-gen9randombattle-2467", "formatid": "gen9randombattle", "format": "[Gen 9] Random Battle", "players": ["p0x24673844", "p0y24675b73"], "log": "|init|battle\n|title|p0x24673844 vs. p0y24675b73\n|j|\u2606p0x24673844\n|j|\u2606p0y24675b73\n|t:|1783567627\n|gametype|singles\n|player|p1|p0x24673844|266|\n|player|p2|p0y24675b73|2|\n|gen|9\n|tier|[Gen 9] Random Battle\n|rule|Species Clause: Limit one of each Pok\u00e9mon\n|rule|HP Percentage Mod: HP is shown in percentages\n|rule|Sleep Clause Mod: Limit one foe put to sleep\n|rule|Illusion Level Mod: Illusion disguises the Pok\u00e9mon's true level\n|\n|t:|1783567627\n|teamsize|p1|6\n|teamsize|p2|6\n|start\n|switch|p1a: Lilligant|Lilligant, L86, F|100/100\n|switch|p2a: Amoonguss|Amoonguss, L82, F|321/321\n|turn|1\n|inactive|Battle timer is ON: inactive players will automatically lose when time's up. (requested by p0x24673844)\n|inactive|Time left: 300 sec this turn | 300 sec total | 60 sec grace\n|\n|t:|1783567629\n|move|p1a: Lilligant|Quiver Dance|p1a: Lilligant\n|-boost|p1a: Lilligant|spa|1\n|-boost|p1a: Lilligant|spd|1\n|-boost|p1a: Lilligant|spe|1\n|move|p2a: Amoonguss|Sludge Bomb|p1a: Lilligant\n|-supereffective|p1a: Lilligant\n|-damage|p1a: Lilligant|56/100\n|-status|p1a: Lilligant|psn\n|\n|-damage|p1a: Lilligant|44/100 psn|[from] psn\n|upkeep\n|turn|2\n|inactive|Time left: 300 sec this turn | 300 sec total\n|inactive|p0y24675b73 also wants the timer to be on.\n|\n|t:|1783567630\n|move|p1a: Lilligant|Sleep Powder|p2a: Amoonguss\n|-immune|p2a: Amoonguss\n|move|p2a: Amoonguss|Sludge Bomb|p1a: Lilligant\n|-supereffective|p1a: Lilligant\n|-crit|p1a: Lilligant\n|-damage|p1a: Lilligant|0 fnt\n|faint|p1a: Lilligant\n|\n|upkeep\n|\n|t:|1783567631\n|switch|p1a: Exeggutor|Exeggutor-Alola, L89, F|100/100\n|turn|3\n|inactive|Time left: 300 sec this turn | 300 sec total\n|\n|t:|1783567633\n|move|p1a: Exeggutor|Calm Mind|p1a: Exeggutor\n|-boost|p1a: Exeggutor|spa|1\n|-boost|p1a: Exeggutor|spd|1\n|move|p2a: Amoonguss|Sludge Bomb|p1a: Exeggutor\n|-supereffective|p1a: Exeggutor\n|-damage|p1a: Exeggutor|64/100\n|\n|upkeep\n|turn|4\n|inactive|Time left: 300 sec this turn | 300 sec total\n|\n|t:|1783567634\n|move|p1a: Exeggutor|Flamethrower|p2a: Amoonguss\n|-supereffective|p2a: Amoonguss\n|-damage|p2a: Amoonguss|21/321\n|move|p2a: Amoonguss|Sludge Bomb|p1a: Exeggutor\n|-supereffective|p1a: Exeggutor\n|-damage|p1a: Exeggutor|29/100\n|-enditem|p1a: Exeggutor|Sitrus Berry|[eat]\n|-heal|p1a: Exeggutor|53/100|[from] item: Sitrus Berry\n|\n|-heal|p2a: Amoonguss|41/321|[from] item: Leftovers\n|upkeep\n|turn|5\n|inactive|Time left: 300 sec this turn | 300 sec total\n|\n|t:|1783567635\n|switch|p2a: Greedent|Greedent, L86, M|347/347\n|move|p1a: Exeggutor|Giga Drain|p2a: Greedent\n|-damage|p2a: Greedent|157/347\n|-heal|p1a: Exeggutor|84/100|[from] drain|[of] p2a: Greedent\n|-enditem|p2a: Greedent|Sitrus Berry|[eat]\n|-heal|p2a: Greedent|243/347|[from] item: Sitrus Berry\n|-heal|p2a: Greedent|347/347|[from] ability: Cheek Pouch\n|\n|-item|p1a: Exeggutor|Sitrus Berry|[from] ability: Harvest\n|upkeep\n|turn|6\n|inactive|Time left: 300 sec this turn | 300 sec total\n|\n|t:|1783567636\n|move|p1a: Exeggutor|Giga Drain|p2a: Greedent\n|-damage|p2a: Greedent|154/347\n|-heal|p1a: Exeggutor|100/100|[from] drain|[of] p2a: Greedent\n|move|p2a: Greedent|Body Slam|p1a: Exeggutor\n|-damage|p1a: Exeggutor|72/100\n|\n|upkeep\n|turn|7\n|inactive|Time left: 300 sec this turn | 300 sec total\n|\n|t:|1783567637\n|switch|p2a: Dragalge|Dragalge, L88, M|258/258\n|move|p1a: Exeggutor|Giga Drain|p2a: Dragalge\n|-resisted|p2a: Dragalge\n|-damage|p2a: Dragalge|228/258\n|-heal|p1a: Exeggutor|77/100|[from] drain|[of] p2a: Dragalge\n|\n|-heal|p2a: Dragalge|244/258|[from] item: Leftovers\n|upkeep\n|turn|8\n|inactive|Time left: 300 sec this turn | 300 sec total\n|\n|t:|1783567638\n|move|p1a: Exeggutor|Dragon Pulse|p2a: Dragalge\n|-supereffective|p2a: Dragalge\n|-damage|p2a: Dragalge|0 fnt\n|faint|p2a: Dragalge\n|\n|upkeep\n|inactive|Time left: 300 sec this turn | 300 sec total | 5 sec grace\n|\n|t:|1783567639\n|switch|p2a: Malamar|Malamar, L82, M|275/275\n|turn|9\n|inactive|Time left: 300 sec this turn | 300 sec total\n|\n|t:|1783567639\n|move|p2a: Malamar|Superpower|p1a: Exeggutor\n|-damage|p1a: Exeggutor|55/100\n|-boost|p2a: Malamar|atk|1\n|-boost|p2a: Malamar|def|1\n|move|p1a: Exeggutor|Giga Drain|p2a: Malamar\n|-damage|p2a: Malamar|77/275\n|-heal|p1a: Exeggutor|86/100|[from] drain|[of] p2a: Malamar\n|\n|-heal|p2a: Malamar|94/275|[from] item: Leftovers\n|upkeep\n|turn|10\n|inactive|Time left: 300 sec this turn | 300 sec total\n|\n|t:|1783567640\n|move|p2a: Malamar|Knock Off|p1a: Exeggutor\n|-damage|p1a: Exeggutor|45/100\n|-enditem|p1a: Exeggutor|Sitrus Berry|[from] move: Knock Off|[of] p2a: Malamar\n|move|p1a: Exeggutor|Giga Drain|p2a: Malamar\n|-damage|p2a: Malamar|0 fnt\n|-heal|p1a: Exeggutor|60/100|[from] drain|[of] p2a: Malamar\n|faint|p2a: Malamar\n|\n|upkeep\n|inactive|Time left: 300 sec this turn | 300 sec total | 5 sec grace\n|\n|t:|1783567641\n|switch|p2a: Phione|Phione, L91|293/293\n|turn|11\n|inactive|Time left: 300 sec this turn | 300 sec total\n|\n|t:|1783567642\n|move|p2a: Phione|Ice Beam|p1a: Exeggutor\n|-supereffective|p1a: Exeggutor\n|-damage|p1a: Exeggutor|0 fnt\n|faint|p1a: Exeggutor\n|\n|upkeep\n|\n|t:|1783567643\n|switch|p1a: Toxtricity|Toxtricity, L82, F|100/100\n|turn|12\n|inactive|Time left: 300 sec this turn | 300 sec total\n|\n|t:|1783567644\n|move|p2a: Phione|Ice Beam|p1a: Toxtricity\n|-damage|p1a: Toxtricity|72/100\n|move|p1a: Toxtricity|Overdrive|p2a: Phione\n|-supereffective|p2a: Phione\n|-damage|p2a: Phione|0 fnt\n|faint|p2a: Phione\n|\n|upkeep\n|inactive|Time left: 300 sec this turn | 300 sec total | 5 sec grace\n|\n|t:|1783567645\n|switch|p2a: Keldeo|Keldeo-Resolute, L79|273/273\n|turn|13\n|inactive|Time left: 300 sec this turn | 300 sec total\n|\n|t:|1783567646\n|move|p2a: Keldeo|Hydro Pump|p1a: Toxtricity\n|-damage|p1a: Toxtricity|0 fnt\n|faint|p1a: Toxtricity\n|\n|upkeep\n|\n|t:|1783567647\n|switch|p1a: Carbink|Carbink, L90|100/100\n|turn|14\n|inactive|Time left: 300 sec this turn | 300 sec total\n|\n|t:|1783567648\n|-terastallize|p1a: Carbink|Fighting\n|move|p2a: Keldeo|Hydro Pump|p1a: Carbink\n|-damage|p1a: Carbink|47/100\n|move|p1a: Carbink|Body Press|p2a: Keldeo\n|-damage|p2a: Keldeo|129/273\n|\n|-heal|p1a: Carbink|53/100|[from] item: Leftovers\n|upkeep\n|turn|15\n|inactive|Time left: 300 sec this turn | 300 sec total\n|\n|t:|1783567649\n|-terastallize|p2a: Keldeo|Water\n|move|p2a: Keldeo|Hydro Pump|p1a: Carbink\n|-damage|p1a: Carbink|0 fnt\n|faint|p1a: Carbink\n|\n|upkeep\n|\n|t:|1783567651\n|switch|p1a: Dudunsparce|Dudunsparce-Three-Segment, L83, M|100/100\n|turn|16\n|inactive|Time left: 300 sec this turn | 300 sec total\n|\n|t:|1783567652\n|move|p2a: Keldeo|Hydro Pump|p1a: Dudunsparce|[miss]\n|-miss|p2a: Keldeo|p1a: Dudunsparce\n|move|p1a: Dudunsparce|Boomburst|p2a: Keldeo\n|-crit|p2a: Keldeo\n|-damage|p2a: Keldeo|0 fnt\n|faint|p2a: Keldeo\n|\n|upkeep\n|inactive|Time left: 300 sec this turn | 300 sec total | 5 sec grace\n|\n|t:|1783567653\n|switch|p2a: Amoonguss|Amoonguss, L82, F|148/321\n|turn|17\n|inactive|Time left: 300 sec this turn | 300 sec total\n|\n|t:|1783567654\n|switch|p2a: Greedent|Greedent, L86, M|154/347\n|move|p1a: Dudunsparce|Boomburst|p2a: Greedent\n|-damage|p2a: Greedent|10/347\n|\n|upkeep\n|turn|18\n|inactive|Time left: 300 sec this turn | 300 sec total\n|\n|t:|1783567655\n|move|p1a: Dudunsparce|Boomburst|p2a: Greedent\n|-crit|p2a: Greedent\n|-damage|p2a: Greedent|0 fnt\n|faint|p2a: Greedent\n|\n|upkeep\n|inactive|Time left: 300 sec this turn | 300 sec total | 5 sec grace\n|\n|t:|1783567656\n|switch|p2a: Amoonguss|Amoonguss, L82, F|255/321\n|turn|19\n|inactive|Time left: 300 sec this turn | 300 sec total\n|\n|t:|1783567657\n|move|p1a: Dudunsparce|Boomburst|p2a: Amoonguss\n|-damage|p2a: Amoonguss|117/321\n|move|p2a: Amoonguss|Spore|p1a: Dudunsparce\n|-status|p1a: Dudunsparce|slp|[from] move: Spore\n|\n|-heal|p2a: Amoonguss|137/321|[from] item: Leftovers\n|upkeep\n|turn|20\n|inactive|Time left: 300 sec this turn | 300 sec total\n|\n|t:|1783567657\n|cant|p1a: Dudunsparce|slp\n|move|p2a: Amoonguss|Giga Drain|p1a: Dudunsparce\n|-damage|p1a: Dudunsparce|79/100 slp\n|-heal|p2a: Amoonguss|174/321|[from] drain|[of] p1a: Dudunsparce\n|\n|-heal|p1a: Dudunsparce|85/100 slp|[from] item: Leftovers\n|-heal|p2a: Amoonguss|194/321|[from] item: Leftovers\n|upkeep\n|turn|21\n|inactive|Time left: 300 sec this turn | 300 sec total\n|\n|t:|1783567658\n|-curestatus|p1a: Dudunsparce|slp|[msg]\n|move|p1a: Dudunsparce|Boomburst|p2a: Amoonguss\n|-damage|p2a: Amoonguss|55/321\n|move|p2a: Amoonguss|Sludge Bomb|p1a: Dudunsparce\n|-damage|p1a: Dudunsparce|58/100\n|-status|p1a: Dudunsparce|psn\n|\n|-heal|p1a: Dudunsparce|64/100 psn|[from] item: Leftovers\n|-heal|p2a: Amoonguss|75/321|[from] item: Leftovers\n|-damage|p1a: Dudunsparce|52/100 psn|[from] psn\n|upkeep\n|turn|22\n|inactive|Time left: 300 sec this turn | 300 sec total\n|\n|t:|1783567659\n|move|p1a: Dudunsparce|Boomburst|p2a: Amoonguss\n|-damage|p2a: Amoonguss|0 fnt\n|faint|p2a: Amoonguss\n|\n|win|p0x24673844", "uploadtime": 1783567659, "views": 0, "rating": 0, "private": 0, "password": null, "_winner": "p0x24673844", "_our_name": "p0y24675b73"}