{"id": "battle-gen9randombattle-2701", "formatid": "gen9randombattle", "format": "[Gen 9] Random Battle", "players": ["p0x2701fa0b", "p0y2701b273"], "log": "|init|battle\n|title|p0x2701fa0b vs. p0y2701b273\n|j|\u2606p0x2701fa0b\n|j|\u2606p0y2701b273\n|t:|1783570148\n|gametype|singles\n|player|p1|p0x2701fa0b|265|\n|player|p2|p0y2701b273|2|\n|gen|9\n|tier|[Gen 9] Random Battle\n|rule|Species Clause: Limit one of each Pok\u00e9mon\n|rule|HP Percentage Mod: HP is shown in percentages\n|rule|Sleep Clause Mod: Limit one foe put to sleep\n|rule|Illusion Level Mod: Illusion disguises the Pok\u00e9mon's true level\n|\n|t:|1783570148\n|teamsize|p1|6\n|teamsize|p2|6\n|start\n|switch|p1a: Rillaboom|Rillaboom, L79, M|100/100\n|switch|p2a: Revavroom|Revavroom, L79, M|256/256\n|-fieldstart|move: Grassy Terrain|[from] ability: Grassy Surge|[of] p1a: Rillaboom\n|turn|1\n|inactive|Battle timer is ON: inactive players will automatically lose when time's up. (requested by p0y2701b273)\n|inactive|p0x2701fa0b also wants the timer to be on.\n|\n|t:|1783570150\n|move|p2a: Revavroom|Gunk Shot|p1a: Rillaboom|[miss]\n|-miss|p2a: Revavroom|p1a: Rillaboom\n|move|p1a: Rillaboom|High Horsepower|p2a: Revavroom\n|-supereffective|p2a: Revavroom\n|-damage|p2a: Revavroom|0 fnt\n|faint|p2a: Revavroom\n|-damage|p1a: Rillaboom|91/100|[from] item: Life Orb\n|\n|-heal|p1a: Rillaboom|97/100|[from] Grassy Terrain\n|upkeep\n|inactive|Time left: 300 sec this turn | 300 sec total | 65 sec grace\n|\n|t:|1783570151\n|switch|p2a: Arbok|Arbok, L87, M|246/246\n|-ability|p2a: Arbok|Intimidate|boost\n|-unboost|p1a: Rillaboom|atk|1\n|turn|2\n|inactive|Time left: 300 sec this turn | 300 sec total\n|\n|t:|1783570152\n|switch|p1a: Espathra|Espathra, L80, F|100/100\n|move|p2a: Arbok|Gunk Shot|p1a: Espathra\n|-damage|p1a: Espathra|34/100\n|\n|-heal|p1a: Espathra|40/100|[from] Grassy Terrain\n|upkeep\n|turn|3\n|inactive|Time left: 300 sec this turn | 300 sec total\n|\n|t:|1783570153\n|move|p2a: Arbok|Sucker Punch|p1a: Espathra\n|-supereffective|p1a: Espathra\n|-damage|p1a: Espathra|0 fnt\n|faint|p1a: Espathra\n|\n|upkeep\n|\n|t:|1783570154\n|switch|p1a: Minior|Minior-Blue, L79|100/100\n|-formechange|p1a: Minior|Minior-Meteor||[from] ability: Shields Down\n|turn|4\n|inactive|Time left: 300 sec this turn | 300 sec total\n|\n|t:|1783570155\n|switch|p2a: Golurk|Golurk, L87|297/297\n|move|p1a: Minior|Shell Smash|p1a: Minior\n|-unboost|p1a: Minior|def|1\n|-unboost|p1a: Minior|spd|1\n|-boost|p1a: Minior|atk|2\n|-boost|p1a: Minior|spa|2\n|-boost|p1a: Minior|spe|2\n|-enditem|p1a: Minior|White Herb\n|-clearnegativeboost|p1a: Minior|[silent]\n|\n|upkeep\n|turn|5\n|inactive|Time left: 300 sec this turn | 300 sec total\n|\n|t:|1783570156\n|move|p1a: Minior|Acrobatics|p2a: Golurk\n|-damage|p2a: Golurk|137/297\n|move|p2a: Golurk|Stone Edge|p1a: Minior\n|-supereffective|p1a: Minior\n|-damage|p1a: Minior|0 fnt\n|faint|p1a: Minior\n|\n|-heal|p2a: Golurk|155/297|[from] Grassy Terrain\n|-fieldend|move: Grassy Terrain\n|upkeep\n|\n|t:|1783570157\n|switch|p1a: Passimian|Passimian, L83, F|100/100\n|turn|6\n|inactive|Time left: 300 sec this turn | 300 sec total\n|\n|t:|1783570158\n|switch|p2a: Chesnaught|Chesnaught, L84, M|285/285\n|move|p1a: Passimian|Knock Off|p2a: Chesnaught\n|-resisted|p2a: Chesnaught\n|-damage|p2a: Chesnaught|254/285\n|-damage|p1a: Passimian|84/100|[from] item: Rocky Helmet|[of] p2a: Chesnaught\n|-enditem|p2a: Chesnaught|Rocky Helmet|[from] move: Knock Off|[of] p1a: Passimian\n|\n|upkeep\n|turn|7\n|inactive|Time left: 300 sec this turn | 300 sec total\n|\n|t:|1783570159\n|move|p1a: Passimian|Knock Off|p2a: Chesnaught\n|-resisted|p2a: Chesnaught\n|-damage|p2a: Chesnaught|234/285\n|move|p2a: Chesnaught|Wood Hammer|p1a: Passimian\n|-damage|p1a: Passimian|40/100\n|-damage|p2a: Chesnaught|190/285|[from] Recoil\n|\n|upkeep\n|turn|8\n|inactive|Time left: 300 sec this turn | 300 sec total\n|\n|t:|1783570160\n|switch|p1a: Rillaboom|Rillaboom, L79, M|97/100\n|-fieldstart|move: Grassy Terrain|[from] ability: Grassy Surge|[of] p1a: Rillaboom\n|move|p2a: Chesnaught|Knock Off|p1a: Rillaboom\n|-damage|p1a: Rillaboom|70/100\n|-enditem|p1a: Rillaboom|Life Orb|[from] move: Knock Off|[of] p2a: Chesnaught\n|\n|-heal|p1a: Rillaboom|76/100|[from] Grassy Terrain\n|-heal|p2a: Chesnaught|207/285|[from] Grassy Terrain\n|upkeep\n|turn|9\n|inactive|Time left: 300 sec this turn | 300 sec total\n|\n|t:|1783570161\n|move|p1a: Rillaboom|Swords Dance|p1a: Rillaboom\n|-boost|p1a: Rillaboom|atk|2\n|move|p2a: Chesnaught|Body Press|p1a: Rillaboom\n|-damage|p1a: Rillaboom|36/100\n|\n|-heal|p1a: Rillaboom|43/100|[from] Grassy Terrain\n|-heal|p2a: Chesnaught|224/285|[from] Grassy Terrain\n|upkeep\n|turn|10\n|inactive|Time left: 300 sec this turn | 300 sec total\n|\n|t:|1783570162\n|move|p1a: Rillaboom|Grassy Glide|p2a: Chesnaught\n|-resisted|p2a: Chesnaught\n|-damage|p2a: Chesnaught|155/285\n|move|p2a: Chesnaught|Body Press|p1a: Rillaboom\n|-damage|p1a: Rillaboom|5/100\n|\n|-heal|p1a: Rillaboom|11/100|[from] Grassy Terrain\n|-heal|p2a: Chesnaught|172/285|[from] Grassy Terrain\n|upkeep\n|turn|11\n|inactive|Time left: 300 sec this turn | 300 sec total\n|\n|t:|1783570163\n|move|p1a: Rillaboom|Grassy Glide|p2a: Chesnaught\n|-resisted|p2a: Chesnaught\n|-damage|p2a: Chesnaught|112/285\n|move|p2a: Chesnaught|Wood Hammer|p1a: Rillaboom\n|-resisted|p1a: Rillaboom\n|-damage|p1a: Rillaboom|0 fnt\n|faint|p1a: Rillaboom\n|-damage|p2a: Chesnaught|102/285|[from] Recoil\n|\n|-heal|p2a: Chesnaught|119/285|[from] Grassy Terrain\n|upkeep\n|\n|t:|1783570164\n|switch|p1a: Passimian|Passimian, L83, F|40/100\n|turn|12\n|inactive|Time left: 300 sec this turn | 300 sec total\n|\n|t:|1783570165\n|move|p1a: Passimian|Gunk Shot|p2a: Chesnaught\n|-supereffective|p2a: Chesnaught\n|-damage|p2a: Chesnaught|0 fnt\n|faint|p2a: Chesnaught\n|\n|-heal|p1a: Passimian|46/100|[from] Grassy Terrain\n|-fieldend|move: Grassy Terrain\n|upkeep\n|inactive|Time left: 300 sec this turn | 300 sec total | 5 sec grace\n|\n|t:|1783570166\n|switch|p2a: Golurk|Golurk, L87|155/297\n|turn|13\n|inactive|Time left: 300 sec this turn | 300 sec total\n|\n|t:|1783570167\n|move|p1a: Passimian|Gunk Shot|p2a: Golurk\n|-resisted|p2a: Golurk\n|-crit|p2a: Golurk\n|-damage|p2a: Golurk|115/297\n|-status|p2a: Golurk|psn\n|move|p2a: Golurk|Poltergeist|p1a: Passimian\n|-activate|p1a: Passimian|move: Poltergeist|Choice Scarf\n|-damage|p1a: Passimian|0 fnt\n|faint|p1a: Passimian\n|\n|-damage|p2a: Golurk|78/297 psn|[from] psn\n|upkeep\n|\n|t:|1783570168\n|switch|p1a: Poliwrath|Poliwrath, L88, F|100/100\n|turn|14\n|inactive|Time left: 300 sec this turn | 300 sec total\n|\n|t:|1783570169\n|switch|p2a: Arbok|Arbok, L87, M|246/246\n|-ability|p2a: Arbok|Intimidate|boost\n|-unboost|p1a: Poliwrath|atk|1\n|move|p1a: Poliwrath|Liquidation|p2a: Arbok\n|-damage|p2a: Arbok|170/246\n|\n|-heal|p2a: Arbok|185/246|[from] item: Leftovers\n|upkeep\n|turn|15\n|inactive|Time left: 300 sec this turn | 300 sec total\n|\n|t:|1783570171\n|move|p2a: Arbok|Coil|p2a: Arbok\n|-boost|p2a: Arbok|atk|1\n|-boost|p2a: Arbok|def|1\n|-boost|p2a: Arbok|accuracy|1\n|move|p1a: Poliwrath|Knock Off|p2a: Arbok\n|-damage|p2a: Arbok|148/246\n|-enditem|p2a: Arbok|Leftovers|[from] move: Knock Off|[of] p1a: Poliwrath\n|\n|upkeep\n|turn|16\n|inactive|Time left: 300 sec this turn | 300 sec total\n|\n|t:|1783570172\n|move|p2a: Arbok|Gunk Shot|p1a: Poliwrath\n|-damage|p1a: Poliwrath|41/100\n|move|p1a: Poliwrath|Circle Throw|p2a: Arbok\n|-resisted|p2a: Arbok\n|-damage|p2a: Arbok|130/246\n|drag|p2a: Decidueye|Decidueye, L88, F|281/281\n|\n|upkeep\n|turn|17\n|inactive|Time left: 300 sec this turn | 300 sec total\n|\n|t:|1783570173\n|move|p1a: Poliwrath|Knock Off|p2a: Decidueye\n|-supereffective|p2a: Decidueye\n|-damage|p2a: Decidueye|179/281\n|-enditem|p2a: Decidueye|Assault Vest|[from] move: Knock Off|[of] p1a: Poliwrath\n|move|p2a: Decidueye|Spirit Shackle|p1a: Poliwrath\n|-damage|p1a: Poliwrath|13/100\n|-activate|p1a: Poliwrath|trapped\n|\n|upkeep\n|turn|18\n|inactive|Time left: 300 sec this turn | 300 sec total\n|\n|t:|1783570174\n|move|p1a: Poliwrath|Liquidation|p2a: Decidueye\n|-resisted|p2a: Decidueye\n|-damage|p2a: Decidueye|146/281\n|-unboost|p2a: Decidueye|def|1\n|move|p2a: Decidueye|Spirit Shackle|p1a: Poliwrath\n|-damage|p1a: Poliwrath|0 fnt\n|faint|p1a: Poliwrath\n|\n|upkeep\n|\n|t:|1783570175\n|switch|p1a: Beartic|Beartic, L91, M|100/100\n|turn|19\n|inactive|Time left: 300 sec this turn | 300 sec total\n|\n|t:|1783570176\n|move|p2a: Decidueye|Leaf Storm|p1a: Beartic\n|-damage|p1a: Beartic|52/100\n|-unboost|p2a: Decidueye|spa|2\n|move|p1a: Beartic|Swords Dance|p1a: Beartic\n|-boost|p1a: Beartic|atk|2\n|\n|upkeep\n|turn|20\n|inactive|Time left: 300 sec this turn | 300 sec total\n|\n|t:|1783570177\n|-terastallize|p1a: Beartic|Fighting\n|move|p2a: Decidueye|Spirit Shackle|p1a: Beartic\n|-damage|p1a: Beartic|19/100\n|-activate|p1a: Beartic|trapped\n|move|p1a: Beartic|Icicle Crash|p2a: Decidueye\n|-supereffective|p2a: Decidueye\n|-damage|p2a: Decidueye|0 fnt\n|faint|p2a: Decidueye\n|\n|upkeep\n|inactive|Time left: 300 sec this turn | 300 sec total | 5 sec grace\n|\n|t:|1783570177\n|switch|p2a: Golurk|Golurk, L87|78/297 psn\n|turn|21\n|inactive|Time left: 300 sec this turn | 300 sec total\n|\n|t:|1783570178\n|move|p1a: Beartic|Aqua Jet|p2a: Golurk\n|-supereffective|p2a: Golurk\n|-damage|p2a: Golurk|0 fnt\n|faint|p2a: Golurk\n|\n|upkeep\n|inactive|Time left: 300 sec this turn | 300 sec total | 5 sec grace\n|\n|t:|1783570179\n|switch|p2a: Porygon-Z|Porygon-Z, L83|277/277\n|turn|22\n|inactive|Time left: 300 sec this turn | 300 sec total\n|\n|t:|1783570179\n|-terastallize|p2a: Porygon-Z|Fighting\n|move|p1a: Beartic|Aqua Jet|p2a: Porygon-Z\n|-crit|p2a: Porygon-Z\n|-damage|p2a: Porygon-Z|115/277\n|move|p2a: Porygon-Z|Shadow Ball|p1a: Beartic\n|-damage|p1a: Beartic|0 fnt\n|faint|p1a: Beartic\n|-damage|p2a: Porygon-Z|88/277|[from] item: Life Orb\n|\n|win|p0y2701b273", "uploadtime": 1783570179, "views": 0, "rating": 0, "private": 0, "password": null, "_winner": "p0y2701b273", "_our_name": "p0y2701b273"}