{"id": "battle-gen9randombattle-109", "formatid": "gen9randombattle", "format": "[Gen 9] Random Battle", "players": ["p0x1094784", "p0y109bf11"], "log": "|init|battle\n|title|p0x1094784 vs. p0y109bf11\n|j|\u2606p0x1094784\n|j|\u2606p0y109bf11\n|t:|1783540760\n|gametype|singles\n|player|p1|p0x1094784|1|\n|player|p2|p0y109bf11|102|\n|gen|9\n|tier|[Gen 9] Random Battle\n|rule|Species Clause: Limit one of each Pok\u00e9mon\n|rule|HP Percentage Mod: HP is shown in percentages\n|rule|Sleep Clause Mod: Limit one foe put to sleep\n|rule|Illusion Level Mod: Illusion disguises the Pok\u00e9mon's true level\n|\n|t:|1783540760\n|teamsize|p1|6\n|teamsize|p2|6\n|start\n|switch|p1a: Ogerpon|Ogerpon-Hearthflame, L74, F|239/239\n|switch|p2a: Bombirdier|Bombirdier, L85, F|100/100\n|-ability|p1a: Ogerpon|Mold Breaker\n|turn|1\n|inactive|Battle timer is ON: inactive players will automatically lose when time's up. (requested by p0x1094784)\n|inactive|p0y109bf11 also wants the timer to be on.\n|\n|t:|1783540762\n|move|p1a: Ogerpon|Ivy Cudgel|p2a: Bombirdier|[anim] Ivy Cudgel Fire\n|-damage|p2a: Bombirdier|55/100\n|move|p2a: Bombirdier|Brave Bird|p1a: Ogerpon\n|-supereffective|p1a: Ogerpon\n|-damage|p1a: Ogerpon|0 fnt\n|faint|p1a: Ogerpon\n|-damage|p2a: Bombirdier|25/100|[from] Recoil\n|\n|upkeep\n|inactive|Time left: 300 sec this turn | 300 sec total | 65 sec grace\n|\n|t:|1783540763\n|switch|p1a: Reshiram|Reshiram, L76|277/277\n|-ability|p1a: Reshiram|Turboblaze\n|turn|2\n|inactive|Time left: 300 sec this turn | 300 sec total\n|\n|t:|1783540764\n|move|p2a: Bombirdier|Brave Bird|p1a: Reshiram\n|-damage|p1a: Reshiram|135/277\n|-damage|p2a: Bombirdier|6/100|[from] Recoil\n|move|p1a: Reshiram|Dragon Dance|p1a: Reshiram\n|-boost|p1a: Reshiram|atk|1\n|-boost|p1a: Reshiram|spe|1\n|\n|upkeep\n|turn|3\n|inactive|Time left: 300 sec this turn | 300 sec total\n|\n|t:|1783540765\n|move|p2a: Bombirdier|Sucker Punch|p1a: Reshiram\n|-damage|p1a: Reshiram|50/277\n|move|p1a: Reshiram|Outrage|p2a: Bombirdier\n|-damage|p2a: Bombirdier|0 fnt\n|faint|p2a: Bombirdier\n|\n|upkeep\n|\n|t:|1783540766\n|switch|p2a: Orthworm|Orthworm, L88, M|100/100\n|turn|4\n|inactive|Time left: 300 sec this turn | 300 sec total\n|\n|t:|1783540767\n|move|p1a: Reshiram|Outrage|p2a: Orthworm|[from] lockedmove\n|-resisted|p2a: Orthworm\n|-damage|p2a: Orthworm|77/100\n|-start|p1a: Reshiram|confusion|[fatigue]\n|move|p2a: Orthworm|Body Press|p1a: Reshiram\n|-damage|p1a: Reshiram|0 fnt\n|faint|p1a: Reshiram\n|\n|upkeep\n|inactive|Time left: 300 sec this turn | 300 sec total | 5 sec grace\n|\n|t:|1783540768\n|switch|p1a: Tauros|Tauros-Paldea-Combat, L82, M|257/257\n|-ability|p1a: Tauros|Intimidate|boost\n|-unboost|p2a: Orthworm|atk|1\n|turn|5\n|inactive|Time left: 300 sec this turn | 300 sec total\n|\n|t:|1783540769\n|switch|p2a: Dondozo|Dondozo, L78, F|100/100\n|move|p1a: Tauros|Bulk Up|p1a: Tauros\n|-boost|p1a: Tauros|atk|1\n|-boost|p1a: Tauros|def|1\n|\n|upkeep\n|turn|6\n|inactive|Time left: 300 sec this turn | 300 sec total\n|\n|t:|1783540771\n|move|p1a: Tauros|Bulk Up|p1a: Tauros\n|-boost|p1a: Tauros|atk|1\n|-boost|p1a: Tauros|def|1\n|move|p2a: Dondozo|Wave Crash|p1a: Tauros\n|-damage|p1a: Tauros|151/257\n|-damage|p2a: Dondozo|91/100|[from] Recoil\n|\n|-heal|p2a: Dondozo|97/100|[from] item: Leftovers\n|upkeep\n|turn|7\n|inactive|Time left: 300 sec this turn | 300 sec total\n|\n|t:|1783540772\n|move|p1a: Tauros|Close Combat|p2a: Dondozo\n|-damage|p2a: Dondozo|55/100\n|-unboost|p1a: Tauros|def|1\n|-unboost|p1a: Tauros|spd|1\n|-damage|p1a: Tauros|126/257|[from] item: Life Orb\n|move|p2a: Dondozo|Wave Crash|p1a: Tauros\n|-damage|p1a: Tauros|18/257\n|-damage|p2a: Dondozo|45/100|[from] Recoil\n|\n|-heal|p2a: Dondozo|51/100|[from] item: Leftovers\n|upkeep\n|turn|8\n|inactive|Time left: 300 sec this turn | 300 sec total\n|\n|t:|1783540773\n|move|p1a: Tauros|Close Combat|p2a: Dondozo\n|-damage|p2a: Dondozo|12/100\n|-unboost|p1a: Tauros|def|1\n|-unboost|p1a: Tauros|spd|1\n|-damage|p1a: Tauros|0 fnt|[from] item: Life Orb\n|faint|p1a: Tauros\n|move|p2a: Dondozo|Rest|p2a: Dondozo\n|-status|p2a: Dondozo|slp|[from] move: Rest\n|-heal|p2a: Dondozo|100/100 slp|[silent]\n|\n|upkeep\n|inactive|Time left: 300 sec this turn | 300 sec total | 5 sec grace\n|\n|t:|1783540774\n|switch|p1a: Seviper|Seviper, L93, F|287/287\n|turn|9\n|inactive|Time left: 300 sec this turn | 300 sec total\n|\n|t:|1783540775\n|switch|p2a: Orthworm|Orthworm, L88, M|77/100\n|move|p1a: Seviper|Swords Dance|p1a: Seviper\n|-boost|p1a: Seviper|atk|2\n|\n|upkeep\n|turn|10\n|inactive|Time left: 300 sec this turn | 300 sec total\n|\n|t:|1783540775\n|move|p1a: Seviper|Trailblaze|p2a: Orthworm\n|-resisted|p2a: Orthworm\n|-damage|p2a: Orthworm|67/100\n|-boost|p1a: Seviper|spe|1\n|move|p2a: Orthworm|Coil|p2a: Orthworm\n|-boost|p2a: Orthworm|atk|1\n|-boost|p2a: Orthworm|def|1\n|-boost|p2a: Orthworm|accuracy|1\n|\n|upkeep\n|turn|11\n|inactive|Time left: 300 sec this turn | 300 sec total\n|\n|t:|1783540776\n|move|p1a: Seviper|Trailblaze|p2a: Orthworm\n|-resisted|p2a: Orthworm\n|-damage|p2a: Orthworm|60/100\n|-boost|p1a: Seviper|spe|1\n|move|p2a: Orthworm|Iron Tail|p1a: Seviper\n|-damage|p1a: Seviper|95/287\n|\n|-heal|p1a: Seviper|112/287|[from] item: Leftovers\n|upkeep\n|turn|12\n|inactive|Time left: 300 sec this turn | 300 sec total\n|\n|t:|1783540778\n|move|p1a: Seviper|Swords Dance|p1a: Seviper\n|-boost|p1a: Seviper|atk|2\n|move|p2a: Orthworm|Iron Tail|p1a: Seviper\n|-damage|p1a: Seviper|0 fnt\n|faint|p1a: Seviper\n|\n|upkeep\n|inactive|Time left: 300 sec this turn | 300 sec total | 5 sec grace\n|\n|t:|1783540779\n|switch|p1a: Walking Wake|Walking Wake, L79|286/286\n|turn|13\n|inactive|Time left: 300 sec this turn | 300 sec total\n|\n|t:|1783540780\n|switch|p2a: Lapras|Lapras, L87, M|100/100\n|move|p1a: Walking Wake|Flamethrower|p2a: Lapras\n|-damage|p2a: Lapras|79/100\n|-damage|p1a: Walking Wake|258/286|[from] item: Life Orb\n|\n|upkeep\n|turn|14\n|inactive|Time left: 300 sec this turn | 300 sec total\n|\n|t:|1783540781\n|-end|p1a: Walking Wake|Protosynthesis|[silent]\n|switch|p1a: Zebstrika|Zebstrika, L87, F|272/272\n|move|p2a: Lapras|Dragon Dance|p2a: Lapras\n|-boost|p2a: Lapras|atk|1\n|-boost|p2a: Lapras|spe|1\n|\n|upkeep\n|turn|15\n|inactive|Time left: 300 sec this turn | 300 sec total\n|\n|t:|1783540782\n|switch|p1a: Walking Wake|Walking Wake, L79|258/286\n|-terastallize|p2a: Lapras|Ground\n|move|p2a: Lapras|Earthquake|p1a: Walking Wake\n|-damage|p1a: Walking Wake|92/286\n|\n|upkeep\n|turn|16\n|inactive|Time left: 300 sec this turn | 300 sec total\n|\n|t:|1783540783\n|move|p2a: Lapras|Earthquake|p1a: Walking Wake\n|-damage|p1a: Walking Wake|0 fnt\n|faint|p1a: Walking Wake\n|-end|p1a: Walking Wake|Protosynthesis|[silent]\n|\n|upkeep\n|inactive|Time left: 300 sec this turn | 300 sec total | 5 sec grace\n|\n|t:|1783540784\n|switch|p1a: Zebstrika|Zebstrika, L87, F|272/272\n|turn|17\n|inactive|Time left: 300 sec this turn | 300 sec total\n|\n|t:|1783540785\n|move|p1a: Zebstrika|Supercell Slam|p2a: Lapras\n|-immune|p2a: Lapras\n|-damage|p1a: Zebstrika|136/272|[from] supercellslam\n|move|p2a: Lapras|Icicle Spear|p1a: Zebstrika\n|-damage|p1a: Zebstrika|90/272\n|-damage|p1a: Zebstrika|38/272\n|-damage|p1a: Zebstrika|0 fnt\n|faint|p1a: Zebstrika\n|-hitcount|p1: Zebstrika|3\n|\n|win|p0y109bf11", "uploadtime": 1783540785, "views": 0, "rating": 0, "private": 0, "password": null, "_winner": "p0y109bf11", "_our_name": "p0x1094784"}