{"id": "battle-gen9randombattle-514", "formatid": "gen9randombattle", "format": "[Gen 9] Random Battle", "players": ["p0x514c3dc", "p0y51497b6"], "log": "|init|battle\n|title|p0x514c3dc vs. p0y51497b6\n|j|\u2606p0x514c3dc\n|j|\u2606p0y51497b6\n|t:|1783545709\n|gametype|singles\n|player|p1|p0x514c3dc|265|\n|player|p2|p0y51497b6|170|\n|gen|9\n|tier|[Gen 9] Random Battle\n|rule|Species Clause: Limit one of each Pok\u00e9mon\n|rule|HP Percentage Mod: HP is shown in percentages\n|rule|Sleep Clause Mod: Limit one foe put to sleep\n|rule|Illusion Level Mod: Illusion disguises the Pok\u00e9mon's true level\n|\n|t:|1783545709\n|teamsize|p1|6\n|teamsize|p2|6\n|start\n|switch|p1a: Overqwil|Overqwil, L82, F|274/274\n|switch|p2a: Flutter Mane|Flutter Mane, L74|100/100\n|-ability|p1a: Overqwil|Intimidate|boost\n|-unboost|p2a: Flutter Mane|atk|1\n|turn|1\n|inactive|Battle timer is ON: inactive players will automatically lose when time's up. (requested by p0y51497b6)\n|inactive|Time left: 300 sec this turn | 300 sec total | 60 sec grace\n|inactive|p0x514c3dc also wants the timer to be on.\n|\n|t:|1783545710\n|move|p2a: Flutter Mane|Moonblast|p1a: Overqwil\n|-damage|p1a: Overqwil|78/274\n|move|p1a: Overqwil|Gunk Shot|p2a: Flutter Mane\n|-damage|p2a: Flutter Mane|0 fnt\n|faint|p2a: Flutter Mane\n|-end|p2a: Flutter Mane|Protosynthesis|[silent]\n|\n|upkeep\n|\n|t:|1783545711\n|switch|p2a: Lycanroc|Lycanroc, L86, M|100/100\n|turn|2\n|inactive|Time left: 300 sec this turn | 300 sec total\n|\n|t:|1783545712\n|switch|p1a: Iron Leaves|Iron Leaves, L80|275/275\n|move|p2a: Lycanroc|Swords Dance|p2a: Lycanroc\n|-boost|p2a: Lycanroc|atk|2\n|\n|upkeep\n|turn|3\n|inactive|Time left: 300 sec this turn | 300 sec total\n|\n|t:|1783545714\n|-terastallize|p1a: Iron Leaves|Fighting\n|move|p2a: Lycanroc|Stone Edge|p1a: Iron Leaves\n|-resisted|p1a: Iron Leaves\n|-damage|p1a: Iron Leaves|111/275\n|-damage|p2a: Lycanroc|91/100|[from] item: Life Orb\n|move|p1a: Iron Leaves|Close Combat|p2a: Lycanroc\n|-supereffective|p2a: Lycanroc\n|-damage|p2a: Lycanroc|0 fnt\n|-unboost|p1a: Iron Leaves|def|1\n|-unboost|p1a: Iron Leaves|spd|1\n|faint|p2a: Lycanroc\n|\n|upkeep\n|\n|t:|1783545714\n|switch|p2a: Virizion|Virizion, L82|100/100\n|turn|4\n|inactive|Time left: 300 sec this turn | 300 sec total\n|\n|t:|1783545716\n|-end|p1a: Iron Leaves|Quark Drive|[silent]\n|switch|p1a: Overqwil|Overqwil, L82, F|78/274\n|-ability|p1a: Overqwil|Intimidate|boost\n|-unboost|p2a: Virizion|atk|1\n|move|p2a: Virizion|Leaf Blade|p1a: Overqwil\n|-resisted|p1a: Overqwil\n|-damage|p1a: Overqwil|42/274\n|-damage|p2a: Virizion|91/100|[from] item: Life Orb\n|\n|upkeep\n|turn|5\n|inactive|Time left: 300 sec this turn | 300 sec total\n|\n|t:|1783545717\n|move|p2a: Virizion|Close Combat|p1a: Overqwil\n|-damage|p1a: Overqwil|0 fnt\n|-unboost|p2a: Virizion|def|1\n|-unboost|p2a: Virizion|spd|1\n|faint|p1a: Overqwil\n|-damage|p2a: Virizion|81/100|[from] item: Life Orb\n|\n|upkeep\n|inactive|Time left: 300 sec this turn | 300 sec total | 5 sec grace\n|\n|t:|1783545718\n|switch|p1a: Iron Leaves|Iron Leaves, L80, tera:Fighting|111/275\n|turn|6\n|inactive|Time left: 300 sec this turn | 300 sec total\n|\n|t:|1783545719\n|move|p2a: Virizion|Leaf Blade|p1a: Iron Leaves\n|-damage|p1a: Iron Leaves|33/275\n|-damage|p2a: Virizion|71/100|[from] item: Life Orb\n|move|p1a: Iron Leaves|Close Combat|p2a: Virizion\n|-damage|p2a: Virizion|0 fnt\n|-unboost|p1a: Iron Leaves|def|1\n|-unboost|p1a: Iron Leaves|spd|1\n|faint|p2a: Virizion\n|\n|upkeep\n|\n|t:|1783545720\n|switch|p2a: Bombirdier|Bombirdier, L85, F|100/100\n|turn|7\n|inactive|Time left: 300 sec this turn | 300 sec total\n|\n|t:|1783545720\n|move|p2a: Bombirdier|Sucker Punch|p1a: Iron Leaves\n|-resisted|p1a: Iron Leaves\n|-damage|p1a: Iron Leaves|0 fnt\n|faint|p1a: Iron Leaves\n|-end|p1a: Iron Leaves|Quark Drive|[silent]\n|\n|upkeep\n|inactive|Time left: 300 sec this turn | 300 sec total | 5 sec grace\n|\n|t:|1783545721\n|switch|p1a: Rotom|Rotom-Heat, L83|219/219\n|turn|8\n|inactive|Time left: 300 sec this turn | 300 sec total\n|\n|t:|1783545722\n|move|p1a: Rotom|Will-O-Wisp|p2a: Bombirdier|[miss]\n|-miss|p1a: Rotom|p2a: Bombirdier\n|move|p2a: Bombirdier|Knock Off|p1a: Rotom\n|-damage|p1a: Rotom|116/219\n|-enditem|p1a: Rotom|Heavy-Duty Boots|[from] move: Knock Off|[of] p2a: Bombirdier\n|\n|upkeep\n|turn|9\n|inactive|Time left: 300 sec this turn | 300 sec total\n|\n|t:|1783545723\n|switch|p2a: Umbreon|Umbreon, L84, M|100/100\n|move|p1a: Rotom|Pain Split|p2a: Umbreon\n|-sethp|p2a: Umbreon|70/100|[from] move: Pain Split|[silent]\n|-sethp|p1a: Rotom|206/219|[from] move: Pain Split\n|\n|-heal|p2a: Umbreon|76/100|[from] item: Leftovers\n|upkeep\n|turn|10\n|inactive|Time left: 300 sec this turn | 300 sec total\n|\n|t:|1783545724\n|move|p1a: Rotom|Will-O-Wisp|p2a: Umbreon\n|-status|p2a: Umbreon|brn\n|-activate|p2a: Umbreon|ability: Synchronize\n|-immune|p1a: Rotom\n|move|p2a: Umbreon|Toxic|p1a: Rotom\n|-status|p1a: Rotom|tox\n|\n|-heal|p2a: Umbreon|82/100 brn|[from] item: Leftovers\n|-damage|p1a: Rotom|193/219 tox|[from] psn\n|-damage|p2a: Umbreon|76/100 brn|[from] brn\n|upkeep\n|turn|11\n|inactive|Time left: 300 sec this turn | 300 sec total\n|\n|t:|1783545725\n|switch|p1a: Comfey|Comfey, L85, F|225/225\n|move|p2a: Umbreon|Toxic|p1a: Comfey\n|-status|p1a: Comfey|tox\n|\n|-heal|p2a: Umbreon|82/100 brn|[from] item: Leftovers\n|-damage|p1a: Comfey|211/225 tox|[from] psn\n|-damage|p2a: Umbreon|76/100 brn|[from] brn\n|upkeep\n|turn|12\n|inactive|Time left: 300 sec this turn | 300 sec total\n|\n|t:|1783545726\n|move|p1a: Comfey|Calm Mind|p1a: Comfey\n|-boost|p1a: Comfey|spa|1\n|-boost|p1a: Comfey|spd|1\n|move|p2a: Umbreon|Wish|p2a: Umbreon\n|\n|-heal|p1a: Comfey|225/225 tox|[from] item: Leftovers\n|-heal|p2a: Umbreon|82/100 brn|[from] item: Leftovers\n|-damage|p1a: Comfey|197/225 tox|[from] psn\n|-damage|p2a: Umbreon|76/100 brn|[from] brn\n|upkeep\n|turn|13\n|inactive|Time left: 300 sec this turn | 300 sec total\n|\n|t:|1783545727\n|move|p1a: Comfey|Calm Mind|p1a: Comfey\n|-boost|p1a: Comfey|spa|1\n|-boost|p1a: Comfey|spd|1\n|move|p2a: Umbreon|Foul Play|p1a: Comfey\n|-resisted|p1a: Comfey\n|-damage|p1a: Comfey|186/225 tox\n|\n|-heal|p2a: Umbreon|100/100 brn|[from] move: Wish|[wisher] Umbreon\n|-heal|p1a: Comfey|200/225 tox|[from] item: Leftovers\n|-damage|p1a: Comfey|158/225 tox|[from] psn\n|-damage|p2a: Umbreon|94/100 brn|[from] brn\n|upkeep\n|turn|14\n|inactive|Time left: 300 sec this turn | 300 sec total\n|\n|t:|1783545728\n|move|p2a: Umbreon|Protect|p2a: Umbreon\n|-singleturn|p2a: Umbreon|Protect\n|move|p1a: Comfey|Draining Kiss|p2a: Umbreon\n|-activate|p2a: Umbreon|move: Protect\n|\n|-heal|p1a: Comfey|172/225 tox|[from] item: Leftovers\n|-heal|p2a: Umbreon|100/100 brn|[from] item: Leftovers\n|-damage|p1a: Comfey|116/225 tox|[from] psn\n|-damage|p2a: Umbreon|94/100 brn|[from] brn\n|upkeep\n|turn|15\n|inactive|Time left: 300 sec this turn | 300 sec total\n|\n|t:|1783545728\n|-terastallize|p2a: Umbreon|Poison\n|move|p1a: Comfey|Draining Kiss|p2a: Umbreon\n|-resisted|p2a: Umbreon\n|-damage|p2a: Umbreon|83/100 brn\n|-heal|p1a: Comfey|141/225 tox|[from] drain|[of] p2a: Umbreon\n|move|p2a: Umbreon|Wish|p2a: Umbreon\n|\n|-heal|p1a: Comfey|155/225 tox|[from] item: Leftovers\n|-heal|p2a: Umbreon|89/100 brn|[from] item: Leftovers\n|-damage|p1a: Comfey|85/225 tox|[from] psn\n|-damage|p2a: Umbreon|83/100 brn|[from] brn\n|upkeep\n|turn|16\n|inactive|Time left: 300 sec this turn | 300 sec total\n|\n|t:|1783545730\n|move|p1a: Comfey|Synthesis|p1a: Comfey\n|-heal|p1a: Comfey|197/225 tox\n|move|p2a: Umbreon|Foul Play|p1a: Comfey\n|-resisted|p1a: Comfey\n|-damage|p1a: Comfey|187/225 tox\n|\n|-heal|p2a: Umbreon|100/100 brn|[from] move: Wish|[wisher] Umbreon\n|-heal|p1a: Comfey|201/225 tox|[from] item: Leftovers\n|-damage|p1a: Comfey|117/225 tox|[from] psn\n|-damage|p2a: Umbreon|94/100 brn|[from] brn\n|upkeep\n|turn|17\n|inactive|Time left: 300 sec this turn | 300 sec total\n|\n|t:|1783545730\n|move|p1a: Comfey|Synthesis|p1a: Comfey\n|-heal|p1a: Comfey|225/225 tox\n|move|p2a: Umbreon|Wish|p2a: Umbreon\n|\n|-heal|p2a: Umbreon|100/100 brn|[from] item: Leftovers\n|-damage|p1a: Comfey|127/225 tox|[from] psn\n|-damage|p2a: Umbreon|94/100 brn|[from] brn\n|upkeep\n|turn|18\n|inactive|Time left: 300 sec this turn | 300 sec total\n|\n|t:|1783545732\n|switch|p1a: Rotom|Rotom-Heat, L83|193/219 tox\n|move|p2a: Umbreon|Toxic|p1a: Rotom\n|-fail|p1a: Rotom|tox\n|\n|-heal|p2a: Umbreon|100/100 brn|[from] move: Wish|[wisher] Umbreon\n|-damage|p1a: Rotom|180/219 tox|[from] psn\n|-damage|p2a: Umbreon|94/100 brn|[from] brn\n|upkeep\n|turn|19\n|inactive|Time left: 300 sec this turn | 300 sec total\n|\n|t:|1783545733\n|switch|p1a: Comfey|Comfey, L85, F|127/225 tox\n|move|p2a: Umbreon|Toxic|p1a: Comfey\n|-fail|p1a: Comfey|tox\n|\n|-heal|p1a: Comfey|141/225 tox|[from] item: Leftovers\n|-heal|p2a: Umbreon|100/100 brn|[from] item: Leftovers\n|-damage|p1a: Comfey|127/225 tox|[from] psn\n|-damage|p2a: Umbreon|94/100 brn|[from] brn\n|upkeep\n|turn|20\n|inactive|Time left: 300 sec this turn | 300 sec total\n|\n|t:|1783545734\n|move|p1a: Comfey|Synthesis|p1a: Comfey\n|-heal|p1a: Comfey|225/225 tox\n|move|p2a: Umbreon|Toxic|p1a: Comfey\n|-fail|p1a: Comfey|tox\n|\n|-heal|p2a: Umbreon|100/100 brn|[from] item: Leftovers\n|-damage|p1a: Comfey|197/225 tox|[from] psn\n|-damage|p2a: Umbreon|94/100 brn|[from] brn\n|upkeep\n|turn|21\n|inactive|Time left: 300 sec this turn | 300 sec total\n|\n|t:|1783545735\n|move|p1a: Comfey|Calm Mind|p1a: Comfey\n|-boost|p1a: Comfey|spa|1\n|-boost|p1a: Comfey|spd|1\n|move|p2a: Umbreon|Toxic|p1a: Comfey\n|-fail|p1a: Comfey|tox\n|\n|-heal|p1a: Comfey|211/225 tox|[from] item: Leftovers\n|-heal|p2a: Umbreon|100/100 brn|[from] item: Leftovers\n|-damage|p1a: Comfey|169/225 tox|[from] psn\n|-damage|p2a: Umbreon|94/100 brn|[from] brn\n|upkeep\n|turn|22\n|inactive|Time left: 300 sec this turn | 300 sec total\n|\n|t:|1783545735\n|move|p1a: Comfey|Synthesis|p1a: Comfey\n|-heal|p1a: Comfey|225/225 tox\n|move|p2a: Umbreon|Wish|p2a: Umbreon\n|\n|-heal|p2a: Umbreon|100/100 brn|[from] item: Leftovers\n|-damage|p1a: Comfey|169/225 tox|[from] psn\n|-damage|p2a: Umbreon|94/100 brn|[from] brn\n|upkeep\n|turn|23\n|inactive|Time left: 300 sec this turn | 300 sec total\n|\n|t:|1783545736\n|move|p1a: Comfey|Calm Mind|p1a: Comfey\n|-boost|p1a: Comfey|spa|1\n|-boost|p1a: Comfey|spd|1\n|move|p2a: Umbreon|Foul Play|p1a: Comfey\n|-resisted|p1a: Comfey\n|-damage|p1a: Comfey|159/225 tox\n|\n|-heal|p2a: Umbreon|100/100 brn|[from] move: Wish|[wisher] Umbreon\n|-heal|p1a: Comfey|173/225 tox|[from] item: Leftovers\n|-damage|p1a: Comfey|103/225 tox|[from] psn\n|-damage|p2a: Umbreon|94/100 brn|[from] brn\n|upkeep\n|turn|24\n|inactive|Time left: 300 sec this turn | 300 sec total\n|\n|t:|1783545738\n|move|p1a: Comfey|Synthesis|p1a: Comfey\n|-heal|p1a: Comfey|215/225 tox\n|move|p2a: Umbreon|Wish|p2a: Umbreon\n|\n|-heal|p1a: Comfey|225/225 tox|[from] item: Leftovers\n|-heal|p2a: Umbreon|100/100 brn|[from] item: Leftovers\n|-damage|p1a: Comfey|141/225 tox|[from] psn\n|-damage|p2a: Umbreon|94/100 brn|[from] brn\n|upkeep\n|turn|25\n|inactive|Time left: 300 sec this turn | 300 sec total\n|\n|t:|1783545739\n|move|p1a: Comfey|Synthesis|p1a: Comfey\n|-heal|p1a: Comfey|225/225 tox\n|move|p2a: Umbreon|Toxic|p1a: Comfey\n|-fail|p1a: Comfey|tox\n|\n|-heal|p2a: Umbreon|100/100 brn|[from] move: Wish|[wisher] Umbreon\n|-damage|p1a: Comfey|127/225 tox|[from] psn\n|-damage|p2a: Umbreon|94/100 brn|[from] brn\n|upkeep\n|turn|26\n|inactive|Time left: 300 sec this turn | 300 sec total\n|\n|t:|1783545740\n|switch|p1a: Chansey|Chansey, L85, F|564/564\n|move|p2a: Umbreon|Toxic|p1a: Chansey\n|-status|p1a: Chansey|tox\n|\n|-heal|p2a: Umbreon|100/100 brn|[from] item: Leftovers\n|-damage|p1a: Chansey|529/564 tox|[from] psn\n|-damage|p2a: Umbreon|94/100 brn|[from] brn\n|upkeep\n|turn|27\n|inactive|Time left: 300 sec this turn | 300 sec total\n|\n|t:|1783545741\n|switch|p2a: Bombirdier|Bombirdier, L85, F|100/100\n|-curestatus|p1a: Chansey|tox|[from] ability: Natural Cure|[silent]\n|switch|p1a: Comfey|Comfey, L85, F|127/225 tox\n|\n|-heal|p1a: Comfey|141/225 tox|[from] item: Leftovers\n|-damage|p1a: Comfey|127/225 tox|[from] psn\n|upkeep\n|turn|28\n|inactive|Time left: 300 sec this turn | 300 sec total\n|\n|t:|1783545742\n|move|p1a: Comfey|Draining Kiss|p2a: Bombirdier\n|-supereffective|p2a: Bombirdier\n|-damage|p2a: Bombirdier|63/100\n|-heal|p1a: Comfey|199/225 tox|[from] drain|[of] p2a: Bombirdier\n|move|p2a: Bombirdier|Knock Off|p1a: Comfey\n|-resisted|p1a: Comfey\n|-damage|p1a: Comfey|146/225 tox\n|-enditem|p1a: Comfey|Leftovers|[from] move: Knock Off|[of] p2a: Bombirdier\n|\n|-damage|p1a: Comfey|118/225 tox|[from] psn\n|upkeep\n|turn|29\n|inactive|Time left: 300 sec this turn | 300 sec total\n|\n|t:|1783545743\n|move|p1a: Comfey|Draining Kiss|p2a: Bombirdier\n|-supereffective|p2a: Bombirdier\n|-damage|p2a: Bombirdier|28/100\n|-heal|p1a: Comfey|187/225 tox|[from] drain|[of] p2a: Bombirdier\n|move|p2a: Bombirdier|Roost|p2a: Bombirdier\n|-heal|p2a: Bombirdier|78/100\n|-singleturn|p2a: Bombirdier|move: Roost\n|\n|-damage|p1a: Comfey|145/225 tox|[from] psn\n|upkeep\n|turn|30\n|inactive|Time left: 300 sec this turn | 300 sec total\n|\n|t:|1783545744\n|switch|p1a: Rotom|Rotom-Heat, L83|180/219 tox\n|move|p2a: Bombirdier|Roost|p2a: Bombirdier\n|-heal|p2a: Bombirdier|100/100\n|-singleturn|p2a: Bombirdier|move: Roost\n|\n|-damage|p1a: Rotom|167/219 tox|[from] psn\n|upkeep\n|turn|31\n|inactive|Time left: 300 sec this turn | 300 sec total\n|\n|t:|1783545745\n|switch|p2a: Umbreon|Umbreon, L84, M, tera:Poison|94/100 brn\n|move|p1a: Rotom|Will-O-Wisp|p2a: Umbreon\n|-fail|p2a: Umbreon|brn\n|\n|-heal|p2a: Umbreon|100/100 brn|[from] item: Leftovers\n|-damage|p1a: Rotom|141/219 tox|[from] psn\n|-damage|p2a: Umbreon|94/100 brn|[from] brn\n|upkeep\n|turn|32\n|inactive|Time left: 300 sec this turn | 300 sec total\n|\n|t:|1783545746\n|move|p1a: Rotom|Pain Split|p2a: Umbreon\n|-sethp|p2a: Umbreon|71/100 brn|[from] move: Pain Split|[silent]\n|-sethp|p1a: Rotom|210/219 tox|[from] move: Pain Split\n|move|p2a: Umbreon|Wish|p2a: Umbreon\n|\n|-heal|p2a: Umbreon|77/100 brn|[from] item: Leftovers\n|-damage|p1a: Rotom|171/219 tox|[from] psn\n|-damage|p2a: Umbreon|71/100 brn|[from] brn\n|upkeep\n|turn|33\n|inactive|Time left: 300 sec this turn | 300 sec total\n|\n|t:|1783545748\n|switch|p1a: Comfey|Comfey, L85, F|145/225 tox\n|move|p2a: Umbreon|Toxic|p1a: Comfey\n|-fail|p1a: Comfey|tox\n|\n|-heal|p2a: Umbreon|100/100 brn|[from] move: Wish|[wisher] Umbreon\n|-damage|p1a: Comfey|131/225 tox|[from] psn\n|-damage|p2a: Umbreon|94/100 brn|[from] brn\n|upkeep\n|turn|34\n|inactive|Time left: 300 sec this turn | 300 sec total\n|\n|t:|1783545749\n|move|p1a: Comfey|Synthesis|p1a: Comfey\n|-heal|p1a: Comfey|225/225 tox\n|move|p2a: Umbreon|Foul Play|p1a: Comfey\n|-resisted|p1a: Comfey\n|-damage|p1a: Comfey|214/225 tox\n|\n|-heal|p2a: Umbreon|100/100 brn|[from] item: Leftovers\n|-damage|p1a: Comfey|186/225 tox|[from] psn\n|-damage|p2a: Umbreon|94/100 brn|[from] brn\n|upkeep\n|turn|35\n|inactive|Time left: 300 sec this turn | 300 sec total\n|\n|t:|1783545750\n|switch|p1a: Rotom|Rotom-Heat, L83|171/219 tox\n|move|p2a: Umbreon|Toxic|p1a: Rotom\n|-fail|p1a: Rotom|tox\n|\n|-heal|p2a: Umbreon|100/100 brn|[from] item: Leftovers\n|-damage|p1a: Rotom|158/219 tox|[from] psn\n|-damage|p2a: Umbreon|94/100 brn|[from] brn\n|upkeep\n|turn|36\n|inactive|Time left: 300 sec this turn | 300 sec total\n|\n|t:|1783545751\n|move|p1a: Rotom|Pain Split|p2a: Umbreon\n|-sethp|p2a: Umbreon|74/100 brn|[from] move: Pain Split|[silent]\n|-sethp|p1a: Rotom|218/219 tox|[from] move: Pain Split\n|move|p2a: Umbreon|Wish|p2a: Umbreon\n|\n|-heal|p2a: Umbreon|80/100 brn|[from] item: Leftovers\n|-damage|p1a: Rotom|192/219 tox|[from] psn\n|-damage|p2a: Umbreon|74/100 brn|[from] brn\n|upkeep\n|turn|37\n|inactive|Time left: 300 sec this turn | 300 sec total\n|\n|t:|1783545752\n|switch|p1a: Comfey|Comfey, L85, F|186/225 tox\n|move|p2a: Umbreon|Toxic|p1a: Comfey\n|-fail|p1a: Comfey|tox\n|\n|-heal|p2a: Umbreon|100/100 brn|[from] move: Wish|[wisher] Umbreon\n|-damage|p1a: Comfey|172/225 tox|[from] psn\n|-damage|p2a: Umbreon|94/100 brn|[from] brn\n|upkeep\n|turn|38\n|inactive|Time left: 300 sec this turn | 300 sec total\n|\n|t:|1783545753\n|move|p1a: Comfey|Calm Mind|p1a: Comfey\n|-boost|p1a: Comfey|spa|1\n|-boost|p1a: Comfey|spd|1\n|move|p2a: Umbreon|Foul Play|p1a: Comfey\n|-resisted|p1a: Comfey\n|-damage|p1a: Comfey|162/225 tox\n|\n|-heal|p2a: Umbreon|100/100 brn|[from] item: Leftovers\n|-damage|p1a: Comfey|134/225 tox|[from] psn\n|-damage|p2a: Umbreon|94/100 brn|[from] brn\n|upkeep\n|turn|39\n|inactive|Time left: 300 sec this turn | 300 sec total\n|\n|t:|1783545754\n|move|p1a: Comfey|Synthesis|p1a: Comfey\n|-heal|p1a: Comfey|225/225 tox\n|move|p2a: Umbreon|Foul Play|p1a: Comfey\n|-resisted|p1a: Comfey\n|-damage|p1a: Comfey|214/225 tox\n|\n|-heal|p2a: Umbreon|100/100 brn|[from] item: Leftovers\n|-damage|p1a: Comfey|172/225 tox|[from] psn\n|-damage|p2a: Umbreon|94/100 brn|[from] brn\n|upkeep\n|turn|40\n|inactive|Time left: 300 sec this turn | 300 sec total\n|\n|t:|1783545755\n|switch|p1a: Chansey|Chansey, L85, F|529/564\n|move|p2a: Umbreon|Toxic|p1a: Chansey\n|-status|p1a: Chansey|tox\n|\n|-heal|p2a: Umbreon|100/100 brn|[from] item: Leftovers\n|-damage|p1a: Chansey|494/564 tox|[from] psn\n|-damage|p2a: Umbreon|94/100 brn|[from] brn\n|upkeep\n|turn|41\n|inactive|Time left: 300 sec this turn | 300 sec total\n|\n|t:|1783545756\n|-curestatus|p1a: Chansey|tox|[from] ability: Natural Cure|[silent]\n|switch|p1a: Comfey|Comfey, L85, F|172/225 tox\n|move|p2a: Umbreon|Wish|p2a: Umbreon\n|\n|-heal|p2a: Umbreon|100/100 brn|[from] item: Leftovers\n|-damage|p1a: Comfey|158/225 tox|[from] psn\n|-damage|p2a: Umbreon|94/100 brn|[from] brn\n|upkeep\n|turn|42\n|inactive|Time left: 300 sec this turn | 300 sec total\n|\n|t:|1783545757\n|move|p1a: Comfey|Calm Mind|p1a: Comfey\n|-boost|p1a: Comfey|spa|1\n|-boost|p1a: Comfey|spd|1\n|move|p2a: Umbreon|Foul Play|p1a: Comfey\n|-resisted|p1a: Comfey\n|-damage|p1a: Comfey|147/225 tox\n|\n|-heal|p2a: Umbreon|100/100 brn|[from] move: Wish|[wisher] Umbreon\n|-damage|p1a: Comfey|119/225 tox|[from] psn\n|-damage|p2a: Umbreon|94/100 brn|[from] brn\n|upkeep\n|turn|43\n|inactive|Time left: 300 sec this turn | 300 sec total\n|\n|t:|1783545758\n|move|p1a: Comfey|Draining Kiss|p2a: Umbreon\n|-resisted|p2a: Umbreon\n|-damage|p2a: Umbreon|84/100 brn\n|-heal|p1a: Comfey|142/225 tox|[from] drain|[of] p2a: Umbreon\n|move|p2a: Umbreon|Wish|p2a: Umbreon\n|\n|-heal|p2a: Umbreon|90/100 brn|[from] item: Leftovers\n|-damage|p1a: Comfey|100/225 tox|[from] psn\n|-damage|p2a: Umbreon|84/100 brn|[from] brn\n|upkeep\n|turn|44\n|inactive|Time left: 300 sec this turn | 300 sec total\n|\n|t:|1783545759\n|switch|p1a: Chansey|Chansey, L85, F|494/564\n|move|p2a: Umbreon|Toxic|p1a: Chansey\n|-status|p1a: Chansey|tox\n|\n|-heal|p2a: Umbreon|100/100 brn|[from] move: Wish|[wisher] Umbreon\n|-damage|p1a: Chansey|459/564 tox|[from] psn\n|-damage|p2a: Umbreon|94/100 brn|[from] brn\n|upkeep\n|turn|45\n|inactive|Time left: 300 sec this turn | 300 sec total\n|\n|t:|1783545760\n|-curestatus|p1a: Chansey|tox|[from] ability: Natural Cure|[silent]\n|switch|p1a: Comfey|Comfey, L85, F|100/225 tox\n|move|p2a: Umbreon|Wish|p2a: Umbreon\n|\n|-heal|p2a: Umbreon|100/100 brn|[from] item: Leftovers\n|-damage|p1a: Comfey|86/225 tox|[from] psn\n|-damage|p2a: Umbreon|94/100 brn|[from] brn\n|upkeep\n|turn|46\n|inactive|Time left: 300 sec this turn | 300 sec total\n|\n|t:|1783545761\n|switch|p1a: Chansey|Chansey, L85, F|459/564\n|move|p2a: Umbreon|Toxic|p1a: Chansey\n|-status|p1a: Chansey|tox\n|\n|-heal|p2a: Umbreon|100/100 brn|[from] move: Wish|[wisher] Umbreon\n|-damage|p1a: Chansey|424/564 tox|[from] psn\n|-damage|p2a: Umbreon|94/100 brn|[from] brn\n|upkeep\n|turn|47\n|inactive|Time left: 300 sec this turn | 300 sec total\n|\n|t:|1783545762\n|-curestatus|p1a: Chansey|tox|[from] ability: Natural Cure|[silent]\n|switch|p1a: Comfey|Comfey, L85, F|86/225 tox\n|move|p2a: Umbreon|Foul Play|p1a: Comfey\n|-resisted|p1a: Comfey\n|-damage|p1a: Comfey|75/225 tox\n|\n|-heal|p2a: Umbreon|100/100 brn|[from] item: Leftovers\n|-damage|p1a: Comfey|61/225 tox|[from] psn\n|-damage|p2a: Umbreon|94/100 brn|[from] brn\n|upkeep\n|turn|48\n|inactive|Time left: 300 sec this turn | 300 sec total\n|\n|t:|1783545763\n|move|p1a: Comfey|Draining Kiss|p2a: Umbreon\n|-resisted|p2a: Umbreon\n|-damage|p2a: Umbreon|88/100 brn\n|-heal|p1a: Comfey|75/225 tox|[from] drain|[of] p2a: Umbreon\n|move|p2a: Umbreon|Wish|p2a: Umbreon\n|\n|-heal|p2a: Umbreon|94/100 brn|[from] item: Leftovers\n|-damage|p1a: Comfey|47/225 tox|[from] psn\n|-damage|p2a: Umbreon|88/100 brn|[from] brn\n|upkeep\n|turn|49\n|inactive|Time left: 300 sec this turn | 300 sec total\n|\n|t:|1783545764\n|switch|p1a: Chansey|Chansey, L85, F|424/564\n|move|p2a: Umbreon|Foul Play|p1a: Chansey\n|-damage|p1a: Chansey|417/564\n|\n|-heal|p2a: Umbreon|100/100 brn|[from] move: Wish|[wisher] Umbreon\n|-damage|p2a: Umbreon|94/100 brn|[from] brn\n|upkeep\n|turn|50\n|inactive|Time left: 300 sec this turn | 300 sec total\n|\n|t:|1783545765\n|switch|p2a: Bombirdier|Bombirdier, L85, F|100/100\n|move|p1a: Chansey|Seismic Toss|p2a: Bombirdier\n|-damage|p2a: Bombirdier|68/100\n|\n|upkeep\n|turn|51\n|inactive|Time left: 300 sec this turn | 300 sec total\n|\n|t:|1783545767\n|move|p2a: Bombirdier|Knock Off|p1a: Chansey\n|-damage|p1a: Chansey|173/564\n|-enditem|p1a: Chansey|Eviolite|[from] move: Knock Off|[of] p2a: Bombirdier\n|move|p1a: Chansey|Soft-Boiled|p1a: Chansey\n|-heal|p1a: Chansey|455/564\n|\n|upkeep\n|turn|52\n|inactive|Time left: 300 sec this turn | 300 sec total\n|\n|t:|1783545768\n|move|p2a: Bombirdier|Roost|p2a: Bombirdier\n|-heal|p2a: Bombirdier|100/100\n|-singleturn|p2a: Bombirdier|move: Roost\n|move|p1a: Chansey|Soft-Boiled|p1a: Chansey\n|-heal|p1a: Chansey|564/564\n|\n|upkeep\n|turn|53\n|inactive|Time left: 300 sec this turn | 300 sec total\n|\n|t:|1783545769\n|switch|p1a: Rotom|Rotom-Heat, L83|192/219 tox\n|move|p2a: Bombirdier|Knock Off|p1a: Rotom\n|-damage|p1a: Rotom|131/219 tox\n|\n|-damage|p1a: Rotom|118/219 tox|[from] psn\n|upkeep\n|turn|54\n|inactive|Time left: 300 sec this turn | 300 sec total\n|\n|t:|1783545770\n|switch|p2a: Umbreon|Umbreon, L84, M, tera:Poison|94/100 brn\n|move|p1a: Rotom|Thunderbolt|p2a: Umbreon\n|-damage|p2a: Umbreon|70/100 brn\n|\n|-heal|p2a: Umbreon|76/100 brn|[from] item: Leftovers\n|-damage|p1a: Rotom|92/219 tox|[from] psn\n|-damage|p2a: Umbreon|70/100 brn|[from] brn\n|upkeep\n|turn|55\n|inactive|Time left: 300 sec this turn | 300 sec total\n|\n|t:|1783545771\n|move|p1a: Rotom|Pain Split|p2a: Umbreon\n|-sethp|p2a: Umbreon|51/100 brn|[from] move: Pain Split|[silent]\n|-sethp|p1a: Rotom|149/219 tox|[from] move: Pain Split\n|move|p2a: Umbreon|Wish|p2a: Umbreon\n|\n|-heal|p2a: Umbreon|57/100 brn|[from] item: Leftovers\n|-damage|p1a: Rotom|110/219 tox|[from] psn\n|-damage|p2a: Umbreon|51/100 brn|[from] brn\n|upkeep\n|turn|56\n|inactive|Time left: 300 sec this turn | 300 sec total\n|\n|t:|1783545772\n|move|p1a: Rotom|Pain Split|p2a: Umbreon\n|-sethp|p2a: Umbreon|44/100 brn|[from] move: Pain Split|[silent]\n|-sethp|p1a: Rotom|129/219 tox|[from] move: Pain Split\n|move|p2a: Umbreon|Foul Play|p1a: Rotom\n|-damage|p1a: Rotom|106/219 tox\n|\n|-heal|p2a: Umbreon|94/100 brn|[from] move: Wish|[wisher] Umbreon\n|-heal|p2a: Umbreon|99/100 brn|[from] item: Leftovers\n|-damage|p1a: Rotom|54/219 tox|[from] psn\n|-damage|p2a: Umbreon|94/100 brn|[from] brn\n|upkeep\n|turn|57\n|inactive|Time left: 300 sec this turn | 300 sec total\n|\n|t:|1783545773\n|move|p1a: Rotom|Pain Split|p2a: Umbreon\n|-sethp|p2a: Umbreon|56/100 brn|[from] move: Pain Split|[silent]\n|-sethp|p1a: Rotom|165/219 tox|[from] move: Pain Split\n|move|p2a: Umbreon|Wish|p2a: Umbreon\n|\n|-heal|p2a: Umbreon|62/100 brn|[from] item: Leftovers\n|-damage|p1a: Rotom|100/219 tox|[from] psn\n|-damage|p2a: Umbreon|56/100 brn|[from] brn\n|upkeep\n|turn|58\n|inactive|Time left: 300 sec this turn | 300 sec total\n|\n|t:|1783545774\n|switch|p1a: Comfey|Comfey, L85, F|47/225 tox\n|move|p2a: Umbreon|Foul Play|p1a: Comfey\n|-resisted|p1a: Comfey\n|-damage|p1a: Comfey|36/225 tox\n|\n|-heal|p2a: Umbreon|100/100 brn|[from] move: Wish|[wisher] Umbreon\n|-damage|p1a: Comfey|22/225 tox|[from] psn\n|-damage|p2a: Umbreon|94/100 brn|[from] brn\n|upkeep\n|turn|59\n|inactive|Time left: 300 sec this turn | 300 sec total\n|\n|t:|1783545776\n|switch|p1a: Rotom|Rotom-Heat, L83|100/219 tox\n|move|p2a: Umbreon|Wish|p2a: Umbreon\n|\n|-heal|p2a: Umbreon|100/100 brn|[from] item: Leftovers\n|-damage|p1a: Rotom|87/219 tox|[from] psn\n|-damage|p2a: Umbreon|94/100 brn|[from] brn\n|upkeep\n|turn|60\n|inactive|Time left: 300 sec this turn | 300 sec total\n|\n|t:|1783545777\n|move|p1a: Rotom|Pain Split|p2a: Umbreon\n|-sethp|p2a: Umbreon|62/100 brn|[from] move: Pain Split|[silent]\n|-sethp|p1a: Rotom|183/219 tox|[from] move: Pain Split\n|move|p2a: Umbreon|Toxic|p1a: Rotom\n|-fail|p1a: Rotom|tox\n|\n|-heal|p2a: Umbreon|100/100 brn|[from] move: Wish|[wisher] Umbreon\n|-damage|p1a: Rotom|157/219 tox|[from] psn\n|-damage|p2a: Umbreon|94/100 brn|[from] brn\n|upkeep\n|turn|61\n|inactive|Time left: 300 sec this turn | 300 sec total\n|\n|t:|1783545778\n|move|p1a: Rotom|Pain Split|p2a: Umbreon\n|-sethp|p2a: Umbreon|74/100 brn|[from] move: Pain Split|[silent]\n|-sethp|p1a: Rotom|218/219 tox|[from] move: Pain Split\n|move|p2a: Umbreon|Wish|p2a: Umbreon\n|\n|-heal|p2a: Umbreon|80/100 brn|[from] item: Leftovers\n|-damage|p1a: Rotom|179/219 tox|[from] psn\n|-damage|p2a: Umbreon|74/100 brn|[from] brn\n|upkeep\n|turn|62\n|inactive|Time left: 300 sec this turn | 300 sec total\n|\n|t:|1783545779\n|switch|p1a: Chansey|Chansey, L85, F|564/564\n|move|p2a: Umbreon|Toxic|p1a: Chansey\n|-status|p1a: Chansey|tox\n|\n|-heal|p2a: Umbreon|100/100 brn|[from] move: Wish|[wisher] Umbreon\n|-damage|p1a: Chansey|529/564 tox|[from] psn\n|-damage|p2a: Umbreon|94/100 brn|[from] brn\n|upkeep\n|turn|63\n|inactive|Time left: 300 sec this turn | 300 sec total\n|\n|t:|1783545780\n|switch|p2a: Bombirdier|Bombirdier, L85, F|100/100\n|-curestatus|p1a: Chansey|tox|[from] ability: Natural Cure|[silent]\n|switch|p1a: Rotom|Rotom-Heat, L83|179/219 tox\n|\n|-damage|p1a: Rotom|166/219 tox|[from] psn\n|upkeep\n|turn|64\n|inactive|Time left: 300 sec this turn | 300 sec total\n|\n|t:|1783545781\n|switch|p2a: Umbreon|Umbreon, L84, M, tera:Poison|94/100 brn\n|move|p1a: Rotom|Will-O-Wisp|p2a: Umbreon\n|-fail|p2a: Umbreon|brn\n|\n|-heal|p2a: Umbreon|100/100 brn|[from] item: Leftovers\n|-damage|p1a: Rotom|140/219 tox|[from] psn\n|-damage|p2a: Umbreon|94/100 brn|[from] brn\n|upkeep\n|turn|65\n|inactive|Time left: 300 sec this turn | 300 sec total\n|\n|t:|1783545782\n|move|p1a: Rotom|Pain Split|p2a: Umbreon\n|-sethp|p2a: Umbreon|71/100 brn|[from] move: Pain Split|[silent]\n|-sethp|p1a: Rotom|209/219 tox|[from] move: Pain Split\n|move|p2a: Umbreon|Wish|p2a: Umbreon\n|\n|-heal|p2a: Umbreon|77/100 brn|[from] item: Leftovers\n|-damage|p1a: Rotom|170/219 tox|[from] psn\n|-damage|p2a: Umbreon|71/100 brn|[from] brn\n|upkeep\n|turn|66\n|inactive|Time left: 300 sec this turn | 300 sec total\n|\n|t:|1783545783\n|switch|p1a: Chansey|Chansey, L85, F|529/564\n|move|p2a: Umbreon|Foul Play|p1a: Chansey\n|-damage|p1a: Chansey|519/564\n|\n|-heal|p2a: Umbreon|100/100 brn|[from] move: Wish|[wisher] Umbreon\n|-damage|p2a: Umbreon|94/100 brn|[from] brn\n|upkeep\n|turn|67\n|inactive|Time left: 300 sec this turn | 300 sec total\n|\n|t:|1783545783\n|switch|p2a: Bombirdier|Bombirdier, L85, F|100/100\n|move|p1a: Chansey|Seismic Toss|p2a: Bombirdier\n|-damage|p2a: Bombirdier|68/100\n|\n|upkeep\n|turn|68\n|inactive|Time left: 300 sec this turn | 300 sec total\n|\n|t:|1783545784\n|switch|p1a: Rotom|Rotom-Heat, L83|170/219 tox\n|move|p2a: Bombirdier|Knock Off|p1a: Rotom\n|-damage|p1a: Rotom|103/219 tox\n|\n|-damage|p1a: Rotom|90/219 tox|[from] psn\n|upkeep\n|turn|69\n|inactive|Time left: 300 sec this turn | 300 sec total\n|\n|t:|1783545785\n|switch|p2a: Umbreon|Umbreon, L84, M, tera:Poison|94/100 brn\n|move|p1a: Rotom|Thunderbolt|p2a: Umbreon\n|-damage|p2a: Umbreon|71/100 brn\n|\n|-heal|p2a: Umbreon|77/100 brn|[from] item: Leftovers\n|-damage|p1a: Rotom|64/219 tox|[from] psn\n|-damage|p2a: Umbreon|71/100 brn|[from] brn\n|upkeep\n|turn|70\n|inactive|Time left: 300 sec this turn | 300 sec total\n|\n|t:|1783545786\n|move|p1a: Rotom|Pain Split|p2a: Umbreon\n|-sethp|p2a: Umbreon|47/100 brn|[from] move: Pain Split|[silent]\n|-sethp|p1a: Rotom|137/219 tox|[from] move: Pain Split\n|move|p2a: Umbreon|Foul Play|p1a: Rotom\n|-damage|p1a: Rotom|115/219 tox\n|\n|-heal|p2a: Umbreon|53/100 brn|[from] item: Leftovers\n|-damage|p1a: Rotom|76/219 tox|[from] psn\n|-damage|p2a: Umbreon|47/100 brn|[from] brn\n|upkeep\n|turn|71\n|inactive|Time left: 300 sec this turn | 300 sec total\n|\n|t:|1783545787\n|move|p1a: Rotom|Pain Split|p2a: Umbreon\n|-sethp|p2a: Umbreon|36/100 brn|[from] move: Pain Split|[silent]\n|-sethp|p1a: Rotom|106/219 tox|[from] move: Pain Split\n|move|p2a: Umbreon|Foul Play|p1a: Rotom\n|-damage|p1a: Rotom|83/219 tox\n|\n|-heal|p2a: Umbreon|42/100 brn|[from] item: Leftovers\n|-damage|p1a: Rotom|31/219 tox|[from] psn\n|-damage|p2a: Umbreon|36/100 brn|[from] brn\n|upkeep\n|turn|72\n|inactive|Time left: 300 sec this turn | 300 sec total\n|\n|t:|1783545788\n|switch|p1a: Chansey|Chansey, L85, F|519/564\n|move|p2a: Umbreon|Foul Play|p1a: Chansey\n|-damage|p1a: Chansey|509/564\n|\n|-heal|p2a: Umbreon|42/100 brn|[from] item: Leftovers\n|-damage|p2a: Umbreon|36/100 brn|[from] brn\n|upkeep\n|turn|73\n|inactive|Time left: 300 sec this turn | 300 sec total\n|\n|t:|1783545789\n|switch|p2a: Bombirdier|Bombirdier, L85, F|68/100\n|move|p1a: Chansey|Seismic Toss|p2a: Bombirdier\n|-damage|p2a: Bombirdier|35/100\n|\n|upkeep\n|turn|74\n|inactive|Time left: 300 sec this turn | 300 sec total\n|\n|t:|1783545791\n|switch|p1a: Rotom|Rotom-Heat, L83|31/219 tox\n|move|p2a: Bombirdier|Roost|p2a: Bombirdier\n|-heal|p2a: Bombirdier|85/100\n|-singleturn|p2a: Bombirdier|move: Roost\n|\n|-damage|p1a: Rotom|18/219 tox|[from] psn\n|upkeep\n|turn|75\n|inactive|Time left: 300 sec this turn | 300 sec total\n|\n|t:|1783545792\n|move|p1a: Rotom|Pain Split|p2a: Bombirdier\n|-sethp|p2a: Bombirdier|46/100|[from] move: Pain Split|[silent]\n|-sethp|p1a: Rotom|117/219 tox|[from] move: Pain Split\n|move|p2a: Bombirdier|Roost|p2a: Bombirdier\n|-heal|p2a: Bombirdier|96/100\n|-singleturn|p2a: Bombirdier|move: Roost\n|\n|-damage|p1a: Rotom|91/219 tox|[from] psn\n|upkeep\n|turn|76\n|inactive|Time left: 300 sec this turn | 300 sec total\n|\n|t:|1783545793\n|switch|p2a: Umbreon|Umbreon, L84, M, tera:Poison|36/100 brn\n|move|p1a: Rotom|Will-O-Wisp|p2a: Umbreon\n|-fail|p2a: Umbreon|brn\n|\n|-heal|p2a: Umbreon|42/100 brn|[from] item: Leftovers\n|-damage|p1a: Rotom|52/219 tox|[from] psn\n|-damage|p2a: Umbreon|36/100 brn|[from] brn\n|upkeep\n|turn|77\n|inactive|Time left: 300 sec this turn | 300 sec total\n|\n|t:|1783545794\n|move|p1a: Rotom|Pain Split|p2a: Umbreon\n|-sethp|p2a: Umbreon|27/100 brn|[from] move: Pain Split|[silent]\n|-sethp|p1a: Rotom|79/219 tox|[from] move: Pain Split\n|move|p2a: Umbreon|Foul Play|p1a: Rotom\n|-damage|p1a: Rotom|55/219 tox\n|\n|-heal|p2a: Umbreon|33/100 brn|[from] item: Leftovers\n|-damage|p1a: Rotom|3/219 tox|[from] psn\n|-damage|p2a: Umbreon|27/100 brn|[from] brn\n|upkeep\n|turn|78\n|inactive|Time left: 300 sec this turn | 300 sec total\n|\n|t:|1783545795\n|move|p2a: Umbreon|Protect|p2a: Umbreon\n|-singleturn|p2a: Umbreon|Protect\n|move|p1a: Rotom|Pain Split|p2a: Umbreon\n|-activate|p2a: Umbreon|move: Protect\n|\n|-heal|p2a: Umbreon|33/100 brn|[from] item: Leftovers\n|-damage|p1a: Rotom|0 fnt|[from] psn\n|faint|p1a: Rotom\n|-damage|p2a: Umbreon|27/100 brn|[from] brn\n|upkeep\n|inactive|Time left: 300 sec this turn | 300 sec total | 5 sec grace\n|\n|t:|1783545796\n|switch|p1a: Chansey|Chansey, L85, F|509/564\n|turn|79\n|inactive|Time left: 300 sec this turn | 300 sec total\n|\n|t:|1783545797\n|move|p2a: Umbreon|Foul Play|p1a: Chansey\n|-damage|p1a: Chansey|498/564\n|move|p1a: Chansey|Thunder Wave||[still]\n|-fail|p1a: Chansey\n|\n|-heal|p2a: Umbreon|33/100 brn|[from] item: Leftovers\n|-damage|p2a: Umbreon|27/100 brn|[from] brn\n|upkeep\n|turn|80\n|inactive|Time left: 300 sec this turn | 300 sec total\n|\n|t:|1783545798\n|switch|p2a: Bombirdier|Bombirdier, L85, F|96/100\n|move|p1a: Chansey|Seismic Toss|p2a: Bombirdier\n|-damage|p2a: Bombirdier|63/100\n|\n|upkeep\n|turn|81\n|inactive|Time left: 300 sec this turn | 300 sec total\n|\n|t:|1783545799\n|move|p2a: Bombirdier|Roost|p2a: Bombirdier\n|-heal|p2a: Bombirdier|100/100\n|-singleturn|p2a: Bombirdier|move: Roost\n|move|p1a: Chansey|Thunder Wave|p2a: Bombirdier\n|-status|p2a: Bombirdier|par\n|\n|upkeep\n|turn|82\n|inactive|Time left: 300 sec this turn | 300 sec total\n|\n|t:|1783545800\n|move|p1a: Chansey|Seismic Toss|p2a: Bombirdier\n|-damage|p2a: Bombirdier|68/100 par\n|move|p2a: Bombirdier|Knock Off|p1a: Chansey\n|-damage|p1a: Chansey|263/564\n|\n|upkeep\n|turn|83\n|inactive|Time left: 300 sec this turn | 300 sec total\n|\n|t:|1783545801\n|move|p1a: Chansey|Soft-Boiled|p1a: Chansey\n|-heal|p1a: Chansey|545/564\n|cant|p2a: Bombirdier|par\n|\n|upkeep\n|turn|84\n|inactive|Time left: 300 sec this turn | 300 sec total\n|\n|t:|1783545802\n|move|p1a: Chansey|Seismic Toss|p2a: Bombirdier\n|-damage|p2a: Bombirdier|35/100 par\n|cant|p2a: Bombirdier|par\n|\n|upkeep\n|turn|85\n|inactive|Time left: 300 sec this turn | 300 sec total\n|\n|t:|1783545803\n|move|p1a: Chansey|Seismic Toss|p2a: Bombirdier\n|-damage|p2a: Bombirdier|2/100 par\n|move|p2a: Bombirdier|Roost|p2a: Bombirdier\n|-heal|p2a: Bombirdier|52/100 par\n|-singleturn|p2a: Bombirdier|move: Roost\n|\n|upkeep\n|turn|86\n|inactive|Time left: 300 sec this turn | 300 sec total\n|\n|t:|1783545804\n|move|p1a: Chansey|Seismic Toss|p2a: Bombirdier\n|-damage|p2a: Bombirdier|19/100 par\n|move|p2a: Bombirdier|Roost|p2a: Bombirdier\n|-heal|p2a: Bombirdier|69/100 par\n|-singleturn|p2a: Bombirdier|move: Roost\n|\n|upkeep\n|turn|87\n|inactive|Time left: 300 sec this turn | 300 sec total\n|\n|t:|1783545804\n|move|p1a: Chansey|Stealth Rock|p2a: Bombirdier\n|-sidestart|p2: p0y51497b6|move: Stealth Rock\n|cant|p2a: Bombirdier|par\n|\n|upkeep\n|turn|88\n|inactive|Time left: 300 sec this turn | 300 sec total\n|\n|t:|1783545805\n|move|p1a: Chansey|Seismic Toss|p2a: Bombirdier\n|-damage|p2a: Bombirdier|36/100 par\n|cant|p2a: Bombirdier|par\n|\n|upkeep\n|turn|89\n|inactive|Time left: 300 sec this turn | 300 sec total\n|\n|t:|1783545806\n|switch|p1a: Comfey|Comfey, L85, F|22/225 tox\n|move|p2a: Bombirdier|Brave Bird|p1a: Comfey\n|-damage|p1a: Comfey|0 fnt\n|faint|p1a: Comfey\n|-damage|p2a: Bombirdier|33/100 par|[from] Recoil\n|\n|upkeep\n|inactive|Time left: 300 sec this turn | 300 sec total | 5 sec grace\n|\n|t:|1783545807\n|switch|p1a: Chansey|Chansey, L85, F|545/564\n|turn|90\n|inactive|Time left: 300 sec this turn | 300 sec total\n|\n|t:|1783545808\n|move|p2a: Bombirdier|Sucker Punch|p1a: Chansey\n|-damage|p1a: Chansey|248/564\n|move|p1a: Chansey|Seismic Toss|p2a: Bombirdier\n|-damage|p2a: Bombirdier|0 fnt\n|faint|p2a: Bombirdier\n|\n|upkeep\n|\n|t:|1783545809\n|switch|p2a: Cramorant|Cramorant, L86, M|100/100\n|turn|91\n|inactive|Time left: 300 sec this turn | 300 sec total\n|\n|t:|1783545809\n|move|p2a: Cramorant|Brave Bird|p1a: Chansey\n|-damage|p1a: Chansey|0 fnt\n|faint|p1a: Chansey\n|-damage|p2a: Cramorant|69/100|[from] Recoil\n|\n|upkeep\n|inactive|Time left: 300 sec this turn | 300 sec total | 5 sec grace\n|\n|t:|1783545810\n|switch|p1a: Banette|Banette, L93, M|270/270\n|turn|92\n|inactive|Time left: 300 sec this turn | 300 sec total\n|\n|t:|1783545811\n|move|p2a: Cramorant|Surf|p1a: Banette\n|-formechange|p2a: Cramorant|Cramorant-Gulping|\n|-damage|p1a: Banette|174/270\n|move|p1a: Banette|Poltergeist|p2a: Cramorant\n|-activate|p2a: Cramorant|move: Poltergeist|Heavy-Duty Boots\n|-crit|p2a: Cramorant\n|-damage|p2a: Cramorant|0 fnt\n|-damage|p1a: Banette|107/270|[from] ability: Gulp Missile|[of] p2a: Cramorant\n|-unboost|p1a: Banette|def|1\n|-formechange|p2a: Cramorant|Cramorant|\n|faint|p2a: Cramorant\n|-damage|p1a: Banette|80/270|[from] item: Life Orb\n|\n|upkeep\n|\n|t:|1783545812\n|switch|p2a: Umbreon|Umbreon, L84, M, tera:Poison|27/100 brn\n|-damage|p2a: Umbreon|15/100 brn|[from] Stealth Rock\n|turn|93\n|inactive|Time left: 300 sec this turn | 300 sec total\n|\n|t:|1783545813\n|move|p2a: Umbreon|Protect|p2a: Umbreon\n|-singleturn|p2a: Umbreon|Protect\n|move|p1a: Banette|Shadow Sneak|p2a: Umbreon\n|-activate|p2a: Umbreon|move: Protect\n|\n|-heal|p2a: Umbreon|21/100 brn|[from] item: Leftovers\n|-damage|p2a: Umbreon|15/100 brn|[from] brn\n|upkeep\n|turn|94\n|inactive|Time left: 300 sec this turn | 300 sec total\n|\n|t:|1783545814\n|move|p2a: Umbreon|Protect||[still]\n|-fail|p2a: Umbreon\n|move|p1a: Banette|Shadow Sneak|p2a: Umbreon\n|-damage|p2a: Umbreon|0 fnt\n|faint|p2a: Umbreon\n|-damage|p1a: Banette|53/270|[from] item: Life Orb\n|\n|win|p0x514c3dc", "uploadtime": 1783545814, "views": 0, "rating": 0, "private": 0, "password": null, "_winner": "p0x514c3dc", "_our_name": "p0x514c3dc"}