{"id": "battle-gen9randombattle-2525", "formatid": "gen9randombattle", "format": "[Gen 9] Random Battle", "players": ["p0x2525f541", "p0y25255812"], "log": "|init|battle\n|title|p0x2525f541 vs. p0y25255812\n|j|\u2606p0x2525f541\n|j|\u2606p0y25255812\n|t:|1783569233\n|gametype|singles\n|player|p1|p0x2525f541|265|\n|player|p2|p0y25255812|2|\n|gen|9\n|tier|[Gen 9] Random Battle\n|rule|Species Clause: Limit one of each Pok\u00e9mon\n|rule|HP Percentage Mod: HP is shown in percentages\n|rule|Sleep Clause Mod: Limit one foe put to sleep\n|rule|Illusion Level Mod: Illusion disguises the Pok\u00e9mon's true level\n|\n|t:|1783569233\n|teamsize|p1|6\n|teamsize|p2|6\n|start\n|switch|p1a: Trevenant|Trevenant, L89, F|100/100\n|switch|p2a: Raging Bolt|Raging Bolt, L78|323/323\n|turn|1\n|inactive|Battle timer is ON: inactive players will automatically lose when time's up. (requested by p0x2525f541)\n|inactive|Time left: 300 sec this turn | 300 sec total | 60 sec grace\n|inactive|p0y25255812 also wants the timer to be on.\n|\n|t:|1783569235\n|move|p2a: Raging Bolt|Volt Switch|p1a: Trevenant\n|-resisted|p1a: Trevenant\n|-damage|p1a: Trevenant|87/100\n|inactive|Time left: 300 sec this turn | 300 sec total | 65 sec grace\n|\n|t:|1783569236\n|-end|p2a: Raging Bolt|Protosynthesis|[silent]\n|switch|p2a: Komala|Komala, L87, M|255/255|[from] Volt Switch\n|-ability|p2a: Komala|Comatose\n|move|p1a: Trevenant|Poltergeist|p2a: Komala\n|-immune|p2a: Komala\n|\n|upkeep\n|turn|2\n|inactive|Time left: 300 sec this turn | 300 sec total\n|\n|t:|1783569237\n|move|p2a: Komala|Knock Off|p1a: Trevenant\n|-supereffective|p1a: Trevenant\n|-damage|p1a: Trevenant|31/100\n|-enditem|p1a: Trevenant|Life Orb|[from] move: Knock Off|[of] p2a: Komala\n|move|p1a: Trevenant|Horn Leech|p2a: Komala\n|-damage|p2a: Komala|140/255\n|-heal|p1a: Trevenant|50/100|[from] drain|[of] p2a: Komala\n|\n|upkeep\n|turn|3\n|inactive|Time left: 300 sec this turn | 300 sec total\n|\n|t:|1783569238\n|move|p2a: Komala|Knock Off|p1a: Trevenant\n|-supereffective|p1a: Trevenant\n|-damage|p1a: Trevenant|11/100\n|move|p1a: Trevenant|Drain Punch|p2a: Komala\n|-supereffective|p2a: Komala\n|-damage|p2a: Komala|0 fnt\n|-heal|p1a: Trevenant|35/100|[from] drain|[of] p2a: Komala\n|faint|p2a: Komala\n|\n|upkeep\n|inactive|Time left: 300 sec this turn | 300 sec total | 5 sec grace\n|\n|t:|1783569239\n|switch|p2a: Braviary|Braviary-Hisui, L85, M|326/326\n|turn|4\n|inactive|Time left: 300 sec this turn | 300 sec total\n|\n|t:|1783569240\n|move|p2a: Braviary|Esper Wing|p1a: Trevenant\n|-damage|p1a: Trevenant|0 fnt\n|-boost|p2a: Braviary|spe|1\n|faint|p1a: Trevenant\n|\n|upkeep\n|\n|t:|1783569241\n|switch|p1a: Samurott|Samurott-Hisui, L77, M|100/100\n|turn|5\n|inactive|Time left: 300 sec this turn | 300 sec total\n|\n|t:|1783569242\n|switch|p2a: Raging Bolt|Raging Bolt, L78|323/323\n|move|p1a: Samurott|Ceaseless Edge|p2a: Raging Bolt|[miss]\n|-miss|p1a: Samurott|p2a: Raging Bolt\n|\n|upkeep\n|turn|6\n|inactive|Time left: 300 sec this turn | 300 sec total\n|\n|t:|1783569243\n|switch|p1a: Galvantula|Galvantula, L82, M|100/100\n|move|p2a: Raging Bolt|Discharge|p1a: Galvantula\n|-resisted|p1a: Galvantula\n|-damage|p1a: Galvantula|76/100\n|\n|upkeep\n|turn|7\n|inactive|Time left: 300 sec this turn | 300 sec total\n|\n|t:|1783569244\n|move|p1a: Galvantula|Sticky Web|p2a: Raging Bolt\n|-sidestart|p2: p0y25255812|move: Sticky Web\n|move|p2a: Raging Bolt|Draco Meteor|p1a: Galvantula\n|-damage|p1a: Galvantula|0 fnt\n|-unboost|p2a: Raging Bolt|spa|2\n|faint|p1a: Galvantula\n|\n|upkeep\n|\n|t:|1783569244\n|switch|p1a: Blastoise|Blastoise, L80, M|100/100\n|turn|8\n|inactive|Time left: 300 sec this turn | 300 sec total\n|\n|t:|1783569245\n|move|p1a: Blastoise|Shell Smash|p1a: Blastoise\n|-unboost|p1a: Blastoise|def|1\n|-unboost|p1a: Blastoise|spd|1\n|-boost|p1a: Blastoise|atk|2\n|-boost|p1a: Blastoise|spa|2\n|-boost|p1a: Blastoise|spe|2\n|-enditem|p1a: Blastoise|White Herb\n|-clearnegativeboost|p1a: Blastoise|[silent]\n|move|p2a: Raging Bolt|Volt Switch|p1a: Blastoise\n|-supereffective|p1a: Blastoise\n|-crit|p1a: Blastoise\n|-damage|p1a: Blastoise|14/100\n|inactive|Time left: 300 sec this turn | 300 sec total | 5 sec grace\n|\n|t:|1783569246\n|-end|p2a: Raging Bolt|Protosynthesis|[silent]\n|switch|p2a: Lapras|Lapras, L87, F|367/367|[from] Volt Switch\n|-activate|p2a: Lapras|move: Sticky Web\n|-unboost|p2a: Lapras|spe|1\n|\n|upkeep\n|turn|9\n|inactive|Time left: 300 sec this turn | 300 sec total\n|\n|t:|1783569247\n|move|p1a: Blastoise|Earthquake|p2a: Lapras\n|-damage|p2a: Lapras|257/367\n|move|p2a: Lapras|Waterfall|p1a: Blastoise\n|-resisted|p1a: Blastoise\n|-damage|p1a: Blastoise|0 fnt\n|faint|p1a: Blastoise\n|\n|upkeep\n|\n|t:|1783569247\n|switch|p1a: Samurott|Samurott-Hisui, L77, M|100/100\n|turn|10\n|inactive|Time left: 300 sec this turn | 300 sec total\n|\n|t:|1783569248\n|switch|p2a: Ribombee|Ribombee, L83, M|235/235\n|move|p1a: Samurott|Ceaseless Edge|p2a: Ribombee\n|-resisted|p2a: Ribombee\n|-damage|p2a: Ribombee|138/235\n|-sidestart|p2: p0y25255812|Spikes\n|\n|upkeep\n|turn|11\n|inactive|Time left: 300 sec this turn | 300 sec total\n|\n|t:|1783569249\n|-terastallize|p1a: Samurott|Poison\n|move|p2a: Ribombee|Moonblast|p1a: Samurott\n|-resisted|p1a: Samurott\n|-damage|p1a: Samurott|77/100\n|move|p1a: Samurott|Ceaseless Edge|p2a: Ribombee\n|-resisted|p2a: Ribombee\n|-damage|p2a: Ribombee|44/235\n|-sidestart|p2: p0y25255812|Spikes\n|\n|upkeep\n|turn|12\n|inactive|Time left: 300 sec this turn | 300 sec total\n|\n|t:|1783569250\n|-terastallize|p2a: Ribombee|Ground\n|move|p2a: Ribombee|Tera Blast|p1a: Samurott|[anim] Tera Blast Ground\n|-supereffective|p1a: Samurott\n|-damage|p1a: Samurott|0 fnt\n|faint|p1a: Samurott\n|\n|upkeep\n|\n|t:|1783569251\n|switch|p1a: Scizor|Scizor, L79, M|100/100\n|turn|13\n|inactive|Time left: 300 sec this turn | 300 sec total\n|\n|t:|1783569252\n|move|p2a: Ribombee|Tera Blast|p1a: Scizor|[anim] Tera Blast Ground\n|-damage|p1a: Scizor|63/100\n|move|p1a: Scizor|Knock Off|p2a: Ribombee\n|-damage|p2a: Ribombee|0 fnt\n|-enditem|p2a: Ribombee|Heavy-Duty Boots|[from] move: Knock Off|[of] p1a: Scizor\n|faint|p2a: Ribombee\n|\n|upkeep\n|inactive|Time left: 300 sec this turn | 300 sec total | 5 sec grace\n|\n|t:|1783569253\n|switch|p2a: Braviary|Braviary-Hisui, L85, M|326/326\n|turn|14\n|inactive|Time left: 300 sec this turn | 300 sec total\n|\n|t:|1783569254\n|switch|p1a: Terapagos|Terapagos, L77, F|100/100\n|-activate|p1a: Terapagos|ability: Tera Shift\n|detailschange|p1a: Terapagos|Terapagos-Terastal, L77, F\n|-heal|p1a: Terapagos|100/100|[silent]\n|move|p2a: Braviary|Esper Wing|p1a: Terapagos\n|-activate|p1a: Terapagos|ability: Tera Shell\n|-resisted|p1a: Terapagos\n|-damage|p1a: Terapagos|49/100\n|-boost|p2a: Braviary|spe|1\n|\n|upkeep\n|turn|15\n|inactive|Time left: 300 sec this turn | 300 sec total\n|\n|t:|1783569255\n|move|p2a: Braviary|Esper Wing|p1a: Terapagos\n|-damage|p1a: Terapagos|0 fnt\n|-boost|p2a: Braviary|spe|1\n|faint|p1a: Terapagos\n|\n|upkeep\n|\n|t:|1783569256\n|switch|p1a: Scizor|Scizor, L79, M|63/100\n|turn|16\n|inactive|Time left: 300 sec this turn | 300 sec total\n|\n|t:|1783569257\n|move|p2a: Braviary|Esper Wing|p1a: Scizor\n|-resisted|p1a: Scizor\n|-damage|p1a: Scizor|0 fnt\n|-boost|p2a: Braviary|spe|1\n|faint|p1a: Scizor\n|\n|win|p0y25255812", "uploadtime": 1783569257, "views": 0, "rating": 0, "private": 0, "password": null, "_winner": "p0y25255812", "_our_name": "p0y25255812"}