{"id": "battle-gen9randombattle-2620", "formatid": "gen9randombattle", "format": "[Gen 9] Random Battle", "players": ["p0x26202b55", "p0y26202c1f"], "log": "|init|battle\n|title|p0x26202b55 vs. p0y26202c1f\n|j|\u2606p0x26202b55\n|j|\u2606p0y26202c1f\n|t:|1783569271\n|gametype|singles\n|player|p1|p0x26202b55|101|\n|player|p2|p0y26202c1f|2|\n|gen|9\n|tier|[Gen 9] Random Battle\n|rule|Species Clause: Limit one of each Pok\u00e9mon\n|rule|HP Percentage Mod: HP is shown in percentages\n|rule|Sleep Clause Mod: Limit one foe put to sleep\n|rule|Illusion Level Mod: Illusion disguises the Pok\u00e9mon's true level\n|\n|t:|1783569271\n|teamsize|p1|6\n|teamsize|p2|6\n|start\n|switch|p1a: Lunala|Lunala, L70|100/100\n|switch|p2a: Cetitan|Cetitan, L82, M|412/412\n|turn|1\n|inactive|Battle timer is ON: inactive players will automatically lose when time's up. (requested by p0x26202b55)\n|inactive|Time left: 300 sec this turn | 300 sec total | 60 sec grace\n|inactive|p0y26202c1f also wants the timer to be on.\n|\n|t:|1783569272\n|move|p1a: Lunala|Calm Mind|p1a: Lunala\n|-boost|p1a: Lunala|spa|1\n|-boost|p1a: Lunala|spd|1\n|move|p2a: Cetitan|Belly Drum|p2a: Cetitan\n|-damage|p2a: Cetitan|206/412\n|-setboost|p2a: Cetitan|atk|6|[from] move: Belly Drum\n|-enditem|p2a: Cetitan|Sitrus Berry|[eat]\n|-heal|p2a: Cetitan|309/412|[from] item: Sitrus Berry\n|\n|upkeep\n|turn|2\n|inactive|Time left: 300 sec this turn | 300 sec total\n|\n|t:|1783569273\n|move|p1a: Lunala|Moongeist Beam|p2a: Cetitan\n|-damage|p2a: Cetitan|98/412\n|move|p2a: Cetitan|Ice Spinner|p1a: Lunala\n|-damage|p1a: Lunala|28/100\n|\n|-heal|p1a: Lunala|35/100|[from] item: Leftovers\n|upkeep\n|turn|3\n|inactive|Time left: 300 sec this turn | 300 sec total\n|\n|t:|1783569273\n|switch|p1a: Samurott|Samurott, L88, F|100/100\n|move|p2a: Cetitan|Ice Shard|p1a: Samurott\n|-resisted|p1a: Samurott\n|-damage|p1a: Samurott|74/100\n|\n|upkeep\n|turn|4\n|inactive|Time left: 300 sec this turn | 300 sec total\n|\n|t:|1783569275\n|move|p1a: Samurott|Sacred Sword|p2a: Cetitan\n|-supereffective|p2a: Cetitan\n|-damage|p2a: Cetitan|0 fnt\n|faint|p2a: Cetitan\n|\n|upkeep\n|inactive|Time left: 300 sec this turn | 300 sec total | 5 sec grace\n|\n|t:|1783569276\n|switch|p2a: Vileplume|Vileplume, L85, M|266/266\n|turn|5\n|inactive|Time left: 300 sec this turn | 300 sec total\n|\n|t:|1783569277\n|switch|p1a: Flareon|Flareon, L90, F|100/100\n|move|p2a: Vileplume|Giga Drain|p1a: Flareon\n|-resisted|p1a: Flareon\n|-damage|p1a: Flareon|88/100\n|\n|-status|p1a: Flareon|tox|[from] item: Toxic Orb\n|upkeep\n|turn|6\n|inactive|Time left: 300 sec this turn | 300 sec total\n|\n|t:|1783569278\n|move|p1a: Flareon|Flare Blitz|p2a: Vileplume\n|-supereffective|p2a: Vileplume\n|-damage|p2a: Vileplume|0 fnt\n|faint|p2a: Vileplume\n|-damage|p1a: Flareon|54/100 tox|[from] Recoil\n|\n|-damage|p1a: Flareon|48/100 tox|[from] psn\n|upkeep\n|inactive|Time left: 300 sec this turn | 300 sec total | 5 sec grace\n|\n|t:|1783569279\n|switch|p2a: Mamoswine|Mamoswine, L81, F|311/311\n|turn|7\n|inactive|Time left: 300 sec this turn | 300 sec total\n|\n|t:|1783569280\n|switch|p1a: Hydreigon|Hydreigon, L79, M|100/100\n|move|p2a: Mamoswine|Earthquake|p1a: Hydreigon\n|-immune|p1a: Hydreigon|[from] ability: Levitate\n|\n|upkeep\n|turn|8\n|inactive|Time left: 300 sec this turn | 300 sec total\n|\n|t:|1783569281\n|move|p1a: Hydreigon|Nasty Plot|p1a: Hydreigon\n|-boost|p1a: Hydreigon|spa|2\n|move|p2a: Mamoswine|Earthquake|p1a: Hydreigon\n|-immune|p1a: Hydreigon|[from] ability: Levitate\n|\n|upkeep\n|turn|9\n|inactive|Time left: 300 sec this turn | 300 sec total\n|\n|t:|1783569282\n|switch|p2a: Zebstrika|Zebstrika, L87, F|272/272\n|move|p1a: Hydreigon|Dark Pulse|p2a: Zebstrika\n|-damage|p2a: Zebstrika|0 fnt\n|faint|p2a: Zebstrika\n|-damage|p1a: Hydreigon|91/100|[from] item: Life Orb\n|\n|upkeep\n|inactive|Time left: 300 sec this turn | 300 sec total | 5 sec grace\n|\n|t:|1783569283\n|switch|p2a: Mamoswine|Mamoswine, L81, F|311/311\n|turn|10\n|inactive|Time left: 300 sec this turn | 300 sec total\n|\n|t:|1783569284\n|move|p2a: Mamoswine|Ice Shard|p1a: Hydreigon\n|-supereffective|p1a: Hydreigon\n|-damage|p1a: Hydreigon|32/100\n|move|p1a: Hydreigon|Flash Cannon|p2a: Mamoswine\n|-supereffective|p2a: Mamoswine\n|-damage|p2a: Mamoswine|0 fnt\n|faint|p2a: Mamoswine\n|-damage|p1a: Hydreigon|22/100|[from] item: Life Orb\n|\n|upkeep\n|inactive|Time left: 300 sec this turn | 300 sec total | 5 sec grace\n|\n|t:|1783569285\n|switch|p2a: Deoxys|Deoxys-Defense, L84|221/221\n|-ability|p2a: Deoxys|Pressure\n|turn|11\n|inactive|Time left: 300 sec this turn | 300 sec total\n|\n|t:|1783569286\n|-terastallize|p2a: Deoxys|Steel\n|move|p1a: Hydreigon|Dark Pulse|p2a: Deoxys\n|-damage|p2a: Deoxys|72/221\n|-damage|p1a: Hydreigon|12/100|[from] item: Life Orb\n|move|p2a: Deoxys|Night Shade|p1a: Hydreigon\n|-damage|p1a: Hydreigon|0 fnt\n|faint|p1a: Hydreigon\n|\n|-heal|p2a: Deoxys|85/221|[from] item: Leftovers\n|upkeep\n|\n|t:|1783569287\n|switch|p1a: Whiscash|Whiscash, L88, M|100/100\n|turn|12\n|inactive|Time left: 300 sec this turn | 300 sec total\n|\n|t:|1783569288\n|move|p2a: Deoxys|Recover|p2a: Deoxys\n|-heal|p2a: Deoxys|196/221\n|move|p1a: Whiscash|Dragon Dance|p1a: Whiscash\n|-boost|p1a: Whiscash|atk|1\n|-boost|p1a: Whiscash|spe|1\n|\n|-heal|p2a: Deoxys|209/221|[from] item: Leftovers\n|upkeep\n|turn|13\n|inactive|Time left: 300 sec this turn | 300 sec total\n|\n|t:|1783569289\n|switch|p2a: Weezing|Weezing, L88, M|258/258\n|-terastallize|p1a: Whiscash|Ground\n|move|p1a: Whiscash|Earthquake|p2a: Weezing\n|-immune|p2a: Weezing|[from] ability: Levitate\n|\n|upkeep\n|turn|14\n|inactive|Time left: 300 sec this turn | 300 sec total\n|\n|t:|1783569290\n|move|p1a: Whiscash|Dragon Dance|p1a: Whiscash\n|-boost|p1a: Whiscash|atk|1\n|-boost|p1a: Whiscash|spe|1\n|move|p2a: Weezing|Toxic Spikes|p1a: Whiscash\n|-sidestart|p1: p0x26202b55|move: Toxic Spikes\n|\n|upkeep\n|turn|15\n|inactive|Time left: 300 sec this turn | 300 sec total\n|\n|t:|1783569291\n|move|p1a: Whiscash|Liquidation|p2a: Weezing\n|-damage|p2a: Weezing|86/258\n|-unboost|p2a: Weezing|def|1\n|-damage|p1a: Whiscash|91/100|[from] item: Life Orb\n|move|p2a: Weezing|Pain Split|p1a: Whiscash\n|-sethp|p1a: Whiscash|58/100|[from] move: Pain Split|[silent]\n|-sethp|p2a: Weezing|195/258|[from] move: Pain Split\n|\n|-heal|p2a: Weezing|211/258|[from] item: Leftovers\n|upkeep\n|turn|16\n|inactive|Time left: 300 sec this turn | 300 sec total\n|\n|t:|1783569292\n|switch|p2a: Deoxys|Deoxys-Defense, L84, tera:Steel|209/221\n|-ability|p2a: Deoxys|Pressure\n|move|p1a: Whiscash|Liquidation|p2a: Deoxys\n|-damage|p2a: Deoxys|73/221\n|-damage|p1a: Whiscash|49/100|[from] item: Life Orb\n|\n|-heal|p2a: Deoxys|86/221|[from] item: Leftovers\n|upkeep\n|turn|17\n|inactive|Time left: 300 sec this turn | 300 sec total\n|\n|t:|1783569293\n|switch|p2a: Weezing|Weezing, L88, M|211/258\n|move|p1a: Whiscash|Liquidation|p2a: Weezing\n|-damage|p2a: Weezing|59/258\n|-damage|p1a: Whiscash|39/100|[from] item: Life Orb\n|\n|-heal|p2a: Weezing|75/258|[from] item: Leftovers\n|upkeep\n|turn|18\n|inactive|Time left: 300 sec this turn | 300 sec total\n|\n|t:|1783569294\n|move|p1a: Whiscash|Liquidation|p2a: Weezing\n|-damage|p2a: Weezing|0 fnt\n|faint|p2a: Weezing\n|-damage|p1a: Whiscash|29/100|[from] item: Life Orb\n|\n|upkeep\n|inactive|Time left: 300 sec this turn | 300 sec total | 5 sec grace\n|\n|t:|1783569295\n|switch|p2a: Deoxys|Deoxys-Defense, L84, tera:Steel|86/221\n|-ability|p2a: Deoxys|Pressure\n|turn|19\n|inactive|Time left: 300 sec this turn | 300 sec total\n|\n|t:|1783569296\n|move|p1a: Whiscash|Liquidation|p2a: Deoxys\n|-damage|p2a: Deoxys|0 fnt\n|faint|p2a: Deoxys\n|-damage|p1a: Whiscash|19/100|[from] item: Life Orb\n|\n|win|p0x26202b55", "uploadtime": 1783569296, "views": 0, "rating": 0, "private": 0, "password": null, "_winner": "p0x26202b55", "_our_name": "p0y26202c1f"}