{"id": "battle-gen9randombattle-2023", "formatid": "gen9randombattle", "format": "[Gen 9] Random Battle", "players": ["p0x2023b13d", "p0y2023148c"], "log": "|init|battle\n|title|p0x2023b13d vs. p0y2023148c\n|j|\u2606p0x2023b13d\n|j|\u2606p0y2023148c\n|t:|1783563442\n|gametype|singles\n|player|p1|p0x2023b13d|266|\n|player|p2|p0y2023148c|1|\n|gen|9\n|tier|[Gen 9] Random Battle\n|rule|Species Clause: Limit one of each Pok\u00e9mon\n|rule|HP Percentage Mod: HP is shown in percentages\n|rule|Sleep Clause Mod: Limit one foe put to sleep\n|rule|Illusion Level Mod: Illusion disguises the Pok\u00e9mon's true level\n|\n|t:|1783563442\n|teamsize|p1|6\n|teamsize|p2|6\n|start\n|switch|p1a: Komala|Komala, L87, M|100/100\n|switch|p2a: Emboar|Emboar, L84, F|322/322\n|-ability|p1a: Komala|Comatose\n|turn|1\n|inactive|Battle timer is ON: inactive players will automatically lose when time's up. (requested by p0y2023148c)\n|inactive|p0x2023b13d also wants the timer to be on.\n|\n|t:|1783563443\n|switch|p1a: Landorus|Landorus-Therian, L76, M|100/100\n|-ability|p1a: Landorus|Intimidate|boost\n|-unboost|p2a: Emboar|atk|1\n|move|p2a: Emboar|Flare Blitz|p1a: Landorus\n|-damage|p1a: Landorus|53/100\n|-status|p1a: Landorus|brn\n|-damage|p2a: Emboar|281/322|[from] Recoil\n|\n|-heal|p1a: Landorus|59/100 brn|[from] item: Leftovers\n|-damage|p1a: Landorus|53/100 brn|[from] brn\n|upkeep\n|turn|2\n|inactive|Time left: 300 sec this turn | 300 sec total\n|\n|t:|1783563444\n|switch|p2a: Azumarill|Azumarill, L82, M|298/298\n|move|p1a: Landorus|Earthquake|p2a: Azumarill\n|-damage|p2a: Azumarill|232/298\n|\n|-heal|p1a: Landorus|59/100 brn|[from] item: Leftovers\n|-damage|p1a: Landorus|53/100 brn|[from] brn\n|upkeep\n|turn|3\n|inactive|Time left: 300 sec this turn | 300 sec total\n|\n|t:|1783563446\n|move|p2a: Azumarill|Aqua Jet|p1a: Landorus\n|-supereffective|p1a: Landorus\n|-damage|p1a: Landorus|0 fnt\n|faint|p1a: Landorus\n|\n|upkeep\n|\n|t:|1783563447\n|switch|p1a: Greedent|Greedent, L86, M|100/100\n|turn|4\n|inactive|Time left: 300 sec this turn | 300 sec total\n|\n|t:|1783563448\n|switch|p2a: Incineroar|Incineroar, L82, F|290/290\n|-ability|p2a: Incineroar|Intimidate|boost\n|-unboost|p1a: Greedent|atk|1\n|move|p1a: Greedent|Swords Dance|p1a: Greedent\n|-boost|p1a: Greedent|atk|2\n|\n|upkeep\n|turn|5\n|inactive|Time left: 300 sec this turn | 300 sec total\n|\n|t:|1783563449\n|move|p2a: Incineroar|Fake Out|p1a: Greedent\n|-damage|p1a: Greedent|93/100\n|cant|p1a: Greedent|flinch\n|\n|upkeep\n|turn|6\n|inactive|Time left: 300 sec this turn | 300 sec total\n|\n|t:|1783563450\n|switch|p2a: Vespiquen|Vespiquen, L99, F|299/299\n|-ability|p2a: Vespiquen|Pressure\n|move|p1a: Greedent|Swords Dance|p1a: Greedent\n|-boost|p1a: Greedent|atk|2\n|\n|upkeep\n|turn|7\n|inactive|Time left: 300 sec this turn | 300 sec total\n|\n|t:|1783563452\n|move|p2a: Vespiquen|Toxic|p1a: Greedent\n|-status|p1a: Greedent|tox\n|move|p1a: Greedent|Body Slam|p2a: Vespiquen\n|-damage|p2a: Vespiquen|113/299\n|\n|-damage|p1a: Greedent|87/100 tox|[from] psn\n|upkeep\n|turn|8\n|inactive|Time left: 300 sec this turn | 300 sec total\n|\n|t:|1783563453\n|move|p2a: Vespiquen|Roost|p2a: Vespiquen\n|-heal|p2a: Vespiquen|263/299\n|-singleturn|p2a: Vespiquen|move: Roost\n|move|p1a: Greedent|Body Slam|p2a: Vespiquen\n|-damage|p2a: Vespiquen|88/299\n|-status|p2a: Vespiquen|par\n|\n|-damage|p1a: Greedent|75/100 tox|[from] psn\n|upkeep\n|turn|9\n|inactive|Time left: 300 sec this turn | 300 sec total\n|\n|t:|1783563454\n|move|p1a: Greedent|Body Slam|p2a: Vespiquen\n|-damage|p2a: Vespiquen|0 fnt\n|faint|p2a: Vespiquen\n|\n|-damage|p1a: Greedent|56/100 tox|[from] psn\n|upkeep\n|inactive|Time left: 300 sec this turn | 300 sec total | 5 sec grace\n|\n|t:|1783563455\n|switch|p2a: Emboar|Emboar, L84, F|281/322\n|turn|10\n|inactive|Time left: 300 sec this turn | 300 sec total\n|\n|t:|1783563456\n|-terastallize|p2a: Emboar|Fire\n|move|p2a: Emboar|Flare Blitz|p1a: Greedent\n|-damage|p1a: Greedent|0 fnt\n|faint|p1a: Greedent\n|-damage|p2a: Emboar|217/322|[from] Recoil\n|\n|upkeep\n|\n|t:|1783563457\n|switch|p1a: Iron Treads|Iron Treads, L77|100/100\n|turn|11\n|inactive|Time left: 300 sec this turn | 300 sec total\n|\n|t:|1783563458\n|switch|p2a: Azumarill|Azumarill, L82, M|232/298\n|move|p1a: Iron Treads|Earthquake|p2a: Azumarill\n|-damage|p2a: Azumarill|124/298\n|\n|upkeep\n|turn|12\n|inactive|Time left: 300 sec this turn | 300 sec total\n|\n|t:|1783563460\n|move|p1a: Iron Treads|Iron Head|p2a: Azumarill\n|-damage|p2a: Azumarill|33/298\n|move|p2a: Azumarill|Liquidation|p1a: Iron Treads\n|-supereffective|p1a: Iron Treads\n|-damage|p1a: Iron Treads|3/100\n|\n|-heal|p1a: Iron Treads|9/100|[from] item: Leftovers\n|upkeep\n|turn|13\n|inactive|Time left: 300 sec this turn | 300 sec total\n|\n|t:|1783563461\n|switch|p2a: Incineroar|Incineroar, L82, F|290/290\n|-ability|p2a: Incineroar|Intimidate|boost\n|-unboost|p1a: Iron Treads|atk|1\n|move|p1a: Iron Treads|Earthquake|p2a: Incineroar\n|-supereffective|p2a: Incineroar\n|-damage|p2a: Incineroar|162/290\n|\n|-heal|p1a: Iron Treads|15/100|[from] item: Leftovers\n|upkeep\n|turn|14\n|inactive|Time left: 300 sec this turn | 300 sec total\n|\n|t:|1783563462\n|move|p1a: Iron Treads|Earthquake|p2a: Incineroar\n|-supereffective|p2a: Incineroar\n|-damage|p2a: Incineroar|22/290\n|move|p2a: Incineroar|Knock Off|p1a: Iron Treads\n|-damage|p1a: Iron Treads|0 fnt\n|-enditem|p1a: Iron Treads|Leftovers|[from] move: Knock Off|[of] p2a: Incineroar\n|faint|p1a: Iron Treads\n|-end|p1a: Iron Treads|Quark Drive|[silent]\n|\n|upkeep\n|\n|t:|1783563463\n|switch|p1a: Komala|Komala, L87, M|100/100\n|-ability|p1a: Komala|Comatose\n|turn|15\n|inactive|Time left: 300 sec this turn | 300 sec total\n|\n|t:|1783563464\n|switch|p2a: Sableye|Sableye, L88, M|231/231\n|move|p1a: Komala|Rapid Spin|p2a: Sableye\n|-immune|p2a: Sableye\n|\n|upkeep\n|turn|16\n|inactive|Time left: 300 sec this turn | 300 sec total\n|\n|t:|1783563465\n|move|p1a: Komala|Knock Off|p2a: Sableye\n|-damage|p2a: Sableye|135/231\n|-enditem|p2a: Sableye|Leftovers|[from] move: Knock Off|[of] p1a: Komala\n|move|p2a: Sableye|Knock Off|p1a: Komala\n|-damage|p1a: Komala|57/100\n|-enditem|p1a: Komala|Assault Vest|[from] move: Knock Off|[of] p2a: Sableye\n|\n|upkeep\n|turn|17\n|inactive|Time left: 300 sec this turn | 300 sec total\n|\n|t:|1783563466\n|move|p1a: Komala|Earthquake|p2a: Sableye\n|-damage|p2a: Sableye|42/231\n|move|p2a: Sableye|Knock Off|p1a: Komala\n|-damage|p1a: Komala|28/100\n|\n|upkeep\n|turn|18\n|inactive|Time left: 300 sec this turn | 300 sec total\n|\n|t:|1783563467\n|move|p2a: Sableye|Recover|p2a: Sableye\n|-heal|p2a: Sableye|158/231\n|move|p1a: Komala|Earthquake|p2a: Sableye\n|-damage|p2a: Sableye|58/231\n|\n|upkeep\n|turn|19\n|inactive|Time left: 300 sec this turn | 300 sec total\n|\n|t:|1783563467\n|move|p2a: Sableye|Recover|p2a: Sableye\n|-heal|p2a: Sableye|174/231\n|move|p1a: Komala|Earthquake|p2a: Sableye\n|-damage|p2a: Sableye|80/231\n|\n|upkeep\n|turn|20\n|inactive|Time left: 300 sec this turn | 300 sec total\n|\n|t:|1783563468\n|move|p2a: Sableye|Recover|p2a: Sableye\n|-heal|p2a: Sableye|196/231\n|move|p1a: Komala|Earthquake|p2a: Sableye\n|-damage|p2a: Sableye|105/231\n|\n|upkeep\n|turn|21\n|inactive|Time left: 300 sec this turn | 300 sec total\n|\n|t:|1783563469\n|move|p2a: Sableye|Recover|p2a: Sableye\n|-heal|p2a: Sableye|221/231\n|move|p1a: Komala|Earthquake|p2a: Sableye\n|-damage|p2a: Sableye|132/231\n|\n|upkeep\n|turn|22\n|inactive|Time left: 300 sec this turn | 300 sec total\n|\n|t:|1783563470\n|move|p2a: Sableye|Recover|p2a: Sableye\n|-heal|p2a: Sableye|231/231\n|move|p1a: Komala|Earthquake|p2a: Sableye\n|-damage|p2a: Sableye|134/231\n|\n|upkeep\n|turn|23\n|inactive|Time left: 300 sec this turn | 300 sec total\n|\n|t:|1783563471\n|move|p1a: Komala|Earthquake|p2a: Sableye\n|-damage|p2a: Sableye|44/231\n|move|p2a: Sableye|Knock Off|p1a: Komala\n|-damage|p1a: Komala|0 fnt\n|faint|p1a: Komala\n|\n|upkeep\n|\n|t:|1783563472\n|switch|p1a: Vespiquen|Vespiquen, L99, F|100/100\n|-ability|p1a: Vespiquen|Pressure\n|turn|24\n|inactive|Time left: 300 sec this turn | 300 sec total\n|\n|t:|1783563473\n|move|p2a: Sableye|Recover|p2a: Sableye\n|-heal|p2a: Sableye|160/231\n|move|p1a: Vespiquen|U-turn|p2a: Sableye\n|-damage|p2a: Sableye|61/231\n|\n|t:|1783563474\n|switch|p1a: Dusknoir|Dusknoir, L89, F|100/100|[from] U-turn\n|\n|upkeep\n|turn|25\n|inactive|Time left: 300 sec this turn | 300 sec total\n|\n|t:|1783563475\n|move|p2a: Sableye|Will-O-Wisp|p1a: Dusknoir\n|-status|p1a: Dusknoir|brn\n|move|p1a: Dusknoir|Earthquake|p2a: Sableye\n|-damage|p2a: Sableye|16/231\n|\n|-damage|p1a: Dusknoir|94/100 brn|[from] brn\n|upkeep\n|turn|26\n|inactive|Time left: 300 sec this turn | 300 sec total\n|\n|t:|1783563476\n|move|p2a: Sableye|Knock Off|p1a: Dusknoir\n|-supereffective|p1a: Dusknoir\n|-damage|p1a: Dusknoir|41/100 brn\n|-enditem|p1a: Dusknoir|Leftovers|[from] move: Knock Off|[of] p2a: Sableye\n|move|p1a: Dusknoir|Earthquake|p2a: Sableye\n|-damage|p2a: Sableye|0 fnt\n|faint|p2a: Sableye\n|\n|-damage|p1a: Dusknoir|35/100 brn|[from] brn\n|upkeep\n|inactive|Time left: 300 sec this turn | 300 sec total | 5 sec grace\n|\n|t:|1783563477\n|switch|p2a: Emboar|Emboar, L84, F, tera:Fire|217/322\n|turn|27\n|inactive|Time left: 300 sec this turn | 300 sec total\n|\n|t:|1783563478\n|move|p2a: Emboar|Flare Blitz|p1a: Dusknoir\n|-crit|p1a: Dusknoir\n|-damage|p1a: Dusknoir|0 fnt\n|faint|p1a: Dusknoir\n|-damage|p2a: Emboar|192/322|[from] Recoil\n|\n|upkeep\n|\n|t:|1783563479\n|switch|p1a: Vespiquen|Vespiquen, L99, F|100/100\n|-ability|p1a: Vespiquen|Pressure\n|turn|28\n|inactive|Time left: 300 sec this turn | 300 sec total\n|\n|t:|1783563480\n|move|p2a: Emboar|Flare Blitz|p1a: Vespiquen\n|-supereffective|p1a: Vespiquen\n|-damage|p1a: Vespiquen|0 fnt\n|faint|p1a: Vespiquen\n|-damage|p2a: Emboar|93/322|[from] Recoil\n|\n|win|p0y2023148c", "uploadtime": 1783563480, "views": 0, "rating": 0, "private": 0, "password": null, "_winner": "p0y2023148c", "_our_name": "p0y2023148c"}