{"id": "battle-gen9randombattle-2346", "formatid": "gen9randombattle", "format": "[Gen 9] Random Battle", "players": ["p0x2346a7e8", "p0y23469a5e"], "log": "|init|battle\n|title|p0x2346a7e8 vs. p0y23469a5e\n|j|\u2606p0x2346a7e8\n|j|\u2606p0y23469a5e\n|t:|1783567246\n|gametype|singles\n|player|p1|p0x2346a7e8|169|\n|player|p2|p0y23469a5e|101|\n|gen|9\n|tier|[Gen 9] Random Battle\n|rule|Species Clause: Limit one of each Pok\u00e9mon\n|rule|HP Percentage Mod: HP is shown in percentages\n|rule|Sleep Clause Mod: Limit one foe put to sleep\n|rule|Illusion Level Mod: Illusion disguises the Pok\u00e9mon's true level\n|\n|t:|1783567246\n|teamsize|p1|6\n|teamsize|p2|6\n|start\n|switch|p1a: Lugia|Lugia, L73|275/275\n|switch|p2a: Persian|Persian-Alola, L86, M|100/100\n|turn|1\n|inactive|Battle timer is ON: inactive players will automatically lose when time's up. (requested by p0y23469a5e)\n|inactive|Time left: 300 sec this turn | 300 sec total | 60 sec grace\n|inactive|p0x2346a7e8 also wants the timer to be on.\n|\n|t:|1783567248\n|move|p2a: Persian|Parting Shot|p1a: Lugia\n|-unboost|p1a: Lugia|atk|1\n|-unboost|p1a: Lugia|spa|1\n|\n|t:|1783567249\n|switch|p2a: Mudsdale|Mudsdale, L83, F|100/100|[from] Parting Shot\n|move|p1a: Lugia|Aeroblast|p2a: Mudsdale\n|-damage|p2a: Mudsdale|84/100\n|-ability|p2a: Mudsdale|Stamina|boost\n|-boost|p2a: Mudsdale|def|1\n|\n|-heal|p2a: Mudsdale|90/100|[from] item: Leftovers\n|upkeep\n|turn|2\n|inactive|Time left: 300 sec this turn | 300 sec total\n|\n|t:|1783567250\n|move|p1a: Lugia|Calm Mind|p1a: Lugia\n|-boost|p1a: Lugia|spa|1\n|-boost|p1a: Lugia|spd|1\n|move|p2a: Mudsdale|Stealth Rock|p1a: Lugia\n|-sidestart|p1: p0x2346a7e8|move: Stealth Rock\n|\n|-heal|p2a: Mudsdale|96/100|[from] item: Leftovers\n|upkeep\n|turn|3\n|inactive|Time left: 300 sec this turn | 300 sec total\n|\n|t:|1783567251\n|move|p1a: Lugia|Calm Mind|p1a: Lugia\n|-boost|p1a: Lugia|spa|1\n|-boost|p1a: Lugia|spd|1\n|move|p2a: Mudsdale|Stone Edge|p1a: Lugia|[miss]\n|-miss|p2a: Mudsdale|p1a: Lugia\n|\n|-heal|p2a: Mudsdale|100/100|[from] item: Leftovers\n|upkeep\n|turn|4\n|inactive|Time left: 300 sec this turn | 300 sec total\n|\n|t:|1783567252\n|move|p1a: Lugia|Aeroblast|p2a: Mudsdale\n|-damage|p2a: Mudsdale|61/100\n|-ability|p2a: Mudsdale|Stamina|boost\n|-boost|p2a: Mudsdale|def|1\n|move|p2a: Mudsdale|Heavy Slam|p1a: Lugia\n|-damage|p1a: Lugia|239/275\n|\n|-heal|p2a: Mudsdale|67/100|[from] item: Leftovers\n|upkeep\n|turn|5\n|inactive|Time left: 300 sec this turn | 300 sec total\n|\n|t:|1783567253\n|move|p1a: Lugia|Aeroblast|p2a: Mudsdale\n|-damage|p2a: Mudsdale|27/100\n|-ability|p2a: Mudsdale|Stamina|boost\n|-boost|p2a: Mudsdale|def|1\n|move|p2a: Mudsdale|Stone Edge|p1a: Lugia|[miss]\n|-miss|p2a: Mudsdale|p1a: Lugia\n|\n|-heal|p2a: Mudsdale|33/100|[from] item: Leftovers\n|upkeep\n|turn|6\n|inactive|Time left: 300 sec this turn | 300 sec total\n|\n|t:|1783567254\n|switch|p2a: Solgaleo|Solgaleo, L74|100/100\n|move|p1a: Lugia|Aeroblast|p2a: Solgaleo\n|-resisted|p2a: Solgaleo\n|-damage|p2a: Solgaleo|79/100\n|\n|-heal|p2a: Solgaleo|85/100|[from] item: Leftovers\n|upkeep\n|turn|7\n|inactive|Time left: 300 sec this turn | 300 sec total\n|\n|t:|1783567255\n|move|p1a: Lugia|Aeroblast|p2a: Solgaleo\n|-resisted|p2a: Solgaleo\n|-damage|p2a: Solgaleo|64/100\n|move|p2a: Solgaleo|Sunsteel Strike|p1a: Lugia\n|-damage|p1a: Lugia|146/275\n|\n|-heal|p2a: Solgaleo|70/100|[from] item: Leftovers\n|upkeep\n|turn|8\n|inactive|Time left: 300 sec this turn | 300 sec total\n|\n|t:|1783567256\n|move|p1a: Lugia|Recover|p1a: Lugia\n|-heal|p1a: Lugia|275/275\n|move|p2a: Solgaleo|Sunsteel Strike|p1a: Lugia\n|-damage|p1a: Lugia|188/275\n|\n|-heal|p2a: Solgaleo|76/100|[from] item: Leftovers\n|upkeep\n|turn|9\n|inactive|Time left: 300 sec this turn | 300 sec total\n|\n|t:|1783567257\n|move|p1a: Lugia|Earth Power|p2a: Solgaleo\n|-supereffective|p2a: Solgaleo\n|-damage|p2a: Solgaleo|29/100\n|move|p2a: Solgaleo|Sunsteel Strike|p1a: Lugia\n|-damage|p1a: Lugia|89/275\n|\n|-heal|p2a: Solgaleo|35/100|[from] item: Leftovers\n|upkeep\n|turn|10\n|inactive|Time left: 300 sec this turn | 300 sec total\n|\n|t:|1783567258\n|switch|p2a: Weavile|Weavile, L79, M|100/100\n|move|p1a: Lugia|Earth Power|p2a: Weavile\n|-damage|p2a: Weavile|70/100\n|\n|upkeep\n|turn|11\n|inactive|Time left: 300 sec this turn | 300 sec total\n|\n|t:|1783567259\n|switch|p1a: Tyranitar|Tyranitar, L78, F|284/284\n|-damage|p1a: Tyranitar|249/284|[from] Stealth Rock\n|-weather|Sandstorm|[from] ability: Sand Stream|[of] p1a: Tyranitar\n|move|p2a: Weavile|Knock Off|p1a: Tyranitar\n|-resisted|p1a: Tyranitar\n|-damage|p1a: Tyranitar|202/284\n|-enditem|p1a: Tyranitar|Assault Vest|[from] move: Knock Off|[of] p2a: Weavile\n|\n|-weather|Sandstorm|[upkeep]\n|-damage|p2a: Weavile|63/100|[from] Sandstorm\n|upkeep\n|turn|12\n|inactive|Time left: 300 sec this turn | 300 sec total\n|\n|t:|1783567260\n|move|p2a: Weavile|Low Kick|p1a: Tyranitar\n|-supereffective|p1a: Tyranitar\n|-damage|p1a: Tyranitar|0 fnt\n|faint|p1a: Tyranitar\n|\n|-weather|Sandstorm|[upkeep]\n|-damage|p2a: Weavile|57/100|[from] Sandstorm\n|upkeep\n|inactive|Time left: 300 sec this turn | 300 sec total | 5 sec grace\n|\n|t:|1783567261\n|switch|p1a: Typhlosion|Typhlosion-Hisui, L83, F|257/257\n|-damage|p1a: Typhlosion|193/257|[from] Stealth Rock\n|turn|13\n|inactive|Time left: 300 sec this turn | 300 sec total\n|\n|t:|1783567262\n|move|p1a: Typhlosion|Eruption|p2a: Weavile\n|-supereffective|p2a: Weavile\n|-damage|p2a: Weavile|0 fnt\n|faint|p2a: Weavile\n|\n|-weather|Sandstorm|[upkeep]\n|-damage|p1a: Typhlosion|177/257|[from] Sandstorm\n|upkeep\n|\n|t:|1783567264\n|switch|p2a: Persian|Persian-Alola, L86, M|100/100\n|turn|14\n|inactive|Time left: 300 sec this turn | 300 sec total\n|\n|t:|1783567265\n|move|p1a: Typhlosion|Eruption|p2a: Persian\n|-damage|p2a: Persian|35/100\n|move|p2a: Persian|Knock Off|p1a: Typhlosion\n|-supereffective|p1a: Typhlosion\n|-damage|p1a: Typhlosion|0 fnt\n|-enditem|p1a: Typhlosion|Choice Scarf|[from] move: Knock Off|[of] p2a: Persian\n|faint|p1a: Typhlosion\n|\n|-weather|Sandstorm|[upkeep]\n|-damage|p2a: Persian|29/100|[from] Sandstorm\n|upkeep\n|inactive|Time left: 300 sec this turn | 300 sec total | 5 sec grace\n|\n|t:|1783567265\n|switch|p1a: Lugia|Lugia, L73|235/235\n|-damage|p1a: Lugia|206/235|[from] Stealth Rock\n|turn|15\n|inactive|Time left: 300 sec this turn | 300 sec total\n|\n|t:|1783567267\n|move|p2a: Persian|Parting Shot|p1a: Lugia\n|-unboost|p1a: Lugia|atk|1\n|-unboost|p1a: Lugia|spa|1\n|\n|t:|1783567267\n|switch|p2a: Excadrill|Excadrill, L79, M|100/100|[from] Parting Shot\n|-ability|p2a: Excadrill|Mold Breaker\n|move|p1a: Lugia|Dark Pulse|p2a: Excadrill\n|-damage|p2a: Excadrill|57/100\n|\n|-weather|none\n|-heal|p2a: Excadrill|63/100|[from] item: Leftovers\n|upkeep\n|turn|16\n|inactive|Time left: 300 sec this turn | 300 sec total\n|\n|t:|1783567268\n|move|p1a: Lugia|Dark Pulse|p2a: Excadrill\n|-damage|p2a: Excadrill|23/100\n|move|p2a: Excadrill|Earthquake|p1a: Lugia\n|-damage|p1a: Lugia|56/235\n|replace|p1a: Zoroark|Zoroark, L83, F\n|-end|p1a: Zoroark|Illusion\n|-hint|Illusion Level Mod is active, so this Pok\u00e9mon's true level was hidden.\n|\n|-heal|p2a: Excadrill|29/100|[from] item: Leftovers\n|upkeep\n|turn|17\n|inactive|Time left: 300 sec this turn | 300 sec total\n|\n|t:|1783567269\n|switch|p2a: Wigglytuff|Wigglytuff, L96, F|100/100\n|move|p1a: Zoroark|Dark Pulse|p2a: Wigglytuff\n|-resisted|p2a: Wigglytuff\n|-damage|p2a: Wigglytuff|85/100\n|\n|-heal|p2a: Wigglytuff|91/100|[from] item: Leftovers\n|upkeep\n|turn|18\n|inactive|Time left: 300 sec this turn | 300 sec total\n|\n|t:|1783567271\n|move|p1a: Zoroark|Dark Pulse|p2a: Wigglytuff\n|-resisted|p2a: Wigglytuff\n|-damage|p2a: Wigglytuff|77/100\n|move|p2a: Wigglytuff|Wish|p2a: Wigglytuff\n|\n|-heal|p2a: Wigglytuff|83/100|[from] item: Leftovers\n|upkeep\n|turn|19\n|inactive|Time left: 300 sec this turn | 300 sec total\n|\n|t:|1783567272\n|switch|p2a: Persian|Persian-Alola, L86, M|29/100\n|move|p1a: Zoroark|Dark Pulse|p2a: Persian\n|-resisted|p2a: Persian\n|-damage|p2a: Persian|6/100\n|\n|-heal|p2a: Persian|90/100|[from] move: Wish|[wisher] Wigglytuff\n|upkeep\n|turn|20\n|inactive|Time left: 300 sec this turn | 300 sec total\n|\n|t:|1783567273\n|move|p2a: Persian|Knock Off|p1a: Zoroark\n|-resisted|p1a: Zoroark\n|-damage|p1a: Zoroark|7/235\n|-enditem|p1a: Zoroark|Choice Specs|[from] move: Knock Off|[of] p2a: Persian\n|move|p1a: Zoroark|Dark Pulse|p2a: Persian\n|-resisted|p2a: Persian\n|-damage|p2a: Persian|75/100\n|\n|upkeep\n|turn|21\n|inactive|Time left: 300 sec this turn | 300 sec total\n|\n|t:|1783567274\n|move|p2a: Persian|Parting Shot|p1a: Zoroark\n|-unboost|p1a: Zoroark|atk|1\n|-unboost|p1a: Zoroark|spa|1\n|\n|t:|1783567275\n|switch|p2a: Mudsdale|Mudsdale, L83, F|33/100|[from] Parting Shot\n|move|p1a: Zoroark|Focus Blast|p2a: Mudsdale\n|-damage|p2a: Mudsdale|15/100\n|-ability|p2a: Mudsdale|Stamina|boost\n|-boost|p2a: Mudsdale|def|1\n|\n|-heal|p2a: Mudsdale|21/100|[from] item: Leftovers\n|upkeep\n|turn|22\n|inactive|Time left: 300 sec this turn | 300 sec total\n|\n|t:|1783567276\n|move|p1a: Zoroark|Focus Blast|p2a: Mudsdale\n|-damage|p2a: Mudsdale|5/100\n|-ability|p2a: Mudsdale|Stamina|boost\n|-boost|p2a: Mudsdale|def|1\n|move|p2a: Mudsdale|Stone Edge|p1a: Zoroark|[miss]\n|-miss|p2a: Mudsdale|p1a: Zoroark\n|\n|-heal|p2a: Mudsdale|11/100|[from] item: Leftovers\n|upkeep\n|turn|23\n|inactive|Time left: 300 sec this turn | 300 sec total\n|\n|t:|1783567277\n|move|p1a: Zoroark|Dark Pulse|p2a: Mudsdale\n|-damage|p2a: Mudsdale|0 fnt\n|faint|p2a: Mudsdale\n|\n|upkeep\n|\n|t:|1783567279\n|switch|p2a: Solgaleo|Solgaleo, L74|35/100\n|turn|24\n|inactive|Time left: 300 sec this turn | 300 sec total\n|\n|t:|1783567280\n|move|p1a: Zoroark|Dark Pulse|p2a: Solgaleo\n|-supereffective|p2a: Solgaleo\n|-damage|p2a: Solgaleo|0 fnt\n|faint|p2a: Solgaleo\n|\n|upkeep\n|\n|t:|1783567281\n|switch|p2a: Excadrill|Excadrill, L79, M|29/100\n|-ability|p2a: Excadrill|Mold Breaker\n|turn|25\n|inactive|Time left: 300 sec this turn | 300 sec total\n|\n|t:|1783567282\n|move|p1a: Zoroark|Focus Blast|p2a: Excadrill|[miss]\n|-miss|p1a: Zoroark|p2a: Excadrill\n|move|p2a: Excadrill|Swords Dance|p2a: Excadrill\n|-boost|p2a: Excadrill|atk|2\n|\n|-heal|p2a: Excadrill|35/100|[from] item: Leftovers\n|upkeep\n|turn|26\n|inactive|Time left: 300 sec this turn | 300 sec total\n|\n|t:|1783567283\n|move|p1a: Zoroark|Focus Blast|p2a: Excadrill\n|-supereffective|p2a: Excadrill\n|-damage|p2a: Excadrill|0 fnt\n|faint|p2a: Excadrill\n|\n|upkeep\n|\n|t:|1783567284\n|switch|p2a: Persian|Persian-Alola, L86, M|75/100\n|turn|27\n|inactive|Time left: 300 sec this turn | 300 sec total\n|\n|t:|1783567285\n|switch|p1a: Articuno|Articuno, L86|295/295\n|-ability|p1a: Articuno|Pressure\n|move|p2a: Persian|Knock Off|p1a: Articuno\n|-damage|p1a: Articuno|225/295\n|-enditem|p1a: Articuno|Heavy-Duty Boots|[from] move: Knock Off|[of] p2a: Persian\n|\n|upkeep\n|turn|28\n|inactive|Time left: 300 sec this turn | 300 sec total\n|\n|t:|1783567286\n|move|p2a: Persian|Parting Shot|p1a: Articuno\n|-unboost|p1a: Articuno|atk|1\n|-unboost|p1a: Articuno|spa|1\n|\n|t:|1783567287\n|switch|p2a: Wigglytuff|Wigglytuff, L96, F|83/100|[from] Parting Shot\n|move|p1a: Articuno|Freeze-Dry|p2a: Wigglytuff\n|-damage|p2a: Wigglytuff|66/100\n|\n|-heal|p2a: Wigglytuff|72/100|[from] item: Leftovers\n|upkeep\n|turn|29\n|inactive|Time left: 300 sec this turn | 300 sec total\n|\n|t:|1783567288\n|switch|p1a: Lugia|Lugia, L73|7/235\n|-damage|p1a: Lugia|0 fnt|[from] Stealth Rock\n|faint|p1a: Lugia\n|move|p2a: Wigglytuff|Wish|p2a: Wigglytuff\n|\n|-heal|p2a: Wigglytuff|78/100|[from] item: Leftovers\n|upkeep\n|inactive|Time left: 300 sec this turn | 300 sec total | 5 sec grace\n|\n|t:|1783567289\n|switch|p1a: Lugia|Lugia, L73|89/275\n|turn|30\n|inactive|Time left: 300 sec this turn | 300 sec total\n|\n|t:|1783567290\n|switch|p2a: Persian|Persian-Alola, L86, M|75/100\n|move|p1a: Lugia|Recover|p1a: Lugia\n|-heal|p1a: Lugia|227/275\n|\n|-heal|p2a: Persian|100/100|[from] move: Wish|[wisher] Wigglytuff\n|upkeep\n|turn|31\n|inactive|Time left: 300 sec this turn | 300 sec total\n|\n|t:|1783567291\n|move|p2a: Persian|Parting Shot|p1a: Lugia\n|-unboost|p1a: Lugia|atk|1\n|-unboost|p1a: Lugia|spa|1\n|\n|t:|1783567292\n|switch|p2a: Wigglytuff|Wigglytuff, L96, F|78/100|[from] Parting Shot\n|move|p1a: Lugia|Calm Mind|p1a: Lugia\n|-boost|p1a: Lugia|spa|1\n|-boost|p1a: Lugia|spd|1\n|\n|-heal|p2a: Wigglytuff|84/100|[from] item: Leftovers\n|upkeep\n|turn|32\n|inactive|Time left: 300 sec this turn | 300 sec total\n|\n|t:|1783567293\n|move|p1a: Lugia|Calm Mind|p1a: Lugia\n|-boost|p1a: Lugia|spa|1\n|-boost|p1a: Lugia|spd|1\n|move|p2a: Wigglytuff|Thunder Wave|p1a: Lugia\n|-status|p1a: Lugia|par\n|\n|-heal|p2a: Wigglytuff|90/100|[from] item: Leftovers\n|upkeep\n|turn|33\n|inactive|Time left: 300 sec this turn | 300 sec total\n|\n|t:|1783567294\n|move|p2a: Wigglytuff|Dazzling Gleam|p1a: Lugia\n|-damage|p1a: Lugia|187/275 par\n|cant|p1a: Lugia|par\n|\n|-heal|p2a: Wigglytuff|96/100|[from] item: Leftovers\n|upkeep\n|turn|34\n|inactive|Time left: 300 sec this turn | 300 sec total\n|\n|t:|1783567295\n|switch|p2a: Persian|Persian-Alola, L86, M|100/100\n|move|p1a: Lugia|Recover|p1a: Lugia\n|-heal|p1a: Lugia|275/275 par\n|\n|upkeep\n|turn|35\n|inactive|Time left: 300 sec this turn | 300 sec total\n|\n|t:|1783567296\n|move|p2a: Persian|Parting Shot|p1a: Lugia\n|-unboost|p1a: Lugia|atk|1\n|-unboost|p1a: Lugia|spa|1\n|\n|t:|1783567297\n|switch|p2a: Wigglytuff|Wigglytuff, L96, F|96/100|[from] Parting Shot\n|move|p1a: Lugia|Calm Mind|p1a: Lugia\n|-boost|p1a: Lugia|spa|1\n|-boost|p1a: Lugia|spd|1\n|\n|-heal|p2a: Wigglytuff|100/100|[from] item: Leftovers\n|upkeep\n|turn|36\n|inactive|Time left: 300 sec this turn | 300 sec total\n|\n|t:|1783567298\n|move|p2a: Wigglytuff|Wish|p2a: Wigglytuff\n|move|p1a: Lugia|Calm Mind|p1a: Lugia\n|-boost|p1a: Lugia|spa|1\n|-boost|p1a: Lugia|spd|1\n|\n|upkeep\n|turn|37\n|inactive|Time left: 300 sec this turn | 300 sec total\n|\n|t:|1783567299\n|move|p2a: Wigglytuff|Dazzling Gleam|p1a: Lugia\n|-damage|p1a: Lugia|263/275 par\n|cant|p1a: Lugia|par\n|\n|upkeep\n|turn|38\n|inactive|Time left: 300 sec this turn | 300 sec total\n|\n|t:|1783567300\n|move|p2a: Wigglytuff|Wish|p2a: Wigglytuff\n|cant|p1a: Lugia|par\n|\n|upkeep\n|turn|39\n|inactive|Time left: 300 sec this turn | 300 sec total\n|\n|t:|1783567301\n|switch|p2a: Persian|Persian-Alola, L86, M|100/100\n|move|p1a: Lugia|Calm Mind|p1a: Lugia\n|-boost|p1a: Lugia|spa|1\n|-boost|p1a: Lugia|spd|1\n|\n|upkeep\n|turn|40\n|inactive|Time left: 300 sec this turn | 300 sec total\n|\n|t:|1783567303\n|move|p2a: Persian|Knock Off|p1a: Lugia\n|-supereffective|p1a: Lugia\n|-damage|p1a: Lugia|125/275 par\n|-enditem|p1a: Lugia|Heavy-Duty Boots|[from] move: Knock Off|[of] p2a: Persian\n|move|p1a: Lugia|Aeroblast|p2a: Persian\n|-damage|p2a: Persian|14/100\n|\n|upkeep\n|turn|41\n|inactive|Time left: 300 sec this turn | 300 sec total\n|\n|t:|1783567304\n|move|p2a: Persian|Knock Off|p1a: Lugia\n|-supereffective|p1a: Lugia\n|-damage|p1a: Lugia|45/275 par\n|move|p1a: Lugia|Aeroblast|p2a: Persian\n|-damage|p2a: Persian|0 fnt\n|faint|p2a: Persian\n|\n|upkeep\n|\n|t:|1783567305\n|switch|p2a: Wigglytuff|Wigglytuff, L96, F|100/100\n|turn|42\n|inactive|Time left: 300 sec this turn | 300 sec total\n|\n|t:|1783567306\n|move|p2a: Wigglytuff|Wish|p2a: Wigglytuff\n|move|p1a: Lugia|Recover|p1a: Lugia\n|-heal|p1a: Lugia|183/275 par\n|\n|upkeep\n|turn|43\n|inactive|Time left: 300 sec this turn | 300 sec total\n|\n|t:|1783567307\n|move|p2a: Wigglytuff|Dazzling Gleam|p1a: Lugia\n|-damage|p1a: Lugia|162/275 par\n|move|p1a: Lugia|Recover|p1a: Lugia\n|-heal|p1a: Lugia|275/275 par\n|\n|upkeep\n|turn|44\n|inactive|Time left: 300 sec this turn | 300 sec total\n|\n|t:|1783567308\n|move|p2a: Wigglytuff|Protect|p2a: Wigglytuff\n|-singleturn|p2a: Wigglytuff|Protect\n|move|p1a: Lugia|Aeroblast|p2a: Wigglytuff\n|-activate|p2a: Wigglytuff|move: Protect\n|\n|upkeep\n|turn|45\n|inactive|Time left: 300 sec this turn | 300 sec total\n|\n|t:|1783567309\n|move|p2a: Wigglytuff|Wish|p2a: Wigglytuff\n|cant|p1a: Lugia|par\n|\n|upkeep\n|turn|46\n|inactive|Time left: 300 sec this turn | 300 sec total\n|\n|t:|1783567310\n|move|p2a: Wigglytuff|Wish||[still]\n|-fail|p2a: Wigglytuff\n|move|p1a: Lugia|Calm Mind|p1a: Lugia\n|-boost|p1a: Lugia|spa|1\n|-boost|p1a: Lugia|spd|1\n|\n|upkeep\n|turn|47\n|inactive|Time left: 300 sec this turn | 300 sec total\n|\n|t:|1783567311\n|move|p2a: Wigglytuff|Dazzling Gleam|p1a: Lugia\n|-damage|p1a: Lugia|264/275 par\n|cant|p1a: Lugia|par\n|\n|upkeep\n|turn|48\n|inactive|Time left: 300 sec this turn | 300 sec total\n|\n|t:|1783567312\n|move|p2a: Wigglytuff|Protect|p2a: Wigglytuff\n|-singleturn|p2a: Wigglytuff|Protect\n|cant|p1a: Lugia|par\n|\n|upkeep\n|turn|49\n|inactive|Time left: 300 sec this turn | 300 sec total\n|\n|t:|1783567313\n|move|p2a: Wigglytuff|Wish|p2a: Wigglytuff\n|cant|p1a: Lugia|par\n|\n|upkeep\n|turn|50\n|inactive|Time left: 300 sec this turn | 300 sec total\n|\n|t:|1783567314\n|move|p2a: Wigglytuff|Protect|p2a: Wigglytuff\n|-singleturn|p2a: Wigglytuff|Protect\n|move|p1a: Lugia|Calm Mind|p1a: Lugia\n|-boost|p1a: Lugia|spa|1\n|-boost|p1a: Lugia|spd|0\n|\n|upkeep\n|turn|51\n|inactive|Time left: 300 sec this turn | 300 sec total\n|\n|t:|1783567315\n|move|p2a: Wigglytuff|Wish|p2a: Wigglytuff\n|move|p1a: Lugia|Earth Power|p2a: Wigglytuff\n|-damage|p2a: Wigglytuff|52/100\n|\n|-heal|p2a: Wigglytuff|58/100|[from] item: Leftovers\n|upkeep\n|turn|52\n|inactive|Time left: 300 sec this turn | 300 sec total\n|\n|t:|1783567316\n|-terastallize|p1a: Lugia|Ground\n|move|p2a: Wigglytuff|Protect|p2a: Wigglytuff\n|-singleturn|p2a: Wigglytuff|Protect\n|move|p1a: Lugia|Earth Power|p2a: Wigglytuff\n|-activate|p2a: Wigglytuff|move: Protect\n|\n|-heal|p2a: Wigglytuff|100/100|[from] move: Wish|[wisher] Wigglytuff\n|upkeep\n|turn|53\n|inactive|Time left: 300 sec this turn | 300 sec total\n|\n|t:|1783567317\n|move|p2a: Wigglytuff|Wish|p2a: Wigglytuff\n|move|p1a: Lugia|Earth Power|p2a: Wigglytuff\n|-damage|p2a: Wigglytuff|27/100\n|\n|-heal|p2a: Wigglytuff|34/100|[from] item: Leftovers\n|upkeep\n|turn|54\n|inactive|Time left: 300 sec this turn | 300 sec total\n|\n|t:|1783567318\n|move|p2a: Wigglytuff|Protect|p2a: Wigglytuff\n|-singleturn|p2a: Wigglytuff|Protect\n|move|p1a: Lugia|Earth Power|p2a: Wigglytuff\n|-activate|p2a: Wigglytuff|move: Protect\n|\n|-heal|p2a: Wigglytuff|84/100|[from] move: Wish|[wisher] Wigglytuff\n|-heal|p2a: Wigglytuff|90/100|[from] item: Leftovers\n|upkeep\n|turn|55\n|inactive|Time left: 300 sec this turn | 300 sec total\n|\n|t:|1783567319\n|move|p2a: Wigglytuff|Wish|p2a: Wigglytuff\n|cant|p1a: Lugia|par\n|\n|-heal|p2a: Wigglytuff|96/100|[from] item: Leftovers\n|upkeep\n|turn|56\n|inactive|Time left: 300 sec this turn | 300 sec total\n|\n|t:|1783567320\n|move|p2a: Wigglytuff|Protect|p2a: Wigglytuff\n|-singleturn|p2a: Wigglytuff|Protect\n|cant|p1a: Lugia|par\n|\n|-heal|p2a: Wigglytuff|100/100|[from] move: Wish|[wisher] Wigglytuff\n|upkeep\n|turn|57\n|inactive|Time left: 300 sec this turn | 300 sec total\n|\n|t:|1783567321\n|move|p2a: Wigglytuff|Wish|p2a: Wigglytuff\n|cant|p1a: Lugia|par\n|\n|upkeep\n|turn|58\n|inactive|Time left: 300 sec this turn | 300 sec total\n|\n|t:|1783567323\n|move|p2a: Wigglytuff|Protect|p2a: Wigglytuff\n|-singleturn|p2a: Wigglytuff|Protect\n|move|p1a: Lugia|Earth Power|p2a: Wigglytuff\n|-activate|p2a: Wigglytuff|move: Protect\n|\n|upkeep\n|turn|59\n|inactive|Time left: 300 sec this turn | 300 sec total\n|\n|t:|1783567324\n|move|p2a: Wigglytuff|Wish|p2a: Wigglytuff\n|move|p1a: Lugia|Earth Power|p2a: Wigglytuff\n|-damage|p2a: Wigglytuff|28/100\n|\n|-heal|p2a: Wigglytuff|34/100|[from] item: Leftovers\n|upkeep\n|turn|60\n|inactive|Time left: 300 sec this turn | 300 sec total\n|\n|t:|1783567325\n|move|p2a: Wigglytuff|Protect|p2a: Wigglytuff\n|-singleturn|p2a: Wigglytuff|Protect\n|move|p1a: Lugia|Earth Power|p2a: Wigglytuff\n|-activate|p2a: Wigglytuff|move: Protect\n|\n|-heal|p2a: Wigglytuff|84/100|[from] move: Wish|[wisher] Wigglytuff\n|-heal|p2a: Wigglytuff|90/100|[from] item: Leftovers\n|upkeep\n|turn|61\n|inactive|Time left: 300 sec this turn | 300 sec total\n|\n|t:|1783567326\n|move|p2a: Wigglytuff|Protect||[still]\n|-fail|p2a: Wigglytuff\n|move|p1a: Lugia|Earth Power|p2a: Wigglytuff\n|-damage|p2a: Wigglytuff|17/100\n|\n|-heal|p2a: Wigglytuff|23/100|[from] item: Leftovers\n|upkeep\n|turn|62\n|inactive|Time left: 300 sec this turn | 300 sec total\n|\n|t:|1783567327\n|move|p2a: Wigglytuff|Protect|p2a: Wigglytuff\n|-singleturn|p2a: Wigglytuff|Protect\n|cant|p1a: Lugia|par\n|\n|-heal|p2a: Wigglytuff|29/100|[from] item: Leftovers\n|upkeep\n|turn|63\n|inactive|Time left: 300 sec this turn | 300 sec total\n|\n|t:|1783567328\n|move|p2a: Wigglytuff|Protect|p2a: Wigglytuff\n|-singleturn|p2a: Wigglytuff|Protect\n|move|p1a: Lugia|Earth Power|p2a: Wigglytuff\n|-activate|p2a: Wigglytuff|move: Protect\n|\n|-heal|p2a: Wigglytuff|35/100|[from] item: Leftovers\n|upkeep\n|turn|64\n|inactive|Time left: 300 sec this turn | 300 sec total\n|\n|t:|1783567329\n|move|p2a: Wigglytuff|Wish|p2a: Wigglytuff\n|move|p1a: Lugia|Earth Power|p2a: Wigglytuff\n|-damage|p2a: Wigglytuff|0 fnt\n|faint|p2a: Wigglytuff\n|\n|win|p0x2346a7e8", "uploadtime": 1783567329, "views": 0, "rating": 0, "private": 0, "password": null, "_winner": "p0x2346a7e8", "_our_name": "p0x2346a7e8"}