{"id": "battle-gen9randombattle-1201", "formatid": "gen9randombattle", "format": "[Gen 9] Random Battle", "players": ["p0x1201831e", "p0y12013d05"], "log": "|init|battle\n|title|p0x1201831e vs. p0y12013d05\n|j|\u2606p0x1201831e\n|j|\u2606p0y12013d05\n|t:|1783553026\n|gametype|singles\n|player|p1|p0x1201831e|101|\n|player|p2|p0y12013d05|170|\n|gen|9\n|tier|[Gen 9] Random Battle\n|rule|Species Clause: Limit one of each Pok\u00e9mon\n|rule|HP Percentage Mod: HP is shown in percentages\n|rule|Sleep Clause Mod: Limit one foe put to sleep\n|rule|Illusion Level Mod: Illusion disguises the Pok\u00e9mon's true level\n|\n|t:|1783553026\n|teamsize|p1|6\n|teamsize|p2|6\n|start\n|switch|p1a: Latios|Latios, L78, M|253/253\n|switch|p2a: Hippowdon|Hippowdon, L82, M|100/100\n|-weather|Sandstorm|[from] ability: Sand Stream|[of] p2a: Hippowdon\n|turn|1\n|inactive|Battle timer is ON: inactive players will automatically lose when time's up. (requested by p0x1201831e)\n|inactive|p0y12013d05 also wants the timer to be on.\n|\n|t:|1783553028\n|move|p1a: Latios|Luster Purge|p2a: Hippowdon\n|-damage|p2a: Hippowdon|45/100\n|move|p2a: Hippowdon|Stealth Rock|p1a: Latios\n|-sidestart|p1: p0x1201831e|move: Stealth Rock\n|\n|-weather|Sandstorm|[upkeep]\n|-damage|p1a: Latios|238/253|[from] Sandstorm\n|upkeep\n|turn|2\n|inactive|Time left: 300 sec this turn | 300 sec total\n|\n|t:|1783553029\n|switch|p2a: Hoopa|Hoopa-Unbound, L80|100/100\n|move|p1a: Latios|Luster Purge|p2a: Hoopa\n|-immune|p2a: Hoopa\n|\n|-weather|Sandstorm|[upkeep]\n|-damage|p2a: Hoopa|94/100|[from] Sandstorm\n|-damage|p1a: Latios|223/253|[from] Sandstorm\n|upkeep\n|turn|3\n|inactive|Time left: 300 sec this turn | 300 sec total\n|\n|t:|1783553030\n|switch|p1a: Breloom|Breloom, L83, F|235/235\n|-damage|p1a: Breloom|221/235|[from] Stealth Rock\n|move|p2a: Hoopa|Hyperspace Fury|p1a: Breloom\n|-resisted|p1a: Breloom\n|-damage|p1a: Breloom|145/235\n|-unboost|p2a: Hoopa|def|1\n|\n|-weather|Sandstorm|[upkeep]\n|-damage|p2a: Hoopa|88/100|[from] Sandstorm\n|-damage|p1a: Breloom|131/235|[from] Sandstorm\n|upkeep\n|turn|4\n|inactive|Time left: 300 sec this turn | 300 sec total\n|\n|t:|1783553032\n|switch|p2a: Qwilfish|Qwilfish-Hisui, L83, F|100/100\n|-ability|p2a: Qwilfish|Intimidate|boost\n|-unboost|p1a: Breloom|atk|1\n|move|p1a: Breloom|Mach Punch|p2a: Qwilfish\n|-damage|p2a: Qwilfish|81/100\n|-damage|p1a: Breloom|108/235|[from] item: Life Orb\n|\n|-weather|Sandstorm|[upkeep]\n|-damage|p2a: Qwilfish|75/100|[from] Sandstorm\n|-damage|p1a: Breloom|94/235|[from] Sandstorm\n|upkeep\n|turn|5\n|inactive|Time left: 300 sec this turn | 300 sec total\n|\n|t:|1783553033\n|switch|p1a: Arbok|Arbok, L87, M|246/246\n|-damage|p1a: Arbok|216/246|[from] Stealth Rock\n|-ability|p1a: Arbok|Intimidate|boost\n|-unboost|p2a: Qwilfish|atk|1\n|move|p2a: Qwilfish|Gunk Shot|p1a: Arbok\n|-resisted|p1a: Arbok\n|-damage|p1a: Arbok|169/246\n|\n|-weather|none\n|-heal|p1a: Arbok|184/246|[from] item: Leftovers\n|upkeep\n|turn|6\n|inactive|Time left: 300 sec this turn | 300 sec total\n|\n|t:|1783553034\n|switch|p2a: Golurk|Golurk, L87|100/100\n|move|p1a: Arbok|Knock Off|p2a: Golurk\n|-supereffective|p2a: Golurk\n|-damage|p2a: Golurk|47/100\n|-enditem|p2a: Golurk|Choice Band|[from] move: Knock Off|[of] p1a: Arbok\n|\n|-heal|p1a: Arbok|199/246|[from] item: Leftovers\n|upkeep\n|turn|7\n|inactive|Time left: 300 sec this turn | 300 sec total\n|\n|t:|1783553035\n|-terastallize|p1a: Arbok|Dark\n|move|p1a: Arbok|Knock Off|p2a: Golurk\n|-supereffective|p2a: Golurk\n|-damage|p2a: Golurk|0 fnt\n|faint|p2a: Golurk\n|\n|-heal|p1a: Arbok|214/246|[from] item: Leftovers\n|upkeep\n|\n|t:|1783553036\n|switch|p2a: Lucario|Lucario, L84, M|100/100\n|turn|8\n|inactive|Time left: 300 sec this turn | 300 sec total\n|\n|t:|1783553037\n|switch|p1a: Slowbro|Slowbro-Galar, L87, F|307/307\n|-damage|p1a: Slowbro|269/307|[from] Stealth Rock\n|move|p2a: Lucario|Close Combat|p1a: Slowbro\n|-resisted|p1a: Slowbro\n|-damage|p1a: Slowbro|230/307\n|-unboost|p2a: Lucario|def|1\n|-unboost|p2a: Lucario|spd|1\n|-damage|p2a: Lucario|91/100|[from] item: Life Orb\n|\n|-heal|p1a: Slowbro|249/307|[from] item: Leftovers\n|upkeep\n|turn|9\n|inactive|Time left: 300 sec this turn | 300 sec total\n|\n|t:|1783553038\n|switch|p2a: Qwilfish|Qwilfish-Hisui, L83, F|75/100\n|-ability|p2a: Qwilfish|Intimidate|boost\n|-unboost|p1a: Slowbro|atk|1\n|move|p1a: Slowbro|Earthquake|p2a: Qwilfish\n|-supereffective|p2a: Qwilfish\n|-damage|p2a: Qwilfish|48/100\n|\n|-heal|p1a: Slowbro|268/307|[from] item: Leftovers\n|upkeep\n|turn|10\n|inactive|Time left: 300 sec this turn | 300 sec total\n|\n|t:|1783553039\n|move|p2a: Qwilfish|Spikes|p1a: Slowbro\n|-sidestart|p1: p0x1201831e|Spikes\n|move|p1a: Slowbro|Earthquake|p2a: Qwilfish\n|-supereffective|p2a: Qwilfish\n|-damage|p2a: Qwilfish|16/100\n|\n|-heal|p1a: Slowbro|287/307|[from] item: Leftovers\n|upkeep\n|turn|11\n|inactive|Time left: 300 sec this turn | 300 sec total\n|\n|t:|1783553040\n|move|p2a: Qwilfish|Crunch|p1a: Slowbro\n|-supereffective|p1a: Slowbro\n|-damage|p1a: Slowbro|149/307\n|-unboost|p1a: Slowbro|def|1\n|move|p1a: Slowbro|Shell Side Arm|p2a: Qwilfish|[anim] Shell Side Arm Special\n|-resisted|p2a: Qwilfish\n|-damage|p2a: Qwilfish|0 fnt\n|-hint|Special Shell Side Arm\n|faint|p2a: Qwilfish\n|\n|-heal|p1a: Slowbro|168/307|[from] item: Leftovers\n|upkeep\n|\n|t:|1783553040\n|switch|p2a: Gouging Fire|Gouging Fire, L74|100/100\n|turn|12\n|inactive|Time left: 300 sec this turn | 300 sec total\n|\n|t:|1783553041\n|switch|p1a: Arbok|Arbok, L87, M, tera:Dark|214/246\n|-damage|p1a: Arbok|184/246|[from] Stealth Rock\n|-damage|p1a: Arbok|154/246|[from] Spikes\n|-ability|p1a: Arbok|Intimidate|boost\n|-unboost|p2a: Gouging Fire|atk|1\n|move|p2a: Gouging Fire|Dragon Dance|p2a: Gouging Fire\n|-boost|p2a: Gouging Fire|atk|1\n|-boost|p2a: Gouging Fire|spe|1\n|\n|-heal|p1a: Arbok|169/246|[from] item: Leftovers\n|upkeep\n|turn|13\n|inactive|Time left: 300 sec this turn | 300 sec total\n|\n|t:|1783553042\n|move|p2a: Gouging Fire|Outrage|p1a: Arbok\n|-damage|p1a: Arbok|39/246\n|move|p1a: Arbok|Glare|p2a: Gouging Fire\n|-status|p2a: Gouging Fire|par\n|\n|-heal|p1a: Arbok|54/246|[from] item: Leftovers\n|upkeep\n|turn|14\n|inactive|Time left: 300 sec this turn | 300 sec total\n|\n|t:|1783553043\n|move|p1a: Arbok|Knock Off|p2a: Gouging Fire\n|-damage|p2a: Gouging Fire|67/100 par\n|-enditem|p2a: Gouging Fire|Heavy-Duty Boots|[from] move: Knock Off|[of] p1a: Arbok\n|move|p2a: Gouging Fire|Outrage|p1a: Arbok|[from] lockedmove\n|-damage|p1a: Arbok|0 fnt\n|faint|p1a: Arbok\n|\n|upkeep\n|inactive|Time left: 300 sec this turn | 300 sec total | 5 sec grace\n|\n|t:|1783553044\n|switch|p1a: Slowbro|Slowbro-Galar, L87, F|270/307\n|-damage|p1a: Slowbro|232/307|[from] Stealth Rock\n|-damage|p1a: Slowbro|194/307|[from] Spikes\n|turn|15\n|inactive|Time left: 300 sec this turn | 300 sec total\n|\n|t:|1783553045\n|move|p2a: Gouging Fire|Outrage|p1a: Slowbro|[from] lockedmove\n|-damage|p1a: Slowbro|91/307\n|-start|p2a: Gouging Fire|confusion|[fatigue]\n|move|p1a: Slowbro|Shell Side Arm|p2a: Gouging Fire|[anim] Shell Side Arm Special\n|-damage|p2a: Gouging Fire|23/100 par\n|-hint|Special Shell Side Arm\n|\n|-heal|p1a: Slowbro|110/307|[from] item: Leftovers\n|upkeep\n|turn|16\n|inactive|Time left: 300 sec this turn | 300 sec total\n|\n|t:|1783553046\n|-activate|p2a: Gouging Fire|confusion\n|-damage|p2a: Gouging Fire|15/100 par|[from] confusion\n|move|p1a: Slowbro|Slack Off|p1a: Slowbro\n|-heal|p1a: Slowbro|264/307\n|\n|-heal|p1a: Slowbro|283/307|[from] item: Leftovers\n|upkeep\n|turn|17\n|inactive|Time left: 300 sec this turn | 300 sec total\n|\n|t:|1783553047\n|-activate|p2a: Gouging Fire|confusion\n|cant|p2a: Gouging Fire|par\n|move|p1a: Slowbro|Psychic|p2a: Gouging Fire\n|-damage|p2a: Gouging Fire|0 fnt\n|faint|p2a: Gouging Fire\n|-end|p2a: Gouging Fire|Protosynthesis|[silent]\n|\n|-heal|p1a: Slowbro|302/307|[from] item: Leftovers\n|upkeep\n|\n|t:|1783553048\n|switch|p2a: Hoopa|Hoopa-Unbound, L80|88/100\n|turn|18\n|inactive|Time left: 300 sec this turn | 300 sec total\n|\n|t:|1783553049\n|switch|p1a: Breloom|Breloom, L83, F|94/235\n|-damage|p1a: Breloom|80/235|[from] Stealth Rock\n|-damage|p1a: Breloom|51/235|[from] Spikes\n|move|p2a: Hoopa|Hyperspace Fury|p1a: Breloom\n|-resisted|p1a: Breloom\n|-damage|p1a: Breloom|0 fnt\n|-unboost|p2a: Hoopa|def|1\n|faint|p1a: Breloom\n|\n|upkeep\n|inactive|Time left: 300 sec this turn | 300 sec total | 5 sec grace\n|\n|t:|1783553050\n|switch|p1a: Sawsbuck|Sawsbuck-Autumn, L88, M|284/284\n|-damage|p1a: Sawsbuck|249/284|[from] Stealth Rock\n|-damage|p1a: Sawsbuck|214/284|[from] Spikes\n|turn|19\n|inactive|Time left: 300 sec this turn | 300 sec total\n|\n|t:|1783553050\n|switch|p2a: Hippowdon|Hippowdon, L82, M|45/100\n|-weather|Sandstorm|[from] ability: Sand Stream|[of] p2a: Hippowdon\n|move|p1a: Sawsbuck|Horn Leech|p2a: Hippowdon\n|-supereffective|p2a: Hippowdon\n|-damage|p2a: Hippowdon|0 fnt\n|-heal|p1a: Sawsbuck|284/284|[from] drain|[of] p2a: Hippowdon\n|-damage|p1a: Sawsbuck|237/284|[from] item: Rocky Helmet|[of] p2a: Hippowdon\n|faint|p2a: Hippowdon\n|-damage|p1a: Sawsbuck|209/284|[from] item: Life Orb\n|\n|-weather|Sandstorm|[upkeep]\n|-damage|p1a: Sawsbuck|192/284|[from] Sandstorm\n|upkeep\n|\n|t:|1783553051\n|switch|p2a: Hoopa|Hoopa-Unbound, L80|88/100\n|turn|20\n|inactive|Time left: 300 sec this turn | 300 sec total\n|\n|t:|1783553052\n|move|p2a: Hoopa|Gunk Shot|p1a: Sawsbuck\n|-supereffective|p1a: Sawsbuck\n|-damage|p1a: Sawsbuck|0 fnt\n|faint|p1a: Sawsbuck\n|\n|-weather|Sandstorm|[upkeep]\n|-damage|p2a: Hoopa|82/100|[from] Sandstorm\n|upkeep\n|inactive|Time left: 300 sec this turn | 300 sec total | 5 sec grace\n|\n|t:|1783553053\n|switch|p1a: Slowbro|Slowbro-Galar, L87, F|307/307\n|-damage|p1a: Slowbro|269/307|[from] Stealth Rock\n|-damage|p1a: Slowbro|231/307|[from] Spikes\n|turn|21\n|inactive|Time left: 300 sec this turn | 300 sec total\n|\n|t:|1783553054\n|move|p2a: Hoopa|Gunk Shot|p1a: Slowbro|[miss]\n|-miss|p2a: Hoopa|p1a: Slowbro\n|move|p1a: Slowbro|Earthquake|p2a: Hoopa\n|-damage|p2a: Hoopa|43/100\n|\n|-weather|Sandstorm|[upkeep]\n|-damage|p2a: Hoopa|37/100|[from] Sandstorm\n|-damage|p1a: Slowbro|212/307|[from] Sandstorm\n|-heal|p1a: Slowbro|231/307|[from] item: Leftovers\n|upkeep\n|turn|22\n|inactive|Time left: 300 sec this turn | 300 sec total\n|\n|t:|1783553055\n|move|p2a: Hoopa|Gunk Shot|p1a: Slowbro\n|-resisted|p1a: Slowbro\n|-damage|p1a: Slowbro|178/307\n|move|p1a: Slowbro|Earthquake|p2a: Hoopa\n|-damage|p2a: Hoopa|0 fnt\n|faint|p2a: Hoopa\n|\n|-weather|Sandstorm|[upkeep]\n|-damage|p1a: Slowbro|159/307|[from] Sandstorm\n|-heal|p1a: Slowbro|178/307|[from] item: Leftovers\n|upkeep\n|\n|t:|1783553056\n|switch|p2a: Lucario|Lucario, L84, M|91/100\n|turn|23\n|inactive|Time left: 300 sec this turn | 300 sec total\n|\n|t:|1783553057\n|-terastallize|p2a: Lucario|Normal\n|move|p2a: Lucario|Swords Dance|p2a: Lucario\n|-boost|p2a: Lucario|atk|2\n|move|p1a: Slowbro|Psychic|p2a: Lucario\n|-damage|p2a: Lucario|39/100\n|\n|-weather|none\n|-heal|p1a: Slowbro|197/307|[from] item: Leftovers\n|upkeep\n|turn|24\n|inactive|Time left: 300 sec this turn | 300 sec total\n|\n|t:|1783553058\n|switch|p1a: Latios|Latios, L78, M|223/253\n|-damage|p1a: Latios|192/253|[from] Stealth Rock\n|move|p2a: Lucario|Extreme Speed|p1a: Latios\n|-damage|p1a: Latios|0 fnt\n|faint|p1a: Latios\n|-damage|p2a: Lucario|29/100|[from] item: Life Orb\n|\n|upkeep\n|inactive|Time left: 300 sec this turn | 300 sec total | 5 sec grace\n|\n|t:|1783553059\n|switch|p1a: Slowbro|Slowbro-Galar, L87, F|299/307\n|-damage|p1a: Slowbro|261/307|[from] Stealth Rock\n|-damage|p1a: Slowbro|223/307|[from] Spikes\n|turn|25\n|inactive|Time left: 300 sec this turn | 300 sec total\n|\n|t:|1783553060\n|switch|p1a: Manaphy|Manaphy, L78|284/284\n|-damage|p1a: Manaphy|249/284|[from] Stealth Rock\n|-damage|p1a: Manaphy|214/284|[from] Spikes\n|move|p2a: Lucario|Meteor Mash|p1a: Manaphy\n|-resisted|p1a: Manaphy\n|-damage|p1a: Manaphy|87/284\n|-damage|p2a: Lucario|19/100|[from] item: Life Orb\n|\n|-heal|p1a: Manaphy|104/284|[from] item: Leftovers\n|upkeep\n|turn|26\n|inactive|Time left: 300 sec this turn | 300 sec total\n|\n|t:|1783553061\n|switch|p1a: Slowbro|Slowbro-Galar, L87, F|307/307\n|-damage|p1a: Slowbro|269/307|[from] Stealth Rock\n|-damage|p1a: Slowbro|231/307|[from] Spikes\n|move|p2a: Lucario|Swords Dance|p2a: Lucario\n|-boost|p2a: Lucario|atk|2\n|\n|-heal|p1a: Slowbro|250/307|[from] item: Leftovers\n|upkeep\n|turn|27\n|inactive|Time left: 300 sec this turn | 300 sec total\n|\n|t:|1783553062\n|move|p2a: Lucario|Swords Dance|p2a: Lucario\n|-boost|p2a: Lucario|atk|2\n|move|p1a: Slowbro|Psychic|p2a: Lucario\n|-damage|p2a: Lucario|0 fnt\n|faint|p2a: Lucario\n|\n|win|p0x1201831e", "uploadtime": 1783553062, "views": 0, "rating": 0, "private": 0, "password": null, "_winner": "p0x1201831e", "_our_name": "p0x1201831e"}