{"id": "battle-gen9randombattle-1468", "formatid": "gen9randombattle", "format": "[Gen 9] Random Battle", "players": ["p0x1468418d", "p0y14689a81"], "log": "|init|battle\n|title|p0x1468418d vs. p0y14689a81\n|j|\u2606p0x1468418d\n|j|\u2606p0y14689a81\n|t:|1783557093\n|gametype|singles\n|player|p1|p0x1468418d|2|\n|player|p2|p0y14689a81|1|\n|gen|9\n|tier|[Gen 9] Random Battle\n|rule|Species Clause: Limit one of each Pok\u00e9mon\n|rule|HP Percentage Mod: HP is shown in percentages\n|rule|Sleep Clause Mod: Limit one foe put to sleep\n|rule|Illusion Level Mod: Illusion disguises the Pok\u00e9mon's true level\n|\n|t:|1783557093\n|teamsize|p1|6\n|teamsize|p2|6\n|start\n|switch|p1a: Mew|Mew, L82|100/100\n|switch|p2a: Mewtwo|Mewtwo, L72|272/272\n|-ability|p2a: Mewtwo|Pressure\n|turn|1\n|inactive|Battle timer is ON: inactive players will automatically lose when time's up. (requested by p0x1468418d)\n|inactive|Time left: 300 sec this turn | 300 sec total | 60 sec grace\n|inactive|p0y14689a81 also wants the timer to be on.\n|\n|t:|1783557095\n|move|p2a: Mewtwo|Nasty Plot|p2a: Mewtwo\n|-boost|p2a: Mewtwo|spa|2\n|move|p1a: Mew|Leech Life|p2a: Mewtwo\n|-supereffective|p2a: Mewtwo\n|-damage|p2a: Mewtwo|124/272\n|-damage|p1a: Mew|91/100|[from] item: Life Orb\n|\n|upkeep\n|turn|2\n|inactive|Time left: 300 sec this turn | 300 sec total\n|\n|t:|1783557096\n|move|p2a: Mewtwo|Psystrike|p1a: Mew\n|-resisted|p1a: Mew\n|-damage|p1a: Mew|41/100\n|-damage|p2a: Mewtwo|97/272|[from] item: Life Orb\n|move|p1a: Mew|Leech Life|p2a: Mewtwo\n|-supereffective|p2a: Mewtwo\n|-damage|p2a: Mewtwo|0 fnt\n|-heal|p1a: Mew|58/100|[from] drain|[of] p2a: Mewtwo\n|faint|p2a: Mewtwo\n|-damage|p1a: Mew|48/100|[from] item: Life Orb\n|\n|upkeep\n|inactive|Time left: 300 sec this turn | 300 sec total | 5 sec grace\n|\n|t:|1783557098\n|switch|p2a: Ariados|Ariados, L95, M|287/287\n|turn|3\n|inactive|Time left: 300 sec this turn | 300 sec total\n|\n|t:|1783557099\n|move|p1a: Mew|Psychic Fangs|p2a: Ariados\n|-supereffective|p2a: Ariados\n|-damage|p2a: Ariados|27/287\n|-damage|p1a: Mew|38/100|[from] item: Life Orb\n|move|p2a: Ariados|Sticky Web|p1a: Mew\n|-sidestart|p1: p0x1468418d|move: Sticky Web\n|\n|upkeep\n|turn|4\n|inactive|Time left: 300 sec this turn | 300 sec total\n|\n|t:|1783557101\n|switch|p2a: Zacian|Zacian, L69|241/241\n|-ability|p2a: Zacian|Intrepid Sword|boost\n|-boost|p2a: Zacian|atk|1\n|move|p1a: Mew|Leech Life|p2a: Zacian\n|-resisted|p2a: Zacian\n|-damage|p2a: Zacian|206/241\n|-heal|p1a: Mew|44/100|[from] drain|[of] p2a: Zacian\n|-damage|p1a: Mew|34/100|[from] item: Life Orb\n|\n|upkeep\n|turn|5\n|inactive|Time left: 300 sec this turn | 300 sec total\n|\n|t:|1783557102\n|switch|p1a: Coalossal|Coalossal, L89, M|100/100\n|move|p2a: Zacian|Swords Dance|p2a: Zacian\n|-boost|p2a: Zacian|atk|2\n|\n|upkeep\n|turn|6\n|inactive|Time left: 300 sec this turn | 300 sec total\n|\n|t:|1783557103\n|-terastallize|p1a: Coalossal|Grass\n|move|p2a: Zacian|Close Combat|p1a: Coalossal\n|-damage|p1a: Coalossal|53/100\n|-unboost|p2a: Zacian|def|1\n|-unboost|p2a: Zacian|spd|1\n|-damage|p2a: Zacian|182/241|[from] item: Life Orb\n|move|p1a: Coalossal|Rapid Spin|p2a: Zacian\n|-damage|p2a: Zacian|126/241\n|-boost|p1a: Coalossal|spe|1\n|-sideend|p1: p0x1468418d|Sticky Web|[from] move: Rapid Spin|[of] p1a: Coalossal\n|\n|upkeep\n|turn|7\n|inactive|Time left: 300 sec this turn | 300 sec total\n|\n|t:|1783557104\n|move|p2a: Zacian|Play Rough|p1a: Coalossal\n|-damage|p1a: Coalossal|1/100\n|-damage|p2a: Zacian|102/241|[from] item: Life Orb\n|move|p1a: Coalossal|Stone Edge|p2a: Zacian\n|-damage|p2a: Zacian|0 fnt\n|faint|p2a: Zacian\n|\n|upkeep\n|inactive|Time left: 300 sec this turn | 300 sec total | 5 sec grace\n|\n|t:|1783557105\n|switch|p2a: Kommo-o|Kommo-o, L77, F|242/242\n|turn|8\n|inactive|Time left: 300 sec this turn | 300 sec total\n|\n|t:|1783557106\n|move|p2a: Kommo-o|Clangorous Soul|p2a: Kommo-o\n|-boost|p2a: Kommo-o|atk|1\n|-boost|p2a: Kommo-o|def|1\n|-boost|p2a: Kommo-o|spa|1\n|-boost|p2a: Kommo-o|spd|1\n|-boost|p2a: Kommo-o|spe|1\n|-damage|p2a: Kommo-o|163/242\n|-enditem|p2a: Kommo-o|Throat Spray\n|-boost|p2a: Kommo-o|spa|1|[from] item: Throat Spray\n|move|p1a: Coalossal|Overheat|p2a: Kommo-o\n|-resisted|p2a: Kommo-o\n|-crit|p2a: Kommo-o\n|-damage|p2a: Kommo-o|69/242\n|-unboost|p1a: Coalossal|spa|2\n|\n|upkeep\n|turn|9\n|inactive|Time left: 300 sec this turn | 300 sec total\n|\n|t:|1783557108\n|move|p2a: Kommo-o|Drain Punch|p1a: Coalossal\n|-damage|p1a: Coalossal|0 fnt\n|-heal|p2a: Kommo-o|71/242|[from] drain|[of] p1a: Coalossal\n|faint|p1a: Coalossal\n|\n|upkeep\n|\n|t:|1783557109\n|switch|p1a: Politoed|Politoed, L88, F|100/100\n|-weather|RainDance|[from] ability: Drizzle|[of] p1a: Politoed\n|turn|10\n|inactive|Time left: 300 sec this turn | 300 sec total\n|\n|t:|1783557110\n|move|p2a: Kommo-o|Drain Punch|p1a: Politoed\n|-damage|p1a: Politoed|60/100\n|-heal|p2a: Kommo-o|133/242|[from] drain|[of] p1a: Politoed\n|move|p1a: Politoed|Ice Beam|p2a: Kommo-o\n|-supereffective|p2a: Kommo-o\n|-damage|p2a: Kommo-o|45/242\n|\n|-weather|RainDance|[upkeep]\n|-heal|p1a: Politoed|66/100|[from] item: Leftovers\n|upkeep\n|turn|11\n|inactive|Time left: 300 sec this turn | 300 sec total\n|\n|t:|1783557111\n|move|p2a: Kommo-o|Drain Punch|p1a: Politoed\n|-damage|p1a: Politoed|27/100\n|-heal|p2a: Kommo-o|104/242|[from] drain|[of] p1a: Politoed\n|move|p1a: Politoed|Ice Beam|p2a: Kommo-o\n|-supereffective|p2a: Kommo-o\n|-damage|p2a: Kommo-o|26/242\n|\n|-weather|RainDance|[upkeep]\n|-heal|p1a: Politoed|33/100|[from] item: Leftovers\n|upkeep\n|turn|12\n|inactive|Time left: 300 sec this turn | 300 sec total\n|\n|t:|1783557112\n|move|p2a: Kommo-o|Drain Punch|p1a: Politoed\n|-damage|p1a: Politoed|0 fnt\n|-heal|p2a: Kommo-o|75/242|[from] drain|[of] p1a: Politoed\n|faint|p1a: Politoed\n|\n|-weather|RainDance|[upkeep]\n|upkeep\n|\n|t:|1783557114\n|switch|p1a: Moltres|Moltres-Galar, L79|100/100\n|turn|13\n|inactive|Time left: 300 sec this turn | 300 sec total\n|\n|t:|1783557114\n|-terastallize|p2a: Kommo-o|Steel\n|move|p2a: Kommo-o|Drain Punch|p1a: Moltres\n|-damage|p1a: Moltres|56/100\n|-heal|p2a: Kommo-o|136/242|[from] drain|[of] p1a: Moltres\n|move|p1a: Moltres|Hurricane|p2a: Kommo-o\n|-resisted|p2a: Kommo-o\n|-damage|p2a: Kommo-o|106/242\n|-start|p2a: Kommo-o|confusion\n|\n|-weather|RainDance|[upkeep]\n|upkeep\n|turn|14\n|inactive|Time left: 300 sec this turn | 300 sec total\n|\n|t:|1783557116\n|-activate|p2a: Kommo-o|confusion\n|move|p2a: Kommo-o|Clanging Scales|p1a: Moltres\n|-damage|p1a: Moltres|0 fnt\n|faint|p1a: Moltres\n|-unboost|p2a: Kommo-o|def|1\n|\n|-weather|none\n|upkeep\n|\n|t:|1783557117\n|switch|p1a: Cobalion|Cobalion, L80|100/100\n|turn|15\n|inactive|Time left: 300 sec this turn | 300 sec total\n|\n|t:|1783557118\n|-end|p2a: Kommo-o|confusion\n|move|p2a: Kommo-o|Drain Punch|p1a: Cobalion\n|-supereffective|p1a: Cobalion\n|-damage|p1a: Cobalion|43/100\n|-heal|p2a: Kommo-o|185/242|[from] drain|[of] p1a: Cobalion\n|move|p1a: Cobalion|Close Combat|p2a: Kommo-o\n|-supereffective|p2a: Kommo-o\n|-damage|p2a: Kommo-o|0 fnt\n|-unboost|p1a: Cobalion|def|1\n|-unboost|p1a: Cobalion|spd|1\n|faint|p2a: Kommo-o\n|\n|-heal|p1a: Cobalion|50/100|[from] item: Leftovers\n|upkeep\n|inactive|Time left: 300 sec this turn | 300 sec total | 5 sec grace\n|\n|t:|1783557119\n|switch|p2a: Garganacl|Garganacl, L80, F|291/291\n|turn|16\n|inactive|Time left: 300 sec this turn | 300 sec total\n|\n|t:|1783557120\n|move|p1a: Cobalion|Close Combat|p2a: Garganacl\n|-supereffective|p2a: Garganacl\n|-damage|p2a: Garganacl|123/291\n|-unboost|p1a: Cobalion|def|1\n|-unboost|p1a: Cobalion|spd|1\n|move|p2a: Garganacl|Earthquake|p1a: Cobalion\n|-supereffective|p1a: Cobalion\n|-damage|p1a: Cobalion|0 fnt\n|faint|p1a: Cobalion\n|\n|-heal|p2a: Garganacl|141/291|[from] item: Leftovers\n|upkeep\n|\n|t:|1783557121\n|switch|p1a: Mew|Mew, L82|34/100\n|turn|17\n|inactive|Time left: 300 sec this turn | 300 sec total\n|\n|t:|1783557122\n|switch|p2a: Carbink|Carbink, L90|236/236\n|move|p1a: Mew|Close Combat|p2a: Carbink\n|-damage|p2a: Carbink|171/236\n|-unboost|p1a: Mew|def|1\n|-unboost|p1a: Mew|spd|1\n|-damage|p1a: Mew|25/100|[from] item: Life Orb\n|\n|upkeep\n|turn|18\n|inactive|Time left: 300 sec this turn | 300 sec total\n|\n|t:|1783557123\n|switch|p1a: Houndoom|Houndoom, L87, M|100/100\n|move|p2a: Carbink|Iron Defense|p2a: Carbink\n|-boost|p2a: Carbink|def|2\n|\n|upkeep\n|turn|19\n|inactive|Time left: 300 sec this turn | 300 sec total\n|\n|t:|1783557124\n|move|p1a: Houndoom|Dark Pulse|p2a: Carbink\n|-resisted|p2a: Carbink\n|-damage|p2a: Carbink|141/236\n|move|p2a: Carbink|Body Press|p1a: Houndoom\n|-supereffective|p1a: Houndoom\n|-damage|p1a: Houndoom|0 fnt\n|faint|p1a: Houndoom\n|\n|upkeep\n|\n|t:|1783557125\n|switch|p1a: Mew|Mew, L82|25/100\n|turn|20\n|inactive|Time left: 300 sec this turn | 300 sec total\n|\n|t:|1783557126\n|move|p1a: Mew|Swords Dance|p1a: Mew\n|-boost|p1a: Mew|atk|2\n|move|p2a: Carbink|Body Press|p1a: Mew\n|-resisted|p1a: Mew\n|-damage|p1a: Mew|0 fnt\n|faint|p1a: Mew\n|\n|win|p0y14689a81", "uploadtime": 1783557126, "views": 0, "rating": 0, "private": 0, "password": null, "_winner": "p0y14689a81", "_our_name": "p0y14689a81"}