{"id": "battle-gen9randombattle-2243", "formatid": "gen9randombattle", "format": "[Gen 9] Random Battle", "players": ["p0x2243a9c3", "p0y22439df1"], "log": "|init|battle\n|title|p0x2243a9c3 vs. p0y22439df1\n|j|\u2606p0x2243a9c3\n|j|\u2606p0y22439df1\n|t:|1783565083\n|gametype|singles\n|player|p1|p0x2243a9c3|170|\n|player|p2|p0y22439df1|2|\n|gen|9\n|tier|[Gen 9] Random Battle\n|rule|Species Clause: Limit one of each Pok\u00e9mon\n|rule|HP Percentage Mod: HP is shown in percentages\n|rule|Sleep Clause Mod: Limit one foe put to sleep\n|rule|Illusion Level Mod: Illusion disguises the Pok\u00e9mon's true level\n|\n|t:|1783565083\n|teamsize|p1|6\n|teamsize|p2|6\n|start\n|switch|p1a: Regidrago|Regidrago, L77|100/100\n|switch|p2a: Goodra|Goodra, L85, F|292/292\n|turn|1\n|inactive|Battle timer is ON: inactive players will automatically lose when time's up. (requested by p0y22439df1)\n|inactive|p0x2243a9c3 also wants the timer to be on.\n|\n|t:|1783565084\n|switch|p1a: Conkeldurr|Conkeldurr, L80, M|100/100\n|-terastallize|p2a: Goodra|Ground\n|move|p2a: Goodra|Draco Meteor|p1a: Conkeldurr\n|-damage|p1a: Conkeldurr|31/100\n|-unboost|p2a: Goodra|spa|2\n|\n|-status|p1a: Conkeldurr|brn|[from] item: Flame Orb\n|upkeep\n|turn|2\n|inactive|Time left: 300 sec this turn | 300 sec total\n|\n|t:|1783565086\n|switch|p1a: Tornadus|Tornadus, L82, M|100/100\n|move|p2a: Goodra|Earthquake|p1a: Tornadus\n|-immune|p1a: Tornadus\n|\n|upkeep\n|turn|3\n|inactive|Time left: 300 sec this turn | 300 sec total\n|\n|t:|1783565087\n|move|p1a: Tornadus|Bleakwind Storm|p2a: Goodra\n|-damage|p2a: Goodra|205/292\n|move|p2a: Goodra|Power Whip|p1a: Tornadus\n|-resisted|p1a: Tornadus\n|-damage|p1a: Tornadus|80/100\n|\n|upkeep\n|turn|4\n|inactive|Time left: 300 sec this turn | 300 sec total\n|\n|t:|1783565088\n|move|p1a: Tornadus|Bleakwind Storm|p2a: Goodra\n|-damage|p2a: Goodra|123/292\n|-unboost|p2a: Goodra|spe|1\n|move|p2a: Goodra|Draco Meteor|p1a: Tornadus\n|-damage|p1a: Tornadus|46/100\n|-unboost|p2a: Goodra|spa|2\n|\n|upkeep\n|turn|5\n|inactive|Time left: 300 sec this turn | 300 sec total\n|\n|t:|1783565090\n|switch|p2a: Calyrex|Calyrex-Shadow, L64|235/235\n|-ability|p2a: Calyrex|As One\n|-ability|p2a: Calyrex|Unnerve\n|move|p1a: Tornadus|Bleakwind Storm|p2a: Calyrex\n|-damage|p2a: Calyrex|34/235\n|\n|upkeep\n|turn|6\n|inactive|Time left: 300 sec this turn | 300 sec total\n|\n|t:|1783565091\n|switch|p1a: Flareon|Flareon, L90, F|100/100\n|move|p2a: Calyrex|Astral Barrage|p1a: Flareon\n|-damage|p1a: Flareon|49/100\n|\n|-status|p1a: Flareon|tox|[from] item: Toxic Orb\n|upkeep\n|turn|7\n|inactive|Time left: 300 sec this turn | 300 sec total\n|\n|t:|1783565092\n|-terastallize|p1a: Flareon|Normal\n|move|p2a: Calyrex|Astral Barrage|p1a: Flareon\n|-immune|p1a: Flareon\n|move|p1a: Flareon|Flare Blitz|p2a: Calyrex\n|-damage|p2a: Calyrex|0 fnt\n|faint|p2a: Calyrex\n|-damage|p1a: Flareon|45/100 tox|[from] Recoil\n|\n|-damage|p1a: Flareon|39/100 tox|[from] psn\n|upkeep\n|inactive|Time left: 300 sec this turn | 300 sec total | 5 sec grace\n|\n|t:|1783565093\n|switch|p2a: Baxcalibur|Baxcalibur, L75, F|295/295\n|turn|8\n|inactive|Time left: 300 sec this turn | 300 sec total\n|\n|t:|1783565094\n|switch|p1a: Iron Crown|Iron Crown, L78|100/100\n|move|p2a: Baxcalibur|Icicle Spear|p1a: Iron Crown\n|-resisted|p1a: Iron Crown\n|-damage|p1a: Iron Crown|95/100\n|-resisted|p1a: Iron Crown\n|-damage|p1a: Iron Crown|90/100\n|-resisted|p1a: Iron Crown\n|-damage|p1a: Iron Crown|84/100\n|-resisted|p1a: Iron Crown\n|-damage|p1a: Iron Crown|78/100\n|-resisted|p1a: Iron Crown\n|-damage|p1a: Iron Crown|73/100\n|-hitcount|p1a: Iron Crown|5\n|\n|-heal|p1a: Iron Crown|79/100|[from] item: Leftovers\n|upkeep\n|turn|9\n|inactive|Time left: 300 sec this turn | 300 sec total\n|\n|t:|1783565096\n|move|p1a: Iron Crown|Tachyon Cutter|p2a: Baxcalibur\n|-supereffective|p2a: Baxcalibur\n|-damage|p2a: Baxcalibur|167/295\n|-supereffective|p2a: Baxcalibur\n|-crit|p2a: Baxcalibur\n|-damage|p2a: Baxcalibur|0 fnt\n|faint|p2a: Baxcalibur\n|-hitcount|p2: Baxcalibur|2\n|\n|-heal|p1a: Iron Crown|85/100|[from] item: Leftovers\n|upkeep\n|inactive|Time left: 300 sec this turn | 300 sec total | 5 sec grace\n|\n|t:|1783565096\n|switch|p2a: Infernape|Infernape, L82, M|259/259\n|turn|10\n|inactive|Time left: 300 sec this turn | 300 sec total\n|\n|t:|1783565097\n|-end|p1a: Iron Crown|Quark Drive|[silent]\n|switch|p1a: Regidrago|Regidrago, L77|100/100\n|move|p2a: Infernape|Flare Blitz|p1a: Regidrago\n|-resisted|p1a: Regidrago\n|-damage|p1a: Regidrago|63/100\n|-damage|p2a: Infernape|206/259|[from] Recoil\n|\n|upkeep\n|turn|11\n|inactive|Time left: 300 sec this turn | 300 sec total\n|\n|t:|1783565099\n|move|p2a: Infernape|Flare Blitz|p1a: Regidrago\n|-resisted|p1a: Regidrago\n|-damage|p1a: Regidrago|31/100\n|-damage|p2a: Infernape|160/259|[from] Recoil\n|move|p1a: Regidrago|Dragon Dance|p1a: Regidrago\n|-boost|p1a: Regidrago|atk|1\n|-boost|p1a: Regidrago|spe|1\n|\n|upkeep\n|turn|12\n|inactive|Time left: 300 sec this turn | 300 sec total\n|\n|t:|1783565100\n|switch|p2a: Goodra|Goodra, L85, F, tera:Ground|123/292\n|move|p1a: Regidrago|Outrage|p2a: Goodra\n|-damage|p2a: Goodra|0 fnt\n|faint|p2a: Goodra\n|\n|upkeep\n|inactive|Time left: 300 sec this turn | 300 sec total | 5 sec grace\n|\n|t:|1783565101\n|switch|p2a: Sunflora|Sunflora, M|312/312\n|turn|13\n|inactive|Time left: 300 sec this turn | 300 sec total\n|\n|t:|1783565102\n|move|p1a: Regidrago|Outrage|p2a: Sunflora|[from] lockedmove\n|-damage|p2a: Sunflora|42/312\n|-start|p1a: Regidrago|confusion|[fatigue]\n|-enditem|p1a: Regidrago|Lum Berry|[eat]\n|-end|p1a: Regidrago|confusion\n|move|p2a: Sunflora|Earth Power|p1a: Regidrago\n|-crit|p1a: Regidrago\n|-damage|p1a: Regidrago|0 fnt\n|faint|p1a: Regidrago\n|-damage|p2a: Sunflora|11/312|[from] item: Life Orb\n|\n|upkeep\n|\n|t:|1783565102\n|switch|p1a: Flareon|Flareon, L90, F, tera:Normal|39/100 tox\n|turn|14\n|inactive|Time left: 300 sec this turn | 300 sec total\n|\n|t:|1783565103\n|move|p1a: Flareon|Trailblaze|p2a: Sunflora\n|-resisted|p2a: Sunflora\n|-damage|p2a: Sunflora|0 fnt\n|-boost|p1a: Flareon|spe|1\n|faint|p2a: Sunflora\n|\n|-damage|p1a: Flareon|32/100 tox|[from] psn\n|upkeep\n|inactive|Time left: 300 sec this turn | 300 sec total | 5 sec grace\n|\n|t:|1783565104\n|switch|p2a: Infernape|Infernape, L82, M|160/259\n|turn|15\n|inactive|Time left: 300 sec this turn | 300 sec total\n|\n|t:|1783565105\n|move|p1a: Flareon|Facade|p2a: Infernape\n|-damage|p2a: Infernape|0 fnt\n|faint|p2a: Infernape\n|\n|-damage|p1a: Flareon|20/100 tox|[from] psn\n|upkeep\n|inactive|Time left: 300 sec this turn | 300 sec total | 5 sec grace\n|\n|t:|1783565106\n|switch|p2a: Smeargle|Smeargle, L95, F|258/258\n|turn|16\n|inactive|Time left: 300 sec this turn | 300 sec total\n|\n|t:|1783565106\n|move|p1a: Flareon|Facade|p2a: Smeargle\n|-crit|p2a: Smeargle\n|-damage|p2a: Smeargle|0 fnt\n|faint|p2a: Smeargle\n|\n|win|p0x2243a9c3", "uploadtime": 1783565106, "views": 0, "rating": 0, "private": 0, "password": null, "_winner": "p0x2243a9c3", "_our_name": "p0y22439df1"}