{"id": "battle-gen9randombattle-616", "formatid": "gen9randombattle", "format": "[Gen 9] Random Battle", "players": ["p0x61644cf", "p0y6161bec"], "log": "|init|battle\n|title|p0x61644cf vs. p0y6161bec\n|j|\u2606p0x61644cf\n|j|\u2606p0y6161bec\n|t:|1783546964\n|gametype|singles\n|player|p1|p0x61644cf|169|\n|player|p2|p0y6161bec|1|\n|gen|9\n|tier|[Gen 9] Random Battle\n|rule|Species Clause: Limit one of each Pok\u00e9mon\n|rule|HP Percentage Mod: HP is shown in percentages\n|rule|Sleep Clause Mod: Limit one foe put to sleep\n|rule|Illusion Level Mod: Illusion disguises the Pok\u00e9mon's true level\n|\n|t:|1783546964\n|teamsize|p1|6\n|teamsize|p2|6\n|start\n|switch|p1a: Politoed|Politoed, L88, M|302/302\n|switch|p2a: Ursaluna|Ursaluna, L79, F|100/100\n|-weather|RainDance|[from] ability: Drizzle|[of] p1a: Politoed\n|turn|1\n|inactive|Battle timer is ON: inactive players will automatically lose when time's up. (requested by p0y6161bec)\n|inactive|Time left: 300 sec this turn | 300 sec total | 60 sec grace\n|inactive|p0x61644cf also wants the timer to be on.\n|\n|t:|1783546966\n|switch|p2a: Arboliva|Arboliva, L91, F|100/100\n|move|p1a: Politoed|Surf|p2a: Arboliva\n|-resisted|p2a: Arboliva\n|-damage|p2a: Arboliva|79/100\n|\n|-weather|RainDance|[upkeep]\n|upkeep\n|turn|2\n|inactive|Time left: 300 sec this turn | 300 sec total\n|\n|t:|1783546967\n|move|p1a: Politoed|Surf|p2a: Arboliva\n|-resisted|p2a: Arboliva\n|-damage|p2a: Arboliva|59/100\n|move|p2a: Arboliva|Leech Seed|p1a: Politoed\n|-start|p1a: Politoed|move: Leech Seed\n|\n|-weather|RainDance|[upkeep]\n|-damage|p1a: Politoed|265/302|[from] Leech Seed|[of] p2a: Arboliva\n|-heal|p2a: Arboliva|72/100|[silent]\n|upkeep\n|turn|3\n|inactive|Time left: 300 sec this turn | 300 sec total\n|\n|t:|1783546968\n|switch|p1a: Fezandipiti|Fezandipiti, L82, M|278/278\n|move|p2a: Arboliva|Hyper Voice|p1a: Fezandipiti\n|-damage|p1a: Fezandipiti|164/278\n|\n|-weather|RainDance|[upkeep]\n|-heal|p1a: Fezandipiti|181/278|[from] item: Leftovers\n|upkeep\n|turn|4\n|inactive|Time left: 300 sec this turn | 300 sec total\n|\n|t:|1783546969\n|switch|p2a: Ursaluna|Ursaluna, L79, F|100/100\n|move|p1a: Fezandipiti|Gunk Shot|p2a: Ursaluna\n|-resisted|p2a: Ursaluna\n|-damage|p2a: Ursaluna|85/100\n|-status|p2a: Ursaluna|tox|[from] ability: Toxic Chain|[of] p1a: Fezandipiti\n|\n|-weather|RainDance|[upkeep]\n|-heal|p1a: Fezandipiti|198/278|[from] item: Leftovers\n|-damage|p2a: Ursaluna|79/100 tox|[from] psn\n|upkeep\n|turn|5\n|inactive|Time left: 300 sec this turn | 300 sec total\n|\n|t:|1783546970\n|move|p1a: Fezandipiti|Play Rough|p2a: Ursaluna\n|-damage|p2a: Ursaluna|58/100 tox\n|move|p2a: Ursaluna|Facade|p1a: Fezandipiti\n|-damage|p1a: Fezandipiti|0 fnt\n|faint|p1a: Fezandipiti\n|\n|-weather|none\n|-damage|p2a: Ursaluna|46/100 tox|[from] psn\n|upkeep\n|inactive|Time left: 300 sec this turn | 300 sec total | 5 sec grace\n|\n|t:|1783546971\n|switch|p1a: Gardevoir|Gardevoir, L83, M|249/249\n|-ability|p1a: Gardevoir|Guts|Trace|[from] ability: Trace|[of] p2a: Ursaluna\n|turn|6\n|inactive|Time left: 300 sec this turn | 300 sec total\n|\n|t:|1783546972\n|move|p1a: Gardevoir|Moonblast|p2a: Ursaluna\n|-damage|p2a: Ursaluna|0 fnt\n|faint|p2a: Ursaluna\n|-damage|p1a: Gardevoir|225/249|[from] item: Life Orb\n|\n|upkeep\n|\n|t:|1783546973\n|switch|p2a: Pincurchin|Pincurchin, F|100/100\n|-fieldstart|move: Electric Terrain|[from] ability: Electric Surge|[of] p2a: Pincurchin\n|turn|7\n|inactive|Time left: 300 sec this turn | 300 sec total\n|\n|t:|1783546974\n|move|p1a: Gardevoir|Calm Mind|p1a: Gardevoir\n|-boost|p1a: Gardevoir|spa|1\n|-boost|p1a: Gardevoir|spd|1\n|move|p2a: Pincurchin|Discharge|p1a: Gardevoir\n|-damage|p1a: Gardevoir|144/249\n|-status|p1a: Gardevoir|par\n|\n|upkeep\n|turn|8\n|inactive|Time left: 300 sec this turn | 300 sec total\n|\n|t:|1783546975\n|switch|p2a: Darkrai|Darkrai, L77|100/100\n|move|p1a: Gardevoir|Moonblast|p2a: Darkrai\n|-supereffective|p2a: Darkrai\n|-crit|p2a: Darkrai\n|-damage|p2a: Darkrai|0 fnt\n|faint|p2a: Darkrai\n|-damage|p1a: Gardevoir|120/249 par|[from] item: Life Orb\n|\n|upkeep\n|\n|t:|1783546976\n|switch|p2a: Giratina|Giratina-Origin, L72|100/100\n|turn|9\n|inactive|Time left: 300 sec this turn | 300 sec total\n|\n|t:|1783546977\n|move|p2a: Giratina|Poltergeist|p1a: Gardevoir\n|-activate|p1a: Gardevoir|move: Poltergeist|Life Orb\n|-supereffective|p1a: Gardevoir\n|-damage|p1a: Gardevoir|0 fnt\n|faint|p1a: Gardevoir\n|\n|upkeep\n|inactive|Time left: 300 sec this turn | 300 sec total | 5 sec grace\n|\n|t:|1783546978\n|switch|p1a: Miraidon|Miraidon, L65|238/238\n|-activate|p1a: Miraidon|ability: Hadron Engine\n|turn|10\n|inactive|Time left: 300 sec this turn | 300 sec total\n|\n|t:|1783546979\n|switch|p2a: Arboliva|Arboliva, L91, F|72/100\n|move|p1a: Miraidon|Draco Meteor|p2a: Arboliva\n|-damage|p2a: Arboliva|16/100\n|-unboost|p1a: Miraidon|spa|2\n|-enditem|p2a: Arboliva|Sitrus Berry|[eat]\n|-heal|p2a: Arboliva|41/100|[from] item: Sitrus Berry\n|-damage|p1a: Miraidon|215/238|[from] item: Life Orb\n|\n|upkeep\n|turn|11\n|inactive|Time left: 300 sec this turn | 300 sec total\n|\n|t:|1783546980\n|switch|p1a: Politoed|Politoed, L88, M|265/302\n|-weather|RainDance|[from] ability: Drizzle|[of] p1a: Politoed\n|move|p2a: Arboliva|Leech Seed|p1a: Politoed\n|-start|p1a: Politoed|move: Leech Seed\n|\n|-weather|RainDance|[upkeep]\n|-damage|p1a: Politoed|228/302|[from] Leech Seed|[of] p2a: Arboliva\n|-heal|p2a: Arboliva|54/100|[silent]\n|-fieldend|move: Electric Terrain\n|upkeep\n|turn|12\n|inactive|Time left: 300 sec this turn | 300 sec total\n|\n|t:|1783546981\n|switch|p1a: Galvantula|Galvantula, L82, M|249/249\n|move|p2a: Arboliva|Hyper Voice|p1a: Galvantula\n|-damage|p1a: Galvantula|81/249\n|\n|-weather|RainDance|[upkeep]\n|-item|p2a: Arboliva|Sitrus Berry|[from] ability: Harvest\n|upkeep\n|turn|13\n|inactive|Time left: 300 sec this turn | 300 sec total\n|\n|t:|1783546983\n|move|p1a: Galvantula|Sticky Web|p2a: Arboliva\n|-sidestart|p2: p0y6161bec|move: Sticky Web\n|move|p2a: Arboliva|Hyper Voice|p1a: Galvantula\n|-damage|p1a: Galvantula|0 fnt\n|faint|p1a: Galvantula\n|\n|-weather|RainDance|[upkeep]\n|upkeep\n|inactive|Time left: 300 sec this turn | 300 sec total | 5 sec grace\n|\n|t:|1783546983\n|switch|p1a: Moltres|Moltres, L81|278/278\n|turn|14\n|inactive|Time left: 300 sec this turn | 300 sec total\n|\n|t:|1783546984\n|-terastallize|p2a: Arboliva|Water\n|move|p1a: Moltres|Brave Bird|p2a: Arboliva\n|-damage|p2a: Arboliva|17/100\n|-enditem|p2a: Arboliva|Sitrus Berry|[eat]\n|-heal|p2a: Arboliva|42/100|[from] item: Sitrus Berry\n|-damage|p1a: Moltres|243/278|[from] Recoil\n|move|p2a: Arboliva|Leech Seed|p1a: Moltres\n|-start|p1a: Moltres|move: Leech Seed\n|\n|-weather|RainDance|[upkeep]\n|-damage|p1a: Moltres|209/278|[from] Leech Seed|[of] p2a: Arboliva\n|-heal|p2a: Arboliva|54/100|[silent]\n|upkeep\n|turn|15\n|inactive|Time left: 300 sec this turn | 300 sec total\n|\n|t:|1783546985\n|switch|p1a: Miraidon|Miraidon, L65|215/238\n|-fieldstart|move: Electric Terrain|[from] ability: Hadron Engine|[of] p1a: Miraidon\n|move|p2a: Arboliva|Hyper Voice|p1a: Miraidon\n|-damage|p1a: Miraidon|71/238\n|\n|-weather|none\n|-item|p2a: Arboliva|Sitrus Berry|[from] ability: Harvest\n|upkeep\n|turn|16\n|inactive|Time left: 300 sec this turn | 300 sec total\n|\n|t:|1783546986\n|move|p2a: Arboliva|Protect|p2a: Arboliva\n|-singleturn|p2a: Arboliva|Protect\n|move|p1a: Miraidon|Electro Drift|p2a: Arboliva\n|-activate|p2a: Arboliva|move: Protect\n|\n|upkeep\n|turn|17\n|inactive|Time left: 300 sec this turn | 300 sec total\n|\n|t:|1783546987\n|move|p1a: Miraidon|Electro Drift|p2a: Arboliva\n|-supereffective|p2a: Arboliva\n|-damage|p2a: Arboliva|0 fnt\n|faint|p2a: Arboliva\n|-damage|p1a: Miraidon|48/238|[from] item: Life Orb\n|\n|upkeep\n|\n|t:|1783546988\n|switch|p2a: Pincurchin|Pincurchin, F|100/100\n|-activate|p2a: Pincurchin|move: Sticky Web\n|-unboost|p2a: Pincurchin|spe|1\n|turn|18\n|inactive|Time left: 300 sec this turn | 300 sec total\n|\n|t:|1783546989\n|move|p1a: Miraidon|Calm Mind|p1a: Miraidon\n|-boost|p1a: Miraidon|spa|1\n|-boost|p1a: Miraidon|spd|1\n|move|p2a: Pincurchin|Discharge|p1a: Miraidon\n|-resisted|p1a: Miraidon\n|-damage|p1a: Miraidon|20/238\n|\n|upkeep\n|turn|19\n|inactive|Time left: 300 sec this turn | 300 sec total\n|\n|t:|1783546990\n|move|p1a: Miraidon|Draco Meteor|p2a: Pincurchin\n|-damage|p2a: Pincurchin|3/100\n|-unboost|p1a: Miraidon|spa|2\n|-damage|p1a: Miraidon|0 fnt|[from] item: Life Orb\n|faint|p1a: Miraidon\n|move|p2a: Pincurchin|Recover|p2a: Pincurchin\n|-heal|p2a: Pincurchin|53/100\n|\n|-heal|p2a: Pincurchin|59/100|[from] item: Leftovers\n|-fieldend|move: Electric Terrain\n|upkeep\n|inactive|Time left: 300 sec this turn | 300 sec total | 5 sec grace\n|\n|t:|1783546991\n|switch|p1a: Moltres|Moltres, L81|209/278\n|turn|20\n|inactive|Time left: 300 sec this turn | 300 sec total\n|\n|t:|1783546992\n|-terastallize|p1a: Moltres|Ground\n|move|p1a: Moltres|Scorching Sands|p2a: Pincurchin\n|-supereffective|p2a: Pincurchin\n|-damage|p2a: Pincurchin|4/100\n|move|p2a: Pincurchin|Discharge|p1a: Moltres\n|-immune|p1a: Moltres\n|\n|-heal|p2a: Pincurchin|10/100|[from] item: Leftovers\n|upkeep\n|turn|21\n|inactive|Time left: 300 sec this turn | 300 sec total\n|\n|t:|1783546993\n|switch|p2a: Giratina|Giratina-Origin, L72|100/100\n|move|p1a: Moltres|Scorching Sands|p2a: Giratina\n|-immune|p2a: Giratina|[from] ability: Levitate\n|\n|upkeep\n|turn|22\n|inactive|Time left: 300 sec this turn | 300 sec total\n|\n|t:|1783546994\n|move|p1a: Moltres|Brave Bird|p2a: Giratina\n|-damage|p2a: Giratina|59/100\n|-damage|p1a: Moltres|163/278|[from] Recoil\n|move|p2a: Giratina|Poltergeist|p1a: Moltres\n|-activate|p1a: Moltres|move: Poltergeist|Heavy-Duty Boots\n|-damage|p1a: Moltres|28/278\n|\n|upkeep\n|turn|23\n|inactive|Time left: 300 sec this turn | 300 sec total\n|\n|t:|1783546995\n|move|p1a: Moltres|Roost|p1a: Moltres\n|-heal|p1a: Moltres|167/278\n|move|p2a: Giratina|Poltergeist|p1a: Moltres\n|-activate|p1a: Moltres|move: Poltergeist|Heavy-Duty Boots\n|-damage|p1a: Moltres|41/278\n|\n|upkeep\n|turn|24\n|inactive|Time left: 300 sec this turn | 300 sec total\n|\n|t:|1783546996\n|move|p1a: Moltres|Roost|p1a: Moltres\n|-heal|p1a: Moltres|180/278\n|move|p2a: Giratina|Poltergeist|p1a: Moltres\n|-activate|p1a: Moltres|move: Poltergeist|Heavy-Duty Boots\n|-damage|p1a: Moltres|60/278\n|\n|upkeep\n|turn|25\n|inactive|Time left: 300 sec this turn | 300 sec total\n|\n|t:|1783546997\n|move|p1a: Moltres|Roost|p1a: Moltres\n|-heal|p1a: Moltres|199/278\n|move|p2a: Giratina|Poltergeist|p1a: Moltres\n|-activate|p1a: Moltres|move: Poltergeist|Heavy-Duty Boots\n|-damage|p1a: Moltres|82/278\n|\n|upkeep\n|turn|26\n|inactive|Time left: 300 sec this turn | 300 sec total\n|\n|t:|1783546998\n|move|p1a: Moltres|Roost|p1a: Moltres\n|-heal|p1a: Moltres|221/278\n|move|p2a: Giratina|Poltergeist|p1a: Moltres\n|-activate|p1a: Moltres|move: Poltergeist|Heavy-Duty Boots\n|-damage|p1a: Moltres|107/278\n|\n|upkeep\n|turn|27\n|inactive|Time left: 300 sec this turn | 300 sec total\n|\n|t:|1783547000\n|move|p1a: Moltres|Roost|p1a: Moltres\n|-heal|p1a: Moltres|246/278\n|move|p2a: Giratina|Poltergeist|p1a: Moltres|[miss]\n|-miss|p2a: Giratina|p1a: Moltres\n|\n|upkeep\n|turn|28\n|inactive|Time left: 300 sec this turn | 300 sec total\n|\n|t:|1783547001\n|move|p1a: Moltres|Brave Bird|p2a: Giratina\n|-damage|p2a: Giratina|23/100\n|-damage|p1a: Moltres|206/278|[from] Recoil\n|move|p2a: Giratina|Will-O-Wisp|p1a: Moltres|[miss]\n|-miss|p2a: Giratina|p1a: Moltres\n|\n|upkeep\n|turn|29\n|inactive|Time left: 300 sec this turn | 300 sec total\n|\n|t:|1783547002\n|switch|p2a: Pincurchin|Pincurchin, F|10/100\n|-activate|p2a: Pincurchin|move: Sticky Web\n|-unboost|p2a: Pincurchin|spe|1\n|-fieldstart|move: Electric Terrain|[from] ability: Electric Surge|[of] p2a: Pincurchin\n|move|p1a: Moltres|Brave Bird|p2a: Pincurchin\n|-resisted|p2a: Pincurchin\n|-damage|p2a: Pincurchin|0 fnt\n|faint|p2a: Pincurchin\n|-damage|p1a: Moltres|198/278|[from] Recoil\n|\n|upkeep\n|\n|t:|1783547003\n|switch|p2a: Rabsca|Rabsca, L91, F|100/100\n|turn|30\n|inactive|Time left: 300 sec this turn | 300 sec total\n|\n|t:|1783547004\n|move|p1a: Moltres|Brave Bird|p2a: Rabsca\n|-supereffective|p2a: Rabsca\n|-damage|p2a: Rabsca|20/100\n|-damage|p1a: Moltres|122/278|[from] Recoil\n|move|p2a: Rabsca|Trick Room|p2a: Rabsca\n|-fieldstart|move: Trick Room|[of] p2a: Rabsca\n|\n|upkeep\n|turn|31\n|inactive|Time left: 300 sec this turn | 300 sec total\n|\n|t:|1783547005\n|switch|p1a: Politoed|Politoed, L88, M|228/302\n|-weather|RainDance|[from] ability: Drizzle|[of] p1a: Politoed\n|move|p2a: Rabsca|Psychic|p1a: Politoed\n|-damage|p1a: Politoed|110/302\n|-unboost|p1a: Politoed|spd|1\n|\n|-weather|RainDance|[upkeep]\n|upkeep\n|turn|32\n|inactive|Time left: 300 sec this turn | 300 sec total\n|\n|t:|1783547006\n|move|p2a: Rabsca|Bug Buzz|p1a: Politoed\n|-damage|p1a: Politoed|0 fnt\n|faint|p1a: Politoed\n|\n|-weather|RainDance|[upkeep]\n|upkeep\n|inactive|Time left: 300 sec this turn | 300 sec total | 5 sec grace\n|\n|t:|1783547007\n|switch|p1a: Moltres|Moltres, L81, tera:Ground|122/278\n|turn|33\n|inactive|Time left: 300 sec this turn | 300 sec total\n|\n|t:|1783547008\n|move|p2a: Rabsca|Psychic|p1a: Moltres\n|-damage|p1a: Moltres|0 fnt\n|faint|p1a: Moltres\n|\n|win|p0y6161bec", "uploadtime": 1783547008, "views": 0, "rating": 0, "private": 0, "password": null, "_winner": "p0y6161bec", "_our_name": "p0x61644cf"}