{"id": "battle-gen9randombattle-19", "formatid": "gen9randombattle", "format": "[Gen 9] Random Battle", "players": ["p0x019695b", "p0y0194ccb"], "log": "|init|battle\n|title|p0x019695b vs. p0y0194ccb\n|j|\u2606p0x019695b\n|j|\u2606p0y0194ccb\n|t:|1783539394\n|gametype|singles\n|player|p1|p0x019695b|102|\n|player|p2|p0y0194ccb|102|\n|gen|9\n|tier|[Gen 9] Random Battle\n|rule|Species Clause: Limit one of each Pok\u00e9mon\n|rule|HP Percentage Mod: HP is shown in percentages\n|rule|Sleep Clause Mod: Limit one foe put to sleep\n|rule|Illusion Level Mod: Illusion disguises the Pok\u00e9mon's true level\n|\n|t:|1783539394\n|teamsize|p1|6\n|teamsize|p2|6\n|start\n|switch|p1a: Slaking|Slaking, L84, M|100/100\n|switch|p2a: Garchomp|Garchomp, L74, F|282/282\n|turn|1\n|inactive|Battle timer is ON: inactive players will automatically lose when time's up. (requested by p0x019695b)\n|inactive|Time left: 300 sec this turn | 300 sec total | 60 sec grace\n|inactive|p0y0194ccb also wants the timer to be on.\n|\n|t:|1783539395\n|switch|p2a: Misdreavus|Misdreavus, L90, F|254/254\n|move|p1a: Slaking|Giga Impact|p2a: Misdreavus\n|-immune|p2a: Misdreavus\n|\n|upkeep\n|turn|2\n|inactive|Time left: 300 sec this turn | 300 sec total\n|\n|t:|1783539396\n|switch|p1a: Lilligant|Lilligant-Hisui, L79, F|100/100\n|move|p2a: Misdreavus|Will-O-Wisp|p1a: Lilligant\n|-status|p1a: Lilligant|brn\n|\n|-damage|p1a: Lilligant|94/100 brn|[from] brn\n|upkeep\n|turn|3\n|inactive|Time left: 300 sec this turn | 300 sec total\n|\n|t:|1783539397\n|move|p1a: Lilligant|Victory Dance|p1a: Lilligant\n|-boost|p1a: Lilligant|atk|1\n|-boost|p1a: Lilligant|def|1\n|-boost|p1a: Lilligant|spe|1\n|move|p2a: Misdreavus|Shadow Ball|p1a: Lilligant\n|-damage|p1a: Lilligant|52/100 brn\n|\n|-damage|p1a: Lilligant|45/100 brn|[from] brn\n|upkeep\n|turn|4\n|inactive|Time left: 300 sec this turn | 300 sec total\n|\n|t:|1783539398\n|move|p1a: Lilligant|Sleep Powder|p2a: Misdreavus\n|-status|p2a: Misdreavus|slp|[from] move: Sleep Powder\n|cant|p2a: Misdreavus|slp\n|\n|-damage|p1a: Lilligant|39/100 brn|[from] brn\n|upkeep\n|turn|5\n|inactive|Time left: 300 sec this turn | 300 sec total\n|\n|t:|1783539400\n|move|p1a: Lilligant|Victory Dance|p1a: Lilligant\n|-boost|p1a: Lilligant|atk|1\n|-boost|p1a: Lilligant|def|1\n|-boost|p1a: Lilligant|spe|1\n|-curestatus|p2a: Misdreavus|slp|[msg]\n|move|p2a: Misdreavus|Shadow Ball|p1a: Lilligant\n|-damage|p1a: Lilligant|0 fnt\n|faint|p1a: Lilligant\n|\n|upkeep\n|\n|t:|1783539401\n|switch|p1a: Slaking|Slaking, L84, M|100/100\n|turn|6\n|inactive|Time left: 300 sec this turn | 300 sec total\n|\n|t:|1783539402\n|move|p1a: Slaking|Knock Off|p2a: Misdreavus\n|-supereffective|p2a: Misdreavus\n|-damage|p2a: Misdreavus|14/254\n|-enditem|p2a: Misdreavus|Eviolite|[from] move: Knock Off|[of] p1a: Slaking\n|move|p2a: Misdreavus|Will-O-Wisp|p1a: Slaking\n|-status|p1a: Slaking|brn\n|\n|-damage|p1a: Slaking|94/100 brn|[from] brn\n|upkeep\n|turn|7\n|inactive|Time left: 300 sec this turn | 300 sec total\n|\n|t:|1783539403\n|switch|p2a: Leavanny|Leavanny, L86, F|269/269\n|cant|p1a: Slaking|ability: Truant\n|\n|-damage|p1a: Slaking|88/100 brn|[from] brn\n|upkeep\n|turn|8\n|inactive|Time left: 300 sec this turn | 300 sec total\n|\n|t:|1783539404\n|move|p1a: Slaking|Knock Off|p2a: Leavanny\n|-damage|p2a: Leavanny|187/269\n|-enditem|p2a: Leavanny|Heavy-Duty Boots|[from] move: Knock Off|[of] p1a: Slaking\n|move|p2a: Leavanny|Sticky Web|p1a: Slaking\n|-sidestart|p1: p0x019695b|move: Sticky Web\n|\n|-damage|p1a: Slaking|82/100 brn|[from] brn\n|upkeep\n|turn|9\n|inactive|Time left: 300 sec this turn | 300 sec total\n|\n|t:|1783539405\n|cant|p1a: Slaking|ability: Truant\n|move|p2a: Leavanny|Knock Off|p1a: Slaking\n|-damage|p1a: Slaking|65/100 brn\n|-enditem|p1a: Slaking|Choice Band|[from] move: Knock Off|[of] p2a: Leavanny\n|\n|-damage|p1a: Slaking|59/100 brn|[from] brn\n|upkeep\n|turn|10\n|inactive|Time left: 300 sec this turn | 300 sec total\n|\n|t:|1783539406\n|switch|p2a: Misdreavus|Misdreavus, L90, F|14/254\n|move|p1a: Slaking|Giga Impact|p2a: Misdreavus\n|-immune|p2a: Misdreavus\n|\n|-damage|p1a: Slaking|53/100 brn|[from] brn\n|upkeep\n|turn|11\n|inactive|Time left: 300 sec this turn | 300 sec total\n|\n|t:|1783539407\n|cant|p1a: Slaking|ability: Truant\n|move|p2a: Misdreavus|Shadow Ball|p1a: Slaking\n|-immune|p1a: Slaking\n|\n|-damage|p1a: Slaking|47/100 brn|[from] brn\n|upkeep\n|turn|12\n|inactive|Time left: 300 sec this turn | 300 sec total\n|\n|t:|1783539408\n|move|p1a: Slaking|Knock Off|p2a: Misdreavus\n|-supereffective|p2a: Misdreavus\n|-damage|p2a: Misdreavus|0 fnt\n|faint|p2a: Misdreavus\n|\n|-damage|p1a: Slaking|40/100 brn|[from] brn\n|upkeep\n|inactive|Time left: 300 sec this turn | 300 sec total | 5 sec grace\n|\n|t:|1783539409\n|switch|p2a: Politoed|Politoed, L88, F|302/302\n|-weather|RainDance|[from] ability: Drizzle|[of] p2a: Politoed\n|turn|13\n|inactive|Time left: 300 sec this turn | 300 sec total\n|\n|t:|1783539410\n|cant|p1a: Slaking|ability: Truant\n|move|p2a: Politoed|Weather Ball|p1a: Slaking\n|-damage|p1a: Slaking|0 fnt\n|faint|p1a: Slaking\n|\n|-weather|RainDance|[upkeep]\n|upkeep\n|\n|t:|1783539411\n|switch|p1a: Electivire|Electivire, L84, F|100/100\n|-activate|p1a: Electivire|move: Sticky Web\n|-unboost|p1a: Electivire|spe|1\n|turn|14\n|inactive|Time left: 300 sec this turn | 300 sec total\n|\n|t:|1783539413\n|move|p2a: Politoed|Weather Ball|p1a: Electivire\n|-damage|p1a: Electivire|0 fnt\n|faint|p1a: Electivire\n|\n|-weather|RainDance|[upkeep]\n|upkeep\n|\n|t:|1783539414\n|switch|p1a: Hitmontop|Hitmontop, L88, M|100/100\n|-activate|p1a: Hitmontop|move: Sticky Web\n|-unboost|p1a: Hitmontop|spe|1\n|turn|15\n|inactive|Time left: 300 sec this turn | 300 sec total\n|\n|t:|1783539415\n|-terastallize|p2a: Politoed|Water\n|move|p2a: Politoed|Weather Ball|p1a: Hitmontop\n|-damage|p1a: Hitmontop|0 fnt\n|faint|p1a: Hitmontop\n|\n|-weather|RainDance|[upkeep]\n|upkeep\n|\n|t:|1783539416\n|switch|p1a: Klawf|Klawf, L90, M|100/100\n|-activate|p1a: Klawf|move: Sticky Web\n|-unboost|p1a: Klawf|spe|1\n|turn|16\n|inactive|Time left: 300 sec this turn | 300 sec total\n|\n|t:|1783539417\n|move|p2a: Politoed|Weather Ball|p1a: Klawf\n|-supereffective|p1a: Klawf\n|-damage|p1a: Klawf|0 fnt\n|faint|p1a: Klawf\n|\n|-weather|RainDance|[upkeep]\n|upkeep\n|\n|t:|1783539418\n|switch|p1a: Cloyster|Cloyster, L80, F|100/100\n|-activate|p1a: Cloyster|move: Sticky Web\n|-unboost|p1a: Cloyster|spe|1\n|-enditem|p1a: Cloyster|White Herb\n|-clearnegativeboost|p1a: Cloyster|[silent]\n|turn|17\n|inactive|Time left: 300 sec this turn | 300 sec total\n|\n|t:|1783539419\n|-terastallize|p1a: Cloyster|Ground\n|move|p2a: Politoed|Weather Ball|p1a: Cloyster\n|-supereffective|p1a: Cloyster\n|-damage|p1a: Cloyster|0 fnt\n|faint|p1a: Cloyster\n|\n|win|p0y0194ccb", "uploadtime": 1783539419, "views": 0, "rating": 0, "private": 0, "password": null, "_winner": "p0y0194ccb", "_our_name": "p0y0194ccb"}