{"id": "battle-gen9randombattle-1730", "formatid": "gen9randombattle", "format": "[Gen 9] Random Battle", "players": ["p0x17307e46", "p0y17304300"], "log": "|init|battle\n|title|p0x17307e46 vs. p0y17304300\n|j|\u2606p0x17307e46\n|j|\u2606p0y17304300\n|t:|1783560013\n|gametype|singles\n|player|p1|p0x17307e46|169|\n|player|p2|p0y17304300|101|\n|gen|9\n|tier|[Gen 9] Random Battle\n|rule|Species Clause: Limit one of each Pok\u00e9mon\n|rule|HP Percentage Mod: HP is shown in percentages\n|rule|Sleep Clause Mod: Limit one foe put to sleep\n|rule|Illusion Level Mod: Illusion disguises the Pok\u00e9mon's true level\n|\n|t:|1783560013\n|teamsize|p1|6\n|teamsize|p2|6\n|start\n|switch|p1a: Iron Thorns|Iron Thorns, L83|100/100\n|switch|p2a: Mesprit|Mesprit, L85|275/275\n|turn|1\n|inactive|Battle timer is ON: inactive players will automatically lose when time's up. (requested by p0x17307e46)\n|inactive|Time left: 300 sec this turn | 300 sec total | 60 sec grace\n|inactive|p0y17304300 also wants the timer to be on.\n|\n|t:|1783560014\n|move|p2a: Mesprit|Stealth Rock|p1a: Iron Thorns\n|-sidestart|p1: p0x17307e46|move: Stealth Rock\n|move|p1a: Iron Thorns|Stone Edge|p2a: Mesprit|[miss]\n|-miss|p1a: Iron Thorns|p2a: Mesprit\n|\n|upkeep\n|turn|2\n|inactive|Time left: 300 sec this turn | 300 sec total\n|\n|t:|1783560015\n|move|p2a: Mesprit|Knock Off|p1a: Iron Thorns\n|-damage|p1a: Iron Thorns|79/100\n|-enditem|p1a: Iron Thorns|Assault Vest|[from] move: Knock Off|[of] p2a: Mesprit\n|move|p1a: Iron Thorns|Stone Edge|p2a: Mesprit\n|-crit|p2a: Mesprit\n|-damage|p2a: Mesprit|104/275\n|\n|-heal|p2a: Mesprit|121/275|[from] item: Leftovers\n|upkeep\n|turn|3\n|inactive|Time left: 300 sec this turn | 300 sec total\n|\n|t:|1783560016\n|move|p2a: Mesprit|Drain Punch|p1a: Iron Thorns\n|-supereffective|p1a: Iron Thorns\n|-damage|p1a: Iron Thorns|44/100\n|-heal|p2a: Mesprit|174/275|[from] drain|[of] p1a: Iron Thorns\n|move|p1a: Iron Thorns|Stone Edge|p2a: Mesprit|[miss]\n|-miss|p1a: Iron Thorns|p2a: Mesprit\n|\n|-heal|p2a: Mesprit|191/275|[from] item: Leftovers\n|upkeep\n|turn|4\n|inactive|Time left: 300 sec this turn | 300 sec total\n|\n|t:|1783560017\n|move|p2a: Mesprit|Drain Punch|p1a: Iron Thorns\n|-supereffective|p1a: Iron Thorns\n|-damage|p1a: Iron Thorns|9/100\n|-heal|p2a: Mesprit|243/275|[from] drain|[of] p1a: Iron Thorns\n|move|p1a: Iron Thorns|Stone Edge|p2a: Mesprit|[miss]\n|-miss|p1a: Iron Thorns|p2a: Mesprit\n|\n|-heal|p2a: Mesprit|260/275|[from] item: Leftovers\n|upkeep\n|turn|5\n|inactive|Time left: 300 sec this turn | 300 sec total\n|\n|t:|1783560019\n|move|p2a: Mesprit|Knock Off|p1a: Iron Thorns\n|-damage|p1a: Iron Thorns|0 fnt\n|faint|p1a: Iron Thorns\n|-end|p1a: Iron Thorns|Quark Drive|[silent]\n|\n|-heal|p2a: Mesprit|275/275|[from] item: Leftovers\n|upkeep\n|\n|t:|1783560020\n|switch|p1a: Torterra|Torterra, L78, M|100/100\n|-damage|p1a: Torterra|94/100|[from] Stealth Rock\n|turn|6\n|inactive|Time left: 300 sec this turn | 300 sec total\n|\n|t:|1783560021\n|switch|p2a: Kyurem|Kyurem-White, L73|303/303\n|-ability|p2a: Kyurem|Turboblaze\n|move|p1a: Torterra|Shell Smash|p1a: Torterra\n|-unboost|p1a: Torterra|def|1\n|-unboost|p1a: Torterra|spd|1\n|-boost|p1a: Torterra|atk|2\n|-boost|p1a: Torterra|spa|2\n|-boost|p1a: Torterra|spe|2\n|\n|upkeep\n|turn|7\n|inactive|Time left: 300 sec this turn | 300 sec total\n|\n|t:|1783560023\n|move|p2a: Kyurem|Freeze-Dry|p1a: Torterra\n|-supereffective|p1a: Torterra\n|-damage|p1a: Torterra|0 fnt\n|faint|p1a: Torterra\n|\n|upkeep\n|\n|t:|1783560023\n|switch|p1a: Hariyama|Hariyama, L87, F|100/100\n|-damage|p1a: Hariyama|94/100|[from] Stealth Rock\n|turn|8\n|inactive|Time left: 300 sec this turn | 300 sec total\n|\n|t:|1783560025\n|switch|p2a: Houndstone|Houndstone, L86, F|264/264\n|move|p1a: Hariyama|Knock Off|p2a: Houndstone\n|-supereffective|p2a: Houndstone\n|-damage|p2a: Houndstone|184/264\n|-enditem|p2a: Houndstone|Assault Vest|[from] move: Knock Off|[of] p1a: Hariyama\n|\n|upkeep\n|turn|9\n|inactive|Time left: 300 sec this turn | 300 sec total\n|\n|t:|1783560026\n|move|p2a: Houndstone|Poltergeist|p1a: Hariyama\n|-activate|p1a: Hariyama|move: Poltergeist|Assault Vest\n|-damage|p1a: Hariyama|54/100\n|move|p1a: Hariyama|Heavy Slam|p2a: Houndstone\n|-damage|p2a: Houndstone|139/264\n|\n|upkeep\n|turn|10\n|inactive|Time left: 300 sec this turn | 300 sec total\n|\n|t:|1783560027\n|switch|p1a: Gastrodon|Gastrodon-East, L86, F|100/100\n|-damage|p1a: Gastrodon|94/100|[from] Stealth Rock\n|move|p2a: Houndstone|Poltergeist|p1a: Gastrodon\n|-activate|p1a: Gastrodon|move: Poltergeist|Leftovers\n|-damage|p1a: Gastrodon|50/100\n|\n|-heal|p1a: Gastrodon|56/100|[from] item: Leftovers\n|upkeep\n|turn|11\n|inactive|Time left: 300 sec this turn | 300 sec total\n|\n|t:|1783560028\n|move|p2a: Houndstone|Poltergeist|p1a: Gastrodon\n|-activate|p1a: Gastrodon|move: Poltergeist|Leftovers\n|-damage|p1a: Gastrodon|9/100\n|move|p1a: Gastrodon|Stealth Rock|p2a: Houndstone\n|-sidestart|p2: p0y17304300|move: Stealth Rock\n|\n|-heal|p1a: Gastrodon|15/100|[from] item: Leftovers\n|upkeep\n|turn|12\n|inactive|Time left: 300 sec this turn | 300 sec total\n|\n|t:|1783560029\n|move|p2a: Houndstone|Poltergeist|p1a: Gastrodon\n|-activate|p1a: Gastrodon|move: Poltergeist|Leftovers\n|-damage|p1a: Gastrodon|0 fnt\n|faint|p1a: Gastrodon\n|\n|upkeep\n|\n|t:|1783560030\n|switch|p1a: Mabosstiff|Mabosstiff, L86, F|100/100\n|-damage|p1a: Mabosstiff|88/100|[from] Stealth Rock\n|turn|13\n|inactive|Time left: 300 sec this turn | 300 sec total\n|\n|t:|1783560031\n|move|p1a: Mabosstiff|Crunch|p2a: Houndstone\n|-supereffective|p2a: Houndstone\n|-damage|p2a: Houndstone|54/264\n|-unboost|p2a: Houndstone|def|1\n|move|p2a: Houndstone|Play Rough|p1a: Mabosstiff\n|-supereffective|p1a: Mabosstiff\n|-damage|p1a: Mabosstiff|44/100\n|\n|upkeep\n|turn|14\n|inactive|Time left: 300 sec this turn | 300 sec total\n|\n|t:|1783560032\n|-terastallize|p2a: Houndstone|Fighting\n|move|p1a: Mabosstiff|Crunch|p2a: Houndstone\n|-resisted|p2a: Houndstone\n|-damage|p2a: Houndstone|21/264\n|move|p2a: Houndstone|Play Rough|p1a: Mabosstiff\n|-supereffective|p1a: Mabosstiff\n|-damage|p1a: Mabosstiff|0 fnt\n|faint|p1a: Mabosstiff\n|\n|upkeep\n|\n|t:|1783560033\n|switch|p1a: Lumineon|Lumineon, L93, M|100/100\n|-damage|p1a: Lumineon|88/100|[from] Stealth Rock\n|turn|15\n|inactive|Time left: 300 sec this turn | 300 sec total\n|\n|t:|1783560034\n|switch|p2a: Dudunsparce|Dudunsparce, L83, F|343/343\n|-damage|p2a: Dudunsparce|301/343|[from] Stealth Rock\n|move|p1a: Lumineon|Alluring Voice|p2a: Dudunsparce\n|-damage|p2a: Dudunsparce|218/343\n|-damage|p1a: Lumineon|79/100|[from] item: Life Orb\n|\n|-heal|p2a: Dudunsparce|239/343|[from] item: Leftovers\n|upkeep\n|turn|16\n|inactive|Time left: 300 sec this turn | 300 sec total\n|\n|t:|1783560035\n|move|p1a: Lumineon|Hydro Pump|p2a: Dudunsparce\n|-damage|p2a: Dudunsparce|75/343\n|-damage|p1a: Lumineon|69/100|[from] item: Life Orb\n|move|p2a: Dudunsparce|Roost|p2a: Dudunsparce\n|-heal|p2a: Dudunsparce|247/343\n|-singleturn|p2a: Dudunsparce|move: Roost\n|\n|-heal|p2a: Dudunsparce|268/343|[from] item: Leftovers\n|upkeep\n|turn|17\n|inactive|Time left: 300 sec this turn | 300 sec total\n|\n|t:|1783560036\n|move|p1a: Lumineon|Hydro Pump|p2a: Dudunsparce\n|-damage|p2a: Dudunsparce|99/343\n|-damage|p1a: Lumineon|59/100|[from] item: Life Orb\n|move|p2a: Dudunsparce|Boomburst|p1a: Lumineon\n|-damage|p1a: Lumineon|19/100\n|\n|-heal|p2a: Dudunsparce|120/343|[from] item: Leftovers\n|upkeep\n|turn|18\n|inactive|Time left: 300 sec this turn | 300 sec total\n|\n|t:|1783560037\n|move|p1a: Lumineon|Hydro Pump|p2a: Dudunsparce\n|-damage|p2a: Dudunsparce|0 fnt\n|faint|p2a: Dudunsparce\n|-damage|p1a: Lumineon|9/100|[from] item: Life Orb\n|\n|upkeep\n|inactive|Time left: 300 sec this turn | 300 sec total | 5 sec grace\n|\n|t:|1783560037\n|switch|p2a: Quaquaval|Quaquaval, L79, M|264/264\n|-damage|p2a: Quaquaval|248/264|[from] Stealth Rock\n|turn|19\n|inactive|Time left: 300 sec this turn | 300 sec total\n|\n|t:|1783560038\n|-terastallize|p1a: Lumineon|Fairy\n|move|p1a: Lumineon|Alluring Voice|p2a: Quaquaval\n|-supereffective|p2a: Quaquaval\n|-damage|p2a: Quaquaval|0 fnt\n|faint|p2a: Quaquaval\n|-damage|p1a: Lumineon|0 fnt|[from] item: Life Orb\n|faint|p1a: Lumineon\n|\n|upkeep\n|inactive|Time left: 300 sec this turn | 300 sec total | 5 sec grace\n|\n|t:|1783560039\n|switch|p1a: Hariyama|Hariyama, L87, F|54/100\n|switch|p2a: Mesprit|Mesprit, L85|275/275\n|-damage|p2a: Mesprit|241/275|[from] Stealth Rock\n|-damage|p1a: Hariyama|48/100|[from] Stealth Rock\n|turn|20\n|inactive|Time left: 300 sec this turn | 300 sec total\n|\n|t:|1783560040\n|move|p2a: Mesprit|Psychic Noise|p1a: Hariyama\n|-supereffective|p1a: Hariyama\n|-damage|p1a: Hariyama|9/100\n|-start|p1a: Hariyama|move: Heal Block\n|move|p1a: Hariyama|Stone Edge|p2a: Mesprit\n|-damage|p2a: Mesprit|164/275\n|\n|-heal|p2a: Mesprit|181/275|[from] item: Leftovers\n|upkeep\n|turn|21\n|inactive|Time left: 300 sec this turn | 300 sec total\n|\n|t:|1783560041\n|move|p2a: Mesprit|Psychic Noise|p1a: Hariyama\n|-supereffective|p1a: Hariyama\n|-damage|p1a: Hariyama|0 fnt\n|faint|p1a: Hariyama\n|\n|win|p0y17304300", "uploadtime": 1783560041, "views": 0, "rating": 0, "private": 0, "password": null, "_winner": "p0y17304300", "_our_name": "p0y17304300"}