{"id": "battle-gen9randombattle-1945", "formatid": "gen9randombattle", "format": "[Gen 9] Random Battle", "players": ["p0x19458ca1", "p0y19452d60"], "log": "|init|battle\n|title|p0x19458ca1 vs. p0y19452d60\n|j|\u2606p0x19458ca1\n|j|\u2606p0y19452d60\n|t:|1783562519\n|gametype|singles\n|player|p1|p0x19458ca1|265|\n|player|p2|p0y19452d60|2|\n|gen|9\n|tier|[Gen 9] Random Battle\n|rule|Species Clause: Limit one of each Pok\u00e9mon\n|rule|HP Percentage Mod: HP is shown in percentages\n|rule|Sleep Clause Mod: Limit one foe put to sleep\n|rule|Illusion Level Mod: Illusion disguises the Pok\u00e9mon's true level\n|\n|t:|1783562519\n|teamsize|p1|6\n|teamsize|p2|6\n|start\n|switch|p1a: Polteageist|Polteageist, L78|100/100\n|switch|p2a: Bombirdier|Bombirdier, L85, M|258/258\n|turn|1\n|inactive|Battle timer is ON: inactive players will automatically lose when time's up. (requested by p0y19452d60)\n|\n|t:|1783562520\n|switch|p1a: Glaceon|Glaceon, L94, F|100/100\n|move|p2a: Bombirdier|Knock Off|p1a: Glaceon\n|-damage|p1a: Glaceon|54/100\n|-enditem|p1a: Glaceon|Heavy-Duty Boots|[from] move: Knock Off|[of] p2a: Bombirdier\n|\n|upkeep\n|turn|2\n|inactive|Time left: 300 sec this turn | 300 sec total\n|inactive|p0x19458ca1 also wants the timer to be on.\n|\n|t:|1783562522\n|move|p2a: Bombirdier|Knock Off|p1a: Glaceon\n|-damage|p1a: Glaceon|20/100\n|move|p1a: Glaceon|Freeze-Dry|p2a: Bombirdier\n|-supereffective|p2a: Bombirdier\n|-damage|p2a: Bombirdier|36/258\n|\n|upkeep\n|turn|3\n|inactive|Time left: 300 sec this turn | 300 sec total\n|\n|t:|1783562522\n|move|p2a: Bombirdier|Knock Off|p1a: Glaceon\n|-damage|p1a: Glaceon|0 fnt\n|faint|p1a: Glaceon\n|\n|upkeep\n|\n|t:|1783562523\n|switch|p1a: Regidrago|Regidrago, L77|100/100\n|turn|4\n|inactive|Time left: 300 sec this turn | 300 sec total\n|\n|t:|1783562524\n|move|p1a: Regidrago|Outrage|p2a: Bombirdier\n|-damage|p2a: Bombirdier|0 fnt\n|faint|p2a: Bombirdier\n|\n|upkeep\n|inactive|Time left: 300 sec this turn | 300 sec total | 5 sec grace\n|\n|t:|1783562525\n|switch|p2a: Palossand|Palossand, L89, F|296/296\n|turn|5\n|inactive|Time left: 300 sec this turn | 300 sec total\n|\n|t:|1783562526\n|move|p1a: Regidrago|Outrage|p2a: Palossand|[from] lockedmove\n|-damage|p2a: Palossand|176/296\n|move|p2a: Palossand|Shore Up|p2a: Palossand\n|-heal|p2a: Palossand|296/296\n|\n|upkeep\n|turn|6\n|inactive|Time left: 300 sec this turn | 300 sec total\n|\n|t:|1783562527\n|move|p1a: Regidrago|Outrage|p2a: Palossand|[from] lockedmove\n|-damage|p2a: Palossand|164/296\n|-start|p1a: Regidrago|confusion|[fatigue]\n|move|p2a: Palossand|Shadow Ball|p1a: Regidrago\n|-damage|p1a: Regidrago|63/100\n|\n|-heal|p2a: Palossand|182/296|[from] item: Leftovers\n|upkeep\n|turn|7\n|inactive|Time left: 300 sec this turn | 300 sec total\n|\n|t:|1783562528\n|-activate|p1a: Regidrago|confusion\n|-damage|p1a: Regidrago|54/100|[from] confusion\n|move|p2a: Palossand|Shadow Ball|p1a: Regidrago\n|-damage|p1a: Regidrago|17/100\n|\n|-heal|p2a: Palossand|200/296|[from] item: Leftovers\n|upkeep\n|turn|8\n|inactive|Time left: 300 sec this turn | 300 sec total\n|\n|t:|1783562529\n|-activate|p1a: Regidrago|confusion\n|move|p1a: Regidrago|Outrage|p2a: Palossand\n|-damage|p2a: Palossand|79/296\n|move|p2a: Palossand|Shadow Ball|p1a: Regidrago\n|-crit|p1a: Regidrago\n|-damage|p1a: Regidrago|0 fnt\n|faint|p1a: Regidrago\n|\n|-heal|p2a: Palossand|97/296|[from] item: Leftovers\n|upkeep\n|\n|t:|1783562530\n|switch|p1a: Polteageist|Polteageist, L78|100/100\n|turn|9\n|inactive|Time left: 300 sec this turn | 300 sec total\n|\n|t:|1783562531\n|move|p1a: Polteageist|Shell Smash|p1a: Polteageist\n|-unboost|p1a: Polteageist|def|1\n|-unboost|p1a: Polteageist|spd|1\n|-boost|p1a: Polteageist|atk|2\n|-boost|p1a: Polteageist|spa|2\n|-boost|p1a: Polteageist|spe|2\n|-enditem|p1a: Polteageist|White Herb\n|-clearnegativeboost|p1a: Polteageist|[silent]\n|move|p2a: Palossand|Shadow Ball|p1a: Polteageist\n|-supereffective|p1a: Polteageist\n|-damage|p1a: Polteageist|19/100\n|\n|-heal|p2a: Palossand|115/296|[from] item: Leftovers\n|upkeep\n|turn|10\n|inactive|Time left: 300 sec this turn | 300 sec total\n|\n|t:|1783562532\n|move|p1a: Polteageist|Strength Sap|p2a: Palossand\n|-unboost|p2a: Palossand|atk|1\n|-heal|p1a: Polteageist|82/100\n|move|p2a: Palossand|Shadow Ball|p1a: Polteageist\n|-supereffective|p1a: Polteageist\n|-damage|p1a: Polteageist|0 fnt\n|faint|p1a: Polteageist\n|\n|-heal|p2a: Palossand|133/296|[from] item: Leftovers\n|upkeep\n|\n|t:|1783562532\n|switch|p1a: Mismagius|Mismagius, L86, M|100/100\n|turn|11\n|inactive|Time left: 300 sec this turn | 300 sec total\n|\n|t:|1783562533\n|switch|p2a: Vaporeon|Vaporeon, L86, M|364/364\n|move|p1a: Mismagius|Shadow Ball|p2a: Vaporeon\n|-damage|p2a: Vaporeon|226/364\n|\n|-heal|p2a: Vaporeon|248/364|[from] item: Leftovers\n|upkeep\n|turn|12\n|inactive|Time left: 300 sec this turn | 300 sec total\n|\n|t:|1783562535\n|move|p1a: Mismagius|Shadow Ball|p2a: Vaporeon\n|-damage|p2a: Vaporeon|127/364\n|move|p2a: Vaporeon|Calm Mind|p2a: Vaporeon\n|-boost|p2a: Vaporeon|spa|1\n|-boost|p2a: Vaporeon|spd|1\n|\n|-heal|p2a: Vaporeon|149/364|[from] item: Leftovers\n|upkeep\n|turn|13\n|inactive|Time left: 300 sec this turn | 300 sec total\n|\n|t:|1783562536\n|move|p1a: Mismagius|Shadow Ball|p2a: Vaporeon\n|-damage|p2a: Vaporeon|67/364\n|move|p2a: Vaporeon|Scald|p1a: Mismagius\n|-damage|p1a: Mismagius|47/100\n|-status|p1a: Mismagius|brn\n|\n|-heal|p2a: Vaporeon|89/364|[from] item: Leftovers\n|-damage|p1a: Mismagius|41/100 brn|[from] brn\n|upkeep\n|turn|14\n|inactive|Time left: 300 sec this turn | 300 sec total\n|\n|t:|1783562537\n|move|p2a: Vaporeon|Protect|p2a: Vaporeon\n|-singleturn|p2a: Vaporeon|Protect\n|move|p1a: Mismagius|Shadow Ball|p2a: Vaporeon\n|-activate|p2a: Vaporeon|move: Protect\n|\n|-heal|p2a: Vaporeon|111/364|[from] item: Leftovers\n|-damage|p1a: Mismagius|35/100 brn|[from] brn\n|upkeep\n|turn|15\n|inactive|Time left: 300 sec this turn | 300 sec total\n|\n|t:|1783562538\n|move|p1a: Mismagius|Shadow Ball|p2a: Vaporeon\n|-damage|p2a: Vaporeon|21/364\n|move|p2a: Vaporeon|Scald|p1a: Mismagius\n|-damage|p1a: Mismagius|0 fnt\n|faint|p1a: Mismagius\n|\n|-heal|p2a: Vaporeon|43/364|[from] item: Leftovers\n|upkeep\n|\n|t:|1783562539\n|switch|p1a: Tornadus|Tornadus-Therian, L79, M|100/100\n|turn|16\n|inactive|Time left: 300 sec this turn | 300 sec total\n|\n|t:|1783562540\n|move|p2a: Vaporeon|Protect|p2a: Vaporeon\n|-singleturn|p2a: Vaporeon|Protect\n|move|p1a: Tornadus|Bleakwind Storm|p2a: Vaporeon\n|-activate|p2a: Vaporeon|move: Protect\n|\n|-heal|p2a: Vaporeon|65/364|[from] item: Leftovers\n|upkeep\n|turn|17\n|inactive|Time left: 300 sec this turn | 300 sec total\n|\n|t:|1783562541\n|move|p1a: Tornadus|Nasty Plot|p1a: Tornadus\n|-boost|p1a: Tornadus|spa|2\n|move|p2a: Vaporeon|Scald|p1a: Tornadus\n|-damage|p1a: Tornadus|45/100\n|\n|-heal|p2a: Vaporeon|87/364|[from] item: Leftovers\n|upkeep\n|turn|18\n|inactive|Time left: 300 sec this turn | 300 sec total\n|\n|t:|1783562542\n|move|p1a: Tornadus|Bleakwind Storm|p2a: Vaporeon\n|-crit|p2a: Vaporeon\n|-damage|p2a: Vaporeon|0 fnt\n|faint|p2a: Vaporeon\n|\n|upkeep\n|inactive|Time left: 300 sec this turn | 300 sec total | 5 sec grace\n|\n|t:|1783562543\n|switch|p2a: Salazzle|Salazzle, L83, F|249/249\n|turn|19\n|inactive|Time left: 300 sec this turn | 300 sec total\n|\n|t:|1783562544\n|move|p2a: Salazzle|Sludge Wave|p1a: Tornadus\n|-damage|p1a: Tornadus|2/100\n|move|p1a: Tornadus|Bleakwind Storm|p2a: Salazzle\n|-damage|p2a: Salazzle|0 fnt\n|faint|p2a: Salazzle\n|\n|upkeep\n|inactive|Time left: 300 sec this turn | 300 sec total | 5 sec grace\n|\n|t:|1783562545\n|switch|p2a: Munkidori|Munkidori, L79, M|269/269\n|turn|20\n|inactive|Time left: 300 sec this turn | 300 sec total\n|\n|t:|1783562546\n|move|p2a: Munkidori|Fake Out|p1a: Tornadus\n|-damage|p1a: Tornadus|0 fnt\n|faint|p1a: Tornadus\n|\n|upkeep\n|\n|t:|1783562547\n|switch|p1a: Azelf|Azelf, L82|100/100\n|turn|21\n|inactive|Time left: 300 sec this turn | 300 sec total\n|\n|t:|1783562548\n|move|p1a: Azelf|Encore|p2a: Munkidori\n|-start|p2a: Munkidori|Encore\n|move|p2a: Munkidori|Fake Out||[still]\n|-hint|Fake Out only works on your first turn out.\n|-fail|p2a: Munkidori\n|\n|upkeep\n|turn|22\n|inactive|Time left: 300 sec this turn | 300 sec total\n|\n|t:|1783562549\n|switch|p2a: Reshiram|Reshiram, L76|277/277\n|-ability|p2a: Reshiram|Turboblaze\n|move|p1a: Azelf|Psychic|p2a: Reshiram\n|-damage|p2a: Reshiram|178/277\n|\n|upkeep\n|turn|23\n|inactive|Time left: 300 sec this turn | 300 sec total\n|\n|t:|1783562550\n|move|p1a: Azelf|Psychic|p2a: Reshiram\n|-damage|p2a: Reshiram|81/277\n|move|p2a: Reshiram|Blue Flare|p1a: Azelf\n|-damage|p1a: Azelf|24/100\n|-status|p1a: Azelf|brn\n|\n|-heal|p1a: Azelf|30/100 brn|[from] item: Leftovers\n|-damage|p1a: Azelf|24/100 brn|[from] brn\n|upkeep\n|turn|24\n|inactive|Time left: 300 sec this turn | 300 sec total\n|\n|t:|1783562551\n|-terastallize|p2a: Reshiram|Ground\n|move|p1a: Azelf|Psychic|p2a: Reshiram\n|-damage|p2a: Reshiram|0 fnt\n|faint|p2a: Reshiram\n|\n|-heal|p1a: Azelf|30/100 brn|[from] item: Leftovers\n|-damage|p1a: Azelf|24/100 brn|[from] brn\n|upkeep\n|inactive|Time left: 300 sec this turn | 300 sec total | 5 sec grace\n|\n|t:|1783562552\n|switch|p2a: Munkidori|Munkidori, L79, M|269/269\n|turn|25\n|inactive|Time left: 300 sec this turn | 300 sec total\n|\n|t:|1783562553\n|move|p1a: Azelf|Fire Blast|p2a: Munkidori\n|-damage|p2a: Munkidori|204/269\n|move|p2a: Munkidori|Sludge Wave|p1a: Azelf\n|-damage|p1a: Azelf|0 fnt\n|faint|p1a: Azelf\n|\n|win|p0y19452d60", "uploadtime": 1783562553, "views": 0, "rating": 0, "private": 0, "password": null, "_winner": "p0y19452d60", "_our_name": "p0y19452d60"}