{"id": "battle-gen9randombattle-199", "formatid": "gen9randombattle", "format": "[Gen 9] Random Battle", "players": ["p0x1996e5a", "p0y19925ce"], "log": "|init|battle\n|title|p0x1996e5a vs. p0y19925ce\n|j|\u2606p0x1996e5a\n|j|\u2606p0y19925ce\n|t:|1783541415\n|gametype|singles\n|player|p1|p0x1996e5a|169|\n|player|p2|p0y19925ce|101|\n|gen|9\n|tier|[Gen 9] Random Battle\n|rule|Species Clause: Limit one of each Pok\u00e9mon\n|rule|HP Percentage Mod: HP is shown in percentages\n|rule|Sleep Clause Mod: Limit one foe put to sleep\n|rule|Illusion Level Mod: Illusion disguises the Pok\u00e9mon's true level\n|\n|t:|1783541415\n|teamsize|p1|6\n|teamsize|p2|6\n|start\n|switch|p1a: Reuniclus|Reuniclus, L88, M|100/100\n|switch|p2a: Enamorus|Enamorus, L79, F|247/247\n|turn|1\n|inactive|Battle timer is ON: inactive players will automatically lose when time's up. (requested by p0y19925ce)\n|inactive|p0x1996e5a also wants the timer to be on.\n|\n|t:|1783541416\n|move|p2a: Enamorus|Calm Mind|p2a: Enamorus\n|-boost|p2a: Enamorus|spa|1\n|-boost|p2a: Enamorus|spd|1\n|move|p1a: Reuniclus|Psyshock|p2a: Enamorus\n|-damage|p2a: Enamorus|55/247\n|\n|upkeep\n|turn|2\n|inactive|Time left: 300 sec this turn | 300 sec total\n|\n|t:|1783541417\n|move|p2a: Enamorus|Moonblast|p1a: Reuniclus\n|-damage|p1a: Reuniclus|53/100\n|move|p1a: Reuniclus|Psyshock|p2a: Enamorus\n|-crit|p2a: Enamorus\n|-damage|p2a: Enamorus|0 fnt\n|faint|p2a: Enamorus\n|\n|upkeep\n|inactive|Time left: 300 sec this turn | 300 sec total | 5 sec grace\n|\n|t:|1783541418\n|switch|p2a: Articuno|Articuno-Galar, L84|288/288\n|turn|3\n|inactive|Time left: 300 sec this turn | 300 sec total\n|\n|t:|1783541419\n|move|p2a: Articuno|Hurricane|p1a: Reuniclus\n|-damage|p1a: Reuniclus|14/100\n|-start|p1a: Reuniclus|confusion\n|-activate|p1a: Reuniclus|confusion\n|-damage|p1a: Reuniclus|9/100|[from] confusion\n|\n|upkeep\n|turn|4\n|inactive|Time left: 300 sec this turn | 300 sec total\n|\n|t:|1783541420\n|switch|p1a: Sandslash|Sandslash-Alola, L88, F|100/100\n|move|p2a: Articuno|Freezing Glare|p1a: Sandslash\n|-resisted|p1a: Sandslash\n|-damage|p1a: Sandslash|75/100\n|\n|-heal|p1a: Sandslash|82/100|[from] item: Leftovers\n|upkeep\n|turn|5\n|inactive|Time left: 300 sec this turn | 300 sec total\n|\n|t:|1783541421\n|switch|p2a: Arboliva|Arboliva, L91, F|290/290\n|move|p1a: Sandslash|Triple Axel|p2a: Arboliva\n|-supereffective|p2a: Arboliva\n|-crit|p2a: Arboliva\n|-damage|p2a: Arboliva|224/290\n|-fieldstart|move: Grassy Terrain|[from] ability: Seed Sower|[of] p2a: Arboliva\n|-supereffective|p2a: Arboliva\n|-damage|p2a: Arboliva|140/290\n|-hitcount|p2a: Arboliva|2\n|\n|-heal|p1a: Sandslash|88/100|[from] Grassy Terrain\n|-heal|p1a: Sandslash|94/100|[from] item: Leftovers\n|-heal|p2a: Arboliva|158/290|[from] Grassy Terrain\n|-heal|p2a: Arboliva|176/290|[from] item: Leftovers\n|upkeep\n|turn|6\n|inactive|Time left: 300 sec this turn | 300 sec total\n|\n|t:|1783541423\n|switch|p2a: Copperajah|Copperajah, L86, F|350/350\n|move|p1a: Sandslash|Triple Axel|p2a: Copperajah\n|-resisted|p2a: Copperajah\n|-damage|p2a: Copperajah|335/350\n|-resisted|p2a: Copperajah\n|-damage|p2a: Copperajah|308/350\n|-hitcount|p2a: Copperajah|2\n|\n|-heal|p1a: Sandslash|99/100|[from] Grassy Terrain\n|-heal|p1a: Sandslash|100/100|[from] item: Leftovers\n|-heal|p2a: Copperajah|329/350|[from] Grassy Terrain\n|upkeep\n|turn|7\n|inactive|Time left: 300 sec this turn | 300 sec total\n|\n|t:|1783541424\n|move|p1a: Sandslash|Spikes|p2a: Copperajah\n|-sidestart|p2: p0y19925ce|Spikes\n|move|p2a: Copperajah|Stealth Rock|p1a: Sandslash\n|-sidestart|p1: p0x1996e5a|move: Stealth Rock\n|\n|-heal|p2a: Copperajah|350/350|[from] Grassy Terrain\n|upkeep\n|turn|8\n|inactive|Time left: 300 sec this turn | 300 sec total\n|\n|t:|1783541425\n|move|p1a: Sandslash|Rapid Spin|p2a: Copperajah\n|-resisted|p2a: Copperajah\n|-damage|p2a: Copperajah|327/350\n|-boost|p1a: Sandslash|spe|1\n|-sideend|p1: p0x1996e5a|Stealth Rock|[from] move: Rapid Spin|[of] p1a: Sandslash\n|move|p2a: Copperajah|Iron Head|p1a: Sandslash\n|-damage|p1a: Sandslash|47/100\n|\n|-heal|p1a: Sandslash|53/100|[from] Grassy Terrain\n|-heal|p1a: Sandslash|59/100|[from] item: Leftovers\n|-heal|p2a: Copperajah|348/350|[from] Grassy Terrain\n|upkeep\n|turn|9\n|inactive|Time left: 300 sec this turn | 300 sec total\n|\n|t:|1783541426\n|move|p1a: Sandslash|Iron Head|p2a: Copperajah\n|-resisted|p2a: Copperajah\n|-damage|p2a: Copperajah|293/350\n|cant|p2a: Copperajah|flinch\n|\n|-heal|p1a: Sandslash|65/100|[from] Grassy Terrain\n|-heal|p1a: Sandslash|71/100|[from] item: Leftovers\n|-heal|p2a: Copperajah|314/350|[from] Grassy Terrain\n|-fieldend|move: Grassy Terrain\n|upkeep\n|turn|10\n|inactive|Time left: 300 sec this turn | 300 sec total\n|\n|t:|1783541427\n|move|p1a: Sandslash|Triple Axel|p2a: Copperajah\n|-resisted|p2a: Copperajah\n|-damage|p2a: Copperajah|301/350\n|-resisted|p2a: Copperajah\n|-damage|p2a: Copperajah|273/350\n|-resisted|p2a: Copperajah\n|-damage|p2a: Copperajah|231/350\n|-hitcount|p2a: Copperajah|3\n|move|p2a: Copperajah|Iron Head|p1a: Sandslash\n|-damage|p1a: Sandslash|22/100\n|\n|-heal|p1a: Sandslash|28/100|[from] item: Leftovers\n|upkeep\n|turn|11\n|inactive|Time left: 300 sec this turn | 300 sec total\n|\n|t:|1783541429\n|move|p1a: Sandslash|Iron Head|p2a: Copperajah\n|-resisted|p2a: Copperajah\n|-damage|p2a: Copperajah|174/350\n|move|p2a: Copperajah|Iron Head|p1a: Sandslash\n|-crit|p1a: Sandslash\n|-damage|p1a: Sandslash|0 fnt\n|faint|p1a: Sandslash\n|\n|upkeep\n|\n|t:|1783541430\n|switch|p1a: Pawmot|Pawmot, L80, F|100/100\n|turn|12\n|inactive|Time left: 300 sec this turn | 300 sec total\n|\n|t:|1783541431\n|switch|p2a: Arboliva|Arboliva, L91, F|176/290\n|-damage|p2a: Arboliva|140/290|[from] Spikes\n|move|p1a: Pawmot|Double Shock|p2a: Arboliva\n|-resisted|p2a: Arboliva\n|-damage|p2a: Arboliva|62/290\n|-start|p1a: Pawmot|typechange|???/Fighting|[from] move: Double Shock\n|-fieldstart|move: Grassy Terrain|[from] ability: Seed Sower|[of] p2a: Arboliva\n|-damage|p1a: Pawmot|91/100|[from] item: Life Orb\n|\n|-heal|p1a: Pawmot|97/100|[from] Grassy Terrain\n|-heal|p2a: Arboliva|80/290|[from] Grassy Terrain\n|-heal|p2a: Arboliva|98/290|[from] item: Leftovers\n|upkeep\n|turn|13\n|inactive|Time left: 300 sec this turn | 300 sec total\n|\n|t:|1783541432\n|switch|p2a: Articuno|Articuno-Galar, L84|288/288\n|move|p1a: Pawmot|Ice Punch|p2a: Articuno\n|-supereffective|p2a: Articuno\n|-damage|p2a: Articuno|103/288\n|-damage|p1a: Pawmot|87/100|[from] item: Life Orb\n|\n|-heal|p1a: Pawmot|93/100|[from] Grassy Terrain\n|upkeep\n|turn|14\n|inactive|Time left: 300 sec this turn | 300 sec total\n|\n|t:|1783541433\n|move|p1a: Pawmot|Ice Punch|p2a: Articuno\n|-supereffective|p2a: Articuno\n|-damage|p2a: Articuno|0 fnt\n|faint|p2a: Articuno\n|-damage|p1a: Pawmot|83/100|[from] item: Life Orb\n|\n|-heal|p1a: Pawmot|89/100|[from] Grassy Terrain\n|upkeep\n|inactive|Time left: 300 sec this turn | 300 sec total | 5 sec grace\n|\n|t:|1783541434\n|switch|p2a: Iron Boulder|Iron Boulder, L77|265/265\n|-damage|p2a: Iron Boulder|232/265|[from] Spikes\n|turn|15\n|inactive|Time left: 300 sec this turn | 300 sec total\n|\n|t:|1783541435\n|switch|p1a: Sinistcha|Sinistcha-Masterpiece, L83|100/100\n|move|p2a: Iron Boulder|Swords Dance|p2a: Iron Boulder\n|-boost|p2a: Iron Boulder|atk|2\n|\n|-heal|p2a: Iron Boulder|248/265|[from] Grassy Terrain\n|upkeep\n|turn|16\n|inactive|Time left: 300 sec this turn | 300 sec total\n|\n|t:|1783541436\n|-terastallize|p2a: Iron Boulder|Fighting\n|move|p2a: Iron Boulder|Mighty Cleave|p1a: Sinistcha\n|-damage|p1a: Sinistcha|13/100\n|-damage|p2a: Iron Boulder|222/265|[from] item: Life Orb\n|move|p1a: Sinistcha|Matcha Gotcha|p2a: Iron Boulder\n|-damage|p2a: Iron Boulder|102/265\n|-heal|p1a: Sinistcha|37/100|[from] drain|[of] p2a: Iron Boulder\n|\n|-heal|p2a: Iron Boulder|118/265|[from] Grassy Terrain\n|-heal|p1a: Sinistcha|43/100|[from] Grassy Terrain\n|-heal|p1a: Sinistcha|49/100|[from] item: Leftovers\n|-fieldend|move: Grassy Terrain\n|upkeep\n|turn|17\n|inactive|Time left: 300 sec this turn | 300 sec total\n|\n|t:|1783541437\n|-terastallize|p1a: Sinistcha|Steel\n|move|p2a: Iron Boulder|Mighty Cleave|p1a: Sinistcha\n|-resisted|p1a: Sinistcha\n|-damage|p1a: Sinistcha|2/100\n|-damage|p2a: Iron Boulder|92/265|[from] item: Life Orb\n|move|p1a: Sinistcha|Matcha Gotcha|p2a: Iron Boulder\n|-damage|p2a: Iron Boulder|4/265\n|-heal|p1a: Sinistcha|19/100|[from] drain|[of] p2a: Iron Boulder\n|\n|-heal|p1a: Sinistcha|25/100|[from] item: Leftovers\n|upkeep\n|turn|18\n|inactive|Time left: 300 sec this turn | 300 sec total\n|\n|t:|1783541438\n|switch|p1a: Reuniclus|Reuniclus, L88, M|9/100\n|move|p2a: Iron Boulder|Close Combat|p1a: Reuniclus\n|-resisted|p1a: Reuniclus\n|-damage|p1a: Reuniclus|0 fnt\n|-unboost|p2a: Iron Boulder|def|1\n|-unboost|p2a: Iron Boulder|spd|1\n|faint|p1a: Reuniclus\n|-damage|p2a: Iron Boulder|0 fnt|[from] item: Life Orb\n|faint|p2a: Iron Boulder\n|-end|p2a: Iron Boulder|Quark Drive|[silent]\n|\n|upkeep\n|inactive|Time left: 300 sec this turn | 300 sec total | 5 sec grace\n|\n|t:|1783541439\n|switch|p2a: Tinkaton|Tinkaton, L82, F|274/274\n|switch|p1a: Pawmot|Pawmot, L80, F|89/100\n|-damage|p2a: Tinkaton|240/274|[from] Spikes\n|-ability|p2a: Tinkaton|Mold Breaker\n|turn|19\n|inactive|Time left: 300 sec this turn | 300 sec total\n|\n|t:|1783541440\n|move|p1a: Pawmot|Close Combat|p2a: Tinkaton\n|-damage|p2a: Tinkaton|41/274\n|-unboost|p1a: Pawmot|def|1\n|-unboost|p1a: Pawmot|spd|1\n|-damage|p1a: Pawmot|80/100|[from] item: Life Orb\n|move|p2a: Tinkaton|Play Rough|p1a: Pawmot|[miss]\n|-miss|p2a: Tinkaton|p1a: Pawmot\n|\n|-heal|p2a: Tinkaton|58/274|[from] item: Leftovers\n|upkeep\n|turn|20\n|inactive|Time left: 300 sec this turn | 300 sec total\n|\n|t:|1783541441\n|move|p1a: Pawmot|Close Combat|p2a: Tinkaton\n|-damage|p2a: Tinkaton|0 fnt\n|-unboost|p1a: Pawmot|def|1\n|-unboost|p1a: Pawmot|spd|1\n|faint|p2a: Tinkaton\n|-damage|p1a: Pawmot|70/100|[from] item: Life Orb\n|\n|upkeep\n|inactive|Time left: 300 sec this turn | 300 sec total | 5 sec grace\n|\n|t:|1783541442\n|switch|p2a: Arboliva|Arboliva, L91, F|98/290\n|-damage|p2a: Arboliva|62/290|[from] Spikes\n|turn|21\n|inactive|Time left: 300 sec this turn | 300 sec total\n|\n|t:|1783541443\n|move|p1a: Pawmot|Close Combat|p2a: Arboliva\n|-supereffective|p2a: Arboliva\n|-damage|p2a: Arboliva|0 fnt\n|-unboost|p1a: Pawmot|def|1\n|-unboost|p1a: Pawmot|spd|1\n|-fieldstart|move: Grassy Terrain|[from] ability: Seed Sower|[of] p2a: Arboliva\n|faint|p2a: Arboliva\n|-damage|p1a: Pawmot|60/100|[from] item: Life Orb\n|\n|-heal|p1a: Pawmot|66/100|[from] Grassy Terrain\n|upkeep\n|inactive|Time left: 300 sec this turn | 300 sec total | 5 sec grace\n|\n|t:|1783541444\n|switch|p2a: Copperajah|Copperajah, L86, F|174/350\n|-damage|p2a: Copperajah|131/350|[from] Spikes\n|turn|22\n|inactive|Time left: 300 sec this turn | 300 sec total\n|\n|t:|1783541444\n|move|p1a: Pawmot|Close Combat|p2a: Copperajah\n|-supereffective|p2a: Copperajah\n|-damage|p2a: Copperajah|0 fnt\n|-unboost|p1a: Pawmot|def|1\n|-unboost|p1a: Pawmot|spd|1\n|faint|p2a: Copperajah\n|-damage|p1a: Pawmot|56/100|[from] item: Life Orb\n|\n|win|p0x1996e5a", "uploadtime": 1783541445, "views": 0, "rating": 0, "private": 0, "password": null, "_winner": "p0x1996e5a", "_our_name": "p0y19925ce"}