{"id": "battle-gen9randombattle-187", "formatid": "gen9randombattle", "format": "[Gen 9] Random Battle", "players": ["p0x1870bae", "p0y1879b35"], "log": "|init|battle\n|title|p0x1870bae vs. p0y1879b35\n|j|\u2606p0x1870bae\n|j|\u2606p0y1879b35\n|t:|1783535420\n|gametype|singles\n|player|p1|p0x1870bae|2|\n|player|p2|p0y1879b35|102|\n|gen|9\n|tier|[Gen 9] Random Battle\n|rule|Species Clause: Limit one of each Pok\u00e9mon\n|rule|HP Percentage Mod: HP is shown in percentages\n|rule|Sleep Clause Mod: Limit one foe put to sleep\n|rule|Illusion Level Mod: Illusion disguises the Pok\u00e9mon's true level\n|\n|t:|1783535420\n|teamsize|p1|6\n|teamsize|p2|6\n|start\n|switch|p1a: Heatran|Heatran, L79, F|100/100\n|switch|p2a: Qwilfish|Qwilfish, L86, F|252/252\n|-ability|p2a: Qwilfish|Intimidate|boost\n|-unboost|p1a: Heatran|atk|1\n|-item|p1a: Heatran|Air Balloon\n|turn|1\n|inactive|Battle timer is ON: inactive players will automatically lose when time's up. (requested by p0y1879b35)\n|inactive|p0x1870bae also wants the timer to be on.\n|\n|t:|1783535422\n|move|p2a: Qwilfish|Waterfall|p1a: Heatran\n|-supereffective|p1a: Heatran\n|-damage|p1a: Heatran|37/100\n|-enditem|p1a: Heatran|Air Balloon\n|move|p1a: Heatran|Lava Plume|p2a: Qwilfish\n|-resisted|p2a: Qwilfish\n|-damage|p2a: Qwilfish|183/252\n|\n|-heal|p2a: Qwilfish|198/252|[from] item: Leftovers\n|upkeep\n|turn|2\n|inactive|Time left: 300 sec this turn | 300 sec total\n|\n|t:|1783535423\n|move|p2a: Qwilfish|Waterfall|p1a: Heatran\n|-supereffective|p1a: Heatran\n|-damage|p1a: Heatran|0 fnt\n|faint|p1a: Heatran\n|\n|-heal|p2a: Qwilfish|213/252|[from] item: Leftovers\n|upkeep\n|\n|t:|1783535424\n|switch|p1a: Golurk|Golurk, L87|100/100\n|turn|3\n|inactive|Time left: 300 sec this turn | 300 sec total\n|\n|t:|1783535425\n|move|p2a: Qwilfish|Waterfall|p1a: Golurk\n|-supereffective|p1a: Golurk\n|-damage|p1a: Golurk|44/100\n|move|p1a: Golurk|Poltergeist|p2a: Qwilfish\n|-activate|p2a: Qwilfish|move: Poltergeist|Leftovers\n|-damage|p2a: Qwilfish|0 fnt\n|faint|p2a: Qwilfish\n|\n|upkeep\n|inactive|Time left: 300 sec this turn | 300 sec total | 5 sec grace\n|\n|t:|1783535426\n|switch|p2a: Brambleghast|Brambleghast, L88, M|240/240\n|turn|4\n|inactive|Time left: 300 sec this turn | 300 sec total\n|\n|t:|1783535427\n|switch|p1a: Gogoat|Gogoat, L88, M|100/100\n|move|p2a: Brambleghast|Poltergeist|p1a: Gogoat\n|-activate|p1a: Gogoat|move: Poltergeist|Leftovers\n|-damage|p1a: Gogoat|48/100\n|\n|-heal|p1a: Gogoat|54/100|[from] item: Leftovers\n|upkeep\n|turn|5\n|inactive|Time left: 300 sec this turn | 300 sec total\n|\n|t:|1783535427\n|move|p2a: Brambleghast|Poltergeist|p1a: Gogoat\n|-activate|p1a: Gogoat|move: Poltergeist|Leftovers\n|-damage|p1a: Gogoat|4/100\n|move|p1a: Gogoat|Milk Drink|p1a: Gogoat\n|-heal|p1a: Gogoat|54/100\n|\n|-heal|p1a: Gogoat|60/100|[from] item: Leftovers\n|upkeep\n|turn|6\n|inactive|Time left: 300 sec this turn | 300 sec total\n|\n|t:|1783535428\n|move|p2a: Brambleghast|Poltergeist|p1a: Gogoat\n|-activate|p1a: Gogoat|move: Poltergeist|Leftovers\n|-crit|p1a: Gogoat\n|-damage|p1a: Gogoat|0 fnt\n|faint|p1a: Gogoat\n|\n|upkeep\n|\n|t:|1783535429\n|switch|p1a: Houndstone|Houndstone, L86, M|100/100\n|turn|7\n|inactive|Time left: 300 sec this turn | 300 sec total\n|\n|t:|1783535430\n|move|p2a: Brambleghast|Poltergeist|p1a: Houndstone\n|-activate|p1a: Houndstone|move: Poltergeist|Assault Vest\n|-supereffective|p1a: Houndstone\n|-damage|p1a: Houndstone|7/100\n|move|p1a: Houndstone|Poltergeist|p2a: Brambleghast\n|-activate|p2a: Brambleghast|move: Poltergeist|Heavy-Duty Boots\n|-supereffective|p2a: Brambleghast\n|-damage|p2a: Brambleghast|0 fnt\n|faint|p2a: Brambleghast\n|\n|upkeep\n|inactive|Time left: 300 sec this turn | 300 sec total | 5 sec grace\n|\n|t:|1783535431\n|switch|p2a: Iron Moth|Iron Moth, L78|253/253\n|turn|8\n|inactive|Time left: 300 sec this turn | 300 sec total\n|\n|t:|1783535432\n|move|p1a: Houndstone|Shadow Sneak|p2a: Iron Moth\n|-damage|p2a: Iron Moth|192/253\n|move|p2a: Iron Moth|Fiery Dance|p1a: Houndstone\n|-damage|p1a: Houndstone|0 fnt\n|-boost|p2a: Iron Moth|spa|1\n|faint|p1a: Houndstone\n|\n|upkeep\n|\n|t:|1783535433\n|switch|p1a: Iron Boulder|Iron Boulder, L77|100/100\n|-enditem|p1a: Iron Boulder|Booster Energy\n|-activate|p1a: Iron Boulder|ability: Quark Drive|[fromitem]\n|-start|p1a: Iron Boulder|quarkdrivespe\n|turn|9\n|inactive|Time left: 300 sec this turn | 300 sec total\n|\n|t:|1783535434\n|-terastallize|p2a: Iron Moth|Grass\n|move|p1a: Iron Boulder|Swords Dance|p1a: Iron Boulder\n|-boost|p1a: Iron Boulder|atk|2\n|move|p2a: Iron Moth|Energy Ball|p1a: Iron Boulder\n|-supereffective|p1a: Iron Boulder\n|-damage|p1a: Iron Boulder|0 fnt\n|faint|p1a: Iron Boulder\n|-end|p1a: Iron Boulder|Quark Drive|[silent]\n|\n|upkeep\n|\n|t:|1783535435\n|switch|p1a: Regieleki|Regieleki, L79|100/100\n|turn|10\n|inactive|Time left: 300 sec this turn | 300 sec total\n|\n|t:|1783535436\n|move|p1a: Regieleki|Thunderbolt|p2a: Iron Moth\n|-resisted|p2a: Iron Moth\n|-damage|p2a: Iron Moth|135/253\n|move|p2a: Iron Moth|Energy Ball|p1a: Regieleki\n|-damage|p1a: Regieleki|6/100\n|\n|upkeep\n|turn|11\n|inactive|Time left: 300 sec this turn | 300 sec total\n|\n|t:|1783535437\n|-terastallize|p1a: Regieleki|Ice\n|move|p1a: Regieleki|Tera Blast|p2a: Iron Moth|[anim] Tera Blast Ice\n|-supereffective|p2a: Iron Moth\n|-damage|p2a: Iron Moth|3/253\n|move|p2a: Iron Moth|Energy Ball|p1a: Regieleki\n|-damage|p1a: Regieleki|0 fnt\n|faint|p1a: Regieleki\n|\n|upkeep\n|\n|t:|1783535438\n|switch|p1a: Golurk|Golurk, L87|44/100\n|turn|12\n|inactive|Time left: 300 sec this turn | 300 sec total\n|\n|t:|1783535439\n|move|p2a: Iron Moth|Energy Ball|p1a: Golurk\n|-supereffective|p1a: Golurk\n|-damage|p1a: Golurk|0 fnt\n|faint|p1a: Golurk\n|\n|win|p0y1879b35", "uploadtime": 1783535439, "views": 0, "rating": 0, "private": 0, "password": null, "_winner": "p0y1879b35", "_our_name": "p0y1879b35"}