{"id": "battle-gen9randombattle-1738", "formatid": "gen9randombattle", "format": "[Gen 9] Random Battle", "players": ["p0x17388cf2", "p0y17383c0d"], "log": "|init|battle\n|title|p0x17388cf2 vs. p0y17383c0d\n|j|\u2606p0x17388cf2\n|j|\u2606p0y17383c0d\n|t:|1783560083\n|gametype|singles\n|player|p1|p0x17388cf2|101|\n|player|p2|p0y17383c0d|102|\n|gen|9\n|tier|[Gen 9] Random Battle\n|rule|Species Clause: Limit one of each Pok\u00e9mon\n|rule|HP Percentage Mod: HP is shown in percentages\n|rule|Sleep Clause Mod: Limit one foe put to sleep\n|rule|Illusion Level Mod: Illusion disguises the Pok\u00e9mon's true level\n|\n|t:|1783560083\n|teamsize|p1|6\n|teamsize|p2|6\n|start\n|switch|p1a: Oranguru|Oranguru, L92, F|315/315\n|switch|p2a: Calyrex|Calyrex-Shadow, L64|100/100\n|-ability|p2a: Calyrex|As One\n|-ability|p2a: Calyrex|Unnerve\n|turn|1\n|inactive|Battle timer is ON: inactive players will automatically lose when time's up. (requested by p0x17388cf2)\n|inactive|p0y17383c0d also wants the timer to be on.\n|\n|t:|1783560084\n|move|p2a: Calyrex|Nasty Plot|p2a: Calyrex\n|-boost|p2a: Calyrex|spa|2\n|move|p1a: Oranguru|Thunderbolt|p2a: Calyrex\n|-damage|p2a: Calyrex|50/100\n|\n|upkeep\n|turn|2\n|inactive|Time left: 300 sec this turn | 300 sec total\n|\n|t:|1783560085\n|move|p2a: Calyrex|Pollen Puff|p1a: Oranguru\n|-supereffective|p1a: Oranguru\n|-damage|p1a: Oranguru|94/315\n|-damage|p2a: Calyrex|40/100|[from] item: Life Orb\n|move|p1a: Oranguru|Thunderbolt|p2a: Calyrex\n|-crit|p2a: Calyrex\n|-damage|p2a: Calyrex|0 fnt\n|faint|p2a: Calyrex\n|\n|upkeep\n|\n|t:|1783560087\n|switch|p2a: Staraptor|Staraptor, L79, F|100/100\n|turn|3\n|inactive|Time left: 300 sec this turn | 300 sec total\n|\n|t:|1783560088\n|switch|p1a: Golem|Golem-Alola, L93, M|300/300\n|move|p2a: Staraptor|Brave Bird|p1a: Golem\n|-resisted|p1a: Golem\n|-damage|p1a: Golem|260/300\n|-damage|p2a: Staraptor|96/100|[from] Recoil\n|\n|upkeep\n|turn|4\n|inactive|Time left: 300 sec this turn | 300 sec total\n|\n|t:|1783560089\n|move|p2a: Staraptor|Brave Bird|p1a: Golem\n|-resisted|p1a: Golem\n|-damage|p1a: Golem|223/300\n|-damage|p2a: Staraptor|91/100|[from] Recoil\n|move|p1a: Golem|Stone Edge|p2a: Staraptor|[miss]\n|-miss|p1a: Golem|p2a: Staraptor\n|\n|upkeep\n|turn|5\n|inactive|Time left: 300 sec this turn | 300 sec total\n|\n|t:|1783560090\n|switch|p2a: Magnezone|Magnezone, L85|100/100\n|move|p1a: Golem|Stone Edge|p2a: Magnezone\n|-resisted|p2a: Magnezone\n|-damage|p2a: Magnezone|62/100\n|\n|upkeep\n|turn|6\n|inactive|Time left: 300 sec this turn | 300 sec total\n|\n|t:|1783560091\n|move|p2a: Magnezone|Flash Cannon|p1a: Golem\n|-damage|p1a: Golem|96/300\n|move|p1a: Golem|Stone Edge|p2a: Magnezone\n|-resisted|p2a: Magnezone\n|-damage|p2a: Magnezone|24/100\n|\n|upkeep\n|turn|7\n|inactive|Time left: 300 sec this turn | 300 sec total\n|\n|t:|1783560092\n|move|p2a: Magnezone|Flash Cannon|p1a: Golem\n|-crit|p1a: Golem\n|-damage|p1a: Golem|0 fnt\n|faint|p1a: Golem\n|\n|upkeep\n|inactive|Time left: 300 sec this turn | 300 sec total | 5 sec grace\n|\n|t:|1783560093\n|switch|p1a: Entei|Entei, L78|307/307\n|turn|8\n|inactive|Time left: 300 sec this turn | 300 sec total\n|\n|t:|1783560095\n|move|p1a: Entei|Sacred Fire|p2a: Magnezone\n|-supereffective|p2a: Magnezone\n|-damage|p2a: Magnezone|0 fnt\n|faint|p2a: Magnezone\n|\n|upkeep\n|\n|t:|1783560096\n|switch|p2a: Electivire|Electivire, L84, F|100/100\n|turn|9\n|inactive|Time left: 300 sec this turn | 300 sec total\n|\n|t:|1783560097\n|move|p2a: Electivire|Earthquake|p1a: Entei\n|-supereffective|p1a: Entei\n|-damage|p1a: Entei|78/307\n|-damage|p2a: Electivire|91/100|[from] item: Life Orb\n|move|p1a: Entei|Sacred Fire|p2a: Electivire\n|-damage|p2a: Electivire|23/100\n|\n|upkeep\n|turn|10\n|inactive|Time left: 300 sec this turn | 300 sec total\n|\n|t:|1783560098\n|move|p2a: Electivire|Earthquake|p1a: Entei\n|-supereffective|p1a: Entei\n|-damage|p1a: Entei|0 fnt\n|faint|p1a: Entei\n|-damage|p2a: Electivire|13/100|[from] item: Life Orb\n|\n|upkeep\n|inactive|Time left: 300 sec this turn | 300 sec total | 5 sec grace\n|\n|t:|1783560099\n|switch|p1a: Annihilape|Annihilape, L76, F|292/292\n|turn|11\n|inactive|Time left: 300 sec this turn | 300 sec total\n|\n|t:|1783560100\n|move|p2a: Electivire|Supercell Slam|p1a: Annihilape\n|-damage|p1a: Annihilape|92/292\n|-damage|p2a: Electivire|4/100|[from] item: Life Orb\n|move|p1a: Annihilape|Rage Fist|p2a: Electivire\n|-damage|p2a: Electivire|0 fnt\n|faint|p2a: Electivire\n|\n|upkeep\n|\n|t:|1783560101\n|switch|p2a: Staraptor|Staraptor, L79, F|91/100\n|turn|12\n|inactive|Time left: 300 sec this turn | 300 sec total\n|\n|t:|1783560102\n|switch|p1a: Jirachi|Jirachi, L80|291/291\n|move|p2a: Staraptor|Brave Bird|p1a: Jirachi\n|-resisted|p1a: Jirachi\n|-damage|p1a: Jirachi|181/291\n|-damage|p2a: Staraptor|77/100|[from] Recoil\n|\n|-heal|p1a: Jirachi|199/291|[from] item: Leftovers\n|upkeep\n|turn|13\n|inactive|Time left: 300 sec this turn | 300 sec total\n|\n|t:|1783560103\n|move|p1a: Jirachi|Iron Head|p2a: Staraptor\n|-damage|p2a: Staraptor|40/100\n|cant|p2a: Staraptor|flinch\n|\n|-heal|p1a: Jirachi|217/291|[from] item: Leftovers\n|upkeep\n|turn|14\n|inactive|Time left: 300 sec this turn | 300 sec total\n|\n|t:|1783560104\n|move|p1a: Jirachi|Psychic|p2a: Staraptor\n|-damage|p2a: Staraptor|0 fnt\n|faint|p2a: Staraptor\n|\n|-heal|p1a: Jirachi|235/291|[from] item: Leftovers\n|upkeep\n|\n|t:|1783560105\n|switch|p2a: Muk|Muk-Alola, L82, F|100/100\n|turn|15\n|inactive|Time left: 300 sec this turn | 300 sec total\n|\n|t:|1783560105\n|move|p1a: Jirachi|Iron Head|p2a: Muk\n|-damage|p2a: Muk|69/100\n|move|p2a: Muk|Knock Off|p1a: Jirachi\n|-supereffective|p1a: Jirachi\n|-damage|p1a: Jirachi|29/291\n|-enditem|p1a: Jirachi|Leftovers|[from] move: Knock Off|[of] p2a: Muk\n|\n|upkeep\n|turn|16\n|inactive|Time left: 300 sec this turn | 300 sec total\n|\n|t:|1783560106\n|move|p1a: Jirachi|Iron Head|p2a: Muk\n|-damage|p2a: Muk|38/100\n|cant|p2a: Muk|flinch\n|\n|upkeep\n|turn|17\n|inactive|Time left: 300 sec this turn | 300 sec total\n|\n|t:|1783560107\n|move|p1a: Jirachi|Iron Head|p2a: Muk\n|-damage|p2a: Muk|8/100\n|cant|p2a: Muk|flinch\n|\n|upkeep\n|turn|18\n|inactive|Time left: 300 sec this turn | 300 sec total\n|\n|t:|1783560108\n|move|p1a: Jirachi|Iron Head|p2a: Muk\n|-damage|p2a: Muk|0 fnt\n|faint|p2a: Muk\n|\n|upkeep\n|\n|t:|1783560109\n|switch|p2a: Glalie|Glalie, L96, F|100/100\n|turn|19\n|inactive|Time left: 300 sec this turn | 300 sec total\n|\n|t:|1783560109\n|move|p1a: Jirachi|Protect|p1a: Jirachi\n|-singleturn|p1a: Jirachi|Protect\n|move|p2a: Glalie|Freeze-Dry|p1a: Jirachi\n|-activate|p1a: Jirachi|move: Protect\n|\n|upkeep\n|turn|20\n|inactive|Time left: 300 sec this turn | 300 sec total\n|\n|t:|1783560110\n|move|p1a: Jirachi|Protect||[still]\n|-fail|p1a: Jirachi\n|move|p2a: Glalie|Freeze-Dry|p1a: Jirachi\n|-resisted|p1a: Jirachi\n|-damage|p1a: Jirachi|0 fnt\n|faint|p1a: Jirachi\n|\n|upkeep\n|inactive|Time left: 300 sec this turn | 300 sec total | 5 sec grace\n|\n|t:|1783560111\n|switch|p1a: Oranguru|Oranguru, L92, F|94/315\n|turn|21\n|inactive|Time left: 300 sec this turn | 300 sec total\n|\n|t:|1783560111\n|move|p2a: Glalie|Earthquake|p1a: Oranguru\n|-damage|p1a: Oranguru|12/315\n|move|p1a: Oranguru|Thunderbolt|p2a: Glalie\n|-damage|p2a: Glalie|70/100\n|-status|p2a: Glalie|par\n|\n|upkeep\n|turn|22\n|inactive|Time left: 300 sec this turn | 300 sec total\n|\n|t:|1783560112\n|move|p1a: Oranguru|Thunderbolt|p2a: Glalie\n|-damage|p2a: Glalie|35/100 par\n|move|p2a: Glalie|Freeze-Dry|p1a: Oranguru\n|-damage|p1a: Oranguru|0 fnt\n|faint|p1a: Oranguru\n|\n|upkeep\n|inactive|Time left: 300 sec this turn | 300 sec total | 5 sec grace\n|\n|t:|1783560113\n|switch|p1a: Rayquaza|Rayquaza, L72|270/270\n|-ability|p1a: Rayquaza|Air Lock\n|turn|23\n|inactive|Time left: 300 sec this turn | 300 sec total\n|\n|t:|1783560113\n|-terastallize|p1a: Rayquaza|Flying\n|-terastallize|p2a: Glalie|Ghost\n|move|p1a: Rayquaza|Dragon Ascent|p2a: Glalie\n|-damage|p2a: Glalie|0 fnt\n|-unboost|p1a: Rayquaza|def|1\n|-unboost|p1a: Rayquaza|spd|1\n|faint|p2a: Glalie\n|\n|win|p0x17388cf2", "uploadtime": 1783560113, "views": 0, "rating": 0, "private": 0, "password": null, "_winner": "p0x17388cf2", "_our_name": "p0x17388cf2"}