{"id": "battle-gen9randombattle-2592", "formatid": "gen9randombattle", "format": "[Gen 9] Random Battle", "players": ["p0x2592b302", "p0y2592e1b7"], "log": "|init|battle\n|title|p0x2592b302 vs. p0y2592e1b7\n|j|\u2606p0x2592b302\n|j|\u2606p0y2592e1b7\n|t:|1783569000\n|gametype|singles\n|player|p1|p0x2592b302|265|\n|player|p2|p0y2592e1b7|170|\n|gen|9\n|tier|[Gen 9] Random Battle\n|rule|Species Clause: Limit one of each Pok\u00e9mon\n|rule|HP Percentage Mod: HP is shown in percentages\n|rule|Sleep Clause Mod: Limit one foe put to sleep\n|rule|Illusion Level Mod: Illusion disguises the Pok\u00e9mon's true level\n|\n|t:|1783569000\n|teamsize|p1|6\n|teamsize|p2|6\n|start\n|switch|p1a: Eelektross|Eelektross, L87, F|100/100\n|switch|p2a: Camerupt|Camerupt, L91, F|275/275\n|turn|1\n|inactive|Battle timer is ON: inactive players will automatically lose when time's up. (requested by p0x2592b302)\n|inactive|Time left: 300 sec this turn | 300 sec total | 60 sec grace\n|inactive|p0y2592e1b7 also wants the timer to be on.\n|\n|t:|1783569001\n|move|p1a: Eelektross|Giga Drain|p2a: Camerupt\n|-damage|p2a: Camerupt|208/275\n|move|p2a: Camerupt|Stealth Rock|p1a: Eelektross\n|-sidestart|p1: p0x2592b302|move: Stealth Rock\n|\n|-heal|p2a: Camerupt|225/275|[from] item: Leftovers\n|upkeep\n|turn|2\n|inactive|Time left: 300 sec this turn | 300 sec total\n|\n|t:|1783569002\n|move|p1a: Eelektross|U-turn|p2a: Camerupt\n|-resisted|p2a: Camerupt\n|-damage|p2a: Camerupt|192/275\n|\n|t:|1783569002\n|switch|p1a: Hypno|Hypno, L95, M|100/100|[from] U-turn\n|-damage|p1a: Hypno|88/100|[from] Stealth Rock\n|move|p2a: Camerupt|Overheat|p1a: Hypno\n|-damage|p1a: Hypno|46/100\n|-unboost|p2a: Camerupt|spa|2\n|\n|-heal|p1a: Hypno|52/100|[from] item: Leftovers\n|-heal|p2a: Camerupt|209/275|[from] item: Leftovers\n|upkeep\n|turn|3\n|inactive|Time left: 300 sec this turn | 300 sec total\n|\n|t:|1783569003\n|switch|p2a: Roaring Moon|Roaring Moon, L72|270/270\n|move|p1a: Hypno|Toxic|p2a: Roaring Moon\n|-status|p2a: Roaring Moon|tox\n|\n|-heal|p1a: Hypno|58/100|[from] item: Leftovers\n|-damage|p2a: Roaring Moon|254/270 tox|[from] psn\n|upkeep\n|turn|4\n|inactive|Time left: 300 sec this turn | 300 sec total\n|\n|t:|1783569004\n|move|p1a: Hypno|Protect|p1a: Hypno\n|-singleturn|p1a: Hypno|Protect\n|move|p2a: Roaring Moon|Outrage|p1a: Hypno\n|-activate|p1a: Hypno|move: Protect\n|\n|-heal|p1a: Hypno|64/100|[from] item: Leftovers\n|-damage|p2a: Roaring Moon|222/270 tox|[from] psn\n|upkeep\n|turn|5\n|inactive|Time left: 300 sec this turn | 300 sec total\n|\n|t:|1783569004\n|move|p2a: Roaring Moon|Outrage|p1a: Hypno\n|-damage|p1a: Hypno|3/100\n|move|p1a: Hypno|Focus Blast|p2a: Roaring Moon|[miss]\n|-miss|p1a: Hypno|p2a: Roaring Moon\n|\n|-heal|p1a: Hypno|9/100|[from] item: Leftovers\n|-damage|p2a: Roaring Moon|174/270 tox|[from] psn\n|upkeep\n|turn|6\n|inactive|Time left: 300 sec this turn | 300 sec total\n|\n|t:|1783569005\n|move|p1a: Hypno|Protect|p1a: Hypno\n|-singleturn|p1a: Hypno|Protect\n|move|p2a: Roaring Moon|Outrage|p1a: Hypno|[from] lockedmove\n|-activate|p1a: Hypno|move: Protect\n|-start|p2a: Roaring Moon|confusion|[fatigue]\n|\n|-heal|p1a: Hypno|15/100|[from] item: Leftovers\n|-damage|p2a: Roaring Moon|110/270 tox|[from] psn\n|upkeep\n|turn|7\n|inactive|Time left: 300 sec this turn | 300 sec total\n|\n|t:|1783569006\n|-activate|p2a: Roaring Moon|confusion\n|move|p2a: Roaring Moon|Outrage|p1a: Hypno\n|-damage|p1a: Hypno|0 fnt\n|faint|p1a: Hypno\n|\n|-damage|p2a: Roaring Moon|30/270 tox|[from] psn\n|upkeep\n|\n|t:|1783569007\n|switch|p1a: Weavile|Weavile, L79, F|100/100\n|-damage|p1a: Weavile|76/100|[from] Stealth Rock\n|turn|8\n|inactive|Time left: 300 sec this turn | 300 sec total\n|\n|t:|1783569008\n|move|p1a: Weavile|Knock Off|p2a: Roaring Moon\n|-resisted|p2a: Roaring Moon\n|-damage|p2a: Roaring Moon|0 fnt\n|-enditem|p2a: Roaring Moon|Choice Band|[from] move: Knock Off|[of] p1a: Weavile\n|faint|p2a: Roaring Moon\n|-end|p2a: Roaring Moon|Protosynthesis|[silent]\n|\n|upkeep\n|inactive|Time left: 300 sec this turn | 300 sec total | 5 sec grace\n|\n|t:|1783569009\n|switch|p2a: Kleavor|Kleavor, L78, F|237/237\n|turn|9\n|inactive|Time left: 300 sec this turn | 300 sec total\n|\n|t:|1783569010\n|move|p1a: Weavile|Knock Off|p2a: Kleavor\n|-damage|p2a: Kleavor|80/237\n|-enditem|p2a: Kleavor|Heavy-Duty Boots|[from] move: Knock Off|[of] p1a: Weavile\n|move|p2a: Kleavor|X-Scissor|p1a: Weavile\n|-supereffective|p1a: Weavile\n|-damage|p1a: Weavile|0 fnt\n|faint|p1a: Weavile\n|\n|upkeep\n|\n|t:|1783569011\n|switch|p1a: Rillaboom|Rillaboom, L79, F|100/100\n|-damage|p1a: Rillaboom|88/100|[from] Stealth Rock\n|-fieldstart|move: Grassy Terrain|[from] ability: Grassy Surge|[of] p1a: Rillaboom\n|turn|10\n|inactive|Time left: 300 sec this turn | 300 sec total\n|\n|t:|1783569012\n|switch|p2a: Amoonguss|Amoonguss, L82, F|321/321\n|move|p1a: Rillaboom|Wood Hammer|p2a: Amoonguss\n|-resisted|p2a: Amoonguss\n|-damage|p2a: Amoonguss|239/321\n|-damage|p1a: Rillaboom|71/100|[from] item: Rocky Helmet|[of] p2a: Amoonguss\n|-damage|p1a: Rillaboom|62/100|[from] Recoil\n|\n|-heal|p1a: Rillaboom|68/100|[from] Grassy Terrain\n|-heal|p2a: Amoonguss|259/321|[from] Grassy Terrain\n|upkeep\n|turn|11\n|inactive|Time left: 300 sec this turn | 300 sec total\n|\n|t:|1783569013\n|move|p1a: Rillaboom|Wood Hammer|p2a: Amoonguss\n|-resisted|p2a: Amoonguss\n|-damage|p2a: Amoonguss|181/321\n|-damage|p1a: Rillaboom|52/100|[from] item: Rocky Helmet|[of] p2a: Amoonguss\n|-damage|p1a: Rillaboom|43/100|[from] Recoil\n|move|p2a: Amoonguss|Sludge Bomb|p1a: Rillaboom\n|-supereffective|p1a: Rillaboom\n|-crit|p1a: Rillaboom\n|-damage|p1a: Rillaboom|0 fnt\n|faint|p1a: Rillaboom\n|\n|-heal|p2a: Amoonguss|201/321|[from] Grassy Terrain\n|upkeep\n|\n|t:|1783569014\n|switch|p1a: Rayquaza|Rayquaza, L72|100/100\n|-ability|p1a: Rayquaza|Air Lock\n|turn|12\n|inactive|Time left: 300 sec this turn | 300 sec total\n|\n|t:|1783569015\n|move|p1a: Rayquaza|Swords Dance|p1a: Rayquaza\n|-boost|p1a: Rayquaza|atk|2\n|move|p2a: Amoonguss|Spore|p1a: Rayquaza\n|-status|p1a: Rayquaza|slp|[from] move: Spore\n|\n|-heal|p2a: Amoonguss|221/321|[from] Grassy Terrain\n|upkeep\n|turn|13\n|inactive|Time left: 300 sec this turn | 300 sec total\n|\n|t:|1783569016\n|switch|p2a: Kleavor|Kleavor, L78, F|80/237\n|cant|p1a: Rayquaza|slp\n|\n|-heal|p2a: Kleavor|94/237|[from] Grassy Terrain\n|upkeep\n|turn|14\n|inactive|Time left: 300 sec this turn | 300 sec total\n|\n|t:|1783569016\n|-curestatus|p1a: Rayquaza|slp|[msg]\n|move|p1a: Rayquaza|Dragon Ascent|p2a: Kleavor\n|-damage|p2a: Kleavor|0 fnt\n|-unboost|p1a: Rayquaza|def|1\n|-unboost|p1a: Rayquaza|spd|1\n|faint|p2a: Kleavor\n|\n|-fieldend|move: Grassy Terrain\n|upkeep\n|inactive|Time left: 300 sec this turn | 300 sec total | 5 sec grace\n|\n|t:|1783569017\n|switch|p2a: Mewtwo|Mewtwo, L72|272/272\n|-ability|p2a: Mewtwo|Unnerve\n|turn|15\n|inactive|Time left: 300 sec this turn | 300 sec total\n|\n|t:|1783569018\n|move|p2a: Mewtwo|Psystrike|p1a: Rayquaza\n|-damage|p1a: Rayquaza|5/100\n|-damage|p2a: Mewtwo|245/272|[from] item: Life Orb\n|move|p1a: Rayquaza|Dragon Ascent|p2a: Mewtwo\n|-damage|p2a: Mewtwo|0 fnt\n|-unboost|p1a: Rayquaza|def|1\n|-unboost|p1a: Rayquaza|spd|1\n|faint|p2a: Mewtwo\n|\n|upkeep\n|inactive|Time left: 300 sec this turn | 300 sec total | 5 sec grace\n|\n|t:|1783569019\n|switch|p2a: Komala|Komala, L87, F|255/255\n|-ability|p2a: Komala|Comatose\n|turn|16\n|inactive|Time left: 300 sec this turn | 300 sec total\n|\n|t:|1783569020\n|move|p2a: Komala|Body Slam|p1a: Rayquaza\n|-damage|p1a: Rayquaza|0 fnt\n|faint|p1a: Rayquaza\n|\n|upkeep\n|\n|t:|1783569021\n|switch|p1a: Dialga|Dialga, L73|100/100\n|-damage|p1a: Dialga|94/100|[from] Stealth Rock\n|-ability|p1a: Dialga|Pressure\n|turn|17\n|inactive|Time left: 300 sec this turn | 300 sec total\n|\n|t:|1783569022\n|move|p2a: Komala|Body Slam|p1a: Dialga\n|-resisted|p1a: Dialga\n|-damage|p1a: Dialga|76/100\n|move|p1a: Dialga|Heavy Slam|p2a: Komala\n|-damage|p2a: Komala|120/255\n|\n|upkeep\n|turn|18\n|inactive|Time left: 300 sec this turn | 300 sec total\n|\n|t:|1783569024\n|switch|p2a: Camerupt|Camerupt, L91, F|209/275\n|move|p1a: Dialga|Heavy Slam|p2a: Camerupt\n|-resisted|p2a: Camerupt\n|-damage|p2a: Camerupt|170/275\n|\n|-heal|p2a: Camerupt|187/275|[from] item: Leftovers\n|upkeep\n|turn|19\n|inactive|Time left: 300 sec this turn | 300 sec total\n|\n|t:|1783569025\n|move|p1a: Dialga|Draco Meteor|p2a: Camerupt\n|-damage|p2a: Camerupt|18/275\n|-unboost|p1a: Dialga|spa|2\n|move|p2a: Camerupt|Earthquake|p1a: Dialga\n|-supereffective|p1a: Dialga\n|-damage|p1a: Dialga|0 fnt\n|faint|p1a: Dialga\n|\n|-heal|p2a: Camerupt|35/275|[from] item: Leftovers\n|upkeep\n|\n|t:|1783569026\n|switch|p1a: Eelektross|Eelektross, L87, F|100/100\n|-damage|p1a: Eelektross|88/100|[from] Stealth Rock\n|turn|20\n|inactive|Time left: 300 sec this turn | 300 sec total\n|\n|t:|1783569027\n|switch|p2a: Amoonguss|Amoonguss, L82, F|321/321\n|move|p1a: Eelektross|Giga Drain|p2a: Amoonguss\n|-resisted|p2a: Amoonguss\n|-damage|p2a: Amoonguss|305/321\n|-heal|p1a: Eelektross|91/100|[from] drain|[of] p2a: Amoonguss\n|\n|upkeep\n|turn|21\n|inactive|Time left: 300 sec this turn | 300 sec total\n|\n|t:|1783569028\n|move|p1a: Eelektross|Discharge|p2a: Amoonguss\n|-resisted|p2a: Amoonguss\n|-damage|p2a: Amoonguss|250/321\n|move|p2a: Amoonguss|Spore|p1a: Eelektross\n|-status|p1a: Eelektross|slp|[from] move: Spore\n|\n|upkeep\n|turn|22\n|inactive|Time left: 300 sec this turn | 300 sec total\n|\n|t:|1783569029\n|switch|p2a: Komala|Komala, L87, F|120/255\n|-ability|p2a: Komala|Comatose\n|cant|p1a: Eelektross|slp\n|\n|upkeep\n|turn|23\n|inactive|Time left: 300 sec this turn | 300 sec total\n|\n|t:|1783569030\n|move|p2a: Komala|Body Slam|p1a: Eelektross\n|-damage|p1a: Eelektross|54/100 slp\n|cant|p1a: Eelektross|slp\n|\n|upkeep\n|turn|24\n|inactive|Time left: 300 sec this turn | 300 sec total\n|\n|t:|1783569031\n|-terastallize|p1a: Eelektross|Poison\n|move|p2a: Komala|Body Slam|p1a: Eelektross\n|-damage|p1a: Eelektross|12/100 slp\n|cant|p1a: Eelektross|slp\n|\n|upkeep\n|turn|25\n|inactive|Time left: 300 sec this turn | 300 sec total\n|\n|t:|1783569032\n|move|p2a: Komala|Body Slam|p1a: Eelektross\n|-damage|p1a: Eelektross|0 fnt\n|faint|p1a: Eelektross\n|\n|win|p0y2592e1b7", "uploadtime": 1783569032, "views": 0, "rating": 0, "private": 0, "password": null, "_winner": "p0y2592e1b7", "_our_name": "p0y2592e1b7"}