{"id": "battle-gen9randombattle-504", "formatid": "gen9randombattle", "format": "[Gen 9] Random Battle", "players": ["p0x5048be5", "p0y504eda7"], "log": "|init|battle\n|title|p0x5048be5 vs. p0y504eda7\n|j|\u2606p0x5048be5\n|j|\u2606p0y504eda7\n|t:|1783544888\n|gametype|singles\n|player|p1|p0x5048be5|170|\n|player|p2|p0y504eda7|169|\n|gen|9\n|tier|[Gen 9] Random Battle\n|rule|Species Clause: Limit one of each Pok\u00e9mon\n|rule|HP Percentage Mod: HP is shown in percentages\n|rule|Sleep Clause Mod: Limit one foe put to sleep\n|rule|Illusion Level Mod: Illusion disguises the Pok\u00e9mon's true level\n|\n|t:|1783544888\n|teamsize|p1|6\n|teamsize|p2|6\n|start\n|switch|p1a: Dragonite|Dragonite, L74, M|100/100\n|switch|p2a: Flareon|Flareon, L90, M|263/263\n|turn|1\n|inactive|Battle timer is ON: inactive players will automatically lose when time's up. (requested by p0y504eda7)\n|inactive|p0x5048be5 also wants the timer to be on.\n|\n|t:|1783544890\n|move|p2a: Flareon|Will-O-Wisp|p1a: Dragonite\n|-status|p1a: Dragonite|brn\n|move|p1a: Dragonite|Outrage|p2a: Flareon\n|-crit|p2a: Flareon\n|-damage|p2a: Flareon|146/263\n|\n|-damage|p1a: Dragonite|94/100 brn|[from] brn\n|-status|p2a: Flareon|tox|[from] item: Toxic Orb\n|upkeep\n|turn|2\n|inactive|Time left: 300 sec this turn | 300 sec total\n|\n|t:|1783544891\n|switch|p2a: Rhydon|Rhydon, L85, M|317/317\n|move|p1a: Dragonite|Outrage|p2a: Rhydon|[from] lockedmove\n|-damage|p2a: Rhydon|285/317\n|\n|-damage|p1a: Dragonite|88/100 brn|[from] brn\n|upkeep\n|turn|3\n|inactive|Time left: 300 sec this turn | 300 sec total\n|\n|t:|1783544892\n|move|p1a: Dragonite|Outrage|p2a: Rhydon|[from] lockedmove\n|-damage|p2a: Rhydon|249/317\n|-start|p1a: Dragonite|confusion|[fatigue]\n|move|p2a: Rhydon|Swords Dance|p2a: Rhydon\n|-boost|p2a: Rhydon|atk|2\n|\n|-damage|p1a: Dragonite|82/100 brn|[from] brn\n|upkeep\n|turn|4\n|inactive|Time left: 300 sec this turn | 300 sec total\n|\n|t:|1783544893\n|switch|p1a: Weezing|Weezing, L88, F|100/100\n|move|p2a: Rhydon|Stone Edge|p1a: Weezing\n|-damage|p1a: Weezing|27/100\n|\n|-heal|p1a: Weezing|33/100|[from] item: Leftovers\n|upkeep\n|turn|5\n|inactive|Time left: 300 sec this turn | 300 sec total\n|\n|t:|1783544894\n|move|p1a: Weezing|Will-O-Wisp|p2a: Rhydon\n|-status|p2a: Rhydon|brn\n|move|p2a: Rhydon|Stone Edge|p1a: Weezing\n|-crit|p1a: Weezing\n|-damage|p1a: Weezing|0 fnt\n|faint|p1a: Weezing\n|\n|-damage|p2a: Rhydon|230/317 brn|[from] brn\n|upkeep\n|\n|t:|1783544895\n|switch|p1a: Barraskewda|Barraskewda, L81, M|100/100\n|turn|6\n|inactive|Time left: 300 sec this turn | 300 sec total\n|\n|t:|1783544897\n|-terastallize|p2a: Rhydon|Flying\n|move|p1a: Barraskewda|Flip Turn|p2a: Rhydon\n|-damage|p2a: Rhydon|170/317 brn\n|\n|t:|1783544898\n|switch|p1a: Spiritomb|Spiritomb, L89, M|100/100|[from] Flip Turn\n|move|p2a: Rhydon|Stone Edge|p1a: Spiritomb|[miss]\n|-miss|p2a: Rhydon|p1a: Spiritomb\n|\n|-damage|p2a: Rhydon|151/317 brn|[from] brn\n|upkeep\n|turn|7\n|inactive|Time left: 300 sec this turn | 300 sec total\n|\n|t:|1783544899\n|move|p2a: Rhydon|Earthquake|p1a: Spiritomb\n|-damage|p1a: Spiritomb|50/100\n|move|p1a: Spiritomb|Foul Play|p2a: Rhydon\n|-damage|p2a: Rhydon|18/317 brn\n|\n|-heal|p1a: Spiritomb|56/100|[from] item: Leftovers\n|-damage|p2a: Rhydon|0 fnt|[from] brn\n|faint|p2a: Rhydon\n|upkeep\n|inactive|Time left: 300 sec this turn | 300 sec total | 5 sec grace\n|\n|t:|1783544900\n|switch|p2a: Florges|Florges-Yellow, L85, F|271/271\n|turn|8\n|inactive|Time left: 300 sec this turn | 300 sec total\n|\n|t:|1783544901\n|switch|p1a: Grafaiai|Grafaiai, L86, F|100/100\n|move|p2a: Florges|Moonblast|p1a: Grafaiai\n|-resisted|p1a: Grafaiai\n|-damage|p1a: Grafaiai|74/100\n|\n|upkeep\n|turn|9\n|inactive|Time left: 300 sec this turn | 300 sec total\n|\n|t:|1783544902\n|move|p2a: Florges|Protect|p2a: Florges\n|-singleturn|p2a: Florges|Protect\n|move|p1a: Grafaiai|Gunk Shot|p2a: Florges\n|-activate|p2a: Florges|move: Protect\n|\n|upkeep\n|turn|10\n|inactive|Time left: 300 sec this turn | 300 sec total\n|\n|t:|1783544903\n|switch|p2a: Squawkabilly|Squawkabilly, L85, F|278/278\n|move|p1a: Grafaiai|Gunk Shot|p2a: Squawkabilly\n|-damage|p2a: Squawkabilly|32/278\n|-status|p2a: Squawkabilly|psn\n|-damage|p1a: Grafaiai|64/100|[from] item: Life Orb\n|\n|-damage|p2a: Squawkabilly|0 fnt|[from] psn\n|faint|p2a: Squawkabilly\n|upkeep\n|inactive|Time left: 300 sec this turn | 300 sec total | 5 sec grace\n|\n|t:|1783544904\n|switch|p2a: Wugtrio|Wugtrio, L91, M|212/212\n|turn|11\n|inactive|Time left: 300 sec this turn | 300 sec total\n|\n|t:|1783544906\n|switch|p1a: Barraskewda|Barraskewda, L81, M|100/100\n|move|p2a: Wugtrio|Liquidation|p1a: Barraskewda\n|-resisted|p1a: Barraskewda\n|-damage|p1a: Barraskewda|50/100\n|\n|upkeep\n|turn|12\n|inactive|Time left: 300 sec this turn | 300 sec total\n|\n|t:|1783544907\n|move|p2a: Wugtrio|Liquidation|p1a: Barraskewda\n|-resisted|p1a: Barraskewda\n|-damage|p1a: Barraskewda|3/100\n|move|p1a: Barraskewda|Close Combat|p2a: Wugtrio\n|-damage|p2a: Wugtrio|28/212\n|-unboost|p1a: Barraskewda|def|1\n|-unboost|p1a: Barraskewda|spd|1\n|-ability|p2a: Wugtrio|Gooey\n|-unboost|p1a: Barraskewda|spe|1\n|\n|upkeep\n|turn|13\n|inactive|Time left: 300 sec this turn | 300 sec total\n|\n|t:|1783544908\n|switch|p1a: Dragonite|Dragonite, L74, M|82/100 brn\n|move|p2a: Wugtrio|Liquidation|p1a: Dragonite\n|-resisted|p1a: Dragonite\n|-damage|p1a: Dragonite|48/100 brn\n|\n|-damage|p1a: Dragonite|41/100 brn|[from] brn\n|upkeep\n|turn|14\n|inactive|Time left: 300 sec this turn | 300 sec total\n|\n|t:|1783544909\n|move|p2a: Wugtrio|Liquidation|p1a: Dragonite\n|-resisted|p1a: Dragonite\n|-damage|p1a: Dragonite|10/100 brn\n|move|p1a: Dragonite|Earthquake|p2a: Wugtrio\n|-damage|p2a: Wugtrio|0 fnt\n|faint|p2a: Wugtrio\n|\n|-damage|p1a: Dragonite|4/100 brn|[from] brn\n|upkeep\n|inactive|Time left: 300 sec this turn | 300 sec total | 5 sec grace\n|\n|t:|1783544910\n|switch|p2a: Polteageist|Polteageist, L78|222/222\n|turn|15\n|inactive|Time left: 300 sec this turn | 300 sec total\n|\n|t:|1783544911\n|move|p1a: Dragonite|Outrage|p2a: Polteageist\n|-damage|p2a: Polteageist|137/222\n|move|p2a: Polteageist|Shell Smash|p2a: Polteageist\n|-unboost|p2a: Polteageist|def|1\n|-unboost|p2a: Polteageist|spd|1\n|-boost|p2a: Polteageist|atk|2\n|-boost|p2a: Polteageist|spa|2\n|-boost|p2a: Polteageist|spe|2\n|-enditem|p2a: Polteageist|White Herb\n|-clearnegativeboost|p2a: Polteageist|[silent]\n|\n|-damage|p1a: Dragonite|0 fnt|[from] brn\n|faint|p1a: Dragonite\n|upkeep\n|\n|t:|1783544912\n|switch|p1a: Spiritomb|Spiritomb, L89, M|56/100\n|turn|16\n|inactive|Time left: 300 sec this turn | 300 sec total\n|\n|t:|1783544913\n|-terastallize|p1a: Spiritomb|Ghost\n|move|p1a: Spiritomb|Shadow Sneak|p2a: Polteageist\n|-supereffective|p2a: Polteageist\n|-damage|p2a: Polteageist|0 fnt\n|faint|p2a: Polteageist\n|\n|-heal|p1a: Spiritomb|62/100|[from] item: Leftovers\n|upkeep\n|inactive|Time left: 300 sec this turn | 300 sec total | 5 sec grace\n|\n|t:|1783544914\n|switch|p2a: Flareon|Flareon, L90, M|146/263 tox\n|turn|17\n|inactive|Time left: 300 sec this turn | 300 sec total\n|\n|t:|1783544914\n|move|p2a: Flareon|Flare Blitz|p1a: Spiritomb\n|-damage|p1a: Spiritomb|0 fnt\n|faint|p1a: Spiritomb\n|-damage|p2a: Flareon|98/263 tox|[from] Recoil\n|\n|-damage|p2a: Flareon|82/263 tox|[from] psn\n|upkeep\n|\n|t:|1783544915\n|switch|p1a: Barraskewda|Barraskewda, L81, M|3/100\n|turn|18\n|inactive|Time left: 300 sec this turn | 300 sec total\n|\n|t:|1783544916\n|switch|p2a: Florges|Florges-Yellow, L85, F|271/271\n|move|p1a: Barraskewda|Poison Jab|p2a: Florges\n|-supereffective|p2a: Florges\n|-damage|p2a: Florges|53/271\n|\n|-heal|p2a: Florges|69/271|[from] item: Leftovers\n|upkeep\n|turn|19\n|inactive|Time left: 300 sec this turn | 300 sec total\n|\n|t:|1783544917\n|move|p2a: Florges|Protect|p2a: Florges\n|-singleturn|p2a: Florges|Protect\n|move|p1a: Barraskewda|Poison Jab|p2a: Florges\n|-activate|p2a: Florges|move: Protect\n|\n|-heal|p2a: Florges|85/271|[from] item: Leftovers\n|upkeep\n|turn|20\n|inactive|Time left: 300 sec this turn | 300 sec total\n|\n|t:|1783544918\n|move|p2a: Florges|Protect||[still]\n|-fail|p2a: Florges\n|move|p1a: Barraskewda|Poison Jab|p2a: Florges\n|-supereffective|p2a: Florges\n|-damage|p2a: Florges|0 fnt\n|faint|p2a: Florges\n|\n|upkeep\n|inactive|Time left: 300 sec this turn | 300 sec total | 5 sec grace\n|\n|t:|1783544919\n|switch|p2a: Flareon|Flareon, L90, M|82/263 tox\n|turn|21\n|inactive|Time left: 300 sec this turn | 300 sec total\n|\n|t:|1783544920\n|move|p1a: Barraskewda|Poison Jab|p2a: Flareon\n|-damage|p2a: Flareon|0 fnt\n|faint|p2a: Flareon\n|\n|win|p0x5048be5", "uploadtime": 1783544920, "views": 0, "rating": 0, "private": 0, "password": null, "_winner": "p0x5048be5", "_our_name": "p0y504eda7"}