{"id": "battle-gen9randombattle-2226", "formatid": "gen9randombattle", "format": "[Gen 9] Random Battle", "players": ["p0x222613ab", "p0y22269d34"], "log": "|init|battle\n|title|p0x222613ab vs. p0y22269d34\n|j|\u2606p0x222613ab\n|j|\u2606p0y22269d34\n|t:|1783565793\n|gametype|singles\n|player|p1|p0x222613ab|169|\n|player|p2|p0y22269d34|170|\n|gen|9\n|tier|[Gen 9] Random Battle\n|rule|Species Clause: Limit one of each Pok\u00e9mon\n|rule|HP Percentage Mod: HP is shown in percentages\n|rule|Sleep Clause Mod: Limit one foe put to sleep\n|rule|Illusion Level Mod: Illusion disguises the Pok\u00e9mon's true level\n|\n|t:|1783565793\n|teamsize|p1|6\n|teamsize|p2|6\n|start\n|switch|p1a: Dodrio|Dodrio, L85, M|100/100\n|switch|p2a: Rabsca|Rabsca, L91, M|284/284\n|turn|1\n|inactive|Battle timer is ON: inactive players will automatically lose when time's up. (requested by p0y22269d34)\n|inactive|p0x222613ab also wants the timer to be on.\n|\n|t:|1783565795\n|move|p1a: Dodrio|Swords Dance|p1a: Dodrio\n|-boost|p1a: Dodrio|atk|2\n|move|p2a: Rabsca|Psychic|p1a: Dodrio\n|-damage|p1a: Dodrio|31/100\n|\n|upkeep\n|turn|2\n|inactive|Time left: 300 sec this turn | 300 sec total\n|\n|t:|1783565796\n|-terastallize|p2a: Rabsca|Steel\n|move|p1a: Dodrio|Knock Off|p2a: Rabsca\n|-damage|p2a: Rabsca|123/284\n|-enditem|p2a: Rabsca|Heavy-Duty Boots|[from] move: Knock Off|[of] p1a: Dodrio\n|move|p2a: Rabsca|Psychic|p1a: Dodrio\n|-damage|p1a: Dodrio|0 fnt\n|faint|p1a: Dodrio\n|\n|upkeep\n|\n|t:|1783565797\n|switch|p1a: Spectrier|Spectrier, L75|100/100\n|turn|3\n|inactive|Time left: 300 sec this turn | 300 sec total\n|\n|t:|1783565798\n|move|p1a: Spectrier|Nasty Plot|p1a: Spectrier\n|-boost|p1a: Spectrier|spa|2\n|move|p2a: Rabsca|Psychic|p1a: Spectrier\n|-damage|p1a: Spectrier|40/100\n|\n|-heal|p1a: Spectrier|46/100|[from] item: Leftovers\n|upkeep\n|turn|4\n|inactive|Time left: 300 sec this turn | 300 sec total\n|\n|t:|1783565799\n|switch|p2a: Porygon-Z|Porygon-Z, L83|277/277\n|-ability|p2a: Porygon-Z|Download|boost\n|-boost|p2a: Porygon-Z|atk|1\n|move|p1a: Spectrier|Shadow Ball|p2a: Porygon-Z\n|-immune|p2a: Porygon-Z\n|\n|-heal|p1a: Spectrier|53/100|[from] item: Leftovers\n|upkeep\n|turn|5\n|inactive|Time left: 300 sec this turn | 300 sec total\n|\n|t:|1783565800\n|-terastallize|p1a: Spectrier|Fighting\n|move|p2a: Porygon-Z|Shadow Ball|p1a: Spectrier\n|-damage|p1a: Spectrier|21/100\n|move|p1a: Spectrier|Tera Blast|p2a: Porygon-Z|[anim] Tera Blast Fighting\n|-supereffective|p2a: Porygon-Z\n|-crit|p2a: Porygon-Z\n|-damage|p2a: Porygon-Z|0 fnt\n|faint|p2a: Porygon-Z\n|-ability|p1a: Spectrier|Grim Neigh|boost\n|-boost|p1a: Spectrier|spa|1\n|\n|-heal|p1a: Spectrier|28/100|[from] item: Leftovers\n|upkeep\n|inactive|Time left: 300 sec this turn | 300 sec total | 5 sec grace\n|\n|t:|1783565801\n|switch|p2a: Raichu|Raichu, L88, F|249/249\n|turn|6\n|inactive|Time left: 300 sec this turn | 300 sec total\n|\n|t:|1783565802\n|switch|p1a: Snorlax|Snorlax, L82, F|100/100\n|move|p2a: Raichu|Thunderbolt|p1a: Snorlax\n|-damage|p1a: Snorlax|73/100\n|-damage|p2a: Raichu|225/249|[from] item: Life Orb\n|\n|-heal|p1a: Snorlax|79/100|[from] item: Leftovers\n|upkeep\n|turn|7\n|inactive|Time left: 300 sec this turn | 300 sec total\n|\n|t:|1783565804\n|switch|p2a: Zangoose|Zangoose, L85, M|263/263\n|move|p1a: Snorlax|Earthquake|p2a: Zangoose\n|-damage|p2a: Zangoose|171/263\n|\n|-heal|p1a: Snorlax|85/100|[from] item: Leftovers\n|-status|p2a: Zangoose|tox|[from] item: Toxic Orb\n|upkeep\n|turn|8\n|inactive|Time left: 300 sec this turn | 300 sec total\n|\n|t:|1783565805\n|switch|p1a: Klawf|Klawf, L90, F|100/100\n|move|p2a: Zangoose|Facade|p1a: Klawf\n|-resisted|p1a: Klawf\n|-damage|p1a: Klawf|62/100\n|\n|-damage|p2a: Zangoose|155/263 tox|[from] psn\n|upkeep\n|turn|9\n|inactive|Time left: 300 sec this turn | 300 sec total\n|\n|t:|1783565806\n|move|p2a: Zangoose|Close Combat|p1a: Klawf\n|-supereffective|p1a: Klawf\n|-damage|p1a: Klawf|0 fnt\n|-unboost|p2a: Zangoose|def|1\n|-unboost|p2a: Zangoose|spd|1\n|faint|p1a: Klawf\n|\n|-damage|p2a: Zangoose|123/263 tox|[from] psn\n|upkeep\n|\n|t:|1783565807\n|switch|p1a: Spectrier|Spectrier, L75, tera:Fighting|28/100\n|turn|10\n|inactive|Time left: 300 sec this turn | 300 sec total\n|\n|t:|1783565808\n|switch|p2a: Reshiram|Reshiram, L76|277/277\n|-ability|p2a: Reshiram|Turboblaze\n|move|p1a: Spectrier|Tera Blast|p2a: Reshiram|[anim] Tera Blast Fighting\n|-damage|p2a: Reshiram|193/277\n|\n|-heal|p1a: Spectrier|34/100|[from] item: Leftovers\n|upkeep\n|turn|11\n|inactive|Time left: 300 sec this turn | 300 sec total\n|\n|t:|1783565809\n|move|p1a: Spectrier|Tera Blast|p2a: Reshiram|[anim] Tera Blast Fighting\n|-damage|p2a: Reshiram|105/277\n|move|p2a: Reshiram|Blue Flare|p1a: Spectrier|[miss]\n|-miss|p2a: Reshiram|p1a: Spectrier\n|\n|-heal|p1a: Spectrier|40/100|[from] item: Leftovers\n|upkeep\n|turn|12\n|inactive|Time left: 300 sec this turn | 300 sec total\n|\n|t:|1783565810\n|move|p1a: Spectrier|Shadow Ball|p2a: Reshiram\n|-damage|p2a: Reshiram|23/277\n|move|p2a: Reshiram|Blue Flare|p1a: Spectrier\n|-damage|p1a: Spectrier|0 fnt\n|faint|p1a: Spectrier\n|\n|upkeep\n|\n|t:|1783565811\n|switch|p1a: Jirachi|Jirachi, L80|100/100\n|turn|13\n|inactive|Time left: 300 sec this turn | 300 sec total\n|\n|t:|1783565812\n|switch|p2a: Scizor|Scizor, L79, M|240/240\n|move|p1a: Jirachi|Body Slam|p2a: Scizor\n|-resisted|p2a: Scizor\n|-damage|p2a: Scizor|211/240\n|-status|p2a: Scizor|par\n|\n|upkeep\n|turn|14\n|inactive|Time left: 300 sec this turn | 300 sec total\n|\n|t:|1783565813\n|move|p1a: Jirachi|Iron Head|p2a: Scizor\n|-resisted|p2a: Scizor\n|-damage|p2a: Scizor|172/240 par\n|cant|p2a: Scizor|flinch\n|\n|upkeep\n|turn|15\n|inactive|Time left: 300 sec this turn | 300 sec total\n|\n|t:|1783565814\n|move|p1a: Jirachi|Iron Head|p2a: Scizor\n|-resisted|p2a: Scizor\n|-damage|p2a: Scizor|133/240 par\n|cant|p2a: Scizor|flinch\n|\n|upkeep\n|turn|16\n|inactive|Time left: 300 sec this turn | 300 sec total\n|\n|t:|1783565815\n|move|p1a: Jirachi|Iron Head|p2a: Scizor\n|-resisted|p2a: Scizor\n|-damage|p2a: Scizor|97/240 par\n|cant|p2a: Scizor|par\n|\n|upkeep\n|turn|17\n|inactive|Time left: 300 sec this turn | 300 sec total\n|\n|t:|1783565816\n|switch|p1a: Snorlax|Snorlax, L82, F|85/100\n|move|p2a: Scizor|Knock Off|p1a: Snorlax\n|-damage|p1a: Snorlax|52/100\n|-enditem|p1a: Snorlax|Leftovers|[from] move: Knock Off|[of] p2a: Scizor\n|-damage|p2a: Scizor|73/240 par|[from] item: Life Orb\n|\n|upkeep\n|turn|18\n|inactive|Time left: 300 sec this turn | 300 sec total\n|\n|t:|1783565817\n|move|p1a: Snorlax|Earthquake|p2a: Scizor\n|-damage|p2a: Scizor|1/240 par\n|move|p2a: Scizor|Close Combat|p1a: Snorlax\n|-supereffective|p1a: Snorlax\n|-damage|p1a: Snorlax|0 fnt\n|-unboost|p2a: Scizor|def|1\n|-unboost|p2a: Scizor|spd|1\n|faint|p1a: Snorlax\n|-damage|p2a: Scizor|0 fnt|[from] item: Life Orb\n|faint|p2a: Scizor\n|\n|upkeep\n|inactive|Time left: 300 sec this turn | 300 sec total | 5 sec grace\n|\n|t:|1783565818\n|switch|p2a: Rabsca|Rabsca, L91, M, tera:Steel|123/284\n|switch|p1a: Jirachi|Jirachi, L80|100/100\n|turn|19\n|inactive|Time left: 300 sec this turn | 300 sec total\n|\n|t:|1783565819\n|move|p1a: Jirachi|Iron Head|p2a: Rabsca\n|-resisted|p2a: Rabsca\n|-damage|p2a: Rabsca|85/284\n|cant|p2a: Rabsca|flinch\n|\n|upkeep\n|turn|20\n|inactive|Time left: 300 sec this turn | 300 sec total\n|\n|t:|1783565820\n|move|p1a: Jirachi|Iron Head|p2a: Rabsca\n|-resisted|p2a: Rabsca\n|-damage|p2a: Rabsca|47/284\n|move|p2a: Rabsca|Recover|p2a: Rabsca\n|-heal|p2a: Rabsca|189/284\n|\n|upkeep\n|turn|21\n|inactive|Time left: 300 sec this turn | 300 sec total\n|\n|t:|1783565821\n|move|p1a: Jirachi|Iron Head|p2a: Rabsca\n|-resisted|p2a: Rabsca\n|-damage|p2a: Rabsca|151/284\n|move|p2a: Rabsca|Recover|p2a: Rabsca\n|-heal|p2a: Rabsca|284/284\n|\n|upkeep\n|turn|22\n|inactive|Time left: 300 sec this turn | 300 sec total\n|\n|t:|1783565822\n|move|p1a: Jirachi|Body Slam|p2a: Rabsca\n|-resisted|p2a: Rabsca\n|-damage|p2a: Rabsca|256/284\n|move|p2a: Rabsca|Bug Buzz|p1a: Jirachi\n|-crit|p1a: Jirachi\n|-damage|p1a: Jirachi|33/100\n|\n|-heal|p1a: Jirachi|40/100|[from] item: Leftovers\n|upkeep\n|turn|23\n|inactive|Time left: 300 sec this turn | 300 sec total\n|\n|t:|1783565824\n|move|p1a: Jirachi|Protect|p1a: Jirachi\n|-singleturn|p1a: Jirachi|Protect\n|move|p2a: Rabsca|Bug Buzz|p1a: Jirachi\n|-activate|p1a: Jirachi|move: Protect\n|\n|-heal|p1a: Jirachi|46/100|[from] item: Leftovers\n|upkeep\n|turn|24\n|inactive|Time left: 300 sec this turn | 300 sec total\n|\n|t:|1783565825\n|move|p1a: Jirachi|Wish|p1a: Jirachi\n|move|p2a: Rabsca|Bug Buzz|p1a: Jirachi\n|-damage|p1a: Jirachi|4/100\n|\n|-heal|p1a: Jirachi|10/100|[from] item: Leftovers\n|upkeep\n|turn|25\n|inactive|Time left: 300 sec this turn | 300 sec total\n|\n|t:|1783565826\n|move|p1a: Jirachi|Protect|p1a: Jirachi\n|-singleturn|p1a: Jirachi|Protect\n|move|p2a: Rabsca|Psychic|p1a: Jirachi\n|-activate|p1a: Jirachi|move: Protect\n|\n|-heal|p1a: Jirachi|60/100|[from] move: Wish|[wisher] Jirachi\n|-heal|p1a: Jirachi|66/100|[from] item: Leftovers\n|upkeep\n|turn|26\n|inactive|Time left: 300 sec this turn | 300 sec total\n|\n|t:|1783565827\n|move|p1a: Jirachi|Wish|p1a: Jirachi\n|move|p2a: Rabsca|Bug Buzz|p1a: Jirachi\n|-damage|p1a: Jirachi|24/100\n|\n|-heal|p1a: Jirachi|30/100|[from] item: Leftovers\n|upkeep\n|turn|27\n|inactive|Time left: 300 sec this turn | 300 sec total\n|\n|t:|1783565828\n|move|p1a: Jirachi|Protect|p1a: Jirachi\n|-singleturn|p1a: Jirachi|Protect\n|move|p2a: Rabsca|Bug Buzz|p1a: Jirachi\n|-activate|p1a: Jirachi|move: Protect\n|\n|-heal|p1a: Jirachi|80/100|[from] move: Wish|[wisher] Jirachi\n|-heal|p1a: Jirachi|86/100|[from] item: Leftovers\n|upkeep\n|turn|28\n|inactive|Time left: 300 sec this turn | 300 sec total\n|\n|t:|1783565829\n|move|p1a: Jirachi|Body Slam|p2a: Rabsca\n|-resisted|p2a: Rabsca\n|-damage|p2a: Rabsca|231/284\n|-status|p2a: Rabsca|par\n|-activate|p2a: Rabsca|ability: Synchronize\n|-status|p1a: Jirachi|par\n|move|p2a: Rabsca|Bug Buzz|p1a: Jirachi\n|-damage|p1a: Jirachi|48/100 par\n|\n|-heal|p1a: Jirachi|54/100 par|[from] item: Leftovers\n|upkeep\n|turn|29\n|inactive|Time left: 300 sec this turn | 300 sec total\n|\n|t:|1783565830\n|move|p1a: Jirachi|Wish|p1a: Jirachi\n|move|p2a: Rabsca|Bug Buzz|p1a: Jirachi\n|-damage|p1a: Jirachi|14/100 par\n|\n|-heal|p1a: Jirachi|20/100 par|[from] item: Leftovers\n|upkeep\n|turn|30\n|inactive|Time left: 300 sec this turn | 300 sec total\n|\n|t:|1783565831\n|cant|p1a: Jirachi|par\n|move|p2a: Rabsca|Bug Buzz|p1a: Jirachi\n|-damage|p1a: Jirachi|0 fnt\n|faint|p1a: Jirachi\n|\n|upkeep\n|\n|t:|1783565832\n|switch|p1a: Phione|Phione, L91|100/100\n|turn|31\n|inactive|Time left: 300 sec this turn | 300 sec total\n|\n|t:|1783565833\n|move|p1a: Phione|Scald|p2a: Rabsca\n|-damage|p2a: Rabsca|161/284 par\n|move|p2a: Rabsca|Bug Buzz|p1a: Phione\n|-damage|p1a: Phione|54/100\n|\n|-heal|p1a: Phione|60/100|[from] item: Leftovers\n|upkeep\n|turn|32\n|inactive|Time left: 300 sec this turn | 300 sec total\n|\n|t:|1783565835\n|switch|p2a: Raichu|Raichu, L88, F|225/249\n|move|p1a: Phione|Rest|p1a: Phione\n|-status|p1a: Phione|slp|[from] move: Rest\n|-heal|p1a: Phione|100/100 slp|[silent]\n|\n|upkeep\n|turn|33\n|inactive|Time left: 300 sec this turn | 300 sec total\n|\n|t:|1783565836\n|move|p2a: Raichu|Thunderbolt|p1a: Phione\n|-supereffective|p1a: Phione\n|-damage|p1a: Phione|14/100 slp\n|-damage|p2a: Raichu|201/249|[from] item: Life Orb\n|cant|p1a: Phione|slp\n|move|p1a: Phione|Sleep Talk|p1a: Phione\n|move|p1a: Phione|Rest||[from] move: Sleep Talk|[still]\n|-fail|p1a: Phione\n|\n|-heal|p1a: Phione|21/100 slp|[from] item: Leftovers\n|upkeep\n|turn|34\n|inactive|Time left: 300 sec this turn | 300 sec total\n|\n|t:|1783565837\n|move|p2a: Raichu|Tera Blast|p1a: Phione\n|-damage|p1a: Phione|0 fnt\n|faint|p1a: Phione\n|-damage|p2a: Raichu|177/249|[from] item: Life Orb\n|\n|win|p0y22269d34", "uploadtime": 1783565837, "views": 0, "rating": 0, "private": 0, "password": null, "_winner": "p0y22269d34", "_our_name": "p0y22269d34"}