{"id": "battle-gen9randombattle-1896", "formatid": "gen9randombattle", "format": "[Gen 9] Random Battle", "players": ["p0x1896966b", "p0y1896cfa2"], "log": "|init|battle\n|title|p0x1896966b vs. p0y1896cfa2\n|j|\u2606p0x1896966b\n|j|\u2606p0y1896cfa2\n|t:|1783561942\n|gametype|singles\n|player|p1|p0x1896966b|1|\n|player|p2|p0y1896cfa2|266|\n|gen|9\n|tier|[Gen 9] Random Battle\n|rule|Species Clause: Limit one of each Pok\u00e9mon\n|rule|HP Percentage Mod: HP is shown in percentages\n|rule|Sleep Clause Mod: Limit one foe put to sleep\n|rule|Illusion Level Mod: Illusion disguises the Pok\u00e9mon's true level\n|\n|t:|1783561942\n|teamsize|p1|6\n|teamsize|p2|6\n|start\n|switch|p1a: Virizion|Virizion, L82|283/283\n|switch|p2a: Mew|Mew, L82|100/100\n|turn|1\n|inactive|Battle timer is ON: inactive players will automatically lose when time's up. (requested by p0y1896cfa2)\n|inactive|Time left: 300 sec this turn | 300 sec total | 60 sec grace\n|inactive|p0x1896966b also wants the timer to be on.\n|\n|t:|1783561944\n|move|p1a: Virizion|Swords Dance|p1a: Virizion\n|-boost|p1a: Virizion|atk|2\n|move|p2a: Mew|Psychic Fangs|p1a: Virizion\n|-supereffective|p1a: Virizion\n|-damage|p1a: Virizion|33/283\n|-damage|p2a: Mew|91/100|[from] item: Life Orb\n|\n|upkeep\n|turn|2\n|inactive|Time left: 300 sec this turn | 300 sec total\n|\n|t:|1783561945\n|move|p1a: Virizion|Leaf Blade|p2a: Mew\n|-damage|p2a: Mew|25/100\n|-damage|p1a: Virizion|5/283|[from] item: Life Orb\n|move|p2a: Mew|Knock Off|p1a: Virizion\n|-resisted|p1a: Virizion\n|-damage|p1a: Virizion|0 fnt\n|-enditem|p1a: Virizion|Life Orb|[from] move: Knock Off|[of] p2a: Mew\n|faint|p1a: Virizion\n|-damage|p2a: Mew|15/100|[from] item: Life Orb\n|\n|upkeep\n|inactive|Time left: 300 sec this turn | 300 sec total | 5 sec grace\n|\n|t:|1783561947\n|switch|p1a: Krookodile|Krookodile, L79, M|280/280\n|-ability|p1a: Krookodile|Intimidate|boost\n|-unboost|p2a: Mew|atk|1\n|turn|3\n|inactive|Time left: 300 sec this turn | 300 sec total\n|\n|t:|1783561948\n|move|p2a: Mew|Close Combat|p1a: Krookodile\n|-supereffective|p1a: Krookodile\n|-damage|p1a: Krookodile|121/280\n|-unboost|p2a: Mew|def|1\n|-unboost|p2a: Mew|spd|1\n|-damage|p2a: Mew|6/100|[from] item: Life Orb\n|move|p1a: Krookodile|Bulk Up|p1a: Krookodile\n|-boost|p1a: Krookodile|atk|1\n|-boost|p1a: Krookodile|def|1\n|\n|-heal|p1a: Krookodile|138/280|[from] item: Leftovers\n|upkeep\n|turn|4\n|inactive|Time left: 300 sec this turn | 300 sec total\n|\n|t:|1783561950\n|move|p2a: Mew|Close Combat|p1a: Krookodile\n|-supereffective|p1a: Krookodile\n|-damage|p1a: Krookodile|18/280\n|-unboost|p2a: Mew|def|1\n|-unboost|p2a: Mew|spd|1\n|-damage|p2a: Mew|0 fnt|[from] item: Life Orb\n|faint|p2a: Mew\n|move|p1a: Krookodile|Knock Off|p2: Mew|[notarget]\n|-fail|p1a: Krookodile\n|\n|-heal|p1a: Krookodile|35/280|[from] item: Leftovers\n|upkeep\n|\n|t:|1783561951\n|switch|p2a: Infernape|Infernape, L82, M|100/100\n|turn|5\n|inactive|Time left: 300 sec this turn | 300 sec total\n|\n|t:|1783561952\n|move|p2a: Infernape|Flare Blitz|p1a: Krookodile\n|-damage|p1a: Krookodile|0 fnt\n|faint|p1a: Krookodile\n|-damage|p2a: Infernape|96/100|[from] Recoil\n|\n|upkeep\n|inactive|Time left: 300 sec this turn | 300 sec total | 5 sec grace\n|\n|t:|1783561953\n|switch|p1a: Milotic|Milotic, L83, F|293/293\n|turn|6\n|inactive|Time left: 300 sec this turn | 300 sec total\n|\n|t:|1783561954\n|move|p2a: Infernape|Flare Blitz|p1a: Milotic\n|-resisted|p1a: Milotic\n|-damage|p1a: Milotic|188/293\n|-damage|p2a: Infernape|82/100|[from] Recoil\n|move|p1a: Milotic|Scald|p2a: Infernape\n|-supereffective|p2a: Infernape\n|-damage|p2a: Infernape|4/100\n|\n|-heal|p1a: Milotic|206/293|[from] item: Leftovers\n|upkeep\n|turn|7\n|inactive|Time left: 300 sec this turn | 300 sec total\n|\n|t:|1783561956\n|move|p2a: Infernape|Flare Blitz|p1a: Milotic\n|-resisted|p1a: Milotic\n|-damage|p1a: Milotic|47/293\n|-damage|p2a: Infernape|0 fnt|[from] Recoil\n|faint|p2a: Infernape\n|move|p1a: Milotic|Recover|p1a: Milotic\n|-heal|p1a: Milotic|194/293\n|\n|-heal|p1a: Milotic|212/293|[from] item: Leftovers\n|upkeep\n|\n|t:|1783561957\n|switch|p2a: Dachsbun|Dachsbun, L92, F|100/100\n|turn|8\n|inactive|Time left: 300 sec this turn | 300 sec total\n|\n|t:|1783561958\n|move|p2a: Dachsbun|Play Rough|p1a: Milotic\n|-damage|p1a: Milotic|107/293\n|-unboost|p1a: Milotic|atk|1\n|-ability|p1a: Milotic|Competitive|boost\n|-boost|p1a: Milotic|spa|2\n|move|p1a: Milotic|Recover|p1a: Milotic\n|-heal|p1a: Milotic|254/293\n|\n|-heal|p1a: Milotic|272/293|[from] item: Leftovers\n|upkeep\n|turn|9\n|inactive|Time left: 300 sec this turn | 300 sec total\n|\n|t:|1783561959\n|move|p2a: Dachsbun|Protect|p2a: Dachsbun\n|-singleturn|p2a: Dachsbun|Protect\n|move|p1a: Milotic|Scald|p2a: Dachsbun\n|-activate|p2a: Dachsbun|move: Protect\n|\n|-heal|p1a: Milotic|290/293|[from] item: Leftovers\n|upkeep\n|turn|10\n|inactive|Time left: 300 sec this turn | 300 sec total\n|\n|t:|1783561960\n|move|p2a: Dachsbun|Protect||[still]\n|-fail|p2a: Dachsbun\n|move|p1a: Milotic|Scald|p2a: Dachsbun\n|-damage|p2a: Dachsbun|38/100\n|-status|p2a: Dachsbun|brn\n|\n|-heal|p2a: Dachsbun|43/100 brn|[from] item: Leftovers\n|-heal|p1a: Milotic|293/293|[from] item: Leftovers\n|-damage|p2a: Dachsbun|38/100 brn|[from] brn\n|upkeep\n|turn|11\n|inactive|Time left: 300 sec this turn | 300 sec total\n|\n|t:|1783561961\n|move|p2a: Dachsbun|Wish|p2a: Dachsbun\n|move|p1a: Milotic|Ice Beam|p2a: Dachsbun\n|-damage|p2a: Dachsbun|0 fnt\n|faint|p2a: Dachsbun\n|\n|upkeep\n|\n|t:|1783561962\n|switch|p2a: Magearna|Magearna, L77|100/100\n|turn|12\n|inactive|Time left: 300 sec this turn | 300 sec total\n|\n|t:|1783561962\n|move|p1a: Milotic|Scald|p2a: Magearna\n|-damage|p2a: Magearna|42/100\n|move|p2a: Magearna|Spikes|p1a: Milotic\n|-sidestart|p1: p0x1896966b|Spikes\n|\n|-heal|p2a: Magearna|93/100|[from] move: Wish|[wisher] Dachsbun\n|-heal|p2a: Magearna|99/100|[from] item: Leftovers\n|upkeep\n|turn|13\n|inactive|Time left: 300 sec this turn | 300 sec total\n|\n|t:|1783561963\n|move|p1a: Milotic|Scald|p2a: Magearna\n|-damage|p2a: Magearna|44/100\n|-status|p2a: Magearna|brn\n|move|p2a: Magearna|Spikes|p1a: Milotic\n|-sidestart|p1: p0x1896966b|Spikes\n|\n|-heal|p2a: Magearna|50/100 brn|[from] item: Leftovers\n|-damage|p2a: Magearna|44/100 brn|[from] brn\n|upkeep\n|turn|14\n|inactive|Time left: 300 sec this turn | 300 sec total\n|\n|t:|1783561964\n|switch|p2a: Dialga|Dialga-Origin, L73|100/100\n|-ability|p2a: Dialga|Pressure\n|move|p1a: Milotic|Scald|p2a: Dialga\n|-resisted|p2a: Dialga\n|-damage|p2a: Dialga|73/100\n|-status|p2a: Dialga|brn\n|\n|-damage|p2a: Dialga|67/100 brn|[from] brn\n|upkeep\n|turn|15\n|inactive|Time left: 300 sec this turn | 300 sec total\n|\n|t:|1783561965\n|move|p1a: Milotic|Ice Beam|p2a: Dialga\n|-damage|p2a: Dialga|24/100 brn\n|move|p2a: Dialga|Draco Meteor|p1a: Milotic|[miss]\n|-miss|p2a: Dialga|p1a: Milotic\n|\n|-damage|p2a: Dialga|18/100 brn|[from] brn\n|upkeep\n|turn|16\n|inactive|Time left: 300 sec this turn | 300 sec total\n|\n|t:|1783561966\n|move|p1a: Milotic|Ice Beam|p2a: Dialga\n|-damage|p2a: Dialga|0 fnt\n|faint|p2a: Dialga\n|\n|upkeep\n|\n|t:|1783561967\n|switch|p2a: Noivern|Noivern, L82, F|100/100\n|turn|17\n|inactive|Time left: 300 sec this turn | 300 sec total\n|\n|t:|1783561968\n|move|p2a: Noivern|Hurricane|p1a: Milotic\n|-damage|p1a: Milotic|206/293\n|move|p1a: Milotic|Ice Beam|p2a: Noivern\n|-supereffective|p2a: Noivern\n|-damage|p2a: Noivern|0 fnt\n|faint|p2a: Noivern\n|\n|-heal|p1a: Milotic|224/293|[from] item: Leftovers\n|upkeep\n|\n|t:|1783561968\n|switch|p2a: Magearna|Magearna, L77|44/100 brn\n|turn|18\n|inactive|Time left: 300 sec this turn | 300 sec total\n|\n|t:|1783561969\n|move|p1a: Milotic|Scald|p2a: Magearna\n|-damage|p2a: Magearna|0 fnt\n|faint|p2a: Magearna\n|\n|win|p0x1896966b", "uploadtime": 1783561969, "views": 0, "rating": 0, "private": 0, "password": null, "_winner": "p0x1896966b", "_our_name": "p0x1896966b"}