{"id": "battle-gen9randombattle-2845", "formatid": "gen9randombattle", "format": "[Gen 9] Random Battle", "players": ["p0x2845dd76", "p0y2845a8ce"], "log": "|init|battle\n|title|p0x2845dd76 vs. p0y2845a8ce\n|j|\u2606p0x2845dd76\n|j|\u2606p0y2845a8ce\n|t:|1783572773\n|gametype|singles\n|player|p1|p0x2845dd76|169|\n|player|p2|p0y2845a8ce|2|\n|gen|9\n|tier|[Gen 9] Random Battle\n|rule|Species Clause: Limit one of each Pok\u00e9mon\n|rule|HP Percentage Mod: HP is shown in percentages\n|rule|Sleep Clause Mod: Limit one foe put to sleep\n|rule|Illusion Level Mod: Illusion disguises the Pok\u00e9mon's true level\n|\n|t:|1783572773\n|teamsize|p1|6\n|teamsize|p2|6\n|start\n|switch|p1a: Flutter Mane|Flutter Mane, L74|203/203\n|switch|p2a: Grafaiai|Grafaiai, L86, F|100/100\n|turn|1\n|inactive|Battle timer is ON: inactive players will automatically lose when time's up. (requested by p0x2845dd76)\n|inactive|p0y2845a8ce also wants the timer to be on.\n|\n|t:|1783572774\n|move|p1a: Flutter Mane|Moonblast|p2a: Grafaiai\n|-resisted|p2a: Grafaiai\n|-damage|p2a: Grafaiai|68/100\n|-damage|p1a: Flutter Mane|183/203|[from] item: Life Orb\n|move|p2a: Grafaiai|Gunk Shot|p1a: Flutter Mane\n|-crit|p1a: Flutter Mane\n|-damage|p1a: Flutter Mane|0 fnt\n|faint|p1a: Flutter Mane\n|-end|p1a: Flutter Mane|Protosynthesis|[silent]\n|-damage|p2a: Grafaiai|58/100|[from] item: Life Orb\n|\n|upkeep\n|inactive|Time left: 300 sec this turn | 300 sec total | 65 sec grace\n|\n|t:|1783572775\n|switch|p1a: Avalugg|Avalugg, L88, M|310/310\n|turn|2\n|inactive|Time left: 300 sec this turn | 300 sec total\n|\n|t:|1783572776\n|move|p2a: Grafaiai|Swords Dance|p2a: Grafaiai\n|-boost|p2a: Grafaiai|atk|2\n|move|p1a: Avalugg|Body Press|p2a: Grafaiai\n|-damage|p2a: Grafaiai|9/100\n|\n|upkeep\n|turn|3\n|inactive|Time left: 300 sec this turn | 300 sec total\n|\n|t:|1783572777\n|move|p2a: Grafaiai|Low Kick|p1a: Avalugg\n|-supereffective|p1a: Avalugg\n|-damage|p1a: Avalugg|89/310\n|-status|p1a: Avalugg|psn|[from] ability: Poison Touch|[of] p2a: Grafaiai\n|-damage|p2a: Grafaiai|0 fnt|[from] item: Life Orb\n|faint|p2a: Grafaiai\n|move|p1a: Avalugg|Recover|p1a: Avalugg\n|-heal|p1a: Avalugg|244/310 psn\n|\n|-damage|p1a: Avalugg|206/310 psn|[from] psn\n|upkeep\n|\n|t:|1783572778\n|switch|p2a: Indeedee|Indeedee, L84, M|100/100\n|-fieldstart|move: Psychic Terrain|[from] ability: Psychic Surge|[of] p2a: Indeedee\n|turn|4\n|inactive|Time left: 300 sec this turn | 300 sec total\n|\n|t:|1783572779\n|switch|p1a: Morpeko|Morpeko, L88, M|245/245\n|move|p2a: Indeedee|Expanding Force|p1a: Morpeko\n|-immune|p1a: Morpeko\n|\n|-formechange|p1a: Morpeko|Morpeko-Hangry||[from] ability: Hunger Switch\n|upkeep\n|turn|5\n|inactive|Time left: 300 sec this turn | 300 sec total\n|\n|t:|1783572781\n|switch|p2a: Urshifu|Urshifu, L74, F|100/100\n|move|p1a: Morpeko|Aura Wheel|p2a: Urshifu\n|-resisted|p2a: Urshifu\n|-damage|p2a: Urshifu|89/100\n|-boost|p1a: Morpeko|spe|1\n|\n|-formechange|p1a: Morpeko|Morpeko||[from] ability: Hunger Switch\n|upkeep\n|turn|6\n|inactive|Time left: 300 sec this turn | 300 sec total\n|\n|t:|1783572782\n|-terastallize|p1a: Morpeko|Electric\n|move|p1a: Morpeko|Aura Wheel|p2a: Urshifu\n|-damage|p2a: Urshifu|21/100\n|-boost|p1a: Morpeko|spe|1\n|move|p2a: Urshifu|Close Combat|p1a: Morpeko\n|-damage|p1a: Morpeko|27/245\n|-unboost|p2a: Urshifu|def|1\n|-unboost|p2a: Urshifu|spd|1\n|-damage|p2a: Urshifu|11/100|[from] item: Life Orb\n|\n|-heal|p1a: Morpeko|42/245|[from] item: Leftovers\n|upkeep\n|turn|7\n|inactive|Time left: 300 sec this turn | 300 sec total\n|\n|t:|1783572783\n|switch|p2a: Glastrier|Glastrier, L86|100/100\n|move|p1a: Morpeko|Knock Off|p2a: Glastrier\n|-damage|p2a: Glastrier|76/100\n|-enditem|p2a: Glastrier|Heavy-Duty Boots|[from] move: Knock Off|[of] p1a: Morpeko\n|\n|-heal|p1a: Morpeko|57/245|[from] item: Leftovers\n|upkeep\n|turn|8\n|inactive|Time left: 300 sec this turn | 300 sec total\n|\n|t:|1783572784\n|move|p1a: Morpeko|Aura Wheel|p2a: Glastrier\n|-damage|p2a: Glastrier|36/100\n|-boost|p1a: Morpeko|spe|1\n|move|p2a: Glastrier|Icicle Crash|p1a: Morpeko\n|-damage|p1a: Morpeko|0 fnt\n|faint|p1a: Morpeko\n|-ability|p2a: Glastrier|Chilling Neigh|boost\n|-boost|p2a: Glastrier|atk|1\n|\n|-fieldend|move: Psychic Terrain\n|upkeep\n|inactive|Time left: 300 sec this turn | 300 sec total | 5 sec grace\n|\n|t:|1783572785\n|switch|p1a: Umbreon|Umbreon, L84, F|297/297\n|turn|9\n|inactive|Time left: 300 sec this turn | 300 sec total\n|\n|t:|1783572786\n|switch|p2a: Jolteon|Jolteon, L84, F|100/100\n|move|p1a: Umbreon|Foul Play|p2a: Jolteon\n|-damage|p2a: Jolteon|74/100\n|\n|-heal|p2a: Jolteon|80/100|[from] item: Leftovers\n|upkeep\n|turn|10\n|inactive|Time left: 300 sec this turn | 300 sec total\n|\n|t:|1783572787\n|move|p2a: Jolteon|Calm Mind|p2a: Jolteon\n|-boost|p2a: Jolteon|spa|1\n|-boost|p2a: Jolteon|spd|1\n|move|p1a: Umbreon|Foul Play|p2a: Jolteon\n|-damage|p2a: Jolteon|49/100\n|\n|-heal|p2a: Jolteon|55/100|[from] item: Leftovers\n|upkeep\n|turn|11\n|inactive|Time left: 300 sec this turn | 300 sec total\n|\n|t:|1783572788\n|move|p2a: Jolteon|Thunderbolt|p1a: Umbreon\n|-damage|p1a: Umbreon|191/297\n|-status|p1a: Umbreon|par\n|-activate|p1a: Umbreon|ability: Synchronize\n|-immune|p2a: Jolteon\n|move|p1a: Umbreon|Foul Play|p2a: Jolteon\n|-damage|p2a: Jolteon|23/100\n|\n|-heal|p2a: Jolteon|29/100|[from] item: Leftovers\n|-heal|p1a: Umbreon|209/297 par|[from] item: Leftovers\n|upkeep\n|turn|12\n|inactive|Time left: 300 sec this turn | 300 sec total\n|\n|t:|1783572789\n|move|p2a: Jolteon|Thunderbolt|p1a: Umbreon\n|-damage|p1a: Umbreon|101/297 par\n|cant|p1a: Umbreon|par\n|\n|-heal|p2a: Jolteon|35/100|[from] item: Leftovers\n|-heal|p1a: Umbreon|119/297 par|[from] item: Leftovers\n|upkeep\n|turn|13\n|inactive|Time left: 300 sec this turn | 300 sec total\n|\n|t:|1783572790\n|move|p2a: Jolteon|Thunderbolt|p1a: Umbreon\n|-damage|p1a: Umbreon|10/297 par\n|cant|p1a: Umbreon|par\n|\n|-heal|p2a: Jolteon|42/100|[from] item: Leftovers\n|-heal|p1a: Umbreon|28/297 par|[from] item: Leftovers\n|upkeep\n|turn|14\n|inactive|Time left: 300 sec this turn | 300 sec total\n|\n|t:|1783572791\n|switch|p1a: Camerupt|Camerupt, L91, M|275/275\n|move|p2a: Jolteon|Thunderbolt|p1a: Camerupt\n|-immune|p1a: Camerupt\n|\n|-heal|p2a: Jolteon|48/100|[from] item: Leftovers\n|upkeep\n|turn|15\n|inactive|Time left: 300 sec this turn | 300 sec total\n|\n|t:|1783572792\n|move|p2a: Jolteon|Substitute|p2a: Jolteon\n|-start|p2a: Jolteon|Substitute\n|-damage|p2a: Jolteon|23/100\n|move|p1a: Camerupt|Earthquake|p2a: Jolteon\n|-supereffective|p2a: Jolteon\n|-end|p2a: Jolteon|Substitute\n|\n|-heal|p2a: Jolteon|29/100|[from] item: Leftovers\n|upkeep\n|turn|16\n|inactive|Time left: 300 sec this turn | 300 sec total\n|\n|t:|1783572793\n|move|p2a: Jolteon|Tera Blast|p1a: Camerupt\n|-damage|p1a: Camerupt|181/275\n|move|p1a: Camerupt|Earthquake|p2a: Jolteon\n|-supereffective|p2a: Jolteon\n|-damage|p2a: Jolteon|0 fnt\n|faint|p2a: Jolteon\n|\n|-heal|p1a: Camerupt|198/275|[from] item: Leftovers\n|upkeep\n|\n|t:|1783572794\n|switch|p2a: Urshifu|Urshifu, L74, F|11/100\n|turn|17\n|inactive|Time left: 300 sec this turn | 300 sec total\n|\n|t:|1783572795\n|move|p2a: Urshifu|Close Combat|p1a: Camerupt\n|-damage|p1a: Camerupt|23/275\n|-unboost|p2a: Urshifu|def|1\n|-unboost|p2a: Urshifu|spd|1\n|-damage|p2a: Urshifu|1/100|[from] item: Life Orb\n|move|p1a: Camerupt|Stealth Rock|p2a: Urshifu\n|-sidestart|p2: p0y2845a8ce|move: Stealth Rock\n|\n|-heal|p1a: Camerupt|40/275|[from] item: Leftovers\n|upkeep\n|turn|18\n|inactive|Time left: 300 sec this turn | 300 sec total\n|\n|t:|1783572796\n|move|p2a: Urshifu|Close Combat|p1a: Camerupt\n|-damage|p1a: Camerupt|0 fnt\n|-unboost|p2a: Urshifu|def|1\n|-unboost|p2a: Urshifu|spd|1\n|faint|p1a: Camerupt\n|-damage|p2a: Urshifu|0 fnt|[from] item: Life Orb\n|faint|p2a: Urshifu\n|\n|upkeep\n|inactive|Time left: 300 sec this turn | 300 sec total | 5 sec grace\n|\n|t:|1783572797\n|switch|p2a: Skuntank|Skuntank, L84, F|100/100\n|switch|p1a: Mismagius|Mismagius, L86, M|243/243\n|-damage|p2a: Skuntank|88/100|[from] Stealth Rock\n|turn|19\n|inactive|Time left: 300 sec this turn | 300 sec total\n|\n|t:|1783572797\n|switch|p1a: Umbreon|Umbreon, L84, F|28/297 par\n|move|p2a: Skuntank|Knock Off|p1a: Umbreon\n|-resisted|p1a: Umbreon\n|-damage|p1a: Umbreon|0 fnt\n|-enditem|p1a: Umbreon|Leftovers|[from] move: Knock Off|[of] p2a: Skuntank\n|faint|p1a: Umbreon\n|-damage|p2a: Skuntank|78/100|[from] item: Life Orb\n|\n|upkeep\n|inactive|Time left: 300 sec this turn | 300 sec total | 5 sec grace\n|\n|t:|1783572798\n|switch|p1a: Avalugg|Avalugg, L88, M|206/310 psn\n|turn|20\n|inactive|Time left: 300 sec this turn | 300 sec total\n|\n|t:|1783572799\n|move|p2a: Skuntank|Fire Blast|p1a: Avalugg\n|-supereffective|p1a: Avalugg\n|-damage|p1a: Avalugg|0 fnt\n|faint|p1a: Avalugg\n|-damage|p2a: Skuntank|68/100|[from] item: Life Orb\n|\n|upkeep\n|inactive|Time left: 300 sec this turn | 300 sec total | 5 sec grace\n|\n|t:|1783572800\n|switch|p1a: Mismagius|Mismagius, L86, M|243/243\n|turn|21\n|inactive|Time left: 300 sec this turn | 300 sec total\n|\n|t:|1783572800\n|move|p1a: Mismagius|Energy Ball|p2a: Skuntank\n|-resisted|p2a: Skuntank\n|-damage|p2a: Skuntank|47/100\n|move|p2a: Skuntank|Knock Off|p1a: Mismagius\n|-supereffective|p1a: Mismagius\n|-damage|p1a: Mismagius|0 fnt\n|-enditem|p1a: Mismagius|Choice Specs|[from] move: Knock Off|[of] p2a: Skuntank\n|faint|p1a: Mismagius\n|-damage|p2a: Skuntank|37/100|[from] item: Life Orb\n|\n|win|p0y2845a8ce", "uploadtime": 1783572800, "views": 0, "rating": 0, "private": 0, "password": null, "_winner": "p0y2845a8ce", "_our_name": "p0x2845dd76"}