{"id": "battle-gen9randombattle-2156", "formatid": "gen9randombattle", "format": "[Gen 9] Random Battle", "players": ["p0x215696c2", "p0y2156e1d6"], "log": "|init|battle\n|title|p0x215696c2 vs. p0y2156e1d6\n|j|\u2606p0x215696c2\n|j|\u2606p0y2156e1d6\n|t:|1783564958\n|gametype|singles\n|player|p1|p0x215696c2|1|\n|player|p2|p0y2156e1d6|170|\n|gen|9\n|tier|[Gen 9] Random Battle\n|rule|Species Clause: Limit one of each Pok\u00e9mon\n|rule|HP Percentage Mod: HP is shown in percentages\n|rule|Sleep Clause Mod: Limit one foe put to sleep\n|rule|Illusion Level Mod: Illusion disguises the Pok\u00e9mon's true level\n|\n|t:|1783564958\n|teamsize|p1|6\n|teamsize|p2|6\n|start\n|switch|p1a: Jirachi|Jirachi, L80|291/291\n|switch|p2a: Wo-Chien|Wo-Chien, L83|100/100\n|-ability|p2a: Wo-Chien|Tablets of Ruin\n|turn|1\n|inactive|Battle timer is ON: inactive players will automatically lose when time's up. (requested by p0y2156e1d6)\n|inactive|Time left: 300 sec this turn | 300 sec total | 60 sec grace\n|inactive|p0x215696c2 also wants the timer to be on.\n|\n|t:|1783564959\n|move|p1a: Jirachi|Stealth Rock|p2a: Wo-Chien\n|-sidestart|p2: p0y2156e1d6|move: Stealth Rock\n|move|p2a: Wo-Chien|Knock Off|p1a: Jirachi\n|-supereffective|p1a: Jirachi\n|-damage|p1a: Jirachi|111/291\n|-enditem|p1a: Jirachi|Leftovers|[from] move: Knock Off|[of] p2a: Wo-Chien\n|\n|upkeep\n|turn|2\n|inactive|Time left: 300 sec this turn | 300 sec total\n|\n|t:|1783564960\n|move|p1a: Jirachi|Iron Head|p2a: Wo-Chien\n|-damage|p2a: Wo-Chien|81/100\n|move|p2a: Wo-Chien|Ruination|p1a: Jirachi\n|-damage|p1a: Jirachi|56/291\n|\n|-heal|p2a: Wo-Chien|87/100|[from] item: Leftovers\n|upkeep\n|turn|3\n|inactive|Time left: 300 sec this turn | 300 sec total\n|\n|t:|1783564960\n|move|p1a: Jirachi|Body Slam|p2a: Wo-Chien\n|-damage|p2a: Wo-Chien|73/100\n|move|p2a: Wo-Chien|Knock Off|p1a: Jirachi\n|-supereffective|p1a: Jirachi\n|-damage|p1a: Jirachi|0 fnt\n|faint|p1a: Jirachi\n|\n|-heal|p2a: Wo-Chien|79/100|[from] item: Leftovers\n|upkeep\n|inactive|Time left: 300 sec this turn | 300 sec total | 5 sec grace\n|\n|t:|1783564961\n|switch|p1a: Alcremie|Alcremie-Caramel-Swirl, L90, F|263/263\n|turn|4\n|inactive|Time left: 300 sec this turn | 300 sec total\n|\n|t:|1783564962\n|move|p1a: Alcremie|Calm Mind|p1a: Alcremie\n|-boost|p1a: Alcremie|spa|1\n|-boost|p1a: Alcremie|spd|1\n|move|p2a: Wo-Chien|Ruination|p1a: Alcremie\n|-damage|p1a: Alcremie|132/263\n|\n|-heal|p1a: Alcremie|148/263|[from] item: Leftovers\n|-heal|p2a: Wo-Chien|85/100|[from] item: Leftovers\n|upkeep\n|turn|5\n|inactive|Time left: 300 sec this turn | 300 sec total\n|\n|t:|1783564963\n|switch|p2a: Chansey|Chansey, L85, F|100/100\n|-damage|p2a: Chansey|88/100|[from] Stealth Rock\n|move|p1a: Alcremie|Alluring Voice|p2a: Chansey\n|-damage|p2a: Chansey|71/100\n|\n|-heal|p1a: Alcremie|164/263|[from] item: Leftovers\n|upkeep\n|turn|6\n|inactive|Time left: 300 sec this turn | 300 sec total\n|\n|t:|1783564964\n|move|p1a: Alcremie|Calm Mind|p1a: Alcremie\n|-boost|p1a: Alcremie|spa|1\n|-boost|p1a: Alcremie|spd|1\n|move|p2a: Chansey|Thunder Wave|p1a: Alcremie\n|-status|p1a: Alcremie|par\n|\n|-heal|p1a: Alcremie|180/263 par|[from] item: Leftovers\n|upkeep\n|turn|7\n|inactive|Time left: 300 sec this turn | 300 sec total\n|\n|t:|1783564964\n|move|p2a: Chansey|Seismic Toss|p1a: Alcremie\n|-damage|p1a: Alcremie|95/263 par\n|move|p1a: Alcremie|Alluring Voice|p2a: Chansey\n|-damage|p2a: Chansey|49/100\n|\n|-heal|p1a: Alcremie|111/263 par|[from] item: Leftovers\n|upkeep\n|turn|8\n|inactive|Time left: 300 sec this turn | 300 sec total\n|\n|t:|1783564965\n|move|p2a: Chansey|Seismic Toss|p1a: Alcremie\n|-damage|p1a: Alcremie|26/263 par\n|move|p1a: Alcremie|Recover|p1a: Alcremie\n|-heal|p1a: Alcremie|158/263 par\n|\n|-heal|p1a: Alcremie|174/263 par|[from] item: Leftovers\n|upkeep\n|turn|9\n|inactive|Time left: 300 sec this turn | 300 sec total\n|\n|t:|1783564966\n|move|p2a: Chansey|Soft-Boiled|p2a: Chansey\n|-heal|p2a: Chansey|99/100\n|move|p1a: Alcremie|Recover|p1a: Alcremie\n|-heal|p1a: Alcremie|263/263 par\n|\n|upkeep\n|turn|10\n|inactive|Time left: 300 sec this turn | 300 sec total\n|\n|t:|1783564967\n|move|p2a: Chansey|Seismic Toss|p1a: Alcremie\n|-damage|p1a: Alcremie|178/263 par\n|cant|p1a: Alcremie|par\n|\n|-heal|p1a: Alcremie|194/263 par|[from] item: Leftovers\n|upkeep\n|turn|11\n|inactive|Time left: 300 sec this turn | 300 sec total\n|\n|t:|1783564969\n|move|p2a: Chansey|Seismic Toss|p1a: Alcremie\n|-damage|p1a: Alcremie|109/263 par\n|move|p1a: Alcremie|Alluring Voice|p2a: Chansey\n|-damage|p2a: Chansey|75/100\n|\n|-heal|p1a: Alcremie|125/263 par|[from] item: Leftovers\n|upkeep\n|turn|12\n|inactive|Time left: 300 sec this turn | 300 sec total\n|\n|t:|1783564970\n|move|p2a: Chansey|Seismic Toss|p1a: Alcremie\n|-damage|p1a: Alcremie|40/263 par\n|move|p1a: Alcremie|Recover|p1a: Alcremie\n|-heal|p1a: Alcremie|172/263 par\n|\n|-heal|p1a: Alcremie|188/263 par|[from] item: Leftovers\n|upkeep\n|turn|13\n|inactive|Time left: 300 sec this turn | 300 sec total\n|\n|t:|1783564971\n|move|p2a: Chansey|Seismic Toss|p1a: Alcremie\n|-damage|p1a: Alcremie|103/263 par\n|cant|p1a: Alcremie|par\n|\n|-heal|p1a: Alcremie|119/263 par|[from] item: Leftovers\n|upkeep\n|turn|14\n|inactive|Time left: 300 sec this turn | 300 sec total\n|\n|t:|1783564972\n|move|p2a: Chansey|Seismic Toss|p1a: Alcremie\n|-damage|p1a: Alcremie|34/263 par\n|move|p1a: Alcremie|Recover|p1a: Alcremie\n|-heal|p1a: Alcremie|166/263 par\n|\n|-heal|p1a: Alcremie|182/263 par|[from] item: Leftovers\n|upkeep\n|turn|15\n|inactive|Time left: 300 sec this turn | 300 sec total\n|\n|t:|1783564973\n|move|p2a: Chansey|Seismic Toss|p1a: Alcremie\n|-damage|p1a: Alcremie|97/263 par\n|move|p1a: Alcremie|Alluring Voice|p2a: Chansey\n|-damage|p2a: Chansey|52/100\n|\n|-heal|p1a: Alcremie|113/263 par|[from] item: Leftovers\n|upkeep\n|turn|16\n|inactive|Time left: 300 sec this turn | 300 sec total\n|\n|t:|1783564974\n|move|p2a: Chansey|Seismic Toss|p1a: Alcremie\n|-damage|p1a: Alcremie|28/263 par\n|move|p1a: Alcremie|Recover|p1a: Alcremie\n|-heal|p1a: Alcremie|160/263 par\n|\n|-heal|p1a: Alcremie|176/263 par|[from] item: Leftovers\n|upkeep\n|turn|17\n|inactive|Time left: 300 sec this turn | 300 sec total\n|\n|t:|1783564975\n|move|p2a: Chansey|Soft-Boiled|p2a: Chansey\n|-heal|p2a: Chansey|100/100\n|move|p1a: Alcremie|Calm Mind|p1a: Alcremie\n|-boost|p1a: Alcremie|spa|1\n|-boost|p1a: Alcremie|spd|1\n|\n|-heal|p1a: Alcremie|192/263 par|[from] item: Leftovers\n|upkeep\n|turn|18\n|inactive|Time left: 300 sec this turn | 300 sec total\n|\n|t:|1783564976\n|move|p2a: Chansey|Seismic Toss|p1a: Alcremie\n|-damage|p1a: Alcremie|107/263 par\n|move|p1a: Alcremie|Alluring Voice|p2a: Chansey\n|-damage|p2a: Chansey|75/100\n|\n|-heal|p1a: Alcremie|123/263 par|[from] item: Leftovers\n|upkeep\n|turn|19\n|inactive|Time left: 300 sec this turn | 300 sec total\n|\n|t:|1783564977\n|move|p2a: Chansey|Seismic Toss|p1a: Alcremie\n|-damage|p1a: Alcremie|38/263 par\n|move|p1a: Alcremie|Recover|p1a: Alcremie\n|-heal|p1a: Alcremie|170/263 par\n|\n|-heal|p1a: Alcremie|186/263 par|[from] item: Leftovers\n|upkeep\n|turn|20\n|inactive|Time left: 300 sec this turn | 300 sec total\n|\n|t:|1783564978\n|move|p2a: Chansey|Seismic Toss|p1a: Alcremie\n|-damage|p1a: Alcremie|101/263 par\n|move|p1a: Alcremie|Alluring Voice|p2a: Chansey\n|-damage|p2a: Chansey|47/100\n|\n|-heal|p1a: Alcremie|117/263 par|[from] item: Leftovers\n|upkeep\n|turn|21\n|inactive|Time left: 300 sec this turn | 300 sec total\n|\n|t:|1783564980\n|move|p2a: Chansey|Seismic Toss|p1a: Alcremie\n|-damage|p1a: Alcremie|32/263 par\n|cant|p1a: Alcremie|par\n|\n|-heal|p1a: Alcremie|48/263 par|[from] item: Leftovers\n|upkeep\n|turn|22\n|inactive|Time left: 300 sec this turn | 300 sec total\n|\n|t:|1783564981\n|move|p2a: Chansey|Seismic Toss|p1a: Alcremie\n|-damage|p1a: Alcremie|0 fnt\n|faint|p1a: Alcremie\n|\n|upkeep\n|inactive|Time left: 300 sec this turn | 300 sec total | 5 sec grace\n|\n|t:|1783564982\n|switch|p1a: Oricorio|Oricorio-Pa'u, L87, M|272/272\n|turn|23\n|inactive|Time left: 300 sec this turn | 300 sec total\n|\n|t:|1783564983\n|move|p1a: Oricorio|Quiver Dance|p1a: Oricorio\n|-boost|p1a: Oricorio|spa|1\n|-boost|p1a: Oricorio|spd|1\n|-boost|p1a: Oricorio|spe|1\n|move|p2a: Chansey|Soft-Boiled|p2a: Chansey\n|-heal|p2a: Chansey|97/100\n|\n|upkeep\n|turn|24\n|inactive|Time left: 300 sec this turn | 300 sec total\n|\n|t:|1783564984\n|move|p1a: Oricorio|Quiver Dance|p1a: Oricorio\n|-boost|p1a: Oricorio|spa|1\n|-boost|p1a: Oricorio|spd|1\n|-boost|p1a: Oricorio|spe|1\n|move|p2a: Chansey|Seismic Toss|p1a: Oricorio\n|-damage|p1a: Oricorio|187/272\n|\n|upkeep\n|turn|25\n|inactive|Time left: 300 sec this turn | 300 sec total\n|\n|t:|1783564985\n|move|p1a: Oricorio|Quiver Dance|p1a: Oricorio\n|-boost|p1a: Oricorio|spa|1\n|-boost|p1a: Oricorio|spd|1\n|-boost|p1a: Oricorio|spe|1\n|move|p2a: Chansey|Seismic Toss|p1a: Oricorio\n|-damage|p1a: Oricorio|102/272\n|\n|upkeep\n|turn|26\n|inactive|Time left: 300 sec this turn | 300 sec total\n|\n|t:|1783564986\n|move|p1a: Oricorio|Roost|p1a: Oricorio\n|-heal|p1a: Oricorio|238/272\n|-singleturn|p1a: Oricorio|move: Roost\n|move|p2a: Chansey|Seismic Toss|p1a: Oricorio\n|-damage|p1a: Oricorio|153/272\n|\n|upkeep\n|turn|27\n|inactive|Time left: 300 sec this turn | 300 sec total\n|\n|t:|1783564987\n|move|p1a: Oricorio|Roost|p1a: Oricorio\n|-heal|p1a: Oricorio|272/272\n|-singleturn|p1a: Oricorio|move: Roost\n|move|p2a: Chansey|Seismic Toss|p1a: Oricorio\n|-damage|p1a: Oricorio|187/272\n|\n|upkeep\n|turn|28\n|inactive|Time left: 300 sec this turn | 300 sec total\n|\n|t:|1783564988\n|move|p1a: Oricorio|Hurricane|p2a: Chansey\n|-damage|p2a: Chansey|62/100\n|move|p2a: Chansey|Seismic Toss|p1a: Oricorio\n|-damage|p1a: Oricorio|102/272\n|\n|upkeep\n|turn|29\n|inactive|Time left: 300 sec this turn | 300 sec total\n|\n|t:|1783564989\n|move|p1a: Oricorio|Roost|p1a: Oricorio\n|-heal|p1a: Oricorio|238/272\n|-singleturn|p1a: Oricorio|move: Roost\n|move|p2a: Chansey|Seismic Toss|p1a: Oricorio\n|-damage|p1a: Oricorio|153/272\n|\n|upkeep\n|turn|30\n|inactive|Time left: 300 sec this turn | 300 sec total\n|\n|t:|1783564990\n|move|p1a: Oricorio|Roost|p1a: Oricorio\n|-heal|p1a: Oricorio|272/272\n|-singleturn|p1a: Oricorio|move: Roost\n|move|p2a: Chansey|Seismic Toss|p1a: Oricorio\n|-damage|p1a: Oricorio|187/272\n|\n|upkeep\n|turn|31\n|inactive|Time left: 300 sec this turn | 300 sec total\n|\n|t:|1783564992\n|move|p1a: Oricorio|Hurricane|p2a: Chansey|[miss]\n|-miss|p1a: Oricorio|p2a: Chansey\n|move|p2a: Chansey|Soft-Boiled|p2a: Chansey\n|-heal|p2a: Chansey|100/100\n|\n|upkeep\n|turn|32\n|inactive|Time left: 300 sec this turn | 300 sec total\n|\n|t:|1783564993\n|move|p1a: Oricorio|Hurricane|p2a: Chansey\n|-damage|p2a: Chansey|68/100\n|move|p2a: Chansey|Thunder Wave|p1a: Oricorio|[miss]\n|-miss|p2a: Chansey|p1a: Oricorio\n|\n|upkeep\n|turn|33\n|inactive|Time left: 300 sec this turn | 300 sec total\n|\n|t:|1783564994\n|move|p1a: Oricorio|Revelation Dance|p2a: Chansey\n|-damage|p2a: Chansey|42/100\n|move|p2a: Chansey|Seismic Toss|p1a: Oricorio\n|-damage|p1a: Oricorio|102/272\n|\n|upkeep\n|turn|34\n|inactive|Time left: 300 sec this turn | 300 sec total\n|\n|t:|1783564995\n|move|p1a: Oricorio|Roost|p1a: Oricorio\n|-heal|p1a: Oricorio|238/272\n|-singleturn|p1a: Oricorio|move: Roost\n|move|p2a: Chansey|Soft-Boiled|p2a: Chansey\n|-heal|p2a: Chansey|92/100\n|\n|upkeep\n|turn|35\n|inactive|Time left: 300 sec this turn | 300 sec total\n|\n|t:|1783564996\n|move|p1a: Oricorio|Quiver Dance|p1a: Oricorio\n|-boost|p1a: Oricorio|spa|1\n|-boost|p1a: Oricorio|spd|1\n|-boost|p1a: Oricorio|spe|1\n|move|p2a: Chansey|Thunder Wave|p1a: Oricorio\n|-status|p1a: Oricorio|par\n|\n|upkeep\n|turn|36\n|inactive|Time left: 300 sec this turn | 300 sec total\n|\n|t:|1783564997\n|move|p1a: Oricorio|Hurricane|p2a: Chansey\n|-damage|p2a: Chansey|55/100\n|move|p2a: Chansey|Seismic Toss|p1a: Oricorio\n|-damage|p1a: Oricorio|153/272 par\n|\n|upkeep\n|turn|37\n|inactive|Time left: 300 sec this turn | 300 sec total\n|\n|t:|1783564998\n|move|p1a: Oricorio|Roost|p1a: Oricorio\n|-heal|p1a: Oricorio|272/272 par\n|-singleturn|p1a: Oricorio|move: Roost\n|move|p2a: Chansey|Soft-Boiled|p2a: Chansey\n|-heal|p2a: Chansey|100/100\n|\n|upkeep\n|turn|38\n|inactive|Time left: 300 sec this turn | 300 sec total\n|\n|t:|1783564999\n|move|p1a: Oricorio|Hurricane|p2a: Chansey|[miss]\n|-miss|p1a: Oricorio|p2a: Chansey\n|move|p2a: Chansey|Seismic Toss|p1a: Oricorio\n|-damage|p1a: Oricorio|187/272 par\n|\n|upkeep\n|turn|39\n|inactive|Time left: 300 sec this turn | 300 sec total\n|\n|t:|1783565000\n|cant|p1a: Oricorio|par\n|move|p2a: Chansey|Seismic Toss|p1a: Oricorio\n|-damage|p1a: Oricorio|102/272 par\n|\n|upkeep\n|turn|40\n|inactive|Time left: 300 sec this turn | 300 sec total\n|\n|t:|1783565000\n|move|p1a: Oricorio|Roost|p1a: Oricorio\n|-heal|p1a: Oricorio|238/272 par\n|-singleturn|p1a: Oricorio|move: Roost\n|move|p2a: Chansey|Seismic Toss|p1a: Oricorio\n|-damage|p1a: Oricorio|153/272 par\n|\n|upkeep\n|turn|41\n|inactive|Time left: 300 sec this turn | 300 sec total\n|\n|t:|1783565001\n|move|p1a: Oricorio|Roost|p1a: Oricorio\n|-heal|p1a: Oricorio|272/272 par\n|-singleturn|p1a: Oricorio|move: Roost\n|move|p2a: Chansey|Seismic Toss|p1a: Oricorio\n|-damage|p1a: Oricorio|187/272 par\n|\n|upkeep\n|turn|42\n|inactive|Time left: 300 sec this turn | 300 sec total\n|\n|t:|1783565002\n|move|p1a: Oricorio|Hurricane|p2a: Chansey|[miss]\n|-miss|p1a: Oricorio|p2a: Chansey\n|move|p2a: Chansey|Seismic Toss|p1a: Oricorio\n|-damage|p1a: Oricorio|102/272 par\n|\n|upkeep\n|turn|43\n|inactive|Time left: 300 sec this turn | 300 sec total\n|\n|t:|1783565003\n|move|p1a: Oricorio|Hurricane|p2a: Chansey\n|-damage|p2a: Chansey|62/100\n|move|p2a: Chansey|Seismic Toss|p1a: Oricorio\n|-damage|p1a: Oricorio|17/272 par\n|\n|upkeep\n|turn|44\n|inactive|Time left: 300 sec this turn | 300 sec total\n|\n|t:|1783565003\n|-terastallize|p1a: Oricorio|Fighting\n|move|p1a: Oricorio|Revelation Dance|p2a: Chansey\n|-supereffective|p2a: Chansey\n|-damage|p2a: Chansey|1/100\n|move|p2a: Chansey|Seismic Toss|p1a: Oricorio\n|-damage|p1a: Oricorio|0 fnt\n|faint|p1a: Oricorio\n|\n|upkeep\n|inactive|Time left: 300 sec this turn | 300 sec total | 5 sec grace\n|\n|t:|1783565004\n|switch|p1a: Plusle|Plusle, L95, F|268/268\n|turn|45\n|inactive|Time left: 300 sec this turn | 300 sec total\n|\n|t:|1783565005\n|move|p1a: Plusle|Nasty Plot|p1a: Plusle\n|-boost|p1a: Plusle|spa|2\n|move|p2a: Chansey|Soft-Boiled|p2a: Chansey\n|-heal|p2a: Chansey|51/100\n|\n|upkeep\n|turn|46\n|inactive|Time left: 300 sec this turn | 300 sec total\n|\n|t:|1783565005\n|move|p1a: Plusle|Nasty Plot|p1a: Plusle\n|-boost|p1a: Plusle|spa|2\n|move|p2a: Chansey|Soft-Boiled|p2a: Chansey\n|-heal|p2a: Chansey|100/100\n|\n|upkeep\n|turn|47\n|inactive|Time left: 300 sec this turn | 300 sec total\n|\n|t:|1783565006\n|move|p1a: Plusle|Thunderbolt|p2a: Chansey\n|-damage|p2a: Chansey|60/100\n|-damage|p1a: Plusle|242/268|[from] item: Life Orb\n|move|p2a: Chansey|Seismic Toss|p1a: Plusle\n|-damage|p1a: Plusle|157/268\n|\n|upkeep\n|turn|48\n|inactive|Time left: 300 sec this turn | 300 sec total\n|\n|t:|1783565007\n|move|p1a: Plusle|Thunderbolt|p2a: Chansey\n|-damage|p2a: Chansey|19/100\n|-damage|p1a: Plusle|131/268|[from] item: Life Orb\n|move|p2a: Chansey|Seismic Toss|p1a: Plusle\n|-damage|p1a: Plusle|46/268\n|\n|upkeep\n|turn|49\n|inactive|Time left: 300 sec this turn | 300 sec total\n|\n|t:|1783565008\n|move|p1a: Plusle|Nasty Plot|p1a: Plusle\n|-boost|p1a: Plusle|spa|2\n|move|p2a: Chansey|Heal Bell||[still]\n|-activate|p2a: Chansey|move: Heal Bell\n|-fail|p2a: Chansey\n|\n|upkeep\n|turn|50\n|inactive|Time left: 300 sec this turn | 300 sec total\n|\n|t:|1783565009\n|move|p1a: Plusle|Thunderbolt|p2a: Chansey\n|-damage|p2a: Chansey|0 fnt\n|faint|p2a: Chansey\n|-damage|p1a: Plusle|20/268|[from] item: Life Orb\n|\n|upkeep\n|\n|t:|1783565010\n|switch|p2a: Wo-Chien|Wo-Chien, L83|85/100\n|-damage|p2a: Wo-Chien|73/100|[from] Stealth Rock\n|-ability|p2a: Wo-Chien|Tablets of Ruin\n|turn|51\n|inactive|Time left: 300 sec this turn | 300 sec total\n|\n|t:|1783565011\n|move|p1a: Plusle|Thunderbolt|p2a: Wo-Chien\n|-resisted|p2a: Wo-Chien\n|-damage|p2a: Wo-Chien|1/100\n|-damage|p1a: Plusle|0 fnt|[from] item: Life Orb\n|faint|p1a: Plusle\n|move|p2a: Wo-Chien|Stun Spore|p1: Plusle|[notarget]\n|-fail|p2a: Wo-Chien\n|\n|-heal|p2a: Wo-Chien|7/100|[from] item: Leftovers\n|upkeep\n|inactive|Time left: 300 sec this turn | 300 sec total | 5 sec grace\n|\n|t:|1783565012\n|switch|p1a: Lucario|Lucario, L84, M|255/255\n|turn|52\n|inactive|Time left: 300 sec this turn | 300 sec total\n|\n|t:|1783565013\n|move|p1a: Lucario|Nasty Plot|p1a: Lucario\n|-boost|p1a: Lucario|spa|2\n|move|p2a: Wo-Chien|Stun Spore|p1a: Lucario\n|-status|p1a: Lucario|par\n|\n|-heal|p2a: Wo-Chien|13/100|[from] item: Leftovers\n|upkeep\n|turn|53\n|inactive|Time left: 300 sec this turn | 300 sec total\n|\n|t:|1783565014\n|move|p1a: Lucario|Vacuum Wave|p2a: Wo-Chien\n|-supereffective|p2a: Wo-Chien\n|-damage|p2a: Wo-Chien|0 fnt\n|faint|p2a: Wo-Chien\n|-damage|p1a: Lucario|230/255 par|[from] item: Life Orb\n|\n|upkeep\n|\n|t:|1783565015\n|switch|p2a: Passimian|Passimian, L83, M|100/100\n|-damage|p2a: Passimian|95/100|[from] Stealth Rock\n|turn|54\n|inactive|Time left: 300 sec this turn | 300 sec total\n|\n|t:|1783565016\n|cant|p1a: Lucario|par\n|move|p2a: Passimian|Close Combat|p1a: Lucario\n|-supereffective|p1a: Lucario\n|-damage|p1a: Lucario|0 fnt\n|-unboost|p2a: Passimian|def|1\n|-unboost|p2a: Passimian|spd|1\n|faint|p1a: Lucario\n|\n|upkeep\n|inactive|Time left: 300 sec this turn | 300 sec total | 5 sec grace\n|\n|t:|1783565017\n|switch|p1a: Altaria|Altaria, L89, M|278/278\n|turn|55\n|inactive|Time left: 300 sec this turn | 300 sec total\n|\n|t:|1783565018\n|switch|p2a: Krookodile|Krookodile, L79, M|100/100\n|-damage|p2a: Krookodile|94/100|[from] Stealth Rock\n|-ability|p2a: Krookodile|Intimidate|boost\n|-unboost|p1a: Altaria|atk|1\n|move|p1a: Altaria|Earthquake|p2a: Krookodile\n|-damage|p2a: Krookodile|79/100\n|\n|upkeep\n|turn|56\n|inactive|Time left: 300 sec this turn | 300 sec total\n|\n|t:|1783565019\n|move|p1a: Altaria|Brave Bird|p2a: Krookodile\n|-damage|p2a: Krookodile|49/100\n|-damage|p1a: Altaria|250/278|[from] Recoil\n|move|p2a: Krookodile|Stone Edge|p1a: Altaria\n|-supereffective|p1a: Altaria\n|-damage|p1a: Altaria|60/278\n|-damage|p2a: Krookodile|39/100|[from] item: Life Orb\n|\n|upkeep\n|turn|57\n|inactive|Time left: 300 sec this turn | 300 sec total\n|\n|t:|1783565021\n|switch|p2a: Passimian|Passimian, L83, M|95/100\n|-damage|p2a: Passimian|89/100|[from] Stealth Rock\n|move|p1a: Altaria|Roost|p1a: Altaria\n|-heal|p1a: Altaria|199/278\n|-singleturn|p1a: Altaria|move: Roost\n|\n|upkeep\n|turn|58\n|inactive|Time left: 300 sec this turn | 300 sec total\n|\n|t:|1783565022\n|move|p1a: Altaria|Roost|p1a: Altaria\n|-heal|p1a: Altaria|278/278\n|-singleturn|p1a: Altaria|move: Roost\n|move|p2a: Passimian|Close Combat|p1a: Altaria\n|-damage|p1a: Altaria|89/278\n|-unboost|p2a: Passimian|def|1\n|-unboost|p2a: Passimian|spd|1\n|\n|upkeep\n|turn|59\n|inactive|Time left: 300 sec this turn | 300 sec total\n|\n|t:|1783565023\n|-terastallize|p2a: Passimian|Dark\n|move|p1a: Altaria|Roost|p1a: Altaria\n|-heal|p1a: Altaria|228/278\n|-singleturn|p1a: Altaria|move: Roost\n|move|p2a: Passimian|Close Combat|p1a: Altaria\n|-damage|p1a: Altaria|36/278\n|-unboost|p2a: Passimian|def|1\n|-unboost|p2a: Passimian|spd|1\n|\n|upkeep\n|turn|60\n|inactive|Time left: 300 sec this turn | 300 sec total\n|\n|t:|1783565024\n|move|p1a: Altaria|Brave Bird|p2a: Passimian\n|-damage|p2a: Passimian|36/100\n|-damage|p1a: Altaria|0 fnt|[from] Recoil\n|faint|p1a: Altaria\n|\n|win|p0y2156e1d6", "uploadtime": 1783565024, "views": 0, "rating": 0, "private": 0, "password": null, "_winner": "p0y2156e1d6", "_our_name": "p0x215696c2"}