{"id": "battle-gen9randombattle-1808", "formatid": "gen9randombattle", "format": "[Gen 9] Random Battle", "players": ["p0x1808026f", "p0y1808661a"], "log": "|init|battle\n|title|p0x1808026f vs. p0y1808661a\n|j|\u2606p0x1808026f\n|j|\u2606p0y1808661a\n|t:|1783560959\n|gametype|singles\n|player|p1|p0x1808026f|1|\n|player|p2|p0y1808661a|169|\n|gen|9\n|tier|[Gen 9] Random Battle\n|rule|Species Clause: Limit one of each Pok\u00e9mon\n|rule|HP Percentage Mod: HP is shown in percentages\n|rule|Sleep Clause Mod: Limit one foe put to sleep\n|rule|Illusion Level Mod: Illusion disguises the Pok\u00e9mon's true level\n|\n|t:|1783560959\n|teamsize|p1|6\n|teamsize|p2|6\n|start\n|switch|p1a: Gengar|Gengar, L81, F|100/100\n|switch|p2a: Rotom|Rotom, L88|231/231\n|turn|1\n|inactive|Battle timer is ON: inactive players will automatically lose when time's up. (requested by p0y1808661a)\n|inactive|p0x1808026f also wants the timer to be on.\n|\n|t:|1783560960\n|-terastallize|p2a: Rotom|Electric\n|move|p1a: Gengar|Shadow Ball|p2a: Rotom\n|-damage|p2a: Rotom|85/231\n|-damage|p1a: Gengar|90/100|[from] item: Life Orb\n|move|p2a: Rotom|Shadow Ball|p1a: Gengar\n|-supereffective|p1a: Gengar\n|-damage|p1a: Gengar|0 fnt\n|faint|p1a: Gengar\n|-damage|p2a: Rotom|62/231|[from] item: Life Orb\n|\n|upkeep\n|\n|t:|1783560961\n|switch|p1a: Girafarig|Girafarig, L89, M|100/100\n|turn|2\n|inactive|Time left: 300 sec this turn | 300 sec total\n|\n|t:|1783560962\n|move|p2a: Rotom|Thunderbolt|p1a: Girafarig\n|-damage|p1a: Girafarig|46/100\n|-damage|p2a: Rotom|39/231|[from] item: Life Orb\n|move|p1a: Girafarig|Nasty Plot|p1a: Girafarig\n|-boost|p1a: Girafarig|spa|2\n|\n|upkeep\n|turn|3\n|inactive|Time left: 300 sec this turn | 300 sec total\n|\n|t:|1783560963\n|-terastallize|p1a: Girafarig|Electric\n|move|p2a: Rotom|Thunderbolt|p1a: Girafarig\n|-resisted|p1a: Girafarig\n|-damage|p1a: Girafarig|19/100\n|-damage|p2a: Rotom|16/231|[from] item: Life Orb\n|move|p1a: Girafarig|Psyshock|p2a: Rotom\n|-damage|p2a: Rotom|0 fnt\n|faint|p2a: Rotom\n|\n|upkeep\n|inactive|Time left: 300 sec this turn | 300 sec total | 5 sec grace\n|\n|t:|1783560964\n|switch|p2a: Basculin|Basculin, L86, M|261/261\n|turn|4\n|inactive|Time left: 300 sec this turn | 300 sec total\n|\n|t:|1783560965\n|move|p2a: Basculin|Flip Turn|p1a: Girafarig\n|-crit|p1a: Girafarig\n|-damage|p1a: Girafarig|0 fnt\n|faint|p1a: Girafarig\n|inactive|Time left: 300 sec this turn | 300 sec total | 5 sec grace\n|\n|t:|1783560966\n|switch|p2a: Dragapult|Dragapult, L77, F|262/262|[from] Flip Turn\n|\n|upkeep\n|\n|t:|1783560967\n|switch|p1a: Copperajah|Copperajah, L86, F|100/100\n|turn|5\n|inactive|Time left: 300 sec this turn | 300 sec total\n|\n|t:|1783560968\n|move|p2a: Dragapult|Will-O-Wisp|p1a: Copperajah\n|-status|p1a: Copperajah|brn\n|move|p1a: Copperajah|Heavy Slam|p2a: Dragapult\n|-damage|p2a: Dragapult|98/262\n|-start|p1a: Copperajah|Disable|Heavy Slam|[from] ability: Cursed Body|[of] p2a: Dragapult\n|\n|-damage|p1a: Copperajah|94/100 brn|[from] brn\n|upkeep\n|turn|6\n|inactive|Time left: 300 sec this turn | 300 sec total\n|\n|t:|1783560969\n|switch|p2a: Zebstrika|Zebstrika, L87, F|272/272\n|switch|p1a: Avalugg|Avalugg-Hisui, L90, M|100/100\n|\n|upkeep\n|turn|7\n|inactive|Time left: 300 sec this turn | 300 sec total\n|\n|t:|1783560970\n|move|p2a: Zebstrika|Volt Switch|p1a: Avalugg\n|-damage|p1a: Avalugg|54/100\n|-damage|p2a: Zebstrika|245/272|[from] item: Life Orb\n|inactive|Time left: 300 sec this turn | 300 sec total | 5 sec grace\n|\n|t:|1783560971\n|switch|p2a: Dragapult|Dragapult, L77, F|98/262|[from] Volt Switch\n|move|p1a: Avalugg|Stone Edge|p2a: Dragapult\n|-crit|p2a: Dragapult\n|-damage|p2a: Dragapult|0 fnt\n|faint|p2a: Dragapult\n|\n|upkeep\n|inactive|Time left: 300 sec this turn | 300 sec total | 10 sec grace\n|\n|t:|1783560972\n|switch|p2a: Basculin|Basculin, L86, M|261/261\n|turn|8\n|inactive|Time left: 300 sec this turn | 300 sec total\n|\n|t:|1783560972\n|switch|p1a: Copperajah|Copperajah, L86, F|94/100 brn\n|move|p2a: Basculin|Wave Crash|p1a: Copperajah\n|-damage|p1a: Copperajah|5/100 brn\n|-damage|p2a: Basculin|157/261|[from] Recoil\n|\n|-damage|p1a: Copperajah|0 fnt|[from] brn\n|faint|p1a: Copperajah\n|upkeep\n|\n|t:|1783560973\n|switch|p1a: Swanna|Swanna, L89, F|100/100\n|turn|9\n|inactive|Time left: 300 sec this turn | 300 sec total\n|\n|t:|1783560974\n|switch|p2a: Zebstrika|Zebstrika, L87, F|245/272\n|move|p1a: Swanna|Hydro Pump|p2a: Zebstrika\n|-damage|p2a: Zebstrika|110/272\n|\n|upkeep\n|turn|10\n|inactive|Time left: 300 sec this turn | 300 sec total\n|\n|t:|1783560975\n|switch|p1a: Avalugg|Avalugg-Hisui, L90, M|54/100\n|move|p2a: Zebstrika|Volt Switch|p1a: Avalugg\n|-crit|p1a: Avalugg\n|-damage|p1a: Avalugg|0 fnt\n|faint|p1a: Avalugg\n|-damage|p2a: Zebstrika|83/272|[from] item: Life Orb\n|inactive|Time left: 300 sec this turn | 300 sec total | 5 sec grace\n|\n|t:|1783560976\n|switch|p2a: Basculin|Basculin, L86, M|157/261|[from] Volt Switch\n|\n|upkeep\n|\n|t:|1783560977\n|switch|p1a: Swanna|Swanna, L89, F|100/100\n|turn|11\n|inactive|Time left: 300 sec this turn | 300 sec total\n|\n|t:|1783560977\n|move|p1a: Swanna|Brave Bird|p2a: Basculin\n|-damage|p2a: Basculin|10/261\n|-damage|p1a: Swanna|83/100|[from] Recoil\n|move|p2a: Basculin|Flip Turn|p1a: Swanna\n|-resisted|p1a: Swanna\n|-damage|p1a: Swanna|53/100\n|inactive|Time left: 300 sec this turn | 300 sec total | 5 sec grace\n|\n|t:|1783560978\n|switch|p2a: Zebstrika|Zebstrika, L87, F|83/272|[from] Flip Turn\n|\n|upkeep\n|turn|12\n|inactive|Time left: 300 sec this turn | 300 sec total\n|\n|t:|1783560979\n|move|p2a: Zebstrika|Supercell Slam|p1a: Swanna\n|-supereffective|p1a: Swanna\n|-damage|p1a: Swanna|0 fnt\n|faint|p1a: Swanna\n|-damage|p2a: Zebstrika|56/272|[from] item: Life Orb\n|\n|upkeep\n|\n|t:|1783560980\n|switch|p1a: Vivillon|Vivillon-Jungle, L83, M|100/100\n|turn|13\n|inactive|Time left: 300 sec this turn | 300 sec total\n|\n|t:|1783560981\n|move|p2a: Zebstrika|Supercell Slam|p1a: Vivillon\n|-supereffective|p1a: Vivillon\n|-damage|p1a: Vivillon|0 fnt\n|faint|p1a: Vivillon\n|-damage|p2a: Zebstrika|29/272|[from] item: Life Orb\n|\n|win|p0y1808661a", "uploadtime": 1783560981, "views": 0, "rating": 0, "private": 0, "password": null, "_winner": "p0y1808661a", "_our_name": "p0y1808661a"}