{"id": "battle-gen9randombattle-2958", "formatid": "gen9randombattle", "format": "[Gen 9] Random Battle", "players": ["p0x2958025c", "p0y29585ff3"], "log": "|init|battle\n|title|p0x2958025c vs. p0y29585ff3\n|j|\u2606p0x2958025c\n|j|\u2606p0y29585ff3\n|t:|1783574053\n|gametype|singles\n|player|p1|p0x2958025c|266|\n|player|p2|p0y29585ff3|102|\n|gen|9\n|tier|[Gen 9] Random Battle\n|rule|Species Clause: Limit one of each Pok\u00e9mon\n|rule|HP Percentage Mod: HP is shown in percentages\n|rule|Sleep Clause Mod: Limit one foe put to sleep\n|rule|Illusion Level Mod: Illusion disguises the Pok\u00e9mon's true level\n|\n|t:|1783574053\n|teamsize|p1|6\n|teamsize|p2|6\n|start\n|switch|p1a: Rayquaza|Rayquaza, L72|100/100\n|switch|p2a: Hydrapple|Hydrapple, L83, F|312/312\n|-ability|p1a: Rayquaza|Air Lock\n|turn|1\n|inactive|Battle timer is ON: inactive players will automatically lose when time's up. (requested by p0y29585ff3)\n|inactive|p0x2958025c also wants the timer to be on.\n|\n|t:|1783574055\n|move|p1a: Rayquaza|Dragon Ascent|p2a: Hydrapple\n|-supereffective|p2a: Hydrapple\n|-damage|p2a: Hydrapple|82/312\n|-unboost|p1a: Rayquaza|def|1\n|-unboost|p1a: Rayquaza|spd|1\n|move|p2a: Hydrapple|Fickle Beam|p1a: Rayquaza\n|-supereffective|p1a: Rayquaza\n|-damage|p1a: Rayquaza|0 fnt\n|faint|p1a: Rayquaza\n|\n|upkeep\n|\n|t:|1783574056\n|switch|p1a: Samurott|Samurott-Hisui, L77, F|100/100\n|turn|2\n|inactive|Time left: 300 sec this turn | 300 sec total\n|\n|t:|1783574057\n|switch|p2a: Toxapex|Toxapex, L82, M|216/216\n|move|p1a: Samurott|Ceaseless Edge|p2a: Toxapex\n|-crit|p2a: Toxapex\n|-damage|p2a: Toxapex|84/216\n|-sidestart|p2: p0y29585ff3|Spikes\n|\n|-heal|p2a: Toxapex|97/216|[from] item: Leftovers\n|upkeep\n|turn|3\n|inactive|Time left: 300 sec this turn | 300 sec total\n|\n|t:|1783574059\n|switch|p2a: Bisharp|Bisharp, L79, M|232/232\n|-damage|p2a: Bisharp|203/232|[from] Spikes\n|move|p1a: Samurott|Ceaseless Edge|p2a: Bisharp|[miss]\n|-miss|p1a: Samurott|p2a: Bisharp\n|\n|upkeep\n|turn|4\n|inactive|Time left: 300 sec this turn | 300 sec total\n|\n|t:|1783574060\n|move|p1a: Samurott|Ceaseless Edge|p2a: Bisharp\n|-resisted|p2a: Bisharp\n|-damage|p2a: Bisharp|157/232\n|-sidestart|p2: p0y29585ff3|Spikes\n|move|p2a: Bisharp|Swords Dance|p2a: Bisharp\n|-boost|p2a: Bisharp|atk|2\n|\n|upkeep\n|turn|5\n|inactive|Time left: 300 sec this turn | 300 sec total\n|\n|t:|1783574061\n|move|p1a: Samurott|Ceaseless Edge|p2a: Bisharp\n|-resisted|p2a: Bisharp\n|-damage|p2a: Bisharp|111/232\n|-sidestart|p2: p0y29585ff3|Spikes\n|move|p2a: Bisharp|Iron Head|p1a: Samurott\n|-resisted|p1a: Samurott\n|-damage|p1a: Samurott|61/100\n|\n|upkeep\n|turn|6\n|inactive|Time left: 300 sec this turn | 300 sec total\n|\n|t:|1783574061\n|move|p1a: Samurott|Ceaseless Edge|p2a: Bisharp\n|-resisted|p2a: Bisharp\n|-damage|p2a: Bisharp|69/232\n|move|p2a: Bisharp|Throat Chop|p1a: Samurott\n|-resisted|p1a: Samurott\n|-damage|p1a: Samurott|20/100\n|-start|p1a: Samurott|Throat Chop|[silent]\n|\n|upkeep\n|turn|7\n|inactive|Time left: 300 sec this turn | 300 sec total\n|\n|t:|1783574062\n|move|p1a: Samurott|Ceaseless Edge|p2a: Bisharp\n|-resisted|p2a: Bisharp\n|-damage|p2a: Bisharp|21/232\n|move|p2a: Bisharp|Iron Head|p1a: Samurott\n|-resisted|p1a: Samurott\n|-damage|p1a: Samurott|0 fnt\n|faint|p1a: Samurott\n|\n|upkeep\n|\n|t:|1783574063\n|switch|p1a: Tsareena|Tsareena, L87, F|100/100\n|turn|8\n|inactive|Time left: 300 sec this turn | 300 sec total\n|\n|t:|1783574064\n|move|p1a: Tsareena|Triple Axel|p2a: Bisharp\n|-resisted|p2a: Bisharp\n|-damage|p2a: Bisharp|12/232\n|-resisted|p2a: Bisharp\n|-damage|p2a: Bisharp|0 fnt\n|faint|p2a: Bisharp\n|-hitcount|p2: Bisharp|2\n|\n|upkeep\n|inactive|Time left: 300 sec this turn | 300 sec total | 5 sec grace\n|\n|t:|1783574065\n|switch|p2a: Kleavor|Kleavor, L78, F|237/237\n|turn|9\n|inactive|Time left: 300 sec this turn | 300 sec total\n|\n|t:|1783574066\n|-terastallize|p1a: Tsareena|Fighting\n|move|p2a: Kleavor|Stone Axe|p1a: Tsareena\n|-resisted|p1a: Tsareena\n|-damage|p1a: Tsareena|81/100\n|-sidestart|p1: p0x2958025c|move: Stealth Rock\n|move|p1a: Tsareena|Triple Axel|p2a: Kleavor\n|-damage|p2a: Kleavor|210/237\n|-damage|p2a: Kleavor|159/237\n|-damage|p2a: Kleavor|73/237\n|-hitcount|p2a: Kleavor|3\n|\n|upkeep\n|turn|10\n|inactive|Time left: 300 sec this turn | 300 sec total\n|\n|t:|1783574066\n|move|p2a: Kleavor|X-Scissor|p1a: Tsareena\n|-resisted|p1a: Tsareena\n|-damage|p1a: Tsareena|57/100\n|move|p1a: Tsareena|Triple Axel|p2a: Kleavor\n|-damage|p2a: Kleavor|46/237\n|-damage|p2a: Kleavor|0 fnt\n|faint|p2a: Kleavor\n|-hitcount|p2: Kleavor|2\n|\n|upkeep\n|inactive|Time left: 300 sec this turn | 300 sec total | 5 sec grace\n|\n|t:|1783574067\n|switch|p2a: Bombirdier|Bombirdier, L85, M|258/258\n|turn|11\n|inactive|Time left: 300 sec this turn | 300 sec total\n|\n|t:|1783574068\n|switch|p1a: Luxray|Luxray, L88, M|100/100\n|-damage|p1a: Luxray|88/100|[from] Stealth Rock\n|-ability|p1a: Luxray|Intimidate|boost\n|-unboost|p2a: Bombirdier|atk|1\n|move|p2a: Bombirdier|Brave Bird|p1a: Luxray\n|-resisted|p1a: Luxray\n|-damage|p1a: Luxray|72/100\n|-damage|p2a: Bombirdier|243/258|[from] Recoil\n|\n|upkeep\n|turn|12\n|inactive|Time left: 300 sec this turn | 300 sec total\n|\n|t:|1783574069\n|switch|p2a: Hydrapple|Hydrapple, L83, F|186/312\n|-damage|p2a: Hydrapple|108/312|[from] Spikes\n|move|p1a: Luxray|Wild Charge|p2a: Hydrapple\n|-resisted|p2a: Hydrapple\n|-damage|p2a: Hydrapple|80/312\n|-damage|p1a: Luxray|70/100|[from] Recoil\n|\n|upkeep\n|turn|13\n|inactive|Time left: 300 sec this turn | 300 sec total\n|\n|t:|1783574069\n|move|p1a: Luxray|Ice Fang|p2a: Hydrapple\n|-supereffective|p2a: Hydrapple\n|-damage|p2a: Hydrapple|0 fnt\n|faint|p2a: Hydrapple\n|\n|upkeep\n|inactive|Time left: 300 sec this turn | 300 sec total | 5 sec grace\n|\n|t:|1783574070\n|switch|p2a: Cinccino|Cinccino, L83, F|260/260\n|-damage|p2a: Cinccino|195/260|[from] Spikes\n|turn|14\n|inactive|Time left: 300 sec this turn | 300 sec total\n|\n|t:|1783574071\n|move|p2a: Cinccino|Tail Slap|p1a: Luxray\n|-damage|p1a: Luxray|55/100\n|-damage|p1a: Luxray|42/100\n|-damage|p1a: Luxray|29/100\n|-damage|p1a: Luxray|16/100\n|-hitcount|p1a: Luxray|4\n|move|p1a: Luxray|Volt Switch|p2a: Cinccino\n|-damage|p2a: Cinccino|93/260\n|\n|t:|1783574072\n|switch|p1a: Piloswine|Piloswine, L85, F|100/100|[from] Volt Switch\n|-damage|p1a: Piloswine|88/100|[from] Stealth Rock\n|\n|upkeep\n|turn|15\n|inactive|Time left: 300 sec this turn | 300 sec total\n|\n|t:|1783574073\n|move|p2a: Cinccino|Bullet Seed|p1a: Piloswine\n|-supereffective|p1a: Piloswine\n|-damage|p1a: Piloswine|76/100\n|-supereffective|p1a: Piloswine\n|-damage|p1a: Piloswine|64/100\n|-supereffective|p1a: Piloswine\n|-damage|p1a: Piloswine|52/100\n|-supereffective|p1a: Piloswine\n|-damage|p1a: Piloswine|39/100\n|-supereffective|p1a: Piloswine\n|-damage|p1a: Piloswine|26/100\n|-hitcount|p1a: Piloswine|5\n|move|p1a: Piloswine|Earthquake|p2a: Cinccino\n|-damage|p2a: Cinccino|0 fnt\n|faint|p2a: Cinccino\n|\n|upkeep\n|inactive|Time left: 300 sec this turn | 300 sec total | 5 sec grace\n|\n|t:|1783574074\n|switch|p2a: Bombirdier|Bombirdier, L85, M|243/258\n|turn|16\n|inactive|Time left: 300 sec this turn | 300 sec total\n|\n|t:|1783574075\n|switch|p1a: Luxray|Luxray, L88, M|16/100\n|-damage|p1a: Luxray|3/100|[from] Stealth Rock\n|-ability|p1a: Luxray|Intimidate|boost\n|-unboost|p2a: Bombirdier|atk|1\n|move|p2a: Bombirdier|Brave Bird|p1a: Luxray\n|-resisted|p1a: Luxray\n|-damage|p1a: Luxray|0 fnt\n|faint|p1a: Luxray\n|-damage|p2a: Bombirdier|240/258|[from] Recoil\n|\n|upkeep\n|\n|t:|1783574076\n|switch|p1a: Iron Jugulis|Iron Jugulis, L77|100/100\n|-damage|p1a: Iron Jugulis|76/100|[from] Stealth Rock\n|turn|17\n|inactive|Time left: 300 sec this turn | 300 sec total\n|\n|t:|1783574077\n|move|p2a: Bombirdier|Brave Bird|p1a: Iron Jugulis\n|-damage|p1a: Iron Jugulis|38/100\n|-damage|p2a: Bombirdier|206/258|[from] Recoil\n|move|p1a: Iron Jugulis|Meteor Beam||[still]\n|-prepare|p1a: Iron Jugulis|Meteor Beam\n|-boost|p1a: Iron Jugulis|spa|1\n|-enditem|p1a: Iron Jugulis|Power Herb\n|-anim|p1a: Iron Jugulis|Meteor Beam|p2a: Bombirdier\n|-supereffective|p2a: Bombirdier\n|-damage|p2a: Bombirdier|0 fnt\n|faint|p2a: Bombirdier\n|\n|upkeep\n|inactive|Time left: 300 sec this turn | 300 sec total | 5 sec grace\n|\n|t:|1783574078\n|switch|p2a: Toxapex|Toxapex, L82, M|169/216\n|-damage|p2a: Toxapex|115/216|[from] Spikes\n|turn|18\n|inactive|Time left: 300 sec this turn | 300 sec total\n|\n|t:|1783574079\n|-terastallize|p2a: Toxapex|Steel\n|move|p1a: Iron Jugulis|Earth Power|p2a: Toxapex\n|-supereffective|p2a: Toxapex\n|-damage|p2a: Toxapex|0 fnt\n|faint|p2a: Toxapex\n|\n|win|p0x2958025c", "uploadtime": 1783574079, "views": 0, "rating": 0, "private": 0, "password": null, "_winner": "p0x2958025c", "_our_name": "p0y29585ff3"}