{"id": "battle-gen9randombattle-920", "formatid": "gen9randombattle", "format": "[Gen 9] Random Battle", "players": ["p0x920bb3c", "p0y920831b"], "log": "|init|battle\n|title|p0x920bb3c vs. p0y920831b\n|j|\u2606p0x920bb3c\n|j|\u2606p0y920831b\n|t:|1783550557\n|gametype|singles\n|player|p1|p0x920bb3c|2|\n|player|p2|p0y920831b|169|\n|gen|9\n|tier|[Gen 9] Random Battle\n|rule|Species Clause: Limit one of each Pok\u00e9mon\n|rule|HP Percentage Mod: HP is shown in percentages\n|rule|Sleep Clause Mod: Limit one foe put to sleep\n|rule|Illusion Level Mod: Illusion disguises the Pok\u00e9mon's true level\n|\n|t:|1783550558\n|teamsize|p1|6\n|teamsize|p2|6\n|start\n|switch|p1a: Sawsbuck|Sawsbuck-Winter, L88, M|100/100\n|switch|p2a: Galvantula|Galvantula, L82, M|249/249\n|turn|1\n|inactive|Battle timer is ON: inactive players will automatically lose when time's up. (requested by p0x920bb3c)\n|inactive|Time left: 300 sec this turn | 300 sec total | 60 sec grace\n|inactive|p0y920831b also wants the timer to be on.\n|\n|t:|1783550559\n|move|p2a: Galvantula|Sticky Web|p1a: Sawsbuck\n|-sidestart|p1: p0x920bb3c|move: Sticky Web\n|move|p1a: Sawsbuck|Swords Dance|p1a: Sawsbuck\n|-boost|p1a: Sawsbuck|atk|2\n|\n|upkeep\n|turn|2\n|inactive|Time left: 300 sec this turn | 300 sec total\n|\n|t:|1783550560\n|move|p2a: Galvantula|Bug Buzz|p1a: Sawsbuck\n|-supereffective|p1a: Sawsbuck\n|-damage|p1a: Sawsbuck|30/100\n|move|p1a: Sawsbuck|High Horsepower|p2a: Galvantula\n|-enditem|p2a: Galvantula|Focus Sash\n|-damage|p2a: Galvantula|1/249\n|-damage|p1a: Sawsbuck|20/100|[from] item: Life Orb\n|\n|upkeep\n|turn|3\n|inactive|Time left: 300 sec this turn | 300 sec total\n|\n|t:|1783550561\n|move|p2a: Galvantula|Bug Buzz|p1a: Sawsbuck\n|-supereffective|p1a: Sawsbuck\n|-crit|p1a: Sawsbuck\n|-damage|p1a: Sawsbuck|0 fnt\n|faint|p1a: Sawsbuck\n|\n|upkeep\n|\n|t:|1783550562\n|switch|p1a: Revavroom|Revavroom, L79, F|100/100\n|-activate|p1a: Revavroom|move: Sticky Web\n|-unboost|p1a: Revavroom|spe|1\n|turn|4\n|inactive|Time left: 300 sec this turn | 300 sec total\n|\n|t:|1783550563\n|move|p2a: Galvantula|Thunder|p1a: Revavroom\n|-damage|p1a: Revavroom|44/100\n|move|p1a: Revavroom|Shift Gear|p1a: Revavroom\n|-boost|p1a: Revavroom|spe|2\n|-boost|p1a: Revavroom|atk|1\n|\n|upkeep\n|turn|5\n|inactive|Time left: 300 sec this turn | 300 sec total\n|\n|t:|1783550564\n|move|p1a: Revavroom|Iron Head|p2a: Galvantula\n|-resisted|p2a: Galvantula\n|-damage|p2a: Galvantula|0 fnt\n|faint|p2a: Galvantula\n|-damage|p1a: Revavroom|34/100|[from] item: Life Orb\n|\n|upkeep\n|inactive|Time left: 300 sec this turn | 300 sec total | 5 sec grace\n|\n|t:|1783550565\n|switch|p2a: Pecharunt|Pecharunt, L77|262/262\n|turn|6\n|inactive|Time left: 300 sec this turn | 300 sec total\n|\n|t:|1783550567\n|-terastallize|p1a: Revavroom|Ground\n|move|p1a: Revavroom|High Horsepower|p2a: Pecharunt\n|-supereffective|p2a: Pecharunt\n|-damage|p2a: Pecharunt|0 fnt\n|-damage|p1a: Revavroom|18/100|[from] item: Rocky Helmet|[of] p2a: Pecharunt\n|faint|p2a: Pecharunt\n|-damage|p1a: Revavroom|8/100|[from] item: Life Orb\n|\n|upkeep\n|inactive|Time left: 300 sec this turn | 300 sec total | 5 sec grace\n|\n|t:|1783550568\n|switch|p2a: Cobalion|Cobalion, L80|277/277\n|turn|7\n|inactive|Time left: 300 sec this turn | 300 sec total\n|\n|t:|1783550569\n|switch|p2a: Latios|Latios, L78, M|253/253\n|move|p1a: Revavroom|High Horsepower|p2a: Latios\n|-immune|p2a: Latios|[from] ability: Levitate\n|\n|upkeep\n|turn|8\n|inactive|Time left: 300 sec this turn | 300 sec total\n|\n|t:|1783550570\n|switch|p2a: Cobalion|Cobalion, L80|277/277\n|move|p1a: Revavroom|Gunk Shot|p2a: Cobalion\n|-immune|p2a: Cobalion\n|\n|upkeep\n|turn|9\n|inactive|Time left: 300 sec this turn | 300 sec total\n|\n|t:|1783550571\n|-terastallize|p2a: Cobalion|Fighting\n|move|p1a: Revavroom|High Horsepower|p2a: Cobalion\n|-damage|p2a: Cobalion|121/277\n|-damage|p1a: Revavroom|0 fnt|[from] item: Life Orb\n|faint|p1a: Revavroom\n|move|p2a: Cobalion|Swords Dance|p2a: Cobalion\n|-boost|p2a: Cobalion|atk|2\n|\n|-heal|p2a: Cobalion|138/277|[from] item: Leftovers\n|upkeep\n|\n|t:|1783550572\n|switch|p1a: Veluza|Veluza, L85, M|100/100\n|-activate|p1a: Veluza|move: Sticky Web\n|-unboost|p1a: Veluza|spe|1\n|turn|10\n|inactive|Time left: 300 sec this turn | 300 sec total\n|\n|t:|1783550573\n|move|p2a: Cobalion|Iron Head|p1a: Veluza\n|-resisted|p1a: Veluza\n|-damage|p1a: Veluza|70/100\n|move|p1a: Veluza|Psycho Cut|p2a: Cobalion\n|-supereffective|p2a: Cobalion\n|-crit|p2a: Cobalion\n|-damage|p2a: Cobalion|0 fnt\n|faint|p2a: Cobalion\n|\n|upkeep\n|inactive|Time left: 300 sec this turn | 300 sec total | 5 sec grace\n|\n|t:|1783550574\n|switch|p2a: Solgaleo|Solgaleo, L74|325/325\n|turn|11\n|inactive|Time left: 300 sec this turn | 300 sec total\n|\n|t:|1783550575\n|move|p2a: Solgaleo|Knock Off|p1a: Veluza\n|-supereffective|p1a: Veluza\n|-damage|p1a: Veluza|11/100\n|-enditem|p1a: Veluza|Choice Band|[from] move: Knock Off|[of] p2a: Solgaleo\n|move|p1a: Veluza|Psycho Cut|p2a: Solgaleo\n|-resisted|p2a: Solgaleo\n|-damage|p2a: Solgaleo|298/325\n|\n|-heal|p2a: Solgaleo|318/325|[from] item: Leftovers\n|upkeep\n|turn|12\n|inactive|Time left: 300 sec this turn | 300 sec total\n|\n|t:|1783550577\n|move|p2a: Solgaleo|Knock Off|p1a: Veluza\n|-supereffective|p1a: Veluza\n|-damage|p1a: Veluza|0 fnt\n|faint|p1a: Veluza\n|\n|-heal|p2a: Solgaleo|325/325|[from] item: Leftovers\n|upkeep\n|\n|t:|1783550578\n|switch|p1a: Flapple|Flapple, L88, F|100/100\n|-activate|p1a: Flapple|move: Sticky Web\n|-unboost|p1a: Flapple|spe|1\n|turn|13\n|inactive|Time left: 300 sec this turn | 300 sec total\n|\n|t:|1783550579\n|move|p2a: Solgaleo|Knock Off|p1a: Flapple\n|-damage|p1a: Flapple|75/100\n|-enditem|p1a: Flapple|Wide Lens|[from] move: Knock Off|[of] p2a: Solgaleo\n|move|p1a: Flapple|Outrage|p2a: Solgaleo|[miss]\n|-miss|p1a: Flapple|p2a: Solgaleo\n|\n|upkeep\n|turn|14\n|inactive|Time left: 300 sec this turn | 300 sec total\n|\n|t:|1783550579\n|move|p2a: Solgaleo|Sunsteel Strike|p1a: Flapple\n|-damage|p1a: Flapple|32/100\n|move|p1a: Flapple|Dragon Dance|p1a: Flapple\n|-boost|p1a: Flapple|atk|1\n|-boost|p1a: Flapple|spe|1\n|\n|upkeep\n|turn|15\n|inactive|Time left: 300 sec this turn | 300 sec total\n|\n|t:|1783550581\n|switch|p2a: Tatsugiri|Tatsugiri, L87, M|260/260\n|move|p1a: Flapple|Outrage|p2a: Tatsugiri\n|-supereffective|p2a: Tatsugiri\n|-damage|p2a: Tatsugiri|0 fnt\n|faint|p2a: Tatsugiri\n|\n|upkeep\n|inactive|Time left: 300 sec this turn | 300 sec total | 5 sec grace\n|\n|t:|1783550581\n|switch|p2a: Solgaleo|Solgaleo, L74|325/325\n|turn|16\n|inactive|Time left: 300 sec this turn | 300 sec total\n|\n|t:|1783550582\n|move|p2a: Solgaleo|Sunsteel Strike|p1a: Flapple\n|-damage|p1a: Flapple|0 fnt\n|faint|p1a: Flapple\n|\n|upkeep\n|\n|t:|1783550583\n|switch|p1a: Staraptor|Staraptor, L79, F|100/100\n|turn|17\n|inactive|Time left: 300 sec this turn | 300 sec total\n|\n|t:|1783550584\n|move|p1a: Staraptor|U-turn|p2a: Solgaleo\n|-damage|p2a: Solgaleo|256/325\n|\n|t:|1783550585\n|switch|p1a: Cetitan|Cetitan, L82, M|100/100|[from] U-turn\n|-activate|p1a: Cetitan|move: Sticky Web\n|-unboost|p1a: Cetitan|spe|1\n|move|p2a: Solgaleo|Knock Off|p1a: Cetitan\n|-damage|p1a: Cetitan|80/100\n|-enditem|p1a: Cetitan|Life Orb|[from] move: Knock Off|[of] p2a: Solgaleo\n|\n|-heal|p2a: Solgaleo|276/325|[from] item: Leftovers\n|upkeep\n|turn|18\n|inactive|Time left: 300 sec this turn | 300 sec total\n|\n|t:|1783550587\n|move|p2a: Solgaleo|Sunsteel Strike|p1a: Cetitan\n|-supereffective|p1a: Cetitan\n|-damage|p1a: Cetitan|17/100\n|move|p1a: Cetitan|Icicle Crash|p2a: Solgaleo\n|-resisted|p2a: Solgaleo\n|-damage|p2a: Solgaleo|211/325\n|\n|-heal|p2a: Solgaleo|231/325|[from] item: Leftovers\n|upkeep\n|turn|19\n|inactive|Time left: 300 sec this turn | 300 sec total\n|\n|t:|1783550588\n|move|p2a: Solgaleo|Sunsteel Strike|p1a: Cetitan\n|-supereffective|p1a: Cetitan\n|-damage|p1a: Cetitan|0 fnt\n|faint|p1a: Cetitan\n|\n|-heal|p2a: Solgaleo|251/325|[from] item: Leftovers\n|upkeep\n|\n|t:|1783550589\n|switch|p1a: Staraptor|Staraptor, L79, F|100/100\n|turn|20\n|inactive|Time left: 300 sec this turn | 300 sec total\n|\n|t:|1783550590\n|move|p1a: Staraptor|U-turn|p2a: Solgaleo\n|-damage|p2a: Solgaleo|173/325\n|move|p2a: Solgaleo|Sunsteel Strike|p1a: Staraptor\n|-damage|p1a: Staraptor|50/100\n|\n|-heal|p2a: Solgaleo|193/325|[from] item: Leftovers\n|upkeep\n|turn|21\n|inactive|Time left: 300 sec this turn | 300 sec total\n|\n|t:|1783550591\n|move|p1a: Staraptor|U-turn|p2a: Solgaleo\n|-damage|p2a: Solgaleo|112/325\n|move|p2a: Solgaleo|Sunsteel Strike|p1a: Staraptor\n|-damage|p1a: Staraptor|1/100\n|\n|-heal|p2a: Solgaleo|132/325|[from] item: Leftovers\n|upkeep\n|turn|22\n|inactive|Time left: 300 sec this turn | 300 sec total\n|\n|t:|1783550592\n|move|p1a: Staraptor|U-turn|p2a: Solgaleo\n|-damage|p2a: Solgaleo|51/325\n|move|p2a: Solgaleo|Morning Sun|p2a: Solgaleo\n|-heal|p2a: Solgaleo|213/325\n|\n|-heal|p2a: Solgaleo|233/325|[from] item: Leftovers\n|upkeep\n|turn|23\n|inactive|Time left: 300 sec this turn | 300 sec total\n|\n|t:|1783550593\n|move|p1a: Staraptor|U-turn|p2a: Solgaleo\n|-damage|p2a: Solgaleo|159/325\n|move|p2a: Solgaleo|Close Combat|p1a: Staraptor\n|-damage|p1a: Staraptor|0 fnt\n|-unboost|p2a: Solgaleo|def|1\n|-unboost|p2a: Solgaleo|spd|1\n|faint|p1a: Staraptor\n|\n|win|p0y920831b", "uploadtime": 1783550593, "views": 0, "rating": 0, "private": 0, "password": null, "_winner": "p0y920831b", "_our_name": "p0y920831b"}