{"id": "battle-gen9randombattle-2306", "formatid": "gen9randombattle", "format": "[Gen 9] Random Battle", "players": ["p0x230666b2", "p0y2306290f"], "log": "|init|battle\n|title|p0x230666b2 vs. p0y2306290f\n|j|\u2606p0x230666b2\n|j|\u2606p0y2306290f\n|t:|1783565761\n|gametype|singles\n|player|p1|p0x230666b2|170|\n|player|p2|p0y2306290f|2|\n|gen|9\n|tier|[Gen 9] Random Battle\n|rule|Species Clause: Limit one of each Pok\u00e9mon\n|rule|HP Percentage Mod: HP is shown in percentages\n|rule|Sleep Clause Mod: Limit one foe put to sleep\n|rule|Illusion Level Mod: Illusion disguises the Pok\u00e9mon's true level\n|\n|t:|1783565761\n|teamsize|p1|6\n|teamsize|p2|6\n|start\n|switch|p1a: Chimecho|Chimecho, L93, M|290/290\n|switch|p2a: Golem|Golem-Alola, L93, F|100/100\n|turn|1\n|inactive|Battle timer is ON: inactive players will automatically lose when time's up. (requested by p0x230666b2)\n|inactive|p0y2306290f also wants the timer to be on.\n|\n|t:|1783565763\n|switch|p1a: Groudon|Groudon, L72|263/263\n|-weather|SunnyDay|[from] ability: Drought|[of] p1a: Groudon\n|switch|p2a: Luxray|Luxray, L88, F|100/100\n|\n|-weather|SunnyDay|[upkeep]\n|-status|p2a: Luxray|brn|[from] item: Flame Orb\n|upkeep\n|turn|2\n|inactive|Time left: 300 sec this turn | 300 sec total\n|\n|t:|1783565764\n|-terastallize|p2a: Luxray|Normal\n|move|p2a: Luxray|Facade|p1a: Groudon\n|-damage|p1a: Groudon|35/263\n|move|p1a: Groudon|Precipice Blades|p2a: Luxray|[miss]\n|-miss|p1a: Groudon|p2a: Luxray\n|\n|-weather|SunnyDay|[upkeep]\n|-heal|p1a: Groudon|51/263|[from] item: Leftovers\n|-damage|p2a: Luxray|94/100 brn|[from] brn\n|upkeep\n|turn|3\n|inactive|Time left: 300 sec this turn | 300 sec total\n|\n|t:|1783565765\n|move|p2a: Luxray|Facade|p1a: Groudon\n|-damage|p1a: Groudon|0 fnt\n|faint|p1a: Groudon\n|\n|-weather|SunnyDay|[upkeep]\n|-damage|p2a: Luxray|88/100 brn|[from] brn\n|upkeep\n|inactive|Time left: 300 sec this turn | 300 sec total | 5 sec grace\n|\n|t:|1783565766\n|switch|p1a: Iron Leaves|Iron Leaves, L80|275/275\n|turn|4\n|inactive|Time left: 300 sec this turn | 300 sec total\n|\n|t:|1783565767\n|switch|p2a: Mesprit|Mesprit, L85|100/100\n|move|p1a: Iron Leaves|Close Combat|p2a: Mesprit\n|-resisted|p2a: Mesprit\n|-damage|p2a: Mesprit|76/100\n|-unboost|p1a: Iron Leaves|def|1\n|-unboost|p1a: Iron Leaves|spd|1\n|\n|-weather|SunnyDay|[upkeep]\n|upkeep\n|turn|5\n|inactive|Time left: 300 sec this turn | 300 sec total\n|\n|t:|1783565768\n|-end|p1a: Iron Leaves|Quark Drive|[silent]\n|switch|p1a: Dewgong|Dewgong, L94, F|322/322\n|move|p2a: Mesprit|Psychic|p1a: Dewgong\n|-damage|p1a: Dewgong|234/322\n|\n|-weather|none\n|upkeep\n|turn|6\n|inactive|Time left: 300 sec this turn | 300 sec total\n|\n|t:|1783565769\n|move|p1a: Dewgong|Knock Off|p2a: Mesprit\n|-supereffective|p2a: Mesprit\n|-damage|p2a: Mesprit|31/100\n|-enditem|p2a: Mesprit|Choice Specs|[from] move: Knock Off|[of] p1a: Dewgong\n|move|p2a: Mesprit|Psychic|p1a: Dewgong\n|-damage|p1a: Dewgong|179/322\n|\n|upkeep\n|turn|7\n|inactive|Time left: 300 sec this turn | 300 sec total\n|\n|t:|1783565770\n|switch|p2a: Tinkaton|Tinkaton, L82, F|100/100\n|-ability|p2a: Tinkaton|Mold Breaker\n|move|p1a: Dewgong|Triple Axel|p2a: Tinkaton\n|-resisted|p2a: Tinkaton\n|-damage|p2a: Tinkaton|96/100\n|-resisted|p2a: Tinkaton\n|-damage|p2a: Tinkaton|87/100\n|-resisted|p2a: Tinkaton\n|-damage|p2a: Tinkaton|75/100\n|-hitcount|p2a: Tinkaton|3\n|\n|-heal|p2a: Tinkaton|82/100|[from] item: Leftovers\n|upkeep\n|turn|8\n|inactive|Time left: 300 sec this turn | 300 sec total\n|\n|t:|1783565771\n|move|p2a: Tinkaton|Gigaton Hammer|p1a: Dewgong\n|-damage|p1a: Dewgong|62/322\n|move|p1a: Dewgong|Flip Turn|p2a: Tinkaton\n|-damage|p2a: Tinkaton|57/100\n|inactive|Time left: 300 sec this turn | 300 sec total | 5 sec grace\n|\n|t:|1783565773\n|switch|p1a: Iron Leaves|Iron Leaves, L80|275/275|[from] Flip Turn\n|\n|-heal|p2a: Tinkaton|63/100|[from] item: Leftovers\n|upkeep\n|turn|9\n|inactive|Time left: 300 sec this turn | 300 sec total\n|\n|t:|1783565774\n|move|p1a: Iron Leaves|Close Combat|p2a: Tinkaton\n|-damage|p2a: Tinkaton|2/100\n|-unboost|p1a: Iron Leaves|def|1\n|-unboost|p1a: Iron Leaves|spd|1\n|move|p2a: Tinkaton|Thunder Wave|p1a: Iron Leaves\n|-status|p1a: Iron Leaves|par\n|\n|-heal|p2a: Tinkaton|8/100|[from] item: Leftovers\n|upkeep\n|turn|10\n|inactive|Time left: 300 sec this turn | 300 sec total\n|\n|t:|1783565775\n|-end|p1a: Iron Leaves|Quark Drive|[silent]\n|switch|p1a: Chimecho|Chimecho, L93, M|290/290\n|move|p2a: Tinkaton|Gigaton Hammer|p1a: Chimecho\n|-damage|p1a: Chimecho|161/290\n|\n|-heal|p2a: Tinkaton|14/100|[from] item: Leftovers\n|-heal|p1a: Chimecho|179/290|[from] item: Leftovers\n|upkeep\n|turn|11\n|inactive|Time left: 300 sec this turn | 300 sec total\n|\n|t:|1783565776\n|move|p2a: Tinkaton|Thunder Wave|p1a: Chimecho|[miss]\n|-miss|p2a: Tinkaton|p1a: Chimecho\n|move|p1a: Chimecho|Cosmic Power|p1a: Chimecho\n|-boost|p1a: Chimecho|def|1\n|-boost|p1a: Chimecho|spd|1\n|\n|-heal|p2a: Tinkaton|21/100|[from] item: Leftovers\n|-heal|p1a: Chimecho|197/290|[from] item: Leftovers\n|upkeep\n|turn|12\n|inactive|Time left: 300 sec this turn | 300 sec total\n|\n|t:|1783565777\n|move|p2a: Tinkaton|Encore|p1a: Chimecho\n|-start|p1a: Chimecho|Encore\n|move|p1a: Chimecho|Cosmic Power|p1a: Chimecho\n|-boost|p1a: Chimecho|def|1\n|-boost|p1a: Chimecho|spd|1\n|\n|-heal|p2a: Tinkaton|27/100|[from] item: Leftovers\n|-heal|p1a: Chimecho|215/290|[from] item: Leftovers\n|upkeep\n|turn|13\n|inactive|Time left: 300 sec this turn | 300 sec total\n|\n|t:|1783565778\n|move|p2a: Tinkaton|Gigaton Hammer|p1a: Chimecho\n|-damage|p1a: Chimecho|157/290\n|move|p1a: Chimecho|Cosmic Power|p1a: Chimecho\n|-boost|p1a: Chimecho|def|1\n|-boost|p1a: Chimecho|spd|1\n|\n|-heal|p2a: Tinkaton|33/100|[from] item: Leftovers\n|-heal|p1a: Chimecho|175/290|[from] item: Leftovers\n|upkeep\n|turn|14\n|inactive|Time left: 300 sec this turn | 300 sec total\n|\n|t:|1783565779\n|move|p2a: Tinkaton|Thunder Wave|p1a: Chimecho\n|-status|p1a: Chimecho|par\n|move|p1a: Chimecho|Cosmic Power|p1a: Chimecho\n|-boost|p1a: Chimecho|def|1\n|-boost|p1a: Chimecho|spd|1\n|\n|-heal|p2a: Tinkaton|39/100|[from] item: Leftovers\n|-heal|p1a: Chimecho|193/290 par|[from] item: Leftovers\n|-end|p1a: Chimecho|Encore\n|upkeep\n|turn|15\n|inactive|Time left: 300 sec this turn | 300 sec total\n|\n|t:|1783565780\n|move|p2a: Tinkaton|Encore|p1a: Chimecho\n|-start|p1a: Chimecho|Encore\n|move|p1a: Chimecho|Cosmic Power|p1a: Chimecho\n|-boost|p1a: Chimecho|def|1\n|-boost|p1a: Chimecho|spd|1\n|\n|-heal|p2a: Tinkaton|45/100|[from] item: Leftovers\n|-heal|p1a: Chimecho|211/290 par|[from] item: Leftovers\n|upkeep\n|turn|16\n|inactive|Time left: 300 sec this turn | 300 sec total\n|\n|t:|1783565781\n|move|p2a: Tinkaton|Gigaton Hammer|p1a: Chimecho\n|-damage|p1a: Chimecho|169/290 par\n|move|p1a: Chimecho|Cosmic Power|p1a: Chimecho\n|-boost|p1a: Chimecho|def|1\n|-boost|p1a: Chimecho|spd|1\n|\n|-heal|p2a: Tinkaton|52/100|[from] item: Leftovers\n|-heal|p1a: Chimecho|187/290 par|[from] item: Leftovers\n|upkeep\n|turn|17\n|inactive|Time left: 300 sec this turn | 300 sec total\n|\n|t:|1783565782\n|move|p2a: Tinkaton|Thunder Wave|p1a: Chimecho\n|-fail|p1a: Chimecho|par\n|move|p1a: Chimecho|Cosmic Power|p1a: Chimecho\n|-boost|p1a: Chimecho|def|0\n|-boost|p1a: Chimecho|spd|0\n|\n|-heal|p2a: Tinkaton|58/100|[from] item: Leftovers\n|-heal|p1a: Chimecho|205/290 par|[from] item: Leftovers\n|-end|p1a: Chimecho|Encore\n|upkeep\n|turn|18\n|inactive|Time left: 300 sec this turn | 300 sec total\n|\n|t:|1783565783\n|move|p2a: Tinkaton|Encore|p1a: Chimecho\n|-start|p1a: Chimecho|Encore\n|move|p1a: Chimecho|Cosmic Power|p1a: Chimecho\n|-boost|p1a: Chimecho|def|0\n|-boost|p1a: Chimecho|spd|0\n|\n|-heal|p2a: Tinkaton|64/100|[from] item: Leftovers\n|-heal|p1a: Chimecho|223/290 par|[from] item: Leftovers\n|upkeep\n|turn|19\n|inactive|Time left: 300 sec this turn | 300 sec total\n|\n|t:|1783565784\n|move|p2a: Tinkaton|Play Rough|p1a: Chimecho\n|-damage|p1a: Chimecho|204/290 par\n|move|p1a: Chimecho|Cosmic Power|p1a: Chimecho\n|-boost|p1a: Chimecho|def|0\n|-boost|p1a: Chimecho|spd|0\n|\n|-heal|p2a: Tinkaton|70/100|[from] item: Leftovers\n|-heal|p1a: Chimecho|222/290 par|[from] item: Leftovers\n|upkeep\n|turn|20\n|inactive|Time left: 300 sec this turn | 300 sec total\n|\n|t:|1783565785\n|move|p2a: Tinkaton|Gigaton Hammer|p1a: Chimecho\n|-damage|p1a: Chimecho|189/290 par\n|move|p1a: Chimecho|Cosmic Power|p1a: Chimecho\n|-boost|p1a: Chimecho|def|0\n|-boost|p1a: Chimecho|spd|0\n|\n|-heal|p2a: Tinkaton|76/100|[from] item: Leftovers\n|-heal|p1a: Chimecho|207/290 par|[from] item: Leftovers\n|-end|p1a: Chimecho|Encore\n|upkeep\n|turn|21\n|inactive|Time left: 300 sec this turn | 300 sec total\n|\n|t:|1783565786\n|move|p2a: Tinkaton|Encore|p1a: Chimecho\n|-start|p1a: Chimecho|Encore\n|move|p1a: Chimecho|Cosmic Power|p1a: Chimecho\n|-boost|p1a: Chimecho|def|0\n|-boost|p1a: Chimecho|spd|0\n|\n|-heal|p2a: Tinkaton|83/100|[from] item: Leftovers\n|-heal|p1a: Chimecho|225/290 par|[from] item: Leftovers\n|upkeep\n|turn|22\n|inactive|Time left: 300 sec this turn | 300 sec total\n|\n|t:|1783565787\n|move|p2a: Tinkaton|Play Rough|p1a: Chimecho\n|-damage|p1a: Chimecho|207/290 par\n|move|p1a: Chimecho|Cosmic Power|p1a: Chimecho\n|-boost|p1a: Chimecho|def|0\n|-boost|p1a: Chimecho|spd|0\n|\n|-heal|p2a: Tinkaton|89/100|[from] item: Leftovers\n|-heal|p1a: Chimecho|225/290 par|[from] item: Leftovers\n|upkeep\n|turn|23\n|inactive|Time left: 300 sec this turn | 300 sec total\n|\n|t:|1783565788\n|move|p2a: Tinkaton|Gigaton Hammer|p1a: Chimecho\n|-damage|p1a: Chimecho|195/290 par\n|move|p1a: Chimecho|Cosmic Power|p1a: Chimecho\n|-boost|p1a: Chimecho|def|0\n|-boost|p1a: Chimecho|spd|0\n|\n|-heal|p2a: Tinkaton|95/100|[from] item: Leftovers\n|-heal|p1a: Chimecho|213/290 par|[from] item: Leftovers\n|-end|p1a: Chimecho|Encore\n|upkeep\n|turn|24\n|inactive|Time left: 300 sec this turn | 300 sec total\n|\n|t:|1783565789\n|move|p2a: Tinkaton|Encore|p1a: Chimecho\n|-start|p1a: Chimecho|Encore\n|cant|p1a: Chimecho|par\n|\n|-heal|p2a: Tinkaton|100/100|[from] item: Leftovers\n|-heal|p1a: Chimecho|231/290 par|[from] item: Leftovers\n|upkeep\n|turn|25\n|inactive|Time left: 300 sec this turn | 300 sec total\n|\n|t:|1783565791\n|move|p2a: Tinkaton|Gigaton Hammer|p1a: Chimecho\n|-damage|p1a: Chimecho|198/290 par\n|move|p1a: Chimecho|Cosmic Power|p1a: Chimecho\n|-boost|p1a: Chimecho|def|0\n|-boost|p1a: Chimecho|spd|0\n|\n|-heal|p1a: Chimecho|216/290 par|[from] item: Leftovers\n|upkeep\n|turn|26\n|inactive|Time left: 300 sec this turn | 300 sec total\n|\n|t:|1783565792\n|switch|p2a: Golem|Golem-Alola, L93, F|100/100\n|move|p1a: Chimecho|Cosmic Power|p1a: Chimecho\n|-boost|p1a: Chimecho|def|0\n|-boost|p1a: Chimecho|spd|0\n|\n|-heal|p1a: Chimecho|234/290 par|[from] item: Leftovers\n|-end|p1a: Chimecho|Encore\n|upkeep\n|turn|27\n|inactive|Time left: 300 sec this turn | 300 sec total\n|\n|t:|1783565793\n|switch|p2a: Roaring Moon|Roaring Moon, L72|100/100\n|move|p1a: Chimecho|Stored Power|p2a: Roaring Moon\n|-immune|p2a: Roaring Moon\n|\n|-heal|p1a: Chimecho|252/290 par|[from] item: Leftovers\n|upkeep\n|turn|28\n|inactive|Time left: 300 sec this turn | 300 sec total\n|\n|t:|1783565794\n|move|p2a: Roaring Moon|Knock Off|p1a: Chimecho\n|-supereffective|p1a: Chimecho\n|-damage|p1a: Chimecho|180/290 par\n|-enditem|p1a: Chimecho|Leftovers|[from] move: Knock Off|[of] p2a: Roaring Moon\n|move|p1a: Chimecho|Dazzling Gleam|p2a: Roaring Moon\n|-supereffective|p2a: Roaring Moon\n|-crit|p2a: Roaring Moon\n|-damage|p2a: Roaring Moon|0 fnt\n|faint|p2a: Roaring Moon\n|-end|p2a: Roaring Moon|Protosynthesis|[silent]\n|\n|upkeep\n|\n|t:|1783565795\n|switch|p2a: Tinkaton|Tinkaton, L82, F|100/100\n|-ability|p2a: Tinkaton|Mold Breaker\n|turn|29\n|inactive|Time left: 300 sec this turn | 300 sec total\n|\n|t:|1783565796\n|move|p2a: Tinkaton|Encore|p1a: Chimecho\n|-start|p1a: Chimecho|Encore\n|move|p1a: Chimecho|Dazzling Gleam|p2a: Tinkaton\n|-resisted|p2a: Tinkaton\n|-damage|p2a: Tinkaton|88/100\n|\n|-heal|p2a: Tinkaton|95/100|[from] item: Leftovers\n|upkeep\n|turn|30\n|inactive|Time left: 300 sec this turn | 300 sec total\n|\n|t:|1783565798\n|move|p2a: Tinkaton|Play Rough|p1a: Chimecho\n|-damage|p1a: Chimecho|162/290 par\n|move|p1a: Chimecho|Dazzling Gleam|p2a: Tinkaton\n|-resisted|p2a: Tinkaton\n|-damage|p2a: Tinkaton|84/100\n|\n|-heal|p2a: Tinkaton|90/100|[from] item: Leftovers\n|upkeep\n|turn|31\n|inactive|Time left: 300 sec this turn | 300 sec total\n|\n|t:|1783565799\n|move|p2a: Tinkaton|Gigaton Hammer|p1a: Chimecho\n|-damage|p1a: Chimecho|129/290 par\n|move|p1a: Chimecho|Dazzling Gleam|p2a: Tinkaton\n|-resisted|p2a: Tinkaton\n|-damage|p2a: Tinkaton|78/100\n|\n|-heal|p2a: Tinkaton|84/100|[from] item: Leftovers\n|-end|p1a: Chimecho|Encore\n|upkeep\n|turn|32\n|inactive|Time left: 300 sec this turn | 300 sec total\n|\n|t:|1783565800\n|move|p2a: Tinkaton|Encore|p1a: Chimecho\n|-start|p1a: Chimecho|Encore\n|move|p1a: Chimecho|Dazzling Gleam|p2a: Tinkaton\n|-resisted|p2a: Tinkaton\n|-damage|p2a: Tinkaton|73/100\n|\n|-heal|p2a: Tinkaton|79/100|[from] item: Leftovers\n|upkeep\n|turn|33\n|inactive|Time left: 300 sec this turn | 300 sec total\n|\n|t:|1783565801\n|move|p2a: Tinkaton|Play Rough|p1a: Chimecho\n|-damage|p1a: Chimecho|108/290 par\n|-unboost|p1a: Chimecho|atk|1\n|move|p1a: Chimecho|Dazzling Gleam|p2a: Tinkaton\n|-resisted|p2a: Tinkaton\n|-damage|p2a: Tinkaton|69/100\n|\n|-heal|p2a: Tinkaton|75/100|[from] item: Leftovers\n|upkeep\n|turn|34\n|inactive|Time left: 300 sec this turn | 300 sec total\n|\n|t:|1783565803\n|move|p2a: Tinkaton|Play Rough|p1a: Chimecho\n|-damage|p1a: Chimecho|89/290 par\n|cant|p1a: Chimecho|par\n|\n|-heal|p2a: Tinkaton|82/100|[from] item: Leftovers\n|-end|p1a: Chimecho|Encore\n|upkeep\n|turn|35\n|inactive|Time left: 300 sec this turn | 300 sec total\n|\n|t:|1783565804\n|move|p2a: Tinkaton|Encore|p1a: Chimecho\n|-start|p1a: Chimecho|Encore\n|move|p1a: Chimecho|Dazzling Gleam|p2a: Tinkaton\n|-resisted|p2a: Tinkaton\n|-damage|p2a: Tinkaton|69/100\n|\n|-heal|p2a: Tinkaton|76/100|[from] item: Leftovers\n|upkeep\n|turn|36\n|inactive|Time left: 300 sec this turn | 300 sec total\n|\n|t:|1783565805\n|move|p2a: Tinkaton|Play Rough|p1a: Chimecho\n|-damage|p1a: Chimecho|70/290 par\n|move|p1a: Chimecho|Dazzling Gleam|p2a: Tinkaton\n|-resisted|p2a: Tinkaton\n|-damage|p2a: Tinkaton|65/100\n|\n|-heal|p2a: Tinkaton|71/100|[from] item: Leftovers\n|upkeep\n|turn|37\n|inactive|Time left: 300 sec this turn | 300 sec total\n|\n|t:|1783565806\n|switch|p2a: Basculegion|Basculegion-F, L83, F|100/100\n|cant|p1a: Chimecho|par\n|\n|-end|p1a: Chimecho|Encore\n|upkeep\n|turn|38\n|inactive|Time left: 300 sec this turn | 300 sec total\n|\n|t:|1783565807\n|-terastallize|p1a: Chimecho|Steel\n|move|p2a: Basculegion|Shadow Ball|p1a: Chimecho\n|-damage|p1a: Chimecho|30/290 par\n|cant|p1a: Chimecho|par\n|\n|upkeep\n|turn|39\n|inactive|Time left: 300 sec this turn | 300 sec total\n|\n|t:|1783565808\n|move|p2a: Basculegion|Shadow Ball|p1a: Chimecho\n|-crit|p1a: Chimecho\n|-damage|p1a: Chimecho|0 fnt\n|faint|p1a: Chimecho\n|\n|upkeep\n|inactive|Time left: 300 sec this turn | 300 sec total | 5 sec grace\n|\n|t:|1783565809\n|switch|p1a: Vivillon|Vivillon-Elegant, L83, M|268/268\n|turn|40\n|inactive|Time left: 300 sec this turn | 300 sec total\n|\n|t:|1783565810\n|move|p1a: Vivillon|Sleep Powder|p2a: Basculegion\n|-status|p2a: Basculegion|slp|[from] move: Sleep Powder\n|cant|p2a: Basculegion|slp\n|\n|upkeep\n|turn|41\n|inactive|Time left: 300 sec this turn | 300 sec total\n|\n|t:|1783565811\n|switch|p2a: Golem|Golem-Alola, L93, F|100/100\n|move|p1a: Vivillon|Hurricane|p2a: Golem\n|-resisted|p2a: Golem\n|-damage|p2a: Golem|90/100\n|\n|upkeep\n|turn|42\n|inactive|Time left: 300 sec this turn | 300 sec total\n|\n|t:|1783565812\n|move|p1a: Vivillon|Bug Buzz|p2a: Golem\n|-damage|p2a: Golem|54/100\n|move|p2a: Golem|Stone Edge|p1a: Vivillon\n|-supereffective|p1a: Vivillon\n|-damage|p1a: Vivillon|0 fnt\n|faint|p1a: Vivillon\n|-damage|p2a: Golem|44/100|[from] item: Life Orb\n|\n|upkeep\n|inactive|Time left: 300 sec this turn | 300 sec total | 5 sec grace\n|\n|t:|1783565812\n|switch|p1a: Hitmonchan|Hitmonchan, L87, M|229/229\n|turn|43\n|inactive|Time left: 300 sec this turn | 300 sec total\n|\n|t:|1783565813\n|move|p1a: Hitmonchan|Drain Punch|p2a: Golem\n|-supereffective|p2a: Golem\n|-damage|p2a: Golem|0 fnt\n|faint|p2a: Golem\n|\n|upkeep\n|\n|t:|1783565814\n|switch|p2a: Tinkaton|Tinkaton, L82, F|71/100\n|-ability|p2a: Tinkaton|Mold Breaker\n|turn|44\n|inactive|Time left: 300 sec this turn | 300 sec total\n|\n|t:|1783565815\n|move|p2a: Tinkaton|Play Rough|p1a: Hitmonchan|[miss]\n|-miss|p2a: Tinkaton|p1a: Hitmonchan\n|move|p1a: Hitmonchan|Drain Punch|p2a: Tinkaton\n|-damage|p2a: Tinkaton|24/100\n|\n|-heal|p2a: Tinkaton|30/100|[from] item: Leftovers\n|upkeep\n|turn|45\n|inactive|Time left: 300 sec this turn | 300 sec total\n|\n|t:|1783565816\n|move|p2a: Tinkaton|Play Rough|p1a: Hitmonchan\n|-supereffective|p1a: Hitmonchan\n|-damage|p1a: Hitmonchan|85/229\n|move|p1a: Hitmonchan|Drain Punch|p2a: Tinkaton\n|-damage|p2a: Tinkaton|0 fnt\n|-heal|p1a: Hitmonchan|126/229|[from] drain|[of] p2a: Tinkaton\n|faint|p2a: Tinkaton\n|\n|-heal|p1a: Hitmonchan|140/229|[from] item: Leftovers\n|upkeep\n|\n|t:|1783565817\n|switch|p2a: Mesprit|Mesprit, L85|31/100\n|turn|46\n|inactive|Time left: 300 sec this turn | 300 sec total\n|\n|t:|1783565818\n|switch|p1a: Dewgong|Dewgong, L94, F|62/322\n|move|p2a: Mesprit|Psychic|p1a: Dewgong\n|-damage|p1a: Dewgong|0 fnt\n|faint|p1a: Dewgong\n|\n|upkeep\n|inactive|Time left: 300 sec this turn | 300 sec total | 5 sec grace\n|\n|t:|1783565818\n|switch|p1a: Iron Leaves|Iron Leaves, L80|275/275 par\n|turn|47\n|inactive|Time left: 300 sec this turn | 300 sec total\n|\n|t:|1783565819\n|move|p2a: Mesprit|Ice Beam|p1a: Iron Leaves\n|-supereffective|p1a: Iron Leaves\n|-damage|p1a: Iron Leaves|155/275 par\n|cant|p1a: Iron Leaves|par\n|\n|upkeep\n|turn|48\n|inactive|Time left: 300 sec this turn | 300 sec total\n|\n|t:|1783565821\n|-end|p1a: Iron Leaves|Quark Drive|[silent]\n|switch|p1a: Hitmonchan|Hitmonchan, L87, M|140/229\n|move|p2a: Mesprit|Psychic|p1a: Hitmonchan\n|-supereffective|p1a: Hitmonchan\n|-damage|p1a: Hitmonchan|0 fnt\n|faint|p1a: Hitmonchan\n|\n|upkeep\n|inactive|Time left: 300 sec this turn | 300 sec total | 5 sec grace\n|\n|t:|1783565821\n|switch|p1a: Iron Leaves|Iron Leaves, L80|155/275 par\n|turn|49\n|inactive|Time left: 300 sec this turn | 300 sec total\n|\n|t:|1783565822\n|move|p2a: Mesprit|U-turn|p1a: Iron Leaves\n|-supereffective|p1a: Iron Leaves\n|-damage|p1a: Iron Leaves|0 fnt\n|faint|p1a: Iron Leaves\n|-end|p1a: Iron Leaves|Quark Drive|[silent]\n|\n|win|p0y2306290f", "uploadtime": 1783565822, "views": 0, "rating": 0, "private": 0, "password": null, "_winner": "p0y2306290f", "_our_name": "p0x230666b2"}