{"id": "battle-gen9randombattle-333", "formatid": "gen9randombattle", "format": "[Gen 9] Random Battle", "players": ["p0x3330f9a", "p0y333ed2d"], "log": "|init|battle\n|title|p0x3330f9a vs. p0y333ed2d\n|j|\u2606p0x3330f9a\n|j|\u2606p0y333ed2d\n|t:|1783542954\n|gametype|singles\n|player|p1|p0x3330f9a|265|\n|player|p2|p0y333ed2d|170|\n|gen|9\n|tier|[Gen 9] Random Battle\n|rule|Species Clause: Limit one of each Pok\u00e9mon\n|rule|HP Percentage Mod: HP is shown in percentages\n|rule|Sleep Clause Mod: Limit one foe put to sleep\n|rule|Illusion Level Mod: Illusion disguises the Pok\u00e9mon's true level\n|\n|t:|1783542954\n|teamsize|p1|6\n|teamsize|p2|6\n|start\n|switch|p1a: Vaporeon|Vaporeon, L86, M|364/364\n|switch|p2a: Medicham|Medicham, L86, M|100/100\n|turn|1\n|inactive|Battle timer is ON: inactive players will automatically lose when time's up. (requested by p0x3330f9a)\n|inactive|p0y333ed2d also wants the timer to be on.\n|\n|t:|1783542956\n|move|p2a: Medicham|Zen Headbutt|p1a: Vaporeon|[miss]\n|-miss|p2a: Medicham|p1a: Vaporeon\n|move|p1a: Vaporeon|Scald|p2a: Medicham\n|-damage|p2a: Medicham|52/100\n|-status|p2a: Medicham|brn\n|\n|-damage|p2a: Medicham|46/100 brn|[from] brn\n|upkeep\n|turn|2\n|inactive|Time left: 300 sec this turn | 300 sec total\n|\n|t:|1783542957\n|switch|p2a: Tatsugiri|Tatsugiri, L87, M|100/100\n|move|p1a: Vaporeon|Calm Mind|p1a: Vaporeon\n|-boost|p1a: Vaporeon|spa|1\n|-boost|p1a: Vaporeon|spd|1\n|\n|upkeep\n|turn|3\n|inactive|Time left: 300 sec this turn | 300 sec total\n|\n|t:|1783542958\n|move|p2a: Tatsugiri|Nasty Plot|p2a: Tatsugiri\n|-boost|p2a: Tatsugiri|spa|2\n|move|p1a: Vaporeon|Calm Mind|p1a: Vaporeon\n|-boost|p1a: Vaporeon|spa|1\n|-boost|p1a: Vaporeon|spd|1\n|\n|upkeep\n|turn|4\n|inactive|Time left: 300 sec this turn | 300 sec total\n|\n|t:|1783542959\n|move|p2a: Tatsugiri|Nasty Plot|p2a: Tatsugiri\n|-boost|p2a: Tatsugiri|spa|2\n|move|p1a: Vaporeon|Calm Mind|p1a: Vaporeon\n|-boost|p1a: Vaporeon|spa|1\n|-boost|p1a: Vaporeon|spd|1\n|\n|upkeep\n|turn|5\n|inactive|Time left: 300 sec this turn | 300 sec total\n|\n|t:|1783542960\n|move|p2a: Tatsugiri|Rapid Spin|p1a: Vaporeon\n|-crit|p1a: Vaporeon\n|-damage|p1a: Vaporeon|320/364\n|-boost|p2a: Tatsugiri|spe|1\n|move|p1a: Vaporeon|Calm Mind|p1a: Vaporeon\n|-boost|p1a: Vaporeon|spa|1\n|-boost|p1a: Vaporeon|spd|1\n|\n|-heal|p1a: Vaporeon|342/364|[from] item: Leftovers\n|upkeep\n|turn|6\n|inactive|Time left: 300 sec this turn | 300 sec total\n|\n|t:|1783542961\n|move|p1a: Vaporeon|Protect|p1a: Vaporeon\n|-singleturn|p1a: Vaporeon|Protect\n|move|p2a: Tatsugiri|Rapid Spin|p1a: Vaporeon\n|-activate|p1a: Vaporeon|move: Protect\n|\n|-heal|p1a: Vaporeon|364/364|[from] item: Leftovers\n|upkeep\n|turn|7\n|inactive|Time left: 300 sec this turn | 300 sec total\n|\n|t:|1783542962\n|move|p2a: Tatsugiri|Rapid Spin|p1a: Vaporeon\n|-damage|p1a: Vaporeon|335/364\n|-boost|p2a: Tatsugiri|spe|1\n|move|p1a: Vaporeon|Calm Mind|p1a: Vaporeon\n|-boost|p1a: Vaporeon|spa|1\n|-boost|p1a: Vaporeon|spd|1\n|\n|-heal|p1a: Vaporeon|357/364|[from] item: Leftovers\n|upkeep\n|turn|8\n|inactive|Time left: 300 sec this turn | 300 sec total\n|\n|t:|1783542964\n|move|p1a: Vaporeon|Protect|p1a: Vaporeon\n|-singleturn|p1a: Vaporeon|Protect\n|move|p2a: Tatsugiri|Rapid Spin|p1a: Vaporeon\n|-activate|p1a: Vaporeon|move: Protect\n|\n|-heal|p1a: Vaporeon|364/364|[from] item: Leftovers\n|upkeep\n|turn|9\n|inactive|Time left: 300 sec this turn | 300 sec total\n|\n|t:|1783542965\n|move|p2a: Tatsugiri|Nasty Plot|p2a: Tatsugiri\n|-boost|p2a: Tatsugiri|spa|2\n|move|p1a: Vaporeon|Calm Mind|p1a: Vaporeon\n|-boost|p1a: Vaporeon|spa|1\n|-boost|p1a: Vaporeon|spd|1\n|\n|upkeep\n|turn|10\n|inactive|Time left: 300 sec this turn | 300 sec total\n|\n|t:|1783542966\n|move|p1a: Vaporeon|Protect|p1a: Vaporeon\n|-singleturn|p1a: Vaporeon|Protect\n|move|p2a: Tatsugiri|Rapid Spin|p1a: Vaporeon\n|-activate|p1a: Vaporeon|move: Protect\n|\n|upkeep\n|turn|11\n|inactive|Time left: 300 sec this turn | 300 sec total\n|\n|t:|1783542967\n|move|p2a: Tatsugiri|Rapid Spin|p1a: Vaporeon\n|-damage|p1a: Vaporeon|332/364\n|-boost|p2a: Tatsugiri|spe|1\n|move|p1a: Vaporeon|Wish|p1a: Vaporeon\n|\n|-heal|p1a: Vaporeon|354/364|[from] item: Leftovers\n|upkeep\n|turn|12\n|inactive|Time left: 300 sec this turn | 300 sec total\n|\n|t:|1783542967\n|move|p2a: Tatsugiri|Rapid Spin|p1a: Vaporeon\n|-crit|p1a: Vaporeon\n|-damage|p1a: Vaporeon|305/364\n|-boost|p2a: Tatsugiri|spe|1\n|move|p1a: Vaporeon|Wish||[still]\n|-fail|p1a: Vaporeon\n|\n|-heal|p1a: Vaporeon|364/364|[from] move: Wish|[wisher] Vaporeon\n|upkeep\n|turn|13\n|inactive|Time left: 300 sec this turn | 300 sec total\n|\n|t:|1783542968\n|move|p1a: Vaporeon|Protect|p1a: Vaporeon\n|-singleturn|p1a: Vaporeon|Protect\n|move|p2a: Tatsugiri|Hydro Pump|p1a: Vaporeon\n|-activate|p1a: Vaporeon|move: Protect\n|\n|upkeep\n|turn|14\n|inactive|Time left: 300 sec this turn | 300 sec total\n|\n|t:|1783542969\n|move|p2a: Tatsugiri|Draco Meteor|p1a: Vaporeon\n|-damage|p1a: Vaporeon|201/364\n|-unboost|p2a: Tatsugiri|spa|2\n|move|p1a: Vaporeon|Wish|p1a: Vaporeon\n|\n|-heal|p1a: Vaporeon|223/364|[from] item: Leftovers\n|upkeep\n|turn|15\n|inactive|Time left: 300 sec this turn | 300 sec total\n|\n|t:|1783542971\n|move|p2a: Tatsugiri|Rapid Spin|p1a: Vaporeon\n|-damage|p1a: Vaporeon|192/364\n|-boost|p2a: Tatsugiri|spe|1\n|move|p1a: Vaporeon|Calm Mind|p1a: Vaporeon\n|-boost|p1a: Vaporeon|spa|0\n|-boost|p1a: Vaporeon|spd|0\n|\n|-heal|p1a: Vaporeon|364/364|[from] move: Wish|[wisher] Vaporeon\n|upkeep\n|turn|16\n|inactive|Time left: 300 sec this turn | 300 sec total\n|\n|t:|1783542972\n|move|p2a: Tatsugiri|Nasty Plot|p2a: Tatsugiri\n|-boost|p2a: Tatsugiri|spa|2\n|move|p1a: Vaporeon|Wish|p1a: Vaporeon\n|\n|upkeep\n|turn|17\n|inactive|Time left: 300 sec this turn | 300 sec total\n|\n|t:|1783542972\n|move|p2a: Tatsugiri|Nasty Plot|p2a: Tatsugiri\n|-boost|p2a: Tatsugiri|spa|0\n|move|p1a: Vaporeon|Calm Mind|p1a: Vaporeon\n|-boost|p1a: Vaporeon|spa|0\n|-boost|p1a: Vaporeon|spd|0\n|\n|upkeep\n|turn|18\n|inactive|Time left: 300 sec this turn | 300 sec total\n|\n|t:|1783542973\n|move|p1a: Vaporeon|Protect|p1a: Vaporeon\n|-singleturn|p1a: Vaporeon|Protect\n|move|p2a: Tatsugiri|Draco Meteor|p1a: Vaporeon\n|-activate|p1a: Vaporeon|move: Protect\n|\n|upkeep\n|turn|19\n|inactive|Time left: 300 sec this turn | 300 sec total\n|\n|t:|1783542974\n|move|p2a: Tatsugiri|Draco Meteor|p1a: Vaporeon\n|-damage|p1a: Vaporeon|217/364\n|-unboost|p2a: Tatsugiri|spa|2\n|move|p1a: Vaporeon|Wish|p1a: Vaporeon\n|\n|-heal|p1a: Vaporeon|239/364|[from] item: Leftovers\n|upkeep\n|turn|20\n|inactive|Time left: 300 sec this turn | 300 sec total\n|\n|t:|1783542975\n|move|p2a: Tatsugiri|Nasty Plot|p2a: Tatsugiri\n|-boost|p2a: Tatsugiri|spa|2\n|move|p1a: Vaporeon|Calm Mind|p1a: Vaporeon\n|-boost|p1a: Vaporeon|spa|0\n|-boost|p1a: Vaporeon|spd|0\n|\n|-heal|p1a: Vaporeon|364/364|[from] move: Wish|[wisher] Vaporeon\n|upkeep\n|turn|21\n|inactive|Time left: 300 sec this turn | 300 sec total\n|\n|t:|1783542976\n|move|p2a: Tatsugiri|Draco Meteor|p1a: Vaporeon\n|-damage|p1a: Vaporeon|211/364\n|-unboost|p2a: Tatsugiri|spa|2\n|move|p1a: Vaporeon|Wish|p1a: Vaporeon\n|\n|-heal|p1a: Vaporeon|233/364|[from] item: Leftovers\n|upkeep\n|turn|22\n|inactive|Time left: 300 sec this turn | 300 sec total\n|\n|t:|1783542977\n|move|p2a: Tatsugiri|Nasty Plot|p2a: Tatsugiri\n|-boost|p2a: Tatsugiri|spa|2\n|move|p1a: Vaporeon|Calm Mind|p1a: Vaporeon\n|-boost|p1a: Vaporeon|spa|0\n|-boost|p1a: Vaporeon|spd|0\n|\n|-heal|p1a: Vaporeon|364/364|[from] move: Wish|[wisher] Vaporeon\n|upkeep\n|turn|23\n|inactive|Time left: 300 sec this turn | 300 sec total\n|\n|t:|1783542978\n|move|p2a: Tatsugiri|Draco Meteor|p1a: Vaporeon\n|-damage|p1a: Vaporeon|211/364\n|-unboost|p2a: Tatsugiri|spa|2\n|move|p1a: Vaporeon|Wish|p1a: Vaporeon\n|\n|-heal|p1a: Vaporeon|233/364|[from] item: Leftovers\n|upkeep\n|turn|24\n|inactive|Time left: 300 sec this turn | 300 sec total\n|\n|t:|1783542979\n|move|p2a: Tatsugiri|Nasty Plot|p2a: Tatsugiri\n|-boost|p2a: Tatsugiri|spa|2\n|move|p1a: Vaporeon|Calm Mind|p1a: Vaporeon\n|-boost|p1a: Vaporeon|spa|0\n|-boost|p1a: Vaporeon|spd|0\n|\n|-heal|p1a: Vaporeon|364/364|[from] move: Wish|[wisher] Vaporeon\n|upkeep\n|turn|25\n|inactive|Time left: 300 sec this turn | 300 sec total\n|\n|t:|1783542980\n|move|p1a: Vaporeon|Protect|p1a: Vaporeon\n|-singleturn|p1a: Vaporeon|Protect\n|move|p2a: Tatsugiri|Draco Meteor|p1a: Vaporeon\n|-activate|p1a: Vaporeon|move: Protect\n|\n|upkeep\n|turn|26\n|inactive|Time left: 300 sec this turn | 300 sec total\n|\n|t:|1783542982\n|move|p2a: Tatsugiri|Draco Meteor|p1a: Vaporeon\n|-damage|p1a: Vaporeon|219/364\n|-unboost|p2a: Tatsugiri|spa|2\n|move|p1a: Vaporeon|Wish|p1a: Vaporeon\n|\n|-heal|p1a: Vaporeon|241/364|[from] item: Leftovers\n|upkeep\n|turn|27\n|inactive|Time left: 300 sec this turn | 300 sec total\n|\n|t:|1783542984\n|move|p2a: Tatsugiri|Nasty Plot|p2a: Tatsugiri\n|-boost|p2a: Tatsugiri|spa|2\n|move|p1a: Vaporeon|Calm Mind|p1a: Vaporeon\n|-boost|p1a: Vaporeon|spa|0\n|-boost|p1a: Vaporeon|spd|0\n|\n|-heal|p1a: Vaporeon|364/364|[from] move: Wish|[wisher] Vaporeon\n|upkeep\n|turn|28\n|inactive|Time left: 300 sec this turn | 300 sec total\n|\n|t:|1783542985\n|move|p2a: Tatsugiri|Draco Meteor|p1a: Vaporeon\n|-damage|p1a: Vaporeon|195/364\n|-unboost|p2a: Tatsugiri|spa|2\n|move|p1a: Vaporeon|Scald|p2a: Tatsugiri\n|-ability|p2a: Tatsugiri|Storm Drain|boost\n|-boost|p2a: Tatsugiri|spa|1\n|\n|-heal|p1a: Vaporeon|217/364|[from] item: Leftovers\n|upkeep\n|turn|29\n|inactive|Time left: 300 sec this turn | 300 sec total\n|\n|t:|1783542986\n|move|p2a: Tatsugiri|Rapid Spin|p1a: Vaporeon\n|-damage|p1a: Vaporeon|188/364\n|-boost|p2a: Tatsugiri|spe|1\n|move|p1a: Vaporeon|Wish|p1a: Vaporeon\n|\n|-heal|p1a: Vaporeon|210/364|[from] item: Leftovers\n|upkeep\n|turn|30\n|inactive|Time left: 300 sec this turn | 300 sec total\n|\n|t:|1783542987\n|move|p2a: Tatsugiri|Rapid Spin|p1a: Vaporeon\n|-damage|p1a: Vaporeon|179/364\n|move|p1a: Vaporeon|Calm Mind|p1a: Vaporeon\n|-boost|p1a: Vaporeon|spa|0\n|-boost|p1a: Vaporeon|spd|0\n|\n|-heal|p1a: Vaporeon|361/364|[from] move: Wish|[wisher] Vaporeon\n|-heal|p1a: Vaporeon|364/364|[from] item: Leftovers\n|upkeep\n|turn|31\n|inactive|Time left: 300 sec this turn | 300 sec total\n|\n|t:|1783542988\n|move|p2a: Tatsugiri|Nasty Plot|p2a: Tatsugiri\n|-boost|p2a: Tatsugiri|spa|1\n|move|p1a: Vaporeon|Scald|p2a: Tatsugiri\n|-immune|p2a: Tatsugiri|[from] ability: Storm Drain\n|\n|upkeep\n|turn|32\n|inactive|Time left: 300 sec this turn | 300 sec total\n|\n|t:|1783542989\n|move|p1a: Vaporeon|Protect|p1a: Vaporeon\n|-singleturn|p1a: Vaporeon|Protect\n|move|p2a: Tatsugiri|Rapid Spin|p1a: Vaporeon\n|-activate|p1a: Vaporeon|move: Protect\n|\n|upkeep\n|turn|33\n|inactive|Time left: 300 sec this turn | 300 sec total\n|\n|t:|1783542990\n|move|p2a: Tatsugiri|Hydro Pump|p1a: Vaporeon\n|-immune|p1a: Vaporeon|[from] ability: Water Absorb\n|move|p1a: Vaporeon|Wish|p1a: Vaporeon\n|\n|upkeep\n|turn|34\n|inactive|Time left: 300 sec this turn | 300 sec total\n|\n|t:|1783542991\n|move|p1a: Vaporeon|Protect|p1a: Vaporeon\n|-singleturn|p1a: Vaporeon|Protect\n|move|p2a: Tatsugiri|Hydro Pump|p1a: Vaporeon\n|-activate|p1a: Vaporeon|move: Protect\n|\n|upkeep\n|turn|35\n|inactive|Time left: 300 sec this turn | 300 sec total\n|\n|t:|1783542992\n|move|p2a: Tatsugiri|Nasty Plot|p2a: Tatsugiri\n|-boost|p2a: Tatsugiri|spa|0\n|move|p1a: Vaporeon|Wish|p1a: Vaporeon\n|\n|upkeep\n|turn|36\n|inactive|Time left: 300 sec this turn | 300 sec total\n|\n|t:|1783542993\n|move|p2a: Tatsugiri|Hydro Pump|p1a: Vaporeon\n|-immune|p1a: Vaporeon|[from] ability: Water Absorb\n|move|p1a: Vaporeon|Scald|p2a: Tatsugiri\n|-immune|p2a: Tatsugiri|[from] ability: Storm Drain\n|\n|upkeep\n|turn|37\n|inactive|Time left: 300 sec this turn | 300 sec total\n|\n|t:|1783542994\n|move|p2a: Tatsugiri|Hydro Pump|p1a: Vaporeon\n|-immune|p1a: Vaporeon|[from] ability: Water Absorb\n|move|p1a: Vaporeon|Calm Mind|p1a: Vaporeon\n|-boost|p1a: Vaporeon|spa|0\n|-boost|p1a: Vaporeon|spd|0\n|\n|upkeep\n|turn|38\n|inactive|Time left: 300 sec this turn | 300 sec total\n|\n|t:|1783542995\n|move|p2a: Tatsugiri|Hydro Pump|p1a: Vaporeon\n|-immune|p1a: Vaporeon|[from] ability: Water Absorb\n|move|p1a: Vaporeon|Wish|p1a: Vaporeon\n|\n|upkeep\n|turn|39\n|inactive|Time left: 300 sec this turn | 300 sec total\n|\n|t:|1783542996\n|move|p2a: Tatsugiri|Rapid Spin|p1a: Vaporeon\n|-damage|p1a: Vaporeon|334/364\n|move|p1a: Vaporeon|Scald|p2a: Tatsugiri\n|-immune|p2a: Tatsugiri|[from] ability: Storm Drain\n|\n|-heal|p1a: Vaporeon|364/364|[from] move: Wish|[wisher] Vaporeon\n|upkeep\n|turn|40\n|inactive|Time left: 300 sec this turn | 300 sec total\n|\n|t:|1783542997\n|move|p2a: Tatsugiri|Nasty Plot|p2a: Tatsugiri\n|-boost|p2a: Tatsugiri|spa|0\n|move|p1a: Vaporeon|Wish|p1a: Vaporeon\n|\n|upkeep\n|turn|41\n|inactive|Time left: 300 sec this turn | 300 sec total\n|\n|t:|1783542998\n|move|p2a: Tatsugiri|Hydro Pump|p1a: Vaporeon\n|-immune|p1a: Vaporeon|[from] ability: Water Absorb\n|move|p1a: Vaporeon|Scald|p2a: Tatsugiri\n|-immune|p2a: Tatsugiri|[from] ability: Storm Drain\n|\n|upkeep\n|turn|42\n|inactive|Time left: 300 sec this turn | 300 sec total\n|\n|t:|1783542999\n|move|p2a: Tatsugiri|Rapid Spin|p1a: Vaporeon\n|-damage|p1a: Vaporeon|334/364\n|move|p1a: Vaporeon|Scald|p2a: Tatsugiri\n|-immune|p2a: Tatsugiri|[from] ability: Storm Drain\n|\n|-heal|p1a: Vaporeon|356/364|[from] item: Leftovers\n|upkeep\n|turn|43\n|inactive|Time left: 300 sec this turn | 300 sec total\n|\n|t:|1783542999\n|move|p2a: Tatsugiri|Rapid Spin|p1a: Vaporeon\n|-damage|p1a: Vaporeon|327/364\n|move|p1a: Vaporeon|Scald|p2a: Tatsugiri\n|-immune|p2a: Tatsugiri|[from] ability: Storm Drain\n|\n|-heal|p1a: Vaporeon|349/364|[from] item: Leftovers\n|upkeep\n|turn|44\n|inactive|Time left: 300 sec this turn | 300 sec total\n|\n|t:|1783543001\n|move|p2a: Tatsugiri|Nasty Plot|p2a: Tatsugiri\n|-boost|p2a: Tatsugiri|spa|0\n|move|p1a: Vaporeon|Wish|p1a: Vaporeon\n|\n|-heal|p1a: Vaporeon|364/364|[from] item: Leftovers\n|upkeep\n|turn|45\n|inactive|Time left: 300 sec this turn | 300 sec total\n|\n|t:|1783543001\n|move|p1a: Vaporeon|Protect|p1a: Vaporeon\n|-singleturn|p1a: Vaporeon|Protect\n|move|p2a: Tatsugiri|Nasty Plot|p2a: Tatsugiri\n|-boost|p2a: Tatsugiri|spa|0\n|\n|upkeep\n|turn|46\n|inactive|Time left: 300 sec this turn | 300 sec total\n|\n|t:|1783543002\n|move|p2a: Tatsugiri|Nasty Plot|p2a: Tatsugiri\n|-boost|p2a: Tatsugiri|spa|0\n|move|p1a: Vaporeon|Wish|p1a: Vaporeon\n|\n|upkeep\n|turn|47\n|inactive|Time left: 300 sec this turn | 300 sec total\n|\n|t:|1783543003\n|move|p2a: Tatsugiri|Nasty Plot|p2a: Tatsugiri\n|-boost|p2a: Tatsugiri|spa|0\n|move|p1a: Vaporeon|Calm Mind|p1a: Vaporeon\n|-boost|p1a: Vaporeon|spa|0\n|-boost|p1a: Vaporeon|spd|0\n|\n|upkeep\n|turn|48\n|inactive|Time left: 300 sec this turn | 300 sec total\n|\n|t:|1783543004\n|move|p2a: Tatsugiri|Nasty Plot|p2a: Tatsugiri\n|-boost|p2a: Tatsugiri|spa|0\n|move|p1a: Vaporeon|Scald|p2a: Tatsugiri\n|-immune|p2a: Tatsugiri|[from] ability: Storm Drain\n|\n|upkeep\n|turn|49\n|inactive|Time left: 300 sec this turn | 300 sec total\n|\n|t:|1783543005\n|move|p1a: Vaporeon|Protect|p1a: Vaporeon\n|-singleturn|p1a: Vaporeon|Protect\n|move|p2a: Tatsugiri|Nasty Plot|p2a: Tatsugiri\n|-boost|p2a: Tatsugiri|spa|0\n|\n|upkeep\n|turn|50\n|inactive|Time left: 300 sec this turn | 300 sec total\n|\n|t:|1783543006\n|move|p2a: Tatsugiri|Rapid Spin|p1a: Vaporeon\n|-damage|p1a: Vaporeon|335/364\n|move|p1a: Vaporeon|Calm Mind|p1a: Vaporeon\n|-boost|p1a: Vaporeon|spa|0\n|-boost|p1a: Vaporeon|spd|0\n|\n|-heal|p1a: Vaporeon|357/364|[from] item: Leftovers\n|upkeep\n|turn|51\n|inactive|Time left: 300 sec this turn | 300 sec total\n|\n|t:|1783543007\n|move|p1a: Vaporeon|Protect|p1a: Vaporeon\n|-singleturn|p1a: Vaporeon|Protect\n|move|p2a: Tatsugiri|Nasty Plot|p2a: Tatsugiri\n|-boost|p2a: Tatsugiri|spa|0\n|\n|-heal|p1a: Vaporeon|364/364|[from] item: Leftovers\n|upkeep\n|turn|52\n|inactive|Time left: 300 sec this turn | 300 sec total\n|\n|t:|1783543009\n|move|p2a: Tatsugiri|Rapid Spin|p1a: Vaporeon\n|-damage|p1a: Vaporeon|330/364\n|move|p1a: Vaporeon|Scald|p2a: Tatsugiri\n|-immune|p2a: Tatsugiri|[from] ability: Storm Drain\n|\n|-heal|p1a: Vaporeon|352/364|[from] item: Leftovers\n|upkeep\n|turn|53\n|inactive|Time left: 300 sec this turn | 300 sec total\n|\n|t:|1783543010\n|move|p2a: Tatsugiri|Rapid Spin|p1a: Vaporeon\n|-damage|p1a: Vaporeon|320/364\n|move|p1a: Vaporeon|Calm Mind|p1a: Vaporeon\n|-boost|p1a: Vaporeon|spa|0\n|-boost|p1a: Vaporeon|spd|0\n|\n|-heal|p1a: Vaporeon|342/364|[from] item: Leftovers\n|upkeep\n|turn|54\n|inactive|Time left: 300 sec this turn | 300 sec total\n|\n|t:|1783543011\n|move|p2a: Tatsugiri|Nasty Plot|p2a: Tatsugiri\n|-boost|p2a: Tatsugiri|spa|0\n|move|p1a: Vaporeon|Calm Mind|p1a: Vaporeon\n|-boost|p1a: Vaporeon|spa|0\n|-boost|p1a: Vaporeon|spd|0\n|\n|-heal|p1a: Vaporeon|364/364|[from] item: Leftovers\n|upkeep\n|turn|55\n|inactive|Time left: 300 sec this turn | 300 sec total\n|\n|t:|1783543012\n|move|p2a: Tatsugiri|Nasty Plot|p2a: Tatsugiri\n|-boost|p2a: Tatsugiri|spa|0\n|move|p1a: Vaporeon|Scald|p2a: Tatsugiri\n|-immune|p2a: Tatsugiri|[from] ability: Storm Drain\n|\n|upkeep\n|turn|56\n|inactive|Time left: 300 sec this turn | 300 sec total\n|\n|t:|1783543013\n|move|p1a: Vaporeon|Protect|p1a: Vaporeon\n|-singleturn|p1a: Vaporeon|Protect\n|move|p2a: Tatsugiri|Rapid Spin|p1a: Vaporeon\n|-activate|p1a: Vaporeon|move: Protect\n|\n|upkeep\n|turn|57\n|inactive|Time left: 300 sec this turn | 300 sec total\n|\n|t:|1783543014\n|move|p2a: Tatsugiri|Nasty Plot|p2a: Tatsugiri\n|-boost|p2a: Tatsugiri|spa|0\n|move|p1a: Vaporeon|Scald|p2a: Tatsugiri\n|-immune|p2a: Tatsugiri|[from] ability: Storm Drain\n|\n|upkeep\n|turn|58\n|inactive|Time left: 300 sec this turn | 300 sec total\n|\n|t:|1783543015\n|move|p1a: Vaporeon|Protect|p1a: Vaporeon\n|-singleturn|p1a: Vaporeon|Protect\n|move|p2a: Tatsugiri|Rapid Spin|p1a: Vaporeon\n|-activate|p1a: Vaporeon|move: Protect\n|\n|upkeep\n|turn|59\n|inactive|Time left: 300 sec this turn | 300 sec total\n|\n|t:|1783543016\n|move|p2a: Tatsugiri|Rapid Spin|p1a: Vaporeon\n|-damage|p1a: Vaporeon|334/364\n|move|p1a: Vaporeon|Scald|p2a: Tatsugiri\n|-immune|p2a: Tatsugiri|[from] ability: Storm Drain\n|\n|-heal|p1a: Vaporeon|356/364|[from] item: Leftovers\n|upkeep\n|turn|60\n|inactive|Time left: 300 sec this turn | 300 sec total\n|\n|t:|1783543017\n|move|p2a: Tatsugiri|Rapid Spin|p1a: Vaporeon\n|-damage|p1a: Vaporeon|323/364\n|move|p1a: Vaporeon|Calm Mind|p1a: Vaporeon\n|-boost|p1a: Vaporeon|spa|0\n|-boost|p1a: Vaporeon|spd|0\n|\n|-heal|p1a: Vaporeon|345/364|[from] item: Leftovers\n|upkeep\n|turn|61\n|inactive|Time left: 300 sec this turn | 300 sec total\n|\n|t:|1783543018\n|move|p2a: Tatsugiri|Rapid Spin|p1a: Vaporeon\n|-damage|p1a: Vaporeon|316/364\n|move|p1a: Vaporeon|Scald|p2a: Tatsugiri\n|-immune|p2a: Tatsugiri|[from] ability: Storm Drain\n|\n|-heal|p1a: Vaporeon|338/364|[from] item: Leftovers\n|upkeep\n|turn|62\n|inactive|Time left: 300 sec this turn | 300 sec total\n|\n|t:|1783543020\n|move|p2a: Tatsugiri|Nasty Plot|p2a: Tatsugiri\n|-boost|p2a: Tatsugiri|spa|0\n|move|p1a: Vaporeon|Calm Mind|p1a: Vaporeon\n|-boost|p1a: Vaporeon|spa|0\n|-boost|p1a: Vaporeon|spd|0\n|\n|-heal|p1a: Vaporeon|360/364|[from] item: Leftovers\n|upkeep\n|turn|63\n|inactive|Time left: 300 sec this turn | 300 sec total\n|\n|t:|1783543021\n|move|p2a: Tatsugiri|Nasty Plot|p2a: Tatsugiri\n|-boost|p2a: Tatsugiri|spa|0\n|move|p1a: Vaporeon|Scald|p2a: Tatsugiri\n|-immune|p2a: Tatsugiri|[from] ability: Storm Drain\n|\n|-heal|p1a: Vaporeon|364/364|[from] item: Leftovers\n|upkeep\n|turn|64\n|inactive|Time left: 300 sec this turn | 300 sec total\n|\n|t:|1783543022\n|move|p2a: Tatsugiri|Nasty Plot|p2a: Tatsugiri\n|-boost|p2a: Tatsugiri|spa|0\n|move|p1a: Vaporeon|Calm Mind|p1a: Vaporeon\n|-boost|p1a: Vaporeon|spa|0\n|-boost|p1a: Vaporeon|spd|0\n|\n|upkeep\n|turn|65\n|inactive|Time left: 300 sec this turn | 300 sec total\n|\n|t:|1783543023\n|move|p2a: Tatsugiri|Rapid Spin|p1a: Vaporeon\n|-damage|p1a: Vaporeon|336/364\n|move|p1a: Vaporeon|Scald|p2a: Tatsugiri\n|-immune|p2a: Tatsugiri|[from] ability: Storm Drain\n|\n|-heal|p1a: Vaporeon|358/364|[from] item: Leftovers\n|upkeep\n|turn|66\n|inactive|Time left: 300 sec this turn | 300 sec total\n|\n|t:|1783543024\n|move|p1a: Vaporeon|Protect|p1a: Vaporeon\n|-singleturn|p1a: Vaporeon|Protect\n|move|p2a: Tatsugiri|Nasty Plot|p2a: Tatsugiri\n|-boost|p2a: Tatsugiri|spa|0\n|\n|-heal|p1a: Vaporeon|364/364|[from] item: Leftovers\n|upkeep\n|turn|67\n|inactive|Time left: 300 sec this turn | 300 sec total\n|\n|t:|1783543025\n|move|p2a: Tatsugiri|Rapid Spin|p1a: Vaporeon\n|-damage|p1a: Vaporeon|332/364\n|move|p1a: Vaporeon|Calm Mind|p1a: Vaporeon\n|-boost|p1a: Vaporeon|spa|0\n|-boost|p1a: Vaporeon|spd|0\n|\n|-heal|p1a: Vaporeon|354/364|[from] item: Leftovers\n|upkeep\n|turn|68\n|inactive|Time left: 300 sec this turn | 300 sec total\n|\n|t:|1783543026\n|move|p2a: Tatsugiri|Rapid Spin|p1a: Vaporeon\n|-damage|p1a: Vaporeon|324/364\n|move|p1a: Vaporeon|Calm Mind|p1a: Vaporeon\n|-boost|p1a: Vaporeon|spa|0\n|-boost|p1a: Vaporeon|spd|0\n|\n|-heal|p1a: Vaporeon|346/364|[from] item: Leftovers\n|upkeep\n|turn|69\n|inactive|Time left: 300 sec this turn | 300 sec total\n|\n|t:|1783543027\n|move|p2a: Tatsugiri|Nasty Plot|p2a: Tatsugiri\n|-boost|p2a: Tatsugiri|spa|0\n|move|p1a: Vaporeon|Calm Mind|p1a: Vaporeon\n|-boost|p1a: Vaporeon|spa|0\n|-boost|p1a: Vaporeon|spd|0\n|\n|-heal|p1a: Vaporeon|364/364|[from] item: Leftovers\n|upkeep\n|turn|70\n|inactive|Time left: 300 sec this turn | 300 sec total\n|\n|t:|1783543028\n|move|p2a: Tatsugiri|Nasty Plot|p2a: Tatsugiri\n|-boost|p2a: Tatsugiri|spa|0\n|move|p1a: Vaporeon|Scald|p2a: Tatsugiri\n|-immune|p2a: Tatsugiri|[from] ability: Storm Drain\n|\n|upkeep\n|turn|71\n|inactive|Time left: 300 sec this turn | 300 sec total\n|\n|t:|1783543029\n|move|p1a: Vaporeon|Protect|p1a: Vaporeon\n|-singleturn|p1a: Vaporeon|Protect\n|move|p2a: Tatsugiri|Nasty Plot|p2a: Tatsugiri\n|-boost|p2a: Tatsugiri|spa|0\n|\n|upkeep\n|turn|72\n|inactive|Time left: 300 sec this turn | 300 sec total\n|\n|t:|1783543030\n|move|p2a: Tatsugiri|Rapid Spin|p1a: Vaporeon\n|-damage|p1a: Vaporeon|334/364\n|move|p1a: Vaporeon|Scald|p2a: Tatsugiri\n|-immune|p2a: Tatsugiri|[from] ability: Storm Drain\n|\n|-heal|p1a: Vaporeon|356/364|[from] item: Leftovers\n|upkeep\n|turn|73\n|inactive|Time left: 300 sec this turn | 300 sec total\n|\n|t:|1783543031\n|move|p2a: Tatsugiri|Nasty Plot|p2a: Tatsugiri\n|-boost|p2a: Tatsugiri|spa|0\n|move|p1a: Vaporeon|Scald|p2a: Tatsugiri\n|-immune|p2a: Tatsugiri|[from] ability: Storm Drain\n|\n|-heal|p1a: Vaporeon|364/364|[from] item: Leftovers\n|upkeep\n|turn|74\n|inactive|Time left: 300 sec this turn | 300 sec total\n|\n|t:|1783543032\n|move|p2a: Tatsugiri|Rapid Spin|p1a: Vaporeon\n|-damage|p1a: Vaporeon|336/364\n|move|p1a: Vaporeon|Scald|p2a: Tatsugiri\n|-immune|p2a: Tatsugiri|[from] ability: Storm Drain\n|\n|-heal|p1a: Vaporeon|358/364|[from] item: Leftovers\n|upkeep\n|turn|75\n|inactive|Time left: 300 sec this turn | 300 sec total\n|\n|t:|1783543033\n|move|p2a: Tatsugiri|Rapid Spin|p1a: Vaporeon\n|-damage|p1a: Vaporeon|327/364\n|move|p1a: Vaporeon|Calm Mind|p1a: Vaporeon\n|-boost|p1a: Vaporeon|spa|0\n|-boost|p1a: Vaporeon|spd|0\n|\n|-heal|p1a: Vaporeon|349/364|[from] item: Leftovers\n|upkeep\n|turn|76\n|inactive|Time left: 300 sec this turn | 300 sec total\n|\n|t:|1783543034\n|move|p2a: Tatsugiri|Rapid Spin|p1a: Vaporeon\n|-damage|p1a: Vaporeon|318/364\n|move|p1a: Vaporeon|Scald|p2a: Tatsugiri\n|-immune|p2a: Tatsugiri|[from] ability: Storm Drain\n|\n|-heal|p1a: Vaporeon|340/364|[from] item: Leftovers\n|upkeep\n|turn|77\n|inactive|Time left: 300 sec this turn | 300 sec total\n|\n|t:|1783543035\n|move|p2a: Tatsugiri|Rapid Spin|p1a: Vaporeon\n|-damage|p1a: Vaporeon|312/364\n|move|p1a: Vaporeon|Scald|p2a: Tatsugiri\n|-immune|p2a: Tatsugiri|[from] ability: Storm Drain\n|\n|-heal|p1a: Vaporeon|334/364|[from] item: Leftovers\n|upkeep\n|turn|78\n|inactive|Time left: 300 sec this turn | 300 sec total\n|\n|t:|1783543036\n|move|p2a: Tatsugiri|Rapid Spin|p1a: Vaporeon\n|-damage|p1a: Vaporeon|305/364\n|move|p1a: Vaporeon|Scald|p2a: Tatsugiri\n|-immune|p2a: Tatsugiri|[from] ability: Storm Drain\n|\n|-heal|p1a: Vaporeon|327/364|[from] item: Leftovers\n|upkeep\n|turn|79\n|inactive|Time left: 300 sec this turn | 300 sec total\n|\n|t:|1783543037\n|move|p2a: Tatsugiri|Rapid Spin|p1a: Vaporeon\n|-damage|p1a: Vaporeon|296/364\n|move|p1a: Vaporeon|Calm Mind|p1a: Vaporeon\n|-boost|p1a: Vaporeon|spa|0\n|-boost|p1a: Vaporeon|spd|0\n|\n|-heal|p1a: Vaporeon|318/364|[from] item: Leftovers\n|upkeep\n|turn|80\n|inactive|Time left: 300 sec this turn | 300 sec total\n|\n|t:|1783543038\n|move|p2a: Tatsugiri|Rapid Spin|p1a: Vaporeon\n|-damage|p1a: Vaporeon|284/364\n|move|p1a: Vaporeon|Calm Mind|p1a: Vaporeon\n|-boost|p1a: Vaporeon|spa|0\n|-boost|p1a: Vaporeon|spd|0\n|\n|-heal|p1a: Vaporeon|306/364|[from] item: Leftovers\n|upkeep\n|turn|81\n|inactive|Time left: 300 sec this turn | 300 sec total\n|\n|t:|1783543039\n|move|p2a: Tatsugiri|Rapid Spin|p1a: Vaporeon\n|-damage|p1a: Vaporeon|278/364\n|move|p1a: Vaporeon|Calm Mind|p1a: Vaporeon\n|-boost|p1a: Vaporeon|spa|0\n|-boost|p1a: Vaporeon|spd|0\n|\n|-heal|p1a: Vaporeon|300/364|[from] item: Leftovers\n|upkeep\n|turn|82\n|inactive|Time left: 300 sec this turn | 300 sec total\n|\n|t:|1783543040\n|move|p2a: Tatsugiri|Rapid Spin|p1a: Vaporeon\n|-damage|p1a: Vaporeon|271/364\n|move|p1a: Vaporeon|Calm Mind|p1a: Vaporeon\n|-boost|p1a: Vaporeon|spa|0\n|-boost|p1a: Vaporeon|spd|0\n|\n|-heal|p1a: Vaporeon|293/364|[from] item: Leftovers\n|upkeep\n|turn|83\n|inactive|Time left: 300 sec this turn | 300 sec total\n|\n|t:|1783543041\n|move|p2a: Tatsugiri|Rapid Spin|p1a: Vaporeon\n|-damage|p1a: Vaporeon|261/364\n|move|p1a: Vaporeon|Wish|p1a: Vaporeon\n|\n|-heal|p1a: Vaporeon|283/364|[from] item: Leftovers\n|upkeep\n|turn|84\n|inactive|Time left: 300 sec this turn | 300 sec total\n|\n|t:|1783543042\n|move|p2a: Tatsugiri|Nasty Plot|p2a: Tatsugiri\n|-boost|p2a: Tatsugiri|spa|0\n|move|p1a: Vaporeon|Calm Mind|p1a: Vaporeon\n|-boost|p1a: Vaporeon|spa|0\n|-boost|p1a: Vaporeon|spd|0\n|\n|-heal|p1a: Vaporeon|364/364|[from] move: Wish|[wisher] Vaporeon\n|upkeep\n|turn|85\n|inactive|Time left: 300 sec this turn | 300 sec total\n|\n|t:|1783543043\n|move|p2a: Tatsugiri|Rapid Spin|p1a: Vaporeon\n|-damage|p1a: Vaporeon|334/364\n|move|p1a: Vaporeon|Calm Mind|p1a: Vaporeon\n|-boost|p1a: Vaporeon|spa|0\n|-boost|p1a: Vaporeon|spd|0\n|\n|-heal|p1a: Vaporeon|356/364|[from] item: Leftovers\n|upkeep\n|turn|86\n|inactive|Time left: 300 sec this turn | 300 sec total\n|\n|t:|1783543044\n|move|p2a: Tatsugiri|Rapid Spin|p1a: Vaporeon\n|-damage|p1a: Vaporeon|323/364\n|move|p1a: Vaporeon|Scald|p2a: Tatsugiri\n|-immune|p2a: Tatsugiri|[from] ability: Storm Drain\n|\n|-heal|p1a: Vaporeon|345/364|[from] item: Leftovers\n|upkeep\n|turn|87\n|inactive|Time left: 300 sec this turn | 300 sec total\n|\n|t:|1783543045\n|move|p2a: Tatsugiri|Rapid Spin|p1a: Vaporeon\n|-damage|p1a: Vaporeon|316/364\n|move|p1a: Vaporeon|Calm Mind|p1a: Vaporeon\n|-boost|p1a: Vaporeon|spa|0\n|-boost|p1a: Vaporeon|spd|0\n|\n|-heal|p1a: Vaporeon|338/364|[from] item: Leftovers\n|upkeep\n|turn|88\n|inactive|Time left: 300 sec this turn | 300 sec total\n|\n|t:|1783543046\n|move|p1a: Vaporeon|Protect|p1a: Vaporeon\n|-singleturn|p1a: Vaporeon|Protect\n|move|p2a: Tatsugiri|Rapid Spin|p1a: Vaporeon\n|-activate|p1a: Vaporeon|move: Protect\n|\n|-heal|p1a: Vaporeon|360/364|[from] item: Leftovers\n|upkeep\n|turn|89\n|inactive|Time left: 300 sec this turn | 300 sec total\n|\n|t:|1783543048\n|move|p2a: Tatsugiri|Hydro Pump|p1a: Vaporeon\n|-heal|p1a: Vaporeon|364/364|[from] ability: Water Absorb|[of] p2a: Tatsugiri\n|-activate|p1a: Vaporeon|move: Struggle\n|move|p1a: Vaporeon|Struggle|p2a: Tatsugiri\n|-damage|p2a: Tatsugiri|89/100\n|-damage|p1a: Vaporeon|273/364|[from] recoil\n|\n|-heal|p1a: Vaporeon|295/364|[from] item: Leftovers\n|upkeep\n|turn|90\n|inactive|Time left: 300 sec this turn | 300 sec total\n|\n|t:|1783543049\n|switch|p1a: Torterra|Torterra, L78, F|276/276\n|move|p2a: Tatsugiri|Rapid Spin|p1a: Torterra\n|-damage|p1a: Torterra|252/276\n|\n|upkeep\n|turn|91\n|inactive|Time left: 300 sec this turn | 300 sec total\n|\n|t:|1783543050\n|move|p2a: Tatsugiri|Rapid Spin|p1a: Torterra\n|-damage|p1a: Torterra|230/276\n|move|p1a: Torterra|Headlong Rush|p2a: Tatsugiri\n|-damage|p2a: Tatsugiri|25/100\n|-unboost|p1a: Torterra|def|1\n|-unboost|p1a: Torterra|spd|1\n|\n|upkeep\n|turn|92\n|inactive|Time left: 300 sec this turn | 300 sec total\n|\n|t:|1783543052\n|move|p2a: Tatsugiri|Nasty Plot|p2a: Tatsugiri\n|-boost|p2a: Tatsugiri|spa|0\n|move|p1a: Torterra|Rock Blast|p2a: Tatsugiri\n|-damage|p2a: Tatsugiri|16/100\n|-damage|p2a: Tatsugiri|7/100\n|-damage|p2a: Tatsugiri|0 fnt\n|faint|p2a: Tatsugiri\n|-hitcount|p2: Tatsugiri|3\n|\n|upkeep\n|\n|t:|1783543053\n|switch|p2a: Clawitzer|Clawitzer, L87, M|100/100\n|turn|93\n|inactive|Time left: 300 sec this turn | 300 sec total\n|\n|t:|1783543054\n|switch|p1a: Vaporeon|Vaporeon, L86, M|295/364\n|move|p2a: Clawitzer|Dark Pulse|p1a: Vaporeon\n|-damage|p1a: Vaporeon|160/364\n|\n|-heal|p1a: Vaporeon|182/364|[from] item: Leftovers\n|upkeep\n|turn|94\n|inactive|Time left: 300 sec this turn | 300 sec total\n|\n|t:|1783543055\n|-activate|p1a: Vaporeon|move: Struggle\n|move|p1a: Vaporeon|Struggle|p2a: Clawitzer\n|-damage|p2a: Clawitzer|92/100\n|-damage|p1a: Vaporeon|91/364|[from] recoil\n|move|p2a: Clawitzer|Dark Pulse|p1a: Vaporeon\n|-damage|p1a: Vaporeon|0 fnt\n|faint|p1a: Vaporeon\n|\n|upkeep\n|inactive|Time left: 300 sec this turn | 300 sec total | 5 sec grace\n|\n|t:|1783543056\n|switch|p1a: Glaceon|Glaceon, L94, F|275/275\n|turn|95\n|inactive|Time left: 300 sec this turn | 300 sec total\n|\n|t:|1783543058\n|move|p1a: Glaceon|Freeze-Dry|p2a: Clawitzer\n|-supereffective|p2a: Clawitzer\n|-damage|p2a: Clawitzer|8/100\n|-status|p2a: Clawitzer|frz\n|cant|p2a: Clawitzer|frz\n|\n|upkeep\n|turn|96\n|inactive|Time left: 300 sec this turn | 300 sec total\n|\n|t:|1783543059\n|switch|p2a: Crabominable|Crabominable, L90, F|100/100\n|move|p1a: Glaceon|Freeze-Dry|p2a: Crabominable\n|-resisted|p2a: Crabominable\n|-damage|p2a: Crabominable|87/100\n|\n|upkeep\n|turn|97\n|inactive|Time left: 300 sec this turn | 300 sec total\n|\n|t:|1783543060\n|move|p1a: Glaceon|Protect|p1a: Glaceon\n|-singleturn|p1a: Glaceon|Protect\n|move|p2a: Crabominable|Drain Punch|p1a: Glaceon\n|-activate|p1a: Glaceon|move: Protect\n|\n|upkeep\n|turn|98\n|inactive|Time left: 300 sec this turn | 300 sec total\n|\n|t:|1783543061\n|switch|p1a: Skeledirge|Skeledirge, L79, M|294/294\n|move|p2a: Crabominable|Drain Punch|p1a: Skeledirge\n|-immune|p1a: Skeledirge\n|\n|upkeep\n|turn|99\n|inactive|Time left: 300 sec this turn | 300 sec total\n|\n|t:|1783543062\n|move|p1a: Skeledirge|Will-O-Wisp|p2a: Crabominable\n|-status|p2a: Crabominable|brn\n|move|p2a: Crabominable|Earthquake|p1a: Skeledirge\n|-supereffective|p1a: Skeledirge\n|-damage|p1a: Skeledirge|188/294\n|\n|-damage|p2a: Crabominable|81/100 brn|[from] brn\n|upkeep\n|turn|100\n|inactive|Time left: 300 sec this turn | 300 sec total\n|\n|t:|1783543063\n|move|p1a: Skeledirge|Torch Song|p2a: Crabominable\n|-supereffective|p2a: Crabominable\n|-damage|p2a: Crabominable|42/100 brn\n|-boost|p1a: Skeledirge|spa|1\n|move|p2a: Crabominable|Knock Off|p1a: Skeledirge\n|-supereffective|p1a: Skeledirge\n|-damage|p1a: Skeledirge|94/294\n|-enditem|p1a: Skeledirge|Heavy-Duty Boots|[from] move: Knock Off|[of] p2a: Crabominable\n|\n|-damage|p2a: Crabominable|36/100 brn|[from] brn\n|upkeep\n|turn|101\n|inactive|Time left: 300 sec this turn | 300 sec total\n|\n|t:|1783543064\n|move|p1a: Skeledirge|Slack Off|p1a: Skeledirge\n|-heal|p1a: Skeledirge|241/294\n|move|p2a: Crabominable|Knock Off|p1a: Skeledirge\n|-supereffective|p1a: Skeledirge\n|-damage|p1a: Skeledirge|179/294\n|\n|-damage|p2a: Crabominable|29/100 brn|[from] brn\n|upkeep\n|turn|102\n|inactive|Time left: 300 sec this turn | 300 sec total\n|\n|t:|1783543066\n|switch|p2a: Medicham|Medicham, L86, M|46/100 brn\n|move|p1a: Skeledirge|Torch Song|p2a: Medicham\n|-damage|p2a: Medicham|0 fnt\n|-boost|p1a: Skeledirge|spa|1\n|faint|p2a: Medicham\n|\n|upkeep\n|\n|t:|1783543067\n|switch|p2a: Clawitzer|Clawitzer, L87, M|8/100 frz\n|turn|103\n|inactive|Time left: 300 sec this turn | 300 sec total\n|\n|t:|1783543068\n|cant|p2a: Clawitzer|frz\n|move|p1a: Skeledirge|Torch Song|p2a: Clawitzer\n|-resisted|p2a: Clawitzer\n|-damage|p2a: Clawitzer|0 fnt\n|-boost|p1a: Skeledirge|spa|1\n|faint|p2a: Clawitzer\n|\n|upkeep\n|\n|t:|1783543069\n|switch|p2a: Glaceon|Glaceon, L94, M|100/100\n|turn|104\n|inactive|Time left: 300 sec this turn | 300 sec total\n|\n|t:|1783543069\n|move|p2a: Glaceon|Protect|p2a: Glaceon\n|-singleturn|p2a: Glaceon|Protect\n|move|p1a: Skeledirge|Torch Song|p2a: Glaceon\n|-activate|p2a: Glaceon|move: Protect\n|\n|upkeep\n|turn|105\n|inactive|Time left: 300 sec this turn | 300 sec total\n|\n|t:|1783543070\n|-terastallize|p2a: Glaceon|Water\n|move|p2a: Glaceon|Freeze-Dry|p1a: Skeledirge\n|-resisted|p1a: Skeledirge\n|-damage|p1a: Skeledirge|116/294\n|move|p1a: Skeledirge|Torch Song|p2a: Glaceon\n|-resisted|p2a: Glaceon\n|-damage|p2a: Glaceon|66/100\n|-boost|p1a: Skeledirge|spa|1\n|\n|upkeep\n|turn|106\n|inactive|Time left: 300 sec this turn | 300 sec total\n|\n|t:|1783543071\n|move|p2a: Glaceon|Freeze-Dry|p1a: Skeledirge\n|-resisted|p1a: Skeledirge\n|-damage|p1a: Skeledirge|48/294\n|move|p1a: Skeledirge|Slack Off|p1a: Skeledirge\n|-heal|p1a: Skeledirge|195/294\n|\n|upkeep\n|turn|107\n|inactive|Time left: 300 sec this turn | 300 sec total\n|\n|t:|1783543072\n|move|p2a: Glaceon|Protect|p2a: Glaceon\n|-singleturn|p2a: Glaceon|Protect\n|move|p1a: Skeledirge|Hex|p2a: Glaceon\n|-activate|p2a: Glaceon|move: Protect\n|\n|upkeep\n|turn|108\n|inactive|Time left: 300 sec this turn | 300 sec total\n|\n|t:|1783543073\n|move|p2a: Glaceon|Freeze-Dry|p1a: Skeledirge\n|-resisted|p1a: Skeledirge\n|-damage|p1a: Skeledirge|129/294\n|move|p1a: Skeledirge|Hex|p2a: Glaceon\n|-damage|p2a: Glaceon|9/100\n|\n|upkeep\n|turn|109\n|inactive|Time left: 300 sec this turn | 300 sec total\n|\n|t:|1783543075\n|move|p2a: Glaceon|Protect|p2a: Glaceon\n|-singleturn|p2a: Glaceon|Protect\n|move|p1a: Skeledirge|Slack Off|p1a: Skeledirge\n|-heal|p1a: Skeledirge|276/294\n|\n|upkeep\n|turn|110\n|inactive|Time left: 300 sec this turn | 300 sec total\n|\n|t:|1783543076\n|move|p2a: Glaceon|Freeze-Dry|p1a: Skeledirge\n|-resisted|p1a: Skeledirge\n|-damage|p1a: Skeledirge|206/294\n|move|p1a: Skeledirge|Torch Song|p2a: Glaceon\n|-resisted|p2a: Glaceon\n|-damage|p2a: Glaceon|0 fnt\n|-boost|p1a: Skeledirge|spa|1\n|faint|p2a: Glaceon\n|\n|upkeep\n|\n|t:|1783543077\n|switch|p2a: Crabominable|Crabominable, L90, F|29/100 brn\n|turn|111\n|inactive|Time left: 300 sec this turn | 300 sec total\n|\n|t:|1783543078\n|move|p1a: Skeledirge|Torch Song|p2a: Crabominable\n|-supereffective|p2a: Crabominable\n|-damage|p2a: Crabominable|0 fnt\n|-boost|p1a: Skeledirge|spa|1\n|faint|p2a: Crabominable\n|\n|upkeep\n|\n|t:|1783543079\n|switch|p2a: Perrserker|Perrserker, L89, F|100/100\n|turn|112\n|inactive|Time left: 300 sec this turn | 300 sec total\n|\n|t:|1783543080\n|-terastallize|p1a: Skeledirge|Water\n|move|p1a: Skeledirge|Torch Song|p2a: Perrserker\n|-supereffective|p2a: Perrserker\n|-damage|p2a: Perrserker|0 fnt\n|faint|p2a: Perrserker\n|\n|win|p0x3330f9a", "uploadtime": 1783543080, "views": 0, "rating": 0, "private": 0, "password": null, "_winner": "p0x3330f9a", "_our_name": "p0x3330f9a"}