{"id": "battle-gen9randombattle-1916", "formatid": "gen9randombattle", "format": "[Gen 9] Random Battle", "players": ["p0x19161e74", "p0y19162203"], "log": "|init|battle\n|title|p0x19161e74 vs. p0y19162203\n|j|\u2606p0x19161e74\n|j|\u2606p0y19162203\n|t:|1783561432\n|gametype|singles\n|player|p1|p0x19161e74|2|\n|player|p2|p0y19162203|265|\n|gen|9\n|tier|[Gen 9] Random Battle\n|rule|Species Clause: Limit one of each Pok\u00e9mon\n|rule|HP Percentage Mod: HP is shown in percentages\n|rule|Sleep Clause Mod: Limit one foe put to sleep\n|rule|Illusion Level Mod: Illusion disguises the Pok\u00e9mon's true level\n|\n|t:|1783561432\n|teamsize|p1|6\n|teamsize|p2|6\n|start\n|switch|p1a: Ninetales|Ninetales-Alola, L78, F|242/242\n|switch|p2a: Solgaleo|Solgaleo, L74|100/100\n|-weather|Snowscape|[from] ability: Snow Warning|[of] p1a: Ninetales\n|turn|1\n|inactive|Battle timer is ON: inactive players will automatically lose when time's up. (requested by p0y19162203)\n|inactive|Time left: 300 sec this turn | 300 sec total | 60 sec grace\n|inactive|p0x19161e74 also wants the timer to be on.\n|\n|t:|1783561434\n|move|p1a: Ninetales|Aurora Veil|p1a: Ninetales\n|-sidestart|p1: p0x19161e74|move: Aurora Veil\n|move|p2a: Solgaleo|Sunsteel Strike|p1a: Ninetales\n|-supereffective|p1a: Ninetales\n|-damage|p1a: Ninetales|54/242\n|\n|-weather|Snowscape|[upkeep]\n|upkeep\n|turn|2\n|inactive|Time left: 300 sec this turn | 300 sec total\n|\n|t:|1783561435\n|move|p1a: Ninetales|Moonblast|p2a: Solgaleo\n|-resisted|p2a: Solgaleo\n|-damage|p2a: Solgaleo|88/100\n|move|p2a: Solgaleo|Sunsteel Strike|p1a: Ninetales\n|-supereffective|p1a: Ninetales\n|-damage|p1a: Ninetales|0 fnt\n|faint|p1a: Ninetales\n|\n|-weather|Snowscape|[upkeep]\n|upkeep\n|inactive|Time left: 300 sec this turn | 300 sec total | 5 sec grace\n|\n|t:|1783561436\n|switch|p1a: Garchomp|Garchomp, L74, F|282/282\n|turn|3\n|inactive|Time left: 300 sec this turn | 300 sec total\n|\n|t:|1783561437\n|switch|p2a: Dragonite|Dragonite, L74, M|100/100\n|move|p1a: Garchomp|Swords Dance|p1a: Garchomp\n|-boost|p1a: Garchomp|atk|2\n|\n|-weather|Snowscape|[upkeep]\n|upkeep\n|turn|4\n|inactive|Time left: 300 sec this turn | 300 sec total\n|\n|t:|1783561439\n|-terastallize|p2a: Dragonite|Flying\n|move|p1a: Garchomp|Scale Shot|p2a: Dragonite\n|-damage|p2a: Dragonite|90/100\n|-damage|p2a: Dragonite|67/100\n|-damage|p2a: Dragonite|46/100\n|-damage|p2a: Dragonite|23/100\n|-damage|p2a: Dragonite|2/100\n|-hitcount|p2a: Dragonite|5\n|-unboost|p1a: Garchomp|def|1\n|-boost|p1a: Garchomp|spe|1\n|move|p2a: Dragonite|Outrage|p1a: Garchomp\n|-supereffective|p1a: Garchomp\n|-damage|p1a: Garchomp|74/282\n|-damage|p2a: Dragonite|0 fnt|[from] ability: Rough Skin|[of] p1a: Garchomp\n|faint|p2a: Dragonite\n|\n|-weather|Snowscape|[upkeep]\n|upkeep\n|\n|t:|1783561440\n|switch|p2a: Dachsbun|Dachsbun, L92, M|100/100\n|turn|5\n|inactive|Time left: 300 sec this turn | 300 sec total\n|\n|t:|1783561441\n|move|p1a: Garchomp|Earthquake|p2a: Dachsbun\n|-damage|p2a: Dachsbun|40/100\n|move|p2a: Dachsbun|Play Rough|p1a: Garchomp\n|-supereffective|p1a: Garchomp\n|-damage|p1a: Garchomp|0 fnt\n|-damage|p2a: Dachsbun|28/100|[from] ability: Rough Skin|[of] p1a: Garchomp\n|faint|p1a: Garchomp\n|\n|-weather|none\n|-heal|p2a: Dachsbun|34/100|[from] item: Leftovers\n|upkeep\n|inactive|Time left: 300 sec this turn | 300 sec total | 5 sec grace\n|\n|t:|1783561442\n|switch|p1a: Frosmoth|Frosmoth, L82, F|249/249\n|turn|6\n|inactive|Time left: 300 sec this turn | 300 sec total\n|\n|t:|1783561443\n|move|p2a: Dachsbun|Yawn|p1a: Frosmoth\n|-start|p1a: Frosmoth|move: Yawn|[of] p2a: Dachsbun\n|move|p1a: Frosmoth|Quiver Dance|p1a: Frosmoth\n|-boost|p1a: Frosmoth|spa|1\n|-boost|p1a: Frosmoth|spd|1\n|-boost|p1a: Frosmoth|spe|1\n|\n|-heal|p2a: Dachsbun|39/100|[from] item: Leftovers\n|upkeep\n|turn|7\n|inactive|Time left: 300 sec this turn | 300 sec total\n|\n|t:|1783561444\n|move|p2a: Dachsbun|Protect|p2a: Dachsbun\n|-singleturn|p2a: Dachsbun|Protect\n|move|p1a: Frosmoth|Quiver Dance|p1a: Frosmoth\n|-boost|p1a: Frosmoth|spa|1\n|-boost|p1a: Frosmoth|spd|1\n|-boost|p1a: Frosmoth|spe|1\n|\n|-heal|p2a: Dachsbun|45/100|[from] item: Leftovers\n|-end|p1a: Frosmoth|move: Yawn|[silent]\n|-status|p1a: Frosmoth|slp\n|upkeep\n|turn|8\n|inactive|Time left: 300 sec this turn | 300 sec total\n|\n|t:|1783561445\n|switch|p2a: Hawlucha|Hawlucha, L80, F|100/100\n|cant|p1a: Frosmoth|slp\n|\n|-sideend|p1: p0x19161e74|move: Aurora Veil\n|upkeep\n|turn|9\n|inactive|Time left: 300 sec this turn | 300 sec total\n|\n|t:|1783561445\n|-terastallize|p1a: Frosmoth|Water\n|cant|p1a: Frosmoth|slp\n|move|p2a: Hawlucha|Brave Bird|p1a: Frosmoth\n|-damage|p1a: Frosmoth|92/249 slp\n|-damage|p2a: Hawlucha|80/100|[from] Recoil\n|\n|upkeep\n|turn|10\n|inactive|Time left: 300 sec this turn | 300 sec total\n|\n|t:|1783561446\n|-curestatus|p1a: Frosmoth|slp|[msg]\n|move|p1a: Frosmoth|Ice Beam|p2a: Hawlucha\n|-supereffective|p2a: Hawlucha\n|-damage|p2a: Hawlucha|0 fnt\n|faint|p2a: Hawlucha\n|\n|upkeep\n|\n|t:|1783561447\n|switch|p2a: Solgaleo|Solgaleo, L74|88/100\n|turn|11\n|inactive|Time left: 300 sec this turn | 300 sec total\n|\n|t:|1783561448\n|move|p1a: Frosmoth|Giga Drain|p2a: Solgaleo\n|-resisted|p2a: Solgaleo\n|-damage|p2a: Solgaleo|66/100\n|-heal|p1a: Frosmoth|128/249|[from] drain|[of] p2a: Solgaleo\n|move|p2a: Solgaleo|Close Combat|p1a: Frosmoth\n|-damage|p1a: Frosmoth|1/249\n|-unboost|p2a: Solgaleo|def|1\n|-unboost|p2a: Solgaleo|spd|1\n|\n|upkeep\n|turn|12\n|inactive|Time left: 300 sec this turn | 300 sec total\n|\n|t:|1783561449\n|move|p1a: Frosmoth|Ice Beam|p2a: Solgaleo\n|-resisted|p2a: Solgaleo\n|-damage|p2a: Solgaleo|8/100\n|move|p2a: Solgaleo|Knock Off|p1a: Frosmoth\n|-damage|p1a: Frosmoth|0 fnt\n|-enditem|p1a: Frosmoth|Heavy-Duty Boots|[from] move: Knock Off|[of] p2a: Solgaleo\n|faint|p1a: Frosmoth\n|\n|upkeep\n|inactive|Time left: 300 sec this turn | 300 sec total | 5 sec grace\n|\n|t:|1783561450\n|switch|p1a: Suicune|Suicune, L82|298/298\n|-ability|p1a: Suicune|Pressure\n|turn|13\n|inactive|Time left: 300 sec this turn | 300 sec total\n|\n|t:|1783561451\n|move|p1a: Suicune|Calm Mind|p1a: Suicune\n|-boost|p1a: Suicune|spa|1\n|-boost|p1a: Suicune|spd|1\n|move|p2a: Solgaleo|Knock Off|p1a: Suicune\n|-damage|p1a: Suicune|243/298\n|-enditem|p1a: Suicune|Leftovers|[from] move: Knock Off|[of] p2a: Solgaleo\n|\n|upkeep\n|turn|14\n|inactive|Time left: 300 sec this turn | 300 sec total\n|\n|t:|1783561452\n|switch|p2a: Electivire|Electivire, L84, F|100/100\n|move|p1a: Suicune|Scald|p2a: Electivire\n|-damage|p2a: Electivire|54/100\n|\n|upkeep\n|turn|15\n|inactive|Time left: 300 sec this turn | 300 sec total\n|\n|t:|1783561454\n|move|p1a: Suicune|Protect|p1a: Suicune\n|-singleturn|p1a: Suicune|Protect\n|move|p2a: Electivire|Supercell Slam|p1a: Suicune\n|-activate|p1a: Suicune|move: Protect\n|-damage|p2a: Electivire|5/100|[from] supercellslam\n|\n|upkeep\n|turn|16\n|inactive|Time left: 300 sec this turn | 300 sec total\n|\n|t:|1783561455\n|move|p1a: Suicune|Protect||[still]\n|-fail|p1a: Suicune\n|move|p2a: Electivire|Supercell Slam|p1a: Suicune\n|-supereffective|p1a: Suicune\n|-damage|p1a: Suicune|0 fnt\n|faint|p1a: Suicune\n|-damage|p2a: Electivire|0 fnt|[from] item: Life Orb\n|faint|p2a: Electivire\n|\n|upkeep\n|inactive|Time left: 300 sec this turn | 300 sec total | 5 sec grace\n|\n|t:|1783561456\n|switch|p2a: Cinccino|Cinccino, L83, M|100/100\n|switch|p1a: Sneasler|Sneasler, L74, M|240/240\n|turn|17\n|inactive|Time left: 300 sec this turn | 300 sec total\n|\n|t:|1783561457\n|switch|p2a: Solgaleo|Solgaleo, L74|8/100\n|move|p1a: Sneasler|Close Combat|p2a: Solgaleo\n|-damage|p2a: Solgaleo|0 fnt\n|-unboost|p1a: Sneasler|def|1\n|-unboost|p1a: Sneasler|spd|1\n|faint|p2a: Solgaleo\n|-enditem|p1a: Sneasler|White Herb\n|-clearnegativeboost|p1a: Sneasler|[silent]\n|\n|upkeep\n|\n|t:|1783561458\n|switch|p2a: Dachsbun|Dachsbun, L92, M|45/100\n|turn|18\n|inactive|Time left: 300 sec this turn | 300 sec total\n|\n|t:|1783561459\n|move|p2a: Dachsbun|Protect|p2a: Dachsbun\n|-singleturn|p2a: Dachsbun|Protect\n|move|p1a: Sneasler|Gunk Shot|p2a: Dachsbun\n|-activate|p2a: Dachsbun|move: Protect\n|\n|-heal|p2a: Dachsbun|51/100|[from] item: Leftovers\n|upkeep\n|turn|19\n|inactive|Time left: 300 sec this turn | 300 sec total\n|\n|t:|1783561459\n|move|p2a: Dachsbun|Protect||[still]\n|-fail|p2a: Dachsbun\n|move|p1a: Sneasler|Gunk Shot|p2a: Dachsbun\n|-supereffective|p2a: Dachsbun\n|-damage|p2a: Dachsbun|0 fnt\n|faint|p2a: Dachsbun\n|\n|upkeep\n|\n|t:|1783561460\n|switch|p2a: Cinccino|Cinccino, L83, M|100/100\n|turn|20\n|inactive|Time left: 300 sec this turn | 300 sec total\n|\n|t:|1783561461\n|move|p1a: Sneasler|Close Combat|p2a: Cinccino\n|-supereffective|p2a: Cinccino\n|-damage|p2a: Cinccino|0 fnt\n|-unboost|p1a: Sneasler|def|1\n|-unboost|p1a: Sneasler|spd|1\n|faint|p2a: Cinccino\n|\n|win|p0x19161e74", "uploadtime": 1783561461, "views": 0, "rating": 0, "private": 0, "password": null, "_winner": "p0x19161e74", "_our_name": "p0x19161e74"}