{"id": "battle-gen9randombattle-9", "formatid": "gen9randombattle", "format": "[Gen 9] Random Battle", "players": ["p0x0092c69", "p0y009ed13"], "log": "|init|battle\n|title|p0x0092c69 vs. p0y009ed13\n|j|\u2606p0x0092c69\n|j|\u2606p0y009ed13\n|t:|1783533358\n|gametype|singles\n|player|p1|p0x0092c69|265|\n|player|p2|p0y009ed13|1|\n|gen|9\n|tier|[Gen 9] Random Battle\n|rule|Species Clause: Limit one of each Pok\u00e9mon\n|rule|HP Percentage Mod: HP is shown in percentages\n|rule|Sleep Clause Mod: Limit one foe put to sleep\n|rule|Illusion Level Mod: Illusion disguises the Pok\u00e9mon's true level\n|\n|t:|1783533358\n|teamsize|p1|6\n|teamsize|p2|6\n|start\n|switch|p1a: Primarina|Primarina, L83, F|100/100\n|switch|p2a: Minior|Minior-Green, L79|224/224\n|-formechange|p2a: Minior|Minior-Meteor||[from] ability: Shields Down\n|turn|1\n|inactive|Battle timer is ON: inactive players will automatically lose when time's up. (requested by p0y009ed13)\n|inactive|p0x0092c69 also wants the timer to be on.\n|\n|t:|1783533359\n|move|p1a: Primarina|Hydro Pump|p2a: Minior\n|-supereffective|p2a: Minior\n|-crit|p2a: Minior\n|-damage|p2a: Minior|0 fnt\n|faint|p2a: Minior\n|\n|upkeep\n|inactive|Time left: 300 sec this turn | 300 sec total | 65 sec grace\n|\n|t:|1783533360\n|switch|p2a: Slaking|Slaking, L84, F|389/389\n|turn|2\n|inactive|Time left: 300 sec this turn | 300 sec total\n|\n|t:|1783533361\n|switch|p1a: Misdreavus|Misdreavus, L90, F|100/100\n|move|p2a: Slaking|Giga Impact|p1a: Misdreavus\n|-immune|p1a: Misdreavus\n|\n|upkeep\n|turn|3\n|inactive|Time left: 300 sec this turn | 300 sec total\n|\n|t:|1783533362\n|switch|p2a: Eelektross|Eelektross, L87, F|290/290\n|move|p1a: Misdreavus|Will-O-Wisp|p2a: Eelektross\n|-status|p2a: Eelektross|brn\n|\n|-damage|p2a: Eelektross|272/290 brn|[from] brn\n|upkeep\n|turn|4\n|inactive|Time left: 300 sec this turn | 300 sec total\n|\n|t:|1783533363\n|move|p1a: Misdreavus|Calm Mind|p1a: Misdreavus\n|-boost|p1a: Misdreavus|spa|1\n|-boost|p1a: Misdreavus|spd|1\n|move|p2a: Eelektross|Coil|p2a: Eelektross\n|-boost|p2a: Eelektross|atk|1\n|-boost|p2a: Eelektross|def|1\n|-boost|p2a: Eelektross|accuracy|1\n|\n|-heal|p2a: Eelektross|290/290 brn|[from] item: Leftovers\n|-damage|p2a: Eelektross|272/290 brn|[from] brn\n|upkeep\n|turn|5\n|inactive|Time left: 300 sec this turn | 300 sec total\n|\n|t:|1783533364\n|move|p1a: Misdreavus|Shadow Ball|p2a: Eelektross\n|-damage|p2a: Eelektross|128/290 brn\n|move|p2a: Eelektross|Knock Off|p1a: Misdreavus\n|-supereffective|p1a: Misdreavus\n|-damage|p1a: Misdreavus|58/100\n|-enditem|p1a: Misdreavus|Eviolite|[from] move: Knock Off|[of] p2a: Eelektross\n|\n|-heal|p2a: Eelektross|146/290 brn|[from] item: Leftovers\n|-damage|p2a: Eelektross|128/290 brn|[from] brn\n|upkeep\n|turn|6\n|inactive|Time left: 300 sec this turn | 300 sec total\n|\n|t:|1783533365\n|move|p1a: Misdreavus|Shadow Ball|p2a: Eelektross\n|-damage|p2a: Eelektross|1/290 brn\n|move|p2a: Eelektross|Knock Off|p1a: Misdreavus\n|-supereffective|p1a: Misdreavus\n|-damage|p1a: Misdreavus|19/100\n|\n|-heal|p2a: Eelektross|19/290 brn|[from] item: Leftovers\n|-damage|p2a: Eelektross|1/290 brn|[from] brn\n|upkeep\n|turn|7\n|inactive|Time left: 300 sec this turn | 300 sec total\n|\n|t:|1783533367\n|move|p1a: Misdreavus|Draining Kiss|p2a: Eelektross\n|-damage|p2a: Eelektross|0 fnt\n|-heal|p1a: Misdreavus|19/100|[from] drain|[of] p2a: Eelektross\n|faint|p2a: Eelektross\n|\n|upkeep\n|inactive|Time left: 300 sec this turn | 300 sec total | 5 sec grace\n|\n|t:|1783533368\n|switch|p2a: Mimikyu|Mimikyu, L79, F|216/216\n|turn|8\n|inactive|Time left: 300 sec this turn | 300 sec total\n|\n|t:|1783533369\n|move|p2a: Mimikyu|Shadow Sneak|p1a: Misdreavus\n|-supereffective|p1a: Misdreavus\n|-damage|p1a: Misdreavus|0 fnt\n|faint|p1a: Misdreavus\n|-damage|p2a: Mimikyu|195/216|[from] item: Life Orb\n|\n|upkeep\n|\n|t:|1783533370\n|switch|p1a: Greedent|Greedent, L86, M|100/100\n|turn|9\n|inactive|Time left: 300 sec this turn | 300 sec total\n|\n|t:|1783533371\n|move|p2a: Mimikyu|Swords Dance|p2a: Mimikyu\n|-boost|p2a: Mimikyu|atk|2\n|move|p1a: Greedent|Swords Dance|p1a: Greedent\n|-boost|p1a: Greedent|atk|2\n|\n|upkeep\n|turn|10\n|inactive|Time left: 300 sec this turn | 300 sec total\n|\n|t:|1783533372\n|move|p2a: Mimikyu|Play Rough|p1a: Greedent\n|-crit|p1a: Greedent\n|-damage|p1a: Greedent|13/100\n|-enditem|p1a: Greedent|Sitrus Berry|[eat]\n|-heal|p1a: Greedent|37/100|[from] item: Sitrus Berry\n|-heal|p1a: Greedent|71/100|[from] ability: Cheek Pouch\n|-damage|p2a: Mimikyu|174/216|[from] item: Life Orb\n|move|p1a: Greedent|Knock Off|p2a: Mimikyu\n|-activate|p2a: Mimikyu|ability: Disguise\n|-damage|p2a: Mimikyu|174/216\n|-enditem|p2a: Mimikyu|Life Orb|[from] move: Knock Off|[of] p1a: Greedent\n|detailschange|p2a: Mimikyu|Mimikyu-Busted, L79, F\n|-damage|p2a: Mimikyu|147/216|[from] pokemon: Mimikyu-Busted\n|\n|upkeep\n|turn|11\n|inactive|Time left: 300 sec this turn | 300 sec total\n|\n|t:|1783533373\n|move|p2a: Mimikyu|Play Rough|p1a: Greedent\n|-damage|p1a: Greedent|26/100\n|move|p1a: Greedent|Earthquake|p2a: Mimikyu\n|-damage|p2a: Mimikyu|0 fnt\n|faint|p2a: Mimikyu\n|\n|upkeep\n|inactive|Time left: 300 sec this turn | 300 sec total | 5 sec grace\n|\n|t:|1783533374\n|switch|p2a: Iron Thorns|Iron Thorns, L83|302/302\n|-enditem|p2a: Iron Thorns|Booster Energy\n|-activate|p2a: Iron Thorns|ability: Quark Drive|[fromitem]\n|-start|p2a: Iron Thorns|quarkdriveatk\n|turn|12\n|inactive|Time left: 300 sec this turn | 300 sec total\n|\n|t:|1783533375\n|move|p2a: Iron Thorns|Earthquake|p1a: Greedent\n|-damage|p1a: Greedent|0 fnt\n|faint|p1a: Greedent\n|\n|upkeep\n|\n|t:|1783533377\n|switch|p1a: Keldeo|Keldeo-Resolute, L79|100/100\n|turn|13\n|inactive|Time left: 300 sec this turn | 300 sec total\n|\n|t:|1783533378\n|move|p1a: Keldeo|Hydro Pump|p2a: Iron Thorns\n|-supereffective|p2a: Iron Thorns\n|-damage|p2a: Iron Thorns|0 fnt\n|faint|p2a: Iron Thorns\n|-end|p2a: Iron Thorns|Quark Drive|[silent]\n|\n|upkeep\n|inactive|Time left: 300 sec this turn | 300 sec total | 5 sec grace\n|\n|t:|1783533379\n|switch|p2a: Slaking|Slaking, L84, F|389/389\n|turn|14\n|inactive|Time left: 300 sec this turn | 300 sec total\n|\n|t:|1783533380\n|-terastallize|p2a: Slaking|Normal\n|move|p2a: Slaking|Giga Impact|p1a: Keldeo\n|-damage|p1a: Keldeo|0 fnt\n|-mustrecharge|p2a: Slaking\n|faint|p1a: Keldeo\n|\n|upkeep\n|\n|t:|1783533381\n|switch|p1a: Solgaleo|Solgaleo, L74|100/100\n|turn|15\n|inactive|Time left: 300 sec this turn | 300 sec total\n|\n|t:|1783533382\n|cant|p2a: Slaking|recharge\n|move|p1a: Solgaleo|Sunsteel Strike|p2a: Slaking\n|-damage|p2a: Slaking|295/389\n|\n|upkeep\n|turn|16\n|inactive|Time left: 300 sec this turn | 300 sec total\n|\n|t:|1783533383\n|move|p2a: Slaking|Giga Impact|p1a: Solgaleo|[miss]\n|-miss|p2a: Slaking|p1a: Solgaleo\n|move|p1a: Solgaleo|Close Combat|p2a: Slaking\n|-supereffective|p2a: Slaking\n|-damage|p2a: Slaking|135/389\n|-unboost|p1a: Solgaleo|def|1\n|-unboost|p1a: Solgaleo|spd|1\n|\n|upkeep\n|turn|17\n|inactive|Time left: 300 sec this turn | 300 sec total\n|\n|t:|1783533384\n|switch|p2a: Spectrier|Spectrier, L75|274/274\n|move|p1a: Solgaleo|Close Combat|p2a: Spectrier\n|-immune|p2a: Spectrier\n|\n|upkeep\n|turn|18\n|inactive|Time left: 300 sec this turn | 300 sec total\n|\n|t:|1783533385\n|switch|p2a: Slaking|Slaking, L84, F, tera:Normal|135/389\n|switch|p1a: Primarina|Primarina, L83, F|100/100\n|\n|upkeep\n|turn|19\n|inactive|Time left: 300 sec this turn | 300 sec total\n|\n|t:|1783533386\n|switch|p1a: Solgaleo|Solgaleo, L74|100/100\n|move|p2a: Slaking|Giga Impact|p1a: Solgaleo\n|-resisted|p1a: Solgaleo\n|-damage|p1a: Solgaleo|50/100\n|-mustrecharge|p2a: Slaking\n|\n|upkeep\n|turn|20\n|inactive|Time left: 300 sec this turn | 300 sec total\n|\n|t:|1783533387\n|-terastallize|p1a: Solgaleo|Dark\n|cant|p2a: Slaking|recharge\n|move|p1a: Solgaleo|Close Combat|p2a: Slaking\n|-supereffective|p2a: Slaking\n|-damage|p2a: Slaking|0 fnt\n|-unboost|p1a: Solgaleo|def|1\n|-unboost|p1a: Solgaleo|spd|1\n|faint|p2a: Slaking\n|\n|upkeep\n|inactive|Time left: 300 sec this turn | 300 sec total | 5 sec grace\n|\n|t:|1783533388\n|switch|p2a: Spectrier|Spectrier, L75|274/274\n|turn|21\n|inactive|Time left: 300 sec this turn | 300 sec total\n|\n|t:|1783533388\n|move|p2a: Spectrier|Will-O-Wisp|p1a: Solgaleo|[miss]\n|-miss|p2a: Spectrier|p1a: Solgaleo\n|move|p1a: Solgaleo|Knock Off|p2a: Spectrier\n|-supereffective|p2a: Spectrier\n|-damage|p2a: Spectrier|0 fnt\n|-enditem|p2a: Spectrier|Life Orb|[from] move: Knock Off|[of] p1a: Solgaleo\n|faint|p2a: Spectrier\n|\n|win|p0x0092c69", "uploadtime": 1783533388, "views": 0, "rating": 0, "private": 0, "password": null, "_winner": "p0x0092c69", "_our_name": "p0y009ed13"}