{"id": "battle-gen9randombattle-2970", "formatid": "gen9randombattle", "format": "[Gen 9] Random Battle", "players": ["p0x29709eef", "p0y29705619"], "log": "|init|battle\n|title|p0x29709eef vs. p0y29705619\n|j|\u2606p0x29709eef\n|j|\u2606p0y29705619\n|t:|1783574193\n|gametype|singles\n|player|p1|p0x29709eef|169|\n|player|p2|p0y29705619|169|\n|gen|9\n|tier|[Gen 9] Random Battle\n|rule|Species Clause: Limit one of each Pok\u00e9mon\n|rule|HP Percentage Mod: HP is shown in percentages\n|rule|Sleep Clause Mod: Limit one foe put to sleep\n|rule|Illusion Level Mod: Illusion disguises the Pok\u00e9mon's true level\n|\n|t:|1783574193\n|teamsize|p1|6\n|teamsize|p2|6\n|start\n|switch|p1a: Frosmoth|Frosmoth, L82, F|249/249\n|switch|p2a: Samurott|Samurott-Hisui, L77, F|100/100\n|turn|1\n|inactive|Battle timer is ON: inactive players will automatically lose when time's up. (requested by p0x29709eef)\n|\n|t:|1783574194\n|move|p2a: Samurott|Razor Shell|p1a: Frosmoth\n|-damage|p1a: Frosmoth|14/249\n|-unboost|p1a: Frosmoth|def|1\n|move|p1a: Frosmoth|Giga Drain|p2a: Samurott\n|-supereffective|p2a: Samurott\n|-damage|p2a: Samurott|36/100\n|-heal|p1a: Frosmoth|99/249|[from] drain|[of] p2a: Samurott\n|\n|upkeep\n|turn|2\n|inactive|Time left: 300 sec this turn | 300 sec total\n|inactive|p0y29705619 also wants the timer to be on.\n|\n|t:|1783574195\n|switch|p1a: Shiftry|Shiftry, L89, F|305/305\n|move|p2a: Samurott|Razor Shell|p1a: Shiftry\n|-resisted|p1a: Shiftry\n|-damage|p1a: Shiftry|199/305\n|-unboost|p1a: Shiftry|def|1\n|\n|upkeep\n|turn|3\n|inactive|Time left: 300 sec this turn | 300 sec total\n|\n|t:|1783574197\n|switch|p2a: Ribombee|Ribombee, L83, M|100/100\n|move|p1a: Shiftry|Knock Off|p2a: Ribombee\n|-resisted|p2a: Ribombee\n|-damage|p2a: Ribombee|58/100\n|-enditem|p2a: Ribombee|Heavy-Duty Boots|[from] move: Knock Off|[of] p1a: Shiftry\n|-damage|p1a: Shiftry|169/305|[from] item: Life Orb\n|\n|upkeep\n|turn|4\n|inactive|Time left: 300 sec this turn | 300 sec total\n|\n|t:|1783574198\n|switch|p1a: Gouging Fire|Gouging Fire, L74|277/277\n|move|p2a: Ribombee|Sticky Web|p1a: Gouging Fire\n|-sidestart|p1: p0x29709eef|move: Sticky Web\n|\n|upkeep\n|turn|5\n|inactive|Time left: 300 sec this turn | 300 sec total\n|\n|t:|1783574199\n|move|p2a: Ribombee|Moonblast|p1a: Gouging Fire\n|-damage|p1a: Gouging Fire|168/277\n|move|p1a: Gouging Fire|Dragon Dance|p1a: Gouging Fire\n|-boost|p1a: Gouging Fire|atk|1\n|-boost|p1a: Gouging Fire|spe|1\n|\n|upkeep\n|turn|6\n|inactive|Time left: 300 sec this turn | 300 sec total\n|\n|t:|1783574200\n|switch|p2a: Sandslash|Sandslash, L89, M|100/100\n|move|p1a: Gouging Fire|Heat Crash|p2a: Sandslash\n|-damage|p2a: Sandslash|52/100\n|\n|-heal|p2a: Sandslash|58/100|[from] item: Leftovers\n|upkeep\n|turn|7\n|inactive|Time left: 300 sec this turn | 300 sec total\n|\n|t:|1783574202\n|-terastallize|p1a: Gouging Fire|Fairy\n|move|p1a: Gouging Fire|Outrage|p2a: Sandslash\n|-damage|p2a: Sandslash|10/100\n|move|p2a: Sandslash|Earthquake|p1a: Gouging Fire\n|-damage|p1a: Gouging Fire|68/277\n|\n|-heal|p2a: Sandslash|16/100|[from] item: Leftovers\n|upkeep\n|turn|8\n|inactive|Time left: 300 sec this turn | 300 sec total\n|\n|t:|1783574203\n|switch|p2a: Alcremie|Alcremie-Ruby-Swirl, L90, F|100/100\n|move|p1a: Gouging Fire|Outrage|p2a: Alcremie|[from] lockedmove\n|-immune|p2a: Alcremie\n|\n|upkeep\n|turn|9\n|inactive|Time left: 300 sec this turn | 300 sec total\n|\n|t:|1783574204\n|move|p1a: Gouging Fire|Heat Crash|p2a: Alcremie\n|-damage|p2a: Alcremie|28/100\n|move|p2a: Alcremie|Alluring Voice|p1a: Gouging Fire\n|-damage|p1a: Gouging Fire|0 fnt\n|faint|p1a: Gouging Fire\n|-end|p1a: Gouging Fire|Protosynthesis|[silent]\n|\n|-heal|p2a: Alcremie|34/100|[from] item: Leftovers\n|upkeep\n|inactive|Time left: 300 sec this turn | 300 sec total | 5 sec grace\n|\n|t:|1783574205\n|switch|p1a: Flygon|Flygon, L82, M|265/265\n|turn|10\n|inactive|Time left: 300 sec this turn | 300 sec total\n|\n|t:|1783574206\n|switch|p2a: Toedscruel|Toedscruel, L87, M|100/100\n|move|p1a: Flygon|Earthquake|p2a: Toedscruel\n|-resisted|p2a: Toedscruel\n|-damage|p2a: Toedscruel|80/100\n|\n|-heal|p2a: Toedscruel|86/100|[from] item: Leftovers\n|upkeep\n|turn|11\n|inactive|Time left: 300 sec this turn | 300 sec total\n|\n|t:|1783574207\n|move|p1a: Flygon|Earthquake|p2a: Toedscruel\n|-resisted|p2a: Toedscruel\n|-damage|p2a: Toedscruel|63/100\n|move|p2a: Toedscruel|Giga Drain|p1a: Flygon\n|-damage|p1a: Flygon|190/265\n|-heal|p2a: Toedscruel|77/100|[from] drain|[of] p1a: Flygon\n|\n|-heal|p2a: Toedscruel|83/100|[from] item: Leftovers\n|upkeep\n|turn|12\n|inactive|Time left: 300 sec this turn | 300 sec total\n|\n|t:|1783574208\n|move|p1a: Flygon|Earthquake|p2a: Toedscruel\n|-resisted|p2a: Toedscruel\n|-damage|p2a: Toedscruel|61/100\n|move|p2a: Toedscruel|Giga Drain|p1a: Flygon\n|-damage|p1a: Flygon|102/265\n|-heal|p2a: Toedscruel|77/100|[from] drain|[of] p1a: Flygon\n|\n|-heal|p2a: Toedscruel|83/100|[from] item: Leftovers\n|upkeep\n|turn|13\n|inactive|Time left: 300 sec this turn | 300 sec total\n|\n|t:|1783574209\n|move|p1a: Flygon|Earthquake|p2a: Toedscruel\n|-resisted|p2a: Toedscruel\n|-damage|p2a: Toedscruel|62/100\n|move|p2a: Toedscruel|Knock Off|p1a: Flygon\n|-damage|p1a: Flygon|38/265\n|-enditem|p1a: Flygon|Choice Scarf|[from] move: Knock Off|[of] p2a: Toedscruel\n|\n|-heal|p2a: Toedscruel|68/100|[from] item: Leftovers\n|upkeep\n|turn|14\n|inactive|Time left: 300 sec this turn | 300 sec total\n|\n|t:|1783574210\n|switch|p1a: Shiftry|Shiftry, L89, F|169/305\n|-activate|p1a: Shiftry|move: Sticky Web\n|-unboost|p1a: Shiftry|spe|1\n|move|p2a: Toedscruel|Giga Drain|p1a: Shiftry\n|-resisted|p1a: Shiftry\n|-damage|p1a: Shiftry|127/305\n|-heal|p2a: Toedscruel|76/100|[from] drain|[of] p1a: Shiftry\n|\n|-heal|p2a: Toedscruel|82/100|[from] item: Leftovers\n|upkeep\n|turn|15\n|inactive|Time left: 300 sec this turn | 300 sec total\n|\n|t:|1783574211\n|move|p1a: Shiftry|Knock Off|p2a: Toedscruel\n|-damage|p2a: Toedscruel|22/100\n|-enditem|p2a: Toedscruel|Leftovers|[from] move: Knock Off|[of] p1a: Shiftry\n|-damage|p1a: Shiftry|97/305|[from] item: Life Orb\n|move|p2a: Toedscruel|Toxic|p1a: Shiftry\n|-status|p1a: Shiftry|tox\n|\n|-damage|p1a: Shiftry|78/305 tox|[from] psn\n|upkeep\n|turn|16\n|inactive|Time left: 300 sec this turn | 300 sec total\n|\n|t:|1783574212\n|move|p2a: Toedscruel|Giga Drain|p1a: Shiftry\n|-resisted|p1a: Shiftry\n|-damage|p1a: Shiftry|36/305 tox\n|-heal|p2a: Toedscruel|29/100|[from] drain|[of] p1a: Shiftry\n|move|p1a: Shiftry|Knock Off|p2a: Toedscruel\n|-damage|p2a: Toedscruel|0 fnt\n|faint|p2a: Toedscruel\n|-damage|p1a: Shiftry|6/305 tox|[from] item: Life Orb\n|\n|-damage|p1a: Shiftry|0 fnt|[from] psn\n|faint|p1a: Shiftry\n|upkeep\n|inactive|Time left: 300 sec this turn | 300 sec total | 5 sec grace\n|\n|t:|1783574213\n|switch|p2a: Annihilape|Annihilape, L76, F|100/100\n|switch|p1a: Flygon|Flygon, L82, M|38/265\n|turn|17\n|inactive|Time left: 300 sec this turn | 300 sec total\n|\n|t:|1783574214\n|move|p1a: Flygon|Outrage|p2a: Annihilape\n|-damage|p2a: Annihilape|50/100\n|move|p2a: Annihilape|Drain Punch|p1a: Flygon\n|-damage|p1a: Flygon|0 fnt\n|-heal|p2a: Annihilape|57/100|[from] drain|[of] p1a: Flygon\n|faint|p1a: Flygon\n|\n|-heal|p2a: Annihilape|63/100|[from] item: Leftovers\n|upkeep\n|inactive|Time left: 300 sec this turn | 300 sec total | 5 sec grace\n|\n|t:|1783574215\n|switch|p1a: Swalot|Swalot, L90, M|326/326\n|-activate|p1a: Swalot|move: Sticky Web\n|-unboost|p1a: Swalot|spe|1\n|turn|18\n|inactive|Time left: 300 sec this turn | 300 sec total\n|\n|t:|1783574216\n|move|p2a: Annihilape|Bulk Up|p2a: Annihilape\n|-boost|p2a: Annihilape|atk|1\n|-boost|p2a: Annihilape|def|1\n|move|p1a: Swalot|Sludge Bomb|p2a: Annihilape\n|-resisted|p2a: Annihilape\n|-damage|p2a: Annihilape|47/100\n|-status|p2a: Annihilape|psn\n|\n|-heal|p2a: Annihilape|54/100 psn|[from] item: Leftovers\n|-damage|p2a: Annihilape|41/100 psn|[from] psn\n|upkeep\n|turn|19\n|inactive|Time left: 300 sec this turn | 300 sec total\n|\n|t:|1783574217\n|move|p2a: Annihilape|Gunk Shot|p1a: Swalot|[miss]\n|-miss|p2a: Annihilape|p1a: Swalot\n|move|p1a: Swalot|Sludge Bomb|p2a: Annihilape\n|-resisted|p2a: Annihilape\n|-damage|p2a: Annihilape|26/100 psn\n|\n|-heal|p2a: Annihilape|32/100 psn|[from] item: Leftovers\n|-damage|p2a: Annihilape|20/100 psn|[from] psn\n|upkeep\n|turn|20\n|inactive|Time left: 300 sec this turn | 300 sec total\n|\n|t:|1783574218\n|move|p2a: Annihilape|Drain Punch|p1a: Swalot\n|-resisted|p1a: Swalot\n|-damage|p1a: Swalot|268/326\n|-damage|p2a: Annihilape|10/100 psn|[from] ability: Liquid Ooze|[of] p1a: Swalot\n|move|p1a: Swalot|Sludge Bomb|p2a: Annihilape\n|-resisted|p2a: Annihilape\n|-damage|p2a: Annihilape|0 fnt\n|faint|p2a: Annihilape\n|\n|-heal|p1a: Swalot|288/326|[from] item: Leftovers\n|upkeep\n|\n|t:|1783574219\n|switch|p2a: Alcremie|Alcremie-Ruby-Swirl, L90, F|34/100\n|turn|21\n|inactive|Time left: 300 sec this turn | 300 sec total\n|\n|t:|1783574220\n|move|p2a: Alcremie|Recover|p2a: Alcremie\n|-heal|p2a: Alcremie|85/100\n|move|p1a: Swalot|Sludge Bomb|p2a: Alcremie\n|-supereffective|p2a: Alcremie\n|-damage|p2a: Alcremie|34/100\n|-status|p2a: Alcremie|psn\n|\n|-heal|p2a: Alcremie|40/100 psn|[from] item: Leftovers\n|-heal|p1a: Swalot|308/326|[from] item: Leftovers\n|-damage|p2a: Alcremie|28/100 psn|[from] psn\n|upkeep\n|turn|22\n|inactive|Time left: 300 sec this turn | 300 sec total\n|\n|t:|1783574221\n|move|p2a: Alcremie|Recover|p2a: Alcremie\n|-heal|p2a: Alcremie|78/100 psn\n|move|p1a: Swalot|Sludge Bomb|p2a: Alcremie\n|-supereffective|p2a: Alcremie\n|-damage|p2a: Alcremie|28/100 psn\n|\n|-heal|p2a: Alcremie|34/100 psn|[from] item: Leftovers\n|-heal|p1a: Swalot|326/326|[from] item: Leftovers\n|-damage|p2a: Alcremie|22/100 psn|[from] psn\n|upkeep\n|turn|23\n|inactive|Time left: 300 sec this turn | 300 sec total\n|\n|t:|1783574222\n|move|p2a: Alcremie|Recover|p2a: Alcremie\n|-heal|p2a: Alcremie|72/100 psn\n|move|p1a: Swalot|Sludge Bomb|p2a: Alcremie\n|-supereffective|p2a: Alcremie\n|-damage|p2a: Alcremie|20/100 psn\n|\n|-heal|p2a: Alcremie|26/100 psn|[from] item: Leftovers\n|-damage|p2a: Alcremie|14/100 psn|[from] psn\n|upkeep\n|turn|24\n|inactive|Time left: 300 sec this turn | 300 sec total\n|\n|t:|1783574222\n|move|p2a: Alcremie|Recover|p2a: Alcremie\n|-heal|p2a: Alcremie|64/100 psn\n|move|p1a: Swalot|Sludge Bomb|p2a: Alcremie\n|-supereffective|p2a: Alcremie\n|-damage|p2a: Alcremie|13/100 psn\n|\n|-heal|p2a: Alcremie|19/100 psn|[from] item: Leftovers\n|-damage|p2a: Alcremie|7/100 psn|[from] psn\n|upkeep\n|turn|25\n|inactive|Time left: 300 sec this turn | 300 sec total\n|\n|t:|1783574223\n|move|p2a: Alcremie|Psyshock|p1a: Swalot\n|-supereffective|p1a: Swalot\n|-damage|p1a: Swalot|176/326\n|move|p1a: Swalot|Sludge Bomb|p2a: Alcremie\n|-supereffective|p2a: Alcremie\n|-damage|p2a: Alcremie|0 fnt\n|faint|p2a: Alcremie\n|\n|-heal|p1a: Swalot|196/326|[from] item: Leftovers\n|upkeep\n|\n|t:|1783574224\n|switch|p2a: Sandslash|Sandslash, L89, M|16/100\n|turn|26\n|inactive|Time left: 300 sec this turn | 300 sec total\n|\n|t:|1783574225\n|move|p1a: Swalot|Protect|p1a: Swalot\n|-singleturn|p1a: Swalot|Protect\n|move|p2a: Sandslash|Earthquake|p1a: Swalot\n|-activate|p1a: Swalot|move: Protect\n|\n|-heal|p2a: Sandslash|22/100|[from] item: Leftovers\n|-heal|p1a: Swalot|216/326|[from] item: Leftovers\n|upkeep\n|turn|27\n|inactive|Time left: 300 sec this turn | 300 sec total\n|\n|t:|1783574226\n|move|p2a: Sandslash|Earthquake|p1a: Swalot\n|-supereffective|p1a: Swalot\n|-damage|p1a: Swalot|0 fnt\n|faint|p1a: Swalot\n|\n|-heal|p2a: Sandslash|28/100|[from] item: Leftovers\n|upkeep\n|inactive|Time left: 300 sec this turn | 300 sec total | 5 sec grace\n|\n|t:|1783574226\n|switch|p1a: Frosmoth|Frosmoth, L82, F|99/249\n|turn|28\n|inactive|Time left: 300 sec this turn | 300 sec total\n|\n|t:|1783574227\n|switch|p1a: Gholdengo|Gholdengo, L77|261/261\n|-activate|p1a: Gholdengo|move: Sticky Web\n|-unboost|p1a: Gholdengo|spe|1\n|move|p2a: Sandslash|Stone Edge|p1a: Gholdengo\n|-resisted|p1a: Gholdengo\n|-damage|p1a: Gholdengo|219/261\n|\n|-heal|p2a: Sandslash|34/100|[from] item: Leftovers\n|-heal|p1a: Gholdengo|235/261|[from] item: Leftovers\n|upkeep\n|turn|29\n|inactive|Time left: 300 sec this turn | 300 sec total\n|\n|t:|1783574228\n|move|p2a: Sandslash|Earthquake|p1a: Gholdengo\n|-supereffective|p1a: Gholdengo\n|-damage|p1a: Gholdengo|0 fnt\n|faint|p1a: Gholdengo\n|\n|-heal|p2a: Sandslash|40/100|[from] item: Leftovers\n|upkeep\n|inactive|Time left: 300 sec this turn | 300 sec total | 5 sec grace\n|\n|t:|1783574229\n|switch|p1a: Frosmoth|Frosmoth, L82, F|99/249\n|turn|30\n|inactive|Time left: 300 sec this turn | 300 sec total\n|\n|t:|1783574230\n|move|p2a: Sandslash|Rapid Spin|p1a: Frosmoth\n|-damage|p1a: Frosmoth|47/249\n|-boost|p2a: Sandslash|spe|1\n|move|p1a: Frosmoth|Quiver Dance|p1a: Frosmoth\n|-boost|p1a: Frosmoth|spa|1\n|-boost|p1a: Frosmoth|spd|1\n|-boost|p1a: Frosmoth|spe|1\n|\n|-heal|p2a: Sandslash|47/100|[from] item: Leftovers\n|upkeep\n|turn|31\n|inactive|Time left: 300 sec this turn | 300 sec total\n|\n|t:|1783574231\n|-terastallize|p2a: Sandslash|Dragon\n|move|p2a: Sandslash|Rapid Spin|p1a: Frosmoth\n|-damage|p1a: Frosmoth|0 fnt\n|-boost|p2a: Sandslash|spe|1\n|faint|p1a: Frosmoth\n|\n|win|p0y29705619", "uploadtime": 1783574231, "views": 0, "rating": 0, "private": 0, "password": null, "_winner": "p0y29705619", "_our_name": "p0x29709eef"}