{"id": "battle-gen9randombattle-1587", "formatid": "gen9randombattle", "format": "[Gen 9] Random Battle", "players": ["p0x15878a2d", "p0y15871527"], "log": "|init|battle\n|title|p0x15878a2d vs. p0y15871527\n|j|\u2606p0x15878a2d\n|j|\u2606p0y15871527\n|t:|1783558382\n|gametype|singles\n|player|p1|p0x15878a2d|266|\n|player|p2|p0y15871527|2|\n|gen|9\n|tier|[Gen 9] Random Battle\n|rule|Species Clause: Limit one of each Pok\u00e9mon\n|rule|HP Percentage Mod: HP is shown in percentages\n|rule|Sleep Clause Mod: Limit one foe put to sleep\n|rule|Illusion Level Mod: Illusion disguises the Pok\u00e9mon's true level\n|\n|t:|1783558382\n|teamsize|p1|6\n|teamsize|p2|6\n|start\n|switch|p1a: Rotom|Rotom-Fan, L86|100/100\n|switch|p2a: Vikavolt|Vikavolt, L83, M|263/263\n|turn|1\n|inactive|Battle timer is ON: inactive players will automatically lose when time's up. (requested by p0y15871527)\n|inactive|p0x15878a2d also wants the timer to be on.\n|\n|t:|1783558383\n|move|p1a: Rotom|Air Slash|p2a: Vikavolt\n|-damage|p2a: Vikavolt|154/263\n|move|p2a: Vikavolt|Sticky Web|p1a: Rotom\n|-sidestart|p1: p0x15878a2d|move: Sticky Web\n|\n|upkeep\n|turn|2\n|inactive|Time left: 300 sec this turn | 300 sec total\n|\n|t:|1783558384\n|move|p1a: Rotom|Air Slash|p2a: Vikavolt\n|-damage|p2a: Vikavolt|48/263\n|move|p2a: Vikavolt|Discharge|p1a: Rotom\n|-damage|p1a: Rotom|61/100\n|\n|upkeep\n|turn|3\n|inactive|Time left: 300 sec this turn | 300 sec total\n|\n|t:|1783558385\n|switch|p2a: Pikachu|Pikachu-Original, L93, M|216/216\n|move|p1a: Rotom|Thunderbolt|p2a: Pikachu\n|-ability|p2a: Pikachu|Lightning Rod|boost\n|-boost|p2a: Pikachu|spa|1\n|\n|upkeep\n|turn|4\n|inactive|Time left: 300 sec this turn | 300 sec total\n|\n|t:|1783558387\n|switch|p1a: Vileplume|Vileplume, L85, M|100/100\n|-activate|p1a: Vileplume|move: Sticky Web\n|-unboost|p1a: Vileplume|spe|1\n|move|p2a: Pikachu|Surf|p1a: Vileplume\n|-resisted|p1a: Vileplume\n|-damage|p1a: Vileplume|73/100\n|\n|-heal|p1a: Vileplume|79/100|[from] item: Leftovers\n|upkeep\n|turn|5\n|inactive|Time left: 300 sec this turn | 300 sec total\n|\n|t:|1783558388\n|move|p2a: Pikachu|Volt Tackle|p1a: Vileplume\n|-resisted|p1a: Vileplume\n|-damage|p1a: Vileplume|42/100\n|-status|p1a: Vileplume|par\n|-damage|p2a: Pikachu|184/216|[from] Recoil\n|cant|p1a: Vileplume|par\n|\n|-heal|p1a: Vileplume|48/100 par|[from] item: Leftovers\n|upkeep\n|turn|6\n|inactive|Time left: 300 sec this turn | 300 sec total\n|\n|t:|1783558389\n|move|p2a: Pikachu|Surf|p1a: Vileplume\n|-resisted|p1a: Vileplume\n|-damage|p1a: Vileplume|24/100 par\n|move|p1a: Vileplume|Sludge Bomb|p2a: Pikachu\n|-damage|p2a: Pikachu|45/216\n|-status|p2a: Pikachu|psn\n|\n|-heal|p1a: Vileplume|30/100 par|[from] item: Leftovers\n|-damage|p2a: Pikachu|18/216 psn|[from] psn\n|upkeep\n|turn|7\n|inactive|Time left: 300 sec this turn | 300 sec total\n|\n|t:|1783558390\n|move|p2a: Pikachu|Volt Tackle|p1a: Vileplume\n|-resisted|p1a: Vileplume\n|-damage|p1a: Vileplume|0 fnt\n|faint|p1a: Vileplume\n|-damage|p2a: Pikachu|0 fnt|[from] Recoil\n|faint|p2a: Pikachu\n|\n|upkeep\n|inactive|Time left: 300 sec this turn | 300 sec total | 5 sec grace\n|\n|t:|1783558391\n|switch|p2a: Meowscarada|Meowscarada, L78, M|247/247\n|switch|p1a: Rotom|Rotom-Fan, L86|61/100\n|turn|8\n|inactive|Time left: 300 sec this turn | 300 sec total\n|\n|t:|1783558392\n|move|p2a: Meowscarada|Triple Axel|p1a: Rotom\n|-start|p2a: Meowscarada|typechange|Ice|[from] ability: Protean\n|-supereffective|p1a: Rotom\n|-damage|p1a: Rotom|37/100\n|-supereffective|p1a: Rotom\n|-damage|p1a: Rotom|0 fnt\n|faint|p1a: Rotom\n|-hitcount|p1: Rotom|2\n|\n|upkeep\n|\n|t:|1783558393\n|switch|p1a: Arcanine|Arcanine-Hisui, L79, F|100/100\n|-activate|p1a: Arcanine|move: Sticky Web\n|-unboost|p1a: Arcanine|spe|1\n|turn|9\n|inactive|Time left: 300 sec this turn | 300 sec total\n|\n|t:|1783558394\n|switch|p2a: Vikavolt|Vikavolt, L83, M|48/263\n|move|p1a: Arcanine|Flare Blitz|p2a: Vikavolt\n|-supereffective|p2a: Vikavolt\n|-damage|p2a: Vikavolt|0 fnt\n|faint|p2a: Vikavolt\n|\n|upkeep\n|inactive|Time left: 300 sec this turn | 300 sec total | 5 sec grace\n|\n|t:|1783558395\n|switch|p2a: Mienshao|Mienshao, L83, M|244/244\n|turn|10\n|inactive|Time left: 300 sec this turn | 300 sec total\n|\n|t:|1783558396\n|move|p2a: Mienshao|Close Combat|p1a: Arcanine\n|-supereffective|p1a: Arcanine\n|-damage|p1a: Arcanine|0 fnt\n|-unboost|p2a: Mienshao|def|1\n|-unboost|p2a: Mienshao|spd|1\n|faint|p1a: Arcanine\n|-damage|p2a: Mienshao|220/244|[from] item: Life Orb\n|\n|upkeep\n|\n|t:|1783558397\n|switch|p1a: Palkia|Palkia-Origin, L72|100/100\n|-activate|p1a: Palkia|move: Sticky Web\n|-unboost|p1a: Palkia|spe|1\n|-ability|p1a: Palkia|Pressure\n|turn|11\n|inactive|Time left: 300 sec this turn | 300 sec total\n|\n|t:|1783558398\n|switch|p2a: Uxie|Uxie, L83|260/260\n|move|p1a: Palkia|Spacial Rend|p2a: Uxie\n|-crit|p2a: Uxie\n|-damage|p2a: Uxie|101/260\n|\n|-heal|p2a: Uxie|117/260|[from] item: Leftovers\n|upkeep\n|turn|12\n|inactive|Time left: 300 sec this turn | 300 sec total\n|\n|t:|1783558399\n|move|p2a: Uxie|Thunder Wave|p1a: Palkia\n|-status|p1a: Palkia|par\n|cant|p1a: Palkia|par\n|\n|-heal|p2a: Uxie|133/260|[from] item: Leftovers\n|upkeep\n|turn|13\n|inactive|Time left: 300 sec this turn | 300 sec total\n|\n|t:|1783558400\n|move|p2a: Uxie|Stealth Rock|p1a: Palkia\n|-sidestart|p1: p0x15878a2d|move: Stealth Rock\n|cant|p1a: Palkia|par\n|\n|-heal|p2a: Uxie|149/260|[from] item: Leftovers\n|upkeep\n|turn|14\n|inactive|Time left: 300 sec this turn | 300 sec total\n|\n|t:|1783558401\n|move|p2a: Uxie|Psychic Noise|p1a: Palkia\n|-damage|p1a: Palkia|77/100 par\n|-start|p1a: Palkia|move: Heal Block\n|move|p1a: Palkia|Spacial Rend|p2a: Uxie\n|-damage|p2a: Uxie|47/260\n|\n|-heal|p2a: Uxie|63/260|[from] item: Leftovers\n|upkeep\n|turn|15\n|inactive|Time left: 300 sec this turn | 300 sec total\n|\n|t:|1783558402\n|move|p2a: Uxie|Psychic Noise|p1a: Palkia\n|-damage|p1a: Palkia|53/100 par\n|move|p1a: Palkia|Spacial Rend|p2a: Uxie\n|-damage|p2a: Uxie|0 fnt\n|faint|p2a: Uxie\n|\n|-end|p1a: Palkia|move: Heal Block\n|upkeep\n|inactive|Time left: 300 sec this turn | 300 sec total | 5 sec grace\n|\n|t:|1783558403\n|switch|p2a: Rillaboom|Rillaboom, L79, M|288/288\n|-fieldstart|move: Grassy Terrain|[from] ability: Grassy Surge|[of] p2a: Rillaboom\n|turn|16\n|inactive|Time left: 300 sec this turn | 300 sec total\n|\n|t:|1783558404\n|move|p2a: Rillaboom|Wood Hammer|p1a: Palkia\n|-damage|p1a: Palkia|0 fnt\n|faint|p1a: Palkia\n|-damage|p2a: Rillaboom|245/288|[from] Recoil\n|\n|-heal|p2a: Rillaboom|263/288|[from] Grassy Terrain\n|upkeep\n|\n|t:|1783558405\n|switch|p1a: Mightyena|Mightyena, L96, M|100/100\n|-activate|p1a: Mightyena|move: Sticky Web\n|-unboost|p1a: Mightyena|spe|1\n|-damage|p1a: Mightyena|88/100|[from] Stealth Rock\n|-ability|p1a: Mightyena|Intimidate|boost\n|-unboost|p2a: Rillaboom|atk|1\n|turn|17\n|inactive|Time left: 300 sec this turn | 300 sec total\n|\n|t:|1783558406\n|-terastallize|p1a: Mightyena|Poison\n|move|p2a: Rillaboom|Wood Hammer|p1a: Mightyena\n|-resisted|p1a: Mightyena\n|-damage|p1a: Mightyena|58/100\n|-damage|p2a: Rillaboom|234/288|[from] Recoil\n|move|p1a: Mightyena|Poison Fang|p2a: Rillaboom\n|-supereffective|p2a: Rillaboom\n|-damage|p2a: Rillaboom|76/288\n|\n|-heal|p2a: Rillaboom|94/288|[from] Grassy Terrain\n|-heal|p1a: Mightyena|64/100|[from] Grassy Terrain\n|-heal|p1a: Mightyena|70/100|[from] item: Leftovers\n|upkeep\n|turn|18\n|inactive|Time left: 300 sec this turn | 300 sec total\n|\n|t:|1783558407\n|move|p1a: Mightyena|Sucker Punch|p2a: Rillaboom\n|-damage|p2a: Rillaboom|6/288\n|move|p2a: Rillaboom|Wood Hammer|p1a: Mightyena\n|-resisted|p1a: Mightyena\n|-damage|p1a: Mightyena|40/100\n|-damage|p2a: Rillaboom|0 fnt|[from] Recoil\n|faint|p2a: Rillaboom\n|\n|-heal|p1a: Mightyena|47/100|[from] Grassy Terrain\n|-heal|p1a: Mightyena|53/100|[from] item: Leftovers\n|upkeep\n|inactive|Time left: 300 sec this turn | 300 sec total | 5 sec grace\n|\n|t:|1783558408\n|switch|p2a: Meowscarada|Meowscarada, L78, M|247/247\n|turn|19\n|inactive|Time left: 300 sec this turn | 300 sec total\n|\n|t:|1783558409\n|-terastallize|p2a: Meowscarada|Dark\n|move|p2a: Meowscarada|Knock Off|p1a: Mightyena\n|-damage|p1a: Mightyena|0 fnt\n|-enditem|p1a: Mightyena|Leftovers|[from] move: Knock Off|[of] p2a: Meowscarada\n|faint|p1a: Mightyena\n|\n|upkeep\n|\n|t:|1783558410\n|switch|p1a: Tyranitar|Tyranitar, L78, F|100/100\n|-activate|p1a: Tyranitar|move: Sticky Web\n|-unboost|p1a: Tyranitar|spe|1\n|-damage|p1a: Tyranitar|88/100|[from] Stealth Rock\n|-weather|Sandstorm|[from] ability: Sand Stream|[of] p1a: Tyranitar\n|turn|20\n|inactive|Time left: 300 sec this turn | 300 sec total\n|\n|t:|1783558411\n|switch|p2a: Mienshao|Mienshao, L83, M|244/244\n|move|p1a: Tyranitar|Ice Beam|p2a: Mienshao\n|-damage|p2a: Mienshao|177/244\n|\n|-weather|Sandstorm|[upkeep]\n|-damage|p2a: Mienshao|162/244|[from] Sandstorm\n|-heal|p2a: Mienshao|177/244|[from] Grassy Terrain\n|-heal|p1a: Tyranitar|94/100|[from] Grassy Terrain\n|-fieldend|move: Grassy Terrain\n|upkeep\n|turn|21\n|inactive|Time left: 300 sec this turn | 300 sec total\n|\n|t:|1783558412\n|move|p2a: Mienshao|Close Combat|p1a: Tyranitar\n|-supereffective|p1a: Tyranitar\n|-damage|p1a: Tyranitar|0 fnt\n|-unboost|p2a: Mienshao|def|1\n|-unboost|p2a: Mienshao|spd|1\n|faint|p1a: Tyranitar\n|-damage|p2a: Mienshao|153/244|[from] item: Life Orb\n|\n|win|p0y15871527", "uploadtime": 1783558412, "views": 0, "rating": 0, "private": 0, "password": null, "_winner": "p0y15871527", "_our_name": "p0y15871527"}