{"id": "battle-gen9randombattle-395", "formatid": "gen9randombattle", "format": "[Gen 9] Random Battle", "players": ["p0x395aeda", "p0y3958460"], "log": "|init|battle\n|title|p0x395aeda vs. p0y3958460\n|j|\u2606p0x395aeda\n|j|\u2606p0y3958460\n|t:|1783544275\n|gametype|singles\n|player|p1|p0x395aeda|266|\n|player|p2|p0y3958460|101|\n|gen|9\n|tier|[Gen 9] Random Battle\n|rule|Species Clause: Limit one of each Pok\u00e9mon\n|rule|HP Percentage Mod: HP is shown in percentages\n|rule|Sleep Clause Mod: Limit one foe put to sleep\n|rule|Illusion Level Mod: Illusion disguises the Pok\u00e9mon's true level\n|\n|t:|1783544275\n|teamsize|p1|6\n|teamsize|p2|6\n|start\n|switch|p1a: Arcanine|Arcanine-Hisui, L79, M|100/100\n|switch|p2a: Dragalge|Dragalge, L88, M|258/258\n|turn|1\n|inactive|Battle timer is ON: inactive players will automatically lose when time's up. (requested by p0y3958460)\n|inactive|p0x395aeda also wants the timer to be on.\n|\n|t:|1783544277\n|move|p1a: Arcanine|Head Smash|p2a: Dragalge\n|-damage|p2a: Dragalge|110/258\n|move|p2a: Dragalge|Draco Meteor|p1a: Arcanine\n|-damage|p1a: Arcanine|0 fnt\n|-unboost|p2a: Dragalge|spa|2\n|faint|p1a: Arcanine\n|\n|upkeep\n|\n|t:|1783544278\n|switch|p1a: Spidops|Spidops, L96, M|100/100\n|turn|2\n|inactive|Time left: 300 sec this turn | 300 sec total\n|\n|t:|1783544279\n|move|p2a: Dragalge|Draco Meteor|p1a: Spidops\n|-damage|p1a: Spidops|52/100\n|-unboost|p2a: Dragalge|spa|2\n|move|p1a: Spidops|Sticky Web|p2a: Dragalge\n|-sidestart|p2: p0y3958460|move: Sticky Web\n|\n|upkeep\n|turn|3\n|inactive|Time left: 300 sec this turn | 300 sec total\n|\n|t:|1783544280\n|move|p2a: Dragalge|Draco Meteor|p1a: Spidops|[miss]\n|-miss|p2a: Dragalge|p1a: Spidops\n|move|p1a: Spidops|Spikes|p2a: Dragalge\n|-sidestart|p2: p0y3958460|Spikes\n|\n|upkeep\n|turn|4\n|inactive|Time left: 300 sec this turn | 300 sec total\n|\n|t:|1783544281\n|move|p2a: Dragalge|Draco Meteor|p1a: Spidops\n|-damage|p1a: Spidops|16/100\n|-unboost|p2a: Dragalge|spa|2\n|move|p1a: Spidops|Spikes|p2a: Dragalge\n|-sidestart|p2: p0y3958460|Spikes\n|\n|upkeep\n|turn|5\n|inactive|Time left: 300 sec this turn | 300 sec total\n|\n|t:|1783544282\n|move|p2a: Dragalge|Draco Meteor|p1a: Spidops\n|-damage|p1a: Spidops|0 fnt\n|faint|p1a: Spidops\n|\n|upkeep\n|\n|t:|1783544283\n|switch|p1a: Zekrom|Zekrom, L71|100/100\n|-ability|p1a: Zekrom|Teravolt\n|turn|6\n|inactive|Time left: 300 sec this turn | 300 sec total\n|\n|t:|1783544284\n|move|p1a: Zekrom|Outrage|p2a: Dragalge\n|-supereffective|p2a: Dragalge\n|-damage|p2a: Dragalge|0 fnt\n|faint|p2a: Dragalge\n|\n|upkeep\n|inactive|Time left: 300 sec this turn | 300 sec total | 5 sec grace\n|\n|t:|1783544285\n|switch|p2a: Cryogonal|Cryogonal, L89|287/287\n|turn|7\n|inactive|Time left: 300 sec this turn | 300 sec total\n|\n|t:|1783544285\n|move|p2a: Cryogonal|Rapid Spin|p1a: Zekrom\n|-damage|p1a: Zekrom|91/100\n|-boost|p2a: Cryogonal|spe|1\n|-sideend|p2: p0y3958460|Spikes|[from] move: Rapid Spin|[of] p2a: Cryogonal\n|-sideend|p2: p0y3958460|Sticky Web|[from] move: Rapid Spin|[of] p2a: Cryogonal\n|move|p1a: Zekrom|Outrage|p2a: Cryogonal|[from] lockedmove\n|-damage|p2a: Cryogonal|118/287\n|\n|-heal|p1a: Zekrom|97/100|[from] item: Leftovers\n|upkeep\n|turn|8\n|inactive|Time left: 300 sec this turn | 300 sec total\n|\n|t:|1783544286\n|move|p2a: Cryogonal|Freeze-Dry|p1a: Zekrom\n|-supereffective|p1a: Zekrom\n|-damage|p1a: Zekrom|27/100\n|move|p1a: Zekrom|Outrage|p2a: Cryogonal|[from] lockedmove\n|-damage|p2a: Cryogonal|0 fnt\n|faint|p2a: Cryogonal\n|-start|p1a: Zekrom|confusion|[fatigue]\n|\n|-heal|p1a: Zekrom|33/100|[from] item: Leftovers\n|upkeep\n|inactive|Time left: 300 sec this turn | 300 sec total | 5 sec grace\n|\n|t:|1783544287\n|switch|p2a: Walking Wake|Walking Wake, L79|286/286\n|turn|9\n|inactive|Time left: 300 sec this turn | 300 sec total\n|\n|t:|1783544288\n|move|p2a: Walking Wake|Hydro Pump|p1a: Zekrom\n|-resisted|p1a: Zekrom\n|-crit|p1a: Zekrom\n|-damage|p1a: Zekrom|0 fnt\n|faint|p1a: Zekrom\n|\n|upkeep\n|\n|t:|1783544289\n|switch|p1a: Donphan|Donphan, L84, M|100/100\n|turn|10\n|inactive|Time left: 300 sec this turn | 300 sec total\n|\n|t:|1783544290\n|-terastallize|p1a: Donphan|Water\n|move|p2a: Walking Wake|Hydro Pump|p1a: Donphan\n|-resisted|p1a: Donphan\n|-damage|p1a: Donphan|73/100\n|move|p1a: Donphan|Earthquake|p2a: Walking Wake\n|-damage|p2a: Walking Wake|162/286\n|\n|upkeep\n|turn|11\n|inactive|Time left: 300 sec this turn | 300 sec total\n|\n|t:|1783544291\n|move|p2a: Walking Wake|Hydro Pump|p1a: Donphan\n|-resisted|p1a: Donphan\n|-damage|p1a: Donphan|44/100\n|move|p1a: Donphan|Knock Off|p2a: Walking Wake\n|-damage|p2a: Walking Wake|84/286\n|-enditem|p2a: Walking Wake|Choice Specs|[from] move: Knock Off|[of] p1a: Donphan\n|\n|upkeep\n|turn|12\n|inactive|Time left: 300 sec this turn | 300 sec total\n|\n|t:|1783544292\n|move|p2a: Walking Wake|Draco Meteor|p1a: Donphan\n|-damage|p1a: Donphan|0 fnt\n|-unboost|p2a: Walking Wake|spa|2\n|faint|p1a: Donphan\n|\n|upkeep\n|\n|t:|1783544293\n|switch|p1a: Beartic|Beartic, L91, F|100/100\n|turn|13\n|inactive|Time left: 300 sec this turn | 300 sec total\n|\n|t:|1783544294\n|move|p2a: Walking Wake|Flamethrower|p1a: Beartic\n|-supereffective|p1a: Beartic\n|-damage|p1a: Beartic|77/100\n|move|p1a: Beartic|Swords Dance|p1a: Beartic\n|-boost|p1a: Beartic|atk|2\n|\n|upkeep\n|turn|14\n|inactive|Time left: 300 sec this turn | 300 sec total\n|\n|t:|1783544295\n|move|p2a: Walking Wake|Flamethrower|p1a: Beartic\n|-supereffective|p1a: Beartic\n|-damage|p1a: Beartic|56/100\n|move|p1a: Beartic|Earthquake|p2a: Walking Wake\n|-damage|p2a: Walking Wake|0 fnt\n|faint|p2a: Walking Wake\n|-end|p2a: Walking Wake|Protosynthesis|[silent]\n|\n|upkeep\n|inactive|Time left: 300 sec this turn | 300 sec total | 5 sec grace\n|\n|t:|1783544296\n|switch|p2a: Electrode|Electrode, L92|260/260\n|turn|15\n|inactive|Time left: 300 sec this turn | 300 sec total\n|\n|t:|1783544297\n|move|p2a: Electrode|Foul Play|p1a: Beartic\n|-damage|p1a: Beartic|0 fnt\n|faint|p1a: Beartic\n|\n|upkeep\n|\n|t:|1783544298\n|switch|p1a: Iron Boulder|Iron Boulder, L77|100/100\n|turn|16\n|inactive|Time left: 300 sec this turn | 300 sec total\n|\n|t:|1783544299\n|move|p2a: Electrode|Foul Play|p1a: Iron Boulder\n|-supereffective|p1a: Iron Boulder\n|-damage|p1a: Iron Boulder|26/100\n|move|p1a: Iron Boulder|Swords Dance|p1a: Iron Boulder\n|-boost|p1a: Iron Boulder|atk|2\n|\n|upkeep\n|turn|17\n|inactive|Time left: 300 sec this turn | 300 sec total\n|\n|t:|1783544300\n|-terastallize|p2a: Electrode|Electric\n|move|p2a: Electrode|Volt Switch|p1a: Iron Boulder\n|-damage|p1a: Iron Boulder|0 fnt\n|faint|p1a: Iron Boulder\n|-end|p1a: Iron Boulder|Quark Drive|[silent]\n|\n|win|p0y3958460", "uploadtime": 1783544300, "views": 0, "rating": 0, "private": 0, "password": null, "_winner": "p0y3958460", "_our_name": "p0y3958460"}