{"id": "battle-gen9randombattle-297", "formatid": "gen9randombattle", "format": "[Gen 9] Random Battle", "players": ["p0x2975989", "p0y297bfd7"], "log": "|init|battle\n|title|p0x2975989 vs. p0y297bfd7\n|j|\u2606p0x2975989\n|j|\u2606p0y297bfd7\n|t:|1783542534\n|gametype|singles\n|player|p1|p0x2975989|265|\n|player|p2|p0y297bfd7|265|\n|gen|9\n|tier|[Gen 9] Random Battle\n|rule|Species Clause: Limit one of each Pok\u00e9mon\n|rule|HP Percentage Mod: HP is shown in percentages\n|rule|Sleep Clause Mod: Limit one foe put to sleep\n|rule|Illusion Level Mod: Illusion disguises the Pok\u00e9mon's true level\n|\n|t:|1783542534\n|teamsize|p1|6\n|teamsize|p2|6\n|start\n|switch|p1a: Arcanine|Arcanine-Hisui, L79, F|280/280\n|switch|p2a: Pincurchin|Pincurchin, F|100/100\n|-fieldstart|move: Electric Terrain|[from] ability: Electric Surge|[of] p2a: Pincurchin\n|turn|1\n|inactive|Battle timer is ON: inactive players will automatically lose when time's up. (requested by p0x2975989)\n|inactive|p0y297bfd7 also wants the timer to be on.\n|\n|t:|1783542535\n|switch|p1a: Luxray|Luxray, L88, F|284/284\n|-ability|p1a: Luxray|Intimidate|boost\n|-unboost|p2a: Pincurchin|atk|1\n|move|p2a: Pincurchin|Scald|p1a: Luxray\n|-damage|p1a: Luxray|231/284\n|\n|upkeep\n|turn|2\n|inactive|Time left: 300 sec this turn | 300 sec total\n|\n|t:|1783542536\n|move|p1a: Luxray|Wild Charge|p2a: Pincurchin\n|-resisted|p2a: Pincurchin\n|-damage|p2a: Pincurchin|74/100\n|-damage|p1a: Luxray|214/284|[from] Recoil\n|move|p2a: Pincurchin|Spikes|p1a: Luxray\n|-sidestart|p1: p0x2975989|Spikes\n|\n|-heal|p2a: Pincurchin|80/100|[from] item: Leftovers\n|upkeep\n|turn|3\n|inactive|Time left: 300 sec this turn | 300 sec total\n|\n|t:|1783542537\n|move|p1a: Luxray|Throat Chop|p2a: Pincurchin\n|-damage|p2a: Pincurchin|57/100\n|-start|p2a: Pincurchin|Throat Chop|[silent]\n|move|p2a: Pincurchin|Discharge|p1a: Luxray\n|-resisted|p1a: Luxray\n|-damage|p1a: Luxray|166/284\n|\n|-heal|p2a: Pincurchin|63/100|[from] item: Leftovers\n|upkeep\n|turn|4\n|inactive|Time left: 300 sec this turn | 300 sec total\n|\n|t:|1783542538\n|move|p1a: Luxray|Wild Charge|p2a: Pincurchin\n|-resisted|p2a: Pincurchin\n|-crit|p2a: Pincurchin\n|-damage|p2a: Pincurchin|28/100\n|-damage|p1a: Luxray|143/284|[from] Recoil\n|move|p2a: Pincurchin|Scald|p1a: Luxray\n|-damage|p1a: Luxray|94/284\n|-status|p1a: Luxray|brn\n|\n|-heal|p2a: Pincurchin|35/100|[from] item: Leftovers\n|-damage|p1a: Luxray|77/284 brn|[from] brn\n|-end|p2a: Pincurchin|Throat Chop|[silent]\n|upkeep\n|turn|5\n|inactive|Time left: 300 sec this turn | 300 sec total\n|\n|t:|1783542539\n|move|p1a: Luxray|Ice Fang|p2a: Pincurchin\n|-damage|p2a: Pincurchin|25/100\n|move|p2a: Pincurchin|Recover|p2a: Pincurchin\n|-heal|p2a: Pincurchin|75/100\n|\n|-heal|p2a: Pincurchin|82/100|[from] item: Leftovers\n|-damage|p1a: Luxray|60/284 brn|[from] brn\n|-fieldend|move: Electric Terrain\n|upkeep\n|turn|6\n|inactive|Time left: 300 sec this turn | 300 sec total\n|\n|t:|1783542540\n|move|p1a: Luxray|Ice Fang|p2a: Pincurchin\n|-damage|p2a: Pincurchin|73/100\n|move|p2a: Pincurchin|Spikes|p1a: Luxray\n|-sidestart|p1: p0x2975989|Spikes\n|\n|-heal|p2a: Pincurchin|79/100|[from] item: Leftovers\n|-damage|p1a: Luxray|43/284 brn|[from] brn\n|upkeep\n|turn|7\n|inactive|Time left: 300 sec this turn | 300 sec total\n|\n|t:|1783542541\n|move|p1a: Luxray|Ice Fang|p2a: Pincurchin\n|-damage|p2a: Pincurchin|70/100\n|move|p2a: Pincurchin|Scald|p1a: Luxray\n|-damage|p1a: Luxray|0 fnt\n|faint|p1a: Luxray\n|\n|-heal|p2a: Pincurchin|76/100|[from] item: Leftovers\n|upkeep\n|inactive|Time left: 300 sec this turn | 300 sec total | 5 sec grace\n|\n|t:|1783542542\n|switch|p1a: Gogoat|Gogoat, L88, M|360/360\n|-damage|p1a: Gogoat|300/360|[from] Spikes\n|turn|8\n|inactive|Time left: 300 sec this turn | 300 sec total\n|\n|t:|1783542543\n|switch|p2a: Eelektross|Eelektross, L87, M|100/100\n|move|p1a: Gogoat|Bulk Up|p1a: Gogoat\n|-boost|p1a: Gogoat|atk|1\n|-boost|p1a: Gogoat|def|1\n|\n|-heal|p1a: Gogoat|322/360|[from] item: Leftovers\n|upkeep\n|turn|9\n|inactive|Time left: 300 sec this turn | 300 sec total\n|\n|t:|1783542544\n|move|p1a: Gogoat|Horn Leech|p2a: Eelektross\n|-damage|p2a: Eelektross|48/100\n|-heal|p1a: Gogoat|360/360|[from] drain|[of] p2a: Eelektross\n|move|p2a: Eelektross|Coil|p2a: Eelektross\n|-boost|p2a: Eelektross|atk|1\n|-boost|p2a: Eelektross|def|1\n|-boost|p2a: Eelektross|accuracy|1\n|\n|-heal|p2a: Eelektross|55/100|[from] item: Leftovers\n|upkeep\n|turn|10\n|inactive|Time left: 300 sec this turn | 300 sec total\n|\n|t:|1783542545\n|move|p1a: Gogoat|Bulk Up|p1a: Gogoat\n|-boost|p1a: Gogoat|atk|1\n|-boost|p1a: Gogoat|def|1\n|move|p2a: Eelektross|Coil|p2a: Eelektross\n|-boost|p2a: Eelektross|atk|1\n|-boost|p2a: Eelektross|def|1\n|-boost|p2a: Eelektross|accuracy|1\n|\n|-heal|p2a: Eelektross|61/100|[from] item: Leftovers\n|upkeep\n|turn|11\n|inactive|Time left: 300 sec this turn | 300 sec total\n|\n|t:|1783542546\n|move|p1a: Gogoat|Horn Leech|p2a: Eelektross\n|-damage|p2a: Eelektross|29/100\n|move|p2a: Eelektross|Coil|p2a: Eelektross\n|-boost|p2a: Eelektross|atk|1\n|-boost|p2a: Eelektross|def|1\n|-boost|p2a: Eelektross|accuracy|1\n|\n|-heal|p2a: Eelektross|35/100|[from] item: Leftovers\n|upkeep\n|turn|12\n|inactive|Time left: 300 sec this turn | 300 sec total\n|\n|t:|1783542548\n|move|p1a: Gogoat|Horn Leech|p2a: Eelektross\n|-damage|p2a: Eelektross|8/100\n|move|p2a: Eelektross|Drain Punch|p1a: Gogoat\n|-crit|p1a: Gogoat\n|-damage|p1a: Gogoat|56/360\n|-heal|p2a: Eelektross|60/100|[from] drain|[of] p1a: Gogoat\n|\n|-heal|p1a: Gogoat|78/360|[from] item: Leftovers\n|-heal|p2a: Eelektross|66/100|[from] item: Leftovers\n|upkeep\n|turn|13\n|inactive|Time left: 300 sec this turn | 300 sec total\n|\n|t:|1783542549\n|move|p1a: Gogoat|Milk Drink|p1a: Gogoat\n|-heal|p1a: Gogoat|258/360\n|move|p2a: Eelektross|Fire Punch|p1a: Gogoat\n|-supereffective|p1a: Gogoat\n|-damage|p1a: Gogoat|48/360\n|\n|-heal|p1a: Gogoat|70/360|[from] item: Leftovers\n|-heal|p2a: Eelektross|73/100|[from] item: Leftovers\n|upkeep\n|turn|14\n|inactive|Time left: 300 sec this turn | 300 sec total\n|\n|t:|1783542550\n|move|p1a: Gogoat|Milk Drink|p1a: Gogoat\n|-heal|p1a: Gogoat|250/360\n|move|p2a: Eelektross|Fire Punch|p1a: Gogoat\n|-supereffective|p1a: Gogoat\n|-damage|p1a: Gogoat|48/360\n|\n|-heal|p1a: Gogoat|70/360|[from] item: Leftovers\n|-heal|p2a: Eelektross|79/100|[from] item: Leftovers\n|upkeep\n|turn|15\n|inactive|Time left: 300 sec this turn | 300 sec total\n|\n|t:|1783542551\n|move|p1a: Gogoat|Milk Drink|p1a: Gogoat\n|-heal|p1a: Gogoat|250/360\n|move|p2a: Eelektross|Fire Punch|p1a: Gogoat\n|-supereffective|p1a: Gogoat\n|-damage|p1a: Gogoat|44/360\n|\n|-heal|p1a: Gogoat|66/360|[from] item: Leftovers\n|-heal|p2a: Eelektross|85/100|[from] item: Leftovers\n|upkeep\n|turn|16\n|inactive|Time left: 300 sec this turn | 300 sec total\n|\n|t:|1783542552\n|move|p1a: Gogoat|Milk Drink|p1a: Gogoat\n|-heal|p1a: Gogoat|246/360\n|move|p2a: Eelektross|Fire Punch|p1a: Gogoat\n|-supereffective|p1a: Gogoat\n|-damage|p1a: Gogoat|48/360\n|\n|-heal|p1a: Gogoat|70/360|[from] item: Leftovers\n|-heal|p2a: Eelektross|91/100|[from] item: Leftovers\n|upkeep\n|turn|17\n|inactive|Time left: 300 sec this turn | 300 sec total\n|\n|t:|1783542554\n|move|p1a: Gogoat|Milk Drink|p1a: Gogoat\n|-heal|p1a: Gogoat|250/360\n|move|p2a: Eelektross|Fire Punch|p1a: Gogoat\n|-supereffective|p1a: Gogoat\n|-damage|p1a: Gogoat|56/360\n|\n|-heal|p1a: Gogoat|78/360|[from] item: Leftovers\n|-heal|p2a: Eelektross|97/100|[from] item: Leftovers\n|upkeep\n|turn|18\n|inactive|Time left: 300 sec this turn | 300 sec total\n|\n|t:|1783542555\n|move|p1a: Gogoat|Milk Drink|p1a: Gogoat\n|-heal|p1a: Gogoat|258/360\n|move|p2a: Eelektross|Fire Punch|p1a: Gogoat\n|-supereffective|p1a: Gogoat\n|-damage|p1a: Gogoat|48/360\n|\n|-heal|p1a: Gogoat|70/360|[from] item: Leftovers\n|-heal|p2a: Eelektross|100/100|[from] item: Leftovers\n|upkeep\n|turn|19\n|inactive|Time left: 300 sec this turn | 300 sec total\n|\n|t:|1783542556\n|move|p1a: Gogoat|Milk Drink|p1a: Gogoat\n|-heal|p1a: Gogoat|250/360\n|move|p2a: Eelektross|Fire Punch|p1a: Gogoat\n|-supereffective|p1a: Gogoat\n|-damage|p1a: Gogoat|56/360\n|-status|p1a: Gogoat|brn\n|\n|-heal|p1a: Gogoat|78/360 brn|[from] item: Leftovers\n|-damage|p1a: Gogoat|56/360 brn|[from] brn\n|upkeep\n|turn|20\n|inactive|Time left: 300 sec this turn | 300 sec total\n|\n|t:|1783542557\n|move|p1a: Gogoat|Milk Drink|p1a: Gogoat\n|-heal|p1a: Gogoat|236/360 brn\n|move|p2a: Eelektross|Fire Punch|p1a: Gogoat\n|-supereffective|p1a: Gogoat\n|-damage|p1a: Gogoat|46/360 brn\n|\n|-heal|p1a: Gogoat|68/360 brn|[from] item: Leftovers\n|-damage|p1a: Gogoat|46/360 brn|[from] brn\n|upkeep\n|turn|21\n|inactive|Time left: 300 sec this turn | 300 sec total\n|\n|t:|1783542558\n|move|p1a: Gogoat|Bulk Up|p1a: Gogoat\n|-boost|p1a: Gogoat|atk|1\n|-boost|p1a: Gogoat|def|1\n|move|p2a: Eelektross|Fire Punch|p1a: Gogoat\n|-supereffective|p1a: Gogoat\n|-damage|p1a: Gogoat|0 fnt\n|faint|p1a: Gogoat\n|\n|upkeep\n|inactive|Time left: 300 sec this turn | 300 sec total | 5 sec grace\n|\n|t:|1783542559\n|switch|p1a: Inteleon|Inteleon, L81, M|246/246\n|-damage|p1a: Inteleon|205/246|[from] Spikes\n|turn|22\n|inactive|Time left: 300 sec this turn | 300 sec total\n|\n|t:|1783542560\n|-terastallize|p1a: Inteleon|Water\n|move|p1a: Inteleon|Hydro Pump|p2a: Eelektross\n|-damage|p2a: Eelektross|8/100\n|move|p2a: Eelektross|Drain Punch|p1a: Inteleon\n|-damage|p1a: Inteleon|0 fnt\n|-heal|p2a: Eelektross|44/100|[from] drain|[of] p1a: Inteleon\n|faint|p1a: Inteleon\n|\n|-heal|p2a: Eelektross|50/100|[from] item: Leftovers\n|upkeep\n|inactive|Time left: 300 sec this turn | 300 sec total | 5 sec grace\n|\n|t:|1783542561\n|switch|p1a: Wigglytuff|Wigglytuff, L96, M|424/424\n|-damage|p1a: Wigglytuff|354/424|[from] Spikes\n|turn|23\n|inactive|Time left: 300 sec this turn | 300 sec total\n|\n|t:|1783542561\n|move|p1a: Wigglytuff|Protect|p1a: Wigglytuff\n|-singleturn|p1a: Wigglytuff|Protect\n|move|p2a: Eelektross|Drain Punch|p1a: Wigglytuff\n|-activate|p1a: Wigglytuff|move: Protect\n|\n|-heal|p1a: Wigglytuff|380/424|[from] item: Leftovers\n|-heal|p2a: Eelektross|56/100|[from] item: Leftovers\n|upkeep\n|turn|24\n|inactive|Time left: 300 sec this turn | 300 sec total\n|\n|t:|1783542562\n|move|p1a: Wigglytuff|Protect||[still]\n|-fail|p1a: Wigglytuff\n|move|p2a: Eelektross|Drain Punch|p1a: Wigglytuff\n|-damage|p1a: Wigglytuff|154/424\n|-heal|p2a: Eelektross|95/100|[from] drain|[of] p1a: Wigglytuff\n|\n|-heal|p1a: Wigglytuff|180/424|[from] item: Leftovers\n|-heal|p2a: Eelektross|100/100|[from] item: Leftovers\n|upkeep\n|turn|25\n|inactive|Time left: 300 sec this turn | 300 sec total\n|\n|t:|1783542564\n|move|p1a: Wigglytuff|Protect|p1a: Wigglytuff\n|-singleturn|p1a: Wigglytuff|Protect\n|move|p2a: Eelektross|Drain Punch|p1a: Wigglytuff\n|-activate|p1a: Wigglytuff|move: Protect\n|\n|-heal|p1a: Wigglytuff|206/424|[from] item: Leftovers\n|upkeep\n|turn|26\n|inactive|Time left: 300 sec this turn | 300 sec total\n|\n|t:|1783542565\n|move|p1a: Wigglytuff|Protect|p1a: Wigglytuff\n|-singleturn|p1a: Wigglytuff|Protect\n|move|p2a: Eelektross|Drain Punch|p1a: Wigglytuff\n|-activate|p1a: Wigglytuff|move: Protect\n|\n|-heal|p1a: Wigglytuff|232/424|[from] item: Leftovers\n|upkeep\n|turn|27\n|inactive|Time left: 300 sec this turn | 300 sec total\n|\n|t:|1783542566\n|move|p1a: Wigglytuff|Knock Off|p2a: Eelektross\n|-damage|p2a: Eelektross|90/100\n|-enditem|p2a: Eelektross|Leftovers|[from] move: Knock Off|[of] p1a: Wigglytuff\n|move|p2a: Eelektross|Supercell Slam|p1a: Wigglytuff\n|-damage|p1a: Wigglytuff|0 fnt\n|faint|p1a: Wigglytuff\n|\n|upkeep\n|inactive|Time left: 300 sec this turn | 300 sec total | 5 sec grace\n|\n|t:|1783542567\n|switch|p1a: Dudunsparce|Dudunsparce-Three-Segment, L83, F, shiny|343/343\n|-damage|p1a: Dudunsparce|286/343|[from] Spikes\n|turn|28\n|inactive|Time left: 300 sec this turn | 300 sec total\n|\n|t:|1783542568\n|-terastallize|p2a: Eelektross|Fighting\n|move|p1a: Dudunsparce|Headbutt|p2a: Eelektross\n|-damage|p2a: Eelektross|79/100\n|move|p2a: Eelektross|Drain Punch|p1a: Dudunsparce\n|-supereffective|p1a: Dudunsparce\n|-damage|p1a: Dudunsparce|0 fnt\n|-heal|p2a: Eelektross|100/100|[from] drain|[of] p1a: Dudunsparce\n|faint|p1a: Dudunsparce\n|\n|upkeep\n|inactive|Time left: 300 sec this turn | 300 sec total | 5 sec grace\n|\n|t:|1783542569\n|switch|p1a: Arcanine|Arcanine-Hisui, L79, F|280/280\n|turn|29\n|inactive|Time left: 300 sec this turn | 300 sec total\n|\n|t:|1783542570\n|move|p1a: Arcanine|Flare Blitz|p2a: Eelektross\n|-damage|p2a: Eelektross|80/100\n|move|p2a: Eelektross|Drain Punch|p1a: Arcanine\n|-supereffective|p1a: Arcanine\n|-damage|p1a: Arcanine|0 fnt\n|-heal|p2a: Eelektross|100/100|[from] drain|[of] p1a: Arcanine\n|faint|p1a: Arcanine\n|\n|win|p0y297bfd7", "uploadtime": 1783542570, "views": 0, "rating": 0, "private": 0, "password": null, "_winner": "p0y297bfd7", "_our_name": "p0x2975989"}