{"id": "battle-gen9randombattle-15", "formatid": "gen9randombattle", "format": "[Gen 9] Random Battle", "players": ["p0x015f9bf", "p0y015edbd"], "log": "|init|battle\n|title|p0x015f9bf vs. p0y015edbd\n|j|\u2606p0x015f9bf\n|j|\u2606p0y015edbd\n|t:|1783539582\n|gametype|singles\n|player|p1|p0x015f9bf|1|\n|player|p2|p0y015edbd|101|\n|gen|9\n|tier|[Gen 9] Random Battle\n|rule|Species Clause: Limit one of each Pok\u00e9mon\n|rule|HP Percentage Mod: HP is shown in percentages\n|rule|Sleep Clause Mod: Limit one foe put to sleep\n|rule|Illusion Level Mod: Illusion disguises the Pok\u00e9mon's true level\n|\n|t:|1783539582\n|teamsize|p1|6\n|teamsize|p2|6\n|start\n|switch|p1a: Blastoise|Blastoise, L80, F|100/100\n|switch|p2a: Jumpluff|Jumpluff, L87, M|271/271\n|turn|1\n|inactive|Battle timer is ON: inactive players will automatically lose when time's up. (requested by p0x015f9bf)\n|inactive|Time left: 300 sec this turn | 300 sec total | 60 sec grace\n|\n|t:|1783539584\n|move|p2a: Jumpluff|Leech Seed|p1a: Blastoise|[miss]\n|-miss|p2a: Jumpluff|p1a: Blastoise\n|move|p1a: Blastoise|Shell Smash|p1a: Blastoise\n|-unboost|p1a: Blastoise|def|1\n|-unboost|p1a: Blastoise|spd|1\n|-boost|p1a: Blastoise|atk|2\n|-boost|p1a: Blastoise|spa|2\n|-boost|p1a: Blastoise|spe|2\n|-enditem|p1a: Blastoise|White Herb\n|-clearnegativeboost|p1a: Blastoise|[silent]\n|\n|upkeep\n|turn|2\n|inactive|Time left: 300 sec this turn | 300 sec total\n|inactive|p0y015edbd also wants the timer to be on.\n|\n|t:|1783539586\n|switch|p2a: Stantler|Stantler, L92, F|284/284\n|-ability|p2a: Stantler|Intimidate|boost\n|-unboost|p1a: Blastoise|atk|1\n|move|p1a: Blastoise|Ice Beam|p2a: Stantler\n|-damage|p2a: Stantler|202/284\n|\n|upkeep\n|turn|3\n|inactive|Time left: 300 sec this turn | 300 sec total\n|\n|t:|1783539587\n|move|p1a: Blastoise|Ice Beam|p2a: Stantler\n|-damage|p2a: Stantler|124/284\n|move|p2a: Stantler|Calm Mind|p2a: Stantler\n|-boost|p2a: Stantler|spa|1\n|-boost|p2a: Stantler|spd|1\n|\n|upkeep\n|turn|4\n|inactive|Time left: 300 sec this turn | 300 sec total\n|\n|t:|1783539588\n|move|p1a: Blastoise|Ice Beam|p2a: Stantler\n|-damage|p2a: Stantler|74/284\n|move|p2a: Stantler|Tera Blast|p1a: Blastoise\n|-damage|p1a: Blastoise|54/100\n|\n|upkeep\n|turn|5\n|inactive|Time left: 300 sec this turn | 300 sec total\n|\n|t:|1783539589\n|move|p1a: Blastoise|Ice Beam|p2a: Stantler\n|-damage|p2a: Stantler|15/284\n|move|p2a: Stantler|Tera Blast|p1a: Blastoise\n|-damage|p1a: Blastoise|4/100\n|\n|upkeep\n|turn|6\n|inactive|Time left: 300 sec this turn | 300 sec total\n|\n|t:|1783539590\n|switch|p2a: Dewgong|Dewgong, L94, F|322/322\n|move|p1a: Blastoise|Ice Beam|p2a: Dewgong\n|-resisted|p2a: Dewgong\n|-damage|p2a: Dewgong|314/322\n|\n|upkeep\n|turn|7\n|inactive|Time left: 300 sec this turn | 300 sec total\n|\n|t:|1783539592\n|move|p1a: Blastoise|Hydro Pump|p2a: Dewgong\n|-resisted|p2a: Dewgong\n|-damage|p2a: Dewgong|230/322\n|move|p2a: Dewgong|Surf|p1a: Blastoise\n|-resisted|p1a: Blastoise\n|-damage|p1a: Blastoise|0 fnt\n|faint|p1a: Blastoise\n|\n|upkeep\n|\n|t:|1783539593\n|switch|p1a: Zamazenta|Zamazenta, L71|100/100\n|-ability|p1a: Zamazenta|Dauntless Shield|boost\n|-boost|p1a: Zamazenta|def|1\n|turn|8\n|inactive|Time left: 300 sec this turn | 300 sec total\n|\n|t:|1783539595\n|switch|p2a: Jumpluff|Jumpluff, L87, M|271/271\n|move|p1a: Zamazenta|Close Combat|p2a: Jumpluff\n|-resisted|p2a: Jumpluff\n|-damage|p2a: Jumpluff|172/271\n|-unboost|p1a: Zamazenta|def|1\n|-unboost|p1a: Zamazenta|spd|1\n|\n|upkeep\n|turn|9\n|inactive|Time left: 300 sec this turn | 300 sec total\n|\n|t:|1783539596\n|move|p2a: Jumpluff|Strength Sap|p1a: Zamazenta\n|-unboost|p1a: Zamazenta|atk|1\n|-heal|p2a: Jumpluff|271/271\n|move|p1a: Zamazenta|Close Combat|p2a: Jumpluff\n|-resisted|p2a: Jumpluff\n|-damage|p2a: Jumpluff|209/271\n|-unboost|p1a: Zamazenta|def|1\n|-unboost|p1a: Zamazenta|spd|1\n|\n|upkeep\n|turn|10\n|inactive|Time left: 300 sec this turn | 300 sec total\n|\n|t:|1783539597\n|switch|p1a: Dodrio|Dodrio, L85, M|100/100\n|move|p2a: Jumpluff|Leech Seed|p1a: Dodrio\n|-start|p1a: Dodrio|move: Leech Seed\n|\n|-damage|p1a: Dodrio|88/100|[from] Leech Seed|[of] p2a: Jumpluff\n|-heal|p2a: Jumpluff|239/271|[silent]\n|upkeep\n|turn|11\n|inactive|Time left: 300 sec this turn | 300 sec total\n|\n|t:|1783539598\n|switch|p1a: Zamazenta|Zamazenta, L71|100/100\n|move|p2a: Jumpluff|Strength Sap|p1a: Zamazenta\n|-unboost|p1a: Zamazenta|atk|1\n|-heal|p2a: Jumpluff|271/271\n|\n|upkeep\n|turn|12\n|inactive|Time left: 300 sec this turn | 300 sec total\n|\n|t:|1783539599\n|move|p2a: Jumpluff|Acrobatics|p1a: Zamazenta\n|-supereffective|p1a: Zamazenta\n|-damage|p1a: Zamazenta|37/100\n|move|p1a: Zamazenta|Stone Edge|p2a: Jumpluff\n|-supereffective|p2a: Jumpluff\n|-damage|p2a: Jumpluff|135/271\n|\n|upkeep\n|turn|13\n|inactive|Time left: 300 sec this turn | 300 sec total\n|\n|t:|1783539600\n|move|p2a: Jumpluff|Strength Sap|p1a: Zamazenta\n|-unboost|p1a: Zamazenta|atk|1\n|-heal|p2a: Jumpluff|271/271\n|move|p1a: Zamazenta|Stone Edge|p2a: Jumpluff|[miss]\n|-miss|p1a: Zamazenta|p2a: Jumpluff\n|\n|upkeep\n|turn|14\n|inactive|Time left: 300 sec this turn | 300 sec total\n|\n|t:|1783539602\n|switch|p1a: Dodrio|Dodrio, L85, M|88/100\n|move|p2a: Jumpluff|Acrobatics|p1a: Dodrio\n|-damage|p1a: Dodrio|48/100\n|\n|upkeep\n|turn|15\n|inactive|Time left: 300 sec this turn | 300 sec total\n|\n|t:|1783539603\n|move|p2a: Jumpluff|Acrobatics|p1a: Dodrio\n|-damage|p1a: Dodrio|7/100\n|move|p1a: Dodrio|Brave Bird|p2a: Jumpluff\n|-supereffective|p2a: Jumpluff\n|-damage|p2a: Jumpluff|0 fnt\n|faint|p2a: Jumpluff\n|-damage|p1a: Dodrio|0 fnt|[from] Recoil\n|faint|p1a: Dodrio\n|\n|upkeep\n|inactive|Time left: 300 sec this turn | 300 sec total | 5 sec grace\n|\n|t:|1783539604\n|switch|p2a: Zamazenta|Zamazenta-Crowned, L68|238/238\n|switch|p1a: Zamazenta|Zamazenta, L71|37/100\n|-ability|p2a: Zamazenta|Dauntless Shield|boost\n|-boost|p2a: Zamazenta|def|1\n|turn|16\n|inactive|Time left: 300 sec this turn | 300 sec total\n|\n|t:|1783539605\n|move|p1a: Zamazenta|Close Combat|p2a: Zamazenta\n|-supereffective|p2a: Zamazenta\n|-damage|p2a: Zamazenta|44/238\n|-unboost|p1a: Zamazenta|def|1\n|-unboost|p1a: Zamazenta|spd|1\n|move|p2a: Zamazenta|Body Press|p1a: Zamazenta\n|-damage|p1a: Zamazenta|0 fnt\n|faint|p1a: Zamazenta\n|\n|upkeep\n|\n|t:|1783539606\n|switch|p1a: Meowscarada|Meowscarada, L78, F|100/100\n|turn|17\n|inactive|Time left: 300 sec this turn | 300 sec total\n|\n|t:|1783539607\n|switch|p2a: Stantler|Stantler, L92, F|15/284\n|-ability|p2a: Stantler|Intimidate|boost\n|-unboost|p1a: Meowscarada|atk|1\n|move|p1a: Meowscarada|Flower Trick|p2a: Stantler\n|-start|p1a: Meowscarada|typechange|Grass|[from] ability: Protean\n|-crit|p2a: Stantler\n|-damage|p2a: Stantler|0 fnt\n|faint|p2a: Stantler\n|-damage|p1a: Meowscarada|91/100|[from] item: Life Orb\n|\n|upkeep\n|inactive|Time left: 300 sec this turn | 300 sec total | 5 sec grace\n|\n|t:|1783539608\n|switch|p2a: Uxie|Uxie, L83|260/260\n|turn|18\n|inactive|Time left: 300 sec this turn | 300 sec total\n|\n|t:|1783539608\n|switch|p1a: Lumineon|Lumineon, L93, M|100/100\n|move|p2a: Uxie|U-turn|p1a: Lumineon\n|-damage|p1a: Lumineon|87/100\n|inactive|Time left: 300 sec this turn | 300 sec total | 5 sec grace\n|\n|t:|1783539609\n|switch|p2a: Dewgong|Dewgong, L94, F|230/322|[from] U-turn\n|\n|upkeep\n|turn|19\n|inactive|Time left: 300 sec this turn | 300 sec total\n|\n|t:|1783539611\n|move|p1a: Lumineon|Alluring Voice|p2a: Dewgong\n|-damage|p2a: Dewgong|186/322\n|-damage|p1a: Lumineon|77/100|[from] item: Life Orb\n|move|p2a: Dewgong|Knock Off|p1a: Lumineon\n|-damage|p1a: Lumineon|50/100\n|-enditem|p1a: Lumineon|Life Orb|[from] move: Knock Off|[of] p2a: Dewgong\n|\n|upkeep\n|turn|20\n|inactive|Time left: 300 sec this turn | 300 sec total\n|\n|t:|1783539612\n|move|p1a: Lumineon|Hydro Pump|p2a: Dewgong\n|-resisted|p2a: Dewgong\n|-damage|p2a: Dewgong|153/322\n|move|p2a: Dewgong|Ice Beam|p1a: Lumineon\n|-resisted|p1a: Lumineon\n|-damage|p1a: Lumineon|34/100\n|\n|upkeep\n|turn|21\n|inactive|Time left: 300 sec this turn | 300 sec total\n|\n|t:|1783539613\n|move|p1a: Lumineon|Hydro Pump|p2a: Dewgong\n|-resisted|p2a: Dewgong\n|-damage|p2a: Dewgong|123/322\n|move|p2a: Dewgong|Ice Beam|p1a: Lumineon\n|-resisted|p1a: Lumineon\n|-damage|p1a: Lumineon|19/100\n|\n|upkeep\n|turn|22\n|inactive|Time left: 300 sec this turn | 300 sec total\n|\n|t:|1783539614\n|move|p1a: Lumineon|Hydro Pump|p2a: Dewgong|[miss]\n|-miss|p1a: Lumineon|p2a: Dewgong\n|move|p2a: Dewgong|Ice Beam|p1a: Lumineon\n|-resisted|p1a: Lumineon\n|-damage|p1a: Lumineon|3/100\n|-status|p1a: Lumineon|frz\n|\n|upkeep\n|turn|23\n|inactive|Time left: 300 sec this turn | 300 sec total\n|\n|t:|1783539615\n|cant|p1a: Lumineon|frz\n|move|p2a: Dewgong|Ice Beam|p1a: Lumineon\n|-resisted|p1a: Lumineon\n|-damage|p1a: Lumineon|0 fnt\n|faint|p1a: Lumineon\n|\n|upkeep\n|\n|t:|1783539617\n|switch|p1a: Meowscarada|Meowscarada, L78, F|91/100\n|turn|24\n|inactive|Time left: 300 sec this turn | 300 sec total\n|\n|t:|1783539618\n|move|p1a: Meowscarada|Flower Trick|p2a: Dewgong\n|-start|p1a: Meowscarada|typechange|Grass|[from] ability: Protean\n|-supereffective|p2a: Dewgong\n|-crit|p2a: Dewgong\n|-damage|p2a: Dewgong|0 fnt\n|faint|p2a: Dewgong\n|-damage|p1a: Meowscarada|81/100|[from] item: Life Orb\n|\n|upkeep\n|inactive|Time left: 300 sec this turn | 300 sec total | 5 sec grace\n|\n|t:|1783539618\n|switch|p2a: Uxie|Uxie, L83|260/260\n|turn|25\n|inactive|Time left: 300 sec this turn | 300 sec total\n|\n|t:|1783539619\n|move|p1a: Meowscarada|Knock Off|p2a: Uxie\n|-supereffective|p2a: Uxie\n|-damage|p2a: Uxie|125/260\n|-enditem|p2a: Uxie|Leftovers|[from] move: Knock Off|[of] p1a: Meowscarada\n|-damage|p1a: Meowscarada|71/100|[from] item: Life Orb\n|move|p2a: Uxie|U-turn|p1a: Meowscarada\n|-supereffective|p1a: Meowscarada\n|-damage|p1a: Meowscarada|28/100\n|inactive|Time left: 300 sec this turn | 300 sec total | 5 sec grace\n|\n|t:|1783539620\n|switch|p2a: Plusle|Plusle, L95, M|268/268|[from] U-turn\n|\n|upkeep\n|turn|26\n|inactive|Time left: 300 sec this turn | 300 sec total\n|\n|t:|1783539621\n|move|p1a: Meowscarada|Flower Trick|p2a: Plusle\n|-crit|p2a: Plusle\n|-damage|p2a: Plusle|64/268\n|-damage|p1a: Meowscarada|19/100|[from] item: Life Orb\n|move|p2a: Plusle|Thunderbolt|p1a: Meowscarada\n|-resisted|p1a: Meowscarada\n|-damage|p1a: Meowscarada|0 fnt\n|faint|p1a: Meowscarada\n|-damage|p2a: Plusle|38/268|[from] item: Life Orb\n|\n|upkeep\n|\n|t:|1783539622\n|switch|p1a: Mienshao|Mienshao, L83, M|100/100\n|turn|27\n|inactive|Time left: 300 sec this turn | 300 sec total\n|\n|t:|1783539623\n|-terastallize|p2a: Plusle|Electric\n|move|p1a: Mienshao|Fake Out|p2a: Plusle\n|-damage|p2a: Plusle|0 fnt\n|faint|p2a: Plusle\n|\n|upkeep\n|inactive|Time left: 300 sec this turn | 300 sec total | 5 sec grace\n|\n|t:|1783539624\n|switch|p2a: Uxie|Uxie, L83|125/260\n|turn|28\n|inactive|Time left: 300 sec this turn | 300 sec total\n|\n|t:|1783539625\n|-terastallize|p1a: Mienshao|Dark\n|move|p1a: Mienshao|Knock Off|p2a: Uxie\n|-supereffective|p2a: Uxie\n|-damage|p2a: Uxie|5/260\n|move|p2a: Uxie|Encore|p1a: Mienshao\n|-start|p1a: Mienshao|Encore\n|\n|upkeep\n|turn|29\n|inactive|Time left: 300 sec this turn | 300 sec total\n|\n|t:|1783539626\n|move|p1a: Mienshao|Knock Off|p2a: Uxie\n|-supereffective|p2a: Uxie\n|-crit|p2a: Uxie\n|-damage|p2a: Uxie|0 fnt\n|faint|p2a: Uxie\n|\n|upkeep\n|inactive|Time left: 300 sec this turn | 300 sec total | 5 sec grace\n|\n|t:|1783539627\n|switch|p2a: Zamazenta|Zamazenta-Crowned, L68|44/238\n|turn|30\n|inactive|Time left: 300 sec this turn | 300 sec total\n|\n|t:|1783539628\n|move|p1a: Mienshao|Knock Off|p2a: Zamazenta\n|-resisted|p2a: Zamazenta\n|-damage|p2a: Zamazenta|8/238\n|move|p2a: Zamazenta|Body Press|p1a: Mienshao\n|-supereffective|p1a: Mienshao\n|-damage|p1a: Mienshao|19/100\n|\n|upkeep\n|turn|31\n|inactive|Time left: 300 sec this turn | 300 sec total\n|\n|t:|1783539629\n|move|p1a: Mienshao|Knock Off|p2a: Zamazenta\n|-resisted|p2a: Zamazenta\n|-damage|p2a: Zamazenta|0 fnt\n|faint|p2a: Zamazenta\n|\n|win|p0x015f9bf", "uploadtime": 1783539629, "views": 0, "rating": 0, "private": 0, "password": null, "_winner": "p0x015f9bf", "_our_name": "p0y015edbd"}